4166 6466
572 412 633 469 ll
698 436 701 437 ν
1563 400 1621 457 S.
1658 397 1933 455 CYRIILI
1966 395 2165 455 ALEXi

2273 390 2436 453 )RIM
2470 380 2789 449 AR'ClllEP.
3749 386 3815 445 ιε

573 525 748 583 sauris
769 521 1026 588 condunt,
1050 518 1235 588 sicque
1262 515 1496 587 gaudent
1518 516 1569 569 in
1600 514 1665 568 iis
1690 529 1808 583 quae
1832 527 1896 567 ex
1921 512 2137 566 solertia

2271 528 2437 572 ενται,
2492 508 2584 560 καὶ
2631 507 2749 558 λίαν
2795 504 3084 573 ἀσμένωςο
3133 505 3225 556 καὶ
3255 505 3365 566 τοῖς
3418 502 3676 555 ἐσωτάτω
3719 500 3817 571 τῆς

574 613 909 683 collegerint,
937 619 997 664 ut
1024 608 1114 663 alii
1154 608 1370 675 quidam
1400 603 1689 658 saeculares
1723 617 1845 654 cum
1878 601 1959 653 vel
1996 600 2138 654 ludi-

2245 600 2448 654 ἑαυτῶν
2482 598 2659 668 ψυχῆς
2700 595 3107 649 ἱναποκλείουσι
3145 593 3435 664 θησαυροῖς
3456 611 3470 624 ο
3498 594 3818 660 ὲπιγάννυνο

572 724 665 764 cas
694 718 934 776 gemmas
981 700 1064 756 vel
1088 714 1277 754 aurum
1313 696 1470 751 avide
1492 694 1851 755 cumularunt,
1879 693 1989 747 imo
2014 705 2141 745 vero

2271 705 2333 742 ἀι
2357 688 2412 740 δὲ
2450 685 2592 739 οὕτω
2621 686 2732 747 τοῖς
2768 685 2826 750 ἐξ
2851 683 3116 753 εὐμαθίας
3139 683 3595 752 συνειλεγμένοις,
3621 682 3820 735 ὡσανεὶ

575 800 741 853 multo
770 794 939 866 magis
981 811 992 847 :
1029 789 1410 846 «Praestantior
1444 785 1583 841 enim
1615 792 1696 838 est
1717 783 1978 852 sapientia
2014 781 2143 849 lapi-

575 891 732 943 dibus
768 884 1046 957 pretiosis,
1082 892 1136 939 et
1180 894 1340 935 omne
1365 878 1620 932 eximium
1656 890 1763 930 non
1799 883 1880 928 est
1929 872 2018 927 illa
2062 872 2144 925 di-

576 995 792 1047 gnum,»
818 977 958 1031 sicut
980 974 1239 1045 scriptum
1276 978 1361 1025 est
1380 968 1419 1023 ⁸.
1459 969 1721 1037 Oportere
1751 975 1929 1020 autem
1951 978 2145 1020 censeo

579 1068 851 1136 sapientes
900 1066 1050 1118 viros
1090 1072 1145 1117 et
1191 1060 1440 1122 solertes,
1477 1072 1540 1112 ac
1590 1057 1891 1111 divinorum
1932 1054 2146 1122 dogma-

580 1171 692 1214 tum
734 1158 959 1228 peritos,
991 1154 1109 1221 ejus
1134 1160 1435 1222 opportune
1463 1147 1775 1201 meminisse
1803 1147 1855 1214 2
1879 1145 2019 1214 quod
2065 1153 2147 1198 est

579 1266 608 1303 a
637 1249 868 1319 quodam
898 1261 928 1301 e
958 1244 1161 1300 sanctis
1192 1239 1473 1311 discipulis
1508 1238 1770 1307 scriptum
1806 1254 1818 1290 :
1851 1255 1869 1287 ι
1899 1234 2143 1301 Fratres,

579 1339 802 1409 probate
845 1335 1073 1407 spiritus
1115 1331 1159 1388 si
1189 1346 1254 1386 ex
1284 1330 1395 1386 Deo
1430 1330 1621 1385 sunt”.
1652 1345 1671 1378 ›
1710 1326 1905 1381 Beatus
1934 1338 2147 1394 quoque

580 1432 781 1486 l'aulus
807 1431 1037 1484 donatas
1065 1439 1185 1481 esse
1218 1423 1422 1479 sanctis
1448 1420 1756 1476 hominibus
1782 1420 1912 1473 dicit
1942 1418 2148 1472 discre-

582 1524 756 1578 tiones
780 1520 1064 1591 spirituum
1084 1514 1325 1570 “.Nam
1356 1512 1448 1583 qui
1478 1513 1681 1578 dicunt,
1700 1506 2147 1571 Dominuslesus,

581 1615 635 1670 id
677 1627 782 1669 non
838 1610 993 1663 aliter
1026 1619 1186 1675 quam
1234 1617 1329 1671 per
1376 1600 1634 1671 Spiritum
1687 1607 1931 1653 sanctum
1962 1597 2150 1666 utique

585 1709 765 1762 dicent
794 1717 809 1756 :
840 1710 897 1755 at
922 1713 1051 1753 vero
1076 1697 1165 1766 qui
1190 1710 1253 1750 ex
1288 1691 1559 1763 imperitia
1580 1689 1947 1759 blasphemam
1976 1687 2029 1741 in
2058 1700 2151 1741 eos

585 1798 825 1867 linguam
869 1792 1073 1855 laxant,
1110 1795 1166 1841 et
1194 1785 1302 1839 illis
1329 1782 1454 1853 quia
1489 1790 1636 1836 recte
1671 1793 1864 1849 sapere
1893 1778 2151 1831 decreve-

2245 798 2337 834 κα.
2376 796 2522 841 τινες
2555 776 2732 847 ἕτεροι
2766 777 2874 827 τῶν
2908 775 3052 829 κατά
3085 776 3178 829 τὸν
3221 774 3356 844 βίον,
3396 774 3429 843 ἢ
3460 772 3641 837 λίθους
3671 772 3820 836 τινάς

2258 871 2483 933 Ἰνδικὰς
2513 870 2548 940 ἢ
2594 868 2791 940 χρυσὸν
2833 865 3127 936 ἀπλήστως
3161 864 3651 934 συναγηγερκότες,
3689 862 3822 933 μᾶλ-

2246 962 2336 1015 λον
2367 961 2447 1024 δὲ,
2470 962 2567 1014 καὶ
2595 960 2675 1013 ἔτι
2707 957 3302 1031 μειζόνως·ιΚρεῖσσον
3332 955 3441 1026 γὰρ
3475 955 3637 1023 σοφία
3661 953 3823 1007 λίθων

2247 1050 2553 1104 πολυτελῶν
2572 1066 2588 1084 ο
2611 1050 2721 1103 πᾶν
2755 1049 2813 1102 δὲ
2855 1047 3056 1119 τίμιον,
3096 1048 3197 1100 οὐκ
3226 1046 3375 1110 ἀξιον
3400 1045 3594 1115 αὐτῆς,
3625 1063 3644 1097 ι
3680 1046 3822 1099 καθά

2248 1144 2577 1213 γέγραπται.
2607 1141 2821 1211 Χρῆναι
2841 1140 2897 1193 δέ
2925 1156 3068 1210 φημι
3093 1139 3239 1202 τοῦς,
3264 1138 3422 1207 οἵπερ
3442 1137 3507 1191 ἂν
3539 1139 3691 1206 σοφοὶ⁵
3710 1135 3820 1208 [Ῐσ.

2250 1228 2351 1287 ὦσι
2379 1230 2578 1303 σοφοὶ],
2612 1231 2708 1285 καὶ
2734 1231 3006 1301 ἀγχίνοοι,
3038 1229 3136 1283 καὶ
3188 1228 3297 1282 τῶν
3336 1228 3496 1281 θείων
3540 1226 3826 1297 δογμάτων

2249 1324 2655 1394 ἐπιστήμονες,
2702 1320 3107 1393 διαμεμνῆσθαι
3150 1320 3440 1391 χρησίμως
3487 1318 3826 1387 γεγραφότος

2248 1414 2395 1477 τινὸς
2431 1414 2540 1468 τῶν
2570 1413 2745 1482 άγίων
2803 1410 3060 1482 μαθητῶν
3081 1426 3097 1443 ο
3146 1428 3164 1462 ι
3198 1410 3472 1478 ’Δδε).φοὶ,
3505 1406 3823 1479 δοκιμάζετε

2250 1508 2319 1562 τά
2346 1506 2661 1577 πνεύματα,
2694 1508 2740 1558 εί
2774 1506 2839 1557 ὲκ
2871 1502 2963 1557 τοῦ
2995 1503 3131 1557 Θεοῦ
3164 1504 3292 1558 είσι.
3331 1521 3349 1553 ι
3391 1501 3740 1573 Δεδωρῆσθαι
3767 1500 3823 1552 δὲ

2251 1605 2363 1665 τοῖς
2402 1599 2581 1669 ἁγίοις
2619 1600 2753 1669 φησι
2782 1598 2877 1651 καὶ.
2905 1598 2932 1648 ὁ
2960 1596 3247 1659 θεσπέσιος
3277 1595 3488 1658 Παῦλος
3525 1594 3827 1664 διακρίσεις

2251 1693 2599 1762 πνευμάτων.
2624 1692 2685 1744 Οἱ
2713 1690 2810 1759 μὲν
2836 1690 2943 1760 γὰρ
2968 1687 3238 1756 λέγοντες,
3262 1688 3343 1740 ὅτι
3364 1686 3569 1757 Κύριος
3601 1685 3824 1755 Ἰησοῦς,

2254 1786 2410 1853 φαῖεν
2441 1782 2506 1835 ἂν
2538 1783 2637 1852 οὐχ
2689 1780 2889 1851 ἑτέρως
2921 1779 3074 1843 αὐτὸ,
3110 1778 3250 1848 πλὴν
3285 1778 3367 1831 δτι
3403 1777 3489 1830 διά
3534 1774 3628 1830 τοῦ
3669 1777 3828 1844 ἀγίου

590 1860 745 1954 runt,
793 1884 1180 1958 propemodum
1231 1881 1419 1934 dicunt
1495 1878 1782 1931 anathema
1836 1872 2045 1938 Iesum,
2098 1870 2150 1924 id

2271 1875 2609 1943 [Ινεύμιιιτος⁸
2646 1871 2700 1924 οῖ
2724 1888 2787 1939 γε
2830 1871 2935 1940 μὴν
2965 1869 3024 1934 ἐξ
3056 1868 3296 1939 ἀμαθίας
3340 1867 3697 1937 παλίμφημον
3740 1867 3827 1919 ἐπ’

587 1984 772 2050 utique
813 1992 878 2032 ex
910 1972 1210 2029 Beelzebub
1241 1970 1497 2025 instinctu
1529 1968 1749 2022 faciunt.
1783 1964 2010 2035 Oportet
2050 1963 2155 2032 igi-

587 2082 677 2126 tur
718 2079 775 2123 ut
826 2064 1108 2122 exercitati
1164 2061 1231 2115 ad
1275 2058 1455 2115 omnia
1504 2056 1773 2111 subtiliter
1818 2064 1873 2108 et
1904 2061 2156 2107 accurate

588 2158 887 2233 probanda,
934 2162 990 2209 et
1027 2149 1270 2224 pervigili
1324 2156 1536 2203 utentes
1580 2146 1759 2200 animo
1799 2141 2154 2213 quorumdam

590 2231 791 2319 scripta
822 2248 1084 2315 legamus,
1130 2251 1184 2296 et
1222 2240 1352 2309 quid
1387 2237 1454 2292 de
1482 2246 1667 2291 nostro
1697 2235 1937 2289 omnium
1971 2231 2158 2286 Salva-

593 2353 712 2399 tore
772 2339 991 2394 Christo
1042 2335 1373 2403 loquantur,
1420 2328 1708 2398 diligenter
1766 2324 2156 2393 exquiramus,

589 2431 904 2503 optimeque
940 2425 1217 2481 imitemur
1253 2419 1664 2489 probatissimos
1709 2431 1772 2471 ac
1799 2413 2161 2485 peritissimos

594 2520 1003 2583 nummularios,
1039 2516 1131 2587 qui
1180 2513 1381 2584 probos
1425 2524 1674 2564 nummos
1716 2507 2029 2569 admittunt,
2061 2503 2161 2557 fal-

593 2629 683 2672 sos
734 2624 911 2668 autem
964 2618 1018 2664 et
1069 2607 1401 2661 adulteratos
1462 2601 1704 2655 studiose
1749 2597 2019 2666 rejiciunt.
2083 2596 2162 2650 Ad

595 2720 756 2776 quam
812 2716 925 2756 rem
979 2713 1075 2754 nos
1119 2698 1309 2752 beatus
1342 2694 1541 2748 Paulus
1588 2692 1879 2753 hortatur,
1929 2687 2161 2741 dicens:

600 2775 832 2848 {Estotc
878 2787 1031 2857 probi
1080 2784 1425 2841 nummularii
1460 2800 1477 2836 :
1507 2780 1687 2836 omnia
1730 2778 1971 2848 probate,
2026 2775 2166 2844 quod

596 2889 797 2943 bonum
820 2892 903 2938 est
928 2889 1135 2935 tenete:
1168 2878 1234 2931 ab
1270 2875 1418 2929 omni
1450 2873 1633 2944 specie
1662 2871 1801 2926 mala
1824 2869 2110 2923 abstinete.
2142 2883 2161 2916 ι

600 2979 695 3034 Est
721 2975 884 3032 etiam
922 2971 1119 3041 alioqui
1174 2978 1330 3037 turpe
1364 2968 1418 3021 in
1464 2963 1656 3034 primis
1693 2969 1749 3016 et
1774 2957 2091 3020 absurdum,
2121 2956 2166 3009 si

601 3083 725 3125 cum
770 3068 824 3120 in
871 3064 1031 3118 rebus
1076 3060 1143 3114 ad
1192 3059 1333 3113 hanc
1368 3056 1533 3109 vitam
1580 3051 1977 3121 pertinentibus
2024 3045 2170 3100 nullo

602 3157 763 3215 modo
789 3154 929 3223 quod
957 3152 1010 3205 in
1038 3164 1152 3204 rem
1178 3148 1249 3201 sit
1280 3143 1547 3213 negligere
1572 3140 1873 3200 videamur,
1906 3136 2013 3189 imo
2043 3147 2170 3186 vero

2255 1966 2439 2027 αὐτοῖς
2488 1963 2738 2031 γλῶσσαν
2791 1962 3030 2026 ἀνέντες,
3082 1960 3177 2013 καὶ
3218 1959 3285 2012 δι’
3327 1951 3402 2012 ὧν
3446 1957 3581 2027 ὀρθὰ
3614 1959 3829 2027 φρονεῖν

2254 2054 2529 2124 ἐγνώκασι
2553 2090 2570 2117 ,
2631 2050 2913 2122 μονονουχὶ
2955 2048 3207 2119 λέγοντες
3244 2047 3509 2116 ,ἀνάθεμα
3585 2044 3825 2115 Ἰησοῦν,

2257 2142 2601 2216 τοῦτοδρῷεν
2623 2143 2711 2207 ἂν,
2728 2142 2803 2204 ὼς
2824 2141 2930 2194 ἀπό
2951 2158 3014 2209 γε
3032 2139 3126 2193 τοῦ
3146 2136 3493 2202 Βεελςεϐούλ.
3523 2137 3616 2189 Δεῖ
3646 2134 3711 2206 δὴ
3735 2130 3830 2187 οὖν

2258 2235 2364 2307 ἄρα
2386 2233 2597 2296 λεπτῶς
2616 2249 2675 2287 τε
2697 2231 2792 2286 καὶ
2808 2230 3262 2300 διεσμιλευμένως
3281 2228 3592 2298 δοκιμάζειν
3617 2226 3830 2281 ἅπαντα

2268 2325 2744 2398 μεμελετηκότας,
2796 2324 2888 2376 καὶ
2937 2320 3013 2392 νῷ
3068 2320 3477 2391 διεγηγερμένῳ
3518 2320 3832 2391 χρωμένους

2263 2414 2682 2485 περιτυγχάνειν
2722 2412 2871 2483 ἡμᾶς
2909 2413 3023 2473 τοῖς
3055 2426 3216 2463 τινων
3265 2410 3691 2479 συγγράμμασι,
3738 2409 3834 2462 καὶ

2266 2502 2572 2573 βασανίζειν
2597 2501 2883 2571 εὐτέχνως,
2909 2500 3115 2569 οὕσπερ
3137 2499 3203 2553 ἀν
3229 2501 3461 2552 ποιοῖντο
3489 2499 3680 2567 λόγους
3705 2499 3835 2568 περὶ

2264 2594 2357 2649 τοῦ
2377 2594 2591 2649 πάντων
2614 2592 2770 2664 ἡμῶν
2791 2592 3041 2661 Σωτῆρος
3057 2589 3295 2662 Χριστοῦ
3317 2607 3329 2620 ·
3356 2590 3755 2661 ἀπομιμεῖσθαί
3774 2606 3833 2641 τε

2268 2686 2360 2739 καὶ
2397 2684 2542 2754 μάλα
2570 2682 2764 2753 ὀρθῶς,
2797 2683 2922 2745 τοὺς
2954 2682 3033 2735 ὅτι
3071 2681 3133 2752 δὴ
3171 2680 3405 2751 μάλιστα
3431 2680 3706 2749 δοκίμους,
3741 2680 3837 2733 καὶ

2268 2779 2689 2848 ἐμπειροτάτους
2712 2777 2819 2830 τῶν
2839 2777 2979 2847 άργυ
2989 2776 3293 2846 ροπρατῶν,
3315 2775 3363 2828 οἳ
3397 2775 3710 2845 προσίενται
3738 2776 3840 2845 μὲν

2267 2868 2376 2922 τῶν
2405 2867 2755 2938 νομισμάτων
2785 2869 2846 2920 τὸ
2879 2866 3222 2938 εὐδοκιμοῦν,
3251 2866 3557 2937 ἀπόϐλητον
3583 2866 3638 2919 δὲ
3669 2868 3843 2918 ποιεῖ-

2271 2959 2392 3013 σθαι
2433 2959 2792 3023 σπουδάζουσι
2817 2958 2875 3012 τὸ
2906 2961 3259 3030 παράσημον,
3292 2959 3383 3012 καὶ
3416 2958 3841 3028 μεμωμημένον.

2270 3049 2376 3103 Καὶ
2402 3049 2542 3120 ,ζρός
2575 3066 2637 3116 γε
2687 3048 2845 3102 τοῦτο
2888 3050 3037 3119 ἡμᾶς
3070 3052 3097 3103 ὁ
3129 3050 3393 3120 μακάριος
3418 3049 3631 3113 Παῦλος
3670 3065 3846 3117 παρα-

2272 3140 2449 3210 θήγει,
2492 3140 2695 3207 λέγων⁸
2746 3158 2764 3189 ι
2811 3139 3026 3191 Γίνεσθε
3061 3140 3316 3210 τρόφιμοι
3364 3139 3438 3209 (1)
3487 3141 3845 3208 τραπεζῖται’

603 3247 821 3319 plurimi
870 3243 1045 3297 facere
1090 3239 1405 3294 Studeamus
1446 3248 1509 3287 ea
1549 3245 1779 3301 quorum
1840 3242 1941 3294 ope
1983 3225 2165 3294 splen-

2274 3232 2447 3284 πάντα
2478 3229 2822 3300 δοκιμάζετε,
2854 3230 2914 3283 τὸ
2944 3230 3106 3284 καλὸν
3161 3231 3449 3299 κατέχετε’
3501 3231 3607 3283 ἀπὸ
3647 3231 3852 3293 παντὸς

607 3342 729 3397 dide
754 3339 934 3393 vivere
960 3335 1139 3396 liceat,
1172 3345 1258 3385 res
1281 3326 1521 3383 vicissim
1555 3326 1689 3378 adeo
1720 3334 1903 3376 sacras
1931 3325 2173 3372 conteru-

607 3444 821 3493 namus,
862 3436 916 3481 et
942 3426 1169 3480 salutem
1210 3420 1402 3475 anima:
1441 3430 1537 3486 pro
1565 3412 1731 3468 nihilo
1768 3413 2046 3470 ducamus,
2083 3405 2175 3460 sed

610 3522 756 3576 illam
785 3520 835 3572 in
871 3518 1054 3572 foveas
1082 3526 1137 3566 et
1161 3524 1374 3565 C(Btlllm
1407 3506 1748 3576 dejiciamus,
1781 3502 1905 3553 dum
1932 3512 2176 3568 quocun-

611 3627 716 3682 que
765 3610 975 3664 libitqu
1029 3604 1189 3658 fuerit
1225 3602 1291 3655 iis
1324 3600 1414 3669 qui
1458 3595 1603 3665 loqui
1636 3593 1869 3664 gestiunt
1915 3604 2035 3658 qua:
2071 3602 2175 3641 non

612 3701 883 3763 convenit,
932 3693 1244 3765 projicimus
1290 3688 1528 3743 animum
1577 3699 1606 3736 a
1641 3696 1768 3736 vero
1800 3675 2178 3747 conspicieudo

612 3795 880 3858 clausum,
919 3804 979 3842 ac
1015 3787 1282 3841 nolentem
1332 3780 1628 3848 inquirere,
1664 3774 1790 3844 quid
1823 3787 1853 3826 e
1904 3771 2065 3824 rebus
2111 3767 2181 3820 Ie-

613 3887 715 3942 etis
739 3894 944 3940 rectum
972 3881 1042 3933 sit
1072 3886 1125 3930 et
1153 3875 1304 3941 utile,
1336 3872 1465 3942 quid
1503 3870 1628 3924 item
1661 3877 1998 3937 perversum,
2030 3870 2083 3914 et
2114 3858 2182 3912 ab

614 3984 868 4052 aqcurata
919 3970 1101 4040 regula
1138 3968 1451 4034 dogmatum
1504 3961 1760 4020 alienum,
1815 3966 1870 4010 et
1912 3954 2182 4021 iacturam

613 4050 856 4126 iuierens
890 4077 1010 4131 qua:
1054 4059 1119 4111 ad
1153 4058 1325 4126 ipsam
1360 4054 1625 4122 pertineat
1654 4050 1912 4107 animam,
1948 4058 2045 4111 pro
2081 4055 2184 4108 qua

616 4156 840 4227 aequalis
880 4150 1232 4206 commutatio
1266 4146 1407 4201 nulla
1454 4154 1536 4199 est
1587 4142 1726 4210 apud
1776 4152 1871 4192 eos
1914 4145 2062 4188 certe
2096 4131 2184 4199 qui

619 4248 841 4317 sapiunt
862 4248 905 4299 ⁵.
940 4240 1316 4298 Examinanda
1348 4246 1474 4292 sunt
1505 4235 1688 4304 igitur,
1719 4232 1786 4284 'et
1813 4228 2029 4297 quidem
2058 4224 2187 4279 sub-

623 4338 890 4400 tilissime,
914 4350 1031 4403 quae
1054 4333 1118 4387 de
1149 4330 1345 4386 divinis
1377 4324 1718 4397 dogmatibus
1744 4319 2055 4374 scribuntur
2085 4332 2098 4365 :
2126 4328 2190 4367 ac

624 4428 669 4483 si
703 4426 823 4497 quis
860 4434 1005 4479 recto
1041 4423 1233 4477 itinere
1281 4418 1346 4473 ad
1383 4431 1606 4482 scopum
1652 4423 1929 4465 sacrarum
1967 4406 2187 4458 Littera-

626 4536 743 4575 rum
790 4516 977 4580 tendit,
1009 4524 1065 4569 et
1110 4524 1313 4569 certam
1366 4509 1417 4562 iu
1469 4507 1553 4561 his
1601 4515 1898 4569 veramque
1940 4498 2188 4551 semitam

626 4610 915 4683 percurrit,
967 4609 1011 4662 is
1046 4616 1361 4661 uosuarum
1409 4612 1627 4667 quoque
1671 4591 2060 4648 sententiarum
2113 4602 2192 4640 re-

625 4681 769 4756 ctum
822 4698 937 4765 ejus
985 4698 1089 4750 iter
1132 4689 1552 4763 approbantium
1603 4686 1789 4753 plausu
1839 4681 2188 4750 excipiatur:

625 4791 765 4862 quod
798 4790 839 4844 si
895 4787 1143 4853 frigidam
1196 4792 1252 4839 et
1300 4780 1532 4845 futilem,
1563 4787 1619 4831 et
1658 4775 2031 4836 adulteratam,
2084 4773 2191 4825 imo

628 4900 757 4940 vero
788 4882 950 4937 etiam
981 4878 1342 4948 perniciosam
1378 4871 1679 4943 legentibus
1704 4868 2007 4923 orationem
2036 4866 2189 4927 texit,

626 4976 810 5031 audiat
838 4972 904 5026 ab
941 4970 1189 5023 omnibus
1219 4979 1234 5018 :
1271 4983 1289 5015 ι
1323 4963 1429 5019 Sed
1471 4961 1625 5016 nobis
1660 4956 1972 5027 loquamini,
2009 4968 2062 5010 et
2091 4970 2193 5007 an-

2277 3323 2451 3385 είδους
2492 3321 2729 3391 πονηροῦ
2758 3322 3049 3391 ἀπέχεσθε.
3089 3341 3106 3373 ι
3143 3324 3299 3374 Ἐστι
3336 3322 3391 3374 δὲ
3428 3323 3492 3391 δὴ
3524 3323 3618 3374 καὶ
3649 3322 3853 3391 ἑτέρως

2278 3413 2610 3483 πάναισχρον
2643 3429 2701 3464 τε
2726 3412 2819 3464 καὶ
2854 3412 3105 3475 ἀκαλλὲς,
3132 3414 3225 3466 ἐπὶ
3269 3412 3365 3482 μὲν
3395 3415 3508 3475 τοῖς
3538 3413 3676 3465 κατὰ
3704 3412 3851 3465 τόνδε

2277 3505 2368 3557 τὸν
2400 3504 2511 3575 βίον
2557 3506 2846 3574 πράγμασι
2896 3505 3015 3557 κατ’
3054 3503 3242 3555 οὐδένα
3284 3502 3482 3573 τρόπον
3514 3503 3661 3572 ἡμᾶς
3708 3503 3860 3570 ἠφεί-

2279 3596 2511 3666 δηκότας
2538 3595 2772 3665 ὁρᾶσθαι
2823 3594 2917 3647 τοῦ
2957 3593 3238 3655 τελοῦντος
3277 3594 3358 3654 εἰς
3405 3592 3619 3662 ὄνησιν,
3662 3594 3857 3663 πειρᾶ-

2282 3686 2404 3739 σθαι
2429 3686 2488 3739 δὲ
2521 3685 2719 3755 μᾶλλον
2756 3702 2821 3737 πε
2835 3687 2885 3755 ρὶ
2916 3685 3109 3738 πολλοῦ
3159 3686 3428 3737 ποιεῖσθαι
3481 3683 3653 3751 φιλεῖν
3693 3682 3762 3735 τά
3788 3681 3857 3735 δι’

2283 3769 2356 3829 ὧν
2389 3776 2454 3829 ἂν
2500 3777 2711 3843 γένοιτο
2760 3775 2950 3844 βιῶναι
2995 3774 3298 3845 λαμπρῶς’
3352 3774 3615 3844 ἁλογῆσαι
3649 3773 3704 3824 δὲ
3750 3773 3859 3826 τῶν

2282 3869 2424 3921 οὕτω
2455 3870 2688 3927 σεπτῶν.
2718 3869 2811 3919 καὶ
2838 3866 3107 3920 ποιεῖσθαι
3136 3865 3264 3935 παρ’
3283 3866 3433 3917 οὐδὲν
3454 3865 3550 3934 τὴν
3570 3865 3669 3934 τῆς
3684 3866 3860 3934 ψυχῆς

2286 3960 2559 4029 σωτηρίαν
2582 3976 2594 3988 ·
2628 3958 2841 4029 βόθροις
2863 3974 2920 4009 τε
2958 3957 3130 4027 αὐτὴν
3157 3955 3487 4024 ὲγκαθιέναι,
3517 3955 3611 4008 καὶ
3629 3955 3859 4024 τέλμασι

2287 4050 2420 4119 πρὸς
2455 4049 2515 4101 τὸ
2557 4048 2748 4101 δοκοῦν
2784 4047 2968 4110 ἁπλῶς
3020 4051 3134 4109 τοῖς
3184 4046 3428 4099 ἐθέλουσι
3476 4046 3678 4108 λαλεῖν,
3718 4044 3755 4099 ἃ.
3786 4045 3861 4115 μὴ

2288 4140 2586 4212 προσῆκεν,
2618 4140 2730 4192 ἔσθ’
2770 4140 2858 4191 ὅτε
2900 4139 3420 4210 παραρριπτοῦντας
3464 4137 3554 4189 τὸν
3589 4135 3732 4201 νοῦν,
3762 4138 3864 4189 οὐκ

2289 4231 2598 4301 άναμύοντα
2631 4231 2766 4301 πρὸς
2798 4231 2859 4282 τὸ
2887 4229 3086 4299 ἀληθὲς
3107 4271 3121 4293 ,
3155 4228 3275 4280 οὔτε
3320 4229 3427 4297 μὴν
3470 4226 3723 4280 ἐθέλοντα
3763 4244 3866 4278 πο-

2289 4322 2714 4391 λυπραγμονεῖν,
2742 4321 2793 4373 τί
2823 4321 2921 4391 μέν
2948 4323 3064 4373 ἐστι
3094 4320 3200 4372 τῶν
3230 4318 3653 4388 ἀνεγνωσμένων
3680 4319 3861 4388 ὀρθὸν,

2292 4411 2385 4463 καὶ
2414 4410 2757 4480 ὀνησιφόρον,
2786 4410 2839 4461 τί
2874 4409 2932 4460 δὲ
2977 4408 3040 4477 δὴ
3066 4408 3126 4460 τὸ
3158 4408 3501 4476 διάστροφον,
3531 4407 3625 4459 καὶ
3660 4405 3866 4476 δογμα-

2294 4504 2453 4571 τικῆς
2502 4503 2784 4572 ἀκριϐείας
2840 4499 3199 4568 ἐπιϐεϐηκὸς,
3231 4499 3324 4552 καὶ
3366 4499 3573 4569 ζημίαν
3608 4498 3869 4569 ἐμποιοῦν

2296 4594 2485 4663 τὴνείς
2507 4594 2674 4663 αὐτὴν
2703 4594 2917 4663 ὁρῶσαν
2942 4592 3139 4661 ψυχὴν,
3165 4586 3231 4663 ἦς
3256 4591 3503 4655 ἀντάξιον
3521 4590 3694 4653 οὐδὲν,
3718 4590 3873 4662 παρά

2298 4700 2361 4752 γε
2383 4687 2493 4747 τοῖς
2526 4684 2733 4755 ἀρτίοις
2763 4683 2861 4754 τὴν
2898 4683 3089 4753 φρένα.
3116 4682 3480 4752 Δοκιμαστὲον
3503 4676 3595 4734 οὖν
3620 4681 3749 4752 ἄρα,
3777 4684 3870 4735 καὶ

2299 4776 2417 4829 λίαν
2459 4775 2672 4845 ἰσχνῶς,
2707 4773 2801 4838 τὰς
2838 4775 2965 4844 περὶ
2996 4773 3104 4826 τῶν
3135 4773 3294 4826 θείων
3320 4773 3604 4842 δογμάτων
3636 4789 3873 4844 συγγραο

2301 4866 2406 4933 φάς
2425 4882 2439 4896 ’
2467 4865 2567 4919 κᾶν
2596 4866 2693 4935 μέν
2721 4882 2805 4926 τις
2837 4864 2905 4916 iet
2936 4864 3053 4916 κατ’
3080 4864 3207 4917 εὐθὺ
3231 4864 3323 4916 τοῦ
3349 4864 3552 4917 σκοποῦ
3575 4863 3681 4915 τῶν
3710 4864 3871 4934 ἱερῶν

2302 4957 2665 5027 Γραμμάτων,
2698 4958 2792 5009 καὶ
2816 4957 2913 5024 τὴν
2942 4955 2998 5007 ἕν
3027 4973 3090 5023 γε
3113 4956 3350 5008 τουτοισὶ
3381 4956 3547 5024 σαφῆ,
3582 4955 3675 5008 καὶ
3699 4953 3873 5008 ἀπλα-

700 5154 719 5184 ¹
746 5151 907 5206 Prov.
939 5162 1024 5211 ιιι,
1060 5141 1226 5202 14-15
1262 5158 1275 5207 ;
1313 5135 1538 5202 νιιι,1θ.
1615 5134 1674 5187 ³1
1713 5134 1866 5188 .loan.
1898 5149 1969 5198 tv,
2009 5133 2059 5191 Ι.
2136 5131 2165 5162 ³η

2279 5132 2402 5187 Cor.
2440 5147 2542 5193 xu,
2580 5132 2664 5186 10.
2737 5131 2758 5161 ⁸
2791 5130 2982 5186 Mattlt.
3015 5146 3122 5195 xvr,
3151 5130 3240 5186 26.

1899 5287 2057 5343 ΑΝΤ.
2101 5287 2375 5344 AGELLH
2415 5287 2647 5343 NOTAE.

704 5463 782 5538 (ί)
817 5463 967 5518 Hanc
999 5466 1318 5515 sententiam
1347 5452 1795 5538 Cyrillustrihnit
1830 5451 1987 5532 beato
2024 5449 2188 5505 Paulo

633 5547 688 5591 et
708 5522 919 5590 ‘ci'tatur
955 5542 1334 5599 nonnunquam
1369 5522 1405 5579 δι’
1437 5522 2187 5599 veteribus“Graecisinaitcto-

634 5590 805 5670 ribus,
842 5604 934 5659 sed
971 5602 1095 5655 nulli
1132 5590 1529 5670 εει-ιοριιειοςί
1581 5591 1892 5670 ascribitttt'.
1924 5590 2037 5670 'Ubi
2092 5603 2187 5670 ait:

634 5660 743 5731 tem
792 5660 863 5731 sit
913 5676 963 5727 in
1008 5669 1243 5741 Apostoli
1292 5666 1565 5741 Epistolis,
1602 5679 1706 5741 ιιοιι
1733 5660 2050 5741 "invenitur,
2088 5660 2186 5712 nisi

634 5728 775 5802 forte
793 5728 996 5799 auctor
1030 5728 1079 5794 ἱιί
1134 5728 1371 5806 Εμίδιοίῖι
1415 5734 1686 5806 primaad
1733 5728 2189 5783 'l‘ltessalonicen-

635 5834 723 5874 scs
754 5816 897 5871 illam
938 5812 1143 5877 habuit,
1181 5803 1230 5863 in
1260 5822 1361 5876 qua
1394 5816 1517 5859 sunt
1549 5803 1709 5859 etiam
1742 5814 1859 5869 qua:
1886 5809 2185 5869 sequuntur

2288 5448 2471 5515 verba,
2522 5446 2710 5502 Omnia
2762 5444 3012 5513 probate,
3063 5455 3167 5519 etc.
3196 5444 3463 5519 therum
3500 5446 3875 5519 Epiphanius,

2288 5522 2554 5598 adversus
2581 5518 2950 5598 Appellianos,
2998 5516 3166 5595 refert
3212 5516 3453 5598 Apellen)
3500 5516 3880 5585 in‘EVangelio

2290 5587 2340 5639 id
2375 5591 2637 5656 scriptum
2672 5586 2804 5656 esse
2838 5586 3066 5650 dixisse,
3103 5586 3155 5637 in
3205 5599 3304 5656 su_o
3352 5589 3582 5643 fortasse
3607 5628 3623 5653 ,
3661 5604 3766 5641 non
3824 5588 3879 5637 in

2290 5658 2390 5711 hoc
2412 5652 2562 5713 certe
2588 5672 2695 5725 quo
2730 5655 2972 5708 Ecclesia
3008 5656 3204 5710 utitur.
3244 5652 3370 5709 Erat
3399 5668 3580 5712 autem
3610 5652 3665 5710 in
3694 5669 3884 5709 exem-

2288 5727 2530 5795 plaribus
2561 5724 2765 5780 Graecis
2801 5725 3086 5795 τρόφιμοι,
3125 5739 3248 5777 cum
3294 5727 3374 5796 sit
3406 5727 3687 5796 legendum
3719 5724 3882 5789 ζδόκι-

2293 5812 2403 5865 μοι,
2438 5808 2493 5851 ιιι
2531 5799 2665 5852 citat
2696 5795 3033 5865 Epiphanius
3068 5795 3257 5849 eodem
3290 5795 3450 5850 libro.
