4166 6490
384 384 450 441 ιε
1205 338 1210 343 ’
1473 384 1838 442 Αονειιευδ
1874 384 1943 440 Nl

2046 384 2274 446 'OPJUM
2312 388 2441 447 LIB.
2481 393 2522 446 l.
3560 406 3630 460 ﬂ

382 506 645 575 νεστάτην
695 504 897 575 suam;
944 502 1148 573 τρίϐον,
1204 505 1645 574 κατακροτείσθω
1698 505 1943 575 καὶπρὸς

2065 486 2327 563 ιιιιηιίοιε
2359 509 2512 564 nobis
2578 508 2738 565 aliam
2794 512 3166 569 seductionem
3189 516 3231 567 ⁸.
3268 533 3284 565 ι
3338 517 3477 588 Ergo
3529 533 3621 575 aut

383 597 542 668 ήμῶν
578 598 698 658 ταῖς
730 597 811 658 εἰς
841 595 1110 665 ὀρθότητα
1155 594 1356 664 ψήφοις
1378 613 1389 626 ·
1439 598 1487 648 εί
1519 596 1573 649 δὲ
1597 596 1823 666 ψυχρὸν,
1861 597 1943 649 καί

2058 596 2110 667 3
2141 596 2340 652 faciant
2368 599 2617 655 arborem
2642 604 2858 667 bonam,
2894 614 2947 657 et
2974 604 3206 659 fructum
3242 604 3358 673 ejus
3383 609 3620 676 bonum;

385 690 647 761 ἐξίτηλον,
680 689 773 741 καὶ
814 687 1247 758 μεμωμημένον,
1292 687 1492 758 μᾶλλον
1526 688 1580 741 δὲ
1608 689 1701 741 καὶ
1728 686 1952 759 ὀλέθρου

384 781 644 852 πρόξενον
700 782 812 841 τοῖς
863 778 1268 849 ἐντευξομένοις
1313 778 1588 846 ὲξυφαίνοι
1630 779 1721 831 τὸν
1774 778 1950 847 λόγον,

376 874 627 927 ἀκουέτω
681 871 833 941 παρὰ
883 869 1099 923 πάντων
1121 886 1133 899 ·
1173 888 1191 921 ι
1228 870 1388 923 Ἀ).λά
1416 872 1546 939 ήμῖν
1594 869 1824 935 λαλεῖτε,
1859 871 1953 922 καὶ

377 962 736 1030 ἀναγγέλλετε
789 962 919 1031 ἡμῖν
979 960 1171 1031 ἑτέραν
1236 960 1521 1032 πλάνησιν.
1564 980 1582 1011 ι
1647 959 1858 1015 Οὐκοῦν
1915 961 1948 1030 ἢ

378 1052 711 1103 ποιείτωσαν
739 1049 800 1101 τὸ
835 1049 1052 1119 δένδρον
1084 1049 1269 1114 καλὸν,
1305 1050 1402 1102 καὶ
1423 1049 1514 1103 τὸν
1545 1049 1753 1121 καρπὸν
1783 1047 1950 1103 αὑτοῦ

378 1141 565 1204 καλὸν,
588 1141 621 1210 ἢ
652 1141 977 1192 ποιείτωσαν
1000 1138 1060 1191 τὸ
1088 1140 1306 1210 δένδρον
1338 1140 1568 1211 σαπρὸν,
1590 1141 1684 1193 καὶ
1705 1140 1795 1193 τὸν
1816 1157 1951 1210 καρ-

377 1232 480 1284 πὸν
522 1229 686 1284 αὐτοῦ
731 1230 958 1299 σαπρόν.
998 1247 1015 1280 ι
1059 1230 1119 1281 '0
1153 1230 1252 1299 μὲν
1275 1228 1383 1298 γὰρ
1417 1230 1620 1298 ἀγαθὸς
1665 1230 1950 1301 ἄνθρωπος

376 1324 444 1376 ἐκ
488 1322 583 1375 τοῦ
633 1320 839 1389 ἀγαθοῦ
874 1319 1154 1391 θησαυροῦ
1198 1320 1299 1390 τῆς
1348 1322 1578 1390 καρδίας
1620 1320 1785 1375 αὑτοῦ
1815 1338 1950 1391 προ-

376 1414 535 1483 φέρει
565 1414 632 1466 τὰ
655 1411 868 1480 ἀγαθά·
898 1412 927 1463 ό
953 1410 1010 1463 δὲ
1043 1411 1278 1481 πονηρὸς
1312 1411 1598 1479 ἅνθρωπος
1628 1413 1691 1465 ὲκ
1727 1411 1822 1466 τοῦ
1854 1429 1950 1466 πο-

375 1502 542 1575 νηροῦ
578 1501 853 1572 θησαυροῦ
883 1503 980 1570 τῆς
1014 1500 1239 1570 καρδίας
1266 1500 1429 1553 αὑτοῦ
1464 1502 1727 1574 προφέρει
1756 1502 1827 1555 τά
1848 1520 1949 1555 πο-

374 1594 545 1663 νηρὰ,
582 1612 601 1643 ι
637 1592 780 1645 κατά
821 1608 884 1658 γε
931 1591 1029 1662 τήν
1068 1590 1273 1660 ἀψευδῆ
1308 1589 1403 1645 τοῦ
1448 1593 1700 1663 Σωτῆρος
1739 1593 1942 1663 φωνήν·

375 1701 400 1731 ‹
430 1680 705 1734 Ἐσκότισε
742 1681 841 1750 μὲν
865 1679 974 1750 γὰρ
1020 1682 1049 1733 ὁ
1093 1680 1224 1743 Θεὸς
1274 1680 1368 1733 τοῦ
1417 1680 1612 1743 αἰῶνος
1643 1680 1833 1734 τούτου
1879 1680 1948 1733 τά

371 1772 621 1843 νοήματα
654 1770 763 1824 τῶν
795 1770 1045 1824 ἀπίστων
1078 1769 1391 1841 αίρετικῶν,
1416 1771 1496 1833 είς
1520 1768 1577 1822 τὸ
1606 1768 1681 1840 μὴ
1709 1769 1945 1843 αὐγάσαι

2059 694 2151 739 aut
2182 684 2387 740 faciant
2419 689 2669 743 arborem
2721 692 2940 759 malam,
2991 702 3045 748 et
3074 692 3304 749 fructum
3340 696 3466 765 fejus
3512 716 3624 755 ma-

2057 773 2226 829 lum".
2268 795 2287 828 ι
2324 775 2503 832 Bonus
2540 780 2684 834 enim
2728 781 2889 838 homo
2931 783 2999 838 de
3044 787 3300 842 thesauro
3331 789 3511 845 cordis
3539 790 3621 846 sui

2053 864 2263 932 profert
2318 865 2455 919 bona
2493 868 2706 925 :malus
2758 881 2937 926 autem
2983 872 3145 927 homo
3193 889 3259 930 ex
3313 877 3455 931 malo
3507 878 3623 934 the-

2053 969 2217 1010 sauro
2248 957 2427 1011 cordis
2458 959 2540 1013 sui
2581 960 2784 1028 profert
2821 963 2994 1028 mala;
3027 982 3047 1015 ι
3077 972 3137 1018 ut
3170 966 3453 1022 verissime
3503 967 3620 1023 Sal-

2052 1050 2208 1096 vator
2247 1054 2430 1100 noster
2460 1047 2655 1102 dicit“.
2698 1068 2715 1101 ι
2746 1050 3068 1106 Obscuravit
3097 1055 3239 1108 enim
3278 1054 3419 1111 Deus
3462 1058 3621 1128 hujus

2053 1133 2235 1187 saeculi
2301 1146 2509 1192 mentes
2563 1138 2860 1215 inﬁdelium
2923 1143 3338 1212 lieereticorum,
3396 1157 3455 1202 ut
3516 1164 3619 1204 non

2053 1222 2255 1291 fulgeat
2314 1226 2639 1285 illuminatio
2698 1231 2972 1303 Evangelii
3030 1234 3215 1304 gloriae
3269 1236 3558 1295 Christi’:
3595 1258 3614 1293 ι

2052 1313 2345 1383 multisque
2372 1318 2543 1373 modis
2570 1320 2621 1372 in
2655 1335 2895 1377 errorem
2932 1324 3150 1379 abducti
3184 1335 3331 1381 sunt.
3364 1325 3618 1383 Nonnulli

2049 1404 2192 1456 enim
2229 1404 2465 1460 Verbum
2508 1423 2575 1462 ex
2620 1409 2732 1465 Deo
2764 1411 2924 1467 Patre
2956 1417 3196 1485 genitum
3228 1418 3483 1474 Genitore
3514 1422 3617 1475 mi-

2051 1508 2235 1548 norem
2269 1510 2389 1551 esse
2424 1497 2630 1562 dicunt,
2665 1501 2873 1565 miseri,
2906 1514 2959 1557 et
2997 1515 3306 1561 extraneam
3336 1508 3616 1565 servilem-

2049 1599 2154 1652 que
2185 1602 2493 1641 mensuram
2536 1590 2609 1643 illi
2657 1592 2894 1648 tribucre
2930 1611 3034 1647 non
3079 1596 3324 1652 horrent.
3357 1599 3459 1652 Alii
3489 1613 3617 1656 vero

2050 1675 2273 1743 impium
2306 1689 2359 1732 et
2387 1678 2717 1736 ell'renatum
2748 1698 2810 1738 os
2842 1696 3112 1739 exacuunt
3146 1689 3404 1744 adversus
3439 1690 3616 1759 Spiri-

2051 1774 2160 1819 tum
2198 1776 2467 1834 sanctum,
2502 1769 2701 1837 utjure
2735 1774 3109 1841 propheticum
3144 1776 3270 1829 illud
3306 1778 3356 1830 in
3385 1792 3478 1833 eos
3510 1781 3616 1835 dici

371 1836 784 1931 tov'vcpwttapov
826 1860 918 1913 τοῦ
958 1836 1292 1929 Εὐάγγελίου
1328 1860 1425 1929 τῆς
1462 1836 1622 1929 δόξης
1667 1836 1761 1912 τοῦ
1794 1836 1943 1930 νῖζρι-

2050 1856 2264 1924 possit:
2303 1876 2320 1907 ‹
2353 1856 2462 1911 Vos
2509 1836 2688 1913 autem
2737 1836 3004 1927 accedite,
3038 1862 3129 1915 lilii
3181 1863 3386 1931 iniqui“,
3429 1879 3615 1920 semen

372 1953 501 2007 στοῦ
520 1971 534 1985 ·
562 1971 580 2004 ι
621 1953 999 2023 πεπλάνηνται
1024 1952 1081 2005 δὲ
1101 1951 1474 2022 πολυτρόπως.
1503 1952 1567 2004 Οἱ
1597 1951 1697 2022 μὲν
1725 1952 1833 2021 γὰρ
1853 1951 1944 2003 τὸν

368 2046 440 2098 ἐκ
464 2042 599 2097 Θεοῦ
628 2044 840 2113 Πατρδς
866 2041 1039 2111 φύντα
1066 2042 1258 2109 Λόγον,
1277 2044 1332 2095 ὲν
1365 2042 1541 2111 μείοσι
1565 2041 1657 2094 τοῦ
1689 2058 1945 2111 γεγεννη-

369 2135 529 2197 κότος
562 2130 703 2186 εἶναί
737 2134 795 2187 τέ
825 2150 985 2201 φασιν
1024 2134 1073 2185 οἱ
1101 2133 1344 2195 δείλαιοι,
1393 2133 1486 2185 καὶ
1518 2132 1577 2183 τὸ
1617 2131 1851 2201 έκφυλόν
1883 2150 1940 2185 τε

372 2223 472 2275 καὶ
496 2222 858 2294 δουλοπρεπὲς
880 2221 1027 2292 αὺτῷ
1062 2222 1465 2292 προσνέμοντες
1499 2221 1721 2291 μέτρον,
1751 2224 1811 2275 οὐ
1842 2239 1943 2274 κα-

370 2312 796 2382 ταπεφρὺιασιν.
832 2312 895 2364 Οἱ
927 2311 984 2363 δὲ
1014 2310 1090 2382 τῷ
1141 2312 1280 2381 ἁγίῳ
1310 2311 1589 2380 Πνεύματι
1627 2310 1688 2363 τδ
1730 2312 1944 2364 ἀνόσιόν

364 2416 427 2451 τε
459 2400 554 2452 καὶ
575 2400 812 2470 ἀκρατὲς
842 2400 1199 2470 έπιθήγοντες
1222 2400 1416 2471 στόμα,
1435 2400 1659 2463 δικαίως
1686 2400 1942 2453 ἀκούουσι

367 2489 463 2542 τοῦ
504 2490 786 2561 προφήτου
834 2488 1120 2559 λέγοντος·
1166 2508 1184 2542 ι
1220 2489 1414 2559 Ὑμεῖς
1454 2490 1511 2543 δὲ
1558 2489 1940 2560 προσαγάγετε

362 2573 493 2643 ὦδε,
521 2580 626 2632 υἱοὶ
646 2578 861 2649 ἄνομοι,
885 2578 1107 2651 σπέρμα
1139 2579 1345 2649 μοιχῶν
1371 2580 1465 2632 καὶ
1492 2580 1697 2650 πόρνης
1719 2596 1731 2609 ·
1758 2580 1816 2632 ὲν
1837 2579 1943 2635 τίνι

367 2670 787 2740 ἔνετρυφήσατε,
823 2671 919 2721 καὶ
940 2670 1033 2722 ἐπὶ
1060 2670 1166 2722 τίνι
1187 2669 1437 2740 ήνοίξατε
1463 2669 1523 2722 τὸ
1552 2670 1728 2740 στόμα
1750 2669 1903 2739 ὑμῶν
1924 2708 1940 2734 ,

360 2758 697 2815 καὶὲπὶτίνι
725 2758 1029 2831 ἓχαλάσατε
1047 2759 1146 2832 τήν
1171 2759 1423 2829 γλῶσσαν
1443 2760 1472 2814 ὗ
1480 2759 1597 2831 μῶν
1614 2775 1628 2826 ;
1652 2760 1764 2830 Οὐχ
1785 2759 1945 2830 ὑμεῖς

366 2855 492 2906 ἐστε
522 2852 689 2906 τέκνα
722 2853 1019 2917 ἀπωλείας,
1056 2853 1279 2924 σπέρμα
1312 2854 1543 2924 ἀνομον;
1579 2852 1717 2906 Ἀλλ’
1745 2853 1943 2907 ἐκεῖνοι

365 2946 472 3017 μὲν
497 2945 852 3016 πορεύσονται
886 2944 963 3015 τῷ
994 2944 1204 2998 ἑαυτῶν
1235 2945 1394 3015 φωτὶ,
1428 2946 1525 2999 καὶ
1563 2945 1767 3014 φλόγας
1793 2946 1944 3017 εὑρί-

368 3052 590 3090 σκουσιν
619 3034 727 3107 [ἵσ.
751 3034 1089 3108 εὑρήσουσι].
1110 3035 1177 3100 ἀς
1200 3036 1503 3102 ἐξέκαυσαν
1533 3036 1704 3090 αὐτοί.
1730 3056 1747 3088 ι
1766 3038 1945 3108 Ἡμᾶς

361 3125 423 3178 δὲ
482 3125 806 3192 ἀκόλουθον,
857 3121 938 3189 οἷς
976 3125 1267 3198 ὀρθότητος
1312 3126 1503 3197 μένει,
1546 3126 1707 3196 σοφόν
1750 3145 1807 3180 τε
1851 3128 1944 3182 καὶ

364 3216 571 3289 ἀκριϐῆ
599 3217 690 3271 τὸν
716 3220 801 3285 ἐφ’
846 3218 1064 3288 ἑκάστῳ
1112 3219 1221 3272 τῶν
1250 3219 1409 3274 θείων
1448 3219 1734 3291 δογμάτων
1769 3222 1939 3274 ποιεῖ-

367 3307 494 3360 σθαι
545 3307 737 3375 λόγον*
788 3310 883 3362 καὶ
928 3309 1030 3379 τῆς
1078 3309 1302 3363 ἐκείνων
1350 3310 1752 3382 ἀθυροστομίας
1801 3328 1942 3383 παρ-

363 3398 637 3453 αιτεῖσθαι
685 3398 753 3453 τά
784 3400 1137 3471 ἐγκλήματα·
1171 3403 1259 3455 ’ίνα
1303 3403 1379 3474 μή
1425 3420 1478 3455 τι
1514 3404 1816 3468 πταίοντες.
1846 3405 1940 3459 κα)⁸

366 3489 779 3560 ἁμαρτάνοντες
808 3492 888 3552 είς
915 3490 1043 3553 τοὺς
1069 3490 1352 3561 ἀδελφοὺς,
1394 3492 1719 3563 πλήττοντές
1748 3511 1805 3546 τε
1842 3495 1942 3547 αὐ·

365 3580 478 3632 τῶν
502 3581 599 3649 τὴν
639 3579 943 3650 συνείδησιν
986 3580 1340 3647 ἀσθενοῦσαν,
1374 3582 1454 3645 είς
1492 3583 1730 3652 Χριστὸν
1760 3584 1941 3656 ἀμαρ-

367 3674 642 3742 τάνωμεν.
678 3670 1067 3742 Ἀκουσὼμεθα
1098 3670 1209 3743 [Ion
1236 3671 1601 3744 ἀκουσόμεθα]
1622 3674 1731 3745 γὰρ
1760 3673 1942 3745 λέγον⁹

365 3780 461 3826 τος
492 3762 651 3826 εὐθύς
670 3780 683 3793 ’
720 3781 737 3814 ι
764 3763 887 3815 Ὅτι
917 3766 966 3816 εί
988 3766 1016 3816 ὁ
1042 3763 1234 3834 ἐχθρὸς
1259 3763 1501 3817 ὠνείδισέ
1534 3783 1621 3835 με,
1658 3766 1943 3838 ὑπήνεγκα

365 3854 436 3907 ἀν
460 3870 472 3882 ·
509 3852 603 3906 καὶ
639 3853 688 3904 εί
717 3855 744 3905 ό
776 3852 948 3921 μισῶν
975 3870 1044 3923 με
1083 3853 1171 3906 ἐπ’
1201 3852 1303 3923 ἐμὲ
1332 3854 1939 3925 ὲμεγαλορῤημόνησεν,

365 3942 610 4014 ἑκρύὸην
655 3944 722 3998 ἂν
776 3947 872 3999 ἀπ’
902 3944 1087 3999 αὐτοῦ.
1120 3945 1193 3998 Σὺ
1244 3944 1334 4008 δὲ,
1389 3943 1642 4015 ἄνθρωπε
1698 3943 1940 4014 ἰσόψυχε,

346 4034 593 4107 ,ἡγεμὼν
621 4053 744 4106 μου,
780 4037 874 4089 καὶ⁹
897 4036 1107 4106 γνωστέ
1134 4051 1269 4107 μου·
1297 4036 1357 4099 ὃς
1388 4037 1480 4088 ἐπὶ
1523 4037 1586 4088 τὸ
1618 4036 1749 4090 αὐτὸ
1783 4034 1943 4104 ὲγλύ-

2046 1946 2416 2001 adulterorum
2448 1959 2499 2002 et
2533 1950 2837 2005 meretricis
2866 1968 2879 2015 ;
2907 1951 2959 2004 in
2999 1966 3156 2019 quem
3179 1954 3431 2007 oblectati
3461 1959 3613 2023 estis,

2045 2042 2101 2085 et
2129 2033 2179 2085 in
2210 2049 2369 2103 quem
2394 2036 2685 2103 aperuistis
2717 2053 2778 2091 os
2814 2049 3072 2102 vestrum,
3102 2052 3156 2094 et
3187 2041 3237 2094 in
3272 2058 3429 2111 quem
3468 2045 3617 2099 laxa-

2045 2123 2144 2177 stis
2188 2123 2423 2193 linguam
2462 2130 2739 2181 vestram?
2768 2127 2958 2183 Nonne
2988 2144 3080 2185 vos
3121 2133 3252 2187 estis
3307 2134 3397 2189 lini
3432 2138 3615 2205 perdi-

2048 2215 2229 2279 tionis,
2275 2232 2458 2271 semen
2490 2219 2839 2288 iniquum“?
2883 2222 2987 2276 Sed
3020 2222 3093 2276 illi
3121 2226 3337 2292 quidem
3372 2226 3614 2283 ambula-

2044 2305 2181 2360 bunt
2216 2307 2265 2360 in
2297 2308 2500 2362 lumine
2528 2325 2647 2374 suo,
2679 2318 2729 2365 et
2760 2310 3006 2367 flammas
3041 2314 3316 2370 invenient
3345 2332 3480 2385 quas
3512 2319 3615 2388 ipsi
3660 2390 3661 2393 η

2046 2399 2410 2452 accenderunt
2437 2401 2502 2454 “.
2534 2419 2553 2451 ι
2597 2400 2760 2455 Nobis
2799 2410 3001 2469 autem,
3034 2406 3231 2474 quibus
3273 2417 3477 2463 rectum
3511 2409 3616 2465 iter

2042 2494 2127 2539 est
2149 2499 2315 2550 curae,
2350 2489 2602 2542 convenit
2632 2490 2908 2559 sapienter
2933 2500 2987 2546 et
3014 2504 3267 2550 accurate
3290 2498 3356 2549 de
3388 2498 3616 2567 singulis

2048 2573 2246 2629 divinis
2276 2575 2618 2644 dogmatibus
2650 2578 2819 2649 loqui,
2852 2595 3153 2651 cavereque
3200 2599 3265 2638 ne
3299 2585 3513 2640 illorum
3560 2588 3611 2641 in
3648 2628 3653 2637 .

2044 2664 2310 2734 loquendo
2339 2669 2660 2725 temeritatis
2703 2672 2907 2728 crimen
2945 2675 3306 2743 incuri-anius,
3341 2693 3413 2733 ne
3443 2680 3615 2734 oll'eu-

2044 2753 2232 2810 dentes
2268 2764 2323 2811 et
2361 2768 2647 2826 peccantes
2696 2760 2750 2814 in
2793 2761 3012 2829 fratres,
3051 2774 3105 2818 ct
3137 2768 3503 2834 percutientcs
3536 2769 3615 2822 iu-

2046 2845 2253 2902 flrmam
2297 2850 2533 2918 ipsorum
2575 2854 2986 2919 conscientiam,
3024 2857 3075 2910 in
3103 2857 3379 2913 Christum
3422 2874 3613 2929 pecce-

2046 2950 2162 2991 mus
2189 2935 2254 2989 ⁸³.
2292 2937 2439 2993 Illico
2464 2940 2607 2994 enim
2634 2942 2917 2998 audiemus
2948 2959 3069 2998 eum
3104 2946 3369 3001 dicentem
3391 2965 3405 3003 :
3426 2968 3445 3001 ι
3470 2950 3613 3016 Quo-

2044 3027 2191 3083 niam
2236 3029 2280 3084 si
2325 3029 2579 3087 inimicus
2632 3048 2787 3089 meus
2822 3035 3190 3093 maledixisset
3245 3038 3399 3105 mihi,
3451 3044 3614 3097 susti-

2045 3121 2284 3176 nuissem
2316 3123 2540 3193 utique;
2584 3134 2638 3180 et
2669 3126 2716 3180 si
2762 3126 2807 3182 is
2840 3128 2931 3197 qui
2979 3131 3166 3183 oderat
3196 3146 3300 3197 me,
3333 3148 3494 3202 super
3527 3150 3614 3190 me

2045 3225 2238 3280 magna
2289 3212 2503 3268 locutus
2553 3214 2768 3282 fuisset,
2813 3216 3216 3274 abscondisSem
3254 3206 3352 3277 l'me
3384 3224 3611 3279 forsitan

2042 3301 2111 3355 ab
2143 3316 2209 3357 eo
2244 3319 2259 3357 :
2294 3313 2347 3357 tu
2374 3318 2524 3370 vero,
2558 3307 2722 3361 homo
2750 3308 3041 3375 unanimis,
3064 3311 3168 3365 dux
3197 3326 3347 3366 meus
3372 3320 3426 3368 ct
3447 3321 3612 3369 notus

2042 3408 2214 3459 meus,
2254 3394 2343 3462 qui
2383 3397 2544 3451 simul
2589 3414 2798 3453 mecum
2831 3400 3013 3454 dulces
3045 3402 3296 3469 caplebas
3337 3404 3508 3471 cibos,
3560 3406 3613 3460 iu

2042 3484 2203 3539 domo
2232 3485 2324 3540 Dei
2348 3487 2742 3545 ambulavimus
2764 3505 2883 3544 cum
2912 3506 3176 3547 consensu
3208 3492 3272 3547 ".
3314 3512 3331 3544 ι
3368 3492 3472 3549 Sed
3499 3496 3613 3549 haec

2043 3576 2096 3630 in
2138 3578 2312 3647 capita
2350 3578 2690 3635 inimicorum
2734 3591 2966 3645 vertant,
2997 3582 3086 3652 qui
3115 3582 3311 3638 bellum
3352 3588 3613 3640 adversus

2042 3666 2343 3723 Salvatoris
2375 3671 2541 3724 nostri
2574 3670 2801 3740 gloriam
2833 3684 3207 3740 susceperunt,
3250 3681 3305 3727 et
3337 3672 3612 3741 conjecta:

2044 3756 2095 3810 in
2142 3771 2263 3811 eum
2326 3757 2688 3827 blasphemiae
2745 3775 2843 3828 pro
2905 3762 3114 3818 deliciis
3174 3764 3395 3818 habent.
3443 3763 3610 3820 Nobis

2041 3855 2245 3911 autem,
2280 3848 2490 3909 utdixi,
2533 3862 2953 3906 consentaneum
2982 3863 3065 3907 εει
3109 3868 3173 3907 ac
3219 3858 3607 3921 necessarium,

2043 3938 2133 4006 qui
2165 3951 2228 3991 ea
2264 3951 2454 4006 sapere
2481 3940 2759 3995 studemus
2788 3956 2906 4011 quae
2938 3942 3013 3996 illi
3054 3942 3289 4010 placent,
3324 3947 3609 4015 providere

2043 4042 2110 4081 ne
2150 4042 2330 4082 sermo
2386 4039 2569 4084 noster
2620 4045 2647 4083 a
2683 4032 2910 4086 veritate
2952 4032 3030 4087 ‘sit
3077 4043 3333 4098 remotus,
3365 4047 3456 4089 aut
3503 4036 3609 4090 alio

366 4128 543 4188 κανάς
587 4105 677 4197 μοι
713 4105 1010 4198 ὲδέσμαντα⁶
1046 4130 1104 4181 ὲν
1249 4129 1383 4196 οἴκῳ
1414 4126 1507 4181 τοῦ
1539 4127 1673 4179 Θεοῦ
1709 4126 1942 4199 ἐπορεύο

2046 4116 2296 4185 quopiam
2332 4120 2535 4180 tendat,
2579 4105 2653 4172 ac,
2673 4130 2881 4188 spectet
2911 4122 2979 4175 ad
3025 4123 3242 4177 inanem
3287 4124 3607 4192 vanitatem,

366 4217 546 4287 θημεν
593 4218 651 4269 ὲν
696 4218 939 4289 ὁμονοίᾳ.
974 4236 991 4267 ι
1025 4218 1166 4270 Ἀλλ’
1197 4217 1264 4271 τοι
1298 4218 1398 4287 μὲν
1431 4217 1506 4280 ὠς
1545 4216 1754 4288 ἐχθρῶν
1784 4218 1943 4272 ταυτὶ

2046 4208 2114 4275 is,
2169 4209 2407 4277 inquam,
2463 4211 2553 4280 qui
2606 4211 2671 4264 ad
2722 4211 2962 4266 subditos
3011 4213 3263 4277 habetur,
3322 4218 3415 4270 sed
3464 4219 3607 4287 quod

367 4305 635 4374 κεφαλὰς,
675 4306 723 4358 οἳ
749 4306 847 4375 τῆς
874 4303 968 4359 τοῦ
1001 4304 1255 4374 Σωτῆρος
1287 4306 1319 4374 ή
1329 4303 1444 4374 μῶν
1474 4302 1942 4373 καταστρατεύονι

2046 4309 2193 4354 recte
2240 4299 2478 4368 prolatus
2535 4302 2627 4365 sit,
2660 4302 2830 4369 ipsius
2861 4303 3105 4358 veritatis
3156 4303 3413 4376 suffragio
3456 4324 3607 4363 com-

340 4388 460 4451 Vrat
482 4397 664 4467 δόξης,
694 4397 788 4450 καὶ
814 4396 1026 4468 τρυφὴν
1054 4396 1314 4467 ἡγοῦνται
1343 4396 1440 4459 τὰς
1478 4396 1556 4457 εἰς
1594 4395 1755 4447 αὑτὸν
1776 4393 1940 4464 βλασ-

2046 4389 2351 4445 mendetur.
2405 4388 2529 4444 Ila-c
2583 4397 2763 4445 autem
2812 4407 2878 4445 eo
2926 4393 3070 4458 dico,
3122 4397 3248 4463 quia
3297 4397 3349 4451 in
3410 4398 3607 4453 librum

367 4488 599 4558 φημίας’
617 4489 762 4559 ἡμᾶς
777 4487 858 4551 δὲ,
877 4487 954 4551 ὡς
970 4487 1125 4557 ἔφην,
1145 4484 1432 4539 ἀκόλουθόν
1447 4501 1507 4536 τε
1530 4484 1624 4537 καὶ
1643 4485 1937 4552 ἀναγκαῖον

2046 4482 2329 4549 quemdam
2381 4497 2408 4534 a
2446 4484 2683 4551 quodam
2731 4484 3088 4551 compositum
3153 4486 3338 4552 incidi,
3396 4488 3447 4547 in
3502 4504 3612 4559 quo

366 4581 496 4642 τοὺς
516 4579 583 4631 τά
604 4578 750 4650 αύτῴ
766 4577 1029 4632 δοκοῦντα
1055 4580 1268 4648 φρονεῖν
1292 4574 1714 4640 σπουδάζοντας,
1748 4576 1821 4645 μὴ
1841 4575 1940 4645 τῆς

370 4669 629 4738 ἀληθείας
651 4669 1135 4740 έκκεκομισμένον,
1154 4668 1318 4739 ήγουν
1335 4666 1565 4737 ἑτέρωσέ
1595 4681 1685 4718 ποι
1707 4665 1944 4735 διᾴττον-

366 4779 462 4824 τα,
488 4762 584 4813 καὶ
611 4761 900 4814 νενευκότα
918 4761 1052 4830 πρὸς
1083 4758 1142 4811 τὸ
1162 4756 1528 4825 ὲξίτηλον,τδν
1553 4755 1686 4827 πρός
1709 4772 1771 4822 γε
1802 4773 1871 4825 φη
1881 4757 1942 4825 μὶ

366 4854 495 4916 τοὺς
513 4851 617 4905 ὑπὸ
640 4854 815 4923 χεῖρα,
832 4852 925 4905 καὶ
940 4853 1060 4911 ταῖς
1081 4851 1160 4911 εἰς
1183 4849 1450 4919 ὀρθότητα
1471 4848 1675 4918 ψήφοις
1697 4846 1755 4911 ἐξ
1774 4847 1943 4917 αὐτῆς

366 4946 469 5013 τῆς
503 4942 760 5014 ἀληθείας
811 4938 1260 5009 στεφανούμενον.
1290 4940 1396 4991 Kal.
1433 4936 1605 4991 ταῦτά
1634 4953 1796 5006 φημι,
1835 4937 1943 4989 τινὶ

366 5034 478 5088 τῶν
514 5033 732 5104 βιϐλίων
764 5030 1073 5103 περιτυχὼν
1121 5029 1226 5081 ὑπό
1258 5046 1351 5081 του
1396 5028 1814 5098 συντεθειμένῳ,
1844 5027 1940 5081 καὶ

368 5124 576 5195 πολλὴν
611 5124 710 5195 μὲν
745 5123 921 5194 ἔχοντι
954 5118 1065 5174 τῶν
1093 5120 1317 5190 ὁμιλιῶν
1358 5119 1458 5189 τὴν
1487 5118 1754 5188 ἄθροισιν,
1795 5136 1937 5172 στοι-

367 5214 532 5287 χηδὸν
556 5213 633 5275 δὲ,
674 5214 768 5266 καὶ
805 5212 879 5273 ὡς
931 5210 989 5263 ὲν
1021 5208 1173 5271 τάξει
1203 5208 1489 5277 κειμένων,
1521 5207 1851 5277 ὴμοιρηκόσι
1881 5206 1938 5259 δὲ

370 5306 490 5359 κατ’
526 5303 716 5357 οὐδένα
744 5302 941 5372 τρόπον
969 5299 1065 5354 τοῦ
1094 5297 1418 5369 κατέχεσθαι
1451 5297 1577 5350 δεῖν.
1617 5299 1724 5350 Καὶ
1754 5298 1801 5349 εί
1840 5297 1942 5366 μὲν

368 5392 586 5465 εἴρηταί
626 5410 679 5445 τι
710 5392 860 5462 παρά
888 5390 983 5444 τοῦ
1020 5390 1483 5460 συγγεγραφότος,
1513 5388 1541 5441 ὃ
1569 5391 1688 5450 ταῖς
1726 5390 1806 5450 εἰς
1844 5388 1942 5458 λή-

368 5484 470 5554 θην
514 5483 843 5554 ἀποδημίαις
890 5481 1203 5553 ὴφανίξετο,
1239 5480 1341 5534 κᾶν
1384 5480 1566 5551 ᾠήθην
1610 5479 1741 5542 δεῖν,
1785 5479 1942 5551 σιγὴν

2045 4570 2194 4624 multi
2259 4580 2413 4624 erant
2471 4572 2714 4641 congesti
2772 4588 3049 4629 sermones
3099 4590 3196 4644 per
3245 4578 3509 4634 elementa
3554 4590 3611 4636 et

2040 4662 2188 4716 velut
2230 4664 2418 4717 ordine
2474 4664 2739 4733 dispositi,
2794 4665 3047 4736 nullaque
3102 4670 3237 4721 ratio
3293 4670 3344 4723 ei
3399 4672 3605 4739 deerat,

2041 4755 2330 4823 quominus
2361 4755 2582 4809 retineri
2618 4766 2819 4825 posset.
2845 4755 2901 4828 4
2935 4759 3011 4812 Ac
3040 4758 3084 4812 si
3114 4774 3141 4811 a
3171 4759 3441 4828 scriptore
3466 4763 3611 4830 ejus-

2042 4845 2187 4899 modi
2220 4845 2421 4915 aliquid
2454 4846 2657 4901 dictum
2692 4858 2854 4912 esset,
2886 4849 3028 4917 quod
3060 4850 3317 4905 oblivioni
3352 4854 3607 4909 traditum

2048 4946 2414 5001 evanesceret,
2455 4938 2640 4993 forsan
2689 4939 2875 5008 utique
2920 4942 3232 4996 statuissem
3278 4953 3334 4998 et
3363 4945 3495 5000 mlhi
3538 4947 3613 5001 si-

2046 5024 2260 5079 lendum
2294 5041 2437 5091 esse,
2483 5038 2538 5082 et
2580 5030 2791 5083 caeteris
2826 5030 3214 5087 consulendum
3259 5042 3317 5087 ut
3355 5034 3495 5090 idem
3532 5036 3610 5091 fa-

2043 5125 2264 5179 cerent,
2323 5132 2392 5171 ne
2442 5118 2625 5175 multis
2681 5118 2801 5175 aliis
2846 5122 3181 5190 posterisque
3236 5126 3432 5180 nostris
3486 5137 3610 5180 nota

2046 5220 2226 5263 essent
2260 5217 2369 5262 tam
2394 5209 2625 5265 absurde
2663 5219 2880 5279 tamque
2910 5213 3282 5279 imprudenter
3311 5215 3479 5271 dicta.
3505 5217 3610 5269 Sed

2045 5301 2172 5368 quia
2207 5299 2659 5369 blasphemiarum
2693 5303 2845 5357 turba
2875 5303 2927 5356 in
2956 5316 3022 5357 eo
3049 5303 3185 5357 libro
3222 5315 3475 5374 congesta
3506 5317 3611 5372 est,

2045 5401 2100 5444 et
2136 5393 2359 5444 multum
2401 5392 2661 5447 adversus
2698 5392 2946 5461 dogmata
2979 5393 3226 5448 veritatis
3256 5393 3610 5448 declamatnm

2047 5488 2101 5534 et
2152 5480 2545 5549 oblateratum,
2589 5483 2861 5550 quomodo
2913 5495 3021 5536 non
3084 5485 3452 5538 necessarium
3514 5483 3613 5537 fuit

441 5683 881 5756 'Isa,m,_io._
950 5681 1424 5756 ’Μειιιιιτδιυδᾶ
1503 5682 1801 5739 ⁸ἱίιὶιΙ.’55.
1885 5683 1943 5737 'l

2046 5698 2130 5737 or.
2165 5699 2238 5750 tv,
2271 5685 2323 5739 μί.
2405 5688 2445 5717 ¹⁶
2480 5687 2580 5743 lsa.
2610 5701 2742 5753 LVII,
2774 5687 2826 5740 4.
2909 5685 2949 5716 ἰ
2978 5682 3081 5740 lsa.
3116 5698 3165 5750 ι,
3193 5684 3282 5739 11..
3361 5680 3447 5756 ιι]
3477 5683 3607 5741 Cor.

367 5774 485 5825 vm,
525 5755 611 5813 12.
692 5755 734 5784 "
762 5753 904 5808 Psal.
934 5767 1040 5822 Ltv,
1078 5752 1266 5807 15-15.
