4024 6466
571 376 638 434 19
1551 380 1608 437 S.
1650 379 1922 437 CYRILLI
1959 378 2424 437 ALEXANDRINI
2463 383 2777 441 MlClllEl’.
3743 375 3819 431 9ο

571 495 869 553 sententias
885 510 1104 553 necesse
1137 505 1239 561 est,
1273 498 1416 563 date,
1450 497 1696 562 obsecro,
1724 499 1880 554 nobis
1901 499 2134 564 veniam,

2246 501 2529 572 γνώσομαι
2555 503 2664 574 γὰρ
2688 503 2788 580 ἤδη
2814 501 2911 566 τὰς
2935 502 3026 556 τοῦ
3052 502 3113 555 τὸ
3149 500 3348 572 βιϐλίον
3379 493 3821 567 συγγεγραφότος

569 586 660 656 qui
693 602 796 642 non
837 598 1027 658 sponte
1051 590 1117 642 ad
1152 587 1314 642 verba
1358 586 1544 640 eadem
1581 587 1824 642 iteranda
1866 589 2130 654 venimus,

570 676 665 732 sed
707 693 1026 748 quacunque
1073 679 1216 734 illius
1250 679 1534 733 verborum
1575 693 1772 748 scapus
1802 681 1998 750 pergit,
2034 681 2133 735 ibi-

568 767 690 822 dem
721 767 796 821 illi
840 769 1228 823 occurrendum
1261 783 1380 823 esse
1418 768 1782 824 decrevimus.
1833 770 1923 826 Sic
1969 771 2133 842 igitur

571 855 849 912 dixitcum
885 873 1068 913 vocem
1105 858 1248 912 illam
1301 857 1629 928 improbaret
1680 860 1732 914 in
1780 869 1964 915 sancta
2011 861 2134 916 Vir-

569 948 711 1015 gine,
737 948 984 1021 Deipara,
1013 953 1225 1022 inquam
1261 969 1276 1004 :

2252 592 2434 662 φωνάς
2457 609 2470 620 ’
2504 593 2596 646 καὶ
2631 594 2737 663 πρό
2763 609 2826 661 γε
2850 592 2957 646 τῶν
2987 591 3160 647 ἄλλων
3185 591 3418 653 ὲκείνας,
3452 587 3508 640 αἶ
3533 585 3824 655 γεγόνασιν

2243 682 2412 753 αὑτῷ,
2445 682 2545 752 τῆς
2573 684 2855 749 Θεοτόκος
2888 685 3069 754 φωνῆς
3097 684 3156 738 οὑ
3189 682 3423 754 μετρίως
3445 675 3818 747 κατειρηκότι.

2256 773 2472 845 Ἐπειδὴ
2503 773 2559 826 δὲ
2589 773 2902 838 πλειστάκις
2928 773 3016 828 διὰ
3043 773 3152 827 τῶν
3183 771 3594 842 αὑτῶνέρχεται
3618 767 3822 834 λόγων,

2239 865 2530 919 ἁντανιστα
2537 864 2732 935 μένους
2745 865 2800 917 δὲ
2815 865 2910 918 καὶ
2929 865 3076 935 ἡμᾶς
3086 863 3174 918 διὰ
3193 863 3298 916 τῶν
3314 861 3493 915 αὑτῶν
3513 859 3646 913 ἱέναι
3667 855 3822 909 πλει-

2247 955 2436 1018 στάκις
2467 954 2707 1017 ἐννοιῶν,
2731 955 3050 1022 ἀναγκαῖον,
3067 955 3181 1008 δότε
3210 953 3294 1022 δὴ,
3315 952 3433 1006 δότε
3458 945 3818 1027 συγγνώμην,

565 1039 632 1097 οὑ
662 1044 978 1094 ταυτοεπεῖν
1002 1043 1316 1113 ᾑρημένοις,
1341 1042 1454 1095 ἀλλ’
1481 1039 1624 1115 ᾗπερ
1652 1044 1718 1098 ἂν
1749 1047 1817 1098 tot
1847 1044 1955 1097 τῶν
1985 1045 2194 1098 ἐκείνου
2223 1044 2396 1114 λόγων
2427 1047 2455 1099 ό
2485 1045 2708 1108 σκοπὸς,
2736 1045 2912 1117 ταύτῃ
2931 1045 3023 1098 καὶ
3057 1046 3187 1115 ἡμῖν
3215 1041 3600 1114 ἀντιφέρεσθαι
3617 1041 3727 1093 δεῖν
3753 1035 3815 1093 εὖ

574 1130 721 1196 μάλα
756 1132 1122 1200 διεγνωκόσιν.
1151 1134 1294 1204 Ἔφη
1333 1135 1512 1188 τοίνυν
1546 1135 1663 1202 ὡδὶ,
1692 1136 1788 1207 τὴν
1833 1137 1924 1190 ἐπί
1963 1153 2026 1205 γε
2060 1139 2129 1208 τῇ
2169 1137 2300 1208 ἁγίᾳ
2331 1137 2597 1208 Παρθένῳ
2659 1135 3132 1208 κατακιῦδηλεύων
3200 1135 3408 1205 φωνὴν,
3447 1133 3590 1203 φημὶ
3631 1131 3687 1184 δὲ
3712 1129 3820 1200 τὴν
3863 1197 3883 1224 Α

572 1222 877 1288 Θεοτόκος.

640 1311 884 1367 Νεετοιι.
909 1313 1106 1385 [Sarpe,
1132 1316 1328 1386 inquit,
1352 1317 1474 1373 illos
1489 1319 1667 1389 rogavi
1688 1320 1802 1389 (eos
1824 1320 2028 1375 scilicet
2048 1319 2136 1388 qui

570 1399 668 1467 ipsi
693 1402 1178 1472 contradicebanl),
1204 1403 1340 1458 Num
1368 1406 1631 1460 Dcitatem
1654 1407 1834 1463 dicitis
1859 1424 1925 1462 ex
1949 1419 2138 1463 sancta

571 1489 794 1559 Virgine
827 1495 1050 1548 natam?
1076 1495 1152 1548 Ad
1185 1494 1298 1550 lucc
1327 1497 1487 1552 verba
1531 1497 1676 1552 illico
1707 1498 1996 1552 resiliunt:
2031 1497 2135 1552 Ec-

569 1582 712 1650 quis,
761 1583 1031 1652 inquiunt,
1081 1594 1232 1640 tanto
1264 1585 1614 1656 blasphemia:
1661 1588 1849 1644 morbo
1897 1589 2130 1654 laborat,

575 1683 631 1726 ιιι
662 1689 782 1743 qua:
819 1675 1075 1744 templum
1123 1677 1327 1746 genuit,
1365 1678 1599 1748 Spiritus
1639 1682 1814 1735 sancti
1863 1695 2046 1750 opera,
2083 1679 2135 1735 in

570 1777 631 1815 ea
664 1761 832 1816 Deum
868 1763 1037 1832 ipsum
1068 1774 1308 1820 creatum
1339 1768 1523 1822 dicat!
1554 1767 1754 1823 Deinde
1783 1784 1905 1824 cum
1931 1771 1996 1824 ad
2025 1772 2138 1825 haec

571 1851 800 1921 subjicio
841 1872 854 1908 :
893 1855 1030 1923 Quid
1070 1857 1230 1924 igitur
1260 1859 1494 1913 absurde
1523 1859 1718 1912 dicitur
1749 1875 1777 1914 a
1807 1859 1983 1925 nobis,
2013 1875 2134 1914 cum

569 1956 757 1996 vocem
788 1943 927 1998 hanc
961 1943 1155 2000 efferre
1187 1947 1400 2014 quidem
1429 1948 1739 2013 suademus,
1770 1950 1862 2003 sed
1891 1951 1955 2003 ad
1987 1964 2134 2004 com-

572 2045 735 2086 mune
778 2032 989 2089 duabus
1039 2035 1251 2089 naturis
1297 2035 1652 2105 signiﬁcatum
1699 2039 1963 2107 pergere?
2000 2036 2136 2092 Tum

569 2132 699 2175 vero
726 2129 914 2189 putant
963 2121 1339 2193 blasphemum
1376 2136 1496 2177 esse
1542 2125 1686 2192 quod
1730 2125 2002 2180 dicimus:
2031 2126 2137 2179 Aut

569 2220 752 2279 aperte
790 2213 1050 2268 confitere
1078 2213 1418 2268 divinitatem
1456 2227 1522 2268 ex
1569 2217 1724 2269 beata
1772 2214 1942 2270 Maria
1985 2215 2136 2286 geni-

572 2309 702 2364 tam,
733 2312 825 2356 aut
859 2302 904 2356 si
951 2312 1008 2356 ut
1041 2301 1408 2372 blaSpltemam
1441 2303 1582 2374 fugis
1613 2306 1756 2359 hanc
1786 2319 1998 2370 vocem,
2040 2319 2138 2360 cur

569 2389 661 2459 qui
693 2391 879 2446 eadem
903 2401 1067 2464 atque
1090 2405 1191 2462 ego
1213 2393 1371 2460 dicis,
1402 2403 1453 2449 te
1479 2394 1622 2450 haud
1651 2395 1830 2451 dicere
1850 2395 2072 2451 simulas
2089 2395 2136 2468 ?]

637 2564 690 2634 7
715 2562 855 2636 Ergo
879 2581 942 2620 ex
975 2566 1059 2622 his
1079 2581 1199 2636 quae
1229 2567 1566 2638 dicis,atque
1596 2568 1758 2623 etiam
1789 2569 1975 2624 nescio
1999 2583 2134 2638 quo-

569 2654 728 2709 modo
759 2656 1099 2711 sentiendum
1127 2667 1309 2728 putas,
1338 2659 1406 2713 de
1439 2660 1504 2713 iis
1528 2659 1620 2728 qui
1650 2666 1837 2715 contra
1861 2661 2131 2726 sentiunt,

569 2753 754 2814 aperte
779 2747 1145 2803 testimonium
1185 2749 1362 2804 fertur
1388 2751 1551 2804 etiam
1588 2760 1692 2806 tua;
1718 2752 1866 2807 vocis
1912 2753 2133 2807 confes-

568 2833 737 2902 sione,
765 2847 963 2892 rectam
985 2839 1105 2894 illos
1129 2855 1194 2896 ac
1216 2856 1403 2896 veram
1432 2841 1758 2897 sententiam
1794 2845 1861 2898 de
1887 2853 2129 2899 nostrum

566 2927 804 2980 omnium
835 2927 1116 2985 Salvatore
1130 2929 1348 2987 Christo
1372 2943 1577 2997 tenere,
1605 2943 1661 2987 et
1683 2933 1841 2988 ﬁdem
1875 2935 1926 2989 in
1952 2935 2132 2989 animo

2310 1317 2658 1392 [Ἦρὼτησα.
2691 1315 2845 1384 φησι,
2882 1313 3139 1375 πολλάκις
3179 1311 3378 1374 αὐτοὺς
3421 1310 3599 1379 (δῆλον
3638 1310 3693 1364 δὲ
3732 1311 3826 1366 ὅτε

2237 1410 2362 1471 τοὺς
2394 1406 2770 1474 ἀντιλέγοντας
2788 1403 2994 1472 αὑτοῦ)⁶
3012 1403 3124 1472 Τὴν
3158 1401 3390 1470 θεότητα
3409 1401 3594 1466 λέγετε
3623 1417 3818 1468 γεγενο

2242 1499 2440 1568 νῆσθαι
2475 1499 2538 1550 ἐκ
2566 1499 2663 1566 τῆς
2697 1494 2859 1563 ἁγίας
2893 1492 3210 1565 Παρθένου;
3250 1489 3622 1560 ’Λποπηδῶσιν
3652 1490 3828 1553 εὐθὺς

2243 1590 2380 1660 πρὸς
2406 1587 2466 1641 τὸ
2497 1587 2646 1658 ῥῆμα
2667 1601 2681 1616 ·
2712 1585 2819 1637 Καὶ
2847 1583 2952 1647 τίς,
2977 1582 3133 1652 φασὶ,
3164 1579 3432 1649 τοσαύτην
3466 1579 3826 1649 βλασφημίαν

2244 1679 2408 1740 νοσεῖ,
2439 1676 2577 1730 ὣστε
2611 1674 2826 1744 ἐκείνην
2865 1672 2960 1743 τὴν
2988 1671 3324 1741 γεννῆσασαν
3355 1669 3446 1721 τὸν
3475 1667 3600 1721 ναὸν
3633 1667 3823 1735 λέγειν

2239 1766 2394 1836 παρὰ
2418 1765 2512 1819 τοῦ
2561 1762 2880 1833 Πνεύματος
2907 1760 2997 1813 τὸν
3039 1759 3170 1812 Θεὸν
3213 1760 3270 1812 ὲν
3316 1757 3502 1827 ἐκείνῃ
3534 1757 3824 1824 έκτίσθαι;

2240 1853 2371 1910 Εἶτα
2397 1857 2526 1908 ὅταν
2547 1852 2812 1921 ἐπαγάγω
2838 1850 2975 1922 πρὸς
2995 1849 3191 1915 ταῦτα,
3217 1849 3283 1900 Τί
3312 1843 3403 1902 οὖν
3431 1847 3629 1900 ἄτοπον
3655 1849 3823 1917 ἡμεῖς

2237 1944 2468 2016 λέγομεν
2494 1961 2558 1997 συ
2567 1942 2955 2014 μϐουλεύοντες
2981 1941 3159 2008 λέγειν
3190 1939 3290 2009 τὴν
3322 1939 3526 2010 φωνὴν,
3555 1939 3649 1992 καὶ
3670 1937 3828 2009 {pys-

2241 2037 2364 2090 σθαι
2400 2036 2494 2089 ἐπὶ
2530 2034 2591 2088 τὸ
2632 2034 2809 2087 κοινὸν
2860 2031 3255 2104 σημαινόμενον
3284 2031 3392 2084 τῶν
3440 2030 3533 2084 δύο
3563 2029 3826 2098 φύσεων;

2237 2127 2371 2182 Τότε
2405 2125 2685 2197 νομίζεται
2721 2126 2906 2188 αὑτοῖς
2944 2119 3083 2178 εἷναι
3132 2123 3448 2194 βλάσφημον
3491 2122 3550 2175 τὸ
3590 2121 3819 2192 λεγόμε-

2237 2232 2355 2272 νον·
2399 2217 2468 2272 ’Ἡ
2500 2216 2833 2288 ὁμολόγησον
2865 2214 3052 2284 σαφῶς
3083 2212 3311 2281 θεότητα
3358 2211 3712 2283 γεγεννῆσθαι
3750 2211 3818 2266 ἐκ

2235 2309 2337 2380 τῆς
2375 2307 2655 2381 μακαρίας
2711 2306 2953 2376 Μαρίας,
3007 2305 3041 2375 ἢ
3099 2306 3316 2374 φεύγων
3366 2304 3440 2366 ὡς
3491 2303 3826 2373 βλάσφημον-

2234 2401 2335 2470 τὴν
2388 2397 2592 2468 φωνὴν,
2641 2396 2695 2450 τί
2736 2395 2805 2450 τὰ
2843 2395 2982 2451 αὑτά
3018 2412 3109 2466 μοι
3159 2394 3368 2464 λέγων,
3423 2393 3692 2466 ὑποκρίνῃ
3735 2393 3830 2466 μὴ

2233 2489 2415 2558 λέγειν
2431 2485 2470 2559 ;]

2306 2577 2515 2634 Οὐκοῦν
2557 2574 2638 2642 οἷς
2681 2575 2816 2647 ἔφης
2861 2573 3040 2637 αὐτὸς,
3070 2572 3166 2626 κατ⁵
3204 2572 3310 2642 μὴν
3340 2571 3434 2625 καὶ
3464 2571 3677 2642 φρονεῖν
3715 2569 3824 2623 οὑκ

2235 2668 2328 2726 οἷδ’
2361 2671 2510 2734 ὅπως
2552 2667 2743 2733 ἀξιοῖς,
2771 2666 2823 2719 oi
2851 2666 2920 2718 τά
2950 2663 3164 2719 ἐναντία
3210 2660 3545 2728 δοξάζοντες,
3591 2676 3818 2729 μεμαρ-

2234 2759 2496 2832 τύρηνται
2543 2755 2728 2826 σαφῶς
2761 2754 2854 2809 καὶ
2893 2753 2979 2808 διὰ
3012 2755 3109 2824 τῆς
3147 2752 3244 2822 σῆς
3273 2751 3478 2819 φωνῆς.
3510 2749 3678 2821 ὀρθὴν
3718 2750 3826 2801 καὶ

2235 2848 2647 2917 ἀπλανεστάτην
2679 2846 2777 2917 τὴν
2814 2844 2907 2899 έπί
2934 2861 2998 2913 γε
3040 2844 3121 2916 τῷ
3167 2843 3385 2897 πάντων
3411 2840 3568 2910 ἡμῶν
3599 2840 3822 2911 Σωτῆρι

2235 2939 2474 3013 Χριστῷ,
2505 2937 2812 3008 ποιούμενοι
2866 2934 3057 3002 δόξαν,
3095 2937 3188 2988 καὶ
3239 2933 3420 2986 πίστιν
3466 2931 3676 3001 ἔχοντες
3734 2933 3826 2993 εἰς

569 3016 787 3082 habere,
819 3033 980 3087 quam
1016 3021 1051 3076 ii
1084 3022 1176 3093 qui
1213 3023 1281 3077 ab
1316 3023 1473 3079 initio
1496 3024 1594 3092 ipsi
1631 3024 1909 3092 viderunt,
1940 3034 1994 3079 et
2025 3025 2131 3079 mi-

2243 3031 2380 3096 νοῢν,
2398 3030 2464 3101 ἢν
2481 3031 2600 3092 ταῖς
2624 3026 2973 3097 Ἑκκλησίαις
2996 3024 3440 3096 παραδεδώκασιν
3460 3025 3506 3076 oi
3526 3023 3620 3076 ἀπ’
3642 3024 3822 3092 ἀρχῆς

567 3107 723 3162 nistri
746 3107 966 3164 fuerunt
995 3113 1286 3178 sermonis,
1309 3114 1726 3184 divinorumque
1749 3116 2129 3186 mysteriorum

569 3210 875 3256 nostrorum
905 3205 1214 3259 sacerdotes
1256 3205 1768 3275 dispensatoresque
1812 3205 1993 3260 lideles
2025 3205 2131 3260 Ec-

567 3289 746 3346 clesiis
773 3292 1113 3349 tradiderunt
1149 3295 1214 3350 ³ο.
1247 3295 1378 3350 Jure
1418 3295 1560 3351 enim
1605 3306 1856 3366 tanquam
1907 3296 2133 3352 inscitiae

566 3395 896 3454 summaque
947 3385 1239 3454 impietatis
1285 3387 1507 3442 evidens
1549 3399 1923 3458 argumentum
1977 3404 2132 3442 aver-

565 3483 759 3528 santur
786 3474 869 3528 vel
904 3475 1018 3529 sola
1063 3477 1467 3532 existimatione
1505 3479 1794 3547 concipere
1819 3519 1833 3544 ,
1893 3479 2020 3532 illud
2065 3494 2129 3533 ex

579 3561 686 3618 Deo
707 3563 872 3619 Patre
899 3564 1134 3620 Verbum
1162 3566 1227 3620 ad
1261 3566 1556 3622 secundum
1582 3569 1793 3622 initium
1817 3577 1873 3622 ut
1903 3586 2022 3623 esse
2051 3569 2130 3622 in-

570 3657 778 3723 ciperet
811 3667 1059 3711 vocatum
1082 3672 1222 3722 esse,
1259 3661 1342 3712 vel
1373 3669 1571 3713 sanctae
1619 3658 1860 3727 Virginis
1909 3673 2128 3712 carnem

569 3761 680 3801 sua:
706 3747 1038 3803 exsisteutia:
1063 3748 1204 3802 velut
1245 3750 1476 3804 radicem
1505 3751 1792 3818 quamdam
1813 3750 2088 3818 accepisse
2114 3762 2129 3802 :

569 3839 663 3891 sed
697 3847 874 3892 tamen
912 3840 1081 3907 ipsam
1121 3839 1211 3894 Dei
1261 3841 1575 3910 genitricem
1627 3849 1864 3905 vocant,
1921 3849 1979 3894 ut
2013 3857 2132 3910 quae

571 3927 717 3982 illum
738 3927 1166 3992 Emmanuelem,
1202 3932 1291 4000 qui
1328 3946 1392 3985 ex
1425 3941 1616 3984 natura
1653 3932 1792 3987 Deus
1824 3941 1928 3995 est,
1961 3947 2125 4000 pepe-

571 4017 702 4071 rerit
733 4032 748 4070 :
783 4031 906 4072 nam
969 4018 1098 4074 illud
1152 4016 1384 4076 Verbum
1447 4022 1644 4077 factum
1691 4031 1773 4077 est
1824 4023 2132 4086 nobiscum,

570 4109 713 4175 quod
740 4124 807 4165 ex
839 4122 1032 4166 natura
1067 4113 1207 4168 Deus
1234 4124 1290 4169 et
1321 4130 1482 4185 supra
1508 4129 1605 4170 nos
1631 4126 1770 4170 erat.
1798 4115 1937 4170 Num
1967 4116 2136 4185 igitur

574 4199 639 4255 iis
693 4215 811 4270 quae
841 4207 1080 4260 sentiunt
1135 4208 1407 4260 contraria
1449 4207 1748 4261 asserunt?
1781 4207 1933 4262 Dicet
1965 4208 2132 4275 enim,

572 4301 629 4346 ut
667 4303 816 4362 puto,
852 4297 1118 4366 quispiam
1169 4313 1232 4352 ex
1281 4298 1348 4352 iis
1394 4298 1485 4366 qui
1533 4309 1708 4353 tecum
1745 4299 1990 4354 sentiunt
2028 4315 2040 4350 :
2076 4299 2133 4354 Si

573 4381 732 4439 Verbi
765 4396 1009 4442 naturam
1046 4390 1250 4458 prolem
1280 4406 1402 4447 esse
1424 4391 1605 4446 carnis
1634 4407 1798 4461 negas
1822 4430 1836 4455 ,
1873 4403 1925 4444 et
1957 4403 2007 4447 te
2039 4393 2140 4446 hoc

2239 3119 2504 3174 αὐτόπται
2533 3117 2627 3170 καὶ
2656 3114 2925 3187 ὑπηρέται
2953 3114 3233 3184 γενόμενοι
3257 3113 3352 3167 τοῦ
3381 3111 3562 3180 λόγου,
3586 3111 3681 3163 καὶ
3706 3111 3830 3162 τῶν

2240 3213 2398 3264 θείων
2418 3209 2575 3281 ήμῶν
2601 3207 2913 3279 μυστηρίων
2933 3206 3223 3276 ἱερουργοὶ,
3248 3205 3342 3258 καὶ
3362 3203 3552 3274 ταμίαι
3572 3203 3817 3271 γνήσιοι·

2240 3301 2587 3356 ἀποσείονται
2638 3299 2736 3370 μὲν
2775 3299 2883 3367 γὰρ
2929 3296 3022 3349 καὶ
3071 3295 3214 3365 μάλα
3243 3293 3437 3364 ὀρθῶς,
3471 3293 3546 3355 ὡς
3575 3292 3829 3362 ἀμαθίας

2238 3408 2298 3444 τε
2322 3388 2456 3460 ὁμοῦ
2485 3388 2576 3442 καὶ
2607 3389 2707 3457 τῆς
2748 3387 2827 3449 είς
2863 3383 3030 3457 ἄκρον
3074 3384 3312 3457 ἡκούσης
3339 3382 3653 3446 δυσσεϐείας
3681 3382 3821 3435 ἀπό-

2237 3481 2400 3546 δειξιν
2434 3479 2659 3550 ἐναργῆ,
2689 3479 2750 3530 τὸ
2800 3477 2905 3531 κᾶν
2954 3475 3084 3544 γοῦν
3130 3475 3379 3546 οἰηθῆναι
3426 3475 3606 3545 μόνον,
3631 3476 3719 3526 τὸν
3753 3474 3828 3524 ἐκ

2240 3571 2376 3624 Θεοῦ
2419 3571 2630 3640 Πατρὸς
2664 3569 2836 3637 Λόγον
2869 3568 2948 3631 είς
2979 3567 3149 3639 ἀρχὴν
3195 3565 3288 3620 τοῦ
3337 3561 3474 3619 εἶναι
3519 3563 3826 3631 κεκλῆσθαι

2241 3660 2522 3731 δευτέραν,
2559 3660 2726 3728 ἤγουν
2773 3661 2873 3727 τῆς
2921 3657 3056 3720 ίδίας
3099 3654 3387 3725 ὑπάρξεως
3435 3652 3590 3722 ῥίζαν
3629 3650 3826 3719 ῶσπερ

2241 3753 2381 3816 τινὰ,
2414 3744 2511 3821 τῆς
2547 3751 2708 3817 ἁγίας
2742 3747 3017 3818 Παρθένου
3066 3745 3159 3815 τὴν
3203 3744 3384 3815 σάρκα
3428 3742 3642 3796 λαϐεῖν’
3677 3740 3826 3810 πλὴν

2242 3841 2566 3914 ὀνομάζουσι
2583 3839 2844 3891 Θεοτόκον
2870 3835 3060 3904 αὑτὴν,
3080 3835 3154 3897 ὡς
3176 3832 3546 3886 ἀπο-τεκοῦσαν
3574 3828 3824 3900 δηλονότι

2241 3934 2371 3988 Θεὸν
2401 3933 2530 3985 ὅντα
2575 3927 2716 3983 κατὰ
2748 3927 2908 3996 φύσιν
2941 3925 3031 3978 τὸν
3062 3922 3411 3994 Ἐμμανουήλ
3435 3939 3448 3954 ο
3480 3921 3666 3989 γέγονε
3710 3919 3826 3990 γὰρ

2246 4025 2363 4094 μεθ’
2391 4021 2547 4094 ήμῶν
2575 4020 2708 4082 Θεὸς
2754 4017 2830 4070 ὢν
2876 4016 3055 4086 φύσει,
3089 4015 3185 4068 καὶ
3224 4014 3364 4084 ὑπὲρ
3397 4014 3541 4084 ἡμᾶς
3567 4011 3594 4062 ό
3622 4009 3821 4076 Λόγος.

2241 4112 2366 4186 *Δρ*
2388 4109 2478 4166 οὖν
2505 4105 2583 4174 οἷς
2610 4109 2849 4173 δοξάζειν
2867 4106 3136 4174 ἐγνώκασι
3166 4104 3421 4158 τάναντία
3446 4100 3640 4172 φασίνς
3672 4098 3826 4168 Ἐρεῖ

2241 4207 2371 4276 γὰρ,
2403 4199 2580 4274 οἶμαι,
2609 4203 2691 4264 τἰς
2720 4200 2828 4253 τῶν
2860 4199 2924 4253 τὰ
2959 4199 3096 4252 αὑτά
3132 4214 3212 4250 σοι
3241 4197 3458 4268 φρονεῖν
3485 4191 3776 4264 ᾑρημένων
3803 4205 3821 4220 ο

2242 4300 2306 4352 El
2352 4297 2426 4369 μὴ
2445 4296 2542 4367 τὴν
2570 4293 2662 4348 τοῦ
2675 4295 2845 4362 Λόγου
2871 4289 3032 4360 φύσιν
3053 4288 3298 4358 γέννημα
3313 4304 3378 4339 σα
3385 4285 3512 4356 ρκδς
3528 4279 3667 4337 εἷναι
3691 4281 3824 4353 φὴς,

2239 4391 2335 4444 καὶ
2373 4389 2480 4442 τῶν
2520 4389 2598 4450 είς
2629 4385 2786 4438 τοῦτο
2826 4383 3020 4436 σαυτὸν
3049 4379 3412 4442 ἀπαλλάττεις
3455 4374 3825 4447 αἰτιαμάτων,

571 4478 798 4534 crimine
833 4480 1033 4536 liberas
1059 4522 1072 4546 ,
1101 4483 1371 4554 quomodo
1396 4483 1561 4554 igitur
1587 4493 1828 4539 sanctam
1856 4484 2131 4554 Virginem

2244 4481 2358 4545 πῶς
2403 4478 2466 4550 δὴ
2516 4479 2622 4549 ἄρα
2659 4476 2790 4529 Θεὸν
2821 4476 3127 4543 ἀποκυῆσαι
3170 4470 3468 4524 διαϐεϐαιοῖ
3516 4468 3612 4540 τὴν
3656 4466 3828 4535 ἁγίαν

571 4575 846 4641 peperisse
881 4573 1046 4628 Deum
1077 4576 1276 4630 asseris
1301 4575 1324 4627 ?
1360 4576 1465 4629 Sed
1492 4577 1537 4630 is
1565 4590 1592 4629 a
1622 4576 1776 4630 nobis
1797 4591 1826 4628 e
1857 4577 2134 4630 contrario

573 4666 754 4720 audiet
798 4686 810 4722 :
856 4666 1085 4722 Carnem
1124 4667 1322 4723 factum
1371 4683 1489 4722 esse
1535 4665 1764 4722 illud'ex
1819 4667 1930 4722 Deo
1975 4666 2134 4720 Patre

577 4755 808 4811 Verbum
841 4759 918 4811 ait
948 4759 1228 4827 Scriptura
1252 4759 1510 4814 divinitus
1560 4760 1846 4827 inspirata,
1897 4759 2001 4812 hoc
2032 4767 2135 4821 est,

573 4847 724 4901 carni
753 4849 870 4903 sine
899 4847 1219 4904 confusione
1255 4859 1308 4902 et
1332 4851 1624 4906 secundum
1653 4850 1986 4920 liypostasim
2019 4851 2140 4903 uni-

575 4953 684 4994 tum
721 4958 734 4994 :
778 4941 1114 5010 nequeenim
1146 4941 1376 4995 alienum
1414 4941 1480 4997 ab
1529 4957 1594 4996 eo
1641 4953 1756 4997 erat
1808 4943 2016 4996 unitum
2063 4941 2138 4996 illi

573 5046 786 5102 verpus,
823 5042 876 5087 et
913 5044 1092 5087 natum
1136 5049 1200 5088 ex
1237 5034 1461 5089 muliere
1489 5074 1504 5098 ,
1548 5035 1640 5088 sed
1663 5045 1721 5088 ut
1757 5048 1912 5088 suum
1946 5033 2141 5102 cuique

575 5132 816 5178 nostrum
849 5125 1126 5193 proprium
1158 5135 1240 5178 est
1277 5139 1490 5193 corpus,
1546 5125 1736 5180 eodem
1788 5128 1945 5181 modo
1974 5126 2140 5181 etiam

574 5214 849 5286 Unigeniti
879 5231 1077 5287 corpus
1116 5215 1392 5286 proprium
1442 5217 1516 5271 illi
1555 5226 1696 5278 erat,
1733 5227 1787 5271 et
1837 5233 1940 5270 non
2002 5217 2141 5269 alte-

579 5305 691 5361 rius
725 5322 737 5360 :
770 5305 851 5361 sic
888 5322 1116 5376 namque
1149 5308 1323 5362 factus
1359 5319 1440 5362 est
1484 5310 1645 5362 etiam
1686 5308 1981 5362 secundum
2014 5324 2142 5363 car-

577 5413 719 5456 nem.
759 5399 1026 5455 !‘rmterea
1057 5401 1141 5454 dic
1169 5401 1298 5455 mihi
1331 5403 1598 5469 quomodo
1631 5400 1828 5455 lactmn
1879 5411 1961 5455 est
1986 5415 2135 5464 caro,

576 5490 620 5546 si
654 5493 932 5560 generatio
959 5505 1022 5546 ex
1049 5493 1274 5548 muliere
1311 5508 1415 5547 non
1453 5494 1521 5547 sit
1574 5494 1825 5563 adjuncta
1856 5512 1868 5558 ;
1900 5508 2022 5547 cum
2050 5493 2148 5548 Itu-

578 5597 751 5640 manae
786 5595 992 5642 naturze
1029 5587 1174 5656 leges
1213 5586 1262 5640 id
1307 5586 1585 5657 requirant
1619 5630 1632 5646 .
1680 5597 1735 5642 et
1773 5586 2008 5642 carnalis
2053 5600 2148 5642 ex-

648 5760 692 5790 "
725 5760 853 5816 Lar.
893 5780 930 5822 ι,
969 5765 1024 5818 2.

2240 4573 2546 4644 Παρθένον;
2580 4566 2998 4622 Ἀντακούσεται
3026 4564 3082 4616 δὲ
3117 4562 3250 4634 πρὸς
3279 4561 3435 4632 ἡμῶν
3461 4577 3473 4589 ο
3509 4559 3697 4629 Σάρκα
3723 4574 3824 4624 γε-

2238 4665 2425 4719 νέσθαι
2455 4665 2619 4732 φησιν
2645 4662 2678 4731 ἡ
2706 4658 3059 4716 θεόπνευστος
3090 4651 3280 4724 Γραφὴ
3306 4653 3397 4703 τὸν
3433 4653 3496 4703 ἐκ
3530 4647 3664 4700 Θεοῦ
3707 4648 3826 4699 [Ια-

2245 4758 2370 4828 τρος
2399 4755 2590 4822 Λόγον,
2621 4749 2912 4812 τουτέστιν,
2941 4744 3262 4814 ἁσυγχύτως
3305 4759 3361 4796 τε
3408 4742 3502 4795 καὶ
3532 4739 3652 4793 καθ’
3686 4738 3827 4792 ὑπόο

2248 4826 2433 4900 στασιν
2467 4842 2727 4911 ἐνωθῆναι
2763 4838 2960 4908 σαρκί·
3012 4837 3070 4890 ού
3105 4834 3214 4904 γὰρ
3249 4829 3316 4904 ἦν
3345 4831 3622 4900 ἀλλότριον
3654 4826 3825 4883 αὐτοῦ

2245 4939 2306 4991 τὸ
2332 4937 2527 4990 ὲνωθὲν
2552 4933 2700 5003 αὑτῴ
2729 4932 2906 5001 σῶμα,
2925 4931 3019 4982 καὶ
3039 4925 3435 4996 γεγεννημένον
3457 4925 3519 4975 ἐκ
3539 4921 3824 4989 γυναικὸς,

2245 5029 2360 5083 ἀλλ’
2391 5028 2578 5095 ὥσπερ
2627 5024 2754 5076 ἴδιον
2801 5020 2909 5074 τῶν
2953 5019 3072 5072 καθ’
3102 5020 3249 5088 ἡμᾶς
3287 5016 3500 5085 ἑκάστῳ
3538 5013 3598 5065 τὸ
3630 5011 3825 5076 αὑτοῦ,

2245 5120 2382 5175 κατὰ
2412 5119 2502 5172 τὸν
2536 5116 2698 5171 αὑτὸν
2727 5112 2942 5167 τουτονὶ
2965 5111 3182 5182 τρόπον,
3225 5112 3316 5162 καὶ
3353 5108 3446 5161 τοῦ
3483 5104 3826 5172 Μονογενοῦς

2244 5213 2373 5267 ἴδιον
2407 5208 2495 5281 ἦν,
2525 5211 2616 5263 καὶ
2641 5209 2737 5278 οὑχ
2767 5203 2952 5276 ἐτέρου
2984 5201 3046 5255 τὸ
3081 5201 3265 5272 σῶμον
3293 5200 3436 5252 οὑτω
3465 5197 3572 5266 γὰρ
3605 5195 3698 5249 καὶ
3730 5212 3825 5262 γε-

2243 5304 2496 5374 γέννηται
2536 5298 2676 5352 κατὰ
2704 5297 2897 5368 σάρκα.
2927 5289 3058 5348 Εἶτα
3080 5291 3196 5352 πῶς
3227 5291 3311 5354 ἂν,
3342 5288 3462 5341 εἰπέ
3495 5304 3604 5357 μοι,
3627 5285 3822 5352 γέγονε

2247 5393 2402 5465 σὰρξ,
2425 5392 2483 5445 οὑ
2520 5385 2966 5460 παρειλημμένης
2993 5382 3295 5452 γεννήσεως
3323 5380 3421 5447 τῆς
3450 5380 3512 5430 ὲκ
3538 5375 3822 5445 γυναικὸς,

2244 5485 2352 5540 τῶν
2385 5485 2484 5554 τῆς
2522 5479 2935 5550 ἁνθρωπὸτητος
2976 5476 3154 5544 νόμων
3193 5474 3271 5534 εἰς
3303 5469 3461 5523 τοῦτο
3487 5465 3822 5528 καλούντων,

2248 5579 2343 5634 καὶ
2389 5577 2488 5648 τῆς
2522 5572 2784 5643 σαρκικῆς
2825 5567 3108 5639 ὑπάρξεως
3147 5562 3246 5636 τὴν
3276 5560 3448 5633 ἀρχὴν
3486 5560 3581 5631 οὐχ
3625 5557 3822 5629 ἑτέραν
