4166 6542
411 336 476 392 Il
1511 349 1881 408 ADVERSUS
1919 352 2348 413 NESTORIU..\I-
2369 354 2498 414 LIB.
2527 355 2601 412 1..
2883 363 2888 367 ’
3594 368 3666 424 22

412 454 558 552 ἔχες)
583 453 883 552 δυναμένης
911 457 1008 529 τὴν
1032 459 1180 526 estita;
1214 459 1427 536 Ούηγάρ
1449 484 1550 520 που
1572 472 1692 533 ταῖς
1727 469 1984 540 Ἑλλήνων

2097 473 2344 528 sistentia
2376 475 2444 528 ab
2475 473 2630 528 initio
2662 488 2765 528 non
2812 476 2970 530 aliam
3018 478 3157 533 viam
3203 479 3407 536 habere
3441 481 3612 552 possit
3638 483 3664 537 ι

410 542 721 634 τερθρείαις
771 552 1231 620 προσεσχηκότες,
1280 557 1343 609 ὲκ
1393 557 1550 628 δρυὸς
1593 561 1624 630 ἢ
1678 562 1882 634 πέτρας
1929 567 1996 619 τὰ

413 633 710 705 ἀνθρώπων
742 635 1020 692 τίκτεσθαι
1054 641 1284 713 σώματα
1319 647 1414 699 καὶ
1452 649 1612 720 ἡμεῖς
1656 633 1809 706 αὐτοὶ
1854 655 1994 724 ῥαψ-

411 725 708 797 ῳδήσομεν·
727 727 925 798 νόμους
946 731 1002 784 δὲ
1027 734 1154 798 τοὺς
1176 737 1297 790 καθ’
1321 739 1468 809 ἡμᾶς
1489 742 1520 810 ἡ
1547 741 1708 810 φύσις
1733 745 1992 815 ὡρίσατο,

412 816 612 885 μᾶλλον
653 817 711 872 δὲ
754 819 853 890 τῆς
894 821 1108 890 φύσεως
1145 827 1555 901 όΔημιουργός.
1599 834 1852 887 Τίκτεται
1887 836 1994 907 γὰρ

407 907 599 980 ὥσπερ
619 910 710 979 ἀφ’
736 911 967 966 ἑκάστου
993 915 1103 968 τῶν
1121 917 1290 972 ὄντων
1315 921 1375 974 τὸ
1415 925 1694 991 συγγενὲς,
1727 925 1869 981 οὕτω
1902 929 1994 981 καὶ

407 997 468 1062 ἐξ
489 999 667 1089 -ημῶν
700 1002 878 1055 αὐτῶν
900 1020 915 1034 ο
952 1005 1048 1058 καὶ
1076 1008 1178 1062 οὐκ
1208 1009 1276 1064 ἂν
1325 1011 1525 1084 ἑτέρως
1557 1013 1668 1085 ἔχοι
1699 1016 1760 1069 τὸ
1803 1019 1992 1089 χρῆμά

409 1087 607 1152 ποθενς
651 1090 940 1159 ἀνέφικτον
989 1095 1090 1165 μὲν
1133 1097 1244 1169 γάρ
1286 1102 1577 1166 παντελῶς-
1606 1105 1758 1159 οὐδὲν
1801 1087 1875 1160 ὧν
1899 1087 1992 1162 ηᾶν

405 1178 580 1269 ζλοιτο
616 1182 912 1254 κατορθοῦν
938 1186 1158 1258 τῇθείᾳ
1185 1173 1248 1243 τὲ
1278 1192 1375 1244 καὶ
1406 1193 1722 1266 ἀπορρήτῳ·
1741 1197 1989 1269 δυνάμει,

409 1267 627 1340 ἔρχεται
647 1271 962 1330 δὲδιὲιτῶν
979 1277 1204 1332 εἰκότων
1227 1283 1291 1352 τῇ
1321 1282 1429 1336 τῶν
1459 1285 1628 1339 ὄντων
1659 1287 1841 1356 φύσει,
1866 1267 1991 1354 τοὺς

409 1361 537 1448 παρ’
567 1361 737 1432 αὐτῆς
765 1365 1112 1436 τεθειμένους
1140 1371 1241 1425 οὐκ
1267 1373 1611 1442 ἀτιμάζουσα
1640 1379 1836 1448 νόμους
1856 1397 1870 1411 ⁶
1897 1383 1992 1436 καὶ

498 1450 599 1542 ούκ
623 1451 910 1521 ἀνέφικτον
936 1455 1014 1526 τῷ
1039 1459 1218 1512 πάντα
1246 1461 1480 1532 ἰσχύοντι
1511 1466 1688 1538 Λόγῳ,
1704 1443 1990 1542 κεκρικότι

410 1539 508 1608 μὲν
543 1540 609 1594 δι’
639 1544 787 1612 ἡμᾶς
834 1546 1086 1613 γενέσθαι
1120 1549 1241 1603 καθ’
1271 1553 1439 1623 ἡμᾶς,
1475 1539 1898 1628 παραιτουμένῳ
1927 1577 1991 1628 γε

409 1631 516 1702 μὴν
563 1632 814 1703 γέννησιν
861 1637 960 1707 τὴν
1011 1639 1076 1691 ἐκ
1124 1643 1626 1709 γυναικδς,-έξωθεν
1672 1649 1851 1720 ἐαυτῷ
1898 1652 1991 1705 καὶ

409 1721 516 1810 ίδίᾳ
541 1723 767 1793 δυνάμει
801 1725 1246 1801 πλαστουργῆσαι
1280 1733 1338 1786 τὸ
1370 1733 1550 1806 σῶμα,
1575 1735 1827 1806 καθάπερ
1848 1741 1988 1810 ἀμέ-

404 1809 487 1864 λει
519 1813 773 1881 γενέσθαι
807 1817 988 1887 φαμὲν
1015 1821 1107 1871 καὶ
1139 1821 1232 1873 ἐπ)⁸
1269 1821 1364 1876 τοῦ
1392 1804 1737 1900 προπάτορος
1771 1804 1940 1899 ’Ᾰδόιμ
1968 1847 1980 1859 ·
2017 1804 2059 1858 Β

409 1903 640 1957 ιῗΕλαῦε
668 1905 797 1976 γὰρ,
834 1909 1019 1978 φησὶν,
1047 1912 1074 1963 ό
1105 1911 1237 1976 Θεὸς
1272 1913 1399 1984 χοῦν
1440 1915 1550 1970 ἀπὸ
1581 1918 1678 1986 τῆς
1725 1920 1848 1990 γῆς,
1891 1923 1987 1976 καὶ

405 1993 604 2049 ἔπλασε
650 1996 742 2050 τὸν
790 1999 1098 2072 ἄνθρωπον.
1126 2022 1144 2055 ι
1178 2005 1396 2078 Ἐπειδὴ
1441 2007 1497 2062 δὲ
1543 2011 1814 2081 πρόφασις
1845 2013 1984 2084 αὕτη

403 2089 514 2151 τοῖς
543 2089 790 2155 ἀπίστοις
815 2086 904 2163 ἦν,
936 2099 1294 2164 συκοφαντεῖν
1323 2098 1566 2155 ἐθέλουσι
1589 2103 1688 2172 τῆς
1717 2103 1986 2176 ἐνανθρω-

407 2181 624 2251 πήσεως
671 2181 731 2236 τδ
779 2186 1099 2256 μυστήριον,
1133 2187 1227 2241 καὶ
1261 2188 1373 2260 πρό.
1400 2207 1464 2258 γε
1491 2190 1599 2244 τῶν
1641 2193 1841 2256 ἄλλων,
1873 2198 1984 2261 τοῖς

405 2271 638 2336 ἀνοσίοις
684 2274 1021 2346 Μανιχαίοις,
1050 2275 1163 2341 οὓς·
1190 2278 1302 2332 ἄνω
1347 2295 1406 2332 τε
1451 2282 1546 2334 καὶ⁵
1579 2283 1729 2337 κάτω
1751 2284 1985 2340 ,δεδιέναι

403 2362 529 2432 φὴς,
566 2365 642 2434 μὴ
687 2366 796 2436 ἄρα
841 2384 942 2421 που
991 2372 1104 2433 τοῖς
1139 2369 1402 2424 Θεοτόκον
1446 2372 1662 2442 λέγουσι
1691 2375 1791 2448 τὴν
1822 2379 1986 2445 ἀγίαν

400 2453 679 2522 Παρθένον
720 2458 1147 2530 ἐπιπηδήσειαν,
1196 2462 1273 2525 ὡς
1317 2464 1377 2516 ἐν
1420 2464 1612 2533 μόναις
1659 2469 1985 2536 φαντασίαις

400 2539 1152 2615 διαϐεϐαιούμενοι-γενέσθαι
1183 2550 1280 2604 τοῦ
1327 2553 1502 2621 Λόγου
1543 2553 1641 2626 τὴν
1683 2555 1982 2628 σάρκωσιν,

401 2632 721 2705 κεχώρηκεν
753 2636 1074 2706 ἀναγκαίως
1118 2640 1208 2695 διὰ
1245 2642 1355 2696 τῶν
1383 2643 1733 2720 ἀνθρωπίνης
1765 2649 1982 2719 φύσεως

400 2722 578 2792 νόμων
597 2740 617 2768 .·
657 2724 752 2778 καὶ
790 2727 1024 2800 ἐπείπερ
1049 2725 1118 2800 ἦν
1147 2731 1175 2782 ό
1202 2733 1404 2796 σκοπὸς
1433 2736 1604 2807 αὐτῷ,
1625 2737 1986 2812 ,πληροφορῆο

401 2831 492 2868 σαι
527 2814 871 2886 σύμπαντας,
911 2819 994 2872 ὅτι
1039 2821 1266 2888 γέγονεν
1293 2823 1580 2894 ἄνθρωπος
1613 2829 1850 2900 ἀληθῶς,
1882 2832 1983 2885 ἑπ-

400 2904 624 2960 ελάσετο
641 2907 956 2979 σπέρματος
990 2911 1270 2985 Ἀὕραάμσ
1309 2917 1404 2971 καὶ
1437 2920 1986 2992 μεσιτευούσηςπρὸς

400 2995 738 3051 τοῦτο-αὐτὸ
785 3000 885 3068 τῆς
931 3005 1213 3075 μακαρίας
1255 3007 1556 3079 Παρθένου,
1585 3012 1983 3084 παραπλησίως

2098 563 2211 617 Non
2262 565 2404 620 enim
2459 566 2738 633 gentilium
2788 567 2996 622 scilicet
3059 571 3214 638 nugis
3271 571 3613 644 adlucrentes
3644 613 3660 638 ,

2096 668 2160 708 cx
2189 670 2389 724 quercu
2444 664 2538 709 aut
2576 670 2640 719 ex
2700 665 2866 724 petra,
2908 659 3187 712 hominum
3240 675 3466 728 corpora
3519 664 3663 734 gigni

2094 759 2191 798 nos
2227 761 2438 815 quoque
2471 746 2828 801 fabulabimur
2881 751 3022 803 :sed
3074 749 3219 819 leges
3277 759 3494 806 nostras
3548 755 3666 821 ipsa

2097 845 2314 899 natura,
2367 837 2476 892 imo
2511 852 2639 893 vero
2696 839 2809 907 ipse
2854 839 3046 908 Opifex
3095 849 3301 896 natura!
3359 844 3662 898 constituit.

2102 924 2176 982 Ut
2204 927 2346 982 enim
2377 943 2443 983 ex
2493 943 2814 1000 unaquaque
2851 946 2910 985 re
2951 933 3093 999 quod
3142 942 3435 1004 cognatum
3468 943 3552 987 est
3584 935 3668 1000 gi-

2093 1017 2293 1085 gnitur,
2324 1017 2396 1071 ita
2423 1018 2584 1071 etiam
2622 1033 2685 1074 ex
2715 1021 2868 1075 nobis
2893 1021 3022 1089 ipsis
3066 1039 3079 1075 :
3111 1038 3287 1092 neque
3319 1023 3477 1078 aliter
3526 1024 3577 1077 id
3609 1039 3667 1079 se

2095 1107 2294 1163 habere
2312 1117 2492 1178 potest
2519 1110 2629 1164 ullo
2667 1111 2844 1165 modo.
2881 1111 3140 1179 Quamvis
3169 1115 3313 1168 enim
3363 1115 3560 1170 divina:
3586 1116 3661 1170 illi

2091 1207 2146 1254 et
2178 1198 2431 1256 ineli’abili
2459 1202 2720 1269 potentia:
2765 1205 2987 1258 omnino
3032 1205 3168 1260 nihil
3216 1207 3554 1275 impossibile
3589 1208 3662 1262 sit
3738 1273 3741 1276 ,

2091 1305 2156 1348 ex
2186 1292 2269 1346 his
2290 1307 2411 1362 quae
2455 1293 2582 1348 velit
2621 1293 2855 1361 edicere,
2903 1306 3082 1352 tamen
3120 1313 3187 1353 ne
3215 1299 3365 1368 leges
3396 1316 3424 1353 a
3469 1315 3536 1354 se
3566 1315 3664 1368 po-

2093 1383 2226 1439 sitas
2257 1394 2592 1451 contemnat,
2618 1401 2714 1455 per
2743 1402 2804 1442 ea
2831 1390 3007 1460 pergit
3037 1405 3156 1459 qua:
3190 1406 3311 1446 cum
3344 1406 3531 1446 rerum
3562 1406 3656 1445 na-

2094 1482 2212 1528 tura
2244 1477 2572 1530 conveniunt
2609 1497 2622 1532 :
2661 1487 2885 1549 eratque
2920 1495 3049 1534 non,
3084 1481 3419 1550 impossibile
3479 1482 3662 1536 omni-

2092 1567 2294 1634 potenti
2328 1568 2401 1622 illi
2430 1568 2708 1640 γονης
2730 1571 2816 1624 ubi
2845 1573 3130 1627 statuisset
3165 1581 3386 1642 propter
3419 1588 3516 1628 nos
3540 1571 3659 1626 ﬁeri

2092 1661 2387 1714 secundum
2436 1675 2554 1725 nos,
2592 1660 2635 1713 si
2679 1663 3084 1731 generationem
3134 1662 3468 1717 ex’muliere
3512 1661 3662 1716 refu-

2092 1759 2262 1819 geret,
2299 1751 2400 1804 sibi
2441 1753 2780 1806 extrinsecus
2829 1768 2892 1829 ac
2940 1754 3158 1822 propria
3216 1754 3419 1807 virtute
3467 1768 3664 1821 corpus

2087 1838 2340 1902 formare,
2367 1842 2632 1910 ιιι-υτοοιιι
2676 1841 2840 1897 dubio
2892 1843 2944 1897 in
2977 1844 3147 1898 Adam
3197 1845 3371 1913 primo
3442 1851 3664 1911 parente

2089 1929 2287 1985 factum
2320 1931 2550 1986 dicimus
2587 1952 2599 1987 :
2649 1951 2666 1984 ι
2707 1934 2934 2001 Accepit
2975 1935 3118 1988 enim
3163 1936 3302 1988 Deus
3353 1934 3662 2002 pulverem,

2088 2019 2285 2090 inquit,
2342 2022 2406 2076 de
2452 2032 2616 2088 terra,
2658 2032 2711 2078 et
2744 2022 2993 2080 formavit
3040 2025 3310 2081 hominem
3359 2025 3400 2055 ³¹
3445 2041 3459 2076 :
3504 2044 3522 2076 ι
3572 2025 3665 2080 sed

2088 2112 2212 2182 quia
2254 2114 2308 2167 id
2352 2115 2575 2184 perlidis
2625 2115 2934 2172 hominibus
2977 2117 3298 2171 calumniari
3357 2116 3663 2170 volentibus

2087 2205 2479 2262 incarnationis
2529 2207 2844 2278 mysterium
2873 2247 2886 2272 ,
2930 2221 3028 2276 pro
3076 2209 3368 2261 occasione
3423 2205 3660 2261 futurum

2085 2303 2226 2361 erat,
2251 2307 2320 2350 .et
2345 2306 2472 2352 ante
2502 2307 2731 2352 cmteros
2761 2297 2938 2368 impiis
2975 2297 3286 2352 Manichaeis
3314 2337 3327 2360 ,
3358 2311 3492 2365 quos
3530 2297 3658 2351 sub-

2088 2387 2210 2442 inde
2244 2394 2296 2441 te
2327 2398 2566 2441 metuere
2599 2387 2755 2453 dicis,
2799 2401 2865 2441 ne
2909 2387 2961 2441 in
2994 2401 3088 2440 eos
3123 2387 3336 2441 scilicet
3385 2387 3475 2455 qui
3530 2399 3658 2456 san-

2086 2486 2226 2533 ctam
2273 2476 2546 2546 Virginem
2600 2475 2692 2530 Dei
2748 2477 3062 2546 genitricem
3111 2477 3317 2540 dicunt,
3368 2475 3608 2529 insiliant
3640 2515 3657 2540 ,

2087 2568 2240 2637 quasi
2277 2577 2522 2623 asseram
2551 2567 2712 2622 Verbi
2753 2568 3180 2623 incarnationem
3233 2568 3284 2622 in
3329 2567 3443 2622 sola
3477 2568 3655 2636 specie

2089 2659 2305 2726 iactam,
2347 2660 2465 2715 ideo
2499 2661 2865 2715 necessarium
2907 2659 3010 2713 fuit
3049 2668 3107 2712 ut
3147 2673 3239 2728 per
3278 2645 3528 2712 h’umanae
3569 2673 3658 2711 na-

2089 2758 2220 2805 tura:
2244 2750 2388 2822 leges
2414 2759 2697 2819 pergeret:
2731 2759 2784 2803 et
2808 2751 2934 2820 quia
2959 2750 3011 2806 id
3033 2749 3104 2803 illi
3140 2748 3472 2819 propositum
3510 2758 3652 2811 erat,

2087 2852 2147 2898 ut
2177 2858 2238 2899 se
2271 2857 2395 2898 vere
2431 2842 2702 2898 hominem
2736 2841 2934 2896 factum
2954 2841 3206 2896 omnibus
3232 2841 3654 2903 demonstraret,

2086 2931 2442 3001 apprehendit
2472 2946 2652 2987 semen
2713 2931 2989 2986 Abraham
3024 2930 3086 2994 ",
3138 2939 3189 2984 et
3229 2929 3291 2981 ad
3328 2943 3446 2982 eam
3483 2928 3658 2996 ipsam

2088 3039 2201 3078 rem
2251 3023 2407 3078 beata
2449 3021 2666 3092 Virgine
2709 3023 2883 3077 media
2939 3021 3368 3083 interveniente,
3410 3018 3662 3072 similiter

401 3087 532 3185 at;va
571 3088 842 3185 pstea-15v
886 3093 1118 3185 αἵματος
1161 3097 1257 3150 καὶ
1300 3097 1637 3170 σαρκός.Ἧν
1672 3103 1780 3176 γὰρ
1810 3104 1982 3168 οὕτως

2087 3130 2148 3170 ac
2179 3129 2278 3170 nos
2310 3114 2653 3184 participavit
2676 3129 2844 3170 carne
2873 3123 2928 3168 et
2963 3114 3266 3183 sanguine;
3300 3125 3476 3179 neque
3511 3110 3656 3163 enim

400 3177 497 3228 καὶ
534 3178 632 3249 οὐχ
671 3179 872 3251 ἑτέρως
903 3184 1023 3253 μεθ’
1048 3188 1080 3256 ὴ
1092 3185 1208 3255 μῶν
1238 3189 1490 3256 γενέσθαι
1520 3191 1983 3264 Θεόν..Χρειωδε-

401 3267 573 3338 mm
616 3271 673 3324 δὲ
718 3273 814 3325 καὶ
844 3274 1046 3344 ἑτέρως
1077 3280 1192 3342 τοῖς
1222 3279 1314 3331 ἐπὶ
1340 3281 1436 3348 τῆς
1479 3284 1638 3354 γῆςὴ
1677 3283 1771 3337 τοῦ
1805 3285 1980 3354 Λόγου

402 3361 699 3432 ιῑάρκωσις,
737 3365 901 3435 ἤγουν
931 3367 1344 3443 ὲνανθρώπησις
1375 3368 1462 3443 ἦν.
1496 3374 1558 3426 ΕΞ
1606 3374 1681 3447 μὴ
1725 3375 1832 3447 γὰρ
1887 3394 1982 3445 γε-

398 3453 672 3523 γέννηται
707 3457 832 3508 καθῖ
855 3459 1002 3527 ἡμᾶς
1034 3460 1175 3528 κατά
1224 3462 1422 3533 σάρκα,
1459 3465 1507 3516 εί
1551 3465 1626 3535 μὴ
1667 3467 1982 3522 τῶναύτῶν

401 3539 534 3608 ἡμῖν
582 3542 815 3613 μετέσχε
863 3545 1286 3618 παραπλησίως,
1317 3551 1426 3604 οὐκ.
1464 3550 1529 3607 ἂν
1560 3553 1658 3625 τὴν
1691 3555 1979 3626 ἀνθρώπου

399 3629 565 3700 φύσιν
593 3632 703 3685 τῶν
731 3635 789 3686 ἐν
823 3635 993 3706 Ἀδὰμ
1025 3638 1331 3709 ἀπήλλαξεν
1356 3643 1746 3715 ἐγκλημάτων,
1773 3650 1884 3702 οὐδ’
1916 3649 1982 3702 ἂν

398 3719 510 3773 τῶν
534 3723 820 3794 ἡμετέρων
853 3728 1118 3796 σωμάτων
1150 3731 1458 3802 ἀπεσόϐησε
1488 3739 1586 3805 τὴν
1615 3738 1841 3808 φθορὰν,
1861 3742 1982 3794 οὐδ’

397 3810 471 3863 ἂν
503 3813 760 3884 κατέληξε
792 3815 891 3885 τῆς
925 3819 1064 3890 ἀρᾶς
1104 3823 1136 3890 ή
1179 3822 1426 3892 δύναμις,
1445 3827 1520 3894 ,ἢν
1552 3827 1645 3878 ἐπὶ
1686 3832 1750 3899 τῇ
1791 3831 1978 3901 πρώτῃ

399 3905 619 3968 γυναικὶ
662 3907 913 3973 γενέσθαι
953 3911 1164 3980 φαμένο
1200 3914 1416 3984 εἴρηται
1451 3917 1558 3988 γὰρ
1603 3921 1736 3989 πρὸς
1769 3921 1975 3991 αὐτήν·

404 4013 430 4044 ι
448 3995 535 4047 Ἑν
560 3995 760 4060 λύπαις
785 3999 916 4070 τέξῃ
947 4000 1132 4055 τέκνα.
1158 4022 1185 4054 ν
1223 4004 1384 4059 Ἀλλά
1409 4008 1667 4080 νενόσηκε
1705 4010 1804 4081 μὲν
1830 4013 1861 4082 ἡ
1891 4014 1981 4066 ἀνα

397 4085 620 4156 θρὼπου
649 4088 810 4156 φύσις
854 4092 915 4144 τδ
953 4094 1176 4158 ἀπειθὲς
1210 4098 1267 4149 ὲν
1303 4097 1500 4170 Ἀδάμ’
1543 4101 1732 4169 γέγονε
1764 4104 1858 4158 νῦν
1890 4105 1980 4157 eo-

392 4175 619 4246 δόκιμος
664 4180 722 4232 ὲν
755 4180 976 4252 Χριστῷ
1005 4183 1093 4238 διὰ
1126 4185 1223 4252 τῆς
1268 4190 1348 4251 εἰς
1381 4188 1528 4244 ἆπαν
1563 4192 1807 4265 ὑπακοῆς
1827 4212 1840 4224 ·
1888 4197 1978 4264 γέ-

394 4282 641 4340 γραπται
671 4271 801 4342 γὰρ,
832 4275 916 4327 ὅτι
939 4275 1182 4348 ι”Ωσπερ
1209 4277 1296 4332 διά
1315 4281 1415 4349 τῆς
1436 4285 1720 4355 παρακοῆς
1738 4286 1831 4340 τοῦ
1860 4287 1978 4351 ἐνὸς

390 4358 706 4429 ἀνθρώπου,
743 4361 1061 4434 ἁμαρτωλοὶ
1087 4368 1497 4440 κατεστάθησαν
1526 4375 1574 4425 οἱ
1606 4375 1809 4439 πολλοὶ,
1834 4377 1978 4432 οὕτω

2085 3207 2243 3262 aliter
2279 3205 2764 3262 licebatnobiscum
2793 3206 2905 3260 lieri
2944 3205 3128 3259 Deum.
3152 3201 3450 3257 Utilissima
3477 3211 3658 3254 autem

2084 3308 2139 3352 et
2174 3298 2279 3352 alia
2308 3313 2524 3367 quoque
2556 3295 2766 3352 ratione
2798 3295 2882 3352 his
2914 3295 3008 3365 qui
3043 3303 3332 3350 versantur
3363 3292 3414 3346 in
3451 3291 3612 3346 terris
3641 3327 3657 3355 ,

2087 3387 2246 3443 Verbi
2268 3388 2571 3443 incarnatio
2591 3386 2706 3441 sive
2723 3386 3040 3442 humanatio
3066 3386 3187 3440 l‘uit.
3209 3383 3322 3440 Nisi
3338 3385 3479 3440 enim
3511 3383 3661 3437 simi-

2089 3478 2214 3534 liter
2239 3487 2402 3546 atque
2425 3493 2520 3533 nos
2541 3479 2834 3532 secundum
2859 3492 3076 3532 carnem
3115 3475 3306 3530 fuisset
3340 3483 3523 3538 natus,
3551 3473 3654 3528 nisi

2089 3568 2338 3624 similiter
2388 3569 2764 3639 participassct
2804 3568 2992 3622 iisdem
3026 3607 3042 3633 ,
3093 3581 3365 3635 nunquam
3423 3563 3658 3618 hominis

2084 3668 2333 3713 naturam
2373 3658 2687 3714 criminibus
2710 3659 2760 3712 in
2793 3657 2962 3712 Adam
2993 3658 3287 3712 contractis
3313 3655 3654 3720 absolvisset,

2084 3764 2258 3818 neque
2285 3764 2315 3801 a
2347 3748 2548 3803 nostris
2572 3748 2888 3817 corporibus
2924 3747 3322 3816 corruptionem
3353 3745 3655 3814 repulisset,

2083 3856 2258 3908 neque
2292 3840 2686 3895 maledictionis
2717 3841 2860 3892 ill-ius
2900 3846 3144 3908 potestas
3175 3837 3462 3900 desiisset,
3494 3851 3655 3905 quam

2083 3927 2272 3997 prima:
2319 3924 2530 3980 femina:
2571 3926 2772 3978 illatam
2807 3925 3037 3978 dicimus
3064 3965 3078 3988 ,
3115 3926 3202 3978 cui
3275 3924 3475 3977 dictum
3524 3933 3651 3977 est:

2066 4035 2128 4076 ,ι.
2152 4017 2204 4070 In
2238 4017 2456 4070 tristitia
2500 4015 2676 4084 paries
2709 4016 2845 4070 ﬁlios
2872 4016 2936 4070 ⁸³.
2989 4034 3007 4067 ι
3041 4014 3144 4070 Sed
3194 4014 3430 4068 hominis
3461 4021 3652 4066 natura

2085 4104 2139 4158 in
2189 4105 2359 4158 Adam
2420 4103 2798 4159 inobedienlia:
2847 4105 3036 4159 morbo
3075 4102 3373 4166 laboravit,
3413 4118 3555 4156 nunc
3601 4103 3653 4156 in

2083 4168 2299 4252 éhristo
2327 4205 2477 4265 grata
2513 4197 2652 4250 facta
2681 4207 2766 4251 est
2819 4211 2915 4265 per
2962 4195 3107 4250 illam
3153 4196 3321 4264 ipsius
3371 4197 3438 4247 ad
3475 4193 3652 4249 omnia

2081 4289 2462 4344 obedientiam.
2510 4288 2780 4356 Scriptum
2805 4287 3094 4342 estenim:
3135 4304 3153 4335 ι
3204 4284 3356 4338 Sicut
3396 4297 3493 4351 per
3537 4282 3654 4335 ino-

2083 4380 2404 4436 hedientiam
2461 4379 2620 4434 unius
2673 4377 2909 4432 hominis
2980 4386 3295 4447 peccatores
3373 4373 3656 4430 constituti

393 4448 484 4504 διὰ
513 4452 612 4523 τῆς
643 4453 890 4524 ὑπακοῆς
923 4457 1040 4520 ἐνὸς
1071 4459 1382 4530 ἀνθρώπου,
1413 4464 1610 4518 δίκαιοι
1637 4469 1978 4542 κατασταθὴ-

2087 4481 2206 4528 sunt
2235 4471 2426 4535 multi,
2460 4471 2534 4526 ita
2576 4486 2671 4541 per
2688 4470 3050 4524 obedientiam
3082 4466 3491 4522 uniushozninis
3523 4465 3655 4534 justi

396 4559 581 4598 σονται
611 4546 660 4597 oi
689 4546 925 4600 πολλοὶ.»
945 4547 1220 4604 Πέπονθεν
1242 4553 1300 4605 ὲν
1325 4554 1496 4626 ’Λδάμ
1524 4557 1604 4621 τὸ,
1639 4577 1658 4609 ι
1686 4559 1725 4611 Γ
1728 4560 1758 4613 ἦ
1791 4555 1861 4626 εἴ,
1881 4563 1976 4616 καὶ

392 4634 476 4698 εις
504 4635 608 4705 γῆν
646 4636 954 4710 ἀπελεύσῃο
989 4658 1008 4692 ι
1046 4641 1507 4713 πεπλούτηκενὲν
1529 4650 1748 4720 Χριστῷ
1781 4652 1841 4703 τὸ
1879 4670 1975 4707 κα-

392 4742 482 4780 τα.
526 4765 541 4780 .
587 4767 602 4780 .
642 4727 898 4782 δύνασθαι
928 4730 1040 4801 [ῖσ.
1064 4736 1471 4809 καταπατῆσαι]
1494 4739 1602 4792 τῶν
1627 4740 1720 4793 τοῦ
1744 4741 1974 4798 θανάτου

392 4815 627 4886 βρόχων,
661 4819 754 4871 καὶ
803 4821 964 4874 οἱονεὶ
1012 4827 1396 4896 κατορχεῖσθαι
1426 4829 1650 4900 φθορᾶς,
1679 4833 1856 4886 ἐκεῖνο
1889 4833 1976 4887 λέ-

393 4922 566 4974 γουσα
592 4907 652 4960 τὸ
679 4912 1044 4980 προφητικόν’
1077 4931 1096 4965 ι
1130 4916 1240 4968 Ποῦ
1272 4917 1306 4988 ἡ
1329 4917 1452 4989 νίκη
1483 4937 1598 4985 σου,
1621 4921 1849 4989 θάνατε;
1875 4923 1975 4977 ποῦ

389 4997 456 5049 τὸ
485 4998 708 5068 κέντρον
744 5017 861 5064 σου,
896 5003 1032 5074 ᾇδη;
1069 5023 1086 5055 ι
1121 5005 1348 5074 Γέγονεν
1376 5010 1669 5081 ἐπάρατος,
1704 5014 1780 5076 ὡς
1819 5016 1976 5087 ἔφην,

390 5087 509 5140 ἀλλ’
531 5089 772 5161 ἤργησεν
803 5095 862 5146 ὲν
888 5095 1110 5165 Χριστῷ
1143 5098 1235 5152 καί
1265 5101 1442 5156 τοῦτο.
1473 5105 1582 5158 Καὶ
1608 5104 1742 5173 γοῦν
1763 5106 1978 5178 εἴρηταί

393 5195 499 5231 που
554 5181 688 5250 πρὸς
735 5183 834 5253 τὴν
885 5185 1047 5253 ἁγίαν
1091 5189 1388 5258 Παρθένον,
1425 5197 1875 5267 προφητευούσης
1916 5199 1974 5253 ὲν

389 5269 672 5339 Πνεύματι
693 5273 792 5342 τῆς
819 5275 1100 5332 Ἐλισάδετ
1121 5296 1134 5310 ι
1160 5302 1178 5332 ι
1204 5283 1554 5357 Εὐλογημένη
1582 5289 1644 5342 σὺ
1661 5290 1717 5342 ὲν
1741 5291 1974 5358 γυναιξὶ,

393 5362 491 5415 καὶ
515 5363 875 5435 εὐλογημένος
905 5367 933 5420 ὁ
963 5372 1174 5441 καρπὸς
1197 5375 1296 5445 τῆς
1317 5378 1524 5440 κοιλίας
1551 5397 1664 5435 σου.
1699 5401 1717 5431 ›
1744 5382 1974 5437 Βεϐασί-

349 5521 354 5526 Ι
393 5451 588 5507 λευκεν
609 5454 766 5526 ἡμῶν
794 5459 1112 5531 ἡάμαρτία,
1135 5465 1228 5518 καὶ
1256 5468 1284 5519 ὁ
1308 5468 1404 5538 τῆς
1441 5471 1716 5543 ἁμαρτίας
1751 5475 1975 5546 εὑρετὴς

2084 4564 2477 4618 constituentur
2517 4562 2664 4615 multi
2684 4562 2748 4614 ³⁸.
2787 4580 2805 4613 ι
2843 4559 3121 4628 Subjacuit
3152 4559 3202 4612 in
3231 4559 3397 4612 Adam
3428 4557 3504 4612 illi
3541 4573 3654 4612 ma-

2085 4656 2325 4710 lediclo:
2368 4672 2386 4705 ι
2423 4654 2590 4707 Terra
2633 4667 2691 4708 es
2717 4694 2731 4718 ,
2771 4662 2825 4707 et
2861 4653 2914 4706 in
2976 4661 3175 4706 terram
3232 4648 3334 4703 ibis
3374 4649 3417 4680 ³⁸
3452 4664 3467 4713 ;
3506 4667 3523 4700 ι
3564 4663 3655 4701 ac-

2083 4745 2304 4816 quisivit
2339 4744 2390 4798 in
2419 4743 2638 4798 Christo
2669 4753 2728 4796 ut
2753 4741 2964 4797 calcare
2988 4741 3157 4811 possit
3187 4741 3377 4793 mortis
3405 4737 3650 4808 laqueos,

2081 4846 2135 4891 et
2169 4835 2565 4906 quodannnodo
2591 4837 2850 4888 adversus
2879 4844 3107 4888 mortem
3143 4831 3464 4900 tripudiare,
3522 4831 3650 4884 illud

2081 4929 2452 5001 propheticum
2487 4927 2668 4982 dicens
2703 4945 2715 4980 :
2747 4945 2765 4976 ι
2800 4923 2901 4979 Ubi
2925 4935 3028 4988 est,
3058 4938 3222 4986 mors,
3258 4923 3479 4977 victoria
3524 4922 3654 4976 tua?

2083 5023 2171 5077 ubi
2203 5021 2620 5083 stimulustuus,
2654 5016 2948 5071 inferne“?
2976 5036 2994 5067 ι
3029 5015 3190 5070 Facta
3218 5024 3300 5068 est
3343 5014 3645 5078 maledicta,

2081 5120 2139 5165 ut
2177 5110 2325 5164 dixi:
2366 5109 2459 5164 sed
2503 5109 2552 5163 id
2583 5121 2796 5178 quoque
2825 5115 3141 5161 evacuatum
3185 5115 3267 5160 est
3315 5106 3365 5158 iu
3409 5105 3645 5162 Christo.

2078 5201 2261 5270 Itaque
2301 5200 2500 5255 dictum
2537 5208 2620 5252 est
2653 5199 2720 5252 ad
2751 5207 2996 5252 sanctam
3033 5195 3329 5265 Virginem,
3392 5197 3504 5264 ipsa
3540 5194 3651 5249 Eli.

2079 5294 2268 5347 zabeth
2304 5292 2355 5345 in
2391 5290 2596 5361 Spiritu
2649 5291 3031 5360 prophetante,
3072 5305 3092 5339 ι
3153 5289 3442 5343 Benedicta
3493 5296 3543 5341 tu
3592 5287 3645 5340 in

2080 5384 2397 5438 mulieribus
2424 5425 2438 5447 ,
2486 5393 2538 5437 et
2573 5382 2886 5437 benedictus
2916 5381 3121 5435 fructus
3157 5382 3364 5434 ventris
3417 5378 3491 5431 tui
3523 5379 3587 5430 ".
3623 5397 3640 5429 ι

2084 5475 2344 5547 Regnavit
2399 5473 2452 5529 in
2506 5475 2661 5529 nobis
2706 5483 2986 5544 peccatum
3022 5511 3037 5537 ,
3090 5480 3142 5527 et
3189 5473 3435 5525 inventor
3467 5470 3552 5523 ille
3590 5480 3645 5523 et

471 5652 511 5682 ⁸¹
539 5653 672 5739 (gen.
705 5669 768 5739 ιε³
925 5657 968 5688 ³⁸
999 5655 1160 5739 Hebr.
1192 5677 1254 5729 n,
1296 5665 1378 5725 l3.
1460 5669 1658 5726 "Gen.
1697 5684 1776 5736 ιιι,
1815 5670 1896 5726 ισ.
1961 5673 1977 5701 ³

2087 5688 2180 5728 3m.
2223 5688 2274 5739 ν,
2299 5673 2380 5729 l9.
2460 5671 2658 5729 “Gen.
2694 5687 2774 5737 ut,
2811 5670 2892 5725 l9.
2972 5668 3016 5699 ³⁸
3049 5666 3214 5722 lCor.
3244 5681 3334 5731 XV,
3363 5665 3455 5736 55;
3483 5667 3642 5739 Osce,

393 5735 517 5788 xm,
560 5724 648 5780 ιι.
727 5725 768 5756 ³⁷
798 5725 930 5782 Luc.
956 5742 996 5793 ι,
1028 5727 1116 5782 42.
