4166 6488
526 374 595 427 27
1547 369 1607 423 S.
1649 368 1921 424 CYlllLLI
1964 368 2428 429 ALEXANDRINI
2472 375 2792 435 AilClilEP.
3714 376 3784 429 28

527 487 668 557 quod
723 488 1006 543 veritatem
1065 488 1367 569 divinorum
1437 490 1745 560 dogmatum
1802 493 2092 558 aul‘erant,

2223 496 2306 549 τῶν
2334 498 2564 551 ἀνοσίων
2586 498 2880 569 αἰρετικὼν
2908 499 3256 567 ἐπιπλήττων
3286 500 3512 566 φωναῖς,
3543 495 3637 549 καὶ
3666 498 3786 550 κατ’

528 592 759 647 cumque
786 593 994 643 vocent,
1033 579 1281 646 Deipara,
1308 580 1489 633 multis
1516 582 1824 637 nominibus
1854 599 2096 647 accuses,

528 681 584 724 et
615 670 757 723 inter
783 677 978 722 caetera
1012 677 1267 738 tauquam
1301 685 1488 736 parum
1516 686 1720 736 veram,
1754 681 1915 740 atque
1936 675 2098 728 etiam

530 759 898 828 blaspbcntam
929 759 1257 823 criminet-is,
1296 770 1473 815 tamen
1512 761 1657 815 illam
1688 765 1989 817 concedere
2026 772 2099 829 te,

530 860 586 906 et
617 848 819 918 Virgini
855 866 957 903 non
984 851 1222 904 invidere
1259 851 1426 917 dicas,
1472 852 1515 905 si
1564 851 1647 906 ctti
1696 851 1905 906 libitum
1940 852 2104 908 fuerit

533 955 651 993 eam
683 939 774 993 Dei
814 940 1130 1009 genitricem
1178 955 1392 994 vocare.
1456 939 1595 996 Nunt
1652 958 1782 1013 ergo
1839 945 2103 1000 concedes

535 1032 696 1085 etiam
732 1030 937 1085 insanis
979 1031 1092 1085 Arii
1139 1034 1533 1098 sectatoribus,
1584 1042 1642 1087 ttt
1678 1034 1942 1089 minorem
1982 1051 2103 1091 esse

537 1120 697 1177 Patre
727 1120 921 1175 Filium
953 1121 1154 1189 dicant,
1185 1134 1276 1179 aut
1305 1124 1424 1179 aliis
1454 1136 1701 1180 naturam
1732 1128 1902 1182 sancti
1931 1128 2103 1197 Spiri-

541 1221 673 1266 tnsa
699 1211 876 1266 divina
904 1213 1221 1269 excellentia
1259 1216 1676 1285 dejicientibus?
1710 1216 1815 1273 Sed
1850 1219 1902 1272 id
1930 1228 2106 1275 lacere

539 1302 778 1363 cavebis.
825 1317 890 1356 ac
937 1304 980 1358 si
1033 1305 1157 1374 quis
1204 1316 1395 1377 roget:
1433 1306 1547 1373 Qua
1598 1307 1663 1363 de
1713 1310 1921 1364 causa?
1959 1310 2107 1365 dices

539 1397 955 1464 prorsus:Quia
990 1414 1171 1454 vocem
1218 1402 1435 1471 impiam
1483 1419 1586 1458 non
1629 1403 1894 1459 sustineo.
1941 1403 2107 1474 igitur

541 1486 586 1540 si
621 1502 724 1540 tton
756 1497 835 1542 est
866 1489 956 1542 Dei
988 1491 1242 1560 gettitrix,
1273 1502 1329 1546 et
1360 1494 1430 1545 ita
1460 1493 1563 1547 dici
1592 1494 1866 1558 concedis,
1890 1494 2028 1550 scito
2057 1506 2108 1554 te

544 1576 827 1647 reliquisse
856 1580 1161 1646 veritatem,
1190 1592 1245 1637 et
1284 1598 1475 1652 parum
1518 1581 1630 1651 jam
1668 1601 1858 1641 curare
1906 1602 1973 1642 an
2020 1603 2107 1642 sa-

539 1667 691 1737 piens
712 1684 829 1725 esse
850 1671 1102 1726 videaris.
1128 1672 1265 1739 Quid
1289 1674 1475 1728 enim?
1497 1675 1792 1742 Elisabetb,
1824 1686 1919 1733 aut
1947 1678 2106 1733 aliam

539 1768 736 1815 certee
766 1746 970 1816 sanctis
1000 1744 1343 1829 mulieribus,
1373 1780 1477 1819 non
1510 1767 1657 1821 omni
1691 1768 1989 1823 reverentia
2022 1769 2107 1824 di-

2208 582 2397 635 οὑδένα
2442 585 2643 653 τρόπον
2672 586 2843 653 ἐφιεὶς
2887 585 3087 654 ἰσχύειν
3137 586 3324 649 αὑτὰς,
3371 585 3592 639 ὅτιτῶν
3626 585 3787 638 θείων

2208 672 2495 742 δογμάτων
2527 674 2919 745 παραιροῦνται
2945 675 3022 745 (1)
3054 675 3112 728 τὸ
3138 675 3353 745 ἀληθὲς,
3378 670 3494 728 εἶτα
3520 675 3618 744 τὴν
3649 677 3789 728 Θεο-

2209 766 2385 828 τόκος
2414 764 2597 836 φωνὴν
2626 766 2723 818 οὒκ
2756 767 2812 817 ὲν
2833 765 3041 834 ὀλίγαις
3072 767 3240 829 τιθεὶς
3273 766 3495 830 αἰτίαις,
3528 767 3620 819 καὶ
3650 766 3786 837 ὁμοῦ

2209 854 2328 915 ταῖς
2357 852 2542 917 ἄλλαις
2577 856 2941 924 γραφόμενος,
2985 856 3061 918 ὡς
3088 858 3189 910 οὐκ
3212 856 3427 925 άληθῶς
3454 857 3547 910 καὶ
3581 855 3788 926 δύσφη-

2214 957 2331 1011 μον,
2377 944 2676 1012 συγχωρεῖν
2719 942 2853 1012 ἔφης
2897 943 2989 995 καὶ
3024 945 3085 995 οὐ
3126 943 3338 1012 φθονεῖν
3385 945 3451 1013 τῇ
3496 941 3783 1012 Παρθένῳ,

2211 1031 2311 1085 κᾶν
2339 1033 2387 1085 εἰ
2426 1033 2598 1085 ἕλοιτό
2631 1050 2714 1095 τις
2746 1035 2920 1086 εἰπεῖν
2955 1034 3216 1087 Θεοτόκον
3243 1033 3434 1105 αὑτήν.
3477 1033 3667 1103 Ἐφίης
3692 1030 3788 1087 οὖν

2210 1124 2318 1194 ἄρα
2348 1124 2443 1177 καὶ
2474 1125 2586 1186 τοῖς
2605 1123 2704 1195 τὴν
2740 1125 2948 1197 Ἀρείου
2989 1125 3202 1179 νοσοῦσι
3236 1126 3454 1195 μανίαν,
3480 1125 3538 1179 ὲν
3578 1125 3788 1196 μείοσιν

2212 1210 2349 1268 εἶναι
2376 1213 2556 1283 λέγειν
2586 1214 2680 1268 τοῦ
2719 1216 2931 1286 Πατρὸς
2974 1216 3065 1269 τὸν
3098 1216 3259 1281 Υἰὸν,
3296 1215 3329 1287 ἢ
3368 1214 3501 1284 γοῦν
3545 1218 3660 1277 τοῖς
3692 1215 3789 1270 ἁλ-

2212 1308 2358 1369 λοις,
2403 1306 2453 1359 οἳ
2500 1306 2597 1375 τὴν
2639 1306 2734 1359 τοῦ
2780 1305 2937 1375 ἁγίου
2994 1307 3313 1377 Πνεὺματος
3353 1306 3787 1376 κατακομίζουσι

2213 1399 2374 1466 φύσιν
2405 1397 2501 1466 τῆς
2541 1397 2874 1468 θεοπρεποῦς
2907 1397 3215 1469 ὑπεροχῆς;
3255 1397 3393 1450 Ἀλλ’
3416 1397 3517 1450 οὐκ
3548 1397 3614 1451 ἂν
3648 1396 3790 1449 ἕλοιο

2214 1489 2368 1543 τοῦτο
2396 1490 2547 1562 δρᾷν,
2578 1490 2679 1544 κᾶν
2711 1491 2764 1543 εί
2787 1509 2869 1554 τις
2911 1491 3084 1544 ἐθέλοι
3109 1491 3208 1562 τὴν
3242 1491 3421 1544 αἰτίαν
3460 1488 3788 1560 ἁναμαθείν,

2215 1582 2359 1652 ἐρεῖς
2387 1583 2568 1653 δήπου
2588 1583 2825 1647 πάντως·
2843 1584 2965 1636 Ὅτι
2983 1585 3165 1654 φωνῆς
3186 1583 3286 1636 οὐκ
3305 1582 3569 1654 ἀνέχομαι
3600 1581 3792 1635 δυσσε-

2216 1671 2362 1735 ϐοῦς.
2387 1673 2593 1727 Οὐκοῦν
2636 1676 2683 1727 εἰ
2722 1675 2794 1745 μή
2826 1675 2942 1727 ἐστι
2970 1673 3251 1738 Θεοτόκος,
3282 1670 3399 1727 εἶτα
3438 1673 3597 1726 τοῦτο
3635 1672 3792 1741 λέγε-

2218 1764 2341 1817 σθαι
2391 1767 2724 1835 συγχωρεῖς,
2775 1764 2883 1818 ἴσθι
2920 1762 3187 1827 λελοιπὼς
3231 1764 3332 1835 τὴν
3369 1762 3649 1835 ἀλήθειαν,
3700 1763 3794 1815 καὶ

542 1864 701 1918 gnam
727 1852 922 1921 putas?
945 1852 1085 1907 Num
1116 1854 1282 1924 igitur
1308 1856 1353 1909 si
1392 1856 1478 1910 cui
1519 1856 1679 1911 libeat
1719 1858 1863 1927 ipsas
1892 1873 2108 1928 quoque

2223 1854 2420 1926 σμικρά
2468 1852 2770 1925 φροντίζων
2817 1853 2897 1906 ἔτι
2948 1852 3042 1906 τοῦ
3092 1853 3271 1906 δοκεῖν
3320 1848 3462 1907 εἶναι
3499 1853 3682 1922 σοφός.
3718 1852 3794 1904 “Η

544 1940 637 1996 Dei
663 1942 953 2009 genitrices
989 1958 1201 2006 vocare,
1242 1945 1383 2000 banc
1418 1946 1523 2000 illis
1552 1947 1961 2017 appellationem
2002 1965 2108 2005 non

546 2032 851 2087 invidebis?
878 2035 1135 2103 Equidem
1176 2048 1306 2107 puto
1349 2047 1400 2092 te
1444 2041 1695 2094 omnibus
1733 2041 1906 2095 modis
1955 2057 2113 2111 repu—

544 2133 855 2190 gnaturutn,
883 2141 947 2181 ac
970 2126 1237 2182 dicturum
1263 2144 1370 2183 non
1396 2129 1469 2184 ita
1494 2145 1552 2185 se
1578 2130 1690 2186 ltzec
1719 2131 1942 2187 habere.
1974 2132 2111 2187 Natu

545 2223 870 2283 pepererunt
942 2216 1045 2271 illa:
1120 2229 1340 2275 sanctos
1396 2220 1646 2276 homines
1705 2224 1962 2291 quidem,
2015 2224 2112 2279 sed

546 2318 704 2359 nemo
735 2319 919 2359 eorum
951 2307 1242 2361 secundum
1295 2319 1545 2364 naturam
1600 2311 1739 2366 Deus
1775 2322 1910 2366 erat.
1976 2313 2119 2383 Ergo

550 2393 708 2463 hujus
755 2396 902 2450 vocis
971 2413 1122 2451 ttsum
1191 2408 1283 2452 aut
1340 2400 1409 2454 ab
1487 2403 1749 2458 omnibus
1804 2404 2121 2459 mulieribus

549 2501 759 2550 amove,
791 2497 882 2541 aut
923 2488 966 2543 si
1018 2490 1115 2544 soli
1161 2499 1355 2559 praeter
1399 2502 1626 2548 caeteras
1666 2494 1867 2548 habere
1916 2506 2117 2551 sanctae

550 2574 756 2644 Virgini
789 2579 1079 2647 permittis,
1110 2594 1268 2648 qnaut
1297 2579 1488 2636 ali‘eres
1533 2582 1583 2634 itt
1618 2583 1991 2650 respondendo
2030 2599 2118 2636 ra-

553 2666 794 2721 tionem?
820 2667 951 2722 Nant
996 2670 1040 2723 si
1074 2684 1197 2724 vere
1228 2673 1293 2726 de
1320 2687 1391 2727 ea
1417 2673 1613 2727 dicitur
1651 2674 1753 2728 ltoc
1784 2676 2037 2737 verbum,
2064 2683 2118 2728 et

552 2773 679 2815 vere
709 2759 874 2815 Deum
901 2762 1102 2833 genuit,
1131 2763 1309 2833 ipsum
1336 2765 1586 2818 nimirum
1619 2764 1712 2819 Dei
1742 2766 1973 2821 Verbum
2005 2753 2119 2821 car-

553 2865 675 2905 nem
728 2852 925 2907 factum
971 2854 1229 2909 conlitere
1287 2856 1587 2919 nobiscum,
1659 2867 1713 2911 et
1749 2866 1801 2911 te
1847 2859 2017 2927 ipsum
2053 2857 2127 2912 ab

554 2942 848 3012 impietatis
876 2944 1101 2998 crimine
1134 2944 1403 3000 liberabis.
1433 2945 1526 3000 Sin
1559 2960 1736 3000 autem
1773 2949 1861 3002 illa
1899 2948 2121 3003 minime

554 3032 721 3087 Deum
749 3035 949 3103 genuit,
983 3050 1087 3089 non
1123 3036 1267 3089 aliud
1296 3045 1377 3088 cst
1399 3036 1711 3104 permittere
1750 3038 2022 3092 nonnullis
2064 3048 2123 3092 ttt

554 3139 674 3179 eam
712 3124 801 3180 Dei
836 3126 1152 3195 genitricem
1181 3136 1395 3189 vocent,
1430 3144 1590 3197 quant
1632 3142 1754 3181 cum
1798 3129 1902 3184 illis
1948 3129 2124 3184 socie-

558 3222 722 3268 tatem
774 3188 1063 3284 impietatis
1103 3216 1259 3271 inire.
1295 3188 1399 3272 Sed
1445 3188 1530 3273 est
1584 3218 1671 3272 illa
1725 3208 1817 3272 Dei
1865 3220 2121 3289 genitrix,
2151 3188 2194 3245 ο

557 3305 684 3374 quia
707 3304 878 3360 factus
901 3315 981 3361 est
1024 3308 1185 3361 ltonto
1210 3309 1379 3361 nostri
1415 3308 1607 3364 similis
1647 3309 1735 3365 ille
1766 3310 2085 3380 Uuigenitus
2107 3348 2123 3376 ,

565 3397 669 3467 12
695 3398 843 3452 carni
871 3400 1161 3453 secundum
1197 3402 1475 3456 veritatem
1506 3401 1713 3466 unitus,
1736 3412 1789 3457 et
1812 3418 2124 3471 corpoream

558 3489 958 3559 generationem
1016 3490 1200 3554 subiit,
1228 3501 1281 3544 et
1333 3501 1528 3547 nostra:
1572 3503 1779 3548 natura:
1806 3492 1948 3564 leges
1987 3495 2126 3550 baud

564 3579 820 3650 neglexit,
848 3589 906 3634 ut
935 3581 1093 3650 paulo
1123 3591 1249 3637 aute
1282 3583 1414 3638 dixi.

632 3671 738 3726 Sed
765 3671 889 3741 quia
915 3673 1055 3728 scire
1078 3689 1137 3729 se
1181 3676 1257 3728 ait
1283 3677 1644 3732 venerandam
1687 3692 1808 3734 esse
1846 3694 1963 3734 eam
1990 3720 2008 3743 ,
2048 3678 2131 3734 ni-

564 3761 759 3817 mirum
789 3774 1033 3819 sanctatu
1066 3764 1354 3837 Virginem,
1379 3769 1628 3837 agedum,
1660 3770 2009 3839 inspiciamus
2037 3770 2131 3825 de-

564 3853 693 3909 bitas
723 3854 797 3908 illi
831 3856 1141 3911 reverentia:
1173 3873 1368 3915 causas
1398 3876 1412 3913 :
1450 3859 1621 3930 [Seio,
1650 3861 1842 3931 inquit,
1870 3877 2134 3919 veneran-

565 3939 689 3996 dam
720 3956 844 3999 esse
874 3942 1043 4010 illattt,
1087 3961 1182 4015 per
1229 3960 1388 4016 quant
1438 3950 1527 4005 ille
1582 3954 1822 4006 omnium
1876 3951 2133 4010 Dominus

564 4035 896 4102 pertransiit,
918 4050 1011 4105 per
1045 4052 1204 4106 quam
1230 4040 1430 4094 cliulsit
1463 4042 1549 4096 ille
1573 4042 1653 4096 sol
1674 4043 1947 4116 justitiw.)
1984 4046 2130 4110 Quo-

2211 1945 2320 2015 γὰρ
2343 1944 2463 2013 οὐχὶ
2492 1945 2586 1997 καὶ
2606 1941 2704 2013 τὴν
2733 1942 3035 2007 Ἐλισάὸετ,
3062 1943 3230 2013 ήγουν
3257 1941 3454 2013 ἑτέραν
3482 1941 3592 1994 τῶν
3622 1940 3796 2008 ἁγίων

2212 2034 2483 2105 γυναικῶν
2515 2032 2697 2095 αἰδοῦς
2746 2033 2979 2103 ἁπάσης.
3006 2032 3163 2098 ἀξίαν
3197 2026 3338 2085 εἶναι
3377 2034 3521 2103 φής;
3548 2027 3675 2103 'Ap’
3700 2027 3796 2086 οὖν

2212 2128 2273 2182 οὗ
2308 2126 2627 2197 φθονήσεις,
2665 2127 2714 2179 εἰ
2759 2124 2821 2195 δή
2851 2142 2935 2188 τις
2977 2123 3463 2187 ἕλοιτονθεοτόκους
3495 2123 3592 2177 καὶ
3623 2122 3798 2186 αὐτὰς

2214 2222 2420 2285 εἰπεῖν;
2464 2218 2625 2285 Ἀλλ’,
2663 2213 2839 2287 οἶμαι,
2880 2215 3057 2283 πάντη
3090 2230 3152 2267 τε
3183 2215 3279 2268 καὶ
3316 2213 3535 2278 πάντως
3564 2215 3799 2269 ἀντανα-

2218 2314 2410 2384 στήσῃ,
2448 2310 2653 2378 λέγων·
2688 2308 2800 2378 Οὐχ
2829 2307 2973 2361 οὕτω
3020 2305 3174 2361 ταῦτ’
3206 2305 3319 2376 ἔχει
3341 2321 3355 2337 '
3396 2305 3652 2359 τετόκασι
3686 2306 3797 2375 γὰρ

2215 2403 2535 2474 ἀνθρώπους
2558 2399 2945 2470 ἠγνιασμένους,
2969 2398 3062 2451 καὶ
3084 2391 3151 2467 ἦν
3174 2397 3231 2449 ὲν
3250 2393 3479 2457 ἐκείνοις
3501 2394 3633 2459 Θεὸς
3656 2394 3800 2448 κατὰ

2217 2495 2378 2565 φύσιν
2414 2492 2609 2555 οὐδείς.
2656 2489 2864 2545 οὐκοῦν
2897 2489 2931 2559 ἦ
2976 2486 3233 2556 γυναικὸς
3285 2485 3501 2557 ἁπάσης
3538 2483 3800 2538 ἁποσόϐει

2216 2588 2278 2640 τὸ
2322 2586 2531 2657 χρῆμα,
2556 2585 2724 2655 ἤγουν
2753 2581 2897 2652 ἔχειν
2937 2580 3112 2650 ἐφιεὶς
3152 2579 3285 2650 μόνῃ
3324 2576 3477 2648 παρὰ
3510 2578 3691 2640 πάσας
3728 2579 3798 2645 τῇ

2219 2680 2351 2750 ἁγίᾳ
2385 2676 2670 2750 Παρθένῳ,
2702 2675 2877 2738 ποίοις
2907 2670 3017 2744 ἆρα
3048 2672 3295 2743 κεχρήσῃ
3326 2670 3505 2739 λόγοις
3541 2670 3621 2733 εἰς
3659 2670 3791 2723 ἁπο-

2217 2771 2435 2840 λογίαν;
2481 2771 2544 2824 Εἰ
2580 2769 2677 2838 μὲν
2712 2766 2819 2836 γὰρ
2867 2765 3064 2835 ἀληθὲς
3095 2766 3183 2817 ἐπ’
3226 2763 3363 2832 αὐτῇ
3398 2762 3460 2815 τὸ
3495 2761 3670 2833 ῥῆμα,
3704 2762 3802 2814 καὶ

2220 2861 2353 2916 Θεὸν
2400 2859 2617 2913 τέτοκεν
2668 2855 2909 2927 ἀληθῶς,
2949 2854 3024 2916 ὡς
3075 2853 3254 2922 σάρκα
3304 2848 3566 2917 γεγονότα
3597 2846 3687 2900 τὸν
3734 2848 3801 2900 ὲκ

2221 2951 2354 3006 Θεοῦ
2376 2949 2568 3017 Λόγον,
2593 2946 2844 3018 ὁμολόγει
2867 2946 2966 2998 σὺν
2990 2944 3141 3014 ἡμῖν,
3170 2940 3263 2995 καὶ
3290 2938 3621 3005 ἀπαλλάξεις
3650 2953 3802 2991 σεαυ-

2222 3042 2312 3096 τὸν
2351 3040 2460 3094 τῶν
2486 3041 2567 3101 εἰς
2603 3036 2922 3091 δυσσέϐειαν
2965 3032 3358 3104 ἐγκλημάτων
3392 3029 3526 3083 εἰδὲ
3567 3026 3705 3082 Θεὸν
3735 3026 3798 3080 οὗ

2223 3134 2431 3197 τέτοκε,
2460 3130 2522 3183 τὸ
2562 3130 2771 3197 ἐφεῖναι
2797 3126 2976 3194 λέγειν
3012 3128 3121 3179 τισὶ
3153 3123 3416 3178 Θεοτόκον
3447 3120 3641 3191 αὐτὴν,
3684 3137 3803 3172 κοι-

2226 3225 2416 3277 νωνεῖν
2445 3223 2560 3275 ἐστι
2582 3219 2683 3289 τῆς
2709 3217 3026 3281 δυσσεϐείας
3053 3216 3255 3279 αὐτοῖς.
3294 3213 3431 3267 Ἀλλ’
3468 3212 3584 3266 ἔστι
3612 3211 3804 3265 Θεοτό-

2230 3329 2340 3377 κος,
2373 3312 2453 3366 ὅτι
2492 3310 2712 3379 γέγονεν
2751 3306 3036 3379 ἄνθρωπος
3070 3306 3194 3360 καθ’
3222 3306 3370 3376 ἡμᾶς
3399 3305 3428 3356 6
3455 3300 3765 3371 Μονογενὴς
3787 3340 3802 3364 ,

2231 3403 2397 3475 σαρκὶ
2425 3402 2565 3457 κατὰ
2592 3398 2850 3470 ἀλήθειαν
2881 3397 3179 3469 ἡνωμένος,
3204 3396 3296 3450 καὶ
3332 3392 3650 3465 σωματικὴν
3674 3392 3807 3444 ὑπο-

2232 3492 2422 3563 μείνας
2450 3491 2723 3561 γέννησιν,
2756 3489 2850 3544 καὶ
2877 3489 3002 3551 τοὺς
3033 3486 3131 3555 τῆς
3162 3485 3439 3556 ἡμετέρας
3467 3482 3681 3552 φύσεως
3706 3482 3809 3534 οὐκ

2229 3580 2502 3652 ἀτιμάσας
2535 3582 2753 3651 νόμους,
2782 3577 3034 3646 καθάπερ
3067 3575 3167 3646 ἤδη
3203 3575 3486 3645 προεῖπον.

2312 3672 2530 3743 Ἐπειδὴ
2558 3671 2615 3725 δέ
2653 3687 2818 3741 φησιν
2856 3667 3051 3721 εἰδέναι
3089 3664 3391 3733 σεϐασμίαν
3424 3662 3615 3733 αὐτὴν,
3649 3661 3807 3731 δῆλον

2229 3765 2288 3820 δὲ
2309 3767 2389 3820 ὅτι
2416 3764 2515 3833 τὴν
2544 3762 2703 3831 ἁγίαν
2736 3758 3032 3830 Παρθένον,
3061 3756 3194 3828 φέρε
3221 3754 3306 3825 δὴ,
3345 3754 3498 3826 φέρε,
3530 3752 3807 3822 καταθρή-

2235 3874 2415 3927 σωμεν
2453 3856 2549 3909 καὶ
2594 3855 2691 3925 τῆς
2723 3854 2810 3907 ἐπ’
2850 3852 2989 3921 αὐτῇ
3036 3847 3331 3917 γενομένης
3381 3844 3559 3908 αἰδοῦς
3602 3842 3803 3906 αἰτίας.

2237 3944 2389 4021 [Οἶδα
2414 3948 2543 4015 γὰρ,
2572 3945 2728 4015 φησί,
2764 3940 3068 4010 σεϐασμίαν
3107 3936 3296 4008 αὐτὴν,
3323 3937 3391 3990 δι’
3422 3932 3489 4005 ἦς
3528 3932 3812 4004 παρῆλθεν

2233 4041 2262 4092 6
2289 4039 2395 4092 τῶν
2419 4038 2555 4091 ὅλων
2584 4036 2878 4104 Δεσπότης,
2904 4034 2972 4087 δι’
2996 4026 3064 4103 ἦς
3092 4027 3406 4098 ἁνέλαμψεν
3425 4029 3453 4080 6
3477 4026 3575 4096 τῆς
3605 4024 3811 4078 δικαιο-

567 4126 729 4180 modo
758 4125 919 4193 igitur
948 4127 1029 4181 ais
1061 4128 1223 4184 Deum
1262 4133 1329 4185 ab
1359 4145 1420 4184 ea
1467 4134 1821 4201 susceptum?
1863 4136 2118 4202 quomodt

2237 4131 2403 4201 σύνης
2432 4126 2665 4200 ’Ἠλιος.]
2698 4128 2820 4192 Πῶς
2866 4125 2929 4197 δὴ
2973 4126 3081 4194 ἄρα
3123 4124 3228 4193 φὴς
3279 4118 3637 4189 ὑποδέχεσθαι
3678 4117 3814 4170 Θεὸν

568 4214 733 4269 etiam
775 4230 872 4285 per
906 4216 1048 4271 illam
1088 4222 1400 4287 pertransiit
1439 4223 1527 4277 ille
1559 4224 1802 4278 omnium
1844 4225 2118 4280 Dominus?

2236 4220 2406 4291 αὐτήν
2424 4238 2446 4285 ;.
2463 4220 2532 4272 Ἢ
2562 4220 2684 4273 τίνα
2710 4216 2953 4287 παρῆλθε
2978 4214 3178 4284 τρόπον
3204 4213 3271 4265 δι’
3294 4211 3464 4279 αὐτῆς
3489 4212 3517 4263 6
3541 4208 3651 4263 τῶν
3675 4207 3814 4261 ὅλων

570 4315 664 4360 aut
689 4309 958 4376 quomodo
980 4309 1179 4367 effulsit
1208 4313 1293 4368 ille
1318 4315 1394 4369 sol
1421 4315 1682 4384 justitize?
1708 4315 1840 4370 Nam
1884 4315 1928 4369 si
1970 4316 2118 4369 Deun

2238 4309 2542 4379 Δεσπότης;
2569 4307 2602 4379 ἦ
2635 4306 2728 4361 καὶ
2754 4307 2903 4368 ὅπως
2934 4302 3244 4373 ἀνέλαμψεν
3276 4302 3308 4353 6
3334 4303 3434 4372 τῆς
3464 4296 3813 4366 δικαιοσύνης

574 4395 717 4452 haud
746 4400 972 4467 peperit,
1002 4403 1294 4457 secundum
1329 4419 1547 4460 carnem
1577 4406 1817 4475 inquam,
1864 4407 2135 4475 quomodo

2240 4400 2461 4464 Ἦλιοςς
2496 4400 2557 4452 Εἰ
2590 4398 2689 4468 μὲν
2718 4397 2826 4468 γὰρ
2849 4396 2908 4449 οὐ
2938 4394 3125 4448 τέτοκε
3154 4392 3307 4457 Θεὸν,
3333 4392 3393 4445 τὸ
3425 4389 3567 4444 κατὰ
3609 4388 3811 4458 σάρκα,

576 4488 739 4558 igitur
760 4492 971 4559 excepit
1012 4492 1221 4548 Deum?
1263 4497 1529 4566 quomodo
1558 4514 1653 4567 per
1682 4498 1826 4552 illaut
1863 4508 2118 4566 pertrans

2240 4493 2404 4561 φημὶ,
2447 4491 2562 4553 πῶς
2606 4488 2822 4553 ἐδέξατο
2856 4487 3024 4555 Θεόν;
3060 4485 3179 4546 πῶς
3221 4482 3469 4554 παρῆλθε
3505 4480 3570 4534 δι’
3599 4478 3813 4573 αὑτῆςς

574 4579 669 4635 iit?
696 4581 798 4637 Sed
835 4582 1066 4638 fortasse
1105 4586 1252 4640 dices
1305 4588 1431 4642 illud
1480 4598 1629 4643 tuum
1688 4598 1744 4642 et
1793 4589 2009 4658 sapiens
2051 4606 2136 4643 re-

573 4685 850 4740 sponsum,
882 4681 942 4727 nt
974 4674 1088 4743 ipse
1144 4686 1322 4744 putas,
1371 4694 1434 4733 ac
1499 4677 1679 4733 dicere
1724 4693 1826 4733 non
1887 4681 2133 4735 vereris:

574 4760 741 4833 [Deus
760 4764 905 4817 enim
940 4775 1057 4820 erat
1091 4766 1348 4831 Verbum,
1393 4778 1593 4822 etcum
1640 4770 1854 4835 ltoutitte
1907 4772 2133 4839 conjun-

575 4863 745 4923 ctum,
773 4864 826 4909 et
864 4857 914 4909 in
965 4872 1029 4912 eo
1089 4858 1383 4930 ltabitaus.]
1432 4857 1537 4913 Sed
1595 4859 1717 4913 iidei
1761 4860 1980 4916 traditio
2034 4862 2137 4917 tuis

574 4946 678 5001 ltac
712 4947 779 5002 de
808 4964 866 5004 re
897 4948 1073 5005 verbis
1103 4960 1387 5019 repugnat.
1421 4949 1532 5005 Non
1557 4950 1702 5004 enim
1736 4950 2010 5005 Deileruut
2045 4954 2139 5006 Ito-

574 5038 798 5101 minent,
828 5042 922 5094 sed
955 5040 1301 5094 humanatnm
1335 5042 1500 5095 Deunt
1543 5039 1768 5094 adorare
1815 5042 2135 5097 didicimus:

578 5138 634 5181 tu
663 5142 792 5182 vero
820 5129 978 5183 aliter
1002 5130 1157 5185 dicis.
1190 5130 1390 5185 Deinde
1413 5131 1682 5199 quomodo
1715 5141 1766 5184 te
1799 5132 1988 5199 nugari
2034 5149 2136 5186 non

576 5220 836 5286 advertis,
870 5231 922 5275 et
948 5222 1251 5276 divinorum
1282 5225 1589 5293 dogmatum
1622 5223 1902 5277 veritatem
1929 5223 2137 5276 adulte-

580 5312 746 5366 rare?
796 5312 928 5366 Nant
980 5310 1213 5368 Verbum
1254 5329 1381 5368 caro
1432 5313 1628 5369 faetunt
1678 5325 1763 5368 est
1786 5312 1851 5367 “.
1891 5312 2008 5366 Jatn
2048 5329 2143 5367 cur

652 5432 694 5462 “
731 5430 888 5485 Joan.
922 5446 962 5493 ι,
1004 5430 1083 5483 li.

2255 4581 2391 4635 Ἀλλ’
2420 4580 2546 4644 ἴσως
2578 4582 2721 4649 ἐρεῖς
2753 4579 2812 4631 τὸ
2841 4577 2931 4630 σὸν
2954 4578 3017 4647 δὴ
3045 4575 3201 4629 τοῦτο
3231 4575 3325 4628 καὶ
3368 4573 3550 4642 σοφὸν,
3580 4572 3655 4635 ὡς
3683 4570 3817 4638 γοῦν

2242 4672 2342 4725 οἴει
2372 4689 2435 4724 τε
2462 4671 2555 4724 καὶ
2584 4670 2761 4737 λέγειν
2791 4668 3131 4737 ἁποτολμᾷςο
3164 4664 3319 4738 [Θεὸς
3340 4664 3447 4735 γὰρ
3476 4659 3541 4734 ἦν
3566 4665 3594 4715 6
3620 4662 3813 4729 Λόγος,

2242 4765 2513 4836 ἀνθρώπῳ
2549 4782 2607 4817 τε
2644 4762 3005 4833 συνημμένος,
3048 4760 3142 4814 καὶ
3172 4757 3394 4812 ενοικῶν
3442 4753 3637 4825 αὑτῷ.]
3674 4753 3815 4805 Ἀλλ’

2242 4861 2343 4931 ἦγε
2373 4859 2471 4928 τῆς
2512 4857 2745 4918 πίστεως
2776 4852 3072 4923 παράδοσις
3099 4853 3211 4913 τοῖς
3257 4850 3335 4911 εἰς
3363 4846 3522 4899 τοῦτο
3552 4847 3664 4907 σοῖς
3692 4844 3820 4896 ἁντνο

2241 4950 2529 5007 αποδύεται
2555 4948 2732 5015 λόγοις
2753 4962 2767 4976 ·
2798 4945 2858 4998 οὐ
2898 4943 3006 5013 γάρ
3034 4941 3291 5010 θεοφόρον
3345 4938 3656 5008 ἄνθρωπον,
3701 4933 3818 4985 ἀλλ’

2240 5041 2733 5112 ὲνανθρωπὴσαντα
2763 5036 2895 5088 Θεὸν
2943 5034 3270 5106 προσκυνεῖν
3317 5025 3708 5097 δεδιδάγμεθα·
3753 5027 3819 5077 σὺ

2239 5131 2296 5183 δὲ
2326 5131 2423 5198 οὐχ
2467 5127 2610 5181 οὓτω
2640 5129 2766 5198 φής.
2794 5123 2927 5178 Εἶτα
2955 5124 3072 5185 πῶς
3114 5122 3213 5175 οὐκ
3239 5119 3468 5189 αἰσθάνῃ
3496 5116 3699 5186 ληρῶν,
3726 5115 3821 5166 καὶ

2243 5224 2342 5291 τὴν
2372 5222 2428 5273 ὲν
2459 5222 2569 5283 τοῖς
2596 5220 2759 5281 θείοις
2788 5217 3024 5286 δόγμασι
3058 5212 3498 5285 παραχαράττων
3526 5207 3816 5276 ἀλῆθειανς

2250 5314 2445 5381 Γέγονε
2485 5311 2591 5382 γάρ
2630 5310 2762 5380 σὰρξ
2787 5310 2814 5361 6
2842 5308 3028 5375 Λόγος.
3068 5304 3205 5358 Ἀνθ’
3233 5305 3355 5357 ὅτου
3386 5300 3441 5354 δὲ
3473 5300 3539 5370 δὴ
3564 5298 3661 5353 καὶ
3688 5294 3822 5349 Θεὸν

1850 5536 2006 5591 ANT.
2054 5537 2327 5594 AGELLll
2368 5537 2596 5596 ΝΟΤΑΞ.

652 5685 732 5753 (1)
765 5683 863 5737 Alii
916 5682 1039 5737 libri
1080 5681 1371 5753 habebant,
1402 5677 1823 5750 παραιτοῦνται.
1873 5676 1977 5733 Sed
2020 5675 2149 5731 illud
2186 5678 2365 5735 verius
2434 5692 2553 5732 esse
2580 5673 2923 5732 manifestum
2981 5678 3063 5726 est
3097 5668 3239 5740 quod
3280 5674 3363 5721 est
3388 5666 3733 5733 impressum,
3764 5664 3826 5712 et

584 5750 1092 5811 excurreetioribus
1119 5750 1269 5808 libris
1296 5756 1595 5819 acceptum.
