4166 6466
351 362 431 421 29
1465 349 1832 408 ADVERSUS
1870 346 2273 403 NESTORIUM
2317 349 2443 405 LIB.
2487 351 2523 404 i.
2913 362 2916 366 '
3548 356 3621 413 3o

352 474 713 548 ὑποδέχεσθαι
740 472 845 545 φὴς
871 472 1061 544 αὐτὴν,
1086 471 1135 524 εί
1168 470 1242 542 μὴ
1275 471 1665 533 πεπίστευκας,
1694 470 1775 522 ὅτι
1800 467 1931 521 Θεὸν

2041 466 2205 519 Deum
2238 467 2303 519 ab
2335 468 2447 536 ipsa
2493 478 3000 543 susceptumhoms,
3041 487 3083 526 st
3130 488 3273 527 tuam
3309 470 3475 528 Deum
3530 488 3618 528 sc-

353 568 488 623 δντα
521 567 661 622 κατὰ
688 566 870 633 φύσιν,
895 563 1150 616 ὲκτέτοκε
1173 563 1263 615 τὸν
1300 561 1684 632 Ἐμμανουήλς
1718 560 1842 623 Πῶς
1872 560 1937 611 δι’

355 655 529 726 αὑτῆς
568 652 847 724 παρῆλθεν
890 654 919 705 ό
948 652 1058 705 τῶν
1105 650 1242 704 ὅλων
1290 651 1600 718 Δεσπότης,
1646 650 1741 704 καὶ
1780 652 1815 702 ό
1840 649 1935 717 τῆς

355 742 704 813 δικαιοσύνης
735 739 1054 810 ἀνέλαμψεν
1092 738 1281 809 ἥλιοςς
1325 741 1421 791 καὶ
1451 738 1572 791 τίνα
1615 741 1731 801 τοῖς
1757 736 1938 790 τοιού-

353 850 469 896 τοις
496 832 725 903 ὀνόμασι
755 830 1185 886 κατακαλλύνειν
1232 830 1437 895 άξιοῖς;
1484 825 1593 900 ἆρα
1625 829 1801 882 κοινὸν
1838 828 1939 898 μὲν

353 923 662 993 ἄνθρωπον,
692 923 766 987 ὡς
793 924 889 976 ἕνα
921 921 1030 975 τῶν
1069 921 1193 975 καθ’
1216 922 1385 991 ἡμᾶς,
1419 920 1558 991 πλὴν
1583 920 1935 991 ἡγιασμένον,

355 1015 435 1079 ὡς
476 1015 685 1069 ἔνοικον
714 1015 910 1085 ἔχοντα
943 1015 1035 1068 τὸν
1062 1014 1160 1067 τοῦ
1186 1013 1325 1067 Θεοῦ
1366 1012 1570 1082 Λόγον;
1602 1007 1733 1066 Εἶτα
1762 1011 1878 1075 πῶς
1908 1012 1939 1063 ό

357 1106 598 1170 τοιοῦτος
625 1107 734 1160 τῶν
775 1107 911 1160 ὅλων
940 1105 1093 1159 ἔσται
1122 1104 1417 1175 Δεσπότης,
1441 1105 1537 1157 καὶ
1560 1105 1590 1157 ὁ
1612 1103 1709 1172 τῆς
1733 1103 1936 1157 δικαιο-

360 1196 528 1267 σύνης
564 1197 751 1268 ἦλιοςς
792 1196 865 1249 Τὸ
896 1197 1006 1268 γάρ
1034 1195 1317 1259 δεσπόζειν
1348 1212 1410 1247 τε
1446 1195 1540 1248 καὶ
1572 1197 1794 1266 κρατεῖν
1824 1194 1936 1249 τῶν

358 1289 497 1343 ὅλων
523 1289 809 1353 δύνασθαι,
831 1288 925 1342 καὶ
954 1286 1211 1357 φωτίζειν
1236 1286 1305 1339 τὰ
1338 1284 1527 1356 νοητὰ,
1556 1286 1757 1357 πρέποι
1778 1286 1844 1340 ἂν
1872 1286 1934 1339 ού

362 1379 584 1448 μέτροις
606 1380 721 1441 τοῖς
743 1377 863 1430 καθ’
886 1378 1056 1448 ἡμᾶς,
1079 1377 1423 1430 άνακείσεται
1441 1376 1497 1429 δὲ
1523 1376 1659 1448 μόνη
1684 1380 1749 1447 τῇ
1775 1378 1942 1448 ὑπερα

354 1468 523 1529 τάτω,
553 1468 649 1519 καὶ
681 1467 944 1521 ἀνωτάτω
973 1466 1154 1536 φύσει.

438 1559 655 1629 Ἐπειδὴ
692 1560 750 1612 δὲ
780 1558 859 1621 τὸ,
896 1576 914 1608 ι
944 1557 1190 1627 Διῆλθεν,
1214 1576 1230 1607 ι
1269 1556 1407 1619 ὅλως
1435 1558 1535 1610 ούκ
1565 1552 1666 1610 οἶδ’
1685 1556 1807 1610 ὅθεν
1837 1555 1935 1609 λα·

352 1648 485 1710 σὼν,
514 1649 766 1710 τέθεικας
810 1648 901 1699 ἐπὶ
936 1646 1094 1706 Θεοῦ.
1142 1645 1396 1713 διασάφει
1440 1645 1536 1715 τὴν
1576 1645 1753 1709 λέξιν*
1785 1645 1839 1697 τί
1870 1644 1939 1697 τὸ

351 1739 541 1810 χρῆμα
569 1737 671 1803 τῆς
701 1735 886 1789 ἐνθάδε
918 1735 1217 1805 λεγομένης
1256 1735 1454 1797 διόδου,
1488 1735 1587 1803 τῆς
1618 1738 1715 1805 σῆς
1749 1736 1833 1803 εῖη
1864 1734 1938 1789 ἂν

353 1799 547 1897 ;
585 1799 917 1898 ἠγνοηκόσιν
951 1799 1141 1879 είπεῖν.
1174 1799 1237 1879 lii
1273 1827 1369 1895 μὲν
1400 1826 1507 1895 γὰρ
1543 1799 1689 1879 οὓτω
1717 1799 1934 1896 διῆλθεν
1964 1799 2007 1857 Β

350 1920 523 1990 αὐτὴν
545 1922 573 1973 ό
600 1920 694 1973 τοῦ
729 1919 864 1972 8εοῦ
908 1919 1100 1987 Λόγος,
1136 1918 1214 1981 ὡς
1258 1919 1322 1971 ὲκ
1359 1918 1526 1971 τόπου
1566 1917 1703 1989 πρὸς
1747 1917 1933 1987 ἕτερον

357 2012 745 2081 μεταχωρῆσαι
774 2012 955 2074 τόπον,
978 2010 1203 2063 αὐτόθεν
1226 2009 1536 2079 καταϐαλῇς
1553 2027 1568 2040 ο
1590 2009 1799 2081 ἀκούσῃ
1823 2009 1932 2081 γὰρ

354 2103 607 2171 λέγοντος
632 2103 797 2156 αὐτοῦ
823 2104 908 2156 διὰ
939 2103 1121 2171 φωνῆς
1155 2101 1261 2154 τῶν
1290 2102 1462 2168 ἁγίων
1480 2118 1494 2132 ν
1531 2121 1549 2152 ι
1577 2102 1670 2172 Μὴ
1696 2102 1817 2171 οὐχὶ
1839 2101 1933 2154 τὸν

352 2194 587 2265 οὐρανὸν
622 2195 716 2247 καὶ
770 2194 865 2264 τὴν
902 2194 1005 2264 γῆν
1048 2193 1159 2261 ἐγὼ
1201 2192 1414 2263 πληρῶ,
1459 2192 1606 2260 λέγει
1638 2192 1874 2263 Κύριοςς
1908 2211 1926 2244 ι

352 2282 431 2334 ού
471 2281 577 2351 γάρ
614 2282 670 2333 ἐν
703 2280 849 2350 τόπῳ
878 2281 939 2333 τὸ
958 2280 1135 2345 θεῖον,
1165 2282 1259 2334 καὶ
1294 2282 1653 2352 μεταστάσεις
1689 2282 1791 2334 οὐκ
1823 2276 1932 2334 οἶδε

350 2376 692 2445 σωματικάςο
720 2374 919 2447 πληροῖ
943 2374 1051 2445 γὰρ
1073 2377 1141 2428 τὰ
1172 2375 1378 2428 πάντα⁸
1407 2376 1454 2427 εί
1477 2373 1555 2435 δὲ,
1584 2374 1813 2445 ἐπείπερ
1839 2374 1933 2427 τὸν

350 2466 431 2535 τῷ
463 2466 605 2535 τόκῳ
638 2467 917 2534 πρέποντα
966 2466 1289 2536 περιμείνας
1339 2466 1549 2536 καιρὸν,
1585 2466 1839 2537 σχετικὴν
1872 2468 1930 2517 ὲν

348 2556 622 2627 ἀνθρώπῳ
647 2560 745 2627 τὴν
782 2559 1053 2628 ἐνοίκησιν
1090 2559 1403 2627 ἐποιήσατο,
1431 2556 1676 2611 διελάσαι
1706 2557 1812 2627 φὴς
1837 2558 1930 2610 τὸν

347 2648 483 2702 Θεὸν
508 2649 608 2719 τῆς
638 2650 799 2716 ἁγίας
838 2649 1137 2720 Παρθένου,
1175 2650 1362 2719 ⁸ἤγουν,
1395 2649 1685 2718 παρελθεῖν
1720 2651 1891 2721 αὑτήν
1912 2666 1928 2681 ο

348 2741 689 2811 κεχρήσομαι
724 2741 835 2811 γάρ
883 2741 1130 2810 πανταχῆ
1179 2743 1297 2803 ταῖς
1333 2741 1503 2811 ἱεραῖς
1550 2758 1643 2793 σου
1684 2744 1926 2810 φωναῖς·

345 2832 503 2885 οὐδὲν
540 2833 647 2901 ἄρα
687 2832 751 2885 τδ
799 2832 1054 2903 περιττὸν
1090 2835 1147 2886 ὲν
1190 2834 1258 2903 τῇ
1300 2832 1431 2903 ἁγία
1469 2832 1730 2903 Παρθένῳ
1776 2834 1928 2904 παρὰ

344 2922 448 2986 τὰς
489 2923 656 2988 ἄλλας
687 2924 924 2996 ὁρῶμεν.
962 2924 1246 2978 Ἐκτέτοκε
1286 2923 1395 2994 γὰρ
1436 2926 1470 2994 ἡ
1511 2924 1791 2979 Ἐλισάϐετ
1839 2926 1930 2979 τὸν

348 3012 621 3084 μακάριον
652 3014 960 3085 Βαπτιστὴν
985 3013 1318 3085 ἡγιασμένον
1348 3015 1435 3068 διὰ
1462 3013 1555 3067 τοῦ
1588 3015 1923 3085 Πνεύματος,

342 3107 416 3160 δι’
440 3100 502 3159 οὗ
538 3106 851 3177 Πνεύματος
895 3107 990 3160 καὶ
1031 3105 1194 3169 αὐτὸς
1226 3109 1254 3159 ό
1287 3106 1411 3169 Υίδς
1456 3107 1515 3158 ὲν
1548 3108 1680 3175 ἡμῖν
1710 3106 1925 3170 αύλίζε-
1953 3132 1996 3189 c

342 3215 460 3253 ται.
490 3200 598 3252 Καὶ
635 3200 977 3271 μαρτυρήσει
1010 3198 1183 3267 λέγων
1210 3200 1238 3252 ὁ
1264 3198 1424 3267 σοιρὺς
1457 3199 1709 3270 Ἰωάννης
1731 3217 1744 3229 ο
1779 3218 1799 3249 ι
1841 3200 1929 3252 Ἐν

344 3291 521 3362 τούτῳ
570 3290 934 3361 γινώσκομεν,
974 3292 1057 3345 ὅτι
1108 3293 1165 3345 ὲν
1212 3292 1343 3361 ἡμῖν
1384 3293 1552 3355 ἐστιν,
1594 3292 1677 3345 ἔτι
1727 3294 1792 3343 ὲκ
1833 3292 1929 3345 τοῦ

344 3381 666 3450 Πνεύματος
714 3380 879 3434 αὐτοῦ
933 3380 1131 3432 ἔδωκεν
1172 3380 1326 3449 ἡμῖν.
1356 3397 1373 3428 ι
1409 3378 1634 3447 Διῆλθεν
1682 3374 1775 3430 οὖν
1822 3377 1929 3447 ἄρα

345 3473 443 3524 καὶ
470 3472 640 3540 αὐτὴν
672 3470 771 3541 τὴν
813 3469 1093 3523 Ἐλισάὸετ
1134 3470 1162 3521 ό
1201 3470 1265 3521 ὲκ
1307 3468 1440 3522 Θεοῦ
1475 3468 1668 3536 Λόγος,
1698 3470 1792 3521 καλ⁵
1822 3468 1930 3539 πρὸ

342 3562 447 3630 τῆς
482 3562 786 3632 γεννήσεως
832 3560 1123 3631 ὲνῳκηκὼς
1157 3559 1235 3629 τῷ
1282 3558 1471 3630 βρέφει
1502 3560 1589 3612 διὰ
1629 3560 1720 3613 τοῦ
1760 3560 1929 3613 Πνεύ-

348 3670 542 3723 ματος.

433 3743 571 3796 Ἀλλ’
597 3741 921 3804 ὑποπτεύεις
961 3740 1051 3793 τὸν
1092 3739 1303 3809 κρότον,
1338 3740 1412 3802 ὼς
1451 3738 1587 3810 ὀρθά
1631 3756 1713 3792 σοι
1746 3739 1926 3794 λαλεῖν

342 3833 610 3905 ᾑρημένῳ
653 3831 839 3885 λοιπὸν
884 3830 1146 3898 γεγονότα
1194 3828 1342 3900 παρὰ
1383 3828 1549 3881 λαῶν.
1582 3829 1771 3882 Ἥλιον
1815 3828 1926 3899 γάρ

340 3925 693 3994 δικαιοσύνης
720 3923 1040 3992 ὠνόμασας,
1093 3923 1186 3974 καὶ
1211 3919 1300 3974 τὸν
1329 3920 1467 3974 ὅλων
1495 3919 1790 3991 Δεσπότην,
1834 3918 1926 3973 τὸν

342 4019 412 4071 ὲκ
452 4019 551 4088 τῆς
599 4016 761 4084 ἁγίας
809 4014 1083 4088 Παρθένου
1130 4013 1549 4082 γεγεννημένον.
1595 4007 1725 4065 Εἶτα
1764 4010 1925 4064 πάλιν

339 4109 817 4179 ἀκριϐολογεῖσθαι
848 4108 1142 4178 προσποιῇ,
1169 4105 1263 4159 καὶ
1290 4104 1381 4159 τὸν
1408 4104 1601 4175 κρότον
1627 4105 1801 4175 αἰτιᾷ,
1831 4103 1925 4157 καὶ

340 4199 632 4268 χαίροντας
663 4197 756 4250 ἐπὶ
787 4196 871 4249 σοὶ
903 4196 1135 4265 γράφεις
1170 4195 1352 4261 πάλιν,
1375 4193 1450 4259 ὡς
1483 4195 1544 4249 ού
1576 4194 1921 4264 νενοηκότας.

344 4292 412 4342 Ὢ
452 4289 652 4357 πολλῆς
688 4287 891 4359 ἰσχύος,
918 4288 953 4358 ἡ
988 4290 1100 4350 τοῖς
1140 4289 1253 4349 σοῖς
1287 4285 1462 4339 ἔνεστι
1490 4285 1699 4353 λόγοιςι
1730 4286 1792 4338 ού
1833 4286 1923 4354 γέ-

341 4398 509 4448 γονας
551 4379 856 4449 μελληστὴς
898 4379 977 4440 εῖς
1010 4395 1072 4445 γε
1114 4376 1173 4429 τὸ
1211 4376 1410 4447 χρῆναι
1454 4377 1785 4430 καταλυπεῖν
1826 4377 1923 4429 αύ-

2042 554 2275 608 cundttm
2312 565 2562 610 naturam
2616 557 2795 625 ipsum
2839 559 3153 615 Emmanuel
3197 562 3471 630 peperisse
3509 576 3616 616 non

2042 646 2261 699 credis?
2288 647 2558 715 quomodo
2603 663 2697 715 per
2730 649 2874 702 illam
2905 652 3220 718 pertransiit
3250 651 3338 706 ille
3375 653 3615 706 omnium

2040 736 2322 803 Dominus,
2348 748 2403 791 et
2432 738 2509 793 sol
2541 740 2738 794 clTulsit
2756 741 3015 806 justitite?
3040 741 3208 807 Quem
3236 757 3365 796 vero
3390 743 3474 796 his
3498 757 3616 795 vcr-

2042 824 2128 879 bis
2160 834 2210 878 te
2236 825 2493 882 decorare
2526 830 2731 897 putas?
2765 847 2890 884 unm
2925 846 3263 885 conmmncm
3316 831 3613 893 hominem,

2042 924 2099 967 ttt
2134 931 2297 969 unum
2330 916 2394 971 de
2420 918 2587 973 nostri
2622 918 2909 984 similibus,
2942 920 3038 974 sed
3082 930 3258 978 tamen
3303 920 3616 974 sanctiﬁca-

2041 1014 2173 1068 tum.
2210 1018 2267 1059 ut
2304 1007 2354 1060 itt
2385 1023 2491 1075 quo
2519 1008 2612 1063 Dei
2640 1007 2871 1063 Verbum
2921 1010 3293 1065 inhabitaret?
3329 1010 3435 1066 Sed
3479 1026 3616 1080 quo—

2040 1098 2200 1152 modo
2228 1099 2490 1167 ejusmodi
2523 1100 2686 1155 homo
2711 1116 2890 1155 rerum
2929 1102 3168 1156 omnium
3199 1103 3454 1157 Dominus
3485 1103 3609 1163 erit.

2037 1196 2090 1240 et
2118 1189 2195 1241 sol
2218 1185 2474 1255 justitim?
2501 1188 2634 1242 Nam
2671 1190 2938 1244 dominari
2969 1202 3023 1246 et
3061 1192 3327 1261 imperare
3360 1193 3612 1248 omnibus

2037 1287 2215 1343 posse,
2246 1286 2299 1331 et
2336 1292 2423 1331 res
2458 1293 2577 1346 qua:
2612 1278 2982 1348 intelliguntur
3030 1280 3320 1342 illustrare.
3375 1297 3479 1334 non
3517 1297 3609 1335 no—

2036 1376 2455 1423 strazmensuraz
2483 1379 2587 1434 est,
2615 1371 2709 1424 sed
2767 1371 2841 1425 illi
2894 1372 2992 1425 soli
3050 1372 3512 1426 excellentissima:
3557 1382 3612 1427 et

2035 1474 2301 1528 suprema:
2332 1473 2539 1518 natura:
2563 1464 2930 1519 tribuendum.

2103 1550 2221 1605 Jam
2277 1553 2403 1621 quia
2456 1554 2679 1608 verbum
2718 1574 2736 1606 ι
2765 1556 3079 1625 pertransiit
3123 1575 3141 1606 ι
3185 1558 3458 1610 undeuam
3518 1571 3610 1610 ac-

2035 1640 2270 1708 ceperis,
2291 1650 2345 1695 et
2368 1642 2435 1697 de
2456 1643 2569 1697 Deo
2588 1644 2893 1711 protuleris,
2911 1661 3131 1715 prorsus
3154 1646 3360 1716 ignoro.
3377 1646 3607 1715 explica,

2034 1732 2404 1800 quaeso,hanc
2456 1732 2781 1800 dictionem,
2828 1714 3024 1805 quidve
3069 1738 3137 1791 sit
3190 1737 3274 1791 hic
3327 1738 3607 1802 transitus,

2036 1835 2194 1891 quem
2230 1823 2333 1877 hoc
2362 1822 2482 1878 loco
2527 1826 2730 1892 dixisti,
2761 1827 2863 1881 erit
2916 1827 3102 1896 utique
3157 1837 3263 1883 tute
3316 1828 3611 1898 prudentiae

2036 1914 2241 1982 ignaris
2275 1928 2566 1984 exponere.
2597 1916 2729 1971 Nam
2776 1919 2821 1973 si
2859 1920 2932 1973 ita
2975 1935 3069 1989 per
3103 1920 3248 1974 illam
3295 1920 3506 1974 transiit
3546 1920 3610 1974 il-

2035 2003 2123 2059 lud
2155 2004 2251 2060 Dei
2303 2003 2568 2082 Verbum,
2621 2017 2683 2062 ut
2726 2022 2794 2063 ex
2830 2007 2950 2064 loco
2990 2025 3097 2065 uno
3144 2011 3209 2064 ad
3273 2009 3498 2064 alterum
3552 2025 3611 2064 se

2037 2103 2380 2171 transferret,
2420 2103 2658 2160 indidem
2687 2104 2957 2172 dejicieris
2987 2121 3002 2158 :
3034 2121 3155 2159 nam
3188 2105 3325 2161 dicet
3375 2106 3468 2159 tibi
3513 2119 3610 2171 per

2034 2208 2220 2249 vocem
2244 2205 2593 2249 sanctorum:
2633 2212 2652 2245 ι
2701 2194 2889 2249 Nonne
2934 2193 3127 2249 caelum
3170 2202 3224 2248 et
3266 2203 3463 2249 terram
3509 2208 3610 2261 ego

2035 2282 2253 2353 impleo,
2284 2285 2417 2339 dicit
2443 2283 2705 2339 Dominus
2725 2284 2770 2315 δ’
2797 2285 2821 2338 ?
2847 2304 2866 2338 ι
2903 2283 3088 2355 Neque
3113 2285 3257 2340 enim
3291 2294 3373 2339 est
3400 2284 3453 2337 in
3492 2285 3608 2337 loco

2034 2374 2335 2441 Divinitas;
2380 2384 2436 2430 et
2471 2390 2667 2445 expers
2714 2384 2796 2430 est
2841 2375 3088 2443 corporei
3130 2376 3418 2442 transitus;
3485 2392 3606 2428 nam

2034 2466 2219 2536 implet
2268 2467 2450 2523 omnia
2498 2485 2513 2523 :
2590 2468 2675 2522 sin
2750 2479 2931 2523 autem
3004 2469 3132 2538 quia
3190 2465 3430 2520 debitum
3491 2481 3608 2533 par-

2036 2557 2109 2612 tui
2166 2565 2378 2627 tempus
2443 2556 2790 2627 perferendo,
2856 2558 2957 2628 13
3039 2558 3318 2613 relativam
3390 2557 3441 2609 itt
3514 2557 3610 2610 hu-

2034 2650 2177 2705 tnine
2225 2650 2612 2706 habitationem
2685 2652 2946 2717 incoluit,
2995 2651 3116 2705 ideo
3178 2649 3343 2703 Dettm
3408 2648 3609 2703 asseris

2033 2754 2342 2807 permeasse
2412 2754 2511 2809 per
2573 2749 2817 2796 sanctam
2881 2740 3159 2808 Virginem
3220 2739 3387 2808 (utar
3462 2739 3607 2789 enim

2034 2827 2234 2896 ubique
2290 2828 2399 2882 tuis
2451 2829 2621 2884 sacris
2668 2829 2950 2898 vocibus),
2999 2827 3133 2883 nihil
3179 2842 3310 2895 ergo
3349 2827 3606 2882 eximium

2033 2918 2085 2972 in
2116 2930 2305 2975 sancta
2334 2918 2556 2990 Virgine
2599 2930 2795 2990 praeter
2844 2931 3074 2976 ceteras
3114 2920 3378 2974 videmus.
3438 2917 3604 2987 Pepe-

2032 3011 2101 3063 rit
2133 3010 2276 3065 enim
2297 3010 2574 3067 Elisabeth
2607 3012 2822 3068 beatum
2851 3012 3146 3083 Baptistam
3178 3011 3411 3081 Spiritus
3441 3024 3606 3077 opera

2031 3100 2449 3167 sanctiﬁcatum,
2496 3116 2593 3171 per
2640 3116 2798 3173 quem
2834 3100 3095 3172 Spiritum
3144 3101 3308 3157 etiam
3344 3099 3460 3169 ipse
3518 3097 3606 3152 Fi-

2032 3192 2137 3249 lius
2164 3192 2217 3247 in
2253 3194 2409 3250 nobis
2448 3194 2676 3261 habitat,
2709 3195 2873 3266 idque
2930 3195 3119 3251 beatus
3167 3192 3402 3248 Joannes
3437 3201 3604 3246 testa-

2031 3293 2140 3353 tur,
2166 3286 2398 3341 dicens:
2443 3306 2461 3339 ι
2496 3286 2552 3341 In
2600 3288 2701 3344 hoc
2739 3289 3119 3358 cognoscimus
3161 3288 3405 3357 quodin
3455 3286 3607 3342 nobis

2030 3389 2134 3443 est,
2167 3378 2294 3447 quia
2328 3378 2394 3432 de
2418 3377 2622 3447 Spiritu
2658 3394 2760 3433 suo
2800 3380 2945 3435 dedit
2975 3380 3129 3433 nobis
3153 3379 3219 3434 “.
3255 3397 3272 3428 ι
3311 3378 3601 3432 Pertrans-

2032 3468 2093 3521 iit
2121 3467 2281 3538 igitur
2337 3469 2501 3523 etiam
2537 3484 2636 3539 per
2665 3468 2942 3527 Elisabeth
2988 3470 3161 3541 ipsum
3205 3470 3296 3526 Dei
3345 3469 3605 3534 Verbum,

2030 3574 2154 3613 cum
2193 3560 2358 3613 etiam
2404 3570 2531 3615 ante
2576 3560 2723 3616 illius
2755 3561 3095 3617 nativitatem
3136 3560 3203 3617 ‘in
3261 3562 3469 3616 infante
3513 3576 3607 3631 per

2030 3650 2294 3720 Spiritum
2326 3650 2666 3708 iuhabitarit.

2099 3740 2207 3795 Sed
2230 3750 2538 3809 suspectum
2578 3742 2745 3797 habes
2783 3741 3028 3813 plausum
3084 3742 3201 3804 tibi,
3255 3751 3314 3797 ut
3351 3743 3441 3813 qui
3492 3741 3604 3812 jam

2030 3839 2178 3885 recte
2206 3831 2350 3901 loqui
2388 3846 2652 3899 coeperas,
2701 3847 2731 3887 a
2758 3833 2958 3903 populo
2994 3832 3217 3888 factum.
3258 3834 3394 3889 Nam
3436 3834 3604 3890 solem

2022 3929 2265 4000 justitim.
2304 3939 2359 3983 et
2389 3931 2632 3984 omnium
2666 3927 2955 3985 Dominum
2998 3930 3300 4001 appellaras
3348 3930 3493 3984 illum
3539 3944 3605 3983 ex

2027 4029 2214 4076 sancta
2252 4017 2475 4091 Virgine
2510 4027 2720 4076 natum.
2762 4019 2894 4076 Inde
2934 4036 3124 4077 rursus
3154 4021 3402 4076 subtilius
3446 4033 3606 4090 agere

2028 4112 2277 4177 simulas,
2328 4121 2383 4165 et
2437 4112 2681 4181 plausum
2730 4112 3103 4183 reprehendis.
3155 4123 3210 4169 et
3244 4110 3495 4167 homines
3531 4109 3603 4164 tui

2026 4217 2195 4258 causa
2229 4201 2381 4257 laetos
2413 4204 2590 4258 denuo
2620 4211 2680 4257 ut
2710 4218 2899 4271 parum
2944 4204 3307 4274 intelligentes
3357 4217 3604 4259 accusas.

2027 4294 2072 4351 0
2104 4310 2357 4362 magnam
2384 4295 2459 4349 tui
2490 4296 2760 4351 sermonis
2790 4295 3123 4365 potentiam!
3169 4293 3285 4351 Non
3324 4294 3430 4347 illis
3458 4303 3606 4347 certe

2028 4400 2317 4443 mmrorem
2375 4385 2599 4453 injicere
2645 4386 2928 4453 distulisti,
2968 4387 3021 4441 in
3064 4386 3265 4442 luctum
3303 4386 3449 4441 illico
3487 4402 3607 4439 ver-

341 4472 491 4534 τοὺς,
518 4471 782 4541 ἓστρεψας
814 4469 974 4533 εὐθὺς
1002 4472 1080 4530 εἰς
1122 4467 1314 4529 πένθος
1348 4466 1445 4535 τὴν
1479 4467 1674 4537 χαρὰν,
1703 4466 1923 4538 διέρῤη-

2032 4479 2141 4533 tisti
2171 4478 2449 4549 gaudium,
2491 4477 2804 4533 conscidisti
2842 4478 3082 4535 lmtitiam
3104 4519 3121 4545 ,
3150 4489 3207 4534 et
3238 4480 3518 4534 accinxisti
3553 4488 3606 4533 te

342 4559 444 4625 ξας
486 4561 585 4631 τὴν
615 4558 970 4628 εὐφροσύνην,
1017 4558 1112 4612 καὶ
1142 4557 1401 4622 διέζωσας
1443 4558 1665 4622 σάκκον,
1710 4560 1921 4627 ἐπαγα-

338 4650 459 4719 γὼν
498 4649 660 4713 εὐθὺς
685 4646 837 4704 εἷτα’
866 4649 1061 4721 [Πάλιν
1097 4646 1389 4701 ὑποπτεύω
1424 4648 1517 4701 τὸν
1554 4648 1767 4718 κρότον,
1804 4649 1922 4711 πῶς

337 4740 421 4803 τὸ,
454 4739 759 4809 Παρῆλθεν,
801 4738 1094 4808 ὲνοήσατε;
1126 4738 1240 4790 Οὐκ
1276 4736 1490 4807 εἴρηταί
1525 4754 1614 4807 μοι
1646 4738 1724 4803 τὸ,
1771 4739 1919 4809 Παρ-

336 4831 523 4902 ἧλθεν,
544 4832 664 4883 ἀντὶ
690 4829 805 4891 τοῦ,
832 4828 1124 4899 Ἐγεννήθη
1148 4848 1158 4860 ·
1185 4830 1245 4882 ού
1272 4828 1379 4898 γὰρ
1404 4829 1547 4881 οὕτω
1577 4831 1785 4900 ταχέως
1812 4832 1925 4884 ὲπιο

336 4922 677 4993 λανθάνομαι
704 4923 812 4975 τῶν
845 4923 1010 4975 ἰδίων.
1035 4921 1108 4973 Τὸ
1138 4921 1424 4991 παρελθεῖν
1452 4921 1542 4974 τὸν
1571 4922 1704 4974 θεὸν
1732 4923 1795 4974 ἐκ
1822 4923 1922 4992 τῆς

336 5017 707 5086 Χριστοτόκου
767 5014 1066 5085 Παρθένου,
1101 5015 1252 5084 παρὰ
1300 5015 1399 5085 τῆς
1435 5013 1589 5075 θείας
1636 5014 1919 5083 ἐδιδάχθην

338 5105 603 5174 Γραφῆςο
648 5104 709 5157 τὸ
731 5103 787 5157 δὲ
834 5103 1164 5172 γεννηθῆναι
1194 5103 1327 5157 Θεὸν
1361 5103 1421 5167 εξ
1459 5103 1650 5173 αὐτῆς,
1681 5104 1919 5175 οὐδαμοῦ

334 5193 675 5265 ἰδιδάχθην.]
702 5193 911 5246 Οὐκοῦν
937 5194 1005 5245 σὰ
1043 5194 1140 5263 μὲν
1164 5191 1513 5247 εἶναινὲκεῖνα
1536 5195 1606 5247 τὰ
1638 5194 1921 5267 διεστραμ-

340 5284 483 5354 μένα
518 5298 532 5312 ’
594 5283 673 5353 τῷ
734 5300 794 5350 γε
866 5282 971 5352 μὴν
1014 5284 1069 5335 ἐν
1141 5282 1397 5352 ὑποψίαις
1459 5283 1749 5355 ὀρθότητος
1827 5285 1919 5339 τὸν

337 5376 433 5427 σὺν
466 5373 795 5443 γεγενῆσθαι
826 5373 971 5436 νοῦν,
998 5374 1027 5426 ὁ
1066 5371 1125 5437 ἐξ
1168 5373 1388 5443 ἀγάπης
1425 5377 1633 5446 κρότος.

422 5466 783 5536 Ἐνστήσομαι
803 5464 858 5518 δὲ
884 5465 976 5517 καὶ
1002 5463 1097 5517 νῦν
1123 5464 1274 5517 οὐδὲν
1298 5461 1479 5537 ἦττον,
1502 5471 1677 5522 ὲκεῖνο
1712 5469 1883 5537 λέγων
1900 5488 1913 5502 ⁸

336 5558 402 5612 Τί
427 5555 507 5622 τὸ,
530 5556 835 5626 Παρῆλθεν,
854 5558 1022 5620 ἐστὶν,
1043 5559 1088 5609 εί
1113 5558 1186 5627 μὴ
1205 5558 1354 5628 δηλοῖ
1369 5560 1465 5629 τὴν
1480 5561 1751 5633 γέννησινς
1774 5559 1916 5632 Ἆρα

412 5733 453 5763 ’³³
492 5736 689 5793 Terent.
728 5756 881 5807 xxm,
919 5744 1007 5797 2i.
1091 5744 1130 5774 "
1162 5743 1177 5799 l
1211 5744 1360 5803 Joan.
1402 5762 1475 5813 tv,
1511 5746 1595 5801 l5.

2021 4584 2182 4625 sacco
2215 4568 2283 4633 “,
2326 4584 2449 4623 cum
2491 4583 2616 4623 mox
2659 4569 2912 4624 addidisti
2950 4588 2963 4624 :
3000 4569 3256 4641 [Rursum
3294 4578 3601 4637 suspectqu

2023 4660 2199 4716 habeo
2227 4659 2493 4729 plausum.
2530 4659 2810 4725 Quomodo
2862 4661 3086 4715 verbum
3132 4660 3284 4723 illud,
3328 4670 3604 4730 pertrans-

2024 4752 2120 4815 iit,
2177 4749 2566 4806 intellexistis?
2615 4748 2732 4805 Non
2786 4751 2922 4816 dixi,
2987 4751 3329 4820 pertransiit,
3397 4766 3494 4819 pro
3537 4766 3603 4804 co

2025 4843 2168 4913 quod
2207 4850 2310 4909 est,
2357 4842 2572 4912 genitus
2604 4850 2732 4897 est:
2776 4858 2881 4895 non
2937 4842 3083 4895 enim
3138 4843 3210 4896 ita
3258 4842 3414 4895 facile
3472 4858 3601 4897 mem

2028 4931 2308 4988 sententia:
2335 4931 2651 4987 obliviscor.
2691 4930 3057 4988 Pertransisse
3096 4934 3260 4986 Deum
3296 4947 3359 4985 ex
3401 4932 3600 4987 Chriin

2027 5023 2290 5091 genitrice
2334 5018 2502 5075 Maria
2546 5020 2708 5075 didici
2761 5036 2825 5074 ex
2882 5020 3053 5076 sacris
3090 5021 3343 5083 Litteris;
3390 5038 3455 5075 ex
3489 5022 3599 5089 ipsa

2026 5112 2263 5181 genitum
2300 5126 2565 5181 nusquam
2604 5111 2825 5183 didici.]
2870 5114 3012 5182 Ergo
3054 5125 3144 5167 tua
3182 5129 3302 5168 esse
3341 5115 3427 5167 illa
3476 5128 3599 5183 per-

2027 5216 2181 5255 verse
2205 5202 2350 5255 dicta
2385 5210 2592 5257 eertum
2627 5209 2713 5256 est
2749 5216 2765 5254 :
2800 5216 2865 5256 ex
2890 5218 2957 5257 eo
2991 5213 3169 5259 autem
3204 5203 3345 5272 quod
3380 5214 3431 5256 te
3458 5213 3603 5255 recte

2028 5293 2229 5346 sentire
2258 5292 2489 5361 coepisse
2521 5292 2982 5362 suspicabantur,
3012 5294 3101 5349 ille
3127 5294 3340 5349 exstitit
3371 5308 3434 5347 cx
3468 5292 3599 5345 cha-

2029 5385 2195 5438 ritate
2228 5386 2469 5454 plausus.

2099 5476 2204 5531 Sed
2258 5475 2473 5530 instabo
2529 5492 2673 5533 nunc
2718 5494 2935 5549 quoque
2989 5479 3362 5542 nihilominus,
3398 5493 3460 5531 ac
3514 5492 3601 5534 ro-

2026 5565 2206 5634 gabo:
2262 5566 2526 5631 Quidnam
2559 5576 2663 5631 est,
2723 5569 3049 5636 pertransiit.
3097 5570 3141 5625 si
3190 5568 3596 5639 generationem

1674 5744 1716 5776 “
1756 5743 1895 5801 Psal.
1932 5757 2080 5813 nix.
2118 5744 2201 5811 l2,
2243 5748 2325 5801 l5.
