  <div class='ocr_page' id='page_1' title='image "/cluster/home/n/w/nwhite01/storage/ocr_20150623/76/hvd.32044019207943/026.png"; bbox 0 0 4166 6466; ppageno 0'>
   <div class='ocr_carea' id='block_1_1' title="bbox 324 348 3582 421">
    <p class='ocr_par' dir='ltr' id='par_1_1' title="bbox 324 348 3582 421">
     <span class='ocr_line' id='line_1_1' title="bbox 324 348 3582 421; baseline 0.013 -36"><span class='ocrx_word' id='word_1_1' title='bbox 324 354 400 421; x_wconf 66' lang='lat'><strong>57</strong></span> <span class='ocrx_word' id='word_1_2' title='bbox 1459 348 1827 406; x_wconf 68' lang='lat' dir='ltr'><strong>snvunsus</strong></span> <span class='ocrx_word' id='word_1_3' title='bbox 1866 348 2269 409; x_wconf 80' lang='lat' dir='ltr'><strong>NESTORIUM</strong></span> <span class='ocrx_word' id='word_1_4' title='bbox 2310 354 2437 409; x_wconf 87' lang='lat' dir='ltr'><strong>LIB.</strong></span> <span class='ocrx_word' id='word_1_5' title='bbox 2482 353 2523 410; x_wconf 89' lang='grc' dir='ltr'><strong>ι.</strong></span> <span class='ocrx_word' id='word_1_6' title='bbox 2885 355 2889 359; x_wconf 79' lang='lat'><strong>&#39;</strong></span> <span class='ocrx_word' id='word_1_7' title='bbox 3511 357 3582 418; x_wconf 78' lang='lat'><strong>38</strong></span> 
     </span>
    </p>
   </div>
   <div class='ocr_carea' id='block_1_2' title="bbox 326 471 1897 546">
    <p class='ocr_par' dir='ltr' id='par_1_2' title="bbox 326 471 1897 543">
     <span class='ocr_line' id='line_1_2' title="bbox 326 471 1897 543; baseline -0.003 -15"><span class='ocrx_word' id='word_1_8' title='bbox 326 494 393 543; x_wconf 83' lang='grc' dir='ltr'><strong>γε</strong></span> <span class='ocrx_word' id='word_1_9' title='bbox 429 475 587 540; x_wconf 67' lang='grc' dir='ltr'>ταυτὶ</span> <span class='ocrx_word' id='word_1_10' title='bbox 616 473 705 527; x_wconf 80' lang='grc' dir='ltr'><strong>τὸν</strong></span> <span class='ocrx_word' id='word_1_11' title='bbox 740 473 916 541; x_wconf 80' lang='grc' dir='ltr'>λόγον.</span> <span class='ocrx_word' id='word_1_12' title='bbox 948 471 1190 540; x_wconf 78' lang='grc' dir='ltr'>Συνείρει</span> <span class='ocrx_word' id='word_1_13' title='bbox 1219 472 1273 524; x_wconf 81' lang='grc' dir='ltr'>δὲ</span> <span class='ocrx_word' id='word_1_14' title='bbox 1314 472 1519 534; x_wconf 75' lang='grc' dir='ltr'><strong>τούτοις</strong></span> <span class='ocrx_word' id='word_1_15' title='bbox 1566 473 1707 542; x_wconf 69' lang='grc' dir='ltr'>ἕτερ’</span> <span class='ocrx_word' id='word_1_16' title='bbox 1751 471 1897 533; x_wconf 59' lang='grc' dir='ltr'>ἄττα,</span> 
     </span>
    </p>
   </div>
   <div class='ocr_carea' id='block_1_3' title="bbox 1998 471 3581 546">
    <p class='ocr_par' dir='ltr' id='par_1_3' title="bbox 2012 473 3581 546">
     <span class='ocr_line' id='line_1_3' title="bbox 2012 473 3581 546; baseline 0.004 -20"><span class='ocrx_word' id='word_1_17' title='bbox 2012 482 2064 526; x_wconf 82' lang='grc' dir='ltr'><strong>ει</strong></span> <span class='ocrx_word' id='word_1_18' title='bbox 2096 473 2507 543; x_wconf 88' lang='lat' dir='ltr'><strong>impossibilem,</strong></span> <span class='ocrx_word' id='word_1_19' title='bbox 2553 474 2847 530; x_wconf 82' lang='lat' dir='ltr'><strong>admodum</strong></span> <span class='ocrx_word' id='word_1_20' title='bbox 2879 485 3034 531; x_wconf 88' lang='lat' dir='ltr'><strong>acute</strong></span> <span class='ocrx_word' id='word_1_21' title='bbox 3058 474 3434 533; x_wconf 81' lang='lat' dir='ltr'><strong>demonstrare</strong></span> <span class='ocrx_word' id='word_1_22' title='bbox 3466 497 3480 546; x_wconf 91' lang='lat'><strong>;</strong></span> <span class='ocrx_word' id='word_1_23' title='bbox 3515 494 3581 533; x_wconf 81' lang='lat' dir='ltr'><strong>ac</strong></span> 
     </span>
    </p>
   </div>
   <div class='ocr_carea' id='block_1_4' title="bbox 326 560 1909 636">
    <p class='ocr_par' dir='ltr' id='par_1_4' title="bbox 326 560 1909 636">
     <span class='ocr_line' id='line_1_4' title="bbox 326 560 1909 636; baseline -0.004 -16"><span class='ocrx_word' id='word_1_24' title='bbox 326 567 398 620; x_wconf 79' lang='grc' dir='ltr'>δι’</span> <span class='ocrx_word' id='word_1_25' title='bbox 452 560 529 619; x_wconf 80' lang='grc' dir='ltr'>ὧν</span> <span class='ocrx_word' id='word_1_26' title='bbox 583 565 737 636; x_wconf 78' lang='grc' dir='ltr'>ᾠήθη</span> <span class='ocrx_word' id='word_1_27' title='bbox 794 564 1087 624; x_wconf 85' lang='grc' dir='ltr'>δύνασθαι,</span> <span class='ocrx_word' id='word_1_28' title='bbox 1132 565 1226 617; x_wconf 70' lang='grc' dir='ltr'>καὶ</span> <span class='ocrx_word' id='word_1_29' title='bbox 1285 564 1429 633; x_wconf 83' lang='grc' dir='ltr'>μάλα</span> <span class='ocrx_word' id='word_1_30' title='bbox 1479 563 1785 634; x_wconf 82' lang='grc' dir='ltr'>ἐμφρόνως,</span> <span class='ocrx_word' id='word_1_31' title='bbox 1835 562 1909 625; x_wconf 84' lang='grc' dir='ltr'>ὡς</span> 
     </span>
    </p>
   </div>
   <div class='ocr_carea' id='block_1_5' title="bbox 329 653 1911 725">
    <p class='ocr_par' dir='ltr' id='par_1_5' title="bbox 329 653 1911 725">
     <span class='ocr_line' id='line_1_5' title="bbox 329 653 1911 725; baseline -0.004 -15"><span class='ocrx_word' id='word_1_32' title='bbox 329 656 562 725; x_wconf 74' lang='grc' dir='ltr'>ἀκαλλῆ,</span> <span class='ocrx_word' id='word_1_33' title='bbox 593 656 687 707; x_wconf 74' lang='grc' dir='ltr'><strong>καὶ</strong></span> <span class='ocrx_word' id='word_1_34' title='bbox 710 654 998 721; x_wconf 80' lang='grc' dir='ltr'><strong>ἀνέφικτον</strong></span> <span class='ocrx_word' id='word_1_35' title='bbox 1026 655 1116 707; x_wconf 76' lang='grc' dir='ltr'><strong>τὸν</strong></span> <span class='ocrx_word' id='word_1_36' title='bbox 1142 656 1240 725; x_wconf 80' lang='grc' dir='ltr'>τῆς</span> <span class='ocrx_word' id='word_1_37' title='bbox 1270 654 1392 707; x_wconf 86' lang='grc' dir='ltr'>καθ’</span> <span class='ocrx_word' id='word_1_38' title='bbox 1422 656 1568 724; x_wconf 72' lang='grc' dir='ltr'>ἡμᾶς</span> <span class='ocrx_word' id='word_1_39' title='bbox 1608 653 1911 723; x_wconf 79' lang='grc' dir='ltr'>γεννήσεως</span> 
     </span>
    </p>
   </div>
   <div class='ocr_carea' id='block_1_6' title="bbox 329 741 1909 813">
    <p class='ocr_par' dir='ltr' id='par_1_6' title="bbox 329 741 1909 813">
     <span class='ocr_line' id='line_1_6' title="bbox 329 741 1909 813; baseline -0.003 -16"><span class='ocrx_word' id='word_1_40' title='bbox 329 743 613 812; x_wconf 74' lang='grc' dir='ltr'>ἀποφῆναι</span> <span class='ocrx_word' id='word_1_41' title='bbox 644 742 863 811; x_wconf 81' lang='grc' dir='ltr'><strong>τρόπον.</strong></span> <span class='ocrx_word' id='word_1_42' title='bbox 910 742 1020 795; x_wconf 73' lang='grc' dir='ltr'>Καὶ</span> <span class='ocrx_word' id='word_1_43' title='bbox 1063 741 1413 811; x_wconf 79' lang='grc' dir='ltr'>ἀντανίστησι</span> <span class='ocrx_word' id='word_1_44' title='bbox 1446 743 1543 813; x_wconf 84' lang='grc' dir='ltr'><strong>μὲν</strong></span> <span class='ocrx_word' id='word_1_45' title='bbox 1577 741 1755 813; x_wconf 76' lang='grc' dir='ltr'>ἐαυτῷ</span> <span class='ocrx_word' id='word_1_46' title='bbox 1785 743 1909 804; x_wconf 79' lang='grc' dir='ltr'>τοὺς</span> 
     </span>
    </p>
   </div>
   <div class='ocr_carea' id='block_1_7' title="bbox 331 832 1907 906">
    <p class='ocr_par' dir='ltr' id='par_1_7' title="bbox 331 832 1907 906">
     <span class='ocr_line' id='line_1_7' title="bbox 331 832 1907 906; baseline -0.003 -19"><span class='ocrx_word' id='word_1_47' title='bbox 331 835 468 906; x_wconf 83' lang='grc' dir='ltr'>πρὸς</span> <span class='ocrx_word' id='word_1_48' title='bbox 496 834 653 904; x_wconf 76' lang='grc' dir='ltr'>ἡμῶν</span> <span class='ocrx_word' id='word_1_49' title='bbox 683 834 875 901; x_wconf 78' lang='grc' dir='ltr'><strong>λόγους</strong></span> <span class='ocrx_word' id='word_1_50' title='bbox 898 850 911 863; x_wconf 76' lang='lat'><strong><em>°</em></strong></span> <span class='ocrx_word' id='word_1_51' title='bbox 944 834 1117 885; x_wconf 77' lang='grc' dir='ltr'>οἴεται</span> <span class='ocrx_word' id='word_1_52' title='bbox 1155 833 1214 885; x_wconf 75' lang='grc' dir='ltr'>δὲ</span> <span class='ocrx_word' id='word_1_53' title='bbox 1262 832 1755 903; x_wconf 80' lang='grc' dir='ltr'>κατευμεγεθήσειν</span> <span class='ocrx_word' id='word_1_54' title='bbox 1809 835 1907 904; x_wconf 75' lang='grc' dir='ltr'><strong>ῥᾳ-</strong></span> 
     </span>
    </p>
   </div>
   <div class='ocr_carea' id='block_1_8' title="bbox 323 924 1905 996">
    <p class='ocr_par' dir='ltr' id='par_1_8' title="bbox 323 924 1905 996">
     <span class='ocr_line' id='line_1_8' title="bbox 323 924 1905 996; baseline -0.003 -18"><span class='ocrx_word' id='word_1_55' title='bbox 323 926 484 989; x_wconf 78' lang='grc' dir='ltr'>δίως,</span> <span class='ocrx_word' id='word_1_56' title='bbox 529 926 623 979; x_wconf 73' lang='grc' dir='ltr'><strong>καὶ</strong></span> <span class='ocrx_word' id='word_1_57' title='bbox 680 925 832 977; x_wconf 70' lang='grc' dir='ltr'>οὐδὲν</span> <span class='ocrx_word' id='word_1_58' title='bbox 890 925 1050 988; x_wconf 71' lang='grc' dir='ltr'>ὄντας</span> <span class='ocrx_word' id='word_1_59' title='bbox 1094 926 1348 993; x_wconf 77' lang='grc' dir='ltr'><strong>ἐπιφανεῖ</strong></span> <span class='ocrx_word' id='word_1_60' title='bbox 1403 925 1511 996; x_wconf 84' lang='grc' dir='ltr'>[ἷσ.</span> <span class='ocrx_word' id='word_1_61' title='bbox 1563 924 1905 996; x_wconf 72' lang='grc' dir='ltr'>ἀποφανεῖν],</span> 
     </span>
    </p>
   </div>
   <div class='ocr_carea' id='block_1_9' title="bbox 325 1014 1721 1087">
    <p class='ocr_par' dir='ltr' id='par_1_9' title="bbox 325 1014 1721 1087">
     <span class='ocr_line' id='line_1_9' title="bbox 325 1014 1721 1087; baseline -0.001 -18"><span class='ocrx_word' id='word_1_62' title='bbox 325 1016 504 1069; x_wconf 85' lang='grc' dir='ltr'>καίτοι</span> <span class='ocrx_word' id='word_1_63' title='bbox 536 1014 942 1084; x_wconf 84' lang='grc' dir='ltr'>πρεσϐεύοντας</span> <span class='ocrx_word' id='word_1_64' title='bbox 976 1015 1223 1085; x_wconf 81' lang='grc' dir='ltr'>τάληθές.</span> <span class='ocrx_word' id='word_1_65' title='bbox 1262 1016 1488 1087; x_wconf 77' lang='grc' dir='ltr'>Ἐφηδὲ</span> <span class='ocrx_word' id='word_1_66' title='bbox 1515 1014 1721 1077; x_wconf 78' lang='grc' dir='ltr'>οὕτως’</span> 
     </span>
    </p>
   </div>
   <div class='ocr_carea' id='block_1_10' title="bbox 398 1083 1907 1178">
    <p class='ocr_par' dir='ltr' id='par_1_10' title="bbox 398 1083 1907 1178">
     <span class='ocr_line' id='line_1_10' title="bbox 398 1083 1907 1178; baseline 0 -21"><span class='ocrx_word' id='word_1_67' title='bbox 398 1103 489 1178; x_wconf 75' lang='lat' dir='ltr'><strong>[Et</strong></span> <span class='ocrx_word' id='word_1_68' title='bbox 506 1083 663 1169; x_wconf 72' lang='grc' dir='ltr'>Θεδς,</span> <span class='ocrx_word' id='word_1_69' title='bbox 683 1105 869 1175; x_wconf 74' lang='grc' dir='ltr'>φησὶν,</span> <span class='ocrx_word' id='word_1_70' title='bbox 899 1105 926 1156; x_wconf 79' lang='grc' dir='ltr'>ὁ</span> <span class='ocrx_word' id='word_1_71' title='bbox 949 1083 1203 1175; x_wconf 78' lang='grc' dir='ltr'>Χριστὸς,</span> <span class='ocrx_word' id='word_1_72' title='bbox 1227 1083 1425 1175; x_wconf 73' lang='grc' dir='ltr'>ἐτέχθη</span> <span class='ocrx_word' id='word_1_73' title='bbox 1451 1104 1505 1157; x_wconf 77' lang='grc' dir='ltr'>δὲ</span> <span class='ocrx_word' id='word_1_74' title='bbox 1534 1105 1561 1156; x_wconf 88' lang='grc' dir='ltr'>ὁ</span> <span class='ocrx_word' id='word_1_75' title='bbox 1583 1103 1814 1173; x_wconf 77' lang='grc' dir='ltr'>Χριστὸς</span> <span class='ocrx_word' id='word_1_76' title='bbox 1845 1104 1907 1157; x_wconf 83' lang='grc' dir='ltr'><strong>ἐκ</strong></span> 
     </span>
    </p>
   </div>
   <div class='ocr_carea' id='block_1_11' title="bbox 324 1195 1907 1268">
    <p class='ocr_par' dir='ltr' id='par_1_11' title="bbox 324 1195 1907 1268">
     <span class='ocr_line' id='line_1_11' title="bbox 324 1195 1907 1268; baseline -0.002 -17"><span class='ocrx_word' id='word_1_77' title='bbox 324 1197 429 1267; x_wconf 82' lang='grc' dir='ltr'>τῆς</span> <span class='ocrx_word' id='word_1_78' title='bbox 476 1198 751 1267; x_wconf 81' lang='grc' dir='ltr'><strong>μακαρίας</strong></span> <span class='ocrx_word' id='word_1_79' title='bbox 782 1198 1018 1268; x_wconf 83' lang='grc' dir='ltr'>Μαρίας,</span> <span class='ocrx_word' id='word_1_80' title='bbox 1070 1196 1186 1259; x_wconf 85' lang='grc' dir='ltr'><strong>πῶς</strong></span> <span class='ocrx_word' id='word_1_81' title='bbox 1230 1197 1330 1249; x_wconf 76' lang='grc' dir='ltr'><strong>οὐκ</strong></span> <span class='ocrx_word' id='word_1_82' title='bbox 1364 1195 1508 1249; x_wconf 80' lang='grc' dir='ltr'>ἔστιν</span> <span class='ocrx_word' id='word_1_83' title='bbox 1557 1198 1589 1266; x_wconf 82' lang='grc' dir='ltr'>ὴ</span> <span class='ocrx_word' id='word_1_84' title='bbox 1634 1196 1907 1268; x_wconf 77' lang='grc' dir='ltr'>Παρθένος</span> 
     </span>
    </p>
   </div>
   <div class='ocr_carea' id='block_1_12' title="bbox 325 1285 1901 1358">
    <p class='ocr_par' dir='ltr' id='par_1_12' title="bbox 325 1285 1901 1358">
     <span class='ocr_line' id='line_1_12' title="bbox 325 1285 1901 1358; baseline 0.002 -22"><span class='ocrx_word' id='word_1_85' title='bbox 325 1285 630 1351; x_wconf 88' lang='grc' dir='ltr'>Θεοτόκος;</span> <span class='ocrx_word' id='word_1_86' title='bbox 683 1286 849 1339; x_wconf 84' lang='grc' dir='ltr'>Οὐδὲν</span> <span class='ocrx_word' id='word_1_87' title='bbox 902 1285 1131 1357; x_wconf 86' lang='grc' dir='ltr'>κρύπτω</span> <span class='ocrx_word' id='word_1_88' title='bbox 1160 1285 1269 1339; x_wconf 89' lang='grc' dir='ltr'><strong>τῶν</strong></span> <span class='ocrx_word' id='word_1_89' title='bbox 1303 1286 1433 1358; x_wconf 83' lang='grc' dir='ltr'>παρ’</span> <span class='ocrx_word' id='word_1_90' title='bbox 1468 1286 1647 1339; x_wconf 79' lang='grc' dir='ltr'>αὐτῶν</span> <span class='ocrx_word' id='word_1_91' title='bbox 1691 1286 1901 1340; x_wconf 78' lang='grc' dir='ltr'>ἀντιθέ-</span> 
     </span>
    </p>
   </div>
   <div class='ocr_carea' id='block_1_13' title="bbox 326 1376 1906 1449">
    <p class='ocr_par' dir='ltr' id='par_1_13' title="bbox 326 1376 1906 1449">
     <span class='ocr_line' id='line_1_13' title="bbox 326 1376 1906 1449; baseline 0.001 -20"><span class='ocrx_word' id='word_1_92' title='bbox 326 1393 468 1431; x_wconf 87' lang='grc' dir='ltr'>σεων</span> <span class='ocrx_word' id='word_1_93' title='bbox 487 1393 501 1407; x_wconf 91' lang='grc'><strong>·</strong></span> <span class='ocrx_word' id='word_1_94' title='bbox 543 1380 571 1430; x_wconf 86' lang='grc' dir='ltr'><strong>ό</strong></span> <span class='ocrx_word' id='word_1_95' title='bbox 602 1376 712 1447; x_wconf 80' lang='grc' dir='ltr'>γὰρ</span> <span class='ocrx_word' id='word_1_96' title='bbox 751 1376 853 1447; x_wconf 83' lang='grc' dir='ltr'>τῆς</span> <span class='ocrx_word' id='word_1_97' title='bbox 880 1376 1138 1448; x_wconf 83' lang='grc' dir='ltr'>ἀληθείας</span> <span class='ocrx_word' id='word_1_98' title='bbox 1169 1377 1406 1448; x_wconf 80' lang='grc' dir='ltr'>ἐραστὴς</span> <span class='ocrx_word' id='word_1_99' title='bbox 1441 1378 1618 1432; x_wconf 81' lang='grc' dir='ltr'>πάντα</span> <span class='ocrx_word' id='word_1_100' title='bbox 1643 1376 1712 1430; x_wconf 80' lang='grc' dir='ltr'>τὰ</span> <span class='ocrx_word' id='word_1_101' title='bbox 1754 1377 1906 1449; x_wconf 79' lang='grc' dir='ltr'><strong>παρά</strong></span> 
     </span>
    </p>
   </div>
   <div class='ocr_carea' id='block_1_14' title="bbox 322 1466 1903 1543">
    <p class='ocr_par' dir='ltr' id='par_1_14' title="bbox 322 1466 1903 1543">
     <span class='ocr_line' id='line_1_14' title="bbox 322 1466 1903 1543; baseline 0.003 -24"><span class='ocrx_word' id='word_1_102' title='bbox 322 1466 421 1520; x_wconf 81' lang='grc' dir='ltr'><strong>τοῦ</strong></span> <span class='ocrx_word' id='word_1_103' title='bbox 444 1467 674 1537; x_wconf 70' lang='grc' dir='ltr'>ψεύδους</span> <span class='ocrx_word' id='word_1_104' title='bbox 701 1467 880 1538; x_wconf 82' lang='grc' dir='ltr'>ἐαυτῷ</span> <span class='ocrx_word' id='word_1_105' title='bbox 915 1466 1237 1539; x_wconf 87' lang='grc' dir='ltr'>προσλαϐὼν</span> <span class='ocrx_word' id='word_1_106' title='bbox 1275 1469 1626 1543; x_wconf 84' lang='grc' dir='ltr'>ἁντιτίθησι.]</span> <span class='ocrx_word' id='word_1_107' title='bbox 1648 1466 1780 1523; x_wconf 80' lang='grc' dir='ltr'>Εἶτα</span> <span class='ocrx_word' id='word_1_108' title='bbox 1804 1471 1903 1543; x_wconf 85' lang='grc' dir='ltr'>τὴν</span> 
     </span>
    </p>
   </div>
   <div class='ocr_carea' id='block_1_15' title="bbox 323 1555 1903 1627">
    <p class='ocr_par' dir='ltr' id='par_1_15' title="bbox 323 1555 1903 1627">
     <span class='ocr_line' id='line_1_15' title="bbox 323 1555 1903 1627; baseline 0.004 -20"><span class='ocrx_word' id='word_1_109' title='bbox 323 1555 479 1608; x_wconf 84' lang='grc' dir='ltr'>λύσιν</span> <span class='ocrx_word' id='word_1_110' title='bbox 526 1556 811 1627; x_wconf 73' lang='grc' dir='ltr'>ἐπιφέρειν</span> <span class='ocrx_word' id='word_1_111' title='bbox 856 1558 1131 1627; x_wconf 81' lang='grc' dir='ltr'>πειρᾶται,</span> <span class='ocrx_word' id='word_1_112' title='bbox 1184 1557 1458 1621; x_wconf 82' lang='grc' dir='ltr'>τοιαύταις</span> <span class='ocrx_word' id='word_1_113' title='bbox 1501 1561 1644 1615; x_wconf 75' lang='grc' dir='ltr'>τισὶν</span> <span class='ocrx_word' id='word_1_114' title='bbox 1673 1561 1903 1625; x_wconf 78' lang='grc' dir='ltr'>ἐννοίαις</span> 
     </span>
    </p>
   </div>
   <div class='ocr_carea' id='block_1_16' title="bbox 324 1647 1902 1723">
    <p class='ocr_par' dir='ltr' id='par_1_16' title="bbox 324 1647 1902 1723">
     <span class='ocr_line' id='line_1_16' title="bbox 324 1647 1902 1723; baseline 0.006 -27"><span class='ocrx_word' id='word_1_115' title='bbox 324 1647 631 1717; x_wconf 81' lang='grc' dir='ltr'>χρώμενος·</span> <span class='ocrx_word' id='word_1_116' title='bbox 664 1647 987 1718; x_wconf 81' lang='grc' dir='ltr'>[Πλάττεται</span> <span class='ocrx_word' id='word_1_117' title='bbox 1023 1650 1121 1720; x_wconf 82' lang='grc' dir='ltr'><strong>μὲν</strong></span> <span class='ocrx_word' id='word_1_118' title='bbox 1150 1649 1280 1722; x_wconf 79' lang='grc' dir='ltr'>γὰρ,</span> <span class='ocrx_word' id='word_1_119' title='bbox 1322 1652 1507 1719; x_wconf 72' lang='grc' dir='ltr'>φησὶν,</span> <span class='ocrx_word' id='word_1_120' title='bbox 1534 1652 1591 1705; x_wconf 85' lang='grc' dir='ltr'><strong>ἐν</strong></span> <span class='ocrx_word' id='word_1_121' title='bbox 1628 1652 1809 1723; x_wconf 73' lang='grc' dir='ltr'>μήτρᾳ</span> <span class='ocrx_word' id='word_1_122' title='bbox 1841 1651 1902 1705; x_wconf 85' lang='grc' dir='ltr'>τὸ</span> 
     </span>
    </p>
   </div>
   <div class='ocr_carea' id='block_1_17' title="bbox 326 1736 1899 1812">
    <p class='ocr_par' dir='ltr' id='par_1_17' title="bbox 326 1736 1899 1812">
     <span class='ocr_line' id='line_1_17' title="bbox 326 1736 1899 1812; baseline 0.004 -24"><span class='ocrx_word' id='word_1_123' title='bbox 326 1739 527 1807; x_wconf 69' lang='grc' dir='ltr'>βρέφος</span> <span class='ocrx_word' id='word_1_124' title='bbox 547 1755 560 1768; x_wconf 87' lang='grc'>·</span> <span class='ocrx_word' id='word_1_125' title='bbox 595 1736 710 1791; x_wconf 82' lang='grc' dir='ltr'>ἀλλ’</span> <span class='ocrx_word' id='word_1_126' title='bbox 736 1737 842 1801; x_wconf 84' lang='grc' dir='ltr'><strong>ἓως</strong></span> <span class='ocrx_word' id='word_1_127' title='bbox 873 1738 973 1809; x_wconf 84' lang='grc' dir='ltr'>μὲν</span> <span class='ocrx_word' id='word_1_128' title='bbox 1002 1738 1154 1792; x_wconf 73' lang='grc' dir='ltr'>οὔπω</span> <span class='ocrx_word' id='word_1_129' title='bbox 1185 1740 1561 1812; x_wconf 84' lang='grc' dir='ltr'>μεμόρφωται,</span> <span class='ocrx_word' id='word_1_130' title='bbox 1589 1740 1768 1812; x_wconf 71' lang='grc' dir='ltr'>ψυχὴν</span> <span class='ocrx_word' id='word_1_131' title='bbox 1798 1741 1899 1795; x_wconf 82' lang='grc' dir='ltr'><strong>οὐκ</strong></span> 
     </span>
    </p>
   </div>
   <div class='ocr_carea' id='block_1_18' title="bbox 2012 565 3581 636">
    <p class='ocr_par' dir='ltr' id='par_1_18' title="bbox 2012 565 3581 636">
     <span class='ocr_line' id='line_1_18' title="bbox 2012 565 3581 636; baseline 0.004 -18"><span class='ocrx_word' id='word_1_132' title='bbox 2012 565 2114 619; x_wconf 89' lang='lat' dir='ltr'><strong>sibi</strong></span> <span class='ocrx_word' id='word_1_133' title='bbox 2176 567 2414 623; x_wconf 76' lang='lat' dir='ltr'><strong>rationes</strong></span> <span class='ocrx_word' id='word_1_134' title='bbox 2461 578 2675 621; x_wconf 86' lang='lat' dir='ltr'><strong>nostras</strong></span> <span class='ocrx_word' id='word_1_135' title='bbox 2704 567 2911 636; x_wconf 88' lang='lat' dir='ltr'><strong>objicit,</strong></span> <span class='ocrx_word' id='word_1_136' title='bbox 2953 576 3120 632; x_wconf 88' lang='lat' dir='ltr'><strong>ratus,</strong></span> <span class='ocrx_word' id='word_1_137' title='bbox 3159 571 3404 636; x_wconf 74' lang='lat' dir='ltr'><strong>quamvis</strong></span> <span class='ocrx_word' id='word_1_138' title='bbox 3439 572 3581 625; x_wconf 86' lang='lat' dir='ltr'><strong>veri-</strong></span> 
     </span>
    </p>
   </div>
   <div class='ocr_carea' id='block_1_19' title="bbox 2013 655 3578 721">
    <p class='ocr_par' dir='ltr' id='par_1_19' title="bbox 2013 655 3578 721">
     <span class='ocr_line' id='line_1_19' title="bbox 2013 655 3578 721; baseline 0.003 -14"><span class='ocrx_word' id='word_1_139' title='bbox 2013 663 2175 708; x_wconf 88' lang='lat' dir='ltr'><strong>tatem</strong></span> <span class='ocrx_word' id='word_1_140' title='bbox 2206 655 2464 721; x_wconf 88' lang='lat' dir='ltr'><strong>colamus,</strong></span> <span class='ocrx_word' id='word_1_141' title='bbox 2499 657 2654 711; x_wconf 80' lang='lat' dir='ltr'><strong>facile</strong></span> <span class='ocrx_word' id='word_1_142' title='bbox 2679 673 2774 709; x_wconf 83' lang='lat' dir='ltr'><strong>sua</strong></span> <span class='ocrx_word' id='word_1_143' title='bbox 2824 656 2968 711; x_wconf 90' lang='lat' dir='ltr'><strong>mole</strong></span> <span class='ocrx_word' id='word_1_144' title='bbox 3013 671 3111 711; x_wconf 88' lang='lat' dir='ltr'><strong>nos</strong></span> <span class='ocrx_word' id='word_1_145' title='bbox 3137 660 3481 721; x_wconf 87' lang='lat' dir='ltr'><strong>obruturtttn,</strong></span> <span class='ocrx_word' id='word_1_146' title='bbox 3522 669 3578 713; x_wconf 91' lang='lat' dir='ltr'><strong>et</strong></span> 
     </span>
    </p>
   </div>
   <div class='ocr_carea' id='block_1_20' title="bbox 2012 746 3579 819">
    <p class='ocr_par' dir='ltr' id='par_1_20' title="bbox 2012 746 3579 819">
     <span class='ocr_line' id='line_1_20' title="bbox 2012 746 3579 819; baseline 0.001 -19"><span class='ocrx_word' id='word_1_147' title='bbox 2012 748 2208 802; x_wconf 83' lang='lat' dir='ltr'><strong>nullius</strong></span> <span class='ocrx_word' id='word_1_148' title='bbox 2251 749 2412 819; x_wconf 90' lang='lat' dir='ltr'><strong>pretii</strong></span> <span class='ocrx_word' id='word_1_149' title='bbox 2449 764 2567 805; x_wconf 88' lang='lat' dir='ltr'><strong>esse</strong></span> <span class='ocrx_word' id='word_1_150' title='bbox 2619 749 2866 804; x_wconf 85' lang='lat' dir='ltr'><strong>homines</strong></span> <span class='ocrx_word' id='word_1_151' title='bbox 2919 756 3289 805; x_wconf 88' lang='lat' dir='ltr'><strong>ostensurum.</strong></span> <span class='ocrx_word' id='word_1_152' title='bbox 3334 746 3425 803; x_wconf 85' lang='lat' dir='ltr'><strong>Sic</strong></span> <span class='ocrx_word' id='word_1_153' title='bbox 3450 764 3579 817; x_wconf 87' lang='lat' dir='ltr'><strong>ergo</strong></span> 
     </span>
    </p>
   </div>
   <div class='ocr_carea' id='block_1_21' title="bbox 2009 839 2181 895">
    <p class='ocr_par' dir='ltr' id='par_1_21' title="bbox 2009 839 2181 895">
     <span class='ocr_line' id='line_1_21' title="bbox 2009 839 2181 895; baseline -0.006 0"><span class='ocrx_word' id='word_1_154' title='bbox 2009 839 2144 895; x_wconf 80' lang='lat' dir='ltr'><strong>dixit</strong></span> <span class='ocrx_word' id='word_1_155' title='bbox 2169 859 2181 894; x_wconf 91' lang='lat'><strong>:</strong></span> 
     </span>
    </p>
   </div>
   <div class='ocr_carea' id='block_1_22' title="bbox 2097 1100 3578 1173">
    <p class='ocr_par' dir='ltr' id='par_1_22' title="bbox 2097 1100 3578 1173">
     <span class='ocr_line' id='line_1_22' title="bbox 2097 1100 3578 1173; baseline 0.002 -18"><span class='ocrx_word' id='word_1_156' title='bbox 2097 1100 2332 1155; x_wconf 68' lang='lat' dir='ltr'><strong>Nssroa.</strong></span> <span class='ocrx_word' id='word_1_157' title='bbox 2358 1100 2440 1172; x_wconf 92' lang='lat' dir='ltr'><strong>[Si</strong></span> <span class='ocrx_word' id='word_1_158' title='bbox 2482 1101 2621 1157; x_wconf 83' lang='lat' dir='ltr'><strong>Deus</strong></span> <span class='ocrx_word' id='word_1_159' title='bbox 2642 1110 2723 1157; x_wconf 87' lang='lat' dir='ltr'><strong>est</strong></span> <span class='ocrx_word' id='word_1_160' title='bbox 2740 1101 3011 1169; x_wconf 74' lang='lat' dir='ltr'><strong>Christus,</strong></span> <span class='ocrx_word' id='word_1_161' title='bbox 3036 1103 3231 1173; x_wconf 91' lang='lat' dir='ltr'><strong>inquit,</strong></span> <span class='ocrx_word' id='word_1_162' title='bbox 3257 1113 3311 1158; x_wconf 91' lang='lat' dir='ltr'><strong>et</strong></span> <span class='ocrx_word' id='word_1_163' title='bbox 3332 1103 3578 1158; x_wconf 82' lang='lat' dir='ltr'><strong>Christus</strong></span> 
     </span>
    </p>
   </div>
   <div class='ocr_carea' id='block_1_23' title="bbox 2007 1192 3577 1264">
    <p class='ocr_par' dir='ltr' id='par_1_23' title="bbox 2007 1192 3577 1264">
     <span class='ocr_line' id='line_1_23' title="bbox 2007 1192 3577 1264; baseline 0.002 -17"><span class='ocrx_word' id='word_1_164' title='bbox 2007 1207 2074 1247; x_wconf 79' lang='lat' dir='ltr'><strong>ex</strong></span> <span class='ocrx_word' id='word_1_165' title='bbox 2104 1193 2260 1247; x_wconf 87' lang='lat' dir='ltr'><strong>beata</strong></span> <span class='ocrx_word' id='word_1_166' title='bbox 2294 1192 2460 1247; x_wconf 82' lang='lat' dir='ltr'><strong>Maria</strong></span> <span class='ocrx_word' id='word_1_167' title='bbox 2520 1203 2604 1247; x_wconf 80' lang='lat' dir='ltr'><strong>est</strong></span> <span class='ocrx_word' id='word_1_168' title='bbox 2648 1204 2821 1259; x_wconf 85' lang='lat' dir='ltr'><strong>ortus,</strong></span> <span class='ocrx_word' id='word_1_169' title='bbox 2876 1210 2976 1248; x_wconf 90' lang='lat' dir='ltr'><strong>cur</strong></span> <span class='ocrx_word' id='word_1_170' title='bbox 3016 1194 3179 1264; x_wconf 81' lang='lat' dir='ltr'><strong>Virgo</strong></span> <span class='ocrx_word' id='word_1_171' title='bbox 3222 1209 3325 1250; x_wconf 91' lang='lat' dir='ltr'><strong>non</strong></span> <span class='ocrx_word' id='word_1_172' title='bbox 3372 1196 3442 1251; x_wconf 88' lang='lat' dir='ltr'><strong>sit</strong></span> <span class='ocrx_word' id='word_1_173' title='bbox 3481 1193 3577 1250; x_wconf 84' lang='lat' dir='ltr'><strong>Dei</strong></span> 
     </span>
    </p>
   </div>
   <div class='ocr_carea' id='block_1_24' title="bbox 2006 1283 3575 1356">
    <p class='ocr_par' dir='ltr' id='par_1_24' title="bbox 2006 1283 3575 1356">
     <span class='ocr_line' id='line_1_24' title="bbox 2006 1283 3575 1356; baseline 0.003 -19"><span class='ocrx_word' id='word_1_174' title='bbox 2006 1283 2280 1352; x_wconf 79' lang='lat' dir='ltr'><strong>gettitrix?</strong></span> <span class='ocrx_word' id='word_1_175' title='bbox 2303 1283 2445 1338; x_wconf 81' lang='lat' dir='ltr'><strong>Nihil</strong></span> <span class='ocrx_word' id='word_1_176' title='bbox 2480 1284 2693 1340; x_wconf 91' lang='lat' dir='ltr'><strong>occulto</strong></span> <span class='ocrx_word' id='word_1_177' title='bbox 2720 1286 2863 1356; x_wconf 85' lang='lat' dir='ltr'><strong>quod</strong></span> <span class='ocrx_word' id='word_1_178' title='bbox 2886 1286 2953 1341; x_wconf 89' lang='lat' dir='ltr'><strong>ab</strong></span> <span class='ocrx_word' id='word_1_179' title='bbox 2974 1285 3081 1340; x_wconf 88' lang='lat' dir='ltr'><strong>illis</strong></span> <span class='ocrx_word' id='word_1_180' title='bbox 3119 1286 3413 1355; x_wconf 86' lang='lat' dir='ltr'><strong>objicitur:</strong></span> <span class='ocrx_word' id='word_1_181' title='bbox 3448 1301 3575 1341; x_wconf 89' lang='lat' dir='ltr'><strong>nam</strong></span> 
     </span>
    </p>
   </div>
   <div class='ocr_carea' id='block_1_25' title="bbox 2006 1374 3573 1447">
    <p class='ocr_par' dir='ltr' id='par_1_25' title="bbox 2006 1374 3573 1447">
     <span class='ocr_line' id='line_1_25' title="bbox 2006 1374 3573 1447; baseline 0.002 -22"><span class='ocrx_word' id='word_1_182' title='bbox 2006 1374 2248 1429; x_wconf 80' lang='lat' dir='ltr'><strong>veritatis</strong></span> <span class='ocrx_word' id='word_1_183' title='bbox 2275 1374 2495 1445; x_wconf 63' lang='lat' dir='ltr'><strong>amator;</strong></span> <span class='ocrx_word' id='word_1_184' title='bbox 2510 1375 2690 1431; x_wconf 87' lang='lat' dir='ltr'><strong>omnia</strong></span> <span class='ocrx_word' id='word_1_185' title='bbox 2721 1391 2840 1445; x_wconf 83' lang='lat' dir='ltr'><strong>quae</strong></span> <span class='ocrx_word' id='word_1_186' title='bbox 2873 1391 2902 1430; x_wconf 90' lang='lat' dir='ltr'><strong>a</strong></span> <span class='ocrx_word' id='word_1_187' title='bbox 2934 1374 3164 1431; x_wconf 80' lang='lat' dir='ltr'><strong>falsitate</strong></span> <span class='ocrx_word' id='word_1_188' title='bbox 3189 1376 3295 1432; x_wconf 89' lang='lat' dir='ltr'><strong>dici</strong></span> <span class='ocrx_word' id='word_1_189' title='bbox 3324 1387 3573 1447; x_wconf 84' lang='lat' dir='ltr'><strong>possunt,</strong></span> 
     </span>
    </p>
   </div>
   <div class='ocr_carea' id='block_1_26' title="bbox 2005 1465 3574 1534">
    <p class='ocr_par' dir='ltr' id='par_1_26' title="bbox 2005 1465 3574 1534">
     <span class='ocr_line' id='line_1_26' title="bbox 2005 1465 3574 1534; baseline 0.001 -15"><span class='ocrx_word' id='word_1_190' title='bbox 2005 1475 2229 1534; x_wconf 83' lang='lat' dir='ltr'><strong>accepta</strong></span> <span class='ocrx_word' id='word_1_191' title='bbox 2269 1466 2368 1521; x_wconf 91' lang='lat' dir='ltr'><strong>sibi</strong></span> <span class='ocrx_word' id='word_1_192' title='bbox 2394 1465 2601 1534; x_wconf 81' lang='lat' dir='ltr'><strong>objicit.</strong></span> <span class='ocrx_word' id='word_1_193' title='bbox 2644 1465 2773 1523; x_wconf 85' lang='lat' dir='ltr'><strong>lude</strong></span> <span class='ocrx_word' id='word_1_194' title='bbox 2819 1466 3140 1522; x_wconf 86' lang='lat' dir='ltr'><strong>solutionem</strong></span> <span class='ocrx_word' id='word_1_195' title='bbox 3176 1466 3370 1523; x_wconf 80' lang='lat' dir='ltr'><strong>alierre</strong></span> <span class='ocrx_word' id='word_1_196' title='bbox 3408 1483 3574 1522; x_wconf 89' lang='lat' dir='ltr'><strong>cona-</strong></span> 
     </span>
    </p>
   </div>
   <div class='ocr_carea' id='block_1_27' title="bbox 2009 1554 3574 1627">
    <p class='ocr_par' dir='ltr' id='par_1_27' title="bbox 2009 1554 3574 1627">
     <span class='ocr_line' id='line_1_27' title="bbox 2009 1554 3574 1627; baseline 0.002 -21"><span class='ocrx_word' id='word_1_197' title='bbox 2009 1554 2309 1609; x_wconf 87' lang='lat' dir='ltr'><strong>turtalihus</strong></span> <span class='ocrx_word' id='word_1_198' title='bbox 2338 1557 2624 1611; x_wconf 85' lang='lat' dir='ltr'><strong>sententiis</strong></span> <span class='ocrx_word' id='word_1_199' title='bbox 2656 1572 2817 1612; x_wconf 88' lang='lat' dir='ltr'><strong>usus:</strong></span> <span class='ocrx_word' id='word_1_200' title='bbox 2860 1557 3147 1612; x_wconf 89' lang='lat' dir='ltr'><strong>Formatur</strong></span> <span class='ocrx_word' id='word_1_201' title='bbox 3181 1558 3346 1626; x_wconf 90' lang='lat' dir='ltr'><strong>enim,</strong></span> <span class='ocrx_word' id='word_1_202' title='bbox 3376 1558 3574 1627; x_wconf 87' lang='lat' dir='ltr'><strong>inquit,</strong></span> 
     </span>
    </p>
   </div>
   <div class='ocr_carea' id='block_1_28' title="bbox 2007 1643 3573 1717">
    <p class='ocr_par' dir='ltr' id='par_1_28' title="bbox 2007 1643 3573 1717">
     <span class='ocr_line' id='line_1_28' title="bbox 2007 1643 3573 1717; baseline 0.003 -21"><span class='ocrx_word' id='word_1_203' title='bbox 2007 1646 2059 1696; x_wconf 89' lang='lat' dir='ltr'><strong>in</strong></span> <span class='ocrx_word' id='word_1_204' title='bbox 2088 1652 2239 1696; x_wconf 90' lang='lat' dir='ltr'><strong>utero</strong></span> <span class='ocrx_word' id='word_1_205' title='bbox 2266 1643 2468 1710; x_wconf 83' lang='lat' dir='ltr'><strong>infans,</strong></span> <span class='ocrx_word' id='word_1_206' title='bbox 2516 1646 2610 1701; x_wconf 85' lang='lat' dir='ltr'><strong>sed</strong></span> <span class='ocrx_word' id='word_1_207' title='bbox 2645 1647 2818 1717; x_wconf 87' lang='lat' dir='ltr'><strong>quoad</strong></span> <span class='ocrx_word' id='word_1_208' title='bbox 2850 1648 3076 1717; x_wconf 83' lang='lat' dir='ltr'><strong>ﬁguram</strong></span> <span class='ocrx_word' id='word_1_209' title='bbox 3110 1649 3402 1717; x_wconf 86' lang='lat' dir='ltr'><strong>acceperit,</strong></span> <span class='ocrx_word' id='word_1_210' title='bbox 3433 1663 3573 1702; x_wconf 87' lang='lat' dir='ltr'><strong>nou-</strong></span> 
     </span>
    </p>
   </div>
   <div class='ocr_carea' id='block_1_29' title="bbox 2004 1735 3571 1810">
    <p class='ocr_par' dir='ltr' id='par_1_29' title="bbox 2004 1735 3571 1810">
     <span class='ocr_line' id='line_1_29' title="bbox 2004 1735 3571 1810; baseline 0.003 -21"><span class='ocrx_word' id='word_1_211' title='bbox 2004 1735 2130 1789; x_wconf 90' lang='lat' dir='ltr'><strong>dum</strong></span> <span class='ocrx_word' id='word_1_212' title='bbox 2182 1736 2345 1791; x_wconf 88' lang='lat' dir='ltr'><strong>habet</strong></span> <span class='ocrx_word' id='word_1_213' title='bbox 2391 1738 2665 1792; x_wconf 81' lang='lat' dir='ltr'><strong>animant:</strong></span> <span class='ocrx_word' id='word_1_214' title='bbox 2703 1747 2759 1794; x_wconf 92' lang='lat' dir='ltr'><strong>at</strong></span> <span class='ocrx_word' id='word_1_215' title='bbox 2788 1739 2879 1795; x_wconf 88' lang='lat' dir='ltr'><strong>ubi</strong></span> <span class='ocrx_word' id='word_1_216' title='bbox 2931 1740 3195 1810; x_wconf 77' lang='lat' dir='ltr'><strong>ﬁguratus</strong></span> <span class='ocrx_word' id='word_1_217' title='bbox 3248 1739 3431 1804; x_wconf 86' lang='lat' dir='ltr'><strong>fuerit,</strong></span> <span class='ocrx_word' id='word_1_218' title='bbox 3458 1739 3571 1809; x_wconf 77' lang='lat' dir='ltr'><strong>jam</strong></span> 
     </span>
    </p>
   </div>
   <div class='ocr_carea' id='block_1_30' title="bbox 322 1802 1897 1901">
    <p class='ocr_par' dir='ltr' id='par_1_30' title="bbox 322 1802 1894 1901">
     <span class='ocr_line' id='line_1_30' title="bbox 322 1802 1894 1901; baseline 0.004 -23"><span class='ocrx_word' id='word_1_219' title='bbox 322 1802 469 1896; x_wconf 33' lang='grc' dir='ltr'>ἕχει-ο</span> <span class='ocrx_word' id='word_1_220' title='bbox 529 1802 886 1897; x_wconf 37' lang='grc' dir='ltr'>είόοποιηθὲί</span> <span class='ocrx_word' id='word_1_221' title='bbox 918 1829 974 1882; x_wconf 82' lang='grc' dir='ltr'>δὲ</span> <span class='ocrx_word' id='word_1_222' title='bbox 1038 1829 1139 1900; x_wconf 76' lang='grc' dir='ltr'>ήδη</span> <span class='ocrx_word' id='word_1_223' title='bbox 1185 1802 1456 1900; x_wconf 39' lang='lat' dir='ltr'><strong>diu-10.13am</strong></span> <span class='ocrx_word' id='word_1_224' title='bbox 1523 1802 1894 1901; x_wconf 47' lang='grc' dir='ltr'>’Θεοιλ</span> 
     </span>
    </p>
   </div>
   <div class='ocr_carea' id='block_1_31' title="bbox 1998 1802 3585 1901">
    <p class='ocr_par' dir='ltr' id='par_1_31' title="bbox 2005 1802 3585 1900">
     <span class='ocr_line' id='line_1_31' title="bbox 2005 1802 3585 1900; baseline 0.004 -24"><span class='ocrx_word' id='word_1_225' title='bbox 2005 1824 2185 1878; x_wconf 86' lang='lat' dir='ltr'><strong>anima</strong></span> <span class='ocrx_word' id='word_1_226' title='bbox 2236 1824 2613 1881; x_wconf 86' lang='lat' dir='ltr'><strong>infortuatura</strong></span> <span class='ocrx_word' id='word_1_227' title='bbox 2645 1827 2772 1883; x_wconf 89' lang='lat' dir='ltr'><strong>Deo.</strong></span> <span class='ocrx_word' id='word_1_228' title='bbox 2824 1828 2897 1885; x_wconf 89' lang='lat' dir='ltr'><strong>Ut</strong></span> <span class='ocrx_word' id='word_1_229' title='bbox 2927 1802 3092 1900; x_wconf 76' lang='lat' dir='ltr'><strong>igitur</strong></span> <span class='ocrx_word' id='word_1_230' title='bbox 3135 1829 3327 1884; x_wconf 85' lang='lat' dir='ltr'><strong>mulier</strong></span> <span class='ocrx_word' id='word_1_231' title='bbox 3377 1819 3585 1898; x_wconf 58' lang='lat' dir='ltr'><strong>corpus</strong></span> 
     </span>
    </p>
   </div>
   <div class='ocr_carea' id='block_1_32' title="bbox 323 1915 1898 1993">
    <p class='ocr_par' dir='ltr' id='par_1_32' title="bbox 323 1915 1898 1993">
     <span class='ocr_line' id='line_1_32' title="bbox 323 1915 1898 1993; baseline 0.006 -26"><span class='ocrx_word' id='word_1_232' title='bbox 323 1918 535 1988; x_wconf 81' lang='grc' dir='ltr'>Ὠσπερ</span> <span class='ocrx_word' id='word_1_233' title='bbox 584 1915 676 1971; x_wconf 76' lang='grc' dir='ltr'><strong>οὖν</strong></span> <span class='ocrx_word' id='word_1_234' title='bbox 721 1920 755 1990; x_wconf 78' lang='grc' dir='ltr'>ἡ</span> <span class='ocrx_word' id='word_1_235' title='bbox 794 1918 931 1989; x_wconf 81' lang='grc' dir='ltr'>γυνὴ</span> <span class='ocrx_word' id='word_1_236' title='bbox 978 1920 1149 1973; x_wconf 88' lang='grc' dir='ltr'>τίκτει</span> <span class='ocrx_word' id='word_1_237' title='bbox 1187 1921 1286 1991; x_wconf 82' lang='grc' dir='ltr'>μὲν</span> <span class='ocrx_word' id='word_1_238' title='bbox 1327 1920 1387 1974; x_wconf 84' lang='grc' dir='ltr'><strong>τὸ</strong></span> <span class='ocrx_word' id='word_1_239' title='bbox 1430 1922 1608 1993; x_wconf 81' lang='grc' dir='ltr'>σῶμα,</span> <span class='ocrx_word' id='word_1_240' title='bbox 1646 1920 1807 1993; x_wconf 78' lang='grc' dir='ltr'>ψυχοῖ</span> <span class='ocrx_word' id='word_1_241' title='bbox 1842 1923 1898 1977; x_wconf 81' lang='grc' dir='ltr'><strong>δὲ</strong></span> 
     </span>
    </p>
   </div>
   <div class='ocr_carea' id='block_1_33' title="bbox 322 2007 1902 2088">
    <p class='ocr_par' dir='ltr' id='par_1_33' title="bbox 322 2007 1902 2088">
     <span class='ocr_line' id='line_1_33' title="bbox 322 2007 1902 2088; baseline 0.009 -31"><span class='ocrx_word' id='word_1_242' title='bbox 322 2007 475 2075; x_wconf 79' lang='grc' dir='ltr'>Θεὸς,</span> <span class='ocrx_word' id='word_1_243' title='bbox 523 2010 615 2062; x_wconf 73' lang='grc' dir='ltr'><strong>καὶ</strong></span> <span class='ocrx_word' id='word_1_244' title='bbox 648 2010 748 2063; x_wconf 73' lang='grc' dir='ltr'><strong>οὐκ</strong></span> <span class='ocrx_word' id='word_1_245' title='bbox 795 2009 860 2064; x_wconf 85' lang='grc' dir='ltr'>ἂν</span> <span class='ocrx_word' id='word_1_246' title='bbox 893 2010 1105 2080; x_wconf 81' lang='grc' dir='ltr'>λέγοιτο</span> <span class='ocrx_word' id='word_1_247' title='bbox 1150 2012 1287 2085; x_wconf 82' lang='grc' dir='ltr'>γυνὴ</span> <span class='ocrx_word' id='word_1_248' title='bbox 1323 2012 1641 2083; x_wconf 74' lang='grc' dir='ltr'>ψυχοτόκος,</span> <span class='ocrx_word' id='word_1_249' title='bbox 1677 2017 1758 2069; x_wconf 84' lang='grc' dir='ltr'><strong>ὅτι</strong></span> <span class='ocrx_word' id='word_1_250' title='bbox 1802 2016 1902 2088; x_wconf 79' lang='grc' dir='ltr'>έμ-</span> 
     </span>
    </p>
   </div>
   <div class='ocr_carea' id='block_1_34' title="bbox 321 2098 1899 2175">
    <p class='ocr_par' dir='ltr' id='par_1_34' title="bbox 321 2098 1899 2175">
     <span class='ocr_line' id='line_1_34' title="bbox 321 2098 1899 2175; baseline 0.007 -25"><span class='ocrx_word' id='word_1_251' title='bbox 321 2098 495 2168; x_wconf 76' lang='grc' dir='ltr'>ψυχον</span> <span class='ocrx_word' id='word_1_252' title='bbox 540 2101 844 2172; x_wconf 84' lang='grc' dir='ltr'>ἐγέννησεν,</span> <span class='ocrx_word' id='word_1_253' title='bbox 892 2102 1305 2173; x_wconf 88' lang='grc' dir='ltr'>ἀνθρωποτόκος</span> <span class='ocrx_word' id='word_1_254' title='bbox 1354 2104 1410 2157; x_wconf 78' lang='grc' dir='ltr'>δὲ</span> <span class='ocrx_word' id='word_1_255' title='bbox 1462 2105 1691 2175; x_wconf 81' lang='grc' dir='ltr'>μᾶλλον,</span> <span class='ocrx_word' id='word_1_256' title='bbox 1735 2107 1899 2175; x_wconf 76' lang='grc' dir='ltr'>οὔτω,</span> 
     </span>
    </p>
   </div>
   <div class='ocr_carea' id='block_1_35' title="bbox 326 2190 1900 2265">
    <p class='ocr_par' dir='ltr' id='par_1_35' title="bbox 326 2190 1900 2265">
     <span class='ocr_line' id='line_1_35' title="bbox 326 2190 1900 2265; baseline 0.008 -25"><span class='ocrx_word' id='word_1_257' title='bbox 326 2190 486 2258; x_wconf 73' lang='grc' dir='ltr'>φησὶ,</span> <span class='ocrx_word' id='word_1_258' title='bbox 537 2192 629 2243; x_wconf 74' lang='grc' dir='ltr'><strong>καὶ</strong></span> <span class='ocrx_word' id='word_1_259' title='bbox 677 2193 710 2262; x_wconf 73' lang='grc' dir='ltr'><strong>ἡ</strong></span> <span class='ocrx_word' id='word_1_260' title='bbox 744 2192 989 2262; x_wconf 87' lang='grc' dir='ltr'>μακαρία</span> <span class='ocrx_word' id='word_1_261' title='bbox 1018 2194 1316 2265; x_wconf 83' lang='grc' dir='ltr'>Παρθένος,</span> <span class='ocrx_word' id='word_1_262' title='bbox 1350 2195 1445 2250; x_wconf 71' lang='grc' dir='ltr'>καὶ</span> <span class='ocrx_word' id='word_1_263' title='bbox 1482 2198 1531 2251; x_wconf 85' lang='grc' dir='ltr'><strong>εί</strong></span> <span class='ocrx_word' id='word_1_264' title='bbox 1557 2198 1774 2251; x_wconf 83' lang='grc' dir='ltr'>τέτοκεν</span> <span class='ocrx_word' id='word_1_265' title='bbox 1806 2200 1900 2254; x_wconf 83' lang='grc' dir='ltr'><strong>ἄν·</strong></span> 
     </span>
    </p>
   </div>
   <div class='ocr_carea' id='block_1_36' title="bbox 324 2282 1897 2362">
    <p class='ocr_par' dir='ltr' id='par_1_36' title="bbox 324 2282 1897 2362">
     <span class='ocr_line' id='line_1_36' title="bbox 324 2282 1897 2362; baseline 0.01 -32"><span class='ocrx_word' id='word_1_266' title='bbox 324 2282 563 2350; x_wconf 82' lang='grc' dir='ltr'>θρωπον,</span> <span class='ocrx_word' id='word_1_267' title='bbox 584 2282 1057 2353; x_wconf 84' lang='grc' dir='ltr'>συμπαρελθόντος</span> <span class='ocrx_word' id='word_1_268' title='bbox 1077 2284 1225 2357; x_wconf 88' lang='grc' dir='ltr'>αὐτῷ</span> <span class='ocrx_word' id='word_1_269' title='bbox 1244 2284 1337 2339; x_wconf 80' lang='grc' dir='ltr'>τοῦ</span> <span class='ocrx_word' id='word_1_270' title='bbox 1357 2286 1493 2340; x_wconf 85' lang='grc' dir='ltr'>Θεοῦ</span> <span class='ocrx_word' id='word_1_271' title='bbox 1509 2288 1681 2358; x_wconf 87' lang='grc' dir='ltr'>Λόγου</span> <span class='ocrx_word' id='word_1_272' title='bbox 1705 2290 1897 2362; x_wconf 82' lang='grc' dir='ltr'>(ταύτῃ</span> 
     </span>
    </p>
   </div>
   <div class='ocr_carea' id='block_1_37' title="bbox 320 2374 1846 2455">
    <p class='ocr_par' dir='ltr' id='par_1_37' title="bbox 320 2374 1846 2455">
     <span class='ocr_line' id='line_1_37' title="bbox 320 2374 1846 2455; baseline 0.008 -32"><span class='ocrx_word' id='word_1_273' title='bbox 320 2374 433 2443; x_wconf 76' lang='grc' dir='ltr'>γὰρ</span> <span class='ocrx_word' id='word_1_274' title='bbox 466 2374 738 2443; x_wconf 78' lang='grc' dir='ltr'>ἐχρήσατο</span> <span class='ocrx_word' id='word_1_275' title='bbox 784 2378 848 2447; x_wconf 80' lang='grc' dir='ltr'>τῇ</span> <span class='ocrx_word' id='word_1_276' title='bbox 879 2377 1077 2448; x_wconf 77' lang='grc' dir='ltr'>φωνῇ),</span> <span class='ocrx_word' id='word_1_277' title='bbox 1121 2377 1182 2431; x_wconf 82' lang='grc' dir='ltr'><strong>ού</strong></span> <span class='ocrx_word' id='word_1_278' title='bbox 1229 2378 1317 2433; x_wconf 84' lang='grc' dir='ltr'><strong>διὰ</strong></span> <span class='ocrx_word' id='word_1_279' title='bbox 1352 2380 1508 2436; x_wconf 84' lang='grc' dir='ltr'>τοῦτο</span> <span class='ocrx_word' id='word_1_280' title='bbox 1540 2380 1846 2455; x_wconf 86' lang='grc' dir='ltr'>Θεοτόκος.]</span> 
     </span>
    </p>
   </div>
   <div class='ocr_carea' id='block_1_38' title="bbox 928 2510 1289 2568">
    <p class='ocr_par' dir='ltr' id='par_1_38' title="bbox 928 2510 1289 2568">
     <span class='ocr_line' id='line_1_38' title="bbox 928 2510 1289 2568; baseline 0.008 -4"><span class='ocrx_word' id='word_1_281' title='bbox 928 2510 1181 2566; x_wconf 75' lang='grc' dir='ltr'><strong>ΚΕΦΔΔ.</strong></span> <span class='ocrx_word' id='word_1_282' title='bbox 1216 2516 1289 2568; x_wconf 87' lang='grc' dir='ltr'><strong>Δ’.</strong></span> 
     </span>
    </p>
   </div>
   <div class='ocr_carea' id='block_1_39' title="bbox 393 2659 1897 2743">
    <p class='ocr_par' dir='ltr' id='par_1_39' title="bbox 393 2659 1897 2743">
     <span class='ocr_line' id='line_1_39' title="bbox 393 2659 1897 2743; baseline 0.005 -27"><span class='ocrx_word' id='word_1_283' title='bbox 393 2659 517 2736; x_wconf 63' lang='grc' dir='ltr'><strong>Ἃρ·</strong></span> <span class='ocrx_word' id='word_1_284' title='bbox 539 2660 652 2729; x_wconf 80' lang='grc' dir='ltr'>οὖν,</span> <span class='ocrx_word' id='word_1_285' title='bbox 679 2665 803 2719; x_wconf 81' lang='grc' dir='ltr'>εἰπέ</span> <span class='ocrx_word' id='word_1_286' title='bbox 836 2682 948 2735; x_wconf 87' lang='grc' dir='ltr'>μοι,</span> <span class='ocrx_word' id='word_1_287' title='bbox 980 2666 1329 2738; x_wconf 80' lang='grc' dir='ltr'>διαϐέϐληται</span> <span class='ocrx_word' id='word_1_288' title='bbox 1360 2670 1513 2740; x_wconf 82' lang='grc' dir='ltr'><strong>παρά</strong></span> <span class='ocrx_word' id='word_1_289' title='bbox 1563 2672 1645 2724; x_wconf 80' lang='grc' dir='ltr'><strong>σοὶ</strong></span> <span class='ocrx_word' id='word_1_290' title='bbox 1672 2671 1732 2725; x_wconf 80' lang='grc' dir='ltr'>τὸ</span> <span class='ocrx_word' id='word_1_291' title='bbox 1762 2673 1897 2743; x_wconf 78' lang='grc' dir='ltr'>πρὸς</span> 
     </span>
    </p>
   </div>
   <div class='ocr_carea' id='block_1_40' title="bbox 322 2753 1897 2834">
    <p class='ocr_par' dir='ltr' id='par_1_40' title="bbox 322 2753 1897 2834">
     <span class='ocr_line' id='line_1_40' title="bbox 322 2753 1897 2834; baseline 0.005 -25"><span class='ocrx_word' id='word_1_292' title='bbox 322 2758 481 2828; x_wconf 74' lang='grc' dir='ltr'>ὴμῶν</span> <span class='ocrx_word' id='word_1_293' title='bbox 521 2758 848 2829; x_wconf 82' lang='grc' dir='ltr'>είρημένον;</span> <span class='ocrx_word' id='word_1_294' title='bbox 905 2753 1016 2825; x_wconf 82' lang='grc' dir='ltr'><strong>ἆρά</strong></span> <span class='ocrx_word' id='word_1_295' title='bbox 1066 2774 1148 2811; x_wconf 87' lang='grc' dir='ltr'><strong>σοι</strong></span> <span class='ocrx_word' id='word_1_296' title='bbox 1178 2758 1325 2812; x_wconf 89' lang='grc' dir='ltr'>δοκεί</span> <span class='ocrx_word' id='word_1_297' title='bbox 1370 2763 1482 2824; x_wconf 83' lang='grc' dir='ltr'>τοῖς</span> <span class='ocrx_word' id='word_1_298' title='bbox 1518 2761 1691 2825; x_wconf 77' lang='grc' dir='ltr'>οὕτως</span> <span class='ocrx_word' id='word_1_299' title='bbox 1722 2763 1897 2834; x_wconf 83' lang='grc' dir='ltr'>ὀρθῶς</span> 
     </span>
    </p>
   </div>
   <div class='ocr_carea' id='block_1_41' title="bbox 320 2847 1896 2925">
    <p class='ocr_par' dir='ltr' id='par_1_41' title="bbox 320 2847 1896 2925">
     <span class='ocr_line' id='line_1_41' title="bbox 320 2847 1896 2925; baseline 0.003 -23"><span class='ocrx_word' id='word_1_300' title='bbox 320 2850 419 2902; x_wconf 77' lang='grc' dir='ltr'><strong>καὶ</strong></span> <span class='ocrx_word' id='word_1_301' title='bbox 448 2848 754 2919; x_wconf 75' lang='grc' dir='ltr'>ἁκιϐδήλως</span> <span class='ocrx_word' id='word_1_302' title='bbox 782 2847 997 2919; x_wconf 76' lang='grc' dir='ltr'>ἔχουσιν</span> <span class='ocrx_word' id='word_1_303' title='bbox 1039 2849 1312 2914; x_wconf 82' lang='grc' dir='ltr'><strong>ἀσυνέτως</strong></span> <span class='ocrx_word' id='word_1_304' title='bbox 1340 2853 1619 2925; x_wconf 82' lang='grc' dir='ltr'>ἐπιτιμᾷν,</span> <span class='ocrx_word' id='word_1_305' title='bbox 1650 2855 1745 2907; x_wconf 66' lang='grc' dir='ltr'><strong>καὶ⁵</strong></span> <span class='ocrx_word' id='word_1_306' title='bbox 1776 2855 1896 2925; x_wconf 73' lang='grc' dir='ltr'>οὐχὶ</span> 
     </span>
    </p>
   </div>
   <div class='ocr_carea' id='block_1_42' title="bbox 319 2938 1893 3013">
    <p class='ocr_par' dir='ltr' id='par_1_42' title="bbox 319 2938 1893 3013">
     <span class='ocr_line' id='line_1_42' title="bbox 319 2938 1893 3013; baseline 0.004 -21"><span class='ocrx_word' id='word_1_307' title='bbox 319 2940 416 2993; x_wconf 79' lang='grc' dir='ltr'>τοῦ</span> <span class='ocrx_word' id='word_1_308' title='bbox 453 2940 529 3011; x_wconf 78' lang='grc' dir='ltr'><strong>μὴ</strong></span> <span class='ocrx_word' id='word_1_309' title='bbox 577 2938 833 2993; x_wconf 86' lang='grc' dir='ltr'>δύνασθαι</span> <span class='ocrx_word' id='word_1_310' title='bbox 880 2940 1122 3006; x_wconf 77' lang='grc' dir='ltr'>δοξάζειν</span> <span class='ocrx_word' id='word_1_311' title='bbox 1152 2939 1189 2995; x_wconf 77' lang='grc' dir='ltr'>ἃ.</span> <span class='ocrx_word' id='word_1_312' title='bbox 1228 2941 1353 3012; x_wconf 82' lang='grc' dir='ltr'>χρὴ,</span> <span class='ocrx_word' id='word_1_313' title='bbox 1400 2944 1497 3013; x_wconf 83' lang='grc' dir='ltr'><strong>τῆς</strong></span> <span class='ocrx_word' id='word_1_314' title='bbox 1531 2944 1730 2997; x_wconf 81' lang='grc' dir='ltr'>σαυτοῦ</span> <span class='ocrx_word' id='word_1_315' title='bbox 1776 2945 1893 2998; x_wconf 85' lang='grc' dir='ltr'>δια-</span> 
     </span>
    </p>
   </div>
   <div class='ocr_carea' id='block_1_43' title="bbox 317 3025 1893 3104">
    <p class='ocr_par' dir='ltr' id='par_1_43' title="bbox 317 3025 1893 3104">
     <span class='ocr_line' id='line_1_43' title="bbox 317 3025 1893 3104; baseline 0.003 -23"><span class='ocrx_word' id='word_1_316' title='bbox 317 3029 473 3092; x_wconf 82' lang='grc' dir='ltr'>νοίας</span> <span class='ocrx_word' id='word_1_317' title='bbox 515 3027 791 3098; x_wconf 81' lang='grc' dir='ltr'>καθοριεῖς</span> <span class='ocrx_word' id='word_1_318' title='bbox 831 3028 902 3082; x_wconf 83' lang='grc' dir='ltr'><strong>τὰ</strong></span> <span class='ocrx_word' id='word_1_319' title='bbox 947 3030 1303 3100; x_wconf 77' lang='grc' dir='ltr'>ἐγκλήματας</span> <span class='ocrx_word' id='word_1_320' title='bbox 1339 3025 1433 3095; x_wconf 74' lang='grc' dir='ltr'><strong>Οἷς</strong></span> <span class='ocrx_word' id='word_1_321' title='bbox 1460 3031 1568 3103; x_wconf 74' lang='grc' dir='ltr'>γὰρ</span> <span class='ocrx_word' id='word_1_322' title='bbox 1603 3033 1668 3086; x_wconf 83' lang='grc' dir='ltr'>ἂν</span> <span class='ocrx_word' id='word_1_323' title='bbox 1698 3032 1893 3104; x_wconf 81' lang='grc' dir='ltr'>ἀπᾴδοι</span> 
     </span>
    </p>
   </div>
   <div class='ocr_carea' id='block_1_44' title="bbox 316 3119 1963 3213">
    <p class='ocr_par' dir='ltr' id='par_1_44' title="bbox 316 3119 1963 3213">
     <span class='ocr_line' id='line_1_44' title="bbox 316 3119 1963 3213; baseline 0.004 -40"><span class='ocrx_word' id='word_1_324' title='bbox 316 3121 381 3173; x_wconf 81' lang='grc' dir='ltr'>τὸ</span> <span class='ocrx_word' id='word_1_325' title='bbox 421 3119 640 3191; x_wconf 78' lang='grc' dir='ltr'>ἀληθὲς,</span> <span class='ocrx_word' id='word_1_326' title='bbox 673 3119 882 3184; x_wconf 80' lang='grc' dir='ltr'>τούτοις</span> <span class='ocrx_word' id='word_1_327' title='bbox 911 3122 976 3174; x_wconf 87' lang='grc' dir='ltr'><strong>ἂν</strong></span> <span class='ocrx_word' id='word_1_328' title='bbox 1006 3121 1232 3189; x_wconf 86' lang='grc' dir='ltr'>γένοιτο,</span> <span class='ocrx_word' id='word_1_329' title='bbox 1272 3123 1366 3175; x_wconf 82' lang='grc' dir='ltr'>καὶ</span> <span class='ocrx_word' id='word_1_330' title='bbox 1406 3123 1525 3177; x_wconf 83' lang='grc' dir='ltr'>λίαν</span> <span class='ocrx_word' id='word_1_331' title='bbox 1553 3124 1802 3194; x_wconf 83' lang='grc' dir='ltr'>ἑτοίμως,</span> <span class='ocrx_word' id='word_1_332' title='bbox 1835 3128 1894 3179; x_wconf 93' lang='grc' dir='ltr'><strong>ἐν</strong></span> <span class='ocrx_word' id='word_1_333' title='bbox 1921 3154 1963 3213; x_wconf 75' lang='lat' dir='ltr'>c</span> 
     </span>
    </p>
   </div>
   <div class='ocr_carea' id='block_1_45' title="bbox 318 3211 1895 3286">
    <p class='ocr_par' dir='ltr' id='par_1_45' title="bbox 318 3211 1895 3286">
     <span class='ocr_line' id='line_1_45' title="bbox 318 3211 1895 3286; baseline 0.005 -23"><span class='ocrx_word' id='word_1_334' title='bbox 318 3211 604 3281; x_wconf 81' lang='grc' dir='ltr'>παραδοχῇ</span> <span class='ocrx_word' id='word_1_335' title='bbox 632 3213 691 3264; x_wconf 81' lang='grc' dir='ltr'><strong>τὸ</strong></span> <span class='ocrx_word' id='word_1_336' title='bbox 722 3212 795 3282; x_wconf 82' lang='grc' dir='ltr'>μὴ</span> <span class='ocrx_word' id='word_1_337' title='bbox 821 3212 995 3275; x_wconf 78' lang='grc' dir='ltr'>οὕτως</span> <span class='ocrx_word' id='word_1_338' title='bbox 1033 3212 1175 3284; x_wconf 79' lang='grc' dir='ltr'>ἕχον,</span> <span class='ocrx_word' id='word_1_339' title='bbox 1204 3215 1296 3267; x_wconf 74' lang='grc' dir='ltr'><strong>καὶ</strong></span> <span class='ocrx_word' id='word_1_340' title='bbox 1323 3214 1383 3267; x_wconf 86' lang='grc' dir='ltr'><strong>τὸ</strong></span> <span class='ocrx_word' id='word_1_341' title='bbox 1412 3217 1522 3279; x_wconf 88' lang='grc' dir='ltr'>τοῖς</span> <span class='ocrx_word' id='word_1_342' title='bbox 1552 3216 1895 3286; x_wconf 84' lang='grc' dir='ltr'>ἀριστοεπεῖν</span> 
     </span>
    </p>
   </div>
   <div class='ocr_carea' id='block_1_46' title="bbox 319 3303 1895 3378">
    <p class='ocr_par' dir='ltr' id='par_1_46' title="bbox 319 3303 1895 3378">
     <span class='ocr_line' id='line_1_46' title="bbox 319 3303 1895 3378; baseline 0.004 -23"><span class='ocrx_word' id='word_1_343' title='bbox 319 3304 573 3355; x_wconf 86' lang='grc' dir='ltr'>είωθόσιν</span> <span class='ocrx_word' id='word_1_344' title='bbox 592 3305 870 3375; x_wconf 83' lang='grc' dir='ltr'>ἐπιτιμᾷν,</span> <span class='ocrx_word' id='word_1_345' title='bbox 892 3303 977 3375; x_wconf 79' lang='grc' dir='ltr'><strong>εἴη</strong></span> <span class='ocrx_word' id='word_1_346' title='bbox 999 3303 1064 3357; x_wconf 83' lang='grc' dir='ltr'><strong>ἂν</strong></span> <span class='ocrx_word' id='word_1_347' title='bbox 1087 3304 1187 3357; x_wconf 79' lang='grc' dir='ltr'><strong>οὐκ</strong></span> <span class='ocrx_word' id='word_1_348' title='bbox 1214 3304 1468 3375; x_wconf 60' lang='grc' dir='ltr'>ἀζήμιον</span> <span class='ocrx_word' id='word_1_349' title='bbox 1494 3307 1693 3376; x_wconf 77' lang='grc' dir='ltr'>μᾶλλον</span> <span class='ocrx_word' id='word_1_350' title='bbox 1714 3307 1770 3360; x_wconf 82' lang='grc' dir='ltr'>δὲ</span> <span class='ocrx_word' id='word_1_351' title='bbox 1793 3308 1895 3378; x_wconf 73' lang='grc' dir='ltr'>ἤδη</span> 
     </span>
    </p>
   </div>
   <div class='ocr_carea' id='block_1_47' title="bbox 315 3394 1893 3469">
    <p class='ocr_par' dir='ltr' id='par_1_47' title="bbox 315 3394 1893 3469">
     <span class='ocr_line' id='line_1_47' title="bbox 315 3394 1893 3469; baseline 0.003 -21"><span class='ocrx_word' id='word_1_352' title='bbox 315 3395 418 3448; x_wconf 71' lang='grc' dir='ltr'>καὶ</span> <span class='ocrx_word' id='word_1_353' title='bbox 443 3395 717 3459; x_wconf 81' lang='grc' dir='ltr'>ἀπόδειξις</span> <span class='ocrx_word' id='word_1_354' title='bbox 748 3396 983 3466; x_wconf 83' lang='grc' dir='ltr'>ἐναργὴς</span> <span class='ocrx_word' id='word_1_355' title='bbox 1007 3394 1100 3450; x_wconf 80' lang='grc' dir='ltr'><strong>τοῦ</strong></span> <span class='ocrx_word' id='word_1_356' title='bbox 1134 3397 1556 3467; x_wconf 85' lang='grc' dir='ltr'>προσκεκλίσθαι</span> <span class='ocrx_word' id='word_1_357' title='bbox 1587 3398 1664 3469; x_wconf 83' lang='grc' dir='ltr'>τῷ</span> <span class='ocrx_word' id='word_1_358' title='bbox 1688 3398 1893 3468; x_wconf 77' lang='grc' dir='ltr'>ψεύδει,</span> 
     </span>
    </p>
   </div>
   <div class='ocr_carea' id='block_1_48' title="bbox 304 3487 1895 3561">
    <p class='ocr_par' dir='ltr' id='par_1_48' title="bbox 304 3487 1895 3561">
     <span class='ocr_line' id='line_1_48' title="bbox 304 3487 1895 3561; baseline 0.003 -21"><span class='ocrx_word' id='word_1_359' title='bbox 304 3489 417 3553; x_wconf 13' lang='grc' dir='ltr'>,καὶ</span> <span class='ocrx_word' id='word_1_360' title='bbox 454 3487 548 3541; x_wconf 80' lang='grc' dir='ltr'>τοῦ</span> <span class='ocrx_word' id='word_1_361' title='bbox 578 3489 793 3541; x_wconf 77' lang='grc' dir='ltr'>ἑλέσθαι</span> <span class='ocrx_word' id='word_1_362' title='bbox 818 3490 1004 3560; x_wconf 78' lang='grc' dir='ltr'>τιμᾷν,</span> <span class='ocrx_word' id='word_1_363' title='bbox 1037 3490 1073 3543; x_wconf 74' lang='grc' dir='ltr'>ὃ.</span> <span class='ocrx_word' id='word_1_364' title='bbox 1102 3492 1194 3543; x_wconf 83' lang='grc' dir='ltr'><strong>καὶ</strong></span> <span class='ocrx_word' id='word_1_365' title='bbox 1228 3494 1404 3560; x_wconf 85' lang='grc' dir='ltr'>μισεῖν</span> <span class='ocrx_word' id='word_1_366' title='bbox 1438 3491 1680 3561; x_wconf 81' lang='grc' dir='ltr'>ἄμεινον,</span> <span class='ocrx_word' id='word_1_367' title='bbox 1711 3493 1787 3556; x_wconf 85' lang='grc' dir='ltr'>ὡς</span> <span class='ocrx_word' id='word_1_368' title='bbox 1814 3492 1895 3545; x_wconf 87' lang='grc' dir='ltr'>λο-</span> 
     </span>
    </p>
   </div>
   <div class='ocr_carea' id='block_1_49' title="bbox 315 3578 1895 3651">
    <p class='ocr_par' dir='ltr' id='par_1_49' title="bbox 315 3578 1895 3651">
     <span class='ocr_line' id='line_1_49' title="bbox 315 3578 1895 3651; baseline 0.004 -20"><span class='ocrx_word' id='word_1_369' title='bbox 315 3578 524 3650; x_wconf 72' lang='grc' dir='ltr'>γισμοῦ</span> <span class='ocrx_word' id='word_1_370' title='bbox 569 3579 664 3632; x_wconf 77' lang='grc' dir='ltr'>τοῦ</span> <span class='ocrx_word' id='word_1_371' title='bbox 698 3581 905 3643; x_wconf 78' lang='grc' dir='ltr'>εἰκότος</span> <span class='ocrx_word' id='word_1_372' title='bbox 948 3581 1329 3651; x_wconf 78' lang='grc' dir='ltr'>ἡμαρτηκότα.</span> <span class='ocrx_word' id='word_1_373' title='bbox 1378 3582 1538 3636; x_wconf 82' lang='grc' dir='ltr'>Ἀλλὰ</span> <span class='ocrx_word' id='word_1_374' title='bbox 1564 3583 1673 3636; x_wconf 87' lang='grc' dir='ltr'><strong>τῶν</strong></span> <span class='ocrx_word' id='word_1_375' title='bbox 1722 3582 1895 3648; x_wconf 79' lang='grc' dir='ltr'>οὕτως</span> 
     </span>
    </p>
   </div>
   <div class='ocr_carea' id='block_1_50' title="bbox 318 3670 1893 3748">
    <p class='ocr_par' dir='ltr' id='par_1_50' title="bbox 318 3670 1893 3748">
     <span class='ocr_line' id='line_1_50' title="bbox 318 3670 1893 3748; baseline 0.006 -27"><span class='ocrx_word' id='word_1_376' title='bbox 318 3670 564 3741; x_wconf 74' lang='grc' dir='ltr'>αἰσχρῶν</span> <span class='ocrx_word' id='word_1_377' title='bbox 592 3671 849 3740; x_wconf 82' lang='grc' dir='ltr'>ἐννοήσας</span> <span class='ocrx_word' id='word_1_378' title='bbox 888 3670 1061 3733; x_wconf 76' lang='grc' dir='ltr'>οὐδεὶς</span> <span class='ocrx_word' id='word_1_379' title='bbox 1084 3670 1304 3742; x_wconf 79' lang='grc' dir='ltr'>[οὐδέν],</span> <span class='ocrx_word' id='word_1_380' title='bbox 1324 3673 1513 3725; x_wconf 82' lang='grc' dir='ltr'>ἐαυτὸν</span> <span class='ocrx_word' id='word_1_381' title='bbox 1547 3675 1644 3744; x_wconf 81' lang='grc' dir='ltr'><strong>μὲν</strong></span> <span class='ocrx_word' id='word_1_382' title='bbox 1665 3675 1767 3748; x_wconf 80' lang='grc' dir='ltr'><strong>ἔφη</strong></span> <span class='ocrx_word' id='word_1_383' title='bbox 1795 3676 1893 3746; x_wconf 78' lang='grc' dir='ltr'><strong>τῆς</strong></span> 
     </span>
    </p>
   </div>
   <div class='ocr_carea' id='block_1_51' title="bbox 316 3760 1893 3833">
    <p class='ocr_par' dir='ltr' id='par_1_51' title="bbox 316 3760 1893 3833">
     <span class='ocr_line' id='line_1_51' title="bbox 316 3760 1893 3833; baseline 0.005 -20"><span class='ocrx_word' id='word_1_384' title='bbox 316 3760 581 3829; x_wconf 73' lang='grc' dir='ltr'>ἀληθείας</span> <span class='ocrx_word' id='word_1_385' title='bbox 606 3760 856 3829; x_wconf 83' lang='grc' dir='ltr'>γενέσθαι</span> <span class='ocrx_word' id='word_1_386' title='bbox 881 3762 971 3815; x_wconf 77' lang='grc' dir='ltr'><strong>τὸν</strong></span> <span class='ocrx_word' id='word_1_387' title='bbox 992 3761 1244 3831; x_wconf 80' lang='grc' dir='ltr'>ἐραστὴν,</span> <span class='ocrx_word' id='word_1_388' title='bbox 1264 3764 1408 3833; x_wconf 82' lang='grc' dir='ltr'>ἡμᾶς</span> <span class='ocrx_word' id='word_1_389' title='bbox 1438 3762 1492 3815; x_wconf 80' lang='grc' dir='ltr'>δὲ</span> <span class='ocrx_word' id='word_1_390' title='bbox 1516 3766 1893 3821; x_wconf 78' lang='grc' dir='ltr'>τεκταίνεσθαι</span> 
     </span>
    </p>
   </div>
   <div class='ocr_carea' id='block_1_52' title="bbox 316 3853 1892 3928">
    <p class='ocr_par' dir='ltr' id='par_1_52' title="bbox 316 3853 1892 3928">
     <span class='ocr_line' id='line_1_52' title="bbox 316 3853 1892 3928; baseline 0.005 -24"><span class='ocrx_word' id='word_1_391' title='bbox 316 3854 377 3905; x_wconf 66' lang='grc' dir='ltr'><strong>τδ</strong></span> <span class='ocrx_word' id='word_1_392' title='bbox 410 3853 605 3922; x_wconf 76' lang='grc' dir='ltr'>ψεῦδος</span> <span class='ocrx_word' id='word_1_393' title='bbox 642 3854 789 3924; x_wconf 75' lang='grc' dir='ltr'>αὐτῷ</span> <span class='ocrx_word' id='word_1_394' title='bbox 808 3870 821 3884; x_wconf 89' lang='grc'><strong>·</strong></span> <span class='ocrx_word' id='word_1_395' title='bbox 845 3854 1022 3927; x_wconf 80' lang='grc' dir='ltr'>καίτοι</span> <span class='ocrx_word' id='word_1_396' title='bbox 1056 3854 1116 3906; x_wconf 81' lang='grc' dir='ltr'>τὸ</span> <span class='ocrx_word' id='word_1_397' title='bbox 1146 3858 1331 3925; x_wconf 82' lang='grc' dir='ltr'>χρῆμα</span> <span class='ocrx_word' id='word_1_398' title='bbox 1360 3855 1506 3909; x_wconf 84' lang='grc' dir='ltr'>ἐστιν</span> <span class='ocrx_word' id='word_1_399' title='bbox 1535 3857 1594 3921; x_wconf 80' lang='grc' dir='ltr'>ἐξ</span> <span class='ocrx_word' id='word_1_400' title='bbox 1623 3857 1892 3928; x_wconf 85' lang='grc' dir='ltr'>ἀντιστρό-</span> 
     </span>
    </p>
   </div>
   <div class='ocr_carea' id='block_1_53' title="bbox 316 3944 1894 4020">
    <p class='ocr_par' dir='ltr' id='par_1_53' title="bbox 316 3944 1894 4020">
     <span class='ocr_line' id='line_1_53' title="bbox 316 3944 1894 4020; baseline 0.001 -22"><span class='ocrx_word' id='word_1_401' title='bbox 316 3960 423 4011; x_wconf 81' lang='grc' dir='ltr'>φου</span> <span class='ocrx_word' id='word_1_402' title='bbox 465 3944 664 4014; x_wconf 83' lang='grc' dir='ltr'>μᾶλλον</span> <span class='ocrx_word' id='word_1_403' title='bbox 701 3945 845 4010; x_wconf 85' lang='grc' dir='ltr'>ίδεῖν,</span> <span class='ocrx_word' id='word_1_404' title='bbox 887 3946 967 3998; x_wconf 86' lang='grc' dir='ltr'>ὅτι</span> <span class='ocrx_word' id='word_1_405' title='bbox 1007 3962 1065 3997; x_wconf 87' lang='grc' dir='ltr'><strong>τε</strong></span> <span class='ocrx_word' id='word_1_406' title='bbox 1098 3945 1274 4014; x_wconf 82' lang='grc' dir='ltr'>ὀρθῶς</span> <span class='ocrx_word' id='word_1_407' title='bbox 1304 3946 1437 4016; x_wconf 81' lang='grc' dir='ltr'>ἔχει,</span> <span class='ocrx_word' id='word_1_408' title='bbox 1468 3949 1558 4001; x_wconf 77' lang='grc' dir='ltr'><strong>καὶ</strong></span> <span class='ocrx_word' id='word_1_409' title='bbox 1586 3948 1731 4001; x_wconf 73' lang='grc' dir='ltr'>ἐστιν</span> <span class='ocrx_word' id='word_1_410' title='bbox 1764 3949 1894 4020; x_wconf 87' lang='grc' dir='ltr'>ἀλη-</span> 
     </span>
    </p>
   </div>
   <div class='ocr_carea' id='block_1_54' title="bbox 317 4033 1892 4106">
    <p class='ocr_par' dir='ltr' id='par_1_54' title="bbox 317 4033 1892 4106">
     <span class='ocr_line' id='line_1_54' title="bbox 317 4033 1892 4106; baseline 0.003 -20"><span class='ocrx_word' id='word_1_411' title='bbox 317 4033 410 4096; x_wconf 82' lang='grc' dir='ltr'><strong>θές</strong></span> <span class='ocrx_word' id='word_1_412' title='bbox 438 4051 451 4063; x_wconf 84' lang='grc'>·</span> <span class='ocrx_word' id='word_1_413' title='bbox 499 4035 556 4086; x_wconf 81' lang='grc' dir='ltr'><strong>ὐ</strong></span> <span class='ocrx_word' id='word_1_414' title='bbox 585 4035 693 4105; x_wconf 80' lang='grc' dir='ltr'>γάρ</span> <span class='ocrx_word' id='word_1_415' title='bbox 723 4052 801 4089; x_wconf 87' lang='grc' dir='ltr'><strong>τοι</strong></span> <span class='ocrx_word' id='word_1_416' title='bbox 836 4035 928 4087; x_wconf 83' lang='grc' dir='ltr'>τοῦ</span> <span class='ocrx_word' id='word_1_417' title='bbox 963 4035 1211 4103; x_wconf 74' lang='grc' dir='ltr'>ψεύδους,</span> <span class='ocrx_word' id='word_1_418' title='bbox 1244 4037 1335 4088; x_wconf 81' lang='grc' dir='ltr'><strong>καὶ</strong></span> <span class='ocrx_word' id='word_1_419' title='bbox 1370 4036 1469 4106; x_wconf 80' lang='grc' dir='ltr'>τῆς</span> <span class='ocrx_word' id='word_1_420' title='bbox 1498 4037 1716 4106; x_wconf 77' lang='grc' dir='ltr'>ἀπάτης</span> <span class='ocrx_word' id='word_1_421' title='bbox 1766 4054 1892 4090; x_wconf 88' lang='grc' dir='ltr'>συν-</span> 
     </span>
    </p>
   </div>
   <div class='ocr_carea' id='block_1_55' title="bbox 317 4124 1893 4196">
    <p class='ocr_par' dir='ltr' id='par_1_55' title="bbox 317 4124 1893 4196">
     <span class='ocr_line' id='line_1_55' title="bbox 317 4124 1893 4196; baseline 0.007 -23"><span class='ocrx_word' id='word_1_422' title='bbox 317 4125 522 4193; x_wconf 83' lang='grc' dir='ltr'>ήγορος</span> <span class='ocrx_word' id='word_1_423' title='bbox 566 4127 679 4186; x_wconf 83' lang='grc' dir='ltr'>τοῖς</span> <span class='ocrx_word' id='word_1_424' title='bbox 730 4124 831 4194; x_wconf 78' lang='grc' dir='ltr'>τῆς</span> <span class='ocrx_word' id='word_1_425' title='bbox 888 4125 1143 4196; x_wconf 83' lang='grc' dir='ltr'>ἀληθείας</span> <span class='ocrx_word' id='word_1_426' title='bbox 1199 4130 1586 4191; x_wconf 83' lang='grc' dir='ltr'>συνασπισταῑς</span> <span class='ocrx_word' id='word_1_427' title='bbox 1631 4128 1893 4184; x_wconf 82' lang='grc' dir='ltr'>ἀνάπτειν</span> 
     </span>
    </p>
   </div>
   <div class='ocr_carea' id='block_1_56' title="bbox 316 4214 1891 4291">
    <p class='ocr_par' dir='ltr' id='par_1_56' title="bbox 316 4214 1891 4291">
     <span class='ocr_line' id='line_1_56' title="bbox 316 4214 1891 4291; baseline 0.008 -28"><span class='ocrx_word' id='word_1_428' title='bbox 316 4215 576 4282; x_wconf 82' lang='grc' dir='ltr'>πειρᾶται</span> <span class='ocrx_word' id='word_1_429' title='bbox 627 4218 725 4291; x_wconf 78' lang='grc' dir='ltr'><strong>τῆς</strong></span> <span class='ocrx_word' id='word_1_430' title='bbox 777 4214 1144 4285; x_wconf 69' lang='grc' dir='ltr'>ψευδομυθίας</span> <span class='ocrx_word' id='word_1_431' title='bbox 1192 4217 1282 4269; x_wconf 77' lang='grc' dir='ltr'><strong>τὸν</strong></span> <span class='ocrx_word' id='word_1_432' title='bbox 1334 4218 1540 4287; x_wconf 87' lang='grc' dir='ltr'>μῶμον,</span> <span class='ocrx_word' id='word_1_433' title='bbox 1598 4221 1739 4291; x_wconf 83' lang='grc' dir='ltr'>τάχα</span> <span class='ocrx_word' id='word_1_434' title='bbox 1788 4239 1891 4275; x_wconf 89' lang='grc' dir='ltr'><strong>που</strong></span> 
     </span>
    </p>
   </div>
   <div class='ocr_carea' id='block_1_57' title="bbox 317 4305 1888 4381">
    <p class='ocr_par' dir='ltr' id='par_1_57' title="bbox 317 4305 1888 4381">
     <span class='ocr_line' id='line_1_57' title="bbox 317 4305 1888 4381; baseline 0.007 -25"><span class='ocrx_word' id='word_1_435' title='bbox 317 4305 413 4357; x_wconf 78' lang='grc' dir='ltr'><strong>καὶ</strong></span> <span class='ocrx_word' id='word_1_436' title='bbox 464 4306 544 4369; x_wconf 83' lang='grc' dir='ltr'><strong>είς</strong></span> <span class='ocrx_word' id='word_1_437' title='bbox 593 4305 762 4375; x_wconf 78' lang='grc' dir='ltr'>λήθην</span> <span class='ocrx_word' id='word_1_438' title='bbox 810 4307 1085 4377; x_wconf 81' lang='grc' dir='ltr'>ἐληλακὼς</span> <span class='ocrx_word' id='word_1_439' title='bbox 1139 4308 1228 4360; x_wconf 82' lang='grc' dir='ltr'>τοῦ</span> <span class='ocrx_word' id='word_1_440' title='bbox 1280 4311 1557 4381; x_wconf 73' lang='grc' dir='ltr'>προφήτου</span> <span class='ocrx_word' id='word_1_441' title='bbox 1611 4311 1888 4380; x_wconf 81' lang='grc' dir='ltr'>λέγοντος’</span> 
     </span>
    </p>
   </div>
   <div class='ocr_carea' id='block_1_58' title="bbox 322 4396 1891 4469">
    <p class='ocr_par' dir='ltr' id='par_1_58' title="bbox 322 4396 1891 4469">
     <span class='ocr_line' id='line_1_58' title="bbox 322 4396 1891 4469; baseline 0.008 -23"><span class='ocrx_word' id='word_1_442' title='bbox 322 4414 340 4445; x_wconf 80' lang='grc' dir='ltr'><strong>ι</strong></span> <span class='ocrx_word' id='word_1_443' title='bbox 388 4396 527 4447; x_wconf 80' lang='grc' dir='ltr'>Ούαὶ</span> <span class='ocrx_word' id='word_1_444' title='bbox 558 4398 606 4448; x_wconf 78' lang='grc' dir='ltr'>οἱ</span> <span class='ocrx_word' id='word_1_445' title='bbox 643 4397 891 4465; x_wconf 79' lang='grc' dir='ltr'>λέγοντες</span> <span class='ocrx_word' id='word_1_446' title='bbox 934 4398 996 4450; x_wconf 84' lang='grc' dir='ltr'><strong>τὸ</strong></span> <span class='ocrx_word' id='word_1_447' title='bbox 1040 4399 1274 4469; x_wconf 73' lang='grc' dir='ltr'>πονηρὸν</span> <span class='ocrx_word' id='word_1_448' title='bbox 1321 4401 1503 4463; x_wconf 77' lang='grc' dir='ltr'>καλὸν,</span> <span class='ocrx_word' id='word_1_449' title='bbox 1538 4403 1628 4455; x_wconf 74' lang='grc' dir='ltr'><strong>καὶ</strong></span> <span class='ocrx_word' id='word_1_450' title='bbox 1649 4404 1709 4457; x_wconf 86' lang='grc' dir='ltr'><strong>τὸ</strong></span> <span class='ocrx_word' id='word_1_451' title='bbox 1730 4406 1891 4459; x_wconf 76' lang='grc' dir='ltr'>καλὸν</span> 
     </span>
    </p>
   </div>
   <div class='ocr_carea' id='block_1_59' title="bbox 2004 1915 3573 1989">
    <p class='ocr_par' dir='ltr' id='par_1_59' title="bbox 2004 1915 3573 1989">
     <span class='ocr_line' id='line_1_59' title="bbox 2004 1915 3573 1989; baseline 0.004 -22"><span class='ocrx_word' id='word_1_452' title='bbox 2004 1915 2167 1983; x_wconf 81' lang='lat' dir='ltr'><strong>parit,</strong></span> <span class='ocrx_word' id='word_1_453' title='bbox 2205 1916 2297 1969; x_wconf 89' lang='lat' dir='ltr'><strong>sed</strong></span> <span class='ocrx_word' id='word_1_454' title='bbox 2326 1915 2467 1972; x_wconf 89' lang='lat' dir='ltr'><strong>Deus</strong></span> <span class='ocrx_word' id='word_1_455' title='bbox 2516 1917 2753 1972; x_wconf 87' lang='lat' dir='ltr'><strong>animam</strong></span> <span class='ocrx_word' id='word_1_456' title='bbox 2777 1919 2987 1985; x_wconf 91' lang='lat' dir='ltr'><strong>tribuit,</strong></span> <span class='ocrx_word' id='word_1_457' title='bbox 3019 1933 3191 1989; x_wconf 89' lang='lat' dir='ltr'><strong>neque</strong></span> <span class='ocrx_word' id='word_1_458' title='bbox 3221 1919 3339 1974; x_wconf 87' lang='lat' dir='ltr'><strong>ideo</strong></span> <span class='ocrx_word' id='word_1_459' title='bbox 3362 1919 3573 1974; x_wconf 85' lang='lat' dir='ltr'><strong>dicetur</strong></span> 
     </span>
    </p>
   </div>
   <div class='ocr_carea' id='block_1_60' title="bbox 2002 2005 3573 2081">
    <p class='ocr_par' dir='ltr' id='par_1_60' title="bbox 2002 2005 3573 2081">
     <span class='ocr_line' id='line_1_60' title="bbox 2002 2005 3573 2081; baseline 0.003 -24"><span class='ocrx_word' id='word_1_460' title='bbox 2002 2005 2197 2060; x_wconf 75' lang='lat' dir='ltr'><strong>anima:</strong></span> <span class='ocrx_word' id='word_1_461' title='bbox 2226 2007 2478 2076; x_wconf 79' lang='lat' dir='ltr'><strong>genitrix,</strong></span> <span class='ocrx_word' id='word_1_462' title='bbox 2508 2008 2632 2077; x_wconf 89' lang='lat' dir='ltr'><strong>quia</strong></span> <span class='ocrx_word' id='word_1_463' title='bbox 2660 2010 2870 2079; x_wconf 87' lang='lat' dir='ltr'><strong>peperit</strong></span> <span class='ocrx_word' id='word_1_464' title='bbox 2897 2011 3215 2079; x_wconf 88' lang='lat' dir='ltr'><strong>animatum,</strong></span> <span class='ocrx_word' id='word_1_465' title='bbox 3268 2012 3362 2066; x_wconf 90' lang='lat' dir='ltr'><strong>sed</strong></span> <span class='ocrx_word' id='word_1_466' title='bbox 3395 2012 3573 2081; x_wconf 87' lang='lat' dir='ltr'><strong>potius</strong></span> 
     </span>
    </p>
   </div>
   <div class='ocr_carea' id='block_1_61' title="bbox 2002 2096 3571 2171">
    <p class='ocr_par' dir='ltr' id='par_1_61' title="bbox 2002 2096 3571 2171">
     <span class='ocr_line' id='line_1_61' title="bbox 2002 2096 3571 2171; baseline 0.003 -20"><span class='ocrx_word' id='word_1_467' title='bbox 2002 2096 2235 2152; x_wconf 88' lang='lat' dir='ltr'><strong>hominis</strong></span> <span class='ocrx_word' id='word_1_468' title='bbox 2263 2098 2494 2167; x_wconf 77' lang='lat' dir='ltr'><strong>genitrix</strong></span> <span class='ocrx_word' id='word_1_469' title='bbox 2533 2118 2547 2167; x_wconf 90' lang='lat'><strong>;</strong></span> <span class='ocrx_word' id='word_1_470' title='bbox 2581 2101 2661 2155; x_wconf 88' lang='lat' dir='ltr'><strong>sic</strong></span> <span class='ocrx_word' id='word_1_471' title='bbox 2691 2116 2905 2171; x_wconf 90' lang='lat' dir='ltr'><strong>quoque</strong></span> <span class='ocrx_word' id='word_1_472' title='bbox 2944 2103 3100 2157; x_wconf 86' lang='lat' dir='ltr'><strong>beata</strong></span> <span class='ocrx_word' id='word_1_473' title='bbox 3147 2101 3327 2171; x_wconf 83' lang='lat' dir='ltr'><strong>Virgo,</strong></span> <span class='ocrx_word' id='word_1_474' title='bbox 3373 2101 3571 2171; x_wconf 89' lang='lat' dir='ltr'><strong>inquit,</strong></span> 
     </span>
    </p>
   </div>
   <div class='ocr_carea' id='block_1_62' title="bbox 2001 2187 3573 2264">
    <p class='ocr_par' dir='ltr' id='par_1_62' title="bbox 2001 2187 3573 2264">
     <span class='ocr_line' id='line_1_62' title="bbox 2001 2187 3573 2264; baseline 0.004 -23"><span class='ocrx_word' id='word_1_475' title='bbox 2001 2187 2102 2242; x_wconf 89' lang='lat' dir='ltr'><strong>etsi</strong></span> <span class='ocrx_word' id='word_1_476' title='bbox 2137 2190 2349 2257; x_wconf 86' lang='lat' dir='ltr'><strong>peperit</strong></span> <span class='ocrx_word' id='word_1_477' title='bbox 2372 2191 2641 2246; x_wconf 89' lang='lat' dir='ltr'><strong>hominem</strong></span> <span class='ocrx_word' id='word_1_478' title='bbox 2678 2193 2838 2248; x_wconf 84' lang='lat' dir='ltr'><strong>simul</strong></span> <span class='ocrx_word' id='word_1_479' title='bbox 2869 2208 2991 2249; x_wconf 92' lang='lat' dir='ltr'><strong>cum</strong></span> <span class='ocrx_word' id='word_1_480' title='bbox 3040 2194 3133 2250; x_wconf 89' lang='lat' dir='ltr'><strong>illo</strong></span> <span class='ocrx_word' id='word_1_481' title='bbox 3158 2203 3573 2264; x_wconf 86' lang='lat' dir='ltr'><strong>pertranseunte</strong></span> 
     </span>
    </p>
   </div>
   <div class='ocr_carea' id='block_1_63' title="bbox 2000 2277 3574 2357">
    <p class='ocr_par' dir='ltr' id='par_1_63' title="bbox 2000 2277 3574 2357">
     <span class='ocr_line' id='line_1_63' title="bbox 2000 2277 3574 2357; baseline 0.006 -27"><span class='ocrx_word' id='word_1_482' title='bbox 2000 2277 2093 2333; x_wconf 85' lang='lat' dir='ltr'><strong>Dei</strong></span> <span class='ocrx_word' id='word_1_483' title='bbox 2135 2279 2311 2335; x_wconf 82' lang='lat' dir='ltr'><strong>Verbo</strong></span> <span class='ocrx_word' id='word_1_484' title='bbox 2344 2281 2490 2350; x_wconf 86' lang='lat' dir='ltr'><strong>(naut</strong></span> <span class='ocrx_word' id='word_1_485' title='bbox 2528 2282 2628 2338; x_wconf 87' lang='lat' dir='ltr'><strong>hac</strong></span> <span class='ocrx_word' id='word_1_486' title='bbox 2679 2293 2761 2339; x_wconf 91' lang='lat' dir='ltr'><strong>est</strong></span> <span class='ocrx_word' id='word_1_487' title='bbox 2800 2299 2936 2342; x_wconf 86' lang='lat' dir='ltr'><strong>voce</strong></span> <span class='ocrx_word' id='word_1_488' title='bbox 2978 2285 3150 2357; x_wconf 76' lang='lat' dir='ltr'><strong>usus),</strong></span> <span class='ocrx_word' id='word_1_489' title='bbox 3186 2302 3291 2343; x_wconf 91' lang='lat' dir='ltr'><strong>non</strong></span> <span class='ocrx_word' id='word_1_490' title='bbox 3347 2286 3465 2343; x_wconf 89' lang='lat' dir='ltr'><strong>ideo</strong></span> <span class='ocrx_word' id='word_1_491' title='bbox 3488 2293 3574 2341; x_wconf 82' lang='lat' dir='ltr'><strong>est</strong></span> 
     </span>
    </p>
   </div>
   <div class='ocr_carea' id='block_1_64' title="bbox 2002 2369 2413 2443">
    <p class='ocr_par' dir='ltr' id='par_1_64' title="bbox 2002 2369 2413 2443">
     <span class='ocr_line' id='line_1_64' title="bbox 2002 2369 2413 2443; baseline 0 -19"><span class='ocrx_word' id='word_1_492' title='bbox 2002 2369 2097 2426; x_wconf 89' lang='lat' dir='ltr'><strong>Dei</strong></span> <span class='ocrx_word' id='word_1_493' title='bbox 2122 2371 2413 2443; x_wconf 80' lang='lat' dir='ltr'><strong>genitrix.]</strong></span> 
     </span>
    </p>
   </div>
   <div class='ocr_carea' id='block_1_65' title="bbox 2653 2507 2928 2565">
    <p class='ocr_par' dir='ltr' id='par_1_65' title="bbox 2653 2507 2928 2565">
     <span class='ocr_line' id='line_1_65' title="bbox 2653 2507 2928 2565; baseline 0.004 -1"><span class='ocrx_word' id='word_1_494' title='bbox 2653 2508 2804 2564; x_wconf 81' lang='lat' dir='ltr'><strong>CAP.</strong></span> <span class='ocrx_word' id='word_1_495' title='bbox 2837 2507 2928 2565; x_wconf 71' lang='grc' dir='ltr'><strong>ιν.</strong></span> 
     </span>
    </p>
   </div>
   <div class='ocr_carea' id='block_1_66' title="bbox 2072 2659 3567 2739">
    <p class='ocr_par' dir='ltr' id='par_1_66' title="bbox 2072 2659 3567 2739">
     <span class='ocr_line' id='line_1_66' title="bbox 2072 2659 3567 2739; baseline 0.008 -25"><span class='ocrx_word' id='word_1_496' title='bbox 2072 2659 2207 2715; x_wconf 71' lang='lat' dir='ltr'><strong>Num</strong></span> <span class='ocrx_word' id='word_1_497' title='bbox 2248 2662 2429 2731; x_wconf 78' lang='lat' dir='ltr'><strong>igitur,</strong></span> <span class='ocrx_word' id='word_1_498' title='bbox 2458 2677 2662 2731; x_wconf 72' lang='lat' dir='ltr'><strong>qumso,</strong></span> <span class='ocrx_word' id='word_1_499' title='bbox 2686 2665 3052 2721; x_wconf 86' lang='lat' dir='ltr'><strong>accusandum</strong></span> <span class='ocrx_word' id='word_1_500' title='bbox 3115 2678 3271 2734; x_wconf 85' lang='lat' dir='ltr'><strong>putas</strong></span> <span class='ocrx_word' id='word_1_501' title='bbox 3303 2669 3444 2739; x_wconf 88' lang='lat' dir='ltr'><strong>quod</strong></span> <span class='ocrx_word' id='word_1_502' title='bbox 3479 2672 3567 2726; x_wconf 84' lang='lat' dir='ltr'><strong>di-</strong></span> 
     </span>
    </p>
   </div>
   <div class='ocr_carea' id='block_1_67' title="bbox 1999 2753 3569 2825">
    <p class='ocr_par' dir='ltr' id='par_1_67' title="bbox 1999 2753 3569 2825">
     <span class='ocr_line' id='line_1_67' title="bbox 1999 2753 3569 2825; baseline 0.005 -18"><span class='ocrx_word' id='word_1_503' title='bbox 1999 2753 2141 2807; x_wconf 89' lang='lat' dir='ltr'><strong>citur</strong></span> <span class='ocrx_word' id='word_1_504' title='bbox 2169 2768 2199 2805; x_wconf 83' lang='lat' dir='ltr'><strong>a</strong></span> <span class='ocrx_word' id='word_1_505' title='bbox 2240 2753 2396 2807; x_wconf 89' lang='lat' dir='ltr'><strong>nobis</strong></span> <span class='ocrx_word' id='word_1_506' title='bbox 2425 2754 2447 2807; x_wconf 90' lang='lat'><strong>?</strong></span> <span class='ocrx_word' id='word_1_507' title='bbox 2480 2770 2606 2807; x_wconf 88' lang='lat' dir='ltr'><strong>uutn</strong></span> <span class='ocrx_word' id='word_1_508' title='bbox 2668 2753 2783 2821; x_wconf 86' lang='lat' dir='ltr'><strong>tibi,</strong></span> <span class='ocrx_word' id='word_1_509' title='bbox 2828 2770 2948 2825; x_wconf 77' lang='lat' dir='ltr'><strong>qua:</strong></span> <span class='ocrx_word' id='word_1_510' title='bbox 2986 2764 3092 2809; x_wconf 84' lang='lat' dir='ltr'><strong>tam</strong></span> <span class='ocrx_word' id='word_1_511' title='bbox 3146 2767 3294 2814; x_wconf 86' lang='lat' dir='ltr'><strong>recta</strong></span> <span class='ocrx_word' id='word_1_512' title='bbox 3343 2773 3470 2815; x_wconf 89' lang='lat' dir='ltr'><strong>sunt</strong></span> <span class='ocrx_word' id='word_1_513' title='bbox 3505 2776 3569 2815; x_wconf 82' lang='lat' dir='ltr'><strong>ac</strong></span> 
     </span>
    </p>
   </div>
   <div class='ocr_carea' id='block_1_68' title="bbox 1998 2842 3570 2920">
    <p class='ocr_par' dir='ltr' id='par_1_68' title="bbox 1998 2842 3570 2920">
     <span class='ocr_line' id='line_1_68' title="bbox 1998 2842 3570 2920; baseline 0.006 -24"><span class='ocrx_word' id='word_1_514' title='bbox 1998 2843 2187 2911; x_wconf 90' lang='lat' dir='ltr'><strong>proba,</strong></span> <span class='ocrx_word' id='word_1_515' title='bbox 2210 2842 2373 2898; x_wconf 88' lang='lat' dir='ltr'><strong>stulte</strong></span> <span class='ocrx_word' id='word_1_516' title='bbox 2406 2845 2844 2912; x_wconf 87' lang='lat' dir='ltr'><strong>reprehendenda</strong></span> <span class='ocrx_word' id='word_1_517' title='bbox 2870 2846 3149 2902; x_wconf 82' lang='lat' dir='ltr'><strong>videntur?</strong></span> <span class='ocrx_word' id='word_1_518' title='bbox 3172 2863 3235 2904; x_wconf 88' lang='lat' dir='ltr'><strong>ac</strong></span> <span class='ocrx_word' id='word_1_519' title='bbox 3260 2865 3362 2905; x_wconf 93' lang='lat' dir='ltr'><strong>non</strong></span> <span class='ocrx_word' id='word_1_520' title='bbox 3392 2854 3570 2920; x_wconf 83' lang='lat' dir='ltr'><strong>potius</strong></span> 
     </span>
    </p>
   </div>
   <div class='ocr_carea' id='block_1_69' title="bbox 1998 2934 3567 3004">
    <p class='ocr_par' dir='ltr' id='par_1_69' title="bbox 1998 2934 3567 3004">
     <span class='ocr_line' id='line_1_69' title="bbox 1998 2934 3567 3004; baseline 0.005 -16"><span class='ocrx_word' id='word_1_521' title='bbox 1998 2942 2231 2988; x_wconf 90' lang='lat' dir='ltr'><strong>mentem</strong></span> <span class='ocrx_word' id='word_1_522' title='bbox 2276 2942 2420 2987; x_wconf 89' lang='lat' dir='ltr'><strong>tuatn</strong></span> <span class='ocrx_word' id='word_1_523' title='bbox 2468 2934 2752 2990; x_wconf 81' lang='lat' dir='ltr'><strong>accusabis</strong></span> <span class='ocrx_word' id='word_1_524' title='bbox 2804 2937 2946 3004; x_wconf 87' lang='lat' dir='ltr'><strong>quod</strong></span> <span class='ocrx_word' id='word_1_525' title='bbox 3006 2948 3153 2994; x_wconf 86' lang='lat' dir='ltr'><strong>recte</strong></span> <span class='ocrx_word' id='word_1_526' title='bbox 3205 2942 3409 2996; x_wconf 84' lang='lat' dir='ltr'><strong>sentire</strong></span> <span class='ocrx_word' id='word_1_527' title='bbox 3462 2959 3567 2997; x_wconf 91' lang='lat' dir='ltr'><strong>non</strong></span> 
     </span>
    </p>
   </div>
   <div class='ocr_carea' id='block_1_70' title="bbox 2000 3023 3566 3096">
    <p class='ocr_par' dir='ltr' id='par_1_70' title="bbox 2000 3023 3566 3096">
     <span class='ocr_line' id='line_1_70' title="bbox 2000 3023 3566 3096; baseline 0.007 -19"><span class='ocrx_word' id='word_1_528' title='bbox 2000 3023 2172 3079; x_wconf 79' lang='lat' dir='ltr'><strong>valeat</strong></span> <span class='ocrx_word' id='word_1_529' title='bbox 2199 3023 2356 3094; x_wconf 70' lang='lat'><strong>1&#39;18</strong></span> <span class='ocrx_word' id='word_1_530' title='bbox 2382 3023 2517 3077; x_wconf 88' lang='lat' dir='ltr'><strong>Nam</strong></span> <span class='ocrx_word' id='word_1_531' title='bbox 2559 3024 2756 3093; x_wconf 89' lang='lat' dir='ltr'><strong>quibus</strong></span> <span class='ocrx_word' id='word_1_532' title='bbox 2797 3025 3046 3096; x_wconf 86' lang='lat' dir='ltr'><strong>displicet</strong></span> <span class='ocrx_word' id='word_1_533' title='bbox 3096 3029 3325 3095; x_wconf 85' lang='lat' dir='ltr'><strong>veritas,</strong></span> <span class='ocrx_word' id='word_1_534' title='bbox 3366 3033 3430 3086; x_wconf 86' lang='lat' dir='ltr'><strong>iis</strong></span> <span class='ocrx_word' id='word_1_535' title='bbox 3466 3047 3566 3089; x_wconf 87' lang='lat' dir='ltr'><strong>usu</strong></span> 
     </span>
    </p>
   </div>
   <div class='ocr_carea' id='block_1_71' title="bbox 1996 3115 3569 3189">
    <p class='ocr_par' dir='ltr' id='par_1_71' title="bbox 1996 3115 3569 3189">
     <span class='ocr_line' id='line_1_71' title="bbox 1996 3115 3569 3189; baseline 0.006 -18"><span class='ocrx_word' id='word_1_536' title='bbox 1996 3117 2167 3181; x_wconf 70' lang='lat' dir='ltr'><strong>venit,</strong></span> <span class='ocrx_word' id='word_1_537' title='bbox 2191 3117 2478 3185; x_wconf 85' lang='lat' dir='ltr'><strong>etquidem</strong></span> <span class='ocrx_word' id='word_1_538' title='bbox 2512 3115 2788 3185; x_wconf 78' lang='lat' dir='ltr'><strong>facillime,</strong></span> <span class='ocrx_word' id='word_1_539' title='bbox 2828 3127 2888 3172; x_wconf 91' lang='lat' dir='ltr'><strong>ut</strong></span> <span class='ocrx_word' id='word_1_540' title='bbox 2916 3118 2968 3174; x_wconf 86' lang='lat' dir='ltr'><strong>id</strong></span> <span class='ocrx_word' id='word_1_541' title='bbox 3016 3122 3158 3189; x_wconf 89' lang='lat' dir='ltr'><strong>quod</strong></span> <span class='ocrx_word' id='word_1_542' title='bbox 3196 3135 3353 3178; x_wconf 89' lang='lat' dir='ltr'><strong>secus</strong></span> <span class='ocrx_word' id='word_1_543' title='bbox 3405 3125 3569 3181; x_wconf 86' lang='lat' dir='ltr'><strong>habet</strong></span> 
     </span>
    </p>
   </div>
   <div class='ocr_carea' id='block_1_72' title="bbox 1998 3205 3571 3284">
    <p class='ocr_par' dir='ltr' id='par_1_72' title="bbox 1998 3205 3571 3284">
     <span class='ocr_line' id='line_1_72' title="bbox 1998 3205 3571 3284; baseline 0.006 -22"><span class='ocrx_word' id='word_1_544' title='bbox 1998 3207 2390 3277; x_wconf 84' lang='lat' dir='ltr'><strong>amplectantur</strong></span> <span class='ocrx_word' id='word_1_545' title='bbox 2434 3226 2448 3263; x_wconf 88' lang='lat'><strong>:</strong></span> <span class='ocrx_word' id='word_1_546' title='bbox 2506 3220 2563 3263; x_wconf 90' lang='lat' dir='ltr'><strong>et</strong></span> <span class='ocrx_word' id='word_1_547' title='bbox 2631 3219 2777 3264; x_wconf 87' lang='lat' dir='ltr'><strong>recte</strong></span> <span class='ocrx_word' id='word_1_548' title='bbox 2831 3209 3116 3280; x_wconf 88' lang='lat' dir='ltr'><strong>loquentes</strong></span> <span class='ocrx_word' id='word_1_549' title='bbox 3177 3205 3571 3284; x_wconf 85' lang='lat' dir='ltr'><strong>reprehendere</strong></span> 
     </span>
    </p>
   </div>
   <div class='ocr_carea' id='block_1_73' title="bbox 1994 3299 3565 3372">
    <p class='ocr_par' dir='ltr' id='par_1_73' title="bbox 1994 3299 3565 3372">
     <span class='ocr_line' id='line_1_73' title="bbox 1994 3299 3565 3372; baseline 0.006 -19"><span class='ocrx_word' id='word_1_550' title='bbox 1994 3299 2134 3353; x_wconf 88' lang='lat' dir='ltr'><strong>haud</strong></span> <span class='ocrx_word' id='word_1_551' title='bbox 2185 3300 2381 3355; x_wconf 90' lang='lat' dir='ltr'><strong>damno</strong></span> <span class='ocrx_word' id='word_1_552' title='bbox 2408 3309 2581 3364; x_wconf 84' lang='lat' dir='ltr'><strong>vacat,</strong></span> <span class='ocrx_word' id='word_1_553' title='bbox 2616 3300 2728 3356; x_wconf 91' lang='lat' dir='ltr'><strong>imo</strong></span> <span class='ocrx_word' id='word_1_554' title='bbox 2772 3315 2901 3355; x_wconf 83' lang='lat' dir='ltr'><strong>vero</strong></span> <span class='ocrx_word' id='word_1_555' title='bbox 2934 3315 3312 3372; x_wconf 86' lang='lat' dir='ltr'><strong>argumentum</strong></span> <span class='ocrx_word' id='word_1_556' title='bbox 3342 3317 3425 3364; x_wconf 86' lang='lat' dir='ltr'><strong>est</strong></span> <span class='ocrx_word' id='word_1_557' title='bbox 3444 3310 3565 3363; x_wconf 78' lang='lat' dir='ltr'><strong>evi—</strong></span> 
     </span>
    </p>
   </div>
   <div class='ocr_carea' id='block_1_74' title="bbox 1993 3392 3567 3469">
    <p class='ocr_par' dir='ltr' id='par_1_74' title="bbox 1993 3392 3567 3469">
     <span class='ocr_line' id='line_1_74' title="bbox 1993 3392 3567 3469; baseline 0.008 -24"><span class='ocrx_word' id='word_1_558' title='bbox 1993 3392 2126 3447; x_wconf 91' lang='lat' dir='ltr'><strong>deus</strong></span> <span class='ocrx_word' id='word_1_559' title='bbox 2152 3392 2317 3446; x_wconf 87' lang='lat' dir='ltr'><strong>animi</strong></span> <span class='ocrx_word' id='word_1_560' title='bbox 2354 3393 2420 3447; x_wconf 88' lang='lat' dir='ltr'><strong>ad</strong></span> <span class='ocrx_word' id='word_1_561' title='bbox 2454 3392 2745 3449; x_wconf 85' lang='lat' dir='ltr'><strong>falsitatem</strong></span> <span class='ocrx_word' id='word_1_562' title='bbox 2774 3398 3049 3464; x_wconf 82' lang='lat' dir='ltr'><strong>propensi,</strong></span> <span class='ocrx_word' id='word_1_563' title='bbox 3070 3407 3125 3453; x_wconf 91' lang='lat' dir='ltr'><strong>et</strong></span> <span class='ocrx_word' id='word_1_564' title='bbox 3151 3412 3213 3452; x_wconf 88' lang='lat' dir='ltr'><strong>ea</strong></span> <span class='ocrx_word' id='word_1_565' title='bbox 3236 3400 3567 3469; x_wconf 79' lang='lat' dir='ltr'><strong>amplecten-</strong></span> 
     </span>
    </p>
   </div>
   <div class='ocr_carea' id='block_1_75' title="bbox 1995 3484 3568 3553">
    <p class='ocr_par' dir='ltr' id='par_1_75' title="bbox 1995 3484 3568 3553">
     <span class='ocr_line' id='line_1_75' title="bbox 1995 3484 3568 3553; baseline 0.006 -16"><span class='ocrx_word' id='word_1_566' title='bbox 1995 3484 2066 3538; x_wconf 89' lang='lat' dir='ltr'><strong>tis</strong></span> <span class='ocrx_word' id='word_1_567' title='bbox 2099 3498 2221 3553; x_wconf 73' lang='lat' dir='ltr'><strong>quae</strong></span> <span class='ocrx_word' id='word_1_568' title='bbox 2241 3485 2516 3539; x_wconf 84' lang='lat' dir='ltr'><strong>exsecrari</strong></span> <span class='ocrx_word' id='word_1_569' title='bbox 2576 3495 2800 3553; x_wconf 66' lang='lat' dir='ltr'><strong>praestat</strong></span> <span class='ocrx_word' id='word_1_570' title='bbox 2832 3495 2947 3541; x_wconf 61' lang='lat' dir='ltr'><strong>utea</strong></span> <span class='ocrx_word' id='word_1_571' title='bbox 2979 3498 3122 3542; x_wconf 89' lang='lat' dir='ltr'><strong>recta</strong></span> <span class='ocrx_word' id='word_1_572' title='bbox 3161 3491 3370 3544; x_wconf 86' lang='lat' dir='ltr'><strong>ratione</strong></span> <span class='ocrx_word' id='word_1_573' title='bbox 3409 3492 3568 3545; x_wconf 84' lang='lat' dir='ltr'><strong>dissi-</strong></span> 
     </span>
    </p>
   </div>
   <div class='ocr_carea' id='block_1_76' title="bbox 1994 3573 3569 3651">
    <p class='ocr_par' dir='ltr' id='par_1_76' title="bbox 1994 3573 3569 3651">
     <span class='ocr_line' id='line_1_76' title="bbox 1994 3573 3569 3651; baseline 0.005 -22"><span class='ocrx_word' id='word_1_574' title='bbox 1994 3574 2196 3630; x_wconf 85' lang='lat' dir='ltr'><strong>dentia.</strong></span> <span class='ocrx_word' id='word_1_575' title='bbox 2228 3573 2335 3630; x_wconf 89' lang='lat' dir='ltr'><strong>Sed</strong></span> <span class='ocrx_word' id='word_1_576' title='bbox 2366 3589 2526 3644; x_wconf 87' lang='lat' dir='ltr'><strong>quam</strong></span> <span class='ocrx_word' id='word_1_577' title='bbox 2558 3576 2665 3631; x_wconf 91' lang='lat' dir='ltr'><strong>siut</strong></span> <span class='ocrx_word' id='word_1_578' title='bbox 2701 3579 2816 3632; x_wconf 64' lang='lat' dir='ltr'><strong>haec</strong></span> <span class='ocrx_word' id='word_1_579' title='bbox 2844 3579 3017 3648; x_wconf 87' lang='lat' dir='ltr'><strong>turpia</strong></span> <span class='ocrx_word' id='word_1_580' title='bbox 3056 3580 3185 3633; x_wconf 91' lang='lat' dir='ltr'><strong>nihil</strong></span> <span class='ocrx_word' id='word_1_581' title='bbox 3214 3582 3476 3651; x_wconf 89' lang='lat' dir='ltr'><strong>cogitans,</strong></span> <span class='ocrx_word' id='word_1_582' title='bbox 3506 3596 3569 3637; x_wconf 82' lang='lat' dir='ltr'><strong>se</strong></span> 
     </span>
    </p>
   </div>
   <div class='ocr_carea' id='block_1_77' title="bbox 1991 3666 3567 3733">
    <p class='ocr_par' dir='ltr' id='par_1_77' title="bbox 1991 3666 3567 3733">
     <span class='ocr_line' id='line_1_77' title="bbox 1991 3666 3567 3733; baseline 0.003 -12"><span class='ocrx_word' id='word_1_583' title='bbox 1991 3680 2112 3723; x_wconf 83' lang='lat' dir='ltr'><strong>esse</strong></span> <span class='ocrx_word' id='word_1_584' title='bbox 2144 3667 2282 3720; x_wconf 80' lang='lat' dir='ltr'><strong>dixit</strong></span> <span class='ocrx_word' id='word_1_585' title='bbox 2313 3666 2558 3722; x_wconf 73' lang='lat' dir='ltr'><strong>veritatis</strong></span> <span class='ocrx_word' id='word_1_586' title='bbox 2590 3676 2913 3733; x_wconf 86' lang='lat' dir='ltr'><strong>amatorem,</strong></span> <span class='ocrx_word' id='word_1_587' title='bbox 2964 3685 3061 3725; x_wconf 88' lang='lat' dir='ltr'><strong>nos</strong></span> <span class='ocrx_word' id='word_1_588' title='bbox 3117 3682 3306 3727; x_wconf 80' lang='lat' dir='ltr'><strong>contra</strong></span> <span class='ocrx_word' id='word_1_589' title='bbox 3356 3684 3567 3726; x_wconf 83' lang='lat' dir='ltr'><strong>struere</strong></span> 
     </span>
    </p>
   </div>
   <div class='ocr_carea' id='block_1_78' title="bbox 1992 3757 3565 3819">
    <p class='ocr_par' dir='ltr' id='par_1_78' title="bbox 1992 3757 3565 3819">
     <span class='ocr_line' id='line_1_78' title="bbox 1992 3757 3565 3819; baseline 0.004 -9"><span class='ocrx_word' id='word_1_590' title='bbox 1992 3757 2330 3812; x_wconf 86' lang='lat' dir='ltr'><strong>mendacium</strong></span> <span class='ocrx_word' id='word_1_591' title='bbox 2371 3774 2386 3812; x_wconf 92' lang='lat'><strong>:</strong></span> <span class='ocrx_word' id='word_1_592' title='bbox 2426 3774 2548 3814; x_wconf 92' lang='lat' dir='ltr'><strong>cum</strong></span> <span class='ocrx_word' id='word_1_593' title='bbox 2600 3759 2653 3813; x_wconf 88' lang='lat' dir='ltr'><strong>id</strong></span> <span class='ocrx_word' id='word_1_594' title='bbox 2708 3759 3019 3814; x_wconf 89' lang='lat' dir='ltr'><strong>econtrario</strong></span> <span class='ocrx_word' id='word_1_595' title='bbox 3077 3772 3132 3816; x_wconf 94' lang='lat' dir='ltr'><strong>et</strong></span> <span class='ocrx_word' id='word_1_596' title='bbox 3195 3762 3565 3819; x_wconf 83' lang='lat' dir='ltr'><strong>ratiottahilius</strong></span> 
     </span>
    </p>
   </div>
   <div class='ocr_carea' id='block_1_79' title="bbox 1992 3848 3565 3919">
    <p class='ocr_par' dir='ltr' id='par_1_79' title="bbox 1992 3848 3565 3919">
     <span class='ocr_line' id='line_1_79' title="bbox 1992 3848 3565 3919; baseline 0.004 -18"><span class='ocrx_word' id='word_1_597' title='bbox 1992 3861 2112 3902; x_wconf 85' lang='lat' dir='ltr'><strong>esse</strong></span> <span class='ocrx_word' id='word_1_598' title='bbox 2136 3857 2194 3902; x_wconf 89' lang='lat' dir='ltr'><strong>et</strong></span> <span class='ocrx_word' id='word_1_599' title='bbox 2238 3848 2421 3904; x_wconf 82' lang='lat' dir='ltr'><strong>verius</strong></span> <span class='ocrx_word' id='word_1_600' title='bbox 2466 3851 2811 3919; x_wconf 86' lang='lat' dir='ltr'><strong>perspicuum</strong></span> <span class='ocrx_word' id='word_1_601' title='bbox 2854 3852 2926 3906; x_wconf 89' lang='lat' dir='ltr'><strong>sit</strong></span> <span class='ocrx_word' id='word_1_602' title='bbox 2957 3870 2970 3907; x_wconf 90' lang='lat'><strong>:</strong></span> <span class='ocrx_word' id='word_1_603' title='bbox 2997 3867 3122 3906; x_wconf 89' lang='lat' dir='ltr'><strong>nam</strong></span> <span class='ocrx_word' id='word_1_604' title='bbox 3178 3853 3427 3908; x_wconf 83' lang='lat' dir='ltr'><strong>falsitatis</strong></span> <span class='ocrx_word' id='word_1_605' title='bbox 3477 3869 3565 3908; x_wconf 87' lang='lat' dir='ltr'><strong>er-</strong></span> 
     </span>
    </p>
   </div>
   <div class='ocr_carea' id='block_1_80' title="bbox 1994 3934 3566 4009">
    <p class='ocr_par' dir='ltr' id='par_1_80' title="bbox 1994 3934 3566 4009">
     <span class='ocr_line' id='line_1_80' title="bbox 1994 3934 3566 4009; baseline 0.007 -22"><span class='ocrx_word' id='word_1_606' title='bbox 1994 3934 2243 4003; x_wconf 88' lang='lat' dir='ltr'><strong>rorisque</strong></span> <span class='ocrx_word' id='word_1_607' title='bbox 2267 3945 2545 4005; x_wconf 88' lang='lat' dir='ltr'><strong>patronus,</strong></span> <span class='ocrx_word' id='word_1_608' title='bbox 2571 3938 2815 3993; x_wconf 74' lang='lat' dir='ltr'><strong>veritatis</strong></span> <span class='ocrx_word' id='word_1_609' title='bbox 2854 3950 3278 4009; x_wconf 79' lang='lat' dir='ltr'><strong>propugnatores</strong></span> <span class='ocrx_word' id='word_1_610' title='bbox 3316 3941 3566 3998; x_wconf 83' lang='lat' dir='ltr'><strong>falsitatis</strong></span> 
     </span>
    </p>
   </div>
   <div class='ocr_carea' id='block_1_81' title="bbox 1994 4028 3565 4104">
    <p class='ocr_par' dir='ltr' id='par_1_81' title="bbox 1994 4028 3565 4104">
     <span class='ocr_line' id='line_1_81' title="bbox 1994 4028 3565 4104; baseline 0.003 -21"><span class='ocrx_word' id='word_1_611' title='bbox 1994 4028 2202 4083; x_wconf 89' lang='lat' dir='ltr'><strong>macula</strong></span> <span class='ocrx_word' id='word_1_612' title='bbox 2230 4037 2458 4083; x_wconf 89' lang='lat' dir='ltr'><strong>conatur</strong></span> <span class='ocrx_word' id='word_1_613' title='bbox 2486 4044 2794 4100; x_wconf 81' lang='lat' dir='ltr'><strong>aspergere,</strong></span> <span class='ocrx_word' id='word_1_614' title='bbox 2817 4031 3017 4087; x_wconf 89' lang='lat' dir='ltr'><strong>oblitus</strong></span> <span class='ocrx_word' id='word_1_615' title='bbox 3046 4032 3275 4088; x_wconf 86' lang='lat' dir='ltr'><strong>fortasse</strong></span> <span class='ocrx_word' id='word_1_616' title='bbox 3290 4037 3565 4104; x_wconf 70' lang='lat' dir='ltr'><strong>prophetae</strong></span> 
     </span>
    </p>
   </div>
   <div class='ocr_carea' id='block_1_82' title="bbox 1993 4120 3565 4193">
    <p class='ocr_par' dir='ltr' id='par_1_82' title="bbox 1993 4120 3565 4193">
     <span class='ocr_line' id='line_1_82' title="bbox 1993 4120 3565 4193; baseline 0.003 -18"><span class='ocrx_word' id='word_1_617' title='bbox 1993 4122 2221 4176; x_wconf 83' lang='lat' dir='ltr'><strong>dicentis</strong></span> <span class='ocrx_word' id='word_1_618' title='bbox 2262 4140 2274 4175; x_wconf 94' lang='lat'>:</span> <span class='ocrx_word' id='word_1_619' title='bbox 2317 4141 2336 4174; x_wconf 77' lang='grc' dir='ltr'><strong>ι</strong></span> <span class='ocrx_word' id='word_1_620' title='bbox 2372 4120 2464 4176; x_wconf 66' lang='grc' dir='ltr'><strong>ναξ</strong></span> <span class='ocrx_word' id='word_1_621' title='bbox 2492 4123 2583 4193; x_wconf 84' lang='lat' dir='ltr'><strong>qui</strong></span> <span class='ocrx_word' id='word_1_622' title='bbox 2612 4124 3015 4177; x_wconf 90' lang='lat' dir='ltr'><strong>dicuntbonum</strong></span> <span class='ocrx_word' id='word_1_623' title='bbox 3041 4124 3239 4179; x_wconf 91' lang='lat' dir='ltr'><strong>malum</strong></span> <span class='ocrx_word' id='word_1_624' title='bbox 3283 4133 3337 4181; x_wconf 83' lang='lat' dir='ltr'><strong>et</strong></span> <span class='ocrx_word' id='word_1_625' title='bbox 3369 4127 3565 4180; x_wconf 83' lang='lat' dir='ltr'><strong>malum</strong></span> 
     </span>
    </p>
   </div>
   <div class='ocr_carea' id='block_1_83' title="bbox 1994 4214 3566 4283">
    <p class='ocr_par' dir='ltr' id='par_1_83' title="bbox 1994 4214 3566 4283">
     <span class='ocr_line' id='line_1_83' title="bbox 1994 4214 3566 4283; baseline 0.004 -15"><span class='ocrx_word' id='word_1_626' title='bbox 1994 4215 2216 4279; x_wconf 85' lang='lat' dir='ltr'><strong>bonum,</strong></span> <span class='ocrx_word' id='word_1_627' title='bbox 2251 4214 2340 4283; x_wconf 88' lang='lat' dir='ltr'><strong>qui</strong></span> <span class='ocrx_word' id='word_1_628' title='bbox 2374 4224 2580 4283; x_wconf 88' lang='lat' dir='ltr'><strong>ponunt</strong></span> <span class='ocrx_word' id='word_1_629' title='bbox 2620 4216 2868 4271; x_wconf 83' lang='lat' dir='ltr'><strong>tenebras</strong></span> <span class='ocrx_word' id='word_1_630' title='bbox 2908 4214 3083 4272; x_wconf 87' lang='lat' dir='ltr'><strong>lucem</strong></span> <span class='ocrx_word' id='word_1_631' title='bbox 3131 4227 3182 4271; x_wconf 87' lang='lat' dir='ltr'><strong>et</strong></span> <span class='ocrx_word' id='word_1_632' title='bbox 3213 4217 3381 4273; x_wconf 87' lang='lat' dir='ltr'><strong>lucent</strong></span> <span class='ocrx_word' id='word_1_633' title='bbox 3416 4229 3566 4274; x_wconf 82' lang='lat' dir='ltr'><strong>tene-</strong></span> 
     </span>
    </p>
   </div>
   <div class='ocr_carea' id='block_1_84' title="bbox 1993 4303 3567 4376">
    <p class='ocr_par' dir='ltr' id='par_1_84' title="bbox 1993 4303 3567 4376">
     <span class='ocr_line' id='line_1_84' title="bbox 1993 4303 3567 4376; baseline 0.001 -16"><span class='ocrx_word' id='word_1_634' title='bbox 1993 4307 2121 4360; x_wconf 86' lang='lat' dir='ltr'><strong>bras</strong></span> <span class='ocrx_word' id='word_1_635' title='bbox 2156 4304 2197 4336; x_wconf 78' lang='lat'><strong>&quot;</strong></span> <span class='ocrx_word' id='word_1_636' title='bbox 2225 4308 2237 4358; x_wconf 83' lang='grc' dir='ltr'><strong>ι</strong></span> <span class='ocrx_word' id='word_1_637' title='bbox 2267 4325 2284 4357; x_wconf 84' lang='lat' dir='ltr'><strong>t</strong></span> <span class='ocrx_word' id='word_1_638' title='bbox 2325 4303 2520 4359; x_wconf 84' lang='lat' dir='ltr'><strong>Verum</strong></span> <span class='ocrx_word' id='word_1_639' title='bbox 2544 4319 2611 4359; x_wconf 78' lang='lat' dir='ltr'><strong>ex</strong></span> <span class='ocrx_word' id='word_1_640' title='bbox 2656 4304 2820 4358; x_wconf 88' lang='lat' dir='ltr'><strong>allato</strong></span> <span class='ocrx_word' id='word_1_641' title='bbox 2875 4321 2904 4359; x_wconf 88' lang='lat' dir='ltr'><strong>a</strong></span> <span class='ocrx_word' id='word_1_642' title='bbox 2959 4320 3020 4361; x_wconf 90' lang='lat' dir='ltr'><strong>se</strong></span> <span class='ocrx_word' id='word_1_643' title='bbox 3058 4308 3301 4376; x_wconf 76' lang='lat' dir='ltr'><strong>exemplo</strong></span> <span class='ocrx_word' id='word_1_644' title='bbox 3355 4305 3567 4362; x_wconf 84' lang='lat' dir='ltr'><strong>nescire</strong></span> 
     </span>
    </p>
   </div>
   <div class='ocr_carea' id='block_1_85' title="bbox 1996 4395 3353 4467">
    <p class='ocr_par' dir='ltr' id='par_1_85' title="bbox 1996 4395 3353 4467">
     <span class='ocr_line' id='line_1_85' title="bbox 1996 4395 3353 4467; baseline 0 -15"><span class='ocrx_word' id='word_1_645' title='bbox 1996 4398 2143 4452; x_wconf 90' lang='lat' dir='ltr'><strong>illum</strong></span> <span class='ocrx_word' id='word_1_646' title='bbox 2186 4407 2372 4467; x_wconf 89' lang='lat' dir='ltr'><strong>aperte</strong></span> <span class='ocrx_word' id='word_1_647' title='bbox 2418 4395 2543 4464; x_wconf 87' lang='lat' dir='ltr'><strong>quid</strong></span> <span class='ocrx_word' id='word_1_648' title='bbox 2575 4396 2738 4459; x_wconf 86' lang='lat' dir='ltr'><strong>dicat,</strong></span> <span class='ocrx_word' id='word_1_649' title='bbox 2771 4410 3064 4465; x_wconf 85' lang='lat' dir='ltr'><strong>coarguere</strong></span> <span class='ocrx_word' id='word_1_650' title='bbox 3096 4401 3353 4452; x_wconf 85' lang='lat' dir='ltr'><strong>conabor.</strong></span> 
     </span>
    </p>
   </div>
   <div class='ocr_carea' id='block_1_86' title="bbox 316 4482 3566 4565">
    <p class='ocr_par' dir='ltr' id='par_1_86' title="bbox 316 4482 3566 4565">
     <span class='ocr_line' id='line_1_86' title="bbox 316 4482 3566 4565; baseline 0.002 -30"><span class='ocrx_word' id='word_1_651' title='bbox 316 4486 587 4555; x_wconf 76' lang='grc' dir='ltr'>πονηρόνο</span> <span class='ocrx_word' id='word_1_652' title='bbox 621 4487 669 4537; x_wconf 78' lang='grc' dir='ltr'>οἱ</span> <span class='ocrx_word' id='word_1_653' title='bbox 705 4486 944 4549; x_wconf 83' lang='grc' dir='ltr'>τιοέντες</span> <span class='ocrx_word' id='word_1_654' title='bbox 990 4488 1049 4539; x_wconf 74' lang='grc' dir='ltr'><strong>τὸ</strong></span> <span class='ocrx_word' id='word_1_655' title='bbox 1088 4489 1273 4551; x_wconf 82' lang='grc' dir='ltr'>σκότος</span> <span class='ocrx_word' id='word_1_656' title='bbox 1310 4490 1389 4553; x_wconf 83' lang='grc' dir='ltr'><strong>είς</strong></span> <span class='ocrx_word' id='word_1_657' title='bbox 1441 4490 1576 4558; x_wconf 80' lang='grc' dir='ltr'>φῶς,</span> <span class='ocrx_word' id='word_1_658' title='bbox 1610 4492 1703 4546; x_wconf 78' lang='grc' dir='ltr'>καὶ</span> <span class='ocrx_word' id='word_1_659' title='bbox 1742 4494 1801 4546; x_wconf 84' lang='grc' dir='ltr'><strong>τὸ</strong></span> <span class='ocrx_word' id='word_1_660' title='bbox 1844 4496 1959 4565; x_wconf 85' lang='grc' dir='ltr'>φῶς</span> <span class='ocrx_word' id='word_1_661' title='bbox 2012 4496 2091 4556; x_wconf 81' lang='grc' dir='ltr'>εἰς</span> <span class='ocrx_word' id='word_1_662' title='bbox 2139 4488 2347 4550; x_wconf 72' lang='grc' dir='ltr'>σκότος.</span> <span class='ocrx_word' id='word_1_663' title='bbox 2386 4506 2404 4537; x_wconf 75' lang='grc'><em>³</em></span> <span class='ocrx_word' id='word_1_664' title='bbox 2445 4482 2590 4554; x_wconf 71' lang='grc' dir='ltr'>Πλὴν</span> <span class='ocrx_word' id='word_1_665' title='bbox 2617 4485 2680 4537; x_wconf 76' lang='grc' dir='ltr'><strong>ἐκ</strong></span> <span class='ocrx_word' id='word_1_666' title='bbox 2713 4482 2805 4537; x_wconf 69' lang='grc' dir='ltr'>τοῦ</span> <span class='ocrx_word' id='word_1_667' title='bbox 2845 4485 3231 4557; x_wconf 82' lang='grc' dir='ltr'>παροισοέντος</span> <span class='ocrx_word' id='word_1_668' title='bbox 3268 4488 3416 4559; x_wconf 82' lang='grc' dir='ltr'>αὐτῷ</span> <span class='ocrx_word' id='word_1_669' title='bbox 3456 4505 3566 4541; x_wconf 89' lang='grc' dir='ltr'>πα-</span> 
     </span>
    </p>
   </div>
   <div class='ocr_carea' id='block_1_87' title="bbox 314 4579 2348 4660">
    <p class='ocr_par' dir='ltr' id='par_1_87' title="bbox 314 4579 2348 4660">
     <span class='ocr_line' id='line_1_87' title="bbox 314 4579 2348 4660; baseline 0.002 -29"><span class='ocrx_word' id='word_1_670' title='bbox 314 4579 677 4650; x_wconf 76' lang='grc' dir='ltr'>ραδείγματος</span> <span class='ocrx_word' id='word_1_671' title='bbox 729 4580 863 4651; x_wconf 83' lang='grc' dir='ltr'>μηδὲ</span> <span class='ocrx_word' id='word_1_672' title='bbox 916 4582 1093 4635; x_wconf 81' lang='grc' dir='ltr'>εἰδότα</span> <span class='ocrx_word' id='word_1_673' title='bbox 1149 4583 1355 4652; x_wconf 67' lang='grc' dir='ltr'>σαφῶς,</span> <span class='ocrx_word' id='word_1_674' title='bbox 1403 4585 1430 4637; x_wconf 85' lang='grc' dir='ltr'>ὃ</span> <span class='ocrx_word' id='word_1_675' title='bbox 1483 4586 1651 4655; x_wconf 85' lang='grc' dir='ltr'>λέγει,</span> <span class='ocrx_word' id='word_1_676' title='bbox 1701 4589 1966 4660; x_wconf 78' lang='grc' dir='ltr'>διελέγξαι</span> <span class='ocrx_word' id='word_1_677' title='bbox 1996 4586 2348 4659; x_wconf 81' lang='grc' dir='ltr'>πειράσομαι.</span> 
     </span>
    </p>
   </div>
   <div class='ocr_carea' id='block_1_88' title="bbox 383 4667 1897 4748">
    <p class='ocr_par' dir='ltr' id='par_1_88' title="bbox 383 4667 1893 4748">
     <span class='ocr_line' id='line_1_88' title="bbox 383 4667 1893 4748; baseline 0.008 -29"><span class='ocrx_word' id='word_1_678' title='bbox 383 4667 642 4720; x_wconf 79' lang='grc' dir='ltr'>Τίκτεται</span> <span class='ocrx_word' id='word_1_679' title='bbox 679 4669 777 4738; x_wconf 84' lang='grc' dir='ltr'><strong>μὲν</strong></span> <span class='ocrx_word' id='word_1_680' title='bbox 806 4668 915 4739; x_wconf 84' lang='grc' dir='ltr'>γὰρ</span> <span class='ocrx_word' id='word_1_681' title='bbox 956 4670 1065 4724; x_wconf 83' lang='grc' dir='ltr'><strong>ἀπὸ</strong></span> <span class='ocrx_word' id='word_1_682' title='bbox 1108 4673 1306 4743; x_wconf 81' lang='grc' dir='ltr'>σαρκὸς</span> <span class='ocrx_word' id='word_1_683' title='bbox 1351 4674 1383 4742; x_wconf 80' lang='grc' dir='ltr'>ὴ</span> <span class='ocrx_word' id='word_1_684' title='bbox 1430 4673 1566 4747; x_wconf 76' lang='grc' dir='ltr'>σὰρξ</span> <span class='ocrx_word' id='word_1_685' title='bbox 1610 4676 1893 4748; x_wconf 78' lang='grc' dir='ltr'>ὁμολογουο</span> 
     </span>
    </p>
   </div>
   <div class='ocr_carea' id='block_1_89' title="bbox 1998 4667 3565 4748">
    <p class='ocr_par' dir='ltr' id='par_1_89' title="bbox 2068 4673 3565 4744">
     <span class='ocr_line' id='line_1_89' title="bbox 2068 4673 3565 4744; baseline 0.003 -14"><span class='ocrx_word' id='word_1_686' title='bbox 2068 4676 2321 4744; x_wconf 84' lang='lat' dir='ltr'><strong>Gignitur</strong></span> <span class='ocrx_word' id='word_1_687' title='bbox 2346 4673 2488 4728; x_wconf 90' lang='lat' dir='ltr'><strong>enim</strong></span> <span class='ocrx_word' id='word_1_688' title='bbox 2527 4687 2556 4725; x_wconf 90' lang='lat' dir='ltr'><strong>a</strong></span> <span class='ocrx_word' id='word_1_689' title='bbox 2586 4688 2749 4727; x_wconf 89' lang='lat' dir='ltr'><strong>carne</strong></span> <span class='ocrx_word' id='word_1_690' title='bbox 2807 4688 2934 4728; x_wconf 91' lang='lat' dir='ltr'><strong>caro</strong></span> <span class='ocrx_word' id='word_1_691' title='bbox 2962 4675 3145 4744; x_wconf 87' lang='lat' dir='ltr'><strong>procul</strong></span> <span class='ocrx_word' id='word_1_692' title='bbox 3178 4676 3358 4743; x_wconf 86' lang='lat' dir='ltr'><strong>dubio,</strong></span> <span class='ocrx_word' id='word_1_693' title='bbox 3392 4687 3445 4733; x_wconf 91' lang='lat' dir='ltr'><strong>ct</strong></span> <span class='ocrx_word' id='word_1_694' title='bbox 3478 4681 3565 4736; x_wconf 86' lang='lat' dir='ltr'><strong>ille</strong></span> 
     </span>
    </p>
   </div>
   <div class='ocr_carea' id='block_1_90' title="bbox 314 4759 1881 4836">
    <p class='ocr_par' dir='ltr' id='par_1_90' title="bbox 314 4759 1881 4836">
     <span class='ocr_line' id='line_1_90' title="bbox 314 4759 1881 4836; baseline 0.008 -25"><span class='ocrx_word' id='word_1_695' title='bbox 314 4759 496 4829; x_wconf 83' lang='grc' dir='ltr'>μένως</span> <span class='ocrx_word' id='word_1_696' title='bbox 519 4775 531 4787; x_wconf 86' lang='grc'><em>’</em></span> <span class='ocrx_word' id='word_1_697' title='bbox 573 4762 601 4813; x_wconf 82' lang='grc' dir='ltr'>ὁ</span> <span class='ocrx_word' id='word_1_698' title='bbox 638 4760 693 4812; x_wconf 84' lang='grc' dir='ltr'><strong>δέ</strong></span> <span class='ocrx_word' id='word_1_699' title='bbox 738 4777 801 4827; x_wconf 85' lang='grc' dir='ltr'><strong>γε</strong></span> <span class='ocrx_word' id='word_1_700' title='bbox 832 4761 941 4813; x_wconf 87' lang='grc' dir='ltr'><strong>τῶν</strong></span> <span class='ocrx_word' id='word_1_701' title='bbox 975 4762 1110 4815; x_wconf 85' lang='grc' dir='ltr'>ὅλων</span> <span class='ocrx_word' id='word_1_702' title='bbox 1142 4766 1483 4836; x_wconf 80' lang='grc' dir='ltr'>Δημιουργὸς</span> <span class='ocrx_word' id='word_1_703' title='bbox 1528 4767 1651 4821; x_wconf 87' lang='grc' dir='ltr'>καθ’</span> <span class='ocrx_word' id='word_1_704' title='bbox 1678 4769 1735 4822; x_wconf 83' lang='grc' dir='ltr'>ὃν</span> <span class='ocrx_word' id='word_1_705' title='bbox 1774 4766 1881 4823; x_wconf 81' lang='grc' dir='ltr'>οἶδε</span> 
     </span>
    </p>
   </div>
   <div class='ocr_carea' id='block_1_91' title="bbox 307 4851 1890 4926">
    <p class='ocr_par' dir='ltr' id='par_1_91' title="bbox 307 4851 1890 4926">
     <span class='ocr_line' id='line_1_91' title="bbox 307 4851 1890 4926; baseline 0.009 -26"><span class='ocrx_word' id='word_1_706' title='bbox 307 4851 515 4920; x_wconf 80' lang='grc' dir='ltr'>τρόπον</span> <span class='ocrx_word' id='word_1_707' title='bbox 560 4867 616 4902; x_wconf 86' lang='grc' dir='ltr'><strong>τε</strong></span> <span class='ocrx_word' id='word_1_708' title='bbox 672 4851 767 4903; x_wconf 76' lang='grc' dir='ltr'><strong>καὶ</strong></span> <span class='ocrx_word' id='word_1_709' title='bbox 811 4851 987 4919; x_wconf 89' lang='grc' dir='ltr'>λόγον,</span> <span class='ocrx_word' id='word_1_710' title='bbox 1038 4856 1270 4907; x_wconf 84' lang='grc' dir='ltr'>ποιεῖται</span> <span class='ocrx_word' id='word_1_711' title='bbox 1300 4854 1396 4925; x_wconf 79' lang='grc' dir='ltr'><strong>τὴν</strong></span> <span class='ocrx_word' id='word_1_712' title='bbox 1441 4854 1721 4926; x_wconf 73' lang='grc' dir='ltr'>ψύχωσινο</span> <span class='ocrx_word' id='word_1_713' title='bbox 1775 4860 1890 4914; x_wconf 82' lang='grc' dir='ltr'>ἀλλ’</span> 
     </span>
    </p>
   </div>
   <div class='ocr_carea' id='block_1_92' title="bbox 309 4939 1892 5021">
    <p class='ocr_par' dir='ltr' id='par_1_92' title="bbox 309 4939 1892 5021">
     <span class='ocr_line' id='line_1_92' title="bbox 309 4939 1892 5021; baseline 0.008 -30"><span class='ocrx_word' id='word_1_714' title='bbox 309 4942 344 5009; x_wconf 79' lang='grc' dir='ltr'>ἡ</span> <span class='ocrx_word' id='word_1_715' title='bbox 373 4939 611 4992; x_wconf 78' lang='grc' dir='ltr'>τεκοῦσα</span> <span class='ocrx_word' id='word_1_716' title='bbox 641 4940 800 5011; x_wconf 85' lang='grc' dir='ltr'>γυνὴ,</span> <span class='ocrx_word' id='word_1_717' title='bbox 849 4942 1027 4995; x_wconf 88' lang='grc' dir='ltr'>καίτοι</span> <span class='ocrx_word' id='word_1_718' title='bbox 1063 4943 1231 5013; x_wconf 87' lang='grc' dir='ltr'>μόνης</span> <span class='ocrx_word' id='word_1_719' title='bbox 1264 4940 1396 4998; x_wconf 84' lang='grc' dir='ltr'>οὖσα</span> <span class='ocrx_word' id='word_1_720' title='bbox 1426 4947 1578 5017; x_wconf 85' lang='grc' dir='ltr'>πηγὴ</span> <span class='ocrx_word' id='word_1_721' title='bbox 1622 4951 1723 5019; x_wconf 83' lang='grc' dir='ltr'>τῆς</span> <span class='ocrx_word' id='word_1_722' title='bbox 1768 4967 1892 5021; x_wconf 87' lang='grc' dir='ltr'>σαρ-</span> 
     </span>
    </p>
   </div>
   <div class='ocr_carea' id='block_1_93' title="bbox 308 5030 1891 5104">
    <p class='ocr_par' dir='ltr' id='par_1_93' title="bbox 308 5030 1891 5104">
     <span class='ocr_line' id='line_1_93' title="bbox 308 5030 1891 5104; baseline 0.009 -24"><span class='ocrx_word' id='word_1_723' title='bbox 308 5031 426 5095; x_wconf 76' lang='grc' dir='ltr'>κὸς,</span> <span class='ocrx_word' id='word_1_724' title='bbox 480 5030 768 5101; x_wconf 77' lang='grc' dir='ltr'>ἄνθρωπον</span> <span class='ocrx_word' id='word_1_725' title='bbox 819 5032 939 5085; x_wconf 82' lang='grc' dir='ltr'>ὅλον</span> <span class='ocrx_word' id='word_1_726' title='bbox 983 5034 1271 5088; x_wconf 86' lang='grc' dir='ltr'>ἀποτεκεῖν</span> <span class='ocrx_word' id='word_1_727' title='bbox 1307 5038 1642 5104; x_wconf 84' lang='grc' dir='ltr'>πιστεύεται,</span> <span class='ocrx_word' id='word_1_728' title='bbox 1692 5040 1782 5093; x_wconf 83' lang='grc' dir='ltr'><strong>τὸν</strong></span> <span class='ocrx_word' id='word_1_729' title='bbox 1826 5041 1891 5094; x_wconf 82' lang='grc' dir='ltr'><strong>ἐκ</strong></span> 
     </span>
    </p>
   </div>
   <div class='ocr_carea' id='block_1_94' title="bbox 305 5118 1890 5200">
    <p class='ocr_par' dir='ltr' id='par_1_94' title="bbox 305 5118 1890 5200">
     <span class='ocr_line' id='line_1_94' title="bbox 305 5118 1890 5200; baseline 0.02 -39"><span class='ocrx_word' id='word_1_730' title='bbox 305 5118 489 5189; x_wconf 71' lang='grc' dir='ltr'>ψυχῆς</span> <span class='ocrx_word' id='word_1_731' title='bbox 520 5120 586 5189; x_wconf 79' lang='grc' dir='ltr'>δὴ</span> <span class='ocrx_word' id='word_1_732' title='bbox 633 5120 776 5188; x_wconf 88' lang='grc' dir='ltr'>λέγω</span> <span class='ocrx_word' id='word_1_733' title='bbox 823 5123 915 5175; x_wconf 79' lang='grc' dir='ltr'><strong>καὶ</strong></span> <span class='ocrx_word' id='word_1_734' title='bbox 965 5121 1236 5193; x_wconf 84' lang='grc' dir='ltr'>σώματος,</span> <span class='ocrx_word' id='word_1_735' title='bbox 1290 5125 1466 5179; x_wconf 85' lang='grc' dir='ltr'>καίτοι</span> <span class='ocrx_word' id='word_1_736' title='bbox 1495 5125 1629 5198; x_wconf 81' lang='grc' dir='ltr'>πρὸς</span> <span class='ocrx_word' id='word_1_737' title='bbox 1657 5127 1754 5198; x_wconf 84' lang='grc' dir='ltr'>τὴν</span> <span class='ocrx_word' id='word_1_738' title='bbox 1790 5129 1890 5200; x_wconf 83' lang='grc' dir='ltr'>τῆς</span> 
     </span>
    </p>
   </div>
   <div class='ocr_carea' id='block_1_95' title="bbox 307 5210 1889 5289">
    <p class='ocr_par' dir='ltr' id='par_1_95' title="bbox 307 5210 1889 5289">
     <span class='ocr_line' id='line_1_95' title="bbox 307 5210 1889 5289; baseline 0.008 -29"><span class='ocrx_word' id='word_1_739' title='bbox 307 5210 492 5280; x_wconf 73' lang='grc' dir='ltr'>ψυχῆς</span> <span class='ocrx_word' id='word_1_740' title='bbox 548 5210 783 5283; x_wconf 79' lang='grc' dir='ltr'>ὓπαρξιν</span> <span class='ocrx_word' id='word_1_741' title='bbox 826 5213 937 5267; x_wconf 89' lang='grc' dir='ltr'><strong>τῶν</strong></span> <span class='ocrx_word' id='word_1_742' title='bbox 983 5217 1115 5286; x_wconf 87' lang='grc' dir='ltr'>παρ’</span> <span class='ocrx_word' id='word_1_743' title='bbox 1163 5218 1359 5289; x_wconf 77' lang='grc' dir='ltr'>ἑαυτῆς</span> <span class='ocrx_word' id='word_1_744' title='bbox 1407 5218 1889 5288; x_wconf 70' lang='grc' dir='ltr'>συνεισενεγκοῦσαι</span> 
     </span>
    </p>
   </div>
   <div class='ocr_carea' id='block_1_96' title="bbox 311 5302 1889 5380">
    <p class='ocr_par' dir='ltr' id='par_1_96' title="bbox 311 5302 1889 5380">
     <span class='ocr_line' id='line_1_96' title="bbox 311 5302 1889 5380; baseline 0.006 -26"><span class='ocrx_word' id='word_1_745' title='bbox 311 5302 484 5372; x_wconf 77' lang='grc' dir='ltr'>μηδὲν</span> <span class='ocrx_word' id='word_1_746' title='bbox 513 5320 526 5333; x_wconf 91' lang='grc'><strong>·</strong></span> <span class='ocrx_word' id='word_1_747' title='bbox 558 5304 586 5355; x_wconf 88' lang='grc' dir='ltr'>ὁ</span> <span class='ocrx_word' id='word_1_748' title='bbox 626 5302 683 5354; x_wconf 87' lang='grc' dir='ltr'><strong>δέ</strong></span> <span class='ocrx_word' id='word_1_749' title='bbox 720 5321 783 5371; x_wconf 90' lang='grc' dir='ltr'><strong>γε</strong></span> <span class='ocrx_word' id='word_1_750' title='bbox 831 5304 1116 5375; x_wconf 79' lang='grc' dir='ltr'>ἄνθρωπον</span> <span class='ocrx_word' id='word_1_751' title='bbox 1162 5306 1353 5374; x_wconf 75' lang='grc' dir='ltr'>εἰπὼν,</span> <span class='ocrx_word' id='word_1_752' title='bbox 1404 5310 1740 5380; x_wconf 88' lang='grc' dir='ltr'>συνεσήμηνέ</span> <span class='ocrx_word' id='word_1_753' title='bbox 1787 5328 1889 5363; x_wconf 89' lang='grc' dir='ltr'><strong>που</strong></span> 
     </span>
    </p>
   </div>
   <div class='ocr_carea' id='block_1_97' title="bbox 306 5393 1890 5471">
    <p class='ocr_par' dir='ltr' id='par_1_97' title="bbox 306 5393 1890 5471">
     <span class='ocr_line' id='line_1_97' title="bbox 306 5393 1890 5471; baseline 0.005 -25"><span class='ocrx_word' id='word_1_754' title='bbox 306 5393 530 5455; x_wconf 75' lang='grc' dir='ltr'>πάντως</span> <span class='ocrx_word' id='word_1_755' title='bbox 562 5393 640 5462; x_wconf 81' lang='grc' dir='ltr'>τῷ</span> <span class='ocrx_word' id='word_1_756' title='bbox 671 5393 883 5465; x_wconf 86' lang='grc' dir='ltr'>σώματι</span> <span class='ocrx_word' id='word_1_757' title='bbox 911 5396 1010 5465; x_wconf 78' lang='grc' dir='ltr'>τὴν</span> <span class='ocrx_word' id='word_1_758' title='bbox 1038 5397 1327 5453; x_wconf 83' lang='grc' dir='ltr'>ἐνωθείσαν</span> <span class='ocrx_word' id='word_1_759' title='bbox 1356 5399 1507 5470; x_wconf 79' lang='grc' dir='ltr'>αὐτῷ</span> <span class='ocrx_word' id='word_1_760' title='bbox 1534 5400 1732 5471; x_wconf 74' lang='grc' dir='ltr'>ψυχήν.</span> <span class='ocrx_word' id='word_1_761' title='bbox 1768 5401 1890 5453; x_wconf 79' lang='grc' dir='ltr'><strong>’Ὡσ-</strong></span> 
     </span>
    </p>
   </div>
   <div class='ocr_carea' id='block_1_98' title="bbox 303 5476 1889 5559">
    <p class='ocr_par' dir='ltr' id='par_1_98' title="bbox 303 5476 1889 5559">
     <span class='ocr_line' id='line_1_98' title="bbox 303 5476 1889 5559; baseline 0.006 -27"><span class='ocrx_word' id='word_1_762' title='bbox 303 5497 415 5552; x_wconf 84' lang='grc' dir='ltr'><strong>περ</strong></span> <span class='ocrx_word' id='word_1_763' title='bbox 440 5476 535 5534; x_wconf 83' lang='grc' dir='ltr'><strong>οὖν</strong></span> <span class='ocrx_word' id='word_1_764' title='bbox 563 5484 596 5553; x_wconf 81' lang='grc' dir='ltr'>ἠ</span> <span class='ocrx_word' id='word_1_765' title='bbox 641 5483 798 5554; x_wconf 81' lang='grc' dir='ltr'>γυνὴ,</span> <span class='ocrx_word' id='word_1_766' title='bbox 838 5484 1012 5537; x_wconf 87' lang='grc' dir='ltr'>καίτοι</span> <span class='ocrx_word' id='word_1_767' title='bbox 1048 5484 1285 5541; x_wconf 81' lang='grc' dir='ltr'>τεκοῦσα</span> <span class='ocrx_word' id='word_1_768' title='bbox 1310 5488 1371 5541; x_wconf 80' lang='grc' dir='ltr'>τὸ</span> <span class='ocrx_word' id='word_1_769' title='bbox 1404 5488 1560 5559; x_wconf 86' lang='grc' dir='ltr'>σῶμα</span> <span class='ocrx_word' id='word_1_770' title='bbox 1589 5488 1770 5559; x_wconf 89' lang='grc' dir='ltr'>μόνον,</span> <span class='ocrx_word' id='word_1_771' title='bbox 1798 5489 1889 5542; x_wconf 76' lang='grc' dir='ltr'><strong>τὸν</strong></span> 
     </span>
    </p>
   </div>
   <div class='ocr_carea' id='block_1_99' title="bbox 302 5571 1887 5651">
    <p class='ocr_par' dir='ltr' id='par_1_99' title="bbox 302 5571 1887 5651">
     <span class='ocr_line' id='line_1_99' title="bbox 302 5571 1887 5651; baseline 0.006 -29"><span class='ocrx_word' id='word_1_772' title='bbox 302 5572 370 5623; x_wconf 80' lang='grc' dir='ltr'><strong>ἐκ</strong></span> <span class='ocrx_word' id='word_1_773' title='bbox 400 5571 580 5641; x_wconf 75' lang='grc' dir='ltr'>ψυχῆς</span> <span class='ocrx_word' id='word_1_774' title='bbox 616 5573 710 5625; x_wconf 78' lang='grc' dir='ltr'><strong>καὶ</strong></span> <span class='ocrx_word' id='word_1_775' title='bbox 756 5573 1009 5645; x_wconf 85' lang='grc' dir='ltr'>σώματος</span> <span class='ocrx_word' id='word_1_776' title='bbox 1043 5576 1373 5651; x_wconf 40' lang='grc' dir='ltr'>ὰποτίκτειν-</span> <span class='ocrx_word' id='word_1_777' title='bbox 1403 5578 1655 5649; x_wconf 81' lang='grc' dir='ltr'>λέγεται’</span> <span class='ocrx_word' id='word_1_778' title='bbox 1707 5577 1887 5632; x_wconf 84' lang='grc' dir='ltr'>διαλυ-</span> 
     </span>
    </p>
   </div>
   <div class='ocr_carea' id='block_1_100' title="bbox 374 5750 773 5818">
    <p class='ocr_par' dir='ltr' id='par_1_100' title="bbox 374 5750 773 5818">
     <span class='ocr_line' id='line_1_100' title="bbox 374 5750 773 5818; baseline -0.003 -13"><span class='ocrx_word' id='word_1_779' title='bbox 374 5752 417 5782; x_wconf 80' lang='grc'><strong>⁸¹</strong></span> <span class='ocrx_word' id='word_1_780' title='bbox 458 5750 563 5805; x_wconf 84' lang='lat' dir='ltr'><strong>lsa.</strong></span> <span class='ocrx_word' id='word_1_781' title='bbox 601 5765 655 5818; x_wconf 79' lang='grc' dir='ltr'>γ,</span> <span class='ocrx_word' id='word_1_782' title='bbox 686 5750 773 5805; x_wconf 76' lang='lat'><strong>‘20.</strong></span> 
     </span>
    </p>
   </div>
   <div class='ocr_carea' id='block_1_101' title="bbox 1997 4762 3563 4841">
    <p class='ocr_par' dir='ltr' id='par_1_101' title="bbox 1997 4762 3563 4841">
     <span class='ocr_line' id='line_1_101' title="bbox 1997 4762 3563 4841; baseline 0.002 -18"><span class='ocrx_word' id='word_1_783' title='bbox 1997 4781 2177 4823; x_wconf 89' lang='lat' dir='ltr'><strong>rerum</strong></span> <span class='ocrx_word' id='word_1_784' title='bbox 2209 4764 2448 4820; x_wconf 88' lang='lat' dir='ltr'><strong>omnium</strong></span> <span class='ocrx_word' id='word_1_785' title='bbox 2480 4762 2671 4831; x_wconf 78' lang='lat' dir='ltr'><strong>Opifex</strong></span> <span class='ocrx_word' id='word_1_786' title='bbox 2720 4764 2878 4818; x_wconf 88' lang='lat' dir='ltr'><strong>tttodo</strong></span> <span class='ocrx_word' id='word_1_787' title='bbox 2906 4774 2960 4819; x_wconf 89' lang='lat' dir='ltr'><strong>et</strong></span> <span class='ocrx_word' id='word_1_788' title='bbox 3003 4765 3209 4820; x_wconf 83' lang='lat' dir='ltr'><strong>ratione</strong></span> <span class='ocrx_word' id='word_1_789' title='bbox 3244 4783 3401 4836; x_wconf 86' lang='lat' dir='ltr'><strong>quam</strong></span> <span class='ocrx_word' id='word_1_790' title='bbox 3448 4770 3563 4841; x_wconf 89' lang='lat' dir='ltr'><strong>ipse</strong></span> 
     </span>
    </p>
   </div>
   <div class='ocr_carea' id='block_1_102' title="bbox 1994 4852 3565 4923">
    <p class='ocr_par' dir='ltr' id='par_1_102' title="bbox 1994 4852 3565 4923">
     <span class='ocr_line' id='line_1_102' title="bbox 1994 4852 3565 4923; baseline 0.001 -10"><span class='ocrx_word' id='word_1_791' title='bbox 1994 4859 2163 4923; x_wconf 82' lang='lat' dir='ltr'><strong>novit,</strong></span> <span class='ocrx_word' id='word_1_792' title='bbox 2198 4864 2257 4910; x_wconf 87' lang='lat' dir='ltr'><strong>ut</strong></span> <span class='ocrx_word' id='word_1_793' title='bbox 2292 4855 2528 4909; x_wconf 87' lang='lat' dir='ltr'><strong>animata</strong></span> <span class='ocrx_word' id='word_1_794' title='bbox 2594 4854 2665 4909; x_wconf 87' lang='lat' dir='ltr'><strong>sit</strong></span> <span class='ocrx_word' id='word_1_795' title='bbox 2719 4852 2879 4908; x_wconf 78' lang='lat' dir='ltr'><strong>eﬂicit</strong></span> <span class='ocrx_word' id='word_1_796' title='bbox 2926 4870 2939 4907; x_wconf 90' lang='lat'>:</span> <span class='ocrx_word' id='word_1_797' title='bbox 2982 4856 3077 4909; x_wconf 86' lang='lat' dir='ltr'><strong>sed</strong></span> <span class='ocrx_word' id='word_1_798' title='bbox 3136 4866 3312 4911; x_wconf 88' lang='lat' dir='ltr'><strong>tamen</strong></span> <span class='ocrx_word' id='word_1_799' title='bbox 3372 4861 3565 4916; x_wconf 88' lang='lat' dir='ltr'><strong>mulier</strong></span> 
     </span>
    </p>
   </div>
   <div class='ocr_carea' id='block_1_103' title="bbox 1992 4945 3561 5021">
    <p class='ocr_par' dir='ltr' id='par_1_103' title="bbox 1992 4945 3561 5021">
     <span class='ocr_line' id='line_1_103' title="bbox 1992 4945 3561 5021; baseline 0.003 -18"><span class='ocrx_word' id='word_1_800' title='bbox 1992 4964 2112 5018; x_wconf 73' lang='lat' dir='ltr'><strong>qua:</strong></span> <span class='ocrx_word' id='word_1_801' title='bbox 2166 4946 2396 5018; x_wconf 85' lang='lat' dir='ltr'><strong>peperit,</strong></span> <span class='ocrx_word' id='word_1_802' title='bbox 2447 4945 2555 4998; x_wconf 89' lang='lat' dir='ltr'><strong>etsi</strong></span> <span class='ocrx_word' id='word_1_803' title='bbox 2607 4945 2786 4999; x_wconf 66' lang='lat' dir='ltr'><strong>eat-uis</strong></span> <span class='ocrx_word' id='word_1_804' title='bbox 2843 4946 3214 5001; x_wconf 88' lang='lat' dir='ltr'><strong>tantummodo</strong></span> <span class='ocrx_word' id='word_1_805' title='bbox 3260 4949 3331 5002; x_wconf 89' lang='lat' dir='ltr'><strong>sit</strong></span> <span class='ocrx_word' id='word_1_806' title='bbox 3389 4951 3561 5021; x_wconf 81' lang='lat' dir='ltr'><strong>origo,</strong></span> 
     </span>
    </p>
   </div>
   <div class='ocr_carea' id='block_1_104' title="bbox 1995 5037 3563 5103">
    <p class='ocr_par' dir='ltr' id='par_1_104' title="bbox 1995 5037 3563 5103">
     <span class='ocr_line' id='line_1_104' title="bbox 1995 5037 3563 5103; baseline 0.003 -11"><span class='ocrx_word' id='word_1_807' title='bbox 1995 5048 2163 5093; x_wconf 94' lang='lat' dir='ltr'><strong>totum</strong></span> <span class='ocrx_word' id='word_1_808' title='bbox 2196 5038 2471 5092; x_wconf 89' lang='lat' dir='ltr'><strong>hominem</strong></span> <span class='ocrx_word' id='word_1_809' title='bbox 2501 5046 2677 5090; x_wconf 89' lang='lat' dir='ltr'><strong>tamen</strong></span> <span class='ocrx_word' id='word_1_810' title='bbox 2720 5037 2878 5090; x_wconf 79' lang='lat' dir='ltr'><strong>enixa</strong></span> <span class='ocrx_word' id='word_1_811' title='bbox 2936 5037 3202 5103; x_wconf 87' lang='lat' dir='ltr'><strong>creditur,</strong></span> <span class='ocrx_word' id='word_1_812' title='bbox 3262 5056 3326 5094; x_wconf 81' lang='lat' dir='ltr'><strong>ex</strong></span> <span class='ocrx_word' id='word_1_813' title='bbox 3381 5043 3563 5097; x_wconf 86' lang='lat' dir='ltr'><strong>anima</strong></span> 
     </span>
    </p>
   </div>
   <div class='ocr_carea' id='block_1_105' title="bbox 1991 5128 3563 5199">
    <p class='ocr_par' dir='ltr' id='par_1_105' title="bbox 1991 5128 3563 5199">
     <span class='ocr_line' id='line_1_105' title="bbox 1991 5128 3563 5199; baseline 0.004 -17"><span class='ocrx_word' id='word_1_814' title='bbox 1991 5128 2209 5199; x_wconf 88' lang='lat' dir='ltr'><strong>inquam</strong></span> <span class='ocrx_word' id='word_1_815' title='bbox 2234 5140 2288 5182; x_wconf 89' lang='lat' dir='ltr'><strong>et</strong></span> <span class='ocrx_word' id='word_1_816' title='bbox 2311 5142 2555 5197; x_wconf 88' lang='lat' dir='ltr'><strong>corpore,</strong></span> <span class='ocrx_word' id='word_1_817' title='bbox 2582 5128 2828 5197; x_wconf 83' lang='lat' dir='ltr'><strong>quamvis</strong></span> <span class='ocrx_word' id='word_1_818' title='bbox 2855 5130 2920 5183; x_wconf 90' lang='lat' dir='ltr'><strong>ad</strong></span> <span class='ocrx_word' id='word_1_819' title='bbox 2967 5130 3338 5186; x_wconf 77' lang='lat' dir='ltr'><strong>exsistentiam</strong></span> <span class='ocrx_word' id='word_1_820' title='bbox 3371 5135 3563 5189; x_wconf 71' lang='lat' dir='ltr'><strong>animm</strong></span> 
     </span>
    </p>
   </div>
   <div class='ocr_carea' id='block_1_106' title="bbox 1990 5219 3561 5294">
    <p class='ocr_par' dir='ltr' id='par_1_106' title="bbox 1990 5219 3561 5294">
     <span class='ocr_line' id='line_1_106' title="bbox 1990 5219 3561 5294; baseline 0.003 -19"><span class='ocrx_word' id='word_1_821' title='bbox 1990 5221 2128 5276; x_wconf 91' lang='lat' dir='ltr'><strong>nihil</strong></span> <span class='ocrx_word' id='word_1_822' title='bbox 2154 5235 2185 5274; x_wconf 89' lang='lat' dir='ltr'><strong>a</strong></span> <span class='ocrx_word' id='word_1_823' title='bbox 2220 5235 2279 5276; x_wconf 88' lang='lat' dir='ltr'><strong>se</strong></span> <span class='ocrx_word' id='word_1_824' title='bbox 2308 5219 2423 5289; x_wconf 86' lang='lat' dir='ltr'><strong>ipsa</strong></span> <span class='ocrx_word' id='word_1_825' title='bbox 2450 5219 2776 5275; x_wconf 89' lang='lat' dir='ltr'><strong>contulerit:</strong></span> <span class='ocrx_word' id='word_1_826' title='bbox 2816 5223 2909 5276; x_wconf 91' lang='lat' dir='ltr'><strong>sed</strong></span> <span class='ocrx_word' id='word_1_827' title='bbox 2963 5231 3141 5277; x_wconf 88' lang='lat' dir='ltr'><strong>tamen</strong></span> <span class='ocrx_word' id='word_1_828' title='bbox 3166 5222 3258 5294; x_wconf 90' lang='lat' dir='ltr'><strong>qui</strong></span> <span class='ocrx_word' id='word_1_829' title='bbox 3290 5224 3561 5280; x_wconf 88' lang='lat' dir='ltr'><strong>hominem</strong></span> 
     </span>
    </p>
   </div>
   <div class='ocr_carea' id='block_1_107' title="bbox 1988 5312 3560 5388">
    <p class='ocr_par' dir='ltr' id='par_1_107' title="bbox 1988 5312 3560 5388">
     <span class='ocr_line' id='line_1_107' title="bbox 1988 5312 3560 5388; baseline 0.003 -22"><span class='ocrx_word' id='word_1_830' title='bbox 1988 5312 2150 5378; x_wconf 76' lang='lat' dir='ltr'><strong>dixit,</strong></span> <span class='ocrx_word' id='word_1_831' title='bbox 2181 5312 2416 5367; x_wconf 82' lang='lat' dir='ltr'><strong>animam</strong></span> <span class='ocrx_word' id='word_1_832' title='bbox 2448 5327 2662 5381; x_wconf 88' lang='lat' dir='ltr'><strong>quoque</strong></span> <span class='ocrx_word' id='word_1_833' title='bbox 2692 5314 2907 5383; x_wconf 88' lang='lat' dir='ltr'><strong>corpori</strong></span> <span class='ocrx_word' id='word_1_834' title='bbox 2959 5314 3167 5369; x_wconf 91' lang='lat' dir='ltr'><strong>unitant</strong></span> <span class='ocrx_word' id='word_1_835' title='bbox 3205 5315 3364 5371; x_wconf 90' lang='lat' dir='ltr'><strong>simul</strong></span> <span class='ocrx_word' id='word_1_836' title='bbox 3395 5318 3560 5388; x_wconf 66' lang='lat' dir='ltr'><strong>signi-</strong></span> 
     </span>
    </p>
   </div>
   <div class='ocr_carea' id='block_1_108' title="bbox 1990 5400 3555 5475">
    <p class='ocr_par' dir='ltr' id='par_1_108' title="bbox 1990 5400 3555 5475">
     <span class='ocr_line' id='line_1_108' title="bbox 1990 5400 3555 5475; baseline 0.003 -20"><span class='ocrx_word' id='word_1_837' title='bbox 1990 5400 2189 5456; x_wconf 82' lang='lat' dir='ltr'><strong>ﬁcavit.</strong></span> <span class='ocrx_word' id='word_1_838' title='bbox 2229 5402 2298 5457; x_wconf 88' lang='lat' dir='ltr'><strong>Ut</strong></span> <span class='ocrx_word' id='word_1_839' title='bbox 2327 5416 2458 5472; x_wconf 90' lang='lat' dir='ltr'><strong>ergo</strong></span> <span class='ocrx_word' id='word_1_840' title='bbox 2481 5401 2675 5456; x_wconf 89' lang='lat' dir='ltr'><strong>mulier</strong></span> <span class='ocrx_word' id='word_1_841' title='bbox 2696 5403 2941 5472; x_wconf 87' lang='lat' dir='ltr'><strong>quamvis</strong></span> <span class='ocrx_word' id='word_1_842' title='bbox 2961 5404 3135 5460; x_wconf 91' lang='lat' dir='ltr'><strong>solum</strong></span> <span class='ocrx_word' id='word_1_843' title='bbox 3164 5420 3358 5475; x_wconf 85' lang='lat' dir='ltr'><strong>corpus</strong></span> <span class='ocrx_word' id='word_1_844' title='bbox 3375 5407 3555 5470; x_wconf 70' lang='lat' dir='ltr'><strong>enixa,</strong></span> 
     </span>
    </p>
   </div>
   <div class='ocr_carea' id='block_1_109' title="bbox 1989 5494 3555 5567">
    <p class='ocr_par' dir='ltr' id='par_1_109' title="bbox 1989 5494 3555 5567">
     <span class='ocr_line' id='line_1_109' title="bbox 1989 5494 3555 5567; baseline -0.001 -19"><span class='ocrx_word' id='word_1_845' title='bbox 1989 5507 2051 5548; x_wconf 87' lang='lat' dir='ltr'><strong>ea</strong></span> <span class='ocrx_word' id='word_1_846' title='bbox 2084 5507 2311 5563; x_wconf 86' lang='lat' dir='ltr'><strong>corpore</strong></span> <span class='ocrx_word' id='word_1_847' title='bbox 2334 5502 2390 5548; x_wconf 93' lang='lat' dir='ltr'><strong>et</strong></span> <span class='ocrx_word' id='word_1_848' title='bbox 2416 5494 2596 5548; x_wconf 89' lang='lat' dir='ltr'><strong>anima</strong></span> <span class='ocrx_word' id='word_1_849' title='bbox 2645 5504 2983 5549; x_wconf 86' lang='lat' dir='ltr'><strong>constantem</strong></span> <span class='ocrx_word' id='word_1_850' title='bbox 3020 5497 3292 5567; x_wconf 88' lang='lat' dir='ltr'><strong>peperisse</strong></span> <span class='ocrx_word' id='word_1_851' title='bbox 3332 5496 3555 5559; x_wconf 79' lang='lat' dir='ltr'><strong>dicitur,</strong></span> 
     </span>
    </p>
   </div>
   <div class='ocr_carea' id='block_1_110' title="bbox 1990 5584 3553 5660">
    <p class='ocr_par' dir='ltr' id='par_1_110' title="bbox 1990 5584 3553 5660">
     <span class='ocr_line' id='line_1_110' title="bbox 1990 5584 3553 5660; baseline 0.004 -25"><span class='ocrx_word' id='word_1_852' title='bbox 1990 5595 2167 5652; x_wconf 84' lang='lat' dir='ltr'><strong>neque</strong></span> <span class='ocrx_word' id='word_1_853' title='bbox 2191 5594 2366 5640; x_wconf 88' lang='lat' dir='ltr'><strong>tamen</strong></span> <span class='ocrx_word' id='word_1_854' title='bbox 2398 5584 2451 5640; x_wconf 88' lang='lat' dir='ltr'><strong>id</strong></span> <span class='ocrx_word' id='word_1_855' title='bbox 2479 5585 2672 5640; x_wconf 67' lang='lat' dir='ltr'><strong>animm</strong></span> <span class='ocrx_word' id='word_1_856' title='bbox 2706 5586 3005 5643; x_wconf 85' lang='lat' dir='ltr'><strong>rationibus</strong></span> <span class='ocrx_word' id='word_1_857' title='bbox 3049 5588 3341 5660; x_wconf 84' lang='lat' dir='ltr'><strong>quidquam</strong></span> <span class='ocrx_word' id='word_1_858' title='bbox 3366 5586 3553 5653; x_wconf 85' lang='lat' dir='ltr'><strong>ollicit,</strong></span> 
     </span>
    </p>
   </div>
  </div>
