4166 6512
269 407 334 461 ει
1399 408 1771 465 ADVERSUS
1809 407 2209 465 NESTORIUM
2254 409 2379 464 LIB.
2423 410 2462 464 Ι.
3463 417 3534 472 ﬂ

267 527 458 598 ἕτερον
497 525 675 592 οὐδὲν,
714 524 775 579 τδ
819 523 1057 599 ψυχραῖς
1092 524 1257 593 οὕτω,
1291 530 1385 583 καὶ
1436 530 1843 605 μειρακιὼδεσιι

1958 530 2131 597 nihil,
2171 532 2458 586 sententiis
2514 532 2649 587 adeo
2702 530 2912 600 frigidis
2954 531 3362 603 puerilibusque
3411 544 3535 589 tan-

266 619 501 681 ἐννοίαις
523 658 540 682 ,

267 709 611 779 ἡμερότητος
658 710 1029 780 κατατεθήποι
1072 728 1155 776 τις
1206 712 1273 766 ἀν
1323 714 1523 767 αὐτόν·
1574 714 1669 767 καὶ
1719 731 1852 796 σια-

269 793 495 865 γνὼμης
538 794 667 867 γάρ,
714 794 809 849 καὶ
849 796 1260 869 φιλανθρωπίας
1303 801 1582 865 ἀξιοῦσθαι
1609 802 1719 856 δεῖν
1746 793 1851 875 ἔφη

272 886 399 948 τοὺς
424 884 533 938 τῶν
561 887 694 957 παρ’
718 884 884 939 αὐτοῦ
916 885 1089 955 λόγων
1119 888 1216 959 τὴν
1247 892 1541 963 ἐμπειρίαν
1564 890 1662 946 οὐκ
1700 894 1851 964 ιἔχον-

262 988 392 1039 τας.
436 976 575 1029 Ἀλλ’
617 971 685 1047 ἦν
712 975 873 1030 τοῦτο
899 978 993 1031 καὶ
1023 981 1154 1050 ἡμῖν
1184 983 1371 1044 αὐτοῖς
1415 983 1760 1054 τριπόθητον,
1802 984 1851 1037 εί

272 1064 495 1137 συνέϐη,
528 1068 726 1139 μᾶλλον
756 1069 834 1135 δὲ,
865 1071 960 1122 καὶ
988 1070 1155 1124 ἅπασι
1194 1074 1305 1134 τοῖς
1344 1070 1592 1126 τελοῦσιν
1626 1075 1685 1127 ὲν
1713 1071 1850 1144 Χρι-

269 1162 544 1223 σετιανοῖς⁸
592 1157 884 1231 μοχθηρῶν
929 1161 1038 1231 γὰρ
1066 1159 1231 1224 οὕτω,
1268 1164 1363 1216 καὶ
1402 1160 1850 1235 διεστραμμένων

264 1248 709 1303 ἀπαλλάττεσθαι
755 1250 951 1318 λόγων,
1008 1250 1126 1315 πῶς
1174 1252 1271 1323 οὐχ
1319 1252 1492 1307 ἅπασι
1534 1255 1599 1306 δι’
1647 1255 1843 1326 εὐχῆς;

268 1339 418 1409 Πλὴν
442 1338 621 1393 ἐκεῖνό
650 1357 831 1410 φαμεν
848 1357 862 1370 ·
890 1340 1092 1393 Τέτοκε
1132 1341 1231 1409 μὲν
1258 1343 1365 1414 γὰρ
1401 1344 1849 1415 ὁμολογουμένως

271 1431 299 1499 li
336 1428 617 1483 Ἐλισάόετ
662 1429 741 1501 τῷ
773 1430 914 1501 ἁγίῳ
949 1431 1226 1502 Πνεύματι
1256 1434 1617 1505 κεχρισμένον
1650 1436 1709 1487 ὲν
1743 1437 1849 1507 μή-

266 1532 372 1589 τρᾳ
406 1519 501 1572 τὸν
545 1518 816 1590 μακάριον
862 1518 1211 1592 Βαπτιστήν·
1258 1522 1371 1575 ἀλλ’
1412 1522 1462 1575 εί
1495 1523 1595 1594 μὲν
1631 1524 1846 1596 εἴρηταί

266 1624 373 1661 που
424 1608 578 1680 παρὰ
631 1612 731 1679 τῆς
794 1608 1153 1665 θεοπνεύστου
1200 1612 1444 1685 Γραφῆς,
1499 1615 1581 1667 ὅτι
1634 1617 1729 1669 καὶ
1782 1617 1844 1669 τὸ

267 1696 489 1769 Πνεῦμα
523 1700 717 1769 γέγονε
766 1700 939 1773 σὰρξ,
977 1702 1153 1773 ὀρθῶς
1199 1703 1265 1759 ἂν
1309 1705 1445 1777 ἔφης
1482 1707 1844 1777 ὀνομάζεσθαι

264 1791 377 1845 δεῖν
407 1794 546 1864 πρὸς
578 1790 737 1865 ἡμῶν
779 1794 1232 1867 Πνευματοτόκον
1269 1798 1468 1870 αὑτήν·
1502 1801 1549 1853 εί
1583 1800 1639 1852 δὲ
1675 1800 1802 1871 ψιλῇ
1824 1840 1838 1862 ,

590 618 667 682 ὡς
714 616 1011 689 ἀληθέσιν,
1058 618 1397 691 ὲπιθαρσεῖν.
1448 620 1559 692 Τῆς
1615 623 1712 693 μὲν
1759 621 1843 678 oin

1955 634 2115 690 quam
2182 622 2361 687 veris,
2414 623 2708 677 conﬁdere.
2776 625 2853 677 Ae
2911 622 3295 693 benignitatem
3367 626 3535 694 ipsius

1955 709 2251 767 admiretur
2312 711 2543 767 fortasse
2606 725 2711 767 non
2769 727 2965 779 nemo,
3013 717 3155 783 quod
3212 713 3421 768 veniam
3467 729 3536 769 'ac

1959 801 2388 857 benevolentiam
2436 802 2541 857 illis
2588 803 2929 858 tribuendam
2981 805 3221 868 censuit,
3283 805 3432 874 quia
3477 820 3536 860 se

1954 892 2223 947 dictorum
2263 893 2510 963 peritiam
2544 908 2648 948 non
2699 894 2981 949 haberent.
3036 895 3231 948 Verum
3278 895 3331 949 id
3378 896 3536 950 nobis

1952 996 2167 1052 quoque
2209 984 2446 1050 optabile
2496 985 2548 1039 in
2590 983 2778 1053 primis
2806 994 2924 1039 erat
2950 985 2998 1040 si
3044 985 3398 1056 contigisset,
3426 987 3536 1043 imo

1952 1087 2080 1131 vero
2103 1076 2355 1130 clunibus
2375 1076 2465 1145 qui
2490 1075 2629 1130 inter
2651 1076 2990 1132 Christianos
3010 1089 3302 1132 censentur
3322 1095 3336 1143 ;
3358 1095 3480 1133 nam
3502 1096 3531 1133 a

1952 1175 2061 1219 tam
2084 1165 2343 1236 improbis
2362 1167 2736 1236 perversisqne
2758 1168 2917 1222 dictis
2933 1170 3249 1233 abscedere,
3267 1171 3377 1239 20
3393 1186 3529 1239 quo-

1952 1256 2109 1310 modo
2130 1272 2233 1310 non
2254 1257 2325 1310 sit
2341 1257 2590 1311 omnibus
2611 1257 2906 1324 optandum
2923 1258 2947 1310 ?
2967 1257 3071 1312 Sed
3104 1268 3279 1313 tamen
3303 1261 3432 1312 illud
3451 1260 3532 1313 di-

1952 1345 2121 1399 cimus
2145 1363 2158 1399 :
2180 1345 2387 1414 Peperit
2409 1347 2526 1399 sine
2546 1346 2709 1400 dubio
2730 1343 3005 1401 Elisabeth
3032 1349 3245 1402 beatum
3266 1348 3531 1403 Joannem

1951 1436 2243 1504 Baptistam
2282 1448 2471 1491 sancto
2509 1435 2709 1504 Spiritu
2745 1440 2796 1491 in
2848 1448 3000 1492 utero
3040 1449 3383 1507 perunctum.
3424 1440 3528 1495 Ve-

1954 1540 2072 1579 rum
2120 1527 2164 1581 si
2210 1528 2261 1580 in
2308 1527 2479 1581 sacris
2516 1525 2736 1581 Litteris
2770 1528 3028 1596 scriptum
3083 1527 3304 1594 fuisset,
3362 1532 3528 1585 etisuu

1953 1613 2211 1685 Spiritum
2246 1617 2443 1672 factum
2473 1632 2592 1671 esse
2629 1632 2879 1679 carnem,
2914 1627 3057 1674 recte
3081 1620 3311 1675 dixisses
3356 1622 3528 1689 ipsam

1950 1720 1979 1760 a
2015 1708 2171 1763 nobis
2204 1709 2577 1776 appellandam
2623 1724 2743 1764 esse
2800 1710 3031 1779 Spiritus
3062 1712 3399 1780 genitricem.
3431 1713 3526 1768 Siu

1948 1809 2128 1853 autem
2159 1800 2270 1853 sola
2302 1814 2366 1854 ac
2392 1799 2623 1868 simplici
2653 1802 2910 1856 unctione
2940 1802 3234 1857 honoratus
3255 1812 3339 1858 est
3371 1814 3532 1859 natus

266 1885 363 1937 καὶ
388 1885 524 1955 μόνῃ
550 1884 774 1953 λέγεται
800 1887 862 1939 τὸ
891 1885 1080 1957 τεχθὲν
1124 1888 1448 1958 τετιμῆσθαι
1472 1891 1671 1960 χρίσει,
1706 1892 1759 1943 τί
1786 1891 1843 1944 τὸ

1949 1902 2101 1957 puer,
2124 1903 2221 1943 cur
2252 1890 2638 1944 incarnationis
2666 1890 2994 1946 soliditatem
3019 1894 3207 1960 gratia:
3225 1896 3526 1950 secundum

265 1974 367 2041 τῆς
391 1972 717 2044 σαρκώσεως
739 1976 929 2047 χρῆμα
948 1976 1214 2048 παρισοῦν
1246 1977 1415 2041 ἀξιοῖς
1439 1982 1504 2049 τῇ
1546 1980 1687 2033 κατά
1718 1980 1847 2050 μέθ-

265 2064 382 2128 εξιν
412 2064 634 2135 χάριτι;
685 2067 759 2118 Οὺ
816 2066 926 2137 γάρ
977 2069 1092 2122 ἐστι
1119 2069 1338 2133 ταυτὸν,
1372 2071 1551 2139 σάρκα
1582 2088 1642 2123 τε
1674 2073 1847 2124 εἰπεῖν

264 2153 527 2219 γενέσθαι
551 2154 643 2207 τὸν
670 2156 860 2224 Λόγον,
906 2159 1003 2210 καὶ
1056 2159 1139 2211 ὅτι
1170 2160 1454 2229 κέχρισταί
1494 2179 1577 2223 τις
1622 2162 1710 2217 διὰ
1749 2162 1844 2217 τοῦ

265 2242 589 2313 Πνεύματος
614 2245 881 2317 πνεύματι
926 2248 1270 2320 προφητικῷ.
1304 2251 1439 2322 Περὶ
1471 2253 1569 2322 μὲν
1603 2252 1711 2324 γάρ
1744 2256 1845 2325 τῆς

261 2330 433 2399 ἁγίας
460 2332 738 2404 Παρθένου
775 2336 1122 2409 γέγραπταυ
1157 2356 1177 2391 ‹
1220 2338 1352 2393 Ἰδοὺ
1399 2342 1431 2410 ή
1479 2343 1750 2413 Παρθένος
1787 2347 1845 2398 ὲν

259 2424 466 2494 γαστρὶ
511 2423 645 2491 ἕξει,
695 2427 792 2481 καὶ
829 2428 1043 2493 τέξεται
1076 2429 1189 2483 υἱόν
1210 2445 1225 2460 ·
1262 2448 1280 2481 ι
1313 2432 1406 2484 καλ⁵
1438 2433 1596 2497 τόκος
1628 2433 1844 2503 ὠνόμα-

262 2524 413 2575 σται,
461 2513 560 2566 καὶ
614 2516 721 2587 μὴν
765 2517 863 2570 καὶ
905 2517 1255 2590 Ἐμμανουήλ
1300 2521 1330 2573 ό
1375 2521 1610 2591 τεχθεὶς,
1655 2523 1683 2575 ὅ
1727 2524 1844 2575 ἐστι

263 2603 835 2677 μεθερμηνευόμενον,
862 2609 1001 2663 Μεθ’
1036 2609 1197 2681 ήμῶν
1234 2612 1263 2664 ὁ
1316 2609 1447 2675 Θεός
1469 2627 1483 2642 ’
1518 2614 1641 2684 περὶ
1686 2614 1742 2667 δέ
1780 2631 1843 2683 γε

258 2690 367 2762 τῆς
402 2692 718 2762 Ἐλισάὸετ,
746 2697 830 2751 ότι
875 2700 1129 2769 γεννήσει
1177 2697 1312 2764 υίδν,
1355 2701 1414 2764 ὃς
1458 2703 1846 2774 προελεύσεται

262 2779 369 2851 μὲν
389 2779 447 2834 ὲν
472 2784 772 2856 πνεύματι,
803 2787 898 2841 καὶ
923 2787 1151 2858 δυνάμει
1179 2788 1359 2842 Ἦλιοῢ
1378 2809 1391 2820 ·
1410 2792 1845 2863 προπορεύσεται

256 2876 321 2929 δὲ
364 2877 470 2946 πρὸ
498 2875 794 2947 προσώπου
834 2876 1073 2950 Κυρίου,
1120 2880 1407 2953 ἑτοιμάσαι
1458 2882 1609 2945 ὁδοὺς
1656 2882 1843 2939 αὐτοῦ.

264 2966 483 3022 Οὐκοῦν
505 2968 708 3038 ἥκιστα
739 2968 838 3040 μὲν
864 2969 949 3040 εἴη
989 2970 1055 3024 ἂν
1082 2971 1529 3043 Πνευματοτόκος
1559 2975 1592 3043 ἡ
1634 2974 1845 3029 Ἐλισά-

259 3054 379 3124 σετ,
410 3059 666 3113 ὲκτέτοκε
704 3061 812 3132 γὰρ
841 3063 1126 3134 προφήτην
1163 3064 1447 3134 Ὑψίστου·
1477 3065 1740 3130 Θεοτόκος
1778 3083 1841 3136 γε

260 3146 375 3218 μὴν
419 3147 639 3221 ἀληθῶς
674 3152 710 3223 ή
743 3153 875 3221 ἁγία
912 3153 1222 3223 Παρθένος,
1269 3156 1350 3209 ὅτι
1393 3155 1527 3209 Θεὸν
1574 3158 1842 3211 ἑνωθέντα

259 3238 433 3308 σαρκὶ
490 3240 707 3311 τέτοκε-
745 3244 1048 3312 σαρκικῶς,
1110 3244 1378 3309 τουτέστι,
1428 3247 1568 3300 κατὰ
1638 3248 1837 3319 σάρκα.

269 3327 496 3400 Ἐπειδὴ
532 3330 643 3401 γὰρ
688 3330 972 3404 ἄνθρωπος
1002 3336 1036 3405 ή
1073 3333 1309 3391 τεκοῦσά
1351 3337 1498 3403 ἔστι,
1536 3337 1706 3410 ταύτῃ
1733 3355 1839 3404 τοι,

258 3417 359 3471 καὶ
392 3418 538 3489 μάλα
586 3422 898 3492 ἐμφρόνως,
929 3424 1021 3478 τὸν
1052 3427 1152 3499 τῆς
1180 3426 1491 3498 γεννήσεως
1519 3430 1720 3499 τρόπον
1748 3432 1842 3485 ἁν-

258 3507 555 3581 θρωπίνως
578 3513 893 3583 πεπρᾶχθαι
920 3515 1121 3585 φαμέν.
1147 3512 1256 3571 Ἦν
1282 3518 1392 3590 γὰρ
1419 3519 1581 3586 οὕτω,
1618 3521 1715 3574 καὶ
1743 3522 1841 3592 οὐχ

258 3599 487 3672 ἑτέρως,
516 3600 775 3657 δύνασθαι
805 3605 930 3660 καθ’
969 3608 1116 3678 ἡμᾶς
1148 3608 1402 3677 γενέσθαι
1438 3609 1529 3664 τὸν
1558 3611 1701 3684 ὑπὲρ
1733 3614 1841 3666 πᾶ-

262 3707 365 3744 σαν
405 3690 588 3762 φύσιν,
616 3694 677 3748 οὐ
719 3695 813 3749 τοῦ
845 3693 984 3751 εἶναι
1034 3699 1183 3753 τοῦθ’
1223 3700 1360 3771 ὅπερ
1390 3702 1538 3755 ἐστὶν
1575 3701 1841 3773 ὀλιγωρή-

262 3797 473 3837 σαντα·
520 3784 715 3851 πόθενς
749 3789 1099 3859 μεμενηκότα
1131 3791 1189 3844 δὲ
1234 3792 1437 3861 μᾶλλον
1480 3793 1615 3862 ὅπερ
1659 3788 1729 3862 ἦν
1782 3808 1841 3845 τε

261 3874 360 3927 καὶ
389 3873 509 3928 ἔστι
554 3876 647 3929 καὶ
675 3876 828 3932 ἔσται
849 3895 863 3909 ·
893 3884 1105 3953 τροπῆς
1133 3882 1243 3955 γὰρ
1282 3884 1524 3954 ἀμείνων
1553 3884 1589 3953 ἡ
1629 3881 1746 3935 θεία
1782 3899 1840 3935 τε

259 3962 405 4029 ἐστὶ,
428 3965 525 4018 καὶ
547 3966 827 4039 ὑπερτάτη
853 3969 1032 4040 φύσις.
1078 3972 1241 4044 Ὀρθὰ
1277 3973 1381 4044 μὲν
1404 3969 1495 4027 οὖν
1516 3975 1599 4027 ὅτι
1624 3975 1841 4045 φρονεῖν

257 4051 572 4125 εἰθίσμεθα,
604 4055 738 4111 Θεδν
766 4059 1125 4130 γεγεννῆσθαι
1157 4062 1299 4116 κατὰ
1332 4062 1509 4134 σάρκα
1542 4064 1634 4116 ὲπὶ
1668 4080 1842 4133 σωτη-

260 4143 360 4216 ρίᾳ
407 4144 517 4199 τῶν
561 4146 729 4216 ὅλων,
769 4149 1239 4223 διαϐεϐαιούμενοι
1266 4192 1280 4217 ,
1332 4155 1761 4227 μεμαρτύρηκεν
1806 4158 1839 4227 ή

256 4234 624 4302 θεόπνευστος
657 4240 870 4311 Γραφή.
889 4242 1107 4313 Ἐπειδὴ
1132 4243 1189 4297 δὲ
1223 4248 1334 4307 τοῖς
1362 4246 1655 4310 νεωτάτοις
1676 4247 1841 4301 αὑτοῦ

252 4324 497 4397 δόγμασι
522 4329 622 4398 τὴν
652 4330 928 4402 ἀλήθειαν,
961 4332 1053 4384 καὶ
1093 4332 1227 4386 αὐτὸ
1254 4335 1354 4404 τῆς
1384 4337 1843 4409 ὲκκλησιαστικῆς

254 4416 506 4482 πίστεως
538 4419 826 4488 ἀντεξάγει
860 4422 923 4475 τὸ
946 4421 1238 4491 σύμϐολον,
1268 4424 1296 4477 θ
1319 4426 1407 4479 διὰ
1431 4426 1527 4496 τῆς
1552 4426 1645 4479 τοῦ
1670 4427 1841 4480 Πνεύ-

1951 1976 2427 2045 participationem
2464 1978 2743 2047 acquisita;
2784 1981 3102 2047 aequandam
3156 1983 3382 2038 censes?
3409 1983 3527 2039 Non

1945 2066 2086 2119 enim
2109 2076 2190 2121 est
2221 2066 2383 2130 idem,
2418 2068 2597 2122 dicere
2632 2068 2861 2122 Verbum
2896 2084 3110 2123 cantem
3159 2070 3356 2125 factmn
3381 2089 3523 2139 esse,

1945 2163 2000 2208 et
2028 2156 2213 2223 spiritu
2248 2157 2563 2225 pr0pbctico
2592 2169 2813 2211 unctum
2841 2173 2964 2213 esse
2994 2160 3226 2228 aliquem
3264 2177 3361 2231 per
3398 2163 3525 2232 Spi-

1947 2243 2130 2298 ritum.
2165 2243 2257 2298 Est
2274 2244 2417 2298 enim
2443 2246 2510 2297 de
2531 2254 2716 2298 sancta
2746 2242 2966 2316 Virgine
2990 2249 3251 2316 scriptum
3287 2266 3303 2303 :
3338 2267 3356 2301 ι
3388 2250 3527 2306 Ecce

1948 2335 2104 2403 virgo
2158 2337 2212 2389 in
2272 2344 2427 2388 utero
2475 2333 2731 2400 habebit,
2763 2344 2818 2387 et
2862 2336 3035 2404 pariet
3089 2339 3259 2392 tilium
3287 2340 3333 2371 ”
3371 2356 3386 2394 :
3426 2359 3445 2393 ο
3473 2353 3529 2396 et

1947 2433 2135 2493 partus
2186 2436 2270 2480 est
2315 2424 2653 2494 appellatus,
2686 2434 2739 2479 et
2783 2426 3004 2494 insuper
3054 2428 3406 2496 Emmanuel,
3436 2432 3528 2489 ille

1946 2529 2080 2583 puer
2126 2517 2336 2583 editus,
2393 2518 2533 2585 quod
2585 2524 2669 2569 est
2737 2516 3169 2584 interpretatum,
3235 2518 3527 2577 Nobiscum

1948 2605 2127 2674 Deus;
2161 2607 2255 2661 sed
2290 2608 2357 2662 de
2383 2607 2679 2675 Elisabctb,
2712 2605 2828 2660 fore
2856 2614 2924 2660 ut
2968 2609 3143 2672 pariat
3193 2608 3398 2675 tilium,
3431 2612 3524 2681 qui

1945 2698 2345 2765 antegrediatur
2373 2699 2427 2752 in
2455 2699 2643 2768 spiritu
2664 2706 2719 2750 et
2747 2695 2945 2749 virtute
2972 2695 3103 2750 Eliae
3128 2698 3174 2729 ⁸⁸
3193 2738 3210 2761 ,
3239 2706 3292 2751 et
3327 2710 3528 2767 prateat

1946 2794 2071 2839 ante
2099 2786 2290 2840 faciem
2330 2788 2544 2842 Domini
2576 2799 2769 2857 parare
2799 2785 2917 2840 vias
2945 2784 3066 2853 eius
3095 2786 3161 2836 ⁸⁷.
3211 2786 3352 2857 Ergo
3380 2789 3528 2844 nullo

1946 2876 2105 2931 modo
2131 2888 2215 2931 est
2244 2877 2480 2947 Spiritus
2523 2879 2751 2949 genitrix
2781 2877 2897 2947 ipsa
2939 2875 3246 2941 Elisabeth,
3274 2878 3402 2947 quia
3428 2895 3524 2948 pe-

1945 2968 2085 3036 perit
2125 2969 2442 3036 prOphetam
2495 2968 2791 3033 Altissimi;
2827 2966 2921 3022 sod
2964 2980 3090 3021 vere
3140 2968 3233 3023 Dei
3290 2970 3523 3038 genitrix

1944 3067 2028 3113 est
2054 3068 2240 3112 sancta
2271 3056 2463 3126 Virgo,
2495 3059 2622 3128 quia
2661 3058 2826 3112 Deum
2862 3061 3071 3112 unitum
3110 3059 3258 3114 carni
3320 3064 3527 3129 peperit

1945 3149 2271 3214 carnaliter,
2306 3150 2407 3205 hoc
2455 3151 2891 3215 est,secuudum
2941 3163 3183 3205 carnem.
3233 3150 3365 3204 Nam
3400 3157 3526 3219 quia

1948 3243 2107 3296 homo
2133 3252 2216 3296 est
2258 3242 2372 3309 ipsa
2403 3257 2521 3311 quae
2542 3243 2769 3311 peperit,
2806 3253 2871 3294 ea
2915 3241 2982 3295 de
3016 3255 3177 3295 causa
3227 3243 3528 3297 rectissime

1945 3332 2237 3387 asserimus
2289 3333 2504 3386 modum
2558 3332 2922 3400 generatimiis
2968 3346 3033 3385 ex
3089 3332 3323 3387 bumano
3379 3349 3529 3391 more

1942 3429 2236 3476 servatum.
2313 3420 2428 3476 Non
2471 3420 2614 3475 enim
2663 3419 2822 3473 aliter
2866 3421 3040 3488 potuit
3096 3421 3247 3475 nasci
3323 3433 3517 3475 secun-

1943 3512 2069 3565 dum
2110 3525 2207 3566 nos
2259 3511 2346 3565 ille
2402 3511 2492 3581 qui
2554 3525 2717 3581 supra
2748 3525 2964 3566 omnem
3003 3521 3254 3565 naturam
3285 3512 3522 3575 excellit,

1944 3615 2052 3654 non
2082 3600 2157 3655 ita
2187 3610 2246 3655 ut
2278 3603 2418 3670 quod
2475 3611 2594 3656 erat
2638 3600 3097 3671 parvipenderet;
3131 3602 3275 3656 nullo
3304 3605 3464 3657 modo
3500 3622 3515 3667 ;

1942 3692 2037 3747 sed
2082 3700 2143 3746 ut
2180 3704 2421 3749 maneret
2472 3696 2648 3764 potius
2682 3696 2823 3765 quod
2873 3702 2994 3749 erat
3041 3702 3095 3746 et
3134 3702 3216 3747 est
3261 3704 3317 3748 et
3363 3696 3516 3751 erit:

1948 3786 2245 3840 mutatione
2270 3801 2501 3853 namque
2531 3786 2707 3855 potior
2730 3794 2814 3841 est
2842 3785 3021 3840 divina
3046 3784 3133 3838 illa
3161 3800 3523 3854 supremaque

1946 3880 2158 3927 natura.
2192 3874 2332 3944 Ergo
2362 3888 2462 3927 nos
2497 3884 2644 3928 recte
2677 3875 2915 3939 sentire,
2947 3874 3038 3943 qui
3082 3873 3248 3927 Deum
3283 3877 3520 3942 genitum

1940 3978 2064 4021 esse
2091 3966 2384 4020 secundum
2416 3979 2634 4019 carnem
2667 3964 2732 4017 ad
2761 3964 2989 4018 salutem
3026 3964 3401 4018 universorum
3433 3980 3522 4019 as-

1943 4057 2195 4123 serimus,
2223 4054 2481 4109 divinitus
2509 4054 2784 4122 inspirata:
2826 4052 3043 4107 Littera:
3077 4060 3368 4107 testantur.
3415 4053 3521 4109 Sed

1945 4148 2073 4217 quia
2099 4148 2252 4201 novis
2284 4146 2395 4200 suis
2422 4144 2692 4213 dogmatis
2724 4145 3006 4199 veritatem
3041 4154 3094 4197 et
3124 4144 3297 4213 ipsum
3345 4147 3524 4201 ecclo-

1943 4236 2178 4292 siastica:
2207 4235 2326 4290 lidei
2356 4236 2657 4305 symbolum
2683 4234 2924 4303 opponit,
2952 4235 3093 4303 quod
3120 4235 3249 4288 olim
3280 4235 3517 4302 Spiritus

1947 4327 2122 4382 sancti
2150 4326 2352 4380 lumine
2378 4326 2628 4379 illustrati
2655 4326 2842 4380 Patres
2872 4326 3010 4395 apud
3050 4325 3280 4380 Nicaeam
3312 4326 3521 4382 collecti

1947 4419 2305 4484 definierunt,
2335 4426 2579 4472 metuens
2617 4417 2734 4485 ipse
2763 4432 2829 4471 ne
2852 4416 3019 4486 aliqui
3062 4416 3295 4472 fortasse
3334 4432 3521 4471 sanam

256 4516 436 4581 ματος
463 4514 827 4582 φωταγωγίας
870 4514 921 4567 oi
968 4515 1113 4569 κατὰ
1153 4519 1378 4588 καιροὺς
1411 4519 1467 4571 ὲν
1496 4522 1562 4589 τῇ
1592 4520 1843 4573 Νικαέων

1950 4510 2108 4565 [idem
2161 4518 2478 4572 servarent,
2521 4507 2733 4562 illorum
2770 4509 2992 4562 vocibus
3029 4507 3095 4562 ad
3130 4508 3411 4563 veritatem
3448 4510 3525 4561 iu-

254 4603 738 4675 συναγηγερμένοι
783 4605 1027 4677 Πατέρες
1066 4606 1355 4679 ὡρίσαντο,
1400 4608 1584 4673 δεδιὼς
1626 4610 1846 4682 μὴεάρα

251 4709 381 4755 πως
407 4693 539 4761 ὑγιᾶ
566 4695 666 4765 τὴν
690 4695 875 4749 πίστιν
897 4696 1260 4751 διασώσαιντό
1282 4714 1447 4763 τινες,
1479 4702 1597 4763 ταῖς
1621 4700 1845 4754 ἐκείνων

252 4786 473 4865 φωναῖς
518 4787 1031 4861 παιδαγωγούμενοι
1071 4791 1208 4862 πρὸς
1256 4791 1537 4861 ἀλήθειαν,
1586 4795 1845 4863 πειρᾶται

256 4881 651 4945 συκοφαντεῖν,
691 4881 920 4934 καὶτῶν
967 4882 1167 4945 λέξεων
1218 4883 1529 4937 ὲναλλάττει
1567 4885 1667 4955 τήν
1706 4885 1843 4938 ἀπό-

248 4968 432 5033 δοσιν,
463 4972 559 5024 καὶ
591 4971 761 5044 αὐτὴν
785 4972 842 5025 δὲ
874 4971 981 5026 τῶν
1023 4974 1241 5027 ἐννοιῶν
1270 4972 1625 5045 τὴνδύναμιν
1663 4993 1844 5046 παρα-

202 5076 207 5080 δ
250 5057 555 5127 σημαίνειν
599 5060 901 5133 ἀποτολμᾷ.
943 5063 1162 5135 Ἐπειδὴ
1194 5064 1304 5135 γὰρ
1338 5066 1500 5127 αὐτὸς
1531 5066 1623 5117 ἐπὶ
1656 5062 1838 5135 μέσης

246 5146 561 5219 ἐκκλησίας
606 5148 855 5221 βεὸήλοις
888 5152 1088 5223 ἐχρῆτο
1126 5154 1534 5221 καινοφωνίαις,
1579 5154 1720 5224 ἁνήρ
1754 5170 1838 5215 τις

242 5238 375 5290 τῶν
402 5237 545 5307 ἄγαν
571 5241 850 5308 ἐπιεικῶν,
893 5244 990 5298 καὶ
1026 5242 1197 5298 τελῶν
1246 5244 1345 5313 μὲν
1391 5244 1448 5296 ὲν
1479 5245 1685 5308 λαῖκοῖς
1724 5243 1836 5307 ἔτι,

246 5328 407 5399 πλὴν
456 5331 559 5383 οὐκ
593 5332 947 5406 ἀθαύμαστον
979 5333 1407 5407 συναγηγερκὼς
1441 5337 1497 5387 ὲν
1527 5335 1707 5405 ἑαυτῷ
1745 5333 1842 5404 τὴν

242 5420 568 5487 παίδευσιν,
615 5424 802 5496 θερμῷ
845 5443 904 5479 τε
946 5428 1041 5481 καὶ
1077 5426 1310 5497 φιλοθέῳ
1350 5428 1634 5497 κεκίνηται
1672 5426 1839 5496 ζήλῳ,

242 5513 359 5566 καὶ
386 5513 548 5583 τορόν
590 5531 643 5569 τι
676 5514 1007 5587 κεκραγὼς,
1053 5517 1214 5571 αὑτὸν
1245 5517 1346 5587 ἔφη
1388 5518 1481 5570 τὸν
1514 5515 1839 5587 προαιὼνιον

238 5603 433 5671 Λόγον
478 5603 573 5658 καὶ
602 5604 863 5675 δευτέραν
905 5608 1193 5678 ὑπομεῖναι
1240 5607 1512 5678 γέννησιν,
1540 5607 1713 5677 δῆλον
1757 5607 1838 5669 δὲ,

351 5775 401 5807 ⁸⁸
420 5774 526 5834 lsa.
564 5793 661 5838 vn,
697 5779 785 5833 Η.
864 5780 907 5811 ⁸⁸
936 5780 1064 5835 Luc.
1098 5797 1138 5844 ι,
1167 5780 1254 5835 l7.
1330 5781 1374 5813 "
1404 5781 1536 5836 Ibid.
1570 5779 1655 5834 76.

543 5871 849 5931 'PATBOL.
896 5876 1010 5931 Gn.
1058 5874 1316 5933 LXXVI.

1947 4602 2154 4666 stituti’,
2184 4599 2502 4655 calumniari
2535 4612 2781 4662 conatur,
2814 4610 2868 4653 et
2887 4599 3180 4653 dictionum
3210 4600 3524 4668 explicatio-

1948 4708 2068 4747 nem
2096 4693 2346 4755 invertit,
2370 4699 2424 4745 et
2452 4690 2624 4760 ipsam
2652 4691 2756 4743 vim
2788 4690 3180 4745 sententiarum
3214 4690 3523 4744 adulterare

1945 4787 2124 4853 audet.
2166 4786 2299 4839 Cum
2341 4784 2483 4838 enim
2526 4783 2639 4851 ipse
2688 4782 2741 4836 in
2784 4782 2957 4835 media
3005 4781 3235 4836 ecclesia
3281 4780 3523 4850 profanis

1920 4872 2186 4929 ‘u'teretur
2241 4872 2586 4943 neologismis
2620 4912 2635 4935 ,
2686 4872 2771 4925 vir
2827 4871 3040 4940 quidam
3096 4884 3226 4925 sane
3297 4872 3520 4940 probus,

1946 4966 2035 5035 qui
2072 4965 2248 5020 adhuc
2278 4967 2417 5019 inter
2452 4963 2622 5017 laicos
2643 4971 2780 5026 erat,
2807 4962 2899 5016 sed
2937 4969 3112 5016 tamen
3149 4961 3521 5016 admirabilem

1949 5056 2048 5108 sibi
2082 5055 2369 5125 collegerat
2396 5052 2775 5114 eruditionem,
2798 5050 3023 5104 ferventi
3044 5058 3099 5102 et
3124 5049 3373 5120 religioso
3405 5054 3522 5106 zelo

1946 5147 2048 5216 21
2078 5157 2371 5214 permotus,
2398 5153 2453 5198 et
2470 5142 2789 5197 contentiorl
2817 5140 3325 5205 voceinclamitans,
3351 5143 3523 5210 ipsum

1950 5238 2123 5307 inquit
2150 5248 2274 5291 ante
2302 5236 2497 5291 saecula
2531 5234 2761 5289 Verbum
2788 5237 2949 5289 etiam
2972 5232 3266 5288 secundam
3293 5236 3525 5289 subiisse

1953 5332 2383 5399 generationem,
2406 5332 2456 5385 id
2479 5337 2581 5394 est,
2622 5328 2766 5384 illam
2794 5326 3091 5383 secundum
3120 5342 3339 5382 carnem
3376 5336 3429 5380 et
3456 5339 3520 5380 ex

1952 5422 2178 5476 muliere
2208 5437 2220 5474 :
2249 5420 2699 5473 tumultuantibus
2745 5418 2809 5471 ad
2844 5418 2943 5471 ista
2975 5416 3218 5486 populis,
3247 5426 3304 5470 et
3333 5415 3521 5483 majori

1920 5522 2012 5566 ‘ac
2055 5512 2253 5567 saniori
2307 5521 2458 5581 parte
2486 5508 2735 5564 maximis
2761 5508 2910 5563 illum
2966 5507 3215 5563 laudibus
3244 5505 3523 5559 attollente

1949 5614 2006 5658 ut
2042 5604 2186 5675 pium
2235 5613 2287 5658 et
2311 5603 2606 5671 sapientem
2639 5600 2691 5655 in
2730 5599 2955 5670 primis,
3010 5610 3065 5655 et
3090 5607 3359 5655 rectorum
3393 5598 3522 5666 dog-

3069 5840 3106 5893 Ξ
