4024 6516
665 392 735 448 Β
1656 388 1718 444 S.
1757 386 2027 444 Cl‘RlLLl
2049 387 2534 444 AALEXANDRINI
2574 387 2892 445 ARCIIIEP.
3853 389 3924 442 ιι

667 514 867 558 matum
911 503 1051 558 haud
1109 512 1406 573 expertem,
1440 503 1558 560 aliis
1594 503 1945 560 nilrilomtnus
1984 506 2239 559 adversus

2347 507 2426 559 ὅτι
2457 524 2554 578 την
2600 509 2738 562 κατὰ
2766 509 2965 580 σάρκα,
3002 509 3096 562 καὶ
3127 508 3190 562 ἐκ
3222 507 3515 577 γυναικόςο
3543 506 3923 578 θορυϐούντων

665 595 814 650 illum
860 593 1123 662 elferatis,
1165 597 1278 665 ipse
1341 611 1399 652 se
1454 596 1781 666 interponit,
1838 610 2074 664 moxque
2119 596 2239 650 illos

667 689 964 758 approbat,
1006 702 1142 756 quos
1189 702 1284 741 sua
1320 687 1560 741 docendo
1618 687 1953 756 perdiderat,
1983 695 2234 741 cznterum

667 783 720 832 in
769 794 890 833 eum
928 778 1163 847 linguam
1198 778 1411 831 exacuit
1458 777 1548 847 qui
1576 777 1742 845 ipsius
1803 779 2058 846 dogmata
2121 793 2229 831 non

667 871 1017 935 sustinuerat,
1077 877 1133 922 et
1190 868 1241 922 in
1285 876 1501 922 sanctos
1553 867 1740 921 Patres
1785 867 1876 936 qui
1921 865 2063 936 piam
2113 866 2237 919 ﬁdei

668 963 1031 1017 definitionem
1089 960 1243 1015 nobis
1294 959 1705 1022 constituerant,
1739 971 1902 1028 quam
1935 965 1995 1010 ut
2063 954 2233 1009 animi

667 1055 960 1109 anchoram
1016 1053 1276 1108 habemus
1310 1060 1476 1105 tutam
1511 1063 1573 1102 ac
1604 1049 1837 1115 ﬁrmam,
1869 1058 1930 1102 ut
1973 1047 2233 1117 scriptum

663 1155 748 1200 est
771 1147 837 1199 ⁵⁸.

2341 599 2397 652 δὲ
2431 600 2565 669 πρὸς
2590 601 2761 655 ταῦτα
2794 601 2902 654 τῶν
2942 602 3151 672 δήμων,
3193 600 3290 654 καὶ
3334 599 3446 654 τῶν
3480 599 3581 670 μὲν
3625 597 3920 663 πλείστων,

2344 690 2438 741 καὶ
2469 690 2727 755 συνετῶν,
2767 691 2829 744 ού
2861 692 3100 764 μετρίοις
3144 692 3308 746 αὐτὸν
3345 681 3588 754 ἐπαίνοις
3627 688 3924 759 τετιμηκό-

2344 767 2470 844 τωῗθν
2514 780 2589 844 ὡς
2629 782 2827 853 εὖσεῦἧ
2859 801 2942 846 τε,
2986 784 3080 837 καὶ
3119 783 3512 845 συνετώτατον,
3555 779 3779 849 καὶτῆς
3813 779 3924 831 τῶν

2341 868 2626 937 δογμάτων
2657 871 2948 941 ὀρθότητος
2985 873 3088 926 οὐκ
3112 872 3476 944 ὴμοιρηκότα,
3518 867 3923 938 tamqme

2343 975 2408 1026 γε
2474 959 2580 1030 μὴν
2629 964 2749 1015 κατ’
2798 962 2961 1016 αὐτοῦ
3013 964 3123 1017 τῶν
3176 964 3375 1030 ἄλλων,
3416 959 3684 1017 διαλαϐὼν
3731 959 3919 1021 αὐτὸς,

2340 1048 2662 1118 ἀποδέχεται
2695 1051 2795 1120 μὲν
2832 1051 2994 1115 εὐθὺς
3022 1052 3288 1116 ἐκείνους,
3320 1051 3414 1115 οὓς
3442 1050 3511 1104 τὰ
3535 1047 3730 1102 ἑαυτοῦ
3770 1045 3922 1099 διδά-

2340 1155 2486 1191 σκων
2515 1139 2893 1194 ἀπολώλεκεν·
2929 1142 3183 1213 ὲπιθήγει
3233 1143 3288 1195 δὲ
3333 1141 3431 1212 τὴν
3466 1140 3713 1210 γλῶτταν
3769 1136 3922 1205 αύτῷ

663 1255 721 1290 τε
757 1235 832 1306 τῷ
861 1233 935 1305 μὴ
999 1229 1350 1300 ἀνασχομένῳ
1397 1229 1466 1282 τά
1508 1227 1698 1292 αὐτοῦ,
1733 1227 1826 1278 καὶ
1899 1227 2005 1297 μὴν
2053 1228 2146 1279 καὶ
2198 1226 2309 1289 τοῖς
2349 1226 2525 1294 ἁγίοις
2571 1229 2875 1300 Πατράσιν,
2912 1231 2960 1284 οἳ
3011 1232 3102 1285 τὸν
3131 1233 3328 1303 εύσεϐῆ
3373 1231 3473 1301 τῆς
3519 1232 3754 1292 πίστεως
3796 1229 3922 1300 ὅρον

663 1335 795 1403 ἡμῖν
826 1328 1379 1398 τεθεσμοθετήκασιν,
1421 1327 1487 1396 ἣν
1513 1324 1596 1388 ὼς
1629 1323 1877 1393 ἄγκυραν
1949 1322 2145 1392 ἔχομεν
2182 1322 2279 1392 τῆς
2350 1322 2529 1395 ψυχῆς
2577 1325 2794 1398 ἀσφαλῆ
2840 1345 2900 1381 τε
2951 1329 3046 1384 κα)⁸
3088 1329 3334 1398 βεϐαίαν,
3382 1327 3524 1383 κατά
3566 1328 3629 1380 τὸ
3670 1343 3922 1398 γεγραμ-

713 1430 847 1481 ένον.

713 1449 847 1481 ενον.

668 1449 706 1500 μ
736 1517 1014 1590 (Nemori.
1055 1513 1275 1567 Gaudeo
1326 1510 1503 1574 enim,
1547 1509 1756 1579 inquit,
1802 1517 2043 1563 vestrum
2097 1505 2238 1576 aspi-

663 1611 815 1664 ciens
864 1607 1061 1660 zelum.
1111 1602 1351 1657 Indidem
1403 1601 1686 1670 perspicue
1737 1598 1959 1668 coargui
2011 1605 2241 1667 possunt

2414 1503 2627 1576 [Χαίρω
2656 1505 2787 1577 γὰρ,
2815 1505 2941 1577 ἔφη,
2960 1506 3053 1560 τὸν
3081 1506 3345 1577 ὑμέτερον
3370 1506 3708 1576 θεασάμενος
3730 1505 3916 1577 ζῆλον.

2340 1594 2576 1647 Δὺτόθεν
2596 1596 2712 1649 ἐστὶ
2736 1597 2910 1666 σαφὴς
2926 1599 3024 1667 τῆς
3040 1597 3146 1649 τῶν
3162 1596 3457 1668 λεχθέντων
3485 1596 3593 1668 [ἷσ.
3616 1597 3794 1668 σαφὴς
3814 1596 3921 1650 τῶν

663 1717 784 1770 qum
823 1701 890 1752 ab
916 1696 1119 1751 infelici
1170 1693 1387 1747 homine
1430 1702 1558 1746 sunt
1600 1691 1864 1760 ﬂagitiose
1893 1689 2080 1744 dicta:
2114 1703 2236 1742 nam

2342 1684 2661 1770 λεχθέντων]
2691 1688 2794 1741 ύπὸ
2821 1688 2918 1757 τῆς
2945 1687 3036 1742 τοῦ
3078 1688 3310 1740 δειλαίου
3351 1689 3572 1759 μιαρίας
3604 1691 3633 1741 6
3661 1688 3884 1760 ἐλεγχος
3902 1702 3916 1717 ·

666 1806 896 1859 quorum
955 1788 1074 1841 dua:
1124 1795 1252 1839 sunt
1295 1783 1696 1852 generationes,
1734 1796 1918 1834 corum
1977 1781 2080 1834 duo
2131 1780 2240 1834 sint

667 1884 760 1936 ﬁlii
809 1893 1032 1934 necesse
1073 1884 1157 1930 est
1187 1893 1200 1928 :
1231 1875 1326 1930 sed
1368 1872 1607 1928 Ecclesia
1663 1886 1826 1926 unum
1870 1870 2112 1942 agnoscit
2147 1867 2238 1923 Fi-

658 1972 819 2033 lium,
854 1969 1026 2036 ipsum
1059 1964 1338 2018 Dominum
1369 1958 1694 2031 Christuma]

1307 2095 1458 2150 CAP.
1510 2094 1601 2148 Vl.’

721 2235 1067 2292 ’Slultissitne
1115 2232 1244 2301 quid
1301 2232 1385 2285 his
1443 2232 1510 2285 de
1563 2231 1725 2285 rebus
1779 2231 2120 2287 sentiendum
2167 2231 2240 2286 sit

666 2327 1031 2384 deﬁnitionem
1087 2320 1310 2389 protulit
1365 2320 1590 2373 dicens:
1624 2318 1888 2389 [Quorum
1937 2321 2056 2374 dure
2113 2327 2242 2374 sunt

666 2416 1068 2487 generationes,
1101 2414 1299 2477 jeorum
1340 2410 1450 2461 duo
1473 2423 1692 2477 quoque
1740 2409 1852 2463 siut
1883 2410 1975 2463 ﬁlii
2017 2424 2240 2464 necesse

663 2505 794 2576 est}
824 2505 1092 2560 Caeterum
1131 2498 1331 2552 omissa
1378 2497 1461 2551 bis
1495 2499 1559 2552 de
1591 2499 1755 2554 rebus
1800 2499 2013 2554 exiliori
2054 2500 2239 2568 dispu-

668 2598 898 2658 tatione,
931 2590 1152 2646 interim
1188 2603 1310 2658 qua:
1358 2589 1422 2641 ad
1451 2588 1721 2643 orationis
1764 2599 1962 2643 nostra:
1991 2589 2239 2660 proposi-

666 2697 785 2741 tum
817 2699 882 2738 ex
916 2679 1160 2752 diligenti
1195 2677 1548 2747 inquisitione
1579 2678 1806 2732 inveniri
1841 2688 2090 2747 poterunt
2122 2678 2239 2733 col-

665 2777 916 2846 ligamus.
975 2771 1141 2842 Igitur
1191 2768 1324 2822 duas
1390 2782 1512 2822 esse
1551 2769 1954 2838 generationes,
2017 2768 2239 2824 minime

652 2863 1060 2921 admittendum
1115 2856 1347 2914 censuit.
1400 2855 1568 2911 Unam
1608 2871 1770 2926 porro
1828 2857 2164 2912 nativitatem
2207 2872 2236 2911 a

657 2955 824 3010 nobis
861 2965 981 3006 csse
1007 2948 1368 3003 conﬁtendarn
1394 2946 1610 3011 asserit,
1644 2961 1710 3001 ne
1744 2947 1877 3000 duos
1899 2947 2047 3000 ﬁlios
2077 2946 2239 3002 intel-

659 3048 916 3115 ligamus,
947 3056 1011 3094 ac
1054 3040 1100 3094 si
1144 3053 1369 3093 necesse
1403 3037 1495 3103 sit,
1529 3038 1572 3092 si
1609 3037 1727 3090 dua:
1761 3051 1984 3105 prorsus
2015 3053 2238 3107 genera-

670 3139 846 3189 tiones
869 3132 998 3195 sint,
1025 3131 1158 3183 duos
1185 3129 1314 3182 item
1346 3127 1486 3180 ﬁlios
1515 3125 1724 3180 inferri.
1756 3124 1989 3179 Prodeat
2010 3142 2138 3196 ergo
2170 3142 2234 3182 ac

667 3230 861 3280 doceat
914 3231 1092 3277 utram
1147 3218 1553 3288 generationem
1604 3215 1756 3270 malit
1803 3217 2112 3283 admittere,
2168 3217 2236 3270 ii-

2261 1956 2310 2011 Β

2343 1767 2419 1828 ὧν
2447 1777 2555 1847 γὰρ
2576 1776 2672 1830 δύο
2697 1780 2996 1849 γεννήσεις,
3029 1779 3231 1832 τούτων
3252 1778 3343 1831 δύο
3372 1779 3509 1832 υἱοίο
3542 1781 3572 1850 ἡ
3601 1779 3657 1832 δὲ
3686 1779 3921 1848 Ἐκκλη-

2343 1868 2434 1920 σία
2464 1866 2560 1920 Eva.
2592 1861 2732 1921 οἶδεν
2765 1868 2916 1933 Υίὸν,
2947 1869 3038 1922 τὸν
3064 1869 3341 1939 Δεσπότην
3365 1869 3646 1940 Χριστόν.Ἰ

2918 2091 3177 2144 xeo“.
3219 2091 3310 2158 σν.

2427 2223 2786 2294 Ἀνοητοτατα
2823 2237 2922 2294 μεν
2952 2217 3045 2276 οὖν
3075 2223 3167 2277 τὸν
3195 2223 3304 2278 τῶν
3336 2223 3430 2277 ἐπὶ
3458 2225 3669 2288 τούτοις
3700 2226 3920 2280 ἐννοιῶν

2344 2312 2470 2384 ὅρον
2520 2312 2875 2384 ἐξηνέγκατο,
2905 2314 3114 2382 λέγων·
3156 2310 3280 2386 [Ὧν
3320 2316 3427 2388 γὰρ
3477 2316 3570 2369 δύο
3603 2318 3919 2387 γεννήσεις,

2343 2405 2549 2458 τούτων
2581 2404 2794 2458 καὶδύο
2823 2404 2973 2475 υίοί.]
3015 2406 3389 2477 Ἰσχνομυθίας
3410 2423 3473 2475 γε
3507 2407 3613 2478 μὴν
3639 2408 3737 2476 τῆς
3769 2407 3826 2460 ἔν
3857 2423 3920 2476 γε

2344 2494 2557 2558 τούτοις
2587 2495 2848 2565 ἀφέμενοι
2874 2539 2888 2563 ,
2920 2497 3055 2561 τέως
3090 2497 3225 2568 πρὸς
3257 2497 3347 2552 τὸν
3379 2497 3472 2551 τοῦ
3523 2498 3684 2566 λόγου
3715 2498 3924 2551 σκοπὸν

2343 2584 2411 2637 τὰ
2437 2584 2496 2648 ἐξ
2525 2583 2787 2654 ἀκριϐοῦς
2813 2585 3060 2657 ἐρεύνης,
3093 2587 3224 2658 φέρε
3245 2587 3329 2658 δὴ,
3356 2587 3512 2658 φέρε,
3546 2586 3919 2658 συλλέγωμεν.

2344 2672 2553 2727 Ούκοῦν
2596 2674 2973 2743 ἀπαράδεκτον
3025 2677 3149 2748 [ἵσ.
3188 2677 3236 2730 εί
3271 2677 3366 2730 δύο
3414 2671 3554 2730 εἶναι
3600 2680 3920 2748 γεννήσεις,

2341 2763 2746 2836 ἀπαράδεκτον]
2777 2765 3099 2836 ἐποιήσατο,
3140 2769 3336 2838 χρῆναι
3360 2767 3417 2821 δέ
3450 2785 3583 2840 φησι
3625 2768 3759 2840 μίαν
3785 2772 3921 2837 6pc-

2343 2853 2616 2923 λογεῖσθαι
2641 2855 2776 2926 πρὸς
2807 2855 2962 2926 ἡμῶν
2982 2895 2997 2920 ,
3030 2857 3117 2912 ἵνα
3147 2859 3222 2929 μὴ
3255 2858 3348 2912 δύο
3380 2860 3589 2929 νοῶμεν
3629 2859 3782 2923 υίούς
3801 2877 3816 2890 ·
3847 2861 3925 2924 ὡς

2342 2947 2403 3000 ὃν
2433 2947 2743 3015 ἐπάναγκες
2763 2987 2778 3012 ,
2807 2951 2854 3001 εί
2884 2948 2976 3001 δύο
3002 2949 3217 3014 πάντως
3248 2951 3304 3003 αἱ
3332 2950 3618 3017 ἀποτέξεις
3655 2945 3791 3012 εἷεν,
3829 2951 3925 3003 δύο

2344 3037 2439 3090 καὶ
2465 3038 2615 3100 υἱοὺς
2655 3038 3036 3110 εἰσφέρεσθαι·
3072 3041 3369 3096 διδασκέτω
3413 3041 3720 3113 παρελθὼν,
3756 3042 3924 3096 ποίαν

2347 3127 2455 3198 ἄρα
2481 3127 2587 3181 τῶν
2619 3130 2924 3200 γεννήσεων
2950 3131 3338 3204 παραδέξεται,
3368 3132 3466 3202 τὴν
3494 3130 3828 3202 προαιὼνιόν
3865 3148 3924 3186 τι

2344 3219 2441 3272 καὶ
2488 3220 2552 3271 ἐκ
2602 3219 2840 3291 Πατρὸς,
2882 3221 3005 3274 καθ’
3033 3221 3100 3292 ἢν
3147 3221 3302 3276 οὔπω
3331 3222 3747 3293 σεσαρκωμένος
3788 3222 3926 3288 Θεὸς

670 3319 848 3372 iamne
891 3329 958 3368 ex
1006 3313 1165 3367 Patre
1216 3318 1342 3364 ante
1380 3307 1598 3373 saecula,
1649 3322 1747 3377 per
1790 3321 1952 3375 quam
1997 3307 2238 3361 nondum

2342 3305 2408 3380 ἦν
2436 3311 2464 3364 6
2496 3309 2686 3378 Λόγος,
2719 3311 2886 3380 ἤγουν
2915 3315 3144 3382 ταυτηνὶ
3189 3313 3289 3382 τὴν
3343 3308 3679 3383 πρόσφατον,
3716 3313 3819 3367 καὶ
3861 3316 3926 3367 ἐκ

667 3411 979 3464 incarnatus
1034 3403 1172 3457 Deus
1196 3407 1313 3454 erat
1354 3399 1607 3459 Verbum,
1636 3411 1702 3451 an
1732 3412 1860 3451 vero
1885 3397 2026 3451 banc
2061 3411 2242 3451 receno

659 3513 775 3555 tem
802 3505 858 3553 et
888 3512 954 3553 ex
988 3491 1247 3549 muliere?
1276 3490 1409 3544 Nam
1448 3490 1494 3543 si
1527 3489 1672 3542 illam
1702 3488 1844 3543 dicet
1873 3488 2063 3553 solam,
2091 3486 2235 3540 illam

2342 3399 2635 3466 γυναικός;
2664 3399 2727 3452 Ei
2758 3399 2854 3469 μὲν
2888 3394 2981 3452 οῦν
3010 3400 3226 3469 ἐκείνην
3270 3402 3419 3471 ἐρεῖ,
3457 3401 3550 3454 καὶ
3595 3402 3788 3474 μόνην,
3825 3406 3926 3477 τὴν

2343 3489 2674 3560 προαιώνιον
2705 3490 2848 3557 λέγω
2869 3530 2883 3554 ,
2916 3491 3012 3544 καὶ
3056 3493 3121 3544 ὲκ
3161 3493 3376 3563 Πατρὸς
3403 3530 3418 3557 ,
3452 3493 3655 3557 ἐκεῖνος
3693 3495 3762 3548 ἂν
3814 3497 3922 3568 εἴη,

669 3594 793 3646 dico
837 3598 964 3643 ante
1009 3584 1205 3640 saecula
1248 3591 1304 3636 et
1340 3596 1404 3635 ex
1453 3578 1636 3644 Patre,
1689 3578 1779 3633 ille
1817 3577 1921 3631 erit
1970 3576 2152 3645 utique
2189 3584 2239 3628 et

2342 3581 2439 3633 καὶ
2473 3581 2632 3650 μόνος
2676 3580 2824 3646 Υἱὸς,
2856 3583 2885 3634 6
2918 3581 2976 3646 ἐξ
3004 3582 3168 3634 αὑτοῦ
3215 3583 3358 3636 κατὰ
3397 3583 3578 3653 φύσιν,
3606 3583 3760 3638 οὔπω
3791 3603 3926 3657 σαρο

662 3681 890 3751 quidem
925 3675 1071 3730 solus
1103 3673 1294 3736 Filius,
1332 3670 1424 3740 qui
1455 3685 1523 3723 ex
1558 3683 1624 3723 eo
1653 3671 1951 3724 secundum
1994 3674 2239 3720 naturam

657 3780 754 3824 cst
787 3776 960 3828 ortus,
993 3772 1284 3829 antequam
1324 3756 1471 3811 carni
1505 3764 1558 3810 et
1597 3753 1842 3823 sanguini
1871 3752 2241 3807 communica-

672 3866 758 3913 ret
780 3857 824 3888 "
855 3873 868 3909 :
903 3864 1106 3908 temere
1137 3854 1398 3903 autcm‘ac
1425 3844 1623 3899 frustra
1647 3843 1963 3914 mysterium
1995 3841 2240 3896 incarna-

659 3948 835 4004 tionis
854 3945 1145 4008 asseritur;
1169 3939 1312 3994 nullo
1329 3938 1470 3993 enim
1490 3937 1648 3991 modo
1671 3935 1906 4004 seipsum
1927 3933 2239 3996 exinanivit,

669 4053 849 4108 neque
880 4035 1046 4089 subiit
1073 4031 1214 4087 servi
1250 4030 1479 4083 formam
1505 4028 1573 4093 δ’,
1606 4026 1700 4081 sed
1728 4026 1809 4080 sic
1836 4023 2154 4093 permansit,
2189 4033 2244 4076 et

669 4141 854 4182 veram
903 4122 1086 4178 carnis
1143 4117 1533 4187 injunctionem
1568 4117 1846 4181 hucusque
1884 4111 2101 4179 refugit.
2140 4110 2235 4164 Sin

668 4233 806 4274 ενοι-ο
854 4215 948 4284 qui
996 4210 1258 4267 extremis
1300 4205 1635 4275 temporibus
1678 4217 1744 4257 ex
1800 4201 2037 4268 muliere
2085 4210 2242 4254 natus

665 4317 772 4374 est,
814 4308 861 4363 is
887 4305 1073 4373 utique
1107 4301 1316 4354 dicetur
1352 4307 1408 4351 et
1443 4295 1658 4364 quidem
1689 4292 1836 4347 solus
1867 4290 2056 4356 Filius,
2081 4299 2243 4360 atque

666 4403 832 4456 etiam
870 4396 1040 4452 solam
1078 4395 1218 4447 hanc
1248 4405 1316 4444 ex
1351 4388 1577 4442 muliere
1611 4383 2015 4453 generationem
2048 4381 2243 4436 admit-

672 4502 886 4546 tetnus:
919 4501 1048 4556 ergo
1085 4482 1392 4539 necessario
1423 4478 1657 4548 perdidit
1691 4475 1818 4530 illud
1841 4489 1908 4528 ex
1944 4473 2054 4528 Deo
2081 4474 2242 4527 Patre

670 4581 906 4638 Verbum
937 4592 1004 4632 ne
1036 4576 1108 4632 sit
1139 4573 1435 4628 secundum
1465 4579 1710 4623 naturam
1747 4565 1934 4621 Filius.
1969 4566 2076 4620 Sed
2101 4565 2242 4618 videt

672 4687 894 4743 prorsus
938 4669 1020 4722 vir
1061 4665 1154 4719 Dei
1209 4674 1418 4717 amator
1461 4674 1621 4729 quant
1678 4659 1788 4713 sint
1833 4657 1916 4711 har
1956 4656 2239 4712 sententia:

672 4763 939 4825 absurdae,
964 4768 1017 4813 et
1046 4767 1376 4826 quantopere
1402 4751 1509 4819 22
1533 4750 1600 4803 ad
1630 4750 1964 4818 impietatem
1992 4755 2236 4813 vergant.

675 4854 746 4909 Ut
775 4866 904 4920 ergo
946 4849 1032 4903 via
1075 4845 1220 4913 regia
1259 4841 1588 4912 gradiantur,
1639 4841 1772 4894 duas
1804 4839 2037 4891 dicimus
2072 4835 2241 4890 fuisse

675 4942 1004 5003 nativitates,
1052 4937 1151 4992 sed
1187 4948 1351 4989 unum
1390 4933 1444 4985 in
1475 4940 1705 4999 utraque
1754 4928 1968 4992 Filium,
2015 4942 2136 4980 cum
2184 4927 2236 4978 in

673 5047 834 5088 carne
858 5029 1093 5084 nondum
1125 5035 1289 5088 esset,
1323 5022 1553 5078 Verbum
1581 5037 1646 5076 ex
1679 5020 1811 5084 Deo,
1841 5021 2088 5073 eumdem
2115 5031 2241 5069 vero

672 5133 861 5192 postea
895 5121 1062 5174 etiam
1102 5118 1464 5180 incantatam,
1501 5125 1554 5169 et
1577 5114 1666 5182 qui
1701 5120 1920 5181 promer
1945 5124 2043 5163 nos
2078 5122 2242 5177 gene-

677 5215 937 5268 rationem
978 5210 1272 5265 secundum
1329 5220 1550 5259 carnem
1601 5219 1687 5258 ex-
1721 5201 1944 5256 muliere
1992 5198 2240 5255 subierit.

677 5306 806 5358 Nam
845 5303 891 5356 si
923 5300 1150 5355 dixisset
1179 5299 1232 5352 in
1278 5297 1584 5351 hominibus
1613 5305 1876 5364 oportere
1903 5306 2150 5362 prorsus.
2195 5289 2243 5345 si

675 5397 806 5447 duas
839 5389 1214 5460 generationes
1238 5385 1519 5451 dicamus,
1573 5387 1706 5438 duos
1737 5399 1858 5438 esse
1902 5382 2059 5446 ﬁlios,
2097 5389 2242 5434 recte

671 5501 736 5539 ac
782 5496 908 5536 vere
957 5479 1345 5534 dixissetzsetl
1394 5477 1518 5546 quia
1566 5475 1767 5530 Christi
1815 5475 2132 5544 mysterium
2190 5482 2242 5524 et

671 5571 1061 5628 incarnationis
1112 5570 1248 5624 ratio
1277 5569 1437 5623 aliam
1478 5569 1616 5620 viam
1670 5576 1835 5632 tenet,
1871 5575 1924 5622 et
1977 5567 2029 5618 iu
2081 5565 2241 5620 rebus

756 5753 802 5783 “
826 5750 987 5806 llebr.
1027 5765 1097 5816 νι,
1130 5748 1213 5802 l9.
1294 5751 1337 5780 ⁸⁹
1362 5747 1521 5802 Πρω.
1558 5761 1616 5809 tt,
1661 5746 1739 5800 Η.
1818 5747 1860 5776 "
1880 5744 2114 5816 Philipp.
2145 5759 2203 5808 tt,
2230 5742 2280 5794 ϐ.

2343 3671 2458 3736 κὸς,
2521 3672 2616 3725 καὶ⁵
2650 3672 2880 3742 αἵματος
2921 3673 3371 3744 κεκοινωνηκὼς·
3406 3674 3530 3744 εικῆ
3571 3674 3651 3740 δὲ,
3694 3676 3796 3728 καὶ
3848 3678 3925 3740 ὡς

2342 3761 2485 3814 ἔοικε
2522 3761 2539 3834 [
2565 3762 2650 3816 ἵσ.
2681 3762 2837 3834 ἔτυχε
2858 3762 2916 3835 ],
2963 3764 3024 3816 τὸ
3051 3763 3152 3833 τῆς
3184 3763 3650 3836 ἐνανθρωπήσεως
3675 3766 3924 3820 inlatrat

2343 3857 2677 3922 μυστήριονο
2714 3852 2808 3905 καὶ
2848 3850 3122 3904 κεκένωκε
3177 3850 3275 3921 μὲν
3324 3852 3518 3904 ἑαυτὸν
3561 3853 3678 3905 κατ’
3727 3852 3924 3906 ούδένα

2341 3944 2573 4014 τρόπον·
2616 3942 2740 3996 οὔτε
2789 3944 2894 4014 μὴν
2923 3944 2980 3996 ὲν
3017 3945 3085 4014 τῇ
3112 3943 3206 3996 τοῦ
3240 3942 3425 3996 δούλου
3472 3944 3659 4011 γέγονε
3691 3949 3887 4016 μορφῇ
3909 3961 3923 3975 ο

2341 4034 2622 4103 μεμένηκε
2654 4033 2709 4086 δὲ
2738 4033 2898 4098 οῦτω,
2931 4033 3030 4104 τὴν
3072 4033 3207 4104 πρὸς
3250 4033 3428 4104 σάρκα
3470 4033 3685 4087 σύνοδον
3737 4035 3925 4106 ἀληθῆ

2344 4126 2436 4176 καὶ
2470 4125 2549 4187 εἰς
2574 4123 2734 4194 δεῦρο
2761 4124 3219 4195 παραιτούμενος.
3264 4123 3404 4176 Ἀλλ’
3434 4125 3462 4176 6
3493 4123 3603 4196 [ῐσ.
3634 4125 3752 4176 ἀλλ’
3787 4129 3839 4179 εί
3871 4126 3923 4198 6]

2344 4217 2402 4267 ὲν
2434 4216 2682 4284 ἐσχάτοις
2713 4218 2924 4288 καιροῖς
2958 4217 3023 4268 ἐκ
3055 4214 3332 4282 γυναικὸς,
3366 4215 3529 4279 αὐτὸς
3569 4216 3637 4269 ἂν
3682 4216 3923 4285 λέγοιτο,

2345 4306 2438 4358 καὶ
2487 4307 2648 4377 μόνος
2693 4307 2852 4370 ras;-
2883 4305 2977 4360 καὶ
3017 4306 3091 4378 δὴ
3131 4307 3226 4360 καὶ
3277 4306 3407 4376 μίαν
3452 4306 3679 4377 ’ταυτηνὶ¹
3714 4307 3820 4378 τὴν
3863 4310 3924 4361 ἐκ

2344 4399 2603 4466 γυναικὸς
2633 4398 3053 4468 παραδεξόμεθα
3088 4399 3373 4468 γέννησιν,
3406 4395 3717 4450 ἀπώλισθεν
3751 4398 3928 4465 ἀναγ-

2344 4487 2513 4550 καίως
2542 4487 2636 4540 τοῦ
2673 4484 2811 4540 εἶναι
2843 4487 2985 4540 κατά
3029 4487 3191 4555 φύσιν
3236 4487 3363 4548 Υἱὸς
3388 4487 3415 4539 6
3444 4488 3506 4539 ὲκ
3539 4485 3674 4538 Θεοῦ
3704 4487 3929 4558 Πατρὸς

2273 4618 2316 4673 υ
2346 4578 2537 4645 Λόγος.
2583 4577 2722 4629 Ἀλλ’
2747 4577 2848 4648 ὅρα
2919 4578 3003 4631 ῖσ.
3052 4577 3192 4650 ὁρᾷ]
3235 4595 3336 4630 που
3369 4577 3585 4640 πάντως
3609 4578 3636 4631 6
3663 4576 3929 4646 θεοφιλὴς

2343 4667 2442 4738 τὴν
2471 4667 2577 4719 τῶν
2606 4667 2823 4721 ἐννοιῶν
2849 4668 3100 4735 ἀτοπίαν,
3147 4669 3241 4722 καὶ
3293 4668 3353 4722 τὸ
3404 4667 3520 4720 λίαν
3553 4669 3929 4730 ἁπονενευκὺς

2345 4759 2424 4820 είς
2466 4756 2742 4810 ἀσέϐειαν.
2775 4756 2892 4811 Ἵνα
2922 4758 3100 4811 τοίνυν
3126 4759 3240 4812 ὁδὸν
3260 4757 3558 4829 ὲρχὼμεθα
3585 4758 3684 4827 τὴν
3717 4758 3931 4826 βασιλι-

2344 4846 2468 4916 κὴν,
2498 4847 2591 4898 δύο
2621 4847 2800 4916 φαμὲν
2836 4847 3086 4915 γενέσθαι
3119 4849 3215 4912 τὰς
3265 4847 3567 4914 ἀποτέξεις,
3610 4848 3710 4899 ἕνα
3741 4847 3804 4899 δὲ
3837 4849 3930 4900 τὸν

2343 4937 2408 4988 δι’
2437 4938 2636 5006 ἀμφοῖν
2663 4938 2790 4990 Υίόν
2814 4956 2827 4968 ·
2864 4938 3018 4992 οῦπω
3046 4940 3146 5010 μὲν
3179 4941 3236 4993 ὲν
3268 4941 3430 5010 σαρκὶ
3461 4941 3720 5008 γεγονότα
3743 4941 3842 4993 τὸν
3866 4943 3932 4993 ὲκ

2347 5028 2481 5080 Θεοῦ
2516 5029 2713 5096 Λόγον·
2749 5030 2840 5082 τὸν
2867 5030 3028 5082 αὐτὸν
3059 5031 3112 5082 δὲ
3156 5031 3295 5101 μετά
3327 5030 3486 5083 τοῦτο
3512 5031 3608 5084 καὶ
3647 5047 3933 5100 σεσαρκω-

2353 5118 2532 5188 μένον,
2568 5118 2658 5171 καὶ
2691 5119 2756 5172 δι’
2791 5120 2947 5190 ἡμῶν
2981 5119 3088 5192 [Ion
3123 5120 3190 5174 δι’
3222 5119 3394 5192 ἡμᾶς]
3431 5120 3528 5192 τὴν
3571 5122 3634 5173 ὲκ
3662 5123 3932 5188 γυναικὸς

2348 5207 2654 5261 ἀνατλάντα
2700 5209 2951 5280 γέννησιν
3001 5210 3140 5263 κατά
3185 5211 3383 5282 σάρκα.
3429 5211 3491 5263 Εί
3527 5209 3626 5281 μὲν
3674 5211 3790 5282 γὰρ
3841 5212 3932 5263 ἐπ’

2349 5295 2650 5367 ἀνθρώπων
2681 5297 2885 5365 ἔφασκε
2911 5298 2972 5351 τὸ
3000 5301 3194 5370 χρῆναι
3223 5298 3287 5369 δὴ
3318 5299 3532 5362 πάντως
3558 5298 3649 5351 δύο
3683 5301 3932 5352 νοεῖσθαι

2348 5387 2472 5450 τοὺς
2518 5390 2684 5454 υἱοὺς,
2720 5390 2768 5441 εί
2811 5389 2866 5441 δὲ
2899 5389 2995 5443 δύο
3022 5389 3130 5461 [ἴον.
3167 5391 3216 5444 εί
3245 5388 3361 5462 δύο]
3401 5391 3680 5459 γεννήσεις
3725 5391 3936 5461 ὀνομὰο

2349 5477 2534 5546 ζομαν,
2577 5477 2752 5548 ὀρθῶς
2788 5478 2853 5534 ἂν
2897 5477 3026 5550 ἔφη,
3064 5479 3160 5533 καὶ
3187 5476 3254 5551 ἦν
3289 5479 3516 5549 ἀληθέςο
3551 5477 3741 5548 ἐπειδὴ
3770 5479 3830 5531 δὲ
3872 5480 3935 5531 τὸ

2349 5565 2582 5635 Χριστοῦ
2605 5567 2900 5638 μυστήριον
2946 5568 3038 5622 καὶ
3065 5567 3092 5618 ό
3123 5568 3219 5639 τῆς
3247 5567 3712 5639 ὲνανΘρωπήσεως
3745 5566 3932 5636 λόγος,
