4166 6464
368 329 442 378 45
1507 313 1885 373 ADVERSUS
1919 314 1958 369 Ν

2059 312 2326 369 τοιιιυιι
2369 311 2499 368 LIB.
2542 313 2583 368 l.
2891 346 2894 350 ~
3125 335 3136 340 ’
3520 313 3613 368 ⁸ιθ

369 442 564 514 ἑτέραν
603 440 714 510 ἔχει
744 456 843 510 την
868 437 1006 503 όδδν,
1035 437 1130 493 καὶ
1158 437 1259 492 οὐκ
1298 437 1354 491 ἐν
1393 453 1458 506 γε
1493 439 1606 498 τοῖς
1640 437 1761 488 καθ’
1799 435 1946 505 ἡμᾶς

2059 431 2250 486 nostris
2273 445 2377 485 non
2408 432 2595 485 eodem
2636 430 2796 486 modo
2821 431 3173 498 conspicitur,
3208 445 3304 486 cur
3325 441 3613 488 consuetu-

375 533 671 605 ίσοτρόπως
694 533 910 602 ὁρᾶται,
929 530 984 584 τί
1013 532 1130 593 ταῖς
1156 530 1280 584 καθ’
1305 530 1452 599 ἡμᾶς
1483 526 1789 597 συνηθείαις
1817 542 1940 578 συν⁸

370 624 534 695 ορῶν,
570 619 687 675 εἶτα
707 626 818 686 τοῖς
850 621 1199 692 παραδόξοις,
1223 620 1317 673 καὶ
1347 617 1502 688 ὑπὲρ⁹
1512 617 1689 685 λόγον,
1708 616 1798 668 τὸν
1822 613 1946 667 νοῦν

373 714 568 776 ἐνιεὶς,
620 713 700 774 εἰς
749 711 1172 782 ἀδρανεστάτην,
1218 708 1313 760 καὶ
1345 706 1534 777 ἀμαθῆ
1569 705 1666 773 τὴν
1713 705 1948 771 ὀλιγοπι-

373 805 528 856 στίαν
572 803 965 872 καταφωρᾶται
1005 799 1223 863 πεσών;
1281 798 1348 849 Ὀ
1405 795 1461 848 δέ
1511 812 1600 865 μοι
1649 793 1948 863 θαυμάζειν

372 895 582 946 ἔπεισιν
601 936 614 958 ,
647 893 823 945 ἐκεῖνό
861 893 1007 944 ἐστιν
1029 906 1044 921 ·
1096 890 1194 942 Eva
1217 888 1325 959 γὰρ
1355 890 1412 940 ἐν
1438 885 1645 946 τούτοις
1674 883 1947 953 ὁμολογῶν

376 985 503 1037 Υἱὸν
552 985 753 1038 εἰδέναι
786 983 885 1054 τὴν
927 980 1288 1050 Ἐκκλησίαν,
1317 975 1720 1049 προστεθεικὼς
1747 976 1826 1040 δὲ,
1865 976 1947 1027 ὅτι

373 1077 466 1130 τὸν
481 1076 762 1146 Δεσπότην
787 1074 1040 1146 Χριστὸν,
1056 1073 1241 1128 οὐκέτι
1260 1073 1559 1141 τετήρηκεν
1577 1069 1692 1122 ἕνα·
1715 1067 1948 1138 διϊστησι

373 1171 484 1240 γὰρ
513 1168 759 1240 ἀλλήλων
789 1167 858 1220 τά
889 1166 1165 1237 ἡνωμένα,
1210 1164 1306 1218 καὶ
1338 1163 1440 1216 ἀνὰ
1481 1162 1645 1232 μέρος
1688 1160 1949 1228 ἑκάτερον

371 1261 609 1332 τίθησιν,
639 1260 698 1311 οὐ
727 1258 778 1312 τί
815 1258 913 1329 μέν
949 1256 1066 1309 ἐστι
1098 1255 1238 1309 κατά
1269 1252 1429 1322 φύσιν
1461 1253 1489 1304 ό
1519 1251 1710 1319 Λόγος,
1745 1250 1950 1319 διερευ-

372 1350 638 1420 νώμενος,
671 1349 725 1401 τί
757 1348 812 1400 δὲ
838 1348 985 1416 καὶὴ
1019 1344 1183 1412 σάρξ·
1219 1342 1502 1412 ἄνθρωπον
1530 1340 1585 1394 δὲ
1611 1337 1833 1409 μᾶλλον,
1854 1338 1948 1390 καὶ

373 1440 528 1503 Θεὸν,
568 1439 645 1501 ὡς
680 1439 736 1491 ἐν
769 1437 971 1505 ίσότητι
1021 1435 1159 1504 μόνῃ
1201 1434 1300 1502 τῆς
1330 1431 1504 1499 δόξης,
1537 1429 1782 1498 καθάπερ
1819 1427 1950 1495 γοῦν

373 1530 566 1590 οἴεται,
600 1527 873 1593 συλλέγων
909 1527 987 1586 είς
1015 1523 1093 1586 ἒν,
1122 1523 1259 1590 ὅπερ
1292 1523 1408 1573 ἐστὶ
1432 1518 1708 1581 παντελῶς
1734 1519 1950 1588 ἀμήχα-

377 1638 467 1674 νον
518 1616 823 1690 [ἀπίθανον
849 1615 867 1686 j
893 1657 906 1680 ,
941 1614 1139 1683 μᾶλλον
1171 1613 1228 1666 δὲ
1259 1612 1352 1665 καὶ
1384 1610 1692 1678 ἀνέφικτον,
1739 1610 1830 1660 καὶ
1859 1608 1950 1660 τὸν

376 1709 471 1764 τοῦ
519 1707 820 1779 μυστηρίου
863 1706 1017 1775 λόγον
1068 1702 1351 1758 κατασείει
1411 1701 1545 1772 πρὸς
1593 1700 1653 1752 τὸ
1697 1698 1947 1762 ἀκαλλὲς.

381 1803 528 1871 ’Ἔφη
561 1801 618 1854 δὲ
653 1799 827 1862 οὕτως
847 1815 862 1829 ·

452 1895 567 1967 [Δεῖ
597 1893 653 1946 δέ
697 1894 731 1962 ή
741 1892 869 1962 μᾶς,
919 1888 1014 1942 νῦν
1048 1887 1154 1959 γὰρ
1182 1881 1343 1958 ἦλθον
1373 1887 1451 1949 είς
1481 1884 1709 1950 ἔννοιαν,
1741 1884 1832 1937 καὶ
1857 1883 1956 1954 τὴν

381 1983 524 2036 κατά
577 1981 814 2035 Νίκαιαν
867 1978 1084 2032 σύνοδον
1136 1977 1350 2046 μαθεῖν,
1385 1975 1620 2044 οὐδαμοῦ
1672 1972 1957 2042 τολμῶσαν

379 2075 579 2140 εἰπεῖν,
609 2075 694 2126 ὅτι
735 2073 762 2125 ὁ
811 2070 944 2132 Θεὸς
983 2068 1245 2138 ἐγεννήθη
1292 2069 1358 2119 ἐκ
1397 2066 1642 2136 Μαρίας·
1689 2064 1790 2133 ἔφη
1826 2064 1956 2131 γάρ,

383 2167 471 2219 ὃτι
523 2160 856 2234 Πιστεύομεν
880 2161 959 2223 είς
982 2158 1078 2211 ἕνα
1100 2157 1230 2209 Θεὸν
1260 2157 1478 2227 Πατέρα
1508 2154 1920 2223 παντοκράτορα
1939 2168 1955 2183 ·

384 2256 486 2309 καὶ
509 2255 589 2317 είς
615 2253 711 2305 ἕνα
741 2252 943 2321 Κύριον
984 2249 1191 2320 Ἰησοῦν
1219 2247 1474 2318 Χριστόν.
1518 2246 1840 2315 Προσέχετε,
1877 2245 1958 2296 ὅτι

381 2349 652 2420 πρότερον
679 2346 984 2407 τεθεικότες
1004 2343 1089 2408 τὸ,
1115 2341 1371 2413 Χριστὸς,
1391 2342 1419 2393 ὅ
1451 2341 1569 2392 ἐστι
1603 2339 1827 2408 μήνυμα
1849 2337 1959 2389 τῶν

389 2440 485 2494 δύο
519 2439 756 2508 φύσεων,
800 2437 898 2488 οὐκ
934 2431 1117 2494 εἶπαν,
1155 2434 1248 2494 Εἰς
1280 2433 1377 2486 ἕνα
1426 2430 1556 2484 Θεὸν
1597 2429 1796 2496 Λόγον·
1845 2426 1958 2480 ἀλλ’

385 2531 579 2584 ἔλαϐον
604 2529 666 2582 τὸ
694 2529 866 2598 δνομα
909 2527 969 2578 τὸ
1007 2527 1271 2595 σημαῖνον
1318 2523 1638 2593 ἀμφότερα,
1695 2520 1782 2572 ἵνα
1832 2519 1960 2570 ὅταν

386 2618 837 2674 ὐποκαταῦαίνων
871 2615 1110 2687 ἀκούσῃς
1157 2615 1406 2676 θάνατον,
1460 2612 1535 2682 μὴ
1585 2609 1796 2678 ξενίζῃ·
1851 2609 1957 2670 ἵνα,

382 2711 479 2763 τὸν
534 2708 939 2778 σταυρωθέντα,
995 2708 1090 2760 καὶ
1134 2705 1407 2775 ταφέντα,
1471 2701 1546 2773 μὴ
1599 2700 1807 2771 πλήττῃ
1861 2699 1961 2768 τὴν

386 2800 580 2872 ἀκοὴν,
611 2801 687 2863 ὡς
711 2799 965 2868 θεότητος
992 2796 1166 2851 ταῦτα
1197 2790 1540 2863 παθούσης.]
1585 2786 1717 2844 Εἶτα
1754 2790 1961 2851 τούτοις

386 2891 670 2960 ἐπιφέρει·
710 2888 1072 2960 [Πιστεύομεν
1111 2889 1189 2949 εἰς
1226 2886 1322 2938 ἕνα
1348 2885 1554 2953 Κύριον
1593 2879 1799 2952 Ἰησοῦν
1825 2881 1960 2948 Χρι-

388 2981 550 3046 στὸν,
602 2980 696 3032 τὸν
738 2979 866 3032 Υἱὸν
913 2979 1004 3031 τὸν
1049 2977 1330 3048 μονογενῆ,
1374 2976 1465 3028 τὸν
1516 2974 1579 3026 ἐκ
1619 2972 1710 3025 τοῦ
1753 2970 1962 3041 Πατρὸς

386 3069 757 3139 γεννηθέντα·
805 3067 898 3120 τὸν
947 3066 1231 3137 ὁμοούσιον
1281 3064 1359 3135 τῷ
1409 3063 1619 3132 Πατρί·
1684 3062 1774 3114 τὸν
1828 3077 1959 3113 κατ-

387 3161 614 3215 ελθόντα
640 3162 704 3213 ἐκ
733 3159 845 3212 τῶν
875 3157 1120 3229 οὐρανῶν
1160 3157 1227 3210 δι’
1258 3157 1425 3227 ἡμᾶς,
1477 3153 1571 3208 καὶ
1613 3151 1960 3222 σαρκωθέντα

387 3254 457 3305 ἐκ
490 3252 803 3321 Πνεύματος
834 3250 1010 3318 ἁγίου.
1037 3250 1152 3301 Οὐκ
1185 3243 1355 3311 εἷπον,
1382 3247 1463 3300 ὅτι
1496 3245 1590 3298 καὶ
1628 3241 1961 3314 Γεννηθέντα

386 3345 454 3397 ἐκ
479 3343 795 3412 Πνεύματος
827 3341 1002 3408 ἁγίου.
1033 3336 1495 3408 Διερμηνεύοντας
1522 3336 1579 3388 δὲ
1606 3336 1731 3397 τούς
1775 3333 1962 3401 ἁγίους

389 3436 663 3505 Πατέρας,
694 3433 746 3485 τί
777 3434 842 3501 δὴ
872 3431 977 3501 ἄρα
1008 3430 1068 3482 τὸ
1095 3427 1457 3498 Σαρκωθέντα
1486 3426 1637 3489 ἐστὶ,
1663 3424 1846 3494 φησιν,
1887 3423 1963 3473 εί-

390 3529 517 3579 ·πεῖν
542 3526 601 3578 τὸ
617 3520 1197 3594 Ἐνανθρωπήσαντα·]
1217 3520 1268 3572 τί
1297 3518 1426 3571 δὲτὸ
1442 3515 1963 3586 Ἐνανθρωπήσαντα

390 3615 833 3684 κατασημήνειεν
888 3613 989 3677 ἂν,
1039 3609 1339 3677 διατρανῶν
1394 3606 1558 3668 αὐτὸς
1609 3604 1712 3673 ἔφη
1764 3603 1958 3657 πάλιν·

392 3706 496 3778 [Οὐ
524 3705 728 3778 τροπὴν
759 3704 858 3774 τῆς
899 3702 1034 3766 ἰδίας
1093 3703 1307 3768 φύσεως
1354 3695 1722 3767 ὐπομεινάσης
1749 3695 1828 3756 εἰς
1864 3692 1963 3762 τήν

393 3798 596 3868 σάρκα,
629 3794 762 3848 ἀλλά
795 3795 894 3863 τὴν
928 3793 1204 3863 ἐνοίκησιν
1231 3792 1330 3860 τὴν
1358 3791 1436 3852 είς
1466 3782 1800 3857 ἅνθρωποι]

993 3929 1244 3980 ΚΕΦΑΛ.
1290 3925 1366 3978 Z'.

457 4063 607 4138 'Apa
637 4069 698 4121 ἂν
725 4063 1010 4133 ἀνάσχοιτὸ
1037 4079 1121 4123 τις
1151 4060 1262 4113 τῶν
1297 4056 1596 4110 τελούντων
1629 4055 1684 4108 ἐν
1705 4053 1963 4123 Χριστια-

387 4162 500 4223 νοϊς
528 4160 561 4229 ἢ
588 4159 687 4229 τῆς
712 4156 935 4225 ἐνούσης
961 4155 1075 4216 τοῖς
1102 4150 1280 4218 λόγοις
1307 4147 1653 4217 ἀϐελτηρίας,
1686 4144 1718 4214 ἢ
1740 4144 1838 4212 τῆς
1854 4143 1963 4194 τῶν

386 4248 610 4302 ἐννοιῶν
665 4245 1009 4310 δυσσεϐείας;
1055 4239 1144 4314 ἆρ’
1172 4241 1272 4295 οὐκ
1327 4237 1562 4309 ἐναργὴς
1610 4237 1694 4305 εἴη
1737 4236 1804 4289 ἂν
1849 4236 1962 4296 τοῖς

387 4340 604 4412 ἀληθῶς
635 4339 922 4410 ἀρτίφροσι
954 4333 1262 4405 βωμολογία
1305 4330 1481 4395 ταυτὶ,
1520 4326 1613 4381 καὶ
1641 4326 1838 4397 τρόπος
1861 4324 1963 4376 οὐκ

389 4433 625 4502 ἀγεννὴς
655 4432 750 4501 τῆς
772 4428 914 4482 κατὰ
934 4423 1170 4498 Χριστοῦ
1199 4421 1606 4492 γλωσσαλγίας;
1637 4417 1962 4485 συκοφαντεῖ
1991 4447 2036 4502 D

388 4523 501 4593 γὰρ
526 4522 625 4591 τὴν
656 4519 939 4588 ἀλήθειαν·
973 4508 1244 4567 οὐκξεῐναί
1276 4527 1439 4581 φησιν
1469 4507 1595 4560 Υίὸν
1629 4504 1844 4574 ἀληθῶς
1863 4504 1963 4593 αὐ-

387 4592 502 4673 τὸν,
532 4607 704 4679 ἐτέρῳ
726 4603 882 4659 τοῦτο
913 4601 1252 4674 προσνέμων.
1281 4596 1607 4670 [Προσέχετε
1632 4592 1962 4664 γάρ,φησὶν,

389 4698 476 4750 ὃτι
509 4695 775 4767 πρότερον
812 4690 1116 4752 τεθεικότες
1144 4688 1204 4741 τὸ
1234 4685 1489 4758 Χριστὸς,
1521 4684 1549 4737 ὃ
1581 4685 1695 4736 ἐστι
1741 4683 1966 4752 μήνυμα

389 4787 504 4840 τῶν
522 4785 616 4839 δύο
644 4783 881 4852 φύσεων,
899 4780 1000 4834 οὐκ
1028 4775 1221 4832 εἶπαν·
1248 4774 1583 4845 Πιστεύομεν
1612 4775 1690 4836 είς
1716 4772 1810 4825 ἕνα
1833 4770 1965 4823 Θεὸν

389 4873 617 4947 Λόγον,]
650 4873 758 4926 Καὶ
789 4871 918 4942 περὶ
946 4871 1045 4941 μὲν
1075 4867 1168 4921 τοῦ
1195 4867 1476 4937 ὀνόματος,
1513 4863 1654 4932 φημὶ
1688 4861 1745 4914 δὲ
1779 4860 1843 4930 δὴ
1870 4857 1964 4912 τοῦ

391 4961 652 5038 Χριστὸς,
680 4962 816 5033 μετά
865 4961 1036 5034 βραχύ
1085 4959 1523 5031 διερευνήσομαι,
1557 4952 1786 5023 πότερόν
1837 4967 1964 5003 ποτε

391 5058 503 5110 τῶν
533 5055 628 5109 δύο
672 5055 887 5123 φύσεων
923 5051 1253 5123 σημαντικόν
1300 5049 1471 5110 ἐστιν,
1513 5047 1546 5117 ἢ
1589 5046 1694 5117 μή·
1729 5044 1789 5096 τὸ
1821 5043 1877 5095 δέ
1908 5044 1963 5094 ἐν

390 5149 604 5219 χερσὶν,
634 5145 710 5210 ὡς
739 5145 840 5210 ενι,
866 5142 1344 5212 διαγυμνάζωμεν.
1378 5137 1548 5192 Οίστά
1593 5137 1690 5207 μὲν
1731 5130 1823 5189 οὖν
1856 5129 1964 5186 εἷεν

391 5241 462 5292 ἂν
490 5240 608 5291 κατ’
637 5236 827 5290 οὐδένα
854 5235 1077 5305 τρόπον,
1107 5232 1175 5285 τά
1204 5230 1376 5294 οὕτως
1399 5228 1663 5290 ἐκτόπως,
1691 5226 1786 5279 καὶ
1827 5225 1961 5292 ἀτη-

393 5325 578 5396 μελῶς
609 5324 757 5394 αὐτῷ
785 5321 1216 5393 πεφλυαρημένα
1236 5336 1248 5351 ·
1286 5319 1420 5390 φαίη
1445 5318 1492 5371 δ’
1529 5317 1614 5380 ἂν,
1650 5311 1823 5384 οἶμαι,
1857 5311 1962 5375 τὶς,

390 5418 522 5478 τοὺς
550 5415 691 5486 ὑπέρ
709 5431 772 5482 γε
801 5414 910 5466 τῶν
936 5413 1108 5480 ἀγίων
1128 5413 1384 5482 Πατέρων
1409 5406 1729 5477 ποιούμενος
1752 5403 1960 5472 λόγους·

391 5508 459 5560 τί
493 5506 624 5576 δρᾷς
651 5505 812 5570 οὓτω,
845 5499 889 5558 ὧ
915 5506 1152 5572 γενναῖε,
1194 5502 1444 5571 γλῶσσαν
1473 5499 1572 5569 τὴν
1601 5497 1858 5566 ἄγροικον
1880 5495 1957 5546 ἐν·

394 5595 496 5660 ιιὶς
527 5595 784 5667 ἀνδράσιν
815 5595 1008 5663 ἁγίοις,
1033 5587 1116 5658 οἷς
1143 5593 1210 5646 ἂν
1239 5593 1436 5661 πρέποι
1458 5592 1519 5644 τὸ
1539 5587 1798 5655 -λέγεσθαι
1824 5585 1967 5654 παρ’

393 5685 562 5740 αὐτοῦ
605 5686 697 5740 τοῦ
751 5687 965 5741 πάντων
1014 5684 1170 5755 ἡμῶν
1199 5683 1447 5754 Σωτῆρος
1477 5678 1748 5753 Χριστοῦ·
1804 5695 1820 5727 ι
1853 5676 1964 5744 Οὐχ

2051 523 2178 578 dine
2207 537 2327 592 qua:
2365 523 2504 593 apud
2544 537 2642 578 nos
2690 522 2835 594 viget
2867 522 3127 591 inspecta,
3161 523 3352 577 deinde
3378 524 3616 596 animum

2053 617 2121 668 ad
2161 629 2249 669 res
2293 612 2643 669 admirabiles
2680 622 2734 668 et
2768 627 2888 682 quae
2927 612 3191 666 rationem
3225 621 3479 682 superam
3526 615 3619 666 ad-

2048 701 2266 772 jiciens,
2297 704 2364 758 ad
2407 701 2730 756 imbecillam
2766 711 2822 756 et
2854 700 3068 756 stultam
3101 700 3472 755 inﬁdelitatem
3503 717 3616 754 ma-

2053 792 2250 847 nifeste
2283 791 2516 846 labitur?
2538 791 2689 859 Quod
2725 802 2902 847 autem
2949 793 3077 847 mihi
3116 793 3168 845 in
3202 800 3440 845 mentem
3475 793 3622 844 venit

2055 883 2335 948 admirari,
2370 883 2499 937 illud
2532 893 2636 937 est.
2665 882 2800 936 Cum
2832 883 2974 936 enim
3005 881 3060 936 in
3097 881 3183 936 his
3212 881 3391 936 verbis
3416 881 3622 936 confes-

2055 988 2150 1028 sus
2189 982 2353 1038 esset,
2392 973 2684 1028 Ecclesiam
2731 988 2897 1026 unum
2948 970 3145 1026 Filium
3198 986 3513 1042 agnoscere,
3559 986 3622 1026 ac

2055 1063 2442 1130 sul,»junxisset,
2483 1065 2737 1119 nimirum
2765 1065 2939 1133 ipsum
2971 1064 3121 1119 illum
3151 1063 3436 1120 Dominum
3463 1064 3624 1119 Chri-

2055 1163 2218 1219 stum,
2252 1169 2516 1223 nusquam
2548 1165 2732 1224 postea
2768 1155 2995 1210 retinuit
3023 1171 3212 1219 unum,
3243 1156 3338 1211 sed
3366 1157 3512 1226 ipsas
3532 1172 3624 1211 res

2055 1247 2234 1300 unitas
2285 1246 2564 1316 distinguit
2610 1247 2748 1300 inter
2804 1259 2893 1310 se,
2945 1260 3009 1300 ac
3055 1246 3282 1300 seorsim
3342 1255 3626 1315 utramque

2055 1339 2244 1406 ponit;
2283 1351 2390 1392 non
2433 1336 2561 1405 quid
2611 1334 2843 1390 Verbum
2881 1334 2954 1390 sit
3009 1340 3302 1391 secundum
3349 1347 3622 1399 naturam,

2056 1428 2183 1497 quid
2221 1427 2346 1480 item
2388 1441 2516 1482 caro
2547 1426 2870 1494 disquirens,
2907 1427 2998 1482 sed
3047 1426 3322 1482 hominem
3356 1439 3411 1482 et
3452 1424 3622 1481 Deum

2060 1526 2314 1585 tanquam
2357 1517 2491 1583 sola,
2537 1525 2594 1570 ut
2634 1518 2746 1586 ipse
2787 1524 2960 1586 putat,
3004 1517 3314 1587 aequalitate
3353 1518 3534 1586 gloria:
3569 1518 3622 1572 in

2058 1625 2221 1664 unum
2252 1609 2508 1678 colligens
2536 1627 2547 1662 :
2582 1610 2722 1677 quod
2751 1624 2922 1677 neque
2946 1609 3209 1662 credihile
3239 1617 3318 1662 est
3346 1609 3623 1675 cuiquam,

2058 1714 2232 1769 neque
2274 1699 2386 1753 ﬁeri
2418 1708 2594 1768 potest
2628 1720 2639 1754 :
2670 1702 2910 1768 tantique
2951 1698 3194 1769 mysterii
3241 1699 3508 1754 rationem
3551 1699 3620 1753 ad

1987 1798 2028 1852 Β
2057 1785 2442 1840 absurditatem
2469 1785 2740 1840 deturbat.
2773 1785 2863 1840 Sic
2892 1801 3128 1855 namque
3161 1785 3297 1840 dixit
3323 1801 3341 1843 :

2129 1875 2389 1948 [Νεετοιι.
2435 1875 2543 1931 Nos
2595 1885 2775 1931 autem
2823 1887 3069 1947 oportet,
3111 1878 3253 1948 quod
3301 1892 3442 1933 nunc
3491 1879 3624 1934 mihi

2056 1965 2205 2020 venit
2239 1967 2290 2021 in
2329 1979 2562 2022 mentem
2588 2006 2603 2032 ,
2647 1968 2931 2023 advertere
2974 1970 3136 2024 etiam
3179 1969 3451 2025 Nicaenam
3497 1987 3626 2043 syn-

2055 2058 2216 2112 odum
2244 2073 2506 2128 nusquam
2532 2059 2713 2113 dicere
2735 2075 2946 2125 ausam,
2970 2059 3138 2115 Deum
3165 2076 3231 2116 ex
3266 2061 3434 2117 Maria
3475 2069 3627 2134 geni-

2061 2159 2170 2228 tum
2205 2165 2219 2200 :
2251 2149 2327 2202 ait
2365 2149 2509 2202 enim
2542 2149 2862 2204 :Credimus
2893 2151 2948 2204 in
2995 2165 3160 2205 unum
3199 2152 3363 2206 Deum
3407 2153 3623 2209 Patrem

2058 2236 2503 2305 omnipotentem,
2534 2247 2586 2291 et
2633 2237 2687 2291 in
2734 2254 2898 2291 unum
2927 2238 3211 2294 Dominum
3243 2239 3427 2296 Jesum
3459 2243 3625 2299 Chri-

2063 2338 2228 2381 stum.
2254 2328 2550 2391 Attendite,
2575 2328 2717 2396 quod
2740 2344 2864 2381 cum
2894 2330 3044 2396 prius
3073 2331 3378 2398 posuissent
3405 2347 3622 2398 nomen,

2059 2418 2322 2482 Christus,
2353 2421 2494 2486 quod
2521 2419 2654 2471 duas
2697 2427 2916 2472 naturas
2953 2420 3176 2485 indicat,
3211 2437 3316 2476 non
3341 2423 3575 2478 dixerint
3604 2443 3622 2480 :

2063 2510 2114 2562 In
2146 2523 2308 2562 unum
2340 2509 2504 2562 Deum
2537 2507 2793 2573 Verbum,
2817 2510 2909 2564 sed
2932 2511 3241 2580 acceperint
3261 2527 3454 2568 nomen
3481 2495 3626 2583 quod

2063 2603 2350 2666 utrumque
2399 2595 2765 2665 signiﬁcaret;
2833 2607 2892 2651 ut
2951 2613 3073 2652 cum
3129 2599 3350 2656 inferius
3412 2603 3628 2660 audires

2067 2695 2316 2749 mortem,
2366 2686 2501 2740 nihil
2549 2688 2840 2752 movearis,
2869 2703 2936 2743 ne
2969 2689 3057 2743 illa
3091 2692 3277 2754 verba,
3309 2693 3626 2750 cruciﬁxum

2060 2788 2110 2829 et
2143 2778 2432 2846 sepultum,
2463 2792 2621 2831 aures
2646 2778 2938 2843 oﬁendant,
2956 2788 3210 2849 tanquam
3235 2781 3347 2838 haec
3377 2784 3444 2838 sit
3467 2798 3627 2852 passa

2060 2866 2363 2937 divinitas.]
2411 2867 2611 2921 Deinde
2651 2869 2714 2920 ad
2763 2869 2877 2923 bznc
2926 2870 3014 2923 illa
3063 2870 3379 2940 subjungit:
3418 2872 3628 2946 [Credi-

2063 2972 2182 3010 mus
2230 2957 2282 3009 in
2339 2971 2498 3011 unum
2544 2956 2828 3013 Dominum
2875 2959 3055 3015 Jesum
3103 2962 3379 3018 Christum
3430 2964 3626 3021 Filium

2063 3045 2437 3114 unigenitum,
2496 3061 2560 3101 ex
2615 3046 2775 3103 Patre
2826 3059 3049 3112 natmn,
3114 3054 3627 3110 consubstantialem

1987 3128 2029 3184 C
2063 3135 2204 3190 Ρειιιί
2241 3155 2253 3190 :
2282 3139 2371 3207 qui
2416 3138 2692 3193 descendit
2729 3140 2795 3194 de
2829 3142 2983 3196 caelis
3017 3152 3238 3214 propter
3269 3130 3403 3210 nos,
3440 3157 3495 3202 et
3541 3149 3627 3202 in-

2063 3239 2320 3283 carnatus
2343 3240 2426 3284 est
2448 3232 2512 3286 de
2542 3232 2745 3300 Spiritu
2774 3245 2983 3289 sancto.
3019 3234 3132 3290 Non
3161 3237 3412 3293 dixerunt
3473 3240 3629 3307 item,

2063 3317 2259 3372 Natum
2295 3319 2363 3374 de
2411 3319 2617 3387 Spiritu
2663 3331 2871 3377 sancto.
2907 3323 3074 3378 Porro
3119 3338 3338 3383 sanctos
3373 3329 3490 3386 illos
3522 3330 3629 3385 Pa-

2066 3419 2197 3475 tres,
2233 3411 2432 3480 inquit,
2479 3421 2534 3465 ut
2566 3411 3052 3481 interpretarentur
3077 3417 3331 3484 quidnam
3374 3418 3500 3474 illud
3536 3426 3628 3486 sit,

2064 3499 2401 3567 lncaroatus,
2451 3501 2653 3555 dixisse
2699 3500 2848 3564 illud,
2897 3502 3068 3558 Homo
3101 3505 3280 3560 factus
3319 3506 3450 3580 est.]
3492 3510 3630 3576 Quid

2061 3606 2192 3647 vero
2230 3592 2322 3654 sit,
2346 3591 2519 3646 Homo
2557 3594 2754 3658 factus,
2805 3609 2994 3650 rursus
3042 3597 3155 3664 ipse
3189 3598 3469 3655 declarans
3511 3602 3626 3659 ait:

2066 3681 2197 3753 [Sua
2231 3683 2336 3752 23
2392 3683 2558 3751 ipsius
2601 3695 2792 3739 natura
2836 3701 2939 3740 non
2991 3686 3042 3740 in
3092 3701 3255 3742 carne
3294 3702 3630 3760 remanente,

2063 3772 2158 3827 sed
2191 3771 2634 3828 inhabitationem
2672 3774 2903 3829 hominis
2931 3775 3242 3847 subeunte.]

2687 3905 2838 3962 CAP.
2883 3905 2995 3960 VII.

2132 4039 2216 4093 An
2247 4051 2377 4093 vero
2403 4037 2686 4108 quisquam
2725 4037 2816 4107 qui
2871 4037 3012 4092 inter
3059 4037 3402 4096 Christianos
3441 4054 3632 4098 cense-

2066 4135 2174 4194 tur,
2206 4142 2361 4196 azquo
2388 4127 2568 4180 animo
2599 4125 2738 4180 ferat
2774 4125 2860 4180 vel
2902 4125 3158 4196 ineptiam
3198 4128 3510 4197 verborum,
3549 4129 3632 4186 vel

2065 4221 2453 4276 sententiarum
2489 4219 2854 4287 impietatem?
2885 4216 3076 4274 Nonne
3128 4219 3243 4276 haec
3279 4222 3440 4276 verba
3489 4226 3632 4294 apud

2064 4313 2315 4368 cordatos
2362 4325 2494 4366 sane
2553 4311 2802 4366 homines
2855 4320 3108 4380 tanquam
3168 4313 3472 4368 scurrilitas
3536 4315 3634 4369 ha-

2067 4405 2237 4458 benda
2255 4413 2401 4469 sunt,
2420 4417 2484 4456 ac
2515 4401 2904 4456 maledicentia
2923 4401 2974 4456 in
2993 4402 3266 4457 Christum
3291 4419 3459 4473 genus
3489 4405 3632 4460 haud

2066 4495 2348 4550 inﬁmum?
2399 4492 2778 4548 Calumniatur
2824 4495 2968 4547 enim
3009 4493 3291 4548 veritatem
3321 4511 3335 4548 :
3369 4509 3476 4550 non
3507 4509 3632 4551 esse

2066 4587 2238 4657 ipsum
2279 4585 2455 4654 inquit
2498 4596 2625 4637 vere
2665 4581 2882 4646 Filium,
2932 4597 3052 4636 cum
3099 4582 3204 4636 hoc
3235 4597 3428 4637 nomen
3476 4582 3633 4639 alteri

2067 4677 2287 4730 tribuat.
2304 4673 2622 4746 [Attendite,
2647 4671 2994 4741 iuquit,quod
3010 4687 3133 4726 cum
3158 4673 3307 4743 prius
3327 4674 3634 4743 posuissent

2065 4767 2166 4822 hoc
2206 4781 2422 4830 nomen,
2471 4765 2738 4828 Christus,
2787 4765 2928 4834 quod
2965 4766 3099 4817 duas
3141 4774 3365 4819 naturas
3408 4765 3632 4834 indicat,

2067 4871 2170 4910 non
2197 4855 2453 4917 dixerint,
2484 4853 2838 4910 Credimusin
2868 4867 3029 4906 unum
3059 4853 3222 4907 Deum
3250 4852 3634 4927 Verbum.]Ac

2065 4947 2131 5002 de
2166 4945 2382 5002 nomine
2427 4947 2547 5008 hoc,
2605 4960 2798 5015 nempe
2850 4944 3072 5010 Christi,
3105 4943 3262 5016 paulo
3294 4954 3416 5015 post
3457 4945 3632 5001 disse-

2067 5054 2208 5104 ram,
2263 5046 2442 5092 utrum
2498 5038 2712 5090 tandem
2772 5038 2908 5090 duas
2953 5046 3176 5090 naturas
3215 5035 3518 5104 signiﬁcet,
3564 5050 3632 5090 an

2064 5142 2220 5184 secus
2262 5129 2448 5204 :quod
2512 5127 2623 5196 jam
2674 5135 2758 5181 cst
2809 5141 2916 5196 pne
2967 5128 3256 5191 manibus,
3306 5135 3366 5181 ut
3420 5125 3634 5180 licuerit

2065 5219 2440 5276 discutiamus.
2510 5219 2676 5288 Igitur
2727 5216 2873 5273 nullo
2924 5218 3083 5274 modo
3131 5216 3349 5286 quidem
3397 5214 3634 5271 ferenda

2067 5323 2193 5369 sunt
2223 5328 2398 5384 ιιιιετιν,
2433 5327 2568 5382 quas
2600 5313 2700 5368 iste
2743 5311 2876 5367 adeo
2912 5311 3144 5367 absurde
3183 5322 3239 5365 et
3276 5309 3520 5379 imperite
3553 5308 3634 5362 et-

2068 5401 2231 5457 futit:
2275 5403 2370 5456 sed
2420 5403 2563 5456 dicet
2603 5401 2799 5471 aliquis
2842 5411 3040 5464 tamen,
3079 5410 3137 5454 ut
3182 5408 3400 5455 sanctos
3439 5395 3631 5451 Patres

2067 5491 2317 5547 defendat
2360 5489 2541 5557 :Quid
2588 5493 2738 5560 agis,
2788 5505 2820 5544 o
2871 5491 3008 5546 bone
3048 5492 3150 5554 vir,
3198 5504 3318 5544 cum
3369 5488 3631 5540 adversus

2070 5593 2286 5637 sanctos
2328 5583 2472 5636 viros
2521 5579 2802 5634 efferatam
2864 5579 3097 5649 linguam
3149 5577 3390 5640 emittis,
3435 5574 3634 5645 quibus

2065 5673 2208 5742 juste
2241 5675 2308 5728 ab
2346 5674 2464 5743 ipso
2506 5672 2746 5727 omnium
2806 5680 3050 5726 nostrum
3095 5667 3373 5746 Salvatore
3417 5665 3635 5726 Christo
