4024 6462
536 345 651 427 47¹

1520 323 1581 378 S.
1619 314 1895 374 CVRILLI
1936 309 2413 371 ALEXANDllINI
2447 305 2774 365 ARCHIEP.

3722 298 3813 355 48

535 424 651 514 ιίῖιιί¹
672 463 850 525 potest
879 494 894 509 .
924 473 943 503 ι
977 452 1089 504 Non
1114 447 1246 501 estis
1273 459 1365 500 vos
1391 443 1481 513 qui
1518 439 1825 511 loquimini,
1855 438 1949 493 sed
1979 435 2103 504 Spi-

2220 432 2364 504 ipsl;
2394 432 2519 485 ἐστε
2550 430 2601 483 oi
2624 425 2938 493 λαλοῦντες,
2961 425 3098 481 ἀλλὰ
3124 423 3187 479 τὸ
3206 422 3432 495 Πνεῦμα
3455 420 3551 489 τοῦ
3573 416 3814 490 Πατρός

538 551 673 603 ritus
708 546 885 600 Patris
913 542 1077 597 vestri
1112 539 1203 609 qui
1240 537 1477 607 loquitur
1513 537 1567 587 in
1606 529 1761 587 vobis
1779 529 1869 582 "l
1900 545 1920 581 ι
1959 526 2104 593 Quid

535 638 679 693 enim
708 645 791 691 est
831 635 898 687 ab
924 633 1028 687 illis
1049 636 1384 700 perceptum,
1412 622 1554 694 quod
1598 635 1705 675 non
1739 617 1824 671 vel
1869 616 2106 671 maxime

537 724 840 785 admirabili
893 720 1195 779 subtilitate
1222 716 1385 771 luerit
1440 709 1769 781 expolitum?
1823 707 2104 779 quodnam

538 824 732 888 dogma
750 812 1111 869 necessarium
1132 802 1593 878 prtetermissum‘!
1623 800 1815 870 quisve
1832 794 2105 853 cautionis

542 884 732 973 invidus
777 897 1087 970 neglectus?
1137 893 1278 967 [Non
1327 892 1443 945 ausi
1490 900 1657 952 sunt,
1692 886 1908 955 inquit,
1964 884 2105 938 inter

542 994 664 1048 ﬁdei
699 990 996 1047 sententias
1028 999 1252 1057 ponere,
1294 984 1460 1037 Deum
1484 978 1720 1034 Verbum
1751 989 1871 1032 esse
1894 989 1961 1031 ex
1996 974 2109 1028 Ma-

543 1087 624 1137 ria
656 1079 947 1154 genitum.]
990 1079 1161 1147 Igitur
1201 1077 1248 1131 si
1300 1074 1401 1128 hac
1444 1074 1512 1127 de
1544 1084 1706 1126 causa
1751 1067 1984 1138 majores
2012 1081 2109 1120 no-

536 1186 685 1231 stros
739 1188 981 1236 accusas,
1035 1181 1091 1225 et
1138 1179 1190 1223 te
1244 1180 1385 1235 mgre
1438 1164 1581 1218 ferre
1635 1160 1772 1215 dicis
1813 1160 1962 1228 quod
1998 1171 2107 1211 non

545 1266 732 1320 iisdem
756 1278 1002 1332 prorsus,
1038 1259 1236 1330 quibus
1266 1269 1344 1319 tu,
1373 1255 1593 1308 vocibus
1629 1252 1709 1305 usi
1741 1260 1886 1311 sunt,
1919 1256 2107 1312 restat,

544 1367 601 1410 ut
633 1354 793 1410 simul
821 1353 974 1423 ipsos
1011 1366 1227 1420 quoque
1256 1354 1474 1402 sanctos
1500 1342 1770 1412 apostolos
1800 1350 1854 1393 et
1878 1350 2111 1403 evange.

542 1445 692 1498 listas
740 1441 1049 1496 criminerls
1100 1455 1115 1492 :
1159 1438 1248 1505 qui
1299 1449 1421 1489 cum
1463 1432 1530 1487 de
1585 1430 1787 1486 Christi
1850 1426 2111 1498 mysterio

543 1533 708 1586 libros
740 1526 1184 1596 conscripserint,
1231 1536 1326 1578 eos
1374 1522 1478 1578 tuis
1512 1520 1735 1574 vocibus
1775 1518 1843 1571 ad
1884 1514 2108 1571 verbum

545 1633 671 1674 usos
692 1618 887 1686 utique
920 1630 1081 1670 nemo
1108 1613 1276 1683 possit
1298 1610 1606 1667 ostendere.
1627 1608 1815 1677 Igitur,
1836 1605 1883 1659 si
1911 1605 2109 1674 placet,

541 1711 699 1764 mitte
727 1709 861 1772 haec,
893 1715 950 1758 ut
993 1742 1008 1757 .
1053 1743 1069 1757 .
1114 1745 1128 1760 .
1169 1740 1185 1757 .
1231 1740 1246 1756 .
1289 1740 1304 1755 .
1341 1710 1395 1755 et
1422 1699 1706 1754 considera
1735 1696 1914 1766 potius
1943 1693 2112 1762 ipsius

2210 524 2365 594 ὑμῶν
2405 524 2466 576 τὸ
2493 519 2688 575 λαλοῦν
2718 521 2778 575 ὲν
2811 518 2979 590 ύμῖν;
3006 535 3026 569 ι
3067 516 3134 571 Τί
3158 516 3268 587 γὰρ
3299 516 3364 569 ού
3395 513 3645 583 νενόηται
3676 509 3811 563 τῶν

2210 613 2331 667 λίαν
2353 610 2735 682 ἑπεξεσμένων
2759 610 2841 674 είς
2869 606 3163 679 ίσχνότητα
3179 606 3277 678 τὴν
3296 601 3767 674 τεθαυμασμένην
3791 616 3813 664 ;

2210 704 2264 757 τί
2289 703 2398 757 τῶν
2434 700 2747 770 ἀναγκαίων
2780 698 3073 771 παρῶπται
3097 698 3405 770 δογμάτων,
3429 696 3464 768 ἢ
3498 698 3646 757 ποῖος
3691 693 3814 747 αὖ·
3847 753 3871 771 ,.

2210 796 2325 858 τοῖς
2350 760 2652 863 ἀσφαλείας
2678 760 2954 862 ἠμέληται
3269 787 3370 860 [Οὐ
3391 760 3813 856 -τέτολμήκασι,
3847 760 3885 847 ἐξ

2212 888 2366 959 φησὶ,
2388 889 2501 951 τοῖς
2528 886 2660 958 περὶ
2684 885 2785 956 τῆς
2813 884 3052 947 πίστεως
3075 882 3311 936 ἐνθεῖναι
3333 878 3535 948 λόγοις,
3556 877 3639 929 ὅτι
3659 874 3816 937 Θεὸς

2211 980 2385 1047 Λόγος
2408 979 2474 1031 ἑκ
2501 977 2725 1047 Μαρίας
2745 970 3059 1045 ἑγεννήθη.]
3091 969 3300 1026 Οὐκοῦν
3326 969 3375 1022 εί
3400 966 3603 1033 ταύτης
3632 963 3818 1015 ἕνεκα

2210 1067 2310 1136 τῆς
2344 1066 2525 1129 αἰτίας
2566 1066 2693 1128 τοὺς
2731 1061 2839 1135 πρὸ
2878 1061 3036 1134 ημῶν
3061 1058 3353 1129 γεγονότας
3388 1056 3555 1124 αίτιᾷ,
3588 1052 3683 1106 καὶ
3714 1050 3819 1102 λι-

2212 1154 2487 1225 λυπῆσθαι
2534 1154 2663 1223 φὴς,
2697 1154 2780 1206 ὅτι
2828 1151 2904 1222 μὴ
2941 1146 3377 1219 ἀπαραλλάκτως
3402 1144 3523 1205 ταῖς
3555 1139 3678 1201 σαῖς
3709 1136 3817 1189 εὖ-

2215 1262 2407 1317 ρηνται
2439 1243 2766 1314 κεχρημένοι
2804 1242 3030 1309 φωναῖς,
3060 1239 3179 1310 ὥρα
3205 1237 3346 1306 τὰχα
3382 1250 3487 1286 που
3518 1227 3817 1284 συναιτιᾶ-

2216 1335 2340 1387 σθαι
2383 1333 2478 1387 καὶ
2517 1333 2718 1396 αύτοὺς
2742 1331 2870 1394 τοὺς
2898 1329 3089 1398 ἁγίους
3120 1326 3451 1387 ἀποστόλους
3497 1320 3592 1374 καὶ
3631 1319 3816 1385 εὐαγ-

2213 1424 2500 1493 γελιστάς·
2549 1420 2965 1493 συγγεγράφασι
3015 1419 3114 1492 μὲν
3162 1418 3270 1488 γάρ
3303 1417 3404 1485 τῆς
3433 1414 3526 1469 ἐπὶ
3573 1407 3813 1483 Χριστῷ

2217 1514 2609 1586 μυσταγωγίας
2655 1513 2754 1577 τὰς
2805 1510 3022 1582 βίσλους
3042 1525 3056 1540 ·
3101 1506 3379 1573 αύτολεξεὶ
3418 1505 3475 1559 δὲ
3506 1504 3625 1567 ταῖς
3674 1502 3813 1563 σαῖς

2214 1608 2315 1660 οὐκ
2346 1605 2414 1660 ἂν
2441 1603 2727 1669 ἐπιδείξειε
2773 1621 2859 1668 τις
2902 1600 3283 1674 χρησαμένους
3329 1598 3558 1667 φωναῖς.
3575 1593 3721 1648 Ἀλλ’
3755 1591 3822 1647 εἴ

2220 1714 2303 1753 σοι
2330 1697 2497 1761 δοκεῖ,
2527 1695 2681 1749 τουτὶ
2720 1695 2820 1766 μὲν
2851 1695 3049 1767 πάρες.
3073 1693 3149 1756 ὡς
3179 1692 3399 1764 [λείπει
3431 1687 3533 1760 τι.]
3562 1687 3722 1759 ἄθρει
3747 1683 3814 1739 δὲ

538 1799 623 1852 rei
667 1797 931 1851 rationem
977 1794 1045 1848 ab
1080 1792 1186 1846 illis
1216 1790 1558 1860 explicatam.
1615 1785 1863 1855 Erigitur
1895 1783 2044 1837 enim
2079 1796 2111 1835 a

2220 1788 2419 1860 μᾶλλον
2451 1788 2550 1857 τὴν
2578 1786 2672 1840 τοῦ
2704 1785 3032 1857 πράγματος
3060 1784 3290 1854 δήλωσιν
3321 1780 3466 1851 μάλα
3494 1775 3817 1846 πεποιημῶ-

534 1889 705 1945 .nohis
735 1887 869 1941 lldes
900 1886 954 1940 in
1000 1891 1246 1941 sanctam
1276 1890 1332 1936 et
1374 1875 1897 1934 consubstantialem
1935 1872 2115 1929 Trini-

548 1993 735 2038 tatem.
778 1979 928 2050 Ergo
975 1992 1099 2033 cum
1152 1975 1424 2029 fateantur
1465 1969 1690 2027 credere
1732 1981 1793 2021 se
1842 1966 1895 2019 in
1949 1978 2114 2019 unum

548 2074 713 2125 Deum
743 2069 956 2123 Patrem
993 2064 1439 2133 omnipotentem,
1465 2059 1706 2114 omnium
1739 2054 2032 2110 visibilium
2062 2062 2116 2108 et

545 2157 895 2214 invisibiiiutn
915 2152 1207 2215 lectorem,
1236 2159 1292 2205 et
1328 2150 1380 2203 in
1415 2162 1579 2201 unum
1613 2145 1899 2199 Dominum
1931 2140 2115 2196 Jesum

543 2248 816 2303 Christum
844 2243 1044 2297 Filium
1068 2239 1217 2308 ejus;
1264 2251 1441 2306 neque
1473 2235 1613 2289 alter
1637 2234 1735 2294 sit,
1766 2243 1826 2285 ut
1867 2246 1964 2289 nos
1991 2246 2114 2285 cne-

547 2341 743 2401 dimus,
762 2332 931 2389 Jesus
960 2331 1209 2387 Christus
1240 2328 1499 2381 Dominus
1526 2333 1722 2392 praeter
1756 2322 1905 2375 illum
1949 2334 2113 2373 unum

546 2442 600 2483 et
626 2424 923 2482 secundum
953 2430 1203 2477 naturam
1242 2434 1304 2472 ac
1332 2431 1461 2472 vere
1492 2413 1688 2468 Filium
1716 2427 1783 2467 ex
1828 2412 1937 2465 Deo
1962 2410 2114 2480 geni-

540 2530 680 2582 tum,
724 2509 1139 2583 cumque-illud
1194 2508 1337 2575 quod
1384 2514 1503 2561 erat
1548 2503 1692 2558 Deus
1743 2502 2000 2565 Verbum,
2047 2502 2119 2555 sit

549 2611 707 2662 homo
748 2604 948 2659 lactant
996 2616 1092 2670 per
1138 2598 1283 2651 illam
1333 2593 1521 2665 procul
1561 2592 1728 2647 dubio
1776 2605 1845 2645 ex
1896 2588 2119 2644 muliere

547 2697 984 2768 generationem:
1008 2689 1119 2762 24
1146 2690 1238 2760 qui
1269 2688 1382 2741 ﬁeri
1414 2693 1609 2755 potest,
1632 2693 1690 2737 ut
1714 2682 1803 2751 qui
1832 2681 2117 2750 dispensa—

548 2795 747 2845 tienem
786 2787 1107 2857 pradicant,
1153 2781 1323 2851 ipsius
1355 2779 1521 2832 etiam
1550 2790 1617 2830 ex
1671 2774 1897 2828 muliere
1924 2771 2121 2826 nativi-

551 2892 713 2933 tatem
740 2876 1034 2933 secundum
1070 2884 1287 2927 carnem
1318 2866 1501 2936 eloqui
1534 2880 1640 2919 non
1672 2863 1959 2918 manifeste
1988 2876 2119 2916 cono

550 2963 876 3020 vincantur?
921 2961 1073 3015 Tunc
1118 2962 1264 3015 cnim
1325 2958 1455 3011 illud
1504 2955 1737 3011 Verbum
1785 2953 1929 3023 quod
1979 2952 2118 3008 Deus

529 3068 686 3119 uarat,
706 3068 763 3111 et
793 3054 882 3108 ille
912 3053 1079 3108 Filius
1104 3051 1197 3121 qui
1220 3057 1337 3104 erat
1361 3047 1649 3117 sapientia,
1680 3055 1734 3099 et
1761 3046 1894 3109 vita,
1923 3054 1978 3099 et
2003 3043 2117 3108 lux,

2213 1897 2359 1943 νους.
2388 1878 2699 1950 Πράττεται
2732 1877 2831 1948 μὲν
2854 1877 2965 1947 γὰρ
2987 1874 3122 1947 πρὸς
3148 1872 3305 1944 ἡμῶν
3330 1873 3364 1943 ὴ
3390 1871 3571 1934 πίστις
3594 1868 3676 1930 είς
3701 1864 3813 1935 τὴν

2215 1970 2378 2038 ἁγίαν
2405 1969 2496 2022 καὶ
2511 1967 2794 2039 όμοούσιον
2815 1968 3037 2038 Τριάδα.
3055 1965 3273 2034 Ἐπειδὴ
3289 1963 3348 2016 δέ
3365 1978 3500 2030 φασι
3517 1956 3813 2013 πιστεύειν

2215 2061 2297 2122 είς
2322 2060 2417 2115 ἕνα
2442 2058 2597 2119 Θεὸν,
2624 2058 2842 2128 Πατέρα
2871 2058 3306 2127 παντοκράτορα,
3338 2053 3557 2106 πάντων
3580 2046 3812 2118 ὁρατῶν

2215 2166 2275 2204 τε
2311 2150 2405 2203 καὶ
2436 2148 2684 2219 ἀοράτων
2712 2148 2942 2218 ποιητήν
2962 2163 2975 2175 ·
3010 2147 3105 2201 καὶ
3132 2146 3211 2207 είς
3233 2146 3328 2197 ἕνα
3350 2142 3555 2213 Κύριον
3587 2137 3810 2208 Ἰησοῦν

2216 2238 2455 2309 Χριστὸν
2487 2238 2580 2291 τὸν
2613 2238 2742 2290 Υίδν
2774 2236 2971 2291 αὐτοῦ’
3020 2237 3121 2306 οὐχ
3170 2236 3355 2305 ἕτερος
3397 2233 3454 2286 δὲ
3503 2230 3625 2286 καθ’
3650 2231 3811 2302 ἡμᾶς

2230 2327 2435 2398 Ἰησοῦς
2470 2328 2706 2397 Χριστὸς
2736 2326 2939 2399 Κύριος
2974 2326 3125 2396 παρά
3147 2324 3239 2378 τὸν
3262 2325 3361 2377 ἕνα
3382 2322 3478 2377 xai.
3499 2320 3682 2390 φύσει.
3705 2320 3808 2376 καὶ

2216 2418 2431 2486 ἀληθῶς
2464 2418 2591 2473 Υίόν
2614 2434 2626 2448 ⁸
2676 2417 2735 2481 ὃς
2783 2419 2849 2471 ἐκ
2880 2418 3015 2471 Θεοῦ
3052 2415 3330 2486 πεφηνὼς,
3360 2414 3455 2471 καὶ
3494 2414 3625 2477 Θεὸς
3658 2412 3742 2467 ὢν
3775 2413 3811 2467 ό

2216 2509 2409 2577 Λόγος,
2434 2508 2659 2577 γέγονεν
2692 2508 2998 2583 ἄνθρωπος,
3022 2508 3111 2562 διὰ
3141 2508 3444 2577 γεννήσεως
3467 2507 3526 2560 δὲ
3554 2505 3809 2575 δηλονότι

2216 2598 2315 2666 τῆς
2362 2599 2425 2650 ὲκ
2456 2596 2733 2665 γυναικὸς,
2771 2598 2893 2651 τίνα
2922 2597 3121 2667 τρόπον
3160 2598 3208 2650 οί
3241 2595 3330 2649 τὸν
3358 2596 3457 2665 τῆς
3486 2596 3810 2665 οἰκονομίας

2216 2690 2578 2758 κηρύττοντες
2607 2690 2783 2759 λόγον,
2809 2691 2910 2745 οὐκ
2958 2692 3024 2745 ἂν
3058 2690 3235 2747 ἁλοῖεν
3273 2686 3440 2743 αὑτοῦ
3483 2690 3583 2760 τὴν
3607 2690 3674 2743 ἐκ
3702 2706 3811 2759 γυ-

2218 2779 2404 2840 ναικὸς
2429 2778 2570 2832 κατὰ
2601 2779 2784 2848 σάρκα
2813 2778 3101 2844 λαλοῦντες
3126 2779 3412 2848 γέννησιν;
3434 2778 3568 2832 Τότε
3596 2777 3709 2850 γάρ
3740 2779 3814 2847 δὴ

2219 2868 2454 2938 Χριστὸς
2488 2867 2689 2938 Ἰησοῦς
2726 2868 3065 2938 ὠνόμασται,
3106 2868 3237 2933 Θεὸς
3277 2866 3353 2923 ὥν
3394 2868 3424 2921 ό
3470 2868 3664 2938 Λόγος,
3710 2870 3813 2923 καὶ

2224 2958 2405 3027 σοςρία,
2432 2958 2528 3011 καὶ
2556 2958 2691 3026 ζωὴ.
2736 2958 2829 3013 καὶ
2858 2957 2993 3027 φῶς,
3025 2957 3053 3009 ό
3081 2958 3228 3021 Υίός.
3262 2956 3534 3028 Πρόδηλον
3565 2951 3685 3024 οὖν,
3722 2957 3813 3009 ὄτι

2221 3049 2321 3117 τῆς
2367 3048 2581 3103 τοιᾶσδε
2616 3046 2860 3118 κλήσεως
2887 3051 2915 3101 ό
2945 3048 3137 3120 καιρὸς
3168 3047 3654 3121 συνειστρέχουσαν
3691 3047 3815 3118 ἔχει

533 3146 848 3217 appellatus
875 3153 959 3200 est
990 3141 1154 3198 Jesus
1191 3140 1462 3195 Christus.
1502 3138 1851 3206 Perspicuum
1901 3147 1983 3189 est
2017 3135 2116 3204 igi-

2220 3138 2320 3207 τὴν
2351 3136 2629 3206 γέννησιν,
2663 3135 2763 3207 τὴν
2793 3136 2881 3191 διά
2907 3138 2973 3205 γέ
3004 3155 3144 3208 φημι
3169 3140 3269 3208 τῆς
3297 3138 3459 3207 ἁγίας
3493 3135 3808 3207 Παρθένου.

551 3252 657 3303 tur,
683 3236 831 3293 illam
861 3250 929 3290 ex
949 3242 1135 3289 sancta
1160 3230 1379 3298 Virgine
1411 3228 1746 3283 nativitatem
1770 3228 1958 3282 eodem
1990 3238 2120 3281 tem-

542 3344 681 3400 pore
723 3342 847 3383 cum
887 3322 1155 3395 ejusmodi
1191 3320 1555 3390 appellatione
1584 3319 1951 3375 concurrisse.
1989 3318 2122 3375 Cre-

552 3418 728 3474 dendo
756 3425 940 3471 autem
970 3414 1026 3469 in
1052 3412 1333 3468 Christum
1358 3411 1567 3473 Iesum,
1602 3408 1657 3463 in
1687 3408 1839 3463 illum
1871 3422 2039 3462 unum
2067 3415 2123 3464 et

544 3524 742 3565 natura
779 3514 834 3561 et
863 3519 990 3561 vere
1023 3502 1218 3558 Filiqu
1260 3516 1360 3556 nos
1388 3501 1631 3563 credere,
1664 3501 1791 3554 dum
1834 3500 1948 3554 haec
1991 3498 2123 3553 ﬁdes

549 3617 649 3670 per
677 3603 849 3669 ipsum
879 3596 1112 3651 recurrit
1139 3594 1193 3647 in
1216 3591 1454 3659 Patrem,
1482 3592 1687 3646 clarum
1710 3591 1771 3645 lit
1797 3606 1865 3646 ex
1890 3605 1954 3645 eo
1978 3590 2123 3661 quod

554 3696 668 3760 ipse
697 3692 950 3745 universo
986 3697 1251 3742 terrarum
1281 3686 1399 3739 orbi
1438 3684 1738 3754 proclamat
1767 3701 1781 3738 :
1812 3702 1831 3734 ι
1863 3685 1964 3749 Qui
2002 3696 2125 3737 cre—

554 3785 631 3837 dit
659 3783 711 3836 in
758 3796 865 3845 me,
893 3794 997 3837 non
1026 3779 1078 3833 in
1111 3792 1196 3832 me
1225 3776 1421 3842 credit,
1459 3777 1553 3832 sed
1596 3777 1649 3830 in
1696 3790 1820 3829 eum
1854 3775 1946 3843 qui
1979 3772 2125 3829 misit

557 3889 640 3928 me
662 3873 741 3939 ⁶¹;
773 3890 792 3924 ι
830 3880 884 3926 ct
918 3889 932 3925 :
966 3890 983 3922 ι
1017 3869 1116 3936 Qui
1157 3868 1303 3923 videt
1337 3883 1444 3932 me,
1488 3868 1633 3922 videt
1665 3881 1787 3920 eum
1831 3866 1923 3934 qui
1976 3864 2126 3919 misit

554 3982 640 4020 me
656 3965 736 4029 ⁶³;
770 3984 789 4015 ι
826 3973 879 4018 et
928 3978 1115 4017 rursus
1145 3977 1160 4014 :
1197 3981 1217 4015 ι
1246 3962 1482 4017 Creditis
1516 3960 1571 4014 in
1608 3957 1800 4021 Deum,
1839 3967 1891 4011 et
1940 3957 1991 4010 in
2038 3968 2126 4009 me

550 4058 758 4111 credite
783 4055 859 4124 (4)
884 4054 950 4107 ⁸⁵.
981 4072 999 4104 ι
1033 4053 1216 4122 Neque
1248 4054 1392 4107 enim
1443 4052 1630 4117 utique
1674 4048 1989 4108 asserimus,
2021 4044 2125 4097 du-

556 4147 745 4214 plicem
794 4144 942 4198 illum
1001 4159 1032 4197 a
1092 4142 1245 4196 nobis
1300 4142 1457 4193 Iidem
1507 4141 1761 4206 exigere;
1815 4136 1909 4190 sed
1943 4134 2126 4203 potius

556 4241 770 4297 docere,
807 4234 1052 4304 quisquis
1086 4234 1242 4286 Iidem
1284 4231 1337 4284 in
1365 4245 1486 4284 eum
1528 4226 1851 4296 susceperit,
1887 4225 2035 4277 illum
2070 4224 2125 4278 in

550 4330 727 4396 ipsum
760 4324 975 4379 Patrem
1028 4324 1272 4377 credere.
1321 4320 1425 4375 Sed
1462 4319 1611 4388 quia,
1660 4327 1719 4372 ut
1761 4317 1911 4371 illum
1949 4315 2126 4370 facere

556 4433 652 4487 par
670 4414 1103 4482 erat,nominum
1126 4410 1551 4481 :equivocatione
1580 4409 1739 4478 paulo
1769 4417 1890 4478 post
1921 4418 2122 4474 utetur,

545 4509 858 4565 'ronnnnnia
885 4521 1007 4561 esse
1039 4506 1223 4561 dicens
1251 4512 1305 4559 et
1335 4502 1532 4558 Christi
1562 4516 1776 4570 nomen,
1802 4512 1855 4555 ct
1890 4499 2118 4567 homini,

553 4611 715 4670 atque
778 4599 941 4654 etiam
993 4596 1151 4664 Filii,
1209 4610 1380 4665 eaque
1436 4594 1727 4648 convenire
1784 4592 2126 4648 conlirmabit

556 4692 730 4747 Verbo
763 4691 838 4745 illi
870 4704 937 4745 ex
974 4687 1134 4743 Patre
1175 4688 1377 4758 genito,
1407 4686 1572 4741 etiam
1605 4684 1651 4740 si
1684 4686 1833 4740 solus
1873 4684 2121 4740 conside-

545 4795 702 4838 retur
736 4784 974 4837 nondutu
1024 4787 1302 4846 assumpta
1343 4790 1532 4841 carne,
1572 4791 1783 4831 necnon
1830 4777 1994 4829 etiam
2046 4775 2118 4828 illi

553 4874 751 4939 templo
793 4887 860 4925 ex
895 4869 1115 4937 Virgine
1159 4877 1317 4931 nato;
1351 4877 1406 4920 et
1443 4866 1600 4935 quia,
1647 4876 1703 4920 ut
1744 4875 1903 4936 puto,
1945 4866 2026 4919 his
2055 4867 2121 4919 de

556 4966 714 5016 rebus
742 4962 1031 5028 disputatio
1070 4959 1421 5028 inquisitione
1457 4972 1649 5029 magna
1684 4960 1909 5026 indiget,
1939 4972 2003 5012 ea
2049 4958 2116 5011 ad

550 5058 787 5122 praesens
831 5050 1224 5121 onportunc'in
1272 5059 1483 5121 tempus
1518 5052 1855 5106 commodius
1891 5050 2119 5119 rejecta,

2221 3230 2342 3285 Ὅτι
2376 3228 2725 3294 πιστεύοντες
2756 3228 2866 3300 [Im
2895 3229 2976 3282 ὅτι
2995 3229 3051 3285 δὲ
3071 3228 3443 3301 πιστεύοντες]
3462 3231 3542 3295 είς
3570 3229 3814 3301 Χριστὸν

2232 3319 2464 3390 Ἰησοῦν,
2498 3320 2581 3382 είς
2619 3320 2710 3373 τὸν
2752 3319 2850 3374 ἕνα
2903 3320 2999 3374 καὶ
3043 3319 3203 3387 φύσει
3263 3320 3359 3375 καὶ
3409 3319 3627 3392 ἀληθῶς
3676 3320 3814 3377 Υίὸν

2222 3408 2574 3478 πιστεύομεν,
2605 3408 2984 3479 ἀναφοιτώσης
3007 3410 3108 3479 τῆς
3122 3410 3365 3477 πίστεως
3383 3412 3463 3477 είς
3476 3411 3568 3465 τὸν
3584 3412 3815 3485 Πατέρα

2219 3502 2289 3557 δι’
2322 3501 2513 3564 αὑτοῦ.
2544 3502 2731 3571 σαφῶς
2762 3501 2891 3573 [τσ.
2927 3502 3118 3574 σαφὲς]
3150 3502 3219 3558 ἂν
3251 3505 3482 3572 γένοιτο,
3512 3504 3809 3577 διακεκρα-

2219 3591 2376 3659 γότος
2409 3589 2575 3645 αὐτοῦ
2602 3590 2680 3661 τῷ
2701 3591 2893 3661 κόσμῳ
2921 3591 3084 3644 παντί
3104 3606 3119 3621 θ
3154 3611 3172 3644 ι
3195 3592 3251 3649 '0
3279 3593 3549 3649 πιστεύων
3572 3594 3651 3659 είς
3674 3592 3808 3664 ἐμὲ,

2222 3682 2284 3736 ού
2320 3682 2567 3739 πιστεύει
2615 3683 2696 3744 είς
2745 3681 2869 3752 ἐμὲ,
2896 3682 3009 3735 ἀλλ’
3040 3684 3121 3745 είς
3170 3682 3260 3736 τὸν
3310 3683 3604 3754 πέμψαντά
3648 3700 3746 3753 με·
3787 3702 3807 3736 ι

2228 3773 2343 3837 καὶ,
2387 3790 2406 3826 ι
2431 3772 2488 3829 Ὀ
2533 3770 2753 3842 θεωρῶν
2802 3771 2926 3842 ἐμὲ,
2956 3772 3153 3842 θεωρεῖ
3196 3773 3291 3827 τὸν
3329 3774 3625 3845 πέμψαντά
3657 3792 3754 3845 με’
3790 3795 3808 3827 ι

2226 3864 2320 3917 καὶ
2367 3864 2548 3929 πάλιν,
2596 3881 2614 3914 ι
2645 3863 2937 3916 Πιστεύετε
2984 3865 3064 3927 εἰς
3104 3865 3197 3919 τὸν
3239 3865 3393 3929 Θεὸν,
3431 3866 3526 3920 καὶ
3573 3868 3655 3930 είς
3706 3868 3813 3939 εμὲ

2224 3954 2525 4008 πιστεύετε.
2557 3973 2577 4007 ι
2617 3955 2726 4007 Καὶ
2767 3955 2827 4008 ού
2874 3955 2935 4026 δή
2979 3954 3080 4008 πού
3124 3972 3329 4027 φαμεν,
3362 3957 3439 4020 ὡς
3467 3957 3561 4011 δύο
3591 3958 3814 4020 πίστεις

2222 4045 2362 4115 πρὸς
2393 4044 2551 4115 ἡμῶν
2581 4046 2755 4099 αἱτεί’
2790 4045 3031 4103 διδάσκει
3056 4047 3113 4102 δὲ
3141 4048 3363 4116 μᾶλλον,
3393 4048 3470 4111 ὡς
3502 4049 3556 4103 εί
3578 4065 3663 4113 τις
3695 4051 3813 4103 είσ-

2224 4135 2437 4201 δέξαιτο
2473 4136 2574 4206 τὴν
2618 4137 2697 4200 είς
2726 4137 2889 4192 αὑτὸν
2919 4139 3123 4205 πίστιν,
3152 4139 3305 4211 αύτῷ
3351 4142 3681 4195 πεπίστευκε
3732 4142 3814 4213 τῷ

2228 4227 2425 4297 Πατρί.
2446 4226 2663 4299 Ἐπειδὴ
2711 4227 2770 4282 δὲ
2816 4229 2959 4286 κατὰ
3002 4229 3065 4286 τὸ
3106 4230 3253 4294 εἰκὸς
3290 4233 3357 4302 τῇ
3388 4231 3497 4285 τῶν
3524 4232 3813 4301 ὀνομάτων

2224 4317 2515 4389 ὁμωνυμίᾳ
2541 4318 2889 4388 κοχρήσεται,
2928 4318 3083 4378 κοινὰ
3107 4320 3280 4390 λέγων
3304 4316 3445 4377 εἶναι
3475 4323 3536 4377 τό
3569 4340 3627 4376 τε
3667 4325 3811 4395 Χρι-

2228 4411 2372 4471 στὸς,
2398 4409 2491 4463 καὶ
2530 4409 2590 4465 τὸ
2637 4409 2863 4480 Κύριος,
2901 4410 2992 4464 καὶ
3024 4411 3130 4480 μὴν
3171 4414 3265 4469 καὶ
3300 4413 3447 4478 Υἱὸς,
3485 4414 3718 4485 πρέπειν
3750 4432 3810 4469 τε

2227 4499 2367 4553 αύτά
2398 4498 2853 4554 διαϐεὗαιώσεται
2878 4502 2955 4570 τῷ
2980 4503 3043 4555 ἐκ
3072 4501 3284 4573 [ἰατρὸς
3312 4503 3472 4570 φύντι
3503 4503 3681 4573 Λόγῳ,
3701 4505 3811 4557 κᾶν

2223 4590 2275 4642 εί
2322 4592 2495 4647 νοοῖτο
2550 4590 2729 4657 μόνος,
2768 4590 2861 4644 καὶ
2910 4592 3110 4663 σαρκὸς
3160 4592 3304 4649 οὕτω
3341 4596 3417 4664 (5)
3465 4595 3807 4666 μεταλαχὼν,

2223 4684 2319 4739 καὶ
2351 4686 2456 4756 μὴν
2485 4689 2561 4756 τῷ
2586 4687 2650 4738 ὲκ
2673 4684 2949 4753 Παρθένου
2975 4685 3134 4753 φύντι
3163 4684 3305 4755 ναῷ’
3328 4686 3500 4740 δεῖται
3526 4687 3603 4752 δὲ,
3626 4683 3805 4757 οἶμαι,

2224 4775 2458 4845 βασάνου
2489 4776 2690 4845 πολλῆς
2716 4778 2745 4829 ό
2771 4776 2865 4831 ἐπὶ
2900 4777 3113 4838 τούτοις
3147 4776 3304 4845 λόγος
3325 4793 3338 4808 ·
3376 4778 3456 4840 είς
3486 4778 3696 4849 καιρὸν,
3730 4779 3808 4841 ὡς

2222 4867 2379 4937 ἔφην,
2411 4866 2559 4937 αὐτῷ
2588 4869 2691 4935 πρέ
2704 4883 2869 4921 ποντα
2900 4868 3184 4937 χρησίμως
3228 4868 3391 4922 αὐτὸν
3410 4870 3512 4932 .είς
3540 4870 3601 4927 τὸ
3629 4872 3807 4941 παρὸν

2224 4957 2566 5028 ἀναθέμενοι,
2600 4958 2684 5027 ἐφ’
2708 4959 2902 5029 ἑτέραν
2931 4959 3097 5029 ἴωμεν
3129 4960 3227 5029 τῆς
3254 4961 3416 5027 ἁγίας
3444 4961 3665 5019 συνόδου
3690 4980 3805 5030 qau-

2226 5048 2342 5120 νὴν,
2374 5050 2439 5119 ἦν
2464 5050 2646 5105 οὑτοσὶ
2673 5050 3045 5123 παρατρέπων
3070 5050 3165 5104 ἐπὶ
3193 5050 3253 5104 τὸ
3280 5051 3431 5122 αύτῷ
3459 5050 3674 5116 δοκοῦν,
3705 5053 3806 5123 τὴν

552 5256 557 5259 -
617 5231 880 5289 “Matth.
917 5250 972 5303 ιι,
1005 5235 1095 5289 20.
1123 5256 1129 5261 θ
1164 5235 1214 5267 ⁸²
1236 5234 1393 5291 Joan.
1424 5251 1525 5303 xu,
1557 5235 1646 5290 Μ.
1726 5235 1951 5291 “Joan.
1979 5252 2094 5305 xiv,

2258 5238 2466 5295 “Ibid.
2510 5241 2561 5296 Ι.
2596 5250 2597 5253 “

1826 5393 1987 5448 ANI'.
2028 5393 2297 5450 AGELLII
2334 5395 2567 5453 NOTAE.

630 5550 841 5628 inlice
875 5536 1235 5628 testimonium
1272 5552 1481 5628 videtur
1508 5548 1744 5628 cvriilus
1786 5528 1893 5603 alio
1918 5554 2107 5619 ordine

550 5616 838 5704 pret-illisae
866 5638 877 5671 :
909 5619 1113 5704 Credite
1150 5621 1204 5700 in
1242 5638 1341 5699 me,
1379 5632 1435 5699 et.
1466 5622 1517 5671 ιιι
1553 5616 1723 5704 Petunt
1750 5616 1963 5681 cretlt'ae,
2003 5621 2103 5687 ιρι,

550 5688 795 5756 Creditis,
829 5704 937 5759 quo
966 5691 1123 5745 modo
1151 5690 1332 5744 citavit
1367 5689 1527 5743 etiam
1555 5688 1645 5742 lib.
1672 5704 1730 5741 ιι.
1920 5712 1923 5715 -
1982 5712 1985 5715 ν

2286 5552 2576 5645 λίδιέιξι
2604 5554 2803 5645 legere,
2834 5554 2987 5645 οὔπω
3037 5557 3381 5645 μεταλαχών,
3430 5570 3490 5614 nt
3536 5559 3666 5614 dixit
3713 5577 3801 5617 su-

2216 5638 2307 5702 pra
2344 5639 2474 5702 pag.-
2496 5623 2589 5702 2),
2626 5624 2777 5702 οἶδ-πω
2807 5627 3008 5702 σαρκὸς
3038 5623 3147 5680 ’καὶ
3196 5623 3427 5698 αἵματος
3472 5646 3795 5700 κεκοινωνη·

2216 5676 2356 5755 xm;
2380 5676 2440 5745 εἴ
2464 5682 2603 5749 intra
2630 5696 2719 5763 ω,
2762 5696 2857 5749 και
2880 5676 3623 5758 ὀδτςωςξσοίέξιςάιῑοξῖ“τ
3745 5676 3771 5700 τ·
