4166 6514
329 448 409 505 49
1471 450 1843 508 Αῡνειιδυδ
1879 450 1923 504 Ν

2029 450 2282 507 [οιιιυδι
2322 454 2449 508 LIB.
2496 457 2537 510 ῐ,
3348 468 3351 471 ’
3528 466 3597 524 50

329 570 433 630 τῆς
481 566 741 636 ἀληθείας
792 567 1187 632 καταδιάζεται
1232 570 1481 641 δύναμιν.
1517 574 1655 642 Φησὶ
1686 572 1816 643 γὰρ,
1843 573 1926 626 ὅτι

2029 574 2093 625 ad
2124 573 2346 629 altcram
2375 585 2578 632 sanctae
2607 576 2757 633 illius.
2782 580 2971 650 synodi
3003 597 3186 635 vocem
3223 590 3596 652 transeamus,

329 658 676 728 γεγράφασιν
701 660 750 712 οἱ
777 660 1041 731 Πατέρες·
1080 660 1446 736 [Πιστεύομεν
1476 665 1557 730 είς
1584 666 1681 720 ἕνα
1715 666 1920 736 Κύριον

346 749 556 821 Ἰησοῦν
582 751 841 823 Χριστὸν,
873 755 969 806 τὸν
997 753 1128 807 Υίδν
1151 754 1244 809 τὸν
1281 758 1566 828 μονογενῆ,
1606 757 1699 811 τὸν
1730 761 1794 812 ὲκ
1823 758 1919 813 τοῦ

334 843 555 914 Πατρός
597 844 952 914 γεννηθέντα,
986 844 1080 900 τὸν
1124 845 1412 918 όμοούσιον
1456 848 1537 919 τῷ
1586 849 1781 921 Πατρὶ,
1827 850 1920 905 τὸν

332 934 665 989 κατελθόντα
692 936 760 989 δι’
785 936 955 1007 ἡμᾶς,
991 937 1088 991 καὶ
1120 939 1473 1007 σαρκωθέντα
1502 943 1566 994 ὲκ
1603 942 1919 1011 Πνεύματος

332 1024 539 1097 ἀγίου.]
557 1024 1155 1098 Ἐπιφέρειδὲτούτοις,
1180 1030 1275 1083 καί
1297 1047 1431 1101 φησι
1458 1032 1589 1101 περὶ
1614 1033 1723 1087 τῶν
1746 1034 1920 1103 ἁγίων

336 1118 633 1189 Πατέρωνο
666 1118 1114 1191 [Ὑποκατιόντες
1128 1122 1206 1187 δὲ,
1239 1123 1602 1195 ἐρμηνεύουσι
1645 1126 1737 1179 τὸν
1765 1127 1920 1180 ἐναν-

331 1211 726 1285 θρωπήσαντα,
758 1214 950 1268 τοῦτον
986 1214 1280 1285 λεγόμενον
1308 1218 1680 1287 σαρκωθέντα,
1712 1217 1772 1271 ού
1798 1235 1922 1289 τροι

333 1304 449 1375 πὴν
473 1306 573 1375 τῆς
611 1306 767 1370 θείας
799 1306 1018 1376 φύσεως
1046 1307 1425 1381 ύπομεινάοης
1454 1312 1536 1374 είς
1566 1312 1667 1382 τὴν
1715 1311 1916 1381 σάρκα,

333 1397 470 1452 ἀλλὰ
512 1397 612 1469 τὴν
654 1398 929 1469 ἐνοίκησιν
954 1399 1055 1472 τὴν
1083 1402 1165 1465 είς
1196 1400 1530 1475 ἄνθρωπον.]
1549 1404 1637 1457 Ἑν
1661 1404 1920 1476 ἐξηγήσει

332 1489 394 1543 ὁὶ
428 1490 588 1546 πάλιν
613 1491 715 1563 τῆς
745 1492 917 1564 αὐτῆς
946 1491 1130 1564 ἔχεται
1160 1494 1419 1562 διανοίας,
1442 1497 1536 1550 καὶ
1568 1495 1633 1569 δὴ
1660 1497 1755 1551 καὶ
1777 1496 1921 1553 οὕτω

333 1580 526 1653 φησίν.

405 1761 845 1838 [Ἦκολούθησαν
882 1763 962 1836 τῷ
994 1765 1352 1839 εύαγγελιστῇ
1384 1783 1400 1801 ’
1432 1768 1525 1823 καὶ
1552 1768 1663 1841 γὰρ
1691 1771 1720 1825 ό
1758 1771 1923 1841 εὐαγ-

337 1855 617 1927 γελιστὴς,
647 1855 818 1910 ἐλθὼν
845 1857 925 1921 εἰς
954 1857 1054 1928 τὴν
1081 1858 1512 1931 ὲνανθρὼπησιν,
1530 1861 1700 1932 ἔφυγε
1728 1862 1921 1934 γέννη-

339 1964 429 2003 σιν
459 1949 634 2003 είπεῖν
675 1950 770 2003 ἐπὶ
800 1948 893 2002 τοῦ
920 1949 1057 2004 Θεοῦ
1089 1950 1286 2021 Λόγου,
1317 1952 1411 2007 καὶ
1447 1954 1663 2008 τέθεικε
1702 1954 1921 2028 σάρκω-

339 2055 455 2094 σινσ
502 2038 635 2105 ποῦς
683 2040 954 2095 ἄκουσον·
1006 2059 1025 2094 ι
1054 2041 1167 2096 Καὶ
1190 2045 1218 2096 ό
1236 2044 1409 2111 Λόγος
1440 2044 1577 2116 σὰρξ
1607 2045 1826 2114 ἐγένετο
1846 2064 1860 2080 ο
1894 2066 1914 2101 ι

337 2130 441 2184 οῦκ
479 2127 637 2184 εἴπεο
673 2131 771 2186 Διὰ
818 2132 1018 2204 σαρκὸς
1051 2134 1516 2208 ἐγεννήθη.”οπου
1562 2137 1670 2208 γὰρ
1707 2155 1920 2211 μνημο-

337 2220 593 2276 νεύουσιν
632 2223 683 2275 οἱ
721 2223 1024 2290 ἀπόστολοι,
1056 2224 1090 2296 ἢ
1139 2226 1189 2279 οί
1223 2227 1607 2296 εύαγγελισταὶ
1635 2229 1729 2283 τοῦ
1762 2229 1918 2296 Υίοῦ,

335 2310 601 2376 τιθέασιν,
637 2312 719 2365 ὅτι
754 2313 1018 2384 ἐγεννήθη
1050 2314 1114 2368 ἐκ
1143 2318 1423 2383 γυναικός.
1453 2318 1695 2388 Πρόσεχε
1721 2319 1798 2390 τῷ
1833 2320 1923 2373 λε-

336 2399 576 2470 γομένῳ,
606 2401 912 2473 παρακοιλῶ
930 2418 943 2433 ·
987 2402 1123 2456 ὅπου
1151 2403 1260 2475 γὰρ
1289 2404 1505 2475 λέγουσι
1536 2407 1595 2461 τὸ
1626 2408 1796 2479 ὄνομα
1826 2408 1922 2464 τοῦ

338 2488 498 2556 Υίοῦ,
529 2490 622 2544 καὶ
653 2492 736 2545 ὅτι
771 2492 965 2566 ἐτέχθη
999 2494 1066 2549 ἐκ
1105 2495 1384 2563 γυναικὸς,
1406 2496 1620 2552 τιθέασι
1646 2498 1727 2561 τὸ,
1746 2499 1924 2567 Ἐγεν-

337 2579 481 2651 νήθη
505 2594 521 2609 ⁸
558 2582 693 2634 ὅπου
726 2582 784 2637 δὲ
831 2584 1231 2655 μνημονεύουσι
1262 2586 1356 2640 τοῦ
1386 2587 1581 2656 Λόγου,
1617 2589 1791 2655 οὐδεὶς
1822 2591 1921 2643 αύ-

339 2669 453 2723 τῶν
484 2671 781 2743 ἐτόλμησεν
814 2674 1007 2737 εἰπεῖν,
1034 2675 1289 2748 γέννησιν
1322 2678 1410 2733 διὰ
1434 2682 1535 2749 τῆς
1566 2680 1924 2751 ἁνθρωπότη-

335 2774 451 2822 τος.
470 2759 530 2812 Ὀ
549 2760 658 2831 γὰρ
691 2764 962 2834 μακάριος
984 2764 1238 2836 Ἰωάννης
1262 2768 1289 2820 ό
1310 2767 1722 2840 εύαγγελιστὴς,
1752 2769 1923 2825 ἐλθὼν

338 2851 424 2913 είς
474 2851 566 2905 τὸν
616 2852 810 2920 Λόγον,
864 2854 957 2908 καὶ
1003 2856 1083 2920 είς
1135 2855 1235 2928 τὴν
1283 2859 1696 2931 ὲνανθρώπησιν
1732 2862 1921 2928 αὐτοῦ,

338 2943 579 2996 ἄκουσον
616 2939 707 2998 οἷά
744 2962 928 3015 φησιν.
974 2965 993 2999 ι
1031 2946 1091 3001 '0
1114 2948 1284 3018 Λόγος
1328 2950 1463 3022 σὰρξ
1501 2951 1739 3021 ἐγένετο.
1771 2954 1819 3026 ι]

944 3104 1197 3161 ΚΕΦΑΛ.
1236 3107 1321 3163 H'.

2021 684 2182 738 quam
2222 669 2322 724 iste
2367 679 2425 723 ut
2475 670 2542 725 ad
2591 685 2746 726 suam
2792 673 3116 727 sententiam
3162 687 3454 742 pervertat.
3495 677 3626 743 ipSi'

2020 758 2414 827 pmentissimae
2444 760 2663 815 veritati
2707 761 3001 816 succurrit.
3028 762 3119 816 Ait
3140 764 3284 817 enim
3306 765 3597 833 ‘scripSissie

2019 849 2212 907 Patres
2238 869 2251 905 :
2278 851 2585 925 [Credimus
2615 853 2667 907 in
2702 868 2867 908 unum
2896 854 3180 908 Dominum
3224 854 3406 910 .lesum
3435 855 3601 911 Citri-

2020 952 2186 1008 stnm,
2236 942 2434 999 Filium
2481 944 2842 1014 unigenitum,
2888 959 2955 999 ex
3002 946 3169 1001 Patre
3210 956 3419 1015 natum,
3459 962 3596 1003 con-

2019 1036 2430 1091 substantialem
2474 1036 2662 1092 Patri:
2690 1038 2780 1106 qui
2816 1038 3093 1094 descendit
3124 1047 3345 1108 prepter
3381 1054 3503 1103 nos,
3540 1032 3610 1094 et
3712 1085 3717 1090 .

2019 1128 2337 1185 incarnatus
2362 1138 2445 1185 est
2471 1130 2537 1185 de
2567 1129 2769 1199 Spiritu
2809 1130 3046 1203 sancto.)
3081 1131 3163 1185 Ad
3200 1132 3313 1187 hac
3336 1132 3504 1187 infert
3531 1144 3596 1188 ac

2021 1218 2153 1274 dicit
2197 1222 2263 1275 de
2294 1221 2504 1277 sanctis
2534 1221 2642 1276 illis
2670 1219 2927 1277 Patrihus
2953 1240 2967 1275 :
3002 1221 3258 1294 [Inferius
3284 1237 3414 1278 vero
3451 1222 3595 1277 hunc

2022 1309 2198 1378 ipsum
2245 1308 2339 1380 qui
2390 1309 2591 1365 dicitur
2624 1310 2965 1373 incarnatus,
3008 1310 3446 1379 interpretantur
3474 1322 3595 1364 esse

2023 1400 2296 1455 hominem
2331 1399 2533 1456 factum
2561 1419 2575 1457 :
2604 1415 2710 1457 non
2742 1401 2884 1470 quod
2925 1409 3118 1456 natura
3160 1400 3423 1455 divinain
3452 1406 3593 1455 «car?-

2022 1505 2146 1545 nem
2180 1491 2251 1546 sit
2288 1500 2519 1561 mutata,
2554 1493 2649 1548 sed
2685 1493 2827 1562 quod
2861 1492 2914 1547 in
2946 1491 3166 1547 homine
3195 1490 3501 1563 habitarit.}
3538 1490 3593 1546 In

2020 1582 2358 1649 expositione
2390 1598 2579 1637 rursus
2611 1583 2786 1639 eidem
2819 1582 3051 1638 inhaeret
3086 1582 3393 1646 sententiae,
3428 1582 3596 1636 ac‘ita

1935 1662 1942 1672 ’
2021 1672 2149 1726 dicit
2183 1689 2199 1727 :

2095 1761 2375 1834 [Νεετοιι.
2420 1761 2603 1817 Secuti
2644 1770 2771 1818 sunt
2798 1763 3183 1834 evangelistam
3219 1786 3231 1819 ε
3264 1777 3390 1820 nam
3428 1777 3594 1819 evan-

2023 1853 2213 1923 gelista
2260 1856 2349 1911 ubi
2380 1856 2448 1909 ad
2486 1856 2813 1910 narrandam
2858 1856 3301 1912 humanationem
3327 1859 3594 1927 pervenit,

2022 1947 2205 2002 dicere
2230 1947 2628 2015 generationem
2662 1947 2714 2001 in
2747 1946 2853 2002 Deo
2879 1946 3057 2003 Verbo
3084 1948 3293 2013 vitavit,
3327 1965 3391 2004 ac
3422 1949 3601 2017 posuit

2023 2037 2479 2093 incarnationem.
2527 2037 2794 2094 Ubinam?
2827 2039 2953 2094 audi
2986 2056 3000 2094 :
3040 2056 3059 2091 ι
3091 2040 3158 2094 Ει
3186 2038 3423 2094 Verbum
3467 2055 3597 2094 caro

2023 2128 2222 2186 factum
2251 2140 2334 2185 est
2358 2130 2440 2198 ⁶¹;
2472 2149 2493 2183 ι
2532 2145 2640 2186 non
2677 2131 2850 2187 dixit:
2876 2130 2981 2185 Per
3014 2146 3234 2186 carnem
3281 2144 3441 2186 natus
3466 2141 3551 2186 est
3581 2149 3596 2185 :

2024 2238 2148 2279 nam
2192 2224 2280 2279 ubi
2331 2224 2560 2294 apostoli
2594 2223 2679 2278 vel
2720 2223 3064 2296 evangelista:
3102 2224 3429 2279 mentionem
3473 2223 3596 2279 Filii

2025 2315 2271 2382 faciunt,
2312 2324 2521 2385 ponunt
2567 2323 2751 2369 natum
2796 2330 2919 2370 esse
2960 2330 3025 2370 ex
3064 2314 3311 2370 muliere.
3339 2315 3596 2377 Attende,

2024 2421 2230 2476 quaeso,
2260 2407 2403 2477 quod
2434 2405 2634 2461 dicitur
2658 2419 2673 2459 :
2696 2405 2803 2475 25
2831 2405 2919 2460 ubi
2942 2411 3375 2460 commemorant
3402 2420 3598 2458 nonn-n

2025 2498 2171 2565 Filii,
2210 2506 2265 2552 et
2311 2497 2516 2554 editum
2550 2511 2672 2552 esse
2714 2513 2779 2551 ex
2831 2496 3077 2560 muliere,
3114 2506 3321 2565 ponunt
3353 2494 3599 2561 verbum,

2025 2590 2198 2647 Natus
2227 2600 2346 2658 est;
2381 2590 2480 2646 sed
2509 2589 2600 2645 ubi
2635 2589 2795 2645 Verbi
2826 2588 2992 2643 divini
3017 2587 3341 2643 mentionem
3372 2585 3599 2651 faciunt,

2025 2698 2186 2739 nemo
2233 2683 2447 2738 illorum
2496 2697 2663 2739 ausus
2700 2691 2784 2737 est
2834 2682 3036 2748 dicere,
3071 2680 3311 2750 genitum
3354 2693 3474 2734 esse
3509 2694 3603 2747 per

2024 2773 2437 2828 humanitatem.
2470 2771 2607 2827 Nam
2653 2772 2842 2827 beatus
2868 2770 3104 2826 Joannes
3145 2769 3475 2840 evangelista
3510 2767 3599 2822 ubi

2024 2862 2273 2932 pervenit
2312 2862 2379 2916 ad
2424 2862 2682 2923 Verbum,
2714 2867 2769 2915 et
2818 2858 2935 2928 ejus
2966 2857 3434 2919 humanationem,
3474 2853 3600 2908 audi

2026 2954 2154 3025 quid
2186 2954 2329 3010 dicat
2360 2973 2375 3011 :
2412 2969 2432 3006 ι
2465 2953 2701 3008 Verbum
2737 2966 2867 3005 caro
2904 2948 3106 3003 factum
3136 2956 3240 3004 est.
3269 2946 3317 3018 ι]

2657 3104 2807 3161 CAP.
2845 3104 2987 3162 νιιι.

413 3230 551 3320 Φέρε
584 3232 649 3303 δὴ
681 3228 775 3287 οὖν
807 3234 1143 3303 παραθέντες
1161 3231 1242 3303 οἷς
1267 3238 1371 3310 ἔφη
1400 3240 1609 3298 καὶτοῦ
1630 3245 1754 3301 καθ’
1776 3249 1922 3320 ἡμᾶς

2098 3249 2210 3318 Age
2235 3245 2367 3316 jam,
2400 3259 2525 3299 cum
2572 3243 2655 3299 bis
2686 3258 2804 3315 qnze
2841 3242 2978 3297 dixit
3014 3241 3386 3309 componendo
3437 3222 3609 3317 nostri

339 3319 623 3393 Συμϐόλου
652 3322 751 3393 τὴν
778 3323 1051 3389 ἀπόδοσιν,
1083 3327 1280 3398 ἴδωμεν
1319 3329 1368 3382 εί
1407 3330 1482 3401 μή
1515 3350 1567 3386 τι
1607 3338 1920 3392 κεκαινοτό-

344 3430 517 3483 μηται
576 3415 721 3486 παρὰ
755 3415 940 3471 τούτου
992 3417 1087 3471 καὶ
1136 3420 1267 3491 περὶ
1310 3423 1503 3494 αὐτήν·
1542 3444 1560 3477 ι
1591 3427 1931 3501 Πιστεύομεν

342 3507 428 3568 εἰς
454 3505 553 3560 ἕνα
581 3506 715 3561 Θεὸν
750 3509 969 3579 Πατέρα
1004 3512 1442 3585 παντοκράτορα,
1470 3517 1689 3573 πάντων
1716 3522 1930 3592 όρατῶν

343 3596 442 3651 κα)⁹
488 3596 737 3665 ἀοράτων
794 3600 1058 3669 ποιητήν’
1098 3602 1191 3655 καὶ
1225 3604 1306 3666 είς
1356 3604 1451 3661 ἕνα
1484 3608 1688 3680 Κύριον
1722 3612 1932 3683 Ἰησοῦν

342 3686 601 3758 Χριστὸν,
637 3688 728 3743 τὸν
760 3688 887 3743 Υίὸν
914 3690 1005 3743 τοῦ
1034 3690 1189 3759 Θεοῦ,
1214 3696 1542 3767 γεννηθέντα
1581 3701 1647 3755 ἐκ
1685 3702 1779 3757 τοῦ
1819 3705 1931 3758 Πα-

344 3778 479 3849 τρὸς
512 3779 775 3853 μονογενῆ
806 3780 903 3853 (6),
936 3783 1233 3852 τουτέστιν,
1274 3788 1339 3841 ὲκ
1368 3789 1466 3860 τῆς
1488 3780 1682 3856 ὀὐσίας
1710 3794 1805 3848 τοῦ
1832 3797 1932 3851 αύ-

343 3874 443 3929 τοῦ
463 3891 477 3904 ⁸
514 3875 643 3929 Θεὸν
676 3878 739 3930 ὲκ
775 3877 931 3941 Θεοῦ,
966 3880 1079 3948 φῶς
1109 3880 1174 3934 ὲκ
1201 3885 1400 3954 φωτὸς,
1432 3885 1563 3943 Θεὸν
1590 3889 1845 3960 ἀληθινὸν
1866 3893 1933 3949 ὲκ

345 3965 484 4020 Θεοῦ
511 3966 791 4038 ἀληθινοῦ,
823 3970 1173 4041 γεννηθέντα,
1197 3975 1259 4028 ού
1293 3977 1610 4048 ποιηθέντα,
1646 3982 1933 4052 ὀμοούσιον

344 4058 426 4130 τῷ
458 4060 653 4132 Πατρὶ,
683 4061 751 4116 δι’
782 4057 842 4118 οὗ
878 4062 946 4117 τὰ
980 4065 1157 4120 πάντα
1187 4067 1424 4136 ἐγένετο,
1455 4071 1522 4127 τά
1553 4088 1613 4126 τε
1648 4072 1706 4129 ὲν
1731 4074 1809 4146 τῷ
1838 4075 1931 4133 οὗ·

349 4150 520 4223 ρανῷ,
555 4153 650 4206 καὶ
680 4154 748 4207 τὰ
772 4155 866 4226 ἐπὶ
895 4157 995 4227 τῆς
1027 4160 1157 4230 γῆς·
1197 4160 1287 4214 τὸν
1314 4160 1543 4233 δι’,ἡμᾶς
1566 4166 1693 4231 τοὺς
1721 4167 1934 4239 ἀνθρὼ-

348 4259 506 4309 πους,
543 4246 637 4298 καὶ
673 4246 760 4300 διὰ
790 4246 890 4319 τὴν
924 4250 1199 4322 ἡμετέραν
1244 4256 1540 4325 σωτηρίαν,
1576 4259 1931 4327 κατελθόντα,

348 4335 445 4389 καὶ
478 4338 848 4406 σαρκωθέντα,
884 4340 978 4395 καὶ
1001 4342 1517 4416 ὲνανθρωπήσαντα,
1543 4348 1807 4418 παθόντα,
1836 4354 1934 4409 καὶ

348 4427 661 4483 ἀναστάντα
687 4431 753 4499 τῇ
781 4431 940 4504 τρίτῃ
970 4432 1155 4505 ἡμέρᾳ
1178 4450 1191 4464 ·
1223 4436 1514 4492 ἀνελθόντα
1560 4441 1642 4504 είς
1680 4443 1808 4508 τοὺς
1847 4445 1935 4500 ού-

354 4519 550 4588 ρανούς
571 4536 585 4551 °
623 4521 917 4593 ἐρχόμενον
946 4528 1128 4599 κρῖναι
1155 4527 1366 4593 ζῶντας
1416 4533 1513 4587 καὶ
1536 4533 1787 4607 νεκρούς.
1823 4538 1934 4593 Καὶ

350 4613 431 4673 εἰς
458 4613 519 4665 τὸ
550 4611 775 4685 Πνεῦμα
805 4614 865 4669 τὸ
895 4614 1071 4686 ἅγιον.
1096 4619 1234 4675 »Ἴθι
1258 4621 1321 4695 δὴ
1345 4618 1457 4693 οὖν,
1486 4618 1537 4679 ὦ
1562 4630 1801 4696 γενναῖε,
1829 4630 1933 4685 ποῦ

349 4702 683 4773 τεθείκασιν,
741 4708 881 4772 ειπὲ,
933 4711 1061 4781 περὶ
1104 4712 1199 4765 τοῦ
1246 4714 1411 4784 Υἰοῦ,
1458 4720 1812 4789 σαρκωθέντα
1870 4726 1937 4778 ὲκ

354 4797 672 4871 Πνεύματος
719 4800 876 4869 ἁγίου
927 4803 1020 4858 καὶ
1063 4804 1285 4877 Μαρίας
1327 4809 1425 4879 τῆς
1464 4811 1770 4883 Παρθένου;
1801 4814 1939 4870 ἀλλὰ

349 4889 514 4944 τοῦτο
549 4891 651 4963 μὲν
670 4893 958 4960 ὲκδείξειεν
981 4894 1050 4953 ἂν
1067 4896 1270 4968 ἥκιστά
1288 4917 1372 4968 γε,
1396 4901 1535 4973 πλὴν
1555 4906 1734 4959 ἐκεῖνο
1755 4906 1934 4979 ἄθρει.

349 4982 489 5034 Φασὶ
519 4982 651 5053 γὰρ,
682 4985 845 5038 αὐτὸν
873 4985 965 5040 τὸν
1006 4988 1072 5041 ὲκ
1117 4988 1253 5044 Θεοῦ
1281 4992 1475 5062 Λόγον,
1508 4996 1600 5049 τὸν
1631 4999 1933 5071 Μονογενῆ,

348 5072 445 5126 τὸν
478 5073 543 5127 ἐκ
579 5076 679 5140 τῆς
723 5077 909 5142 οὐσίας
935 5078 1031 5132 τοῦ
1066 5081 1305 5152 Πατρὸς,
1327 5084 1417 5137 τὸν
1446 5086 1514 5141 δι’
1543 5084 1604 5143 οὗ
1632 5089 1701 5145 τὰ
1734 5093 1933 5157 πάντα,

351 5164 413 5217 τό
444 5164 563 5237 φῶς
598 5165 659 5217 τὸ
692 5165 966 5238 ἀληθινὸν,
993 5172 1345 5244 σαρκωθῆναί
1370 5193 1428 5228 τε
1462 5178 1554 5233 καὶ
1581 5179 1937 5254 ὲνανθρωπῆ-

353 5273 443 5310 σαι
469 5298 484 5318 .
515 5258 711 5312 παθεῖν
754 5277 813 5313 τε
868 5260 963 5315 καὶ
990 5263 1324 5335 ἀναστῆναιο
1367 5271 1458 5322 καὶ
1506 5270 1632 5341 μὴν,
1669 5272 1751 5325 ὅτι
1798 5278 1936 5330 κατὰ

353 5350 581 5418 καιροὺς
631 5351 893 5423 ἐπανήξει
944 5356 1157 5427 κριτής.
1176 5357 1313 5410 Ἀλλ’
1347 5359 1434 5412 ἴνα
1484 5361 1577 5414 καὶ
1624 5365 1747 5428 ταῖς
1795 5368 1937 5438 παρ’

423 5528 471 5563 ⁶³
494 5528 651 5586 Joan.
683 5546 723 5598 ι,
756 5532 844 5589 Η.

2037 3324 2277 3413 Syniboli
2323 3338 2643 3404 editionem,
2696 3337 3055 3405 inquii-annus,
3116 3350 3181 3389 an
3231 3336 3394 3388 etiam
3442 3334 3493 3387 in
3545 3350 3608 3386 ra

2031 3433 2308 3505 quidpiam
2336 3432 2404 3485 ab
2448 3432 2550 3485 hoc
2588 3430 2806 3486 homine
2841 3429 3100 3484 audacter
3122 3430 3194 3483 sit
3244 3428 3554 3482 innovatum
3592 3445 3617 3479 εκ

2037 3545 2056 3577 ι
2097 3525 2384 3579 Credimus
2419 3523 2471 3578 in
2501 3537 2665 3577 unum
2711 3521 2879 3576 Deum
2913 3521 3127 3576 Patrem
3161 3519 3623 3587 omnipotentem,

2031 3617 2271 3672 omnium
2306 3613 2595 3670 visibilium
2628 3622 2683 3668 et
2724 3614 3071 3669 invisibilinm
3118 3613 3374 3667 factorem
3407 3629 3421 3666 :
3454 3620 3509 3666 et
3553 3610 3633 3665 in»

2034 3722 2195 3759 unum
2222 3705 2504 3759 Dominum
2534 3704 2716 3758 Jesum
2745 3703 3019 3757 Christum
3048 3701 3242 3755 Filium
3290 3701 3402 3768 Dei,
3427 3709 3626 3753 natum:

2032 3814 2098 3853 ex
2120 3798 2282 3853 Patre
2305 3796 2668 3868 unigenitum,
2691 3796 2793 3851 hoc
2814 3804 2995 3859 est,ex
3013 3793 3253 3863 ejusdem
3274 3794 3610 3856 substantia;

2032 3888 2200 3942 Deum
2235 3888 2301 3941 de
2335 3887 2467 3953 Deo,
2504 3886 2687 3940 lumen
2723 3885 2791 3940 de
2831 3884 3056 3950 lumine,
3106 3883 3271 3937 Deum
3308 3896 3495 3935 verum
3544 3881 3637 3937 de-

2035 3977 2148 4034 Deo
2192 3993 2339 4045 vero,
2380 3977 2654 4049 genitum,
2679 3991 2784 4031 non
2833 3975 3055 4038 factum,
3092 3971 3636 4028 consubstantialem

2033 4071 2202 4139 Patri,
2235 4086 2329 4143 per
2351 4085 2513 4140 quem
2542 4068 2722 4123 omnia
2771 4066 2908 4121 facta
2952 4072 3097 4131 sunt,
3132 4078 3249 4132 qua;
3289 4063 3340 4116 in
3387 4061 3528 4117 ctelo
3559 4071 3615 4113 et

2034 4180 2155 4239 quae
2193 4163 2248 4218 in
2279 4173 2419 4217 terra
2455 4179 2473 4214 :7
2502 4160 2591 4231 qui
2628 4167 2849 4230 propter
2889 4172 2991 4211 nos
3030 4155 3277 4211 homines
3305 4163 3355 4209 et
3395 4162 3637 4226 propter-

2035 4266 2276 4312 nostram
2330 4254 2560 4309 salutem
2597 4249 2897 4315 descendit,
2948 4259 3003 4303 et
3050 4248 3368 4302 incarnatus
3408 4251 3512 4309 est,
3558 4252 3631 4299 etv.

2035 4352 2194 4405 homo
2220 4348 2396 4404 factus
2416 4356 2498 4402 est
2522 4363 2535 4409 ;
2566 4359 2754 4415 passus
2778 4352 2883 4407 est,
2908 4350 2962 4397 et
2993 4339 3288 4395 resurrexit
3310 4337 3469 4393 tertia
3502 4337 3619 4400 die,

2035 4439 2278 4496 ascendit
2322 4437 2373 4492 in
2421 4437 2610 4503 ctelos,
2661 4443 2920 4488 venturus
2966 4440 3050 4486 est
3088 4429 3332 4499 judicare
3368 4428 3518 4483 vivos
3560 4438 3629 4480 et;

2042 4545 2300 4590 mortuos.
2344 4530 2411 4587 Et
2445 4531 2498 4585 in
2536 4528 2798 4599 Spiritum
2832 4536 3097 4581 sanctum.
3133 4542 3151 4574 ι
3178 4522 3290 4591 Age
3318 4520 3500 4591 igitur,
3532 4519 3635 4573 vir‘

2037 4624 2274 4697 egregie,
2305 4623 2391 4682 dic
2418 4623 2634 4678 ubinam
2666 4618 2942 4689 posuerint
2969 4615 3035 4671 de
3082 4614 3241 4680 Filio,
3274 4612 3617 4667 incarnatum
3712 4666 3719 4673 _

2039 4733 2159 4775 esse
2197 4719 2261 4773 de
2310 4716 2516 4786 Spiritu
2557 4721 2746 4769 sancto
2768 4719 2822 4765 et
2867 4708 3034 4764 Maria
3067 4705 3334 4776 Virgine?
3368 4704 3530 4773 Atqui
3564 4702 3621 4756 id

2037 4810 2325 4867 ostendere
2351 4808 2573 4863 tui-nime
2595 4805 2792 4876 poterit
2812 4820 2827 4857 :
2846 4802 2939 4858 sed
2959 4811 3134 4856 tamen
3160 4797 3288 4852 illud
3307 4795 3635 4851 considera..

2041 4902 2302 4957 Fateatur
2329 4899 2475 4954 enim
2519 4897 2693 4965 ipsum
2742 4892 2835 4949 Dei
2865 4892 3125 4952 \erbum,
3173 4885 3322 4941 illum
3357 4882 3620 4953 Unigeni-

2044 5005 2177 5059 tum,
2222 4993 2371 5047 illum
2402 5005 2472 5046 ex
2516 4987 2817 5043 substantia
2871 4983 3073 5049 Patris,
3114 4979 3265 5033 illum
3319 4992 3416 5046 per
3454 4989 3615 5044 quem

2042 5086 2245 5151 omnia,
2278 5082 2407 5139 illud
2437 5081 2612 5137 lumen
2643 5093 2854 5144 verum,
2888 5075 3230 5130 incarnatum
3265 5083 3410 5134 esse,
3449 5075 3506 5123 et
3539 5066 3612 5117 fa-

2042 5189 2191 5237 ctum
2244 5176 2545 5240 hominem,
2578 5182 2633 5227 et.
2678 5184 2918 5243 passum,
2954 5179 3009 5221 et
3040 5161 3423 5224 resurrexisse,
3459 5157 3617 5227 quin-

2041 5272 2204 5327 etiam
2235 5285 2334 5325 suo
2365 5276 2609 5336 tempore
2637 5262 2933 5320 rediturum
2960 5257 3219 5331 judicem.
3248 5251 3369 5307 Jam
3410 5265 3537 5305 vero
3561 5259 3623 5301 nt

2043 5364 2160 5436 ejus
2191 5361 2373 5417 verbis
2412 5355 2772 5415 certissimam
2803 5364 3050 5408 normam
3088 5341 3409 5418 apponendo
3438 5339 3619 5395 videar
3686 5410 3693 5418 ἢ

1632 5684 1795 5742 ΑΝΤ.
1839 5688 2111 5744 AGELLII
2150 5688 2384 5746 ΝΟΤΕ.

431 5831 804 5915 (Β),Ι⁷οτ.ιξιξδθ
848 5834 983 5915 o'rdp
1031 5837 1284 5915 inversus
1334 5848 1414 5890 est
1466 5851 1527 5915 _et
1585 5844 1926 5900 scribendum

2029 5857 2165 5915 erat,
2219 5846 2347 5901 Υίδν
2387 5844 2482 5899 τοῦ
2517 5840 2652 5897 Θεοῦ
2702 5836 2969 5912 μονογενῆ
2994 5873 3008 5901 ,
3072 5828 3403 5901 γεννηθέντα
3434 5828 3500 5881 ix
3526 5822 3620 5879 τοῦ

357 5903 588 5977 Πατρός,
634 5902 835 5957 Filium
861 5904 957 5960 Dei
989 5907 1332 5976 unigenitum,
1364 5926 1428 5964 ex
1457 5908 1619 5967 Patre
1655 5924 1859 5968 nutum.
