4166 6528
640 432 702 488 5|
1665 433 1723 488 S.
1766 433 2040 491 CYBILLI
2077 432 2542 490 ALEXANDRINI
2578 434 2897 489 ABClllEP.
3817 434 3886 490 52

638 562 758 603 mus
799 555 995 618 quanta
1043 547 1113 601 sit
1162 547 1215 601 in
1265 545 1370 602 illis
1419 546 1711 618 imperitia,
1765 549 1964 604 asserit
2001 557 2199 619 aperte1

2313 549 2476 604 αὐτοῦ
2521 553 2724 620 φωναῖς
2753 547 2959 620 ἀκριϐῆ
2991 546 3091 619 τὴν
3127 547 3358 617 βάσανον
3396 547 3650 612 ἐνιέντες,
3684 547 3884 619 ἴδωμεν

640 638 813 706 ipsum
864 637 954 691 Dei
994 638 1226 692 Verbum
1275 639 1615 694 incarnatum
1661 654 1782 695 esse
1825 649 1880 695 et
1930 641 2202 696 hominem

640 725 842 784 factum
893 729 1012 784 illos
1060 731 1259 794 dicere,
1309 737 1367 785 et
1408 745 1596 785 eorum
1630 731 1841 786 veritati
1891 731 2203 800 suffragium

642 821 841 886 ferens,
873 829 1126 891 tanquam
1167 822 1539 878 convenientia
1581 823 1822 880 dicentes
1850 831 2030 878 ornat.
2065 823 2206 878 Num

642 911 828 980 igitur,
877 911 1226 982 dic,quteso,
1262 928 1386 968 cum
1435 913 1774 969 incarnatum
1825 923 1881 970 et
1931 915 2203 970 hominem

641 998 840 1055 luctum
870 1002 1040 1068 aiunt,
1066 1003 1210 1057 aliud
1240 1004 1512 1073 quidpiam
1537 1005 1858 1075 signiﬁcant,
1894 1021 2055 1076 quam
2086 1022 2206 1061 esse

638 1089 933 1145 secundum
971 1106 1186 1146 carnem
1212 1094 1443 1147 natum?
1484 1095 1872 1150 lncarnatiouis
1922 1097 2065 1151 enim
2118 1099 2205 1153 hic

639 1179 854 1245 modus,
888 1189 942 1236 et
973 1182 1188 1251 quidem
1223 1183 1370 1238 solus
1395 1185 1441 1238 ei
1472 1186 1781 1256 contingere
1806 1196 1998 1255 p0test,
2031 1189 2119 1256 qui
2150 1198 2202 1242 et

635 1279 790 1324 extra
817 1284 1034 1326 carnem
1065 1281 1118 1326 et
1142 1275 1433 1328 secundum
1482 1291 1632 1330 suam
1665 1287 1907 1330 naturam
1937 1278 2198 1333 subsistit.

637 1361 826 1430 Neque
857 1363 1002 1418 enim
1047 1378 1265 1419 carnem
1313 1366 1575 1434 quispiam
1615 1368 1808 1421 dixerit
1845 1368 2200 1434 incarnatam,

640 1464 738 1506 nec
769 1451 1055 1520 quisquam
1090 1452 1141 1506 id
1176 1455 1290 1509 ﬁeri
1327 1465 1502 1526 potest
1533 1457 1671 1524 quod
1715 1467 1828 1510 erat
1865 1474 1878 1510 :
1907 1458 2000 1511 sed
2027 1457 2071 1510 si
2096 1472 2199 1525 qua

640 1540 784 1598 circa
817 1542 989 1613 ipsum
1023 1544 1349 1614 intelligatur
1378 1545 1516 1599 facta
1552 1547 1942 1614 dispensatoria
1977 1549 2204 1603 mutatio

641 1634 694 1688 in
730 1633 872 1689 aliud
903 1636 1174 1706 quidpiam
1203 1646 1397 1705 praeter
1423 1638 1472 1692 id
1503 1639 1645 1706 quod
1679 1647 1815 1704 erat,
1849 1647 1959 1691 tum
1989 1639 2200 1692 demum

642 1724 714 1778 ita
741 1725 846 1782 dici
889 1727 1395 1784 convenientissime
1429 1739 1631 1800 posset.
1661 1731 1768 1801 26
1791 1731 1844 1784 Si
1884 1731 2046 1800 igitur
2071 1731 2202 1786 Uni-

637 1816 877 1885 genitum
911 1832 1032 1874 esse
1075 1820 1411 1875 incarnatum
1466 1822 1650 1876 dicunt
1691 1823 1825 1892 (hoc
1875 1832 2054 1876 autem
2109 1836 2203 1890 per

2309 643 2363 696 τί
2409 641 2471 695 τὸ
2508 642 2696 712 χρῆμα
2745 642 2842 712 τῆς
2891 639 3120 709 ἐνούσης
3167 640 3357 703 αὑταῖς
3406 640 3668 711 ἀμαθίας,
3699 641 3883 694 διαϐε-

2311 730 2556 784 ϐαιοῦται
2602 729 2807 798 σαφῶς,
2845 728 3195 799 σαρκωθῆναί
3239 744 3299 781 τε
3338 727 3434 782 καὶ
3461 727 3884 798 ἐνανθρωπῆσαι

2309 820 2401 873 τὸν
2442 821 2506 872 ἐκ
2550 818 2686 872 Θεοῦ
2720 818 2892 885 Λόγον
2919 817 3112 878 αὐταῖς
3155 817 3264 889 [τσ.
3299 817 3519 889 αὐτοὺς]
3561 819 3758 883 εἰπεῖν,
3788 818 3884 872 καὶ

2309 911 2430 972 ταῖς
2475 910 2556 973 είς
2607 907 2865 978 ἀλήθειαν
2916 907 3140 977 ψήφοις,
3175 908 3250 971 ῶς
3289 907 3360 961 τὰ
3395 909 3579 961 είκότα
3623 908 3880 976 λέγοντας

2312 995 2715 1069 στεφανοῖ.⁷Δρ⁹
2746 995 2860 1061 οὖν,
2891 997 3014 1051 εἰπέ
3046 1015 3159 1068 μοι,
3195 997 3543 1068 σαρκωθῆναί
3582 1015 3645 1052 τε
3675 999 3770 1053 καὶ
3792 999 3880 1050 ἐν-

2310 1090 2669 1161 ανθρωπῆσαι
2701 1090 2971 1158 λέγοντες,
3010 1089 3194 1160 ἕτερόν
3221 1107 3274 1141 τι
3303 1089 3626 1159 σημαίνουσι
3651 1089 3803 1160 παρὰ
3821 1088 3882 1142 τὸ

2309 1182 2667 1252 γεγεννῆσθαι
2694 1181 2836 1235 κατὰ
2866 1181 3082 1252 σάρκα;
3115 1179 3450 1251 Σαρκὼσεως
3479 1179 3587 1249 γάρ
3615 1173 3770 1242 οὗτος
3812 1179 3880 1233 ἂν

2309 1274 2535 1339 γένοιτο,
2567 1272 2660 1326 καὶ
2697 1273 2875 1343 μόνος,
2903 1273 2931 1326 6
2955 1273 3155 1344 τρόπος
3188 1272 3265 1342 τῷ
3284 1272 3379 1326 καὶ
3401 1271 3506 1338 ἔξω
3536 1272 3758 1342 σαρκὸς,
3784 1275 3880 1326 καὶ

2308 1364 2451 1418 κατά
2474 1364 2633 1433 φύσιν
2658 1364 2792 1417 ἰδίαν
2823 1364 3172 1434 ὑφεστηκότι.
3203 1363 3278 1416 Ού
3300 1364 3407 1433 γάρ
3427 1380 3552 1429 που,
3574 1364 3675 1434 τὴν
3701 1363 3878 1434 σάρκα

2309 1454 2708 1524 σεσαρκῶσθαι,
2735 1455 2867 1526 φαίη
2894 1472 2978 1518 τις
3012 1455 3099 1516 ἂν,
3141 1455 3251 1507 οὐδ’
3275 1454 3342 1507 ἂν
3374 1454 3583 1522 γένοιτό
3611 1472 3696 1516 τις
3717 1454 3746 1506 ὃ
3771 1450 3839 1524 ἦν
3859 1470 3874 1484 ο

2306 1544 2419 1596 ἀλλ’
2443 1546 2558 1597 εἷπε
2567 1563 2597 1613 ρ
2624 1562 2708 1608 τις
2735 1547 2904 1598 νοοῖτο
2925 1562 2989 1597 πε
3000 1544 3053 1615 pl
3076 1544 3237 1598 αὑτὸν
3255 1545 3519 1616 γενομένη
3547 1545 3878 1614 μετάστασις

2306 1636 2619 1706 οἰκονομικὴ
2651 1635 2735 1704 ἐφ’
2770 1635 2954 1706 ἐτερόν
2983 1653 3055 1696 τι,
3091 1637 3222 1705 παρ’
3245 1636 3383 1706 ὅπερ
3415 1636 3514 1688 οὐκ
3540 1631 3608 1706 ἦν
3643 1637 3742 1706 (7),
3764 1635 3876 1704 ἔχοι

2307 1725 2372 1781 ἂν
2401 1728 2429 1779 6
2457 1727 2613 1794 λόγος
2658 1728 2740 1794 ἐφ’
2765 1727 2942 1798 ἐαυτῷ
2974 1726 3038 1795 δὴ
3065 1726 3186 1779 τότε
3217 1726 3351 1779 πολὺ
3380 1726 3442 1779 τὸ
3468 1727 3635 1789 είκός.
3668 1727 3878 1778 Οὐκοῦν

2307 1820 2356 1870 εί
2393 1817 2772 1887 σεσαρκῶσθαί
2812 1831 2943 1886 φασι
2991 1817 3080 1870 τὸν
3122 1817 3423 1888 Μονογενῆ,
3456 1817 3544 1870 διὰ
3571 1818 3876 1887 γεννήσεως

636 1907 908 1963 carnalem
945 1912 1377 1977 generationem,
1409 1913 1510 1966 nisi
1552 1913 1730 1977 fallor,
1765 1929 1863 1967 nec
1898 1913 2006 1967 alio
2045 1914 2199 1966 modo

2306 1910 2575 1978 σαρκικῆς
2604 1909 2779 1979 δρῷτο
2811 1909 2876 1963 ἂν
2907 1908 3015 1980 [ῖσ.
3049 1909 3095 1962 δ’
3120 1908 3230 1980 av],
3265 1907 3440 1978 οἶμαι,
3477 1909 3643 1971 τουτὶ,
3679 1910 3774 1961 καὶ
3813 1909 3874 1961 οὐ

636 2006 811 2064 potest
853 1999 1036 2070 ﬁeri),
1077 2001 1346 2068 quomodo
1388 2003 1673 2072 quisquam
1721 2003 1934 2057 inﬁtiari
1983 2011 2197 2072 potest,

639 2086 758 2143 illos
787 2098 972 2158 aperte
1000 2089 1279 2145 confessos
1306 2105 1449 2155 esse,
1481 2090 1649 2145 Deum
1687 2092 1814 2145 illud
1850 2090 2080 2146 Verbum
2115 2106 2200 2147 se-

635 2178 867 2233 cundutn
897 2194 1115 2233 carnem
1146 2195 1266 2236 esse
1307 2182 1534 2234 natum?
1578 2181 1647 2234 At
1688 2180 1833 2234 enim
1879 2196 1984 2235 non
2015 2189 2201 2250 aperte

635 2269 913 2338 generatio
941 2278 1023 2324 est
1049 2282 1349 2341 nuncupata
1389 2289 1402 2324 :
1433 2273 1522 2326 sed
1567 2281 1744 2325 tamen
1793 2272 1959 2339 ipsius
1994 2274 2068 2328 rei
2102 2289 2200 2327 na-

638 2371 756 2413 tura
794 2375 898 2414 non
940 2361 1123 2426 aliam,
1164 2369 1224 2416 ut
1256 2362 1416 2417 modo
1460 2362 1591 2428 dixi,
1632 2363 1771 2415 viam
1817 2364 2202 2418 incarnationis

637 2452 917 2521 agnoscit;
960 2452 1308 2521 quamobrem
1363 2453 1574 2508 etiamsi
1633 2454 1755 2523 quid
1801 2454 1976 2508 minus
2016 2466 2202 2524 aperte

637 2543 847 2598 dicatur
878 2544 931 2598 in
965 2544 1052 2599 his
1093 2552 1243 2600 certe
1286 2545 1465 2607 rebus,
1501 2560 1608 2599 non
1650 2557 1931 2615 propterea
1975 2545 2064 2601 illa
2117 2547 2199 2601 via

639 2631 822 2687 relicta
854 2647 974 2701 qua:
1005 2632 1115 2686 sola
1166 2641 1374 2688 naturae
1423 2635 1634 2702 cognita
1679 2644 1781 2700 est,
1821 2637 1887 2688 ad
1924 2635 2082 2690 aliam
2119 2647 2200 2690 est

638 2725 792 2778 nobis
815 2729 1227 2780 transeundum.
1263 2726 1534 2797 Scriptum
1558 2737 1639 2783 est
1665 2728 1807 2782 enim
1842 2729 1892 2782 in
1924 2728 2061 2784 libro
2092 2729 2199 2784 Ge-

640 2831 834 2872 neseos
885 2834 900 2872 :
958 2836 975 2869 ι
1007 2818 1070 2872 Ει
1119 2817 1283 2872 Setho
1310 2828 1464 2873 natus
1502 2826 1584 2874 est.
1636 2819 1796 2886 lilius,
1831 2830 1885 2874 et
1916 2820 2203 2889 appellavit.

635 2919 828 2960 nomen
863 2905 980 2975 ejus
1025 2905 1168 2961 Enos
1209 2908 1275 2961 “.
1309 2926 1327 2959 ι
1365 2907 1499 2961 Num
1548 2908 1707 2978 igitur
1750 2910 1872 2979 quia
1921 2909 2199 2980 Scriptura

635 2996 815 3063 posuit
859 2995 960 3051 hoc
1019 2997 1266 3062 verbum,
1310 2998 1478 3054 Natus
1519 3008 1624 3062 est,
1673 2999 1792 3053 ideo
1841 3000 2202 3067 generationis

635 3089 852 3142 modttm
887 3103 990 3144 non
1033 3089 1416 3144 admittemus?
1448 3098 1502 3142 at
1539 3091 1630 3158 qui
1668 3091 1781 3144 ilcri
1827 3101 2000 3159 potest
2045 3100 2102 3145 ut
2149 3091 2201 3146 id

636 3194 741 3233 non
773 3178 842 3232 sit
877 3178 1294 3234 stultissimum?
1325 3178 1441 3248 ipsa
1470 3197 1699 3250 namque
1731 3183 1806 3236 rei
1853 3191 2038 3237 natura
2070 3197 2196 3252 pro-

2303 1999 2424 2052 καθ’
2460 2000 2643 2069 ἕτερον
2676 1999 2898 2071 τρόπον,
2940 2001 3057 2064 πῶς
3098 2002 3197 2054 οὐκ
3245 1999 3452 2068 ἔφασαν
3495 2000 3760 2072 ἐναργῶς,
3788 2001 3874 2052 ὅτι

2301 2090 2621 2160 γεγέννηται
2653 2092 2796 2145 κατὰ
2825 2093 3002 2164 σάρκα
3029 2093 3158 2156 Θεὸς
3189 2092 3263 2146 ὢν
3303 2094 3332 2146 6
3357 2093 3555 2161 Λόγος;
3605 2093 3742 2145 Ἀλλ’
3772 2092 3874 2145 οὑκ

2300 2186 2637 2256 ὠνόμασται,
2669 2187 2853 2258 φησιν,
2889 2187 3134 2257 ἐναργῶς
3181 2190 3214 2257 ή
3255 2186 3542 2254 γέννησις·
3585 2185 3700 2238 ἀλλ’
3731 2186 3765 2253 ἥ
3809 2201 3873 2252 γε

2300 2278 2394 2332 τοῦ
2425 2278 2748 2348 πράγματος
2781 2277 2940 2347 φύσις
2973 2280 3070 2348 οὐχ
3098 2279 3290 2348 ἑτέραν
3317 2272 3449 2338 οἶδε,
3477 2275 3728 2343 καθάπερ
3769 2275 3870 2345 ἤδη

2305 2371 2582 2438 προεῖπον,
2611 2369 2701 2422 τοῦ
2735 2370 3113 2438 σεσαρκῶσθαι
3155 2369 3258 2438 τὴν
3303 2367 3633 2429 ὁδόν.Ὦστε,
3672 2365 3774 2419 κᾶν
3823 2366 3872 2416 εὶ

2305 2459 2379 2529 μή
2414 2475 2466 2510 τι
2489 2457 2698 2526 λέγοιτο
2730 2459 2914 2526 σαφῶς
2937 2458 2993 2510 έν
3015 2475 3077 2526 γε
3099 2460 3210 2520 τοῖς
3240 2455 3497 2518 τοιούτοις
3533 2453 3872 2525 πράγμασιν,

2301 2551 2362 2603 ού
2390 2550 2541 2619 παρὰ
2569 2551 2724 2603 τοῦτο
2746 2551 2842 2621 τὴν
2870 2550 3038 2620 μόνην
3063 2551 3128 2620 τῇ
3151 2549 3310 2618 φύσει
3329 2546 3732 2617 διεγνωσμένην
3756 2545 3875 2598 ὁδὸν

2302 2638 2738 2700 ἀπολελοιπότες,
2769 2639 2850 2705 ἐφ’
2876 2637 3067 2705 ἑτέραν
3093 2634 3312 2706 ἥξομεν.
3337 2636 3650 2704 Γέγραπται
3678 2633 3787 2703 γὰρ
3815 2633 3875 2684 ἐν

2301 2727 2379 2798 τῷ
2409 2729 2505 2798 τῆς
2539 2729 2664 2780 Γενέ
2675 2745 2808 2791 σεως
2845 2728 3033 2797 βιὸλίῳ
3052 2744 3065 2757 ·
3102 2745 3118 2777 ι
3147 2728 3256 2778 Καὶ
3277 2726 3354 2796 τῷ
3376 2725 3480 2794 Σὴθ
3503 2723 3720 2792 ἐγένετο
3739 2722 3875 2786 υίὸς,

2302 2820 2394 2872 καὶ
2446 2818 2767 2887 ἐπωνόμασε
2817 2817 2878 2870 τὸ
2925 2818 3094 2886 ὄνομα
3146 2817 3310 2869 αὐτοῦ
3355 2814 3539 2878 Ἐνώς.
3571 2811 3722 2883 t'Ap'
3754 2809 3876 2878 οὖν,

2301 2909 2598 2980 ἐπειδήπερ
2641 2911 2673 2980 ἡ
2715 2909 2903 2980 Γραφὴ
2950 2909 3161 2961 τέθεικε
3205 2906 3285 2970 τὸ,
3327 2906 3592 2974 Ἐγένετο,
3636 2905 3726 2958 τὸν
3775 2903 3875 2972 τῆς

2302 3001 2607 3069 γεννήσεως
2635 3000 2831 3071 τρόπον
2861 2999 2922 3052 οὑ
2955 2996 3402 3068 παραδεξόμεθα;
3435 2992 3553 3048 εἷτα
3577 2995 3693 3056 πῶς
3716 2992 3877 3046 τοῦτο

2301 3091 2400 3143 ούκ
2429 3089 2673 3158 άμαθές;
2700 3089 2846 3159 Αὐτὴ
2872 3088 2979 3160 γὰρ
3001 3090 3149 3158 ἡμᾶς
3185 3090 3216 3158 ή
3243 3087 3337 3140 τοῦ
3371 3087 3688 3157 πράγματος
3713 3083 3876 3151 φύσις

2306 3178 2588 3250 μονονουχὶ
2632 3179 2725 3231 καὶ
2771 3179 2867 3249 οὺχ
2902 3178 3126 3240 ἑκόντας
3155 3177 3468 3230 ἐκϐιάσεται
3505 3173 3639 3244 πρὸς
3678 3172 3876 3242 ὁμολο-

634 3271 916 3335 pemodum
951 3273 1111 3326 etiam
1143 3272 1338 3327 invitos
1362 3273 1504 3341 cogit
1542 3280 1599 3326 ut
1626 3273 1771 3326 illum
1818 3283 1969 3344 partu
1996 3275 2197 3328 editum

2305 3271 2428 3339 γίαν
2459 3271 2555 3341 τὴν
2590 3270 2684 3322 τοῦ
2713 3269 2965 3339 τετέχθαι
3004 3272 3141 3321 νοεῖν
3169 3267 3350 3322 αὐτόν.
3381 3266 3505 3329 Πῶς
3535 3261 3626 3318 οὖν
3661 3264 3877 3318 ἀκούων

634 3362 931 3432 intelligere
966 3363 1247 3419 fateamur.
1288 3365 1399 3419 Cur
1440 3365 1602 3436 igitur
1639 3366 2063 3421 incarnationem
2099 3381 2196 3418 an-

632 3454 806 3517 diens,
841 3470 944 3509 nou
973 3456 1154 3509 statim
1179 3455 1504 3511 intellectum
1534 3459 1896 3526 generationis
1921 3457 2200 3512 admittit?

632 3545 864 3600 Omnino
909 3555 1088 3600 autem
1122 3547 1525 3603 humanationis
1557 3550 1774 3603 nomine
1810 3563 2200 3603 commemora-

634 3648 707 3700 to,
739 3651 838 3690 cur
864 3652 970 3690 non
997 3637 1139 3692 illico
1157 3637 1419 3693 intellexit
1453 3654 1566 3695 rem
1597 3639 1766 3708 ipsam
1797 3639 2198 3694 humanationis

632 3742 739 3780 non
771 3726 974 3781 homini
1011 3728 1166 3797 plane
1199 3728 1508 3790 convenire,
1541 3742 1606 3781 ne
1630 3729 1680 3782 id
1711 3729 1883 3797 ipsum
1919 3728 2058 3797 quod
2083 3737 2200 3781 erat

630 3817 745 3870 ﬁeri
795 3831 860 3871 ac
904 3818 1049 3872 nasci
1095 3817 1358 3880 videatur,
1400 3818 1492 3872 sed
1531 3818 1705 3873 Verbo
1736 3835 1799 3873 ex
1835 3819 1944 3874 Deo
1977 3819 2200 3888 genito?

631 3907 732 3963 Ubi
767 3918 946 3964 autem
981 3909 1292 3964 humanatio
1315 3924 1439 3966 vere
1473 3909 1637 3966 fuisse
1659 3910 1916 3976 creditur,
1944 3912 2013 3965 ibi
2045 3927 2200 3981 pror-

628 4016 722 4055 sus
753 4011 838 4056 est
869 4003 1167 4072 generatio,
1202 4018 1299 4073 per
1323 4018 1484 4072 quam
1518 4004 1683 4059 homo
1721 4003 1895 4059 factus
1929 4006 2198 4073 intelliga-

630 4104 736 4146 tur.
784 4092 888 4146 Sed
935 4108 1039 4148 non
1076 4094 1178 4150 isto
1215 4095 1373 4149 modo
1410 4095 1503 4151 tibi
1534 4096 1744 4151 videtur
1778 4097 2196 4168 intelligendum,

627 4196 750 4236 cum
774 4182 943 4254 ipsum
970 4185 1060 4238 Dei
1085 4183 1320 4241 Verbum
1350 4186 1684 4241 incarnatum
1706 4203 1824 4243 esse
1847 4198 1900 4244 et
1927 4190 2196 4245 hominem

630 4274 829 4328 iactum
858 4275 1052 4329 dicitur
1076 4295 1091 4330 :
1121 4292 1246 4331 nam
1275 4287 1462 4332 contra
1488 4278 1690 4343 dixisti,
1725 4290 1782 4333 ut
1813 4295 1931 4334 cum
1959 4281 2198 4335 omnium

636 4365 912 4418 hominum
954 4365 1302 4436 intelligentia
1355 4384 1593 4440 pugnare
1626 4370 1900 4435 nitereris,
1934 4372 2198 4425 humana-

635 4454 832 4515 tionem
867 4469 970 4510 non
1002 4455 1104 4511 hoc
1134 4457 1461 4527 signiﬁcare,
1497 4460 1637 4528 quod
1679 4460 1858 4515 divina
1899 4470 2089 4515 natura
2143 4461 2198 4514 in

627 4558 844 4598 a-urnem
884 4545 955 4600 sit
985 4555 1211 4611 mutata,
1239 4549 1330 4603 sed
1364 4552 1504 4618 quod
1539 4550 1851 4606 inhabitarit
1877 4552 1928 4605 in
1959 4551 2195 4608 homine.

625 4636 702 4688 Ac
729 4632 872 4701 quod
901 4634 975 4687 ait
1005 4634 1196 4690 divinat
1217 4644 1419 4692 natura:
1451 4637 1504 4691 in
1529 4653 1749 4692 carnem
1778 4638 2195 4692 demutatiouem

625 4735 681 4777 et
707 4724 1088 4794 itnpossibilem
1121 4741 1262 4790 esse,
1297 4735 1351 4782 et
1397 4727 1542 4782 nullo
1579 4728 1736 4783 modo
1778 4727 1852 4782 illi
1887 4729 2196 4794 convenire,

628 4818 679 4870 id
717 4815 1016 4871 rectissime
1057 4817 1258 4872 dictum
1305 4817 1556 4874 fatemur.
1586 4818 1907 4873 Laudandus
1939 4830 2023 4874 est
2052 4820 2196 4874 enim

625 4923 657 4965 ι
688 4908 840 4963 nobis
866 4907 1007 4978 quod
1041 4908 1094 4964 in
1126 4909 1228 4964 hac
1252 4920 1405 4978 parte
1434 4921 1578 4965 recte
1621 4911 1764 4981 loqui
1807 4911 2058 4966 voluerit.
2096 4909 2198 4964 Fa-

629 5006 746 5050 teor
786 4997 929 5053 enim
975 5013 1194 5057 manere
1238 5001 1380 5056 illam
1426 5002 1824 5068 inconcussam,
1871 5019 2042 5073 neque
2092 5003 2199 5058 ullo

629 5086 788 5144 modo
821 5089 876 5144 in
916 5089 1060 5145 aliud
1093 5092 1366 5163 quidpiam
1403 5094 1665 5150 demutari
1707 5095 1975 5149 diversum
2017 5094 2087 5149 ab
2129 5109 2194 5148 eo

2303 3363 2400 3430 τὴν
2436 3362 2728 3430 σάρκωσιν,
2755 3360 2815 3413 οὐ
2861 3360 2960 3423 τὰς
3001 3359 3150 3430 παρὰ
3196 3360 3296 3430 τῆς
3333 3358 3635 3428 γεννήσεως
3668 3354 3878 3416 ἐννοίας

2305 3453 2600 3523 είσδέχεται
2630 3452 3008 3522 παραχρῆμας
3055 3450 3458 3521 Ὤνομασμένης
3485 3449 3542 3502 δὲ
3561 3448 3694 3510 ὅλως
3721 3448 3878 3500 ἐνανς

2306 3543 2662 3614 θρωπήσεως,
2697 3543 2815 3605 πῶς
2846 3542 2907 3594 ού
2940 3539 3172 3610 συνῆκεν
3196 3540 3375 3603 εὐθὺς,
3405 3540 3480 3601 ὡς
3510 3538 3572 3591 τὸ
3598 3537 3698 3607 τῆς
3724 3537 3879 3588 ἐναν-

2305 3634 2638 3705 θρωπήσεως
2673 3636 2860 3705 χρῆμα
2896 3633 3091 3704 πρέποι
3121 3633 3186 3686 ἃν
3215 3633 3315 3686 οὐκ
3351 3630 3621 3702 ἀνθρώπῳ
3651 3629 3872 3700 μᾶλλον,

2305 3725 2392 3779 ἵνα
2417 3725 2490 3796 μὴ
2519 3725 2647 3778 αὐτό
2663 3742 2714 3777 τι
2734 3723 2978 3792 φαίνοιτο
2999 3724 3220 3792 γεγονὸς
3244 3723 3272 3775 6
3295 3719 3383 3793 ἦν,
3402 3721 3535 3774 ἀλλὰ
3556 3721 3634 3790 τῷ
3655 3721 3719 3773 ἐκ
3739 3719 3875 3772 Θεοῦ

2305 3817 2462 3884 φύντι
2494 3817 2686 3886 Λόγῳς
2722 3807 2796 3868 Οῦ
2825 3815 2869 3868 δ’
2889 3815 2957 3869 ἂν
2979 3817 3012 3885 ἡ
3041 3813 3448 3884 ἐνανθρὼπησις
3481 3810 3695 3883 άληθῶς
3723 3809 3876 3878 γενέ-

2307 3910 2432 3964 σθαι
2465 3908 2807 3978 πιστεύηται,
2834 3907 2951 3960 ἐκεῖ
2981 3923 3082 3958 που
3107 3905 3324 3968 πάντως
3354 3905 3386 3973 ἡ
3415 3903 3685 3973 γέννησις,
3719 3902 3786 3955 δι’
3807 3897 3877 3973 ἧς

2306 3996 2372 4050 ἂν
2427 3995 2599 4065 ὁρῷτο
2642 3996 2934 4065 γενόμενος
2970 3993 3276 4064 ἄνθρωπος.
3295 3991 3431 4044 Ἀλλ’
3461 3992 3559 4044 οὐκ
3608 3989 3739 4042 αὑτό
3792 4007 3878 4042 σοι

2304 4088 2451 4140 δοκεῖ
2494 4088 2635 4139 κατὰ
2680 4086 2865 4139 τοῦτον
2911 4086 3105 4157 χρῆναι
3148 4083 3382 4138 νοεῖσθαι
3427 4083 3518 4136 τὸν
3566 4082 3765 4153 τρόπον
3814 4083 3880 4134 τὸ

2307 4178 2655 4249 σαρκωθῆναί
2685 4195 2745 4230 τε
2773 4178 2868 4230 καὶ
2895 4177 3312 4248 ένανθρωπῆσαι
3360 4173 3616 4242 λέγεσθαι
3657 4174 3747 4226 τὸν
3780 4171 3877 4225 τοῦ

2305 4268 2442 4324 Θεοῦ
2473 4253 2644 4338 Λϋγον
2665 4286 2680 4301 ο
2710 4267 2845 4337 ἔφης
2876 4271 2982 4340 γὰρ
3013 4269 3193 4332 πάλιν,
3217 4269 3334 4330 ταῖς
3363 4265 3615 4319 ἁπάντων
3644 4264 3878 4326 ἐννοίαις

2304 4360 2580 4431 ἀνταίρειν
2625 4358 2939 4430 ἐπιχειρῶν,
2983 4359 3269 4427 σημαίνειν
3303 4357 3402 4428 τὴν
3444 4353 3876 4426 ἐνανθρῶπησιν,

2304 4453 2366 4507 ού
2396 4451 2495 4524 τὴν
2529 4453 2609 4515 είς
2642 4451 2821 4522 σάρκα
2855 4450 3157 4522 μεταϐολὴν
3180 4453 3278 4520 τῆς
3303 4448 3454 4511 θείας
3480 4447 3712 4516 φύσεως,
3737 4445 3878 4498 ἀλλὰ

2305 4545 2404 4616 τὴν
2454 4544 2728 4614 ἐνοίκησιν
2765 4541 2867 4613 τὴν
2909 4541 2989 4603 είς
3032 4538 3336 4610 ἄνθρωπον.
3365 4538 3476 4607 Τὴν
3524 4536 3620 4605 μὲν
3652 4532 3745 4588 οὖν
3775 4535 3875 4602 τῆς

2301 4635 2452 4699 θείας
2481 4633 2697 4704 φύσεως
2745 4633 2825 4694 είς
2870 4631 3048 4701 σάρκα
3082 4629 3440 4698 παρατροπὴν
3481 4625 3770 4694 άνέφικτόν
3811 4642 3876 4677 τε

2300 4721 2439 4780 εἶναι
2490 4725 2642 4795 φησὶ,
2674 4723 2768 4776 καὶ
2796 4723 2912 4776 κατ’
2941 4721 3128 4774 οὐδένα
3155 4720 3353 4792 τρόπον
3378 4719 3514 4789 αὐτῇ
3545 4717 3880 4788 συμϐαίνου-

2301 4836 2401 4871 σαν
2426 4832 2438 4848 ·
2467 4816 2561 4869 καὶ
2597 4814 2741 4886 μάλα
2787 4812 2962 4883 ὀρθῶς
2985 4828 2998 4842 ·
3033 4811 3391 4880 ἐπαινέσομεν
3421 4810 3528 4880 γὰρ
3575 4811 3634 4862 ἐν
3663 4807 3879 4871 τούτοις

2302 4912 2645 4981 ἀριστοεπεῖν
2686 4905 2983 4978 ᾑρημένον.
3018 4904 3164 4975 Φημὶ
3190 4903 3298 4971 γὰρ
3324 4901 3656 4973 ὰκράδαντον
3695 4899 3879 4968 ὑπάρ-

2301 5021 2418 5073 χειν
2446 5002 2636 5072 αύτὴν,
2667 4999 2760 5052 καὶ
2792 5000 2867 5063 ὡς
2900 4999 2998 5050 οὐκ
3029 4997 3094 5052 ἂν
3138 4996 3419 5067 μεταθεῖτο
3444 4993 3581 5065 πρὸς
3606 4992 3789 5064 ἔτερόν
3818 5008 3878 5044 τι

2301 5096 2430 5165 παρ’
2464 5095 2599 5163 ὅπερ
2629 5089 2767 5145 εἶναι
2799 5089 3184 5144 πεπίστευται·
3215 5085 3554 5156 διημάρτηκε
3583 5082 3638 5135 δὲ
3664 5082 3744 5134 ὅτι
3775 5078 3876 5132 τοῦ

626 5181 769 5251 quod
795 5195 915 5237 esse
943 5183 1203 5240 creditur.
1233 5182 1338 5237 Sed
1365 5182 1482 5253 ejus
1505 5185 1665 5241 verba
1695 5186 1849 5256 longe
1879 5186 1946 5240 ab
1973 5200 2039 5241 eo
2060 5184 2199 5256 quod

2307 5182 2611 5256 πρέποντάς
2636 5200 2696 5236 τε
2731 5181 2823 5235 καὶ
2863 5178 3092 5251 ἀληθοῦς
3120 5179 3148 5231 6
3183 5176 3337 5246 λόγος
3365 5173 3534 5246 αὐτῷ,
3566 5172 3664 5244 τὴν
3711 5174 3874 5226 ἐναν-

697 5361 894 5416 "Gen.
935 5377 1007 5426 tv,
1036 5359 1128 5416 26.

1915 5516 2072 5573 ANT.
2115 5517 2386 5574 AGELLll
2423 5516 2654 5576 NOTAE.

701 5675 779 5745 (7)
837 5673 1147 5744 Legendum
1184 5672 1395 5728 videtur
1441 5682 1533 5726 aut
1581 5673 1904 5743 sineﬁap‘,
1936 5683 2029 5745 aut
2079 5674 2195 5728 sine

627 5746 748 5806 οὐκ,
791 5754 848 5798 ut
881 5745 1146 5798 sententia
1191 5750 1418 5797 constet.
1473 5744 1562 5799 Sic
1614 5755 1795 5798 autem
1856 5744 1999 5812 loqui
2059 5745 2194 5798 soivt

631 5823 840 5880 auctor,
874 5824 931 5868 ut
955 5813 1112 5884 paulo
1145 5821 1285 5885 post,
1309 5813 1410 5866 οὐκ
1433 5813 1498 5868 ἂν
1531 5813 1811 5884 μεταθεῖτο
1847 5813 1980 5883 πρὸς
2007 5813 2194 5882 ἕτερόν

2300 5691 2352 5726 τι
2387 5673 2516 5744 παρ’
2545 5673 2678 5744 ὅπερ
2727 5666 2875 5744 εἶναι⁸
2911 5669 3288 5744 πεπίστευται.
3341 5668 3406 5725 Et
3451 5668 3614 5737 infra,
3662 5665 3880 5739 τροπὴν

2301 5737 2598 5814 ὑπομείνας
2623 5737 2722 5814 τὴν
2745 5745 2819 5808 είς
2851 5742 2988 5812 ὅπερ
3016 5741 3110 5794 οὐκ
3138 5737 3214 5811 ἦν.
