4024 6466
161 333 229 390 53
1297 319 1668 378 ADVERSUS
1706 315 2107 373 NESTORIUM
2141 315 2269 372 LIB.
2314 315 2353 370 Ι.
3335 312 3404 365 δρι

161 447 441 519 θρῶπησιν
490 446 634 500 εἶναι
667 443 1134 514 διαδεδαιουμένῳ
1177 442 1276 513 τὴν
1328 444 1406 505 είς
1456 441 1740 511 ἄνθρωπον

1861 439 2050 502 leceat,
2098 447 2152 490 et
2191 437 2259 490 ab
2292 435 2406 504 ipsa
2452 433 2676 490 veritate
2716 433 3015 495 aberrasse,
3063 431 3115 486 in
3158 445 3220 483 eo
3261 434 3404 499 quod

162 539 446 608 δνοίκησιν,
465 538 783 602 καταδεῖξαι
804 536 1157 607 πειράσομαι.
1180 535 1241 588 Ei
1265 535 1364 605 μὲν
1384 535 1492 606 γὰρ
1515 534 1599 604 ἐφ’
1622 533 1738 593 ἑνός

165 646 218 681 τε
245 632 336 682 καὶ
369 630 536 698 μόνου
560 628 658 683 τοῦ
695 626 1043 699 Ἐμμανουὴλ
1075 626 1272 696 ἀληθὲς
1299 621 1436 679 εῐναι
1461 625 1523 678 τὸ
1554 622 1743 694 χρῆμά

171 738 313 790 φησι,
348 721 654 774 διδασκέτω
697 723 798 793 τὴν
845 721 1057 774 αίτίανο
1094 719 1286 789 μαθεῖν
1327 719 1436 787 γὰρ
1471 717 1572 772 οὐκ
1598 716 1737 786 ἔχω·

170 815 325 881 {jx-mn
354 813 582 883 ὁριστὴν
612 812 799 874 αὐτὸν,
830 812 926 865 καὶ⁸
960 810 1276 882 νομοθέτην,
1299 804 1374 864 ὧν
1403 808 1468 862 ἂν
1502 807 1743 876 βούλοιτο

170 900 337 966 λέγειν
364 900 824 963 ἁκατασκέπτως,
846 900 1134 969 ἀνάσχοιτο
1158 899 1224 952 ἂν
1255 898 1450 960 οὐδείς.
1470 897 1610 948 Ἀλλ’
1645 895 1743 948 οὐκ

172 988 251 1055 ις’
273 989 390 1051 ἐνὸς
429 990 532 1059 μὲν
571 991 702 1054 ἴσως
725 991 758 1061 ἠ
779 991 888 1043 τῶν
921 989 1243 1061 ὁρισθέντων
1279 989 1456 1060 διήκει
1479 987 1706 1056 δύναμις
1727 1003 1741 1016 ·

175 1080 228 1129 οὗ
245 1078 664 1148 διαϐεϐλήσεται
691 1081 812 1149 μὲν,
845 1080 948 1134 κᾶν
972 1081 1019 1132 εί
1041 1079 1182 1134 κατὰ
1204 1079 1424 1132 πάντων
1447 1078 1534 1147 εἴη
1561 1076 1741 1146 τυχόν.

176 1167 373 1221 οὐκοῦν
398 1170 501 1239 οὐχ
532 1170 706 1232 ἅπαξ,
740 1169 878 1223 ἀλλά
910 1170 1249 1232 πλειστάκις,
1283 1165 1744 1237 ὲνηνθρωπηκὸτα

175 1260 299 1312 Θεὸν
338 1260 680 1331 εὑρήσομεν·
724 1262 822 1314 καὶ
853 1260 915 1313 οῦ
945 1261 1000 1312 τί
1041 1277 1144 1312 που
1183 1259 1340 1330 μόνον
1380 1258 1470 1310 τὸν
1516 1258 1579 1309 ἐκ
1609 1255 1742 1308 Θεοῦ

180 1350 377 1421 Πατρός
399 1351 599 1419 Λόγον,
632 1350 931 1421 προσθείην
956 1351 1000 1403 δ’
1037 1349 1102 1404 ἂν
1134 1349 1306 1418 ἔγωγε
1342 1348 1438 1401 καὶ
1470 1347 1634 1399 αὑτὸν
1653 1346 1747 1398 τὸν

181 1441 410 1511 Πατέρα,
436 1444 533 1496 καὶ
566 1443 793 1513 προσέτι
821 1443 884 1495 τὸ
914 1441 1137 1510 Πνεῦμα
1160 1440 1222 1494 τὺ
1259 1441 1433 1508 ἅγιον.
1467 1439 1610 1507 Ἔφη
1648 1438 1745 1507 μὲν

180 1534 297 1602 γὰρ,
315 1533 382 1585 δι’
404 1534 523 1596 ἑνὸς
545 1534 656 1586 τῶν
676 1533 851 1600 ἁγίων
877 1531 1189 1602 προφητῶν,
1215 1530 1468 1600 περὶτῶν
1489 1531 1546 1582 ὲν
1568 1530 1745 1581 πίστει

178 1625 626 1693 δεδικαιωμένων,
653 1625 736 1678 ὅτι
770 1644 789 1676 ι
821 1623 1122 1693 Ἐνοικήσω
1175 1624 1232 1676 ὲν
1265 1622 1468 1687 αὐτοῖς,
1511 1623 1604 1675 καὶ
1649 1625 1746 1690 ὲμ-

181 1721 552 1790 περιπατήσω,
586 1722 680 1772 καὶ
704 1719 899 1790 ἔσομαι
921 1718 1097 1772 αὐτῶν
1122 1717 1274 1781 Θεὸς,
1305 1717 1397 1769 καὶ
1427 1717 1578 1769 αὐτοὶ
1601 1717 1745 1770 ἔσον-

1843 528 2282 582 humanationem
2317 525 2457 580 idem
2488 539 2609 580 esse
2641 535 2802 594 atque
2848 524 2901 577 in
2949 521 3164 576 homine
3196 521 3405 575 inhabi-

1843 620 2101 674 tationem
2127 616 2377 685 aliirmat,
2401 617 2640 671 conabor
2665 615 2972 670 ostendere.
2995 612 3127 665 Nam
3153 613 3194 666 si
3218 612 3269 665 in
3299 625 3406 665 uno

1841 721 1894 768 et
1920 711 2034 766 solo
2066 708 2416 764 Emmanuele
2444 709 2497 762 id
2536 721 2724 761 verum
2759 720 2878 760 esse
2922 703 3141 765 asserit,
3169 700 3283 768 ejus
3327 701 3404 756 rei

1841 818 2060 857 causam
2087 808 2311 866 doceat;
2344 813 2515 868 neque
2544 798 2688 853 enim
2717 796 2861 851 illam
2896 792 3194 863 intelligere
3222 805 3359 861 queo
3390 808 3404 844 τ

1841 894 2043 964 alioqui
2101 903 2249 948 certe
2297 893 2440 945 hunc
2491 889 2828 945 delinitorem
2887 901 2950 940 ac
3002 882 3406 954 legumlatorem

1843 1001 2028 1042 eorum
2059 1000 2178 1053 quae
2213 993 2416 1038 temere
2441 980 2620 1036 dicere
2649 979 2890 1041 libuerit,
2921 989 3079 1030 nemo
3110 973 3266 1027 lerat.
3304 970 3409 1026 Sed

1845 1094 1949 1133 non
1983 1078 2048 1131 ad
2085 1092 2247 1130 unum
2301 1072 2627 1127 definitionis
2668 1070 2826 1138 hujus
2865 1068 2946 1121 vis
2991 1063 3265 1135 pertingit,
3305 1058 3411 1129 27

1845 1183 2021 1238 neque
2057 1167 2159 1220 ulla
2193 1167 2296 1221 erit
2319 1164 2539 1228 invidia,
2575 1160 2785 1215 etiamsi
2819 1157 3068 1211 omnibus
3090 1154 3256 1217 insit;
3286 1164 3412 1220 ergo

1845 1275 1951 1315 non
1988 1258 2176 1322 semel,
2196 1257 2290 1312 sed
2314 1255 2512 1322 saepius
2536 1254 2700 1306 Deum
2731 1251 2929 1304 factum
2965 1246 3234 1301 hominem
3265 1243 3412 1296 inve-

1847 1351 2076 1414 niemus,
2132 1363 2303 1418 neque
2336 1347 2507 1400 solum
2561 1343 2689 1397 illud
2724 1356 2788 1396 ex
2826 1341 2932 1394 Deo
2963 1339 3121 1391 Patre
3161 1334 3410 1397 Verbum,

1846 1441 1940 1498 sed
1984 1440 2232 1508 adjiciam
2280 1453 2379 1508 ego
2431 1445 2578 1490 certe
2624 1434 2785 1488 etiam
2842 1433 3012 1500 ipsum
3069 1427 3304 1489 Patrem,
3352 1437 3415 1476 ac

1846 1544 2105 1604 praeterea
2143 1530 2402 1598 Spiritum
2448 1535 2714 1582 sanctum.
2754 1523 2897 1576 Dixit
2929 1520 3071 1575 enim
3115 1533 3209 1588 per
3231 1531 3419 1586 quem-

1848 1625 1969 1680 datn
1997 1639 2026 1678 e
2056 1621 2256 1677 sanctis
2287 1619 2582 1690 prophetis,
2614 1617 2676 1669 de
2704 1613 3011 1668 hominibus
3037 1625 3130 1679 per
3153 1604 3415 1672 ﬁdemju-

1849 1714 2095 1770 stilicatis
2134 1731 2147 1768 :
2184 1731 2202 1764 ι
2233 1711 2550 1766 lnhabitabo
2593 1707 2646 1762 in
2686 1706 2840 1776 ipsis,
2869 1713 2923 1759 et
2967 1697 3329 1756 inambulabo,
3367 1703 3425 1747 et

178 1811 263 1862 ταί
291 1827 393 1880 μου
620 1830 638 1862 ι
663 1788 812 1877 Ἔφη
843 1808 902 1861 δὲ
925 1809 1017 1861 καὶ
1046 1807 1208 1871 αὐτὸς
1235 1811 1262 1861 6
1300 1806 1563 1878 Χριστός·
1591 1826 1608 1857 ι
1635 1806 1745 1859 Καὶ

1861 1820 1941 1860 πο
1971 1806 2210 1874 ipsorum
2262 1804 2421 1864 Deus,
2454 1809 2508 1855 et
2535 1797 2634 1868 ipsi
2685 1805 2843 1850 erunt
2876 1795 3004 1848 mihi
3040 1791 3266 1861 populus
3296 1790 3361 1840 ".
3397 1808 3422 1839 ν

181 1902 268 1955 ιάν
298 1902 382 1963 τίς
426 1918 532 1970 μου
573 1900 807 1969 ἀκούσῃ,
841 1898 1173 1968 ἐλευσόμεθα
1212 1897 1322 1966 ἐγὼ
1366 1897 1461 1951 καὶ
1488 1899 1516 1950 6
1559 1897 1748 1966 Πατήρ

188 2009 300 2061 μου,
328 1993 424 2044 καὶ
457 1991 626 2062 μονὴν
656 1991 788 2062 παρ’
811 1989 960 2060 αὐτῷ
993 1989 1350 2060 ποιησόμεθα,
1383 1989 1477 2042 καὶ
1504 1989 1562 2041 ὲν
1601 1985 1749 2057 αὐτῷ

187 2083 606 2152 καταλύσομεν.»
627 2083 882 2153 Γέγραφε
905 2081 964 2135 δέ
981 2099 1083 2136 που
1109 2082 1205 2135 καὶ
1225 2084 1254 2135 6
1284 2081 1592 2150 σοφώτατος
1613 2079 1752 2133 Παῦ-

189 2173 287 2236 λρςο
310 2195 324 2222 ι
349 2175 459 2227 Καὶ
490 2175 699 2243 Μωσῆς
731 2173 829 2244 μὲν
866 2174 1053 2236 πιστὸς
1085 2175 1142 2226 ὲν
1171 2173 1278 2242 ὅλῳ
1307 2173 1384 2243 τῷ
1406 2175 1540 2242 οίκῳ
1563 2171 1748 2237 αὑτοῦ,

191 2262 258 2326 ὥς
297 2264 573 2335 θεράπων,
625 2269 710 2328 είς
751 2266 1051 2336 μαρτύριον
1097 2266 1203 2319 τῶν
1255 2264 1748 2334 λαληθησομένωνο

192 2354 404 2425 Χριστὸς
430 2355 486 2409 δὲ
523 2356 602 2419 ὡς
638 2357 786 2419 Υἱὸς,
827 2358 920 2410 ἐπὶ
967 2358 1058 2409 τὸν
1097 2353 1246 2409 οἷκον
1287 2357 1486 2420 αὐτοῦ,
1517 2349 1578 2408 οὗ
1607 2352 1753 2418 οἶκός

194 2443 346 2514 ἔσμεν
376 2447 556 2516 ἡμεῖς.
588 2467 608 2497 ι
639 2447 748 2500 Καὶ
786 2447 894 2516 μὴν
918 2448 1014 2500 καὶ
1048 2446 1289 2517 περὶτοῦ
1319 2447 1474 2514 ἁγίου
1499 2445 1754 2516 Πνεῦμα-

193 2552 300 2598 τος’
327 2556 345 2588 ι
368 2538 481 2590 Οὐκ
514 2538 697 2591 οἴδατε
737 2541 823 2592 ὅτι
866 2539 992 2602 ναὸς
1015 2539 1152 2593 Θεοῦ
1187 2540 1334 2604 ἐστε,
1365 2539 1459 2591 κει)⁸
1498 2538 1556 2591 τὸ
1583 2537 1752 2589 Πνεῦ-

197 2642 269 2694 μα
290 2626 384 2680 τοῦ
412 2627 553 2682 Θεοῦ
581 2631 722 2683 οίκεῖ
757 2633 815 2683 ἐν
850 2631 1005 2700 ὕμῖν;
1041 2650 1056 2680 ι
1081 2630 1290 2684 Οὐκοῦν
1325 2632 1374 2684 εί
1395 2631 1455 2683 τὸ
1479 2629 1756 2699 ἐνοικῆσαί

195 2731 296 2767 τισι
335 2715 596 2786 λέγεσθαι
637 2721 733 2773 καὶ
762 2720 856 2773 τὸν
886 2720 994 2773 τῶν
1023 2721 1158 2774 ὅλων
1200 2721 1353 2782 Θεὸν,
1393 2721 1550 2773 τοῦτό
1584 2722 1753 2781 ἐστιν,

196 2805 226 2873 ἡ
264 2806 696 2879 ινανθρώπησις,
748 2811 918 2879 ἤγουν
963 2813 996 2880 ὴ
1033 2810 1342 2880 σάρκωσις,
1388 2809 1628 2878 λεγέσθω
1665 2808 1759 2862 καὶ

197 2896 272 2964 ιφ*
299 2899 527 2952 ἑκάστου
559 2901 669 2954 τῶν
711 2901 812 2970 τῆς
845 2900 992 2964 θείας
1026 2903 1239 2971 φύσεως
1283 2902 1584 2970 γεγονότων
1639 2918 1757 2954 κοι-

198 2987 389 3052 νωνῶν,
421 2991 517 3043 καὶ
549 2991 657 3062 μὴν
683 2992 780 3043 καὶ
808 2992 1014 3044 ένοικον
1037 2993 1349 3063 ἐσχηκότων
1378 2992 1564 3056 αὑτὸν,
1595 2992 1679 3044 ὅτι
1701 3007 1760 3043 τε

1848 1895 1994 1950 Dixit
2024 1896 2184 1949 etiam
2221 1892 2334 1962 ipse
2359 1892 2644 1947 Christus:
2677 1907 2695 1940 ι
2722 1889 2786 1942 Ει
2823 1888 2868 1943 si
2897 1887 3018 1955 quis
3052 1901 3136 1938 me
3167 1882 3430 1944 audierit,

1851 1986 2127 2040 veniemus
2161 1997 2261 2052 ego
2295 1992 2349 2038 et
2394 1979 2557 2035 Pater
2600 1995 2772 2042 meus,
2815 1988 2868 2032 et
2907 1976 3238 2031 mansionem
3278 1970 3426 2050 apud-

1851 2091 1972 2132 entn
2019 2076 2298 2136 faciemus,
2344 2083 2400 2126 et
2447 2073 2498 2126 in
2549 2071 2667 2138 ipso
2717 2067 3115 2123 diversabimur
3168 2063 3242 2132 (8)
3285 2061 3350 2114 “.
3397 2079 3418 2110 ι

1854 2165 2084 2231 Scripsit
2119 2164 2282 2218 etiam
2326 2164 2518 2217 beatus
2553 2159 2748 2214 Paulus
2784 2177 2796 2212 :
2838 2177 2856 2208 ‹
2895 2158 2958 2211 Et
2994 2155 3168 2209 Moses
3207 2153 3432 2220 quidem

1855 2255 2025 2308 fidelis
2056 2253 2109 2307 in
2138 2262 2247 2307 tota
2278 2253 2438 2306 domo
2461 2251 2576 2319 ejus
2606 2260 2663 2303 ut
2693 2248 2945 2309 famulus,
2976 2248 3028 2299 in
3058 2241 3421 2298 testimonium

1853 2359 2039 2399 eorum
2071 2357 2192 2412 qua:
2219 2341 2446 2396 dicenda
2486 2349 2641 2393 erant
2672 2356 2686 2391 :
2729 2337 2975 2392 Christus
3007 2347 3132 2388 vero
3165 2341 3221 2384 ut
3255 2330 3424 2384 Filius

1855 2450 2017 2504 super
2059 2435 2275 2487 domum
2323 2431 2458 2499 ejus,
2506 2428 2661 2498 cujus
2703 2429 2895 2482 domus
2926 2439 3110 2480 sumus
3157 2436 3253 2474 nos
3300 2421 3364 2472 ".
3402 2437 3424 2468 ι

1856 2523 2163 2590 Quinetiam
2195 2523 2260 2576 de
2303 2528 2495 2576 sancto
2528 2518 2734 2588 Spiritu
2767 2535 2778 2570 :
2819 2535 2836 2568 ι
2868 2515 3099 2571 Nescitis
3129 2513 3254 2582 quia
3287 2522 3414 2563 tem-

1857 2615 2000 2684 plum
2035 2614 2128 2670 Dei
2160 2613 2310 2678 estis,
2337 2621 2389 2666 et
2419 2612 2651 2681 Spiritus
2685 2609 2778 2664 Dei
2809 2609 3012 2663 habitat
3042 2607 3092 2660 in
3121 2605 3273 2659 vobis
3294 2602 3380 2654 "7
3403 2619 3425 2652 r

1858 2705 1999 2775 Ergo
2044 2705 2088 2760 si
2139 2705 2366 2773 idipsum
2412 2702 2554 2772 quod
2602 2700 2904 2755 inhabitare
2943 2699 2995 2752 in
3033 2697 3298 2765 aliquibus
3338 2693 3428 2746 ille

1858 2796 2099 2851 omnium
2131 2795 2389 2849 Dominus
2416 2793 2632 2858 dicitur,
2660 2791 2763 2846 hoc
2792 2789 2880 2844 illa
2903 2796 2984 2843 est
3013 2783 3320 2841 humanatio
3345 2782 3429 2836 vel

1861 2887 2182 2952 incarnatio,
2213 2887 2319 2942 dici
2369 2885 2532 2940 liceat
2575 2884 2737 2938 etiam
2771 2883 2822 2936 in
2869 2892 3191 2947 unoquoque
3235 2875 3434 2928 divinae

1864 2991 2069 3036 natum
2113 2979 2398 3048 participe,
2449 2987 2611 3046 atque
2650 2974 2813 3030 etiam
2860 2971 3251 3026 inhabitantem
3287 2967 3340 3020 in
3373 2979 3432 3018 se

200 3082 282 3171 καὶ
308 3057 718 3155 ὲνηνθρώπησε,
751 3085 845 3137 καὶ
870 3085 1006 3155 πρός
1029 3057 1304 3156 “Eiram?
1329 3086 1410 3150 τὸ,
1441 3085 1752 3156 ὲσαρκώθη.

1864 3074 2010 3128 illum
2043 3073 2294 3134 habente,
2337 3081 2390 3123 et
2416 3068 2690 3123 hominem
2732 3065 2929 3120 factum
2961 3075 3100 3124 esse,
3133 3067 3186 3115 et
3215 3057 3433 3126 insuper

200 3166 270 3225 0-3
293 3173 354 3242 δὴ
402 3177 715 3244 γεγονότος,
767 3179 863 3230 καὶ
910 3178 1347 3248 παραδεχθέντος
1392 3180 1467 3240 ὡς
1501 3179 1756 3250 ἀληθοῦς,

203 3263 507 3331 πλειστάκις
539 3269 646 3321 κᾶν
678 3269 892 3337 λέγοιτο
919 3272 1246 3342 γεγενῆσθαι
1294 3272 1429 3343 σὰρξ
1464 3275 1491 3326 6
1527 3275 1591 3326 ὲκ
1623 3273 1758 3326 Θεοῦ

204 3355 398 3425 Πατρὺς
434 3357 643 3427 Λόγοςσ
676 3360 874 3414 ἐνοικεῖ
894 3362 950 3414 δὲ
980 3362 1075 3414 καὶ
1102 3364 1181 3426 είς
1211 3361 1370 3433 δεῦρο
1409 3363 1625 3423 πολλοῖς
1651 3364 1761 3416 τῶν

206 3445 500 3516 σεϐομένων
534 3451 719 3503 αὐτόν.
767 3452 924 3504 Ἀλλά
955 3455 1064 3516 ναὶ,
1095 3454 1248 3524 φησὶ,
1281 3454 1594 3524 γέγραπται
1634 3454 1765 3524 περὶ

204 3534 291 3586 τοῦ
325 3535 458 3588 Θεοῦ
493 3538 674 3607 Λόγου
697 3582 709 3603 ,
741 3540 824 3592 ὅτι
862 3559 879 3590 ι
917 3542 1258 3610 Ἐσκήνωσεν
1292 3545 1348 3595 ὲν
1383 3546 1534 3614 ἡμῖν.
1563 3560 1582 3594 ι
1617 3545 1762 3615 Ἔφη

206 3625 258 3677 δὲ
298 3628 385 3680 καὶ
410 3631 439 3681 ὁ
465 3628 757 3693 θεσπέσιος
806 3630 1013 3694 Παῦλος
1051 3633 1296 3702 περὶτοῦ
1346 3639 1563 3687 πάντων
1605 3635 1765 3704 ἡμῶν

211 3715 442 3788 Σωτῆρος
472 3719 715 3789 Χριστοῦ
739 3759 755 3783 ,
785 3723 866 3774 ὅτι
899 3739 917 3773 t
949 3723 1038 3775 Ἐν
1059 3723 1208 3792 αὐτῷ
1239 3722 1528 3793 κατῴκησε
1562 3727 1671 3777 πᾶν
1707 3726 1768 3778 τὸ

211 3804 468 3877 πλήρωμα
487 3809 592 3877 τῆς
619 3809 875 3880 θεότητος
905 3813 1255 3880 σωματικῶς.
1282 3832 1300 3865 ι
1331 3814 1639 3885 Ἑσκήνωσε
1670 3817 1769 3885 μὲν

210 3900 260 3952 ὲν
293 3903 424 3972 ημῖν
468 3903 952 3973 ὁμολογουμένως
1002 3905 1313 3975 γέγραπται
1362 3906 1469 3978 γὰρ
1503 3907 1633 3960 ὠδίο
1677 3909 1771 3960 καὶ⁸

212 3990 306 4062 μὴν
327 3994 423 4046 καὶ
447 3995 533 4048 ὅτι
552 3995 895 4066 κατῴκηκεν,
920 3997 1020 4050 οὐκ
1039 3997 1393 4068 ἀντιτάξομαι
1416 3998 1628 4066 λέγοντί
1655 4015 1769 4052 σοι·

211 4081 460 4156 βούλομαι
485 4088 544 4140 δὲ
575 4088 779 4158 μᾶλλον
799 4089 898 4153 τὰς
919 4088 1026 4143 τῶν
1053 4090 1333 4161 θεηγόρων
1357 4091 1434 4158 (9)
1461 4089 1773 4160 βασανίζειν

211 4178 402 4242 φωνάς.
438 4178 500 4232 '0
538 4181 638 4249 μὲν
683 4181 793 4250 γὰρ
839 4182 1105 4252 μακάριος
1146 4181 1539 4252 εὐαγγελιστὴς
1587 4199 1772 4252 προει-

213 4270 406 4339 ρηκὼς.
438 4272 523 4324 δτι
554 4271 652 4325 καὶ
688 4289 707 4323 ι
731 4273 790 4325 ’0
819 4273 988 4340 Λόγος
1029 4273 1166 4343 σὰρξ
1195 4275 1434 4340 ἐγένετο,
1479 4291 1498 4326 ι
1531 4286 1775 4342 προσεπ-

212 4362 399 4430 ήνεγκε
427 4362 720 4433 ζχρειωδῶς
767 4363 861 4416 καὶ
900 4365 991 4428 τὸ,
1029 4382 1047 4414 ι
1084 4364 1426 4431 Ἐσκήνωσεν
1468 4363 1526 4415 ὲν
1559 4363 1712 4432 ἡμῖν,
1749 4379 1768 4411 ι

1864 3167 2223 3218 incarnatttm.
2273 3161 2426 3227 Quod
2476 3159 2519 3214 sl
2567 3159 2763 3212 factum
2810 3165 2909 3220 est,
2945 3163 2999 3207 et
3048 3153 3092 3207 si
3142 3159 3200 3203 ut
3244 3164 3431 3203 verum

1863 3254 2190 3318 admittitur,
2218 3252 2330 3321 jam
2359 3251 2484 3306 illud
2517 3266 2582 3303 ex
2623 3248 2730 3303 Deo
2764 3247 2996 3300 Verbum
3040 3257 3183 3312 saepe
3212 3254 3432 3296 carnem

1866 3345 2064 3400 factum
2097 3345 2202 3399 dici
2235 3341 2364 3396 nihil
2406 3339 2653 3410 prohibet
2686 3359 2700 3393 :
2747 3338 3023 3392 inhabitat
3049 3344 3230 3389 autem
3273 3332 3434 3386 etiam

1865 3439 2040 3491 adhuc
2071 3435 2125 3489 in
2173 3434 2357 3488 multis
2402 3447 2522 3486 eum
2573 3429 2891 3485 colentibus.
2942 3429 3011 3481 At
3041 3427 3210 3489 enim,
3241 3422 3433 3491 inquit,

1867 3528 2125 3596 scriptum
2154 3534 2234 3578 est
2258 3524 2324 3577 de
2350 3524 2456 3578 Deo
2478 3520 2658 3575 Verbo
2682 3537 2698 3575 :
2731 3537 2748 3571 ι
2773 3517 3055 3574 Habitavit
3073 3517 3126 3570 in
3155 3514 3308 3569 nobis
3329 3513 3430 3566 τί..

1871 3621 2014 3672 Dixit
2061 3618 2221 3671 etiam
2266 3615 2454 3670 beatus
2503 3611 2697 3666 Paulus
2745 3610 2811 3666 de
2857 3610 3096 3664 omnium
3157 3604 3438 3660 Salvatore

1869 3709 2085 3766 Christo
2133 3725 2146 3762 :
2201 3725 2219 3758 ι
2259 3705 2312 3760 In
2351 3719 2415 3759 eo
2463 3701 2726 3757 habitavit
2772 3702 2948 3755 omnis
2991 3697 3264 3769 plenitudo
3306 3696 3438 3748 divi-

1872 3803 2057 3857 nitatis
2092 3799 2446 3869 corporaliter
2482 3799 2599 3851 ”..›
2637 3795 2834 3851 Fateor
2880 3793 3026 3847 illum
3065 3790 3338 3846 habitasse
3385 3787 3439 3840 in

1873 3894 2027 3948 nobis
2060 3893 2160 3962 (sic
2196 3903 2424 3957 namque
2449 3887 2708 3954 scriptum
2742 3884 2868 3954 est),
2935 3896 3035 3936 nec
3098 3881 3154 3933 in
3217 3879 3308 3932 illo
3362 3876 3444 3929 in-

1874 3984 2194 4044 habitasse,
2268 3980 2363 4033 tibi
2419 3977 2617 4032 dicenti
2681 3972 2992 4043 repugnabo
3039 3990 3058 4026 ι
3121 3967 3214 4023 sed
3277 3967 3436 4020 velim

1873 4078 2053 4146 potius
2110 4075 2208 4127 has
2259 4069 2644 4138 theologorum.
2697 4080 2862 4121 voces
2920 4062 3255 4119 examinare.
3310 4057 3460 4113 Nam

1877 4171 2065 4224 beatus
2108 4162 2433 4233 evangelista
2486 4175 2607 4215 cum
2663 4159 2812 4227 prius
2861 4157 3118 4218 dixisset,
3154 4173 3170 4206 ι
3208 4151 3442 4208 Verbum

1875 4277 2004 4315 caro
2041 4257 2242 4312 factum
2286 4263 2404 4318 est,
2435 4271 2452 4305 ι
2486 4251 2763 4320 διιιιῖιιιιιίι
2791 4257 3113 4319 opportune,
3146 4263 3165 4296 ι
3201 4243 3263 4297 Ει
3295 4243 3447 4296 habi-

1879 4351 2014 4406 tavit
2044 4346 2315 4410 innobis;
2349 4363 2376 4396 ι
2405 4353 2460 4396 ιιι
2488 4357 2585 4411 per
2627 4349 2917 4409 utrumque
2953 4339 3215 4404 integram
3248 4333 3446 4388 Christi

213 4424 292 4504 ἵνα
309 4424 383 4506 δι’
417 4424 623 4522 έμφοίν
650 4424 1020 4522 ἀδιαλὼὄητον
1046 4454 1103 4505 έν
1135 4424 1268 4524 ἡμῖν
1297 4424 1660 4523 ἐνεργάσηται
1679 4449 1757 4502 τοὶ

1883 4439 2126 4512 mysterii
2160 4437 2524 4508 cognitionem
2571 4433 2730 4487 nobis
2775 4431 3030 4485 traderet.
3068 4426 3198 4480 Nam
3241 4424 3448 4478 unitum

214 4542 339 4594 κατὰ
366 4541 609 4611 Χριστὸν
645 4540 947 4611 μυστηρίου
982 4541 1080 4610 τὴν
1123 4540 1345 4609 γνῶσιν.
1379 4541 1502 4593 Ὅτι
1539 4540 1637 4609 μὲν
1667 4538 1776 4610 γὰρ

213 4631 385 4704 ήνώθη
424 4632 590 4703 σαρκὶ
623 4632 746 4685 καθ’
777 4633 1075 4686 ὑπόστασιν
1105 4635 1133 4685 6
1167 4635 1231 4686 ὲκ
1256 4631 1392 4685 Θεοῦ
1434 4630 1644 4702 Πατρός
1674 4631 1776 4683 Λό-

1882 4549 2002 4588 esse
2028 4531 2176 4585 carni
2210 4528 2504 4583 secundum
2533 4522 2862 4595 hypostssim
2896 4521 3021 4576 illud
3059 4534 3120 4573 ex
3161 4517 3266 4571 Deo
3293 4513 3453 4567 [Eatre

1887 4623 2120 4678 Verbum
2149 4617 2405 4674 indicavit
2436 4625 2618 4684 aperte
2646 4628 2768 4668 cum
2800 4613 2954 4673 dixit,
2989 4612 3181 4680 ipsum-
3195 4624 3313 4662 esse
3337 4621 3453 4660 car-

211 4699 318 4792 γος,
341 4699 755 4793 διαμεμένηκεν
782 4721 806 4795 [
830 4723 913 4777 lo.
940 4721 1386 4794 διαμεμήνυκεν]
1410 4699 1656 4793 ἐναργῶς
1690 4721 1757 4774 διες

1885 4732 2004 4770 netu
2030 4713 2228 4768 factum
2256 4729 2269 4764 :
2291 4712 2400 4779 jam
2430 4721 2558 4761 vero
2579 4719 2796 4759 carnem
2830 4702 3025 4756 factum
3056 4714 3160 4754 non
3191 4699 3240 4751 in
3276 4700 3454 4750 carnis

214 4830 271 4878 γε
304 4788 415 4868 ⁷τοῦ
443 4788 654 4885 ’σάρκα
686 4788 869 4881 λέγειν
908 4788 1386 4882 γενέσθαιναύτόνί
1418 4788 1522 4866 ὅτι⁷
1543 4788 1602 4865 δὲ
1644 4811 1757 4882 adp;

1886 4808 2145 4862 transisse
2165 4813 2436 4864 naturam,
2461 4812 2632 4869 neque
2658 4794 3005 4851 mutationem
3040 4792 3091 4844 in
3111 4792 3162 4844 id
3184 4788 3322 4858 quod
3351 4804 3454 4840 non

215 4903 466 4973 γεγονὼς,
491 4905 592 4957 οὐκ
621 4905 700 4968 είς
726 4905 823 4974 τὴν
851 4905 948 4973 τῆς
980 4904 1181 4975 σαρκὸς
1216 4901 1643 4974 μετακεχὼρηκε
1679 4902 1781 4970 φύ-

251 5059 318 5116 x"
343 5085 525 5141 Levit.
563 5097 711 5146 xxvi,
741 5081 841 5144 12;
877 5081 916 5135 ll
946 5083 1072 5138 Cor.
1102 5097 1174 5146 vt,
1223 5083 1310 5137 lli.
1385 5083 1428 5114 "
1456 5082 1611 5137 Jnau.
1654 5097 1763 5143 xlv,
1800 5081 1888 5133 ‘23.
1969 5078 2012 5109 "
2041 5076 2204 5133 Hebr.
2242 5091 2326 5139 ιιι,
2365 5073 2424 5136 5,
2451 5069 2504 5124 6.

241 5155 320 5212 ll.
401 5153 679 5209 "Coloss.
721 5168 781 5213 ιι,
818 5154 870 5204 9.

1884 4908 2003 4953 erat
2028 4896 2280 4962 subiisse,
2307 4894 2402 4949 sed
2426 4906 2546 4947 cum
2569 4903 2633 4943 eo
2656 4886 2797 4958 quod
2819 4883 3113 4940 secundum
3139 4896 3234 4936 nos
3259 4877 3454 4934 {suum

2617 5067 2664 5100 ⁷⁸
2687 5065 2858 5121 l=Cor.
2892 5079 2978 5133 ιιι,
3015 5063 3098 5118 16.
3176 5064 3214 5095 τ’
3240 5062 3396 5116 Juau.
3421 5075 3460 5124 ι,

1501 5303 1656 5359 AN'I‘.
1701 5299 1966 5357 AGELLII
2010 5297 2238 5352 NOTAE.

285 5496 360 5562 (8)
380 5491 692 5562 Posteriora
717 5489 878 5562 verba
905 5499 948 5542 et
973 5489 1026 5541 in
1053 5489 1165 5562 ipse
1187 5488 1241 5540 di
1262 5486 1789 5562 versabimurmeque
1873 5481 1994 5562 ‘cu.
2023 5481 2358 5562 tnatnsionent
2426 5477 2626 5532 facere.
2683 5474 2964 5530 liabcliant
3035 5482 3212 5526 tamen
3278 5481 3468 5523 nutnes

226 5553 392 5621 Lauini
424 5563 581 5618 codd.
640 5559 771 5615 Novi
822 5553 1175 5621 Testamenti,
1235 5571 1405 5624 neque
1462 5553 1634 5608 Gr'eci
1691 5555 1785 5604 ha-

229 5635 386 5697 bent;
456 5643 512 5688 el
575 5632 721 5686 idem
788 5629 1094 5698 signiﬁcant
1160 5643 1293 5698 cum
1361 5624 1788 5698 praecedentibus

1897 5555 2057 5605 tollit.
2098 5550 2307 5605 Cvrilli.

1967 5567 2057 5605 nu.
2098 5567 2138 5605 δ
2181 5567 2307 5603 rint.

1967 5623 2041 5689 (9)
2075 5567 2170 5674 Sig
2200 5622 2469 5686 appellare
2510 5618 2645 5670 solet
2683 5629 2957 5689 sacrorum
2997 5611 3320 5680 scriptorum
3371 5623 3492 5662 att-—

230 5686 396 5763 verbis
432 5686 636 5760 fidem
667 5708 754 5757 est
797 5686 938 5756 enim
974 5695 1238 5755 diversari
1281 5696 1337 5754 in
1363 5686 1581 5764 'aliquo,
1627 5701 1680 5748 et
1734 5693 1788 5747 in
1896 5686 2094 5758 clunes,
2123 5703 2179 5745 ut
2210 5693 2479 5758 apostolos
2508 5699 2561 5742 et
2595 5686 2971 5754 evattgelistas.
