4024 6484
455 510 457 512 ’
558 510 643 562 illa
693 510 854 564 verba
907 528 921 564 :

558 314 627 373 55
1577 310 1635 365 S.
1675 307 1951 364 CYRILLI
1989 309 2459 368 ALEXANDRINI
2496 312 2813 370 ARCHIEP.

3750 309 3861 373 ω

559 429 643 475 est
679 417 943 476 mansisse
968 419 1109 490 quod
1139 427 1278 489 erat,
1301 420 1354 477 id
1380 436 1572 479 rursus
1603 425 1950 495 perspicuum
1984 425 2129 493 facit,

2241 447 2351 496 σιν,
2392 406 2600 503 τροπὴν
2646 428 2948 501 ὑπομείνας
2979 427 3077 500 τὴν
3118 428 3199 493 είς
3239 428 3376 499 ὅπερ
3408 426 3508 482 οὐκ
3547 420 3639 499 ἦν,
3666 422 3861 482 ἀλλὰ

972 528 990 559 ι
1021 508 1299 567 Habitavit
1346 510 1400 566 in
1437 512 1613 577 nobis,
1645 530 1664 564 ι
1706 514 1977 583 prioribus
2029 515 2132 571 illis

554 599 839 671 adjiciens.
882 600 1161 667 ilabitasse
1186 611 1364 661 autem
1396 603 1524 663 dicit
1562 603 1751 661 beatus
1782 603 1982 660 Paulus
2023 605 2135 679 28

557 696 610 745 in
638 691 854 747 Christo
890 707 1105 749 omnem
1139 693 1522 763 plenitudinem
1556 696 1856 753 divinitatis
1880 710 2133 767 corpora-

556 781 699 847 liter,
750 796 819 839 ne
865 784 1134 854 quispiam
1186 785 1485 857 simplicem
1532 786 1616 845 vel
1674 787 2130 844 babitudinariam

557 872 946 931 habitationem
988 875 1313 943 suspicetur,
1344 877 1437 932 sed
1471 891 1677 943 veram,
1711 886 1768 932 ut
1803 880 1960 935 modo
1996 878 2128 944 dixi,

553 970 607 1019 et
628 963 921 1023 secundum
943 965 1297 1036 bypostasim.
1326 966 1512 1038 Neque
1534 968 1678 1024 enim
1709 969 1792 1024 vir
1814 969 1902 1025 ille
1926 969 2129 1040 Spiritu

556 1050 653 1107 Dei
682 1052 871 1120 plenus
898 1053 1185 1125 ignorabat
1211 1055 1585 1127 incorporeum
1614 1057 1856 1113 esse'Dei
1899 1056 2128 1114 Verbum

552 1149 603 1195 et
645 1140 1006 1211 impalpabile.
1031 1141 1231 1199 Verum
1256 1145 1382 1218 quia
1414 1160 1635 1201 necesse
1659 1156 1857 1201 eratut
1886 1147 2129 1217 mysterii

553 1232 841 1303 explicatio
865 1234 1013 1291 nulla
1046 1236 1257 1292 ratione
1302 1250 1493 1291 manca
1528 1237 1821 1303 videretur,
1865 1237 1957 1293 sed
1993 1237 2129 1295 adeo

553 1332 810 1379 accurate
836 1338 901 1381 ac
931 1324 1184 1381 distincte
1206 1323 1272 1380 ad
1310 1335 1511 1381 rectam
1543 1327 1781 1398 regulam
1818 1328 2128 1382 veritatem-

554 1426 659 1480 que
691 1414 1017 1479 traderetur,
1048 1424 1109 1470 ut
1137 1430 1299 1471 omne
1329 1415 1646 1470 miraculum
1684 1417 1985 1487 superaret,
2019 1418 2128 1473 vim

557 1501 718 1556 infert
743 1505 1142 1575 consequentiae
1176 1519 1379 1573 rerum,
1413 1513 1468 1560 et
1510 1520 1674 1575 pr0pe
1712 1507 1961 1571 dixerim,
1989 1508 2129 1576 quod

556 1591 925 1664 incorpoream
954 1595 1100 1651 illam
1124 1610 1498 1665 summamque
1527 1606 1773 1651 naturam
1802 1599 1975 1665 decet,
1999 1612 2129 1652 eon-

554 1686 747 1739 temnit
807 1703 821 1742 :
870 1687 1069 1757 adjecit
1123 1687 1267 1743 enim
1308 1688 1553 1753 verbum,
1592 1688 1951 1755 corporaliter,
2004 1704 2125 1743 cum

2240 516 2377 587 μετὰ
2425 518 2519 571 τοῦ
2559 517 2810 586 γενέσθαι
2848 514 2970 571 καθ’
2996 517 3163 588 ἡμᾶς,
3203 516 3512 587 μεμένηκεν
3542 517 3681 587 ὅπερ
3712 512 3853 585 ἦν,

2238 605 2514 679 διατρῖινοί
2560 607 2724 662 πάλιν
2773 606 2838 661 τὸ
2862 646 2879 673 ,
2928 625 2946 659 ι
2984 606 3327 678 Ἐσκήνωσεν
3372 606 3431 659 ὲν
3471 606 3625 677 ήμῖν,
3673 624 3693 657 ι
3735 600 3860 674 τῷ

2237 698 2443 771 πρώτῳ
2466 698 2883 770 προστεθεικώς.
2920 696 3261 767 Κατοικῆσαι
3283 697 3343 753 δέ
3361 715 3527 767 φησιν
3550 700 3580 752 ὁ
3607 697 3855 751 θεσπέσ-

2238 806 2354 853 σιος
2398 789 2610 854 Παῦλος
2645 790 2704 845 ὲν
2747 788 2828 862 τῷ
2880 786 3102 860 Χριστῷ
3137 788 3246 842 πᾶν
3292 787 3354 842 τὸ
3385 788 3659 859 πλήρωμα
3707 788 3854 849 τῆς

2237 879 2489 953 θεότητος
2529 878 2857 952 σωματικῶς
2875 896 2889 910 ο
2918 879 3005 934 ἵνα
3046 881 3119 949 μὴ
3145 878 3344 950 ἁπλῆν,
3362 879 3529 949 ήγουν
3551 878 3851 947 σχετικὴν

2232 970 2332 1041 τὴν
2373 970 2692 1041 κατοίκησιν
2742 969 3105 1039 ὑποτοπήσειέ
3149 986 3254 1035 τις,
3294 969 3409 1024 ἀλλ’
3449 968 3639 1037 ὥσπερ
3667 968 3849 1036 εφην

2233 1061 2458 1133 ἀρτίως,
2499 1061 2763 1132 ἀληθινήν
2795 1078 2855 1115 τε
2897 1061 2993 1114 καὶ
3038 1060 3161 1115 καθ’
3196 1059 3514 1113 ὑπόστασιν.
3545 1060 3663 1111 ’Ότι
3708 1058 3848 1127 μὲν

2232 1154 2340 1224 γὰρ
2372 1152 2662 1225 ἀσώματός
2694 1151 2756 1205 τέ
2789 1154 2927 1221 ἐστι,
2965 1156 3059 1206 καὶ
3086 1151 3297 1223 ἀναφὴς
3327 1153 3359 1205 ὁ
3398 1150 3491 1204 τοῦ
3532 1150 3672 1207 Θεοῦ
3701 1149 3844 1202 Λάα-

2230 1263 2346 1315 γος,
2375 1247 2477 1299 οὐκ
2502 1245 2771 1316 ἠγνόηκεν
2811 1245 2840 1298 ό
2882 1244 3353 1316 πνευματοφόρος.
3392 1242 3612 1313 Ἐπειδὴ
3637 1241 3699 1296 δὲ
3739 1236 3841 1310 ἦν

2232 1338 2551 1405 ἀναγκαῖον,
2584 1335 2681 1407 τὴν
2713 1335 2808 1391 τοῦ
2850 1336 3153 1406 μυστηρίου
3183 1335 3416 1406 δήλωσιν
3458 1333 3578 1387 κατ’
3610 1331 3841 1386 οὐδένα

2230 1428 2432 1501 τρόπον
2470 1426 2700 1499 ὁρᾶσθαι
2743 1427 3178 1497 μεμωμημένην,
3210 1425 3414 1496 ἀκριϐῆ
3450 1425 3507 1478 δὲ
3533 1422 3680 1477 οὕτω
3717 1439 3843 1490 γε·

2231 1519 2439 1584 νέσθαι,
2464 1519 2559 1573 καὶ
2592 1516 3004 1590 διηρθρωμένην
3034 1517 3111 1579 είς
3132 1515 3193 1569 τὸ
3218 1514 3345 1568 εὐθύ
3371 1531 3430 1567 τε
3464 1513 3555 1567 καὶ
3580 1512 3837 1583 ἀληθὲς,

2232 1610 2306 1672 ὡς
2337 1609 2595 1664 ἐπέκεινα
2633 1609 2833 1672 παντὸς
2884 1608 3021 1662 ίέναι
3069 1606 3378 1677 θαύματος,
3413 1602 3836 1668 καταδιάζεται

2230 1697 2291 1751 τὸ
2319 1697 2486 1763 είκὸς,
2508 1698 2604 1751 καὶ
2642 1698 2926 1771 μονονουχὶ
2953 1696 3014 1750 τὸ
3051 1696 3263 1770 πρέπον
3291 1694 3539 1765 ὑπερορᾷ
3559 1695 3631 1764 τῇ
3663 1692 3835 1746 ἀσω-

553 1773 713 1831 aliter
741 1777 922 1834 dicere
950 1792 1057 1834 non
1091 1778 1339 1844 haberet,
1367 1793 1530 1850 quam
1564 1786 1746 1837 nostra
1777 1779 2128 1851 intelligentia

2235 1789 2392 1861 μάτῳ
2429 1762 2488 1841 τε
2516 1788 2611 1842 καὶ
2642 1762 2934 1861 θπερτάτιρ
2966 1762 3126 1857 φύσεί
3148 1802 3161 1817 ’
3196 1762 3551 1858 προστέθεικε
3722 1782 3831 1845 τὸ,

554 1876 609 1921 et
646 1866 827 1938 lingua
862 1868 1121 1939 consequi
1158 1878 1363 1939 posset.
1404 1868 1482 1924 Ne
1522 1869 1686 1941 igitur
1714 1885 1836 1929 cum
1870 1872 1969 1927 iste
1996 1872 2129 1927 sim-

554 1960 743 2031 plicem
794 1962 951 2017 nobis
1004 1963 1454 2019 inbabitationem
1506 1974 1917 2032 commemorat,
1976 1978 2132 2035 putes

552 2051 756 2119 aliquid
783 2066 905 2109 eum
936 2052 1116 2108 dicere
1136 2056 1276 2122 quod
1313 2069 1417 2109 nou
1442 2055 1732 2111 admodum
1770 2056 1841 2110 sit
1869 2056 2131 2113 damnan-

551 2143 698 2197 dum.
734 2142 871 2198 Nam
899 2155 953 2196 ut
980 2151 1215 2209 evertat,
1249 2154 1309 2199 ut
1339 2145 1454 2213 ipse
1477 2154 1651 2214 putat,
1684 2146 1844 2215 idque
1876 2146 2129 2203 nimirum

551 2233 830 2302 audacter,
864 2234 1267 2304 generationem
1301 2234 1423 2291 Filii
1449 2236 1742 2293 secundum
1769 2252 2013 2302 carnem,
2044 2253 2131 2292 ra-

552 2324 955 2380 tiocinationem
980 2323 1256 2393 componit
1277 2324 1473 2381 anilem
1495 2340 1558 2380 ac
1581 2324 1823 2393 stultam,
1850 2335 1904 2381 et
1927 2327 2128 2381 nullum

551 2431 614 2472 ex
648 2417 874 2472 veritate
913 2416 1142 2473 fulcrum
1173 2415 1483 2473 habentem.
1524 2417 1757 2473 Rursum
1793 2433 2022 2488 namque
2052 2420 2131 2479 sic

553 2508 760 2573 scribit,
799 2522 922 2563 cum
956 2507 1222 2565 adversus
1264 2506 1498 2571 Arianos
1528 2508 1949 2581 disputationem
1979 2510 2130 2565 insti-

551 2600 762 2654 tuisset.
992 2673 996 2677 ‘

625 2691 906 2765 [Νεετοιι.
941 2690 1145 2747 Tamen
1175 2691 1457 2747 divinitate
1481 2702 1629 2747 certe
1665 2706 1782 2765 quae
1808 2689 1982 2767 major
2025 2701 2127 2756 est,

552 2800 724 2852 ipsum
756 2783 847 2838 Dei
876 2780 1112 2839 Verbum
1142 2782 1413 2839 recentius
1439 2796 1560 2837 esse
1584 2792 1891 2855 augentur;
1918 2791 1974 2838 at
2000 2797 2130 2839 vero

552 2877 602 2932 ni
635 2876 789 2929 beata
815 2872 984 2930 Maria
1016 2875 1188 2946 ipsum
1234 2876 1588 2945 posteriorem
1636 2872 1893 2939 etIiciunt,
1923 2882 1978 2930 et
2014 2890 2130 2930 ma-

553 2976 688 3023 trem
714 2964 1061 3036 temporalem
1095 2964 1196 3034 ipsi
1231 2964 1423 3021 Dcitati
1454 2965 1632 3032 opifici
1662 2974 1961 3033 temporum
1993 2980 2131 3036 pra:-

2232 1877 2601 1947 σωματικῶς,
2622 1877 2719 1949 οὐχ
2741 1878 2941 1949 ἑτέρως
2965 1876 3102 1949 ἔχων
3130 1877 3327 1939 εἰπεῖν,
3349 1874 3382 1945 ἢ
3405 1874 3480 1937 ὡς
3500 1873 3566 1929 ἂν
3595 1874 3833 1942 γένοιτο

2232 1970 2329 2024 καὶ
2353 1969 2449 2039 νῷ,
2479 1968 2574 2023 καὶ
2602 1969 2818 2039 γλώττῃ
2854 1969 2921 2038 τῇ
2958 1966 3081 2023 καθ’
3120 1967 3267 2038 ἡμᾶς
3294 1965 3531 2034 ἐφικτόν.
3568 1965 3662 2034 Μὴ
3697 1963 3832 2017 τοί·-

2232 2079 2327 2116 νυν
2354 2061 2535 2132 ἁπλῆν
2566 2062 2700 2132 ήμϊν
2725 2058 3059 2129 ὀνομάζοντα
3092 2058 3384 2128 ἐνοίκησιν,
3408 2058 3519 2113 οἵου
3546 2075 3599 2111 τι
3626 2056 3827 2126 λέγειν

2231 2153 2394 2208 αὑτὸν
2438 2153 2545 2207 τῶν
2592 2153 2654 2206 οὐ
2711 2152 2920 2224 σφόδρα
2955 2148 3426 2220 διαϐεὸλημένωνθ
3486 2147 3830 2215 ἀνατρέπων

2232 2248 2361 2319 γὰρ,
2393 2244 2647 2315 καθάπερ
2693 2239 2788 2298 οὗν
2833 2245 3038 2306 οἴεται,
3074 2244 3169 2295 καὶ
3215 2239 3364 2311 μάλα
3396 2237 3680 2303 νεανικῶς,
3708 2237 3829 2306 τὴν

2232 2338 2373 2391 κατὰ
2404 2337 2583 2407 σάρκα
2611 2335 2863 2406 γέννησιν
2897 2331 2993 2387 τοῦ
3024 2330 3179 2394 Υἱοῦ,
3221 2329 3502 2400 συντίθησι
3542 2327 3826 2397 λογισμὸν

2231 2428 2581 2499 γραοπρεπῆ,
2617 2427 2713 2480 καὶ
2752 2425 2980 2497 ἠλίθιον,
3010 2425 3107 2478 καὶ
3131 2422 3448 2492 ὐποδάθραν
3476 2421 3579 2475 οὐκ
3614 2418 3829 2491 ἔχοντα.

2229 2522 2328 2590 τὴν
2366 2520 2425 2585 ἐξ
2466 2517 2744 2589 ἀληθείας.
2771 2516 2979 2587 Γράφει
3039 2514 3148 2585 γὰρ
3187 2514 3280 2567 καὶ
3325 2508 3430 2567 ὧδε
3473 2512 3659 2578 πάλιν,
3707 2528 3826 2566 πε·-

2231 2612 2451 2681 ποίηται
2485 2611 2543 2664 δὲ
2581 2609 2717 2680 πρὸς
2756 2606 3069 2678 Ἀρειανοὺς
3095 2605 3123 2655 ὁ
3157 2604 3312 2671 λόγος
3334 2602 3503 2677 αὐτῷ.

2304 2703 2534 2777 [Ὅμως
2572 2702 2629 2757 δὲ
2672 2700 2775 2755 κᾶν
2814 2699 3066 2768 θεότητος
3105 2697 3350 2767 μείζονος
3397 2697 3487 2749 τὸν
3530 2694 3666 2751 Θιον
3698 2702 3823 2747 Δο-

2230 2812 2326 2864 γον
2349 2793 2575 2867 ληροῦσι
2600 2790 2894 2863 νεώτερον·
2925 2784 3070 2844 οὗτοι
3100 2790 3158 2844 δὲ
3198 2787 3359 2841 αὐτὸν
3396 2785 3496 2855 τῆς
3527 2784 3825 2856 μακαρίας

2231 2883 2450 2957 Μαρίας
2489 2880 2815 2954 ἐργάζονται
2846 2877 3097 2950 δεύτερον
3120 2894 3133 2908 ’
3176 2877 3268 2931 καὶ
3307 2876 3517 2946 μητέρα
3548 2873 3825 2945 χρονικὴν

2228 2980 2296 3047 τῇ
2326 2973 2640 3047 δημιουργῷ
2662 2972 2769 3027 τῶν
2801 2973 3007 3043 χρόνων
3040 2970 3301 3039 ὲφιστῶσι
3320 2968 3548 3037 Θεότητι
3566 2983 3579 2997 ·
3606 2967 3825 3035 μᾶλλον

553 3066 760 3128 ponunt
798 3073 814 3111 :
848 3057 956 3111 imo
1000 3072 1127 3112 vero
1174 3057 1343 3129 ipsam
1375 3055 1575 3112 Christi
1612 3065 1888 3122 parentem
1917 3072 1984 3117 ne
2011 3071 2129 3114 esse

2235 3068 2289 3121 δὲ
2319 3067 2437 3121 οὐδὲ
2470 3065 2683 3137 μητέρα
2712 3063 2805 3118 τοῦ
2829 3060 3064 3133 Χριστοῦ
3097 3060 3195 3130 τὴν
3220 3058 3582 3131 Χριστοτόκον
3610 3055 3782 3112 ἐῶσιν
3801 3071 3819 3084 ’

553 3148 764 3217 quidem
800 3145 1004 3205 Christi
1040 3158 1267 3201 matrem
1305 3148 1487 3200 sinunt
1522 3166 1533 3199 :
1566 3160 1688 3200 nam
1720 3148 1763 3199 si
1803 3162 1906 3201 non
1954 3149 2128 3205 homi-

2235 3158 2415 3229 εί-γὰρ
2450 3159 2550 3213 οὐκ
2573 3154 2861 3227 ἀνθρώπου
2905 3153 3089 3222 φύσις,
3121 3151 3257 3208 ἀλλὰ
3288 3149 3419 3213 Θεὸς
3450 3151 3480 3206 ό
3510 3148 3683 3217 Λόγος
3701 3143 3778 3219 ἦν
3798 3187 3817 3211 ,

553 3240 639 3296 nis
669 3249 881 3306 natura,
929 3241 1025 3298 sed
1068 3240 1209 3297 Deus
1261 3239 1491 3294 Verbum
1530 3237 1649 3303 fuit,
1697 3248 1756 3295 ut
1800 3239 1874 3295 illi
1925 3241 2129 3306 dicunt,

2235 3248 2424 3321 ὥσπερ
2466 3249 2661 3305 ἐκεῖνοί
2700 3263 2887 3316 φασιν,
2925 3246 2952 3301 ὃ
2982 3244 3093 3316 [ῖσ.
3124 3243 3175 3315 ὁ]
3218 3242 3347 3313 παρ’
3380 3240 3624 3311 ἐκείνης,
3652 3241 3688 3311 ἡ
3713 3256 3821 3293 τεο

553 3345 711 3402 quem
755 3331 843 3387 illa
871 3331 1099 3403 peperit,
1145 3330 1361 3401 pariens
1396 3330 1525 3384 editi
1573 3338 1759 3399 partus
1794 3331 1938 3386 nullo
1974 3332 2129 3388 modo

2235 3340 2406 3395 κοῦσα
2432 3340 2528 3393 τοῦ
2549 3337 2832 3415 τεχθέντος
2863 3336 2926 3393 οὐ
2955 3336 3160 3409 μήτηρ.
3186 3332 3311 3393 Πῶς
3340 3332 3448 3404 γὰρ
3469 3332 3553 3398 εἴη
3579 3346 3665 3397 τις
3697 3330 3821 3401 μή-

555 3434 731 3478 mater
764 3431 849 3478 est
881 3436 897 3477 :
929 3422 1019 3491 qui
1056 3422 1199 3477 enim
1253 3421 1325 3475 sit
1383 3429 1554 3477 mater
1592 3420 1736 3474 illius
1769 3421 1859 3489 qui
1903 3420 1971 3477 ab
2018 3420 2129 3489 ejus

2235 3448 2336 3501 τηρ
2359 3430 2452 3485 τοῦ
2474 3430 2574 3500 τῆς
2596 3427 2810 3498 φύσεως
2827 3428 2924 3497 τῆς
2949 3426 3114 3495 αὐτῆς
3138 3422 3448 3492 ἀλλοτρίους
3470 3421 3603 3477 Ele
3624 3422 3820 3491 μήτηρ

555 3522 746 3569 natura
784 3513 857 3571 sit
893 3512 1221 3571 extraneus?
1253 3510 1409 3578 Quod
1443 3510 1489 3567 si
1517 3521 1687 3569 mater
1724 3510 1861 3582 apud
1902 3526 1994 3566 eos
2034 3526 2131 3581 ap-

554 3604 809 3673 pellatur,
837 3603 1147 3659 humanitas
1174 3613 1260 3659 est
1288 3610 1441 3677 partu
1475 3602 1643 3667 edita,
1676 3615 1782 3657 non
1834 3602 2088 3658 divinitas
2118 3624 2129 3657 :

556 3710 679 3753 nam
702 3697 896 3765 cuique
916 3695 1070 3749 matri
1094 3694 1369 3765 proprium
1387 3700 1469 3748 est
1486 3691 1949 3753 consubstantiale
1974 3707 2134 3761 pare—

555 3802 637 3843 re.
668 3788 773 3847 Aut
798 3787 958 3858 igitur
981 3802 1085 3842 non
1116 3787 1220 3845 erit
1253 3796 1427 3840 mater
1457 3800 1577 3856 qua:
1607 3784 2130 3845 consubstantialem

555 3878 654 3935 sibi
685 3877 907 3933 minime
929 3877 1137 3948 peperit
1164 3895 1179 3932 :
1217 3886 1306 3933 aut
1336 3877 1382 3933 si
1415 3886 1586 3935 mater
1613 3876 1681 3932 ab
1720 3876 1855 3947 ipsis
1886 3884 2129 3942 vocatur,

556 3968 656 4024 sibi
690 3969 742 4025 in
775 3968 1079 4025 substantia
1111 3967 1342 4029 similem
1370 3965 1614 4038 genuit.]

1201 4080 1353 4137 CAP.
1395 4080 1484 4135 IX.

628 4177 889 4245 Perquam
923 4174 1167 4228 abditum
1202 4187 1335 4231 sane
1379 4174 1772 4228 sententiarum
1820 4174 2046 4242 pondus,
2068 4190 2133 4231 ac

556 4270 849 4323 vehemens
882 4278 938 4321 et
971 4266 1297 4321 inevitabilis
1326 4267 1562 4321 hominis
1588 4267 1679 4335 qui
1713 4268 1866 4323 nobis
1902 4269 1974 4323 ita
2003 4284 2131 4324 con-

557 4358 797 4429 scripsit,
860 4358 1298 4430 syllogismorum
1366 4356 1452 4411 vis
1509 4358 1770 4413 ceruitur.
1829 4359 2130 4425 Undenam,

2235 3522 2364 3592 παρ’
2409 3520 2589 3577 αὐτῶν
2627 3518 2970 3589 ὀνομάζοιτο,
3016 3515 3372 3587 ἀνθρωπότης
3402 3513 3465 3565 τὸ
3494 3511 3707 3583 τεχθὲν,
3746 3510 3818 3564 οὐ

2235 3613 2424 3681 θεότης
2447 3628 2459 3642 ⁸
2497 3611 2679 3680 πάσης
2716 3609 2826 3679 γὰρ
2876 3608 3008 3663 ἴδιον
3045 3607 3250 3679 μητρὸς
3287 3603 3550 3679 ὁμοούσια
3574 3602 3815 3656 τίκτειν.

2236 3706 2308 3761 Ἢ
2330 3701 2421 3759 οὖν
2450 3704 2550 3758 οὐκ
2582 3702 2735 3761 ἔσται
2771 3703 2977 3774 μήτηρ,
3008 3698 3295 3769 ὁμοούσιον
3316 3699 3481 3768 ἑαυτῇ
3507 3696 3583 3767 μὴ
3613 3693 3819 3749 τεκοῦ-

2236 3814 2335 3852 σα·
2388 3796 2421 3869 ἢ
2462 3797 2649 3869 μήτηρ
2690 3793 2820 3863 παρ’
2866 3790 3047 3847 αὐτῶν
3099 3788 3441 3862 καλουμένη,
3482 3787 3575 3843 τὸν
3628 3787 3808 3856 ἑαυτῇ

2235 3889 2353 3945 κατ’
2388 3886 2578 3947 οὐσίαν
2609 3885 2900 3958 ἐγέννησεν
2935 3881 3183 3953 aptatam]

2837 4080 3089 4143 ΚΕΦΑΛ.
3122 4078 3200 4139 Θθ.

2316 4180 2405 4243 Ὠς
2447 4176 2585 4247 βαθὺ
2631 4174 2695 4237 τὸ
2734 4174 2925 4246 χρῆμα
2975 4172 3084 4231 τῶν
3117 4170 3372 4235 ἐννοιῶν,
3411 4170 3559 4239 δεινὴ
3608 4168 3668 4226 δὲ
3712 4168 3820 4222 καὶ

2232 4270 2628 4337 δυσδιάφυκτος
2653 4265 2750 4325 τοῦ
2795 4266 2865 4319 τὰ
2902 4263 3081 4321 τοιάδε
3113 4261 3560 4334 συγγεγραφότος
3609 4261 3744 4329 ἡμῖν
3776 4260 3817 4329 ἡ

2230 4363 2297 4419 ἐκ
2318 4361 2431 4418 τῶν
2458 4356 2830 4429 συλλογισμῶν
2857 4355 3073 4424 ἀνάγκη
3094 4354 3363 4422 φαίνεται.
3392 4350 3563 4409 Πόθεν
3583 4351 3719 4419 ἡμῖν
3740 4348 3819 4401 τὰ

556 4465 763 4519 quteso,
800 4449 1064 4519 ejusmodi
1108 4446 1333 4501 fabellas
1380 4446 1634 4501 collectas
1676 4448 1881 4502 habens
1922 4449 1974 4503 in
2015 4465 2129 4505 me-

2235 4452 2413 4509 τοιάδε
2445 4450 2871 4525 συναγηγερκὼς
2895 4450 2975 4510 τίς
3003 4445 3165 4517 μέσον
3193 4442 3331 4515 ἔρχῃ
3360 4440 3635 4512 μυθάριας
3662 4438 3696 4507 ἢ
3723 4438 3819 4500 τίς

557 4542 703 4596 dium
734 4538 957 4608 prodis?
1010 4546 1104 4592 aut
1133 4538 1384 4607 quisnam
1418 4552 1640 4607 prorsus
1672 4539 1726 4591 in
1759 4553 1877 4592 eam
1908 4549 2127 4594 senten-

556 4636 753 4686 tiarum
787 4630 1072 4684 stultitiam
1097 4640 1179 4684 est
1215 4628 1415 4697 lapsus,
1449 4638 1507 4683 ut
1535 4636 1684 4697 putet
1719 4644 1781 4684 ac
1821 4631 1965 4686 dicat
1995 4630 2129 4685 Uni-

556 4721 723 4791 geniti
753 4721 1006 4776 deitatem
1034 4736 1140 4775 non
1174 4734 1240 4775 ex
1272 4717 1431 4773 Patre
1456 4730 1583 4774 ante
1604 4720 1799 4779 saecula
1827 4721 2127 4777 subsisten.

559 4815 687 4868 tiam
718 4814 940 4877 habere,
972 4812 1065 4867 sed
1102 4821 1159 4865 ut
1201 4827 1325 4866 esse
1368 4810 1651 4881 inciperet,
1682 4826 1906 4870 acerne
1928 4822 1983 4869 et
2005 4829 2129 4869 san-

557 4906 717 4975 guine
746 4905 958 4959 initium
983 4901 1454 4973 accepisse‘iQuis
1487 4902 1625 4959 adeo
1670 4904 1917 4972 stupidus
1946 4914 2030 4963 est
2074 4915 2131 4960 et

468 5050 471 5051 ν
560 4999 871 5066 imperitus,
918 5006 973 5052 et
1025 5010 1301 5051 sacrarum
1351 4994 1677 5049 Litterarum
1736 4996 1893 5065 plane
1937 4999 2128 5055 rudis?

556 5092 687 5158 Quis
737 5107 841 5145 non
897 5089 1142 5146 meminit
1192 5087 1303 5160 29
1340 5087 1489 5143 Isaiae
1519 5088 1586 5142 de
1634 5089 1752 5157 ipso
1785 5090 2072 5147 clamantis
2110 5110 2124 5144 ε

563 5201 581 5233 ι
623 5180 1037 5236 Generatiouem
1083 5180 1200 5244 ejus
1245 5179 1367 5249 quis
1418 5179 1693 5233 enarrabit
1737 5179 1826 5233 7’?
1856 5200 1872 5233 ι
1907 5180 2128 5237 Joannis

558 5275 719 5328 etiam
754 5282 942 5343 aperte
988 5273 1277 5328 scribentis
1311 5290 1325 5326 :
1379 5288 1396 5322 ι
1428 5269 1482 5325 1η
1520 5270 1787 5341 principio
1833 5281 1954 5327 erat
2004 5270 2128 5327 Ver-

558 5366 708 5430 bum,
762 5377 817 5420 et
874 5364 1104 5419 Verhum
1147 5372 1265 5418 erat
1305 5363 1446 5433 apud
1496 5363 1685 5427 Deum,
1733 5373 1785 5419 et
1820 5364 1960 5419 Deus
2009 5373 2128 5418 erat

559 5454 792 5512 Verbum
828 5473 842 5511 :
881 5454 1060 5509 omnia
1087 5467 1183 5523 per
1217 5453 1391 5523 ipsum
1418 5451 1562 5508 facta
1596 5463 1741 5520 sunt,
1770 5463 1825 5509 et
1858 5454 1977 5511 sine
2009 5454 2127 5524 ipso

557 5545 756 5599 factum
782 5554 869 5600 est
897 5543 1026 5599 nihil
1053 5544 1138 5596 1"1'
1167 5562 1186 5596 ι
1225 5542 1381 5612 Quod
1404 5544 1448 5600 si
1474 5545 1652 5601 omnia
1687 5559 1788 5618 per
1816 5545 2013 5617 ipsum,
2036 5546 2127 5617 qui

627 5684 671 5715 τ’
696 5682 797 5738 lsa.
831 5695 945 5747 uti,
984 5679 1037 5736 8.
1110 5680 1155 5712 “
1178 5677 1333 5736 Joan.
1367 5679 1551 5746 1.1-3.

2233 4546 2371 4607 ὅλως
2396 4543 2636 4616 ἀμαθίας
2668 4542 2748 4605 εἰς
2777 4538 2937 4595 τοῦτο
2966 4532 3305 4594 ωτὼλισθεν
3328 4529 3570 4595 δννοιῶν,
3592 4528 3670 4591 ὡς
3695 4527 3817 4579 ote-

2237 4635 2364 4692 σθαί
2393 4652 2455 4688 τε
2495 4634 2590 4690 καὶ
2621 4632 2803 4701 λέγειν
2848 4628 2948 4700 τὴν
2976 4627 3208 4697 ϐιότητα
3239 4623 3337 4681 τοῦ
3370 4621 3715 4691 Μονογενοῦς
3744 4620 3815 4672 οὐ

2237 4726 2566 4798 προαιώνιον
2598 4724 2744 4795 ἔχειν
2772 4723 2876 4794 τὴν
2902 4719 3139 4791 ὓπαρξιν
3171 4719 3236 4773 ὲκ
3264 4715 3501 4788 Πατρδς,
3544 4712 3720 4798 ἀρχὴν
3750 4711 3817 4765 δὲ

2241 4796 2444 4888 μᾶλλον
2468 4816 2568 4885 τῆς
2597 4816 2679 4878 εἰς
2718 4813 2781 4867 τδ
2807 4810 2948 4869 εἶναι
2967 4809 3203 4882 παρόδου
3229 4806 3409 4878 σάρκα
3435 4822 3496 4862 τε
3534 4806 3631 4861 καὶ
3667 4796 3816 4872 αἷμα

2238 4906 2453 4972 λαϐεἰν;
2497 4906 2594 4969 Τίς
2632 4904 2804 4967 οὕτως
2849 4902 3238 4973 ὲμδρόντητος,
3291 4898 3386 4957 καὶ
3424 4892 3817 4965 ὀλιγογνὼμων

2234 5000 2373 5064 ἐστὶ,
2409 5000 2503 5054 καὶ
2529 4997 2640 5052 τῶν
2669 4996 2828 5067 ίερῶν
2855 4994 3206 5065 Γραμμάτων
3233 4992 3463 5060 ἀνήκοος
3492 4985 3771 5048 παντελῶς
3794 5002 3814 5051 ;

2234 5090 2331 5153 Τίς
2361 5091 2423 5143 οὐ
2444 5087 2810 5159 διαμέμνηται
2847 5083 3264 5154 διακεκραγότος
3295 5080 3394 5149 μὶν
3426 5080 3651 5136 Ἡσαῖον
3682 5079 3817 5150 περὶ

2235 5180 2431 5232 αὐτοῦ·
2462 5197 2480 5230 ι
2513 5176 2625 5247 Τὴν
2649 5175 2844 5245 γενεὰν
2873 5173 3037 5230 αὑτοῦ
3063 5174 3147 5235 τίς
3173 5173 3522 5242 διηγήσεται;
3553 5188 3573 5222 ι
3601 5168 3818 5237 Γεγραο

2236 5272 2395 5338 φότος
2417 5268 2473 5322 δὲ
2511 5268 2606 5321 καὶ
2651 5266 2901 5321 Ἰωάννου
2935 5261 3155 5332 σαφῶςο
3195 5281 3213 5312 ι
3256 5261 3344 5313 Ἐν
3381 5260 3523 5329 ἀρχῇ
3552 5253 3621 5328 ἦν
3647 5259 3677 5310 ὁ
3710 5259 3816 5311 Λό-

2234 5376 2350 5428 γος,
2385 5359 2479 5413 καὶ
2516 5360 2545 5412 ὁ
2590 5358 2763 5427 Λόγος
2785 5350 2855 5427 ἦν
2902 5353 3037 5426 πρὸς
3069 5352 3159 5405 τὸν
3186 5351 3339 5415 θεὸν,
3386 5350 3482 5402 καὶ
3514 5347 3647 5410 Θεὸς
3680 5342 3750 5416 ἦν
3784 5348 3815 5400 ὁ

2234 5452 2441 5520 Λόγοςο
2479 5448 2660 5503 πάντα
2700 5448 2768 5501 δι’
2806 5444 2970 5500 αὑτοῦ
3010 5442 3244 5513 ἐγένετο,
3286 5439 3380 5493 καὶ
3430 5437 3600 5509 χωρὶς
3641 5438 3812 5490 αὑτοῦ

2234 5541 2455 5613 ἐγένετο
2478 5540 2599 5597 οὐδὲ
2625 5538 2720 5609 ἒν;
2743 5558 2762 5594 ι
2799 5538 2910 5595 Καὶ
2953 5535 3002 5589 εἱ
3031 5533 3206 5589 πάντα
3233 5530 3298 5586 δι’
3338 5528 3527 5605 αὑτοῦ,
3553 5529 3672 5594 πῶς
3700 5529 3813 5584 τῶν
