4166 6480
273 340 345 394 57
1412 333 1787 393 ADVERSUS
1823 334 2226 395 NESTORIUM
2268 338 2395 395 LIB.
2441 336 2506 394 Il.
2878 326 2881 329 ’
3474 335 3545 391 58

273 458 342 513 δι’
389 454 559 513 αὐτοῦ
607 455 915 526 γεγονότων
958 455 1372 526 όψιγενέστερος
1416 457 1507 528 εῐη
1550 459 1621 510 ἂν
1672 458 1702 510 ό
1744 456 1853 527 πρὸ

1967 459 2073 514 ﬁeri
2109 466 2285 528 potest
2315 468 2374 514 ut
2422 460 2585 514 rebus
2615 470 2713 527 per
2742 457 2919 528 ipsum
2966 454 3125 551 fa.ctis
3158 454 3229 510 sit
3276 463 3403 509 nata
3450 466 3545 522 po-

274 548 481 612 παντδς
506 547 724 612 αίῶνος,
749 546 1073 618 καὶεχρόνων
1097 563 1112 612 ;
1143 545 1209 599 Τί
1230 546 1414 600 τοίνυν
1434 547 1495 600 τὸ
1524 549 1690 601 πᾶσιν
1720 549 1855 602 ἀπό.

274 638 497 709 δλητον,
532 638 609 702 ὡς
637 637 949 709 εἰρημένον,
979 636 1284 708 είσφὲρεις;
1324 635 1538 691 Παῦσαι
1582 655 1855 709 συκοφαν-

156 742 159 743 '
274 730 385 783 τῶν
407 730 536 793 τοὺς
564 728 635 782 τά
661 728 774 800 [ἵσ.
804 728 872 781 τὰ
902 726 995 798 σὰ]
1022 728 1247 791 δικαίως
1275 728 1729 798 ὲπαιτιωμένους,
1762 732 1858 784 καὶ

276 821 379 892 τῆς
398 822 457 874 ὲν
478 820 663 883 αὐτοῖς
681 812 923 890 ἀμαθίας
946 818 1313 887 διαγελῶντας
1347 820 1408 872 τὸ
1446 820 1692 891 μέγεθος.
1728 823 1858 875 Ὅτε

275 912 458 966 τοίνυν
498 911 675 974 οὐδεὶς
711 914 740 964 ό
770 911 949 980 λέγων
992 910 1162 975 εστὶν,
1193 910 1270 975 ὡς
1307 911 1624 966 ὲπιτέτοκεν
1648 916 1682 981 ή
1704 914 1857 984 Παρ-

278 1002 434 1066 θένος
458 1005 524 1057 ἑκ
567 1003 671 1073 τῆς
706 1002 844 1067 ίδίας
877 1002 1081 1074 σαρκὸς
1108 1002 1210 1072 τὴν
1248 1002 1347 1070 τῆς
1385 1002 1641 1074 θεότητος
1675 1002 1856 1074 φύσιν,

279 1092 359 1163 μὴ
382 1092 653 1146 διατείνου
685 1093 886 1163 μάτην,
914 1091 1210 1161 λογισμοὺς
1229 1093 1362 1162 ἡμῖν
1384 1093 1729 1158 ἀναπλέκων,
1760 1094 1861 1149 ούκ

277 1182 341 1247 ἐξ
369 1182 607 1253 ἀληθῶν,
660 1184 755 1237 καὶ
804 1183 1013 1237 ἅπασιν
1060 1182 1513 1255 ὁμολογουμένων
1567 1184 1861 1254 γεγονότας

276 1274 608 1346 λημμάτων.
632 1274 701 1328 Τί
727 1273 788 1328 δέ
819 1291 880 1327 σε
908 1272 973 1327 τὸ
1001 1274 1287 1341 πεπεικὸς,
1318 1263 1550 1346 ἀκρατῆ,
1584 1276 1678 1329 καὶ
1713 1276 1860 1329 ἀπύ-

277 1365 452 1420 λωτον
493 1364 641 1420 οὕτω
689 1364 921 1436 χαλάσαι
965 1363 1065 1435 τὴν
1118 1364 1366 1433 γλῶτταν
1395 1365 1538 1420 κατὰ
1584 1366 1695 1419 τῶν
1725 1367 1863 1437 ὀρθά

279 1460 503 1529 φρονεῖν
538 1456 1025 1523 διεσπουδακότων,
1062 1457 1158 1512 καὶ
1188 1456 1392 1522 παντὸς
1424 1458 1520 1512 τοῦ
1564 1458 1861 1530 σεϐομένου

278 1548 419 1603 Θεοῦ
459 1549 571 1622 [ισ.
598 1548 755 1621 Θεὸν]
790 1548 1043 1620 ἔγκλημα
1074 1548 1339 1618 καταχέαι
1388 1548 1561 1603 δεινὸν
1592 1550 1688 1603 καὶ
1718 1566 1863 1619 παγ-

278 1641 562 1712 χάλεπον;
602 1641 783 1712 Ἐφης
813 1640 926 1710 γάρ
956 1640 1122 1696 πάλιν
1152 1642 1240 1693 ἐπ’
1266 1641 1600 1712 Ἐκκλησίας
1628 1658 1643 1673 ⁸

354 1727 563 1804 [Εἶπαν
588 1732 646 1787 δὲ
692 1732 795 1803 ήδη
828 1731 1171 1798 πλειστάκις,
1217 1734 1299 1791 ὅτι
1340 1734 1393 1787 εί
1422 1750 1508 1798 τις
1553 1734 1586 1805 ἢ
1633 1736 1694 1787 ὲν
1735 1734 1863 1806 ὑμῖν

280 1799 544 1892 ἀφελέστε
554 1838 666 1894 ρος,
686 1799 741 1877 εί
762 1799 825 1876 τε
853 1823 913 1876 ὲν
949 1823 1132 1888 ἄλλοις
1157 1826 1291 1889 τισὶ,
1322 1825 1502 1897 χαίρει
1518 1799 1586 1897 τῇ
1612 1824 1706 1879 τοῦ
1736 1799 1866 1879 Θίεο-
1898 1799 1939 1854 Β

278 1913 445 1977 τόκος
470 1916 645 1985 φωνῇ,
676 1914 802 1986 ἐμοὶ
840 1913 980 1985 πρὸς
1020 1914 1121 1986 τὴν
1148 1915 1333 1987 φωνὴν
1364 1917 1558 1985 φθόνος
1578 1917 1679 1970 οὐκ
1714 1917 1863 1971 εστι·

282 2006 446 2075 μόνον
479 2005 554 2078 μὴ
585 2006 811 2060 ποιείτω
843 2007 945 2077 τὴν
975 2007 1253 2080 Παρθένον
1285 2008 1460 2079 θεάν.]

888 2120 1144 2174 ΚΕΦΑΛ.
1187 2122 1243 2205 ι’.
1292 2180 1295 2183 _

354 2229 528 2284 Πάλιν
555 2231 683 2303 ἡμῖν
704 2230 1032 2304 διαλοιδορῇ,
1065 2234 1159 2287 καὶ
1191 2234 1387 2305 πικρὸν
1422 2234 1595 2298 οὕτως
1626 2234 1867 2307 ἐπιθήσῃ

281 2321 395 2395 [Ῐσ.
432 2321 733 2395 ἐπιθήγεις]
772 2323 969 2395 στόμα,
1000 2323 1282 2388 ὀνειδίζεις
1318 2324 1374 2379 δὲ
1411 2325 1512 2397 τὴν
1537 2326 1868 2399 Συναγωγὴν

278 2415 514 2486 Κυρίου,
562 2416 705 2469 κατὰ
744 2415 808 2469 τὸ
856 2417 1284 2489 γεγραμμένον;
1330 2416 1471 2471 Ἀλλ’
1502 2420 1662 2488 ἡμεῖς
1707 2435 1794 2486 γε.
1822 2414 1866 2473 ὦ

281 2505 422 2570 "civ,
449 2506 500 2559 οἱ
522 2505 785 2560 Θεοτόκον
819 2506 1070 2577 λέγοντες
1092 2509 1266 2578 αὑτήν
1285 2524 1299 2538 ο
1322 2506 1791 2580 τεθεοποιήκαμεν
1811 2509 1867 2563 δὲ

280 2597 473 2651 οὐδένα
509 2596 729 2651 πώποτε
770 2598 878 2651 τῶν
909 2598 1210 2655 τελούντων
1253 2601 1312 2654 ὲν
1360 2600 1653 2672 κτίσμασι*
1687 2617 1869 2653 κατει-

280 2689 520 2760 θίσμεοα
559 2690 616 2743 δὲ
649 2691 781 2745 Θεὸν
835 2691 1035 2747 εἰδέναι
1093 2691 1186 2744 τὸν
1246 2691 1368 2756 ἕνα,
1412 2692 1510 2745 καὶ
1551 2692 1737 2759 φύσει,
1772 2693 1869 2747 καὶ

281 2780 533 2851 ἁληθῶςο
590 2780 751 2850 ἴσμεν
798 2782 855 2836 δὲ
882 2781 1170 2854 ἄνθρωπον
1219 2777 1385 2837 οὖσαν
1434 2782 1556 2836 καθ’
1593 2784 1739 2855 ἡμᾶς
1768 2783 1867 2850 τὴν

285 2871 567 2943 μακαρίαν
598 2872 895 2944 Παρθένον.
938 2872 1154 2947 Ἀλώσῃ
1178 2874 1353 2949 δὲκαὶ
1382 2873 1484 2927 ούκ
1511 2874 1589 2937 είς
1625 2877 1866 2945 μακρὰν,

281 2963 571 3034 ἄνθρωπον
601 2965 729 3034 ἡμῖν
761 2964 1031 3036 Θεοφόρον
1064 2965 1384 3034 ἀποφαίνων
1423 2965 1587 3029 αὐτὸς
1608 2965 1698 3019 τὸν
1737 2967 1869 3037 Ἐμ-

286 3054 556 3125 μανουὴλ,
585 3054 680 3107 καὶ
703 3054 813 3108 τῶν
848 3053 959 3111 σῶν
980 3055 1430 3129 ἐπιχειρημάτων
1458 3055 1559 3127 τὴν
1594 3057 1869 3129 κατάρρη-

286 3161 372 3198 σιν
398 3144 662 3213 ἐπιτιθεὶς
691 3145 781 3200 ἑτέ
790 3162 893 3219 ρῳ.

540 3375 924 3465 ΤΟΜοΣ
1006 3373 1600 3465 ΔΕΥΤΕΡΟΣ.

368 3539 439 3594 Ἦ
468 3539 694 3609 γλῶσσα
730 3540 829 3611 μὲν
854 3539 988 3613 πῦρ,
1007 3541 1102 3595 καὶ
1126 3540 1506 3610 ἁκατάσχετόν
1533 3541 1649 3593 ἐστι
1678 3542 1870 3609 κακὸν,

288 3631 438 3687 καθὰ
483 3631 797 3705 γέγραπται
817 3648 834 3665 ⁸
862 3633 991 3687 τάδε
1023 3632 1277 3686 ἐντεῦθεν
1301 3632 1474 3703 βλάϐη
1512 3632 1873 3705 διωθούμενος

288 3724 318 3775 δ
345 3721 633 3786 θεσπέσιος
655 3722 848 3792 ψάλλει
878 3722 1042 3777 Δαδίδ
1061 3739 1076 3753 ·
1102 3743 1121 3775 ι
1145 3722 1275 3790 Θοῦ,
1296 3722 1491 3793 Κύριε,
1521 3724 1767 3795 φυλακὴν
1794 3723 1873 3795 τῷ

289 3812 527 3883 στόματί
554 3830 679 3883 μου,
698 3814 796 3867 καὶ
826 3813 997 3886 θύραν
1021 3815 1285 3886 περιοχῆς
1304 3816 1435 3885 περὶ
1458 3814 1525 3866 τὰ
1550 3814 1702 3885 χείλη
1736 3831 1841 3885 μου
1858 3830 1871 3846 ’

290 3901 371 3973 μὴ
400 3901 657 3974 ἐκκλίνῃς
689 3903 790 3971 τὴν
821 3903 1055 3974 καρδίαν
1085 3919 1186 3973 μου
1223 3904 1307 3966 είς
1345 3903 1540 3971 λόγους
1584 3904 1873 3973 πονηρίας,

287 3991 384 4044 τοῦ
411 3992 846 4063 προφασίζεσθαι
872 3992 1178 4063 προφάσεις
1201 3994 1261 4047 ὲν
1289 3993 1609 4064 ἁμαρτίαις.
1629 4011 1647 4045 ι
1672 3992 1746 4046 Τὸ
1776 3993 1875 4063 μὲν

285 4083 400 4154 γὰρ
425 4083 713 4154 εὐστομεῖν
740 4082 1022 4149 δύνασθαι,
1057 4083 1151 4136 καὶ
1180 4083 1383 4155 ἀκριϐῆ
1418 4082 1516 4153 τὴν
1551 4083 1875 4153 ὲπιτήρησιν

285 4176 383 4228 ἐπὶ
414 4174 665 4243 γλώττης
691 4175 859 4246 ἔχειν,
896 4168 972 4228 ὧν
1019 4174 1087 4228 ἂν
1121 4174 1291 4247 δεήσῃ
1319 4173 1522 4242 λέγειν,
1555 4174 1588 4245 ἢ
1622 4175 1719 4245 μὴ,
1752 4174 1875 4227 θεό-

284 4264 442 4317 δοτον
469 4263 686 4334 άληθῶς
705 4264 790 4334 εἴη
823 4264 918 4319 ἄν·
954 4263 1050 4316 καὶ
1073 4262 1136 4316 τὸ
1157 4262 1349 4333 χρῆμά
1378 4264 1525 4315 ἐστιν
1558 4263 1658 4316 οὐκ
1688 4263 1748 4317 ὲν
1785 4278 1875 4333 μι-

288 4355 412 4426 κρῷ
444 4355 609 4427 λόγῳ,
660 4356 814 4427 παρά
845 4372 911 4424 γε
962 4357 1079 4418 τοῖς
1132 4354 1233 4408 οὐκ
1275 4352 1637 4423 ἀθαύμαστον
1681 4355 1875 4425 ἐπιτη-

1959 550 2176 614 sterior,
2207 551 2300 619 qui
2336 560 2463 605 ante
2489 549 2674 605 omnia
2708 548 2905 604 saecula
2952 548 3282 616 et'tempora
3314 559 3545 614 praees-

1960 640 2065 694 sit?
2094 640 2230 707 Quid
2259 640 2425 711 igitur
2444 640 2589 709 quod
2618 639 2687 695 ab
2708 638 2961 693 omnibus
2983 634 3251 703 rejieitur,
3283 643 3542 702 tanquam

1959 730 2029 784 sit
2061 732 2261 786 dictum
2292 731 2516 788 defers?
2547 730 2748 786 Desine
2797 742 2895 784 eos
2922 724 3245 782 calumniari
3289 721 3381 792 qui
3420 721 3544 792 jure

1961 828 2049 873 tua
2074 829 2348 887 accusant,
2373 831 2428 876 et
2454 835 2706 891 magnam
2739 820 2792 872 in
2832 817 2938 871 illis
2965 815 3253 872 stultitiam
3285 812 3533 867 irrident.

1959 911 2093 968 Cum
2140 914 2320 983 itaque
2362 927 2523 968 nemo
2556 914 2627 968 sit
2665 911 2754 981 qui
2788 910 2955 975 dicat,
2999 909 3209 963 beatam
3258 903 3535 974 Virginem

1960 1019 2025 1058 ex
2076 1020 2174 1060 sua
2221 1020 2385 1060 carne
2430 1004 2729 1061 divinitatis
2775 1011 3022 1056 naturam
3074 997 3387 1068 peperisse,
3434 992 3544 1049 noli

1962 1093 2161 1152 frustra
2196 1097 2444 1151 laborare
2471 1104 2531 1150 ut
2561 1093 3009 1149 ratiocinationes
3046 1089 3204 1145 nobis
3234 1089 3451 1144 intexas
3476 1100 3544 1139 ex

1962 1189 2420 1258 suppositionibus
2437 1202 2608 1258 neque
2628 1187 2972 1255 veris,ueque
2993 1181 3133 1253 apud
3147 1194 3336 1237 omnes
3353 1177 3539 1234 certis.

1964 1282 2094 1348 Quae
2127 1295 2254 1337 vero
2283 1295 2443 1337 causa
2475 1289 2528 1335 te
2563 1277 2799 1349 impulit,
2829 1285 2890 1331 nt
2917 1275 3152 1345 linguam
3190 1272 3326 1328 adeo
3366 1272 3539 1340 impo-

1965 1383 2164 1430 tentem
2189 1383 2244 1429 et
2268 1373 2585 1429 effrenatam
2616 1372 2832 1425 iaxares
2863 1369 3123 1425 adversus
3147 1379 3240 1421 eos
3267 1363 3357 1434 qui
3389 1371 3539 1418 recta

1964 1480 2157 1535 sapere
2204 1465 2558 1531 studuissent,
2587 1472 2642 1521 et
2672 1462 2928 1518 omnibus
2964 1459 3059 1515 Dei
3097 1456 3397 1514 cultoribus
3433 1454 3543 1509 cri-

1964 1572 2087 1613 men
2111 1557 2346 1613 inferres
2367 1571 2555 1628 grave,
2582 1565 2637 1611 et
2663 1553 2906 1609 omnium
2932 1548 3381 1607 atrocissimum?
3409 1546 3544 1601 Nam

1965 1665 2154 1705 rursus
2186 1650 2238 1704 in
2272 1647 2517 1705 Ecclesia
2550 1646 2733 1704 dixisti
2766 1663 2781 1701 :

2037 1740 2315 1815 [Nss-ron.
2350 1741 2466 1796 Dixi
2497 1740 2611 1810 jam
2633 1738 2853 1807 saepius,
2895 1735 2940 1792 si
2973 1735 3096 1806 quis
3121 1733 3267 1789 inter
3290 1745 3385 1787 vos
3416 1728 3550 1785 sim:-

1970 1833 2186 1902 plicior,
2255 1833 2372 1889 sive
2432 1832 2575 1886 inter
2614 1841 2966 1900 quoscunque
3025 1826 3164 1882 alios
3242 1838 3373 1880 voce
3421 1821 3547 1886 hac,

1970 1924 2061 1980 Dei
2094 1924 2351 1994 genitrix,
2403 1923 2619 1994 gaudet,
2677 1920 2956 1990 apud‘me
2988 1918 3133 1973 nulla
3182 1916 3365 1971 estde
3415 1927 3551 1968 voce

1969 2016 2275 2072 dissensio:
2306 2016 2524 2070 tantum
2560 2029 2629 2070 ne
2654 2010 2928 2081 Virginem
2964 2011 3123 2065 deam
3187 2003 3408 2063 faciat.l

2644 2123 2798 2180 CAP.
2824 2123 2895 2177 Χ.

2043 2238 2251 2295 Rursus
2310 2239 2469 2295 nobis
2524 2237 2870 2303 conviciaris,
2918 2247 2975 2292 et
3034 2234 3429 2291 amarulentum
3485 2245 3550 2288 os

1968 2330 2170 2399 iniigis,
2213 2329 2514 2397 exprobras
2544 2329 2710 2384 etiam
2752 2327 3009 2383 Ecclesiae
3040 2326 3277 2392 Domini,
3324 2334 3385 2380 ut
3409 2324 3551 2381 scri-

1970 2431 2117 2490 ptum
2147 2428 2231 2474 est
2263 2420 2350 2471 7'?
2382 2418 2581 2475 Verum
2643 2432 2765 2482 nos,
2800 2434 2834 2472 ο
2865 2418 2949 2473 vir
2972 2419 3209 2488 egregie,
3261 2418 3352 2487 qui
3403 2417 3551 2473 illam

1971 2512 2064 2567 Dei
2100 2511 2420 2580 genitricem
2446 2510 2699 2573 dicimus,
2728 2510 3000 2566 neminem
3027 2524 3263 2577 unquam
3296 2509 3388 2578 qui
3412 2508 3554 2565 inter

1968 2612 2251 2659 creaturas
2283 2612 2621 2666 censeretur,
2665 2600 2835 2654 Deum
2871 2597 3139 2661 fecimus;
3170 2606 3355 2667 atque
3409 2597 3553 2657 hunc

1969 2709 2175 2748 morem
2227 2703 2493 2759 tenemus,
2542 2700 2604 2748 ut
2658 2690 2828 2747 Deum
2887 2691 3126 2746 sciamus
3198 2690 3348 2744 illum
3384 2705 3551 2745 unum

1969 2796 2025 2842 et
2086 2796 2281 2839 natura
2326 2793 2383 2839 et
2435 2798 2564 2840 vere
2600 2782 2769 2839 Deum
2806 2783 3057 2842 :scimns
3115 2782 3285 2839 etiam
3339 2782 3552 2839 beatam

1970 2878 2116 2932 illam
2171 2876 2446 2947 Virginem
2503 2876 2779 2931 hominem
2827 2874 2993 2932 fuisse
3059 2874 3231 2930 nostri
3290 2874 3547 2931 situilenh

1972 2969 2078 3026 Sed
2118 2970 2230 3038 ipse
2256 2983 2355 3024 nec
2384 2968 2552 3023 multo
2581 2977 2706 3038 post
2748 2966 3172 3035 deprehenderis
3219 2965 3395 3034 ipsum
3428 2963 3554 3019 Ειητ-

1974 3056 2274 3113 manuelem
2328 3057 2606 3112 hominem
2675 3055 2831 3113 nobis
2888 3054 3160 3111 Deifernm
3239 3052 3557 3122 praedicare,

1898 3142 1942 3198 C
1979 3159 2301 3219 tuorumque
2352 3157 2799 3218 argumentorum
2844 3146 3348 3204 condemnationem
3398 3139 3556 3201 alter:

1976 3239 2234 3299 tribuere.

2186 3387 2594 3483 TOMUS
2665 3388 3332 3478 SECUNDUS.

2046 3541 2361 3610 Estlingua,
2395 3538 2538 3593 sicut
2574 3537 2832 3607 scriptum
2870 3547 2951 3591 est
2979 3537 3045 3601 ",
3084 3536 3242 3605 ignis,
3292 3543 3347 3589 et
3394 3534 3558 3591 effre-

1974 3640 2160 3686 natum
2208 3629 2429 3695 malum,
2479 3625 2635 3694 cujus
2664 3639 2724 3681 ut
2772 3628 3111 3681 incommoda
3144 3629 3340 3682 vitaret
3373 3627 3559 3694 psallit

1974 3723 2165 3777 beatus
2194 3721 2358 3775 David
2392 3738 2405 3774 :
2443 3738 2462 3772 ι
2494 3719 2661 3785 Pone,
2690 3720 2935 3785 Domine,
2955 3721 3253 3773 custodiam
3291 3721 3371 3774 ori
3414 3734 3557 3786 meo,

1974 3822 2030 3867 et
2058 3813 2255 3867 ostium
2289 3810 2717 3866 circumstantia:
2761 3810 2918 3864 labiis
2951 3812 3087 3864 meis
3127 3830 3140 3865 :
3175 3828 3279 3864 non
3321 3812 3558 3867 declines

1976 3918 2074 3960 cor
2116 3917 2297 3956 meum
2326 3903 2380 3955 in
2423 3902 2587 3956 verba
2622 3901 2866 3967 malitiae,
2919 3903 2986 3955 ad
3022 3903 3363 3957 excusandas
3392 3918 3557 3957 excul

1970 3995 2219 4051 sationes
2247 3993 2298 4047 in
2325 3993 2563 4062 peccatis
2594 3992 2662 4046 τ’.
2699 4010 2720 4044 ι
2757 3989 2892 4045 Nam
2926 4004 3078 4047 recte
3103 3994 3213 4047 oris
3246 3992 3421 4047 oﬂicio
3456 3993 3557 4060 uti,

1972 4094 2029 4141 et
2057 4084 2297 4154 diligenti
2339 4085 2593 4139 cautione
2631 4083 2903 4137 moderari
2930 4083 3169 4154 linguam
3218 4086 3559 4140 observando

1974 4175 2104 4245 quid
2134 4173 2420 4228 dicendum
2468 4172 2561 4238 sit,
2608 4172 2719 4243 3o
2756 4173 2885 4242 quid
2920 4174 3276 4238 reticendum,
3313 4174 3557 4229 divinum

1974 4264 2134 4335 plane
2186 4279 2380 4318 munus
2404 4272 2510 4325 est,
2562 4273 2617 4319 et
2670 4279 2758 4318 res
2819 4265 2961 4318 haud
3003 4265 3437 4334 parvipendenda
3491 4264 3559 4320 iis

1975 4365 2125 4410 certe
2168 4356 2259 4424 qui
2312 4370 2435 4409 cum
2486 4355 2645 4411 laude
2714 4356 2881 4410 vitam
2932 4355 3130 4411 ducere
3196 4358 3417 4412 student
3456 4378 3468 4411 :
3503 4365 3559 4411 ut

284 4448 509 4501 δεύουσι
541 4446 838 4501 πολιτείαν.
854 4444 930 4499 Τό
957 4463 1021 4515 γε
1047 4444 1154 4517 μὴν
1178 4443 1415 4516 προαλὲς
1432 4445 1512 4509 είς
1532 4443 1753 4513 λόγους,
1777 4445 1868 4499 καὶ

1975 4457 2185 4511 contra,
2212 4445 2300 4500 illa
2334 4461 2573 4516 praeceps
2602 4447 2654 4501 in
2685 4447 2957 4516 loquendo
2982 4448 3284 4510 temeritas.
3323 4457 3376 4503 et
3399 4446 3557 4503 effre-

284 4540 353 4592 τὸ
380 4539 633 4610 ἀχάλινον
656 4538 738 4602 εἰς
761 4537 1073 4609 τερθρείας,
1107 4534 1352 4589 κινδύνου
1392 4534 1614 4606 μεστὸν,
1646 4535 1743 4588 καὶ
1788 4536 1871 4598 είς

288 4631 570 4701 πέταυρον
605 4629 732 4700 ᾅδου
765 4630 878 4699 (I0)
910 4626 1274 4698 κατακομίζει
1304 4625 1434 4690 τοὺς
1468 4625 1868 4697 κεχρημένους.

289 4723 611 4792 Γέγραπται
635 4721 713 4782 δὲ,
740 4721 823 4774 ὅτι
849 4719 1100 4784 θάνατος,
1133 4719 1229 4773 καὶ
1273 4717 1386 4788 ζωὴ
1417 4718 1474 4771 ὲν
1508 4720 1655 4791 χειρὶ
1692 4719 1870 4788 γλώσ-

288 4827 428 4881 σης·
456 4810 507 4863 οἱ
538 4810 594 4863 δὲ
629 4808 958 4882 κρατοῦντες
987 4808 1176 4878 αὐτῆς,
1213 4808 1419 4863 ἔδονται
1457 4810 1587 4873 τοὺς
1627 4811 1872 4882 καρποὺς

287 4902 490 4973 αὐτῆς.
517 4900 961 4973 Προσπεφώνηκε
1009 4899 1066 4953 δὲ
1098 4901 1194 4953 καὶ
1226 4899 1414 4973 ἕτερός
1457 4918 1542 4962 τις
1583 4904 1715 4974 ἡμῖν
1758 4903 1870 4958 τῶν

288 4991 513 5060 σοφῶν
558 5011 577 5044 t
611 4992 676 5046 El
708 4991 807 5062 μὲν
840 4990 955 5044 ἔστι
1004 5009 1088 5045 σοι
1129 4990 1288 5060 λόγος
1317 4992 1606 5058 συνέσεως,
1642 4996 1872 5068 ἀποκρί-

286 5082 447 5152 θητι’
484 5084 533 5136 εί
578 5083 635 5137 δὲ
670 5081 768 5153 μὴ,
815 5082 938 5153 χεὶρ
985 5081 1128 5136 ἔστω
1156 5083 1251 5136 ἐπὶ
1290 5082 1369 5154 τῷ
1416 5084 1644 5154 στόματί
1694 5104 1808 5142 σου.
1846 5108 1864 5140 ι

300 5171 579 5241 Ἀμαθοῦς
622 5171 731 5243 γὰρ
786 5173 944 5239 λόγου
981 5171 1097 5236 πῶς
1134 5172 1235 5226 οὐκ
1277 5173 1521 5244 ἀμείνων
1567 5175 1601 5247 ἡ
1651 5179 1867 5250 σιωπή;

1977 4549 2135 4593 natus
2159 4540 2225 4591 ad
2267 4553 2439 4607 nugas
2496 4538 2849 4594 eﬂ‘undendas
2904 4539 3136 4608 impetus
3180 4538 3423 4608 periculo
3453 4554 3557 4594 non

1977 4639 2152 4693 caret,
2176 4639 2233 4683 et
2270 4630 2323 4682 in
2382 4631 2742 4700 pratcipitium
2796 4630 2993 4685 inferni
3038 4632 3281 4685 homines
3316 4645 3380 4686 eo
3406 4648 3558 4687 more

1975 4723 2232 4792 praeditos
2277 4722 2475 4778 defert.
2528 4723 2804 4791 Scriptum
2847 4734 2928 4778 est
2977 4724 3162 4786 etiam,
3216 4732 3446 4777 mortem
3494 4738 3558 4778 ac

1974 4816 2143 4869 vitam
2174 4830 2295 4870 esse
2329 4815 2382 4868 in
2417 4831 2578 4869 manu
2624 4815 2839 4884 linguae,
2879 4826 2934 4870 et
2977 4817 3066 4884 qui
3099 4816 3239 4869 illam
3275 4817 3555 4881 cohibent,

1976 4908 2140 4969 edere
2169 4905 2378 4961 fructus
2406 4909 2527 4977 ejus
2553 4907 2621 4961 ⁷⁸.
2652 4907 2801 4961 Alius
2826 4908 2992 4961 etiam
3024 4909 3248 4975 sapiens
3276 4924 3375 4961 nos
3424 4908 3557 4962 allec

1977 5005 2132 5049 cutus
2170 5005 2291 5049 est:
2348 5015 2365 5048 ι
2407 4996 2471 5051 Si
2501 5013 2687 5052 revera
2726 5006 2808 5052 est
2851 4998 2945 5052 tibi
2993 5014 3174 5054 sermo
3234 5001 3553 5069 prudentize,

1978 5093 2286 5158 responde:
2318 5091 2401 5144 sin
2453 5091 2650 5153 minus,
2697 5104 2890 5144 manus
2923 5091 2993 5144 sit
3022 5092 3085 5144 ad
3137 5107 3200 5147 os
3250 5093 3487 5146 tuum".
3529 5110 3548 5143 ι

1978 5179 2111 5235 Nam
2164 5183 2328 5236 stulto
2370 5181 2607 5237 sermoni
2663 5181 3055 5252 praeferendum
3111 5197 3234 5237 esse
3280 5183 3555 5236 silentium

364 5348 410 5379 ’⁸
437 5346 452 5400 |
486 5348 617 5416 Reg.
649 5363 781 5412 ινει,
812 5348 901 5403 45.
979 5347 1164 5404 "Jac.
1197 5363 1278 5417 tu,
1310 5350 1433 5407 5-8.
1513 5353 1559 5385 ⁷⁷
1582 5352 1726 5408 Psal.
1754 5372 1868 5423 exn,

1993 5358 2046 5414 4.
2122 5360 2170 5392 ⁷⁸
2196 5359 2354 5416 Prov.
2395 5377 2551 5429 mn,
2584 5362 2678 5418 21.
2756 5363 2803 5395 "
2830 5361 2998 5419 Eccli.
3031 5376 3082 5427 ν,
3113 5361 3200 5415 Η.

1559 5510 1720 5569 ΑΝΤ.
1760 5514 2034 5572 AGELiJl
2073 5517 2309 5576 ΝΟΤίΕ.

366 5662 478 5750 (ιρ)
504 5660 891 5750 luti’rovcrbiis
918 5663 1125 5743 estlioc
1147 5677 1341 5721 nomen
1368 5666 1604 5737 positum
1628 5682 1748 5739 cap.
1808 5686 1882 5741 ix,
1925 5687 2064 5730 vers.
2114 5674 2197 5741 i8,
2224 5674 2313 5733 ubi
2337 5674 2529 5743 Latina
2557 5677 2938 5750 interpretatio
2968 5677 3131 5735 habet
3162 5695 3175 5732 :
3218 5675 3281 5732 Et
3323 5676 3379 5731 in
3403 5676 3541 5747 ἔργο-

297 5734 474 5787 fundis
498 5734 689 5799 inferni
720 5734 948 5788 conviva:
980 5733 1111 5802 ejus.
