4024 6464
605 357 675 414 59
1584 342 1644 398 S.
1681 340 1951 397 CYIllLLI
1995 337 2466 393 ALEXANDRINI
2509 333 2825 391 AllClllEP.
3785 320 3865 373 60

605 469 691 525 cui
733 466 806 522 sit
853 461 1129 520 dubium?
1179 458 1285 515 Res
1337 459 1665 514 exsecranda
1727 457 1994 528 praecipue
2027 472 2217 513 aeerm

2313 455 2597 526 Επάρατον
2626 454 2684 507 δὲ
2711 452 2804 505 καὶ
2828 449 3029 522 ἑτέρως
3055 446 3117 500 τὸ
3150 444 3378 516 πικροὺς
3407 440 3728 514 έρεύγεσθαι
3771 440 3869 492 λό-

607 561 828 615 bitatern
856 528 1142 610 verborum
1203 558 1471 614 eruetare,
1514 557 1571 603 et
1608 548 1831 616 impium
1876 562 2180 602 sermonem

2313 564 2433 610 ους,
2470 546 2562 598 καλ⁵
2588 545 2688 614 τῆς
2721 541 3030 614 ἀπορρήτου
3066 537 3224 608 δόξης
3249 533 3512 603 καταχέαι
3533 531 3717 600 φωνὰς
3748 531 3864 590 τὰς

607 649 870 702 adversus
898 639 1223 698 ineffabilem
1259 638 1401 692 illam
1447 637 1668 708 gloriam
1700 636 1994 698 eii'undere,
2019 652 2180 706 quam

2313 635 2623 707 ιλιτηρίουςο
2675 632 2851 686 καίτοι
2891 629 3008 683 δέον
3049 627 3449 696 ἀκαταλήπτοις
3477 623 3644 692 αὐτὴν
3679 622 3868 688 εὐφη-

609 733 885 806 perpetuis
913 747 943 786 a
1003 730 1157 786 nobis
1194 727 1452 783 celebrari
1501 727 1752 781 laudibus
1800 743 2010 796 aequum
2043 735 2179 781 erat.

2313 729 2438 791 ιίαις
2482 721 2980 794 καταγεραίρεσθαι
3027 718 3163 790 πρὸς
3201 716 3381 787 ἡμῶν.
3417 712 3866 784 ’Δμαρτάνοντες

611 799 910 881 Dec-cantes
971 830 1149 876 autem
1176 820 1229 873 in
1284 817 1500 884 fratres,
1545 819 1989 886 etpercutientes
2035 816 2184 872 infir-

2314 821 2338 874 ὲ
2367 822 2444 882 είς
2481 819 2608 882 τοὺς
2639 815 2921 884 ἀδελφοὺς,
2957 812 3052 865 καὶ
3075 808 3368 870 τύπτοντες
3397 804 3726 860 ἀσθενοῦσαν
3751 799 3867 870 τὴν

617 931 757 971 mam
789 929 973 969 eorum
1025 909 1430 974 conscientiam,
1475 908 1527 962 in
1558 909 1828 963 Christum
1876 923 2181 978 pereamus.

2313 908 2606 977 υνείδησιν,
2647 907 2727 968 είς
2768 901 3000 973 Χριστὸν
3032 899 3437 970 ἁμαρτάνομεν.
3463 894 3711 963 Γέγραφε
3739 891 3863 960 γὰρ

615 1007 710 1062 Sic
740 1019 971 1073 namque
999 1002 1188 1057 beatus
1212 998 1412 1054 Paulus
1455 999 1670 1069 scripsit
1699 999 1767 1051 ”.
1801 1000 1949 1065 Quod
1982 999 2184 1054 ideirco

2316 1001 2454 1063 ’ύτως
2482 999 2510 1050 ὁ
2537 997 2824 1057 θεσπέσιος
2847 992 3080 1054 Παῦλος.
3100 992 3209 1044 Καὶ
3231 989 3399 1043 ταῦτά
3420 1003 3583 1057 φημι,
3607 986 3721 1045 τοῖς
3748 982 3869 1034 Ns.-

617 1099 760 1162 dico,
789 1095 982 1165 quiain
1007 1092 1265 1164 quosdam
1301 1090 1465 1144 incidi
1491 1090 1722 1145 Nestorii
1746 1104 2023 1144 sermones
2044 1129 2059 1154 ,
2089 1104 2187 1144 nec

617 1187 989 1242 tantummodo
1018 1183 1166 1238 illum
1197 1196 1394 1251 negare
1446 1180 1602 1234 video
1661 1180 1937 1235 dicendam
1968 1195 1997 1233 a
2033 1180 2187 1234 nobis

617 1290 862 1334 sanctam
882 1275 1029 1330 illam
1060 1273 1335 1343 Virginem
1366 1287 1486 1328 esse
1510 1271 1603 1325 Dei
1637 1280 1953 1335 matrem,et
1978 1271 2190 1326 Emma-

619 1366 832 1422 nuelem
891 1364 1166 1435 peperisse
1219 1361 1311 1431 qui
1345 1361 1486 1416 Deus
1519 1371 1661 1428 erat,
1689 1362 1782 1416 sed
1815 1361 1936 1417 aliis
1974 1376 2190 1433 quoque

617 1457 796 1512 modis
845 1454 1044 1511 Christi
1111 1453 1296 1524 gloria:
1365 1453 1641 1508 adversari
1713 1454 2018 1508 statuisse:
2065 1468 2189 1508 nam

621 1548 894 1604 Deiferum
924 1547 1074 1601 illum
1099 1544 1252 1601 nobis
1284 1551 1516 1599 conatur
1561 1543 1872 1610 ostendere,
1923 1559 2027 1599 non
2063 1559 2192 1599 vere

623 1637 814 1702 Deum,
873 1635 966 1690 sed
1024 1634 1298 1689 hominem
1354 1633 1533 1702 potius
1592 1648 1714 1688 cum
1771 1633 1881 1688 Deo
1937 1644 2189 1702 tanquam

623 1727 934 1797 aequalitate
964 1724 1240 1794 dignitatis
1296 1721 1663 1790 coniunctum.
1709 1724 1800 1779 Sic
1855 1739 2087 1794 namque
2117 1723 2188 1778 illi

625 1827 681 1874 et
707 1818 922 1890 quidem
952 1817 1050 1872 soli
1077 1816 1236 1871 aliter
1263 1824 1424 1885 atque
1453 1816 1707 1870 omnibus
1736 1815 1857 1870 aliis
1882 1816 2192 1870 hominibus
2225 1799 2267 1856 Β

627 1908 829 1964 sentire
851 1923 915 1963 ac
936 1909 1113 1963 dicere
1131 1907 1324 1977 placet,
1352 1907 1602 1976 quamvis
1635 1908 1902 1962 catholica
1931 1907 2194 1972 Ecclesia,

627 2015 789 2070 quam
835 1997 938 2054 sibi
985 2000 1100 2066 ipse
1127 1997 1379 2054 Christus
1415 1998 1751 2065 exhibuit“,
1787 2014 1944 2069 rugas
1964 1998 2198 2054 hominis

627 2093 718 2161 qui
754 2091 880 2147 talia
915 2090 1263 2160 conscripsit,
1303 2105 1409 2143 non
1452 2089 1671 2155 habeat,
1704 2105 1826 2145 cum
1876 2090 1949 2144 sit
2004 2091 2198 2143 imma-

629 2182 828 2247 culata,
843 2190 898 2238 et
920 2182 1062 2236 illius
1076 2181 1435 2252 cognitionem
1451 2181 1628 2236 omnis
1657 2195 1879 2249 prorsus
1908 2181 2198 2249 reprehen-

627 2269 797 2324 sionis
818 2278 1094 2337 expertem
1118 2277 1316 2331 teneat,
1345 2282 1409 2322 ac
1439 2267 1563 2322 ﬁdei
1608 2269 1954 2324 traditionem
2006 2269 2201 2322 rectis-

630 2361 764 2415 sime
778 2359 1165 2430 composuerit.
1184 2359 1467 2414 Credimus
1491 2374 1721 2427 namque
1749 2360 1800 2412 in
1822 2375 1984 2412 unum
2007 2359 2198 2420 Deum,

630 2450 845 2507 Patrem
877 2451 1321 2519 omnipotentem,
1362 2450 1603 2503 omnium
1648 2449 1935 2502 visibilium
1976 2459 2028 2502 et
2063 2449 2201 2501 invi-

631 2541 865 2595 sibilium
907 2541 1170 2595 faetorem
1199 2555 1217 2593 :
1251 2547 1304 2594 et
1354 2538 1408 2592 in
1461 2552 1626 2591 unum
1685 2535 1972 2589 Dominum
2021 2535 2201 2589 Jesum

631 2629 930 2694 Christum,
958 2641 1012 2684 et
1059 2629 1114 2683 in
1160 2627 1419 2698 Spiritum
1461 2634 1707 2681 sanctum
1748 2643 1762 2689 ;
1804 2639 1866 2680 ae
1916 2636 2204 2693 sequentes

632 2730 940 2776 sanctorum
977 2719 1198 2774 Patrum
1243 2717 1638 2774 confessionem
1701 2716 1786 2771 his
1839 2714 2203 2782 subjunctam,

630 2813 808 2882 ipsum
829 2811 1066 2866 Verbum
1098 2825 1166 2866 ex
1193 2809 1305 2865 Deo
1327 2809 1490 2863 Patre
1518 2807 1952 2863 substantialiter
1996 2819 2204 2870 natum,

635 2902 807 2958 nostri
828 2901 1060 2958 similem
1095 2901 1295 2956 factum
1319 2914 1441 2955 esse
1467 2899 1721 2962 dicimus,
1757 2905 1813 2951 et
1844 2897 2205 2982 incarnatum,

635 3005 692 3050 et
725 2995 996 3050 hominem
1025 2992 1252 3056 factum,
1285 2993 1389 3046 hoc
1417 3000 1520 3057 est,
1558 2989 1660 3045 sibi
1688 3004 1884 3059 corpus
1909 2990 2206 3059 sumpsisse

2288 1091 2500 1163 στορίου
2545 1090 2723 1156 λόγοις
2779 1081 3186 1154 έντετυχηκώς’
3223 1079 3318 1134 καὶ
3369 1078 3429 1131 ού
3479 1078 3636 1147 μόνον
3688 1072 3867 1126 αὑτὸν

2286 1181 2674 1251 ἀποφάσκοντα
2698 1177 2907 1248 βλέπων
2934 1176 2994 1227 τὸ
3021 1174 3217 1242 χρῆναι
3243 1170 3422 1238 λέγειν
3451 1169 3618 1238 ἡμᾶς,
3639 1166 3715 1228 ὼς
3737 1163 3866 1216 ἐστι

2292 1274 2390 1344 μὲν
2429 1271 2690 1331 Θεοτόκος
2717 1271 2751 1336 ή
2799 1267 2931 1336 ἀγία
2977 1263 3273 1334 Παρθένος,
3323 1259 3580 1313 ὲκτέτοκε
3617 1257 3674 1309 δὲ
3718 1253 3867 1307 Θεὸν

2287 1343 2415 1417 όντα
2457 1363 2548 1414 τὸν
2603 1355 2948 1428 Ἐμμανουήλ
2973 1391 2988 1418 ,
3041 1353 3177 1417 ἀλλὰ
3227 1351 3336 1420 γὰρ
3375 1348 3455 1400 ἐτι
3507 1345 3643 1416 πρὸς
3675 1343 3866 1411 τούτῳ

2289 1454 2383 1506 καὶ
2411 1450 2531 1504 καθ’
2562 1449 2786 1519 ἐτέρους
2812 1444 3049 1517 τρόπους
3071 1444 3139 1512 τῇ
3176 1438 3412 1510 Χριστοῦ
3445 1435 3572 1506 δόξῃ
3595 1436 3867 1501 πολεμεῖν

2291 1541 2564 1612 ἐγνωκότα
2584 1557 2598 1571 ⁸
2636 1537 2904 1607 Θεοφόρον
2931 1533 3040 1604 γὰρ
3074 1534 3206 1604 ἡμῖν
3253 1529 3416 1583 αὑτὸν
3454 1528 3713 1596 πειρᾶται
3743 1525 3864 1577 δει-

2292 1636 2491 1698 κνύειν,
2517 1632 2611 1686 καὶ
2637 1631 2758 1699 οὐχὶ
2785 1628 2916 1680 Θεὸν
2944 1623 3181 1694 ἀληθῶς,
3203 1619 3485 1690 ἄνθρωπον
3513 1617 3569 1670 δὲ
3589 1615 3710 1686 Θεῷ
3734 1629 3872 1666 συν-

2292 1727 2561 1798 ημμένον,
2583 1722 2658 1785 ὡς
2686 1723 2744 1775 ὲν
2781 1719 2984 1788 ἰσότητι
3009 1716 3109 1786 τῆς
3152 1711 3328 1779 ἀξίας.
3357 1709 3513 1764 Οῦτω
3538 1708 3644 1777 γὰρ
3683 1704 3866 1774 αὐτῷ,

2297 1797 2389 1871 καὶ
2417 1815 2581 1887 μόνῳ,
2609 1810 2761 1882 παρά
2793 1809 3001 1869 πάντας
3021 1806 3148 1866 τοὺς
3173 1801 3364 1862 ἀλλους
3391 1799 3538 1852 δοκεῖ
3561 1797 3782 1866 φρονεῖν
3806 1809 3870 1844 τε

2297 1908 2392 1961 καὶ
2418 1883 2623 1972 λέγειν·
2654 1901 2832 1955 καίτοι
2850 1897 2948 1966 τῆς
2977 1892 3272 1962 καθολικῆς
3299 1887 3644 1957 Ἐκκλησίας,
3665 1886 3732 1954 ἣν
3763 1883 3870 1936 αὑ-

2295 1998 2385 2060 τὸς
2413 1993 2589 2063 ἑαυτῷ
2623 1989 2970 2062 παρέστησεν
2993 1987 3022 2038 ό
3053 1981 3308 2053 Χριστὸς,
3343 1977 3442 2040 τὰς
3469 1977 3563 2030 τοῦ
3589 1974 3658 2028 τὰ
3683 1973 3872 2027 τοιάδε

2299 2082 2738 2155 συγγεγραφότος
2763 2080 2864 2132 οὐκ
2883 2074 3113 2147 ἐχούσης
3138 2069 3448 2142 ῥυτίδας,οῦ
3459 2085 3553 2138 σης
3577 2067 3634 2119 δὲ
3665 2065 3872 2135 μᾶλλον

2297 2154 2553 2248 ἀμώμου,
2584 2172 2679 2226 καὶ
2715 2167 3120 2235 ἀνεπίπληκτον
3149 2160 3428 2222 παντελῶς
3460 2159 3560 2227 τὴν
3592 2158 3676 2238 επ*
3715 2154 3874 2248 ain-ﬁ.)

2297 2236 2501 2335 γνῶσιν
2531 2259 2782 2332 ἐχούσης,
2819 2256 2913 2310 καὶ
2956 2257 3054 2320 τῆς
3090 2252 3323 2312 πίστεως
3353 2247 3450 2316 τὴν
3479 2236 3780 2314 παράδοσιν
3813 2236 3870 2293 εὗ

2303 2331 2448 2425 μάλα
2491 2331 2886 2418 πεποιημένης.
2929 2341 3268 2411 Πιστεύομεν
3308 2338 3416 2407 γὰρ
3461 2338 3538 2399 είς
3579 2333 3676 2386 ἕνα
3709 2331 3872 2394 Θεὸν,

2301 2421 2520 2515 Πατέρα
2547 2438 2982 2508 παντοκράτορα,
3015 2434 3230 2486 πάντων
3255 2425 3464 2499 ὁρατῶν
3498 2441 3554 2477 τε
3578 2424 3670 2476 καὶ
3699 2421 3876 2491 ἀορά-

2300 2551 2410 2586 των
2435 2510 2702 2600 ποιητήν·
2739 2526 2832 2579 καὶ
2863 2525 2943 2586 είς
2983 2521 3081 2574 ἕνα
3115 2519 3320 2588 Κύριον
3364 2512 3570 2584 Ἰησοῦν
3607 2511 3696 2563 τὸν
3732 2510 3875 2577 Χρι-

2305 2623 2459 2676 στόν’
2509 2599 2604 2673 καὶ
2655 2619 2736 2679 εἰς
2782 2614 2845 2668 τὸ
2886 2612 3110 2681 Πνεῦμα
3153 2609 3216 2662 τὸ
3263 2609 3435 2675 ἅγιον.
3495 2603 3787 2673 Ἐπόμενοι
3820 2599 3878 2651 δὲ

2304 2722 2422 2782 ταῖς
2459 2717 2670 2778 τούτοις
2719 2707 3183 2780 ὲπενηνεγμέναις
3243 2704 3351 2756 τῶν
3390 2701 3560 2769 ἁγίων
3611 2696 3878 2765 Πατέρων

2303 2805 2630 2878 ὁμολογίαις,
2677 2801 2840 2855 αὐτὸν
2869 2799 2959 2851 τὸν
2989 2798 3054 2850 ὲκ
3083 2794 3178 2847 τοῦ
3219 2791 3353 2845 Θεοῦ
3381 2791 3476 2843 καὶ
3515 2787 3727 2857 Πατρὸς
3759 2786 3855 2836 οὑ-

2307 2875 2511 2959 meo;
2544 2893 2718 2962 φύντα
2771 2891 2970 2957 Λόγον,
3001 2886 3122 2939 καθ’
3169 2885 3318 2954 ἡμᾶς
3367 2880 3618 2949 γενέσθαι
3671 2875 3876 2945 φαμὲν,

2309 2983 2657 3058 σαρκωθῆναί
2724 2997 2785 3033 τε
2854 2978 2952 3032 καὶ
3021 2973 3480 3044 ένανθρωπῆσαι,
3554 2966 3879 3025 τουτέστιν,

636 3100 703 3142 ex
731 3094 917 3141 sancta
945 3083 1188 3154 Virgine,
1221 3090 1275 3136 et
1302 3096 1460 3136 suum
1515 3080 1643 3135 illud
1679 3055 1873 3136 fecisse
1907 3055 2070 3134 :nam
2103 3080 2206 3135 hoc

2313 3055 2485 3148 ἑαυτῷ
2546 3075 2703 3144 σῶμα
2747 3071 2932 3124 λαϐεῖν
2985 3071 3049 3122 ὲκ
3100 3069 3198 3136 τῆς
3248 3063 3409 3132 ἁγίας
3459 3058 3741 3128 Παρθένου
3788 3055 3880 3107 καὶ

637 3177 798 3232 modo
839 3175 898 3231 flt
943 3184 1003 3230 ut
1043 3188 1168 3230 vere
1200 3190 1340 3229 unus
1373 3173 1443 3229 sit
1475 3171 1734 3227 Dominus
1755 3171 1914 3227 Jesus
1936 3171 2204 3239 Christus,

2313 3140 2641 3222 ἵδιονάύτδ
2669 3160 3030 3232 ποιήσασθαι·
3079 3156 3221 3209 οὕτω
3259 3153 3369 3223 γὰρ
3415 3151 3566 3203 ἔσται
3616 3147 3712 3202 καὶ
3749 3146 3878 3213 ἀλη·

640 3267 743 3322 hoc
766 3266 923 3322 modo
948 3265 1096 3320 illum
1119 3273 1177 3319 ttt
1209 3280 1371 3318 unum
1413 3262 1778 3326 adorabimus,
1817 3263 1860 3316 si
1898 3278 2003 3316 non
2039 3263 2211 3315 homi-

641 3373 765 3413 nem
801 3372 863 3412 ae
892 3356 1060 3412 Deum
1094 3355 1320 3411 seorsim
1351 3368 1636 3426 ponamus,
1671 3355 1764 3407 sed
1793 3370 1955 3407 unum
1977 3362 2031 3406 et
2069 3367 2218 3405 eum-

641 3451 762 3506 dem
797 3463 921 3504 esse
982 3447 1266 3500 credamus
1312 3445 1366 3500 in
1428 3444 1710 3498 divinitate
1750 3451 1803 3497 et
1860 3443 2214 3505 humanitate,

644 3543 745 3596 hoc
778 3549 882 3605 est,
926 3538 1028 3608 31
1079 3538 1243 3591 Deum
1298 3534 1459 3590 simul
1509 3544 1564 3588 et
1619 3534 1918 3588 hominem.
1971 3535 2042 3586 At
2090 3548 2216 3586 vero

645 3640 829 3685 uoster
859 3629 946 3684 hic
973 3626 1358 3683 recentissimae
1397 3625 1692 3694 impietatis
1723 3625 1992 3688 inventor,
2026 3639 2218 3693 qnam-

646 3723 729 3774 vis
760 3719 1035 3774 Christum
1071 3733 1236 3772 unum
1265 3732 1325 3773 se
1345 3717 1522 3770 dicere
1543 3715 1780 3781 simulet,
1813 3727 1992 3769 tamen
2018 3714 2219 3783 ubique

649 3819 872 3864 naturas
907 3809 1116 3875 dividit,
1143 3817 1197 3863 et
1232 3808 1456 3863 seorsim
1486 3816 1770 3875 utramque
1797 3807 1968 3875 ponit,
2004 3806 2221 3860 asserit-

649 3917 757 3971 que
810 3916 915 3957 non
954 3901 1074 3956 illas
1112 3902 1254 3956 inter
1285 3915 1343 3954 se
1387 3913 1510 3954 vere
1549 3898 1902 3963 convenisse,
1948 3899 2041 3953 sed
2090 3913 2222 3965 prae-

653 3991 1178 4048 texitexcusationes
1214 4005 1275 4044 ae
1295 3998 1588 4060 praetextus
1625 3989 1682 4043 in
1718 3989 1976 4057 peccatis,
2015 3995 2073 4039 ut
2096 3987 2223 4038 scri-

653 4091 802 4154 ptum
845 4093 927 4137 est
968 4083 1036 4145 ⁸¹,
1088 4093 1143 4135 et
1198 4081 1414 4135 modum
1471 4081 1759 4146 quemdam
1826 4075 2225 4143 eonjunetiouis

655 4175 1105 4238 comminiscitur,
1157 4171 1304 4226 illum
1349 4185 1540 4241 nempe
1578 4168 1876 4223 secundum
1933 4165 2124 4232 solam,
2171 4173 2228 4218 ut

661 4267 792 4327 dixi,
828 4265 1104 4334 dignitatis
1157 4262 1541 4332 aequalitatem,
1604 4267 1663 4313 ut
1699 4273 1765 4312 ex
1816 4257 1984 4325 ipsius
2041 4256 2227 4310 verbis

660 4356 818 4427 plane
845 4354 1181 4418 docebimus,
1207 4361 1263 4407 et
1301 4361 1554 4420 tanquam
1594 4350 1646 4403 in
1696 4347 1916 4403 homine
1963 4346 2054 4414 qui
2097 4345 2227 4399 nihil

2313 3257 2421 3321 θῶς
2474 3250 2554 3316 εἷς
2583 3252 2786 3323 Κύριος
2831 3247 3038 3318 Ἰησοῦς
3080 3243 3351 3317 Χριστός*
3390 3239 3566 3300 οὕτως
3604 3236 3770 3294 αὑτὸν
3807 3232 3882 3293 ὡς

2312 3351 2409 3403 ἕνα
2450 3345 2940 3412 προσκυνήσομεν,
2991 3338 3092 3392 ούκ
3144 3336 3248 3389 ἀνά
3301 3332 3465 3404 μέρος
3505 3328 3747 3390 τιθέντες
3795 3325 3883 3379 dv-

2316 3439 2553 3510 θρωπον,
2585 3433 2679 3486 καὶ
2709 3431 2862 3492 Θεὸν,
2901 3427 3015 3481 ἀλλ’
3045 3427 3164 3490 ἕνα,
3196 3424 3289 3476 καὶ
3314 3423 3404 3474 τὸν
3435 3419 3595 3473 αὐτὸν
3622 3413 3766 3470 εἶναι
3797 3431 3882 3467 πι-

2319 3526 2620 3586 στεύοντες,
2643 3521 2718 3583 ὡς
2741 3521 2797 3572 ὲν
2822 3517 3036 3586 θεότητι
3065 3515 3159 3568 καὶ
3185 3510 3560 3581 ἀνθρωπότητι
3579 3525 3592 3538 ·
3615 3504 3882 3565 τουτέστι,

2316 3617 2447 3669 Θεόν
2477 3631 2532 3666 τε
2563 3612 2696 3683 ὁμοῦ
2728 3610 2822 3663 καὶ
2859 3605 3160 3677 ἄνθρωπον.
3209 3602 3266 3654 Ὀ
3301 3601 3360 3653 δέ
3389 3617 3451 3667 γε
3483 3599 3582 3664 τῆς
3610 3595 3884 3664 νεωτάτης

2318 3709 2450 3780 ήμῐν
2481 3701 2735 3763 ἀσεϐείας
2781 3696 3027 3768 εὑρετὴς,
3079 3692 3252 3747 καίτοι
3301 3690 3530 3761 Χριστὸν
3561 3688 3656 3740 ἕνα
3707 3686 3884 3753 λέγειν

2321 3777 2804 3868 προσποιούμενος,
2841 3789 3039 3857 διαιρεῖ
3079 3784 3178 3852 μὲν
3228 3779 3500 3848 πανταχοῦ
3537 3778 3637 3840 τὰς
3669 3777 3881 3846 φύσεις,

2321 3863 2416 3938 καὶ
2459 3883 2564 3936 ἀνά
2620 3878 2785 3949 μέρος
2837 3877 3046 3944 ἵστησιν
3079 3870 3362 3962 ἑκατέραν,
3396 3869 3496 3920 οὐκ
3541 3865 3737 3936 ἀληθὲς
3774 3863 3882 3935 [ἵσ.

2321 3970 2557 4041 ἀληθῶς]
2592 3969 2848 4038 ἀλλήλαις
2883 3964 3154 4035 συμϐῆναι
3175 3957 3346 4027 λέγων
3379 3957 3546 4020 αὑτάς
3568 3971 3583 3986 °
3616 3970 3883 4024 προφασι-

2323 4063 2548 4133 ζόμενος
2590 4059 2646 4112 δὲ
2695 4057 2994 4128 προφάσεις
3047 4056 3104 4107 ὲν
3143 4051 3464 4124 ἁμαρτίαις,
3520 4047 3658 4100 κατά
3698 4046 3760 4099 τὸ
3797 4061 3886 4112 γε-

2323 4152 2659 4225 γραμμένον,
2684 4151 2889 4202 ἐπινοεῖ
2915 4163 3035 4200 τινα
3066 4141 3357 4212 συναφείας
3388 4139 3606 4210 τρόπον,
3627 4136 3719 4189 τὸν
3752 4134 3887 4188 κατά

2330 4223 2509 4312 μδνοέν
2554 4239 2629 4301 ὼς
2679 4236 2836 4307 ἔφην,
2869 4235 2967 4304 τὴν
3005 4233 3223 4300 ἰσότητα
3269 4230 3368 4298 τῆς
3406 4225 3592 4290 ἀξίας’
3642 4223 3888 4291 καθάπερ

2328 4331 2518 4403 ἀμέλει
2551 4329 2646 4384 καὶ⁵
2673 4329 2737 4380 ὲκ
2783 4326 2892 4379 τῶν
2944 4322 3108 4377 αὑτοῦ
3165 4319 3508 4389 δειχθήσεται
3557 4315 3764 4382 λόγων·
3803 4312 3890 4365 καὶ

661 4405 822 4520 supra
866 4457 1089 4502 eazteros
1123 4405 1339 4505 habeat.
1397 4405 1571 4510 ipsum
1609 4455 1677 4495 ex
1723 4438 1833 4493 Deo
1877 4405 2109 4491 Verbum
2160 4451 2217 4489 ex

2329 4422 2582 4486 ὲνοικίζει
2619 4420 2718 4490 μὲν
2756 4414 3051 4488 μεθεκτῶς,
3086 4412 3160 4474 ὡς
3193 4408 3464 4480 ἀνθρώπῳ
3493 4405 3676 4476 κοινῷ,
3713 4406 3802 4459 τὸν
3829 4406 3889 4455 ἐκ

2337 4517 2366 4524 ,ι
2437 4515 2462 4524 ..
2507 4516 2517 4524 .
2551 4513 2562 4524 ι
2849 4508 2895 4524 ιν
2975 4506 3018 4524 δι
3059 4504 3149 4524 AL-
3185 4503 3238 4524 1,.
3269 4503 3378 4524 _-!-
3413 4497 3645 4524 Π.⁹......,-⁸.
3661 4497 3759 4524 τι..-
3790 4513 3889 4524 ...ΛΑ

661 4497 1078 4609 participatione
1105 4533 1416 4590 inhabitans
1443 4532 1593 4594 facit,
1645 4545 1709 4585 ae
1756 4544 1913 4583 voces
1949 4542 2067 4596 quas
2101 4535 2217 4581 sunt

2331 4515 2466 4570 Θεοῦ
2493 4513 2662 4582 Λόγον
2682 4527 2695 4541 ·
2734 4508 2942 4580 μερίζει
2971 4506 3026 4558 δὲ
3053 4504 3150 4566 τὰς
3181 4503 3238 4556 ὲν
3268 4503 3378 4562 τοῖς
3411 4497 3759 4565 Εύαγγελίοις
3789 4513 3890 4564 φω·

664 4631 719 4687 in
767 4629 1069 4700 Evangeliis
1116 4627 1189 4683 ita
1220 4625 1432 4686 dividit,
1462 4633 1521 4677 ut
1546 4621 1833 4691 aliquando
1860 4630 2036 4675 certas
2063 4632 2226 4687 quas-

665 4723 788 4777 dam
815 4720 913 4776 soli
969 4735 1033 4774 ac
1059 4719 1273 4789 pr0prie
1304 4715 1479 4770 Verbo
1505 4712 1728 4776 tribuat,
1758 4709 2052 4781 aliquando
2077 4723 2227 4763 seor-

667 4812 767 4868 sim
793 4810 868 4866 illi
891 4809 981 4879 qui
1011 4820 1095 4864 est.
1143 4822 1209 4862 ex
1246 4805 1470 4859 muliere
1513 4802 1708 4857 editus.
1759 4798 1918 4867 Atqui
1964 4796 2230 4867 quomodo

670 4917 776 4957 non
799 4903 871 4956 sit
911 4899 1160 4956 omnibus
1213 4896 1603 4959 certissimum,
1653 4891 1801 4947 illum
1852 4889 2229 4958 Uuigeuitum,

669 5010 792 5048 cum
823 4993 964 5048 Deus
987 5000 1128 5046 esset
1166 4996 1383 5053 natura,
1431 4999 1550 5042 esse
1579 4982 1848 5039 hominem
1878 4981 2101 5042 factum,
2128 4994 2231 5032 non

671 5083 900 5153 simplici
960 5078 1357 5150 conjunctione,
1384 5085 1444 5130 ut
1492 5075 1580 5130 ille
1636 5074 1852 5139 asserit,
1905 5070 2242 5126 extrinsecus

675 5174 997 5245 excogitata,
1030 5180 1121 5225 aut
1148 5170 1416 5236 aﬂeetiva,
1444 5166 1538 5223 sed
1563 5181 1691 5220 vera
1715 5166 1931 5229 unione,
1986 5157 2239 5216 ineffabili

679 5265 839 5320 modo
863 5263 1020 5318 simul
1053 5271 1106 5316 et
1134 5258 1527 5328 inexcogitabili
1563 5256 1586 5309 ?
1622 5254 1695 5310 Ita
1738 5263 1791 5309 et
1838 5267 1976 5308 unus
2004 5249 2159 5304 simul
2191 5257 2244 5301 et

681 5356 829 5410 solus
858 5352 1208 5422 intelligetur,
1243 5358 1299 5403 et
1345 5347 1522 5402 omnia
1553 5345 1603 5400 ei
1637 5345 1779 5400 dicta
1814 5340 2162 5402 convenient,
2191 5345 2244 5389 et

682 5447 863 5501 eninia
892 5455 1141 5514 tanquam
1174 5443 1242 5497 ab
1275 5456 1379 5496 una
1425 5451 1652 5510 persona
1693 5437 1834 5492 dicta
1861 5432 2243 5490 censebuutur.

689 5539 820 5594 Nam
853 5546 970 5608 post
995 5535 1246 5591 unionem
1297 5546 1402 5588 una
1444 5529 1557 5599 jam
1598 5526 1914 5595 intelligitur
1939 5530 2127 5578 natura
2155 5518 2242 5574 illa

2332 4607 2450 4670 νὰς,
2498 4603 2572 4666 ὡς
2605 4600 2732 4654 ποτὲ
2771 4600 2870 4669 μὲν
2902 4596 3064 4650 τάσδε
3099 4592 3250 4657 τινὰς
3299 4591 3442 4660 μόνῳ
3492 4605 3546 4641 τε
3580 4588 3673 4640 καὶ
3719 4584 3889 4643 ίδικὼς

2333 4695 2642 4752 ἀνατιθέναι
2675 4691 2752 4760 τῷ
2784 4690 2941 4758 Λόγῳ
2961 4703 2978 4719 ·
3013 4686 3142 4738 ποτὲ
3185 4683 3241 4736 δὲ
3275 4682 3380 4751 ἰδία
3412 4679 3489 4750 τῷ
3521 4681 3585 4730 ὲκ
3616 4675 3890 4746 γυναικός.

2335 4787 2528 4843 Καίτοι
2577 4783 2693 4844 πῶς
2739 4781 2836 4850 οὐχ
2884 4778 3083 4832 ἅπασιν
3123 4775 3208 4843 εἴη
3259 4772 3324 4826 ἂν
3363 4771 3462 4822 οὐκ
3514 4766 3891 4837 ἀναμφιλόγως

2337 4876 2477 4945 ἔχον,
2506 4875 2586 4926 ὅτι
2615 4870 2742 4930 Θεὸς
2772 4867 2845 4920 ὣν
2877 4866 3054 4935 φύσει,
3094 4862 3313 4931 γέγονεν
3345 4860 3627 4926 ἄνθρωπος
3664 4856 3692 4907 ὁ
3731 4854 3891 4907 Μονο-

2338 4966 2520 5036 γενὴς,
2558 4962 2617 5015 ού
2663 4959 2803 5013 κατὰ
2852 4958 3142 5026 συνάφειαν
3187 4951 3390 5014 ἁπλῶς,
3429 4951 3502 5011 ὼς
3535 4946 3662 5015 γοῦν
3698 4940 3890 4997 ἐκεῖνός

2339 5027 2600 5127 φησί,τήν
2631 5049 2863 5121 θύραθεν
2885 5043 3291 5114 ὲπινοουμένην,
3315 5042 3432 5111 ήτοι
3459 5037 3714 5125 σχετικὴν
3733 5051 3746 5064 ·
3769 5027 3894 5084 ἀλλά

2495 5118 2924 5212 ἕνωσιν-ἀληθῆ,
2959 5139 3280 5206 ἀπορρήτως
3330 5149 3388 5186 τε
3427 5132 3520 5182 καὶ
3555 5118 3694 5196 ύπὲρ
3741 5121 3893 5212 νοῦν

2342 5239 2495 5294 Οὕτω
2540 5253 2633 5297 τε,
2691 5230 2770 5296 εἷς
2816 5206 3012 5284 νοεῖται
3060 5228 3154 5280 καὶ
3210 5225 3398 5294 μόνος·
3455 5223 3600 5279 ἆπας
3647 5233 3706 5268 τε
3759 5206 3895 5274 αὺτῷ

2345 5329 2538 5401 πρέπει
2576 5326 2753 5393 λόγος,
2788 5323 2880 5375 καὶ
2914 5320 2987 5382 ὡς
3029 5317 3090 5382 ἐξ
3129 5315 3245 5378 ἐνὸς
3275 5309 3565 5383 προσώπου
3613 5304 3684 5358 τὰ
3729 5302 3896 5355 πάντα

2342 5395 2634 5488 λελέξεταιο
2662 5416 2758 5487 μία
2777 5416 2884 5484 γὰρ
2908 5412 3008 5484 ’ήδη
3032 5411 3228 5462 νοεῖται
3255 5403 3415 5474 φύσις
3447 5398 3584 5470 μετά
3603 5397 3698 5466 τὴν
3716 5395 3896 5488 ἕνωσιν

2345 5515 2379 5584 ἡ
2413 5479 2574 5566 αὐτοῦ
2622 5479 2715 5562 τοῦ
2771 5479 2943 5575 Λόγου
2985 5479 3394 5572 σεσαρκωμένη,
3439 5489 3687 5558 καθάπερ
3720 5479 3897 5552 ἀμέλει

762 5713 808 5744 ⁸³
836 5712 852 5766 ι
881 5713 1005 5767 Cor.
1035 5726 1148 5769 t'ttt.
1181 5708 1273 5764 η.
1347 5705 1391 5737 ³⁸
1424 5705 1616 5759 Ευιιεε.
1647 5715 1696 5756 v.
1732 5699 1819 5755 ‘27.
1898 5696 1941 5730 θ’
1966 5695 2104 5753 l‘sal.
2136 5707 2251 5748 cst.
2303 5692 2344 5742 ι.
