4166 6510
318 433 385 491 6|
1303 429 1309 436 ’
1435 434 2253 499 ADVERSUS-NESTORIUM
2296 442 2426 498 LIB.
2470 442 2533 499 ΙΙ.
2702 501 2707 506 ,
2970 401 2973 404 Ι
3527 448 3601 508 62

319 549 420 600 καὶ
471 547 558 616 ἐφ’
587 544 746 618 ἡμῶν
784 543 968 600 αὐτῶν
1015 546 1174 600 νοοῖτ*
1212 544 1281 600 ἂν
1329 545 1590 612 είκότωςο
1628 547 1896 620 ἄνθρωπος

2023 553 2191 623 ipsius
2220 553 2378 609 Verbi
2421 556 2725 622 incantata,
2782 564 2841 611 ut
2891 558 3084 626 procul
3138 559 3303 615 dubio
3332 563 3386 618 in
3442 567 3599 621 nobis

324 640 437 709 γὰρ
458 633 538 702 εἷς
560 636 777 708 ἀληθῶς
800 636 1159 707 συγκείμενος
1179 635 1238 702 εξ
1255 638 1523 709 ἀνομοίων
1545 642 1910 713 πραγμάτων,

321 728 508 799 ψυχῆς
532 728 597 798 δὴ
628 727 774 797 λέγω
793 727 890 781 καὶ
916 724 1192 797 σώματος.
1224 727 1707 798 Ἐπισημήνασθαι
1725 729 1782 783 δὲ
1817 731 1914 785 καὶ

322 816 423 869 νῦν
438 818 754 885 ἀναγκαῖον,
787 816 872 869 ὅτι
899 814 960 868 τδ
988 814 1186 870 ἑνωθὲν
1203 814 1281 885 τῷ
1296 815 1415 886 Θεῷ
1430 816 1587 887 Λόγῳ
1605 818 1785 888 σῶμα,
1804 836 1912 887 φα-

327 907 431 977 μλν
444 906 761 977 ἐψυχῶσθαι
781 906 928 976 ψυχῇ
956 905 1170 977 λογικῇ.
1193 904 1582 978 Προσθήσομαι
1604 907 1663 962 δὲ
1691 910 1912 963 κάκεῖνο

323 999 636 1070 χρησίμωςο
666 998 832 1070 ἑτέρα
867 997 967 1068 μὲν
1008 999 1117 1068 γὰρ
1144 997 1297 1069 παρά
1339 998 1434 1052 τὸν
1476 1001 1541 1053 ὲκ
1568 998 1703 1052 Θεοῦ
1736 1000 1911 1069 Λόγον

324 1092 358 1161 ἡ
393 1089 553 1161 σάρξ,
581 1090 727 1144 κατά
763 1106 829 1157 γε
856 1089 949 1143 τὸν
973 1090 1072 1159 τῆς
1106 1088 1240 1152 ίδίας
1277 1087 1493 1158 φύσεως
1537 1088 1715 1159 λόγον,
1749 1091 1911 1160 ἑτέρα

320 1182 379 1236 δὲ
408 1183 573 1237 πάλιν
605 1180 883 1246 ούσιωδῶς
921 1182 955 1252 ἡ
987 1180 1154 1234 αὐτοῦ
1183 1180 1279 1235 τοῦ
1328 1180 1499 1251 Λόγου
1531 1182 1714 1252 φύσις.
1764 1180 1911 1251 Πλὴν

321 1274 373 1326 ει
416 1273 514 1328 καὶ
555 1275 757 1328 νοεῖται
805 1272 1059 1345 διάφορα,
1103 1276 1197 1327 καὶ
1227 1274 1308 1337 είς
1346 1274 1640 1346 ἑτερότητα
1673 1275 1910 1347 φυσικὴν

320 1364 759 1436 διεσχοινισμένα
803 1363 873 1418 τά
892 1363 1289 1435 ὠνομασμένα,
1319 1362 1438 1417 ἀλλ’
1481 1359 1563 1428 εἷς
1588 1364 1647 1431 ἐξ
1701 1366 1908 1435 ἀμφοῖν

321 1460 526 1512 νοεῖται
558 1456 795 1528 Χριστός
819 1474 832 1487 ·
868 1456 989 1510 καθ’
1023 1456 1216 1512 ἕνωσιν
1264 1455 1441 1528 ἀληθῆ
1484 1456 1733 1528 ἀλλήλοις
1768 1474 1908 1526 συμ-

319 1548 659 1619 ϐεὸηκότων,
691 1547 947 1619 θεότητός
973 1564 1033 1600 τε
1072 1546 1165 1601 καὶ
1206 1546 1647 1620 ἀνθρωπότητος.
1700 1548 1907 1619 Ἐμπε-

316 1642 401 1694 δοῖ
430 1640 487 1694 δὲ
535 1641 676 1712 πρὸς
718 1639 877 1694 τοῦτο
913 1642 1062 1711 ἡμᾶς
1097 1641 1130 1710 ή
1180 1640 1537 1704 θεόπνευστος
1569 1641 1781 1710 Γραφὴ,
1820 1641 1909 1695 διὰ

319 1732 537 1803 μυρίων
567 1732 667 1803 μὲν
691 1732 832 1786 ὅσων
863 1731 1206 1802 πραγμάτων
1239 1748 1299 1785 τε
1350 1731 1443 1785 καὶ
1485 1731 1659 1800 λόγων
1681 1749 1694 1761 ⁸
1726 1749 1906 1803 παρα-

315 1825 577 1896 δείγμασι
617 1824 675 1878 δὲ
707 1824 986 1896 χρωμένη,
1033 1823 1101 1877 δι’
1140 1817 1217 1880 ὧν
1246 1823 1310 1878 ἄν
1354 1841 1443 1887 τις
1473 1824 1568 1878 καὶ
1602 1823 1724 1876 λίαν
1771 1825 1905 1879 άκο-

2017 643 2147 712 ipsis
2166 645 2329 699 etiam
2349 646 2733 702 convenienter
2765 645 3106 719 intelligitur.
3161 648 3318 705 Unus
3352 668 3593 723 namque

2015 725 2177 784 homo
2199 730 2357 801 plane
2378 741 2542 788 estex
2563 733 2921 792 dissimilibus
2952 738 3135 805 rebus,
3177 752 3245 792 ex
3266 740 3470 810 anima,
3498 744 3585 797 iu-

2014 837 2209 890 quam,
2239 834 2295 877 et
2320 839 2549 894 corpore
2584 828 2935 897 compositus.
2966 828 3135 884 Porro
3180 829 3311 884 illud
3340 839 3425 885 est
3454 848 3600 889 nunc

2012 913 2177 967 etiam
2216 916 2537 981 notandum,
2592 916 2751 972 fateri
2801 933 2902 974 nos
2966 933 3162 989 corpus
3203 920 3336 976 illud
3386 922 3597 979 unitum

2013 1002 2127 1059 Deo
2155 1005 2357 1070 Verbo,
2397 1007 2577 1064 fuisse
2614 1010 2796 1064 anima
2824 1010 3075 1065 rationali
3103 1012 3424 1069 animatum.
3462 1012 3597 1069 Illud

2010 1112 2226 1168 quoque
2259 1099 2401 1153 haud
2432 1100 2775 1157 incommode
2793 1101 3117 1169 addiderim,
3142 1103 3303 1159 aliam
3320 1118 3443 1161 esse
3469 1120 3593 1159 car-

2013 1203 2134 1242 nem
2181 1204 2212 1243 a
2244 1188 2357 1244 Deo
2414 1190 2596 1246 Verbo
2650 1192 2813 1264 (quod
2845 1194 2913 1249 ad
2952 1209 3063 1249 sua:
3097 1204 3304 1250 naturae
3331 1196 3595 1250 rationem
3694 1224 3697 1231 -

2011 1274 2249 1346 attinet),
2281 1277 2557 1348 aliamque
2591 1295 2781 1335 rursus
2818 1281 3183 1337 essentialiter
3230 1284 3399 1349 ipsam
3431 1282 3595 1340 Verbi

2011 1377 2283 1423 naturam.
2323 1368 2430 1425 Sed
2460 1371 2711 1441 quamvis
2760 1371 2874 1427 haec
2922 1371 3144 1428 differre
3198 1374 3593 1445 intelligantur,

2009 1468 2065 1515 et
2095 1458 2323 1514 naturali
2354 1460 2671 1516 diversitate
2715 1477 2836 1517 esse
2896 1464 3198 1535 disiuncta,
3236 1481 3376 1521 unus
3406 1475 3591 1521 tamen

2008 1567 2073 1607 ex
2111 1562 2343 1623 utroque
2379 1552 2632 1609 Christus
2685 1552 3027 1625 intelligitur,
3078 1555 3203 1610 dum
3260 1572 3357 1627 per
3405 1571 3592 1612 veram

2007 1645 2278 1701 unitatem
2332 1645 2512 1701 deitas
2555 1645 2716 1699 simul
2748 1654 2805 1700 et
2835 1646 3144 1701 humanitas
3175 1647 3408 1703 invicem
3460 1664 3594 1703 con-

2006 1738 2252 1793 veniunt.
2276 1736 2334 1792 In
2368 1737 2471 1791 hac
2502 1751 2632 1791 vero
2664 1738 2931 1791 sententia
2983 1752 3085 1793 nos
3117 1738 3419 1794 innumeris
3472 1750 3585 1795 tum

2009 1827 2197 1893 factis,
2261 1837 2372 1883 tum
2437 1827 2597 1882 dictis
2661 1825 2943 1898 Scriptura
3011 1828 3272 1886 divinitus
3332 1830 3590 1901 inspirata

315 1916 429 1970 νιτὶ
461 1918 602 1989 πρός
644 1932 712 1985 γε
756 1916 821 1971 τδ
866 1915 1126 1970 δύνασθαι
1170 1914 1408 1969 κατιδεῖν
1432 1915 1495 1967 τὸ
1524 1914 1761 1985 Χριστοῦ
1796 1933 1896 1986 μυ-

2003 1922 2311 1985 conﬁrmat,
2366 1920 2459 1974 sed
2488 1919 2760 1990 praecipue
2784 1920 2908 1974 dum
2959 1922 3224 1990 exemplis
3273 1924 3466 1987 utitur,
3495 1939 3593 1993 por

318 2011 542 2081 στήριον
598 2009 833 2063 διελάσει
885 2010 1090 2079 σαφῶς.
1145 2010 1291 2080 Ἔφη
1347 2010 1528 2063 τοίνυν
1563 2012 1592 2064 ό
1632 2010 1903 2082 μακάριος

317 2102 606 2172 νιροςινίιτη.⁵
646 2101 871 2165 Ἡσαΐας
890 2118 904 2131 ·
940 2121 958 2153 ι
989 2102 1101 2155 Καὶ
1128 2100 1407 2171 ἀπεστάλη
1436 2102 1571 2173 πρός
1603 2118 1672 2172 με
1703 2101 1761 2155 ἓν
1794 2103 1903 2158 τῶν

317 2193 606 2265 Σεραφίμ·
638 2194 730 2247 καὶ
759 2197 825 2263 τῇ
873 2194 1017 2265 χειρὶ
1050 2191 1195 2264 εἶχεν
1228 2192 1498 2262 ἄνθρακα,
1532 2193 1592 2247 ὃν
1622 2197 1688 2265 τῇ
1725 2193 1901 2248 λαδίδι

314 2278 515 2332 ἔλασεν
535 2278 640 2333 ἀπὸ
662 2278 755 2332 τοῦ
780 2279 1182 2352 θυσιαστηρίου,
1208 2280 1302 2334 καὶ
1319 2281 1497 2351 ἥψατο
1517 2281 1610 2336 τοῦ
1634 2283 1903 2354 στόματός

317 2388 450 2441 μου,
480 2371 574 2425 καὶ
603 2366 755 2424 εἶπεν
775 2388 789 2403 ·
834 2372 966 2425 Ἰδοὺ
992 2372 1171 2441 ἥψατο
1198 2371 1359 2426 τοῦτο
1389 2373 1496 2427 τῶν
1526 2374 1751 2444 χειλέων
1781 2392 1897 2441 σου,

313 2461 416 2515 καὶ
443 2461 632 2529 ἀφελεῖ
666 2462 767 2524 τὰς
797 2460 1025 2530 ἀνομίας
1057 2479 1173 2527 σου,
1214 2462 1307 2516 καὶ
1346 2462 1446 2525 τὰς
1479 2463 1756 2534 ἁμαρτίας
1803 2480 1897 2517 σου

313 2553 723 2623 περικαθαριεῖ.
770 2571 789 2602 ι
833 2552 1425 2624 Πολυπραγμονοῦντες
1464 2554 1544 2619 δὲ,
1580 2554 1657 2619 ὡς
1689 2553 1790 2619 ἔνι,
1838 2554 1899 2607 τὸ

310 2644 416 2715 τῆς
457 2644 704 2714 ὁράσεως
734 2643 917 2715 βάθος,
968 2644 1067 2715 οὐχ
1116 2645 1304 2715 ἕτερον
1336 2641 1476 2701 εἷναί
1522 2664 1722 2717 φαμεν,
1758 2646 1897 2717 πλὴν

309 2736 398 2790 δτι
432 2736 524 2791 τὸν
571 2735 779 2807 Κύριον
824 2735 984 2807 ἡμῶν
1031 2735 1239 2806 Ἰησοῦν
1285 2736 1542 2809 Χριστὸν,
1584 2738 1678 2792 τὸν
1727 2740 1785 2791 ὲν
1820 2738 1898 2809 τῷ

308 2826 683 2897 θυσιαστηρίῳ
719 2825 969 2897 κείμενον
1016 2825 1266 2899 ἄνθρακα
1295 2827 1484 2898 νοητόν
1508 2846 1523 2861 ·
1561 2830 1645 2898 ἐφ’
1686 2822 1731 2897 ᾧ
1763 2830 1896 2901 παρ’

308 2918 471 2988 ἡμῶν
507 2917 786 2981 εύωδιάζει
829 2917 1083 2989 θυμίαμα
1130 2918 1220 2988 τῷ
1265 2918 1383 2989 Θεῷ
1430 2920 1526 2973 καὶ
1569 2920 1779 2992 Πατρίο
1828 2922 1896 2976 δι’

306 3007 479 3063 αὐτοῦ
529 3007 640 3078 γάρ
687 3006 786 3078 τὴν
836 3008 1203 3079 προσαγωγὴν
1236 3009 1571 3078 ἐσχήκαμεν,
1618 3010 1798 3062 δεκτοί
1836 3010 1897 3062 τέ

306 3102 503 3170 ἐσμεν,
535 3099 635 3163 τάς
665 3097 1043 3169 πνευματικὰς
1088 3097 1372 3160 τελοῦντες
1402 3097 1678 3168 λατρείας.
1728 3093 1897 3163 Οὗτος

306 3188 493 3241 τοίνυν
519 3189 549 3241 ό
587 3186 792 3256 ἄνθραξ
837 3186 867 3238 ό
908 3185 1069 3248 θεῖος,
1117 3185 1247 3237 ὅταν
1278 3183 1483 3254 ἀψηται
1516 3184 1625 3238 τῶν
1669 3184 1895 3255 χειλέων

2009 2027 2129 2082 qua:
2159 2011 2417 2067 facillime
2442 2012 2673 2081 quisque
2708 2013 2773 2065 ad
2805 2010 3004 2065 Christi
3032 2012 3350 2082 mysterium
3375 2014 3587 2083 perspi-

2009 2118 2110 2158 cue
2155 2103 2563 2172 intelligendum
2618 2102 2841 2157 tendere
2901 2103 3093 2171 possit.
3169 2100 3367 2157 Beatus
3427 2105 3590 2171 igitur

2006 2191 2266 2262 propheta
2311 2191 2479 2247 Isaias
2532 2191 2649 2248 ait:
2701 2210 2720 2244 ι
2763 2191 2830 2247 Et
2865 2194 3059 2246 missus
3090 2200 3172 2247 est
3223 2193 3288 2247 ad
3324 2207 3412 2249 me
3444 2209 3588 2249 unus

2007 2283 2075 2338 de
2098 2285 2407 2353 Seraphim,
2442 2298 2497 2340 et
2523 2286 2574 2340 in
2609 2301 2769 2361 manu
2812 2285 3049 2341 habebat
3084 2284 3396 2349 carbonem,
3425 2302 3587 2355 quem

2006 2374 2215 2443 forcipe
2237 2385 2523 2445 acceperat
2580 2392 2644 2432 ex
2677 2376 2860 2440 altari,
2891 2384 2947 2430 et
2989 2375 3167 2444 tetigit
3195 2391 3258 2431 os
3304 2392 3501 2444 meum,
3534 2387 3590 2433 et

2006 2465 2146 2519 dixit
2182 2464 2362 2521 :Ecce
2398 2466 2574 2537 tetigit
2614 2466 2717 2521 hoc
2757 2465 2897 2520 labia
2921 2475 3033 2529 tua,
3058 2474 3113 2520 et
3142 2466 3353 2523 auferet
3386 2467 3585 2537 iniqui-

2007 2559 2148 2606 tates
2206 2560 2344 2614 tuas.
2407 2561 2461 2606 et
2492 2554 2730 2624 expiabit
2784 2564 3005 2623 peccata
3060 2562 3152 2608 tua
3178 2553 3244 2607 ⁸³.
3282 2574 3301 2608 ι
3350 2556 3590 2611 Visionis

2005 2642 2168 2713 hujus
2217 2644 2642 2714 profunditatem
2686 2653 2746 2699 ut
2794 2644 2941 2700 vires
2997 2643 3178 2700 ferunt
3214 2646 3586 2717 exquirentes,

2006 2731 2114 2802 32
2143 2749 2247 2787 non
2284 2733 2430 2789 aliud
2468 2735 2568 2791 nisi
2606 2736 2891 2790 Dominum
2931 2746 3176 2792 nostrum
3205 2736 3389 2792 Jesum
3425 2735 3589 2792 Chri-

2004 2835 2151 2879 Stum
2201 2839 2325 2881 esse
2377 2826 2609 2881 dicimus
2664 2825 2968 2896 spiritalem
3023 2826 3173 2881 illum
3209 2827 3497 2883 carbonem
3533 2828 3586 2883 in

2004 2915 2161 2970 altari
2186 2918 2446 2985 positum,
2494 2932 2658 2987 super
2713 2932 2821 2987 quo
2869 2919 3167 2991 thymiama
3193 2918 3305 2974 Deo
3346 2934 3408 2972 ac
3438 2917 3586 2974 Patri

2003 3018 2033 3058 a
2067 3004 2221 3060 nobis
2251 3005 2503 3061 adoletur
2527 3024 2542 3062 :
2568 3022 2663 3075 per
2696 3008 2870 3077 ipsum
2900 3010 3043 3065 enim
3077 3023 3357 3064 accessum
3385 3008 3582 3063 habui-

2004 3111 2144 3159 mus,
2202 3105 2258 3150 et
2317 3098 2618 3167 spiritalem
2685 3100 2887 3154 cultum
2951 3112 3317 3172 exsequentes
3371 3102 3583 3170 accepti

2003 3200 2211 3240 sumus.
2238 3186 2337 3240 llic
2368 3187 2550 3256 itaque
2575 3191 2744 3243 carbo
2772 3190 2989 3245 divinus
3036 3191 3124 3246 ubi
3180 3189 3490 3247 accedentis
3515 3190 3585 3245 ad

307 3297 406 3332 σου
447 3278 561 3351 [τον.
592 3277 711 3350 τοῦ]
747 3278 1060 3346 προσιόντος
1098 3276 1269 3346 αύτῷ,
1294 3276 1698 3347 διεσμηγμένον
1727 3276 1891 3341 εὐθὺς

2001 3290 2061 3331 se
2080 3274 2223 3331 labia
2250 3276 2508 3347 tetigerit,
2527 3279 2669 3334 illico
2690 3282 2945 3334 mundum
2968 3283 3174 3345 reddet,
3196 3291 3357 3351 atque
3375 3282 3582 3351 peccati

304 3373 584 3441 ἀποφανεῖ
634 3371 731 3423 καὶ
772 3370 990 3438 ἀπάσης
1021 3368 1294 3440 ἁμαρτίας
1323 3369 1669 3439 ημοιρηκότα
1699 3385 1894 3422 παντε-

305 3463 439 3526 λῶς.
472 3464 739 3517 ’Ἂπτεται
765 3461 821 3515 δὲ
865 3462 989 3514 τίνα
1028 3460 1227 3530 τρόπον
1251 3460 1360 3514 τῶν
1393 3462 1451 3513 ὲν
1482 3462 1613 3531 ἡμῖν
1640 3460 1888 3531 χειλέων,

304 3554 512 3621 διδάξει
539 3551 713 3623 λέγων
750 3554 780 3607 ὁ
815 3553 1084 3623 μακάριος
1114 3551 1356 3615 Παῦλος·
1393 3569 1413 3605 t
1470 3551 1666 3621 Ἐγγύς
1699 3569 1793 3605 σου
1831 3552 1893 3606 τὸ

311 3642 469 3713 ρἦἀ
512 3644 659 3696 ἐστιν
706 3642 764 3693 ὲν
811 3639 889 3710 τῷ
936 3638 1166 3708 στόματί
1206 3655 1299 3691 σου
1338 3638 1433 3693 καὶ
1483 3641 1541 3692 ὲν
1583 3640 1650 3711 τῇ
1696 3640 1892 3710 καρδίᾳ

308 3750 443 3790 σου*
474 3736 556 3789 ὅτι
586 3734 681 3788 ὲάν
726 3733 888 3804 εἴπῃς
933 3734 992 3785 ὲν
1023 3730 1102 3801 τῷ
1146 3730 1375 3801 στόματί
1423 3748 1537 3797 σου,
1573 3732 1655 3785 ὅτι
1688 3732 1892 3802 Κύριος

318 3825 578 3897 Ἰησοῦς*
610 3826 707 3879 καὶ
755 3822 1053 3897 πιστεύσῃς
1100 3824 1158 3876 ὲν
1201 3826 1270 3894 τῇ
1319 3823 1517 3895 καρδίᾳ
1574 3840 1689 3887 σου,
1738 3826 1819 3877 ὅτι
1864 3825 1892 3876 ὁ

305 3917 444 3982 ϐὡς
476 3917 637 3972 αὐτὸν
660 3918 881 3988 ἡγειρεν
906 3917 971 3970 ὲκ
1003 3914 1235 3987 νεκρῶν,
1265 3914 1489 3986 σωθήσῃ
1508 3929 1523 3945 ’
1558 3914 1758 3985 καρδίᾳ
1784 3914 1891 3985 γὰρ

310 4009 628 4064 πιστεύεται
673 4010 754 4073 είς
782 4006 1152 4077 δικαιοσύνηνο
1195 4006 1427 4075 στόματι
1460 4006 1518 4059 δὲ
1548 4006 1891 4077 ὁμολογεῖται

304 4103 389 4165 είς
424 4100 718 4171 σωτηρίαν.
760 4118 780 4150 ι
825 4097 1091 4170 ’Δνθρακι
1129 4097 1187 4152 δὲ
1225 4096 1639 4167 παρεικάζεται,
1687 4097 1775 4151 διά
1806 4113 1888 4149 τοι

302 4192 369 4246 τὸ
420 4193 487 4245 ὲκ
518 4191 682 4245 δυοῖν
740 4189 979 4243 νοεῖσθαι
1038 4188 1134 4241 καὶ
1192 4185 1460 4257 ἀνομοίων
1510 4184 1887 4257 πραγμάτων·

307 4283 515 4354 συνόδῳ
542 4299 606 4352 γε
644 4282 751 4353 μὴν
779 4282 847 4352 τῇ
892 4281 1034 4334 κατά
1079 4277 1334 4348 ἀλήθειαν
1368 4275 1652 4346 μονονουχὶ
1684 4274 1891 4329 συνδεῖ-

306 4374 437 4430 aea.
469 4373 604 4444 πρὸς
630 4371 825 4425 ἕνωσιν
847 4386 863 4402 ⁸
903 4370 1207 4432 είσδεδυκὸς
1236 4366 1345 4438 γὰρ
1372 4365 1450 4436 τῷ
1487 4365 1628 4436 ξύλῳ
1660 4366 1720 4418 τὸ
1757 4364 1887 4436 πῦρ,

303 4468 390 4531 είς
422 4464 629 4519 οἰκείαν
660 4462 790 4517 αὐτὸ
826 4462 1225 4534 μεταστοιχειοί
1256 4459 1459 4531 τρόπον
1494 4458 1616 4511 τινά
1644 4458 1799 4524 δόξαν
1827 4475 1888 4512 τε

304 4558 407 4612 καὶ
431 4556 679 4627 δύναμιν,
714 4553 891 4607 καίτοι
921 4551 1223 4625 τετηρηκὸς
1262 4552 1399 4622 ὅπερ
1428 4545 1519 4620 ἦν.
1556 4548 1888 4622 Μαργαρίτῃ

302 4649 363 4702 δὲ
390 4647 555 4703 πάλιν
585 4645 774 4700 ἑαυτὸν
804 4646 1058 4715 ἀφομοιοῖ
1084 4643 1257 4711 λέγων
1288 4644 1317 4696 ὁ
1341 4641 1546 4713 Κύριος
1586 4640 1741 4712 ἡμῶν
1780 4642 1885 4711 ἰη-

304 4739 437 4803 σοῦς
464 4740 734 4811 Χριστός·
773 4755 792 4789 ι
844 4734 1037 4806 Ὀμοία
1075 4734 1222 4787 ἐστὶν
1256 4735 1289 4805 ἡ
1320 4733 1569 4805 βασιλεία
1586 4734 1697 4787 τῶν
1724 4733 1888 4803 οὐρα-

301 4832 415 4885 νῶν
440 4829 712 4901 ἀνθρώπῳ
737 4828 965 4899 ἐμπόρῳ
988 4825 1238 4898 ζητοῦντι
1272 4825 1469 4889 καλοὺς
1514 4825 1883 4897 μαργαρίτας·

301 4920 485 4990 εὑρὼν
516 4921 573 4975 δὲ
608 4922 708 4974 Ξνα
738 4918 1033 4989 πολύτιμον
1084 4916 1454 4989 μαργαρίτην,
1488 4916 1740 4971 ἀπελθὼν
1787 4918 1885 4970 πε·-

302 5031 517 5087 πραχεν
544 5014 646 5066 ὅσα
679 5006 815 5082 εἶχε,
864 5011 957 5063 καὶ
987 5010 1255 5081 ἠγόρασεν
1286 5007 1468 5062 αὐτόν.
1512 5027 1531 5059 ι
1580 5007 1789 5062 Ἀκούω
1829 5008 1887 5062 δὲ

192 5100 205 5109 ’
303 5107 402 5159 καὶ
432 5104 632 5174 ἑτέρως
668 5102 858 5156 ἑαυτὸν
896 5102 1028 5171 ἡμῖν
1073 5098 1522 5162 καταδεικνύντος
1570 5099 1666 5152 καὶ
1694 5098 1882 5166 λέγον-

299 5213 396 5260 τος
417 5213 433 5227 ·
467 5213 487 5246 t
527 5194 668 5264 Ἐγὼ
686 5192 844 5255 ἀνθος
864 5190 957 5245 τοῦ
983 5190 1188 5254 πεδίου,
1213 5189 1396 5261 κρίνον
1417 5188 1526 5243 τῶν
1550 5189 1828 5244 κοιλάδων.
1859 5208 1877 5240 ι

305 5290 464 5358 Ἔχει
521 5286 621 5358 μὲν
660 5286 770 5356 γάρ
801 5286 860 5338 ὲν
918 5281 1025 5353 ίδίᾳ
1058 5278 1218 5350 φύσει
1266 5280 1365 5353 τὴν
1418 5279 1695 5351 θεοπρεπῆ
1748 5280 1886 5351 λαμ-

301 5380 549 5452 πρότητα
586 5377 681 5431 τοῦ
711 5375 847 5429 Θεοῦ
893 5375 987 5429 καὶ
1016 5372 1232 5446 Πατρός
1252 5389 1268 5405 ⁸
1317 5372 1605 5439 εύωδιάζει
1636 5373 1694 5426 δὲ
1724 5374 1888 5427 πάλιν

299 5472 465 5525 αὐτὸν
506 5469 618 5544 ίίσ.
652 5468 863 5542 αύτδς],
891 5469 1036 5524 κατά
1063 5483 1151 5538 γε,
1202 5468 1369 5540 φημί,
1414 5468 1513 5538 τὴν
1554 5467 1752 5538 νοητὴν
1777 5466 1837 5518 εύ
1864 5495 1888 5506 -

296 5562 521 5628 οσμίαν.
578 5562 788 5633 Ὥσπερ
843 5556 1044 5625 τοίνυν,
1102 5560 1192 5613 ὲπί
1238 5577 1298 5613 τε
1367 5559 1461 5614 τοῦ
1524 5557 1884 5631 μαργαρίτου,

302 5654 398 5708 καὶ
433 5652 542 5724 μὴν
591 5651 689 5706 καὶ
731 5652 827 5707 τοῦ
879 5654 1088 5712 κοίνου,
1145 5654 1341 5704 νοεῖται
1392 5652 1573 5723 μέντοι
1625 5651 1785 5721 σῶμα
1825 5649 1889 5704 τὺ

1999 3368 2178 3423 omnis
2231 3382 2454 3438 prorsus
2494 3380 2794 3439 expertem.
2850 3370 2955 3424 Sed
3017 3372 3159 3427 lahia
3210 3382 3401 3427 nostra
3443 3387 3582 3442 quo-

1999 3475 2124 3515 nam
2178 3459 2339 3514 modo
2385 3461 2690 3531 contingat,
2741 3462 2896 3516 docet
2957 3462 3147 3518 beatus
3210 3462 3410 3517 Paulus
3459 3478 3582 3518 cum

1999 3548 2175 3604 dicit:
2212 3565 2232 3600 ι
2284 3547 2460 3617 Prope
2536 3557 2585 3604 te
2614 3558 2700 3604 est
2740 3550 2963 3604 verbum
3022 3549 3076 3604 in
3125 3565 3221 3605 ore
3271 3559 3383 3613 tuo,
3432 3558 3489 3605 et
3528 3550 3582 3605 in

1997 3638 2160 3695 corde
2198 3649 2289 3694 tuo
2323 3639 2489 3708 :quia
2512 3638 2554 3693 si
2581 3640 2785 3695 dixeris
2819 3640 2872 3693 in
2907 3654 3004 3695 ore
3036 3647 3125 3694 tuo
3147 3641 3273 3709 quia
3318 3640 3583 3697 Dominus

1958 3784 1961 3787 Α
1995 3731 2178 3797 Jcsus,
2204 3739 2259 3786 et
2291 3732 2591 3788 credideris
2627 3732 2679 3785 in
2719 3733 2885 3788 corde
2916 3742 3010 3787 tuo
3058 3732 3185 3800 quia
3240 3733 3386 3788 Deus
3432 3733 3581 3795 illum

1997 3825 2279 3880 suscitavit
2306 3842 2335 3879 a
2372 3824 2625 3886 mortuis,
2670 3824 2854 3879 salvus
2887 3826 3019 3880 eris.
3075 3825 3252 3881 Corde
3286 3826 3431 3880 enim
3462 3840 3583 3880 cre-

1998 3917 2142 3969 ditur
2175 3916 2239 3969 ad
2261 3916 2552 3983 justitiam,
2585 3932 2679 3971 ore
2710 3925 2889 3969 autem
2937 3915 3209 3971 confessio
3242 3916 3304 3971 ﬁt
3343 3916 3409 3971 ad
3433 3918 3581 3971 salu-

1999 4018 2104 4063 tem
2122 4008 2190 4062 “.
2221 4027 2238 4060 ι
2264 4007 2470 4062 Dicitur
2497 4016 2674 4062 autem
2702 4006 2925 4061 carboni
2951 4007 3266 4078 persimilis,
3288 4017 3578 4077 propterea

1996 4100 2138 4172 quod
2174 4116 2239 4156 ex
2261 4098 2469 4154 duabus
2504 4114 2568 4155 ac
2604 4098 2961 4154 dissimilibus
3011 4098 3178 4155 rebus
3230 4098 3574 4168 intelligitur,

1995 4193 2090 4248 sed
2122 4191 2196 4245 ita
2224 4191 2520 4247 secundum
2569 4194 2851 4247 veritatem
2894 4190 3369 4257 convenientibus,
3428 4191 3576 4246 utin

1998 4283 2261 4337 unitatem
2324 4282 2709 4350 propemodum
2765 4280 3181 4353 coniungantur.
3234 4280 3379 4352 Ignis
3431 4284 3576 4336 enim

1997 4377 2084 4429 ubi
2126 4376 2328 4446 lignum
2373 4375 2694 4445 penetrarit,
2736 4374 2862 4429 illud
2894 4374 2945 4429 in
2979 4389 3133 4429 suam
3187 4373 3360 4443 ipsius
3411 4373 3579 4428 clari-

1998 4475 2159 4524 tatem
2207 4481 2271 4522 ac
2321 4466 2466 4519 vires
2517 4465 2802 4529 transfert,
2843 4480 2908 4520 eo
2968 4474 3146 4519 tamen
3182 4474 3400 4518 servato
3434 4463 3576 4533 quod

1995 4568 2131 4611 erat.
2158 4556 2463 4628 Margarita
2486 4571 2546 4611 se
2571 4572 2758 4611 rursus
2786 4564 3065 4626 comparat
3090 4555 3352 4612 Dominus
3391 4564 3578 4610 noster

1994 4647 2149 4703 Jesus
2191 4648 2441 4703 Christus
2483 4662 2607 4701 cum
2664 4646 2839 4701 dicit:
2879 4664 2898 4697 ι
2960 4645 3149 4701 Simile
3204 4653 3292 4701 est
3341 4661 3569 4715 regnum

1992 4739 2251 4793 caelorum
2275 4736 2477 4792 homini
2507 4736 2829 4807 negotiatori
2871 4735 3133 4804 qumrenti
3165 4733 3336 4790 bonas
3364 4750 3577 4802 marga-

1993 4830 2129 4883 ritas
2162 4847 2176 4883 :
2216 4830 2428 4885 inventa
2462 4839 2641 4883 autem
2673 4842 2775 4881 una
2818 4827 3052 4897 pretiosa
3081 4824 3397 4894 margarita,
3430 4823 3577 4878 vatit

1992 4928 2046 4975 et
2080 4919 2266 4974 vendit
2311 4921 2560 4975 universa
2603 4936 2722 4990 qua:
2772 4917 2954 4981 habet,
2996 4924 3050 4970 et
3092 4916 3224 4971 emit
3253 4915 3397 4969 illam
3434 4916 3503 4970 ⁸⁵.
3548 4932 3569 4967 ι

1989 5009 2112 5065 Alio
2160 5025 2376 5081 qumque
2413 5011 2573 5064 modo
2600 5010 2747 5064 illum
2775 5023 2897 5063 sese
2940 5006 3094 5061 nobis
3136 5006 3376 5061 indicare
3414 5007 3576 5061 audio

1991 5100 2303 5156 dicentem:
2339 5119 2358 5153 ι
2393 5101 2504 5171 Ego
2531 5099 2627 5155 llos
2649 5099 2847 5168 campi,
2873 5098 3046 5152 lilium
3085 5099 3410 5154 convallium
3433 5099 3499 5153 “.
3548 5118 3567 5151 ι

1990 5191 2123 5247 Cum
2148 5192 2362 5248 enimin
2403 5208 2498 5247 sua
2525 5201 2713 5245 natura
2762 5190 3000 5244 divinam
3049 5189 3355 5246 claritatem
3382 5190 3474 5245 Dei
3506 5206 3573 5245 ac

1991 5283 2169 5339 Patris
2219 5283 2438 5350 habeat,
2489 5284 2631 5337 idem
2689 5292 2946 5350 prmterea
2978 5284 3150 5353 spirat
3190 5283 3411 5337 odorem
3442 5298 3571 5337 sua-

1993 5376 2277 5431 veolentim
2334 5375 2612 5445 spiritalis.
2665 5373 2732 5430 Ut
2783 5389 2915 5445 ergo
2959 5375 3012 5430 in
3060 5375 3376 5445 margarita,
3408 5368 3571 5440 atque

1994 5466 2161 5521 etiam
2206 5465 2341 5531 lilio,
2391 5465 2641 5534 quamvis
2667 5464 2969 5535 subjectum
3004 5463 3109 5518 illis
3164 5478 3361 5532 corpus
3394 5461 3571 5527 perci-

1995 5557 2198 5626 piatur,
2234 5557 2453 5612 claritas
2481 5568 2660 5611 tamen
2711 5572 2805 5611 seu
2842 5556 2975 5611 odor
3000 5571 3066 5610 ex
3096 5554 3312 5625 propria
3361 5553 3570 5607 ratione

1994 5649 2063 5704 ab
2087 5650 2194 5706 illis
2245 5649 2440 5720 quibus
2471 5650 2677 5715 insunt,
2706 5659 2961 5720 tanquam
2997 5647 3211 5705 diversa
3246 5649 3569 5713 noscuntur,

372 5833 419 5866 ”
441 5832 545 5889 lsa.
579 5849 655 5900 vr,
689 5829 744 5901 6,
773 5830 826 5885 7.
904 5829 949 5859 ⁸⁸
977 5828 1133 5881 libuit.
1173 5844 1225 5894 λ,
1261 5828 1420 5883 ε-ιυ.
1507 5830 1552 5862 ⁸⁵
1577 5828 1768 5887 Matth.
1800 5845 1896 5889 xttt

2001 5830 2047 5897 5,
2082 5830 2167 5887 46.
2264 5831 2309 5864 ⁸⁸
2336 5831 2491 5887 Cattt.
2528 5846 2586 5897 il,
2625 5829 2671 5885 ι.
