4166 6456
196 310 273 366 σε
1341 303 1714 361 ADVERSUS
1755 303 2164 369 NESTORIUM
2207 306 2338 363 LIB.
2378 309 2445 364 tt.
2872 319 2875 322 ·
3401 309 3470 367 66

196 446 289 483 ται
315 424 608 491 δεικνύειν,
642 425 691 477 εί
724 423 799 495 μή
826 440 914 488 τις
944 424 1154 494 γένοιτο
1183 422 1290 480 τῶν
1323 423 1672 479 ὑποστάσεων
1709 424 1785 487 είς

1895 433 1982 481 tur
2032 430 2338 492 ostendere,
2377 426 2483 483 nisi
2526 425 2706 497 aliqua
2748 425 3177 483 substantiarom
3226 427 3368 484 inter
3408 441 3468 483 se

198 520 438 592 ἀλλήλας
489 517 776 587 ἀνάχυσις,
829 517 999 587 ἤγουν
1046 514 1373 589 σύγκρασις.
1434 517 1633 571 Καίτοι
1680 515 1790 570 τῶν

195 612 300 684 τῆς
343 609 674 681 Ἐκκλησίας
704 607 1047 664 διδασκάλων
1085 610 1149 664 οὑ
1191 609 1379 664 τοῦτον
1434 610 1585 681 ἡμᾶς
1621 626 1793 681 μυστ-

200 700 571 772 αγωγούντων
590 698 684 753 τὸν
711 699 932 768 τρόπον’
963 698 1184 755 σύνοδον
1199 699 1310 772 γὰρ
1328 700 1504 771 ἀληθῆ
1531 698 1789 769 γενέσθαι

197 794 404 865 φαμὲν,
438 790 746 855 ἑνώσαντος
791 793 892 861 μὲν
942 791 1121 862 ἑαυτῷ
1162 790 1257 846 τοῦ
1289 793 1461 863 Λόγου
1493 792 1555 847 τὸ
1604 791 1787 863 σῶμα,

201 885 579 958 μεμενηκότος
615 883 673 937 δὲ
718 883 857 954 ὅπερ
892 878 980 953 ἦν.
1028 883 1089 936 Ὀ
1139 882 1196 937 δὲ
1239 884 1358 937 ,τῶν
1401 884 1660 938 τοιούτων
1710 885 1789 948 είς

197 978 328 1033 νοῦν
363 978 505 1049 ἔχων
532 977 707 1039 οὐδὲν,
738 976 1133 1046 δεδυσσέόηκεν
1178 976 1240 1030 οὑ
1292 977 1551 1049 μετρίως,
1581 976 1789 1040 διῖστάς

198 1072 281 1134 είς
308 1070 404 1123 δύο
433 1068 706 1140 πρόσωπά
734 1084 816 1133 τε,
849 1069 943 1125 καὶ
979 1068 1325 1133 ὑποστάσεις,
1350 1068 1659 1141 όλοτρόπως
1693 1067 1790 1122 άλ-

197 1159 378 1229 λήλων
428 1157 790 1230 διῃρημένας,
844 1157 1084 1228 ἑκατέρᾳ
1129 1173 1191 1209 τε
1240 1155 1430 1224 λόγους
1471 1157 1599 1220 τοὺς
1646 1156 1786 1228 αὐτῇ

200 1249 515 1320 πρέποντας
558 1248 838 1312 ἀνατιθεὶς
897 1247 1099 1311 ίδικῶς.
1153 1247 1265 1300 Kal
1319 1247 1481 1301 πάλιν
1513 1247 1611 1300 ἕνα
1654 1247 1790 1318 φησι

198 1338 437 1411 Χριστὸν
483 1338 691 1409 Ἰησοῦν
720 1338 947 1407 Κύριον,
979 1336 1055 1400 ὡς
1090 1335 1378 1406 ἀνθρώπου
1427 1334 1546 1404 Θεῷ
1586 1350 1791 1403 συνημ-

202 1432 367 1503 μένου
395 1429 541 1485 κατὰ
572 1429 742 1501 μόνην
773 1428 874 1500 τὴν
906 1428 1086 1494 ἀξίαν,
1115 1426 1176 1480 οὑ
1212 1427 1333 1480 καθ’
1364 1426 1558 1478 ἕνωσιν
1588 1425 1786 1497 ἀληθῆ,

197 1523 467 1587 τουτέστι,
518 1521 618 1593 τὴν
667 1519 812 1575 κατά
862 1519 1047 1589 φύσιν.
1095 1519 1218 1583 Πῶς
1250 1515 1344 1573 οὖν
1374 1519 1490 1571 ἐστι
1526 1516 1634 1590 [Ian
1670 1518 1790 1581 πῶς

199 1610 294 1669 οὖν
326 1607 411 1676 εἷς
449 1610 590 1683 ἐστι]
639 1609 881 1682 Χριστὸς
925 1609 1020 1662 καὶ
1071 1608 1199 1673 Υἱὸς
1244 1608 1306 1660 τὸ
1353 1606 1576 1678 Κύριος,
1630 1606 1789 1678 εἴπερ

197 1708 405 1777 ἀμφοῖν
447 1704 552 1759 ἀνά
602 1703 767 1776 μέρος
797 1701 1092 1773 ἀρμόσειεν
1121 1701 1209 1766 ἂν,
1241 1699 1319 1763 ὡς
1357 1698 1513 1770 ἔφης,
1565 1697 1645 1762 τὸ,
1681 1694 1786 1752 ὧδὲ

194 1776 259 1851 τε
289 1795 781 1867 κατονομάζεσθαι,
815 1794 911 1848 καὶ
943 1789 1083 1848 εἶναι
1109 1791 1254 1846 κατὰ
1281 1791 1557 1862 ἀλήθειαν,
1586 1790 1675 1844 διά
1700 1806 1784 1844 τοι
1815 1776 1859 1832 Β

194 1890 260 1943 τὸ
311 1888 588 1960 ωμόἦναι
636 1888 759 1941 καθ’
794 1887 987 1941 ἕνωσιν
1030 1886 1231 1956 ἥκιστα
1261 1884 1359 1955 μὲν
1394 1882 1639 1953 ἀλλήλων
1684 1880 1786 1945 τὰς

174 1981 548 2045 -ὑποστάσεις,
580 1977 836 2034 ὲνοῦσθαι
867 1977 928 2031 δὲ
953 1976 1099 2030 κατά
1130 1975 1297 2047 μόνην
1322 1975 1422 2047 τὴν
1454 1973 1634 2041 ἀξίαν,
1663 1975 1784 2045 ἤτοι

197 2074 300 2143 τὴν
343 2071 651 2136 αὑθεντίαν,
702 2071 876 2140 ἦγουν
913 2069 1193 2136 ἐξουσίαν’
1247 2068 1349 2122 κάν
1391 2084 1477 2121 τοι
1524 2066 1625 2130 τάς
1674 2066 1785 2121 τῶν

198 2164 548 2235 πραγμάτων
584 2160 1173 2233 πολυπραγμονοῦντες
1216 2160 1431 2230 φύσεις,
1459 2160 1530 2213 τὰ
1576 2160 1634 2211 ἐν
1671 2158 1783 2212 ἰσό-

196 2272 327 2325 τητι
362 2255 465 2325 τῆς
495 2253 673 2319 ἀξίας,
709 2254 772 2306 οὑ
805 2252 1008 2325 ταύτης
1039 2253 1203 2308 ἕνεκα
1238 2253 1338 2323 τῆς
1370 2253 1550 2315 αἰτίας
1580 2251 1783 2305 ἀποϐε-

197 2346 443 2416 ωηκότα
474 2344 926 2416 καταθρήσαιμεν
971 2344 1039 2398 ἂν
1073 2345 1136 2398 τὸ
1175 2344 1442 2416 ὑπάρχειν
1483 2344 1783 2397 ίδιοσυστά-

196 2455 328 2501 τως.
388 2436 525 2489 Οὔτε
574 2437 681 2508 μὴν
734 2437 797 2490 τὺ
848 2438 1148 2507 ίσομοιρεῖν
1195 2437 1276 2499 είς
1326 2435 1505 2500 δόξαν,
1557 2434 1782 2505 ἀρκέσει

197 2532 337 2600 πρὸς
371 2530 562 2583 ἕνωσιν
582 2546 597 2563 ν
632 2525 743 2583 οἷόν
771 2529 827 2582 τί
860 2546 1033 2600 φημιο
1058 2529 1265 2600 Πέτρος
1289 2545 1347 2581 τε
1377 2528 1469 2580 καὶ
1508 2528 1787 2598 Ἰωάννης,

196 2623 370 2692 ἄμφω
401 2622 501 2693 μὲν
526 2623 701 2693 ἤστην
746 2620 1034 2675 ἀπόστολοί
1077 2638 1135 2674 τε
1186 2622 1279 2674 καὶ
1322 2622 1488 2689 ἅγιοι,
1526 2620 1620 2673 καὶ
1664 2622 1787 2682 ταῖς

199 2715 511 2785 ἰσομέτροις
544 2716 755 2784 τιμαῖς,
789 2715 883 2768 καὶ
920 2714 1182 2784 δυνάμεσι
1211 2718 1334 2777 ταῖς
1367 2713 1454 2766 διὰ
1483 2712 1575 2766 τοῦ
1614 2713 1786 2765 Πνεύ-

199 2824 376 2877 ματος
408 2806 871 2875 κατηγλαῖσμένοι
905 2806 1059 2877 παρὰ
1089 2804 1187 2858 τοῦ
1219 2807 1439 2859 πάντων
1480 2804 1637 2875 ἡμῶν
1669 2806 1783 2859 Σω-

193 2896 364 2966 τῆρος
385 2894 621 2966 Χριστοῦ
636 2913 650 2925 ·
666 2896 865 2966 ἤκουον
886 2894 999 2966 γὰρ
1013 2895 1150 2966 ὁμοῦ
1176 2898 1288 2958 τοῖς
1312 2896 1493 2957 ἄλλοις
1513 2911 1525 2924 ·
1547 2912 1565 2945 ι
1595 2894 1785 2964 Ὑμεῖς

194 2993 324 3039 tete
387 2985 450 3037 τὸ
499 2987 619 3054 φῶς
652 2986 747 3038 τοῦ
803 2985 1012 3055 κόσμου
1083 3005 1102 3038 ι
1165 2986 1374 3039 τούτου.
1433 2984 1539 3037 Kal
1580 2984 1780 3039 πάλιν⁶

198 3096 221 3129 ι
284 3077 669 3142 Ἀσθενοῦντας
699 3077 1027 3149 θεραπεύετε
1049 3095 1063 3109 ⁸
1114 3079 1341 3149 νεκροὺς
1384 3076 1626 3173 ιγείρετε
1647 3093 1660 3107 ο
1694 3076 1785 3173 λε·
1812 3116 1855 3173 C

193 3172 377 3242 προὺς
418 3168 780 3241 καθαρίζετε⁸
827 3170 1081 3240 δαιμόνια
1114 3168 1420 3223 ὲκὸἀλλετε.
1460 3186 1478 3219 ι
1518 3163 1664 3240 Ἆρα
1691 3163 1783 3219 οὖν

192 3262 257 3326 ἐξ
284 3260 666 3332 ίσομοιρούσης
696 3259 875 3324 ἀξίας,
902 3260 1067 3329 ἦγουν
1096 3258 1381 3319 αύθεντίας
1406 3256 1587 3319 αὑτοῖς
1608 3255 1783 3324 ὑπάρ-

195 3352 288 3416 ξαι
339 3351 544 3420 φαμὲν,
601 3349 664 3402 τὸ
715 3350 795 3411 είς
856 3348 1142 3418 ἄνθρωπον
1197 3346 1291 3398 ἕνα
1330 3341 1782 3410 καταλογίζεσθαι

191 3442 323 3506 τοὺς
355 3442 472 3506 δύο,
502 3443 596 3496 καὶ
622 3443 784 3513 ἀρκεῖ
808 3440 969 3494 τοῦτο
995 3439 1133 3510 πρὸς
1160 3439 1373 3501 ἕνωσιν,
1402 3436 1500 3507 τὴν
1524 3435 1601 3499 ὡς
1629 3436 1685 3489 ἐν
1716 3450 1780 3502 γε

192 3536 316 3598 ταῖς
345 3533 680 3587 ὑποστάσεσι
708 3531 884 3599 λέγω;
911 3525 1048 3584 Εἶτα
1076 3528 1193 3591 πῶς
1215 3529 1316 3581 οὑκ
1347 3526 1553 3597 ἠλίθιον
1581 3526 1777 3598 κομιδῇ

192 3626 258 3680 τὸ
310 3619 417 3679 ὧδε
469 3626 707 3696 φρονεῖν,
758 3623 917 3677 νοοῖτ’
954 3620 1022 3675 ἂν
1067 3621 1326 3686 είκότως;
1378 3621 1443 3674 Τί
1489 3620 1780 3690 τοιγαροῦν

193 3716 520 3786 ὑποπλάττη
569 3714 667 3784 μὲν
699 3709 841 3769 εἶναι
880 3713 977 3783 τὴν
1021 3713 1204 3766 πίστιν
1234 3711 1416 3782 ὀρθὸς,
1462 3710 1560 3767 ενα
1605 3709 1781 3779 λέγων

193 3807 439 3881 Χριστὸν
498 3807 704 3878 Ἰησοῦν
752 3806 990 3876 Κύριονσ
1048 3801 1166 3858 εἶτα
1214 3804 1518 3874 διατέμνων
1569 3804 1648 3866 είς
1688 3801 1782 3854 δύο

194 3898 470 3972 πρόσωπά
503 3915 563 3952 τε
611 3897 707 3954 καὶ
753 3896 1078 3959 ὑποστάσεις
1122 3896 1214 3949 τὸν
1256 3894 1373 3958 ἕνα,
1411 3892 1507 3948 καὶ
1548 3893 1641 3946 τὸν
1681 3893 1781 3963 μὲν

190 3994 297 4065 τῆς
322 3990 561 4062 alueo-3;
593 3990 838 4053 ὲνώσεως
870 3988 1157 4058 ἀτιμάζεις
1188 3988 1411 4055 τρόπον,
1440 3985 1507 4039 δι’
1546 3979 1615 4056 ἦς
1647 3984 1782 4057 άλη-

192 4086 307 4147 θῶς
351 4078 437 4146 εἷς
470 4099 534 4134 τε
566 4082 661 4135 καὶ
705 4081 865 4150 μόνος
898 4080 965 4133 ἂν
990 4081 1077 4150 εἴη
1116 4081 1144 4133 ό
1177 4077 1414 4148 Χριστός
1438 4095 1453 4110 υ
1489 4077 1782 4146 συνάφειαν

189 4177 249 4231 ἃ
284 4175 508 4246 ἀληθῶς
543 4175 829 4244 ὀνομάζεις
870 4174 972 4244 τὴν
1007 4172 1314 4243 ίσοτιμίανς
1364 4173 1523 4233 Ποῖος
1551 4170 1661 4241 γάρ
1693 4164 1776 4224 οὗ·

188 4270 287 4332 τός
312 4270 431 4322 ἔστι
464 4268 759 4336 συναφείας
790 4267 1024 4337 τρόπος;
1065 4267 1136 4318 Ἦ
1180 4265 1282 4317 οὑκ
1325 4258 1479 4316 οἶσθα
1519 4262 1599 4315 ὅτι
1626 4260 1781 4331 φίλον

189 4379 318 4423 πως
362 4361 455 4413 ἀεὶ
503 4361 617 4420 τοῖς
649 4358 789 4411 κατά
834 4358 982 4411 τόνδε
1017 4356 1107 4409 τὸν
1137 4356 1269 4426 βίον,
1314 4355 1373 4407 τὺ
1415 4356 1473 4407 ὲν
1512 4353 1785 4417 εὑκλείαις

1897 515 2220 573 confusione
2271 528 2367 573 aut
2418 518 2800 575 commistione
2843 517 3005 583 facta,
3042 533 3166 572 cum
3220 519 3468 575 doctores

1889 606 2147 663 Ecclesiae
2175 624 2281 664 non
2308 610 2456 666 hunc
2479 610 2695 665 modum
2726 609 2886 665 nobis
2906 609 3251 665 tradiderint.
3273 610 3468 666 Veram

1890 713 2132 775 namque
2153 700 2596 770 coniunctionem
2621 700 2821 755 factam
2857 700 3114 767 dicimus,
3141 700 3216 754 ita
3243 706 3305 753 ut
3336 698 3466 753 Ver-

1888 791 2019 845 bum
2056 789 2163 847 sibi
2201 791 2424 860 quidem
2460 804 2657 860 corpus
2688 790 2893 855 uniret,
2935 789 3033 844 sed
3078 789 3134 844 id
3164 788 3307 857 quod
3350 797 3467 842 erat

1892 891 2283 950 permaneret:
2334 882 2423 937 hic
2469 896 2600 936 vero
2645 880 2756 952 34
2799 881 2935 935 nihil
2980 880 3249 951 ejusmodi
3287 879 3459 934 conci.~

1888 971 2045 1039 piens
2078 972 2280 1035 animo,
2309 986 2416 1025 non
2455 972 2715 1026 mediocri
2740 971 3033 1041 impietatis
3064 971 3291 1027 crimine
3320 964 3486 1024 labo-’

1888 1070 1996 1123 rat,
2043 1075 2163 1114 cum
2227 1059 2281 1114 in
2339 1060 2474 1115 duas
2536 1074 2799 1130 personas
2854 1070 2911 1118 et
2953 1060 3089 1116 duas
3147 1062 3469 1132 hypostases

1888 1151 2110 1211 omnino
2135 1152 2276 1206 inter
2295 1166 2356 1205 se
2382 1151 2626 1207 diversas
2654 1152 2984 1221 abjunxerit,
3005 1154 3076 1206 ita
3103 1161 3165 1207 ut
3184 1168 3466 1209 sermones

1887 1244 2087 1313 cuique
2131 1244 2525 1299 convenientes
2574 1245 2796 1313 utrique
2824 1259 3069 1314 personae
3110 1247 3329 1316 proprie
3368 1247 3468 1299 tri-

1888 1335 2123 1390 bueret:
2159 1346 2216 1390 et
2259 1352 2450 1391 rursus
2477 1352 2645 1390 unum
2667 1336 2800 1392 dicit
2835 1336 3114 1393 Christum
3140 1335 3325 1393 Jesum
3364 1336 3467 1391 Do-

1889 1426 2122 1491 minum,
2154 1437 2410 1498 tanquam
2444 1428 2559 1483 sola
2592 1428 2873 1500 dignitatis
2907 1431 3139 1498 ratione,
3178 1443 3286 1484 non
3336 1445 3464 1483 vera

1887 1517 2110 1581 unione,
2143 1519 2245 1572 hoc
2266 1528 2369 1582 est,
2397 1533 2503 1572 non
2536 1520 2834 1575 secundum
2859 1530 3131 1584 naturam,
3157 1519 3323 1575 homo
3341 1535 3463 1580 cum

1887 1606 2002 1662 Deo
2046 1609 2370 1677 coniunctus
2405 1613 2775 1678 sit.Quonam
2814 1613 2979 1683 igitur
3027 1613 3189 1669 modo
3213 1627 3354 1668 unus
3381 1623 3464 1666 est

1890 1698 2171 1766 Christus,
2219 1712 2274 1756 et
2307 1702 2475 1758 Filius
2513 1704 2797 1770 Dominus,
2830 1704 3101 1775 siquidem
3142 1713 3204 1759 ut
3238 1704 3462 1766 asseris.

1888 1792 2108 1861 utrique
2125 1794 2356 1849 seorsim
2388 1797 2647 1852 convenit
2668 1812 2774 1851 non
2796 1798 2956 1852 modo
2974 1806 3032 1850 ut
3050 1795 3462 1867 sicappelletur,

1887 1898 2077 1940 verum
2105 1886 2269 1943 etiam
2300 1897 2358 1941 ut
2381 1889 2452 1943 sit
2481 1903 2629 1956 vere,
2655 1904 2781 1945 cum
2812 1889 2917 1944 isto
2950 1889 3110 1944 modo
3135 1872 3228 1942 ﬁat
3256 1894 3315 1941 ut
3337 1888 3467 1941 sub-

1889 1980 2106 2036 stantia:
2146 1982 2371 2038 minime
2416 1982 2561 2038 inter
2611 1998 2670 2038 se
2711 1983 3006 2039 secundum
3044 1982 3298 2038 unionem
3334 1996 3467 2035 cou-

1887 2066 2165 2131 venerint,
2197 2068 2291 2124 sed
2342 2070 2516 2124 solum
2563 2071 2860 2126 secundum
2900 2071 3213 2140 dignitatem
3244 2069 3330 2125 vel
3374 2085 3467 2124 au-

1887 2156 2219 2227 ctoritatem,
2255 2160 2339 2214 vel
2374 2170 2698 2231 potestatem
2738 2163 2901 2217 unitas
2925 2162 3257 2232 sint?Atqni
3288 2162 3332 2217 si
3370 2178 3465 2215 na.

1889 2256 2039 2304 turas
2057 2265 2238 2305 rerum
2269 2254 2715 2324 pervestigemus,
2737 2256 3039 2310 videbimus
3053 2271 3172 2325 qua:
3196 2256 3311 2323 pari
3340 2264 3465 2308 sunt

1887 2340 2170 2410 dignitate,
2205 2358 2309 2397 non
2345 2358 2410 2398 ea
2454 2345 2523 2399 de
2573 2360 2736 2400 causa
2784 2346 2837 2399 id
2871 2346 3123 2399 amittere
3168 2360 3236 2399 ne
3279 2346 3463 2399 minus

1895 2431 2010 2502 ipsa
2051 2435 2275 2504 pr0prie
2326 2437 2692 2506 privatimque
2737 2438 3058 2502 consistant,
3105 2450 3278 2508 neque
3321 2438 3465 2505 quod

1890 2523 2012 2591 pari
2042 2523 2153 2577 sint
2182 2525 2353 2594 gloria
2384 2527 2435 2580 id
2467 2527 2534 2582 ad
2556 2528 2808 2582 unionem
2834 2528 3168 2584 efﬁciendam
3197 2527 3462 2584 sumsere.

1891 2612 2050 2668 Verbi
2096 2617 2291 2683 gratia,
2342 2615 2551 2672 Petrus-
2576 2628 2629 2672 et
2674 2617 2914 2675 Joannes
2947 2619 3107 2674 ambo
3138 2626 3193 2673 et
3231 2618 3462 2688 apostoli

1886 2715 1940 2759 et
1983 2709 2155 2761 sancti
2193 2709 2291 2762 viri
2344 2717 2526 2777 erant,
2561 2720 2615 2765 et
2644 2711 2759 2780 pari
2792 2712 2997 2766 honore
3038 2725 3102 2765 ac
3138 2713 3339 2766 virtute
3370 2726 3466 2781 per

1888 2795 2151 2864 Spiritum
2197 2808 2441 2853 sanctum
2509 2802 2577 2856 ab
2622 2802 2865 2856 omnium
2912 2802 3195 2857 Salvatore
3243 2802 3465 2856 Christo

1887 2887 2127 2944 decorati
2167 2907 2181 2944 :
2219 2892 2379 2946 simul
2410 2894 2554 2947 enim
2591 2908 2712 2947 cum
2760 2895 2975 2949 caeteris
3008 2894 3111 2948 sibi
3143 2894 3343 2949 dictum
3369 2910 3465 2947 au-

1887 2977 2143 3033 dierant:
2183 2998 2201 3032 ι
2235 2982 2341 3037 Vos
2372 2983 2504 3037 estis
2536 2983 2624 3038 lux
2659 2985 2845 3040 mundi
2879 3005 2897 3039 ι
2935 2985 3098 3055 hujus
3124 2985 3211 3040 "z
3249 2995 3303 3039 et
3350 2999 3465 3039 rur-

1887 3083 2041 3127 sum:
2071 3087 2091 3123 ι
2126 3070 2375 3127 lnﬁrmos
2398 3084 2609 3142 curate,
2635 3086 2880 3132 mortuos
2908 3078 3190 3146 suscitate,
3220 3077 3465 3148 leprosos

1892 3160 2169 3226 mundate,
2221 3162 2487 3220 daemonia
2532 3164 2716 3234 ejicite
2758 3168 2826 3227 “.
2873 3187 2893 3221 ι
2944 3169 3081 3226 Nunt
3116 3187 3245 3244 ergo
3287 3188 3352 3227 ex
3400 3188 3465 3226 eo

1890 3250 2035 3318 quod
2092 3252 2209 3322 pari
2256 3264 2413 3309 erant
2467 3255 2733 3326 dignitate
2789 3259 2875 3316 vel
2928 3263 3280 3330 auctoritate,
3330 3263 3463 3317 illud

1886 3339 2051 3394 etiam
2078 3356 2174 3397 eos
2206 3345 2460 3401 habuisse
2493 3362 2828 3416 asseremus,
2851 3361 2910 3406 ut
2941 3368 3063 3408 cum
3119 3356 3224 3409 duo
3254 3361 3463 3417 essent,

1888 3445 2029 3485 unus
2076 3433 2239 3490 homo
2284 3441 2643 3495 censeretur?
2686 3442 2851 3512 idque
2900 3443 2967 3498 ad
3014 3444 3269 3501 unionem
3313 3456 3464 3501 certe

1884 3522 2247 3593 bypostaseon
2283 3541 2406 3583 esse
2447 3531 2627 3586 satis?
2663 3531 2829 3603 Atqui
2868 3549 3045 3590 nonne
3079 3535 3462 3591 stultissimum

1886 3618 2219 3673 censendum
2259 3621 2331 3677 sit
2369 3622 2441 3677 ita
2467 3625 2719 3681 sentire?
2740 3627 2851 3681 Cur
2878 3642 3008 3697 ergo
3043 3636 3095 3683 te
3126 3626 3352 3683 simulas
3377 3643 3463 3683 re-

1888 3715 2033 3762 ctam
2063 3708 2223 3763 ﬁdem
2264 3719 2473 3777 tenere,
2499 3730 2621 3769 cum
2647 3715 2923 3771 Christum
2951 3716 3133 3772 Jesum
3174 3717 3461 3774 Dominum

1885 3800 2023 3855 dicis
2046 3802 2265 3869 quidem
2297 3818 2485 3870 unum,
2516 3808 2612 3860 sed
2642 3807 2785 3862 hunc
2816 3823 2984 3862 unum
3026 3808 3078 3862 in
3107 3808 3241 3865 duas
3282 3825 3466 3880 pet-50v

1885 3905 1985 3947 nas
2032 3903 2089 3946 et
2140 3892 2461 3963 hypostases
2504 3895 2739 3952 dividis?
2775 3907 2831 3952 et
2872 3913 3014 3953 vera:
3062 3898 3208 3955 illius
3247 3900 3464 3955 unionis

1887 3984 2130 4050 modum,
2176 3999 2275 4054 per
2319 4000 2478 4055 quem
2506 4002 2634 4042 vere
2663 4003 2804 4043 unus
2848 4003 2912 4043 ac
2942 3989 3088 4046 solus
3129 4005 3249 4047 esse
3279 4000 3460 4059 potest

1887 4075 2159 4141 Christus,
2184 4077 2479 4147 improbas,
2502 4078 2645 4134 illam
2679 4094 2810 4135 vero
2845 4081 3068 4138 honoris
3094 4084 3456 4154 aequalitatem

1885 4182 2016 4224 vere
2064 4169 2500 4238 conjunctionem
2551 4173 2828 4242 appellas?
2867 4175 3053 4241 Qualis
3087 4178 3230 4232 enim
3273 4180 3319 4233 is
3376 4187 3459 4234 est

1890 4260 2296 4330 conjunctionis
2343 4262 2579 4318 modus?
2603 4264 2685 4318 An
2722 4265 2939 4334 ignoras
2971 4282 3169 4336 cupere
3211 4269 3459 4325 homines

1887 4351 1977 4420 qui
2004 4351 2058 4406 in
2090 4351 2194 4406 hoc
2223 4352 2422 4407 saeculo
2451 4364 2759 4419 versantur,
2786 4357 3058 4412 mundana
3081 4360 3239 4426 potiri
3264 4362 3457 4430 gloria,

187 4448 340 4505 εἶναι
374 4451 688 4520 κοσμικαῖς,
724 4448 777 4501 οἳ
805 4448 901 4510 τὰς
932 4447 1082 4516 παρά
1116 4446 1224 4499 τῶν
1251 4444 1595 4516 κρατούντων
1629 4444 1780 4497 πλου-

1890 4457 2094 4511 eosque
2130 4459 2156 4496 a
2184 4443 2519 4514 principibus
2544 4447 2779 4502 honores
2814 4450 3070 4517 consequi
3091 4449 3117 4504 ?
3136 4450 3241 4504 Sed
3269 4468 3457 4519 qualn-

189 4543 353 4597 τοῦσι
396 4542 595 4611 τιμάς;
640 4540 785 4593 Ἀλλ’
830 4541 888 4593 ὲν
929 4542 1063 4602 [σοις
1096 4538 1247 4600 ὄντες
1291 4537 1617 4608 ἀξιώμασιν,
1668 4535 1782 4589 ἐσθ’

191 4638 313 4703 ὅτε,
352 4636 701 4705 διεστήκασιν
736 4632 984 4704 ἀλλήλων
1024 4632 1254 4702 ὑπάρξει
1298 4649 1358 4684 τε
1398 4634 1463 4703 τῇ
1493 4630 1615 4683 καθ’
1659 4628 1781 4695 ἕνα,

186 4726 379 4795 φημὶ,
428 4724 525 4776 καὶ
570 4723 752 4797 μέντοι
793 4722 853 4775 τὸ
904 4722 1013 4794 [lca
1063 4720 1164 4793 τῷ]
1198 4721 1481 4792 βούλεσθαι
1527 4722 1594 4774 τὰ
1643 4721 1780 4773 αὑτά

184 4818 418 4886 φρονεῖν
445 4831 507 4867 τε
534 4815 627 4867 καὶ
653 4814 787 4884 δρᾷν
807 4830 821 4843 ³
855 4810 969 4866 ἀλλ’
991 4814 1148 4883 εἴπερ
1176 4808 1243 4884 ἦν
1273 4831 1356 4876 τις
1387 4813 1581 4883 δεσμὸς
1614 4813 1782 4880 ἀναγ-

188 4911 353 4970 καῖος
400 4907 481 4968 εἰς
533 4906 761 4973 ἑνότητα
820 4905 1093 4973 συλλέγων
1133 4905 1331 4969 αὐτοὺς
1382 4906 1480 4976 τῆς
1538 4904 1693 4973 ἀξίας
1744 4907 1772 4958 ό

181 4999 417 5070 τρόπος,
450 4995 705 5067 καθάπερ
748 4996 936 5065 ἀμέλει
976 4998 1069 5050 καὶ
1102 4995 1373 5067 σύμϐασις
1422 4984 1647 5068 φυσικὴ,
1678 4998 1776 5050 οὑκ

182 5093 256 5144 ἂν
305 5091 364 5141 ἐν
418 5089 621 5160 ἰσότητι
654 5104 860 5160 γερων,
907 5091 1025 5161 ἦτοι
1072 5092 1172 5159 τῆς
1218 5089 1375 5156 ἀξίας
1418 5091 1774 5160 ὑπάρχοντες,

182 5178 528 5234 ὑποστάσεσι
546 5197 604 5232 τε
627 5180 721 5232 καὶ
740 5179 957 5251 γνώμῃ,
982 5182 1061 5244 είς
1088 5180 1150 5233 τὸ
1172 5182 1355 5252 ἔτερος
1380 5176 1517 5234 εἶναι
1542 5181 1637 5235 καὶ
1662 5182 1777 5234 ἓτε-

142 5310 149 5315 ι
186 5290 288 5344 ρος
335 5271 520 5334 ίδικῶς
560 5270 804 5342 ἀλλήλων
849 5271 1296 5342 ἁπενοσφίζοντο.
1342 5270 1452 5326 Ποῦ
1482 5271 1773 5343 τοιγαροῦν

178 5368 286 5438 τὴν
336 5364 433 5436 σὴν
474 5363 771 5434 συνάφειαν
814 5363 1083 5435 ϐήσομεν;
1115 5364 1159 5415 Τ
1167 5363 1182 5415 ί
1228 5363 1283 5416 δὲ
1317 5363 1411 5415 καὶ
1441 5363 1635 5432 δρᾶσαι
1684 5361 1773 5415 λο-

179 5457 494 5528 γισόμεθα;
541 5457 978 5526 Ὀμογνωμονεϊν
1027 5456 1137 5528 ἄρα
1175 5455 1435 5509 πέπεικεν
1478 5455 1703 5521 αὑτοὺς,
1738 5454 1771 5526 ἦ

178 5549 467 5620 συμϐῆναι
501 5548 919 5621 παρεσκεύασεν
953 5548 1033 5612 είς
1067 5546 1294 5619 ἑνότητα
1346 5547 1615 5619 μυστικήν
1651 5544 1765 5617 [10³.

260 5733 519 5791 "Matth.
551 5748 606 5799 ν,
640 5733 727 5788 14.
802 5734 848 5765 ³⁸
876 5732 1066 5787 Matth.
1104 5748 1157 5799 ι,
1186 5732 1239 5786 8.

1887 4535 1968 4588 vis
2005 4549 2393 4604 nonnunquam
2434 4538 2695 4606 aequalem
2746 4538 2981 4595 habeant
3027 4542 3308 4611 dignitatis
3333 4559 3461 4613 gra-

1883 4628 2035 4691 dum,
2081 4638 2261 4684 tamen
2313 4630 2545 4686 invicem
2585 4633 2790 4688 distant
2833 4642 2945 4687 tum
2984 4636 3243 4705 singulari
3284 4638 3463 4692 subsi—

1883 4721 2102 4785 stentia,
2146 4730 2257 4776 tntn
2291 4738 2421 4778 vero
2448 4724 2500 4778 in
2537 4739 2602 4780 co
2630 4727 2772 4795 quod
2802 4742 2906 4781 non
2936 4729 3123 4781 eadem
3158 4742 3346 4796 sapere
3371 4739 3458 4782 at-

1883 4825 1990 4879 que
2033 4812 2292 4880 perﬁcere
2322 4813 2472 4868 libet.
2508 4816 2667 4883 Atqui
2703 4816 2748 4870 si
2790 4817 3070 4886 dignitatis
3103 4818 3239 4871 ratio
3268 4819 3455 4872 vincu-

1884 4904 1992 4959 lum
2034 4916 2176 4961 esset
2211 4906 2576 4961 necessarium
2610 4923 2716 4977 quo
2742 4910 2794 4962 in
2837 4908 3097 4963 unitatem
3130 4908 3457 4980 colligeren-

1887 5012 1994 5064 tur,
2037 5009 2095 5052 ut
2129 5010 2211 5054 est
2251 4998 2435 5068 procul
2469 4998 2631 5054 dubio
2673 4999 2759 5053 illa
2805 4999 3118 5069 conjunctio
3165 5002 3453 5066 naturalis,

1886 5106 2161 5161 nunquam
2198 5090 2251 5144 in
2285 5091 2550 5144 honorum
2582 5091 2669 5146 vel
2698 5091 2978 5162 dignitatis
3015 5092 3323 5163 aequalitate
3361 5110 3456 5163 po-

1882 5183 1992 5248 siti,
2043 5183 2320 5253 hypostasi
2352 5192 2515 5253 atque
2547 5183 2709 5238 etiam
2736 5183 3001 5238 sententia
3029 5184 3280 5252 privatim
3317 5184 3460 5237 inter
3540 5182 3545 5187 ’

1883 5290 1942 5330 se
1966 5276 2392 5344 sejungerentur,
2421 5273 2529 5345 35
2562 5284 2622 5329 ut
2667 5276 2805 5330 alter
2843 5275 2933 5331 hic
2976 5285 3142 5339 esset,
3174 5274 3263 5329 ille
3296 5274 3452 5330 alter.

1882 5364 1999 5432 Quo
2056 5365 2221 5434 igitur
2272 5364 2390 5420 loco
2447 5374 2594 5419 tuam
2651 5366 3092 5436 conjunctionem
3154 5366 3459 5436 ponemus?

1881 5454 2082 5525 quidve
2129 5452 2346 5511 eﬂicere
2388 5456 2728 5527 putabimnr?
2768 5456 3155 5513 Consentirene
3195 5456 3358 5527 igitur
3389 5452 3458 5507 ‘il-

1882 5545 1948 5603 iis
1999 5546 2295 5617 persuasit.
2328 5557 2423 5603 aut
2478 5547 2606 5604 fecit
2656 5548 2815 5618 ut.in
2867 5546 3151 5618 mysticam
3195 5544 3456 5601 unitatem
