4166 6462
685 305 754 359 67

1708 304 1766 360 S.
1807 303 2086 363 CYRILLI
2125 303 2592 362 ALEXANDRINI
2633 303 2954 362 ARCHIEP.

3882 309 3955 364 68

683 417 1088 474 convenirent?
1117 419 1250 490 {Sed
1281 417 1462 475 dicere
1488 418 1541 474 id
1578 434 1682 475 non
1726 423 1949 492 poteris.
1982 421 2116 477 Nam
2150 424 2251 477 hac

2379 420 2656 494 ›υσικήν];
2692 420 2832 473 Ἀλλ’
2857 420 2958 472 οὑκ
2990 418 3056 472 ἂν
3091 416 3234 488 ἔχοις
3273 417 3465 471 εἰπεῖν·
3501 415 3800 486 Ἐκδέδειχε
3840 418 3954 488 γὰρ

691 508 903 564 ratione
954 511 1383 565 demonstratum
1414 519 1520 576 est,
1553 511 1697 565 illam
1721 526 1843 567 esse
1875 513 1928 567 in
1977 524 2263 584 utramque

684 608 897 664 partem
931 602 1225 656 admodum
1259 601 1556 656 inﬁrmam.
1600 602 1731 657 Illud
1762 617 1979 675 quoque
2014 605 2144 658 mihi
2175 620 2264 659 ex-

693 687 862 755 plices
907 690 1096 756 velim,
1143 707 1267 745 nam
1313 707 1504 760 rogare
1543 696 1852 748 necessario
1897 709 2082 764 c0gor,
2133 694 2261 763 quid

694 781 808 845 ipsa
839 779 1079 850 dignitas
1102 782 1304 848 juverit
1332 783 1627 847 hominem,
1655 792 1712 836 ut
1744 785 1858 853 ipse
1903 784 2107 848 dixisti,
2140 799 2260 837 cum

687 869 797 924 Deo
837 869 1014 926 Verbo
1039 871 1409 936 coniunctum,
1435 881 1490 925 et
1521 886 1586 924 ex
1618 871 1843 926 muliere
1879 874 2098 926 natum?
2125 872 2259 925 Num

690 974 818 1014 vero
847 976 1031 1030 parem
1065 962 1233 1031 gloria
1263 970 1317 1015 et
1345 962 1668 1015 excellentia
1701 963 1957 1026 reddidit,
1992 972 2046 1014 et
2083 972 2264 1016 tantus

688 1061 747 1104 ut
781 1062 925 1106 esset
969 1051 1181 1116 eﬂ’ecit,
1224 1062 1486 1120 quantum
1535 1061 1591 1105 et
1648 1052 1821 1120 ipsum
1857 1067 1977 1106 esse
2029 1052 2262 1106 Verbum

687 1142 946 1196 credibile
969 1142 1099 1196 est?
1129 1142 1233 1195 Sed
1254 1142 1525 1210 quomodo
1554 1157 1661 1196 non
1687 1143 1776 1196 ille
1803 1146 2114 1207 mentietur,
2140 1158 2262 1195 cum

689 1233 864 1288 dicit:
918 1250 938 1284 ι
976 1232 1218 1288 Gloriam
1255 1249 1429 1288 meam
1483 1233 1640 1286 alteri
1672 1249 1774 1287 non
1818 1235 1958 1288 dabo
1985 1235 2072 1287 "?
2105 1253 2123 1286 ι
2157 1235 2266 1287 l‘ru-

688 1335 803 1378 stra
843 1323 1007 1379 etiam
1059 1334 1291 1393 nugatus
1317 1324 1422 1377 erit
1459 1324 1547 1378 ille
1582 1325 1797 1377 divinus
1828 1324 2130 1378 carminum
2166 1341 2263 1378 au-

689 1425 828 1480 ctor,
887 1415 964 1470 sic
1017 1413 1186 1469 ferme
1218 1415 1434 1469 dicens:
1473 1433 1490 1464 ι
1524 1413 1659 1479 Quis
1693 1415 1906 1468 tandem
1943 1416 1994 1468 in
2033 1416 2267 1470 nubibus

688 1505 997 1574 aequabitur
1025 1504 1293 1559 Domino?
1321 1514 1412 1557 aut
1453 1504 1576 1573 quis
1608 1503 1802 1558 similis
1839 1505 1942 1558 erit
1982 1505 2091 1559 Deo
2128 1506 2179 1558 in
2214 1505 2269 1558 ﬁ-

692 1595 780 1650 liis
805 1596 894 1650 Dei
924 1595 1010 1650 “?
1047 1613 1065 1646 ι
1102 1597 1184 1650 An
1216 1609 1343 1648 vero
1391 1595 1434 1648 is
1474 1610 1580 1649 non
1624 1597 1730 1649 erit
1754 1595 1894 1650 alius
1927 1597 1993 1649 ab
2028 1596 2119 1651 illo
2157 1611 2266 1650 uno

691 1696 748 1741 et
787 1687 1084 1741 secundum
1122 1693 1369 1738 naturam
1404 1685 1499 1740 Dei
1548 1685 1729 1740 Patris
1763 1685 1963 1749 Verbo,
2010 1687 2100 1754 qui
2153 1703 2272 1755 pro-

2361 512 2390 563 ό
2419 511 2576 579 λόγος
2625 509 2760 581 πρὸς
2795 509 2963 580 ἄμφω
2994 508 3176 574 ταυτὶ,
3207 505 3342 559 πολὺ
3373 504 3634 560 νοσοῦσαν
3673 504 3736 557 τὸ
3781 504 3955 573 ἀδρα-

2363 602 2470 665 νές.
2497 601 2674 672 Φράζε
2701 599 2759 652 δέ
2792 615 2884 669 μοι
2914 600 3156 652 κάκεῖνο⁹
3185 597 3602 669 προσερήσομαι
3634 594 3745 667 γάρ
3775 597 3951 664 ἀναγο

2363 692 2564 757 καίως,
2618 690 2671 743 τί
2700 690 2762 744 τὸ
2792 689 2892 759 τῆς
2931 689 3090 756 ἀξίας
3134 688 3311 759 ὢνησε
3354 689 3543 759 χρῆμα
3595 686 3709 752 τὸν,
3761 685 3957 755 ὥσπερ

2364 783 2499 852 ἔφης
2523 782 2707 847 αὐτὸς,
2737 780 2815 850 τῷ
2842 779 2960 850 Θεῷ
2984 780 3142 850 Λόγῳ
3170 780 3511 850 συνημμένον
3539 777 3829 848 ἄνθρωπον
3856 777 3954 829 xui

2363 875 2429 926 tx
2478 872 2771 941 γυναικός;
2804 867 2955 943 ’Λρα
2990 872 3098 941 γὰρ
3132 872 3246 924 ῐσον
3279 869 3562 940 ἀπέφηνεν
3595 870 3653 921 tv
3684 869 3811 939 δόξῃ
3855 867 3954 921 xui

2365 963 2630 1032 ὑπεροχῇ,
2672 963 2767 1014 xui
2797 960 3050 1013 τοσοῦτον
3080 956 3218 1014 εἶναι
3251 958 3685 1030 παρεσκεύασεν,
3721 960 3846 1020 ὅσος
3884 958 3955 1011 ἂν

2363 1049 2505 1107 εἷναι
2534 1052 2841 1106 πιστεύοιτο
2868 1053 2961 1105 καὶ
2989 1051 3185 1115 αὑτόςς
3213 1046 3346 1103 Εῐτα
3374 1050 3491 1113 πῶς
3515 1050 3575 1102 οὑ
3601 1047 3954 1118 διαψεύσιται

2363 1143 2557 1212 λέγων,
2593 1162 2612 1194 ι
2641 1142 2750 1213 Τὴν
2776 1143 2934 1208 δόξαν
2970 1159 3071 1212 μου
3117 1143 3288 1212 ἑτέρῳ
3326 1141 3388 1194 ού
3423 1139 3615 1204 δώσω;
3646 1158 3665 1190 ι
3705 1138 3954 1207 πεφλυά-

2369 1250 2502 1304 ρηκε
2534 1233 2588 1286 δὲ
2625 1234 2799 1302 μάτην
2827 1234 2922 1285 xui
2953 1232 3115 1295 αὐτὸς
3147 1233 3277 1301 ἡμῖν
3300 1232 3328 1283 ὁ
3363 1231 3650 1293 θεσπέσιος
3688 1229 3950 1300 μελῳδὸς,

2366 1323 2461 1376 ὼδί
2496 1340 2598 1375 που
2636 1323 2833 1391 λέγων,
2872 1325 2954 1377 ὅτι
2998 1341 3016 1374 ι
3048 1323 3144 1384 Τίς
3189 1326 3245 1374 tv
3294 1321 3547 1390 νεφέλαις
3621 1319 3954 1390 ίσωθήσεται

2366 1413 2442 1485 τῷ
2485 1415 2709 1484 Κυρίῳ;
2752 1415 2784 1484 ἢ
2821 1415 2904 1476 τίς
2946 1413 3347 1483 ὁμοιωθήσεται
3388 1410 3466 1482 τῷ
3501 1409 3694 1482 Κυρίῳ
3725 1411 3786 1462 tv
3817 1411 3955 1471 υῑοζς

2366 1504 2532 1570 Θεοῦ;
2559 1525 2576 1557 ι
2619 1507 2691 1558 Ἢ
2725 1506 2823 1574 οὑχ
2857 1505 3042 1575 ἕτερος
3084 1504 3234 1574 παρὰ
3266 1505 3358 1556 τὸν
3387 1503 3484 1556 ἕνα
3514 1504 3608 1555 xui
3642 1501 3824 1569 φύσει,
3857 1501 3957 1554 xui

2369 1598 2433 1650 tx
2465 1596 2600 1649 Θεοῦ
2643 1597 2857 1667 Πατρὸς
2894 1597 3086 1664 Λόγον,
3114 1597 3141 1648 ό
3171 1596 3293 1648 κατ’
3335 1594 3470 1648 ίδίαν
3522 1593 3822 1646 ὑπόστασιν
3855 1593 3957 1663 τῆς

2369 1689 2505 1759 πρὸς
2550 1687 2712 1741 αὑτὸν
2751 1688 3002 1757 ένότητος
3048 1687 3265 1756 ἀληθῶς
3299 1685 3796 1755 διεσχοινισμένος;
3833 1679 3957 1736 εἷτα

694 1778 824 1846 priae
875 1778 1185 1847 hypostasis
1229 1778 1441 1832 ratione
1493 1792 1622 1832 vere
1671 1777 1744 1831 sit
1783 1777 1850 1830 ab
1886 1776 2007 1845 ejus
2063 1779 2271 1831 unitate

2379 1781 2490 1843 πῶς
2515 1781 2612 1848 οὐχ
2639 1779 2845 1831 ἅπασιν
2875 1779 3134 1850 ὲναργές;
3169 1777 3282 1830 ἀλλ’
3307 1779 3408 1830 οὑκ
3439 1777 3554 1828 ἴσον
3588 1774 3685 1844 μὲν
3725 1775 3805 1842 τῷ
3833 1773 3958 1845 Θεῷ

692 1859 1034 1938 disjuttctits?
1057 1869 1274 1922 cuinam
1296 1883 1423 1924 vero
1452 1868 1506 1924 id
1537 1883 1644 1923 non
1671 1869 1744 1923 sit
1764 1869 2269 1923 evidentissimum?

694 1960 798 2014 Sed
821 1957 1171 2027 coniunctum
1204 1974 1338 2015 sane
1369 1960 1540 2029 ipsum
1579 1960 1722 2012 haud
1753 1960 1961 2029 mqttale
1994 1952 2102 2014 Deo
2140 1958 2270 2013 Ver-

692 2048 1032 2118 bodignitas
1065 2048 1211 2113 fecit,
1236 2049 1379 2117 quod
1408 2048 1631 2103 inferius
1661 2049 1753 2102 illo
1779 2064 1898 2103 esse
1928 2051 2267 2120 perspicuum

690 2149 810 2206 est;
835 2137 1284 2207 quomodoigitur
1315 2154 1479 2191 unum
1518 2140 1718 2193 asseris
1749 2139 2050 2206 Christum,
2085 2151 2139 2196 et
2178 2140 2270 2193 Fi-

697 2230 848 2296 lium,
884 2238 939 2284 et
982 2228 1289 2295 Dominum,
1323 2231 1576 2298 quamvis
1609 2245 1770 2294 unus,
1801 2231 1944 2300 quod
1979 2231 2270 2284 sententia-

695 2336 813 2373 rum
849 2320 954 2373 vim
992 2321 1206 2386 attinet,
1239 2322 1312 2374 sit
1342 2323 1715 2389 praestantior,
1753 2322 1892 2375 alter
1929 2322 2175 2383 inferior,
2218 2331 2272 2375 et

693 2412 814 2479 ejus
843 2410 1122 2480 majestate
1154 2422 1208 2465 et
1251 2411 1420 2479 gloria
1457 2411 1679 2465 minor?
1719 2410 2008 2476 Praeterea,
2045 2420 2099 2464 ut
2144 2411 2273 2465 illud

695 2514 912 2570 quoque
959 2501 1044 2554 his
1097 2515 1216 2568 qua:
1251 2499 1491 2553 diximus
1545 2500 1859 2569 adjuogam,
1916 2502 2159 2565 donavit,
2216 2512 2274 2555 ut

699 2591 812 2657 ipse
840 2589 1139 2652 existimat,
1176 2589 1304 2642 illud
1333 2603 1399 2642 ex
1443 2588 1552 2642 Deo
1582 2589 1744 2642 Patre
1785 2590 2021 2644 Verbum
2054 2591 2125 2644 illi
2161 2608 2274 2644 mu-

698 2678 847 2732 lieris
880 2678 992 2732 11110
1032 2693 1188 2733 Suam
1230 2679 1400 2747 ipsius
1432 2679 1775 2749 dignitatem.
1810 2680 1914 2735 Sed
1960 2681 2060 2734 hoc
2097 2683 2270 2750 ipsum

697 2784 928 2839 quonam
967 2771 1209 2823 sitmndo
1242 2781 1475 2838 gestum,
1509 2771 1806 2839 exquirere
1833 2782 1916 2826 est
1939 2788 2117 2840 operae
2147 2789 2270 2842 pre-
2296 2804 2312 2838 ε

699 2860 831 2912 tium
864 2875 879 2912 :
914 2857 1050 2911 Num
1084 2860 1196 2928 ipse
1228 2875 1441 2930 quoque
1495 2860 1671 2914 factus
1702 2873 1783 2915 est
1828 2861 1914 2914 lnx
1949 2865 2113 2918 vera?
2143 2880 2270 2917 num

697 2964 764 3004 ex
797 2958 988 3004 natura
1019 2950 1182 3017 Deus,
1212 2961 1265 3005 et
1295 2951 1422 3012 vita,
1448 2959 1501 3004 et
1539 2965 1717 3004 rerum
1755 2953 1957 3020 opifex,
1981 2964 2036 3007 et
2062 2957 2275 3022 sapien-

702 3043 795 3106 tia,
833 3051 888 3096 et
916 3042 1106 3107 virtus,
1137 3043 1315 3111 imago
1346 3042 1510 3094 etiam
1547 3052 1601 3095 et
1650 3042 1908 3110 splendor
1957 3044 2274 3098 substantia:

2373 1872 2530 1939 Λόγῳ
2562 1868 2858 1938 πεποίηκεν
2900 1868 2933 1937 ὴ
2980 1866 3106 1930 ἀξία
3137 1865 3198 1917 τὸ
3243 1863 3619 1934 συνημμένον·
3649 1861 3849 1931 όρᾶταί
3889 1876 3957 1929 γε

2377 1963 2484 2032 μὴν
2510 1962 2604 2012 xui
2640 1960 2784 2011 ἔστιν
2810 1960 2867 2010 ὲν
2899 1957 3076 2028 μείοσι
3096 1974 3109 1987 ·
3146 1956 3262 2017 πῶς
3295 1951 3389 2008 οὖν
3429 1955 3525 2007 ἕνα
3555 1954 3660 2023 φὴς
3693 1953 3955 2021 Χριστὸν,

2374 2053 2469 2105 xui
2508 2052 2658 2117 Υίδν,
2688 2051 2781 2104 xui
2809 2050 3036 2120 Κύριον,
3068 2048 3244 2100 καίτοι
3274 2045 3604 2117 προύχοντος
3649 2044 3766 2108 ένδς
3813 2044 3961 2096 κατὰ

2374 2162 2438 2214 γε
2469 2144 2579 2198 τῶν
2622 2142 2840 2196 ἐννοιῶν
2868 2142 2963 2211 τὴν
2999 2140 3247 2210 δύναμιν,
3276 2139 3371 2191 xui
3405 2135 3730 2206 ὑφιζηκότος
3767 2135 3957 2205 ἑτέρου

2375 2237 2472 2307 τῆς
2503 2234 2641 2306 πρὸς
2683 2234 2845 2286 αὑτὸν
2896 2230 3139 2301 ίσότητός
3168 2246 3228 2282 τε
3262 2230 3358 2282 xui
3385 2227 3576 2298 δόξηςς
3615 2225 3825 2288 Ἀλλως
3874 2241 3958 2288 τε,

2378 2327 2726 2398 προσεποίσω
2763 2325 2870 2395 γὰρ
2901 2317 2980 2385 οἷς
3025 2322 3160 2391 ἔφην
3195 2320 3292 2373 xui
3328 2319 3470 2379 τόδε,
3499 2315 3800 2387 δεδώρηται
3832 2315 3958 2368 κατ’

2376 2416 2537 2472 αὑτὸν
2563 2418 2589 2468 ὁ
2615 2418 2677 2468 ὲκ
2711 2414 2846 2466 Θεοῦ
2883 2411 3094 2482 Πατρδς
3121 2411 3290 2479 Λόγος
3314 2411 3414 2480 τὴν
3443 2408 3578 2462 ίδίαν
3607 2407 3767 2471 ἀξίαν
3791 2405 3871 2476 τῷ
3893 2406 3962 2457 tx

2377 2508 2668 2578 γυναικόςσ
2706 2505 2846 2558 κατά
2877 2505 3000 2558 τίνα
3045 2503 3102 2556 δὲ
3148 2501 3348 2573 τρόπον
3391 2499 3523 2552 αύτδ
3568 2498 3634 2569 δὴ
3664 2497 3817 2551 τουτὶ
3856 2515 3960 2550 πε-

2379 2599 2620 2671 πράχθαι
2667 2597 2834 2666 φησὶ,
2884 2594 3190 2667 βασανίζειν
3238 2587 3584 2661 ἅξιον,⁷Λρα
3631 2606 3825 2659 rumve
3865 2591 3964 2642 xui

2379 2687 2542 2749 αὑτὸς
2571 2684 2685 2754 φῶς
2725 2683 3012 2753 ἀληθινόν;
3035 2678 3185 2752 ’Λρα
3222 2681 3383 2749 φύσει
3417 2679 3570 2743 Θεὸς,
3596 2681 3689 2732 xui
3721 2679 3837 2750 ζωὴ
3865 2681 3964 2731 xui

2377 2778 2726 2849 δημιουργὸς,
2756 2779 2850 2831 xui
2880 2777 3039 2845 σοφία
3073 2778 3169 2829 xui
3195 2776 3445 2845 δύναμις,
3466 2775 3630 2828 είκὼν
3661 2776 3756 2828 xui
3782 2773 3964 2828 ἀπαύ-

2377 2886 2568 2938 γασμα
2595 2869 2695 2936 τῆς
2731 2868 3079 2930 ὑποστάσεως
3107 2866 3202 2919 τοῦ
3228 2866 3471 2936 Πατρός;
3501 2865 3595 2918 καὶ
3625 2865 3693 2919 τά
3720 2866 3819 2934 τῆς
3849 2865 3968 2919 ἀνω

2378 2960 2534 3029 δόξης
2593 2960 3044 3028 πλεονεκτήματα
3099 2955 3384 3026 κεχώρηκε
3446 2957 3690 3023 φυσικῶς
3740 2956 3821 3018 είς
3867 2957 3966 3008 ἕνα

2378 3051 2504 3103 τινὰ
2539 3049 2646 3102 τῶν
2678 3047 3188 3119 πεποιημένων;Τί
3217 3043 3310 3099 οῦν
3350 3047 3466 3098 ἐστι
3503 3045 3564 3100 τὸ
3598 3045 3879 3112 ἐξαίρετον
3911 3046 3968 3098 ἐν

701 3132 899 3201 Patris,
927 3143 980 3187 et
1009 3134 1097 3186 illa
1128 3133 1346 3186 eximiae
1371 3146 1434 3184 ac
1467 3147 1737 3200 suprema:
1783 3133 1928 3186 illius
1962 3133 2148 3201 gloriae
2181 3151 2274 3189 or-

2379 3140 2455 3212 τῷ
2487 3139 2626 3193 κατὰ
2658 3139 2818 3208 φύσιν
2848 3137 2967 3208 Θεῷ
2991 3155 3005 3202 ;
3033 3139 3084 3190 τί
3114 3137 3176 3190 τὸ
3213 3137 3356 3207 μέγα
3411 3137 3508 3189 xui
3539 3136 3683 3206 ὑπὲρ
3713 3137 3886 3207 ἡμᾶς,
3919 3138 3970 3191 εἰ

703 3234 952 3278 tramenta
985 3225 1036 3277 in
1071 3238 1234 3276 unum
1265 3223 1497 3288 aliquem
1530 3238 1560 3275 e
1589 3223 1793 3275 creatis
1831 3224 2143 3277 hominibus
2179 3240 2276 3278 na-

710 3315 958 3370 turaliter
984 3314 1354 3368 inllnxerunt?
1381 3314 1515 3380 Quid
1541 3313 1706 3382 igitur
1730 3312 1989 3365 eximium
2027 3327 2108 3368 ρει
2135 3316 2277 3368 ineo

703 3407 995 3461 secundum
1024 3417 1269 3458 naturam
1319 3404 1466 3458 Deo?
1523 3404 1658 3473 quid
1707 3420 1959 3473 magnum
2008 3414 2062 3456 et
2112 3418 2275 3472 supra

705 3511 824 3562 nos,
856 3496 900 3550 si
936 3494 1020 3551 fas
1040 3505 1122 3550 est
1150 3504 1456 3549 creaturam
1486 3495 1569 3548 his
1608 3495 1766 3549 bonis
1793 3510 1915 3564 quae
1945 3496 2063 3562 ipse
2092 3496 2275 3561 habet,

703 3600 762 3645 et
815 3590 1031 3659 quidem
1081 3587 1531 3652 substantialiter,
1587 3601 1749 3656 posse
1806 3586 2155 3655 locupletari?
2207 3586 2284 3639 At

706 3682 850 3735 enim
888 3680 1202 3748 dignitatem
1252 3689 1509 3747 tanquam
1561 3679 1885 3749 participata
1937 3681 2171 3732 fortasse
2208 3678 2282 3732 di-

707 3773 829 3828 vina
874 3771 1189 3824 excellentia
1244 3771 1414 3836 gessit
1462 3787 1477 3824 :
1527 3770 1691 3838 igitur
1730 3771 1834 3824 duo
1883 3783 2074 3823 rursus
2122 3778 2284 3822 erunt

707 3863 894 3934 procul
942 3862 1104 3916 dubio
1176 3863 1268 3916 11111
1307 3901 1323 3928 ,
1368 3861 1640 3930 siquidem
1709 3877 1898 3916 verum
1971 3869 2054 3915 est
2096 3864 2164 3916 ab
2216 3874 2283 3914 eo

707 3955 850 4025 quod
894 3953 1360 4023 participationem
1399 3954 1730 4022 impertitur,
1775 3955 2047 4007 diversum
2084 3966 2203 4006 esse
2231 3961 2286 4006 et

709 4047 934 4102 inferius
971 4046 1264 4100 secundum
1300 4053 1574 4108 naturam,
1622 4045 1674 4098 iil
1707 4044 1852 4113 quod
1887 4044 2005 4097 ideo
2049 4043 2286 4096 honora-

712 4146 820 4204 tur,
855 4137 980 4206 quia
1033 4140 1098 4188 ad
1141 4137 1314 4202 ipsum
1367 4135 1677 4189 relationem
1714 4135 1896 4188 habet.
1937 4134 2287 4188 Convinceris

711 4245 840 4300 ergo
868 4245 934 4284 ne
967 4244 1028 4282 ea
1060 4228 1276 4296 quidem
1309 4228 1448 4280 scire
1479 4223 1598 4295 qua?
1633 4226 1789 4278 dicis.
1823 4225 1934 4276 (an
1976 4232 2153 4276 autem
2195 4237 2287 4277 eos

713 4333 940 4374 accusas
965 4318 1054 4387 qui
1080 4333 1237 4371 voces
1267 4317 1320 4370 in
1355 4315 1665 4385 Evangeliis
1697 4313 1898 4381 positas
1922 4315 2010 4367 uni
2049 4327 2288 4381 personat

715 4412 959 4464 tribuunt
978 4407 1001 4460 i
1020 4411 1214 4460 Annon
1242 4407 1381 4471 ideo,
1433 4405 1557 4474 quia
1584 4419 1720 4456 novo
1742 4418 1891 4457 more
1920 4405 2053 4457 duos
2079 4403 2288 4456 inducis

2379 3232 2654 3302 ἐνδέχεται
2711 3231 2811 3301 τὴν
2862 3230 3039 3283 κτίσιν
3088 3230 3484 3282 καταπλουτεῑν
3532 3227 3819 3291 δύνασθαι,
3871 3229 3973 3281 καὶ

2379 3323 2536 3376 τοῦτο
2567 3323 2862 3386 ούσιωδῶς,
2905 3322 2975 3375 ea
3007 3324 3064 3375 tv
3103 3315 3184 3385 οἷς
3225 3323 3375 3374 ἐστιν
3404 3321 3617 3388 ἀγαθά;
3660 3322 3778 3374 ἀλλ’
3801 3323 3878 3386 ὡς
3912 3325 3972 3375 tv

2384 3413 2598 3484 μεθέξει
2645 3412 2744 3482 τῆς
2792 3412 2942 3474 Θείας
2991 3411 3151 3480 τυχὸν
3200 3410 3477 3480 ὑπεροχῆς
3529 3411 3813 3482 πεφόρηκε
3869 3412 3974 3483 τὴν

2381 3501 2573 3565 ἀξίαν;
2607 3500 2710 3553 Δύο
2744 3500 2807 3570 δὴ
2841 3500 3002 3554 πάλιν
3042 3498 3426 3568 ἀναμφιλόγως
3455 3500 3585 3563 υἱοὶ,
3616 3499 3778 3571 εῐπερ
3817 3502 3976 3555 ἐστὶν

2381 3594 2599 3662 ἀληθὲς,
2638 3593 2713 3652 ὼς
2740 3593 2925 3661 ἔτερόν
2965 3609 3037 3655 τι,
3066 3592 3159 3644 καὶ
3187 3591 3409 3644 ἔλαττον
3445 3592 3586 3644 κατὰ
3631 3592 3795 3660 φύσιν
3825 3595 3975 3660 ἐστὶ,

2381 3686 2476 3739 τοῦ
2523 3686 2620 3756 τὴν
2671 3684 2886 3756 μέθεξιν
2939 3684 3298 3754 ἐμποιοῦντος
3349 3683 3531 3754 αύτῷ,
3572 3686 3634 3738 τὸ
3673 3689 3858 3757 σχέσει
3902 3693 3975 3760 τῇ

2384 3773 2519 3843 πρὸς
2553 3773 2714 3826 αὑτὸν
2755 3773 3068 3844 τιμώμενον
3091 3790 3104 3804 ·
3136 3774 3320 3844 ἀλὼσῃ
3354 3774 3418 3844 δὴ
3450 3770 3542 3827 οὖν
3571 3776 3693 3828 οὑδὲ
3736 3778 3898 3842 εἰδὼς
3938 3780 3979 3834 ἃ

2383 3863 2584 3930 λέγεις.
2625 3864 2788 3934 Λίτιᾷ
2825 3865 2881 3917 δὲ
2913 3864 3030 3917 ἀνθ’
3053 3865 3175 3916 ὅτου
3212 3867 3339 3928 τοὺς
3368 3865 3451 3918 tvi
3490 3866 3768 3937 προσώπῳ
3801 3887 3979 3940 προσ-

2385 3953 2649 4022 νέμοντας
2683 3953 2781 4015 τάς
2823 3956 2880 4006 tv
2920 3956 3032 4017 τοῖς
3057 3955 3407 4022 Εὑαγγελίοις
3441 3957 3660 4023 φωνάς;
3689 3953 3817 4030 'Ap'
3849 3962 3980 4032 οὑχὶ

2385 4041 2477 4095 δύο
2517 4043 2855 4112 καινοτομῶν
2884 4043 3062 4108 υίούς;
3091 4044 3213 4108 Πῶς
3241 4045 3349 4116 γὰρ
3380 4045 3462 4099 ἔτι
3492 4048 3700 4118 Κύριος
3737 4046 3839 4114 εἷς,
3875 4053 3980 4104 xui

2387 4131 2639 4202 Χριστὸς,
2667 4133 2761 4183 xui.
2794 4131 2942 4195 Υίὸς,
2969 4135 3016 4184 εί
3059 4134 3350 4203 πρόσωπον
3379 4136 3546 4189 ίδικὺν
3576 4139 3845 4210 ἑκατέρῳ,
3879 4146 3982 4196 xui

2388 4221 2565 4289 λόγος,
2613 4222 2705 4274 xui
2741 4221 2846 4292 μὴν
2891 4222 2986 4274 xui
3035 4222 3366 4291 ὑπόστασις,
3414 4226 3778 4298 ἀναχωροῦσα
3829 4233 3982 4301 πρὸς

2390 4313 2704 4384 ἑτερότητα,
2733 4315 2825 4366 xui
2855 4311 2914 4365 τὸ
2941 4313 3039 4382 τῆς
3067 4313 3300 4382 ἀληθοῦς
3327 4315 3578 4381 ένώσεως
3608 4319 3801 4389 χρῆμα
3831 4339 3983 4394 παρ-

2390 4404 2720 4473 αιτουμένη,
2775 4402 2866 4455 xui
2919 4403 2979 4455 τὸ
3034 4403 3348 4473 ἀσύμϐατον
3400 4405 3712 4477 όλοτρόπως
3775 4410 3985 4479 ἔχουσα

718 4499 895 4555 lilios?
937 4497 1072 4552 Nam
1105 4467 1376 4566 quomodo
1406 4467 1545 4549 unus
1574 4495 1683 4564 jam
1729 4494 2004 4558 Dominus,
2046 4501 2099 4546 et
2129 4491 2276 4545 Chri-

2397 4495 2532 4563 πρὸς
2549 4467 2655 4563 -τὴν
2675 4467 2909 4564 ‘ttépuv;
2935 4493 3043 4546 Καὶ
3071 4492 3131 4545 τό
3145 4467 3223 4560 *γε
3263 4467 3564 4565 παράδοξον
3604 4467 3701 4551 xui
3724 4467 3836 4553 TE):
3877 4505 3984 4557 αὑ-

713 4604 831 4646 sms
859 4599 914 4643 et
941 4588 1107 4642 Filius
1128 4587 1252 4650 erit,
1273 4589 1318 4641 si
1341 4586 1555 4654 utrique
1577 4600 1670 4639 sua
1701 4601 1927 4654 persona
1947 4594 2028 4639 est
2056 4595 2108 4637 et
2131 4585 2289 4648 ratio,

714 4681 825 4753 36
839 4690 1000 4750 atque
1018 4681 1178 4733 etiam
1199 4678 1522 4750 hypostasis,
1544 4678 1608 4731 ad
1632 4679 1995 4732 diversitatem
2014 4676 2290 4740 secedens,

715 4785 770 4830 et
801 4789 912 4828 rem
941 4787 1081 4826 verte
1115 4772 1329 4825 unionis
1373 4785 1650 4834 recusans,
1681 4779 1735 4822 et
1765 4784 1883 4837 qua:
1922 4769 2140 4823 omnino
2166 4782 2286 4822 cum

716 4866 887 4920 altera
922 4865 1214 4920 convenire
1250 4879 1354 4937 non
1388 4862 1600 4933 possit?
1633 4861 1893 4929 Quodque
1923 4860 2011 4914 vix
2035 4858 2289 4914 credibile

715 4965 824 5023 est,
873 4965 927 5012 et
979 4957 1095 5025 ejus
1146 4955 1597 5024 blasphemiarum
1652 4952 2038 5022 turpitudinem
2085 4949 2283 5019 prodit,

715 5046 1024 5102 communia
1055 5045 1187 5098 dicit
1228 5058 1350 5099 esse
1397 5046 1510 5098 haec
1553 5045 1789 5108 nomina,
1836 5042 2005 5098 Filius
2046 5041 2286 5108 inquam,

715 5152 768 5196 et
792 5138 1068 5201 Christus,
1100 5145 1153 5190 et
1187 5135 1484 5190 Dominus:
1519 5149 1638 5204 quae
1679 5135 1723 5188 si
1764 5136 1834 5187 ita
1867 5131 2170 5189 communia
2201 5130 2286 5185 di-

716 5233 812 5294 cit,
842 5237 902 5283 ut
936 5229 1024 5282 uni
1059 5225 1302 5289 Christo,
1327 5235 1380 5279 et
1405 5225 1724 5293 quibusdam
1749 5233 1942 5292 praeter
1968 5223 2139 5292 ipsum
2171 5222 2288 5276 aliis

715 5317 1064 5381 conveniant,
1094 5330 1202 5369 non
1229 5313 1460 5366 absurda
1492 5313 1606 5381 ejus
1633 5313 1736 5366 erit
1758 5312 1951 5366 oratio.
1986 5311 2078 5364 Sin
2115 5312 2288 5379 impe-

716 5407 819 5461 rite
858 5404 1136 5474 disjuugil,
1171 5410 1428 5472 putatque
1457 5416 1517 5454 ea
1559 5400 1850 5456 convenire
1883 5409 1934 5454 et
1978 5400 2080 5468 ipsi
2115 5398 2289 5455 Verbo

716 5498 993 5567 privatim,
1017 5504 1069 5549 et
1096 5493 1167 5547 illi
1199 5508 1260 5547 ex
1297 5490 1521 5546 muliere
1563 5490 1707 5557 lilio;
1745 5491 1851 5546 duo
1882 5491 2037 5563 plane
2076 5507 2286 5548 rursum

786 5671 826 5702 οί
855 5669 957 5722 ita.
984 5683 1111 5733 λιιι,
1145 5668 1197 5721 8.
1290 5667 1334 5697 ”
1359 5664 1503 5722 Psnl.
1536 5681 1797 5742 uxxrttt,
1837 5668 1888 5724 7.

2395 4584 2489 4636 τοῦ
2519 4582 2840 4653 δυσφημιῶν
2877 4585 3174 4653 ἀποφαῖνον
3201 4585 3298 4655 τὴν
3324 4586 3608 4660 βδελυρίαν
3628 4606 3639 4617 ’
3674 4592 3828 4644 κοινά
3872 4612 3982 4666 φη-

2398 4691 2482 4728 σιν
2520 4669 2659 4726 εἶναι
2693 4673 2760 4727 τὰ
2804 4674 3064 4744 ὀνόματα,
3111 4677 3171 4726 τό
3206 4692 3265 4728 τε
3309 4677 3464 4742 Υἱὸς,
3489 4678 3654 4748 φημὶ,
3697 4682 3793 4734 xui
3839 4683 3988 4754 Xpt-

2397 4765 2518 4827 στος
2558 4765 2652 4818 xui
2693 4765 2931 4836 Κύριοςο
2964 4767 3055 4819 xui
3085 4768 3133 4820 ει
3173 4768 3272 4836 μὲν
3299 4763 3437 4821 εἶναι
3481 4770 3639 4824 κοινά
3689 4788 3856 4842 φησιν
3903 4775 3987 4839 ὡς

2396 4855 2477 4907 tvi
2506 4855 2582 4924 τῷ
2614 4855 2853 4926 Χριστῷ,
2883 4856 2975 4909 καί
3004 4873 3112 4908 τισι
3145 4859 3272 4927 παρ’
3301 4857 3465 4911 αὑτὸν
3489 4859 3719 4929 ἑτέροις,
3761 4860 3882 4930 εχοι
3914 4862 3987 4916 ἂν

2393 4944 2537 5007 εἰκὸς
2573 4945 2601 4997 ὸ
2632 4945 2787 5014 λόγος
2819 4944 2983 5016 αὑτῷ.
3027 4947 3089 4999 Ei
3119 4947 3176 5000 δὲ
3209 4947 3476 5018 διϊστησιν
3519 4949 3770 5020 ἀμαθῶς,
3802 4950 3990 5006 οἴεταί

2394 5052 2451 5088 τε
2486 5034 2716 5106 πρέπειν
2753 5037 2892 5090 αύτά
2925 5037 3020 5090 xui
3059 5038 3240 5099 Ιδικῶς
3277 5037 3356 5107 τῷ
3382 5038 3560 5108 Λόγῳ,
3604 5041 3698 5093 xui
3743 5042 3854 5111 μὴν
3909 5046 3992 5115 τῷ

2396 5125 2460 5176 tx
2499 5127 2776 5194 γυναικὸς,
2801 5126 2896 5180 δύο
2938 5145 3042 5180 που
3072 5128 3290 5191 πάντως
3335 5129 3496 5182 πάλιν
3536 5131 3630 5184 xui
3669 5133 3994 5202 ἀναμφιλό-

2393 5233 2502 5286 γως
2533 5219 2779 5288 Χριστοὶ,
2813 5221 2904 5272 xui
2940 5221 3081 5283 Υίοὶ,
3112 5222 3207 5273 xui
3241 5220 3456 5291 Κύριον
3483 5221 3587 5293 ἔφη
3627 5224 3759 5296 γὰρ,
3794 5226 3884 5280 ὅτι
3929 5228 3994 5280 τὺ

2394 5310 2623 5381 Χριστὸς
2653 5311 2843 5381 ὄνομα,
2880 5311 3008 5364 ποτὲ
3049 5311 3149 5380 μὲν
3202 5312 3385 5366 θετέον
3433 5315 3527 5367 ἐπὶ
3572 5316 3672 5386 τῆς
3721 5314 3994 5385 θεότητος

2393 5403 2582 5473 αὑτῆς,
2619 5404 2746 5457 ποτὲ
2776 5404 2833 5456 δὲ
2865 5404 2958 5457 xui
2983 5403 3076 5456 tiri
3105 5405 3200 5474 τῆς
3227 5404 3664 5476 ἀνθρωπότητος,
3699 5405 3730 5475 ἦ
3769 5407 3867 5458 xui
3898 5407 3996 5459 ἐπ’

2393 5495 2594 5566 ἀμφοῖν
2614 5513 2626 5528 ο
2666 5497 2908 5567 ὀνήσειεν
2939 5495 2983 5549 δ’
3011 5495 3075 5550 ἂν
3106 5497 3139 5567 ἡ
3169 5497 3459 5568 ὁμωνυμία
3496 5498 3555 5550 τὸ
3600 5496 3846 5566 σύμπαν,
3895 5499 3996 5550 ού-
