4166 6452
293 344 371 398 69
1110 365 1118 373 ·
1433 340 1810 400 ADVERSUS
1850 341 1892 396 N

1996 341 2254 400 TORIUM
2295 342 2422 399 LIB.
2465 338 2534 398 11.
2909 335 2912 338 ’
3507 341 3584 401 ’10

293 467 410 533 δὶν,
439 464 520 527 ιτς
558 480 621 533 γε
660 461 722 517 τὸ
758 460 870 516 δεῖν
909 461 1006 518 ἕνα
1039 461 1276 518 νοεῖσθαι
1322 463 1580 535 Χριστὸν,
1618 464 1716 518 καὶ
1746 464 1894 530 Υίὸν,

1999 474 2053 521 et
2085 465 2224 520 citra
2253 465 2646 520 dubitationem
2673 469 2831 518 erunt
2863 458 3089 527 Christi,
3133 467 3188 515 et
3215 457 3364 525 Filii,
3397 468 3449 516 et
3474 459 3579 516 Do-

297 557 398 611 καὶ
430 554 657 626 Κύριον,
691 553 962 625 τέμνοντα
991 553 1115 624 δίχα
1155 552 1252 607 τοῦ
1295 556 1392 608 καὶ
1428 555 1598 619 αὑτάς
1641 555 1886 624 ἀλλήλων

294 646 400 709 τὰς
439 646 768 707 ὑποστάσεις
795 645 1098 714 ἀποφοιτᾷν
1122 659 1134 672 ’
1164 644 1259 697 καὶ
1287 646 1367 706 είς
1398 645 1571 715 ῐδικὴν
1601 645 1894 714 ἑτερότητα

298 737 414 788 τῶν
455 735 764 806 προσώπων
810 735 1234 804 διεσταλμένων.
1277 735 1530 804 Ἐμφανῆ
1567 736 1675 804 γὰρ
1701 735 1892 808 ὥσπερ

302 831 442 898 ἡμῖν
493 827 761 890 καθιστάς
804 830 902 896 τῆς
953 828 1182 897 ἐνούσης
1232 827 1380 897 αύτῷ
1431 827 1737 898 δυσμαθίας
1794 829 1894 900 τὴν

302 919 557 990 δύναμιν,
595 918 940 990 προσεπάγει
970 918 1064 972 καί
1096 933 1282 989 φησιν·

1995 555 2152 611 mini.
2204 555 2349 610 Dixit
2392 556 2536 611 enim
2586 551 2789 610 Christi
2838 566 3034 608 nomen
3077 565 3461 620 nonnunquam
3516 551 3580 605 de

1996 645 2112 714 ipsa
2156 645 2456 709 divinitate,
2507 658 2894 712 nonnunquam
2949 643 3017 697 de
3070 640 3434 706 humanitate,
3490 650 3578 693 aut

1996 737 2162 790 etiam
2196 736 2263 790 de
2296 745 2526 804 utroque
2573 734 3002 804 intelligendum.
3047 730 3106 786 In
3143 729 3455 786 universum
3484 745 3554 783 au

1996 835 2105 880 tem
2135 827 2268 880 nihil
2295 827 2622 881 dividentem
2654 826 2856 896 juverit
2876 825 3116 893 ejusdem
3147 823 3382 879 nominis
3411 824 3580 892 aequi-

1994 919 2208 973 vocatio
2232 919 2286 972 in
2311 920 2436 983 hoc,
2467 928 2524 973 ut
2555 935 2693 973 unus
2727 918 2979 973 Christus
3010 916 3366 985 intelligatur,
3391 925 3446 969 et
3492 913 3580 969 Fi-

303 1016 431 1075 lius.
469 1025 524 1069 et
550 1013 830 1078 Dominus,
862 1015 1075 1069 etiamsi
1123 1015 1253 1082 ipsa:
1314 1015 1638 1085 hypostases
1693 1013 1926 1067 invicem
1961 1013 2224 1082 sejunctze
2288 1031 2396 1068 non
2435 1015 2564 1077 sint,
2606 1029 2669 1070 ac
2716 1028 2960 1083 persona:
3005 1014 3223 1091 propria
3269 1010 3582 1066 diversitate

305 1105 602 1160 distinctae.
637 1101 709 1158 Ut
737 1105 880 1158 enim
913 1119 1023 1158 sua:
1054 1105 1210 1160 nobis
1247 1106 1533 1174 imperitia:
1564 1107 1670 1158 vim
1703 1110 1978 1173 ostendat,
2008 1105 2252 1174 adiungit
2279 1115 2334 1160 et
2360 1109 2435 1160 ait
2473 1125 2486 1161 :

379 1197 576 1270 [⁸⁷οταν
611 1192 704 1249 οῦν
729 1198 762 1268 ἡ
794 1196 913 1250 θεία
937 1197 1127 1268 Γραφὴ
1164 1198 1332 1269 μέλλῃ
1353 1198 1553 1266 λέγειν,
1579 1197 1612 1268 ἢ
1647 1199 1899 1270 γέννησιν

302 1288 400 1341 τοῦ
437 1286 673 1360 Χριστοῦ
717 1287 812 1358 τὴν
843 1289 907 1340 ἐκ
940 1288 1040 1358 τῆς
1071 1289 1344 1360 μακαρίας
1379 1289 1680 1361 Παρθένου,
1730 1290 1762 1360 ἢ
1796 1290 1896 1343 θά-

304 1397 487 1446 νατον,
518 1377 754 1448 ούδαμοῦ
797 1379 1046 1446 φαίνεται
1075 1379 1290 1434 τιθεῖσα
1312 1419 1326 1444 ,
1367 1379 1522 1446 Θεὸς,
1554 1381 1727 1451 ἀλλ’ἢ
1763 1383 1898 1452 Χρι-

2073 1199 2338 1271 [Νεετοιι.
2383 1199 2484 1255 Ubi
2509 1203 2670 1270 igitur
2702 1217 2871 1257 sacra:
2893 1199 3110 1256 Littera:
3136 1200 3218 1255 vel
3244 1201 3582 1256 nativitatem

2001 1291 2205 1347 Christi
2240 1293 2306 1347 de
2334 1291 2490 1347 beata
2516 1291 2741 1362 Virgine
2768 1303 2864 1346 aut
2893 1292 3010 1362 ejus
3032 1302 3261 1348 mortem
3282 1299 3580 1360 exponunt,

1999 1399 2262 1454 nusquam
2281 1395 2486 1454 ponunt
2503 1385 2692 1450 Deum,
2717 1385 2810 1440 sed
2832 1385 2915 1440 vel
2934 1386 3230 1449 Christum,
3258 1386 3339 1439 vel
3362 1383 3579 1449 Filium,

307 1472 455 1535 στὸς,
492 1471 526 1540 ἢ
557 1470 702 1534 Υἱὸς,
731 1471 762 1540 ἢ
801 1469 1026 1539 Κύριος.
1065 1471 1289 1540 Ἐπειδὴ
1318 1471 1492 1525 ταῦτα
1526 1472 1594 1524 τά
1623 1474 1752 1545 τρία
1781 1473 1893 1528 τῶν

2003 1475 2083 1531 vel
2105 1476 2420 1542 Dominum;
2450 1491 2572 1530 nam
2595 1477 2709 1529 haec
2729 1476 2830 1530 tria
2854 1475 2993 1529 duas
3011 1485 3232 1528 naturas
3253 1475 3579 1545 signiﬁcant,

303 1564 401 1616 δύο
439 1563 656 1632 φύσεων
691 1565 799 1614 εἰσι
831 1564 1148 1633 σημαντικά
1173 1578 1186 1593 ·
1213 1565 1344 1618 ποτὲ
1375 1564 1474 1635 μὲν
1503 1564 1730 1635 ταύτης,
1756 1566 1887 1620 ποτὲ

1997 1582 2138 1622 nunc
2180 1567 2343 1631 hanc,
2395 1581 2540 1621 nunc
2594 1566 2770 1630 illam;
2821 1579 2965 1620 nunc
3001 1573 3056 1619 et
3102 1567 3242 1619 hanc
3281 1575 3337 1617 et
3387 1564 3532 1618 illam
3562 1581 3576 1594 ·

303 1658 351 1711 δ’
393 1657 635 1727 ἐκείνης,
683 1656 816 1709 ποτέ
844 1657 901 1710 δὲ
934 1659 1138 1729 ταύτης
1178 1660 1470 1730 κάκείνης·
1502 1658 1614 1716 οἷόν
1649 1679 1701 1714 τι
1735 1661 1894 1730 λέγω,

2001 1657 2151 1711 verbi
2177 1657 2370 1726 gratia,
2397 1673 2518 1711 cuin
2542 1657 2691 1711 illam
2716 1672 2747 1711 e
2770 1656 2908 1711 rmlo
2930 1656 3271 1710 nativitatem
3302 1653 3579 1725 Scriptura

303 1751 437 1802 ὅταν
468 1749 567 1818 τὴν
597 1748 657 1813 ἐξ
695 1749 926 1819 ούρανοῦ
957 1749 1216 1828 γέννησιν
1249 1752 1381 1822 ἡμῖν
1409 1753 1442 1822 ή
1474 1751 1667 1823 Γραφὴ
1709 1753 1894 1824 διηγῆ-

2002 1748 2158 1803 nobis
2173 1749 2412 1817 eXponit,
2433 1747 2562 1816 quid
2581 1747 2698 1802 ait?
2716 1747 2860 1801 Misit
2890 1747 3032 1802 Deus
3045 1744 3244 1800 Filium
3257 1761 3412 1800 suum
3437 1761 3579 1812 ;non

305 1858 421 1904 ται,
459 1840 510 1891 τί
543 1840 725 1908 λέγεις
767 1840 1180 1906 Ἐξαπέστειλεν
1207 1844 1235 1895 6
1267 1842 1398 1906 Θεὸς
1427 1844 1519 1896 τὸν
1553 1844 1680 1897 Υίὸν
1708 1844 1893 1897 αὐτοῦ.

2000 1849 2178 1894 autem
2211 1855 2226 1892 :
2263 1838 2413 1894 Misit
2440 1839 2578 1893 Deus
2595 1840 2758 1893 Deum
2795 1836 3054 1902 Verbum,
3085 1837 3179 1892 sed
3205 1839 3582 1892 nomensumit

305 1931 426 1984 Οὔκ
449 1927 623 1996 εἶπεν,
643 1931 1056 1995 Ἐξαπέστειλεν
1077 1933 1104 1984 6
1121 1931 1252 1997 Θεὸς
1276 1933 1369 1986 τὸν
1395 1933 1525 1988 Θεὸν
1548 1935 1741 2003 Λόγον·
1765 1934 1894 1988 ἀλλὰ

2004 1930 2146 2001 quod
2173 1932 2308 1985 duas
2335 1940 2555 1984 naturas
2586 1931 2780 1984 indicat
2799 1947 2812 1983 :
2830 1945 2950 1983 nam
2973 1929 3096 1998 quia
3126 1927 3292 1982 Filius
3318 1927 3481 1981 homo
3496 1937 3583 1980 est

307 2020 577 2091 λαμὸάνει
615 2021 677 2074 τὸ
722 2021 891 2090 ὄνομα
923 2022 982 2073 τὸ
1021 2022 1227 2092 μηνύον
1265 2023 1366 2086 τάς
1419 2023 1611 2093 φύσεις
1646 2025 1747 2088 τὰς
1783 2027 1896 2080 δύο.

323 2113 545 2183 Ἐπειδὴ
574 2112 680 2182 γάρ
709 2114 738 2164 6
765 2113 898 2176 Υἱὸς
931 2112 1217 2182 ἄνθρωπός
1247 2114 1362 2166 ἐστι
1395 2116 1488 2168 καὶ
1523 2115 1676 2180 Θεὸς,
1711 2116 1859 2185 λέγει
1885 2133 1898 2146 ο

315 2219 335 2251 ι
379 2201 784 2267 Ἐξαπέστειλεν
808 2202 900 2254 τὸν
951 2201 1079 2254 Υἱὸν
1123 2201 1288 2256 αὑτοῦ
1336 2203 1677 2274 γεννώμενον
1705 2206 1768 2258 ἐκ
1799 2223 1900 2275 γυ-

309 2292 535 2353 ναικός·
566 2311 585 2342 ι
624 2291 710 2344 ἵνα
757 2292 884 2343 ὅταν
930 2291 1171 2362 ἀκούσῃς
1210 2292 1271 2345 τὸ
1320 2291 1660 2362 γεννώμενον
1692 2294 1756 2346 ἐκ
1797 2311 1899 2360 γυ-ο

307 2378 524 2442 ναικὸς,
547 2373 664 2431 εἶτα
689 2379 800 2451 ἴδῃς
828 2379 889 2431 τὸ
914 2379 1080 2448 ὄνομα
1106 2380 1464 2452 προκείμενον
1485 2381 1545 2434 τὸ
1572 2382 1776 2451 μηνύον
1801 2383 1899 2446 τὰς

310 2470 503 2538 φύσεις
537 2470 635 2532 τὰς
660 2470 773 2536 δύο,
809 2471 894 2523 ἵνα
928 2471 1026 2542 τὴν
1058 2471 1312 2543 γέννησιν
1351 2475 1450 2542 τὴν
1484 2474 1550 2526 ἐκ
1579 2474 1676 2542 τῆς
1721 2490 1900 2544 μακα-

313 2560 437 2630 ρίας
469 2560 768 2630 Παρθένου,
800 2561 932 2613 Υίοῦ
965 2560 1278 2632 μὲν,καλῇς
1299 2577 1311 2590 ·
1344 2561 1471 2614 Υίὸν
1501 2562 1610 2632 γάρ
1636 2562 1897 2633 ἐγέννησε

307 2650 450 2702 Θεοῦ
507 2652 600 2704 καὶ
630 2653 662 2720 ἡ
697 2651 1059 2722 Χριστοτόκος
1088 2652 1381 2723 Παρθένος.
1421 2651 1561 2704 Ἀλλ’
1591 2653 1887 2723 ἐπειδήπερ

2003 2037 2066 2076 ac
2100 2021 2265 2088 Dens,
2297 2022 2510 2091 inquit:
2537 2040 2554 2073 ι
2593 2021 2948 2076 MisitFilinm
2980 2035 3135 2074 suum
3170 2029 3355 2074 natum
3382 2032 3577 2072 exmo-

2001 2112 2134 2168 liere
2161 2113 2242 2178 ⁰³;
2267 2131 2286 2164 ι
2313 2123 2370 2166 ut
2389 2129 2508 2167 cum
2537 2114 2798 2179 audieris,
2831 2123 3015 2182 natum
3039 2126 3105 2166 ex
3135 2110 3378 2173 muliere,
3403 2110 3578 2163 conti-

2002 2216 2110 2258 nuo
2130 2201 2314 2256 videas
2331 2202 2674 2270 praepositum
2701 2217 2894 2255 nomen
2915 2200 3059 2270 quod
3091 2200 3226 2254 duas
3257 2208 3480 2252 naturas
3501 2199 3581 2252 in-

2003 2292 2170 2355 dicat,
2205 2301 2261 2344 ut
2296 2291 2633 2344 nativitatem
2667 2305 2732 2345 ex
2764 2291 2918 2346 beata
2955 2289 3174 2360 Virgine
3198 2289 3317 2344 Filii
3352 2304 3472 2342 esse
3501 2290 3594 2342 di-

2002 2395 2118 2445 cas;
2140 2395 2262 2434 nam
2294 2381 2384 2434 Dei
2412 2381 2604 2435 Filium
2629 2381 2993 2448 genuitetiam
3016 2381 3105 2434 illa
3129 2379 3330 2434 Christi
3349 2380 3581 2446 genitrix

2003 2473 2185 2541 Virgo.
2221 2471 2326 2526 Sed
2351 2473 2475 2541 quia
2505 2471 2598 2525 Dei
2624 2472 2795 2528 Filius
2810 2472 3004 2542 duplex
3039 2481 3123 2528 est
3167 2472 3460 2527 secundum
3489 2488 3582 2525 na-

2001 2569 2178 2626 turas,
2205 2563 2390 2630 genuit
2433 2561 2848 2626 humanitatem,
2880 2577 3000 2632 qute
3051 2571 3137 2617 est
3180 2561 3322 2617 illius
3363 2572 3582 2632 propter

1997 2653 2340 2723 conjunctutn
2376 2653 2476 2707 sibi
2513 2653 2760 2725 Filium]

306 2742 336 2791 6
375 2741 500 2804 Υίὸς
528 2742 620 2794 τοῦ
651 2742 786 2814 Θεοῦ
811 2743 1029 2805 διπλοῦς
1058 2745 1173 2796 ἐστι
1207 2743 1307 2806 τὰς
1329 2743 1542 2812 φύσεις,
1570 2743 1826 2813 ἐγέννησε
1856 2743 1976 2813 Ῐούκ
2011 2744 2292 2815 ἐγέννησε]
2329 2745 2427 2816 μὲν
2458 2744 2549 2798 τὸν
2579 2745 2707 2800 Υἰὸν
2747 2743 2842 2797 τοῦ
2875 2742 3032 2809 Θεοῦ,
3054 2743 3169 2798 ἀλλ’
3199 2743 3453 2814 ἐγέννησε
3483 2744 3580 2816 τὴν

305 2833 726 2906 ἀνθρωπὸτητα,
745 2837 867 2906 ἥτις
896 2837 1046 2890 ἐστὶν
1069 2837 1203 2904 υἱὸς,
1230 2837 1319 2893 διὰ
1345 2837 1436 2892 τὸν
1464 2838 1808 2910 συνημμένον
1831 2837 2004 2908 Υίόν.]

922 2976 1173 3031 ΚΕΦΛΛ.
1208 2978 1282 3033 B'.

395 3105 533 3159 Ἀλλ’
569 3106 727 3176 ἡμεῖς
756 3122 840 3173 γε,
881 3100 926 3159 ὦ
955 3107 1092 3170 ’τᾶν,
1115 3108 1166 3160 οἱ
1198 3108 1305 3161 τῶν
1340 3108 1447 3161 σῶν
1485 3111 1893 3182 τερετισμάτων

304 3197 377 3248 τὰ
417 3195 624 3264 ἀμείνω
658 3197 876 3265 φρονεῖν
907 3195 1234 3263 ἐγνωκότες·
1269 3198 1364 3250 καὶ
1397 3198 1497 3268 τῆς
1530 3198 1892 3254 θεοπνεύστου

304 3287 348 3340 Γ
356 3286 535 3355 ραφῆς
583 3285 995 3355 ίχνηλατοῦντες
1035 3287 1126 3342 τὸν
1159 3288 1360 3358 κόσμον
1391 3288 1501 3359 [ἵσ.
1530 3289 1773 3362 σκοπὸν],
1801 3291 1895 3343 ’ένα

303 3375 579 3445 λεγούσης
619 3376 712 3428 τὸν
746 3376 967 3446 Πατέρα
1001 3376 1094 3430 καὶ
1120 3376 1251 3431 Θεὸν
1292 3377 1350 3442 ἐξ
1381 3371 1441 3430 οὗ
1468 3379 1536 3432 τὰ
1572 3381 1770 3446 πάντα,
1804 3383 1896 3432 καὶ

303 3470 404 3521 ἕνα
448 3467 649 3539 Κύριον
684 3467 892 3537 Ἰησοῦν
936 3467 1194 3537 Χριστὸν,
1226 3468 1292 3521 δι’
1321 3463 1383 3522 οῦ
1415 3468 1484 3522 τὰ
1524 3469 1701 3523 πάντα
1748 3487 1892 3541 παρ-

303 3559 452 3630 ήχθη
504 3559 638 3630 πρὸς
686 3558 922 3626 γένεσιν,
967 3559 1096 3611 ὅταν
1139 3558 1461 3629 ἀκούσωμεν
1491 3561 1556 3613 ὲκ
1601 3561 1697 3630 τῆς
1731 3561 1894 3628 ἁγίας

307 3649 586 3720 Παρθένου
638 3647 998 3718 γεγεννῆσθαι
1049 3648 1312 3718 Χριστὸν,
1355 3650 1476 3702 τότε
1510 3649 1596 3720 δὴ,
1630 3651 1751 3702 τότε
1800 3654 1895 3703 καὶ⁸

309 3741 460 3810 μάλα
508 3740 825 3809 ἐμφρόνως,
857 3739 953 3792 καὶ
987 3741 1109 3791 κατ’
1137 3737 1265 3790 εύθὺ
1304 3739 1403 3810 τῆς
1452 3739 1710 3809 ἀληθείας
1755 3741 1892 3793 ίέναι

309 3831 729 3895 σπουδάζοντες,
766 3830 856 3883 τὸν
886 3831 950 3882 ἐκ
981 3828 1114 3881 Θεοῦ
1149 3829 1360 3899 Πατρὸς
1397 3829 1570 3898 φύντα
1599 3829 1770 3898 Λόγον
1809 3833 1893 3882 ἐν·

307 3922 668 3993 ανθρωπῆσαί
715 3921 780 3989 γέ
827 3938 1028 3991 φαμεν,
1086 3920 1179 3973 καὶ
1228 3920 1495 3990 ἐνωθῆναι
1560 3921 1723 3990 σαρκὶ
1769 3921 1890 3974 καθ’

308 4015 629 4078 ὑπόστασιν,
660 4013 985 4084 γεννηθῆναί
1013 4030 1072 4066 τε
1103 4011 1242 4066 κατὰ
1268 4011 1462 4082 ’σάρκα
1481 4029 1496 4044 ·
1527 4014 1622 4070 καὶ
1661 4013 1757 4084 τῆς
1793 4014 1892 4084 σῆς

307 4109 388 4168 είς
422 4104 580 4158 τοῦτο
605 4104 890 4175 τερθρείας
919 4105 1018 4156 οὐκ
1053 4101 1352 4174 ἀνεξόμεθα
1374 4119 1388 4134 ⁸
1421 4104 1501 4157 ἐνὶ
1531 4103 1586 4156 δέ
1619 4103 1712 4156 καὶ
1747 4105 1891 4174 μόνῳ

305 4197 387 4265 τῷ
437 4195 578 4248 κατὰ
622 4195 782 4263 φύσιν
818 4193 930 4264 Υίῷ
975 4194 1036 4246 τὸ
1077 4194 1310 4264 Χριστὸς
1344 4192 1514 4262 ὄνομα
1559 4196 1892 4265 προσνεμοῦ-

311 4305 435 4358 μεν,
465 4286 688 4348 εἰκότως
709 4303 723 4315 ·
754 4286 1063 4356 γεννήσεως
1093 4285 1517 4356 ὀνομαζομένης,
1544 4285 1645 4356 τῆς
1677 4287 1764 4340 διά
1792 4289 1892 4358 τῆς

306 4377 473 4445 ἁγίας
506 4376 803 4446 Παρθένου.
837 4376 1005 4428 Κοινὰ
1038 4376 1136 4445 μὲν
1169 4376 1298 4448 γάρ,
1328 4377 1401 4438 ὼς
1431 4376 1589 4447 ἔφην,
1623 4377 1769 4448 αύτῷ
1799 4379 1892 4430 καὶ

2669 2974 2821 3030 CAP.
2865 2973 2926 3028 ll.

2071 3110 2140 3163 At
2171 3123 2270 3165 nos
2313 3117 2480 3172 certe,
2512 3124 2544 3163 ο
2586 3109 2666 3162 vir
2713 3108 2940 3178 optime,
2988 3109 3078 3178 qui
3113 3107 3218 3162 tuis
3267 3107 3424 3176 nugis
3467 3123 3581 3163 me-

1998 3199 2132 3254 liora
2168 3200 2371 3253 sentire
2403 3199 2764 3265 decrevimus,
2807 3207 2862 3252 ct
2907 3197 3208 3251 divinarum
3251 3194 3582 3252 Litterarum

1998 3290 2334 3361 propositum
2378 3291 2826 3360 pervestigamus,
2878 3303 2999 3358 quae
3050 3287 3237 3342 dicunt
3273 3302 3436 3342 unum
3483 3287 3581 3340 Pa-~

1999 3389 2135 3435 trem
2167 3387 2223 3434 ct
2271 3381 2438 3434 Deum
2481 3395 2544 3434 ex
2599 3395 2707 3449 quo
2752 3380 2956 3442 omnia,
2987 3389 3039 3435 et
3085 3395 3249 3434 unum
3295 3381 3580 3436 Dominum

1995 3468 2179 3524 Jesum
2229 3469 2525 3533 Christum,
2571 3483 2668 3538 per
2715 3484 2874 3536 quem
2911 3468 3092 3522 omnia
3137 3476 3195 3521 ut
3237 3478 3418 3522 essent
3456 3485 3580 3537 pro-

1996 3562 2154 3616 ducta
2194 3560 2409 3626 sunt“,
2439 3575 2562 3616 cum
2606 3561 2858 3616 audimus
2903 3575 2967 3615 ex
2997 3561 3104 3630 37
3133 3569 3322 3615 sancta
3361 3561 3581 3631 Virgine

1996 3662 2182 3707 natum
2217 3666 2338 3705 esse
2363 3651 2663 3714 Christum,
2693 3651 2836 3705 illico
2863 3650 3156 3720 prudenter
3188 3651 3477 3705 admodum
3524 3660 3580 3707 et

1996 3754 2147 3799 recto
2199 3744 2264 3798 ad
2310 3745 2595 3798 veritatem
2643 3744 2836 3798 itinere
2883 3750 3260 3812 properantes,
3325 3742 3456 3796 illud
3509 3756 3574 3796 ex

1996 3833 2107 3889 Deo
2128 3833 2295 3888 Patre
2323 3844 2507 3887 natum
2535 3833 2765 3888 Verbum
2791 3833 3063 3886 hominem
3088 3834 3290 3888 factum
3318 3835 3575 3901 dicimus,

1993 3932 2048 3977 et
2095 3924 2304 3976 unitum
2354 3922 2504 3976 carui
2555 3921 2852 3976 secundum
2901 3922 3258 3992 bypostasim,
3288 3931 3344 3978 et
3388 3933 3574 3978 natum

1995 4012 2290 4067 secundum
2332 4027 2575 4077 carnem,
2629 4021 2686 4066 et
2734 4020 2852 4066 tuas
2902 4013 2956 4066 in
3009 4011 3112 4066 bac
3169 4025 3228 4066 re
3275 4013 3578 4083 praestigias

2001 4103 2150 4157 nullo
2205 4103 2367 4158 modo
2414 4103 2683 4171 patiemur
2713 4120 2727 4157 :
2757 4103 2851 4156 sed
2897 4101 2990 4156 uni
3037 4111 3092 4156 et
3140 4102 3239 4156 soli
3278 4104 3576 4158 secundum

1996 4205 2242 4249 naturam
2280 4193 2418 4249 Filio
2447 4193 2648 4249 Christi
2685 4209 2880 4250 nomen
2909 4195 3209 4250 tribuemus
3238 4212 3254 4256 ;
3279 4203 3332 4249 et
3359 4194 3574 4263 quidem

1991 4287 2137 4357 jure,
2167 4302 2287 4342 cum
2316 4287 2402 4341 illa
2431 4302 2528 4357 per
2557 4298 2800 4341 sanctam
2835 4285 3110 4357 Virginem
3138 4286 3325 4352 editio,
3352 4301 3577 4354 genera-

1994 4381 2068 4433 tio
2105 4389 2466 4448 nuncupetur.
2513 4378 2835 4433 Communia
2889 4393 3122 4448 namque
3167 4389 3293 4434 sunt
3340 4378 3414 4431 illi
3449 4393 3572 4433 cum

308 4468 520 4538 ἑτέροις
563 4459 672 4517 εἷεν
703 4465 769 4518 ἂν
803 4465 872 4518 τά
915 4465 1092 4516 τοιάδε
1134 4465 1241 4518 τῶν
1277 4465 1558 4535 ὀνομάτων
1596 4466 1890 4536 ὁμολογου-

1999 4471 2121 4525 aliis
2149 4485 2386 4540 quoque,
2415 4480 2473 4524 ut
2495 4470 2630 4536 dixi,
2662 4469 2927 4540 ejusmodi
2967 4469 3209 4524 nomina.
3240 4467 3392 4522 Multi
3428 4484 3575 4522 nam-

309 4559 514 4628 μένως.
555 4556 745 4609 Πολλοὶ
786 4556 894 4627 γάρ
934 4558 1041 4608 υἱοὶ
1075 4557 1216 4610 κατὰ
1262 4557 1441 4628 χάριν,
1479 4558 1572 4611 καὶ
1615 4558 1746 4624 θεοὶ,
1795 4560 1890 4611 καὶ

309 4650 513 4719 κύριοι,
545 4647 600 4701 εν
627 4665 686 4700 τε
731 4647 945 4719 ούρανῷ
995 4651 1089 4701 καὶ
1123 4649 1214 4702 ἐπὶ
1247 4650 1346 4719 τῆς
1384 4651 1506 4719 γῆς,
1541 4650 1685 4703 καθὰ
1729 4653 1822 4704 κα)⁵
1863 4654 1890 4704 6

307 4740 597 4803 θεσπέσιος
622 4742 755 4810 ἡμῖν
781 4740 982 4809 γράφει
1021 4739 1254 4804 Παῦλος,
1299 4740 1436 4811 πλὴν
1467 4740 1542 4804 ὡς
1583 4743 1640 4796 ἐν
1674 4741 1889 4812 μεθέξει

306 4831 404 4886 τοῦ
432 4833 574 4884 κατὰ
598 4831 778 4900 φύσιν,
808 4832 900 4883 καὶ
929 4829 1071 4883 κατά
1104 4831 1352 4902 μίμησιν.
1380 4831 1453 4884 Τὸ
1483 4831 1538 4884 δέ
1569 4849 1631 4900 γε
1657 4833 1888 4904 Χριστὸς

306 4923 482 4993 ὸνομά
509 4940 566 4974 τε
600 4924 691 4974 καὶ
719 4922 931 4992 χρῆμα,
964 4921 1164 4990 πρέποι
1209 4920 1275 4974 ἂν
1320 4920 1438 4974 κατ’
1467 4921 1655 4974 ούδένα
1688 4923 1887 4992 τρόπον

306 5013 387 5082 τῷ
427 5015 492 5067 ἐκ
533 5012 743 5082 Πατρὸς
784 5012 898 5064 δντι
928 5010 1088 5081 Λόγῳ
1137 5010 1348 5082 γυμνῷ.
1393 5013 1486 5066 καὶ
1526 5013 1645 5066 καθ’
1674 5013 1883 5078 ἐαυτὸν,

308 5107 404 5160 καὶ
428 5104 531 5168 ιξω
557 5103 755 5173 σαρκὸς
775 5102 910 5173 πρὸς
933 5102 1087 5172 ἡμῶν
1109 5103 1402 5173 νοουμένῳ.
1429 5105 1490 5156 Εί
1512 5104 1568 5157 δέ
1588 5105 1652 5174 δὴ
1675 5103 1882 5172 λέγοιτο

306 5195 546 5251 κενῶσαι
579 5211 638 5246 τε
672 5194 884 5258 ἐαυτὸν,
912 5194 1007 5247 καὶ
1043 5195 1101 5246 ἐν
1130 5195 1196 5264 τῇ
1225 5193 1318 5246 τοῦ
1351 5195 1534 5247 δούλου
1563 5196 1881 5248 καθικέσθαι

309 5289 522 5359 μορφῇ,
552 5287 644 5337 καὶ¹
681 5284 802 5337 καθ’
839 5285 989 5354 ἡμᾶς
1028 5284 1280 5352 γενέσθαι
1309 5285 1396 5336 διὰ
1427 5286 1524 5352 τὴν
1567 5285 1766 5354 σάρκα,
1795 5302 1883 5337 κε-

307 5383 570 5452 κλήσεται
599 5378 692 5431 καὶ
722 5377 907 5442 αὐτὸς,
926 5377 1015 5432 διά
1055 5394 1135 5429 τοι
1176 5375 1238 5430 τὸ
1271 5377 1577 5449 κεκρίσθαι,
1619 5377 1848 5448 Χριστός
1867 5393 1880 5407 ο

303 5474 367 5525 οὐ
403 5472 515 5542 γάρ
543 5471 828 5539 κέχρισται
861 5468 982 5522 κατ’
1012 5467 1147 5520 ἰδίαν
1181 5467 1342 5536 φύσιν
1372 5468 1502 5529 Θεὸς
1527 5467 1602 5521 ὢν
1629 5469 1656 5520 6
1681 5467 1848 5534 Λόγος
1871 5484 1882 5497 ·

305 5560 498 5628 γέγονε
526 5558 582 5611 δὲ
609 5557 810 5628 μᾶλλον
839 5560 871 5629 ἡ
901 5558 1077 5628 χρίσις
1104 5555 1252 5626 αύτῷ
1284 5559 1409 5627 περὶ
1431 5558 1492 5610 τὸ
1524 5556 1883 5628 ἀνθρώπινον.

380 5733 624 5789 "Calat.
661 5751 735 5800 tv,
765 5735 818 5788 4.
896 5735 980 5789 "l
1012 5735 1136 5789 Cor.
1174 5751 1292 5802 Vlll,
1322 5735 1374 5792 6.
1451 5735 1496 5768 "
1531 5736 1663 5790 Ibid.
1693 5735 1745 5789 5.

2000 4577 2104 4631 que
2149 4561 2243 4615 lilii
2292 4563 2592 4616 secundum
2651 4562 2901 4629 gratiam,
2940 4568 2994 4614 et
3036 4561 3130 4625 dii,
3161 4570 3216 4615 et
3264 4559 3469 4615 domini
3518 4561 3570 4612 in

1997 4653 2141 4708 caalo
2175 4662 2229 4707 et
2273 4654 2324 4706 iu
2376 4664 2544 4714 terra,
2581 4663 2639 4707 ut
2669 4653 2860 4706 beatus
2905 4652 3105 4707 Paulus
3143 4652 3421 4717 scribit",
3474 4654 3570 4706 sed

1996 4743 2116 4811 ejus
2150 4745 2563 4816 participatione
2594 4754 2755 4814 atque
2792 4745 3114 4810 imitatione,
3151 4744 3242 4814 qui
3271 4745 3570 4800 secundum

1997 4843 2248 4888 naturain
2295 4836 2554 4905 ejusmodi
2601 4845 2704 4890 est.
2741 4835 2812 4889 At
2855 4850 2984 4889 vero
3024 4835 3224 4890 Christi
3267 4850 3461 4889 nomen
3504 4852 3572 4891 ac

1997 4940 2102 4989 res,
2139 4925 2316 4981 Verbo
2347 4926 2420 4980 illi
2457 4941 2519 4981 ex
2550 4925 2709 4980 Patre
2739 4926 3045 4986 exsistenti,
3077 4940 3141 4980 ac
3177 4924 3320 4980 nudo
3344 4935 3397 4977 et
3418 4939 3568 4979 seor-

1993 5015 2095 5068 sim
2123 5023 2178 5068 et
2226 5021 2377 5068 extra
2409 5029 2626 5068 carnem
2675 5014 3040 5080 considerato,
3073 5013 3219 5068 nullo
3249 5015 3409 5068 modo
3439 5028 3570 5067 con-

1996 5108 2167 5161 venit.
2220 5106 2370 5172 Quod
2414 5106 2458 5160 si
2511 5105 2708 5159 dicitur
2747 5105 2979 5174 seipsum
3029 5105 3357 5171 exinanisse,
3411 5113 3464 5158 et
3512 5105 3566 5157 in

1989 5197 2132 5251 servi
2177 5195 2352 5251 forma
2409 5196 2774 5261 descendisse,
2817 5205 2872 5250 et
2915 5195 3119 5251 factum
3171 5195 3340 5250 fuisse
3386 5195 3563 5249 nostri

1989 5288 2221 5343 similem
2269 5297 2492 5357 propter
2539 5302 2760 5342 carnem
2784 5291 2852 5353 ",
2883 5289 2998 5357 ipse
3043 5301 3259 5357 quoque
3296 5295 3564 5355 quatenus

1991 5391 2188 5436 unctus
2239 5387 2348 5445 est,
2372 5380 2624 5435 Christus
2647 5380 2929 5436 vocabitur
2959 5399 2973 5434 :
3002 5395 3110 5434 non
3158 5381 3301 5433 enim
3329 5377 3562 5430 Verbum

1992 5469 2135 5538 quod
2185 5468 2327 5524 Deus
2370 5478 2490 5522 erat
2515 5469 2810 5524 secundum
2853 5484 3006 5524 suam
3050 5477 3300 5524 naturam
3345 5474 3427 5520 est
3464 5481 3596 5543 nn-j

1995 5568 2161 5623 ctum,
2195 5559 2291 5614 sed
2323 5559 2491 5629 ipsius
2537 5560 2722 5616 unctio
2755 5561 2935 5633 potius
2989 5559 3042 5615 in
3084 5557 3318 5615 hominis
3373 5563 3567 5609 natura

1823 5733 1868 5764 ’°’
1894 5733 2121 5804 Philipp.
2159 5750 2216 5798 ll,
2248 5735 2298 5801 7,
2336 5738 2385 5818 8τ
