4024 6454
522 346 614 426 ’τι
1552 363 1613 419 s.
1646 360 1931 419 CYRILLI
1974 356 2449 417 ALEXANDRINI
2495 357 2816 417 ARCHIEP.
3030 358 3037 365 δ
3779 360 3861 414 τε

554 490 679 544 fuit.
716 483 809 543 Sic
852 483 1022 557 igitur
1058 484 1151 541 illo
1181 492 1501 555 antegressa
1524 483 1582 539 in
1623 497 1733 554 quo
1773 484 1958 538 unctio
1996 482 2141 537 facta

2254 481 2405 536 ῡῦτω
2434 479 2730 555 τοιγαροῦν
2756 477 3200 553 προσϐεϐηκότος
3224 476 3459 543 ἐκείνου,
3492 477 3624 549 περὶ
3651 495 3714 532 ου
3750 477 3827 547 γέ
3844 508 3859 518 -

551 582 637 635 est
676 579 826 647 (nam
871 574 991 644 eius
1038 575 1255 645 propria
1298 574 1614 630 humanitas
1665 582 1750 629 est
1781 575 1832 628 in
1882 588 1987 643 qua
2035 570 2138 627 fuit

555 668 784 737 unctio),
820 681 943 721 cum
969 665 1246 721 Christum
1275 665 1427 720 illum
1454 664 1808 734 appellamus,
1840 677 1947 718 non
1986 672 2047 717 ut
2080 671 2135 716 tu

541 755 814 854 leﬂ‘renatc
851 758 1092 829 loqueris
1116 798 1133 825 ,
1191 772 1538 814 communem
1584 757 1857 812 lmminem
1903 769 1933 810 a
1957 755 2138 811 Verbo

556 849 815 913 divisum,
849 858 904 903 et
935 848 1167 903 seorsim
1199 848 1435 917 positum
1460 862 1525 900 ex
1560 855 1745 900 sancta
1780 841 1999 915 Virgine
2032 844 2139 898 edi-

556 950 670 993 tum
724 952 999 1008 putamus,
1041 940 1136 994 sed
1178 940 1384 1009 ipsum,
1437 949 1494 991 ut
1523 938 1653 1003 dixi,
1714 953 1780 992 ex
1828 936 1936 990 Deo
1977 935 2141 990 Patre

555 1028 817 1093 Verbum,
845 1030 1057 1084 unitum
1093 1027 1273 1094 carni,
1309 1036 1366 1082 et
1398 1027 1519 1082 oleo
1547 1024 1929 1080 exsultationis
1969 1038 1999 1076 a
2031 1024 2140 1077 Deo

556 1127 613 1173 et
649 1117 814 1173 Patre
860 1128 1084 1173 unctum
1122 1117 1461 1172 humanitus.
1498 1115 1671 1170 Porro
1714 1113 1809 1167 Dei
1845 1111 2005 1167 Verbi
2040 1128 2141 1164 un-

557 1209 790 1264 stionem
822 1208 885 1262 in
922 1206 1260 1262 humanitate
1294 1206 1494 1261 factam
1526 1205 1719 1267 fuisse,
1757 1216 1869 1271 quo
1900 1210 2142 1270 tempore

557 1297 753 1355 similis
780 1297 944 1352 nobis
985 1297 1263 1367 apparuit,
1314 1310 1484 1350 sacrae
1520 1294 1744 1349 Litterae
1772 1292 1930 1347 nobis
1953 1300 2145 1347 osten-

557 1389 705 1448 dent.
738 1386 872 1442 Cum
908 1387 1051 1442 enim
1085 1388 1278 1441 beatus
1300 1384 1474 1441 Jacob
1504 1392 1727 1452 paterna
1755 1381 1919 1437 domo
1938 1382 2144 1436 cedens

558 1481 613 1535 in
648 1478 1090 1547 Mesopotamiam
1125 1486 1396 1546 pergeret,
1439 1485 1494 1529 et
1528 1475 1594 1529 ad
1625 1473 1812 1527 Laban
1854 1471 2144 1526 conitendo-

558 1583 644 1627 ret
676 1570 955 1626 Batlmeiis
983 1569 1174 1632 lilium,
1198 1568 1253 1622 in
1279 1569 1459 1621 locum
1484 1567 1773 1636 quemdam
1800 1565 2140 1634 interiectum

558 1662 830 1733 pervenit,
864 1660 1048 1728 ibique
1077 1660 1408 1724 diversatus,
1444 1660 1499 1712 in
1536 1657 1876 1726 suppositum
1908 1654 2143 1724 lapidem

560 1752 845 1808 inclinavit
871 1759 1049 1819 caput,
1082 1757 1139 1803 et
1176 1763 1429 1803 somnum
1465 1749 1640 1816 cepit;
1674 1762 1740 1803 ac
1784 1761 1878 1816 per
1903 1746 2142 1815 quietem

2245 588 2404 641 γονεν
2432 574 2468 644 ἡ
2499 573 2681 644 χρίσις
2725 570 2913 643 (αὑτοῦ
2943 572 3052 643 γὰρ
3077 571 3111 642 ἡ
3148 567 3586 640 ὲνανθρώπησις,
3616 569 3756 641 περὶ
3787 560 3860 621 οὗ

2247 664 2473 733 γέγονεν
2497 665 2531 736 ἡ
2561 662 2787 735 χρίσις),
2814 662 3095 733 ὅτανήμῖν
3124 658 3461 732 ὀνομάζηται
3490 658 3754 729 Χριστὸς,
3785 659 3860 711 οὐ

2247 754 2390 811 κατά
2424 771 2489 824 γε
2542 755 2642 826 τὴν
2680 755 2780 825 σὴν
2820 753 3242 825 ἀθυροστομίαν,
3296 751 3581 824 ἄνθρωπον
3642 750 3857 813 ἁπλῶς

2247 844 2690 916 ὑποτοπήσομεν,
2711 844 3041 917 διῃρημένον
3068 842 3165 897 τοῦ
3188 842 3383 912 Λόγου,
3416 842 3511 897 καὶ
3535 841 3641 896 ἀνά
3672 842 3860 913 μέρος

2246 934 2520 1006 κείμενον,
2560 936 2624 988 ὲκ
2655 938 2756 1007 τῆς
2792 933 2955 1004 ἁγίας
2986 934 3236 1005 τετέχθαι
3267 932 3568 1004 Παρθένου,
3597 933 3716 988 ἀλλ’
3748 935 3861 987 αύ-

2246 1024 2359 1090 τδν,
2388 1026 2465 1090 ὡς
2499 1025 2625 1098 ἔφη,
2657 1026 2747 1081 τὸν
2797 1027 2863 1081 ἐκ
2900 1025 3038 1081 Θεοῦ
3089 1025 3303 1096 Πατρδς
3347 1025 3522 1094 Λόγον
3564 1024 3858 1079 ἑνωθέντα

2251 1115 2419 1188 σαρκὶ
2446 1155 2461 1180 ,
2502 1115 2597 1169 καὶ
2625 1116 2705 1188 τῷ
2736 1116 2901 1189 ἐλαίῳ
2930 1117 3031 1187 τῆς
3068 1115 3444 1184 ἀγαλλιάσεως
3479 1114 3859 1186 κεχρισμένον

2247 1205 2603 1277 ἀνθρωπίνως
2642 1207 2796 1279 παρά
2828 1206 2923 1261 τοῦ
2952 1205 3088 1261 Θεοῦ
3116 1207 3213 1260 καὶ
3240 1206 3475 1277 Πατρός.
3501 1206 3621 1259 Ὅτι
3654 1205 3715 1258 δὲ
3749 1204 3859 1273 γέ-

2248 1313 2372 1366 γονε
2399 1296 2479 1368 τῷ
2498 1296 2619 1367 Θεῷ
2642 1298 2802 1369 Λόγῳ
2834 1298 2964 1369 περὶ
2999 1297 3061 1351 τὸ
3091 1296 3431 1369 ἀνθρώπινον
3458 1297 3491 1368 ἡ
3517 1296 3721 1368 χρίσις,
3752 1297 3854 1350 ὅτε

2249 1388 2459 1459 πέφηνε
2495 1388 2616 1443 καθ’
2641 1391 2813 1462 ἡμᾶς,
2847 1389 2991 1462 ἱερὸν
3021 1390 3174 1460 ἡμᾶς
3206 1389 3539 1443 πιστώσεται
3573 1390 3854 1461 Γράμμα.

2261 1477 2320 1531 ’0
2351 1478 2451 1549 μὶν
2477 1480 2586 1551 γάρ
2611 1479 2895 1544 θεσπέσιος
2931 1479 3145 1546 Ἰακὼϐ,
3172 1482 3273 1551 τῆς
3301 1479 3398 1533 τοῦ
3429 1480 3644 1551 Πατρδς
3674 1480 3856 1534 ἀπαί-

2254 1582 2361 1638 ρων
2400 1568 2618 1633 ἑστίας,
2660 1570 2742 1633 ei;
2772 1569 2877 1640 τὴν
2901 1568 3015 1622 τῶν
3056 1568 3330 1639 ποταμῶν
3363 1568 3606 1639 ὑπήγετο
3640 1570 3853 1641 μέσην,

2250 1660 2347 1713 καί
2381 1660 2520 1731 πρὸς
2548 1660 2736 1715 Λάϐαν
2764 1659 2851 1731 ᾔει
2876 1658 2970 1716 τὸν
3001 1660 3096 1714 τοῦ
3132 1659 3401 1731 Βαθουὴλ,
3429 1660 3509 1713 ἑνὶ
3529 1660 3587 1713 δὲ
3614 1660 3727 1714 τῶν
3756 1661 3858 1715 διὰ

2255 1749 2421 1821 μέσου
2460 1751 2674 1821 χωρίων
2703 1750 3060 1823 ἐμϐεϐληκὼς
3097 1750 3471 1822 κατηυλίςετο.
3500 1752 3611 1806 Καὶ
3651 1752 3720 1822 δὴ
3750 1753 3857 1805 καὶ

558 1860 689 1905 cum
711 1844 811 1897 sibi
841 1841 1045 1897 scalam
1080 1840 1267 1895 videre
1286 1840 1435 1896 visus
1462 1851 1612 1896 esset
1641 1840 1709 1896 de
1735 1838 1895 1894 terris
1926 1838 1993 1892 ad
2027 1849 2140 1891 omn

2254 1842 2376 1912 λίθῳ
2411 1841 2513 1912 τὴν
2545 1842 2789 1913 κεφαλὴν
2820 1842 3118 1906 ύποκλίνας
3137 1884 3151 1909 ,
3176 1843 3267 1897 τὸν
3291 1840 3458 1896 ὕπνον
3493 1842 3807 1913 εἰσδέχεται
3837 1858 3851 1873 ο

559 1934 1118 2003 ιιιηιγῃοιιιῑιιεοιιιοιιι,
1148 1932 1374 2002 angelos
1402 1942 1662 2001 praterea
1696 1947 1792 2002 per
1813 1945 1933 1986 eam
1959 1945 2146 1984 ascen-

2254 1934 2496 2006 ιιλίμακά
2521 1951 2581 1987 τε
2624 1935 2986 2005 τεθεαμένος,
3022 1933 3121 2006 τὴν
3150 1937 3214 1988 ὲκ
3247 1934 3353 2006 γῆς
3390 1935 3503 1989 ἀνω
3544 1935 3858 2007 διήκουσαν

558 2030 747 2089 dentes
776 2042 843 2080 ac
885 2025 1301 2089 descendentes,
1359 2024 1715 2094 innixumque
1747 2039 1912 2093 super
1932 2038 1998 2078 ea
2038 2020 2145 2078 Do-

2254 2026 2324 2088 είς
2348 2024 2441 2079 τὸν
2476 2025 2728 2096 οὐρανὸν,
2778 2026 3171 2089 ἀναϐαίνοντάς
3197 2044 3256 2080 τε
3291 2026 3386 2080 καὶ
3414 2027 3858 2092 καταϐαίνοντας

560 2121 807 2185 Ininutn,
871 2120 1162 2174 admodum
1216 2117 1483 2173 visionem
1537 2128 1623 2173 est
1690 2117 2033 2181 admiratus,
2089 2122 2148 2170 et

2254 2114 2311 2168 5t’
2342 2114 2516 2186 αὐτῆς
2582 2115 2714 2179 τοὺς
2772 2113 3059 2184 ἀγγέλους,
3125 2116 3597 2188 ἑπεστηριγμένον
3643 2118 3703 2172 δὲ
3755 2118 3858 2172 τὸν

558 2221 844 2279 acceptum
888 2210 1123 2279 lapidem
1174 2226 1274 2277 pro
1325 2210 1487 2264 titulo
1536 2209 1750 2273 statuit,
1809 2218 1865 2263 et
1918 2208 1974 2263 in
2028 2208 2147 2278 eius

2254 2206 2453 2278 Κύριον
2486 2204 2574 2258 ἐπ’
2601 2206 2792 2278 αὐτῆς,
2823 2207 3010 2278 θαῦμα
3044 2208 3142 2279 μὲν
3175 2207 3286 2262 τῶν
3326 2209 3572 2280 όράσεων
3606 2211 3858 2263 ἐποιεῖτο

558 2313 865 2357 extremum
907 2301 1105 2356 infudit
1144 2299 1324 2355 oleum
1347 2299 1568 2356 ".Jam
1606 2300 1672 2368 in
1721 2300 1806 2355 his
1852 2299 2143 2354 considera

558 2392 847 2447 Dominum
886 2402 1130 2446 nostrum
1160 2390 1346 2446 Jesum
1374 2391 1655 2446 Christum
1700 2390 1850 2445 illum
1896 2405 2063 2444 unum
2093 2396 2147 2444 et

560 2484 735 2538 solum
777 2492 837 2539 et
874 2497 1007 2538 vere
1042 2482 1260 2545 Filium,
1304 2481 1462 2550 quasi
1486 2480 1598 2551 38
1625 2481 1856 2549 lapidem
1904 2491 2145 2536 erectmn

561 2576 616 2630 in
665 2574 925 2629 titulum:
969 2573 1015 2628 is
1061 2573 1206 2627 enim
1256 2581 1341 2627 est
1390 2572 1526 2643 lapis
1562 2573 1792 2639 eiectus,
1849 2572 2145 2641 angularis,

560 2667 850 2736 pretiosus,
906 2665 959 2718 in
1011 2674 1173 2734 caput
1212 2663 1416 2734 anguli,
1464 2674 1520 2718 et
1568 2679 1597 2716 a
1633 2663 1744 2717 Deo
1786 2673 1840 2717 et
1882 2661 2047 2716 Patre
2092 2662 2145 2716 in

562 2757 918 2815 fundamenta
946 2752 1079 2809 Sion
1114 2754 1321 2823 positus
1343 2754 1412 2807 θ’.
1445 2753 1527 2808 Ad
1559 2754 1697 2819 bare,
1734 2754 1953 2809 modum
1980 2753 2147 2807 etiam

561 2848 723 2903 velim
756 2846 1039 2917 inspicias,
1070 2860 1177 2915 quo
1205 2844 1276 2900 sit
1314 2853 1515 2899 unctus
1544 2861 1557 2898 :
1591 2859 1698 2898 non
1738 2843 1881 2897 cnim
1912 2842 2031 2897 oleo
2067 2852 2149 2896 to-

566 2946 677 2989 tum
704 2936 941 3003 undique
977 2933 1209 3003 lapidem
1242 2934 1437 2989 beatus
1471 2932 1639 2989 Jacob
1669 2932 1935 3001 irrigavit,
1960 2932 2052 2986 sed
2095 2932 2147 2986 in

564 3026 711 3081 illius
737 3034 1044 3079 extremum
1076 3021 1295 3078 infudit.
1323 3020 1516 3092 Igitur,
1550 3032 1609 3075 ut
1638 3022 1711 3075 ita
1745 3023 2010 3085 dicamus,
2040 3037 2147 3075 non

567 3126 711 3172 totus
738 3115 827 3173 ille
856 3113 1200 3183 Unigenitus,
1222 3127 1409 3183 neque
1434 3112 1488 3167 in
1524 3127 1620 3168 sua
1654 3112 1770 3183 ipse
1797 3122 2011 3180 natura,
2043 3122 2147 3181 qua

2248 2296 2382 2351 πολύ
2407 2310 2423 2326 °
2466 2294 2650 2349 λαϐὼν
2684 2298 2743 2351 δὲ
2788 2297 2883 2352 τὸν
2916 2297 3085 2365 λίθον,
3134 2299 3365 2371 ἔστησεν
3410 2300 3574 2355 αὑτὸν
3617 2301 3853 2374 στήλην,

2246 2388 2342 2444 καὶ
2389 2392 2617 2463 ἐπέχεεν
2652 2390 2830 2445 ἔλαιον
2866 2390 2958 2444 ἐπὶ
3000 2390 3063 2444 τὸ
3116 2390 3284 2461 ἀκρον
3318 2391 3508 2464 αὐτῆς.
3543 2393 3739 2466 Ι’Δθρει
3782 2396 3855 2467 δὴ

2253 2482 2315 2535 ὲν
2357 2482 2569 2547 τούτοις
2615 2482 2709 2537 τὸν
2762 2482 2968 2553 Κύριον
3013 2482 3172 2553 ἡμῶν
3207 2483 3417 2554 Ἰησοῦν
3459 2486 3715 2555 Χριστὸν,
3757 2487 3855 2540 τὸν

2247 2573 2345 2627 ἕνα
2376 2575 2476 2628 καὶ
2524 2575 2685 2646 μόνον
2733 2576 2831 2629 καὶ
2878 2574 3101 2644 ἀληθῶς
3130 2574 3280 2639 Υίὺν,
3308 2573 3383 2639 ὡς
3420 2575 3567 2630 λίθον
3604 2577 3857 2649 ἀναστη-

2247 2665 2509 2736 λούμενον
2535 2682 2550 2697 ο
2594 2666 2689 2720 καὶ
2741 2664 2849 2736 γάρ
2896 2668 3011 2719 ἐστι
3055 2664 3203 2729 λίθος
3248 2665 3538 2734 ἐκλεκτὸς,
3585 2669 3853 2741 ἀκρογω-

2249 2759 2440 2825 νιαῖος,
2468 2757 2703 2829 ἔντιμος,
2751 2760 2831 2820 είς
2864 2756 3107 2828 κεφαλὴν
3143 2756 3369 2827 γωνίας,
3414 2758 3510 2812 xui.
3544 2762 3622 2823 είς
3653 2758 3725 2813 τά
3761 2759 3856 2813 θε-

2253 2847 2414 2919 μέλια
2448 2847 2586 2903 Σιὼν
2630 2848 2942 2919 τεθειμένος
2989 2850 3142 2922 παρά
3181 2850 3278 2905 τοῦ
3306 2851 3444 2905 Θεοῦ
3476 2853 3571 2906 καὶ
3605 2854 3852 2923 Πατρός.

2254 2938 2449 3010 Ἀθρει
2490 2938 2545 2992 δέ
2579 2956 2672 3010 μοι
2705 2939 2841 3010 πρὸς
2880 2939 3055 3012 τούτῳ
3091 2941 3186 2995 καὶ
3221 2942 3343 2996 τίνα
3383 2943 3668 3014 κέχρισται
3715 2944 3856 3016 τρό-

2251 3044 2384 3080 πον’
2415 3028 2476 3082 οὐ
2503 3027 2612 3099 γὰρ
2648 3027 2767 3081 ὅλον
2813 3028 2878 3081 δι’
2914 3028 3038 3081 ὅλου
3078 3027 3157 3100 τῷ
3188 3028 3352 3100 ἐλαίῳ
3404 3030 3696 3083 κατέδευσε
3730 3031 3852 3102 ita.

2252 3118 2574 3191 κατέχευσε]
2617 3118 2709 3173 τὸν
2737 3118 2884 3173 λίθον
2909 3121 2938 3173 ό
2967 3118 3255 3185 θεσπέσιος
3293 3112 3488 3175 Ἰακώϐ
3511 3138 3526 3155 ο
3560 3122 3757 3193 ἐπέχεε
3794 3124 3854 3177 δὲ

565 3209 803 3267 Verbum
846 3182 1201 3277 est,ﬁunctus
1244 3214 1366 3273 est;
1406 3220 1532 3262 nam
1582 3182 1854 3275 quomodo
1901 3219 2031 3261 suus
2074 3206 2148 3260 illi

2257 3182 2459 3282 μᾶλλον
2498 3182 2590 3265 sit
2626 3212 2688 3265 τὸ
2718 3212 2887 3282 ἄκρον
2912 3211 3100 3268 αὑτοῦ.
3134 3182 3366 3281 Οὐκοῦν,
3390 3213 3458 3267 ἵν’
3477 3182 3855 3277 οὕτωςἐῐπω-

564 3302 791 3373 spiritus
833 3301 1143 3371 impertitus
1199 3299 1424 3369 intelligi
1476 3298 1682 3370 possit?
1719 3298 1812 3353 sed
1858 3297 2059 3367 ponus,
2090 3306 2155 3353 ut

564 3393 699 3460 dixi,
730 3394 785 3448 in
817 3402 1070 3448 extremo
1093 3392 1335 3462 ungitur,
1367 3391 1473 3444 hoc
1502 3401 1608 3455 est,
1644 3389 1906 3453 exterius,
1942 3397 1999 3441 et
2033 3396 2155 3441 tan-

502 3469 512 3476 ’
565 3499 729 3556 quam
764 3485 820 3540 in
855 3494 1012 3553 parte
1042 3494 1207 3552 atque
1240 3492 1511 3546 extremo,
1548 3479 1805 3534 nimirum
1838 3478 1890 3532 in
1924 3492 2028 3533 suo
2056 3491 2155 3547 per

565 3590 754 3632 veram
777 3575 1033 3631 unionem
1056 3588 1284 3643 corpore
1312 3589 1334 3628 :
1363 3582 1420 3628 et
1449 3572 1593 3628 sicut
1625 3586 1819 3641 passus
1842 3584 1967 3625 esse
1988 3583 2157 3625 came

568 3668 771 3725 dicitur
790 3666 1107 3722 humanitus
1127 3667 1199 3731 υ,
1229 3664 1481 3736 quamvis
1513 3676 1609 3733 per
1639 3673 1888 3716 naturam
1919 3669 1979 3715 ut
2010 3658 2157 3714 Deus

568 3767 716 3814 esset
741 3756 1130 3828 impassibiiis,
1170 3756 1245 3811 ita
1290 3754 1614 3825 intelligitur
1639 3762 1834 3807 unctus
1858 3749 2151 3806 secundum

569 3850 995 3914 immanitatem,
1047 3849 1177 3904 licet
1229 3857 1402 3918 ungat
1455 3847 1575 3917 ipse
1629 3860 1727 3900 suo
1770 3842 1963 3914 spiritu
2016 3855 2154 3913 quos

572 3942 743 4014 ipsius
773 3942 1118 3997 sanctitatem
1150 3940 1476 4012 participare
1503 3938 1683 3994 decet.
1710 3936 1788 3991 ita
1824 3950 1919 3991 nos
1944 3942 1998 3989 ct
2025 3948 2154 3989 sen-

574 4035 678 4089 tire
719 4033 1031 4095 statuimus,
1088 4040 1144 4084 et
1192 4041 1343 4085 recte
1383 4029 1597 4099 ingredi
1638 4027 2041 4087 consuevimus,
2096 4031 2156 4078 ut

572 4125 721 4196 regia
746 4134 1021 4191 rectaque
1048 4122 1134 4175 via
1178 4120 1484 4174 tendamus.
1529 4119 1651 4187 Ipse
1692 4131 1822 4171 vero
1853 4130 1976 4169 cum
2011 4113 2156 4182 ejus-

573 4216 718 4272 modi
760 4216 979 4271 nomina
1012 4217 1146 4270 duas
1195 4224 1420 4267 naturas
1448 4210 1758 4279 signiﬁcare
1790 4207 1956 4271 dicat,
1990 4205 2158 4261 alter-

574 4307 682 4362 utri
713 4308 857 4378 quod
888 4307 989 4361 sibi
1018 4305 1223 4375 placuit
1258 4319 1355 4372 pro
1384 4316 1486 4357 suo
1507 4299 1736 4355 arbitrio
1773 4298 1983 4364 tribuit,
2013 4299 2157 4354 etde

575 4398 874 4454 humilibus
908 4399 1091 4453 verbis
1138 4398 1203 4451 ad
1249 4395 1438 4450 carnis
1482 4391 1943 4462 dispensationem
1985 4391 2156 4461 perti-

2258 3319 2378 3373 μεν,
2406 3303 2505 3373 οὐχ
2535 3302 2703 3367 ἀπας,
2730 3302 2854 3356 οὔτε
2880 3303 2987 3374 μὴν
3081 3304 3253 3373 Λόγος
3282 3304 3430 3358 ἐστὶν
3458 3304 3486 3358 ό
3510 3306 3852 3377 Μονογενης,

2255 3395 2335 3457 είς
2371 3392 2506 3446 ίδίαν
2529 3392 2692 3457 αὐτὸς
2725 3393 3021 3466 κέχρισται
3050 3393 3233 3463 φύσιν
3267 3394 3409 3466 (πῶς
3437 3395 3546 3468 γὰρ
3578 3396 3644 3451 ἀν
3673 3401 3856 3453 νοοῖτο

2256 3483 2610 3555 μετεσχηκὼς
2637 3484 2734 3539 τοῦ
2770 3483 2900 3539 ίδίου
2930 3485 3246 3558 πνεύματος
3267 3488 3308 3558 ς)
3357 3490 3571 3560 χρίεται
3598 3490 3656 3544 δὲ
3704 3493 3854 3561 μᾶλ-

2252 3574 2364 3639 λον,
2394 3574 2470 3638 ὡς
2513 3574 2670 3649 ἔφην,
2700 3576 2794 3629 ἐπὶ
2836 3578 2900 3631 τὸ
2934 3577 3123 3649 ἄκρον,
3173 3581 3477 3644 τουτέστιν,
3523 3579 3849 3651 ἑξωφανῶς,

2254 3665 2352 3718 καὶ
2377 3659 2488 3718 οἷον
2528 3666 2587 3718 ὲν
2624 3665 2780 3737 μέρει
2809 3666 2905 3721 καὶ
2930 3666 3085 3740 ἄκρῳ
3111 3667 3187 3739 τῷ
3233 3668 3354 3722 καθ’
3379 3668 3573 3723 ἕνωσιν
3596 3670 3695 3742 τὴν
3717 3671 3853 3741 ἀλη-

2256 3755 2409 3827 θινὴν
2440 3756 2555 3826 ἰδίῳ
2588 3755 2833 3827 σώματι·
2865 3758 2960 3811 καὶ
2988 3756 3178 3831 ὥσπερ
3205 3758 3424 3828 λέγεται
3455 3759 3649 3813 παθεῖν
3679 3777 3853 3833 σαρκι

2254 3846 2633 3917 ἀνθρωπίνως,
2662 3845 2844 3900 καίτοι
2882 3846 2980 3919 τὴν
3020 3849 3181 3917 φύσιν
3213 3849 3474 3920 ὑπάρχων
3511 3849 3725 3921 ἀπαθὴς
3772 3851 3852 3913 ὼς

2255 3936 2387 3999 Θεός
2407 3951 2420 3964 '
2457 3934 2603 3989 οὕτω
2636 3938 2840 3990 νοεῖται
2867 3936 3225 4009 κεχρισμένος
3258 3938 3401 3991 κατά
3433 3955 3496 4005 γε
3534 3935 3596 3991 τὸ
3630 3937 3851 4008 ἀνθρώ-

2256 4043 2436 4093 πινον,
2481 4026 2659 4080 καίτοι
2692 4027 2865 4100 χρίων
2904 4028 3066 4091 αὐτὸς
3114 4029 3193 4099 τῷ
3239 4028 3355 4098 ἰδίῳ
3398 4028 3671 4099 πνεύματι
3715 4030 3852 4093 τοὺς

2256 4113 2338 4182 οἷς
2385 4116 2454 4173 ἂν
2489 4118 2691 4190 πρέποι
2748 4120 3075 4190 μεταλαχεῖν
3140 4119 3241 4190 τῆς
3300 4121 3594 4192 ἁγιότητος
3648 4120 3845 4175 αὐτοῦ.

2270 4210 2408 4264 Ἀλλ’
2453 4211 2615 4281 ἡμεῖς
2664 4212 2763 4283 μὲν
2808 4206 2910 4266 ὧδέ
2961 4230 3019 4266 τε
3077 4215 3294 4284 φρονεῖν
3349 4212 3702 4283 ἐγνώκαμεν,
3750 4214 3851 4267 καὶ

2256 4302 2568 4376 ὀρθοποδεῖν
2620 4303 2942 4377 είθίσμεθα,
2991 4306 3091 4376 τὴν
3135 4305 3419 4376 βασιλικήν
3457 4322 3516 4358 τε
3551 4304 3643 4359 καὶ
3686 4305 3851 4360 ἀδιά-

2260 4411 2495 4467 στροφον
2525 4396 2814 4467 ἐρχόμενοι
2843 4398 3050 4469 τρίϐον.
3093 4397 3411 4469 Σημαντικά
3440 4398 3497 4452 δὲ
3530 4396 3704 4464 λέγων
3746 4400 3851 4452 αύ-

575 4491 831 4545 nentibus
879 4488 1153 4543 erubescit
1205 4496 1308 4541 :et
1366 4484 1615 4553 quamvis
1668 4482 1884 4536 beatum
1928 4480 2148 4534 Paulum

2261 4488 2352 4551 τὸς
2385 4487 2497 4541 τῶν
2543 4487 2636 4540 δύο
2666 4487 2880 4556 φύσεων
2917 4489 2985 4541 τὰ
3016 4489 3193 4543 τοιάδε
3224 4488 3330 4541 τῶν
3372 4488 3671 4558 ὀνομάτων,
3714 4488 3849 4541 ἑκα-

574 4582 759 4635 audiat
789 4583 1056 4635 dicentem
1093 4597 1108 4633 :
1141 4598 1158 4629 ι
1191 4576 1334 4631 Misit
1368 4574 1512 4629 Deus
1538 4573 1734 4627 Filium
1770 4588 1927 4627 suum
1953 4572 2156 4627 factum

573 4690 637 4729 ea
685 4672 934 4737 muliere,
977 4672 1178 4725 factum
1210 4671 1313 4724 sub
1340 4669 1457 4737 lege
1479 4668 1536 4731 ις
1568 4685 1587 4718 ι
1619 4669 1823 4733 Apage,
1861 4665 2056 4734 inquit,
2088 4679 2156 4717 ne

574 4763 812 4818 Verbum
858 4777 925 4817 ex
981 4761 1092 4816 Deo
1140 4770 1329 4814 natum
1380 4770 1500 4813 esse
1539 4756 1760 4811 missum
1811 4765 2008 4824 putes:
2046 4768 2151 4808 non

572 4856 717 4910 enim
747 4870 813 4909 ex
860 4854 1088 4909 muliere
1120 4852 1325 4906 factum
1363 4859 1468 4915 est,
1510 4862 1617 4902 non
1650 4847 1852 4900 factum
1884 4846 1983 4900 sub
2013 4845 2148 4914 iege.

569 4947 747 5016 Atque
795 4955 853 4999 ut
893 4944 1249 4999 ostendamus
1306 4941 1453 5010 quod
1511 4938 1741 4994 dicimus
1794 4953 1900 4990 non
1953 4952 2149 4989 vanum

570 5051 694 5093 esse
720 5036 1058 5107 ﬁgmentum,
1087 5033 1184 5088 sed
1209 5033 1375 5102 ipsius
1403 5046 1500 5085 nos
1527 5030 1602 5084 uti
1626 5030 1866 5092 vocibus,
1894 5030 2007 5098 ipsa
2034 5029 2147 5097 jam

573 5142 762 5182 rursus
789 5126 903 5193 eius
933 5126 1095 5180 verba
1126 5124 1179 5178 in
1208 5125 1442 5179 medium
1478 5121 1724 5176 aderam.

2262 4580 2395 4652 τέρᾳ
2430 4580 2492 4634 τδ
2530 4580 2720 4634 δοκοῦν
2764 4581 3029 4650 ἀπονέμει
3062 4580 3179 4650 μετ’
3205 4579 3484 4644 ἐξουσίαςο
3518 4581 3611 4633 καὶ
3640 4580 3702 4632 τὸ
3746 4580 3852 4649 μὲο

2261 4687 2411 4741 τριον
2438 4671 2515 4734 εἰς
2552 4670 2746 4738 λόγους
2773 4671 2873 4740 τῆς
2908 4668 3046 4739 μετά
3073 4669 3275 4741 σαρκὸς
3304 4670 3614 4739 οἰκονομίας
3650 4669 3850 4738 αἰσχύ-

2262 4776 2440 4812 νεται·
2472 4760 2579 4813 κᾶν
2617 4758 2827 4832 ἀκούσῃ
2872 4759 3123 4826 λέγοντος
3156 4758 3257 4811 τοῦ
3285 4758 3556 4829 μακαρίου
3592 4757 3845 4812 Παύλουο

2264 4870 2283 4903 ι
2320 4851 2733 4916 Ἐξαπέστειλεν
2761 4853 2788 4903 ό
2811 4850 2944 4914 Θεὸς
2968 4851 3062 4903 τὸν
3085 4851 3214 4904 Υίδν
3243 4849 3753 4919 αὐτοῦ,⁷γενόμενον
3780 4850 3846 4901 ὲκ

2258 4944 2536 5010 γυναικὸς,
2576 4943 2868 5014 γενόμενον
2898 4943 3002 4995 ὑπὸ
3038 4942 3232 5012 νόμον·
3264 4962 3281 4994 ι
3310 4944 3543 5010 Ἀπαγε,
3580 4941 3735 5011 φησὶ,
3766 4943 3843 5012 μὴ

2255 5034 2346 5088 τὸν
2383 5037 2447 5088 ὲκ
2485 5036 2619 5088 Θεοῦ
2661 5037 2835 5106 φύντα
2877 5035 3046 5103 Λόγον
3092 5032 3429 5087 ἀπεστάλθαι
3476 5032 3733 5103 νομίσῃς’
3779 5033 3843 5083 ού

2256 5128 2363 5200 γάρ
2388 5128 2610 5197 γέγονεν
2634 5130 2697 5182 ὲκ
2730 5128 2990 5197 γυναικός
3010 5143 3022 5158 ·
3050 5128 3110 5180 ού
3148 5127 3369 5195 γέγονεν
3391 5124 3493 5178 ὑπὸ
3529 5126 3693 5194 νόμον
3715 5138 3730 5154 ·
3757 5122 3845 5175 ὅτι

569 5224 623 5277 δὲ
643 5224 704 5275 οὗ
745 5220 1081 5292 φενακισμὸς
1104 5221 1311 5282 εἶκαῖοῖ
1347 5219 1417 5272 τὰ
1449 5216 1796 5288 παρ’ἠμῶν’
1828 5213 2153 5284 κεχρήμεθα
2190 5219 2247 5272 δὲ
2303 5223 2503 5294 μᾶλλον
2562 5226 2680 5287 ταῖς
2739 5222 2905 5277 αὑτοῦ
2957 5224 3195 5292 φωναῖς,
3248 5220 3387 5275 αὐτὰ
3436 5219 3499 5290 δὴ
3545 5218 3708 5272 πάλιν
3763 5221 3844 5281 είς

570 5313 735 5382 μέσον
766 5311 896 5363 οἴσω
926 5309 995 5363 τὰ
1022 5310 1305 5381 εἰρημένα.
1809 5379 1813 5383 _

639 5407 903 5479 [Nssrom
945 5407 1093 5461 Misit
1113 5407 1281 5467 enim,
1311 5405 1501 5473 inquit,
1549 5404 1686 5458 Deus
1729 5401 1925 5456 Filium
1969 5416 2148 5464 suum,

572 5511 753 5553 natum
789 5514 855 5554 ex
895 5499 1142 5564 muliere,
1214 5499 1411 5552 factum
1461 5497 1559 5550 sub
1598 5495 1731 5566 lege.
1767 5494 1879 5549 iloc
1911 5494 2029 5548 loco
2076 5495 2153 5548 in-

573 5591 712 5647 dicat
747 5591 966 5662 quidem
1013 5592 1147 5645 duas
1180 5599 1421 5656 naturas,
1456 5589 1551 5643 sed
1602 5587 1655 5641 id
1704 5588 1838 5641 dicit
1864 5588 2005 5656 quod
2043 5586 2147 5641 bu-

648 5769 689 5800 ’τ
714 5768 849 5824 Gen.
881 5783 1069 5833 xxvut,
1110 5767 1297 5824 l2-l8.
1373 5766 1418 5798 "
1445 5765 1546 5821 lsa.
1572 5780 1760 5829 xxvul,
1804 5764 1889 5820 l6.
1963 5764 2050 5818 "l
2080 5764 2221 5818 Pclt'.
2253 5780 2326 5827 ιν,
2365 5763 2411 5815 l.

2320 5401 2733 5474 [Ἐξαπέστειλε
2766 5403 2894 5474 γὰρ,
2924 5404 3108 5476 φησὶν,
3141 5403 3168 5455 ὁ
3197 5403 3327 5467 Θεὸς
3354 5401 3446 5454 τὸν
3487 5402 3614 5455 Υίδν
3642 5402 3838 5467 αὐτοῦ,

2247 5494 2540 5565 γενόμενον
2591 5495 2654 5547 ἐκ
2695 5496 2985 5563 γυναικὸς,
3028 5494 3321 5564 γενόμενον
3360 5493 3466 5545 ὑπὸ
3497 5492 3679 5561 νόμον.
3720 5493 3842 5545 Ἐν-

2247 5587 2422 5641 ταίθα
2478 5588 2673 5660 μηνύει
2729 5589 2830 5659 μὲν
2868 5588 2965 5651 τὰς
3007 5586 3100 5641 δύο
3152 5585 3382 5656 φύσεις⁸
3421 5585 3483 5639 τδ
3537 5584 3842 5655 συμϐαῖνον

2492 5764 2708 5817 ⁸(ὶιι1ιιι.
2747 5774 2816 5829 It",
2853 5768 2903 5820 4,
