4024 6482
604 370 677 429 '15
1229 382 1241 388 ‘
1591 367 1652 421 S.
1690 363 1964 420 CYRILLI
2006 360 2473 418 ALEXANDRINI
2515 363 2827 421 ARCHIEP.
3794 368 3868 420 76

607 491 825 554 inquam
859 494 913 540 et
953 482 1117 539 Deus.
1156 483 1237 536 Ac
1274 482 1317 537 si
1363 496 1469 537 non
1493 480 1669 537 factus
1693 492 1839 539 esset
1861 483 2052 544 homo.
2081 496 2177 535 ne—

2289 481 2445 551 νόμον
2471 482 2724 551 λέγεσθαι
2753 485 2847 538 τὸν
2872 486 2935 537 ὲκ
2970 483 3107 538 Θεοῦ
3142 483 3355 553 Ila-:91»;
3385 482 3717 552 γεγενῆσθαι
3760 485 3870 536 Δό-

603 592 708 646 que
734 576 902 632 etiam
946 576 1050 630 sub
1084 575 1198 643 lege
1239 573 1415 628 factus
1450 572 1656 630 fuisset.
1686 573 1790 629 Sed
1824 575 1948 643 quia
1994 586 2176 626 verum

602 679 687 722 est
723 666 961 737 seipsum
990 665 1327 728 humiliasse,
1373 665 1463 732 qui
1494 679 1560 720 ex
1603 675 1795 721 natura
1829 679 1921 719 sua
1964 677 2179 717 sursum

604 766 720 811 crat
748 771 811 812 ac
852 755 1121 817 sublimis.
1174 764 1230 810 et
1260 768 1523 823 praeterea
1560 757 1758 811 factum
1803 769 1923 810 esse
1948 752 2057 825 ιο
2079 767 2179 807 no-

607 853 706 905 stri
738 851 996 915 similem,
1025 851 1117 918 qui
1148 864 1311 917 supra
1350 862 1569 904 omnem
1600 855 1905 901 creaturam
1939 853 2078 906 erat,
2125 852 2179 896 et

607 956 729 995 cum
769 940 919 995 dives
947 948 1114 1003 esset,
1145 952 1441 1009 pauperem
1484 936 1686 991 factum
1710 948 1831 989 esse
1865 934 1917 988 iu
1947 949 2011 987 eo
2038 933 2181 1002 quod

608 1044 691 1085 est
728 1032 904 1085 factus
934 1030 1129 1085 similis
1165 1029 1343 1085 nostri
1370 1028 1437 1093 “,
1471 1026 1740 1096 quomodo
1767 1027 1917 1079 nefas
1956 1024 2029 1078 sit
2057 1038 2180 1077 eum

608 1123 789 1177 dicere
837 1122 1035 1177 factum
1088 1135 1208 1175 esse
1267 1119 1547 1175 nobiscum
1598 1133 1661 1172 ac
1701 1117 1803 1171 sub
1854 1115 2012 1185 lege?
2045 1114 2181 1180 Quid

610 1214 795 1268 enim?
830 1230 896 1267 an
926 1228 1031 1267 non
1071 1224 1217 1268 reete
1249 1212 1514 1266 sentimus
1545 1223 1667 1264 cum
1700 1210 1945 1261 humanae
1974 1214 2183 1259 natura:

615 1322 919 1361 mensuram
950 1317 1201 1375 putamus
1231 1320 1296 1359 eo
1324 1303 1557 1365 deliniri,
1586 1302 1727 1371 quod
1759 1300 1830 1355 sit
1858 1299 1958 1368 legi
2000 1298 2182 1367 subje-

610 1396 737 1450 cta?
774 1410 896 1449 nam
926 1395 1018 1450 illa
1049 1394 1225 1449 soluta
1254 1402 1307 1447 et
1340 1406 1502 1460 supra
1535 1392 1703 1461 legem
1735 1389 2002 1452 essentia,
2031 1396 2086 1440 et
2115 1402 2181 1440 ex

611 1497 805 1540 natura
842 1499 903 1540 ac
940 1499 1066 1542 vere
1117 1484 1309 1551 libera,
1355 1482 1488 1537 nihil
1522 1482 1668 1537 aliud
1711 1495 1833 1535 esse
1861 1488 2039 1550 potest
2078 1479 2182 1533 nisi

616 1578 755 1631 Deus
780 1595 793 1629 :
820 1591 947 1646 ergo
979 1592 1099 1631 cum
1134 1574 1371 1629 Verbum
1403 1574 1602 1627 factum
1630 1581 1711 1627 est
1732 1587 1881 1635 caro,
1915 1581 2025 1625 tum
2050 1585 2187 1639 quo-

609 1683 714 1735 que
756 1666 856 1721 sub
898 1668 1011 1737 lege
1066 1666 1267 1721 factum
1311 1674 1395 1719 est
1427 1683 1441 1718 :
1476 1678 1598 1719 nam
1643 1677 1748 1718 una
1789 1678 1911 1716 cum
1971 1662 2055 1716 his
2094 1661 2183 1729 qui

616 1758 873 1810 tributum
919 1757 1247 1826 pendebant,
1298 1754 1610 1809 didraclnna
1642 1754 1822 1824 posuit
1846 1752 1911 1818 ",
1943 1751 2187 1821 quamvis

610 1863 674 1900 ex
725 1862 821 1900 sua
872 1856 1066 1901 natura
1116 1846 1257 1900 liber
1298 1857 1461 1910 esset,
1499 1855 1682 1913 utpote
1714 1842 1855 1899 Deus
1881 1857 1944 1898 ac
1994 1842 2184 1904 Filius,

612 1954 676 1991 ac
704 1937 867 1990 etiam
900 1950 965 1991 eo
1006 1947 1253 2005 tempore
1288 1952 1395 2005 quo
1425 1938 1630 1989 factum
1662 1943 1745 1989 est
1778 1949 1928 1989 caro.
1964 1932 2059 1987 Sin
2091 1934 2184 1988 tibi

613 2029 791 2097 placet
833 2044 997 2080 unum
1042 2028 1094 2080 in
1152 2029 1257 2081 duo
1293 2026 1557 2093 dividere,
1602 2036 1657 2081 et
1699 2042 1823 2080 eum
1870 2026 1961 2095 qui
1993 2034 2079 2079 est
2119 2039 2185 2077 ex

612 2119 861 2183 muliere,
890 2116 1115 2171 seorsim
1148 2118 1421 2172 hominem
1464 2120 1838 2187 pronuntiare,
1876 2132 2110 2189 quonam
2144 2119 2189 2171 is

619 2211 775 2263 modo
822 2209 923 2262 sub
967 2209 1081 2278 lege
1130 2209 1302 2261 factus
1333 2210 1545 2262 dicetur
1591 2211 1685 2278 qui
1735 2220 1940 2263 natura:
1983 2211 2057 2265 sit
2088 2210 2189 2264 sub

619 2303 733 2369 lege
758 2298 983 2367 positae?
1020 2298 1131 2351 Non
1160 2299 1303 2351 enim
1338 2300 1481 2367 quod
1511 2298 1621 2367 jam
1649 2308 1734 2353 est
1760 2300 1863 2368 legi
1891 2299 2188 2362 subditum,

618 2389 671 2442 id
713 2385 828 2440 ﬁeri
861 2387 961 2440 sub
986 2387 1100 2454 lege
1133 2395 1335 2455 potest,
1364 2389 1456 2440 sed
1495 2387 1545 2439 id
1570 2389 1710 2454 quod
1751 2400 2001 2442 naturam
2023 2388 2191 2443 habet

620 2479 735 2545 lege
773 2477 1128 2546 superiorem,
1172 2489 1228 2530 et
1261 2486 1411 2529 extra
1446 2476 1641 2545 legem.
1674 2475 1801 2532 Sola
1835 2489 1916 2533 est
1935 2480 2103 2545 enim,
2135 2489 2190 2533 ut

620 2568 752 2635 elixi,
792 2568 881 2621 illa
912 2567 1089 2620 divina
1128 2581 1489 2635 supremaque
1518 2577 1709 2622 natura
1738 2577 1791 2623 et
1827 2569 1966 2622 ultra
1995 2570 2187 2637 legem,

620 2668 672 2712 et
710 2665 967 2726 praeterea
1006 2655 1198 2722 libera,
1234 2665 1289 2709 et
1331 2671 1449 2724 quae
1497 2657 1601 2711 sibi
1640 2658 1953 2727 praefectum
2000 2658 2193 2714 habeat

620 2761 844 2818 prorsus
878 2746 1173 2813 neminem,
1206 2746 1301 2799 sed
1348 2746 1465 2815 ipsa
1498 2746 1569 2800 sit
1608 2748 1789 2816 potius
1820 2749 2189 2803 universorum

620 2838 859 2901 domina,
907 2848 965 2892 et
1002 2834 1258 2890 omni—bus
1315 2829 1476 2891 rebus
1524 2851 1635 2891 sua:
1684 2838 2071 2893 dominationis
2105 2837 2193 2907 ju-

621 2950 745 3001 gum
778 2935 1039 3003 imponat.
1072 2931 1176 2987 Sed
1210 2932 1313 2987 iste
1343 2932 1424 2986 vir
1450 2947 1480 2985 a
1518 2939 1667 2985 recta
1716 2929 2073 2983 ratiocinandi
2104 2928 2190 2981 via

620 3041 745 3081 cum
791 3025 1079 3089 aberrarit,
1112 3026 1165 3079 in
1212 3040 1332 3079 eam
1378 3034 1463 3079 est
1511 3012 1759 3092 delapsus
1804 3021 2189 3091 cogitationum

2280 590 2397 642 γον.
2440 575 2580 627 Ἀλλ’
2618 575 2773 629 οῦδὲν
2818 577 2874 629 ἐν
2906 576 3079 645 τούτῳ
3109 574 3171 626 τὸ
3216 574 3408 643 δεῖμα·
3444 573 3721 643 μεμένηκε
3750 573 3871 643 γὰρ

2280 666 2308 717 ὃ
2353 662 2455 737 ἦν’
2503 666 2800 738 νομοθέτης
2827 667 3066 738 δηλονότι
3100 664 3197 719 καὶ
3241 664 3393 729 Θεός.
3426 664 3538 717 Καὶ
3570 665 3617 716 εί
3660 664 3764 733 μὲν
3806 664 3873 716 οὐ

2280 756 2507 825 γέγονεν
2534 757 2839 828 ἄνθρωπος.
2873 759 2933 810 οὐ
2961 756 3184 826 γέγονεν
3211 756 3318 809 ὑπὸ
3348 756 3533 825 νόμον.
3552 755 3783 825 Ἐπειδὴ
3811 754 3874 807 δέ

2282 851 2429 902 ἐστιν
2464 847 2682 920 ἀληθὲς.
2705 848 2788 902 ὃτι
2816 848 3212 901 τεταπείνωκεν
3243 846 3435 901 ἑαυτὸν
3460 848 3489 900 ὁ
3531 846 3678 899 κατὰ
3700 844 3874 914 φύσιν

2286 940 2426 994 ίδίαν
2460 940 2572 993 ἄνω
2609 956 2712 992 που
2744 939 2838 992 καὶ
2864 939 3099 1010 ὑψηλόςο
3148 935 3267 992 εἶτα
3295 939 3486 1007 γέγονε
3519 938 3642 992 καθ’
3677 937 3833 1008 ἡμᾶς
3853 976 3869 998 ,

2281 1034 2310 1085 ὁ
2340 1033 2481 1105 ὑπὲρ
2516 1036 2697 1088 πᾶσαν
2741 1033 2841 1105 τὴν
2882 1033 3056 1088 κτίσιν
3076 1050 3090 1063 ’
3125 1035 3222 1087 καὶ
3252 1032 3508 1096 πλούσιος
3537 1031 3635 1097 ὢν,
3685 1030 3876 1085 smn.

2283 1142 2445 1197 χευσε
2491 1125 2579 1179 διὰ
2620 1124 2716 1178 τοῦ
2745 1124 2997 1194 γενέσθαι
3024 1123 3144 1178 καθ’
3174 1126 3343 1196 ἡμᾶς,
3382 1123 3501 1186 πῶς
3531 1125 3633 1178 οὐκ
3670 1123 3741 1177 ἂν
3778 1123 3873 1175 λέ·

2283 1231 2434 1285 γοιτο
2465 1216 2585 1286 μεθ’
2608 1217 2764 1287 ἡμῶν
2794 1215 3049 1284 γενέσθαι
3076 1216 3170 1268 καὶ
3197 1215 3302 1267 ὑπὸ
3338 1214 3536 1286 νόμον;
3568 1213 3602 1285 ἢ
3638 1212 3767 1284 [ια.
3795 1208 3872 1283 ἦ]

2283 1308 2393 1377 γὰρ
2433 1310 2494 1360 οὐ
2544 1307 2870 1377 λογιούμεθα
2918 1305 3244 1377 φρονοῦντες
3275 1305 3489 1377 ὀρθῶς,
3535 1305 3597 1358 τὸ
3625 1305 3726 1376 τῆς
3776 1306 3874 1358 ἀν-

2286 1397 2505 1468 Θρὼπου
2536 1398 2750 1465 φύσεως
2776 1396 3054 1467 ὁρίζεσθαι
3100 1398 3319 1467 μέτρον,
3362 1394 3437 1460 ὼς
3463 1394 3520 1449 ἐν
3548 1411 3613 1464 γε
3641 1393 3722 1464 τῷ
3755 1394 3874 1447 δεῖν

2284 1490 2380 1543 καὶ
2425 1489 2747 1542 ὑποκεῖσθαι
2794 1490 2977 1559 νόμῳ;
3022 1489 3085 1541 τὸ
3128 1490 3236 1559 γὰρ
3280 1488 3477 1556 ἄφετόν
3504 1504 3561 1540 τι
3602 1489 3698 1540 xui.
3727 1487 3871 1558 ὑπὲρ

2286 1578 2468 1648 νόμον,
2500 1576 2658 1646 φύσει
2684 1594 2743 1629 τε
2776 1577 2870 1629 καὶ
2902 1575 3115 1645 ἀληθῶς
3145 1573 3428 1645 ἐλεύθερον
3463 1573 3549 1641 εἴη
3579 1572 3643 1626 ἂν
3667 1573 3870 1643 ἕτερον

2285 1669 2458 1735 οὐδὲν,
2494 1668 2634 1739 πλὴν
2681 1668 2763 1721 ὅτι
2794 1667 2856 1720 τὸ
2885 1668 3055 1720 Θεῖον·
3103 1665 3299 1719 οὐκοῦν
3327 1665 3415 1718 ὅτε
3446 1663 3638 1732 γέγονε
3688 1661 3835 1733 σὰρξ
3857 1701 3871 1723 ,

2288 1763 2410 1815 τότε
2456 1762 2647 1829 γέγονε
2693 1762 2786 1815 καὶ
2860 1759 2966 1813 ὑπὸ
3009 1760 3206 1830 νόμονο
3252 1756 3566 1811 συνετέλεσε
3605 1755 3716 1825 γὰρ
3753 1756 3873 1815 τοῖς

2287 1851 2678 1923 δασμολογοῦσι
2706 1851 2764 1903 τὸ
2792 1850 3116 1922 δίδραχμον
3149 1848 3323 1901 καίτοι
3362 1847 3504 1900 κατὰ
3535 1846 3697 1914 φῦσιν
3731 1845 3873 1898 ἰδίαν

2288 1943 2572 2013 ἐλεύθερος
2594 1942 2691 2007 ὣν,
2718 1943 2793 2005 ὡς
2816 1942 2946 2005 Θεὸς
2968 1940 3061 1994 καὶ
3086 1941 3230 2003 Υἱὸς,
3258 1939 3353 1993 καὶ
3376 1940 3465 1991 ὅτε
3489 1940 3680 2007 γέγονε
3703 1936 3869 2006 σάρξ.

2288 2036 2352 2089 Εί
2381 2034 2438 2088 δέ
2468 2051 2549 2087 σοι
2576 2034 2724 2087 δοκεῖ
2752 2033 2840 2086 τὸν
2886 2033 2981 2085 ἕνα
3011 2033 3231 2102 τέμνειν
3259 2032 3339 2095 είς
3368 2030 3495 2096 δύο,
3542 2030 3635 2082 καὶ
3680 2028 3873 2091 ίδικῶς

2288 2126 2420 2197 ἡμῖν
2452 2125 2737 2196 ἄνθρωπον
2768 2123 3089 2194 ἀποφαίνειν
3119 2123 3209 2175 τὸν
3238 2124 3302 2175 ὲκ
3330 2120 3587 2189 γυναικὸς
3606 2161 3621 2184 ,
3648 2120 3770 2182 πῶς
3804 2120 3871 2172 ἂν

2289 2216 2498 2284 λέγοιτο
2542 2215 2791 2283 γενέσθαι
2822 2215 2915 2266 καὶ
2944 2213 3048 2266 ὑπὸ
3076 2213 3258 2282 νόμον,
3308 2213 3336 2263 ὁ
3387 2211 3488 2279 τῆς
3534 2210 3640 2263 ὑπὸ
3691 2210 3865 2279 νόμον

2291 2307 2503 2375 φύσεως
2534 2305 2638 2370 (Iw;
2679 2306 2752 2357 Οὐ
2784 2305 2893 2374 γάρ
2921 2321 3002 2356 τοι
3030 2304 3089 2358 τὸ
3118 2304 3256 2374 ἕχον,
3289 2302 3349 2355 τὸ
3390 2302 3498 2355 δεῖν
3542 2299 3869 2354 ὑποκεῖσθαι

2290 2399 2465 2468 νόμῳ,
2496 2398 2690 2465 γένοιτ’
2716 2398 2781 2450 ἂν
2809 2395 2914 2448 ὑπὸ
2954 2395 3147 2466 νόμου,
3175 2394 3312 2447 ἀλλὰ
3336 2394 3395 2446 τὸ
3425 2392 3587 2461 φύσιν
3619 2392 3743 2461 ἔχον
3769 2392 3873 2462 τὴν

2292 2490 2431 2558 ὑπὲρ
2470 2489 2649 2558 νόμον,
2694 2489 2792 2540 καὶ
2837 2486 2940 2552 ἔξω
2990 2486 3175 2556 νόμον.
3214 2486 3363 2554 Μόνη
3411 2485 3542 2556 γὰρ,
3586 2485 3665 2547 ὡς
3701 2483 3871 2552 ἔφην,

2291 2580 2459 2643 ἐστὶν,
2509 2581 2543 2648 ἠ
2592 2576 2711 2630 θεία
2770 2594 2828 2629 τε
2863 2579 2959 2630 καὶ
2996 2576 3273 2646 ὑπερτάτη
3304 2574 3496 2643 φύσις,
3543 2574 3641 2627 καὶ
3682 2575 3870 2644 νόμων

2292 2667 2567 2729 ἐπέκεινα,
2602 2666 2695 2718 καὶ
2739 2666 2838 2735 μέν
2874 2682 2955 2717 τοι
3002 2665 3097 2717 καὶ
3139 2663 3435 2733 ἐλευθέρου
3482 2664 3578 2716 καὶ
3613 2661 3704 2714 τὸν
3746 2664 3869 2714 ὲπι-

2295 2758 2495 2827 στάτην
2551 2758 2754 2826 ἔχουσα
2801 2753 3079 2818 παντελῶς
3130 2753 3342 2819 οὐδένα,
3393 2752 3745 2822 κατάρχουσα
3814 2751 3873 2804 δὲ

2296 2849 2497 2920 μᾶλλον
2542 2848 2681 2916 αὑτὴ
2730 2847 2838 2900 τῶν
2865 2847 3023 2911 ὅλων,
3073 2845 3169 2899 καὶ
3201 2846 3334 2899 πᾶσι
3376 2844 3469 2897 τὸν
3499 2844 3696 2913 ἑαυτῆς
3736 2843 3872 2896 ὕπο·

2293 2941 2502 2994 τιθεῖσα
2544 2939 2728 3007 ζυγόν.
2779 2938 2837 2991 '0
2887 2938 2943 2990 δὲ
2989 2936 3250 3006 λογισμοῦ
3303 2934 3397 2989 τοῦ
3442 2934 3747 3006 πρέποντος
3796 2934 3875 2987 δι-

2295 3031 2649 3104 ημαρτηκὼς,
2671 3030 2986 3092 δυσσεδείας
3006 3031 3084 3092 είς
3098 3028 3255 3081 τοῦτο
3276 3027 3605 3081 κατώλισθεν
3625 3026 3871 3089 ἐννοιῶν,

623 3118 977 3187 impietatem,
1027 3123 1081 3169 et
1129 3129 1299 3184 usque
1352 3114 1488 3169 adeo
1538 3113 1604 3166 ad
1657 3125 1897 3167 summas
1946 3108 2187 3179 pervenit

2294 3126 2387 3177 καὶ
2420 3126 2500 3185 είς
2528 3123 2697 3192 ἄκρον
2731 3122 2855 3192 ἥκει
2887 3123 3206 3192 σκαιότητος
3228 3161 3245 3186 ,
3277 3120 3383 3174 ἀπό
3411 3137 3473 3189 γε
3506 3120 3601 3172 τοῦ
3639 3119 3870 3190 διαιρεῖν

625 3209 854 3278 ineptias
897 3223 962 3263 ex
997 3223 1060 3261 eo
1087 3208 1228 3277 quod
1267 3222 1437 3260 unum
1480 3205 1768 3260 Dominum
1817 3203 2000 3258 .lesum
2030 3201 2193 3256 Chri-

622 3312 762 3354 stum
797 3300 850 3353 in
886 3302 993 3353 duo
1020 3299 1231 3363 dividit,
1263 3308 1322 3352 ut
1353 3299 1613 3351 audacter
1633 3296 1831 3349 dixerit
1855 3294 2028 3363 ipsum
2063 3291 2191 3346 Em-

623 3392 923 3448 manuelem
964 3408 1138 3459 neque
1171 3406 1297 3445 vere
1334 3390 1502 3443 Deum
1537 3403 1678 3453 esse,
1726 3400 1902 3457 neque
1928 3396 2191 3455 prreterea

624 3484 920 3537 secundum
970 3494 1215 3535 ttaturam
1266 3479 1513 3534 Filium:
1554 3480 1637 3534 sic
1680 3495 1811 3533 vero
1868 3476 2192 3546 appellatum

620 3572 897 3626 Christum
920 3582 973 3626 et
994 3582 1264 3635 sanctum,
1294 3580 1353 3625 ut
1379 3570 1468 3624 alii
1495 3583 1712 3638 quoque
1751 3567 1994 3623 nonnulli
2023 3567 2190 3633 nostri

623 3663 849 3726 similes,
899 3673 991 3716 aut
1041 3663 1377 3731 impurorum
1429 3661 1734 3715 daemonum
1778 3660 2041 3713 cultores.
2095 3638 2189 3711 Sic

624 3770 855 3825 namque
891 3769 1078 3809 rursus
1105 3754 1239 3807 dixit
1270 3772 1282 3806 :

695 3845 959 3920 [Nm-ron.
1003 3847 1109 3901 Sed
1135 3847 1275 3900 sicut
1308 3844 1539 3899 dicimus
1568 3844 1733 3897 Demn
1773 3841 1917 3896 illum
1950 3840 2190 3894 omnium

621 3941 996 4002 Conditorem,
1037 3947 1090 3992 et
1124 3937 1282 3991 deum
1313 3936 1485 4005 ipsum
1511 3934 1691 3989 Mosen
1722 3950 1735 3985 :
1767 3952 1785 3983 ι
1817 3932 1983 3985 Deum
2023 3930 2189 3989 enim,

622 4033 816 4101 inquit,
853 4028 1003 4097 posui
1043 4038 1094 4079 te
1125 4026 1393 4080 Pharaoni
1418 4027 1504 4090 ης
1539 4044 1557 4078 ι
1607 4034 1663 4079 et
1697 4024 1870 4093 ipsum
1916 4020 2081 4074 Israel
2132 4020 2192 4071 li-

608 4104 751 4174 ;linm
815 4121 909 4173 Dei
950 4138 964 4171 :
1000 4115 1261 4180 «Filius,
1323 4115 1535 4184 inquit,
1589 4113 1979 4184 primogenilus
2042 4126 2193 4165 meus

623 4209 785 4265 lsrael
805 4209 886 4273 ‘3;
916 4226 933 4257 ι
969 4217 1027 4261 ut
1049 4207 1212 4261 etiam
1238 4204 1371 4258 Saul
1402 4206 1574 4275 ipsum
1605 4205 1835 4258 dicimus
1872 4202 2140 4257 Christum
2173 4218 2189 4255 :

628 4321 646 4351 ι
681 4299 921 4363 Minime,
948 4298 1141 4366 inquit,
1169 4297 1456 4351 extendam
1492 4310 1710 4349 manum
1743 4309 1914 4349 meam
1946 4293 1999 4347 in
2044 4307 2191 4357 eum,

622 4395 747 4462 quia
792 4391 1031 4446 christus
1061 4389 1271 4443 Domini
1301 4387 1487 4452 est“;
1525 4404 1542 4437 ι
1579 4397 1634 4441 et
1663 4387 1859 4456 Cyrum
1895 4384 2188 4439 similiter:

2293 3217 2375 3278 εἰς
2406 3213 2500 3267 δύο
2528 3214 2620 3268 τὸν
2643 3215 2745 3268 ἕνα
2788 3213 2995 3284 Κύριον
3034 3211 3242 3282 ’Ῑησοῦν
3275 3211 3529 3282 Χριστὸν,
3557 3211 3635 3273 ὼς
3662 3212 3870 3265 ἀνυπο-

2295 3306 2496 3370 στόλως
2525 3308 2730 3371 εἰπεῖν,
2774 3306 2912 3377 μήτε
2950 3304 3085 3358 Θεὸν
3115 3302 3353 3374 ἀληθῶς,
3413 3304 3551 3374 μήτε
3592 3303 3699 3373 μὴν
3735 3303 3866 3355 Υἰὺν

2293 3394 2431 3452 εἶναι
2482 3399 2623 3451 κατὰ
2666 3397 2826 3465 φύσιν
2876 3398 2966 3449 τὸν
3020 3396 3402 3467 Ἐμμανουήλ·
3443 3395 3760 3464 ὠνομάσθαι
3816 3395 3872 3447 δὲ

2292 3491 2434 3543 οὕτω
2466 3489 2701 3559 Χριστὸν
2734 3488 2830 3542 καὶ
2860 3488 3033 3557 ἅγιον,
3060 3488 3311 3559 καθάπερ
3344 3488 3533 3557 ἀμέλει
3565 3487 3657 3540 καὶ
3688 3486 3872 3557 ἕτεροί

2292 3600 2435 3645 τινες
2478 3582 2587 3635 τῶν
2633 3580 2753 3634 καθ’
2806 3582 2987 3652 ἡμᾶς,
3050 3581 3217 3650 ῆγουν
3272 3580 3381 3633 τῶν
3426 3580 3873 3650 λελατρευκότων

2294 3676 2404 3735 τοῖς
2429 3672 2760 3742 ἀκαθάρτοις
2786 3672 3036 3740 δαίμοσιν
3056 3688 3068 3699 ·
3107 3670 3209 3740 ἔφη
3238 3670 3343 3740 γὰρ
3373 3669 3516 3723 οὕτω
3551 3670 3731 3722 πάλινο

2363 3846 2538 3918 [Ἀλλ’
2582 3847 2768 3916 ὥσπερ
2795 3845 3022 3915 λέγομεν
3053 3845 3185 3896 Θεὸν
3217 3845 3304 3898 τὸν
3351 3846 3569 3899 πάντων
3598 3850 3867 3914 Δημιουρο

2294 3935 2409 4001 γον,
2441 3935 2537 3985 καὶ
2552 3933 2672 3985 θεὸν
2689 3934 2780 3985 τὸν
2801 3934 3006 3986 Μωσέα
3027 3949 3042 3963 ο
3081 3953 3098 3984 ι
3131 3933 3264 3986 θεὸν
3281 3933 3409 4004 γὰρ,
3442 3935 3574 4004 φησι
3594 3974 3608 3996 ,
3644 3933 3871 3987 τέθεικά

2296 4041 2353 4077 σε
2394 4023 2488 4076 τοῦ
2521 4023 2740 4093 Φαραώ·
2796 4043 2813 4073 ι
2862 4023 2957 4076 καὶ
3005 4023 3118 4076 υίὸν
3160 4024 3253 4076 τὸν
3297 4022 3513 4095 Ἰσραὴλ
3562 4023 3657 4076 τοῦ
3707 4024 3870 4079 Θεοῦν

2300 4135 2318 4166 ι
2356 4114 2480 4177 Υἱὸς
2526 4113 2654 4183 γὰρ,
2692 4115 2856 4184 φησι,
2896 4113 3240 4183 πρωτότοκός
3277 4129 3375 4183 μου
3428 4113 3675 4184 Ἰσραήλ·
3722 4132 3739 4163 ι
3776 4114 3872 4166 καὶ

2292 4208 2481 4276 ὥσπερ
2533 4205 2763 4275 λέγομεν
2822 4205 3041 4276 χριστὸν
3084 4205 3176 4256 τὸν
3220 4202 3426 4257 Σαούλ·
3467 4222 3483 4254 ι
3513 4203 3585 4255 Οὐ
3625 4203 3700 4272 μὴ
3733 4204 3870 4272 γὰρ,

2295 4299 2477 4369 φησιν,
2508 4297 2750 4350 ἐπιϐαλῶ
2776 4298 2873 4365 τὴν
2904 4297 3060 4367 χεῖρά
3090 4312 3190 4366 μου
3216 4295 3302 4348 ἐπ’
3332 4295 3612 4358 αὐτὸνβτι
3644 4297 3871 4365 χριστὸς

2295 4390 2500 4458 Κυρίου
2547 4390 2692 4442 ὲστί·
2734 4407 2753 4440 ι
2790 4388 2885 4441 καὶ
2938 4387 3117 4458 Κῦρον
3159 4385 3444 4449 ὡσαύτως
3484 4404 3501 4435 ι
3534 4385 3672 4438 Τάδε
3717 4385 3870 4453 λέγει

628 4457 804 4538 illaec
854 4484 984 4537 dicit
1037 4480 1297 4535 Dominus
1349 4480 1553 4533 christo
1607 4493 1727 4531 meo
1778 4478 1919 4547 Cyro
1958 4478 2039 4544 ¹⁸;
2071 4496 2089 4529 ι
2137 4488 2187 4531 et

2295 4483 2500 4555 Κύριος
2522 4482 2599 4552 τῷ
2628 4480 2832 4552 χριστῷ
2864 4498 2964 4550 μου
2992 4457 3158 4550 Κύρῳ
3177 4493 3191 4509 ο
3217 4497 3235 4529 ι
3278 4478 3372 4531 καὶ
3403 4478 3494 4530 τὸν
3529 4475 3873 4530 Βαϐυλώνιον

625 4578 797 4643 ipsum
834 4572 1184 4642 Babylonium
1213 4580 1460 4625 sanctum
1494 4587 1508 4623 :
1540 4588 1559 4620 ι
1596 4567 1730 4637 Ego,
1767 4569 1961 4637 inquit,
1998 4569 2189 4636 praeci-

624 4667 711 4733 pio
760 4662 946 4718 eis":
983 4683 1001 4714 ι
1042 4663 1119 4717 sic
1158 4663 1393 4717 dicimus
1434 4662 1607 4730 ipsqu
1652 4675 1868 4729 quoque
1904 4660 2191 4713 Dominum

623 4757 919 4818 Christum,
955 4764 1009 4808 et
1056 4752 1246 4814 Deum,
1303 4760 1358 4805 et
1406 4750 1626 4814 Filium,
1680 4760 1734 4803 et
1766 4759 2035 4805 sanctum.
2084 4747 2189 4804 Sed

621 4845 867 4912 quamvis
912 4845 1100 4898 eadem
1150 4844 1222 4896 sit
1259 4842 1568 4895 communio
1616 4839 1915 4904 nominum,
1968 4854 2073 4893 non
2112 4849 2190 4892 ta-

623 4952 744 4989 men
779 4944 860 4988 est
889 4936 1075 4990 eadem
1104 4933 1387 5005 dignitas.]

1264 5048 1416 5103 CAP.
1456 5049 1547 5103 ιν.

688 5165 825 5229 Quid
855 5163 1026 5219 diois?
1052 5164 1268 5234 qualem
1314 5178 1619 5219 sermonem
1658 5176 1874 5223 erectas
1914 5171 1982 5223 de
2030 5151 2197 5226 corde

691 5319 733 5396 ξ’
760 5318 800 5372 ll
825 5318 951 5376 Cor.
984 5318 1198 5396 vnn-9:
1294 5320 1332 5349 “
1362 5320 1552 5396 Matth.
1587 5336 1720 5388 xvn,
1751 5323 1825 5379 23
1856 5340 2009 5396 seqq.

622 5387 791 5443 "lsa.
819 5404 944 5455 xt.v,
986 5388 1037 5442 1.
1116 5388 1159 5419 ¹⁶
1183 5388 1286 5443 lsa.
1324 5391 1522 5456 xnt,3.

2114 5328 2157 5357 "
2196 5323 2367 5381 Exod.
2407 5341 2509 5391 vn,
2553 5325 2606 5378 ‘l.

2296 4577 2484 4645 ἅγιον·
2524 4594 2540 4626 ι
2580 4572 2721 4642 Ἐγὼ
2760 4572 2888 4643 γὰρ,
2921 4572 3077 4640 φησι,
3114 4571 3397 4624 συντάσσω
3439 4571 3620 4631 αὐτοῖς
3648 4567 3761 4636 (Η)
3790 4585 3806 4599 ·
3851 4587 3867 4616 ι

2294 4664 2436 4717 οὕτω
2468 4663 2700 4733 λέγομεν
2744 4663 2833 4713 καὶ
2864 4660 2952 4712 τὸν
2978 4659 3255 4728 Δεσπότην
3285 4657 3543 4728 Χριστὸν,
3593 4656 3689 4708 καὶ
3738 4654 3874 4708 Θεὸν

2302 4757 2394 4810 καὶ
2425 4755 2549 4809 Υίὺν
2585 4754 2678 4807 καὶ
2720 4752 2898 4820 ἅγιον.
2935 4751 3073 4804 Ἀλλ’
3106 4752 3139 4821 ἡ
3188 4751 3284 4819 μὲν
3333 4747 3584 4802 κοινωνία
3616 4741 3726 4799 τῶν
3750 4746 3871 4800 ὀνο-

2300 4849 2485 4919 μάτων
2513 4847 2694 4917 ὀμοία,
2726 4845 2824 4914 οὐχ
2855 4845 2887 4914 ἡ
2915 4844 3052 4914 αὐτὴ
3079 4844 3123 4895 δ’
3157 4840 3343 4911 ἁξία.]“

2896 5056 3144 5109 ΚΕΦΑΛ.
3198 5056 3271 5106 Δ’.

2366 5171 2432 5226 Τί
2467 5171 2603 5242 φήςς
2636 5170 2789 5223 ποῖον
2811 5165 3013 5237 ὲρεύγῃ
3042 5164 3199 5231 λόγον
3223 5160 3332 5214 ἀπὸ
3364 5158 3589 5229 καρδίας
3614 5160 3713 5231 τῆς
3749 5162 3869 5233 σῆς,

2715 5322 2951 5377 "Exod.
2988 5337 3060 5389 tv,
3090 5320 3184 5374 22.
3304 5320 3348 5350 "‘
3389 5318 3405 5372 l
3448 5318 3579 5387 heg.
3620 5332 3769 5380 xxiv,
3816 5316 3865 5367 7.

1879 5521 2040 5580 ΔΝΤ.
2080 5522 2357 5580 AGELLll
2398 5523 2632 5580 NOTAE.

696 5678 802 5751 (ll)
828 5681 1057 5738 Omnino
1087 5678 1367 5751 legendum
1396 5686 1503 5745 est,
1532 5678 1729 5751 ᾁγίοις,
1754 5677 2001 5751 quamvis
2022 5678 2181 5734 codd.

2294 5680 2458 5733 etiam
2496 5677 2698 5731 habent
2731 5676 2939 5747 Hebraei
2973 5679 3130 5735 codd.
3166 5677 3318 5745 lsaiac
3369 5693 3489 5747 χιιι,
3528 5688 3581 5733 et
3627 5675 3868 5733 nonnulli

621 5746 939 5821 repugnent,
988 5754 1071 5814 εἰς
1117 5746 1347 5820 namque
1395 5746 1679 5819 requirunt
1723 5746 2049 5820 sequentia:
2104 5752 2183 5805 sic

2293 5748 2490 5813 Graeci,
2522 5746 2844 5817 ἡγιασμένοι
2870 5749 2995 5803 είσί.

420 6224 429 6243 7r
474 6246 477 6249 .

450 6282 507 6289 __
580 6266 633 6289 »ᾧ
806 6280 807 6283 η

450 6284 453 6287 ,
493 6282 507 6289 η
588 6280 595 6282 τ
806 6280 807 6283 η

416 6318 423 6321 -
454 6322 547 6329 -μ
562 6280 905 6336 ,ἐμω-.-ραι
952 6332 953 6335 η
