  <div class='ocr_page' id='page_1' title='image "/cluster/home/n/w/nwhite01/storage/ocr_20150623/76/hvd.32044019207943/049.png"; bbox 0 0 4024 6510; ppageno 0'>
   <div class='ocr_carea' id='block_1_1' title="bbox 576 368 3836 448">
    <p class='ocr_par' dir='ltr' id='par_1_1' title="bbox 576 368 3836 448">
     <span class='ocr_line' id='line_1_1' title="bbox 576 368 3836 448; baseline -0.003 -6"><span class='ocrx_word' id='word_1_1' title='bbox 576 395 643 448; x_wconf 77' lang='lat'><strong>83</strong></span> <span class='ocrx_word' id='word_1_2' title='bbox 1563 383 1621 439; x_wconf 88' lang='lat' dir='ltr'><strong>S.</strong></span> <span class='ocrx_word' id='word_1_3' title='bbox 1663 378 1939 439; x_wconf 74' lang='lat' dir='ltr'><strong>CYBILLI</strong></span> <span class='ocrx_word' id='word_1_4' title='bbox 1978 368 2441 433; x_wconf 71' lang='lat' dir='ltr'><strong>ALEXANDRINI</strong></span> <span class='ocrx_word' id='word_1_5' title='bbox 2480 378 2801 437; x_wconf 74' lang='lat' dir='ltr'><strong>ARCIIIEP.</strong></span> <span class='ocrx_word' id='word_1_6' title='bbox 3753 386 3836 443; x_wconf 69' lang='grc' dir='ltr'>ει</span> 
     </span>
    </p>
   </div>
   <div class='ocr_carea' id='block_1_2' title="bbox 577 494 2136 575">
    <p class='ocr_par' dir='ltr' id='par_1_2' title="bbox 577 496 2136 573">
     <span class='ocr_line' id='line_1_2' title="bbox 577 496 2136 573; baseline -0.011 -11"><span class='ocrx_word' id='word_1_7' title='bbox 577 517 759 562; x_wconf 84' lang='lat' dir='ltr'><strong>mutua</strong></span> <span class='ocrx_word' id='word_1_8' title='bbox 804 506 1206 571; x_wconf 86' lang='lat' dir='ltr'><strong>communione,</strong></span> <span class='ocrx_word' id='word_1_9' title='bbox 1258 511 1421 573; x_wconf 87' lang='lat' dir='ltr'><strong>atque</strong></span> <span class='ocrx_word' id='word_1_10' title='bbox 1473 499 1636 555; x_wconf 87' lang='lat' dir='ltr'><strong>etiam</strong></span> <span class='ocrx_word' id='word_1_11' title='bbox 1679 496 1991 567; x_wconf 69' lang='lat' dir='ltr'><strong>aequalitate</strong></span> <span class='ocrx_word' id='word_1_12' title='bbox 2036 502 2136 547; x_wconf 86' lang='lat' dir='ltr'><strong>tam</strong></span> 
     </span>
    </p>
   </div>
   <div class='ocr_carea' id='block_1_3' title="bbox 2242 494 3837 575">
    <p class='ocr_par' dir='ltr' id='par_1_3' title="bbox 2249 494 3837 575">
     <span class='ocr_line' id='line_1_3' title="bbox 2249 494 3837 575; baseline 0.003 -26"><span class='ocrx_word' id='word_1_13' title='bbox 2249 494 2387 561; x_wconf 99' lang='grc' dir='ltr'>νίας,</span> <span class='ocrx_word' id='word_1_14' title='bbox 2419 496 2513 549; x_wconf 77' lang='grc' dir='ltr'>καὶ</span> <span class='ocrx_word' id='word_1_15' title='bbox 2548 496 2655 569; x_wconf 73' lang='grc' dir='ltr'>μὴν</span> <span class='ocrx_word' id='word_1_16' title='bbox 2700 498 2792 552; x_wconf 74' lang='grc' dir='ltr'>καὶ</span> <span class='ocrx_word' id='word_1_17' title='bbox 2842 497 3084 568; x_wconf 80' lang='grc' dir='ltr'>ίσὰτητος</span> <span class='ocrx_word' id='word_1_18' title='bbox 3112 498 3386 563; x_wconf 81' lang='grc' dir='ltr'>οὐσιωδῶς</span> <span class='ocrx_word' id='word_1_19' title='bbox 3416 501 3668 555; x_wconf 75' lang='grc' dir='ltr'>τοσοῦτον</span> <span class='ocrx_word' id='word_1_20' title='bbox 3716 504 3837 575; x_wconf 68' lang='grc' dir='ltr'><strong>ἁφ-</strong></span> 
     </span>
    </p>
   </div>
   <div class='ocr_carea' id='block_1_4' title="bbox 578 589 2142 669">
    <p class='ocr_par' dir='ltr' id='par_1_4' title="bbox 578 589 2142 669">
     <span class='ocr_line' id='line_1_4' title="bbox 578 589 2142 669; baseline -0.011 -16"><span class='ocrx_word' id='word_1_21' title='bbox 578 613 771 669; x_wconf 74' lang='lat' dir='ltr'><strong>magno</strong></span> <span class='ocrx_word' id='word_1_22' title='bbox 798 597 1046 654; x_wconf 65' lang='lat' dir='ltr'><strong>essentia</strong></span> <span class='ocrx_word' id='word_1_23' title='bbox 1068 594 1382 653; x_wconf 86' lang='lat' dir='ltr'><strong>discrimine</strong></span> <span class='ocrx_word' id='word_1_24' title='bbox 1405 590 1503 661; x_wconf 86' lang='lat' dir='ltr'><strong>disi</strong></span> <span class='ocrx_word' id='word_1_25' title='bbox 1514 600 1671 646; x_wconf 90' lang='lat' dir='ltr'><strong>uncta</strong></span> <span class='ocrx_word' id='word_1_26' title='bbox 1699 598 1848 654; x_wconf 87' lang='lat' dir='ltr'><strong>sunt,</strong></span> <span class='ocrx_word' id='word_1_27' title='bbox 1872 589 1926 642; x_wconf 93' lang='lat' dir='ltr'><strong>in</strong></span> <span class='ocrx_word' id='word_1_28' title='bbox 1960 600 2142 647; x_wconf 89' lang='lat' dir='ltr'><strong>unam,</strong></span> 
     </span>
    </p>
   </div>
   <div class='ocr_carea' id='block_1_5' title="bbox 576 674 2147 759">
    <p class='ocr_par' dir='ltr' id='par_1_5' title="bbox 576 674 2147 759">
     <span class='ocr_line' id='line_1_5' title="bbox 576 674 2147 759; baseline -0.01 -17"><span class='ocrx_word' id='word_1_29' title='bbox 576 701 634 745; x_wconf 84' lang='lat' dir='ltr'><strong>ut</strong></span> <span class='ocrx_word' id='word_1_30' title='bbox 665 692 780 759; x_wconf 83' lang='lat' dir='ltr'><strong>ipse</strong></span> <span class='ocrx_word' id='word_1_31' title='bbox 817 689 974 754; x_wconf 88' lang='lat' dir='ltr'><strong>dicis,</strong></span> <span class='ocrx_word' id='word_1_32' title='bbox 1017 686 1398 743; x_wconf 70' lang='lat' dir='ltr'><strong>auctoritatem</strong></span> <span class='ocrx_word' id='word_1_33' title='bbox 1432 681 1754 753; x_wconf 82' lang='lat' dir='ltr'><strong>colligenda.</strong></span> <span class='ocrx_word' id='word_1_34' title='bbox 1803 689 1858 734; x_wconf 89' lang='lat' dir='ltr'><strong>et</strong></span> <span class='ocrx_word' id='word_1_35' title='bbox 1895 677 2009 749; x_wconf 86' lang='lat' dir='ltr'><strong>pari</strong></span> <span class='ocrx_word' id='word_1_36' title='bbox 2049 674 2147 729; x_wconf 88' lang='lat' dir='ltr'><strong>ho-</strong></span> 
     </span>
    </p>
   </div>
   <div class='ocr_carea' id='block_1_6' title="bbox 576 767 2146 844">
    <p class='ocr_par' dir='ltr' id='par_1_6' title="bbox 576 767 2146 844">
     <span class='ocr_line' id='line_1_6' title="bbox 576 767 2146 844; baseline -0.011 -8"><span class='ocrx_word' id='word_1_37' title='bbox 576 796 708 836; x_wconf 82' lang='lat' dir='ltr'><strong>nore</strong></span> <span class='ocrx_word' id='word_1_38' title='bbox 734 794 924 836; x_wconf 81' lang='lat' dir='ltr'><strong>censes</strong></span> <span class='ocrx_word' id='word_1_39' title='bbox 966 778 1248 836; x_wconf 81' lang='lat' dir='ltr'><strong>ornanda?</strong></span> <span class='ocrx_word' id='word_1_40' title='bbox 1293 777 1393 832; x_wconf 84' lang='lat' dir='ltr'><strong>Ubi</strong></span> <span class='ocrx_word' id='word_1_41' title='bbox 1439 787 1671 844; x_wconf 83' lang='lat' dir='ltr'><strong>namque</strong></span> <span class='ocrx_word' id='word_1_42' title='bbox 1710 786 1933 841; x_wconf 79' lang='lat' dir='ltr'><strong>prorsus</strong></span> <span class='ocrx_word' id='word_1_43' title='bbox 1969 767 2146 822; x_wconf 90' lang='lat' dir='ltr'><strong>minor</strong></span> 
     </span>
    </p>
   </div>
   <div class='ocr_carea' id='block_1_7' title="bbox 574 859 2146 936">
    <p class='ocr_par' dir='ltr' id='par_1_7' title="bbox 574 859 2146 936">
     <span class='ocr_line' id='line_1_7' title="bbox 574 859 2146 936; baseline -0.01 -11"><span class='ocrx_word' id='word_1_44' title='bbox 574 879 657 925; x_wconf 84' lang='lat' dir='ltr'><strong>est</strong></span> <span class='ocrx_word' id='word_1_45' title='bbox 684 882 903 935; x_wconf 86' lang='lat' dir='ltr'><strong>natura,</strong></span> <span class='ocrx_word' id='word_1_46' title='bbox 933 870 1020 925; x_wconf 90' lang='lat' dir='ltr'><strong>cui</strong></span> <span class='ocrx_word' id='word_1_47' title='bbox 1047 869 1215 923; x_wconf 84' lang='lat' dir='ltr'><strong>altera</strong></span> <span class='ocrx_word' id='word_1_48' title='bbox 1258 865 1658 936; x_wconf 86' lang='lat' dir='ltr'><strong>superponitur,</strong></span> <span class='ocrx_word' id='word_1_49' title='bbox 1690 863 1778 929; x_wconf 86' lang='lat' dir='ltr'><strong>qui</strong></span> <span class='ocrx_word' id='word_1_50' title='bbox 1823 859 1937 913; x_wconf 84' lang='lat' dir='ltr'><strong>neri</strong></span> <span class='ocrx_word' id='word_1_51' title='bbox 1970 865 2146 927; x_wconf 90' lang='lat' dir='ltr'><strong>potest</strong></span> 
     </span>
    </p>
   </div>
   <div class='ocr_carea' id='block_1_8' title="bbox 576 941 2142 1025">
    <p class='ocr_par' dir='ltr' id='par_1_8' title="bbox 576 941 2142 1025">
     <span class='ocr_line' id='line_1_8' title="bbox 576 941 2142 1025; baseline -0.013 -13"><span class='ocrx_word' id='word_1_52' title='bbox 576 971 635 1014; x_wconf 87' lang='lat' dir='ltr'><strong>ut</strong></span> <span class='ocrx_word' id='word_1_53' title='bbox 656 957 731 1014; x_wconf 80' lang='lat' dir='ltr'><strong>iiii</strong></span> <span class='ocrx_word' id='word_1_54' title='bbox 773 957 1051 1025; x_wconf 77' lang='lat' dir='ltr'><strong>contingat</strong></span> <span class='ocrx_word' id='word_1_55' title='bbox 1075 964 1128 1011; x_wconf 91' lang='lat' dir='ltr'><strong>et</strong></span> <span class='ocrx_word' id='word_1_56' title='bbox 1159 956 1361 1025; x_wconf 86' lang='lat' dir='ltr'><strong>paritas</strong></span> <span class='ocrx_word' id='word_1_57' title='bbox 1392 950 1635 1013; x_wconf 86' lang='lat' dir='ltr'><strong>honoris,</strong></span> <span class='ocrx_word' id='word_1_58' title='bbox 1667 958 1721 1002; x_wconf 89' lang='lat' dir='ltr'><strong>et</strong></span> <span class='ocrx_word' id='word_1_59' title='bbox 1752 944 2032 1015; x_wconf 67' lang='lat' dir='ltr'><strong>aequalitas</strong></span> <span class='ocrx_word' id='word_1_60' title='bbox 2064 941 2142 995; x_wconf 86' lang='lat' dir='ltr'><strong>di-</strong></span> 
     </span>
    </p>
   </div>
   <div class='ocr_carea' id='block_1_9' title="bbox 576 1029 2142 1119">
    <p class='ocr_par' dir='ltr' id='par_1_9' title="bbox 576 1029 2142 1119">
     <span class='ocr_line' id='line_1_9' title="bbox 576 1029 2142 1119; baseline -0.013 -17"><span class='ocrx_word' id='word_1_61' title='bbox 576 1046 815 1119; x_wconf 75' lang='lat' dir='ltr'><strong>gnitatis,</strong></span> <span class='ocrx_word' id='word_1_62' title='bbox 840 1058 894 1103; x_wconf 86' lang='lat' dir='ltr'><strong>et</strong></span> <span class='ocrx_word' id='word_1_63' title='bbox 920 1048 1057 1103; x_wconf 87' lang='lat' dir='ltr'><strong>idem</strong></span> <span class='ocrx_word' id='word_1_64' title='bbox 1085 1045 1409 1114; x_wconf 81' lang='lat' dir='ltr'><strong>minimeque</strong></span> <span class='ocrx_word' id='word_1_65' title='bbox 1433 1042 1678 1096; x_wconf 83' lang='lat' dir='ltr'><strong>diversus</strong></span> <span class='ocrx_word' id='word_1_66' title='bbox 1698 1036 1884 1105; x_wconf 68' lang='lat' dir='ltr'><strong>gloria:</strong></span> <span class='ocrx_word' id='word_1_67' title='bbox 1914 1029 2142 1087; x_wconf 81' lang='lat' dir='ltr'><strong>modus?</strong></span> 
     </span>
    </p>
   </div>
   <div class='ocr_carea' id='block_1_10' title="bbox 577 1121 2143 1206">
    <p class='ocr_par' dir='ltr' id='par_1_10' title="bbox 577 1121 2143 1206">
     <span class='ocr_line' id='line_1_10' title="bbox 577 1121 2143 1206; baseline -0.013 -13"><span class='ocrx_word' id='word_1_68' title='bbox 577 1136 729 1204; x_wconf 75' lang='lat' dir='ltr'><strong>Quod</strong></span> <span class='ocrx_word' id='word_1_69' title='bbox 766 1148 947 1192; x_wconf 82' lang='lat' dir='ltr'><strong>autem</strong></span> <span class='ocrx_word' id='word_1_70' title='bbox 988 1135 1418 1206; x_wconf 81' lang='lat' dir='ltr'><strong>coniunctionem</strong></span> <span class='ocrx_word' id='word_1_71' title='bbox 1456 1128 1751 1201; x_wconf 80' lang='lat' dir='ltr'><strong>appellans.</strong></span> <span class='ocrx_word' id='word_1_72' title='bbox 1784 1140 1900 1179; x_wconf 89' lang='lat' dir='ltr'><strong>eam</strong></span> <span class='ocrx_word' id='word_1_73' title='bbox 1936 1121 2143 1178; x_wconf 74' lang='lat' dir='ltr'><strong>scilicet</strong></span> 
     </span>
    </p>
   </div>
   <div class='ocr_carea' id='block_1_11' title="bbox 575 1212 2141 1297">
    <p class='ocr_par' dir='ltr' id='par_1_11' title="bbox 575 1212 2141 1297">
     <span class='ocr_line' id='line_1_11' title="bbox 575 1212 2141 1297; baseline -0.011 -16"><span class='ocrx_word' id='word_1_74' title='bbox 575 1241 694 1297; x_wconf 70' lang='lat' dir='ltr'><strong>qua:</strong></span> <span class='ocrx_word' id='word_1_75' title='bbox 718 1243 783 1283; x_wconf 81' lang='lat' dir='ltr'><strong>ex</strong></span> <span class='ocrx_word' id='word_1_76' title='bbox 812 1228 1006 1286; x_wconf 77' lang='lat' dir='ltr'><strong>vicinia</strong></span> <span class='ocrx_word' id='word_1_77' title='bbox 1039 1226 1151 1282; x_wconf 89' lang='lat' dir='ltr'><strong>sola</strong></span> <span class='ocrx_word' id='word_1_78' title='bbox 1188 1225 1271 1281; x_wconf 82' lang='lat' dir='ltr'><strong>vel</strong></span> <span class='ocrx_word' id='word_1_79' title='bbox 1300 1224 1592 1281; x_wconf 83' lang='lat' dir='ltr'><strong>secundum</strong></span> <span class='ocrx_word' id='word_1_80' title='bbox 1622 1218 2031 1289; x_wconf 88' lang='lat' dir='ltr'><strong>appositionem,</strong></span> <span class='ocrx_word' id='word_1_81' title='bbox 2058 1212 2141 1267; x_wconf 94' lang='lat' dir='ltr'><strong>vel</strong></span> 
     </span>
    </p>
   </div>
   <div class='ocr_carea' id='block_1_12' title="bbox 575 1303 2144 1384">
    <p class='ocr_par' dir='ltr' id='par_1_12' title="bbox 575 1303 2144 1384">
     <span class='ocr_line' id='line_1_12' title="bbox 575 1303 2144 1384; baseline -0.013 -10"><span class='ocrx_word' id='word_1_82' title='bbox 575 1320 869 1375; x_wconf 89' lang='lat' dir='ltr'><strong>secundum</strong></span> <span class='ocrx_word' id='word_1_83' title='bbox 898 1318 1269 1374; x_wconf 83' lang='lat' dir='ltr'><strong>habitudinem</strong></span> <span class='ocrx_word' id='word_1_84' title='bbox 1307 1312 1644 1384; x_wconf 76' lang='lat' dir='ltr'><strong>intelligitur,</strong></span> <span class='ocrx_word' id='word_1_85' title='bbox 1684 1310 1799 1377; x_wconf 84' lang='lat' dir='ltr'><strong>ipse</strong></span> <span class='ocrx_word' id='word_1_86' title='bbox 1827 1305 1941 1358; x_wconf 84' lang='lat' dir='ltr'><strong>suis</strong></span> <span class='ocrx_word' id='word_1_87' title='bbox 1979 1303 2144 1356; x_wconf 87' lang='lat' dir='ltr'><strong>ratio-</strong></span> 
     </span>
    </p>
   </div>
   <div class='ocr_carea' id='block_1_13' title="bbox 576 1398 2142 1479">
    <p class='ocr_par' dir='ltr' id='par_1_13' title="bbox 576 1398 2142 1479">
     <span class='ocr_line' id='line_1_13' title="bbox 576 1398 2142 1479; baseline -0.01 -16"><span class='ocrx_word' id='word_1_88' title='bbox 576 1409 731 1465; x_wconf 87' lang='lat' dir='ltr'><strong>nibus</strong></span> <span class='ocrx_word' id='word_1_89' title='bbox 759 1410 1099 1475; x_wconf 81' lang='lat' dir='ltr'><strong>adversatur,</strong></span> <span class='ocrx_word' id='word_1_90' title='bbox 1123 1417 1179 1464; x_wconf 85' lang='grc' dir='ltr'><strong>ει</strong></span> <span class='ocrx_word' id='word_1_91' title='bbox 1210 1423 1329 1479; x_wconf 67' lang='grc' dir='ltr'>ηοω</span> <span class='ocrx_word' id='word_1_92' title='bbox 1360 1404 1627 1462; x_wconf 80' lang='lat' dir='ltr'><strong>destruxit</strong></span> <span class='ocrx_word' id='word_1_93' title='bbox 1656 1398 1906 1461; x_wconf 69' lang='lat' dir='ltr'><strong>aediﬁcat,</strong></span> <span class='ocrx_word' id='word_1_94' title='bbox 1938 1405 1993 1449; x_wconf 86' lang='lat' dir='ltr'><strong>et</strong></span> <span class='ocrx_word' id='word_1_95' title='bbox 2022 1408 2142 1464; x_wconf 79' lang='lat' dir='ltr'><strong>qua:</strong></span> 
     </span>
    </p>
   </div>
   <div class='ocr_carea' id='block_1_14' title="bbox 575 1482 2143 1565">
    <p class='ocr_par' dir='ltr' id='par_1_14' title="bbox 575 1482 2143 1565">
     <span class='ocr_line' id='line_1_14' title="bbox 575 1482 2143 1565; baseline -0.007 -19"><span class='ocrx_word' id='word_1_96' title='bbox 575 1494 859 1549; x_wconf 80' lang='lat' dir='ltr'><strong>demolitus</strong></span> <span class='ocrx_word' id='word_1_97' title='bbox 887 1504 970 1549; x_wconf 93' lang='lat' dir='ltr'><strong>est</strong></span> <span class='ocrx_word' id='word_1_98' title='bbox 992 1495 1173 1564; x_wconf 76' lang='lat' dir='ltr'><strong>erigit,</strong></span> <span class='ocrx_word' id='word_1_99' title='bbox 1204 1495 1418 1565; x_wconf 79' lang='lat' dir='ltr'><strong>planum</strong></span> <span class='ocrx_word' id='word_1_100' title='bbox 1458 1491 1545 1547; x_wconf 80' lang='lat' dir='ltr'><strong>ﬂet</strong></span> <span class='ocrx_word' id='word_1_101' title='bbox 1573 1505 1637 1545; x_wconf 91' lang='lat' dir='ltr'><strong>ex</strong></span> <span class='ocrx_word' id='word_1_102' title='bbox 1663 1490 1764 1543; x_wconf 83' lang='lat' dir='ltr'><strong>hoc</strong></span> <span class='ocrx_word' id='word_1_103' title='bbox 1795 1499 1985 1540; x_wconf 85' lang='lat' dir='ltr'><strong>rursus</strong></span> <span class='ocrx_word' id='word_1_104' title='bbox 2013 1501 2030 1536; x_wconf 79' lang='grc' dir='ltr'><strong>ι</strong></span> <span class='ocrx_word' id='word_1_105' title='bbox 2065 1482 2143 1536; x_wconf 89' lang='lat' dir='ltr'><strong>sic</strong></span> 
     </span>
    </p>
   </div>
   <div class='ocr_carea' id='block_1_15' title="bbox 574 1585 1010 1654">
    <p class='ocr_par' dir='ltr' id='par_1_15' title="bbox 574 1585 1010 1654">
     <span class='ocr_line' id='line_1_15' title="bbox 574 1585 1010 1654; baseline 0.005 -17"><span class='ocrx_word' id='word_1_106' title='bbox 574 1598 805 1654; x_wconf 83' lang='lat' dir='ltr'><strong>namque</strong></span> <span class='ocrx_word' id='word_1_107' title='bbox 834 1585 968 1639; x_wconf 80' lang='lat' dir='ltr'><strong>dixit</strong></span> <span class='ocrx_word' id='word_1_108' title='bbox 993 1605 1010 1639; x_wconf 77' lang='grc' dir='ltr'><strong>ι</strong></span> 
     </span>
    </p>
   </div>
   <div class='ocr_carea' id='block_1_16' title="bbox 643 1671 2133 1746">
    <p class='ocr_par' dir='ltr' id='par_1_16' title="bbox 643 1671 2133 1746">
     <span class='ocr_line' id='line_1_16' title="bbox 643 1671 2133 1746; baseline -0.007 -18"><span class='ocrx_word' id='word_1_109' title='bbox 643 1673 663 1746; x_wconf 72' lang='lat' dir='ltr'>l</span> <span class='ocrx_word' id='word_1_110' title='bbox 688 1674 924 1731; x_wconf 75' lang='lat' dir='ltr'><strong>Nssron.</strong></span> <span class='ocrx_word' id='word_1_111' title='bbox 954 1676 1077 1730; x_wconf 84' lang='lat' dir='ltr'><strong>Ideo</strong></span> <span class='ocrx_word' id='word_1_112' title='bbox 1111 1675 1234 1731; x_wconf 91' lang='lat' dir='ltr'><strong>volo</strong></span> <span class='ocrx_word' id='word_1_113' title='bbox 1262 1688 1354 1737; x_wconf 70' lang='lat' dir='ltr'><strong>vos</strong></span> <span class='ocrx_word' id='word_1_114' title='bbox 1382 1680 1539 1729; x_wconf 87' lang='lat' dir='ltr'><strong>caute</strong></span> <span class='ocrx_word' id='word_1_115' title='bbox 1574 1671 1905 1738; x_wconf 82' lang='lat' dir='ltr'><strong>lirmiterque</strong></span> <span class='ocrx_word' id='word_1_116' title='bbox 1935 1677 2133 1720; x_wconf 90' lang='lat' dir='ltr'><strong>tenere.</strong></span> 
     </span>
    </p>
   </div>
   <div class='ocr_carea' id='block_1_17' title="bbox 577 1756 2138 1833">
    <p class='ocr_par' dir='ltr' id='par_1_17' title="bbox 577 1756 2138 1833">
     <span class='ocr_line' id='line_1_17' title="bbox 577 1756 2138 1833; baseline -0.004 -17"><span class='ocrx_word' id='word_1_117' title='bbox 577 1762 776 1817; x_wconf 83' lang='lat' dir='ltr'><strong>Divisio</strong></span> <span class='ocrx_word' id='word_1_118' title='bbox 801 1763 945 1817; x_wconf 86' lang='lat' dir='ltr'><strong>nulla</strong></span> <span class='ocrx_word' id='word_1_119' title='bbox 979 1762 1472 1833; x_wconf 83' lang='lat' dir='ltr'><strong>estconiunctionis</strong></span> <span class='ocrx_word' id='word_1_120' title='bbox 1491 1761 1793 1831; x_wconf 81' lang='lat' dir='ltr'><strong>dignitatis,</strong></span> <span class='ocrx_word' id='word_1_121' title='bbox 1827 1756 2099 1811; x_wconf 86' lang='lat' dir='ltr'><strong>tiliationis</strong></span> <span class='ocrx_word' id='word_1_122' title='bbox 2127 1776 2138 1809; x_wconf 91' lang='lat'><strong>:</strong></span> 
     </span>
    </p>
   </div>
   <div class='ocr_carea' id='block_1_18' title="bbox 574 1847 2142 1923">
    <p class='ocr_par' dir='ltr' id='par_1_18' title="bbox 574 1847 2142 1923">
     <span class='ocr_line' id='line_1_18' title="bbox 574 1847 2142 1923; baseline -0.003 -18"><span class='ocrx_word' id='word_1_123' title='bbox 574 1854 677 1908; x_wconf 84' lang='lat' dir='ltr'><strong>hoc</strong></span> <span class='ocrx_word' id='word_1_124' title='bbox 714 1853 888 1923; x_wconf 83' lang='lat' dir='ltr'><strong>ipsum</strong></span> <span class='ocrx_word' id='word_1_125' title='bbox 923 1856 1063 1923; x_wconf 86' lang='lat' dir='ltr'><strong>quod</strong></span> <span class='ocrx_word' id='word_1_126' title='bbox 1108 1854 1353 1909; x_wconf 83' lang='lat' dir='ltr'><strong>Christus</strong></span> <span class='ocrx_word' id='word_1_127' title='bbox 1391 1861 1494 1917; x_wconf 84' lang='lat' dir='ltr'><strong>est,</strong></span> <span class='ocrx_word' id='word_1_128' title='bbox 1530 1852 1727 1905; x_wconf 90' lang='lat' dir='ltr'><strong>nullam</strong></span> <span class='ocrx_word' id='word_1_129' title='bbox 1770 1849 1974 1918; x_wconf 85' lang='lat' dir='ltr'><strong>patitur</strong></span> <span class='ocrx_word' id='word_1_130' title='bbox 2006 1847 2142 1901; x_wconf 88' lang='lat' dir='ltr'><strong>divi-</strong></span> 
     </span>
    </p>
   </div>
   <div class='ocr_carea' id='block_1_19' title="bbox 571 1938 2140 2003">
    <p class='ocr_par' dir='ltr' id='par_1_19' title="bbox 571 1938 2140 2003">
     <span class='ocr_line' id='line_1_19' title="bbox 571 1938 2140 2003; baseline -0.006 -4"><span class='ocrx_word' id='word_1_131' title='bbox 571 1947 776 2002; x_wconf 77' lang='lat' dir='ltr'><strong>sionem</strong></span> <span class='ocrx_word' id='word_1_132' title='bbox 800 1965 815 2000; x_wconf 86' lang='lat'><strong>:</strong></span> <span class='ocrx_word' id='word_1_133' title='bbox 839 1946 932 2003; x_wconf 85' lang='lat' dir='ltr'><strong>sed</strong></span> <span class='ocrx_word' id='word_1_134' title='bbox 958 1947 1170 2002; x_wconf 86' lang='lat' dir='ltr'><strong>deitatis</strong></span> <span class='ocrx_word' id='word_1_135' title='bbox 1197 1957 1248 2001; x_wconf 92' lang='lat' dir='ltr'><strong>et</strong></span> <span class='ocrx_word' id='word_1_136' title='bbox 1269 1945 1619 2001; x_wconf 81' lang='lat' dir='ltr'><strong>humanitatis</strong></span> <span class='ocrx_word' id='word_1_137' title='bbox 1643 1951 1725 1997; x_wconf 89' lang='lat' dir='ltr'><strong>est</strong></span> <span class='ocrx_word' id='word_1_138' title='bbox 1749 1942 1959 1997; x_wconf 83' lang='lat' dir='ltr'><strong>divisio.</strong></span> <span class='ocrx_word' id='word_1_139' title='bbox 1980 1938 2140 1994; x_wconf 76' lang='lat' dir='ltr'><strong>Chri-</strong></span> 
     </span>
    </p>
   </div>
   <div class='ocr_carea' id='block_1_20' title="bbox 572 2029 2140 2107">
    <p class='ocr_par' dir='ltr' id='par_1_20' title="bbox 572 2029 2140 2107">
     <span class='ocr_line' id='line_1_20' title="bbox 572 2029 2140 2107; baseline -0.006 -15"><span class='ocrx_word' id='word_1_140' title='bbox 572 2044 708 2102; x_wconf 77' lang='lat' dir='ltr'><strong>stus,</strong></span> <span class='ocrx_word' id='word_1_141' title='bbox 736 2050 835 2107; x_wconf 84' lang='lat' dir='ltr'><strong>qua</strong></span> <span class='ocrx_word' id='word_1_142' title='bbox 862 2038 1129 2104; x_wconf 84' lang='lat' dir='ltr'><strong>Christus,</strong></span> <span class='ocrx_word' id='word_1_143' title='bbox 1158 2037 1462 2092; x_wconf 82' lang='lat' dir='ltr'><strong>individuus</strong></span> <span class='ocrx_word' id='word_1_144' title='bbox 1487 2042 1569 2089; x_wconf 89' lang='lat' dir='ltr'><strong>est</strong></span> <span class='ocrx_word' id='word_1_145' title='bbox 1597 2052 1608 2088; x_wconf 91' lang='lat'>:</span> <span class='ocrx_word' id='word_1_146' title='bbox 1638 2047 1809 2103; x_wconf 83' lang='lat' dir='ltr'><strong>neque</strong></span> <span class='ocrx_word' id='word_1_147' title='bbox 1836 2030 1979 2086; x_wconf 87' lang='lat' dir='ltr'><strong>enim</strong></span> <span class='ocrx_word' id='word_1_148' title='bbox 2003 2029 2140 2084; x_wconf 87' lang='lat' dir='ltr'><strong>duos</strong></span> 
     </span>
    </p>
   </div>
   <div class='ocr_carea' id='block_1_21' title="bbox 569 2125 2142 2200">
    <p class='ocr_par' dir='ltr' id='par_1_21' title="bbox 569 2125 2142 2200">
     <span class='ocr_line' id='line_1_21' title="bbox 569 2125 2142 2200; baseline -0.006 -16"><span class='ocrx_word' id='word_1_149' title='bbox 569 2130 806 2187; x_wconf 86' lang='lat' dir='ltr'><strong>christos</strong></span> <span class='ocrx_word' id='word_1_150' title='bbox 856 2131 1137 2196; x_wconf 83' lang='lat' dir='ltr'><strong>habemus,</strong></span> <span class='ocrx_word' id='word_1_151' title='bbox 1171 2144 1343 2200; x_wconf 82' lang='lat' dir='ltr'><strong>neque</strong></span> <span class='ocrx_word' id='word_1_152' title='bbox 1370 2130 1502 2184; x_wconf 92' lang='lat' dir='ltr'><strong>duos</strong></span> <span class='ocrx_word' id='word_1_153' title='bbox 1542 2128 1681 2182; x_wconf 74' lang='lat' dir='ltr'><strong>filios</strong></span> <span class='ocrx_word' id='word_1_154' title='bbox 1707 2146 1721 2181; x_wconf 91' lang='lat'><strong>:</strong></span> <span class='ocrx_word' id='word_1_155' title='bbox 1749 2142 1850 2180; x_wconf 90' lang='lat' dir='ltr'><strong>non</strong></span> <span class='ocrx_word' id='word_1_156' title='bbox 1892 2125 2034 2179; x_wconf 90' lang='lat' dir='ltr'><strong>enim</strong></span> <span class='ocrx_word' id='word_1_157' title='bbox 2059 2130 2142 2177; x_wconf 86' lang='lat' dir='ltr'><strong>est</strong></span> 
     </span>
    </p>
   </div>
   <div class='ocr_carea' id='block_1_22' title="bbox 572 2218 2135 2293">
    <p class='ocr_par' dir='ltr' id='par_1_22' title="bbox 572 2218 2135 2293">
     <span class='ocr_line' id='line_1_22' title="bbox 572 2218 2135 2293; baseline -0.003 -21"><span class='ocrx_word' id='word_1_158' title='bbox 572 2222 706 2291; x_wconf 81' lang='lat' dir='ltr'><strong>apud</strong></span> <span class='ocrx_word' id='word_1_159' title='bbox 737 2236 833 2277; x_wconf 91' lang='lat' dir='ltr'><strong>nos</strong></span> <span class='ocrx_word' id='word_1_160' title='bbox 855 2222 1056 2293; x_wconf 83' lang='lat' dir='ltr'><strong>primus</strong></span> <span class='ocrx_word' id='word_1_161' title='bbox 1079 2233 1132 2277; x_wconf 85' lang='lat' dir='ltr'><strong>et</strong></span> <span class='ocrx_word' id='word_1_162' title='bbox 1154 2222 1446 2285; x_wconf 88' lang='lat' dir='ltr'><strong>secundus,</strong></span> <span class='ocrx_word' id='word_1_163' title='bbox 1475 2235 1647 2289; x_wconf 87' lang='lat' dir='ltr'><strong>neque</strong></span> <span class='ocrx_word' id='word_1_164' title='bbox 1674 2220 1811 2272; x_wconf 85' lang='lat' dir='ltr'><strong>alius</strong></span> <span class='ocrx_word' id='word_1_165' title='bbox 1863 2229 1917 2273; x_wconf 90' lang='lat' dir='ltr'><strong>et</strong></span> <span class='ocrx_word' id='word_1_166' title='bbox 1956 2218 2094 2272; x_wconf 83' lang='lat' dir='ltr'><strong>alius</strong></span> <span class='ocrx_word' id='word_1_167' title='bbox 2120 2231 2135 2268; x_wconf 91' lang='lat'><strong>:</strong></span> 
     </span>
    </p>
   </div>
   <div class='ocr_carea' id='block_1_23' title="bbox 570 2311 2138 2380">
    <p class='ocr_par' dir='ltr' id='par_1_23' title="bbox 570 2311 2138 2380">
     <span class='ocr_line' id='line_1_23' title="bbox 570 2311 2138 2380; baseline -0.002 -15"><span class='ocrx_word' id='word_1_168' title='bbox 570 2327 742 2380; x_wconf 82' lang='lat' dir='ltr'><strong>neque</strong></span> <span class='ocrx_word' id='word_1_169' title='bbox 767 2328 954 2369; x_wconf 84' lang='lat' dir='ltr'><strong>rursus</strong></span> <span class='ocrx_word' id='word_1_170' title='bbox 988 2313 1128 2370; x_wconf 88' lang='lat' dir='ltr'><strong>alius</strong></span> <span class='ocrx_word' id='word_1_171' title='bbox 1169 2313 1426 2377; x_wconf 78' lang='lat' dir='ltr'><strong>Filius,et</strong></span> <span class='ocrx_word' id='word_1_172' title='bbox 1453 2311 1589 2369; x_wconf 85' lang='lat' dir='ltr'><strong>alius</strong></span> <span class='ocrx_word' id='word_1_173' title='bbox 1614 2326 1868 2375; x_wconf 87' lang='lat' dir='ltr'><strong>rursum;</strong></span> <span class='ocrx_word' id='word_1_174' title='bbox 1896 2311 1989 2365; x_wconf 89' lang='lat' dir='ltr'><strong>sed</strong></span> <span class='ocrx_word' id='word_1_175' title='bbox 2024 2311 2138 2377; x_wconf 89' lang='lat' dir='ltr'><strong>ipse</strong></span> 
     </span>
    </p>
   </div>
   <div class='ocr_carea' id='block_1_24' title="bbox 571 2401 2135 2473">
    <p class='ocr_par' dir='ltr' id='par_1_24' title="bbox 571 2401 2135 2473">
     <span class='ocr_line' id='line_1_24' title="bbox 571 2401 2135 2473; baseline -0.002 -17"><span class='ocrx_word' id='word_1_176' title='bbox 571 2402 658 2458; x_wconf 83' lang='lat' dir='ltr'><strong>ille</strong></span> <span class='ocrx_word' id='word_1_177' title='bbox 690 2419 825 2461; x_wconf 86' lang='lat' dir='ltr'><strong>unus</strong></span> <span class='ocrx_word' id='word_1_178' title='bbox 865 2415 949 2461; x_wconf 84' lang='lat' dir='ltr'><strong>est</strong></span> <span class='ocrx_word' id='word_1_179' title='bbox 980 2406 1217 2463; x_wconf 80' lang='lat' dir='ltr'><strong>duplex:</strong></span> <span class='ocrx_word' id='word_1_180' title='bbox 1265 2421 1370 2461; x_wconf 83' lang='lat' dir='ltr'><strong>non</strong></span> <span class='ocrx_word' id='word_1_181' title='bbox 1415 2404 1698 2469; x_wconf 68' lang='lat' dir='ltr'><strong>dignitate,</strong></span> <span class='ocrx_word' id='word_1_182' title='bbox 1738 2405 1831 2459; x_wconf 89' lang='lat' dir='ltr'><strong>sed</strong></span> <span class='ocrx_word' id='word_1_183' title='bbox 1876 2401 2135 2473; x_wconf 84' lang='lat' dir='ltr'><strong>natura.|</strong></span> 
     </span>
    </p>
   </div>
   <div class='ocr_carea' id='block_1_25' title="bbox 1196 2543 1501 2600">
    <p class='ocr_par' dir='ltr' id='par_1_25' title="bbox 1196 2543 1501 2600">
     <span class='ocr_line' id='line_1_25' title="bbox 1196 2543 1501 2600; baseline -0.01 0"><span class='ocrx_word' id='word_1_184' title='bbox 1196 2543 1348 2600; x_wconf 74' lang='lat' dir='ltr'><strong>CAP.</strong></span> <span class='ocrx_word' id='word_1_185' title='bbox 1394 2544 1501 2599; x_wconf 81' lang='lat' dir='ltr'><strong>VL.</strong></span> 
     </span>
    </p>
   </div>
   <div class='ocr_carea' id='block_1_26' title="bbox 637 2681 2133 2753">
    <p class='ocr_par' dir='ltr' id='par_1_26' title="bbox 637 2681 2133 2753">
     <span class='ocr_line' id='line_1_26' title="bbox 637 2681 2133 2753; baseline -0.005 -13"><span class='ocrx_word' id='word_1_186' title='bbox 637 2683 859 2752; x_wconf 75' lang='lat' dir='ltr'><strong>Explica</strong></span> <span class='ocrx_word' id='word_1_187' title='bbox 891 2685 1023 2739; x_wconf 82' lang='lat' dir='ltr'><strong>mihi</strong></span> <span class='ocrx_word' id='word_1_188' title='bbox 1076 2698 1266 2739; x_wconf 88' lang='lat' dir='ltr'><strong>rursus</strong></span> <span class='ocrx_word' id='word_1_189' title='bbox 1313 2683 1569 2753; x_wconf 85' lang='lat' dir='ltr'><strong>quidnam</strong></span> <span class='ocrx_word' id='word_1_190' title='bbox 1624 2697 1747 2738; x_wconf 84' lang='lat' dir='ltr'><strong>esse</strong></span> <span class='ocrx_word' id='word_1_191' title='bbox 1804 2681 2133 2736; x_wconf 80' lang='lat' dir='ltr'><strong>individuam</strong></span> 
     </span>
    </p>
   </div>
   <div class='ocr_carea' id='block_1_27' title="bbox 565 2772 2135 2841">
    <p class='ocr_par' dir='ltr' id='par_1_27' title="bbox 565 2772 2135 2841">
     <span class='ocr_line' id='line_1_27' title="bbox 565 2772 2135 2841; baseline -0.001 -15"><span class='ocrx_word' id='word_1_192' title='bbox 565 2772 1007 2841; x_wconf 83' lang='lat' dir='ltr'><strong>coniunctionem</strong></span> <span class='ocrx_word' id='word_1_193' title='bbox 1046 2774 1230 2830; x_wconf 82' lang='lat' dir='ltr'><strong>dicis?</strong></span> <span class='ocrx_word' id='word_1_194' title='bbox 1269 2772 1633 2834; x_wconf 86' lang='lat' dir='ltr'><strong>Uuitatemne.</strong></span> <span class='ocrx_word' id='word_1_195' title='bbox 1689 2773 1986 2828; x_wconf 69' lang='lat' dir='ltr'><strong>secundum</strong></span> <span class='ocrx_word' id='word_1_196' title='bbox 2040 2772 2135 2841; x_wconf 85' lang='lat' dir='ltr'><strong>hy-</strong></span> 
     </span>
    </p>
   </div>
   <div class='ocr_carea' id='block_1_28' title="bbox 565 2863 2134 2935">
    <p class='ocr_par' dir='ltr' id='par_1_28' title="bbox 565 2863 2134 2935">
     <span class='ocr_line' id='line_1_28' title="bbox 565 2863 2134 2935; baseline 0.002 -20"><span class='ocrx_word' id='word_1_197' title='bbox 565 2863 824 2931; x_wconf 81' lang='lat' dir='ltr'><strong>postasim</strong></span> <span class='ocrx_word' id='word_1_198' title='bbox 853 2864 1126 2928; x_wconf 86' lang='lat' dir='ltr'><strong>nimirum,</strong></span> <span class='ocrx_word' id='word_1_199' title='bbox 1164 2879 1326 2935; x_wconf 85' lang='lat' dir='ltr'><strong>quam</strong></span> <span class='ocrx_word' id='word_1_200' title='bbox 1358 2865 1460 2934; x_wconf 90' lang='lat' dir='ltr'><strong>ipsi</strong></span> <span class='ocrx_word' id='word_1_201' title='bbox 1496 2865 1850 2933; x_wconf 69' lang='lat' dir='ltr'><strong>praedicamus</strong></span> <span class='ocrx_word' id='word_1_202' title='bbox 1887 2879 2008 2918; x_wconf 90' lang='lat' dir='ltr'><strong>cum</strong></span> <span class='ocrx_word' id='word_1_203' title='bbox 2039 2879 2134 2934; x_wconf 87' lang='lat' dir='ltr'><strong>pro</strong></span> 
     </span>
    </p>
   </div>
   <div class='ocr_carea' id='block_1_29' title="bbox 564 2955 2133 3025">
    <p class='ocr_par' dir='ltr' id='par_1_29' title="bbox 564 2955 2133 3025">
     <span class='ocr_line' id='line_1_29' title="bbox 564 2955 2133 3025; baseline 0.003 -19"><span class='ocrx_word' id='word_1_204' title='bbox 564 2955 873 3025; x_wconf 77' lang='lat' dir='ltr'><strong>dogmatum</strong></span> <span class='ocrx_word' id='word_1_205' title='bbox 924 2956 1157 3014; x_wconf 85' lang='lat' dir='ltr'><strong>veritate</strong></span> <span class='ocrx_word' id='word_1_206' title='bbox 1209 2966 1506 3020; x_wconf 88' lang='lat' dir='ltr'><strong>certamus,</strong></span> <span class='ocrx_word' id='word_1_207' title='bbox 1542 2972 1608 3011; x_wconf 85' lang='lat' dir='ltr'><strong>an</strong></span> <span class='ocrx_word' id='word_1_208' title='bbox 1656 2970 1784 3012; x_wconf 88' lang='lat' dir='ltr'><strong>vero</strong></span> <span class='ocrx_word' id='word_1_209' title='bbox 1839 2956 1979 3010; x_wconf 87' lang='lat' dir='ltr'><strong>hanc</strong></span> <span class='ocrx_word' id='word_1_210' title='bbox 2012 2972 2133 3022; x_wconf 70' lang='lat' dir='ltr'><strong>quze</strong></span> 
     </span>
    </p>
   </div>
   <div class='ocr_carea' id='block_1_30' title="bbox 564 3046 2123 3119">
    <p class='ocr_par' dir='ltr' id='par_1_30' title="bbox 564 3046 2123 3119">
     <span class='ocr_line' id='line_1_30' title="bbox 564 3046 2123 3119; baseline 0.001 -18"><span class='ocrx_word' id='word_1_211' title='bbox 564 3046 858 3101; x_wconf 79' lang='lat' dir='ltr'><strong>secundum</strong></span> <span class='ocrx_word' id='word_1_212' title='bbox 886 3050 1300 3118; x_wconf 84' lang='lat' dir='ltr'><strong>appositionem,</strong></span> <span class='ocrx_word' id='word_1_213' title='bbox 1324 3060 1377 3103; x_wconf 87' lang='lat' dir='ltr'><strong>et</strong></span> <span class='ocrx_word' id='word_1_214' title='bbox 1405 3049 1629 3119; x_wconf 85' lang='lat' dir='ltr'><strong>alicuius</strong></span> <span class='ocrx_word' id='word_1_215' title='bbox 1659 3051 1724 3103; x_wconf 84' lang='lat' dir='ltr'><strong>ad</strong></span> <span class='ocrx_word' id='word_1_216' title='bbox 1751 3048 1955 3117; x_wconf 90' lang='lat' dir='ltr'><strong>aliquid</strong></span> <span class='ocrx_word' id='word_1_217' title='bbox 1992 3049 2123 3103; x_wconf 87' lang='lat' dir='ltr'><strong>vici-</strong></span> 
     </span>
    </p>
   </div>
   <div class='ocr_carea' id='block_1_31' title="bbox 2247 590 3837 665">
    <p class='ocr_par' dir='ltr' id='par_1_31' title="bbox 2247 590 3837 665">
     <span class='ocr_line' id='line_1_31' title="bbox 2247 590 3837 665; baseline 0.006 -23"><span class='ocrx_word' id='word_1_218' title='bbox 2247 590 2515 661; x_wconf 88' lang='grc' dir='ltr'>εστηκότα</span> <span class='ocrx_word' id='word_1_219' title='bbox 2558 590 2841 659; x_wconf 81' lang='grc' dir='ltr'><strong>συλλέγειν</strong></span> <span class='ocrx_word' id='word_1_220' title='bbox 2886 595 2965 654; x_wconf 84' lang='grc' dir='ltr'><strong>εἰς</strong></span> <span class='ocrx_word' id='word_1_221' title='bbox 3014 594 3164 664; x_wconf 88' lang='grc' dir='ltr'>μίαν,</span> <span class='ocrx_word' id='word_1_222' title='bbox 3196 594 3337 648; x_wconf 86' lang='grc' dir='ltr'><strong>καθά</strong></span> <span class='ocrx_word' id='word_1_223' title='bbox 3382 596 3487 665; x_wconf 79' lang='grc' dir='ltr'>φὴς</span> <span class='ocrx_word' id='word_1_224' title='bbox 3513 596 3699 659; x_wconf 76' lang='grc' dir='ltr'>αὐτὸς,</span> <span class='ocrx_word' id='word_1_225' title='bbox 3731 599 3837 651; x_wconf 73' lang='grc' dir='ltr'><strong>αὖ·</strong></span> 
     </span>
    </p>
   </div>
   <div class='ocr_carea' id='block_1_32' title="bbox 2247 684 3834 756">
    <p class='ocr_par' dir='ltr' id='par_1_32' title="bbox 2247 684 3834 756">
     <span class='ocr_line' id='line_1_32' title="bbox 2247 684 3834 756; baseline 0.001 -17"><span class='ocrx_word' id='word_1_226' title='bbox 2247 684 2496 748; x_wconf 85' lang='grc' dir='ltr'>θεντίαν,</span> <span class='ocrx_word' id='word_1_227' title='bbox 2542 686 2637 740; x_wconf 74' lang='grc' dir='ltr'>καὶ</span> <span class='ocrx_word' id='word_1_228' title='bbox 2677 688 2862 756; x_wconf 80' lang='grc' dir='ltr'><strong>τιμαῖς</strong></span> <span class='ocrx_word' id='word_1_229' title='bbox 2913 687 3032 750; x_wconf 85' lang='grc' dir='ltr'>ταῖς</span> <span class='ocrx_word' id='word_1_230' title='bbox 3081 687 3221 749; x_wconf 83' lang='grc' dir='ltr'>ίσαις</span> <span class='ocrx_word' id='word_1_231' title='bbox 3266 688 3562 755; x_wconf 77' lang='grc' dir='ltr'>στεφανοῦν</span> <span class='ocrx_word' id='word_1_232' title='bbox 3609 688 3834 753; x_wconf 80' lang='grc' dir='ltr'>ἀξιοῖς;</span> 
     </span>
    </p>
   </div>
   <div class='ocr_carea' id='block_1_33' title="bbox 2248 776 3836 850">
    <p class='ocr_par' dir='ltr' id='par_1_33' title="bbox 2248 776 3836 850">
     <span class='ocr_line' id='line_1_33' title="bbox 2248 776 3836 850; baseline 0.003 -21"><span class='ocrx_word' id='word_1_233' title='bbox 2248 776 2421 829; x_wconf 86' lang='grc' dir='ltr'><strong>Ὅπου</strong></span> <span class='ocrx_word' id='word_1_234' title='bbox 2453 776 2562 847; x_wconf 78' lang='grc' dir='ltr'><strong>γὰρ</strong></span> <span class='ocrx_word' id='word_1_235' title='bbox 2593 776 2729 839; x_wconf 79' lang='grc' dir='ltr'>ὅλως</span> <span class='ocrx_word' id='word_1_236' title='bbox 2758 779 3146 846; x_wconf 81' lang='grc' dir='ltr'>μειονεκτείται</span> <span class='ocrx_word' id='word_1_237' title='bbox 3198 776 3377 846; x_wconf 80' lang='grc' dir='ltr'><strong>φύσις,</strong></span> <span class='ocrx_word' id='word_1_238' title='bbox 3414 780 3605 849; x_wconf 72' lang='grc' dir='ltr'>ἑτέρας</span> <span class='ocrx_word' id='word_1_239' title='bbox 3652 780 3836 850; x_wconf 82' lang='grc' dir='ltr'>ὑπερ-</span> 
     </span>
    </p>
   </div>
   <div class='ocr_carea' id='block_1_34' title="bbox 2246 856 3832 941">
    <p class='ocr_par' dir='ltr' id='par_1_34' title="bbox 2246 856 3832 941">
     <span class='ocr_line' id='line_1_34' title="bbox 2246 856 3832 941; baseline 0.003 -21"><span class='ocrx_word' id='word_1_240' title='bbox 2246 856 2523 937; x_wconf 77' lang='grc' dir='ltr'><strong>κειμένης,</strong></span> <span class='ocrx_word' id='word_1_241' title='bbox 2565 867 2682 930; x_wconf 82' lang='grc' dir='ltr'>πῶς</span> <span class='ocrx_word' id='word_1_242' title='bbox 2713 867 2781 920; x_wconf 82' lang='grc' dir='ltr'>ἂν</span> <span class='ocrx_word' id='word_1_243' title='bbox 2807 867 2944 937; x_wconf 82' lang='grc' dir='ltr'>αὐτῇ</span> <span class='ocrx_word' id='word_1_244' title='bbox 2985 868 3338 938; x_wconf 73' lang='grc' dir='ltr'><strong>προσγένοιτο</strong></span> <span class='ocrx_word' id='word_1_245' title='bbox 3364 871 3458 923; x_wconf 74' lang='grc' dir='ltr'>καὶ</span> <span class='ocrx_word' id='word_1_246' title='bbox 3487 871 3667 941; x_wconf 80' lang='grc' dir='ltr'>γερῶν</span> <span class='ocrx_word' id='word_1_247' title='bbox 3709 873 3832 924; x_wconf 72' lang='lat' dir='ltr'><strong>tad-</strong></span> 
     </span>
    </p>
   </div>
   <div class='ocr_carea' id='block_1_35' title="bbox 2244 959 3832 1034">
    <p class='ocr_par' dir='ltr' id='par_1_35' title="bbox 2244 959 3832 1034">
     <span class='ocr_line' id='line_1_35' title="bbox 2244 959 3832 1034; baseline -0.001 -22"><span class='ocrx_word' id='word_1_248' title='bbox 2244 977 2363 1031; x_wconf 88' lang='grc' dir='ltr'>της,</span> <span class='ocrx_word' id='word_1_249' title='bbox 2396 961 2489 1014; x_wconf 72' lang='grc' dir='ltr'><strong>καὶ</strong></span> <span class='ocrx_word' id='word_1_250' title='bbox 2521 959 2829 1030; x_wconf 88' lang='grc' dir='ltr'>ίσομοιροῦν</span> <span class='ocrx_word' id='word_1_251' title='bbox 2870 959 3107 1030; x_wconf 82' lang='grc' dir='ltr'>ἀξίωμα,</span> <span class='ocrx_word' id='word_1_252' title='bbox 3146 962 3238 1014; x_wconf 77' lang='grc' dir='ltr'>καὶ</span> <span class='ocrx_word' id='word_1_253' title='bbox 3262 964 3289 1015; x_wconf 99' lang='lat'><strong>6</strong></span> <span class='ocrx_word' id='word_1_254' title='bbox 3315 962 3415 1032; x_wconf 78' lang='grc' dir='ltr'>τῆς</span> <span class='ocrx_word' id='word_1_255' title='bbox 3440 962 3691 1026; x_wconf 79' lang='grc' dir='ltr'>εὐκλείας</span> <span class='ocrx_word' id='word_1_256' title='bbox 3724 965 3832 1034; x_wconf 72' lang='grc' dir='ltr'>οὐχ</span> 
     </span>
    </p>
   </div>
   <div class='ocr_carea' id='block_1_36' title="bbox 2244 1051 3832 1124">
    <p class='ocr_par' dir='ltr' id='par_1_36' title="bbox 2244 1051 3832 1124">
     <span class='ocr_line' id='line_1_36' title="bbox 2244 1051 3832 1124; baseline 0.004 -22"><span class='ocrx_word' id='word_1_257' title='bbox 2244 1051 2428 1121; x_wconf 77' lang='grc' dir='ltr'>ἕτερος</span> <span class='ocrx_word' id='word_1_258' title='bbox 2468 1051 2701 1124; x_wconf 82' lang='grc' dir='ltr'>τρόπος;</span> <span class='ocrx_word' id='word_1_259' title='bbox 2735 1052 2855 1104; x_wconf 89' lang='grc' dir='ltr'>Ὅτι</span> <span class='ocrx_word' id='word_1_260' title='bbox 2899 1051 2956 1104; x_wconf 83' lang='grc' dir='ltr'>δὲ</span> <span class='ocrx_word' id='word_1_261' title='bbox 3006 1051 3299 1120; x_wconf 84' lang='grc' dir='ltr'>συνάφειαν</span> <span class='ocrx_word' id='word_1_262' title='bbox 3344 1053 3643 1123; x_wconf 76' lang='grc' dir='ltr'><strong>ὀνομάζων,</strong></span> <span class='ocrx_word' id='word_1_263' title='bbox 3676 1056 3832 1124; x_wconf 82' lang='grc' dir='ltr'>τάχα</span> 
     </span>
    </p>
   </div>
   <div class='ocr_carea' id='block_1_37' title="bbox 2246 1143 3831 1217">
    <p class='ocr_par' dir='ltr' id='par_1_37' title="bbox 2246 1143 3831 1217">
     <span class='ocr_line' id='line_1_37' title="bbox 2246 1143 3831 1217; baseline 0.001 -20"><span class='ocrx_word' id='word_1_264' title='bbox 2246 1161 2344 1197; x_wconf 84' lang='grc' dir='ltr'><strong>που</strong></span> <span class='ocrx_word' id='word_1_265' title='bbox 2401 1143 2499 1215; x_wconf 78' lang='grc' dir='ltr'>τὴν</span> <span class='ocrx_word' id='word_1_266' title='bbox 2556 1146 2673 1196; x_wconf 79' lang='grc' dir='ltr'>κατ’</span> <span class='ocrx_word' id='word_1_267' title='bbox 2702 1144 2975 1213; x_wconf 77' lang='grc' dir='ltr'><strong>ἐγγύτητα</strong></span> <span class='ocrx_word' id='word_1_268' title='bbox 3022 1143 3191 1215; x_wconf 85' lang='grc' dir='ltr'>μόνην</span> <span class='ocrx_word' id='word_1_269' title='bbox 3236 1145 3331 1197; x_wconf 74' lang='grc' dir='ltr'><strong>καὶ</strong></span> <span class='ocrx_word' id='word_1_270' title='bbox 3389 1145 3519 1216; x_wconf 82' lang='grc' dir='ltr'><strong>[Ῐσ.</strong></span> <span class='ocrx_word' id='word_1_271' title='bbox 3551 1146 3626 1217; x_wconf 79' lang='grc' dir='ltr'><strong>ἢ]</strong></span> <span class='ocrx_word' id='word_1_272' title='bbox 3674 1147 3831 1200; x_wconf 72' lang='grc' dir='ltr'>κατὰ</span> 
     </span>
    </p>
   </div>
   <div class='ocr_carea' id='block_1_38' title="bbox 2245 1233 3831 1305">
    <p class='ocr_par' dir='ltr' id='par_1_38' title="bbox 2245 1233 3831 1305">
     <span class='ocr_line' id='line_1_38' title="bbox 2245 1233 3831 1305; baseline 0.002 -18"><span class='ocrx_word' id='word_1_273' title='bbox 2245 1233 2566 1305; x_wconf 80' lang='grc' dir='ltr'>παράθεσιν,</span> <span class='ocrx_word' id='word_1_274' title='bbox 2596 1235 2764 1304; x_wconf 68' lang='grc' dir='ltr'>ἤγουν</span> <span class='ocrx_word' id='word_1_275' title='bbox 2808 1233 3063 1304; x_wconf 80' lang='grc' dir='ltr'><strong>σχετικὴν</strong></span> <span class='ocrx_word' id='word_1_276' title='bbox 3115 1234 3432 1305; x_wconf 81' lang='grc' dir='ltr'>νοουμένην,</span> <span class='ocrx_word' id='word_1_277' title='bbox 3481 1236 3643 1298; x_wconf 79' lang='grc' dir='ltr'>αὐτὸς</span> <span class='ocrx_word' id='word_1_278' title='bbox 3705 1239 3831 1299; x_wconf 81' lang='grc' dir='ltr'>τοῖς</span> 
     </span>
    </p>
   </div>
   <div class='ocr_carea' id='block_1_39' title="bbox 2247 1325 3822 1398">
    <p class='ocr_par' dir='ltr' id='par_1_39' title="bbox 2247 1325 3822 1398">
     <span class='ocr_line' id='line_1_39' title="bbox 2247 1325 3822 1398; baseline 0.001 -18"><span class='ocrx_word' id='word_1_279' title='bbox 2247 1329 2394 1392; x_wconf 78' lang='grc' dir='ltr'><strong>ἰδίοις</strong></span> <span class='ocrx_word' id='word_1_280' title='bbox 2421 1328 2802 1381; x_wconf 78' lang='grc' dir='ltr'>ἀντανίσταται</span> <span class='ocrx_word' id='word_1_281' title='bbox 2849 1326 3047 1393; x_wconf 84' lang='grc' dir='ltr'>λόγοις,</span> <span class='ocrx_word' id='word_1_282' title='bbox 3084 1325 3119 1379; x_wconf 76' lang='grc' dir='ltr'>ἃ</span> <span class='ocrx_word' id='word_1_283' title='bbox 3156 1325 3451 1379; x_wconf 82' lang='grc' dir='ltr'>κατέλυσεν</span> <span class='ocrx_word' id='word_1_284' title='bbox 3492 1327 3822 1398; x_wconf 79' lang='grc' dir='ltr'>οἰκοδομῶν,</span> 
     </span>
    </p>
   </div>
   <div class='ocr_carea' id='block_1_40' title="bbox 2246 1416 3826 1488">
    <p class='ocr_par' dir='ltr' id='par_1_40' title="bbox 2246 1416 3826 1488">
     <span class='ocr_line' id='line_1_40' title="bbox 2246 1416 3826 1488; baseline 0 -17"><span class='ocrx_word' id='word_1_285' title='bbox 2246 1419 2338 1471; x_wconf 56' lang='grc' dir='ltr'><strong>καὶ⁵</strong></span> <span class='ocrx_word' id='word_1_286' title='bbox 2379 1419 2600 1481; x_wconf 79' lang='grc' dir='ltr'>ἀνιστὰς</span> <span class='ocrx_word' id='word_1_287' title='bbox 2644 1418 2702 1471; x_wconf 84' lang='grc' dir='ltr'>τὸ</span> <span class='ocrx_word' id='word_1_288' title='bbox 2733 1416 3135 1488; x_wconf 80' lang='grc' dir='ltr'>καθῃρημένον,</span> <span class='ocrx_word' id='word_1_289' title='bbox 3173 1418 3345 1486; x_wconf 78' lang='grc' dir='ltr'>σαφὲς</span> <span class='ocrx_word' id='word_1_290' title='bbox 3375 1418 3440 1472; x_wconf 80' lang='grc' dir='ltr'>ἂν</span> <span class='ocrx_word' id='word_1_291' title='bbox 3479 1418 3691 1488; x_wconf 89' lang='grc' dir='ltr'>γένοιτο</span> <span class='ocrx_word' id='word_1_292' title='bbox 3722 1422 3826 1473; x_wconf 67' lang='grc' dir='ltr'>καὶ</span> 
     </span>
    </p>
   </div>
   <div class='ocr_carea' id='block_1_41' title="bbox 2243 1507 3322 1578">
    <p class='ocr_par' dir='ltr' id='par_1_41' title="bbox 2243 1507 3322 1578">
     <span class='ocr_line' id='line_1_41' title="bbox 2243 1507 3322 1578; baseline -0.002 -16"><span class='ocrx_word' id='word_1_293' title='bbox 2243 1509 2329 1562; x_wconf 84' lang='grc' dir='ltr'><strong>διὰ</strong></span> <span class='ocrx_word' id='word_1_294' title='bbox 2368 1508 2519 1561; x_wconf 86' lang='grc' dir='ltr'>τοῦδε</span> <span class='ocrx_word' id='word_1_295' title='bbox 2547 1508 2611 1577; x_wconf 85' lang='grc' dir='ltr'>δὴ</span> <span class='ocrx_word' id='word_1_296' title='bbox 2641 1508 2829 1562; x_wconf 82' lang='grc' dir='ltr'>πάλιν·</span> <span class='ocrx_word' id='word_1_297' title='bbox 2868 1508 2968 1578; x_wconf 74' lang='grc' dir='ltr'>ἔφη</span> <span class='ocrx_word' id='word_1_298' title='bbox 2994 1507 3106 1578; x_wconf 87' lang='grc' dir='ltr'><strong>γὰρ</strong></span> <span class='ocrx_word' id='word_1_299' title='bbox 3129 1507 3322 1571; x_wconf 72' lang='grc' dir='ltr'>οὕτως’</span> 
     </span>
    </p>
   </div>
   <div class='ocr_carea' id='block_1_42' title="bbox 2316 1682 3829 1756">
    <p class='ocr_par' dir='ltr' id='par_1_42' title="bbox 2316 1682 3829 1756">
     <span class='ocr_line' id='line_1_42' title="bbox 2316 1682 3829 1756; baseline 0.002 -21"><span class='ocrx_word' id='word_1_300' title='bbox 2316 1683 2433 1753; x_wconf 78' lang='grc' dir='ltr'><strong>ῘΔιά</strong></span> <span class='ocrx_word' id='word_1_301' title='bbox 2467 1682 2622 1736; x_wconf 89' lang='grc' dir='ltr'>τοῦτο</span> <span class='ocrx_word' id='word_1_302' title='bbox 2673 1682 2935 1753; x_wconf 75' lang='grc' dir='ltr'>βούλομαι</span> <span class='ocrx_word' id='word_1_303' title='bbox 2971 1682 3115 1751; x_wconf 83' lang='grc' dir='ltr'>ὑμᾶς</span> <span class='ocrx_word' id='word_1_304' title='bbox 3154 1685 3291 1753; x_wconf 69' lang='grc' dir='ltr'>μετὰ</span> <span class='ocrx_word' id='word_1_305' title='bbox 3339 1685 3638 1752; x_wconf 73' lang='grc' dir='ltr'>ἀσφαλείας</span> <span class='ocrx_word' id='word_1_306' title='bbox 3684 1703 3829 1756; x_wconf 82' lang='grc' dir='ltr'>κρα-</span> 
     </span>
    </p>
   </div>
   <div class='ocr_carea' id='block_1_43' title="bbox 2243 1774 3831 1845">
    <p class='ocr_par' dir='ltr' id='par_1_43' title="bbox 2243 1774 3831 1845">
     <span class='ocr_line' id='line_1_43' title="bbox 2243 1774 3831 1845; baseline 0 -18"><span class='ocrx_word' id='word_1_307' title='bbox 2243 1778 2384 1827; x_wconf 78' lang='grc' dir='ltr'>τεῖνο</span> <span class='ocrx_word' id='word_1_308' title='bbox 2416 1775 2674 1844; x_wconf 81' lang='grc' dir='ltr'>διαίρεσις</span> <span class='ocrx_word' id='word_1_309' title='bbox 2704 1776 2801 1827; x_wconf 82' lang='grc' dir='ltr'><strong>οὐκ</strong></span> <span class='ocrx_word' id='word_1_310' title='bbox 2832 1774 2948 1827; x_wconf 77' lang='grc' dir='ltr'>ἐστι</span> <span class='ocrx_word' id='word_1_311' title='bbox 2980 1778 3079 1845; x_wconf 82' lang='grc' dir='ltr'>τῆς</span> <span class='ocrx_word' id='word_1_312' title='bbox 3112 1775 3403 1844; x_wconf 75' lang='grc' dir='ltr'>συναφείας</span> <span class='ocrx_word' id='word_1_313' title='bbox 3447 1775 3542 1829; x_wconf 85' lang='grc' dir='ltr'><strong>τοῦ</strong></span> <span class='ocrx_word' id='word_1_314' title='bbox 3574 1775 3831 1845; x_wconf 81' lang='grc' dir='ltr'>ἀξιώμα-</span> 
     </span>
    </p>
   </div>
   <div class='ocr_carea' id='block_1_44' title="bbox 2244 1862 3829 1937">
    <p class='ocr_par' dir='ltr' id='par_1_44' title="bbox 2244 1862 3829 1937">
     <span class='ocr_line' id='line_1_44' title="bbox 2244 1862 3829 1937; baseline 0 -19"><span class='ocrx_word' id='word_1_315' title='bbox 2244 1884 2354 1929; x_wconf 88' lang='grc' dir='ltr'>τος,</span> <span class='ocrx_word' id='word_1_316' title='bbox 2384 1866 2483 1936; x_wconf 85' lang='grc' dir='ltr'>τῆς</span> <span class='ocrx_word' id='word_1_317' title='bbox 2515 1867 2786 1936; x_wconf 69' lang='grc' dir='ltr'>υἱότητας·</span> <span class='ocrx_word' id='word_1_318' title='bbox 2820 1864 2985 1919; x_wconf 80' lang='grc' dir='ltr'>αὐτοῦ</span> <span class='ocrx_word' id='word_1_319' title='bbox 3018 1866 3111 1919; x_wconf 85' lang='grc' dir='ltr'><strong>τοῦ</strong></span> <span class='ocrx_word' id='word_1_320' title='bbox 3140 1862 3278 1920; x_wconf 81' lang='grc' dir='ltr'>εἶναι</span> <span class='ocrx_word' id='word_1_321' title='bbox 3308 1867 3544 1937; x_wconf 82' lang='grc' dir='ltr'>Χριστὸς</span> <span class='ocrx_word' id='word_1_322' title='bbox 3570 1868 3672 1920; x_wconf 75' lang='grc' dir='ltr'><strong>οὐκ</strong></span> <span class='ocrx_word' id='word_1_323' title='bbox 3702 1868 3829 1919; x_wconf 78' lang='grc' dir='ltr'>ἐστι</span> 
     </span>
    </p>
   </div>
   <div class='ocr_carea' id='block_1_45' title="bbox 2242 1957 3829 2029">
    <p class='ocr_par' dir='ltr' id='par_1_45' title="bbox 2242 1957 3829 2029">
     <span class='ocr_line' id='line_1_45' title="bbox 2242 1957 3829 2029; baseline -0.001 -18"><span class='ocrx_word' id='word_1_324' title='bbox 2242 1959 2541 2028; x_wconf 71' lang='grc' dir='ltr'>διαίρεσιςο</span> <span class='ocrx_word' id='word_1_325' title='bbox 2592 1958 2690 2027; x_wconf 80' lang='grc' dir='ltr'>τῆς</span> <span class='ocrx_word' id='word_1_326' title='bbox 2734 1958 2790 2011; x_wconf 77' lang='grc' dir='ltr'>δὲ</span> <span class='ocrx_word' id='word_1_327' title='bbox 2838 1957 3088 2026; x_wconf 78' lang='grc' dir='ltr'>θεότητος</span> <span class='ocrx_word' id='word_1_328' title='bbox 3120 1959 3211 2011; x_wconf 76' lang='grc' dir='ltr'>καὶ</span> <span class='ocrx_word' id='word_1_329' title='bbox 3246 1958 3659 2029; x_wconf 81' lang='grc' dir='ltr'>ἀνθρωπότητός</span> <span class='ocrx_word' id='word_1_330' title='bbox 3703 1959 3829 2010; x_wconf 78' lang='grc' dir='ltr'>ἐστι</span> 
     </span>
    </p>
   </div>
   <div class='ocr_carea' id='block_1_46' title="bbox 2241 2050 3823 2122">
    <p class='ocr_par' dir='ltr' id='par_1_46' title="bbox 2241 2050 3823 2122">
     <span class='ocr_line' id='line_1_46' title="bbox 2241 2050 3823 2122; baseline -0.002 -18"><span class='ocrx_word' id='word_1_331' title='bbox 2241 2052 2502 2122; x_wconf 79' lang='grc' dir='ltr'>διαίρεσις</span> <span class='ocrx_word' id='word_1_332' title='bbox 2520 2067 2535 2081; x_wconf 90' lang='grc'><strong>·</strong></span> <span class='ocrx_word' id='word_1_333' title='bbox 2562 2052 2590 2103; x_wconf 89' lang='grc' dir='ltr'>ὁ</span> <span class='ocrx_word' id='word_1_334' title='bbox 2614 2052 2866 2120; x_wconf 81' lang='grc' dir='ltr'>Χριστὸς,</span> <span class='ocrx_word' id='word_1_335' title='bbox 2893 2050 3032 2103; x_wconf 79' lang='grc' dir='ltr'>κατὰ</span> <span class='ocrx_word' id='word_1_336' title='bbox 3076 2051 3138 2102; x_wconf 73' lang='grc' dir='ltr'><strong>τὸ</strong></span> <span class='ocrx_word' id='word_1_337' title='bbox 3183 2051 3438 2120; x_wconf 83' lang='grc' dir='ltr'>Χριστὸς,</span> <span class='ocrx_word' id='word_1_338' title='bbox 3470 2050 3778 2121; x_wconf 84' lang='grc' dir='ltr'>ἀδιαίρετος</span> <span class='ocrx_word' id='word_1_339' title='bbox 3807 2066 3823 2078; x_wconf 87' lang='grc'><strong>·</strong></span> 
     </span>
    </p>
   </div>
   <div class='ocr_carea' id='block_1_47' title="bbox 2239 2141 3827 2215">
    <p class='ocr_par' dir='ltr' id='par_1_47' title="bbox 2239 2141 3827 2215">
     <span class='ocr_line' id='line_1_47' title="bbox 2239 2141 3827 2215; baseline -0.003 -18"><span class='ocrx_word' id='word_1_340' title='bbox 2239 2145 2300 2197; x_wconf 82' lang='grc' dir='ltr'>οὐ</span> <span class='ocrx_word' id='word_1_341' title='bbox 2344 2144 2452 2215; x_wconf 81' lang='grc' dir='ltr'><strong>γὰρ</strong></span> <span class='ocrx_word' id='word_1_342' title='bbox 2481 2144 2675 2214; x_wconf 77' lang='grc' dir='ltr'>ἔχομεν</span> <span class='ocrx_word' id='word_1_343' title='bbox 2709 2143 2802 2196; x_wconf 73' lang='grc' dir='ltr'>δύο</span> <span class='ocrx_word' id='word_1_344' title='bbox 2828 2144 3107 2214; x_wconf 74' lang='grc' dir='ltr'>χριστοῦς,</span> <span class='ocrx_word' id='word_1_345' title='bbox 3136 2143 3258 2196; x_wconf 78' lang='grc' dir='ltr'>οὐδὲ</span> <span class='ocrx_word' id='word_1_346' title='bbox 3289 2141 3382 2195; x_wconf 79' lang='grc' dir='ltr'>δύο</span> <span class='ocrx_word' id='word_1_347' title='bbox 3408 2142 3583 2205; x_wconf 79' lang='grc' dir='ltr'>υἱοὺςο</span> <span class='ocrx_word' id='word_1_348' title='bbox 3615 2142 3675 2194; x_wconf 84' lang='grc' dir='ltr'>οὐ</span> <span class='ocrx_word' id='word_1_349' title='bbox 3708 2142 3827 2211; x_wconf 87' lang='grc' dir='ltr'><strong>γάρ</strong></span> 
     </span>
    </p>
   </div>
   <div class='ocr_carea' id='block_1_48' title="bbox 2239 2232 3827 2305">
    <p class='ocr_par' dir='ltr' id='par_1_48' title="bbox 2239 2232 3827 2305">
     <span class='ocr_line' id='line_1_48' title="bbox 2239 2232 3827 2305; baseline -0.003 -16"><span class='ocrx_word' id='word_1_350' title='bbox 2239 2238 2355 2289; x_wconf 77' lang='grc' dir='ltr'>ἐστι</span> <span class='ocrx_word' id='word_1_351' title='bbox 2391 2236 2519 2305; x_wconf 85' lang='grc' dir='ltr'>παρ’</span> <span class='ocrx_word' id='word_1_352' title='bbox 2543 2236 2674 2305; x_wconf 85' lang='grc' dir='ltr'>ἡμῖν</span> <span class='ocrx_word' id='word_1_353' title='bbox 2700 2233 2915 2305; x_wconf 81' lang='grc' dir='ltr'>πρῶτος</span> <span class='ocrx_word' id='word_1_354' title='bbox 2942 2234 3036 2287; x_wconf 77' lang='grc' dir='ltr'>καὶ</span> <span class='ocrx_word' id='word_1_355' title='bbox 3065 2233 3332 2303; x_wconf 81' lang='grc' dir='ltr'>δεύτερος,</span> <span class='ocrx_word' id='word_1_356' title='bbox 3372 2232 3492 2286; x_wconf 78' lang='grc' dir='ltr'>οὐδὲ</span> <span class='ocrx_word' id='word_1_357' title='bbox 3520 2232 3678 2295; x_wconf 83' lang='grc' dir='ltr'>ἀλλος</span> <span class='ocrx_word' id='word_1_358' title='bbox 3725 2233 3827 2285; x_wconf 74' lang='grc' dir='ltr'>καὶ</span> 
     </span>
    </p>
   </div>
   <div class='ocr_carea' id='block_1_49' title="bbox 2238 2321 3829 2388">
    <p class='ocr_par' dir='ltr' id='par_1_49' title="bbox 2238 2321 3829 2388">
     <span class='ocr_line' id='line_1_49' title="bbox 2238 2321 3829 2388; baseline -0.005 -9"><span class='ocrx_word' id='word_1_359' title='bbox 2238 2326 2396 2388; x_wconf 80' lang='grc' dir='ltr'>ἄλλος</span> <span class='ocrx_word' id='word_1_360' title='bbox 2415 2341 2429 2355; x_wconf 74' lang='grc'><strong><em>³</em></strong></span> <span class='ocrx_word' id='word_1_361' title='bbox 2455 2324 2575 2378; x_wconf 72' lang='grc' dir='ltr'>οὐδὲ</span> <span class='ocrx_word' id='word_1_362' title='bbox 2606 2324 2768 2377; x_wconf 88' lang='grc' dir='ltr'>πάλιν</span> <span class='ocrx_word' id='word_1_363' title='bbox 2793 2322 2950 2387; x_wconf 84' lang='grc' dir='ltr'>ἀλλος</span> <span class='ocrx_word' id='word_1_364' title='bbox 2974 2323 3121 2387; x_wconf 80' lang='grc' dir='ltr'>Υἱὸς,</span> <span class='ocrx_word' id='word_1_365' title='bbox 3159 2324 3251 2376; x_wconf 76' lang='grc' dir='ltr'>καὶ</span> <span class='ocrx_word' id='word_1_366' title='bbox 3282 2322 3439 2385; x_wconf 84' lang='grc' dir='ltr'>ἄλλος</span> <span class='ocrx_word' id='word_1_367' title='bbox 3466 2321 3628 2375; x_wconf 86' lang='grc' dir='ltr'>πάλιν</span> <span class='ocrx_word' id='word_1_368' title='bbox 3649 2338 3661 2349; x_wconf 72' lang='grc' dir='ltr'><strong>ο</strong></span> <span class='ocrx_word' id='word_1_369' title='bbox 3692 2321 3793 2374; x_wconf 85' lang='grc' dir='ltr'><strong>ἀλλ</strong></span> <span class='ocrx_word' id='word_1_370' title='bbox 3811 2322 3829 2340; x_wconf 81' lang='grc'><strong>⁹</strong></span> 
     </span>
    </p>
   </div>
   <div class='ocr_carea' id='block_1_50' title="bbox 2240 2409 3829 2485">
    <p class='ocr_par' dir='ltr' id='par_1_50' title="bbox 2240 2409 3829 2485">
     <span class='ocr_line' id='line_1_50' title="bbox 2240 2409 3829 2485; baseline -0.004 -15"><span class='ocrx_word' id='word_1_371' title='bbox 2240 2416 2402 2479; x_wconf 72' lang='grc' dir='ltr'>αὐτὸς</span> <span class='ocrx_word' id='word_1_372' title='bbox 2438 2418 2467 2469; x_wconf 88' lang='lat'><strong>6</strong></span> <span class='ocrx_word' id='word_1_373' title='bbox 2502 2409 2583 2479; x_wconf 75' lang='grc' dir='ltr'>εἷς</span> <span class='ocrx_word' id='word_1_374' title='bbox 2624 2418 2739 2469; x_wconf 78' lang='grc' dir='ltr'>ἐστι</span> <span class='ocrx_word' id='word_1_375' title='bbox 2757 2413 2975 2476; x_wconf 81' lang='grc' dir='ltr'>διπλοῦς</span> <span class='ocrx_word' id='word_1_376' title='bbox 2996 2431 3008 2443; x_wconf 91' lang='grc'><strong>·</strong></span> <span class='ocrx_word' id='word_1_377' title='bbox 3031 2415 3092 2467; x_wconf 81' lang='grc' dir='ltr'>οὐ</span> <span class='ocrx_word' id='word_1_378' title='bbox 3109 2416 3171 2485; x_wconf 76' lang='grc' dir='ltr'><strong>τῇ</strong></span> <span class='ocrx_word' id='word_1_379' title='bbox 3197 2413 3341 2484; x_wconf 76' lang='grc' dir='ltr'>ἀξία,</span> <span class='ocrx_word' id='word_1_380' title='bbox 3369 2413 3582 2483; x_wconf 84' lang='grc' dir='ltr'>ἀλλάτῇ</span> <span class='ocrx_word' id='word_1_381' title='bbox 3606 2410 3829 2482; x_wconf 61' lang='grc' dir='ltr'>φύσει.)</span> 
     </span>
    </p>
   </div>
   <div class='ocr_carea' id='block_1_51' title="bbox 2838 2552 3218 2618">
    <p class='ocr_par' dir='ltr' id='par_1_51' title="bbox 2838 2552 3218 2618">
     <span class='ocr_line' id='line_1_51' title="bbox 2838 2552 3218 2618; baseline -0.003 -13"><span class='ocrx_word' id='word_1_382' title='bbox 2838 2552 3085 2605; x_wconf 78' lang='grc' dir='ltr'><strong>ΚΕΦΑΛ.</strong></span> <span class='ocrx_word' id='word_1_383' title='bbox 3129 2553 3218 2618; x_wconf 74' lang='grc' dir='ltr'><strong>εῖν.</strong></span> 
     </span>
    </p>
   </div>
   <div class='ocr_carea' id='block_1_52' title="bbox 2307 2683 3834 2759">
    <p class='ocr_par' dir='ltr' id='par_1_52' title="bbox 2307 2683 3834 2759">
     <span class='ocr_line' id='line_1_52' title="bbox 2307 2683 3834 2759; baseline -0.004 -18"><span class='ocrx_word' id='word_1_384' title='bbox 2307 2688 2485 2759; x_wconf 75' lang='grc' dir='ltr'>Φράζε</span> <span class='ocrx_word' id='word_1_385' title='bbox 2508 2688 2570 2758; x_wconf 82' lang='grc' dir='ltr'>δή</span> <span class='ocrx_word' id='word_1_386' title='bbox 2605 2703 2700 2758; x_wconf 87' lang='grc' dir='ltr'><strong>μοι</strong></span> <span class='ocrx_word' id='word_1_387' title='bbox 2724 2684 2908 2744; x_wconf 83' lang='grc' dir='ltr'>πάλιν,</span> <span class='ocrx_word' id='word_1_388' title='bbox 2933 2684 2984 2737; x_wconf 85' lang='grc' dir='ltr'><strong>τί</strong></span> <span class='ocrx_word' id='word_1_389' title='bbox 3010 2683 3074 2750; x_wconf 78' lang='grc' dir='ltr'><strong>δὴ</strong></span> <span class='ocrx_word' id='word_1_390' title='bbox 3102 2684 3208 2753; x_wconf 85' lang='grc' dir='ltr'>ἄρα</span> <span class='ocrx_word' id='word_1_391' title='bbox 3240 2684 3339 2754; x_wconf 85' lang='grc' dir='ltr'>τὴν</span> <span class='ocrx_word' id='word_1_392' title='bbox 3363 2684 3666 2754; x_wconf 86' lang='grc' dir='ltr'>ἀδιαίρετον</span> <span class='ocrx_word' id='word_1_393' title='bbox 3692 2700 3834 2736; x_wconf 82' lang='grc' dir='ltr'>συν-</span> 
     </span>
    </p>
   </div>
   <div class='ocr_carea' id='block_1_53' title="bbox 2236 2774 3833 2851">
    <p class='ocr_par' dir='ltr' id='par_1_53' title="bbox 2236 2774 3833 2851">
     <span class='ocr_line' id='line_1_53' title="bbox 2236 2774 3833 2851; baseline -0.009 -14"><span class='ocrx_word' id='word_1_394' title='bbox 2236 2784 2429 2851; x_wconf 80' lang='grc' dir='ltr'>άφειαν</span> <span class='ocrx_word' id='word_1_395' title='bbox 2459 2776 2597 2835; x_wconf 75' lang='grc' dir='ltr'>εἶναι</span> <span class='ocrx_word' id='word_1_396' title='bbox 2636 2774 2951 2850; x_wconf 69' lang='grc' dir='ltr'><strong>φής;⁷Δρα</strong></span> <span class='ocrx_word' id='word_1_397' title='bbox 2976 2776 3074 2845; x_wconf 79' lang='grc' dir='ltr'>τὴν</span> <span class='ocrx_word' id='word_1_398' title='bbox 3098 2776 3311 2837; x_wconf 77' lang='grc' dir='ltr'>ἕνωσιν,</span> <span class='ocrx_word' id='word_1_399' title='bbox 3344 2774 3499 2846; x_wconf 82' lang='grc' dir='ltr'>δῆλον</span> <span class='ocrx_word' id='word_1_400' title='bbox 3519 2776 3577 2828; x_wconf 83' lang='grc' dir='ltr'>δὲ</span> <span class='ocrx_word' id='word_1_401' title='bbox 3604 2776 3685 2828; x_wconf 81' lang='grc' dir='ltr'>ὅτι</span> <span class='ocrx_word' id='word_1_402' title='bbox 3722 2775 3833 2838; x_wconf 72' lang='grc' dir='ltr'><strong>τὴν</strong></span> 
     </span>
    </p>
   </div>
   <div class='ocr_carea' id='block_1_54' title="bbox 2238 2866 3833 2940">
    <p class='ocr_par' dir='ltr' id='par_1_54' title="bbox 2238 2866 3833 2940">
     <span class='ocr_line' id='line_1_54' title="bbox 2238 2866 3833 2940; baseline -0.008 -11"><span class='ocrx_word' id='word_1_403' title='bbox 2238 2874 2361 2929; x_wconf 84' lang='grc' dir='ltr'>καθ’</span> <span class='ocrx_word' id='word_1_404' title='bbox 2392 2874 2718 2936; x_wconf 79' lang='grc' dir='ltr'>ὑπόστασιν,</span> <span class='ocrx_word' id='word_1_405' title='bbox 2769 2869 2838 2940; x_wconf 75' lang='grc' dir='ltr'>ἦν</span> <span class='ocrx_word' id='word_1_406' title='bbox 2886 2869 3047 2937; x_wconf 74' lang='grc' dir='ltr'>ἡμεῖς</span> <span class='ocrx_word' id='word_1_407' title='bbox 3097 2866 3507 2937; x_wconf 70' lang='grc' dir='ltr'>πρεσϐεύομεν,</span> <span class='ocrx_word' id='word_1_408' title='bbox 3554 2868 3668 2928; x_wconf 84' lang='grc' dir='ltr'>τοῖς</span> <span class='ocrx_word' id='word_1_409' title='bbox 3722 2867 3833 2935; x_wconf 79' lang='grc' dir='ltr'>τῆς</span> 
     </span>
    </p>
   </div>
   <div class='ocr_carea' id='block_1_55' title="bbox 2237 2957 3831 3038">
    <p class='ocr_par' dir='ltr' id='par_1_55' title="bbox 2237 2957 3831 3038">
     <span class='ocr_line' id='line_1_55' title="bbox 2237 2957 3831 3038; baseline -0.008 -16"><span class='ocrx_word' id='word_1_410' title='bbox 2237 2967 2494 3038; x_wconf 81' lang='grc' dir='ltr'>ἀληθείας</span> <span class='ocrx_word' id='word_1_411' title='bbox 2520 2962 2910 3025; x_wconf 79' lang='grc' dir='ltr'>συναθλοῦντες</span> <span class='ocrx_word' id='word_1_412' title='bbox 2933 2958 3193 3030; x_wconf 84' lang='grc' dir='ltr'>δόγμασιν</span> <span class='ocrx_word' id='word_1_413' title='bbox 3213 2974 3227 2988; x_wconf 75' lang='grc' dir='ltr'><strong><em>ο</em></strong></span> <span class='ocrx_word' id='word_1_414' title='bbox 3252 2958 3284 3028; x_wconf 81' lang='grc' dir='ltr'><strong>ἢ</strong></span> <span class='ocrx_word' id='word_1_415' title='bbox 3310 2957 3537 3026; x_wconf 73' lang='grc' dir='ltr'>ταυτηνὶ</span> <span class='ocrx_word' id='word_1_416' title='bbox 3557 2957 3657 3027; x_wconf 79' lang='grc' dir='ltr'>τὴν</span> <span class='ocrx_word' id='word_1_417' title='bbox 3678 2957 3831 3010; x_wconf 67' lang='grc' dir='ltr'>κατὰ</span> 
     </span>
    </p>
   </div>
   <div class='ocr_carea' id='block_1_56' title="bbox 2239 3047 3829 3130">
    <p class='ocr_par' dir='ltr' id='par_1_56' title="bbox 2239 3047 3829 3130">
     <span class='ocr_line' id='line_1_56' title="bbox 2239 3047 3829 3130; baseline -0.009 -16"><span class='ocrx_word' id='word_1_418' title='bbox 2239 3059 2558 3130; x_wconf 82' lang='grc' dir='ltr'>παράθεσιν,</span> <span class='ocrx_word' id='word_1_419' title='bbox 2588 3057 2682 3110; x_wconf 74' lang='grc' dir='ltr'>καὶ</span> <span class='ocrx_word' id='word_1_420' title='bbox 2712 3054 2810 3125; x_wconf 81' lang='grc' dir='ltr'>τὴν</span> <span class='ocrx_word' id='word_1_421' title='bbox 2842 3050 2979 3124; x_wconf 82' lang='grc' dir='ltr'>πρὸς</span> <span class='ocrx_word' id='word_1_422' title='bbox 3002 3050 3125 3103; x_wconf 86' lang='grc' dir='ltr'>τόδε</span> <span class='ocrx_word' id='word_1_423' title='bbox 3150 3067 3202 3102; x_wconf 89' lang='grc' dir='ltr'><strong>τι</strong></span> <span class='ocrx_word' id='word_1_424' title='bbox 3228 3048 3324 3102; x_wconf 87' lang='grc' dir='ltr'><strong>τοῦ</strong></span> <span class='ocrx_word' id='word_1_425' title='bbox 3349 3048 3518 3111; x_wconf 75' lang='grc' dir='ltr'>δεῖνος</span> <span class='ocrx_word' id='word_1_426' title='bbox 3542 3047 3829 3117; x_wconf 76' lang='grc' dir='ltr'>ἐγγύτητα</span> 
     </span>
    </p>
   </div>
   <div class='ocr_carea' id='block_1_57' title="bbox 562 3136 2136 3221">
    <p class='ocr_par' dir='ltr' id='par_1_57' title="bbox 562 3136 2133 3213">
     <span class='ocr_line' id='line_1_57' title="bbox 562 3136 2133 3213; baseline 0.005 -24"><span class='ocrx_word' id='word_1_427' title='bbox 562 3136 784 3192; x_wconf 83' lang='lat' dir='ltr'><strong>nitatem</strong></span> <span class='ocrx_word' id='word_1_428' title='bbox 855 3138 1391 3210; x_wconf 76' lang='lat' dir='ltr'><strong>intelligitur?Nam</strong></span> <span class='ocrx_word' id='word_1_429' title='bbox 1447 3142 1526 3197; x_wconf 90' lang='lat' dir='ltr'><strong>sic</strong></span> <span class='ocrx_word' id='word_1_430' title='bbox 1571 3142 1735 3195; x_wconf 86' lang='lat' dir='ltr'><strong>etiam</strong></span> <span class='ocrx_word' id='word_1_431' title='bbox 1801 3140 1909 3213; x_wconf 63' lang='lat'><strong>5.5</strong></span> <span class='ocrx_word' id='word_1_432' title='bbox 1964 3156 2133 3197; x_wconf 83' lang='lat' dir='ltr'><strong>sacrae</strong></span> 
     </span>
    </p>
   </div>
   <div class='ocr_carea' id='block_1_58' title="bbox 2242 3136 3827 3221">
    <p class='ocr_par' dir='ltr' id='par_1_58' title="bbox 2242 3138 3827 3221">
     <span class='ocr_line' id='line_1_58' title="bbox 2242 3138 3827 3221; baseline -0.01 -14"><span class='ocrx_word' id='word_1_433' title='bbox 2242 3152 2567 3221; x_wconf 74' lang='grc' dir='ltr'>νοουμένηνς</span> <span class='ocrx_word' id='word_1_434' title='bbox 2599 3149 2824 3217; x_wconf 86' lang='grc' dir='ltr'>Δέχεται</span> <span class='ocrx_word' id='word_1_435' title='bbox 2853 3144 2963 3214; x_wconf 81' lang='grc' dir='ltr'><strong>γάρ</strong></span> <span class='ocrx_word' id='word_1_436' title='bbox 2995 3141 3140 3195; x_wconf 82' lang='grc' dir='ltr'>οὓτω</span> <span class='ocrx_word' id='word_1_437' title='bbox 3166 3140 3265 3210; x_wconf 79' lang='grc' dir='ltr'>τὴν</span> <span class='ocrx_word' id='word_1_438' title='bbox 3301 3139 3444 3206; x_wconf 82' lang='grc' dir='ltr'>λέξιν</span> <span class='ocrx_word' id='word_1_439' title='bbox 3477 3141 3511 3208; x_wconf 84' lang='grc' dir='ltr'>ἡ</span> <span class='ocrx_word' id='word_1_440' title='bbox 3556 3138 3827 3192; x_wconf 76' lang='grc' dir='ltr'>θεόπνευ-</span> 
     </span>
    </p>
   </div>
   <div class='ocr_carea' id='block_1_59' title="bbox 562 3229 2127 3301">
    <p class='ocr_par' dir='ltr' id='par_1_59' title="bbox 562 3229 2127 3301">
     <span class='ocr_line' id='line_1_59' title="bbox 562 3229 2127 3301; baseline 0.001 -18"><span class='ocrx_word' id='word_1_441' title='bbox 562 3229 777 3286; x_wconf 74' lang='lat' dir='ltr'><strong>Littera:</strong></span> <span class='ocrx_word' id='word_1_442' title='bbox 838 3232 977 3289; x_wconf 88' lang='lat' dir='ltr'><strong>hanc</strong></span> <span class='ocrx_word' id='word_1_443' title='bbox 1037 3233 1332 3293; x_wconf 83' lang='lat' dir='ltr'><strong>dictionem</strong></span> <span class='ocrx_word' id='word_1_444' title='bbox 1388 3233 1927 3301; x_wconf 79' lang='lat' dir='ltr'><strong>accipiunt:itaque</strong></span> <span class='ocrx_word' id='word_1_445' title='bbox 1991 3232 2127 3286; x_wconf 83' lang='lat' dir='ltr'><strong>dixit</strong></span> 
     </span>
    </p>
   </div>
   <div class='ocr_carea' id='block_1_60' title="bbox 562 3321 2130 3389">
    <p class='ocr_par' dir='ltr' id='par_1_60' title="bbox 562 3321 2130 3389">
     <span class='ocr_line' id='line_1_60' title="bbox 562 3321 2130 3389; baseline -0.001 -12"><span class='ocrx_word' id='word_1_446' title='bbox 562 3325 702 3380; x_wconf 85' lang='lat' dir='ltr'><strong>Deus</strong></span> <span class='ocrx_word' id='word_1_447' title='bbox 730 3324 795 3377; x_wconf 88' lang='lat' dir='ltr'><strong>ad</strong></span> <span class='ocrx_word' id='word_1_448' title='bbox 829 3324 1044 3379; x_wconf 83' lang='lat' dir='ltr'><strong>beatum</strong></span> <span class='ocrx_word' id='word_1_449' title='bbox 1082 3322 1287 3389; x_wconf 78' lang='lat' dir='ltr'><strong>Mosen,</strong></span> <span class='ocrx_word' id='word_1_450' title='bbox 1346 3324 1411 3380; x_wconf 93' lang='lat' dir='ltr'><strong>de</strong></span> <span class='ocrx_word' id='word_1_451' title='bbox 1437 3323 1603 3377; x_wconf 89' lang='lat' dir='ltr'><strong>veteri</strong></span> <span class='ocrx_word' id='word_1_452' title='bbox 1643 3321 1732 3376; x_wconf 84' lang='lat' dir='ltr'><strong>illo</strong></span> <span class='ocrx_word' id='word_1_453' title='bbox 1781 3323 2130 3377; x_wconf 87' lang='lat' dir='ltr'><strong>tabernaculo</strong></span> 
     </span>
    </p>
   </div>
   <div class='ocr_carea' id='block_1_61' title="bbox 565 3414 2131 3484">
    <p class='ocr_par' dir='ltr' id='par_1_61' title="bbox 565 3414 2131 3484">
     <span class='ocr_line' id='line_1_61' title="bbox 565 3414 2131 3484; baseline -0.004 -14"><span class='ocrx_word' id='word_1_454' title='bbox 565 3416 786 3484; x_wconf 85' lang='lat' dir='ltr'><strong>loquens</strong></span> <span class='ocrx_word' id='word_1_455' title='bbox 818 3433 829 3469; x_wconf 91' lang='lat'><strong>:</strong></span> <span class='ocrx_word' id='word_1_456' title='bbox 868 3432 886 3467; x_wconf 75' lang='grc' dir='ltr'><strong>ι</strong></span> <span class='ocrx_word' id='word_1_457' title='bbox 920 3414 985 3468; x_wconf 84' lang='grc' dir='ltr'><strong>Ει</strong></span> <span class='ocrx_word' id='word_1_458' title='bbox 1020 3414 1185 3469; x_wconf 80' lang='lat' dir='ltr'><strong>facies</strong></span> <span class='ocrx_word' id='word_1_459' title='bbox 1215 3414 1403 3469; x_wconf 82' lang='lat' dir='ltr'><strong>tibulas</strong></span> <span class='ocrx_word' id='word_1_460' title='bbox 1425 3414 1814 3484; x_wconf 73' lang='lat' dir='ltr'><strong>quinquaginta</strong></span> <span class='ocrx_word' id='word_1_461' title='bbox 1844 3427 2057 3476; x_wconf 82' lang='lat' dir='ltr'><strong>aureas,</strong></span> <span class='ocrx_word' id='word_1_462' title='bbox 2078 3423 2131 3467; x_wconf 89' lang='lat' dir='ltr'><strong>et</strong></span> 
     </span>
    </p>
   </div>
   <div class='ocr_carea' id='block_1_62' title="bbox 563 3504 2130 3578">
    <p class='ocr_par' dir='ltr' id='par_1_62' title="bbox 563 3504 2130 3578">
     <span class='ocr_line' id='line_1_62' title="bbox 563 3504 2130 3578; baseline -0.004 -17"><span class='ocrx_word' id='word_1_463' title='bbox 563 3505 855 3578; x_wconf 83' lang='lat' dir='ltr'><strong>conjunges</strong></span> <span class='ocrx_word' id='word_1_464' title='bbox 899 3508 1137 3561; x_wconf 87' lang='lat' dir='ltr'><strong>cortinas</strong></span> <span class='ocrx_word' id='word_1_465' title='bbox 1182 3504 1411 3559; x_wconf 86' lang='lat' dir='ltr'><strong>alteram</strong></span> <span class='ocrx_word' id='word_1_466' title='bbox 1465 3504 1619 3559; x_wconf 85' lang='lat' dir='ltr'><strong>alteri</strong></span> <span class='ocrx_word' id='word_1_467' title='bbox 1650 3505 1719 3556; x_wconf 83' lang='grc'><strong>³⁸.</strong></span> <span class='ocrx_word' id='word_1_468' title='bbox 1763 3523 1782 3556; x_wconf 72' lang='grc' dir='ltr'><strong>ι</strong></span> <span class='ocrx_word' id='word_1_469' title='bbox 1809 3505 1940 3559; x_wconf 90' lang='lat' dir='ltr'><strong>Cum</strong></span> <span class='ocrx_word' id='word_1_470' title='bbox 1987 3504 2130 3558; x_wconf 88' lang='lat' dir='ltr'><strong>enim</strong></span> 
     </span>
    </p>
   </div>
   <div class='ocr_carea' id='block_1_63' title="bbox 560 3594 2131 3671">
    <p class='ocr_par' dir='ltr' id='par_1_63' title="bbox 560 3594 2131 3671">
     <span class='ocr_line' id='line_1_63' title="bbox 560 3594 2131 3671; baseline -0.006 -18"><span class='ocrx_word' id='word_1_471' title='bbox 560 3594 795 3671; x_wconf 69' lang='lat' dir='ltr'><strong>quinque</strong></span> <span class='ocrx_word' id='word_1_472' title='bbox 822 3608 1024 3659; x_wconf 87' lang='lat' dir='ltr'><strong>essent.</strong></span> <span class='ocrx_word' id='word_1_473' title='bbox 1058 3608 1114 3652; x_wconf 86' lang='lat' dir='ltr'><strong>et</strong></span> <span class='ocrx_word' id='word_1_474' title='bbox 1138 3608 1474 3665; x_wconf 70' lang='lat' dir='ltr'><strong>unaquaeque</strong></span> <span class='ocrx_word' id='word_1_475' title='bbox 1497 3594 1721 3650; x_wconf 87' lang='lat' dir='ltr'><strong>seorsim</strong></span> <span class='ocrx_word' id='word_1_476' title='bbox 1744 3594 1954 3648; x_wconf 87' lang='lat' dir='ltr'><strong>diversa</strong></span> <span class='ocrx_word' id='word_1_477' title='bbox 1986 3601 2131 3647; x_wconf 87' lang='lat' dir='ltr'><strong>esset</strong></span> 
     </span>
    </p>
   </div>
   <div class='ocr_carea' id='block_1_64' title="bbox 558 3684 2130 3761">
    <p class='ocr_par' dir='ltr' id='par_1_64' title="bbox 558 3684 2130 3761">
     <span class='ocr_line' id='line_1_64' title="bbox 558 3684 2130 3761; baseline -0.008 -13"><span class='ocrx_word' id='word_1_478' title='bbox 558 3694 627 3748; x_wconf 77' lang='lat' dir='ltr'><strong>ab</strong></span> <span class='ocrx_word' id='word_1_479' title='bbox 656 3692 801 3758; x_wconf 79' lang='lat' dir='ltr'><strong>aliis,</strong></span> <span class='ocrx_word' id='word_1_480' title='bbox 822 3688 1246 3761; x_wconf 73' lang='lat' dir='ltr'><strong>coniungebatur</strong></span> <span class='ocrx_word' id='word_1_481' title='bbox 1274 3685 1473 3741; x_wconf 80' lang='lat' dir='ltr'><strong>ﬁbulis.</strong></span> <span class='ocrx_word' id='word_1_482' title='bbox 1492 3686 1562 3739; x_wconf 82' lang='lat' dir='ltr'><strong>At</strong></span> <span class='ocrx_word' id='word_1_483' title='bbox 1582 3700 1709 3742; x_wconf 87' lang='lat' dir='ltr'><strong>vero</strong></span> <span class='ocrx_word' id='word_1_484' title='bbox 1735 3700 1834 3739; x_wconf 89' lang='lat' dir='ltr'><strong>nos</strong></span> <span class='ocrx_word' id='word_1_485' title='bbox 1864 3684 2003 3739; x_wconf 88' lang='lat' dir='ltr'><strong>haud</strong></span> <span class='ocrx_word' id='word_1_486' title='bbox 2029 3684 2130 3737; x_wconf 90' lang='lat' dir='ltr'><strong>isto</strong></span> 
     </span>
    </p>
   </div>
   <div class='ocr_carea' id='block_1_65' title="bbox 561 3775 2130 3837">
    <p class='ocr_par' dir='ltr' id='par_1_65' title="bbox 561 3775 2130 3837">
     <span class='ocr_line' id='line_1_65' title="bbox 561 3775 2130 3837; baseline -0.006 0"><span class='ocrx_word' id='word_1_487' title='bbox 561 3782 718 3837; x_wconf 65' lang='lat' dir='ltr'><strong>unedo</strong></span> <span class='ocrx_word' id='word_1_488' title='bbox 745 3781 939 3837; x_wconf 70' lang='lat' dir='ltr'><strong>iactam</strong></span> <span class='ocrx_word' id='word_1_489' title='bbox 963 3781 1017 3835; x_wconf 91' lang='lat' dir='ltr'><strong>in</strong></span> <span class='ocrx_word' id='word_1_490' title='bbox 1035 3777 1251 3835; x_wconf 86' lang='lat' dir='ltr'><strong>Christo</strong></span> <span class='ocrx_word' id='word_1_491' title='bbox 1277 3778 1531 3832; x_wconf 87' lang='lat' dir='ltr'><strong>unionem</strong></span> <span class='ocrx_word' id='word_1_492' title='bbox 1556 3776 1788 3831; x_wconf 91' lang='lat' dir='ltr'><strong>dicimus</strong></span> <span class='ocrx_word' id='word_1_493' title='bbox 1816 3794 1829 3830; x_wconf 93' lang='lat'><strong>:</strong></span> <span class='ocrx_word' id='word_1_494' title='bbox 1856 3791 1962 3831; x_wconf 89' lang='lat' dir='ltr'><strong>non</strong></span> <span class='ocrx_word' id='word_1_495' title='bbox 1985 3775 2130 3830; x_wconf 88' lang='lat' dir='ltr'><strong>enim</strong></span> 
     </span>
    </p>
   </div>
   <div class='ocr_carea' id='block_1_66' title="bbox 556 3863 2132 3944">
    <p class='ocr_par' dir='ltr' id='par_1_66' title="bbox 556 3863 2132 3944">
     <span class='ocr_line' id='line_1_66' title="bbox 556 3863 2132 3944; baseline -0.008 -15"><span class='ocrx_word' id='word_1_496' title='bbox 556 3884 619 3929; x_wconf 80' lang='lat' dir='ltr'><strong>ut</strong></span> <span class='ocrx_word' id='word_1_497' title='bbox 663 3872 958 3944; x_wconf 67' lang='lat' dir='ltr'><strong>quispiam,</strong></span> <span class='ocrx_word' id='word_1_498' title='bbox 986 3868 1160 3923; x_wconf 57' lang='grc' dir='ltr'>»νεγὴί</span> <span class='ocrx_word' id='word_1_499' title='bbox 1204 3866 1398 3939; x_wconf 74' lang='lat' dir='ltr'><strong>gratia,</strong></span> <span class='ocrx_word' id='word_1_500' title='bbox 1460 3866 1809 3934; x_wconf 72' lang='lat' dir='ltr'><strong>coniungitur</strong></span> <span class='ocrx_word' id='word_1_501' title='bbox 1856 3864 2012 3920; x_wconf 87' lang='lat' dir='ltr'><strong>alteri</strong></span> <span class='ocrx_word' id='word_1_502' title='bbox 2048 3863 2132 3918; x_wconf 86' lang='lat' dir='ltr'><strong>vel</strong></span> 
     </span>
    </p>
   </div>
   <div class='ocr_carea' id='block_1_67' title="bbox 557 3954 2129 4032">
    <p class='ocr_par' dir='ltr' id='par_1_67' title="bbox 557 3954 2129 4032">
     <span class='ocr_line' id='line_1_67' title="bbox 557 3954 2129 4032; baseline -0.007 -15"><span class='ocrx_word' id='word_1_503' title='bbox 557 3978 654 4032; x_wconf 81' lang='lat' dir='ltr'><strong>per</strong></span> <span class='ocrx_word' id='word_1_504' title='bbox 691 3962 1069 4017; x_wconf 76' lang='lat' dir='ltr'><strong>tmanimitatis</strong></span> <span class='ocrx_word' id='word_1_505' title='bbox 1102 3959 1342 4023; x_wconf 84' lang='lat' dir='ltr'><strong>modum,</strong></span> <span class='ocrx_word' id='word_1_506' title='bbox 1369 3960 1453 4011; x_wconf 87' lang='lat' dir='ltr'><strong>vel</strong></span> <span class='ocrx_word' id='word_1_507' title='bbox 1470 3971 1566 4025; x_wconf 81' lang='lat' dir='ltr'><strong>per</strong></span> <span class='ocrx_word' id='word_1_508' title='bbox 1593 3956 1835 4025; x_wconf 86' lang='lat' dir='ltr'><strong>corporis</strong></span> <span class='ocrx_word' id='word_1_509' title='bbox 1852 3954 2129 4019; x_wconf 88' lang='lat' dir='ltr'><strong>viciniam,</strong></span> 
     </span>
    </p>
   </div>
   <div class='ocr_carea' id='block_1_68' title="bbox 558 4042 2130 4119">
    <p class='ocr_par' dir='ltr' id='par_1_68' title="bbox 558 4042 2130 4119">
     <span class='ocr_line' id='line_1_68' title="bbox 558 4042 2130 4119; baseline -0.008 -11"><span class='ocrx_word' id='word_1_510' title='bbox 558 4057 638 4108; x_wconf 82' lang='lat' dir='ltr'><strong>sic</strong></span> <span class='ocrx_word' id='word_1_511' title='bbox 672 4053 761 4105; x_wconf 84' lang='lat' dir='ltr'><strong>ille</strong></span> <span class='ocrx_word' id='word_1_512' title='bbox 799 4060 1017 4119; x_wconf 76' lang='lat' dir='ltr'><strong>quoque</strong></span> <span class='ocrx_word' id='word_1_513' title='bbox 1043 4049 1365 4118; x_wconf 79' lang='lat' dir='ltr'><strong>coniunctus</strong></span> <span class='ocrx_word' id='word_1_514' title='bbox 1397 4056 1513 4111; x_wconf 80' lang='lat' dir='ltr'><strong>est;</strong></span> <span class='ocrx_word' id='word_1_515' title='bbox 1542 4046 1660 4109; x_wconf 85' lang='lat' dir='ltr'><strong>sed,</strong></span> <span class='ocrx_word' id='word_1_516' title='bbox 1698 4052 1753 4097; x_wconf 89' lang='lat' dir='ltr'><strong>ut</strong></span> <span class='ocrx_word' id='word_1_517' title='bbox 1791 4044 1990 4112; x_wconf 64' lang='lat' dir='ltr'><strong>sapius</strong></span> <span class='ocrx_word' id='word_1_518' title='bbox 2020 4042 2130 4110; x_wconf 87' lang='lat' dir='ltr'><strong>iam</strong></span> 
     </span>
    </p>
   </div>
   <div class='ocr_carea' id='block_1_69' title="bbox 559 4132 2134 4206">
    <p class='ocr_par' dir='ltr' id='par_1_69' title="bbox 559 4132 2134 4206">
     <span class='ocr_line' id='line_1_69' title="bbox 559 4132 2134 4206; baseline -0.004 -13"><span class='ocrx_word' id='word_1_519' title='bbox 559 4142 690 4206; x_wconf 78' lang='lat' dir='ltr'><strong>dixi,</strong></span> <span class='ocrx_word' id='word_1_520' title='bbox 742 4155 898 4195; x_wconf 82' lang='lat' dir='ltr'><strong>suum</strong></span> <span class='ocrx_word' id='word_1_521' title='bbox 935 4136 1118 4192; x_wconf 65' lang='lat' dir='ltr'><strong>effecit</strong></span> <span class='ocrx_word' id='word_1_522' title='bbox 1162 4148 1357 4205; x_wconf 63' lang='lat' dir='ltr'><strong>corpus</strong></span> <span class='ocrx_word' id='word_1_523' title='bbox 1393 4148 1458 4189; x_wconf 68' lang='lat' dir='ltr'><strong>ex</strong></span> <span class='ocrx_word' id='word_1_524' title='bbox 1494 4143 1679 4188; x_wconf 73' lang='lat' dir='ltr'><strong>sancta</strong></span> <span class='ocrx_word' id='word_1_525' title='bbox 1723 4132 1947 4203; x_wconf 72' lang='lat' dir='ltr'><strong>Virgine</strong></span> <span class='ocrx_word' id='word_1_526' title='bbox 1986 4148 2134 4187; x_wconf 90' lang='lat' dir='ltr'><strong>sum-</strong></span> 
     </span>
    </p>
   </div>
   <div class='ocr_carea' id='block_1_70' title="bbox 560 4224 2134 4303">
    <p class='ocr_par' dir='ltr' id='par_1_70' title="bbox 560 4224 2134 4303">
     <span class='ocr_line' id='line_1_70' title="bbox 560 4224 2134 4303; baseline -0.003 -21"><span class='ocrx_word' id='word_1_527' title='bbox 560 4245 731 4303; x_wconf 78' lang='lat' dir='ltr'><strong>ptum,</strong></span> <span class='ocrx_word' id='word_1_528' title='bbox 758 4243 811 4286; x_wconf 85' lang='lat' dir='ltr'><strong>et</strong></span> <span class='ocrx_word' id='word_1_529' title='bbox 844 4230 973 4284; x_wconf 87' lang='lat' dir='ltr'><strong>illud</strong></span> <span class='ocrx_word' id='word_1_530' title='bbox 1032 4243 1125 4283; x_wconf 81' lang='lat' dir='ltr'><strong>ex,</strong></span> <span class='ocrx_word' id='word_1_531' title='bbox 1155 4226 1264 4281; x_wconf 84' lang='lat' dir='ltr'><strong>Deo</strong></span> <span class='ocrx_word' id='word_1_532' title='bbox 1299 4224 1533 4281; x_wconf 79' lang='lat' dir='ltr'><strong>Verbum</strong></span> <span class='ocrx_word' id='word_1_533' title='bbox 1588 4225 1742 4279; x_wconf 87' lang='lat' dir='ltr'><strong>carni</strong></span> <span class='ocrx_word' id='word_1_534' title='bbox 1797 4239 1901 4278; x_wconf 82' lang='lat' dir='ltr'><strong>non</strong></span> <span class='ocrx_word' id='word_1_535' title='bbox 1960 4224 2134 4278; x_wconf 80' lang='lat' dir='ltr'><strong>inani-</strong></span> 
     </span>
    </p>
   </div>
   <div class='ocr_carea' id='block_1_71' title="bbox 562 4316 2127 4388">
    <p class='ocr_par' dir='ltr' id='par_1_71' title="bbox 562 4316 2127 4388">
     <span class='ocr_line' id='line_1_71' title="bbox 562 4316 2127 4388; baseline -0.007 -8"><span class='ocrx_word' id='word_1_536' title='bbox 562 4333 719 4380; x_wconf 68' lang='lat' dir='ltr'><strong>matae</strong></span> <span class='ocrx_word' id='word_1_537' title='bbox 751 4338 875 4378; x_wconf 80' lang='lat' dir='ltr'><strong>vere</strong></span> <span class='ocrx_word' id='word_1_538' title='bbox 918 4321 1127 4376; x_wconf 91' lang='lat' dir='ltr'><strong>unitum</strong></span> <span class='ocrx_word' id='word_1_539' title='bbox 1157 4319 1405 4375; x_wconf 87' lang='lat' dir='ltr'><strong>dicimus.</strong></span> <span class='ocrx_word' id='word_1_540' title='bbox 1434 4316 1602 4388; x_wconf 76' lang='lat' dir='ltr'><strong>Igitur</strong></span> <span class='ocrx_word' id='word_1_541' title='bbox 1631 4317 1676 4370; x_wconf 86' lang='lat' dir='ltr'><strong>si</strong></span> <span class='ocrx_word' id='word_1_542' title='bbox 1705 4316 2127 4386; x_wconf 87' lang='lat' dir='ltr'><strong>coniunctionis,</strong></span> 
     </span>
    </p>
   </div>
   <div class='ocr_carea' id='block_1_72' title="bbox 561 4407 2133 4487">
    <p class='ocr_par' dir='ltr' id='par_1_72' title="bbox 561 4407 2133 4487">
     <span class='ocr_line' id='line_1_72' title="bbox 561 4407 2133 4487; baseline -0.005 -18"><span class='ocrx_word' id='word_1_543' title='bbox 561 4430 618 4471; x_wconf 90' lang='lat' dir='ltr'><strong>ut</strong></span> <span class='ocrx_word' id='word_1_544' title='bbox 662 4417 777 4487; x_wconf 85' lang='lat' dir='ltr'><strong>ipse</strong></span> <span class='ocrx_word' id='word_1_545' title='bbox 818 4423 998 4476; x_wconf 83' lang='lat' dir='ltr'><strong>vocat,</strong></span> <span class='ocrx_word' id='word_1_546' title='bbox 1036 4412 1118 4465; x_wconf 88' lang='lat' dir='ltr'><strong>vis</strong></span> <span class='ocrx_word' id='word_1_547' title='bbox 1167 4424 1288 4464; x_wconf 83' lang='lat' dir='ltr'><strong>eam</strong></span> <span class='ocrx_word' id='word_1_548' title='bbox 1338 4410 1601 4462; x_wconf 74' lang='lat' dir='ltr'><strong>unitatem</strong></span> <span class='ocrx_word' id='word_1_549' title='bbox 1651 4407 1929 4477; x_wconf 73' lang='lat' dir='ltr'><strong>significat</strong></span> <span class='ocrx_word' id='word_1_550' title='bbox 1970 4422 2133 4478; x_wconf 83' lang='lat' dir='ltr'><strong>quam</strong></span> 
     </span>
    </p>
   </div>
   <div class='ocr_carea' id='block_1_73' title="bbox 562 4498 2210 4576">
    <p class='ocr_par' dir='ltr' id='par_1_73' title="bbox 562 4498 2210 4576">
     <span class='ocr_line' id='line_1_73' title="bbox 562 4498 2210 4576; baseline -0.007 -12"><span class='ocrx_word' id='word_1_551' title='bbox 562 4510 660 4576; x_wconf 88' lang='lat' dir='ltr'><strong>ipsi</strong></span> <span class='ocrx_word' id='word_1_552' title='bbox 712 4506 1081 4575; x_wconf 79' lang='lat' dir='ltr'><strong>intelligimus,</strong></span> <span class='ocrx_word' id='word_1_553' title='bbox 1114 4503 1284 4566; x_wconf 86' lang='lat' dir='ltr'><strong>illam,</strong></span> <span class='ocrx_word' id='word_1_554' title='bbox 1342 4502 1582 4570; x_wconf 84' lang='lat' dir='ltr'><strong>inquam,</strong></span> <span class='ocrx_word' id='word_1_555' title='bbox 1634 4500 1931 4554; x_wconf 82' lang='lat' dir='ltr'><strong>secundum</strong></span> <span class='ocrx_word' id='word_1_556' title='bbox 1964 4501 2133 4569; x_wconf 74' lang='lat' dir='ltr'><strong>hypo-</strong></span> <span class='ocrx_word' id='word_1_557' title='bbox 2164 4498 2210 4553; x_wconf 89' lang='lat' dir='ltr'><strong>D</strong></span> 
     </span>
    </p>
   </div>
   <div class='ocr_carea' id='block_1_74' title="bbox 560 4588 2134 4663">
    <p class='ocr_par' dir='ltr' id='par_1_74' title="bbox 560 4588 2134 4663">
     <span class='ocr_line' id='line_1_74' title="bbox 560 4588 2134 4663; baseline -0.007 -8"><span class='ocrx_word' id='word_1_558' title='bbox 560 4600 773 4663; x_wconf 78' lang='lat' dir='ltr'><strong>stasim,</strong></span> <span class='ocrx_word' id='word_1_559' title='bbox 815 4606 958 4653; x_wconf 84' lang='lat' dir='ltr'><strong>recte</strong></span> <span class='ocrx_word' id='word_1_560' title='bbox 990 4606 1121 4651; x_wconf 87' lang='lat' dir='ltr'><strong>sane</strong></span> <span class='ocrx_word' id='word_1_561' title='bbox 1150 4594 1307 4656; x_wconf 88' lang='lat' dir='ltr'><strong>dixit,</strong></span> <span class='ocrx_word' id='word_1_562' title='bbox 1353 4591 1552 4647; x_wconf 87' lang='lat' dir='ltr'><strong>nullam</strong></span> <span class='ocrx_word' id='word_1_563' title='bbox 1607 4608 1735 4647; x_wconf 73' lang='lat' dir='ltr'><strong>esse</strong></span> <span class='ocrx_word' id='word_1_564' title='bbox 1768 4588 1995 4655; x_wconf 78' lang='lat' dir='ltr'><strong>Christi,</strong></span> <span class='ocrx_word' id='word_1_565' title='bbox 2028 4604 2134 4659; x_wconf 80' lang='lat' dir='ltr'><strong>qua</strong></span> 
     </span>
    </p>
   </div>
   <div class='ocr_carea' id='block_1_75' title="bbox 558 4680 2133 4753">
    <p class='ocr_par' dir='ltr' id='par_1_75' title="bbox 558 4680 2133 4753">
     <span class='ocr_line' id='line_1_75' title="bbox 558 4680 2133 4753; baseline -0.007 -7"><span class='ocrx_word' id='word_1_566' title='bbox 558 4690 811 4746; x_wconf 84' lang='lat' dir='ltr'><strong>Christus</strong></span> <span class='ocrx_word' id='word_1_567' title='bbox 859 4696 965 4753; x_wconf 81' lang='lat' dir='ltr'><strong>est,</strong></span> <span class='ocrx_word' id='word_1_568' title='bbox 1015 4687 1388 4742; x_wconf 88' lang='lat' dir='ltr'><strong>divisionem:</strong></span> <span class='ocrx_word' id='word_1_569' title='bbox 1428 4697 1602 4750; x_wconf 84' lang='lat' dir='ltr'><strong>neque</strong></span> <span class='ocrx_word' id='word_1_570' title='bbox 1647 4683 1791 4737; x_wconf 83' lang='lat' dir='ltr'><strong>enim</strong></span> <span class='ocrx_word' id='word_1_571' title='bbox 1839 4692 1925 4736; x_wconf 83' lang='lat' dir='ltr'><strong>est</strong></span> <span class='ocrx_word' id='word_1_572' title='bbox 1973 4680 2133 4747; x_wconf 85' lang='lat' dir='ltr'><strong>alter,</strong></span> 
     </span>
    </p>
   </div>
   <div class='ocr_carea' id='block_1_76' title="bbox 560 4774 2136 4859">
    <p class='ocr_par' dir='ltr' id='par_1_76' title="bbox 560 4774 2136 4859">
     <span class='ocr_line' id='line_1_76' title="bbox 560 4774 2136 4859; baseline -0.006 -22"><span class='ocrx_word' id='word_1_573' title='bbox 560 4796 741 4859; x_wconf 65' lang='lat' dir='ltr'><strong>negito</strong></span> <span class='ocrx_word' id='word_1_574' title='bbox 779 4781 923 4835; x_wconf 82' lang='lat' dir='ltr'><strong>ﬁlius</strong></span> <span class='ocrx_word' id='word_1_575' title='bbox 954 4788 1009 4833; x_wconf 83' lang='lat' dir='ltr'><strong>et</strong></span> <span class='ocrx_word' id='word_1_576' title='bbox 1045 4776 1210 4839; x_wconf 82' lang='lat' dir='ltr'><strong>titius,</strong></span> <span class='ocrx_word' id='word_1_577' title='bbox 1271 4774 1411 4828; x_wconf 86' lang='lat' dir='ltr'><strong>alius</strong></span> <span class='ocrx_word' id='word_1_578' title='bbox 1458 4785 1619 4842; x_wconf 81' lang='lat' dir='ltr'><strong>atque</strong></span> <span class='ocrx_word' id='word_1_579' title='bbox 1672 4774 1831 4837; x_wconf 79' lang='lat' dir='ltr'><strong>alius.</strong></span> <span class='ocrx_word' id='word_1_580' title='bbox 1882 4774 2034 4842; x_wconf 84' lang='lat' dir='ltr'><strong>prior</strong></span> <span class='ocrx_word' id='word_1_581' title='bbox 2081 4783 2136 4828; x_wconf 86' lang='lat' dir='ltr'><strong>et</strong></span> 
     </span>
    </p>
   </div>
   <div class='ocr_carea' id='block_1_77' title="bbox 559 4866 2137 4935">
    <p class='ocr_par' dir='ltr' id='par_1_77' title="bbox 559 4866 2137 4935">
     <span class='ocr_line' id='line_1_77' title="bbox 559 4866 2137 4935; baseline -0.006 -6"><span class='ocrx_word' id='word_1_582' title='bbox 559 4872 846 4935; x_wconf 76' lang='lat' dir='ltr'><strong>secundus,</strong></span> <span class='ocrx_word' id='word_1_583' title='bbox 878 4870 969 4926; x_wconf 87' lang='lat' dir='ltr'><strong>sed</strong></span> <span class='ocrx_word' id='word_1_584' title='bbox 996 4883 1133 4922; x_wconf 85' lang='lat' dir='ltr'><strong>unus</strong></span> <span class='ocrx_word' id='word_1_585' title='bbox 1162 4866 1437 4926; x_wconf 88' lang='lat' dir='ltr'><strong>nimirum,</strong></span> <span class='ocrx_word' id='word_1_586' title='bbox 1461 4874 1514 4920; x_wconf 89' lang='lat' dir='ltr'><strong>et</strong></span> <span class='ocrx_word' id='word_1_587' title='bbox 1535 4876 1659 4920; x_wconf 88' lang='lat' dir='ltr'><strong>ante</strong></span> <span class='ocrx_word' id='word_1_588' title='bbox 1688 4879 1907 4920; x_wconf 86' lang='lat' dir='ltr'><strong>carnem</strong></span> <span class='ocrx_word' id='word_1_589' title='bbox 1933 4876 1987 4920; x_wconf 89' lang='lat' dir='ltr'><strong>et</strong></span> <span class='ocrx_word' id='word_1_590' title='bbox 2015 4874 2137 4935; x_wconf 85' lang='lat' dir='ltr'><strong>post</strong></span> 
     </span>
    </p>
   </div>
   <div class='ocr_carea' id='block_1_78' title="bbox 558 4957 2128 5025">
    <p class='ocr_par' dir='ltr' id='par_1_78' title="bbox 558 4957 2128 5025">
     <span class='ocr_line' id='line_1_78' title="bbox 558 4957 2128 5025; baseline -0.004 -7"><span class='ocrx_word' id='word_1_591' title='bbox 558 4977 779 5018; x_wconf 77' lang='lat' dir='ltr'><strong>carnem</strong></span> <span class='ocrx_word' id='word_1_592' title='bbox 811 4982 823 5016; x_wconf 92' lang='lat'><strong>:</strong></span> <span class='ocrx_word' id='word_1_593' title='bbox 860 4962 942 5016; x_wconf 82' lang='lat' dir='ltr'><strong>sic</strong></span> <span class='ocrx_word' id='word_1_594' title='bbox 993 4960 1233 5025; x_wconf 80' lang='lat' dir='ltr'><strong>namque</strong></span> <span class='ocrx_word' id='word_1_595' title='bbox 1258 4958 1383 5023; x_wconf 83' lang='lat' dir='ltr'><strong>erit,</strong></span> <span class='ocrx_word' id='word_1_596' title='bbox 1419 4964 1477 5011; x_wconf 87' lang='lat' dir='ltr'><strong>ut</strong></span> <span class='ocrx_word' id='word_1_597' title='bbox 1533 4966 1584 5011; x_wconf 92' lang='lat' dir='ltr'><strong>tu</strong></span> <span class='ocrx_word' id='word_1_598' title='bbox 1636 4957 1797 5024; x_wconf 86' lang='lat' dir='ltr'><strong>dicis,</strong></span> <span class='ocrx_word' id='word_1_599' title='bbox 1832 4959 2128 5013; x_wconf 79' lang='lat' dir='ltr'><strong>secundum</strong></span> 
     </span>
    </p>
   </div>
   <div class='ocr_carea' id='block_1_79' title="bbox 556 5048 2127 5125">
    <p class='ocr_par' dir='ltr' id='par_1_79' title="bbox 556 5048 2127 5125">
     <span class='ocr_line' id='line_1_79' title="bbox 556 5048 2127 5125; baseline -0.005 -16"><span class='ocrx_word' id='word_1_600' title='bbox 556 5056 873 5125; x_wconf 78' lang='lat' dir='ltr'><strong>dignitatem</strong></span> <span class='ocrx_word' id='word_1_601' title='bbox 901 5062 1062 5121; x_wconf 83' lang='lat' dir='ltr'><strong>atque</strong></span> <span class='ocrx_word' id='word_1_602' title='bbox 1091 5052 1252 5105; x_wconf 86' lang='lat' dir='ltr'><strong>etiam</strong></span> <span class='ocrx_word' id='word_1_603' title='bbox 1282 5049 1578 5104; x_wconf 87' lang='lat' dir='ltr'><strong>secundum</strong></span> <span class='ocrx_word' id='word_1_604' title='bbox 1606 5050 1899 5117; x_wconf 83' lang='lat' dir='ltr'><strong>potentiam</strong></span> <span class='ocrx_word' id='word_1_605' title='bbox 1933 5048 2127 5103; x_wconf 81' lang='lat' dir='ltr'><strong>indivi-</strong></span> 
     </span>
    </p>
   </div>
   <div class='ocr_carea' id='block_1_80' title="bbox 558 5140 2128 5209">
    <p class='ocr_par' dir='ltr' id='par_1_80' title="bbox 558 5140 2128 5209">
     <span class='ocr_line' id='line_1_80' title="bbox 558 5140 2128 5209; baseline -0.005 -8"><span class='ocrx_word' id='word_1_606' title='bbox 558 5149 721 5209; x_wconf 84' lang='lat' dir='ltr'><strong>duus,</strong></span> <span class='ocrx_word' id='word_1_607' title='bbox 769 5145 878 5199; x_wconf 88' lang='lat' dir='ltr'><strong>imo</strong></span> <span class='ocrx_word' id='word_1_608' title='bbox 904 5159 1032 5198; x_wconf 87' lang='lat' dir='ltr'><strong>vero</strong></span> <span class='ocrx_word' id='word_1_609' title='bbox 1075 5144 1241 5197; x_wconf 86' lang='lat' dir='ltr'><strong>idem.</strong></span> <span class='ocrx_word' id='word_1_610' title='bbox 1267 5140 1325 5195; x_wconf 79' lang='grc' dir='ltr'>ω</span> <span class='ocrx_word' id='word_1_611' title='bbox 1356 5141 1401 5196; x_wconf 82' lang='lat' dir='ltr'><strong>si</strong></span> <span class='ocrx_word' id='word_1_612' title='bbox 1429 5141 1502 5194; x_wconf 79' lang='lat' dir='ltr'><strong>ita</strong></span> <span class='ocrx_word' id='word_1_613' title='bbox 1526 5149 1632 5203; x_wconf 86' lang='lat' dir='ltr'><strong>est.</strong></span> <span class='ocrx_word' id='word_1_614' title='bbox 1683 5140 1952 5208; x_wconf 83' lang='lat' dir='ltr'><strong>quomodo</strong></span> <span class='ocrx_word' id='word_1_615' title='bbox 1980 5141 2128 5193; x_wconf 77' lang='lat' dir='ltr'><strong>illum</strong></span> 
     </span>
    </p>
   </div>
   <div class='ocr_carea' id='block_1_81' title="bbox 558 5232 2134 5304">
    <p class='ocr_par' dir='ltr' id='par_1_81' title="bbox 558 5232 2134 5304">
     <span class='ocr_line' id='line_1_81' title="bbox 558 5232 2134 5304; baseline -0.006 -11"><span class='ocrx_word' id='word_1_616' title='bbox 558 5255 721 5294; x_wconf 86' lang='lat' dir='ltr'><strong>unum</strong></span> <span class='ocrx_word' id='word_1_617' title='bbox 747 5248 802 5292; x_wconf 87' lang='lat' dir='ltr'><strong>et</strong></span> <span class='ocrx_word' id='word_1_618' title='bbox 836 5236 1163 5291; x_wconf 88' lang='lat' dir='ltr'><strong>individuum</strong></span> <span class='ocrx_word' id='word_1_619' title='bbox 1191 5234 1461 5304; x_wconf 74' lang='lat' dir='ltr'><strong>duplicem</strong></span> <span class='ocrx_word' id='word_1_620' title='bbox 1489 5248 1610 5287; x_wconf 81' lang='lat' dir='ltr'><strong>esse</strong></span> <span class='ocrx_word' id='word_1_621' title='bbox 1632 5234 1732 5294; x_wconf 79' lang='lat' dir='ltr'><strong>ais,</strong></span> <span class='ocrx_word' id='word_1_622' title='bbox 1755 5241 1806 5287; x_wconf 91' lang='lat' dir='ltr'><strong>et</strong></span> <span class='ocrx_word' id='word_1_623' title='bbox 1831 5248 1938 5286; x_wconf 89' lang='lat' dir='ltr'><strong>non</strong></span> <span class='ocrx_word' id='word_1_624' title='bbox 1956 5232 2134 5297; x_wconf 68' lang='lat' dir='ltr'><strong>digni-</strong></span> 
     </span>
    </p>
   </div>
   <div class='ocr_carea' id='block_1_82' title="bbox 558 5322 2133 5397">
    <p class='ocr_par' dir='ltr' id='par_1_82' title="bbox 558 5322 2133 5397">
     <span class='ocr_line' id='line_1_82' title="bbox 558 5322 2133 5397; baseline -0.006 -13"><span class='ocrx_word' id='word_1_625' title='bbox 558 5341 690 5397; x_wconf 81' lang='lat' dir='ltr'><strong>tate,</strong></span> <span class='ocrx_word' id='word_1_626' title='bbox 744 5328 837 5384; x_wconf 89' lang='lat' dir='ltr'><strong>sed</strong></span> <span class='ocrx_word' id='word_1_627' title='bbox 885 5325 1249 5381; x_wconf 82' lang='lat' dir='ltr'><strong>uatura?Non</strong></span> <span class='ocrx_word' id='word_1_628' title='bbox 1295 5326 1440 5381; x_wconf 88' lang='lat' dir='ltr'><strong>enim</strong></span> <span class='ocrx_word' id='word_1_629' title='bbox 1474 5324 1602 5394; x_wconf 77' lang='lat' dir='ltr'><strong>quia</strong></span> <span class='ocrx_word' id='word_1_630' title='bbox 1648 5324 1737 5377; x_wconf 83' lang='lat' dir='ltr'><strong>Dei</strong></span> <span class='ocrx_word' id='word_1_631' title='bbox 1785 5323 1964 5378; x_wconf 83' lang='lat' dir='ltr'><strong>Patris</strong></span> <span class='ocrx_word' id='word_1_632' title='bbox 1996 5322 2133 5376; x_wconf 82' lang='lat' dir='ltr'><strong>Ver-</strong></span> 
     </span>
    </p>
   </div>
   <div class='ocr_carea' id='block_1_83' title="bbox 558 5418 2131 5490">
    <p class='ocr_par' dir='ltr' id='par_1_83' title="bbox 558 5418 2131 5490">
     <span class='ocr_line' id='line_1_83' title="bbox 558 5418 2131 5490; baseline -0.003 -14"><span class='ocrx_word' id='word_1_633' title='bbox 558 5425 683 5476; x_wconf 73' lang='lat' dir='ltr'><strong>bum</strong></span> <span class='ocrx_word' id='word_1_634' title='bbox 743 5428 1018 5489; x_wconf 86' lang='lat' dir='ltr'><strong>assumpta</strong></span> <span class='ocrx_word' id='word_1_635' title='bbox 1081 5436 1245 5475; x_wconf 88' lang='lat' dir='ltr'><strong>carne</strong></span> <span class='ocrx_word' id='word_1_636' title='bbox 1276 5420 1478 5490; x_wconf 87' lang='lat' dir='ltr'><strong>prodiit</strong></span> <span class='ocrx_word' id='word_1_637' title='bbox 1526 5421 1687 5474; x_wconf 85' lang='lat' dir='ltr'><strong>homo</strong></span> <span class='ocrx_word' id='word_1_638' title='bbox 1717 5420 1914 5473; x_wconf 88' lang='lat' dir='ltr'><strong>similis</strong></span> <span class='ocrx_word' id='word_1_639' title='bbox 1953 5418 2131 5480; x_wconf 82' lang='lat' dir='ltr'><strong>nobis,</strong></span> 
     </span>
    </p>
   </div>
   <div class='ocr_carea' id='block_1_84' title="bbox 540 5510 2133 5599">
    <p class='ocr_par' dir='ltr' id='par_1_84' title="bbox 540 5510 2133 5599">
     <span class='ocr_line' id='line_1_84' title="bbox 540 5510 2133 5599; baseline -0.006 -31"><span class='ocrx_word' id='word_1_640' title='bbox 540 5514 679 5599; x_wconf 36' lang='lat' dir='ltr'><strong>sideo</strong></span> <span class='ocrx_word' id='word_1_641' title='bbox 702 5512 897 5579; x_wconf 81' lang='lat' dir='ltr'><strong>duplex</strong></span> <span class='ocrx_word' id='word_1_642' title='bbox 927 5520 1009 5564; x_wconf 89' lang='lat' dir='ltr'><strong>est</strong></span> <span class='ocrx_word' id='word_1_643' title='bbox 1032 5510 1383 5580; x_wconf 84' lang='lat' dir='ltr'><strong>appellandus</strong></span> <span class='ocrx_word' id='word_1_644' title='bbox 1416 5529 1428 5564; x_wconf 91' lang='lat'>:</span> <span class='ocrx_word' id='word_1_645' title='bbox 1468 5525 1607 5564; x_wconf 85' lang='lat' dir='ltr'><strong>unus</strong></span> <span class='ocrx_word' id='word_1_646' title='bbox 1655 5520 1738 5565; x_wconf 87' lang='lat' dir='ltr'><strong>cst</strong></span> <span class='ocrx_word' id='word_1_647' title='bbox 1773 5510 1916 5563; x_wconf 89' lang='lat' dir='ltr'><strong>enim</strong></span> <span class='ocrx_word' id='word_1_648' title='bbox 1944 5518 2000 5563; x_wconf 83' lang='lat' dir='ltr'><strong>et</strong></span> <span class='ocrx_word' id='word_1_649' title='bbox 2029 5524 2133 5561; x_wconf 87' lang='lat' dir='ltr'><strong>nou</strong></span> 
     </span>
    </p>
   </div>
   <div class='ocr_carea' id='block_1_85' title="bbox 553 5604 2133 5674">
    <p class='ocr_par' dir='ltr' id='par_1_85' title="bbox 553 5604 2133 5674">
     <span class='ocr_line' id='line_1_85' title="bbox 553 5604 2133 5674; baseline -0.003 -14"><span class='ocrx_word' id='word_1_650' title='bbox 553 5606 672 5660; x_wconf 76' lang='lat' dir='ltr'><strong>sine</strong></span> <span class='ocrx_word' id='word_1_651' title='bbox 699 5619 886 5669; x_wconf 83' lang='lat' dir='ltr'><strong>carne,</strong></span> <span class='ocrx_word' id='word_1_652' title='bbox 931 5605 1024 5674; x_wconf 80' lang='lat' dir='ltr'><strong>qui</strong></span> <span class='ocrx_word' id='word_1_653' title='bbox 1054 5604 1348 5660; x_wconf 86' lang='lat' dir='ltr'><strong>secundum</strong></span> <span class='ocrx_word' id='word_1_654' title='bbox 1379 5604 1654 5674; x_wconf 80' lang='lat' dir='ltr'><strong>propriam</strong></span> <span class='ocrx_word' id='word_1_655' title='bbox 1697 5610 1943 5656; x_wconf 80' lang='lat' dir='ltr'><strong>naturam</strong></span> <span class='ocrx_word' id='word_1_656' title='bbox 1980 5610 2133 5655; x_wconf 81' lang='lat' dir='ltr'><strong>extra</strong></span> 
     </span>
    </p>
   </div>
   <div class='ocr_carea' id='block_1_86' title="bbox 624 5785 1222 5849">
    <p class='ocr_par' dir='ltr' id='par_1_86' title="bbox 624 5785 1222 5849">
     <span class='ocr_line' id='line_1_86' title="bbox 624 5785 1222 5849; baseline -0.002 -9"><span class='ocrx_word' id='word_1_657' title='bbox 624 5785 667 5817; x_wconf 79' lang='grc'>⁸¹</span> <span class='ocrx_word' id='word_1_658' title='bbox 700 5785 867 5840; x_wconf 73' lang='lat' dir='ltr'><strong>Exod.</strong></span> <span class='ocrx_word' id='word_1_659' title='bbox 906 5802 1049 5848; x_wconf 70' lang='lat' dir='ltr'><strong>xxv&#39;t,</strong></span> <span class='ocrx_word' id='word_1_660' title='bbox 1082 5787 1131 5849; x_wconf 81' lang='grc' dir='ltr'>Ι,</span> <span class='ocrx_word' id='word_1_661' title='bbox 1166 5787 1222 5839; x_wconf 72' lang='lat'><strong>‘2.</strong></span> 
     </span>
    </p>
   </div>
   <div class='ocr_carea' id='block_1_87' title="bbox 2237 3229 3814 3312">
    <p class='ocr_par' dir='ltr' id='par_1_87' title="bbox 2237 3229 3814 3312">
     <span class='ocr_line' id='line_1_87' title="bbox 2237 3229 3814 3312; baseline -0.01 -15"><span class='ocrx_word' id='word_1_662' title='bbox 2237 3261 2360 3307; x_wconf 87' lang='grc' dir='ltr'>στος</span> <span class='ocrx_word' id='word_1_663' title='bbox 2387 3242 2607 3312; x_wconf 84' lang='grc' dir='ltr'>Γραφή·</span> <span class='ocrx_word' id='word_1_664' title='bbox 2640 3238 2738 3292; x_wconf 78' lang='grc' dir='ltr'>καὶ</span> <span class='ocrx_word' id='word_1_665' title='bbox 2766 3236 2898 3306; x_wconf 89' lang='grc' dir='ltr'>γοῦν</span> <span class='ocrx_word' id='word_1_666' title='bbox 2926 3234 3028 3303; x_wconf 80' lang='grc' dir='ltr'><strong>ἔφη</strong></span> <span class='ocrx_word' id='word_1_667' title='bbox 3069 3231 3205 3303; x_wconf 82' lang='grc' dir='ltr'>πρὸς</span> <span class='ocrx_word' id='word_1_668' title='bbox 3236 3231 3440 3284; x_wconf 86' lang='grc' dir='ltr'>Μωσέα</span> <span class='ocrx_word' id='word_1_669' title='bbox 3464 3230 3559 3282; x_wconf 80' lang='grc' dir='ltr'>τὸν</span> <span class='ocrx_word' id='word_1_670' title='bbox 3584 3231 3629 3282; x_wconf 88' lang='grc' dir='ltr'><strong>ίε</strong></span> <span class='ocrx_word' id='word_1_671' title='bbox 3641 3229 3814 3300; x_wconf 74' lang='grc' dir='ltr'>ρώταο</span> 
     </span>
    </p>
   </div>
   <div class='ocr_carea' id='block_1_88' title="bbox 2232 3320 3832 3402">
    <p class='ocr_par' dir='ltr' id='par_1_88' title="bbox 2232 3320 3832 3402">
     <span class='ocr_line' id='line_1_88' title="bbox 2232 3320 3832 3402; baseline -0.01 -14"><span class='ocrx_word' id='word_1_672' title='bbox 2232 3353 2342 3395; x_wconf 90' lang='grc' dir='ltr'>τον,</span> <span class='ocrx_word' id='word_1_673' title='bbox 2378 3350 2446 3386; x_wconf 88' lang='grc' dir='ltr'><strong>πε</strong></span> <span class='ocrx_word' id='word_1_674' title='bbox 2457 3334 2508 3397; x_wconf 76' lang='grc' dir='ltr'>ρὶ</span> <span class='ocrx_word' id='word_1_675' title='bbox 2536 3332 2636 3401; x_wconf 86' lang='grc' dir='ltr'>τῆς</span> <span class='ocrx_word' id='word_1_676' title='bbox 2664 3328 2899 3402; x_wconf 85' lang='grc' dir='ltr'>ἀρχαίας</span> <span class='ocrx_word' id='word_1_677' title='bbox 2932 3325 3148 3393; x_wconf 72' lang='grc' dir='ltr'>ἐκείνης</span> <span class='ocrx_word' id='word_1_678' title='bbox 3171 3321 3375 3391; x_wconf 86' lang='grc' dir='ltr'>σκηνῆς</span> <span class='ocrx_word' id='word_1_679' title='bbox 3397 3320 3666 3382; x_wconf 77' lang='grc' dir='ltr'>συντιθεὶς</span> <span class='ocrx_word' id='word_1_680' title='bbox 3690 3322 3832 3384; x_wconf 76' lang='grc' dir='ltr'>τοὺς</span> 
     </span>
    </p>
   </div>
   <div class='ocr_carea' id='block_1_89' title="bbox 2231 3410 3829 3493">
    <p class='ocr_par' dir='ltr' id='par_1_89' title="bbox 2231 3410 3829 3493">
     <span class='ocr_line' id='line_1_89' title="bbox 2231 3410 3829 3493; baseline -0.011 -14"><span class='ocrx_word' id='word_1_681' title='bbox 2231 3427 2420 3493; x_wconf 84' lang='grc' dir='ltr'>λόγους</span> <span class='ocrx_word' id='word_1_682' title='bbox 2437 3442 2451 3456; x_wconf 76' lang='grc' dir='ltr'><strong>ο</strong></span> <span class='ocrx_word' id='word_1_683' title='bbox 2494 3444 2511 3474; x_wconf 76' lang='grc' dir='ltr'>ί</span> <span class='ocrx_word' id='word_1_684' title='bbox 2543 3422 2654 3477; x_wconf 76' lang='grc' dir='ltr'><strong>Καὶ</strong></span> <span class='ocrx_word' id='word_1_685' title='bbox 2680 3420 2926 3488; x_wconf 84' lang='grc' dir='ltr'>ποιήσεις</span> <span class='ocrx_word' id='word_1_686' title='bbox 2951 3416 3173 3486; x_wconf 83' lang='grc' dir='ltr'>κρίκους</span> <span class='ocrx_word' id='word_1_687' title='bbox 3195 3414 3535 3481; x_wconf 86' lang='grc' dir='ltr'>πεντήκοντα</span> <span class='ocrx_word' id='word_1_688' title='bbox 3557 3410 3829 3480; x_wconf 75' lang='grc' dir='ltr'>χρυσοῦς.</span> 
     </span>
    </p>
   </div>
   <div class='ocr_carea' id='block_1_90' title="bbox 2235 3503 3827 3585">
    <p class='ocr_par' dir='ltr' id='par_1_90' title="bbox 2235 3503 3827 3585">
     <span class='ocr_line' id='line_1_90' title="bbox 2235 3503 3827 3585; baseline -0.012 -14"><span class='ocrx_word' id='word_1_689' title='bbox 2235 3519 2327 3571; x_wconf 66' lang='grc' dir='ltr'>καὶ</span> <span class='ocrx_word' id='word_1_690' title='bbox 2357 3515 2612 3585; x_wconf 73' lang='grc' dir='ltr'>συνάψεις</span> <span class='ocrx_word' id='word_1_691' title='bbox 2639 3512 2738 3574; x_wconf 80' lang='grc' dir='ltr'>τὰς</span> <span class='ocrx_word' id='word_1_692' title='bbox 2766 3509 2993 3571; x_wconf 81' lang='grc' dir='ltr'>αὐλαίας</span> <span class='ocrx_word' id='word_1_693' title='bbox 3038 3507 3233 3576; x_wconf 80' lang='grc' dir='ltr'>ἑτέραν</span> <span class='ocrx_word' id='word_1_694' title='bbox 3269 3507 3335 3574; x_wconf 81' lang='grc' dir='ltr'>τῇ</span> <span class='ocrx_word' id='word_1_695' title='bbox 3365 3503 3528 3573; x_wconf 70' lang='grc' dir='ltr'>ἑτέρα</span> <span class='ocrx_word' id='word_1_696' title='bbox 3556 3506 3666 3564; x_wconf 78' lang='grc' dir='ltr'>τοῖς</span> <span class='ocrx_word' id='word_1_697' title='bbox 3693 3504 3827 3570; x_wconf 78' lang='grc' dir='ltr'>κρε-</span> 
     </span>
    </p>
   </div>
   <div class='ocr_carea' id='block_1_91' title="bbox 2233 3590 3829 3671">
    <p class='ocr_par' dir='ltr' id='par_1_91' title="bbox 2233 3590 3829 3671">
     <span class='ocr_line' id='line_1_91' title="bbox 2233 3590 3829 3671; baseline -0.012 -11"><span class='ocrx_word' id='word_1_698' title='bbox 2233 3624 2366 3670; x_wconf 81' lang='grc' dir='ltr'>κοις.</span> <span class='ocrx_word' id='word_1_699' title='bbox 2400 3624 2419 3656; x_wconf 71' lang='grc' dir='ltr'><strong>ι</strong></span> <span class='ocrx_word' id='word_1_700' title='bbox 2455 3604 2623 3657; x_wconf 85' lang='grc' dir='ltr'>Πέντε</span> <span class='ocrx_word' id='word_1_701' title='bbox 2649 3600 2759 3671; x_wconf 80' lang='grc' dir='ltr'>γὰρ</span> <span class='ocrx_word' id='word_1_702' title='bbox 2785 3594 2964 3660; x_wconf 75' lang='grc' dir='ltr'>οὖσαι,</span> <span class='ocrx_word' id='word_1_703' title='bbox 3007 3595 3101 3648; x_wconf 75' lang='grc' dir='ltr'>καὶ</span> <span class='ocrx_word' id='word_1_704' title='bbox 3134 3593 3316 3655; x_wconf 84' lang='grc' dir='ltr'>ίδικῶς</span> <span class='ocrx_word' id='word_1_705' title='bbox 3345 3592 3550 3659; x_wconf 78' lang='grc' dir='ltr'>ἑκάστη</span> <span class='ocrx_word' id='word_1_706' title='bbox 3592 3590 3729 3659; x_wconf 76' lang='grc' dir='ltr'>πρὸς</span> <span class='ocrx_word' id='word_1_707' title='bbox 3763 3591 3829 3643; x_wconf 73' lang='grc' dir='ltr'><strong>τὺ</strong></span> 
     </span>
    </p>
   </div>
   <div class='ocr_carea' id='block_1_92' title="bbox 2234 3680 3827 3767">
    <p class='ocr_par' dir='ltr' id='par_1_92' title="bbox 2234 3680 3827 3767">
     <span class='ocr_line' id='line_1_92' title="bbox 2234 3680 3827 3767; baseline -0.014 -16"><span class='ocrx_word' id='word_1_708' title='bbox 2234 3698 2395 3767; x_wconf 81' lang='grc' dir='ltr'>ἑτέρα</span> <span class='ocrx_word' id='word_1_709' title='bbox 2415 3696 2496 3758; x_wconf 84' lang='grc' dir='ltr'><strong>τίς</strong></span> <span class='ocrx_word' id='word_1_710' title='bbox 2518 3691 2658 3747; x_wconf 73' lang='grc' dir='ltr'>εἶναι</span> <span class='ocrx_word' id='word_1_711' title='bbox 2691 3688 2843 3760; x_wconf 85' lang='grc' dir='ltr'><strong>παρά</strong></span> <span class='ocrx_word' id='word_1_712' title='bbox 2868 3688 2965 3750; x_wconf 83' lang='grc' dir='ltr'><strong>τὰς</strong></span> <span class='ocrx_word' id='word_1_713' title='bbox 2990 3685 3155 3747; x_wconf 74' lang='grc' dir='ltr'>ἄλλας</span> <span class='ocrx_word' id='word_1_714' title='bbox 3178 3683 3394 3754; x_wconf 75' lang='grc' dir='ltr'>ἔχουσα,</span> <span class='ocrx_word' id='word_1_715' title='bbox 3430 3680 3669 3749; x_wconf 79' lang='grc' dir='ltr'>συνῆπτο</span> <span class='ocrx_word' id='word_1_716' title='bbox 3705 3683 3827 3741; x_wconf 81' lang='grc' dir='ltr'>τοῖς</span> 
     </span>
    </p>
   </div>
   <div class='ocr_carea' id='block_1_93' title="bbox 2234 3772 3827 3861">
    <p class='ocr_par' dir='ltr' id='par_1_93' title="bbox 2234 3772 3827 3861">
     <span class='ocr_line' id='line_1_93' title="bbox 2234 3772 3827 3861; baseline -0.011 -20"><span class='ocrx_word' id='word_1_717' title='bbox 2234 3786 2671 3861; x_wconf 83' lang='grc' dir='ltr'>κρίκοις.Ἦμεῖς</span> <span class='ocrx_word' id='word_1_718' title='bbox 2718 3782 2774 3835; x_wconf 79' lang='grc' dir='ltr'>δὲ</span> <span class='ocrx_word' id='word_1_719' title='bbox 2822 3781 2920 3850; x_wconf 75' lang='grc' dir='ltr'><strong>οὐχ</strong></span> <span class='ocrx_word' id='word_1_720' title='bbox 2953 3777 3095 3831; x_wconf 73' lang='grc' dir='ltr'>οὕτω</span> <span class='ocrx_word' id='word_1_721' title='bbox 3137 3776 3317 3844; x_wconf 82' lang='grc' dir='ltr'>φαμὲν</span> <span class='ocrx_word' id='word_1_722' title='bbox 3361 3772 3673 3841; x_wconf 83' lang='grc' dir='ltr'>πεπρᾶχθαι</span> <span class='ocrx_word' id='word_1_723' title='bbox 3727 3774 3827 3824; x_wconf 69' lang='grc' dir='ltr'><strong>ἐπὶ</strong></span> 
     </span>
    </p>
   </div>
   <div class='ocr_carea' id='block_1_94' title="bbox 2235 3865 3827 3948">
    <p class='ocr_par' dir='ltr' id='par_1_94' title="bbox 2235 3865 3827 3948">
     <span class='ocr_line' id='line_1_94' title="bbox 2235 3865 3827 3948; baseline -0.013 -13"><span class='ocrx_word' id='word_1_724' title='bbox 2235 3878 2471 3947; x_wconf 80' lang='grc' dir='ltr'>Χριστοῦ</span> <span class='ocrx_word' id='word_1_725' title='bbox 2503 3878 2602 3948; x_wconf 77' lang='grc' dir='ltr'>τὴν</span> <span class='ocrx_word' id='word_1_726' title='bbox 2631 3875 2826 3928; x_wconf 72' lang='grc' dir='ltr'>ἕνωσιν</span> <span class='ocrx_word' id='word_1_727' title='bbox 2846 3890 2859 3902; x_wconf 90' lang='grc'><strong>·</strong></span> <span class='ocrx_word' id='word_1_728' title='bbox 2894 3871 3016 3924; x_wconf 77' lang='grc' dir='ltr'>οὐδὲ</span> <span class='ocrx_word' id='word_1_729' title='bbox 3054 3869 3163 3938; x_wconf 81' lang='grc' dir='ltr'><strong>γὰρ</strong></span> <span class='ocrx_word' id='word_1_730' title='bbox 3197 3868 3387 3936; x_wconf 78' lang='grc' dir='ltr'>ὥσπερ</span> <span class='ocrx_word' id='word_1_731' title='bbox 3418 3868 3447 3919; x_wconf 91' lang='lat'><strong>6</strong></span> <span class='ocrx_word' id='word_1_732' title='bbox 3477 3867 3624 3917; x_wconf 84' lang='grc' dir='ltr'>δεῖνα</span> <span class='ocrx_word' id='word_1_733' title='bbox 3655 3865 3827 3931; x_wconf 67' lang='grc' dir='ltr'>τυχὸν</span> 
     </span>
    </p>
   </div>
   <div class='ocr_carea' id='block_1_95' title="bbox 2235 3955 3827 4037">
    <p class='ocr_par' dir='ltr' id='par_1_95' title="bbox 2235 3955 3827 4037">
     <span class='ocr_line' id='line_1_95' title="bbox 2235 3955 3827 4037; baseline -0.009 -15"><span class='ocrx_word' id='word_1_734' title='bbox 2235 3969 2312 4037; x_wconf 82' lang='grc' dir='ltr'><strong>τῷ</strong></span> <span class='ocrx_word' id='word_1_735' title='bbox 2356 3968 2487 4021; x_wconf 86' lang='grc' dir='ltr'>δεῖνι</span> <span class='ocrx_word' id='word_1_736' title='bbox 2539 3965 2862 4019; x_wconf 84' lang='grc' dir='ltr'>συνάπτοιτο</span> <span class='ocrx_word' id='word_1_737' title='bbox 2904 3962 2989 4026; x_wconf 87' lang='grc' dir='ltr'>ἂν,</span> <span class='ocrx_word' id='word_1_738' title='bbox 3019 3961 3051 4030; x_wconf 84' lang='grc' dir='ltr'>ἢ</span> <span class='ocrx_word' id='word_1_739' title='bbox 3086 3958 3228 4013; x_wconf 85' lang='grc' dir='ltr'><strong>κατά</strong></span> <span class='ocrx_word' id='word_1_740' title='bbox 3260 3957 3351 4009; x_wconf 81' lang='grc' dir='ltr'>τὸν</span> <span class='ocrx_word' id='word_1_741' title='bbox 3381 3958 3479 4027; x_wconf 81' lang='grc' dir='ltr'>τῆς</span> <span class='ocrx_word' id='word_1_742' title='bbox 3510 3955 3827 4025; x_wconf 77' lang='grc' dir='ltr'>όμοψυχίας</span> 
     </span>
    </p>
   </div>
   <div class='ocr_carea' id='block_1_96' title="bbox 2234 4043 3829 4129">
    <p class='ocr_par' dir='ltr' id='par_1_96' title="bbox 2234 4043 3829 4129">
     <span class='ocr_line' id='line_1_96' title="bbox 2234 4043 3829 4129; baseline -0.009 -18"><span class='ocrx_word' id='word_1_743' title='bbox 2234 4059 2453 4129; x_wconf 81' lang='grc' dir='ltr'>τρόπον,</span> <span class='ocrx_word' id='word_1_744' title='bbox 2487 4056 2654 4127; x_wconf 68' lang='grc' dir='ltr'>ἤγουν</span> <span class='ocrx_word' id='word_1_745' title='bbox 2697 4052 2838 4107; x_wconf 75' lang='grc' dir='ltr'>κατὰ</span> <span class='ocrx_word' id='word_1_746' title='bbox 2881 4051 2940 4104; x_wconf 80' lang='grc' dir='ltr'>τὸ</span> <span class='ocrx_word' id='word_1_747' title='bbox 2987 4048 3155 4118; x_wconf 65' lang='grc' dir='ltr'>ἐγγὺς</span> <span class='ocrx_word' id='word_1_748' title='bbox 3194 4048 3252 4100; x_wconf 72' lang='grc' dir='ltr'>ἐν</span> <span class='ocrx_word' id='word_1_749' title='bbox 3282 4046 3514 4117; x_wconf 87' lang='grc' dir='ltr'>σώματι,</span> <span class='ocrx_word' id='word_1_750' title='bbox 3551 4043 3692 4098; x_wconf 77' lang='grc' dir='ltr'>οὕτω</span> <span class='ocrx_word' id='word_1_751' title='bbox 3722 4048 3829 4097; x_wconf 70' lang='grc' dir='ltr'>καὶ</span> 
     </span>
    </p>
   </div>
   <div class='ocr_carea' id='block_1_97' title="bbox 2236 4137 3828 4216">
    <p class='ocr_par' dir='ltr' id='par_1_97' title="bbox 2236 4137 3828 4216">
     <span class='ocr_line' id='line_1_97' title="bbox 2236 4137 3828 4216; baseline -0.01 -11"><span class='ocrx_word' id='word_1_752' title='bbox 2236 4150 2427 4213; x_wconf 77' lang='grc' dir='ltr'><strong>αὑτός⁹</strong></span> <span class='ocrx_word' id='word_1_753' title='bbox 2481 4146 2617 4201; x_wconf 86' lang='grc' dir='ltr'><strong>ἀλλά</strong></span> <span class='ocrx_word' id='word_1_754' title='bbox 2666 4144 2795 4216; x_wconf 84' lang='grc' dir='ltr'>γὰρ,</span> <span class='ocrx_word' id='word_1_755' title='bbox 2824 4144 2900 4206; x_wconf 83' lang='grc' dir='ltr'>ὼς</span> <span class='ocrx_word' id='word_1_756' title='bbox 2948 4141 3047 4212; x_wconf 70' lang='grc' dir='ltr'>ἤδη</span> <span class='ocrx_word' id='word_1_757' title='bbox 3097 4138 3413 4201; x_wconf 81' lang='grc' dir='ltr'>πλειστάκις</span> <span class='ocrx_word' id='word_1_758' title='bbox 3465 4137 3633 4207; x_wconf 73' lang='grc' dir='ltr'>ἔφην,</span> <span class='ocrx_word' id='word_1_759' title='bbox 3685 4137 3828 4190; x_wconf 78' lang='grc' dir='ltr'>ἴδιον</span> 
     </span>
    </p>
   </div>
   <div class='ocr_carea' id='block_1_98' title="bbox 2236 4228 3826 4311">
    <p class='ocr_par' dir='ltr' id='par_1_98' title="bbox 2236 4228 3826 4311">
     <span class='ocr_line' id='line_1_98' title="bbox 2236 4228 3826 4311; baseline -0.009 -17"><span class='ocrx_word' id='word_1_760' title='bbox 2236 4240 2528 4311; x_wconf 76' lang='grc' dir='ltr'>ἐποιήσατο</span> <span class='ocrx_word' id='word_1_761' title='bbox 2564 4238 2722 4306; x_wconf 79' lang='grc' dir='ltr'>σῶμα</span> <span class='ocrx_word' id='word_1_762' title='bbox 2753 4235 2814 4287; x_wconf 85' lang='grc' dir='ltr'>τὸ</span> <span class='ocrx_word' id='word_1_763' title='bbox 2842 4232 3045 4303; x_wconf 82' lang='grc' dir='ltr'>ληφθὲν</span> <span class='ocrx_word' id='word_1_764' title='bbox 3075 4234 3138 4283; x_wconf 80' lang='grc' dir='ltr'>ἐκ</span> <span class='ocrx_word' id='word_1_765' title='bbox 3166 4230 3267 4300; x_wconf 75' lang='grc' dir='ltr'>τῆς</span> <span class='ocrx_word' id='word_1_766' title='bbox 3311 4230 3469 4298; x_wconf 73' lang='grc' dir='ltr'>ἁγίας</span> <span class='ocrx_word' id='word_1_767' title='bbox 3496 4228 3781 4299; x_wconf 82' lang='grc' dir='ltr'>Παρθένου</span> <span class='ocrx_word' id='word_1_768' title='bbox 3810 4247 3826 4259; x_wconf 78' lang='grc' dir='ltr'><strong>ο</strong></span> 
     </span>
    </p>
   </div>
   <div class='ocr_carea' id='block_1_99' title="bbox 2237 4320 3830 4399">
    <p class='ocr_par' dir='ltr' id='par_1_99' title="bbox 2237 4320 3830 4399">
     <span class='ocr_line' id='line_1_99' title="bbox 2237 4320 3830 4399; baseline -0.007 -16"><span class='ocrx_word' id='word_1_769' title='bbox 2237 4333 2329 4385; x_wconf 73' lang='grc' dir='ltr'>καὶ</span> <span class='ocrx_word' id='word_1_770' title='bbox 2363 4330 2578 4399; x_wconf 83' lang='grc' dir='ltr'>ἀληθῶς</span> <span class='ocrx_word' id='word_1_771' title='bbox 2608 4323 2848 4399; x_wconf 71' lang='grc' dir='ltr'>ἡνῶσθαί</span> <span class='ocrx_word' id='word_1_772' title='bbox 2883 4340 3081 4393; x_wconf 83' lang='grc' dir='ltr'>φαμεν,</span> <span class='ocrx_word' id='word_1_773' title='bbox 3109 4324 3210 4375; x_wconf 82' lang='grc' dir='ltr'>οὐκ</span> <span class='ocrx_word' id='word_1_774' title='bbox 3233 4320 3428 4391; x_wconf 72' lang='grc' dir='ltr'>ἀψύχῳ</span> <span class='ocrx_word' id='word_1_775' title='bbox 3452 4320 3612 4389; x_wconf 76' lang='grc' dir='ltr'>σαρκὶ</span> <span class='ocrx_word' id='word_1_776' title='bbox 3638 4320 3730 4373; x_wconf 83' lang='grc' dir='ltr'>τὸν</span> <span class='ocrx_word' id='word_1_777' title='bbox 3760 4322 3830 4373; x_wconf 67' lang='grc' dir='ltr'>ἐκ</span> 
     </span>
    </p>
   </div>
   <div class='ocr_carea' id='block_1_100' title="bbox 2238 4409 3828 4489">
    <p class='ocr_par' dir='ltr' id='par_1_100' title="bbox 2238 4409 3828 4489">
     <span class='ocr_line' id='line_1_100' title="bbox 2238 4409 3828 4489; baseline -0.011 -12"><span class='ocrx_word' id='word_1_778' title='bbox 2238 4422 2373 4477; x_wconf 85' lang='grc' dir='ltr'>Θεοῦ</span> <span class='ocrx_word' id='word_1_779' title='bbox 2401 4421 2586 4489; x_wconf 86' lang='grc' dir='ltr'>Λόγον.</span> <span class='ocrx_word' id='word_1_780' title='bbox 2625 4414 2832 4471; x_wconf 79' lang='grc' dir='ltr'>Οὐκοῦν</span> <span class='ocrx_word' id='word_1_781' title='bbox 2857 4414 2957 4483; x_wconf 82' lang='grc' dir='ltr'>τῆς</span> <span class='ocrx_word' id='word_1_782' title='bbox 2997 4414 3126 4482; x_wconf 73' lang='grc' dir='ltr'>παρ’</span> <span class='ocrx_word' id='word_1_783' title='bbox 3154 4410 3318 4463; x_wconf 81' lang='grc' dir='ltr'>αὑτοῦ</span> <span class='ocrx_word' id='word_1_784' title='bbox 3353 4409 3654 4480; x_wconf 85' lang='grc' dir='ltr'>λεγομένης</span> <span class='ocrx_word' id='word_1_785' title='bbox 3687 4426 3828 4461; x_wconf 65' lang='grc' dir='ltr'>συν.</span> 
     </span>
    </p>
   </div>
   <div class='ocr_carea' id='block_1_101' title="bbox 2239 4501 3830 4582">
    <p class='ocr_par' dir='ltr' id='par_1_101' title="bbox 2239 4501 3830 4582">
     <span class='ocr_line' id='line_1_101' title="bbox 2239 4501 3830 4582; baseline -0.009 -14"><span class='ocrx_word' id='word_1_786' title='bbox 2239 4514 2433 4582; x_wconf 77' lang='grc' dir='ltr'>αφείας</span> <span class='ocrx_word' id='word_1_787' title='bbox 2452 4514 2485 4581; x_wconf 80' lang='grc' dir='ltr'>ἡ</span> <span class='ocrx_word' id='word_1_788' title='bbox 2507 4510 2753 4578; x_wconf 71' lang='grc' dir='ltr'>δύναμις,</span> <span class='ocrx_word' id='word_1_789' title='bbox 2772 4508 2818 4559; x_wconf 88' lang='grc' dir='ltr'><strong>εί</strong></span> <span class='ocrx_word' id='word_1_790' title='bbox 2845 4506 2943 4574; x_wconf 85' lang='grc' dir='ltr'>τὴν</span> <span class='ocrx_word' id='word_1_791' title='bbox 2966 4504 3087 4557; x_wconf 81' lang='grc' dir='ltr'>καθ’</span> <span class='ocrx_word' id='word_1_792' title='bbox 3104 4503 3252 4573; x_wconf 78' lang='grc' dir='ltr'>ἡμᾶς</span> <span class='ocrx_word' id='word_1_793' title='bbox 3274 4501 3567 4571; x_wconf 88' lang='grc' dir='ltr'>νοουμένην</span> <span class='ocrx_word' id='word_1_794' title='bbox 3589 4501 3830 4570; x_wconf 83' lang='grc' dir='ltr'>ἑνότητα</span> 
     </span>
    </p>
   </div>
   <div class='ocr_carea' id='block_1_102' title="bbox 2238 4591 3824 4676">
    <p class='ocr_par' dir='ltr' id='par_1_102' title="bbox 2238 4591 3824 4676">
     <span class='ocr_line' id='line_1_102' title="bbox 2238 4591 3824 4676; baseline -0.01 -18"><span class='ocrx_word' id='word_1_795' title='bbox 2238 4605 2404 4676; x_wconf 81' lang='grc' dir='ltr'>δηλοῖ.</span> <span class='ocrx_word' id='word_1_796' title='bbox 2442 4602 2583 4671; x_wconf 76' lang='grc' dir='ltr'>φημὶ</span> <span class='ocrx_word' id='word_1_797' title='bbox 2613 4601 2677 4669; x_wconf 86' lang='grc' dir='ltr'>δὴ</span> <span class='ocrx_word' id='word_1_798' title='bbox 2706 4598 2804 4668; x_wconf 80' lang='grc' dir='ltr'>τὴν</span> <span class='ocrx_word' id='word_1_799' title='bbox 2835 4595 2955 4649; x_wconf 79' lang='grc' dir='ltr'>καθ’</span> <span class='ocrx_word' id='word_1_800' title='bbox 2980 4594 3296 4654; x_wconf 79' lang='grc' dir='ltr'>ὑπόστασιν,</span> <span class='ocrx_word' id='word_1_801' title='bbox 3330 4591 3434 4663; x_wconf 71' lang='grc' dir='ltr'>ἔφη</span> <span class='ocrx_word' id='word_1_802' title='bbox 3470 4592 3536 4645; x_wconf 84' lang='grc' dir='ltr'>ἂν</span> <span class='ocrx_word' id='word_1_803' title='bbox 3567 4591 3824 4656; x_wconf 77' lang='grc' dir='ltr'>εἰκότως,</span> 
     </span>
    </p>
   </div>
   <div class='ocr_carea' id='block_1_103' title="bbox 2243 4678 3829 4768">
    <p class='ocr_par' dir='ltr' id='par_1_103' title="bbox 2243 4678 3829 4768">
     <span class='ocr_line' id='line_1_103' title="bbox 2243 4678 3829 4768; baseline -0.009 -17"><span class='ocrx_word' id='word_1_804' title='bbox 2243 4697 2377 4768; x_wconf 78' lang='grc' dir='ltr'>μηδὲ</span> <span class='ocrx_word' id='word_1_805' title='bbox 2403 4695 2531 4765; x_wconf 83' lang='grc' dir='ltr'>μίαν</span> <span class='ocrx_word' id='word_1_806' title='bbox 2550 4688 2691 4747; x_wconf 83' lang='grc' dir='ltr'>εἶναι</span> <span class='ocrx_word' id='word_1_807' title='bbox 2710 4687 2947 4759; x_wconf 85' lang='grc' dir='ltr'>Χριστοῦ</span> <span class='ocrx_word' id='word_1_808' title='bbox 2977 4688 3075 4755; x_wconf 79' lang='grc' dir='ltr'>τὴν</span> <span class='ocrx_word' id='word_1_809' title='bbox 3107 4685 3394 4754; x_wconf 79' lang='grc' dir='ltr'>διαίρεσιν,</span> <span class='ocrx_word' id='word_1_810' title='bbox 3424 4683 3562 4737; x_wconf 82' lang='grc' dir='ltr'>κατὰ</span> <span class='ocrx_word' id='word_1_811' title='bbox 3586 4683 3649 4735; x_wconf 79' lang='grc' dir='ltr'>τὸ</span> <span class='ocrx_word' id='word_1_812' title='bbox 3674 4678 3829 4737; x_wconf 77' lang='grc' dir='ltr'>εἶναι</span> 
     </span>
    </p>
   </div>
   <div class='ocr_carea' id='block_1_104' title="bbox 2238 4775 3830 4860">
    <p class='ocr_par' dir='ltr' id='par_1_104' title="bbox 2238 4775 3830 4860">
     <span class='ocr_line' id='line_1_104' title="bbox 2238 4775 3830 4860; baseline -0.009 -17"><span class='ocrx_word' id='word_1_813' title='bbox 2238 4789 2503 4860; x_wconf 59' lang='grc' dir='ltr'>Χριστόν</span> <span class='ocrx_word' id='word_1_814' title='bbox 2536 4786 2598 4838; x_wconf 79' lang='grc' dir='ltr'>οὐ</span> <span class='ocrx_word' id='word_1_815' title='bbox 2631 4784 2740 4853; x_wconf 86' lang='grc' dir='ltr'><strong>γάρ</strong></span> <span class='ocrx_word' id='word_1_816' title='bbox 2772 4785 2921 4835; x_wconf 80' lang='grc' dir='ltr'>ἐστιν</span> <span class='ocrx_word' id='word_1_817' title='bbox 2948 4780 3133 4851; x_wconf 73' lang='grc' dir='ltr'>ἱτερος</span> <span class='ocrx_word' id='word_1_818' title='bbox 3177 4779 3270 4832; x_wconf 77' lang='grc' dir='ltr'>καὶ</span> <span class='ocrx_word' id='word_1_819' title='bbox 3300 4778 3513 4849; x_wconf 72' lang='grc' dir='ltr'>ἔτεροςο</span> <span class='ocrx_word' id='word_1_820' title='bbox 3549 4775 3671 4829; x_wconf 75' lang='grc' dir='ltr'>οὔτε</span> <span class='ocrx_word' id='word_1_821' title='bbox 3710 4778 3830 4847; x_wconf 81' lang='grc' dir='ltr'>μὴν</span> 
     </span>
    </p>
   </div>
   <div class='ocr_carea' id='block_1_105' title="bbox 2238 4868 3827 4947">
    <p class='ocr_par' dir='ltr' id='par_1_105' title="bbox 2238 4868 3827 4947">
     <span class='ocr_line' id='line_1_105' title="bbox 2238 4868 3827 4947; baseline -0.014 -8"><span class='ocrx_word' id='word_1_822' title='bbox 2238 4886 2350 4947; x_wconf 68' lang='grc' dir='ltr'><strong>υέὸς</strong></span> <span class='ocrx_word' id='word_1_823' title='bbox 2378 4882 2472 4936; x_wconf 72' lang='grc' dir='ltr'>καὶ</span> <span class='ocrx_word' id='word_1_824' title='bbox 2495 4880 2627 4942; x_wconf 80' lang='grc' dir='ltr'>υίὸς,</span> <span class='ocrx_word' id='word_1_825' title='bbox 2662 4876 2819 4938; x_wconf 77' lang='grc' dir='ltr'>ἄλλος</span> <span class='ocrx_word' id='word_1_826' title='bbox 2839 4875 2933 4927; x_wconf 73' lang='grc' dir='ltr'>καὶ</span> <span class='ocrx_word' id='word_1_827' title='bbox 2965 4872 3141 4936; x_wconf 81' lang='grc' dir='ltr'>ἄλλος,</span> <span class='ocrx_word' id='word_1_828' title='bbox 3179 4870 3393 4941; x_wconf 87' lang='grc' dir='ltr'>πρῶτος</span> <span class='ocrx_word' id='word_1_829' title='bbox 3422 4871 3515 4923; x_wconf 76' lang='grc' dir='ltr'>καὶ</span> <span class='ocrx_word' id='word_1_830' title='bbox 3543 4868 3827 4939; x_wconf 75' lang='grc' dir='ltr'>δεύτερος,</span> 
     </span>
    </p>
   </div>
   <div class='ocr_carea' id='block_1_106' title="bbox 2241 4959 3823 5039">
    <p class='ocr_par' dir='ltr' id='par_1_106' title="bbox 2241 4959 3823 5039">
     <span class='ocr_line' id='line_1_106' title="bbox 2241 4959 3823 5039; baseline -0.018 -11"><span class='ocrx_word' id='word_1_831' title='bbox 2241 4974 2355 5028; x_wconf 73' lang='grc' dir='ltr'>ἀλλ’</span> <span class='ocrx_word' id='word_1_832' title='bbox 2393 4966 2472 5034; x_wconf 74' lang='grc' dir='ltr'><strong>εἷς</strong></span> <span class='ocrx_word' id='word_1_833' title='bbox 2499 4968 2740 5039; x_wconf 86' lang='grc' dir='ltr'>δηλονότι</span> <span class='ocrx_word' id='word_1_834' title='bbox 2769 4965 2861 5018; x_wconf 74' lang='grc' dir='ltr'>καὶ</span> <span class='ocrx_word' id='word_1_835' title='bbox 2889 4962 2998 5035; x_wconf 76' lang='grc' dir='ltr'>πρὸ</span> <span class='ocrx_word' id='word_1_836' title='bbox 3030 4960 3230 5032; x_wconf 79' lang='grc' dir='ltr'>σαρκὸς</span> <span class='ocrx_word' id='word_1_837' title='bbox 3260 4960 3355 5014; x_wconf 71' lang='grc' dir='ltr'>καὶ</span> <span class='ocrx_word' id='word_1_838' title='bbox 3408 4959 3544 5028; x_wconf 77' lang='grc' dir='ltr'>μετὰ</span> <span class='ocrx_word' id='word_1_839' title='bbox 3593 4959 3779 5029; x_wconf 75' lang='grc' dir='ltr'>σάρκα</span> <span class='ocrx_word' id='word_1_840' title='bbox 3808 4977 3823 4989; x_wconf 78' lang='grc' dir='ltr'><strong><em>ο</em></strong></span> 
     </span>
    </p>
   </div>
   <div class='ocr_carea' id='block_1_107' title="bbox 2240 5050 3828 5131">
    <p class='ocr_par' dir='ltr' id='par_1_107' title="bbox 2240 5050 3828 5131">
     <span class='ocr_line' id='line_1_107' title="bbox 2240 5050 3828 5131; baseline -0.013 -10"><span class='ocrx_word' id='word_1_841' title='bbox 2240 5067 2393 5120; x_wconf 79' lang='grc' dir='ltr'>ἔσται</span> <span class='ocrx_word' id='word_1_842' title='bbox 2426 5062 2535 5131; x_wconf 79' lang='grc' dir='ltr'><strong>γὰρ</strong></span> <span class='ocrx_word' id='word_1_843' title='bbox 2581 5059 2720 5114; x_wconf 74' lang='grc' dir='ltr'>οὕτω</span> <span class='ocrx_word' id='word_1_844' title='bbox 2752 5056 2891 5112; x_wconf 85' lang='grc' dir='ltr'>κατά</span> <span class='ocrx_word' id='word_1_845' title='bbox 2916 5072 2979 5123; x_wconf 88' lang='grc' dir='ltr'><strong>γε</strong></span> <span class='ocrx_word' id='word_1_846' title='bbox 3008 5054 3106 5124; x_wconf 77' lang='grc' dir='ltr'>τὴν</span> <span class='ocrx_word' id='word_1_847' title='bbox 3133 5051 3309 5117; x_wconf 79' lang='grc' dir='ltr'>ἀξίαν,</span> <span class='ocrx_word' id='word_1_848' title='bbox 3341 5052 3415 5114; x_wconf 85' lang='grc' dir='ltr'>ὡς</span> <span class='ocrx_word' id='word_1_849' title='bbox 3462 5050 3528 5103; x_wconf 68' lang='grc' dir='ltr'>σὺ</span> <span class='ocrx_word' id='word_1_850' title='bbox 3570 5050 3695 5119; x_wconf 71' lang='grc' dir='ltr'>φὴς,</span> <span class='ocrx_word' id='word_1_851' title='bbox 3727 5052 3828 5103; x_wconf 71' lang='grc' dir='ltr'>καὶ</span> 
     </span>
    </p>
   </div>
   <div class='ocr_carea' id='block_1_108' title="bbox 2245 5138 3830 5226">
    <p class='ocr_par' dir='ltr' id='par_1_108' title="bbox 2245 5138 3830 5226">
     <span class='ocr_line' id='line_1_108' title="bbox 2245 5138 3830 5226; baseline -0.009 -20"><span class='ocrx_word' id='word_1_852' title='bbox 2245 5154 2429 5226; x_wconf 81' lang='grc' dir='ltr'>μέντοι</span> <span class='ocrx_word' id='word_1_853' title='bbox 2472 5150 2565 5203; x_wconf 67' lang='grc' dir='ltr'>καὶ</span> <span class='ocrx_word' id='word_1_854' title='bbox 2613 5147 2711 5217; x_wconf 75' lang='grc' dir='ltr'>τὴν</span> <span class='ocrx_word' id='word_1_855' title='bbox 2749 5142 3068 5198; x_wconf 84' lang='grc' dir='ltr'>δυναστείαν</span> <span class='ocrx_word' id='word_1_856' title='bbox 3112 5140 3433 5210; x_wconf 80' lang='grc' dir='ltr'>ἀδιαίρετος,</span> <span class='ocrx_word' id='word_1_857' title='bbox 3478 5138 3678 5209; x_wconf 77' lang='grc' dir='ltr'>μᾶλλον</span> <span class='ocrx_word' id='word_1_858' title='bbox 3708 5138 3772 5191; x_wconf 79' lang='grc' dir='ltr'>δὲ</span> <span class='ocrx_word' id='word_1_859' title='bbox 3799 5140 3830 5191; x_wconf 90' lang='lat'><strong>6</strong></span> 
     </span>
    </p>
   </div>
   <div class='ocr_carea' id='block_1_109' title="bbox 2239 5224 3829 5306">
    <p class='ocr_par' dir='ltr' id='par_1_109' title="bbox 2239 5224 3829 5306">
     <span class='ocr_line' id='line_1_109' title="bbox 2239 5224 3829 5306; baseline -0.01 -8"><span class='ocrx_word' id='word_1_860' title='bbox 2239 5224 2420 5306; x_wconf 80' lang='grc' dir='ltr'>αὐτός.</span> <span class='ocrx_word' id='word_1_861' title='bbox 2448 5237 2579 5294; x_wconf 80' lang='grc' dir='ltr'>Εἶτα</span> <span class='ocrx_word' id='word_1_862' title='bbox 2602 5239 2717 5300; x_wconf 84' lang='grc' dir='ltr'>πῶς</span> <span class='ocrx_word' id='word_1_863' title='bbox 2737 5236 2826 5289; x_wconf 78' lang='grc' dir='ltr'>τὸν</span> <span class='ocrx_word' id='word_1_864' title='bbox 2858 5235 2953 5288; x_wconf 76' lang='grc' dir='ltr'>ἕνα</span> <span class='ocrx_word' id='word_1_865' title='bbox 2984 5232 3076 5285; x_wconf 73' lang='grc' dir='ltr'>καὶ</span> <span class='ocrx_word' id='word_1_866' title='bbox 3113 5229 3416 5299; x_wconf 82' lang='grc' dir='ltr'>ἀδιαίρετον</span> <span class='ocrx_word' id='word_1_867' title='bbox 3440 5227 3660 5284; x_wconf 89' lang='grc' dir='ltr'>διπλοῦν</span> <span class='ocrx_word' id='word_1_868' title='bbox 3681 5224 3829 5283; x_wconf 80' lang='grc' dir='ltr'>εἶναι</span> 
     </span>
    </p>
   </div>
   <div class='ocr_carea' id='block_1_110' title="bbox 2243 5322 3827 5406">
    <p class='ocr_par' dir='ltr' id='par_1_110' title="bbox 2243 5322 3827 5406">
     <span class='ocr_line' id='line_1_110' title="bbox 2243 5322 3827 5406; baseline -0.008 -17"><span class='ocrx_word' id='word_1_869' title='bbox 2243 5335 2366 5406; x_wconf 76' lang='grc' dir='ltr'>φὴς,</span> <span class='ocrx_word' id='word_1_870' title='bbox 2404 5335 2495 5387; x_wconf 72' lang='grc' dir='ltr'>καὶ</span> <span class='ocrx_word' id='word_1_871' title='bbox 2536 5332 2656 5400; x_wconf 78' lang='grc' dir='ltr'>οὐχὶ</span> <span class='ocrx_word' id='word_1_872' title='bbox 2688 5333 2753 5399; x_wconf 81' lang='grc' dir='ltr'><strong>τῇ</strong></span> <span class='ocrx_word' id='word_1_873' title='bbox 2784 5328 2910 5398; x_wconf 77' lang='grc' dir='ltr'>ἀξίᾳ</span> <span class='ocrx_word' id='word_1_874' title='bbox 2959 5324 3177 5391; x_wconf 83' lang='grc' dir='ltr'>μᾶλλον,</span> <span class='ocrx_word' id='word_1_875' title='bbox 3223 5322 3358 5376; x_wconf 80' lang='grc' dir='ltr'>ἀλλὰ</span> <span class='ocrx_word' id='word_1_876' title='bbox 3404 5326 3469 5393; x_wconf 83' lang='grc' dir='ltr'><strong>τῇ</strong></span> <span class='ocrx_word' id='word_1_877' title='bbox 3518 5322 3711 5391; x_wconf 71' lang='grc' dir='ltr'>φύσεις</span> <span class='ocrx_word' id='word_1_878' title='bbox 3747 5323 3827 5376; x_wconf 80' lang='grc' dir='ltr'><strong>Οὐ</strong></span> 
     </span>
    </p>
   </div>
   <div class='ocr_carea' id='block_1_111' title="bbox 2241 5413 3825 5499">
    <p class='ocr_par' dir='ltr' id='par_1_111' title="bbox 2241 5413 3825 5499">
     <span class='ocr_line' id='line_1_111' title="bbox 2241 5413 3825 5499; baseline -0.01 -19"><span class='ocrx_word' id='word_1_879' title='bbox 2241 5429 2350 5499; x_wconf 79' lang='grc' dir='ltr'><strong>γὰρ</strong></span> <span class='ocrx_word' id='word_1_880' title='bbox 2384 5425 2587 5480; x_wconf 77' lang='grc' dir='ltr'>ὲπείτοι</span> <span class='ocrx_word' id='word_1_881' title='bbox 2625 5423 2801 5492; x_wconf 83' lang='grc' dir='ltr'>σάρκα</span> <span class='ocrx_word' id='word_1_882' title='bbox 2832 5418 3011 5472; x_wconf 78' lang='grc' dir='ltr'>λαϐὼν</span> <span class='ocrx_word' id='word_1_883' title='bbox 3040 5418 3067 5469; x_wconf 92' lang='lat'><strong>6</strong></span> <span class='ocrx_word' id='word_1_884' title='bbox 3100 5419 3162 5470; x_wconf 83' lang='grc' dir='ltr'>ὲκ</span> <span class='ocrx_word' id='word_1_885' title='bbox 3209 5413 3343 5468; x_wconf 77' lang='grc' dir='ltr'>Θεοῦ</span> <span class='ocrx_word' id='word_1_886' title='bbox 3381 5414 3592 5484; x_wconf 79' lang='grc' dir='ltr'>Πατρὸς</span> <span class='ocrx_word' id='word_1_887' title='bbox 3620 5413 3825 5479; x_wconf 80' lang='grc' dir='ltr'>Λόγος,</span> 
     </span>
    </p>
   </div>
   <div class='ocr_carea' id='block_1_112' title="bbox 2241 5504 3828 5587">
    <p class='ocr_par' dir='ltr' id='par_1_112' title="bbox 2241 5504 3828 5587">
     <span class='ocr_line' id='line_1_112' title="bbox 2241 5504 3828 5587; baseline -0.008 -17"><span class='ocrx_word' id='word_1_888' title='bbox 2241 5516 2509 5587; x_wconf 78' lang='grc' dir='ltr'>προῆλθεν</span> <span class='ocrx_word' id='word_1_889' title='bbox 2549 5514 2829 5583; x_wconf 81' lang='grc' dir='ltr'>ἄνθρωπος</span> <span class='ocrx_word' id='word_1_890' title='bbox 2881 5508 3001 5563; x_wconf 87' lang='grc' dir='ltr'>καθ’</span> <span class='ocrx_word' id='word_1_891' title='bbox 3036 5509 3215 5579; x_wconf 79' lang='grc' dir='ltr'>ἡμᾶς,</span> <span class='ocrx_word' id='word_1_892' title='bbox 3264 5504 3467 5575; x_wconf 73' lang='grc' dir='ltr'>ταύτης</span> <span class='ocrx_word' id='word_1_893' title='bbox 3510 5504 3674 5558; x_wconf 76' lang='grc' dir='ltr'>ἕνεκα</span> <span class='ocrx_word' id='word_1_894' title='bbox 3718 5506 3828 5572; x_wconf 73' lang='grc' dir='ltr'>τῆς</span> 
     </span>
    </p>
   </div>
   <div class='ocr_carea' id='block_1_113' title="bbox 2240 5595 3826 5676">
    <p class='ocr_par' dir='ltr' id='par_1_113' title="bbox 2240 5595 3826 5676">
     <span class='ocr_line' id='line_1_113' title="bbox 2240 5595 3826 5676; baseline -0.008 -13"><span class='ocrx_word' id='word_1_895' title='bbox 2240 5610 2441 5675; x_wconf 77' lang='grc' dir='ltr'>αἰτὲας,</span> <span class='ocrx_word' id='word_1_896' title='bbox 2477 5605 2794 5676; x_wconf 73' lang='grc' dir='ltr'>ὀνομάζοιτο</span> <span class='ocrx_word' id='word_1_897' title='bbox 2821 5602 2885 5655; x_wconf 80' lang='grc' dir='ltr'>ἂν</span> <span class='ocrx_word' id='word_1_898' title='bbox 2915 5602 3006 5655; x_wconf 63' lang='grc' dir='ltr'>καὶ</span> <span class='ocrx_word' id='word_1_899' title='bbox 3036 5599 3255 5664; x_wconf 80' lang='grc' dir='ltr'>διπλοῦς</span> <span class='ocrx_word' id='word_1_900' title='bbox 3279 5618 3291 5631; x_wconf 72' lang='grc' dir='ltr'><strong>ο</strong></span> <span class='ocrx_word' id='word_1_901' title='bbox 3324 5595 3403 5663; x_wconf 71' lang='grc' dir='ltr'>εἷς</span> <span class='ocrx_word' id='word_1_902' title='bbox 3436 5600 3543 5669; x_wconf 90' lang='grc' dir='ltr'><strong>γάρ</strong></span> <span class='ocrx_word' id='word_1_903' title='bbox 3571 5598 3687 5651; x_wconf 75' lang='grc' dir='ltr'>ἐστι</span> <span class='ocrx_word' id='word_1_904' title='bbox 3726 5600 3826 5651; x_wconf 66' lang='grc' dir='ltr'>καὶ</span> 
     </span>
    </p>
   </div>
  </div>
