4166 6456
1457 336 1827 395 Αῡνειιευε
1853 336 2261 399 NESTORIUM
2299 336 2425 396 LIB.
2460 339 2523 398 Il.
2959 348 2962 351 ’
3516 342 3585 398 86

320 455 382 508 οὐ
417 455 544 525 δίχα
574 456 777 526 σαρκὸς
822 457 851 510 6
896 458 1038 511 κατὰ
1088 456 1254 528 φύσιν
1288 457 1424 515 ίδίαν
1450 460 1555 525 ἔξω
1583 461 1785 534 σαρκὸς
1819 461 1913 515 καὶ

2020 478 2234 521 carnem
2261 474 2315 520 et
2344 464 2688 537 sanguinem.
2722 461 2797 520 Ut
2835 462 2978 521 enim
3035 463 3127 535 qui
3158 462 3329 521 nostri
3355 462 3584 520 similem

322 547 797 620 αῖματος.”Ωσπερ
822 549 931 620 γὰρ
959 550 1014 602 εί
1026 566 1110 614 τις
1146 549 1258 607 τῶν
1286 551 1409 606 καθ’
1444 554 1586 625 ἡμᾶς
1604 563 1609 567 ’
1627 553 1911 624 ἄνθρωπον

327 638 663 702 ἕποκτενὼν,
693 640 792 710 οὐχ
813 638 891 703 ὥς
914 639 1011 693 δύο
1038 657 1141 694 που
1171 642 1373 712 μᾶλλον
1402 643 1677 717 ἠδικηκὼς
1704 642 1913 716 ἀνθρώ-

342 747 479 798 τους,
516 734 862 802 κατηγοροϊτ⁹
897 730 964 786 ἂν
992 733 1244 798 είκότως,
1286 735 1400 789 ἀλλ’
1429 736 1524 790 ἕνα
1577 737 1667 791 καὶ
1724 735 1910 806 μόνον,

333 823 431 877 κᾶν
474 825 710 879 ιννοοῖτο
737 824 900 896 τυχὸν
952 829 1016 880 ὲκ
1039 826 1217 897 ψυχῆς
1246 828 1340 882 καὶ
1376 828 1649 899 σώματος,
1682 830 1773 884 καὶ
1801 829 1911 884 τῶν

331 915 579 986 ἀλλήλοις
625 913 1052 987 συμϐεϐηκότων
1080 920 1115 987 ἡ
1145 918 1307 987 φύσις
1330 918 1402 974 ἄν
1440 919 1525 991 εἴη
1552 921 1651 991 οὐχ
1695 922 1728 991 ή
1773 920 1911 990 αὐτὴ

326 1007 728 1077 ptinendi.“
774 1006 1071 1080 διάφορος’
1123 1008 1269 1063 οὕτω
1320 1009 1483 1065 πάλιν
1530 1012 1625 1065 ἐπὶ
1670 1012 1909 1083 Χριστοῦ

323 1096 573 1168 νοητίον⁶
604 1100 669 1152 οὐ
700 1098 812 1171 γάρ
854 1116 937 1152 τοι
986 1099 1206 1162 διπλοῦς
1236 1102 1415 1154 ἐστιν’
1440 1101 1555 1154 ἀλλ’
1583 1096 1662 1165 εἷς
1708 1120 1768 1157 τε
1816 1104 1912 1157 καὶ

326 1190 490 1257 μόνος
520 1189 719 1260 Κύριος
760 1191 852 1243 καὶ
877 1189 1025 1254 Υἱὸς,
1054 1192 1081 1242 ὁ
1122 1190 1184 1243 ἐκ
1212 1189 1348 1244 Θεοῦ
1375 1192 1587 1263 Πατρδς
1622 1192 1815 1261 Λόγος,
1848 1194 1909 1247 οὐ

322 1280 448 1350 δίχα
499 1279 729 1351 σαρκός·
779 1278 1199 1352 ἀνθρωπότητος
1232 1282 1331 1351 μὲν
1381 1283 1493 1355 γὰρ
1529 1285 1622 1337 καὶ
1660 1284 1912 1356 θεότητος

325 1371 479 1441 δοίην
513 1371 580 1425 ἂν
607 1372 700 1424 καὶ
748 1372 913 1435 αὐτὸς
950 1370 1061 1440 ἐγὼ
1089 1372 1348 1443 πλείστην
1398 1370 1538 1428 εἶναι
1584 1374 1682 1445 τὴν
1726 1375 1912 1445 διαφο-

331 1464 453 1533 ρὰν,
481 1464 599 1534 ἦτοι
625 1463 935 1516 διάστασινο
964 1464 1128 1533 ἔτερα
1160 1464 1268 1535 γὰρ
1305 1466 1448 1519 κατά
1470 1483 1533 1532 γε
1557 1466 1648 1520 τὸν
1673 1467 1767 1520 τοῦ
1797 1468 1912 1531 πῶς

326 1550 467 1607 εἶναι
515 1552 691 1621 λόγον,
723 1554 819 1607 καὶ
850 1554 1004 1607 οὐδὲν
1044 1556 1297 1627 ἀλλήλοις
1327 1557 1542 1610 ἐοικότα
1570 1559 1816 1622 φαίνεται
1842 1560 1912 1613 τὰ

326 1643 715 1713 ὠνομασμένα.
745 1644 1227 1715 Παρενηνεγμένου
1253 1664 1316 1715 γε
1348 1647 1454 1717 μὴν
1477 1650 1557 1711 είς
1585 1649 1749 1718 μέσον
1780 1652 1911 1721 ἡμῖν

331 1731 632 1802 μυστηρίου
665 1732 763 1785 τοῦ
801 1734 945 1787 κατὰ
973 1736 1227 1805 Χριστὸν,
1258 1739 1287 1789 ὁ
1314 1740 1414 1808 τῆς
1465 1737 1712 1803 ὲνὼσεως
1752 1740 1911 1808 λόγος

2021 557 2297 612 hominem
2328 557 2646 622 occidisset,
2665 569 2771 611 non
2803 554 2992 627 utique
3025 566 3281 626 tanquam
3306 556 3443 612 duos
3466 558 3586 611 vio-

2019 650 2183 706 lasset
2215 648 2463 704 homines
2488 648 2615 718 jure
2657 655 3026 713 accusaretur,
3051 643 3147 702 sed
3176 659 3344 701 unum
3389 647 3585 712 solum,

2018 739 2265 811 quamvis
2288 739 2523 795 fortasse
2547 754 2611 795 ex
2644 739 2822 794 anima
2854 748 2909 795 et
2932 744 3161 807 corpora
3191 735 3587 802 consideretur,

2017 840 2073 886 et.
2119 831 2185 887 iis
2213 843 2333 901 quae
2362 830 2605 884 alterutri
2638 830 2912 893 accidunt,
2936 836 3130 881 natura
3153 820 3225 879 Ilt
3251 840 3356 881 non
3377 825 3587 888 eadem,

2018 924 2113 980 sed
2144 923 2358 979 diversa
2387 940 2401 987 ;
2437 924 2509 976 ita
2541 922 2781 977 vicissim
2811 922 2865 976 in
2893 920 3116 975 Christo
3144 925 3231 974 est
3281 915 3590 985 intelligen-

2019 1016 2146 1070 dum
2178 1032 2193 1068 :
2228 1030 2341 1069 non
2371 1014 2513 1069 enim
2541 1022 2624 1068 est
2663 1012 2881 1082 duplex,
2909 1012 3002 1067 sed
3036 1024 3175 1066 unus
3200 1018 3253 1064 et
3284 1007 3432 1064 solus
3479 1006 3587 1060 Do-

2020 1102 2197 1163 minus
2221 1121 2285 1161 ac
2322 1106 2489 1160 Filius
2541 1105 2667 1159 illud
2714 1119 2781 1158 ex
2834 1104 2945 1157 Deo
2988 1104 3148 1157 Patre
3200 1102 3457 1162 Verbum,
3484 1113 3588 1152 non

2018 1197 2137 1252 sine
2163 1210 2364 1259 carne;
2395 1210 2517 1248 nam
2550 1196 2694 1248 inter
2726 1194 3118 1249 humanitatem
3148 1200 3202 1245 et
3247 1191 3588 1245 divinitatem

2020 1290 2311 1344 maximam
2372 1302 2493 1343 esse
2548 1286 2906 1341 dill'erentiam
2961 1283 3078 1339 sive
3131 1283 3447 1338 distantiam
3490 1294 3589 1348 ego

2018 1394 2234 1450 quoque
2292 1380 2463 1433 lateor
2496 1396 2508 1432 :
2536 1378 2749 1432 diversa
2781 1387 2905 1433 sunt
2957 1379 3102 1433 enim
3136 1389 3255 1446 qua:
3285 1373 3367 1427 his
3412 1370 3590 1424 nomi-

2019 1474 2181 1528 nibus
2214 1472 2543 1535 indicantur,
2576 1471 2721 1540 quod
2749 1473 2813 1525 ad
2846 1472 3109 1526 rationem
3166 1466 3421 1523 essentia:
3465 1478 3590 1533 per-

2020 1565 2177 1625 tinet,
2205 1570 2260 1616 et
2284 1560 2414 1615 nihil
2449 1561 2591 1615 inter
2612 1576 2669 1615 se
2698 1561 2894 1616 similia
2914 1561 3185 1615 videntur.
3213 1560 3282 1611 At
3318 1557 3405 1611 ubi
3438 1554 3591 1609 nobis

2018 1652 2290 1723 profertur
2320 1654 2370 1706 in
2398 1653 2632 1707 medium
2660 1651 2860 1707 Christi
2891 1652 3230 1723 mysterium,
3258 1649 3403 1703 illius
3438 1647 3592 1700 unio-

2020 1743 2105 1797 nis
2147 1744 2286 1797 ratio
2356 1759 2462 1797 non
2521 1744 2732 1812 ignorat
2787 1742 3003 1812 quidem
3069 1740 3447 1804 diderentiam,
3500 1740 3592 1792 sed

329 1823 432 1875 οὐκ
470 1824 655 1892 ἀγνοεῖ
679 1824 778 1894 μὲν
807 1826 905 1894 τὴν
929 1825 1209 1898 διαφορὰν,
1246 1829 1486 1898 ἐξίστησι
1508 1831 1564 1883 δὲ
1593 1830 1690 1901 τὴν
1713 1831 1915 1903 διαίρε-

2020 1836 2338 1891 divisionem
2413 1810 2820 1903 excludit;non
2910 1835 3052 1904 quod
3134 1832 3429 1888 confundat
3502 1839 3595 1883 aut

333 1932 422 1968 σιν
443 1929 458 1943 ’
492 1917 554 1969 οὐ
585 1917 829 1986 συγχέων
863 1916 983 1988 [τὰς
1016 1917 1229 1990 φύσεις]
1264 1920 1296 1991 ἢ
1343 1921 1652 1993 ἀνακιρνῶν
1678 1922 1776 1985 τὰς
1815 1924 1917 1993 φύ-

334 2024 451 2070 σεις
471 2024 485 2037 ο
516 2006 633 2060 ἀλλ’
661 2008 746 2060 ὅτι
785 2007 988 2078 σαρκὸς
1009 2010 1103 2062 καὶ
1129 2009 1360 2078 αἵματος
1393 2010 1745 2081 μετεσχηκὼς
1769 2013 1798 2065 ό
1819 2012 1917 2066 τοῦ

329 2096 471 2151 Θεοῦ
497 2097 687 2165 Λόγος,
706 2090 786 2161 εἷς
809 2097 874 2168 δὴ
906 2098 1068 2152 πάλιν
1096 2099 1189 2152 καὶ
1223 2098 1398 2163 οὕτως
1425 2102 1453 2154 6
1479 2094 1609 2163 Υίὺέ
1623 2100 1732 2173 [ίσ.
1761 2099 1920 2169 οὗτος

334 2186 495 2259 Υἱὸς]
530 2190 728 2242 νοεῖται
773 2188 869 2242 καὶ
912 2188 1258 2259 ὀνομάζεται.
1292 2191 1427 2245 Οὐδὲ
1458 2191 1587 2265 [Ion
1617 2196 1680 2248 σὺ
1706 2194 1762 2248 δὲ
1795 2195 1806 2263 |
1842 2198 1917 2269 μὴ

331 2277 535 2347 χρῆναι
568 2277 741 2345 λέγων
780 2278 1037 2347 χριστοῦς
1063 2276 1423 2349 ὀνομάζεσθαι
1469 2281 1585 2346 δύο,
1622 2286 1762 2355 μήτε
1810 2287 1918 2356 μὴν

331 2370 487 2431 υίούς
510 2367 791 2439 ὁμολογεῖν
823 2364 963 2422 εἶναι
989 2369 1102 2434 δύο,
1128 2372 1223 2423 καὶ
1252 2372 1349 2440 τῆς
1374 2375 1456 2436 εἰς
1480 2373 1639 2427 τοῦτο
1661 2376 1921 2446 δογματι-

330 2459 437 2529 κῆς
461 2459 748 2530 ὀρθότητος
772 2458 1119 2531 [ἁπλότητος]
1150 2462 1510 2517 ὐποκλέπτων
1540 2465 1641 2535 τὴν
1664 2440 1913 2535 δόέιησιν,

328 2550 427 2604 δύο
455 2550 521 2622 δὴ
546 2551 719 2619 λέγων
750 2550 947 2622 ἁλίσκῃ
971 2555 1249 2623 χριστοὺς,
1297 2554 1391 2607 καὶ
1422 2556 1501 2621 είς
1534 2555 1705 2627 ίδικὴν
1733 2558 1919 2629 ἑτερό-

328 2660 473 2713 τητα
505 2642 712 2706 διῖστὰς
737 2643 1025 2715 ἄνθρωπον
1053 2645 1145 2697 καὶ
1182 2645 1315 2700 Θεόν
1337 2660 1351 2675 ·
1398 2648 1494 2700 καὶ
1538 2647 1643 2701 τὸν.
1684 2648 1805 2718 μὲν,
1832 2652 1919 2702 ὲν-

326 2732 664 2804 εργούμενον
683 2749 698 2764 ·
736 2732 829 2786 τὸν
850 2732 928 2797 δὲ,
959 2734 1053 2786 καὶ
1080 2734 1425 2806 ὲνηργηκότα
1454 2736 1773 2801 καταδεῖξαι
1799 2755 1920 2792 πει-

329 2827 686 2896 ρᾶσαι.Ἐχει
723 2826 780 2879 δὲ
819 2826 960 2881 οὕτω
1000 2828 1066 2880 τά
1106 2827 1261 2899 παρὰ
1299 2828 1419 2881 σοῦ·

404 2915 643 2988 [Ἤγουν
670 2915 767 2970 τοῦ
797 2918 1138 2986 Μονογενοῦς
1164 2918 1372 2984 εὐδοξία
1419 2922 1551 2974 ποτὲ
1581 2923 1681 2992 μὲν
1704 2924 1783 2995 τῷ
1809 2927 1921 2979 Πα-

326 3008 425 3075 τρὶ⁵
462 3009 793 3077 πριῆπται·
832 3009 1024 3063 ιἜστι
1057 3009 1182 3081 γὰρ,
1218 3011 1405 3081 φησιν,
1444 3012 1472 3064 6
1517 3014 1702 3087 Πατήρ
1747 3032 1848 3085 μου
1891 3020 1921 3071 ό

325 3098 571 3164 δοξάζων
618 3116 719 3170 με·
757 3119 775 3151 ι
826 3099 958 3154 ποτὲ
1012 3101 1091 3165 δὲ,
1143 3100 1222 3174 τῷ
1275 3102 1585 3172 Πνεῦματιο
1642 3123 1660 3156 ι
1692 3106 1767 3159 Τὸ
1809 3106 1919 3179 γὰρ

327 3192 562 3259 Πνεῦμα
584 3192 685 3263 τῆς
711 3192 991 3264 ἀληθείας,
1022 3194 1208 3264 φησὶν,
1239 3194 1338 3264 ἐμὲ
1369 3194 1584 3260 δοξάσει
1604 3214 1617 3227 ο
1654 3216 1671 3249 ι
1708 3198 1837 3251 ποτὲ
1860 3198 1918 3251 δὲ

325 3286 401 3353 τῇ
431 3284 668 3354 Χριστοῦ
698 3283 1015 3356 δυναστείᾳο
1055 3306 1073 3337 ι
1098 3285 1437 3353 Ἐξελθόντες
1482 3289 1611 3359 γὰρ,
1648 3288 1805 3359 φησὶ,
1838 3289 1916 3341 δι-

327 3376 636 3444 εκήρυσσον
684 3374 778 3428 τὸν
823 3374 981 3444 λόγον
1012 3378 1310 3448 πανταχοῦ,
1341 3378 1436 3431 τοῦ
1466 3379 1672 3450 Κυρίου
1721 3396 1919 3450 συνερο

327 3465 575 3533 γοῦντος,
608 3467 702 3519 καὶ
748 3469 839 3519 τὸν
886 3468 1043 3536 λόγον
1079 3468 1445 3539 βεῆαιοῦντος,
1470 3470 1557 3523 διὰ
1586 3470 1694 3523 τῶν
1719 3472 1919 3525 sicano-

326 3555 711 3627 λουθησάντων
745 3557 1007 3628 σημείων.
1024 3558 1077 3630 ›].

940 3691 1193 3747 ΚΕΦΑΛ.
1240 3696 1313 3748 Z'.

407 3825 469 3877 Εἰ
512 3823 612 3893 μὲν
642 3823 721 3887 ὥς
755 3823 915 3896 δόξης
959 3824 1151 3878 ἐπιδεᾶ
1191 3825 1283 3879 τὸν
1333 3830 1599 3899 μονογενῆ
1639 3830 1734 3882 τοῦ
1780 3831 1917 3885 Θεοῦ

328 3916 528 3983 Λόγον,
555 3915 691 3969 καθό
712 3916 829 3968 ἐστι
852 3917 944 3969 καὶ
973 3918 1173 3971 νοεῖται
1194 3918 1386 3987 Λόγος,
1413 3921 1506 3973 καὶ
1537 3920 1690 3975 οὔπω
1721 3940 1917 3995 σεσαρ-

329 4008 603 4077 κωμένος,
632 4007 946 4074 δεδοξάσθαι
980 4010 1116 4080 φησὶ
1144 4011 1297 4082 παρὰ
1330 4011 1427 4065 τοῦ
1454 4014 1669 4086 Πατρὸς
1695 4016 1788 4069 καὶ
1818 4015 1914 4069 τοῦ

326 4100 492 4165 ἁγίου
524 4098 863 4168 ῐΙνεύματος,
894 4100 976 4153 ὅτι
1001 4101 1096 4153 καὶ
1127 4103 1462 4173 παραπταίει
1485 4104 1578 4157 καὶ
1611 4105 1917 4178 διημάρτη-

328 4206 396 4243 κε
423 4189 473 4243 τ’
490 4189 748 4258 ἀληθοῦς,
774 4192 1008 4262 παρήσω
1036 4192 1215 4260 λέγειν
1239 4195 1318 4257 εἰς
1350 4195 1411 4248 τὸ
1438 4197 1636 4267 παρόν·
1664 4197 1786 4267 ἄγει
1806 4197 1916 4271 γὰρ

327 4284 484 4351 ἡμᾶς
512 4283 598 4351 ἐφ’
624 4281 811 4353 ἕτερον
842 4285 870 4337 6
908 4285 1117 4355 καιρός.
1137 4286 1519 4356 Ἑπιλελῆσθαι
1556 4288 1612 4342 δέ
1640 4306 1731 4360 μοι
1770 4290 1919 4344 δοκεῖ

325 4372 442 4425 τῶν
472 4372 676 4442 ἀρτίως
714 4372 864 4443 αὐτῷ
893 4373 1322 4446 τεθεωρημένων
1363 4393 1422 4429 τε
1462 4378 1554 4430 καὶ
1584 4380 1912 4450 εἰρημένων.

2022 1927 2245 1982 misceat
2302 1937 2545 1991 naturas,
2611 1927 2703 1981 sed
2762 1928 2905 1995 quod
2963 1926 3141 1981 carnis
3188 1932 3245 1978 et
3314 1921 3593 1991 sanguinis

2019 2019 2289 2089 particeps
2323 2019 2521 2074 factum
2550 2019 2723 2087 ipsum
2761 2017 2852 2072 Dei
2886 2016 3143 2083 Verbum,
3175 2029 3313 2070 unus
3340 2013 3455 2085 46
3475 2028 3595 2066 rur-

2019 2127 2137 2166 sum
2153 2113 2315 2167 etiam
2339 2112 2441 2167 hoc
2474 2112 2631 2165 modo
2662 2109 2830 2165 Filius
2855 2109 3173 2177 intelligitur
3198 2117 3250 2162 et
3269 2106 3590 2177 appellatur.

2022 2203 2102 2258 Tu
2128 2218 2258 2260 vero
2306 2218 2427 2258 cum
2463 2202 2598 2257 duos
2644 2202 2883 2257 christos
2935 2200 3191 2270 appellari
3237 2214 3346 2254 non
3397 2198 3593 2251 debere

2021 2295 2191 2355 dicas,
2224 2307 2399 2361 neque
2432 2307 2622 2346 rursus
2642 2291 2778 2345 lilios
2808 2291 2965 2346 fateri
3000 2292 3153 2355 duos,
3197 2296 3251 2344 et
3282 2288 3591 2357 opinionem

2021 2382 2154 2436 recti
2180 2381 2448 2449 dogmatis
2473 2380 2717 2443 simules,
2774 2382 2909 2435 duos
2938 2389 3115 2433 tamen
3144 2379 3379 2434 ehristos
3411 2377 3593 2431 dicere

2020 2470 2465 2533 convinceris,.et
2491 2469 2544 2522 in
2585 2469 2861 2538 propriam
2902 2466 3275 2524 diversitatem
3317 2464 3591 2519 hominem

2022 2560 2301 2629 Deumque
2343 2558 2698 2628 distinguere,
2731 2567 2784 2613 et
2823 2556 2971 2612 illum
2999 2557 3215 2626 quidem
3246 2557 3313 2610 ad
3357 2568 3593 2624 operan-

2020 2653 2147 2709 dum
2177 2653 2330 2715 cieri,
2350 2652 2494 2707 hunc
2529 2650 2694 2706 etiam
2721 2650 2787 2704 ad
2812 2664 2949 2719 opus
2974 2650 3139 2714 ciere,
3164 2647 3380 2704 conaris
3407 2657 3593 2701 osten-

2021 2745 2170 2800 dere.
2208 2742 2321 2797 Tua
2356 2757 2591 2812 namque
2618 2742 2704 2797 illa
2737 2742 2816 2797 sic
2840 2742 3040 2797 habent

2095 2920 2370 2993 [Νεετοιι.
2422 2918 2515 2974 illa
2565 2927 2714 2973 certe
2760 2917 3035 2989 Unigeniti
3089 2916 3410 2989 gloriﬁcatio
3460 2930 3594 2968 nou-

2023 3027 2296 3082 nunqttam
2352 3011 2496 3066 Patri
2555 3010 2889 3065 ascribitur:
2930 3028 2955 3062 tr
3006 3009 3122 3077 Est,
3182 3010 3381 3079 inquit,
3438 3007 3597 3061 Pater

2026 3117 2179 3158 meus
2225 3102 2315 3171 qui
2364 3101 2633 3171 gloriﬁcat
2677 3114 2765 3155 me
2785 3101 2875 3166 "‘;
2913 3120 2932 3153 ι
2988 3115 3371 3169 nonnunquam
3423 3098 3594 3168 Spiri-

2026 3194 2099 3250 tui
2138 3212 2152 3249 :
2193 3213 2211 3245 ‹
2239 3192 2495 3262 Spiritus,
2516 3192 2711 3262 inquit,
2735 3192 2983 3247 veritatis
2998 3206 3083 3246 me
3109 3190 3432 3261 glorillcahit
3467 3190 3512 3221 “
3534 3206 3549 3255 ;
3572 3209 3589 3241 ι

2020 3284 2314 3354 aliquando
2366 3294 2550 3338 autem
2612 3283 2813 3338 Christi
2872 3284 3171 3352 potentiae:
3229 3301 3257 3334 r-
3325 3282 3596 3337 Exeuntes

2019 3376 2191 3440 enim,
2236 3375 2430 3444 inquit,
2456 3373 2825 3443 prmdicahant
2846 3371 3068 3427 verbum
3114 3374 3349 3444 ubique...
3369 3372 3595 3427 Domine

2019 3477 2365 3537 cooperante,
2394 3476 2457 3521 et
2501 3480 2807 3522 sermonem
2845 3464 3209 3521 conﬂrmante
3246 3464 3595 3533 sequentibus

2020 3560 2190 3629 signis
2221 3559 2284 3613 ³’.
2302 3578 2318 3609 ι
2342 3557 2374 3629 1

2652 3693 2803 3749 CAP.
2852 3692 2960 3746 VII.

2104 3827 2159 3881 Si
2205 3837 2459 3896 tanquam
2493 3842 2686 3896 expers
2734 3828 2919 3896 gloria:
2958 3827 3291 3897 unigenitum
3333 3827 3424 3880 Dei
3458 3826 3593 3881 Ver-

2020 3920 2169 3982 bum,
2207 3935 2310 3989 qua
2358 3930 2445 3973 est
2486 3928 2541 3973 et
2606 3918 2918 3988 intelligitur
2962 3917 3217 3982 Verbum,
3269 3926 3323 3971 et
3358 3918 3593 3970 nondum

2020 4012 2381 4076 incarnatum,
2406 4010 2539 4065 dicit
2565 4023 2683 4063 esse
2718 4006 3072 4077 gloriﬁcatum
3104 4021 3133 4060 a
3166 4005 3345 4069 Patre,
3380 4014 3596 4059 sancto-

2018 4116 2125 4170 que
2165 4098 2409 4171 Spiritu;
2461 4100 2565 4155 labi
2619 4100 2767 4153 illum
2800 4108 2854 4154 et
2884 4115 2914 4154 a
2951 4100 3177 4154 veritate
3211 4099 3486 4161 aberrare,
3528 4097 3593 4149 ad

2018 4208 2259 4265 praesens
2292 4193 2446 4247 mitto
2490 4193 2692 4254 dicere,
2754 4193 2818 4245 ad
2849 4191 2992 4246 aliud
3042 4206 3274 4260 namque
3325 4204 3421 4245 nos
3461 4204 3597 4258 prato

2018 4299 2144 4339 sens
2170 4283 2324 4340 ducit
2338 4282 2572 4337 occasio.
2609 4280 2714 4337 Sed
2743 4282 2872 4336 mihi
2910 4280 3126 4336 videtur
3152 4282 3355 4337 oblitus
3406 4295 3596 4337 eorum

2018 4392 2139 4446 quae
2219 4389 2393 4444 nuper
2446 4374 2512 4427 ab
2559 4373 2691 4441 ipso-
2724 4371 3062 4428 considerata
3122 4373 3373 4443 dictaque
3423 4383 3593 4427 sunt:

331 4464 485 4533 Ἔφη
517 4462 647 4533 γὰρ,
672 4464 783 4533 Οὐχ
807 4464 995 4535 ἕτερος
1025 4467 1120 4519 καὶ
1150 4467 1337 4538 ἔτερος
1365 4468 1394 4520 ό
1419 4469 1672 4540 Χριστὸς,
1703 4472 1803 4525 οὐκ
1828 4471 1914 4525 ἁλι

2024 4468 2160 4525 dixit
2190 4468 2335 4522 enim
2376 4484 2389 4520 :
2428 4465 2562 4520 Non
2597 4473 2682 4519 est
2737 4464 2877 4519 alius
2916 4473 2968 4517 et
3016 4465 3156 4519 alius
3189 4465 3460 4532 Christus,
3488 4478 3595 4520 non

325 4554 423 4617 λος
452 4554 549 4607 καὶ
585 4553 745 4616 ἄλλος
784 4555 943 4618 Υἱός*
971 4556 1092 4610 οὐδὲ
1118 4558 1227 4629 γὰρ
1273 4558 1470 4628 ἔχομεν
1510 4564 1764 4630 χριστούς
1797 4563 1910 4629 δύο,

325 4642 431 4696 καὶ
463 4642 613 4705 υίούς
642 4641 754 4695 δύο.
773 4642 936 4709 ’Δλλ’,
967 4638 1012 4698 ὧ
1043 4646 1398 4715 συνετώτατε,
1438 4651 1605 4720 φαίην
1653 4651 1739 4717 ἂν,
1769 4655 1815 4706 εί
1844 4657 1910 4724 τῇ

324 4732 574 4804 Χριστοῦ
636 4733 927 4806 δυναστείᾳ
974 4736 1279 4807 περιῆφθαι
1329 4738 1633 4793 διαϐεϐαιοῖ
1673 4742 1773 4814 τὴν
1817 4743 1914 4796 τοῦ

324 4823 669 4893 Μονογενοῦς
700 4824 966 4891 εὐδοξίαν,
990 4828 1108 4891 πῶς
1137 4829 1234 4900 οὐχ
1254 4830 1441 4903 ἕτερος
1477 4831 1570 4885 καὶ
1597 4831 1782 4903 ἔτερος
1802 4829 1913 4888 εἶεν

325 4916 421 4983 ἂν,
461 4916 496 4987 ἦ
520 4915 636 4979 πῶς
659 4916 722 4970 οὐ
744 4917 838 4970 δύο
866 4917 1045 4990 πάντη
1076 4935 1139 4971 τε
1171 4920 1264 4974 καὶ
1285 4919 1501 4985 πάντως
1524 4961 1539 4987 ,
1573 4922 1732 4995 είπερ
1765 4924 1915 4979 ἐστὶν

322 5010 431 5079 οὐχ
450 5011 479 5063 6
502 5009 663 5073 αὐτὸς
687 5010 716 5062 6
742 5009 919 5073 διδοὺς
939 5011 1035 5064 καὶ
1059 5011 1369 5082 δεχόμενος,
1398 5014 1567 5083 man
1592 5017 1914 5087 περιάπτων

320 5102 405 5166 ὡς
433 5100 605 5172 ἑτέρῳ
630 5103 759 5172 παρ’
781 5102 973 5157 ἑαυτὸν
1009 5102 1080 5157 τὰ
1114 5104 1272 5173 φύσει
1306 5107 1574 5177 προσόντα
1602 5108 1771 5177 αὐτῷ.
1790 5110 1911 5163 Ἐν-

324 5195 543 5265 ήργηκε
581 5191 714 5261 γοῦν
762 5193 1176 5265 ὲνεργούμενος,
1204 5196 1279 5259 ὡς
1324 5197 1510 5269 ἕτερός
1535 5216 1617 5260 τις
1652 5200 1911 5270 ὑπάρχων

323 5282 567 5354 Χριστὸς
595 5282 747 5354 παρὰ
782 5283 875 5337 τὸν
921 5285 1204 5357 Μονογενῆ
1272 5286 1322 5339 εί
1350 5285 1458 5357 γὰρ
1489 5288 1787 5358 περιῆπται
1812 5288 1911 5360 μὲν

323 5373 502 5444 αὐτῷ,
533 5373 677 5427 καθὰ
719 5373 847 5445 φὴς,
889 5375 923 5445 ἡ
953 5374 1048 5428 τοῦ
1086 5376 1426 5445 Μονογενοῦς
1458 5376 1706 5444 εὐδοξία,
1753 5380 1820 5449 τῇ
1855 5377 1911 5433 δὲ

324 5466 463 5535 παρ’
495 5464 664 5518 αὐτοῦ
715 5464 1003 5537 δυναστεία
1038 5465 1336 5538 χρώμενοι,
1367 5467 1785 5539 διεκηρύττοντο
1816 5469 1909 5522 καὶ

321 5557 652 5629 εἰργάζοντο
706 5557 807 5622 τὰς
851 5558 1178 5629 θεοσημείας
1221 5562 1271 5613 οί
1315 5560 1594 5615 θεσπέσιοι
1642 5560 1905 5631 μαθηταὶ,

326 5736 368 5767 ⁸⁷
408 5734 568 5791 Joau.
599 5750 715 5803 ml,
755 5735 843 5792 56.
918 5737 961 5769 ⁸⁸
985 5735 1139 5794 Joan.
1176 5754 1281 5802 xw,
1318 5738 1398 5794 Η.
1481 5739 1523 5770 ³⁸
1556 5736 1721 5793 Marc.
1755 5751 1862 5803 xvr,
1895 5737 1982 5791 20.

2021 4560 2160 4615 alius
2207 4567 2261 4614 et
2313 4557 2450 4612 alius
2487 4556 2699 4611 Filius:
2749 4570 2923 4625 neque
2953 4556 3093 4611 enim
3150 4556 3410 4612 habemus
3464 4558 3599 4611 duos

2022 4651 2258 4705 christos
2300 4650 2541 4717 duosque
2572 4646 2731 4702 lilios.
2762 4645 2888 4713 Sed,
2919 4662 2953 4701 ο
3008 4647 3090 4700 vir
3150 4646 3595 4715 prudentissime,

2021 4741 2265 4810 inquam,
2306 4739 2349 4793 si
2376 4737 2577 4792 Christi
2632 4736 2885 4807 potentiae
2943 4738 3142 4792 ascribi
3190 4738 3426 4792 aﬂirmas
3460 4737 3596 4793 Uni-

2024 4832 2189 4903 geniti
2249 4832 2720 4901 gloriﬁcationem,
2768 4830 3040 4899 quomodo
3086 4845 3190 4884 non
3238 4830 3380 4884 alter
3429 4830 3502 4885 sit
3544 4838 3599 4885 et

2020 4924 2179 4991 alter,
2206 4933 2299 4977 aut
2336 4924 2606 4992 quomodo
2637 4939 2743 4977 non
2779 4936 3006 4993 prorsus
3032 4922 3157 4986 duo,
3187 4921 3457 4992 siquidem
3490 4937 3595 4977 non

2018 5017 2163 5072 idem
2223 5025 2307 5071 est
2340 5015 2429 5084 qui
2490 5014 2582 5068 dat
2611 5024 2665 5069 et
2693 5014 2793 5083 qui
2834 5014 3052 5083 accipit,
3108 5023 3201 5068 aut
3232 5015 3322 5083 qui
3372 5013 3600 5069 ascribit

2021 5106 2174 5163 alteri
2204 5117 2457 5177 tanquam
2486 5123 2515 5159 a
2545 5120 2604 5161 se
2658 5106 2890 5171 diverso,
2939 5122 3057 5177 quae
3084 5107 3185 5161 sibi
3215 5122 3312 5176 per
3347 5118 3592 5161 naturam

2022 5198 2540 5269 iusuut?0peratus
2601 5209 2685 5255 est
2724 5215 2853 5269 ergo
2901 5199 3168 5263 Christus,
3219 5199 3471 5267 idemque
3526 5197 3592 5251 ad

2019 5290 2353 5360 operandum
2382 5290 2593 5344 excitus
2624 5300 2881 5359 tauquam
2904 5290 3149 5346 diversus
3170 5290 3235 5345 ab
3265 5288 3553 5359 Unigenito
3578 5306 3592 5343 :

2022 5396 2144 5437 nam
2169 5382 2217 5437 si
2256 5381 2548 5437 ascribitur
2598 5382 2721 5451 ipsi,
2762 5392 2819 5437 ut
2849 5382 3075 5445 asseris,
3127 5380 3395 5451 Unigeniti
3431 5381 3594 5451 glori-

2022 5472 2223 5537 ﬁcatio,
2262 5482 2314 5527 et
2370 5472 2605 5542 potentia
2653 5473 2721 5527 ab
2748 5473 2865 5543 ipso
2892 5474 3016 5527 data
3069 5480 3281 5526 utentes
3319 5471 3461 5525 beati
3518 5471 3590 5525 illi

2020 5562 2265 5634 discipuli
2289 5564 2677 5634 przedicabant,
2710 5574 2763 5620 et
2788 5564 2967 5621 divina
2996 5564 3083 5621 illa
3119 5563 3272 5634 signa
3297 5560 3589 5627 faciebant,
