4166 6462
284 371 356 437 89
1422 369 1797 431 ADVERSUS
1839 369 2245 429 NESTORIUM
2285 363 2414 427 LIB.
2457 370 2519 426 ll.

3487 370 3558 425 90

283 495 384 569 τὴν
415 498 550 569 πρὸς
570 492 660 550 τὸν
684 487 918 568 Χριστὸν
947 496 1172 565 διηνεκῆ
1194 513 1206 524 ο
1242 497 1330 548 καὶ
1365 495 1462 546 οὐκ
1494 491 1608 547 ἔστι
1635 493 1726 546 τὸν
1749 493 1865 546 Gabi

1985 493 2134 559 bum,
2201 492 2326 561 quia
2360 487 2517 545 habet
2567 498 2882 558 perpetuam
2915 503 3036 541 cum
3064 483 3280 543 Chrisw
3323 487 3554 557 conjun-

284 588 462 656 Λόγον
489 586 616 641 ἄνευ
642 589 738 658 τῆς
768 586 864 640 ἀνθ
875 587 1184 656 ρωπότητος
1216 584 1417 656 πρᾶξαῖ
1441 592 1492 638 τι
1509 592 1521 614 ⁵
1546 581 1868 654 ἀπηκρίϐω-

284 696 376 731 ται
425 677 534 747 γὰρ
566 678 646 739 εἰς
685 673 863 745 ἄκραν
912 675 1226 742 συνάφειαν,
1271 676 1370 727 οὐκ
1418 675 1496 736 εἰς
1543 670 1870 738 ἀποθέωσιν,

284 767 432 820 κατὰ
482 768 610 830 τοὺς
669 767 875 835 σαφοῦς
924 764 1032 818 τῶν
1083 765 1462 836 δογματιστῶν
1519 763 1627 818 τῶν
1677 765 1872 818 νεωτέ-

287 858 449 930 ρωνι]

889 989 1142 1044 ΚΕΦΑΛ.
1185 991 1268 1045 Ηέ

370 1125 432 1178 ⁸0
464 1126 634 1196 φάναι
661 1128 938 1198 τολμήσας
969 1128 1069 1197 τὴν
1113 1126 1207 1181 τοῦ
1255 1125 1594 1196 Μονογενοῦς
1630 1127 1868 1192 εὐδοξίαν

285 1233 354 1286 τῃ
389 1215 626 1288 Χριστοῦ
661 1217 960 1288 περιῆφθαι
983 1219 1290 1290 δυναστείᾳ,
1325 1221 1416 1272 καὶ
1438 1219 1529 1271 τὸν
1558 1219 1657 1288 τῆς
1682 1221 1869 1290 ἑνότη-

282 1326 377 1371 ro;
412 1308 710 1380 σύνδεσμον
741 1310 1068 1375 διασπάσας,
1103 1309 1324 1379 συνάγει
1358 1311 1520 1366 πάλιν
1549 1313 1628 1374 εὶς
1656 1311 1868 1374 ἕνωσιν,

283 1400 494 1453 διαλύει
525 1418 585 1454 τε
626 1397 716 1464 αὖ,
762 1402 858 1453 καὶ
893 1400 1166 1472 ἐξίστησιν
1217 1402 1461 1472 ἀλλήλων
1503 1403 1602 1465 τὰς
1655 1403 1867 1471 φύσεις,

289 1493 530 1546 πλεῖστά
565 1510 623 1545 τε
660 1495 762 1546 ὅσα
797 1490 924 1563 περὶ
964 1491 1170 1546 τούτων
1198 1495 1332 1563 ἡμῖν
1362 1493 1636 1560 κενολογεῖ
1662 1491 1753 1545 καὶ
1786 1505 1867 1544 τε·

288 1584 598 1652 ρατεύεται,
620 1585 707 1639 ἵνα
737 1585 840 1639 κᾶν
864 1585 978 1638 εἴτι
1010 1587 1251 1655 φαίνοιτο
1281 1585 1454 1653 λέγων
1479 1586 1586 1638 τῶν
1615 1588 1692 1648 εὶς
1718 1586 1870 1655 ὀρθό-

283 1694 425 1746 τητα
458 1677 811 1740 νενευκότων,
840 1673 1194 1748 ἐξελέγχηται
1232 1677 1418 1747 σαφῶς
1448 1680 1520 1750 μὴ
1550 1678 1706 1741 εἰδὼς
1730 1679 1758 1732 ὃ
1784 1679 1872 1730 λέ-

283 1785 390 1836 γει.
424 1762 578 1822 Εἶναι
622 1768 722 1840 μὲν
755 1765 863 1838 γὰρ
887 1765 1074 1822 ἐνθάδε
1110 1769 1243 1839 φησὶ
1272 1769 1360 1822 τὸν
1385 1769 1480 1821 τοῦ
1508 1769 1643 1824 Θεοῦ
1671 1770 1866 1839 Λόγον,

1977 585 2212 638 ctionem
2253 595 2474 655 :neque
2529 580 2793 650 contingit
2843 587 2900 633 ut
2944 579 3084 633 Deus
3148 575 3385 634 Verbum
3433 580 3554 634 sine

1980 661 2344 729 humanitate
2371 666 2536 725 faciat
2589 668 2791 738 aliquid
2823 686 2836 723 ι
2865 669 3157 736 perductus
3196 674 3280 721 est
3310 671 3450 720 enim
3483 667 3557 720 ad

1978 772 2244 819 summam
2303 761 2762 830 coniunctionem,
2799 773 2903 813 non
2935 759 3000 811 ad
3041 751 3563 819 deiiieationem,'ut'

1976 855 2250 924 sapientes
2287 868 2318 909 e
2347 851 2744 909 recentioribus
2792 849 3140 920 dogmatistis
3173 844 3481 918 asscrunt.]

2601 979 2754 1040 CAP.
2793 983 2929 1038 VIII.

2048 1119 2150 1191 Qui
2206 1119 2388 1177 dieere
2441 1131 2605 1175 ausus
2650 1127 2732 1174 est
2773 1118 3048 1188 Unigeniti
3103 1117 3547 1187 gloriﬁcatlonem

1976 1211 2180 1271 Lhristl
2213 1213 2466 1283 potentiae
2508 1211 2698 1274 tribui,
2757 1217 2811 1264 et
2861 1209 2951 1278 qui
3000 1209 3274 1263 vinculum
3327 1210 3550 1263 unitatis

1975 1305 2246 1370 distraxit,
2266 1315 2454 1358 rursus
2481 1303 2547 1356 ad
2571 1302 2821 1355 unionem
2840 1299 2957 1368 conj
2972 1301 3141 1369 ungit,
3185 1300 3550 1369 disjungitquo

1979 1410 2192 1461 rursus,
2225 1406 2278 1450 et
2311 1404 2532 1449 naturas
2563 1394 2793 1448 invicem
2818 1403 3060 1462 separat,
3092 1403 3148 1446 et
3181 1393 3266 1446 his
3298 1392 3364 1446 de
3386 1393 3550 1447 rebus

1979 1481 2372 1558 quamplurima
2420 1483 2575 1540 nobis
2595 1499 2732 1539 vano
2755 1493 3177 1553 portentoseque
3207 1472 3464 1551 loquitur,
3492 1491 3550 1535 ut

1975 1580 2137 1633 etiam
2164 1577 2207 1632 si
2239 1577 2368 1646 quid
2405 1575 2538 1630 recti
2576 1577 2756 1629 dicere
2807 1573 3075 1638 videatur,
3136 1579 3310 1627 tamen
3363 1583 3548 1642 aperte

1976 1678 2301 1739 coarguatur
2327 1669 2578 1737 ignorare
2603 1667 2730 1736 quid
2754 1665 2916 1721 dicat.
2936 1665 3068 1720 Nam
3099 1665 3198 1719 hoc
3229 1666 3346 1719 loco
3374 1666 3546 1732 ipsum

1979 1755 2070 1812 Dei
2104 1756 2338 1813 Verbum
2370 1767 2423 1810 et
2473 1751 2667 1808 Filium
2696 1764 2750 1810 et
2791 1757 2956 1808 Deum
2988 1769 3108 1808 esse
3154 1749 3350 1808 asserit
3383 1753 3545 1807 etiam

285 1859 384 1911 καὶ
419 1857 547 1913 Υἱὸν
571 1862 665 1914 καὶ
690 1856 841 1928 Θεὸν,
871 1859 965 1914 καὶ
997 1863 1103 1933 πρὸ
1131 1863 1229 1931 τῆς
1249 1860 1716 1935 ἐνανθρωπήσεως
1736 1883 1748 1895 ·
1775 1867 1865 1918 καὶ

1974 1858 2266 1917 antequam
2304 1847 2466 1901 homo
2496 1847 2647 1900 ﬁeret
2673 1862 2686 1911 ;
2713 1852 2971 1913 praeterea
2993 1844 3385 1911 posterioribus
3412 1853 3548 1896 tem-

287 1949 400 2018 μὴν
431 1949 514 2002 ὅτι
548 1953 640 2005 καὶ
687 1953 744 2004 ἐν
795 1949 1044 2022 ὑστέροις
1081 1957 1293 2023 καιροῖς
1343 1956 1570 2008 ἀνέλαϐε
1621 1957 1722 2025 τὴν
1775 1956 1868 2008 τοῦ

282 2040 476 2093 δούλου
507 2044 742 2112 μορφήν.
773 2039 952 2114 Φράζε
988 2044 1051 2115 δὴ
1085 2041 1196 2108 οὖν,
1229 2049 1277 2098 εἰ
1311 2049 1382 2116 μή
1422 2066 1503 2100 σοι
1529 2046 1670 2101 δοκῶ
1700 2049 1765 2102 τὰ
1797 2049 1872 2103 εἰ·

285 2132 425 2185 κότα
449 2133 646 2202 λέγειν,
673 2134 754 2198 τίς
781 2135 846 2205 δὴ
886 2136 994 2208 ἄρα
1025 2139 1172 2190 ἐστὶν
1203 2140 1232 2191 ὁ
1263 2139 1679 2209 ὲνανθρωπῆσαι
1709 2140 1867 2209 λεγόσ

288 2241 492 2292 μενος;
522 2226 610 2278 καὶ
638 2225 689 2278 τί
717 2225 798 2293 τὸ,
829 2222 1267 2298 ἐνανθρωπῆσαι,
1301 2230 1441 2300 φής;
1479 2231 1562 2292 τίς
1590 2231 1617 2283 ό
1647 2229 1744 2301 τὴν
1774 2232 1868 2284 τοῦ

282 2315 477 2369 δούλου
521 2313 734 2388 μορφὴν
777 2319 1096 2385 ἀναλαϐών;
1142 2322 1415 2392 ἀνελήφθη
1450 2323 1504 2375 δὲ
1537 2324 1670 2394 παρ’
1702 2326 1870 2376 αὑτοῦ

283 2405 406 2458 τίνα
436 2408 665 2475 τρόπον;
699 2409 820 2463 ’Ὁτι
854 2411 951 2481 μὲν
996 2407 1089 2464 οὖν
1122 2413 1408 2481 ἄνθρωπον
1450 2414 1867 2485 ὲνανθρωπῆσαι

282 2494 480 2562 λέγων,
513 2497 747 2566 γέλωτος
793 2495 948 2565 ἀξίαν
1000 2505 1270 2573 ἀποφανεῖ
1311 2503 1410 2574 τὴν
1443 2506 1636 2558 ἑαυτοῦ
1675 2508 1866 2578 φρένα,

282 2589 404 2650 πῶς
435 2586 501 2642 ἃν
531 2592 824 2646 ὲνδοιὰσειέ
849 2613 932 2658 τις
957 2614 970 2660 ;
999 2599 1026 2648 ὁ
1058 2598 1164 2667 γὰρ
1197 2596 1270 2651 ὢν
1297 2597 1579 2669 ἄνθρωπος
1606 2599 1746 2653 κατὰ
1771 2601 1869 2668 φύ-

284 2697 390 2740 σιν,
425 2681 542 2745 πῶς
577 2683 643 2736 ἂν
684 2685 710 2735 ὅ
753 2681 820 2754 ἦν
871 2688 1082 2754 γένοιτο
1123 2689 1304 2755 πάλιν,
1339 2692 1430 2742 καὶ
1461 2692 1534 2754 ὡς
1570 2693 1650 2759 ἐφ’
1677 2691 1868 2762 ἕτερόν

278 2787 333 2822 τι
361 2775 837 2843 μετακεχωρηκὼς
865 2776 946 2848 εἴη
975 2779 1060 2842 ἂν,
1090 2781 1230 2834 κατὰ
1260 2783 1322 2848 γέ
1352 2799 1493 2852 φημι
1525 2783 1615 2835 τὸν
1645 2785 1742 2852 τῆς
1770 2785 1869 2854 φύ-

281 2877 424 2923 σεως
450 2857 642 2929 λόγον;
679 2865 750 2917 Τὸ
795 2867 850 2918 δὲ
889 2870 1028 2922 κατὰ
1064 2871 1225 2938 φύσιν
1259 2871 1394 2926 ἰδίαν
1427 2875 1524 2927 οὐκ
1561 2875 1863 2945 ἐλεύθερον,

277 2949 404 3004 τινα
437 2954 637 3024 τρόπον
662 2957 728 3010 ἂν
757 2957 967 3026 λέγοιτο
1009 2963 1341 3032 γεγενῆσθαι
1374 2966 1577 3030 δοῦλον,
1607 2969 1682 3031 ὡς
1712 2969 1868 3022 τοῦτο

279 3043 384 3096 οὐκ
419 3044 478 3097 ὃν
510 3047 568 3098 ἐν
602 3049 827 3118 ἀρχαῖςς
862 3051 1074 3104 Οὐκοῦν
1117 3054 1216 3107 οὐκ
1263 3055 1536 3127 ἀνθρώπῳ
1569 3060 1766 3129 πρέποι
1801 3061 1866 3113 ἂν

277 3133 365 3195 τὸ,
389 3134 828 3208 ὲνανθρωπῆσαι,
863 3141 1056 3193 πολλοῦ
1085 3160 1146 3210 γε
1171 3144 1279 3196 osi“
1308 3145 1400 3198 καὶ
1428 3148 1525 3215 τὴν
1553 3149 1645 3201 τοῦ
1677 3149 1863 3202 δούλου
1893 3166 1935 3221 C

282 3224 502 3295 μορφὴν
528 3226 728 3294 λαϐεῖν,
752 3229 870 3300 οὐχὶ
899 3231 974 3300 τῷ
1004 3235 1096 3286 καὶ
1120 3236 1177 3285 ἐν
1200 3235 1395 3305 ἀρχαῖς
1425 3239 1485 3289 τὸ
1505 3239 1601 3308 τῆς
1625 3240 1865 3305 δουλείας

277 3313 462 3384 ἔχοντι
493 3317 712 3388 μέτρον,
737 3320 852 3372 ἀλλ’
878 3323 1070 3393 ἐκείνῳ
1101 3326 1318 3394 μᾶλλον,
1343 3328 1400 3390 ὃς
1434 3330 1530 3380 οὐκ
1557 3330 1628 3381 ὢν
1652 3330 1746 3382 ἄνθ
1757 3349 1862 3399 ρω-

280 3423 384 3469 πος
414 3405 555 3461 κατὰ
584 3410 762 3478 φύσιν,
791 3411 950 3466 τοῦτο
979 3416 1232 3482 γενέσθαι
1264 3419 1597 3471 πιστεύεται·
1632 3421 1725 3472 καὶ
1758 3423 1864 3474 τῶν

278 3495 420 3551 ὅλων
450 3501 709 3571 ὑπάρχων
733 3506 1029 3576 Δεσπότης,
1055 3508 1128 3571 ὡς
1162 3508 1312 3572 Θεὸς,
1331 3509 1572 3578 καθῆκεν
1593 3512 1782 3564 ἑαυτὸν
1807 3515 1865 3565 ἐν

278 3594 396 3649 τοῖς
425 3591 546 3643 καθ’
569 3595 734 3662 ἡμᾶς,
768 3596 974 3659 ὲνὼσοις
1003 3597 1179 3666 ἐαυτῷ
1213 3600 1332 3651 καθ’
1358 3601 1658 3654 ὑπόστασιν
1685 3603 1744 3655 τὸ
1774 3605 1864 3656 ἀν-

281 3680 576 3750 θρώπινον,
612 3683 705 3736 καὶ
754 3686 850 3755 τὴν
905 3687 998 3739 τοῦ
1048 3689 1234 3740 δούλου
1294 3691 1506 3761 μορφὴν
1556 3693 1860 3747 ἀναλαϐών.

281 3771 443 3824 Οὕτω
472 3775 580 3843 γὰρ
611 3775 760 3828 ἔσται
793 3779 885 3829 καὶ
920 3779 1115 3848 ἀληθὲς
1145 3781 1281 3850 ὅπερ
1315 3781 1468 3851 ἔφης,
1499 3783 1580 3835 ὅτι
1605 3783 1742 3852 μετᾶ
1767 3786 1864 3853 τὴν

279 3857 551 3930 ἀνάληψιν
580 3863 639 3913 οὐ
670 3863 890 3917 δύναται
918 3867 1196 3920 καλεῖσθαι
1244 3871 1668 3940 κεχωρισμένως
1713 3869 1861 3936 Υἱὸς,

281 3949 370 3998 ἵνα
417 3949 492 4018 μὴ
521 3951 612 4002 δύο
641 3953 789 4014 υἱοὺς
821 3953 1260 4026 δογματίσωμεν.
1294 3955 1402 4011 Καὶ
1431 3961 1463 4029 ή
1499 3959 1600 4029 μὲν
1637 3961 1743 4012 τῶν
1777 3961 1862 4014 δο-

279 4041 510 4108 γμάτων
551 4041 684 4112 ὀρθή
719 4062 774 4096 τε
832 4048 923 4097 καὶ
952 4047 1329 4117 ἀδιάστροφος,
1379 4051 1471 4103 καὶ
1500 4051 1580 4114 εἰς
1611 4053 1737 4105 subi,
1783 4053 1863 4105 δι-

281 4133 522 4213 ᾴττουσαι
559 4137 764 4206 τρίϐος,
797 4137 888 4208 ἥδε
917 4138 974 4190 τέ
1003 4139 1119 4190 ἐστι
1151 4141 1242 4192 καὶ
1271 4141 1368 4210 οὐχ
1399 4141 1581 4212 ἑτέρα.
1613 4141 1784 4205 Αὐτὸς
1809 4139 1864 4196 δὲ

279 4221 343 4289 δὴ
380 4223 563 4288 πάλιν,
599 4227 626 4274 ὁ
653 4225 752 4290 τὴν
778 4227 1190 4298 ένανθρώπησιν
1222 4231 1354 4299 ἡμῖν
1387 4231 1661 4300 ὀνομάσας
1683 4233 1776 4285 τοῦ
1802 4234 1864 4286 ἐκ

282 4310 499 4379 Πατρός
527 4312 680 4375 ὗντος
714 4315 908 4382 Λόγου,
953 4319 1238 4388 μονονουχὶ
1268 4319 1362 4370 καὶ
1396 4321 1474 4381 εἰς
1504 4321 1673 4390 λήθην
1703 4321 1865 4385 εὐθὺς

277 4392 354 4451 ὧν
390 4399 493 4470 ἔφη
535 4403 908 4474 παρενεχθεὶς,
947 4407 1179 4477 διῖστησι
1210 4410 1370 4463 πάλιν
1403 4412 1480 4474 εἰς
1509 4411 1602 4462 δύο
1627 4411 1720 4463 τὸν
1745 4411 1860 4477 ἕνα,

1973 1940 2192 2010 poribus
2233 1938 2462 1992 formam
2513 1937 2653 1991 servi
2718 1935 3016 2002 accepisse.
3082 1933 3302 2003 Explica
3358 1933 3544 2001 igitur.

1973 2033 2073 2086 nisi
2111 2029 2204 2085 tibi
2255 2029 2640 2098 consequentia
2705 2028 2891 2082 videor
2927 2028 3127 2090 dicere,
3171 2025 3416 2094 quisnam
3458 2025 3548 2078 ille

1972 2133 2054 2177 est
2078 2123 2168 2191 qui
2221 2123 2382 2176 homo
2417 2121 2590 2175 factus
2638 2133 2758 2173 esse
2801 2119 2998 2172 dicitur
3026 2119 3049 2170 ?
3079 2118 3208 2186 quid
3247 2117 3408 2171 etiam
3445 2117 3548 2169 hoc

1974 2216 2144 2282 ipsum
2179 2214 2450 2266 hominem
2511 2211 2629 2265 ﬁeri
2659 2211 2794 2265 dicis
2825 2210 2848 2262 ?
2877 2210 3124 2278 quisnam
3162 2207 3250 2262 ille
3293 2209 3382 2275 qui
3431 2207 3547 2260 for-

1973 2321 2112 2359 mam
2139 2305 2280 2358 servi
2314 2304 2599 2371 suscepit?
2636 2313 2688 2356 et
2719 2315 2953 2370 quonam
2993 2302 3150 2354 modo
3186 2299 3252 2353 ab
3276 2314 3340 2354 eo
3363 2311 3549 2352 susse-

1971 2405 2060 2463 pta
2087 2401 2168 2447 est
2197 2394 2314 2446 ?Ac
2347 2393 2390 2446 si
2431 2392 2702 2445 hominem
2753 2391 2966 2443 dixerit'
3009 2402 3128 2444 esse
3171 2390 3546 2450 humanatum,

1973 2486 2256 2554 quisquam
2291 2497 2356 2537 ne
2393 2482 2600 2536 dubitet
2645 2482 2775 2551 quin
2837 2482 3166 2535 sententiam
3215 2494 3376 2534 suam
3425 2480 3545 2533 risu

1971 2577 2186 2644 dignam
2217 2575 2285 2628 sit
2317 2573 2637 2643 proditurus
2669 2574 2692 2625 ’ἰ
2719 2587 2842 2625 nam
2889 2572 2978 2639 qui
3027 2572 3186 2625 homo
3225 2571 3297 2625 sit
3349 2584 3547 2625 secun-

1971 2669 2096 2722 dum
2130 2677 2402 2728 naturam,
2447 2665 2716 2734 quomodo
2771 2665 2914 2734 quod
2955 2677 3073 2718 erat
3119 2677 3309 2717 rursus
3355 2662 3466 2729 (iet,
3494 2672 3551 2715 et

1973 2769 2230 2827 tanquam
2255 2758 2307 2810 itt
2339 2758 2482 2810 aliud
2515 2756 2792 2826 quidpiam
2843 2756 3120 2820 transibit,
3156 2755 3298 2823 quod
3331 2754 3398 2808 sd
3455 2769 3547 2807 nn-

1972 2865 2125 2920 turae,
2157 2853 2399 2922 inquam,
2427 2855 2620 2905 attinet
2653 2853 2912 2906 rationem
2944 2853 3092 2918 ?Qui
3124 2853 3286 2906 etiam
3319 2865 3382 2905 ex
3429 2852 3544 2920 ipsa

1969 2959 2066 2997 sua
2119 2954 2311 2996 natura
2365 2957 2467 2996 non
2510 2951 2592 2995 cst
2626 2942 2777 3005 llher,
2831 2941 3100 3009 quomodo
3139 2957 3331 2996 servus
3373 2942 3546 2994 factus

1970 3049 2089 3090 esse
2119 3035 2348 3096 dicetur,
2401 3043 2652 3102 tanquam
2695 3032 2958 3101 ejusmodi
3017 3041 3142 3086 ante
3189 3047 3292 3086 non
3328 3032 3545 3086 fuerit?

1970 3128 2111 3196 Ergo
2143 3126 2348 3180 homini
2383 3140 2485 3177 non
2512 3126 2796 3177 conveniet
2832 3124 3102 3177 hominem
3145 3125 3283 3186 ﬁeri,
3323 3137 3546 3192 prorsus

1971 3217 2115 3270 nullo
2165 3217 2342 3280 modo,
2380 3224 2435 3267 et
2466 3215 2608 3269 servi
2645 3215 2872 3269 formam
2919 3215 3186 3284 accipere,
3243 3225 3348 3269 non
3380 3216 3426 3270 ei
3452 3217 3542 3283 qui

1968 3314 2132 3366 etiam
2177 3328 2205 3364 a
2259 3308 2525 3378 principio
2579 3319 2890 3364 mensuram
2958 3317 3119 3375 atque
3177 3306 3548 3361 conditionem

1966 3403 2240 3458 servitutis
2268 3401 2496 3466 habeat;
2556 3401 2649 3456 sed
2677 3401 2753 3454 illi
2787 3400 3067 3464 nimirum,
3097 3398 3186 3468 qui
3221 3413 3342 3452 cum
3378 3397 3542 3450 homo

1969 3511 2072 3549 non
2127 3499 2272 3548 esset
2312 3495 2608 3548 secundum
2641 3501 2915 3555 naturam,
2947 3489 2997 3543 id
3033 3491 3207 3544 factus
3253 3499 3375 3542 esse
3419 3500 3540 3542 cre-

1967 3587 2112 3640 ditur
2144 3597 2234 3649 ;et
2263 3602 2385 3639 cum
2414 3585 2793 3637 universorum
2847 3589 2993 3635 esset
3032 3579 3314 3642 Dominus,
3359 3587 3545 3646 utpote

1969 3679 2131 3741 Deus,
2191 3680 2432 3746 seipsum
2495 3675 2562 3730 ad
2616 3683 2806 3728 nostra
2871 3671 3088 3740 dejet‘il,
3186 3672 3382 3725 unicus
3443 3672 3546 3724 sibi

1967 3772 2258 3822 secundum
2315 3768 2653 3836 hypostasim
2745 3765 2916 3832 ipsam
2987 3764 3411 3828 humanitatem,
3489 3771 3543 3815 et

1967 3861 2108 3912 servi
2176 3859 2401 3914 formam
2457 3870 2759 3911 assumens.
2810 3855 2902 3908 Sic
2940 3869 3173 3922 namque
3196 3867 3380 3908 verum
3437 3853 3544 3906 erit

1968 3952 2108 4019 quod
2134 3950 2340 4013 dixisti,
2375 3958 2495 4018 post
2530 3946 2962 4013 assumptionem
3002 3960 3107 3999 non
3143 3960 3301 4012 posse
3346 3944 3542 3998 Filium

1969 4041 2152 4094 vocari
2234 4041 2488 4103 seorsim,
2564 4054 2630 4091 ne
2691 4039 2828 4091 duos
2906 4036 3043 4091 ﬁlios
3092 4037 3540 4104 dogtnatizomus.

1966 4133 2044 4186 Ae
2076 4131 2537 4201 rectaqnidemet
2567 4127 2788 4181 minime
2822 4141 3098 4195 perversa,
3120 4133 3174 4180 et
3197 4127 3247 4179 in
3270 4126 3537 4181 directum

1969 4223 2193 4276 tendens
2252 4222 2561 4288 dogmatnm
2603 4219 2796 4272 semita
2837 4225 3034 4286 praeter
3086 4217 3224 4271 hanc
3279 4217 3419 4270 nulla
3461 4228 3545 4272 est

1967 4313 2105 4365 alia:
2140 4313 2260 4379 ipse
2310 4320 2488 4362 autem
2531 4309 2620 4377 qui
2669 4307 3109 4360 humanutioneut
3154 4303 3314 4361 Verbi
3344 4319 3408 4360 ex
3433 4307 3546 4360 Deo

1967 4401 2278 4458 exsistentis
2355 4400 2516 4464 dixit,
2595 4398 2987 4466 propemodum
3079 4397 3132 4449 in
3215 4395 3543 4449 oblivionem

279 4491 377 4541 καὶ
404 4494 524 4553 ταῖς
543 4493 649 4545 τῶν
665 4496 942 4564 ὀνομάτων
969 4496 1300 4571 [νοημάτων]
1327 4501 1625 4572 ὲξιτηλέαις
1651 4503 1858 4574 ἀσυφή-

1969 4494 2111 4549 illico
2153 4505 2340 4547 eorum
2383 4505 2501 4559 quae
2577 4490 2736 4554 dixit,
2802 4491 3078 4556 abreptus,
3141 4499 3329 4542 rursus
3376 4503 3542 4541 unum

279 4580 386 4644 λως
414 4587 803 4655 ἐπινηχὸμενος
823 4606 834 4618 ·
870 4589 960 4641 καὶ
1001 4592 1204 4657 φωναῖς
1241 4593 1623 4657 ἀϐασανίστοις
1655 4597 1741 4649 ἀεὶ
1773 4613 1864 4647 κε-

276 4675 574 4743 χρημένος.
621 4677 766 4748 Ἔφη
800 4681 928 4749 γάρ’
959 4682 1137 4752 [Ἀλλ’
1163 4685 1462 4756 ἐπειδήπερ
1508 4686 1706 4756 ἐκείνῳ
1741 4705 1864 4740 συν-

278 4767 453 4836 ἧπται
485 4766 560 4838 τῷ
612 4770 668 4820 ἐν
727 4770 868 4842 ἀρχῇ
902 4773 1016 4826 ὄντι
1047 4774 1184 4845 Υξῷ,
1226 4776 1305 4846 τῷ
1357 4778 1492 4848 πρὸς
1534 4778 1696 4832 αὐτὸν
1738 4796 1863 4830 συν-

279 4857 534 4924 αφθέντι,
565 4861 625 4911 οὐ
679 4861 903 4917 δύναται
938 4865 1077 4919 κατὰ
1117 4866 1177 4919 τὸ
1225 4866 1442 4939 ἀξίωμα
1473 4870 1571 4938 τῆς
1618 4870 1864 4938 υἱότητος

276 4949 549 5020 διαίρεσιν
580 4951 836 5019 δέξασθαι
863 4972 876 4985 '
913 4957 1051 5010 κατὰ
1078 4957 1139 5010 τὸ
1171 4958 1386 5030 ἀξίωμά
1429 4977 1592 5031 φησιν
1622 4961 1723 5030 τῆς
1749 4962 1860 5014 υἱό-

275 5061 462 5116 τητος,
494 5047 556 5098 οὑ
592 5047 732 5100 κατὰ
773 5047 873 5111 τὰς
903 5050 1113 5119 φύσεις.
1142 5046 1162 5123 ]
1197 5051 1403 5124 Ὀρθῶς
1445 5069 1529 5121 γε,
1564 5047 1608 5105 ὦ
1632 5055 1728 5106 τάν
1755 5071 1766 5084 ·
1803 5055 1862 5107 τὸ

276 5135 592 5203 ἀνασφαλὲς
639 5133 778 5191 εἶναι
824 5139 1020 5208 δοκεῖν,
1045 5181 1058 5194 .
1091 5182 1106 5196 .
1133 5183 1148 5196 .
1181 5143 1399 5214 ἀχρεῖον
1443 5149 1706 5215 παραιτῇ.
1749 5142 1862 5199 Ἀεὶ

273 5229 700 5300 διεγηγερμένῳ
735 5233 1037 5316 κεχρῆσθαι
1063 5233 1142 5304 τῷ
1170 5234 1333 5304 λόγῳ,
1369 5235 1454 5288 διὰ
1499 5237 1734 5305 σπουδῆς
1769 5238 1860 5290 τέ-

275 5317 456 5370 θειται
493 5336 596 5389 opt.
630 5320 762 5372 Ἰδοὺ
789 5321 918 5391 γὰρ,
952 5322 1060 5376 ἰδοὺ
1092 5324 1317 5396 διαιρῶν
1348 5326 1447 5388 τὰς
1491 5325 1702 5393 φύσεις,
1734 5327 1860 5379 συλ-

268 5412 456 5479 λέγεις
505 5413 588 5474 sic;
645 5412 840 5467 ἕνωσιν
888 5415 1029 5467 κατὰ
1069 5415 1131 5468 τὸ
1165 5415 1385 5486 ἀξίωμα
1446 5419 1544 5488 τῆς
1587 5418 1854 5488 υἰότητος.

267 5501 402 5576 'Ap'
428 5501 525 5558 οὖν
560 5505 776 5575 ἀπόχρη
809 5507 945 5576 πρὸς
973 5509 1166 5562 ἕνωσιν
1194 5509 1365 5578 ἀληθῆ
1393 5513 1504 5573 τοῖς
1527 5510 1667 5564 κατὰ
1695 5511 1856 5579 φύσιν

268 5593 518 5664 ἀλλήλων
558 5592 936 5662 διεστηκόσιν,
994 5597 1027 5666 ὴ
1070 5597 1176 5652 τῶν
1230 5599 1510 5668 ὀνομάτων
1567 5601 1852 5671 ταυτότης,

269 5686 439 5754 ἤγουν
468 5685 783 5755 ὁμωνυμία,
806 5687 901 5740 καὶ
925 5688 984 5740 τὸ
1009 5693 1128 5742 κατ’
1155 5690 1321 5762 αὐτὴν
1347 5691 1600 5764 ἀξίωμα;
1640 5692 1721 5746 σοὶ
1747 5695 1853 5765 γὰρ

276 5777 366 5830 καὶ
396 5777 543 5831 οὕτω
571 5777 735 5845 φάναι
769 5776 935 5833 δοκεῖ.
969 5781 1197 5850 Οὐκοῦν,
1225 5782 1519 5850 ἐπειδήπερ
1544 5784 1604 5839 τό
1638 5802 1695 5840 τε
1725 5786 1854 5850 Χρι-

1643 6025 1680 6058 ην

1974 4585 2025 4639 in
2117 4585 2222 4636 duo
2299 4581 2511 4645 dividit,
2609 4581 2854 4634 inauitati
2943 4580 3218 4632 nominum
3310 4579 3544 4634 absurde

1967 4677 2242 4739 innatans,
2299 4685 2353 4728 et
2399 4675 2620 4728 vocibus
2670 4685 2858 4741 parum
2933 4673 3259 4726 examinatis
3329 4683 3542 4740 semper

1965 4768 2077 4840 49
2103 4781 2261 4823 utens
2296 4791 2305 4824 :
2343 4769 2578 4820 aitenim
2610 4785 2621 4820 :
2663 4765 2794 4837 [Sed
2826 4767 2954 4834 quia
3003 4767 3077 4818 illi
3114 4765 3430 4831 coniunctus
3455 4773 3540 4818 est

1964 4859 2102 4913 Filio
2133 4859 2222 4927 qui
2256 4867 2375 4912 erat
2403 4859 2455 4910 in
2489 4857 2772 4924 principio,
2806 4856 2905 4910 sibi
2965 4855 3216 4924 copulato
3239 4894 3253 4917 ,
3291 4869 3395 4909 non
3440 4869 3539 4922 po-

1968 4959 2093 5014 test,
2131 4952 2277 5019 quod
2309 4951 2374 5003 ad
2416 4949 2733 5019 dignitatem
2775 4947 3050 5002 filialionis
3082 4949 3315 5011 attinet,
3363 4947 3539 5002 susci-

1963 5057 2090 5111 pere
2144 5042 2513 5097 divisionem:
2566 5041 2710 5109 quod
2750 5041 2818 5094 ad
2869 5039 3189 5109 dignitatem
3226 5039 3532 5106 ﬁliationis,

1962 5134 2204 5203 inquam,
2244 5149 2346 5190 non
2377 5135 2518 5202 quod
2550 5134 2616 5188 ad
2651 5131 2920 5203 naturas]
2955 5131 3144 5198 Recte,
3186 5133 3272 5186 vir
3305 5133 3534 5201 optimc.

1960 5227 2101 5290 quod
2139 5226 2356 5280 minime
2385 5234 2558 5280 tutum
2592 5240 2716 5280 esse
2773 5225 3086 5280 videtur....
3145 5233 3403 5292 tanquam
3449 5224 3534 5278 in-

1961 5315 2092 5370 utile
2147 5315 2372 5383 refugis.
2429 5315 2656 5384 Semper
2705 5315 2802 5370 tibi
2863 5314 3106 5385 vigilanti
3165 5328 3417 5368 sermone
3456 5313 3533 5366 uti

1960 5403 2196 5457 studium
2259 5404 2378 5457 fuit.
2433 5404 2571 5458 Ecce
2609 5404 2723 5473 jam
2769 5413 2919 5458 certe
2969 5403 3258 5459 dividendo
3309 5413 3533 5457 naturas

1957 5493 2166 5562 colligis
2185 5495 2250 5547 ad
2281 5495 2540 5548 unitatem
2559 5495 2852 5549 secundum
2870 5495 3146 5548 ﬁliationis
3173 5493 3491 5564 dignitatem
3515 5513 3530 5548 :

1958 5601 2085 5640 num
2116 5586 2282 5655 igitur
2306 5589 2370 5640 ad
2389 5589 2641 5642 unionem
2657 5601 2841 5641 veram
2873 5601 3052 5642 rerum
3079 5589 3222 5640 inter
3249 5601 3307 5640 se
3331 5596 3530 5641 natura

1955 5677 2266 5732 distantium
2292 5679 2490 5734 suilicit
2529 5679 2966 5749 cognominatio,
3016 5693 3109 5732 seu
3156 5678 3529 5750 homonymia,

1955 5777 2009 5826 et
2041 5769 2276 5843 dignitas
2325 5786 2445 5842 quae
2491 5770 2611 5826 inde
2641 5769 2901 5826 exsistit?
2951 5769 3028 5825 sic
3059 5783 3291 5841 namque
3343 5771 3527 5826 dicere
