4166 6494
646 348 708 400 ιι
1222 358 1232 370 ο
1673 341 1732 397 ε.
1768 339 2042 396 cvntLLt
2084 325 2551 396 ALEXANDRINI
2590 336 2913 395 metut-:9.
3844 343 3917 399 aa

648 458 742 512 tibi
774 458 965 527 placet.
995 454 1136 528 Ergo
1163 457 1416 527 quoniam
1439 455 1642 513 Christi
1674 471 1895 520 nomen,
1929 467 1984 513 et
2011 473 2210 512 nomen

2324 454 2446 518 στδς
2469 453 2662 525 ὄνομα,
2693 453 2788 509 καὶ
2826 453 2933 526 μὴν
2968 453 3058 519 τδ,
3089 451 3220 518 Tib;
3252 454 3345 509 καὶ
3375 453 3605 528 Κύριος.
3640 457 3798 512 κοινὰ
3822 459 3914 511 τέο

646 557 934 618 propterea
969 545 1088 600 Filii
1121 557 1176 602 et
1232 547 1441 600 Domini
1490 546 1654 600 etiam
1691 546 1814 601 aliis
1860 550 2213 602 communiter

2325 545 2528 599 θεινται
2568 546 2659 598 καὶ
2684 542 2912 616 ἑτέροις,
2942 543 3184 598 πλεῖστοι
3213 545 3324 618 γὰρ
3351 547 3466 600 ὅσοι
3499 547 3770 617 γεγόνασι
3794 562 3915 619 χρι·

646 641 894 708 imposita
925 650 1072 702 sunt,
1109 655 1231 692 nam
1265 638 1482 707 plurimi
1518 651 1650 692 sane
1691 635 1844 692 fuere
1893 636 2123 700 Christi,
2169 646 2213 691 el

2324 635 2462 702 στοὶ,
2499 633 2794 707 κάκληνται.
2822 632 2881 688 δὲ
2925 637 3022 690 καὶ
3071 634 3174 690 υἱοὶ
3205 635 3299 689 καὶ
3334 634 3537 708 κύριοι,
3572 628 3682 690 τῖεν
3713 636 3778 690 ἂν
3815 639 3913 692 καὶ

647 731 823 785 vocati
853 739 981 784 sunt
1009 728 1103 783 lilii
1146 738 1200 784 et
1249 728 1476 792 domini,
1523 737 1686 783 erunt
1729 727 1829 798 ipsi
1877 741 2093 796 quoque
2137 740 2221 780 se-

647 820 886 875 cundum
943 819 1227 874 liliationis
1256 819 1577 888 dignitatem
1631 819 1772 872 inter
1826 833 1887 872 se
1929 815 2218 884 individui,

645 919 700 964 ct
723 925 886 964 unum
943 924 1131 963 omnes
1185 925 1246 964 ea
1307 911 1512 966 unitate
1558 926 1720 980 quam
1781 910 1902 979 ipse
1955 911 2119 965 etiam
2167 908 2220 962 in

648 997 865 1054 Christo
897 1015 1016 1054 esse
1039 999 1330 1069 perfectam
1367 1011 1524 1069 putas
1555 1019 1568 1054 :
1602 1001 1829 1056 distabit
1855 1011 2037 1057 autem
2065 1015 2220 1070 pror-

651 1106 742 1143 sus
781 1090 940 1144 homo
975 1091 1145 1144 nostri
1190 1091 1383 1145 similis
1412 1108 1441 1145 ιι
1476 1092 1582 1146 Deo
1638 1091 1833 1146 Verbo.
1886 1091 2002 1147 Hoc
2041 1091 2220 1162 posito

649 1185 918 1250 quomodo
966 1198 1071 1236 non
1131 1197 1320 1236 rursus
1358 1182 1516 1237 divisi
1565 1192 1760 1247 erunt,
1813 1192 1904 1237 aut.
1950 1179 2220 1252 quomodo

649 1274 812 1327 etiam
866 1289 1004 1328 unus
1037 1272 1246 1338 Filius,
1296 1273 1597 1343 intelligere
1649 1289 1754 1326 non
1802 1287 2060 1343 possum,
2116 1272 2217 1326 nisi

647 1363 940 1418 secundum
977 1365 1231 1418 unionem
1270 1379 1450 1417 veram
1483 1364 1803 1417 convenisse
1828 1362 2215 1416 immanitatem

649 1467 770 1506 cum
823 1451 1002 1508 Verbo
1063 1453 1384 1509 dixerimus.
1456 1450 1562 1506 Sed
1620 1453 1746 1522 quia
1799 1460 2017 1521 pr0pter
2057 1451 2216 1519 hujus

650 1544 886 1598 hominis
915 1559 1076 1598 voces
1110 1557 1331 1598 necesse
1358 1552 1443 1599 est
1466 1544 1632 1598 etiam
1659 1559 1757 1614 per
1786 1542 2053 1600 absurdae
2086 1557 2212 1596 sen-

651 1634 844 1689 tentias
878 1635 1179 1688 orationem
1209 1633 1600 1701 circumferre,
1656 1643 1718 1688 ut
1772 1635 2012 1704 undique
2055 1649 2214 1688 coar-

649 1734 842 1795 guatur
881 1727 1022 1780 haud
1073 1736 1218 1781 recte
1245 1727 1525 1791 sensisse,
1591 1727 1816 1794 agedum
1867 1723 1995 1781 illud
2052 1726 2213 1782 etiam

646 1794 917 1871 dicamus:
941 1817 1070 1872 Nam
1103 1819 1150 1872 si
1179 1819 1313 1873 satis
1344 1821 1518 1874 estad
1545 1821 1794 1873 ttnionem
1817 1820 2048 1888 dignitas
2081 1817 2215 1873 lilia-
2247 1794 2288 1848 Β

608 1910 830 1975 ,ιὶοιιὶε,
889 1911 1141 1978 quouiam
1201 1912 1507 1978 appellatur
1564 1920 1618 1964 ct
1664 1921 1747 1964 est
1807 1908 1974 1965 Filios
2017 1909 2108 1964 Dei
2153 1925 2215 1964 ac

647 1999 824 2056 Patris
858 2001 984 2055 illud
1025 2018 1088 2055 ex
1131 2003 1244 2070 ipso
1275 2000 1526 2064 Verbum,
1555 2013 1609 2056 et
1641 2018 1930 2058 comnmne
1964 2013 2044 2059 est
2074 2002 2212 2057 mul-

643 2093 712 2146 tis
745 2091 864 2146 aliis
896 2091 997 2147 hoc
1030 2109 1248 2156 nomen,
1283 2093 1437 2161 quid,
1473 2109 1602 2162 rogo
1631 2105 1704 2159 te,
1741 2095 1991 2163 prohibet
2029 2097 2214 2151 dicere

609 2167 611 2170 6
640 2195 696 2237 et
727 2185 870 2252 ipsos
895 2195 950 2238 et
981 2184 1114 2239 alios
1138 2199 1324 2239 omnes
1353 2183 1425 2238 illi
1466 2186 1646 2239 inuitos
1678 2201 1834 2250 esse,
1889 2193 1947 2240 ιιι
1989 2185 2213 2240 Emma-

643 2273 764 2328 nuel
795 2275 926 2328 nihil
953 2276 1279 2344 przecipuum
1309 2291 1470 2343 supra
1507 2277 1653 2343 ipsos
1700 2277 1937 2332 habeat?
1981 2288 2207 2332 conten-

640 2366 732 2419 det
757 2366 899 2420 enim
927 2381 1046 2420 cum
1079 2381 1162 2430 eo,
1198 2377 1253 2422 ιιι
1285 2376 1714 2422 consentaneum
1745 2380 1850 2436 est,
1905 2369 1972 2424 de
2014 2371 2208 2439 aequali

640 2455 844 2511 honore
904 2457 1202 2510 derertabit
1257 2459 1306 2510 id
1340 2460 1704 2528 quodcunque
1748 2461 2059 2515 earumdem
2115 2477 2210 2515 no—

641 2545 846 2600 minum
895 2549 1207 2617 dignitatem
1257 2560 1342 2603 est
1389 2551 1684 2618 adeptum;
1738 2562 1793 2606 et
1855 2553 1943 2608 ille
1989 2555 2212 2623 conjun-

639 2637 839 2711 ctionis
857 2639 1048 2694 modus
1077 2640 1126 2692 in
1151 2643 1287 2694 nuda
1313 2640 1536 2710 solaque
1556 2644 1816 2698 residebit
1832 2645 2206 2714 appellatione,

641 2730 721 2785 vel
751 2729 1116 2802 homonymia.
1152 2732 1268 2785 lam
1297 2749 1424 2788 vero
1446 2733 1705 2803 quidnam
1740 2750 1860 2790 esse
1885 2738 2211 2807 intelligetur

641 2820 754 2890 ipsa
787 2821 1141 2877 humanatio?
1167 2824 1296 2892 quid
1351 2834 1614 2892 prmterea
1649 2826 1755 2879 erit
1793 2827 1936 2896 quod
1963 2828 2029 2882 ad
2063 2829 2206 2882 servi

641 2913 866 2966 formam
901 2913 1222 2969 descendit?
1257 2913 1390 2968 Nam
1428 2915 1496 2977 si,
1532 2927 1587 2969 ut
1617 2917 1730 2986 ipse
1759 2919 1975 2976 asserit.
2011 2919 2210 2973 huma-

638 3004 874 3058 nationis
908 3009 1094 3060 modus
1117 3006 1429 3074 coniunctio
1460 3007 1707 3078 quaadam
1757 3018 1840 3062 cst
1887 3010 2112 3080 simplex
2155 3022 2211 3065 ct

637 3094 932 3148 secundum
992 3094 1159 3149 solum
1205 3096 1479 3152 liliationis
1534 3098 1873 3167 dignitatem,
1902 3101 2028 3170 quid
2079 3119 2196 3173 pro-
2233 3119 2276 3175 ο

639 3183 788 3238 hibet
840 3199 958 3239 eam
1045 3184 1478 3252 conjunctionem
1512 3188 1564 3242 in
1617 3189 1738 3243 aliis
1795 3191 1960 3245 etiam
2034 3195 2210 3247 omni-

637 3276 739 3330 bus
783 3274 977 3330 factam
1005 3275 1228 3330 dicere?
1276 3278 1383 3334 Sed
1445 3279 1630 3348 procul
1675 3279 1843 3338 dubio
1900 3284 1990 3353 qui
2035 3287 2210 3340 solers

637 3375 721 3422 cst
755 3377 808 3420 ct
838 3377 1049 3432 acutus,
1071 3369 1332 3437 prospicit
1356 3369 1473 3439 ejus
1503 3372 1773 3428 orationis
1791 3373 2204 3432 absurditatem.

637 3458 878 3524 Quonam
913 3459 1074 3528 igitur
1106 3458 1294 3524 l'ertur,
1323 3461 1392 3516 ad
1417 3477 1480 3516 ea
1519 3475 1639 3533 quae
1683 3463 1866 3522 dicere
1919 3466 2072 3522 nefas
2101 3478 2207 3533 cst,

638 3548 943 3618 impulsus?
993 3547 1216 3606 Dicetur
1237 3560 1418 3608 autem
1446 3553 1524 3608 illi
1558 3570 1588 3608 ιι
1620 3555 1776 3612 nobis
1808 3556 1936 3612 illud
1961 3556 2210 3615 Jeremize

637 3640 839 3694 dictum
875 3649 905 3695 ε’
937 3659 956 3692 ι
981 3639 1036 3695 ln
1066 3641 1409 3698 multitudine
1434 3644 1536 3700 viae
1557 3653 1662 3700 tua:
1688 3647 1945 3704 laborasti
1973 3650 2014 3681 ⁸³
2034 3667 2080 3717 ς»
2111 3649 2210 3704 llu-

635 3741 784 3787 ctuat
819 3733 985 3798 enim,
1019 3743 1074 3788 ει
1094 3733 1243 3788 omni
1275 3744 1437 3790 vento
1460 3737 1869 3808 circumfertur,
1927 3749 1984 3796 ut
2012 3743 2208 3798 beatus

635 3820 834 3878 Paulus
863 3824 939 3878 ait
993 3823 1062 3880 “.
1097 3825 1299 3895 Accipe
1331 3827 1496 3897 igitur
1528 3830 1826 3886 anchoram
1881 3832 1989 3903 50
2013 3836 2209 3890 animm

632 3921 804 3968 tutam
835 3930 900 3969 ac
941 3916 1172 3978 ﬁrmam,
1203 3926 1383 3971 statue
1408 3933 1570 3986 supra
1614 3930 1825 3988 petram
1860 3926 2025 3992 pedes
2057 3934 2203 3980 tuos.

634 4008 690 4062 Si
727 4010 1001 4062 hominem
1031 4006 1233 4062 factum
1273 4009 1445 4078 ipsum
1481 4010 1572 4065 Dei
1609 4012 1842 4067 Verbum
1871 4015 2046 4081 dicis,
2105 4015 2207 4070 huc

635 4098 807 4165 ipsum
832 4097 964 4152 satis
994 4107 1077 4152 est
1105 4097 1169 4152 ad
1200 4099 1576 4168 explicandum
1611 4104 1780 4157 nostri
1807 4104 2040 4159 similem
2123 4105 2207 4160 Γει-

638 4197 788 4241 ctum
817 4203 938 4244 esse
970 4189 1140 4254 illum,
1173 4191 1261 4260 qui
1294 4200 1377 4246 est
1407 4209 1572 4262 supra
1600 4186 1816 4250 omneni
1847 4183 2156 4253 creaturam
2189 4219 2204 4255 :

2323 723 2479 779 αὐτοὶ
2517 721 2657 778 κατὰ
2688 723 2749 777 τδ
2791 719 3007 795 ἀξίωμα
3050 725 3148 795 τῆς
3192 721 3474 794 υἱότητος,
3518 723 3817 796 ἀδιαὲρετοί
3852 741 3912 778 τε

2321 811 2588 886 ἀλλήλων,
2611 815 2705 868 καὶ
2735 811 2793 868 ιν
2819 814 2869 867 οἱ
2899 813 3098 878 πάντες
3127 813 3250 868 καθ’
3274 812 3489 881 ἕνωσιν,
3509 813 3576 884 ἢν
3598 809 3662 884 δὴ
3690 811 3912 886 πεπρε-

2323 905 2452 978 χθαι
2475 906 2719 978 νομίζεις
2764 904 2927 970 αὐτὸς
2959 906 3053 959 καὶ
3101 907 3194 960 ἐπὶ
3235 905 3505 980 Χριστοῦ·
3535 903 3804 974 διεστήξει
3842 907 3910 978 δὴ

2323 999 2462 1063 ὅλως
2495 998 2630 1070 πρὸς
2661 996 2753 1052 τδν
2784 999 2848 1051 ὲκ
2884 993 3020 1050 Θεοῦ
3063 999 3234 1066 Λόγον
3264 997 3549 1069 ἄνθρωπος
3587 996 3708 1050 καθ’
3730 997 3905 1068 ἡμᾶς.

2323 1085 2456 1144 Εἶτα
2485 1089 2602 1154 πῶς
2646 1089 2708 1143 οὐ
2744 1089 3028 1160 διῄρηνται
3058 1089 3238 1152 πάλιν,
3269 1089 3384 1152 πῶς
3416 1089 3472 1142 δὲ
3515 1091 3607 1142 καὶ
3640 1089 3765 1154 Tib;
3799 1084 3904 1153 εἷς,

2320 1183 2422 1234 οὐκ
2443 1181 2552 1252 ἔχω
2577 1184 2737 1244 νοεῖν,
2761 1183 2807 1232 ει
2839 1180 2916 1250 μὴ
2935 1179 3058 1234 καθ’
3081 1178 3274 1233 ἕνωσιν
3301 1180 3474 1250 ἀληΟῆ
3500 1180 3906 1250 συμϐεϐηκέναι

2321 1271 2502 1342 φαμὲν
2535 1270 2613 1342 τῷ
2641 1271 2799 1341 Λόγῳ
2833 1271 2894 1324 τὸ
2925 1271 3286 1341 ἀνθρώπινον.
3322 1273 3537 1342 Ἐπειδὴ
3571 1273 3627 1326 δὲ
3659 1273 3785 1344 χρὴ,
3817 1273 3908 1326 διά

2318 1381 2382 1433 γε
2409 1364 2508 1425 τὰς
2527 1361 2715 1416 τούτου
2747 1361 2950 1432 φωνὰς,
2978 1365 3071 1416 καὶ
3102 1364 3182 1424 εἰς
3212 1364 3479 1427 ὲκτόπους
3507 1364 3714 1428 ἐννοίας
3743 1383 3903 1436 περι-

2319 1451 2564 1524 ενεγκεῖν
2597 1454 2686 1506 τὸν
2742 1454 2921 1522 λόγον,
2955 1454 3042 1507 ἵνα
3093 1454 3428 1524 πανταχόθεν
3471 1455 3759 1527 ἐλέγχηται
3807 1475 3906 1511 πε-

2319 1545 2607 1617 φρονηκὼς
2633 1544 2912 1616 οὒκ-ὀρθὰ,
2941 1545 3072 1616 φέρε
3099 1545 3185 1616 δὴ,
3209 1547 3360 1617 φέρε,
3385 1547 3602 1600 κάκεῖνο
3629 1548 3898 1619 λέγωμεν·

2319 1638 2380 1690 El
2413 1635 2520 1708 γὰρ
2550 1637 2711 1706 ἀρκεῖ
2733 1637 2868 1706 πρὸς
2897 1635 3110 1700 ἕνωσιν,
3153 1641 3250 1706 τῆς
3283 1638 3531 1708 υἱότητος
3567 1638 3628 1691 τὸ
3659 1639 3900 1709 ἀξίωμα,

2319 1725 2504 1798 ἐπειδὴ
2545 1725 2791 1780 καλεῖταί
2818 1744 2874 1779 τε
2907 1728 3002 1779 καὶ
3036 1722 3183 1779 ἔστιν
3218 1727 3342 1792 Υἱὸς
3371 1728 3463 1780 τοῦ
3496 1727 3629 1781 Θεοῦ
3663 1730 3759 1781 καὶ
3790 1730 3902 1782 Πα-

2314 1815 2441 1885 τρὸς
2469 1819 2497 1869 6
2553 1817 2612 1881 ἐξ
2663 1817 2826 1869 αὑτοῦ
2875 1817 3067 1884 Λόγος,
3115 1818 3291 1871 κοινὸν
3338 1819 3394 1871 δὲ
3444 1819 3659 1883 πολλοῖς
3718 1819 3902 1885 ἄλλοις

2315 1905 2573 1977 τοῦνομα,
2599 1908 2650 1959 τί
2684 1908 2745 1960 τὸ
2773 1908 2998 1973 λυποῦν,
3019 1909 3141 1961 εἰπέ
3177 1927 3288 1977 μοι,
3313 1909 3406 1962 καὶ
3434 1910 3631 1973 αὐτοὺς
3656 1909 3900 1979 ἡνῶσθαι

2315 1995 2496 2068 λέγειν
2518 2000 2688 2071 αὐτῷ,
2710 2003 2802 2054 καὶ
2825 2003 2950 2064 τοὺς
2972 2002 3164 2064 ἄλλους
3193 2003 3456 2067 ἅπαντας,
3473 2005 3563 2057 ἵνα
3602 2004 3770 2074 μηδὲν
3799 2006 3898 2077 ἔχῃ

2315 2090 2446 2162 παρ’
2477 2091 2676 2155 αὐτοὺς
2717 2091 2776 2144 τὸ
2823 2092 3003 2145 πλεῖον
3029 2093 3057 2144 6
3104 2094 3484 2164 Ἐμμανουήλς
3528 2095 3899 2167 φιλονεικήσει

2313 2179 2422 2250 γὰρ
2453 2182 2592 2235 κατᾶ
2627 2181 2686 2235 τὸ
2715 2183 2865 2244 εἰκὸς
2892 2181 3061 2252 αὐτῷ,
3097 2183 3189 2236 καὶ
3223 2184 3479 2254 περὶτῶν
3513 2186 3644 2237 ἴσων
3666 2185 3899 2257 ἁμιλλὴ-

2315 2289 2468 2325 σεται
2501 2273 2561 2324 τό
2604 2271 2710 2324 τῶν
2740 2273 2918 2326 αὐτῶν
2972 2275 3250 2344 ὀνομάτων
3284 2276 3618 2346 ἠξιωμένον·
3665 2277 3759 2329 καὶ
3798 2280 3899 2347 τῆς

2315 2363 2609 2430 συναφείας
2648 2364 2778 2432 ἡμῖν
2811 2364 2838 2416 6
2887 2363 3122 2434 aptium,
3172 2365 3314 2419 κατὰ
3359 2365 3521 2436 ψιλὴν
3570 2367 3663 2419 καὶ
3727 2368 3897 2438 μόνην

2312 2451 2466 2504 ἔσται
2499 2452 2595 2523 τὴν
2626 2453 2838 2524 κλῆσιν,
2875 2454 3044 2525 ἤγουν
3085 2457 3184 2527 τὴν
3211 2445 3554 2528 ὁμωνυμίαν.
3584 2455 3718 2512 Εἶτα
3757 2458 3809 2512 τε
3835 2460 3898 2512 τὺ

2310 2542 2412 2612 τῆς
2455 2543 2923 2614 ὲνανθρωπήσεως
2947 2548 3146 2598 νοεῖται
3185 2547 3407 2617 χρῆμα;
3443 2547 3494 2600 τί
3523 2547 3580 2600 δὲ
3612 2548 3748 2618 πρὸς
3771 2546 3896 2600 τού·

2309 2653 2407 2706 τῳ,
2440 2636 2534 2689 καὶ
2574 2637 2656 2698 τὸ,
2693 2639 2750 2689 ὲν
2781 2639 2849 2708 τῇ
2876 2635 2970 2689 τοῦ
2998 2637 3185 2690 δούλου
3226 2638 3548 2693 καθικέσθαι
3578 2643 3797 2712 μορφῇ;
3832 2639 3896 2692 Et

2309 2725 2418 2796 γάρ
2461 2726 2580 2778 ἐστι
2606 2727 2728 2778 κατ’
2770 2724 2933 2778 αὑτὸν
2970 2726 2999 2776 6
3038 2727 3138 2796 τῆς
3182 2727 3650 2800 ένανθρωπήσεως
3690 2729 3896 2799 τρόπος

2311 2815 2580 2884 συνάφειά
2604 2832 2690 2878 τις
2723 2816 2875 2888 ψιλὴ,
2918 2817 3014 2870 καὶ
3047 2817 3190 2872 κατὰ
3222 2819 3382 2889 μόνον
3422 2820 3522 2890 τῆς
3559 2820 3802 2890 υῐότητος
3835 2820 3897 2872 τὸ

2308 2905 2546 2978 ἀξίωμα,
2569 2906 2622 2961 τί
2647 2907 2707 2961 τὸ
2741 2907 2949 2961 κωλὺον
2986 2907 3066 2962 έτι
3102 2910 3197 2962 καὶ
3238 2911 3331 2963 ἐπὶ
3367 2913 3477 2973 τοῖς
3512 2911 3692 2974 ἄλλοις
3721 2912 3897 2966 ἅπασι

2309 2999 2622 3070 πεπρᾶχθαι
2652 2999 2834 3067 λέγειν
2866 2999 3071 3071 αὐτὴνς
3108 3001 3246 3054 Ἀλλ’
3269 3002 3368 3070 δρα
3389 3001 3500 3070 (15)
3526 3019 3628 3056 που
3653 3003 3892 3064 πάντως,

2308 3092 2336 3144 6
2367 3091 2695 3161 φιλομαθὴς,
2723 3091 2818 3143 τοῦ
2848 3091 3008 3161 λόγου
3037 3092 3099 3144 τὸ
3127 3092 3378 3155 ἀκαλλὲς.
3411 3094 3511 3146 Ποῖ
3531 3093 3595 3164 δὴ
3626 3089 3721 3146 οὖν
3750 3095 3894 3146 ἁποο

2312 3181 2537 3252 φέρεται
2584 3179 2721 3252 πρὸς
2759 3180 2796 3234 ἃ.
2835 3180 2909 3251 μὴ
2957 3181 3117 3251 θέμις
3144 3181 3486 3252 ὲξεστηκώςς
3520 3182 3812 3253 Εἰρήσεται
3835 3182 3897 3234 δὲ

2309 3273 2445 3343 πρὸς
2477 3273 2632 3343 maliv
2650 3272 2797 3344 αὐτῷ
2829 3273 2886 3326 τὸ
2917 3273 3004 3326 διὰ
3033 3275 3127 3342 τῆς
3162 3274 3425 3345 Ἰερεμίου
3461 3274 3646 3345 φωνῆς
3668 3291 3682 3304 ·
3706 3291 3726 3326 ι
3758 3274 3895 3338 Ταῖς

2311 3364 2617 3427 πολυοδίαις
2648 3381 2739 3416 σου
2775 3364 3122 3428 ἐκοπίασας.»
3153 3364 3555 3429 Κλυδωνεζεται
3583 3367 3693 3438 γὰρ
3706 3366 3897 3440 ἀνέμῳ

2311 3457 2476 3508 παντὶ
2501 3457 2955 3526 περιφερόμενος,
2976 3455 3138 3510 ’καθά
3167 3473 3331 3528 φησιν
3349 3459 3377 3510 6
3406 3457 3716 3528 σοφώτατος
3755 3459 3899 3511 Παῦε

2309 3545 2426 3608 λος.
2451 3545 2660 3598 Οὐκοῦν
2688 3546 2844 3616 δέχου
2881 3546 2977 3616 τὴν
3006 3547 3252 3616 ἄγκυραν
3277 3548 3374 3617 τῆς
3402 3547 3580 3618 ψυχῆς
3601 3548 3696 3618 τὴν
3720 3549 3898 3616 ἀτφα-

2309 3635 2378 3708 λῆ
2407 3638 2502 3691 καὶ
2533 3637 2781 3708 βεϐαίαν,
2817 3642 3012 3710 στῆσον
3047 3641 3141 3693 ἐπὶ
3182 3641 3391 3710 πέτραν
3415 3642 3538 3704 τοὺς
3569 3642 3764 3694 ἑαυτοῦ
3799 3643 3896 3695 πό-

2307 3726 2424 3792 δας.
2455 3729 2518 3782 Εἰ
2557 3730 2974 3800 ὲνανθρωπῆσαι
3001 3730 3109 3802 φὴς
3148 3731 3240 3785 τὸν
3280 3731 3373 3784 τοῦ
3405 3731 3538 3784 Θεοῦ
3568 3732 3760 3801 Λόγον,
3791 3735 3892 3804 ἀρ-

2313 3821 2465 3875 κέσει
2494 3821 2650 3876 τοῦτο
2685 3823 2821 3888 πρὸς
2862 3823 3092 3894 δήλωσιν
3139 3825 3230 3878 τοῦ
3276 3824 3397 3878 καθ’
3446 3827 3594 3896 ἡμᾶς
3633 3827 3891 3893 γενέσθαι

2307 3915 2400 3967 τὸν
2430 3913 2572 3986 ὑπὲρ
2624 3915 2804 3968 πᾶσαν
2833 3915 2934 3985 τὴν
2965 3915 3179 3968 κτίσιν⁵
3224 3916 3384 3969 ἔλαϐε
3435 3917 3532 3987 τὴν
3572 3916 3664 3970 τοῦ
3703 3917 3894 3970 δούλου

2311 4005 2544 4075 μορφὴν,
2572 4004 2870 4077 καίτοιτὴν
2900 4005 3214 4077 ἐλευθερίαν
3240 4006 3380 4078 ἔχων
3397 4007 3471 4072 ὡς
3492 4004 3756 4070 ΘεόςῘΗν
3782 4010 3893 4079 γὰρ

2308 4096 2368 4150 ὲν
2406 4096 2612 4168 ἰσότητι
2643 4096 2737 4149 τοῦ
2765 4097 3000 4167 Πατρὸς,
3031 4097 3127 4151 τοῦ
3153 4097 3215 4151 τὸ
3249 4099 3391 4152 κατὰ
3427 4099 3642 4153 πάντων
3673 4100 3895 4170 ἔχοντες

2308 4183 2531 4255 κράτος.
2568 4185 2782 4238 Παῦσαι
2803 4185 3029 4257 διαιρῶν
3058 4187 3156 4245 τὰς
3181 4187 3371 4256 φύσεις
3401 4188 3538 4258 μετὰ
3558 4189 3654 4258 τὴν
3672 4189 3887 4242 ἕνωσιν.

2308 4275 2434 4331 Ὅτι
2457 4277 2556 4346 μὲν
2572 4277 2678 4349 γὰρ
2707 4277 2888 4344 ἔτερόν
2917 4294 2989 4338 τι,
3012 4278 3104 4330 καὶ
3140 4279 3329 4350 ἕτερόν
3350 4282 3496 4332 ἐστιν
3519 4281 3550 4349 ἥ
3573 4298 3633 4332 τε
3657 4279 3778 4332 θεία
3795 4281 3892 4333 καὶ

634 4279 841 4347 accepit
872 4280 1013 4334 servi
1052 4279 1307 4349 formam,
1353 4287 1599 4350 quamvis
1628 4286 1928 4342 libertatem
1958 4299 2016 4344 ut
2066 4291 2206 4350 Deus

633 4369 891 4434 haberet;
939 4387 1060 4426 nam
1112 4387 1232 4428 erat
1275 4374 1330 4429 in
1371 4377 1680 4445 aequalitate
1735 4376 1912 4435 Patris
1957 4379 2078 4447 ejus
2111 4384 2200 4453 qui

2313 4368 2652 4440 ἡάνορὼπου
2685 4368 2864 4437 φύσις,
2888 4370 3090 4439 πρέποι
3123 4368 3189 4422 ἂν
3221 4370 3439 4432 εἰδέναι,
3474 4371 3564 4423 καὶ
3593 4371 3892 4436 ἀναγκαῖον

632 4474 797 4529 super
848 4461 1031 4516 omnia
1083 4461 1291 4519 obtinet
1346 4465 1655 4535 imperium.
1715 4467 1910 4525 Desine
1957 4471 2200 4529 dividere

2313 4456 2442 4512 εἶναί
2481 4476 2624 4530 φημι
2650 4461 2764 4522 τοῖς
2792 4457 3103 4530 ἁρτίφροσι.
3140 4462 3467 4531 Διεστὴκασι
3499 4461 3607 4530 γὰρ
3642 4460 3893 4528 ἀλλήλων

635 4563 856 4609 naturas
875 4563 995 4623 post
1020 4556 1275 4612 unionem
1310 4579 1324 4614 :
1359 4575 1481 4614 nam
1513 4560 1654 4616 scire
1693 4562 1837 4619 aliud
1867 4573 2032 4635 atque
2057 4569 2203 4623 aliud

2313 4549 2411 4624 καὶ,
2460 4549 2814 4620 ἀσυγκρίτοις
2863 4548 3172 4620 διαφοραῖς.
3247 4550 3368 4603 Ἐπὶ
3414 4551 3470 4604 δὲ
3519 4550 3614 4603 τοῦ
3670 4552 3894 4604 πάντων

633 4657 755 4699 esse
797 4644 1034 4700 divinam
1093 4647 1496 4720 humanamque
1544 4661 1790 4707 naturam
1823 4695 1837 4720 ,
1891 4673 1997 4713 non
2047 4660 2205 4714 modo

2313 4641 2465 4712 ἡμῶν
2495 4643 2748 4712 Σωτῆρος
2776 4641 3044 4713 Χριστοῦ,
3089 4642 3522 4710 συνεισενεγκὼν
3562 4643 3643 4704 εἰς
3691 4641 3892 4694 ’ἐνωσιν

634 4739 924 4792 convenire
963 4739 1314 4807 prudentibus
1345 4742 1474 4796 viris
1500 4784 1514 4807 ,
1570 4757 1757 4800 verum
1789 4747 1956 4802 etiam
2009 4755 2204 4805 neces-

2313 4731 2402 4802 τὴν
2429 4732 2603 4803 ἀληθῆ
2637 4749 2697 4784 τε
2735 4733 2830 4785 καὶ
2865 4731 2986 4786 καθ’
3014 4734 3332 4798 ὑπόστασιν,
3367 4732 3636 4803 παραιτοῦ
3677 4733 3776 4803 τὴν
3807 4734 3892 4786 δι-

634 4827 838 4882 sarium
861 4844 982 4885 esse
1013 4843 1210 4885 censeo
1236 4847 1251 4884 :
1281 4832 1481 4888 distant
1503 4834 1647 4888 enim
1678 4837 1822 4891 inter
1845 4851 1906 4892 se
1935 4879 1950 4900 ,
2001 4849 2054 4892 ct
2081 4839 2204 4908 qui-

2313 4821 2550 4893 αερεσιν·
2594 4823 2692 4877 ἓνα
2728 4823 2835 4894 γὰρ
2865 4823 3036 4886 οὕτως
3089 4825 3449 4895 ὁμολογήσεις
3495 4823 3755 4894 Χριστὸν,
3792 4825 3893 4876 καὶ

634 4913 756 4970 dem
781 4919 1140 4975 Inaestimabili
1166 4919 1593 4978 dill‘erentiarnm
1623 4927 1798 4994 spatio
1829 4946 1842 4981 :
1876 4929 1927 4981 in
1956 4929 2198 4982 omnium

637 5015 814 5061 autem
853 5019 1093 5065 nostrum
1149 5009 1428 5070 Salvatore
1477 5015 1697 5072 Christo
1759 5018 1848 5074 ubi
1905 5019 2026 5073 illas
2069 5035 2202 5074 con-

630 5095 877 5166 jimxeris
927 5102 979 5156 in
1026 5119 1211 5158 veram
1248 5113 1302 5159 ct
1343 5109 1642 5164 secundum
1697 5110 2032 5179 hypostasim
2079 5113 2202 5166 nni-

707 5254 751 5286 ⁶³
787 5257 919 5319 Ιιιιο,
949 5257 1051 5310 lsa.
1086 5273 1213 5324 Lvtt,
1243 5258 1326 5314 10.
1409 5260 1453 5291 ’⁵⁸
1483 5261 1678 5330 Ephes.
1719 5276 1792 5325 tv,
1828 5261 1914 5316 Η.

2312 4913 2460 4979 Υἱδν,
2486 4914 2582 4967 καὶ
2603 4914 2827 4984 Κύριον.
2862 4914 3022 4980 Ἀλλ’,
3051 4915 3150 4969 οὐκ
3167 4911 3263 4969 οἷδ’
3293 4917 3460 4979 ὄπως,
3507 4917 3535 4968 6
3561 4913 3672 4969 τῶν
3707 4915 3892 4984 ἐξιτή-

2312 5005 2421 5057 λων
2447 5005 2580 5074 ἡμῖν
2605 5003 2890 5075 δογμάτων
2925 5005 3175 5077 εὑρετὴς,
3214 5008 3272 5060 ἐν
3299 5004 3518 5077 σμικρῷ
3558 5004 3658 5074 μὲν
3691 5005 3892 5076 κομιδῆ

2314 5094 2609 5166 πεποίηται
2636 5095 2782 5167 λόγῳ
2809 5097 2870 5150 τὸ
2897 5097 2997 5168 τῆς
3029 5095 3273 5161 ένώσεως
3299 5099 3487 5168 χρῆμα
3504 5112 3518 5127 ⁸
3549 5094 3893 5165 διωσάμενος

1902 5416 2060 5470 ΛΝΤ.
2106 5417 2376 5473 AGELLII
2416 5415 2645 5473 NOTAE.

708 5591 1172 5666 (l3)_l.egendum,
1198 5595 1317 5666 ὁρᾷ,
1361 5604 1416 5648 ιιι
1455 5597 1546 5650 lib.
1588 5613 1645 5656 tt,
1681 5611 1798 5663 pag.
1839 5598 1929 5666 ﬁll,
1963 5596 2200 5666 ἁλλ’ὀρᾷ.

637 5677 742 5736 που
768 5663 991 5736 ’πάντως
1018 5665 1046 5715 ό
1075 5663 1348 5736 θεοφιλής,
1383 5675 1438 5718 ει
1469 5667 1555 5730 55,
1589 5667 1689 5736 ἀρᾷ
1714 5667 1776 5735 δὴ
1803 5664 1894 5718 οὖν
1919 5669 1946 5718 ὁ
1973 5663 2200 5736 χρηστογ-

639 5683 741 5715 πυυ
775 5683 991 5723 παντως
1018 5683 1046 5715 ο
1075 5683 1260 5731 υεοφιλ
1301 5683 1348 5726 ς,
1383 5683 1438 5718 et
1469 5683 1555 5730 on,
1589 5683 1618 5718 ο
1655 5683 1689 5737 α
1714 5683 1776 5735 οη
1803 5685 1894 5718 ουν
1919 5685 1946 5718 ο
1973 5683 2200 5736 χρηστο-

639 5732 839 5803 μαθής.
873 5735 977 5788 Aut
1017 5737 1058 5788 si
1091 5683 1323 5790 secunda
1369 5751 1592 5805 persona
1621 5684 1824 5806 regatur
1857 5739 1974 5806 ὅρα,
2019 5738 2202 5806 legen-

2309 5596 2433 5677 dum
2463 5593 2866 5674 ωφιλομαθὴς,
2964 5595 3235 5666 θεοφιλὴς,
3275 5596 3320 5650 ὣ
3344 5565 3732 5721 χρὲστοίμαθής
3757 5615 3770 5629 ο
3802 5599 3889 5681 ειιί

2309 5667 2523 5721 lectioni
2562 5666 2703 5717 favet
2733 5665 2881 5717 locus
2913 5664 3004 5717 lib.
3041 5681 3121 5721 ιιι.
3155 5683 3276 5721 nas.
3299 5667 3389 5721 δὲ.
3458 5685 3523 5721 na
3563 5662 3619 5721 δέ
3658 5685 3746 5721 μοι
3781 5686 3889 5721 των

2308 5665 2523 5722 lectioni
2554 5662 2704 5739 lavet
2733 5662 2881 5739 locus
2913 5664 3004 5739 lib.
3041 5662 3121 5739 ιιι,
3155 5662 3276 5739 pag.
3299 5662 3392 5726 δὲ’,
3422 5662 3523 5739 δρα
3555 5662 3619 5722 ’δέ
3657 5662 3746 5737 μόι
3781 5668 3891 5721 τῶν

2310 5732 2664 5805 προφητικῶν
2691 5733 2907 5787 ἐννοιῶν
2935 5733 3028 5805 τὴν
3063 5732 3408 5806 ἐγρήγορσιν.
