4166 6482
266 379 342 436 93
1417 383 1788 441 emensus
1827 385 2234 444 NESTORlUM
2273 385 2404 443 LIB.
2450 386 2514 443 ll.
2985 367 2989 372 ’
3471 389 3539 444 at

265 493 326 547 at
361 493 457 548 καὶ
496 493 633 548 αὐτὸ
666 493 804 549 κατὰ
832 493 894 547 τὸ
949 495 1116 558 εἰκὸς.
1159 495 1251 549 καὶ
1301 495 1401 565 τῆς
1449 496 1708 566 ἀληθείας
1757 513 1856 568 την

1963 509 2150 563 tatem,
2191 515 2324 555 cave
2386 498 2705 554 divisionem
2739 513 2754 550 :
2792 497 2872 552 sie
2904 510 3135 567 namque
3185 515 3350 556 unum
3390 503 3542 557 Chri-

263 583 521 653 δύναμιν.
575 583 861 656 κεχώρηκε
911 584 1074 638 πάλιν
1098 585 1191 638 ἐπὶ
1218 587 1276 638 τὸ
1323 587 1473 657 αὐτῷ
1505 587 1719 649 δοκοῦν.
1756 589 1853 642 καί

265 693 438 748 φησι·
481 674 620 747 [Διὰ
650 676 810 730 τοῦτο
835 675 929 730 καὶ
957 678 1193 748 Χριστὸς
1227 679 1256 731 6
1287 678 1418 742 Θεὸς
1455 679 1624 749 Λόγος
1654 681 1854 750 ὀνομά-

267 769 444 833 ζεται.
476 769 708 842 ἐπείπερ
737 769 850 840 ἔχει
873 771 973 841 τὴν
1004 770 1302 839 συνάφειαν
1336 771 1434 840 τὴν
1457 773 1591 842 πρὸς
1612 773 1701 825 τὸν
1733 775 1860 844 Χρι⁹

271 863 400 916 στὸν
429 862 678 934 διηνεκῆ.
710 862 821 916 Καὶ
843 863 944 915 οὐκ
979 863 1094 916 ἐστι
1147 863 1237 915 τὸν
1263 861 1396 915 Θεὸν
1415 865 1584 932 Λόγον
1605 863 1732 918 ἄνευ
1759 865 1857 935 τῆς

267 953 696 1024 ἀνθρωπότητος
755 953 960 1024 πρᾶξαί
1004 969 1076 1006 τι.
1134 952 1548 1022 Ἀπηκρίὸωται
1615 954 1724 1026 γὰρ
1775 957 1858 1019 είς

268 1047 450 1116 ἄκραν
474 1045 792 1115 συνάφειαν.
823 1046 922 1099 οὐκ
958 1047 1041 1108 είς
1072 1045 1405 1108 ἀποθέωσιν,
1433 1044 1578 1099 κατὰ
1607 1048 1734 1110 τοὺς
1765 1063 1855 1100 σο·-

270 1139 411 1206 φοὺς
447 1135 560 1191 τῶν
605 1135 988 1208 δογματιστῶν
1017 1136 1127 1188 τῶν
1163 1134 1493 1207 νεωτέρων.]
1525 1137 1652 1190 Ὅτε
1679 1137 1858 1191 τοίνυν

267 1230 507 1300 Χριστὸν
537 1229 854 1301 ὠνομάσθαι
882 1230 1048 1299 φησιν
1077 1227 1260 1290 ίδικῶς
1282 1228 1374 1280 τὸν
1394 1229 1456 1281 ὲκ
1475 1227 1612 1281 Θεοῦ
1646 1230 1858 1301 Πατρὸς

269 1323 469 1390 Λόγον,
499 1322 575 1386 ὡς
601 1321 796 1391 ἔχοντα
847 1322 945 1393 τὴν
978 1322 1277 1390 συνάφειαν
1316 1319 1454 1391 πρὸς
1496 1320 1750 1391 Χριστὸν,
1781 1321 1858 1383 ὡς

271 1414 412 1484 πρὸς
441 1414 626 1485 ’ἔτερόν
666 1431 770 1466 που
816 1414 1081 1484 δηλονότι,
1109 1413 1226 1474 πῶς
1275 1412 1336 1464 οὐ
1364 1410 1718 1480 πεφλυαρηκέ
1756 1427 1856 1462 που

274 1504 454 1572 μάτην
484 1501 745 1575 εἰρηκὼς,
778 1503 864 1556 ὅτι
913 1501 1051 1573 μετὰ
1106 1500 1205 1571 τὴν
1236 1499 1506 1570 ἀνάληψιν
1545 1499 1606 1552 οὐ
1635 1499 1858 1552 δύναται

272 1596 558 1650 καλεῖσθαι
597 1594 1068 1667 κεχωρισμένωςς
1117 1594 1275 1664 εἴπερ
1319 1593 1418 1662 οὐχ
1448 1591 1506 1644 ἓν
1550 1607 1602 1643 τι
1653 1592 1857 1642 νοεῖται

269 1689 410 1759 πρὸς
436 1687 617 1758 ἡμῶν,
647 1688 710 1740 τὸ
740 1687 911 1758 ἑτέρῳ
939 1687 1046 1739 τινὶ
1099 1683 1365 1756 σχετικῶς
1401 1683 1671 1753 συνῆφθαι
1703 1682 1860 1749 λεγό-

270 1797 439 1850 μενον
463 1797 475 1808 ·
515 1780 610 1833 δύο
647 1779 757 1850 γὰρ
789 1780 1006 1841 πάντως
1052 1776 1121 1830 τὰ
1166 1776 1417 1846 ἀλλήλοις
1463 1774 1854 1840 συμϐαίνοντα,

1963 604 2103 650 stum
2131 595 2412 657 fateberis,
2439 604 2494 650 et
2517 592 2710 646 Filium
2743 600 2798 645 et
2835 589 3139 646 Dominum.
3193 593 3301 646 Sed
3353 595 3539 647 nescio

1961 685 2246 752 quomodo
2270 682 2357 739 hic
2391 698 2652 736 vanorum
2685 681 2935 734 inventor
2974 679 3286 745 dogmatnm
3316 693 3428 733 rem
3460 681 3542 748 ip-

1962 791 2076 832 sam
2109 774 2330 831 unionis
2360 775 2648 830 admodum
2682 771 3048 841 parripendit,
3083 770 3281 839 illaque
3315 768 3540 836 reiecta.

1963 877 2018 922 ut
2057 882 2398 938 consequens
2429 877 2577 922 certe
2602 875 2740 931 erat,
2774 875 2829 920 et
2865 866 2913 918 vi
2935 863 3094 918 simul
3125 865 3238 932 ipsa
3297 861 3540 917 veritatis

1961 961 2214 1016 abdicata
2249 975 2437 1016 rursus
2466 960 2534 1014 ad
2572 959 2626 1013 id
2654 959 2885 1012 recurrit
2936 957 3078 1024 quod
3122 956 3222 1010 sibi
3269 953 3536 1024 placebat,

1961 1061 2016 1106 et
2049 1052 2124 1106 ait
2155 1069 2170 1106 :
2223 1050 2372 1123 {Ideo
2401 1051 2565 1104 etiam
2603 1049 2858 1104 Christus
2912 1047 3214 1118 appellatur
3252 1044 3340 1101 ille
3398 1047 3538 1100 Deus

1965 1143 2222 1207 Verbum,
2257 1143 2384 1210 quia
2427 1142 2581 1196 habet
2627 1151 2939 1210 perpetuam
2983 1155 3106 1192 cum
3137 1140 3357 1193 Christo
3401 1153 3535 1192 con-

1957 1234 2334 1302 iunctionem;
2370 1247 2543 1299 neque
2574 1231 2832 1295 contingit
2863 1241 2918 1283 ut
2951 1229 3093 1283 Deus
3142 1229 3378 1282 Verbum
3416 1228 3536 1282 sine

1962 1324 2298 1378 humanitate
2345 1322 2512 1376 faciat
2542 1321 2744 1388 aliquid
2781 1339 2794 1373 :
2836 1323 3129 1387 perductus
3168 1328 3250 1374 est
3295 1320 3438 1372 enim
3468 1317 3535 1372 ad

1961 1431 2229 1470 summam
2263 1415 2738 1484 conjunctionem;
2773 1428 2876 1466 non
2909 1412 2975 1464 ad
3009 1411 3428 1476 deiﬁcutiouetu,
3481 1419 3534 1462 ut

1963 1509 2240 1575 sapientes
2294 1521 2326 1560 e
2389 1505 2786 1559 recentioribus
2846 1502 3187 1570 dogmatistis
3239 1501 3534 1570 asserunt.|

1961 1601 2093 1655 Cum
2128 1600 2295 1669 igitur
2326 1599 2471 1652 dicat
2503 1597 2776 1652 Christum
2811 1596 3137 1666 appellatum
3171 1609 3294 1649 esse
3316 1593 3444 1647 illud
3472 1609 3538 1648 ex

1963 1691 2072 1745 [)eo
2100 1690 2258 1744 Patre
2289 1687 2547 1751 Verbum,
2591 1687 2717 1756 quia
2759 1687 2956 1740 habeat
2979 1702 3103 1740 cum
3137 1684 3359 1739 Christo
3405 1699 3538 1738 cou-

1958 1783 2319 1851 junctionem,
2363 1790 2420 1834 ut
2454 1795 2576 1834 cum
2609 1779 2786 1832 altero
2815 1779 3092 1841 nimirum,
3115 1776 3392 1846 quomodo
3429 1793 3536 1830 non

268 1873 368 1924 καὶ
399 1872 497 1941 οὐχ
523 1871 578 1924 ἓν
602 1872 734 1925 αὐτό
756 1887 830 1932 τι,
861 1871 921 1922 τὸ
946 1868 1126 1938 ἑαυτῷ
1153 1868 1579 1938 συναπτόμενον,
1601 1867 1758 1920 νοοῖτ’
1787 1865 1854 1919 ἂν

1962 1885 2162 1928 temere
2183 1882 2410 1942 nugatus
2424 1880 2526 1934 est,
2545 1886 2665 1925 cum
2686 1869 2840 1934 dixit,
2856 1879 2974 1939 post
2990 1869 3412 1937 assitmptionem
3433 1884 3536 1922 non

267 1964 522 2026 εἰκότως.
574 1962 925 2032 Ψευδομυθία
967 1961 1033 2032 δὴ
1079 1955 1172 2015 οῦν
1202 1961 1271 2013 τὰ
1313 1961 1522 2014 ἐκείνου
1567 1960 1660 2012 καὶ
1690 1960 1854 2030 λῆρος

269 2057 500 2125 ἑτέρως.
547 2055 738 2122 Ἡμεῖς
771 2055 828 2108 δὲ
882 2055 1022 2124 μετὰ
1069 2054 1168 2125 τὴν
1214 2054 1427 2116 ἕνωσιν,
1483 2055 1586 2106 κᾶν
1635 2053 1684 2106 εί
1722 2052 1856 2105 Θεὸν

266 2148 449 2214 Λόγον
473 2147 757 2217 ὀνομάσειέ⁹
788 2163 892 2206 τις,
916 2147 975 2198 οὺ
1006 2145 1128 2215 δίχα
1158 2144 1388 2216 νοοῦμεν
1408 2144 1570 2197 αὐτὸν
1595 2144 1694 2214 τῆς
1719 2142 1854 2208 ίδῐας

268 2235 482 2305 σαρκός
506 2252 519 2264 ·
564 2235 666 2288 κᾶν
697 2235 825 2306 εἴπῃ
871 2233 1126 2304 Χριστὸν,
1165 2233 1522 2304 σαρκωθέντα
1563 2233 1654 2286 τὸν
1685 2233 1856 2302 Λόγον

265 2324 731 2396 ἐπιγινώσκομεν.
768 2325 863 2388 Τίς
903 2325 958 2378 δὲ
988 2323 1052 2394 δὴ
1098 2324 1206 2395 ἄρα
1236 2325 1329 2376 καὶ
1359 2324 1387 2375 ὁ
1422 2325 1521 2392 τῆς
1559 2321 1711 2394 παρὰ
1761 2322 1854 2375 σοῦ

266 2417 575 2487 λεγομένης
627 2417 921 2486 συναφείας
976 2419 1177 2469 νοεῖται
1230 2415 1462 2486 τρόπος;
1496 2414 1558 2468 Εἰ
1599 2415 1700 2485 μὲν
1748 2415 1855 2486 γὰρ

265 2507 513 2578 ἡνῶσθαι
541 2509 647 2580 φὴς
681 2509 804 2561 καθ’
830 2509 1131 2562 ὑπόστασιν
1157 2507 1234 2578 τῷ
1261 2509 1324 2560 ὲκ
1348 2507 1484 2560 Θεοῦ
1507 2506 1664 2576 φύντι
1696 2506 1856 2576 Λόγῳ

267 2600 329 2653 τὸ
365 2599 728 2670 ἀνθρώπινον,
763 2599 818 2654 τί
843 2600 942 2670 τὴν
980 2600 1152 2664 θείαν,
1178 2601 1299 2652 είπέ
1329 2617 1438 2669 μοι,
1480 2599 1857 2671 περιυὸρίζεις

268 2691 488 2761 σάρκας
525 2691 703 2744 καίτοι
735 2694 1066 2762 προσκυνεῖν
1107 2689 1243 2762 αὐτῇ
1278 2689 1352 2760 μὴ
1397 2689 1853 2760 παραιτούμενος,

268 2782 582 2851 πρέποντος
621 2781 758 2853 μόνῃ
788 2784 856 2852 τῇ
884 2779 1007 2850 θείᾳ
1040 2797 1100 2833 τε
1124 2780 1217 2832 καὶ
1253 2780 1548 2850 ἀπορρήτῳ
1569 2779 1730 2846 φύσει
1762 2779 1856 2832 τοῦ

268 2873 701 2950 προσκυνεῖσθαι
735 2874 867 2926 δεῖν.
903 2874 964 2926 Εἰ
991 2873 1046 2924 δὲ
1081 2871 1258 2942 ἀληθῆ
1301 2872 1400 2942 μὲν
1435 2873 1536 2926 οὐκ
1561 2873 1665 2926 οῐει
1701 2873 1858 2941 γενέ-

269 2968 399 3022 σθαι
430 2968 530 3038 την
559 2967 777 3030 ἕνωσιν,
817 2966 1112 3034 συνάφεια-δ
1144 2965 1200 3018 δὲ
1233 2966 1436 3032 μᾶλλον
1481 2967 1613 3036 ἡμῖν
1659 2965 1860 3035 ὀνομά-

267 3061 387 3126 ζεις
413 3061 514 3129 τὴν
550 3060 692 3114 κατὰ
725 3075 786 3126 γε
820 3059 918 3130 τὴν
948 3057 1294 3129 ὁμωνυμίαν,
1325 3057 1422 3110 καὶ
1452 3057 1549 3126 τὴν
1587 3059 1645 3108 ὲν
1670 3056 1858 3126 ψιλαῖς

1958 1979 2115 2034 posse
2136 1965 2316 2014 vocari
2336 1959 2588 2014 seorsim?
2607 1959 2870 2028 siquidem
2889 1958 3032 2028 quod
3055 1956 3206 2009 alteri
3226 1959 3440 2008 cuidam
3462 1954 3536 2008 rei

1957 2054 2252 2109 secundum
2277 2051 2646 2127 habitudinem
2705 2050 3049 2118 coniunctum
3080 2063 3199 2102 esse
3226 2048 3446 2109 dicitur,
3486 2046 3537 2099 id

1960 2160 2062 2198 non
2088 2152 2264 2214 potest
2291 2157 2320 2195 a
2354 2141 2510 2196 nobis
2538 2151 2793 2208 tanquam
2820 2155 2988 2193 unum
3015 2139 3220 2208 aliquid
3259 2137 3482 2207 intelligi
3519 2152 3534 2189 :

1912 2229 1916 2233 ’
1961 2251 2083 2291 nam
2106 2251 2225 2304 qua:
2244 2235 2385 2287 inter
2407 2247 2464 2288 se
2484 2233 2834 2295 conveniunt,
2861 2233 2968 2284 duo
2991 2230 3354 2299 prorsusjure
3379 2227 3538 2282 intel-

1961 2331 2222 2399 liguntur,
2255 2337 2308 2382 et
2337 2341 2442 2381 non
2479 2341 2643 2379 unum
2688 2322 2892 2392 aliquid
2919 2323 3060 2390 quod
3106 2321 3280 2390 ipsum
3315 2319 3412 2373 sibi
3442 2335 3536 2373 ro-

1961 2423 2174 2490 puletur
2198 2440 2210 2476 :
2235 2419 2431 2474 fabulae
2453 2429 2580 2472 sunt
2603 2417 2774 2487 igitur
2797 2425 2851 2469 et
2879 2415 3188 2468 vanissimas
3213 2428 3367 2480 nugae
3395 2411 3538 2465 illius

1960 2514 2148 2569 verba.
2179 2512 2288 2568 Nos
2324 2521 2504 2566 autem
2554 2519 2673 2579 post
2697 2508 2844 2562 illam
2885 2507 3180 2568 unionem,
3216 2503 3332 2557 sive
3358 2501 3523 2554 Deum

1964 2605 2198 2660 Verbum
2227 2603 2470 2656 nominet
2507 2600 2805 2670 quispiam,
2840 2611 2949 2652 non
2974 2597 3094 2651 sine
3122 2594 3338 2664 propria
3372 2605 3537 2644 carne

1961 2695 2091 2752 illud
2131 2693 2510 2764 intelligimus,
2543 2692 2659 2746 sive
2682 2690 2964 2746 Christum
2989 2688 3156 2749 dicat,
3191 2686 3537 2740 incaruatttm

1963 2789 2202 2846 Verbum
2232 2786 2451 2856 agnosci
2464 2783 2748 2848 mum-Jay]
2793 2797 2922 2836 vero
2949 2778 3168 2849 quinam
3197 2779 3359 2831 etiam
3392 2776 3540 2829 illius

1959 2901 2122 2955 quam
2156 2893 2214 2938 tu
2245 2881 2688 2950 conjunctionem
2712 2876 2849 2932 dicis
2877 2914 2893 2938 ,
2951 2870 3268 2940 intelligitur
3298 2864 3538 2922 modus?

1961 2977 2096 3031 Nam
2135 2977 2179 3030 si
2225 2973 2623 3030 humanitatem
2655 2969 2796 3024 dicis
2841 2966 3050 3020 unitam
3093 2960 3392 3019 secundum
3440 2959 3542 3028 by-

1961 3070 2220 3138 postasim
2253 3068 2330 3120 illi
2362 3080 2426 3119 ex
2466 3066 2574 3120 Deo
2597 3063 2779 3134 genito
2836 3057 3030 3122 Verbo,
3063 3070 3184 3121 cur,
3210 3068 3413 3124 quaeso,
3460 3053 3542 3106 di—

267 3151 366 3204 καὶ
392 3151 589 3222 μόναις
609 3153 731 3214 ταῖς
755 3150 901 3212 ἴσαις
931 3149 1188 3219 κλήσεσιν
1206 3148 1452 3215 ἀξίαν,τί
1477 3149 1854 3220 σεμνοληρεῖς,

1962 3165 2140 3214 vinam
2177 3161 2326 3214 illam
2377 3171 2596 3230 carnem
2659 3152 2830 3207 amcis
2874 3148 3112 3219 injuria?
3166 3145 3380 3200 tametsi
3421 3157 3542 3198 eam

267 3242 703 3314 ἀπηκριϐῶσθαι
737 3243 912 3311 λέγων
959 3241 1050 3293 τόν
1079 3242 1143 3293 ἐκ
1181 3239 1441 3308 γυναικὸς
1497 3239 1634 3310 πρὸς
1679 3238 1856 3310 ἄκραν

1962 3254 2187 3308 adorare
2213 3251 2436 3306 minime
2485 3248 2742 3318 rel‘ugias,
2792 3260 2916 3299 cum
2959 3240 3332 3296 adorationem
3384 3235 3543 3291 exhi-

267 3336 595 3404 συνάφιιαν,
629 3333 787 3406 δῆλον
821 3334 877 3386 δὲ
907 3333 989 3386 ὅτι
1032 3332 1130 3403 τὴν
1159 3332 1295 3403 πρὸς
1322 3331 1413 3384 τὸν
1448 3331 1654 3399 Λόγον;
1681 3329 1858 3400 Ὀμὼ-

265 3445 440 3498 νυμον
466 3427 567 3497 μὲν
601 3423 709 3497 γὰρ
738 3421 1134 3496 ἀλλήλοις-εἷεν
1155 3423 1242 3486 ἂν,
1270 3423 1330 3476 τό
1358 3439 1416 3475 τε
1444 3422 1573 3486 Υἱὸς
1603 3421 1740 3491 Υἰῷ,
1762 3421 1859 3475 καὶ

266 3520 480 3591 Κύριος
513 3519 735 3590 Κυρίῳο
765 3519 880 3571 ἀλλ’
921 3518 1074 3572 οὐδὲν
1107 3516 1356 3587 ἀλλήλων
1394 3518 1766 3586 μειονεκτοῖτο
1791 3515 1859 3569 ἂν

265 3613 340 3665 τὰ
377 3611 656 3680 ὀνόματα⁶
695 3609 791 3663 καὶ
819 3609 882 3662 τὸ
928 3607 1183 3680 περιττὸν
1225 3608 1284 3660 ἐν
1312 3607 1524 3670 τούτοις
1571 3605 1858 3675 πολυπρα-

268 3706 520 3774 γμονεῖν,
555 3705 763 3755 εἰκαῖον
808 3696 960 3770 οἶμαί
1007 3717 1140 3753 που’
1175 3699 1302 3760 Υἱὸς
1333 3699 1442 3770 γὰρ
1482 3697 1636 3762 Υίοῦ,
1665 3697 1762 3750 καὶ
1797 3696 1860 3749 τὸ

267 3796 404 3860 Υἱὸς
433 3794 544 3867 [ίσ.
580 3793 722 3847 καθὰ
755 3792 904 3856 Υἱὸς,
925 3791 984 3860 ἢ,
1015 3790 1150 3844 καθὸ
1181 3789 1374 3861 Υίὸς],
1415 3787 1540 3842 οὔτε
1571 3787 1632 3841 τὸ
1651 3788 1855 3859 μεῖζον,

265 3890 396 3944 οὔτε
425 3890 488 3942 τὸ
510 3889 730 3942 ἔλαττον
760 3886 894 3956 ἔχει.
912 3886 1300 3956 Περισσοεπεῖς
1328 3879 1422 3937 οῦν
1448 3881 1560 3954 ἄρα
1587 3881 1679 3934 καὶ
1716 3879 1860 3951 μάλα

270 3982 491 4050 σαφῶς,
523 3977 1143 4052 ἁπηκριϐῶσθαιλέγων
1161 3976 1327 4030 αὐτὸν
1363 3975 1498 4046 πρὸς
1530 3973 1708 4044 ἄκραν
1735 3989 1859 4025 συν·

267 4076 492 4145 ἅφειαν.
524 4073 734 4144 Πρέποι
767 4073 811 4126 δ’
841 4071 931 4135 ἂν,
963 4070 1107 4124 κατά
1141 4086 1206 4138 γε
1239 4069 1299 4122 τὸ
1336 4066 1486 4138 αὐτῷ
1523 4084 1614 4137 μοι
1645 4065 1856 4131 δοκοῦν,

268 4169 396 4237 οὐχὶ
427 4168 550 4230 ταῖς
570 4165 916 4236 ὁμωνυμίαις
952 4163 1011 4216 τὸ
1034 4160 1460 4231 ἀπηκριϐῶσθαι
1483 4158 1664 4228 λέγειν
1687 4156 1858 4220 αὐτὰς

269 4261 565 4331 ἀλλήλαις·
598 4258 827 4320 ἐκείνοις
861 4257 919 4310 δὲ
969 4253 1192 4325 μᾶλλον.
1219 4253 1254 4307 ἆ
1295 4252 1393 4324 τὴν
1424 4254 1503 4316 είς
1539 4253 1647 4305 πᾶν
1681 4249 1860 4305 ὁτιοῦν

273 4351 506 4422 ίσότητά
535 4367 594 4403 τε
627 4351 722 4403 καὶ
755 4349 1051 4419 ὁμοιότητα
1084 4345 1193 4398 τῶν
1219 4344 1280 4398 ἓν
1319 4340 1861 4413 εἷναι.πεπιστευμέιι

269 4459 406 4502 νων,
436 4439 760 4510 διαλαχόντα
805 4437 1090 4507 φαίνεται·
1131 4429 1272 4499 οἷον,
1337 4433 1470 4502 φέρε
1506 4435 1702 4494 εξπιῖν,
1749 4432 1860 4484 ὰπ-

1962 3346 2078 3401 beri
2111 3343 2326 3398 nonnisi
2364 3342 2562 3395 divina:
2597 3349 2650 3394 et
2679 3337 2939 3393 ineffabili
2985 3344 3196 3390 natura:
3231 3329 3538 3386 Conveniat.

1961 3439 2114 3506 Quod
2145 3435 2187 3490 si
2218 3435 2359 3489 haud
2395 3448 2578 3486 veram
2608 3441 2764 3502 putas
2798 3431 2994 3483 factam
3026 3428 3302 3487 unionem,
3330 3433 3382 3476 et
3409 3437 3542 3476 con-

1954 3528 2290 3597 iunctionem
2317 3526 2500 3594 potius
2531 3523 2772 3591 appellas
2816 3523 2960 3576 illam
3015 3519 3312 3574 secundum
3351 3516 3544 3568 homo-

1963 3619 2223 3691 nymiam,
2251 3628 2305 3670 et
2344 3614 2446 3686 51
2481 3615 2534 3668 in
2567 3613 2677 3669 sola
2708 3627 2771 3666 ac
2797 3613 2937 3664 nuda
2969 3609 3193 3677 a-qualis
3223 3604 3540 3676 appellatio-

1964 3711 2050 3765 nis
2082 3711 2348 3763 societate
2397 3707 2629 3776 positam
2680 3703 3022 3774 dignitatem,
3066 3700 3196 3770 quid
3254 3695 3544 3768 magniﬁce

1963 3799 2219 3870 nugaris,
2255 3799 2444 3852 dicens
2475 3797 2623 3851 illum
2649 3811 2714 3851 ex
2757 3793 2987 3848 muliere
3034 3791 3237 3845 editum
3287 3789 3352 3842 ad
3388 3804 3540 3842 sum-

1963 3908 2105 3945 mam
2161 3888 2597 3958 conjunctionetn
2685 3886 3045 3955 perductum,
3097 3881 3350 3935 nimirum
3420 3895 3542 3932 cum

1965 3980 2185 4036 Verbo?
2219 3980 2551 4052 llomonyma
2591 3991 2823 4045 namque
2861 3975 3006 4029 inter
3029 3987 3088 4027 se
3112 3979 3271 4026 erunt
3295 3979 3348 4023 et
3377 3967 3547 4022 Filius

1964 4070 2122 4133 Filio,
2153 4079 2205 4124 et
2238 4067 2501 4122 Dominus
2535 4067 2782 4123 Domino.
2826 4064 2933 4120 Sed
2970 4063 3104 4117 nihil
3151 4061 3266 4114 btet:
3316 4058 3542 4114 nomina

1962 4175 2126 4212 unum
2157 4158 2327 4212 altero
2359 4158 2540 4212 minus
2567 4156 2884 4218 habebunt,
2933 4165 2987 4209 et
3013 4151 3144 4222 quid
3190 4153 3242 4204 iu
3282 4150 3368 4204 bis
3417 4147 3536 4203 exi-

1965 4252 2131 4305 mium
2161 4252 2250 4313 sit,
2285 4251 2576 4319 exquirere
2611 4263 2808 4301 vanum
2842 4247 2934 4310 sit,
2975 4244 3204 4312 opinor:
3227 4258 3348 4296 nam
3381 4240 3549 4294 Filius

1966 4345 2104 4399 Filio
2137 4359 2242 4414 qua
2279 4341 2453 4396 Filius
2483 4351 2588 4405 est,
2625 4353 2723 4394 nec
2759 4338 2938 4407 majus
2982 4335 3188 4404 aliquid
3231 4347 3334 4388 nec
3367 4331 3548 4386 minus

1964 4436 2148 4490 habet.
2187 4433 2533 4503 Supervacua
2562 4432 2727 4502 igitur
2764 4440 2817 4485 te
2841 4429 3004 4484 verba
3033 4425 3260 4481 fundere
3307 4424 3541 4492 apertis-

271 4530 627 4603 ηκριΰῶσθαί
666 4546 847 4600 φαμεν
888 4528 1026 4600 πρὸς
1060 4527 1238 4598 ἄκραν
1287 4525 1589 4596 ἐμφέρειαν
1632 4521 1734 4592 τῆς
1760 4522 1856 4574 τοῦ

1964 4530 2161 4585 simum
2189 4536 2273 4584 est
2295 4565 2312 4593 ,
2342 4539 2467 4582 cum
2499 4526 2676 4595 ipsum
2694 4519 3168 4593 perduetumdicis
3187 4518 3252 4572 ad
3274 4531 3543 4572 summam

269 4626 449 4688 δεῖνος
487 4623 725 4695 μορφῆς,
766 4620 802 4690 ἢ
840 4622 930 4674 τὸν
987 4619 1048 4685 ἐξ
1097 4619 1266 4673 αὐτοῦ
1323 4615 1586 4684 γεγονότα
1630 4614 1765 4679 υἱὸν,
1800 4612 1856 4683 ἢ,

271 4719 416 4787 φέρε
449 4719 650 4777 εἰπεῖν,
686 4712 892 4768 εἰκόνα.
940 4710 1098 4765 Κατὰ
1132 4711 1188 4762 δέ
1216 4725 1278 4776 γε
1305 4708 1394 4761 τὸν
1423 4709 1521 4777 τῆς
1567 4704 1862 4774 συναφείας

269 4810 501 4882 τρόπον,
533 4806 650 4868 πῶς
682 4805 748 4859 ἂν
779 4803 1203 4875 ἀπηκριόῶσθαι
1245 4800 1488 4868 λέγοιντο
1531 4799 1627 4850 καὶ
1655 4796 1860 4850 νοοῖντὸ

269 4919 440 4967 tua;
480 4898 624 4952 Ἀλλ’
657 4897 820 4962 αὐτὸς
872 4897 972 4967 μὲν
1007 4895 1359 4966 ἡρμήνευσε-θ
1402 4892 1536 4961 ἡμῖν
1581 4889 1682 4958 τῆς
1733 4905 1860 4942 συν-

269 4992 474 5062 αφείας
504 4991 602 5060 τὴν
641 4989 892 5059 δύναμιν.
927 4986 1033 5059 [Ob
1063 4987 1171 5056 γὰρ
1204 4984 1346 5048 ἐστι,
1403 4982 1560 5054 φησὶ,
1605 4981 1697 5035 τὸν
1729 4980 1860 5034 Θεὸν

273 5085 474 5153 Λόγον,
497 5084 626 5138 ἄνευ
651 5083 750 5152 τῆς
779 5080 1200 5150 ἀνθρωπότητος
1235 5076 1441 5150 πρᾶξαί
1463 5073 1560 5146 τι].
1593 5075 1864 5144 Ὀμόφρο-

273 5195 366 5240 νες
393 5172 490 5230 οὖν
521 5173 776 5243 ἀλλήλοις
811 5173 905 5226 καὶ
931 5169 1316 5240 ὁμογνώμονες
1343 5167 1485 5221 κατὰ
1519 5164 1606 5231 σὲ,
1629 5165 1724 5220 καὶ
1755 5164 1863 5218 ἀπὸ

276 5267 479 5323 κοινῶν
515 5265 853 5336 σκεμμάτων
882 5264 965 5329 ἐφ’
997 5262 1205 5314 ἕκαστα
1231 5259 1344 5313 τῶν
1387 5257 1680 5329 πρακτέων
1725 5255 1862 5309 ίέναι

279 5359 653 5429 πιστεύσομεν
706 5357 805 5427 τὴν
853 5354 964 5408 τῶν
1019 5353 1171 5425 παρὰ
1213 5352 1308 5406 σοῦ
1363 5349 1673 5420 λεγομένων
1732 5347 1864 5399 υἱῶν

277 5451 586 5522 ξυνωρίδα·
623 5445 764 5510 εἶτα,
799 5447 916 5511 πῶς
973 5448 1032 5500 οὐ
1058 5446 1152 5499 δύο
1197 5443 1436 5517 χριστοὶ,
1471 5442 1567 5495 καὶ
1606 5441 1732 5504 υίοὶ,
1771 5439 1866 5492 καὶ

271 5546 488 5616 nuptm;
544 5541 685 5597 Ἀλλ’
719 5541 795 5604 ὼς
818 5539 1034 5610 ὀργάνῳ
1076 5537 1154 5609 τῷ
1183 5536 1395 5606 σώματι
1438 5531 1738 5604 κεχρῆσθαι
1774 5533 1866 5585 τὸν

278 5637 453 5705 Λόγον
485 5633 798 5706 διῖσχυρίζῃ
831 5632 971 5686 κατὰ
991 5631 1050 5683 τὸ
1075 5629 1243 5693 εἰκός.
1262 5628 1402 5682 Ἀλλ’
1427 5627 1473 5679 εἰ
1505 5627 1603 5696 μὲν
1626 5624 1725 5678 ⁸ενα
1759 5622 1866 5694 φὴς

278 5729 426 5795 Υἰὸν,
469 5731 567 5783 καὶ
609 5728 739 5798 μίαν
773 5725 1076 5780 ὑπόστασιν
1119 5724 1219 5795 τὴν
1250 5721 1344 5776 τοῦ
1379 5721 1552 5789 Λόγου
1581 5735 1864 5788 σεσαρκω-

278 5823 474 5895 μένην,
508 5824 611 5876 οὐκ
634 5821 796 5885 αὐτὸς
832 5821 992 5874 ἔσται
1020 5817 1282 5890 Θεότητος
1303 5815 1566 5887 ὄργανον·
1605 5811 1868 5883 2379133:-

1965 4618 2426 4686 conjunctionem.
2459 4613 2577 4669 Non
2607 4613 2854 4679 enim,ut
2870 4609 3000 4664 mihi
3020 4605 3256 4671 videtur,
3271 4605 3338 4660 de
3355 4605 3546 4658 homo-

1967 4711 2142 4784 nymis
2154 4709 2410 4767 convenit
2427 4706 2609 4762 dicere
2621 4706 2764 4774 quod
2781 4704 2847 4758 ad
2863 4715 3130 4758 summam
3145 4697 3548 4754 similitudinem

1967 4805 2075 4859 sint
2105 4801 2383 4873 perducta,
2397 4798 2491 4855 sed
2508 4800 2592 4854 his
2611 4797 2789 4869 potius
2807 4809 2928 4865 quae
2960 4807 3058 4863 per
3073 4790 3254 4847 omnia
3272 4788 3549 4860 aequalita-

1967 4907 2072 4952 tem
2113 4911 2178 4951 ac
2210 4892 2615 4951 similitudinem
2649 4895 3102 4960 quarumcunque
3136 4895 3319 4938 rerum
3353 4878 3549 4936 sortita

1966 4999 2112 5055 sunt,
2127 5003 2252 5044 cum
2280 4985 2478 5056 quibus
2495 4997 2660 5038 unum
2691 4993 2812 5036 esse
2827 4973 3128 5034 creduntur
3148 4990 3163 5028 :
3181 4966 3334 5028 verbi
3352 4970 3550 5042 gratia,

1965 5093 2284 5152 expressum
2317 5075 2550 5132 dicimus
2569 5072 2636 5128 ad
2654 5083 2921 5127 summam
2945 5061 3359 5122 similitudinem
3383 5060 3550 5116 alicu-

1963 5148 2316 5242 jushominis
2346 5166 2535 5222 formae
2559 5161 2645 5217 vel
2685 5160 2853 5216 ﬁlium
2907 5171 2972 5211 ex
3016 5170 3082 5212 eo
3146 5153 3407 5226 genitura,
3468 5148 3552 5205 vel

1967 5241 2199 5331 exempli
2244 5257 2439 5329 gratia,
2471 5253 2800 5325 imaginem:
2832 5261 2995 5320 porro
3012 5243 3309 5302 secundum
3325 5241 3552 5310 conjun-

1968 5353 2162 5410 ctionis
2181 5349 2396 5406 modum
2425 5359 2662 5417 quonam
2685 5350 2842 5412 pacto
2867 5337 3046 5408 aliqua
3073 5343 3169 5390 aut
3185 5334 3438 5390 dicantur
3463 5339 3554 5384 aut

1970 5443 2339 5515 intelligantur
2371 5451 2629 5509 expressa
2651 5435 2676 5488 τ
2697 5433 2804 5489 Sed
2828 5432 2946 5502 ipse
2971 5427 3126 5484 nobis
3169 5427 3556 5515 interpretatus

1969 5547 2053 5592 est
2071 5511 2228 5603 huius
2245 5532 2351 5587 vim
2368 5521 2926 5600 conjunctionis.[Non
2946 5519 3115 5583 enim,
3133 5516 3327 5586 inquit,
3344 5511 3553 5603 contini

1973 5627 2050 5696 git
2070 5600 2298 5680 ut'Deus
2331 5623 2566 5679 Verbum
2591 5620 2710 5674 sine
2743 5610 3082 5672 humanitale
3109 5608 3274 5664 faciat
3301 5600 3555 5675 aliquid]

1977 5695 2289 5771 Concordes
2313 5714 2477 5784 igitur
2500 5722 2556 5766 et
2581 5708 2986 5766 consentientes
3019 5707 3166 5764 sunt,
3207 5704 3266 5752 ut
3318 5706 3371 5751 tu
3431 5695 3552 5748 cxi-

1975 5805 2188 5873 stimas,
2219 5814 2275 5872 et
2307 5799 2827 5862 communiconsilio
2854 5795 2920 5854 ad
2949 5791 3192 5866 singulas
3224 5803 3311 5848 res
3345 5785 3550 5844 facien-
