4024 6464
624 372 695 429 95
1653 367 1715 425 S.
1754 368 2031 424 CYRILLI
2064 366 2535 423 ALEXANDRIN!
2568 366 2891 423 ARCHIEI‘.
3807 361 3887 413 96

625 491 723 542 das
760 488 985 545 tendere
1033 488 1318 545 credemus
1358 502 1455 558 par
1490 486 1617 542 illud
1651 488 1884 544 ﬁliorum
1929 504 1960 543 a
2004 499 2057 545 te
2109 490 2191 543 di-

2310 506 2385 542 ται
2416 489 2472 541 δὲ
2501 488 2702 558 μᾶλλον
2723 482 2920 557 οἷάπερ
2942 487 3159 558 ὀργάνῳ
3190 486 3268 557 τῷ
3292 486 3408 555 ίδίῳ
3433 484 3671 552 σώματι,
3701 482 3887 537 καθεί-

624 589 837 634 ctorum
865 594 877 626 :
909 580 1050 647 quod
1084 580 1129 633 si
1166 579 1237 632 ita
1264 587 1366 644 est,
1400 580 1666 649 quomodo
1702 595 1808 635 non
1836 581 1941 635 duo
1969 581 2186 645 christi,

625 680 681 724 et
715 670 830 731 lilii,
867 680 922 723 et
950 670 1199 723 domini?
1238 672 1309 724 At
1350 686 1477 724 vero
1524 685 1754 738 corpore
1808 680 2067 739 tanquam
2104 687 2196 726 or-

628 774 768 830 gano
800 761 971 828 ipsum
1008 759 1239 814 Verbum
1265 776 1419 815 usum
1468 760 1728 828 afﬁrmas,
1786 773 1845 815 ut
1883 771 1969 818 est
2001 778 2196 818 conse-

630 867 823 918 quens.
864 852 969 905 Sed
1014 851 1058 904 si
1095 867 1258 905 unum
1292 851 1429 907 dicis
1482 851 1702 917 Filium,
1745 864 1800 907 et
1833 869 1996 907 unam
2031 855 2201 923 hypo-

630 943 819 995 stasim
852 940 1007 995 Verbi
1042 941 1399 1006 iucarnatam,
1429 957 1533 995 non
1565 943 1737 1011 ipsum
1763 945 1867 997 erit
1894 944 2202 1000 Divinitatis

633 1046 914 1099 organum,
961 1031 1054 1084 sed
1081 1040 1263 1084 utetur
1317 1032 1495 1100 potius
1548 1033 1769 1102 proprio
1818 1048 2049 1101 corpore
2085 1044 2201 1089 tau-

633 1136 792 1188 quam
827 1132 1061 1187 organo;
1086 1129 1142 1172 ut
1168 1120 1420 1173 nimirum
1447 1122 1559 1190 ipsa
1585 1122 1816 1177 hominis
1842 1124 2040 1176 anima.
2064 1123 2202 1191 Ergo

634 1226 797 1263 unum
850 1209 1040 1273 latere,
1078 1225 1183 1263 non
1241 1211 1488 1264 dividens
1533 1221 1774 1275 naturas,
1831 1214 1991 1267 simul
2042 1215 2200 1268 intel-

634 1301 804 1370 ligens
828 1316 891 1355 ac
923 1304 1163 1355 sentiens
1211 1302 1369 1355 aliam
1414 1318 1537 1357 esse
1569 1306 1749 1358 carnis
1779 1346 1794 1369 ,
1844 1306 2004 1357 aliam
2057 1306 2199 1359 divi-

634 1392 820 1446 nitatis
851 1392 1112 1444 rationem
1144 1408 1262 1458 qua:
1291 1392 1364 1445 illi
1396 1408 1459 1446 ac
1487 1394 1587 1446 soli
1642 1394 1931 1447 conveniat
1972 1413 1983 1448 :
2021 1409 2201 1462 neque

635 1483 780 1535 enim
811 1482 957 1535 illam
990 1482 1151 1537 Verbi
1187 1497 1405 1537 carnem
1442 1485 1671 1537 dicimus
1698 1485 1894 1538 factam
1920 1500 2041 1539 esse
2063 1486 2199 1539 divi-

636 1573 883 1633 nitatem,
920 1572 1013 1626 sed
1068 1574 1246 1642 potius
1289 1573 1550 1638 divinam,
1604 1584 1661 1627 ut
1705 1574 1855 1628 illius
1898 1576 2193 1644 propriam.

2302 598 2407 653 περ
2440 583 2629 652 ἀμέλει
2658 583 2805 651 καὶὴ
2850 580 2944 633 τοῦ
2977 580 3265 651 ἀνθρώπου
3297 580 3464 649 ψυχή.
3497 576 3710 633 οὐκοῦν
3740 579 3889 644 ὁμοο

2302 674 2531 743 λόγησον
2563 674 2677 747 ἕνα,
2714 672 2787 742 μὴ
2828 672 3049 743 διαιρῶν
3075 672 3176 733 τὰς
3204 671 3413 739 φύσεις,
3445 669 3583 739 μετὰ
3615 666 3709 721 τοῦ
3742 667 3889 718 εἰδέ-

2304 783 2392 819 ναι
2433 765 2525 817 καὶ
2580 767 2817 835 φρονεῖν,
2859 764 2940 815 ὃτι
2994 763 3197 831 σαρκὸς
3244 762 3346 833 μὲν
3401 760 3587 830 ἕτερος
3617 761 3645 811 0
3680 759 3848 821 λόγος
3874 794 3889 809 .

2306 857 2569 925 Θεότητος
2599 856 2655 907 δὲ
2681 855 2862 915 πάλιν,
2886 855 2914 905 0
2937 855 3073 921 αὐτῇ
3108 852 3197 905 καὶ
3232 851 3369 923 μόνῃ
3396 850 3641 919 πρέπων⁵
3674 849 3892 915 ἥκιστα

2312 947 2408 1016 μὲν
2452 945 2562 1015 γὰρ
2613 944 2855 1013 Θεότητα
2894 942 3147 1009 γενέσθαι
3184 940 3361 1009 φαμὲν
3398 940 3493 991 τοῦ
3547 938 3723 1003 Λόγου
3776 935 3891 1001 τὴν

2309 1037 2507 1105 σάρκα,
2534 1034 2686 1087 θείαν
2715 1033 2771 1084 δὲ
2805 1032 3027 1101 μᾶλλον,
3057 1030 3130 1094 ὡς
3161 1031 3297 1084 ἰδίαν
3328 1028 3493 1082 αὐτοῦ
3517 1046 3530 1058 ·
3570 1029 3619 1079 εί
3647 1027 3757 1096 γὰρ
3783 1026 3891 1075 ἁν-

2307 1124 2525 1195 θρώπου
2554 1122 2689 1192 σὰρξ
2734 1126 2766 1192 ἡ
2803 1121 3121 1191 ἀνθρωπίνη
3162 1119 3403 1186 λέγεται,
3447 1118 3498 1169 τί
3559 1117 3619 1169 τὸ
3666 1113 3891 1167 κωλῦον

2305 1215 2383 1266 ἔτι
2408 1214 2500 1265 καὶ
2525 1213 2671 1264 θείαν
2699 1212 2873 1263 εἰπεῖν
2915 1210 3013 1280 τὴν
3047 1210 3140 1263 τοῦ
3174 1209 3308 1262 Θεοῦ
3351 1210 3563 1275 Λόγους
3607 1206 3671 1257 Τί
3696 1205 3889 1257 τοίνυν

2303 1305 2555 1375 διαγελᾷς
2591 1305 2689 1372 τῆς
2740 1302 2998 1370 ἀληθείας
3042 1302 3102 1354 τὸ
3143 1300 3361 1362 κάλλος,
3399 1298 3707 1351 ἀποθέωσιν
3742 1298 3889 1369 ἡμῖν

2302 1395 2583 1465 ὀνομάζων
2607 1395 2702 1462 τῆς
2730 1392 2888 1460 ἁγίας
2926 1392 3144 1461 σαρκὸς,
3172 1391 3330 1460 μόνον
3362 1390 3418 1441 δὲ
3449 1389 3589 1456 οὐχὶ.
3621 1388 3715 1440 καὶ
3742 1402 3889 1438 κατ-

2302 1484 2579 1547 ονειδίζων
2630 1486 2742 1545 τοῖς
2799 1481 2936 1553 ὀρθὰ
2990 1484 3206 1550 φρονεῖν
3264 1480 3561 1550 ᾑρημένοις
3608 1478 3707 1547 τὴν
3759 1476 3887 1528 θεο-

2305 1576 2553 1645 ποίησινς
2585 1574 2761 1628 καίτοι
2789 1573 2961 1640 λέγων
2986 1572 3171 1633 αὐτόν

635 1662 767 1716 Nam
795 1665 841 1717 si
872 1666 1105 1718 hominis
1164 1680 1291 1719 caro
1318 1667 1551 1720 humana
1602 1666 1822 1730 dicitur,
1856 1667 1984 1735 quid
2048 1669 2301 1735 prohibet
2336 1669 2500 1721 etiam
2543 1668 2777 1720 divinam
2841 1664 3022 1717 dicere
3085 1662 3232 1716 illam
3277 1676 3395 1729 quae
3444 1669 3527 1715 est
3578 1657 3671 1713 Dei
3707 1657 3883 1710 Verbi

637 1755 796 1807 caro?
842 1754 980 1820 Quid
1019 1755 1181 1825 igitur
1215 1757 1411 1811 irrides
1443 1758 1895 1825 pulchritudinem
1925 1760 2211 1815 veritatis?
2266 1769 2467 1815 sancta:
2501 1759 2644 1814 illius
2686 1758 2869 1812 carnis
2913 1754 3376 1810 consecrationem
3438 1753 3491 1807 in
3548 1752 3674 1806 deos
3717 1750 3886 1803 nobis

638 1840 927 1907 objiciens,
960 1857 1023 1895 ac
1070 1845 1453 1913 propemodum
1491 1846 1883 1901 deiticationem
1933 1850 2239 1904 hominibus
2273 1859 2417 1905 recte
2463 1848 2818 1903 sentientibus
2855 1846 3194 1911 exprobrans
3224 1861 3237 1896 :
3272 1842 3484 1896 tametsi
3526 1841 3641 1909 ipse
3678 1840 3838 1894 dicas
3868 1858 3881 1891 :

717 1929 978 2001 |Nesvon.
1035 1932 1102 1987 Ut
1170 1950 1299 2004 ergo
1360 1936 1762 1991 demonstretur
1812 1939 1946 2009 ipsis
1992 1957 2202 2010 quoque

2379 1940 2519 2011 [Ἵνα
2551 1939 2728 1992 τοίνυν
2758 1937 2944 2007 δειχθῇ
2975 1938 3071 1989 καὶ
3114 1938 3227 1997 τοῖς
3265 1934 3461 2003 μάγοις
3490 1933 3571 1995 τίς
3605 1934 3759 1984 ἐστιν
3792 1923 3891 1982 οῦ-

639 2020 811 2089 magis
849 2022 971 2087 quis
1007 2022 1096 2075 hic
1124 2023 1197 2075 sit
1231 2024 1297 2077 ab
1348 2024 1456 2078 illis
1493 2025 1748 2081 adoratus
1781 2068 1798 2094 ,
1849 2039 1904 2083 et
1943 2030 2008 2083 ad
2042 2046 2201 2097 quem

641 2112 760 2164 illos
797 2112 1011 2166 duxerit
1041 2112 1277 2180 Spiritus
1309 2117 1479 2169 sancti
1515 2119 1688 2185 gratia
1710 2159 1723 2183 ,
1761 2135 1952 2189 nempe
1985 2138 2091 2175 non
2137 2123 2203 2175 ad

638 2200 933 2267 simplicem
966 2203 1122 2272 vulgo
1157 2215 1507 2273 conspectum
1534 2208 1645 2277 52
1681 2210 1962 2275 infantem,
2013 2213 2106 2266 sed
2138 2214 2205 2267 ad

638 2307 833 2360 corpus
858 2295 1123 2361 quoddam
1157 2296 1504 2353 ineﬂ‘abililer
1548 2301 1655 2354 Deo
1691 2302 2093 2375 conjunctunt.]

1272 2408 1424 2462 CAP.
1474 2410 1569 2463 IX.

708 2495 839 2548 Cum
870 2495 1030 2557 igitur
1063 2510 1260 2566 corpus
1294 2500 1645 2555 ineﬂ‘abiliter
1693 2505 1801 2557 Deo
1854 2506 2198 2573 coniunctum

642 2584 800 2646 dicat,
835 2585 976 2652 quod
1000 2594 1179 2639 autem
1212 2598 1295 2639 est
1329 2604 1454 2642 vere
1488 2588 1780 2655 ineﬂabile,
1838 2608 1999 2661 supra
2040 2595 2202 2648 intel-

641 2674 913 2741 ligentiam
941 2675 1003 2728 sit
1030 2687 1083 2730 et
1108 2693 1266 2745 supra
1302 2694 1631 2743 sermonem,
1680 2696 1806 2735 vera
1842 2700 2064 2751 prorsus
2099 2687 2205 2739 erit

641 2767 766 2818 uuio
787 2766 866 2819 vel
897 2768 1225 2836 conjunctio,
1272 2780 1329 2822 ut
1356 2771 1471 2837 ipse
1512 2770 1653 2839 loqui
1689 2773 1829 2827 solet
1867 2792 1880 2827 :
1912 2790 2035 2828 nam
2058 2777 2203 2845 ejus-

641 2858 783 2909 modi
814 2867 937 2911 suut
968 2860 1278 2923 ineﬂ'abilia,
1318 2869 1368 2913 et
1397 2876 1578 2914 rerum
1614 2862 1683 2915 ita
1716 2863 1855 2917 inter
1905 2880 1963 2919 se
2010 2881 2205 2921 conve-

641 2948 903 3001 nienlium
940 2952 1081 3003 haud
1116 2952 1299 3019 utique
1331 2954 1618 3021 quisquam
1669 2956 1812 3008 scire
1865 2958 2061 3023 poterit
2093 2974 2206 3012 ino-

641 3041 788 3091 dum.
833 3041 985 3105 Quod
1018 3043 1062 3094 si
1098 3043 1283 3095 dicere
1309 3044 1472 3108 nosti,
1520 3060 1580 3097 ac
1610 3056 1767 3112 putas
1793 3062 1951 3113 posse
1994 3058 2045 3102 te
2096 3052 2203 3102 vim

646 3128 785 3181 illius
816 3132 1213 3198 coiijunctionis
1242 3132 1544 3195 declarare,
1598 3138 1865 3203 quomodo
1896 3139 2072 3191 adhuc
2101 3140 2205 3192 erit

641 3236 703 3272 ea
745 3235 833 3273 res
863 3222 1151 3277 ineﬂabilis
1176 3224 1199 3277 ί
1229 3225 1393 3277 Miror
1417 3236 1590 3278 autem
1613 3228 1780 3294 quod,
1807 3231 2056 3296 quamvis
2081 3245 2205 3283 cor—

643 3326 741 3379 pus
770 3311 875 3365 Deo
905 3314 1248 3381 conjunctum
1287 3316 1448 3380 dicat,
1480 3317 1637 3383 idque
1678 3318 2029 3373 ineli‘abiliter
2050 3362 2064 3383 ,
2096 3336 2201 3373 non

643 3411 820 3455 tamen
850 3404 977 3457 illud
1002 3406 1163 3457 etiam
1197 3406 1363 3472 ipsius
1393 3410 1666 3473 proprium
1695 3423 1817 3461 esse
1870 3420 2101 3475 asserat,
2149 3422 2205 3462 ut

644 3509 762 3545 cum
802 3508 867 3547 eo
899 3505 1152 3563 tanquam
1184 3512 1348 3549 unum
1391 3498 1750 3565 intelligatur;
1806 3500 1899 3551 sed
1934 3516 2120 3553 rursus
2152 3502 2203 3553 in

644 3582 918 3637 hominem
974 3600 1037 3636 ac
1088 3586 1253 3639 Deum
1283 3586 1473 3639 dividit
1522 3588 1746 3640 seorsitn
1795 3602 1857 3641 ac
1891 3590 2203 3657 separatim,

644 3690 807 3728 untur.
838 3673 1111 3731 Christum
1145 3686 1197 3730 et.
1227 3677 1506 3730 Dominum
1542 3675 1747 3740 Jesuin,
1797 3685 1850 3732 et
1904 3689 2048 3734 recte
2077 3696 2204 3734 scn-

645 3766 747 3819 tire
767 3782 826 3821 se
856 3768 1094 3832 simulat,
1125 3770 1317 3825 dicens
1342 3787 1355 3822 τ

715 3856 975 3929 [Νεετοιι.
1010 3858 1196 3928 Neque
1228 3876 1356 3917 vero
1388 3864 1611 3929 simplex
1633 3863 1794 3914 homo
1821 3871 1905 3916 est
1931 3861 2204 3924 Christus,

640 3965 672 4001 ο
698 3952 1078 4013 calumniator,
1115 3954 1206 4007 sed
1256 3955 1417 4009 homo
1452 3955 1612 4007 simul
1638 3964 1693 4007 et
1744 3954 1883 4007 Deus
1919 3969 1933 4003 :
1971 3953 2115 4020 quod
2159 3954 2205 4007 si

640 4044 810 4095 solum
842 4044 983 4096 Deus
1010 4056 1183 4107 esset,
1219 4060 1357 4112 opus
1385 4055 1523 4108 erat,
1556 4061 1587 4098 ο
1619 4045 1942 4111 Apollinari,
1969 4044 2152 4097 dicere
2185 4058 2197 4095 :

644 4147 663 4177 ι
696 4129 835 4193 Quid
864 4146 949 4183 me
972 4134 1213 4198 quaeritis
1256 4134 1563 4187 interﬁcere
1595 4134 1759 4186 Deum
1790 4173 1804 4195 ,
1832 4134 1921 4200 qui
1967 4147 2094 4186 vera
2132 4132 2210 4186 1οο

639 4229 800 4273 cutus
830 4237 945 4275 sum
976 4223 1125 4277 vobis
1146 4225 1191 4256 ”
1219 4225 1279 4278 Ἰ»
1319 4224 1613 4280 llicilleest
1641 4224 1726 4278 cui
1756 4224 1938 4293 spinea
1971 4223 2073 4277 l'uit
2099 4225 2207 4277 cir-

640 4312 938 4377 cumposita
975 4326 1175 4368 corona
1204 4332 1217 4378 ;
1248 4315 1337 4368 hic
1380 4316 1471 4383 qui
1502 4314 1758 4368 dicebat:
1803 4332 1820 4364 ι
1855 4312 1997 4367 Deus
2036 4329 2208 4376 meus,

643 4400 784 4455 Deus
826 4418 997 4470 meus,
1057 4407 1241 4473 utquid
1286 4422 1373 4461 me
1424 4405 1762 4473 dereliquisti
1793 4405 1886 4458 “?
1952 4423 1969 4455 ο
2008 4406 2095 4459 hic
2118 4407 2207 4472 qui

645 4494 951 4548 triduanum
988 4499 1156 4552 subiit
1190 4509 1444 4559 mortem,
1502 4496 1686 4551 Adoro
1719 4506 1895 4551 autem
1948 4496 2094 4550 hunc
2129 4498 2206 4550 si-

2307 2050 2398 2096 τος
2432 2033 2461 2083 0
2518 2032 2648 2100 παρ’
2704 2029 2881 2081 αὐτῶν
2949 2026 3452 2098 προσκυνούμενος,
3494 2024 3588 2076 καὶ
3613 2024 3705 2075 ἐπὶ
3759 2024 3888 2073 τίνα

2306 2125 2514 2194 ἢγαγεν
2546 2121 2741 2183 αὐτοὺς
2773 2120 2866 2172 τοῦ
2915 2119 3229 2189 Πνεῦματος
3274 2116 3367 2169 τοῦ
3422 2115 3578 2182 ἁγίου
3616 2116 3650 2183 ἡ
3686 2114 3883 2183 χάρις·

2306 2214 2385 2266 ὅτι
2408 2215 2508 2265 οὐκ
2554 2213 2647 2265 ἐπὶ
2690 2211 2845 2277 ψιλὸν
2878 2209 3065 2271 ἁπλῶς
3100 2206 3472 2276 θεωρούμενον
3513 2205 3731 2275 βρέφος,
3762 2202 3888 2257 ἀλλ’

2306 2303 2398 2357 ἐπί
2430 2321 2481 2355 τι
2512 2302 2673 2371 σῶμα
2704 2299 3045 2369 συνημμένον
3075 2298 3326 2369 ἀρρήτως
3354 2294 3473 2364 Θεῷ
3499 2292 3524 2364 1

2904 2411 3156 2466 ΚΕΦΑΛ.
3197 2409 3276 2465 0'.

2378 2506 2507 2558 Ὅτε
2541 2504 2718 2557 τοίνυν
2740 2504 2988 2574 ἀρρήτως
3021 2500 3290 2571 συνῆφθαι
3322 2499 3441 2570 Θεῴ
3470 2499 3531 2551 τὸ
3572 2496 3733 2567 σῶμά
3782 2512 3891 2564 tm-

2310 2613 2389 2649 σι’
2426 2598 2486 2648 τὸ
2522 2596 2578 2648 δὲ
2632 2596 2943 2664 ἀπόρρητον
2989 2592 3224 2662 ἀληθῶς,
3263 2590 3402 2660 ὑπὲρ
3435 2590 3559 2643 νοῦν
3615 2590 3732 2641 ἐστι
3790 2587 3890 2639 καὶ

2307 2689 2482 2757 λόγον,
2530 2688 2734 2756 ἀληθής
2781 2703 2883 2737 που
2915 2685 3129 2746 πάντως
3158 2686 3191 2753 ὴ
3235 2683 3446 2745 ἓνωσις,
3471 2684 3637 2750 ῆγουν
3674 2681 3707 2749 ἡ
3748 2696 3889 2730 συν-

2309 2782 2494 2849 άφεια,
2538 2782 2656 2831 κατ’
2699 2779 2884 2831 αὐτόν.
2929 2777 3241 2846 Ἀπορῤητα
3276 2774 3382 2845 γὰρ
3433 2776 3503 2826 τὰ
3550 2771 3748 2836 τοιάδε,
3788 2770 3889 2823 καὶ

2306 2870 2411 2923 τῶν
2427 2870 2596 2931 οὕτως
2609 2868 2853 2937 ἀλλήλοις
2880 2885 2940 2919 συ
2951 2866 3319 2937 μόεὸηκότων,
3342 2866 3440 2918 οὐκ
3461 2863 3547 2929 ἂν,
3582 2859 3632 2915 οἳ
3642 2879 3772 2933 μαι,
3792 2861 3884 2923 τὶς

2308 2963 2475 3031 είδείη
2506 2963 2598 3014 τὸν
2632 2962 2855 3030 τρόπον.
2891 2960 2956 3016 Εἰ
2991 2959 3045 3013 δὲ
3072 2955 3231 3012 οἶσθα
3266 2958 3467 3026 λέγειν,
3490 2956 3591 3009 οἴει
3625 2973 3683 3009 τε
3713 2954 3887 3007 δύνα-

2310 3054 2430 3105 σθαι
2473 3050 2795 3121 διατρανοῦν
2836 3052 2936 3119 τῆς
2991 3051 3288 3118 συναφείας
3332 3050 3431 3117 τὴν
3464 3048 3723 3117 δύναμιν,
3763 3046 3887 3108 πῶς

2308 3146 2617 3215 ἀπόρρητον
2653 3142 2733 3194 ἔτι
2766 3142 2825 3194 τὸ
2853 3141 3043 3211 χρῆμά
3069 3142 3218 3205 ὲστις
3247 3137 3520 3209 Θαυμάζω
3539 3137 3617 3198 δὲ,
3640 3138 3726 3190 ὅτι
3754 3136 3889 3189 καί-

2310 3254 2389 3289 τοι
2420 3234 2578 3304 σῶμα
2615 3234 2787 3301 λέγων
2833 3231 3102 3302 συνῆφθαι
3133 3231 3283 3301 Θεῷ,
3323 3231 3416 3284 καὶ
3444 3227 3601 3281 τοῦτο
3633 3228 3889 3297 ἀπορρή-

2310 3344 2439 3389 τως,
2460 3328 2559 3378 οὐκ
2588 3325 2757 3377 αὐτοῦ
2789 3324 2852 3393 δὴ
2878 3323 3035 3377 τοῦτο
3060 3325 3153 3376 καὶ
3182 3322 3312 3374 ἴδιον
3333 3317 3472 3373 εἷναί
3501 3336 3689 3388 φησιν,
3719 3317 3789 3368 ἶν’
3811 3317 3888 3378 ὼς

2312 3423 2368 3474 ἓν
2395 3425 2567 3475 νοοῖτο
2604 3423 2717 3490 μετ’
2747 3417 2912 3472 αὑτοῦ
2938 3434 2948 3445 ·
2980 3417 3189 3485 μερίζει
3216 3413 3273 3465 δὲ
3306 3411 3464 3464 πάλιν
3495 3411 3571 3471 είς
3595 3407 3887 3475 ἄνθρωπον

2312 3515 2405 3564 καὶ
2433 3513 2585 3576 Θεὸν,
2614 3511 2718 3565 ἀνὰ
2752 3510 2935 3579 μέρως
2965 3524 3023 3559 τε
3049 3506 3141 3559 καὶ
3175 3504 3377 3568 ἰδικῶς,
3397 3502 3489 3554 τὸν
3515 3501 3611 3552 ἕνα
3643 3496 3889 3567 Χριστὸν

2312 3605 2405 3656 καὶ
2431 3603 2634 3672 Κύριον
2674 3599 2905 3671 Ἰησοῦν,
2939 3599 3034 3652 καὶ
3063 3595 3199 3665 ὀρθὰ
3225 3593 3445 3663 φρονεῖν
3479 3589 3887 3643 ὑποπλὰςτεται

2310 3694 2481 3760 λέγων
2499 3709 2513 3721 -

2382 3870 2557 3939 ['AD.’
2587 3869 2646 3921 οὐ
2680 3864 2834 3936 ψιλὸς
2864 3863 3148 3933 ἄνθρωπος
3190 3860 3219 3911 0
3252 3857 3507 3928 Χριστὸς,
3544 3856 3889 3923 συκοφάντα,

2311 3963 2424 4015 ἀλλ’
2465 3962 2749 4030 ἄνθρωπος
2782 3956 2919 4025 ὁμοῦ
2952 3952 3045 4006 καὶ
3082 3952 3213 4012 Θεός
3239 3966 3252 3980 ·
3286 3952 3333 4002 εί
3362 3949 3419 4002 δὲ
3462 3947 3621 4016 μόνον
3665 3948 3889 4015 ὑπῆρχε

2312 4053 2464 4114 θεὸς,
2520 4048 2711 4117 ἐχρῆν,
2766 4043 3130 4111 ’Λπολινάριε,
3163 4042 3365 4091 εἰπεῖν’
3402 4057 3418 4086 ι
3454 4037 3519 4089 Τί
3561 4053 3626 4105 με
3668 4033 3885 4103 ζητεῖτε

2312 4140 2634 4194 ἀποκτεῖναι
2678 4135 2829 4195 θεὸν,
2860 4133 2918 4195 ὂς
2944 4133 3040 4202 τὴν
3066 4130 3327 4198 ἀλήθειαν
3364 4127 3491 4193 ὑμῖν
3520 4125 3831 4194 λελάληκας
3867 4143 3882 4171 ι

2313 4230 2482 4295 Οὗτος
2525 4233 2551 4284 0
2581 4230 2672 4283 τὸν
2701 4227 2988 4282 ἀκάνθινον
3016 4222 3372 4293 περιθέμενος
3403 4219 3694 4287 στέφανον·
3732 4213 3888 4275 οὗτος

2311 4328 2341 4377 0
2408 4325 2602 4393 λέγων,
2652 4342 2671 4373 ι
2711 4320 2810 4373 Θεέ
2850 4336 2952 4388 μου
2977 4358 2991 4382 ,
3024 4315 3125 4367 Θεέ
3164 4330 3300 4383 μου,
3343 4312 3428 4365 ἵνα
3458 4312 3509 4363 τί
3560 4328 3626 4379 με
3658 4309 3891 4377 ἐγκατέ-

2312 4417 2495 4481 λιπες;
2546 4435 2563 4466 ι
2616 4408 2769 4476 οὗτος
2827 4413 2855 4463 0
2898 4409 3198 4480 τριήμερον
3251 4402 3507 4471 τελευτὴν
3562 4401 3885 4470 ὑπομείνας.

2312 4504 2610 4575 Προσκυνῶ
2647 4503 2703 4556 δὲ
2738 4503 2834 4554 σὺν
2866 4502 2932 4570 τῇ
2971 4496 3197 4565 Θεότητι
3220 4491 3428 4559 τοῦτον,
3466 4492 3541 4553 ὡς
3594 4490 3693 4559 τῆς
3732 4489 3890 4549 θείας

638 4586 749 4638 mul
786 4601 905 4639 cum
940 4587 1267 4653 Divinitate,
1309 4597 1566 4656 tanquam
1628 4587 1827 4641 divinae
1869 4585 2202 4641 defensorem

2313 4597 2607 4665 συνήγορον
2640 4586 2975 4659 αὑθεντίας.]

641 4678 1027 4733 auctoritatis.‘

1292 4768 1443 4823 CAP.
1485 4766 1553 4821 Χ.

713 4860 843 4915 Vide
858 4859 970 4927 iam
1009 4875 1195 4914 rursus
1221 4860 1673 4927 quemadmodum
1708 4859 1902 4927 raptim
1936 4858 2196 4927 decipiat,

639 4957 695 5003 et
722 4949 834 5003 suis
862 4949 1203 5005 sermonibus
1251 4949 1493 5004 veritatis
1539 4950 1775 5018 speciem
1824 4951 2202 5019 circumponat

638 5038 813 5110 {N00,
846 5041 1042 5108 inquit,
1076 5040 1303 5110 simplex
1334 5040 1597 5096 bomoest
1628 5041 1897 5107 Christus,
1926 5042 2020 5096 sed
2042 5043 2205 5097 homo

640 5132 801 5186 simul
830 5142 885 5183 et
916 5130 1103 5201 Deus],
1166 5147 1462 5200 rursusque
1490 5134 1718 5196 dividat,
1758 5143 1817 5187 et
1863 5134 2003 5188 haud
2034 5149 2201 5188 unum

637 5234 761 5275 esse
790 5220 959 5284 dicat,
1005 5230 1064 5275 et
1108 5221 1273 5277 stulte
1302 5224 1445 5291 quod
1492 5237 1522 5275 a
1572 5223 1791 5277 nemine
1842 5224 1916 5279 sit
1970 5223 2201 5291 positum

640 5309 965 5378 aceipiat,et
995 5314 1136 5379 quod
1170 5312 1269 5365 sibi
1301 5312 1483 5379 placet
1522 5320 1749 5367 astruat.
1784 5312 2012 5366 Perinde
2056 5311 2200 5364 enim

641 5417 709 5457 ae
732 5403 781 5457 si
807 5404 1075 5472 quispiam
1102 5405 1330 5469 diceret,
1360 5407 1556 5459 nudum
1582 5406 1754 5471 ipsum
1785 5404 2013 5459 Verbum
2042 5412 2097 5457 et
2126 5403 2203 5456 ci-

645 5503 725 5546 Ira
763 5509 981 5549 carnem
1010 5494 1066 5548 in
1092 5496 1256 5551 terris
1292 5496 1449 5551 nobis
1501 5496 1842 5564 apparuisse,
1884 5494 2204 5549 nobiscum-

643 5599 748 5652 que
773 5586 1031 5650 locutum,
1062 5589 1143 5641 vel
1178 5589 1356 5643 divina
1390 5588 1544 5656 signa
1590 5585 1824 5640 edidisse
1847 5626 1861 5647 ,
1912 5592 2009 5639 aut
2054 5600 2206 5640 com-

715 5748 758 5775 ”
790 5747 942 5802 Joan.
973 5764 1044 5802 vu
1067 5787 1080 5813 ,
1125 5750 1209 5804 40.
1290 5749 1333 5778 ⁸⁸
1375 5746 1562 5800 Matth.
1597 5760 1767 5810 xavn,
1802 5744 1889 5795 46.

2920 4762 3142 4815 ΚΕΦΑΑ
3157 4801 3168 4812 .
3214 4762 3270 4814 ιο.

2386 4856 2657 4927 Ἅθρειδή
2691 4871 2781 4923 μοι
2830 4852 2988 4906 πάλιν
3022 4848 3433 4921 συναρπάζοντα
3490 4846 3612 4916 μὲν,
3656 4844 3751 4897 καὶ
3788 4844 3885 4910 τῆς

2311 4948 2566 5016 ἀληθείας
2604 4946 2701 5013 τὴν
2748 4944 3027 5013 μόρφωσιν
3074 4942 3187 5002 τοῖς
3233 4937 3427 4991 ἑαυτοῦ
3479 4934 3771 5003 περιθέντα
3800 4932 3886 4983 λό-

2311 5055 2455 5106 γοις·
2494 5037 2589 5107 [ού
2621 5035 2727 5103 γὰρ
2778 5033 2929 5103 ψιλὸς
2980 5031 3301 5101 ἅνθρωπος,
3352 5028 3537 5099 φησὶν,
3568 5026 3595 5076 0
3627 5023 3885 5093 Χριστὸς.

2313 5130 2426 5183 ἀλλ’
2457 5128 2740 5197 ἄνθρωπος
2782 5124 2914 5195 όμοῦ
2956 5125 3048 5178 καὶ
3098 5120 3275 5193 Θεὸς]
3308 5120 3585 5174 διῖστὰντα
3624 5116 3681 5169 δὲ
3724 5114 3888 5167 πάλιν

2316 5224 2408 5275 καὶ
2420 5221 2521 5289 οὐχ
2543 5220 2639 5271 ἕνα
2661 5218 2907 5286 λέγοντα,
2931 5216 3027 5269 καὶ
3041 5216 3138 5267 ἀνυ
3147 5212 3370 5266 πόθετόν
3382 5230 3432 5265 τι
3452 5210 3738 5280 δεχόμενον
3750 5207 3791 5258 ἁ
3796 5222 3890 5275 μα-

2314 5310 2443 5374 ηθῶς,
2463 5310 2556 5361 καὶ
2584 5306 3054 5368 κατασκευάζοντα
3074 5304 3132 5357 τὸ
3160 5302 3367 5356 δοκοῦν.
3399 5302 3486 5362 Ὠς
3509 5304 3614 5369 γὰρ
3641 5296 3885 5363 λέγοντός

2314 5417 2477 5462 τινος,
2507 5400 2709 5469 γυμνὸν
2736 5398 2828 5449 ἐπὶ
2852 5398 2951 5466 γῆς
2976 5397 3069 5448 καὶ
3098 5395 3219 5463 δίχα
3248 5393 3446 5463 σαρκὸς
3468 5386 3643 5458 ὢφθαί
3668 5406 3723 5440 τε
3756 5388 3885 5457 ἡμῖν

2316 5491 2406 5544 τὸν
2436 5491 2626 5555 Λόγον,
2669 5489 2761 5541 καὶ
2798 5489 2923 5550 τοὺς
2958 5487 3091 5556 πρὸς
3130 5487 3277 5553 ἡμᾶς
3309 5480 3637 5551 ποιήσασθαι
3670 5478 3883 5545 λόγους.

2318 5584 2481 5653 ἤγουν
2521 5584 2809 5653 ἐνεργῆσαι
2844 5580 2941 5643 τὰς
2972 5576 3331 5647 θεοσημείας,
3387 5575 3552 5643 ἤγουν
3600 5571 3681 5624 ὅτι
3713 5566 3885 5628 κοινὸς
