4166 6474
224 355 286 407 9?
1361 338 1738 399 ΑΙ)νείὶὸΠὸ
1778 340 1812 395 Ν

1918 340 2185 396 Tomun
2227 341 2357 397 LIB.
2401 339 2465 395 ιι.
2931 329 2935 333 ’
3427 344 3496 399 98

221 469 291 541 ἦν
319 469 631 539 ἄνθρωπος,
676 467 771 520 καὶ
807 466 906 520 οὐκ
952 466 1115 528 αὐτὸς
1139 466 1168 517 ὁ
1216 465 1388 532 Λόγος
1428 464 1616 533 γέγονε
1648 463 1812 535 σάρξ·

1926 478 2141 519 munem
2172 465 2446 519 hominem
2468 462 2654 528 fuisse,
2690 477 2792 517 non
2822 463 2995 534 ipsum
3025 463 3255 521 Verbum
3297 465 3493 523 factum

230 560 327 631 [Οὐ
354 557 535 625 ψιὶὸς,
568 554 777 623 φησὶν,
826 554 1115 624 ἄνθρωπος
1164 555 1193 605 ὁ
1243 555 1496 625 Χριστὸς,
1537 554 1673 607 ἀλλὰ
1721 554 1815 607 καὶ

225 644 420 714 Θεός.]
467 644 657 712 Ἡμεῖς
682 641 759 702 δὲ,
783 633 828 693 ὦ
860 640 1125 709 βέλτιστε,
1164 640 1332 709 φαίην
1373 640 1437 692 ἂν
1474 640 1671 708 ἔγωγε,
1710 640 1814 691 κᾶν

225 735 475 804 λέγωμεν
498 731 665 784 αὐτὸν
696 730 983 800 ἄνθρωπόν
1014 746 1074 781 τε
1105 729 1239 799 ὁμοῦ
1272 730 1365 781 καὶ
1396 729 1548 793 Θεὸν,
1583 730 1684 781 οὐκ
1710 728 1814 781 ἀνὰ

228 825 401 893 [.tépo;
430 822 670 883 τιθέντες
701 820 771 873 τὰ
796 820 974 875 τοιάδε
1005 820 1188 891 φαμέν
1212 837 1226 849 ⁸
1254 820 1344 871 τὸν
1378 819 1539 872 αὐτὸν
1565 819 1623 872 δὲ
1674 820 1813 891 μᾶλ-

225 914 319 966 λον
365 913 569 975 εἰδότες
604 911 700 965 καὶ
734 911 841 982 πρὸ
896 911 995 979 τῆς
1027 910 1495 980 ὲνανθρωπήσεως
1542 908 1672 962 Υίὸν
1716 909 1815 962 καὶ

226 1004 359 1057 Θεὸν
386 1003 480 1058 καὶ
507 1002 678 1071 Λόγον
707 1001 798 1054 τοῦ
835 1001 1045 1072 Πατρός
1067 1018 1079 1031 ·
1106 1000 1388 1071 ἄνθρωπον
1409 1000 1466 1054 δὲ
1493 999 1630 1071 μετὰ
1652 1000 1813 1054 τοῦτο

227 1095 349 1150 καθ’
406 1095 554 1165 ἡμᾶς
582 1092 843 1162 γεγονότα
866 1132 882 1157 ,
920 1094 1013 1146 καὶ
1070 1091 1511 1162 σεσαρκωμένον.
1552 1091 1609 1144 '0
1642 1091 1697 1143 δὲ
1734 1092 1814 1145 δι-

226 1186 639 1256 ῖσχυριζόμενος
674 1184 751 1255 μὴ
778 1184 889 1238 δεῖν
912 1184 1078 1237 αὐτὸν
1108 1183 1399 1255 ἄνθρωπον
1444 1182 1679 1237 νοεῖσθαι
1720 1184 1810 1255 ψι-

224 1278 339 1343 λὸν,
394 1277 534 1332 ἀλλὰ
564 1277 696 1329 Θεὸν
746 1277 840 1329 καὶ
886 1275 1203 1345 ἄνθρωπον,
1253 1275 1520 1346 ἀπονέμει
1570 1276 1668 1346 μὲν
1720 1275 1810 1327 τὸν

221 1367 512 1420 ἀκάνθινον
539 1365 821 1433 στέφανον,
843 1366 938 1418 καὶ
969 1365 1038 1418 τὰ
1068 1365 1232 1435 ἕτερα
1253 1364 1361 1419 τῶν
1383 1364 1593 1429 παθῶν,
1627 1364 1811 1427 ίδικῶς

223 1457 498 1527 ἀνθρώπῳ
519 1459 613 1510 καὶ
638 1458 742 1510 ἀνὰ
773 1457 959 1527 μέρος·
992 1459 1320 1526 προσκυνεῖν
1344 1456 1401 1509 δὲ
1433 1456 1686 1526 ὁμολογεῖ
1714 1457 1809 1507 σὺν

220 1554 289 1621 τῇ
313 1550 542 1618 Θεότητι
573 1547 782 1601 τοῦτον⁴
810 1549 904 1601 καὶ
933 1548 994 1600 τὸ
1029 1548 1109 1601 ἔτι
1143 1547 1585 1616 δυσσεϐέστερον,
1606 1546 1682 1608 ὡς
1710 1546 1809 1599 οὐκ

220 1643 353 1693 ὂντα
390 1641 491 1711 μὲν
525 1641 665 1693 κατὰ
688 1640 750 1693 τὸ
774 1640 921 1702 εἰκὸς
948 1640 1080 1693 Θεὸν
1108 1638 1324 1709 ἀληθῶς
1355 1639 1451 1693 καὶ
1482 1639 1607 1691 Υίόν
1627 1654 1640 1667 °
1687 1654 1809 1690 συν-

222 1736 426 1800 ήγορον
457 1731 511 1782 δὲ
554 1731 820 1799 γεγονότα
852 1731 950 1800 τῆς
984 1728 1271 1793 αύθεντίας
1318 1728 1411 1781 τοῦ
1450 1730 1645 1795 Λόγου.
1684 1727 1807 1779 Ὅτι

1916 572 2035 617 esse
2060 571 2275 611 carnem
2307 575 2322 611 :
2350 555 2513 628 [Non,
2546 556 2744 625 inquit,
2787 554 3015 623 simplex
3040 563 3121 609 est
3154 556 3315 608 homo
3378 555 3496 622 ipse

1916 648 2189 711 Christus,
2244 662 2432 700 verum
2467 646 2631 701 etiam
2668 642 2856 716 Deus.]
2903 643 3007 697 Sed
3046 653 3103 696 ut
3149 643 3278 695 mihi
3315 644 3498 696 dicere

1917 739 2099 805 liceat,
2139 755 2257 802 nos,
2288 756 2319 791 0
2358 740 2440 793 vir
2490 738 2716 806 optime,
2753 736 3000 805 quamvis
3052 733 3200 789 illum
3248 734 3498 789 dicamus

1917 830 2192 889 hominem
2216 829 2375 885 simul
2395 838 2448 882 et
2481 829 2671 894 Deum,
2699 842 2802 881 non
2824 826 2937 885 haec
2960 824 3186 879 seorsim
3208 822 3499 879 dividendo

1917 920 2170 983 dicimus,
2200 920 2294 974 sed
2329 920 2506 987 potius
2548 920 2799 975 ennulem
2850 917 3087 972 scientes
3131 915 3297 969 etiam
3347 921 3501 966 ante-

1916 1024 2075 1077 quam
2114 1018 2259 1067 esset
2284 1009 2447 1065 homo
2503 1008 2698 1071 factus.
2728 1016 2783 1061 et
2837 1006 3062 1073 Filium,
3118 1013 3173 1059 ct
3220 1004 3411 1067 Deum,
3448 1009 3501 1056 et

1918 1102 2157 1157 Verbum
2197 1100 2400 1165 Patris,
2436 1100 2713 1154 hominem
2744 1114 2874 1152 vero
2909 1107 3092 1168 postea
3143 1095 3313 1149 nostri
3347 1093 3501 1149 simi-

1917 1193 2017 1251 lem
2042 1192 2249 1251 t’aetum
2288 1203 2343 1246 et
2360 1193 2721 1248 incarnatum.
2750 1190 2841 1249 llle
2859 1204 2985 1244 vero
3002 1204 3123 1244 cum
3142 1188 3371 1241 aﬂirmet
3394 1201 3499 1240 non

1915 1298 2036 1339 esse
2067 1283 2213 1336 illum
2238 1284 2440 1337 nudum
2468 1280 3185 1349 hominemintelligendum,
3216 1278 3309 1332 sed
3334 1279 3498 1332 Deum

1912 1382 1968 1429 et
2016 1373 2313 1437 hominem,
2347 1373 2589 1442 spineam
2636 1371 2854 1439 quidem
2907 1383 3162 1425 coronam
3195 1376 3247 1421 et
3274 1376 3499 1420 caeteras

1915 1464 2196 1531 passiones
2236 1462 2455 1532 proprie
2475 1477 2540 1515 ac
2569 1462 2797 1515 seorsim
2822 1459 3026 1514 homini
3054 1457 3262 1521 tribuit,
3310 1465 3364 1509 et
3405 1456 3500 1510 ad-

1913 1570 2069 1609 orare
2095 1569 2154 1608 se
2181 1556 2322 1608 hunc
2349 1554 2507 1608 simul
2548 1569 2670 1609 cum
2705 1552 2995 1606 Divinitate
3029 1550 3251 1613 fatetur,
3273 1558 3326 1601 et
3356 1546 3497 1616 quod

1913 1647 2018 1719 53
2054 1646 2222 1719 magis
2254 1646 2478 1716 impium
2508 1647 2597 1709 sit,
2630 1655 2886 1713 tanquam
2918 1658 3024 1697 non
3054 1644 3143 1704 sit,
3178 1652 3233 1693 ιιι
3261 1650 3342 1695 est
3368 1655 3499 1693 con.-

1912 1752 2261 1803 sentaneum,
2314 1752 2437 1791 vere
2482 1737 2626 1792 Dens
2676 1752 2739 1789 ac
2769 1735 2968 1797 Filius,
3017 1735 3106 1787 sed
3160 1731 3500 1789 auctoritatis

220 1823 333 1890 γὰρ
368 1823 642 1892 διῖστησιν
687 1823 956 1892 ἐναργῶς,
990 1826 1248 1892 σαφηνιεῖ
1290 1822 1449 1875 πάλιν
1480 1822 1540 1873 τὸ
1596 1824 1693 1874 σὺν
1743 1826 1806 1893 τῇ

1918 1830 2075 1889 Verbi
2111 1839 2371 1886 assertor.
2407 1828 2541 1881 Nam
2581 1832 2724 1894 quod
2761 1826 3041 1883 evidenter
3077 1824 3394 1891 distinguat,
3431 1837 3498 1874 ex

220 1912 453 1979 θεότητι
479 1911 903 1980 προσκυνεῖσθαι
937 1912 1045 1963 δεῖν
1077 1912 1241 1963 αὐτὸν
1263 1910 1564 1978 ὁμολογεῖν.
1599 1910 1673 1961 Τὸ
1700 1912 1809 1977 γὰρ

220 2004 396 2073 ἑτέρῳ
427 2003 1037 2073 συμπροσκυνούμενον,
1073 2003 1258 2072 ἕτερόν
1291 2019 1390 2054 που
1425 2002 1643 2064 πάντως
1693 2002 1810 2054 ἐστὶ

220 2094 355 2162 παρ’
384 2093 560 2143 ἐκεῖνο
592 2092 711 2161 μεθ’
746 2086 805 2145 οὗ
858 2091 1286 2162 προσκυνεῖσθαι
1333 2090 1568 2159 λέγεται.
1616 2091 1810 2160 Ἡμεῖς

216 2182 300 2245 δὲ,
348 2184 448 2252 μιᾷ
495 2183 862 2253 προσκυνήσει
908 2183 1072 2252 τιμᾷν
1118 2180 1406 2253 εἰθίσμεθα
1443 2182 1536 2234 τὸν
1598 2181 1809 2253 Ἐμμα-

216 2273 409 2345 νουήλ,
430 2273 489 2324 ού
522 2273 824 2335 διῖστάντες
858 2272 952 2324 τοῦ
986 2272 1161 2341 Λόγου
1189 2272 1249 2325 τὸ
1278 2272 1475 2327 ἑνωθὲν
1507 2271 1655 2342 αὑτῷ
1686 2272 1808 2325 καθ’

216 2364 521 2417 ὑπόστασιν
550 2362 731 2433 σῶμα.
767 2363 832 2416 Τί
864 2364 908 2415 δ’
944 2364 1009 2417 ἂν
1032 2366 1224 2424 νοοῖτο,
1257 2363 1315 2415 τὸ
1347 2365 1441 2433 τῆς
1476 2364 1623 2425 (λείας
1648 2365 1809 2433 συνὴο

215 2471 385 2526 γορον
438 2453 743 2518 αὐθεντίας,
799 2454 1110 2523 βασανίζειν
1158 2457 1343 2523 ἄξιον·
1393 2454 1501 2523 ἆρα
1556 2456 1662 2527 γὰρ
1718 2457 1811 2508 καὶ

216 2546 387 2606 αὐτὸς
421 2547 450 2599 ὁ
478 2544 679 2615 Κύριος
717 2546 874 2615 ἡμῶν
917 2546 1121 2615 Ἰησοῦς
1149 2548 1403 2616 Χριστὸς.
1432 2547 1553 2599 καθ’
1579 2547 1673 2598 ἕνα
1702 2546 1810 2598 τῶν

214 2638 396 2706 ἁγίων
473 2637 787 2690 ἀποστόλων
865 2640 961 2689 καὶ
1026 2638 1427 2705 εὐαγγελιστῶν
1496 2639 1681 2707 ἕτερον
1734 2637 1810 2708 τῷ

215 2732 416 2799 κόσμῳ
442 2729 732 2800 διεκήρυξε
763 2730 1015 2801 Χριστὸν,
1049 2732 1215 2805 ἤγουν
1266 2732 1392 2783 my
1440 2732 1532 2784 καὶ
1577 2732 1808 2802 Κύριον,

211 2826 296 2888 ὡς
331 2825 485 2877 θείαν
536 2823 730 2893 ἔχοντα
772 2824 871 2888 τὴν
918 2825 1001 2894 ἐφ’
1047 2824 1249 2877 ἅπασιν
1289 2824 1596 2889 αὐθεντίαν,
1644 2825 1812 2895 ἤγουν

214 2915 496 2982 ἐξουσίαν,
530 2913 896 2984 συνηγόρευσε
928 2914 983 2965 δὲ
1014 2914 1108 2967 καὶ
1138 2914 1298 2976 αὐτὸς
1327 2918 1392 2985 τῇ
1432 2915 1618 2985 ἑτέρου
1649 2914 1809 2987 δόξω

212 3008 419 3060 Καίτοι
448 3006 554 3060 τῶν
582 3005 867 3078 θεηγόρων
908 3007 939 3058 ό
989 3006 1166 3077 χορὸς,
1218 3006 1421 3077 Ἰησοῦν
1454 3007 1689 3078 Χριστὸν
1723 3009 1812 3061 τὸν

211 3102 286 3151 ἑκ
315 3099 630 3171 σπέρματος
648 3098 814 3155 Δαὸὶδ
842 3100 983 3153 κατὰ
1012 3099 1192 3169 σάρκα
1213 3098 1289 3168 τῷ
1313 3100 1503 3168 κόσμῳ
1520 3098 1811 3170 διακηρύτ-

211 3208 410 3244 τουσι·
449 3192 540 3245 καὶ
569 3191 665 3261 τῆς
714 3191 951 3255 πίστεως
992 3191 1147 3261 ἡμῶν
1194 3195 1220 3243 ό
1258 3192 1455 3261 τρόπος
1488 3191 1576 3245 διὰ
1606 3192 1704 3261 τῆς
1732 3194 1809 3255 εἰς

211 3284 386 3336 αὑτὸν
427 3282 718 3352 ὁμολογίας
750 3280 969 3352 ἔρχεται
990 3298 1003 3312 ·
1030 3282 1393 3352 δικαιούμεθα
1435 3283 1492 3336 δὲ
1525 3284 1811 3336 πιστεύον-

211 3390 332 3434 τες,
370 3372 469 3441 οὐχ
516 3374 593 3434 ὼς
632 3372 727 3424 ἕνα
765 3372 871 3425 τῶν
901 3371 1031 3425 καθ’
1076 3373 1221 3443 ἡμᾶς
1266 3373 1551 3442 ἄνθρωπον
1601 3373 1809 3437 ἁπλῶς,

212 3463 338 3516 ἀλλ’
364 3463 453 3525 εἰς
491 3465 585 3515 τὸν
627 3462 791 3530 φύσει
832 3480 891 3515 τε
926 3463 1021 3517 καὶ
1066 3463 1282 3533 ἀληθῶς
1320 3464 1450 3517 ὄντα
1493 3466 1647 3517 Θεόν.
1703 3468 1814 3519 Καὶ

212 3550 353 3620 τῶν
390 3551 523 3604 ἄθεα
550 3551 656 3621 μὲν
688 3552 756 3604 τὰ
800 3552 927 3626 ἔθνη
960 3552 1228 3605 διετέλουν
1270 3553 1412 3607 κατὰ
1455 3553 1545 3605 τὸν
1585 3554 1812 3625 κόσμον,

213 3646 462 3716 Χριστὸν
506 3645 607 3696 οὐκ
657 3644 839 3698 εἰδότα
887 3645 1039 3709 ποτὲ,
1095 3644 1239 3699 καθά
1269 3662 1434 3714 φησιν
1475 3648 1503 3698 ό
1546 3646 1814 3716 μακάριος

214 3735 480 3797 Παῦλοςο
516 3735 704 3804 ἐπειδὴ
748 3734 804 3787 δὲ
839 3735 1164 3803 ἐγνώκασιν,
1221 3737 1281 3787 οὐ
1330 3737 1702 3805 μεμενήκασιν
1758 3739 1815 3787 ὲν

216 3832 422 3900 ἀγνοίᾳ⁵
452 3830 543 3884 τοῦ
566 3831 707 3884 κατὰ
734 3830 898 3899 φύσιν
922 3831 1071 3893 ὄντος
1096 3832 1252 3884 Θεοῦ.
1281 3832 1491 3885 Οὐκοῦν
1518 3831 1817 3884 διδασκέτω

214 3926 290 3994 τῇ
321 3922 629 3993 τίνος
661 3924 755 3975 καὶ
780 3922 1041 3991 ab!)er
1074 3923 1473 3995 συνηγόρευσεν
1502 3925 1530 3976 ό
1554 3923 1813 3993 Χριστὸς,

216 4016 405 4071 καίτοι
450 4015 561 4067 τῶν
589 4015 927 4082 προσιόντων
958 4015 1110 4085 αὑτῷ
1152 4015 1257 4085 τὴν
1289 4015 1472 4071 πίστιν
1506 4015 1598 4083 ἐφ’
1634 4016 1814 4086 ἐαυτῷ

217 4107 329 4177 μὲν
366 4106 538 4160 αἰτῶν
558 4123 573 4137 ·
602 4106 879 4169 ἀνατιθεὶς
898 4106 955 4159 δὲ
995 4106 1199 4175 ταύτην
1222 4109 1280 4162 ὲν
1308 4106 1455 4177 αὑτῴ
1483 4106 1589 4177 [ἴθ’.
1616 4106 1814 4177 ἐαυτῷ]

210 4195 300 4267 τῷ
322 4195 525 4265 ﬁmi.
556 4196 665 4249 Καὶ
697 4196 828 4263 γοῦν
858 4195 1013 4264 ἔλεγε
1046 4213 1057 4224 ·
1094 4214 1112 4247 ι
1138 4195 1430 4253 Πιστεύετε
1462 4199 1541 4259 είς
1581 4198 1699 4267 ἐμὲ,
1725 4199 1818 4256 καὶ

209 4289 305 4350 εἰς
331 4287 426 4339 τὸν
453 4287 587 4340 Θεὸν
613 4287 952 4341 πιστεύετε-ι
970 4289 1069 4342 καὶ
1099 4288 1282 4344 πάλιν
1312 4308 1329 4339 ι
1352 4288 1411 4345 Ὀ
1441 4288 1710 4345 πιστεύων
1738 4291 1818 4352 εἰς

209 4379 349 4450 ἐμὲ,
380 4379 443 4431 ού
474 4379 721 4431 πιστεύει
749 4381 830 4442 εἰς
863 4380 984 4450 ἐμὲ,
1012 4381 1130 4437 ἀλλ’
1160 4381 1240 4444 είς
1267 4381 1359 4437 τὸν
1387 4381 1680 4450 πέμψαντά
1710 4398 1777 4450 με
1799 4400 1813 4412 ⁸

1914 1936 1978 1975 eo
2043 1935 2228 1974 rursus
2263 1919 2607 1989 perspicuum
2668 1919 2777 1978 ﬁet,
2831 1916 2972 1985 quod
3034 1930 3154 1967 cum
3212 1913 3501 1965 Div-initate

1916 2012 2090 2080 ipsum
2113 2024 2233 2065 esse
2256 2008 2589 2061 adorandum
2618 2008 2907 2063 conlitetur
2948 2026 2958 2060 :
3001 2005 3142 2072 quod
3189 2002 3333 2059 enim
3376 2016 3497 2055 cum

1914 2101 2084 2157 altero
2128 2100 2406 2161 aduratur,
2450 2099 2722 2151 diversum
2768 2107 2850 2151 est
2896 2112 3117 2164 prorsus
3161 2094 3225 2147 ab
3269 2108 3332 2147 eo
3376 2109 3498 2155 cum

1914 2205 2019 2257 quo
2063 2189 2281 2244 adorari
2326 2188 2664 2256 perhibetur.
2708 2185 2813 2239 Nos
2860 2202 2989 2241 vero
3035 2202 3137 2241 una
3182 2185 3499 2239 adoratione

1916 2284 2181 2336 honorare
2207 2281 2588 2336 consuevimus
2613 2278 3043 2342 Emtnanuelem,
3069 2293 3171 2330 non
3200 2277 3497 2330 dividentes

1914 2392 1940 2428 a
1970 2374 2147 2433 Verbo
2183 2389 2379 2443 corpus
2416 2372 2515 2442 ipsi
2553 2371 2850 2427 secundum
2889 2371 3225 2438 hypostasim
3264 2370 3495 2422 unitum.

1914 2465 2049 2535 Quid
2092 2473 2271 2521 autem
2307 2464 2615 2539 signiﬁcent
2659 2463 2750 2519 illa
2789 2463 2987 2526 verba,
3028 2461 3224 2517 divinae
3263 2470 3500 2514 asserto-

1914 2570 2026 2611 rem
2050 2555 2409 2615 auctoritatis.
2436 2554 2857 2611 examinandum
2880 2561 2981 2605 est.
3009 2550 3143 2607 Num
3169 2553 3309 2605 enim
3335 2551 3496 2605 etiam

1915 2648 2027 2721 ipsc
2064 2647 2323 2705 Dominus
2359 2655 2542 2701 noster
2571 2643 2728 2698 Josus
2760 2643 3010 2698 Christus
3046 2654 3102 2699 ut
3137 2658 3275 2699 unus
3308 2659 3336 2695 e
3370 2658 3497 2701 san-

1913 2738 2016 2799 ctis
2050 2738 2307 2815 apostolis
2337 2746 2389 2792 et
2419 2735 2790 2805 evangelistis,
2819 2736 2982 2791 alium
3013 2736 3211 2797 mundo
3242 2735 3496 2803 praedica-

1915 2831 1987 2892 vit
2019 2827 2321 2895 Christum,
2357 2829 2437 2885 vel
2478 2827 2700 2891 Filium.
2738 2828 2818 2880 vel
2858 2828 3165 2891 Dominum,
3200 2836 3260 2878 ut
3296 2827 3500 2878 haben-

1916 2934 2019 2976 tem
2045 2924 2110 2975 ad
2135 2922 2316 2977 omnia
2341 2921 2579 2975 divinam
2606 2921 2984 2975 auctoritatem
3011 2920 3123 2973 sive
3152 2927 3496 2987 potestatem,

1913 3026 1967 3068 et
1996 3015 2111 3083 ipse
2138 3012 2363 3069 alterius
2394 3011 2622 3081 gloriam
2657 3008 2930 3063 asseruit?
2962 3007 3123 3075 Atqui
3158 3008 3357 3071 chorus
3388 3008 3500 3085 ipse

1918 3106 2009 3161 Dei
2036 3104 2456 3174 praedicatorum
2485 3100 2669 3156 Jesum
2699 3098 2977 3153 Christum
3012 3097 3159 3151 illum
3193 3111 3258 3151 ex
3292 3097 3502 3151 semine

1919 3198 2083 3252 David
2113 3194 2407 3250 secundum
2439 3207 2659 3247 carnem
2693 3190 2970 3258 praedicat,
3003 3198 3056 3240 et
3092 3188 3203 3256 ipsa
3242 3184 3365 3239 ﬁdei
3400 3200 3498 3237 no-

1916 3301 2041 3346 strae
2074 3289 2213 3347 ratio
2240 3303 2339 3361 per
2368 3284 2768 3344 confessionem
2800 3281 2850 3335 in
2883 3295 3004 3341 eum
3042 3278 3238 3341 factam
3275 3278 3449 3353 pergit
3482 3292 3495 3328 :

1911 3382 2383 3453 justiticamurqtte
2409 3393 2473 3431 eo
2504 3376 2621 3443 ipso
2649 3374 2790 3443 quod
2820 3372 3090 3432 credimus
3121 3386 3222 3424 non
3255 3379 3310 3429 ιιι
3334 3385 3498 3433 tutum

1917 3493 1947 3531 e
1980 3475 2141 3531 intubis
2184 3472 2453 3527 hominem
2495 3468 2818 3537 simplicem,
2856 3466 2952 3521 sed
2995 3464 3048 3518 in
3092 3464 3265 3541 ipsum
3308 3471 3501 3517 natura

1917 3582 2151 3636 vereque
2180 3567 2370 3619 Deum.
2405 3565 2586 3631 Itaque
2618 3562 2738 3616 sine
2772 3561 2877 3617 Deo
2909 3566 3096 3627 gentes
3126 3563 3284 3609 erant
3314 3552 3365 3615 in
3398 3553 3500 3606 hoc

1919 3658 2138 3721 mundo,
2173 3655 2448 3709 Christum
2486 3653 2797 3721 ignorantes
2833 3648 3147 3724 aliquando,
3181 3656 3237 3699 ιιι
3272 3645 3344 3697 ait
3380 3645 3501 3697 bea-

1921 3761 2006 3805 tus
2038 3748 2236 3805 Paulus
2261 3745 2303 3776 ³⁷
2338 3763 2350 3799 :
2388 3744 2474 3803 ubi
2506 3759 2633 3805 vero
2668 3741 2816 3794 illum
2850 3746 3207 3808 agnoverunt,
3240 3752 3343 3789 non
3379 3748 3501 3803 per-

1922 3845 2235 3892 manserunt
2283 3834 2453 3907 ignari
2500 3834 2614 3900 eius
2655 3832 2743 3899 qui
2791 3832 3085 3884 secundum
3130 3837 3376 3880 naturam
3419 3833 3501 3877 est

1921 3930 2078 3985 Deus.
2115 3927 2277 3997 Igitur
2310 3926 2501 3981 doceat
2539 3923 2689 3991 cujus
2730 3920 2913 3987 gloriae
2956 3928 3009 3971 et
3052 3917 3362 3971 auctoritati
3408 3930 3502 3983 pa-

1923 4021 2220 4075 trocinalus
2249 4020 2318 4073 sit
2345 3998 2636 4071 Christus:
2667 4012 2876 4069 tametsi
2906 4011 2974 4063 ab
3008 4009 3315 4063 hominibus
3346 4007 3411 4059 ad
3442 4022 3501 4059 se

1920 4109 2298 4162 accedentibus
2327 4108 2482 4161 ﬁdem
2514 4105 2566 4159 in
2599 4104 2839 4171 seipsum
2866 4101 3066 4170 exigat,
3095 4109 3149 4151 et
3176 4112 3294 4150 eam
3326 4097 3499 4163 ipsam

1922 4202 1974 4256 in
2004 4217 2064 4254 se
2096 4200 2194 4269 ipsi
2227 4199 2373 4253 Patri
2407 4198 2696 4257 attribuat,
2732 4194 2910 4269 itaque
2939 4191 3149 4247 dicebat
3181 4204 3194 4243 :
3232 4207 3248 4239 ι
3283 4187 3499 4249 Credite

1922 4292 1972 4346 in
2012 4309 2118 4359 me,
2150 4300 2205 4346 et
2240 4292 2293 4345 in
2332 4291 2498 4345 Deum
2539 4287 2746 4343 credite
2775 4285 2856 4349 M’;
2894 4303 2917 4345 ,ι
2959 4294 3011 4338 et
3049 4284 3239 4341 iterum
3281 4299 3294 4334 :
3339 4297 3357 4331 ι
3398 4278 3501 4349 Qui

1922 4387 2094 4440 credit
2124 4386 2175 4437 in
2210 4400 2314 4445 me,
2349 4398 2454 4435 non
2486 4383 2657 4436 credit
2687 4384 2742 4435 in
2776 4396 2882 4445 me,
2912 4376 3005 4435 sed
3040 4376 3089 4435 in
3116 4389 3244 4427 eum
3278 4371 3367 4440 qui
3400 4371 3501 4423 mi-

208 4471 317 4523 καὶ
337 4471 367 4522 ό
392 4469 615 4539 θεωρῶν
644 4471 767 4540 ἐμὲ,
803 4472 996 4541 θεωρεῖ
1023 4474 1114 4527 τὸν
1148 4473 1443 4543 πέμψαντά
1473 4491 1562 4543 με.
1601 4493 1619 4523 ›
1669 4473 1807 4525 Ἀλλ’

1918 4480 1985 4532 sit
2034 4494 2118 4531 me
2138 4476 2204 4529 ⁸⁸.
2258 4496 2275 4526 ι
2323 4475 2427 4528 Sed
2476 4475 2705 4527 fortasse
2750 4473 2851 4524 hoc
2891 4469 3113 4522 verbum
3160 4464 3498 4534 συνηγορεῖν,

209 4564 353 4623 ἴσως
380 4560 444 4613 τὸ
476 4564 798 4633 συνηγορεῖν
832 4562 975 4616 κατὰ
1012 4564 1072 4616 τὸ
1103 4563 1251 4633 αὐτῷ
1277 4563 1489 4626 δοκοῦν,
1538 4564 1677 4634 τάχα
1707 4581 1811 4616 που

209 4653 601 4721 πεμφήνειεν
636 4653 704 4705 ἂν
766 4653 827 4707 τὸ
875 4656 1190 4725 ίσηγορείν·
1227 4655 1423 4726 ἐφίημι
1472 4656 1602 4725 γὰρ,
1642 4657 1818 4708 καίτοι

207 4744 323 4812 τῆς
351 4741 555 4805 λέξεως
617 4742 812 4813 ἑτέραν
836 4744 1071 4815 ἐχούσης
1105 4746 1205 4815 τὴν
1236 4744 1487 4815 δήλωσιν.
1518 4743 1654 4801 Εἶτα
1700 4747 1818 4817 πῶς

214 4839 610 4904 ίσηγορήσειεν
662 4835 730 4886 ἂν
777 4835 1063 4906 ἄνθρωπος
1090 4836 1217 4906 θεῷ
1262 4837 1402 4890 κατὰ
1444 4838 1527 4901 σὲ,
1576 4838 1668 4890 καὶ
1722 4839 1818 4899 τὰς

210 4930 284 4979 ὲκ
328 4926 440 4981 τῶν
502 4926 769 4981 Ἰουδαίων
808 4928 1109 4997 παροινίας
1152 4928 1484 4997 ,διενεγηκών;
1516 4930 1658 4999 Φέρε
1708 4930 1815 4998 γὰρ

210 5020 312 5070 τὸν
332 5018 591 5087 ἐκατέρῳ
618 5018 901 5089 πρέποντα
916 5019 1365 5090 -καταθρήσωμεν
1392 5021 1572 5088 λόγον.
1611 5022 1719 5089 Elge
1730 5038 1814 5072 ποι

209 5112 262 5163 δ’
292 5110 361 5162 ἂν
384 5110 574 5161 etv:st
612 5109 690 5177 τῷ
737 5126 798 5176 γε
816 5109 940 5164 ﬁve:
966 5110 1097 5179 Θεῷ
1134 5111 1275 5163 κατὰ
1319 5111 1512 5179 φύσιν·
1546 5112 1685 5180 Εἰμὶ
1716 5113 1813 5181 μὲν

213 5202 482 5271 ἀόρατος,
516 5201 754 5270 ἀναφὴς,
779 5203 873 5253 καὶ
901 5200 995 5253 τοῦ
1031 5201 1225 5255 παθεῖν
1253 5202 1545 5273 ἀνώτερος,
1585 5203 1678 5255 καὶ
1708 5202 1815 5271 μὴν

212 5296 315 5345 καὶ
334 5294 663 5360 ἀσώματος,
690 5293 803 5365 ζωὴ
822 5294 1235 5359 καὶᾷδοποιὸς,
1270 5294 1575 5347 itaita:de
1598 5294 1816 5347 πάντων

209 5388 297 5447 ὡς
324 5385 492 5445 -Θεός.
544 5386 603 5436 ⁷0
640 5384 696 5437 δὲ
721 5389 820 5455 τὴν
864 5387 999 5441 ἰδίαν
1045 5389 1198 5458 ἡμῖν,
1242 5386 1478 5448 ὃπωςᾶν
1500 5386 1618 5454 ἔχοι
1657 5384 1818 5452 φύσιν

211 5477 617 5546 ἐξηγούμενος,
654 5476 757 5547 ἔφη
806 5478 874 5531 ἂν
922 5480 1186 5541 εἰκότως·
1253 5476 1479 5546 ἶϋρατός
1522 5478 1674 5545 εἰμι,
1726 5475 1820 5527 καὶ

210 5567 392 5630 ἁπτός
413 5584 427 5597 ’
474 5568 740 5638 παθητὸς,
771 5570 865 5620 καὶ
886 5569 989 5622 ὑπὸ
1011 5569 1238 5639 φθορὰν,
1270 5568 1360 5621 καὶ
1397 5566 1501 5619 ὑπὸ
1526 5566 1664 5636 Θεῷ.
1691 5563 1819 5634 Ἆρ’

308 5747 566 5817 “Ephes.
601 5761 660 5811 Il,
712 5747 796 5801 12.
874 5748 919 5778 ⁸⁸
955 5748 1109 5802 Joan.
1151 5762 1259 5811 ιμ’,
1300 5746 1348 5797 1.

1426 5746 1470 5778 θ’
1499 5743 1656 5799 Joan.
1693 5758 1790 5803 xu,
1821 5740 1910 5794 M.

1923 4569 2063 4635 qnml
2111 4567 2437 4635 patrocinari
2492 4565 2768 4625 diximm,
2816 4560 3122 4614 subindicat
3172 4557 3310 4610 idem
3358 4554 3499 4624 quod

1926 4660 2230 4728 ἰσηγορεῖν,
2269 4659 2370 4711 hoc
2409 4666 2526 4719 est,
2563 4672 2624 4707 ex
2669 4668 2825 4720 inquo
2858 4651 3161 4721 pra-dicare
3198 4665 3211 4700 :
3247 4645 3502 4716 permitto

1923 4752 2088 4813 enim,
2110 4748 2359 4816 quamvis
2392 4748 2505 4800 huic
2536 4746 2701 4799 dictio
2722 4745 2892 4807 ,aliam
2920 4743 3121 4803 habent
3142 4738 3500 4819 significatio-

1924 4858 2064 4892 nem.
2096 4838 2258 4913 Atqui
2293 4837 2561 4903 quomodo
2593 4851 2659 4895 ex
2690 4848 2843 4907 atquo
2874 4831 2941 4891 ,dc
2968 4846 3027 4891 se
3061 4830 3311 4896 loquatur
3339 4826 3501 4887 homo

1924 4933 2150 5000 perinde
2178 4946 2242 4983 ac
2268 4928 2436 4995 Deus,
2465 4938 2521 4981 ut
2551 4936 2607 4981 tu
2638 4935 2816 4995 putas,
2836 4932 2897 4978 .et
2926 4924 3015 4991 qui
3044 4920 3297 4981 aJudaeis
3327 4918 3501 4971 illatas

1922 5019 2280 5083 contumelias
2304 5017 2565 5087 pertulit?
2595 5017 2705 5090 Age
2738 5012 2905 5085 enim,
2934 5026 3248 5079 sermonem
3286 5009 3502 5089 utrique

1921 5112 2330 5169 convenientem
2375 5108 2778 5165 consideremus
2822 5126 2832 5159 :
2868 5121 3002 5163 nam
3037 5118 3165 5163 vero
3204 5102 3500 5165 secundum

1923 5213 2171 5267 naturam
2205 5202 2315 5257 Deo
2344 5201 2596 5259 convenit
2625 5200 2805 5254 dicere
2840 5218 2853 5253 :
2885 5198 2998 5273 Ego
3027 5212 3145 5257 sum
3181 5193 3499 5257 invisibilis,

1923 5296 2303 5359 intractabilis,
2332 5294 2713 5363 impassibilis.
2744 5294 3118 5361 incorporeus,
3149 5291 3275 5344 item
3310 5286 3414 5349 vita
3449 5293 3499 5338 et

1923 5386 2249 5450 viviﬁcator,
2274 5395 2329 5447 et
2355 5400 2516 5453 supra
2546 5384 2728 5439 omnia
2759 5394 3018 5458 tanquam
3046 5382 3188 5437 Deus
3217 5398 3230 5434 :
3259 5378 3347 5432 hic
3375 5392 3500 5439 vera

1928 5476 1974 5535 si
2005 5492 2101 5537 sua
2133 5478 2289 5537 nobis
2320 5486 2513 5541 natura
2544 5488 2598 5530 ιιι
2628 5476 2828 5532 habeat
2856 5484 3115 5543 exponat,
3142 5474 3285 5527 dicet
3314 5470 3499 5537 utique

1928 5576 1988 5618 ut
2018 5580 2114 5634 par
2141 5576 2223 5621 est
2257 5584 2269 5621 :
2300 5566 2539 5622 Visibilis
2567 5582 2719 5631 sum,
2752 5575 2806 5621 et
2835 5564 3166 5628 tractabilis,
3199 5558 3499 5631 passibilis,
