4024 6538
681 396 748 451 99
1730 394 1787 449 s.
1831 388 2102 449 CYltlLLl
2142 365 2609 447 nauseam
2650 393 2963 451 Αιιωιιιςῐι.

3827 408 3912 461 100

681 519 734 563 et
770 509 1103 579 corruptioui
1144 510 1451 580 subjectus,
1487 523 1550 565 ac
1585 512 1685 565 sub
1722 513 1830 565 Deo
1868 529 1882 565 :
1920 528 2044 565 num
2088 511 2222 580 igitu

2360 502 2472 573 οῦν,
2508 511 2537 561 ό
2585 510 2654 562 τὰ
2699 511 2879 564 τοιάδε
2925 512 3121 579 λέγων,
3157 514 3534 584 ισηγορήσειεν
3564 515 3631 568 ἂν
3661 516 3739 585 τῷ
3770 520 3909 587 προῦ-

677 598 767 667 qui
807 598 931 652 talia
969 598 1131 664 dicit,
1169 599 1214 655 is
1247 614 1399 669 teque
1434 601 1498 655 de
1531 616 1589 654 se
1625 601 1936 670 praedicabit
1972 611 2130 670 atque
2163 600 2254 655 ille

678 687 786 760 54
826 692 1168 758 prwstantior
1205 702 1257 746 et
1294 692 1665 759 excellentior,
1712 697 1852 762 quod
1897 694 1963 747 ad
2004 709 2115 748 sua:
2155 708 2252 747 na-

679 788 813 830 tura:
852 779 1043 833 attinet
1086 781 1352 836 rationes?
1389 784 1532 852 atqui
1574 784 1844 853 quomodo
1885 799 1990 837 non
2029 783 2082 837 id
2119 783 2253 838 stul-

678 878 787 920 mm
823 870 889 923 sil
925 869 1144 924 dicere?
1175 886 1296 925 nam
1334 882 1425 926 aut
1457 873 1545 927 ille
1580 890 1822 944 prorsus,
1855 886 1947 928 aut
1981 875 2067 929 hic
2102 890 2252 930 men-

677 959 861 1015 tietur.
883 962 1254 1018 Assertionem
1272 979 1400 1019 vero
1420 981 1540 1019 cum
1561 967 1713 1031 dicis,
1734 967 1848 1020 sive
1868 967 2245 1036 patrocinium,

676 1051 753 1103 sic
789 1068 1020 1120 namque
1056 1053 1215 1109 liceat
1246 1054 1427 1110 dicere
1460 1057 1871 1128 συνηγόρευσιν,
1908 1073 2086 1113 nonne
2117 1058 2251 1113 alte-

677 1156 792 1194 rum
828 1158 1013 1199 rursus
1044 1147 1330 1213 quemdam
1363 1146 1518 1201 alteri
1557 1148 1881 1217 patrocinari
1913 1149 2075 1203 etiam
2109 1148 2250 1202 inri-

675 1242 758 1283 ltls
799 1234 910 1301 ipse
950 1235 1256 1301 conﬁteris,
1292 1240 1382 1305 qui
1423 1240 1579 1293 nobis
1616 1239 2014 1308 coniunctionis
2052 1254 2245 1294 nomen

672 1339 1094 1389 commemoras,
1135 1338 1187 1381 et
1233 1344 1398 1383 unum
1446 1329 1717 1385 Christum
1763 1341 1816 1385 ct
1860 1331 2145 1385 Dominum
2190 1332 2244 1384 in

672 1416 778 1468 duo
809 1417 1051 1472 dividens
1082 1417 1307 1482 adoras,
1342 1420 1450 1474 imo
1480 1437 1607 1476 vero
1639 1423 1798 1476 simul
1831 1426 2056 1487 adoras,
2090 1435 2144 1476 et
2174 1414 2246 1476 li-

672 1509 859 1561 I-erare
907 1517 957 1563 te
1010 1520 1165 1577 putas
1217 1511 1512 1566 Ecclesiam
1563 1514 1923 1570 deificatiouis
1973 1516 2238 1581 crimine,

668 1613 789 1651 cum
828 1598 941 1666 ipse
974 1600 1189 1655 deilices
1225 1602 1518 1665 hominem,
1543 1616 1598 1657 et
1636 1621 1739 1659 nou
1779 1623 1942 1659 unum
1980 1607 2131 1660 dicas
2155 1606 2242 1660 Fi-

670 1688 820 1749 lium,
850 1689 1064 1755 etiamsi
1119 1706 1221 1745 non
1251 1702 1401 1747 extra
1432 1695 1706 1762 propriam
1734 1712 1952 1750 carnem
1981 1698 2244 1767 intelligat-

670 1780 791 1833 tur?
817 1780 1083 1836 Adorabis
1113 1786 1256 1836 enim
1289 1794 1413 1837 tunc
1445 1799 1679 1856 quoque,
1712 1789 1805 1842 sed
1836 1789 1952 1843 sine
1980 1789 2236 1856 crimine;

664 1880 718 1924 et
747 1886 1042 1940 cognosces
1075 1875 1161 1928 ubi
1198 1890 1337 1938 eras,
1370 1889 1428 1929 ut
1462 1880 1722 1947 scriptum
1754 1889 1855 1945 est,
1889 1895 2009 1934 cum
2041 1895 2069 1933 a
2099 1881 2240 1934 veri-

666 1962 790 2016 tatis
826 1964 1092 2031 dngmatis
1129 1968 1437 2021 aberrares.
1474 1970 1544 2022 At
1575 1969 1751 2033 enim,
1789 1971 1988 2039 inquit,
2030 1971 2240 2040 leproso

663 2055 796 2108 dixit
826 2074 839 2108 :
874 2076 891 2106 (
926 2057 1075 2118 Volo,
1102 2061 1365 2114 mundare
1389 2060 1467 2126 '°;
1504 2081 1522 2112 ι
1549 2070 1603 2115 et
1632 2061 1754 2117 lilia:
1783 2064 2192 2134 archisynagogi
2222 2082 2235 2118 :

666 2163 685 2195 ι
712 2142 915 2208 Puella,
943 2148 1193 2214 surge“;
1225 2168 1242 2198 ι
1274 2158 1324 2200 et
1350 2151 1484 2202 mari
1509 2165 1523 2203 :
1551 2169 1568 2201 ι
1596 2150 1756 2217 Tace,
1783 2153 2184 2218 obmutesce";
2213 2173 2231 2205 ι

661 2235 813 2288 ineo
848 2235 1011 2305 igitur
1071 2238 1300 2292 dicendo
1352 2257 1535 2295 conies
1588 2258 1651 2296 ac
1703 2243 2053 2312 pariloquens
2086 2245 2184 2299 fuit
2220 2262 2236 2313 ;

660 2342 783 2378 nam
816 2326 999 2380 divina
1032 2330 1191 2382 verba
1229 2330 1605 2398 eloquebatur,
1641 2349 1736 2401 per
1766 2348 1887 2402 qua:
1922 2334 2080 2390 facile
2112 2351 2236 2390 om-

659 2416 747 2468 nia
779 2415 1041 2484 perﬁcere
1070 2417 1285 2473 licebat.
1318 2421 1429 2474 Duo
1460 2423 1623 2491 igitur
1649 2433 1805 2477 erant
1836 2426 1927 2495 qni
1959 2426 2237 2497 prmcipie-

659 2507 810 2569 bant,
842 2516 895 2560 et
933 2509 1214 2578 utriusque
1248 2525 1368 2567 esse
1402 2516 1759 2569 concedemus
1784 2516 1949 2569 verba
1984 2519 2234 2572 omnibus

656 2594 724 2648 de
756 2598 914 2648 rebus
945 2596 1172 2664 prolata.
1203 2598 1335 2653 Cum
1366 2608 1497 2670 ergo
1528 2603 1657 2657 dicit
1689 2620 1703 2657 :
1740 2622 1759 2654 ι
1797 2606 1937 2670 Quid
1972 2621 2058 2660 me
2089 2622 2234 2675 qua:-

660 2684 779 2738 ritis
828 2685 1170 2752 interficere,
1224 2690 1496 2745 hominem
1548 2692 1638 2764 qui
1690 2695 1973 2751 veritatem
2024 2697 2234 2754 locutus

655 2791 775 2831 sum
805 2778 955 2831 vobis
978 2777 1059 2832 ⁵³2
1094 2799 1113 2830 ι
1148 2781 1333 2849 cujus,
1362 2782 1589 2841 obsecro
1622 2796 1702 2849 te,
1736 2788 2041 2857 hujusmodi
2070 2791 2233 2847 verba

656 2884 776 2925 esse
811 2870 984 2925 diris?
1017 2886 1085 2925 an
1122 2872 1209 2927 illa
1248 2876 1463 2941 quidem
1499 2877 1601 2948 ipsi
1633 2879 1810 2937 Verbo
1849 2882 2077 2949 tribues,
2114 2884 2231 2939 hzec

655 2973 782 3012 vero
819 2970 1070 3030 tauquam
1104 2964 1307 3019 homini
1344 2966 1572 3024 aVerbo
1604 2971 1838 3039 diverso,
1870 2973 1971 3042 ipsi
2007 2988 2071 3027 ex
2111 2990 2231 3030 mu~

654 3051 785 3104 liere
826 3052 1040 3119 genito?
1084 3054 1189 3109 Sed
1231 3070 1337 3126 quo
1378 3057 1497 3114 loco
1536 3075 1705 3129 pones
1744 3063 1959 3118 beatum
2002 3062 2227 3119 Paulum

2357 614 2503 665 χοντι
2558 598 2653 650 καὶ
2702 599 3106 671 ὑπερκειμένῳ,
3157 602 3299 656 κατά
3355 619 3419 669 γε
3482 605 3609 666 τοὺς
3655 606 3753 674 τῆς
3798 607 3909 671 ἰξίας

2356 686 2569 753 φύσεως
2599 688 2817 756 λόγους;
2851 686 2995 743 Εἶτα
3018 691 3134 754 πῶς
3165 692 3324 745 τοῦτο
3350 694 3450 745 οὐκ
3481 694 3689 763 ἀμαθὲς
3721 698 3907 764 εἰπεῖν;

2352 778 2703 847 διαψεύσεται
2745 781 2854 851 γάρ
2910 783 3213 855 πάντως,ἢ
3264 786 3492 849 ἐκεῖνος,
3517 788 3568 857 li}
3604 783 3773 851 οὗτος.
3802 791 3908 841 Συν-

2353 870 2580 941 ηγορίαν
2599 871 2654 924 δὲ
2682 871 2877 941 λέγων,
2906 873 3074 943 ἤγουν
3106 875 3520 946 συνηγόρευσιν,
3552 877 3651 946 οὐχ
3676 877 3852 947 ἕτερόν
3865 897 3907 930 τι

2353 960 2514 1013 πάλιν
2544 962 2720 1033 ἑτέρῳ
2752 967 3064 1034 συνηγορεῖ,
3097 965 3192 1017 καὶ
3238 966 3339 1036 οὐχ
3387 967 3530 1020 ἑκὼν
3570 968 3859 1037 ὁμολογεῖς,
3886 971 3907 1020 ὁ

2354 1049 2649 1119 συνάφειαν
2676 1053 2806 1121 ἡμῖν
2832 1050 3134 1121 ὀνομάζων,
3163 1052 3257 1104 καὶ
3285 1052 3382 1106 ἕνα
3407 1052 3646 1123 Χριστὸν
3682 1054 3773 1106 καὶ
3813 1056 3906 1107 Κύ-

2352 1156 2499 1211 ριον*
2544 1142 2640 1195 καὶ
2691 1142 2906 1213 τέμνων
2957 1144 3038 1206 είς
3089 1143 3184 1196 δύο
3232 1146 3589 1215 προσκυνεῖς·
3633 1144 3825 1214 μᾶλλον
3863 1147 3906 1198 δὲ

2351 1236 2820 1303 συμπροσκυνεῖςο
2869 1235 2964 1287 καὶ
3006 1234 3372 1288 ἀπαλλάττειν
3402 1235 3505 1287 οἴει
3547 1234 3646 1305 τήν
3701 1236 3906 1305 Ἐκκλη-

2352 1324 2468 1376 σίαν
2522 1322 2614 1375 τοῦ
2650 1324 2749 1393 τῆς
2777 1323 3053 1387 θεοποιΐας
3090 1324 3454 1396 ἐγκλήματος,
3484 1325 3747 1378 θεοποιῶν
3772 1324 3905 1389 αὐτὸς

2347 1414 2649 1485 ἄνθρωπον,
2683 1416 2777 1469 καὶ
2803 1417 2901 1485 οὺχ
2931 1417 3025 1468 ἕνα
3070 1416 3246 1484 λέγων
3280 1417 3427 1481 Υίὸν,
3462 1416 3566 1470 κᾶν
3611 1417 3659 1468 εί
3696 1416 3770 1487 μή
3804 1416 3905 1486 δίχα

2347 1509 2515 1559 νοοῖτο
2540 1508 2638 1576 τῆς
2670 1508 2804 1570 ἰδίας
2830 1509 3033 1578 σαρκός
3055 1526 3068 1574 ;
3114 1510 3524 1580 Προσκυνήσεις
3546 1510 3657 1582 γὰρ
3686 1512 3801 1563 τότε
3828 1512 3908 1563 καὶ

2345 1597 2733 1668 ἀνεγκλήτως·
2789 1600 2885 1652 καὶ
2928 1600 3112 1671 γνώσῃ
3165 1599 3268 1653 ποῦ
3322 1595 3489 1671 ἦσθα,
3537 1602 3681 1655 κατὰ
3723 1603 3783 1655 τὸ
3828 1618 3906 1669 γε·-

2344 1689 2683 1759 γραμμένον,
2718 1689 2824 1741 τῶν
2853 1689 2953 1758 τῆς
2989 1690 3249 1761 ἀληθείας
3277 1690 3590 1760 ἀποφοιτών
3616 1692 3905 1760 δογμάτων.

2359 1780 2517 1833 Ἀλλά
2546 1780 2657 1843 ναὶ,
2691 1780 2879 1849 φησὶν,
2914 1782 3104 1851 εἴρηκε
3128 1781 3205 1852 τῷ
3231 1781 3439 1852 λεπρῷ,
3483 1802 3501 1833 ι
3537 1783 3711 1845 Θέλω,
3757 1784 3908 1836 καθα-

2345 1871 2581 1941 ρίσθητι·
2626 1892 2643 1922 ι
2684 1874 2779 1925 καὶ
2806 1875 2871 1943 τῇ
2900 1872 2994 1926 τοῦ
3032 1873 3485 1943 ἀρχισυναγώγου
3510 1873 3761 1943 θυγατρὶ,
3794 1893 3811 1925 ι
3855 1877 3907 1926 'H

2341 1963 2489 2025 παῖς,
2541 1961 2786 2031 ἔγειραι·
2823 1981 2841 2012 ›
2892 1968 2985 2016 καὶ
3026 1966 3092 2035 τῇ
3140 1964 3406 2034 θαλάσσῃ,
3440 1984 3458 2015 ι
3491 1963 3714 2027 Σιώπα,
3762 1966 3907 2034 πεφί-

2342 2069 2512 2121 μωσο.
2583 2073 2603 2105 ›
2658 2055 2966 2125 Συνήγορος
3013 2055 3069 2108 δὲ
3114 2056 3257 2108 κατὰ
3287 2055 3483 2109 τοῦτο·
3519 2057 3646 2118 τοὺς
3689 2056 3795 2128 γάρ
3840 2074 3908 2108 τοι

2339 2142 2516 2207 θείους
2549 2142 2848 2213 ἐφθέγγετο
2876 2145 3087 2214 λόγους,
3120 2146 3187 2199 δι’
3216 2138 3290 2199 ὧν
3333 2142 3401 2217 ἦν
3447 2146 3623 2200 πάντα
3665 2147 3907 2200 δύνασθαι

2338 2234 2637 2303 κατορθοῦν
2684 2236 2945 2301 εὐκόλως.
2978 2236 3081 2290 Δύο
3130 2237 3194 2308 δὴ
3238 2233 3333 2291 οὖν
3376 2239 3425 2291 ot
3472 2240 3907 2307 προστάττοντες,

2337 2326 2430 2381 καὶ
2476 2328 2805 2399 ἀμφοτέρων
2857 2325 2995 2383 εἶναι
3040 2329 3286 2400 δώσομεν
3327 2330 3452 2393 τοὺς
3503 2331 3589 2399 ἐφ’
3622 2333 3794 2385 ἅπασι
3837 2333 3910 2386 λό-

2335 2434 2486 2485 γους.
2516 2418 2687 2473 Ὅταν
2729 2416 2823 2473 οῦν
2863 2420 3016 2492 λέγῃ,
3062 2441 3078 2473 ι
3115 2421 3182 2474 Τί
3210 2438 3278 2492 με
3318 2422 3529 2492 ζητεῖτε
3578 2424 3907 2487 ἀποκτεῖναι,

2334 2509 2645 2580 ἄνθρωπον,
2673 2510 2732 2575 ὃς
2757 2513 2857 2583 τὴν
2883 2513 3139 2583 ἀλήθειαν
3170 2514 3298 2583 ὑμῖν
3345 2514 3656 2584 λελάληκας
3700 2533 3719 2568 ι
3757 2516 3905 2579 τίνος,

2335 2603 2456 2656 εἰπέ
2484 2621 2593 2673 μοι,
2618 2605 2746 2669 τοὺς
2795 2606 3040 2659 τοιούσδε
3062 2606 3252 2673 λόγους
3278 2600 3419 2659 εἶναι
3449 2609 3589 2678 φής;
3616 2608 3648 2678 ἢ
3681 2608 3909 2670 ἐκείνους

2336 2693 2438 2762 μὲν
2473 2693 2767 2764 ἀπονέμεις
2792 2695 2870 2766 τῷ
2909 2696 3088 2765 Λόγῳ,
3117 2696 3342 2758 τούτους
3367 2712 3429 2764 γε
3475 2696 3581 2765 μὴν
3608 2695 3689 2757 ὡς·
3713 2694 3908 2765 ἀνθρώ-

2335 2800 2423 2852 πῳ
2465 2784 2594 2855 παρ’
2625 2785 2787 2838 αὐτὸν
2827 2786 2998 2857 ἑτέρῳ
3036 2786 3114 2856 τῷ
3166 2788 3230 2839 ἐκ
3272 2786 3567 2854 γυναικόςς
3613 2781 3751 2839 Εἶτα
3797 2788 3908 2839 ὅποι

2337 2877 2465 2929 ποτὲ
2496 2876 2681 2949 θήσεις
2722 2877 2812 2930 τὸν
2847 2877 3138 2948 ἱερώτατον
3173 2877 3406 2939 Παῦλον,
3437 2876 3664 2945 λέγοντα
3692 2876 3873 2945 σαφῶς
3894 2892 3905 2904 ’

2340 2988 2358 3018 ι
2410 2970 2569 3039 Ἡμῖν
2599 2970 2655 3022 δὲ
2682 2965 2760 3033 εἷς
2788 2970 2920 3033 Θεὸς
2946 2974 2973 3024 ό
3002 2971 3211 3041 Πατὴρ.
3255 2969 3313 3034 ἐξ
3364 2964 3424 3023 οῦ
3470 2968 3538 3022 τὰ
3579 2970 3783 3032 πάντα,
3824 2968 3909 3019 καὶ

2333 3060 2495 3128 ἡμεῖς
2525 3060 2605 3122 εἰς
2631 3060 2793 3113 αὐτόν
2818 3077 2832 3091 ·
2856 3062 2950 3114 καὶ
2980 3056 3061 3125 εἷς
3089 3061 3293 3131 Κύριος
3333 3060 3539 3131 Ἰησοῦς
3563 3061 3819 3132 Χριστὸς,
3848 3062 3909 3113 δι’

656 3150 840 3207 aperte
878 3143 1147 3199 dicentem
1182 3163 1198 3199 :
1238 3166 1257 3200 ι
1292 3147 1457 3205 Nobis
1486 3160 1665 3207 autem
1698 3169 1835 3208 unus
1869 3155 2007 3210 Deus
2039 3155 2223 3225 Pater,

2334 3143 2393 3201 οῦ
2427 3147 2496 3201 τὰ
2526 3149 2723 3213 πάντα,
2753 3151 2845 3202 καὶ
2884 3151 3045 3219 ήμεῖς
3075 3151 3144 3204 δι’
3197 3150 3405 3216 αὑτοῦ;
3441 3168 3458 3203 ι
3498 3150 3556 3204 '0
3600 3152 3658 3203 δὲ
3704 3151 3818 3203 ἄνω
3855 3167 3907 3201 τε

651 3250 716 3287 ex
755 3250 862 3305 quo
893 3238 1106 3300 omnia,
1144 3249 1198 3293 et
1235 3256 1331 3294 nos
1368 3242 1421 3294 in
1459 3244 1663 3312 ipsum,
1699 3254 1749 3299 et
1790 3261 1931 3300 unus
1967 3246 2227 3302 Dominus

647 3324 805 3379 Jesns
847 3325 1133 3391 Christus,
1178 3345 1274 3398 per
1308 3345 1469 3399 quem
1509 3335 1731 3401 omnia;
1775 3346 1829 3391 et
1876 3352 1972 3392 nos
2015 3353 2111 3407 per
2148 3339 2228 3409 ip-

649 3432 766 3469 sunt
787 3415 872 3469 “?
905 3435 922 3467 ›
954 3416 1056 3471 Iste
1081 3434 1209 3473 vero
1236 3436 1447 3475 sursum
1479 3423 1731 3479 deorsum
1764 3425 2039 3491 dictitans,
2076 3427 2225 3483 Unus

650 3506 841 3571 Filius,
870 3517 924 3561 et
954 3524 1060 3563 non
1095 3509 1232 3565 alius
1261 3522 1315 3566 et
1343 3513 1500 3577 alius,
1530 3531 1705 3586 neque
1736 3518 1864 3571 item
1896 3516 2144 3574 Christus
2173 3529 2225 3573 et

645 3598 783 3652 alius
808 3597 1079 3665 Christus,
1110 3616 1231 3655 cum
1264 3603 1379 3658 suis
1409 3616 1609 3677 pugnat
1635 3608 1835 3671 verbis,
1862 3609 2076 3663 duabus
2102 3624 2220 3679 per-

646 3689 796 3743 sonis
831 3700 885 3743 et
927 3691 1306 3761 hypostasibus
1346 3697 1577 3766 propriis
1612 3706 1727 3753 tum
1768 3698 1862 3755 Dei
1902 3701 2223 3769 praedicato—

648 3795 762 3831 rum
790 3795 970 3843 voces,
999 3791 1108 3835 tum
1137 3799 1263 3839 suas
1293 3786 1463 3856 ipsius
1492 3790 1756 3845 tribuens.
1783 3791 1889 3845 Sed
1919 3792 2064 3846 enim
2093 3807 2223 3847 sua-

642 3885 759 3925 rum
799 3872 937 3926 haud
972 3874 1250 3944 negligens
1282 3880 1670 3933 sententiarum
1707 3879 1867 3934 infert
1898 3896 2087 3935 rursus
2115 3899 2128 3934 :

715 3961 973 4034 [Νεετοιι.
1021 3967 1261 4022 Veneror
1292 3968 1465 4038 ipsmu
1502 3981 1561 4025 ut
1592 3974 1981 4042 omnipotentis
2013 3973 2215 4028 divini-

642 4056 766 4106 tatis
797 4056 1084 4124 imaginem
1119 4071 1132 4109 :
1170 4076 1289 4112 nam
1328 4079 1345 4109 ι
1385 4063 1804 4129 superexaltavit
1853 4079 2000 4129 eum,
2032 4075 2087 4117 et
2117 4067 2215 4119 do-

640 4142 789 4195 navit
818 4143 892 4195 illi
925 4161 1119 4199 nomen
1154 4150 1294 4215 quod
1324 4160 1406 4205 est
1437 4166 1598 4217 super
1626 4167 1786 4205 omne
1818 4168 2033 4217 nomen,
2070 4166 2126 4208 ut
2159 4156 2209 4208 in

639 4234 857 4287 nomine
877 4232 1001 4288 Jesu
1028 4236 1229 4290 Christi
1255 4253 1414 4292 ouinc
1437 4253 1576 4309 genu
1618 4240 1869 4294 ﬂectatur
1888 4241 2207 4307 caelestium,

642 4327 980 4380 terrestrium
1041 4338 1094 4380 et
1125 4327 1456 4384 infernorum
1488 4348 1501 4383 :
1534 4340 1589 4384 et
1619 4333 1798 4387 omnis
1826 4332 2005 4400 lingua
2038 4334 2210 4388 confi-

640 4426 814 4471 teatur
867 4419 992 4470 cuia
1029 4416 1287 4473 Dominus
1315 4419 1471 4475 Jesus
1499 4420 1747 4477 Christus
1770 4424 1836 4476 ⁸⁸.
1878 4422 1927 4494 ι]

1273 4552 1425 4608 CAP.
1473 4552 1560 4608 XI.

705 4687 763 4742 Et
797 4687 1045 4755 quisnam
1076 4687 1403 4758 intelligetur
1429 4688 1556 4743 item
1590 4689 1655 4749 is,
1683 4701 1933 4758 quem,ut
1964 4692 2075 4760 ipse
2109 4708 2205 4761 pu-

632 4789 741 4841 tat,
780 4792 839 4831 se
876 4776 1121 4831 venerari
1160 4776 1379 4840 fatetur,
1418 4788 1471 4832 ct
1505 4793 1665 4847 quem
1710 4791 1928 4848 propter
1965 4781 2201 4834 divinam

629 4867 1036 4923 similitudinem
1062 4868 1281 4922 simulat
1306 4884 1365 4923 se
1392 4871 1682 4935 honorare,
1710 4872 1813 4925 nisi
1840 4871 1928 4925 ille
1954 4880 2197 4940 prorsus,

629 4976 786 5027 quem
820 4960 1017 5012 dudum
1050 4961 1204 5013 nobis
1232 4960 1533 5029 appellabat
1558 4962 1837 5031 (quidnam
1869 4963 2073 5017 diceret
2102 4977 2197 5016 ne-

627 5052 762 5118 scin)
791 5051 983 5105 divinae
1010 5062 1335 5107 assertorem
1363 5055 1474 5108 sive
1502 5054 1804 5121 adjutorem
1833 5056 2195 5119 auctoritatis,

624 5155 782 5207 quem
823 5140 980 5193 simul
1024 5156 1145 5195 cum
1180 5140 1284 5212 55
1321 5144 1610 5200 Divinitate
1653 5146 1985 5200 adorandum
2027 5146 2194 5201 stulte

625 5233 933 5294 asserebat,
975 5241 1224 5301 tanquam
1266 5237 1355 5303 qui
1396 5235 1642 5290 diversus
1681 5249 1826 5292 esset
1866 5254 1929 5292 ac
1966 5239 2192 5293 seorsim

625 5322 765 5377 titius
797 5333 989 5391 przeter
1017 5324 1188 5391 ipsum
1219 5321 1312 5377 Dei
1344 5323 1613 5380 Verbum?
1642 5327 1819 5397 Ipsum
1851 5329 2014 5382 etiam
2044 5328 2193 5383 exal-

625 5424 790 5466 tatum
824 5414 953 5467 tlirit
981 5430 1009 5467 a
1047 5414 1152 5469 Deo
1184 5427 1235 5470 et
1270 5416 1455 5482 Patre,
1487 5434 1549 5472 ac
1581 5430 1840 5487 praetcrea
1874 5434 2067 5474 nomen
2098 5435 2192 5474 ac-

622 5507 827 5571 cepisse
855 5519 1013 5571 super
1036 5521 1194 5560 omne
1224 5522 1413 5560 nomen
1467 5519 1522 5561 ut
1549 5510 1711 5561 etiam
1742 5508 1840 5576 ipsi
1865 5523 2025 5563 omne
2049 5523 2187 5579 genu

691 5705 735 5734 '°
768 5704 951 5759 Matth.
991 5725 1079 5761 ιἰιι
1158 5709 1210 5760 5.

621 5790 677 5841 ιι,
702 5775 849 5828 9-H.

1311 5708 1351 5738 ‘”
1389 5709 1554 5765 Mare.
1588 5726 1636 5776 ν,
1674 5712 1761 5765 41.

1865 5713 1909 5744 ⁸¹
1942 5712 2104 5767 Marc.
2147 5729 2220 5781 IV,
2246 5713 2335 5769 39.

2332 3240 2425 3291 καὶ
2449 3238 2601 3291 κάτω
2624 3239 2819 3308 λέγων,
2863 3236 2958 3303 Εἷς
2984 3241 3110 3304 Υίὺς
3127 3282 3142 3307 ,
3169 3241 3264 3294 καὶ
3296 3242 3396 3293 οὐκ
3419 3240 3575 3304 ἄλλος
3616 3242 3712 3295 καὶ
3740 3242 3907 3304 ἄλλος,

2329 3328 2451 3382 οὔτε
2486 3329 2592 3400 μὴν
2618 3331 2871 3398 Χριστὸς,
2905 3332 3000 3384 καὶ
3022 3332 3274 3402 δεύτερος
3298 3332 3552 3403 Χριστὸς,
3577 3335 3693 3395 τοῖς
3719 3332 3907 3385 ἑαυτοῦ

2327 3420 2670 3491 διαμαχεῖται
2701 3421 2903 3488 λόγοις,
2937 3423 3057 3476 δυσὶ
3089 3423 3400 3495 προσώποις
3424 3425 3517 3479 καὶ
3548 3425 3909 3477 ὑποστάσει-τιν

2331 3512 2523 3575 ίδικαῖς
2550 3512 2649 3575 τάς
2678 3530 2735 3566 τε
2765 3513 2873 3565 τῶν
2905 3513 3182 3586 θεηγόρων
3241 3516 3336 3569 καὶ
3382 3516 3480 3580 τὰς
3521 3514 3689 3569 αὑτοῦ
3739 3515 3911 3568 διανέ-

2329 3622 2446 3672 μων
2481 3605 2683 3673 φωνάς.
2728 3605 2888 3659 Ἀλλὰ
2918 3606 3026 3676 γὰρ
3064 3607 3172 3661 τῶν
3206 3608 3352 3661 ἰδίων
3391 3608 3489 3663 οὐκ
3518 3606 3810 3679 ἀμελήσας
3829 3608 3908 3659 ἐν·

2324 3696 2504 3764 νοιῶν,
2540 3698 2791 3770 ἐπιφέρει
2818 3698 2999 3752 πάλιν·

2393 3955 2570 4027 [Σέὸω
2597 3958 2780 4022 αὑτὸν,
2800 3957 2874 4020 ὡς
2903 3957 2999 4028 τῆς
3023 3959 3464 4031 παντοκράτορος
3496 3959 3683 4013 εἰκόνα
3720 3959 3906 4028 θεότη-

2319 4062 2441 4109 τος⁹
2475 4066 2493 4099 ι
2527 4048 2854 4120 ὑπερύψωσε
2908 4051 3017 4122 γὰρ
3056 4051 3240 4116 αὑτὸν,
3293 4051 3388 4104 καὶ
3428 4050 3727 4122 ἐχαρίσατο
3761 4049 3909 4119 αὺτῷ

2316 4139 2488 4209 ὄνομα
2513 4139 2573 4193 τὸ
2600 4141 2739 4210 ὑπὲρ
2768 4142 2875 4194 πᾶν
2908 4141 3113 4211 ὄνομαο
3142 4142 3231 4194 ἵνα
3260 4144 3318 4195 ὲν
3355 4141 3433 4211 τῷ
3460 4141 3687 4211 ὀνόματι
3732 4140 3906 4212 Ἰησοῦ

2315 4231 2551 4303 Χριστοῦ
2584 4233 2693 4286 πᾶν
2720 4233 2847 4299 γόνυ
2870 4232 3084 4304 κάμψῃ,
3108 4233 3467 4303 ἐπουρανίων,
3499 4236 3591 4285 καὶ
3615 4234 3906 4301 ἐπιγείων,

2315 4324 2408 4376 καὶ
2434 4324 2829 4394 καταχθονίωνο
2854 4326 2949 4377 καὶ
2974 4327 3124 4378 πᾶσα
3150 4324 3373 4393 γλῶσσα
3405 4323 3905 4394 ἐξομολογήσηται,

2315 4414 2398 4466 ὅτι
2428 4414 2631 4476 Κύριος
2673 4414 2878 4478 Ἰτ-σοῦς
2910 4414 3163 4480 Χριστός.
3200 4413 3249 4485 ι]

2908 4548 3160 4602 ΚΕΦΔΛ.
3205 4550 3304 4602 ΙΑ’.

2385 4682 2497 4734 Καὶ
2527 4682 2607 4745 τίς
2652 4682 2717 4735 ἂν
2747 4684 2918 4734 νοοῖτο
2951 4699 3133 4745 παλιν,
3165 4698 3246 4744 ον,
3278 4681 3374 4744 ὦς,
3405 4697 3467 4748 γε
3494 4681 3694 4741 οἴεται,
3724 4684 3906 4736 σέϐειν

2312 4774 2585 4843 ὁμολογεῖ,
2616 4773 2710 4826 καὶ
2752 4776 2817 4843 τῇ
2852 4774 2987 4845 πρὸς
3012 4774 3144 4827 Θεὸν
3172 4772 3428 4843 ὁμοιώσει
3453 4773 3618 4842 τιμᾷν
3665 4774 3907 4845 ὑποκρί-

2312 4880 2462 4916 νεται
2483 4902 2497 4927 ,
2530 4863 2563 4932 ἢ
2595 4862 2800 4925 ἐκεῖνός
2843 4880 2946 4916 που
2985 4864 3224 4927 πάντως,
3266 4863 3325 4915 ὃν
3369 4862 3570 4932 ἀρτίως
3598 4863 3743 4931 ἡμῖν
3773 4866 3909 4917 ώνό-

2314 4951 2505 5022 μαζεν,
2536 4954 2636 5005 οὐκ
2673 4950 2769 5005 οἷδ’
2802 4954 2884 5005 ὅτι
2912 4953 3107 5023 λέγων,
3131 4956 3231 5023 τῆς
3260 4952 3409 5014 θείας
3440 4952 3754 5022 συνήγορον
3786 4957 3904 5025 ἦτοι

2309 5046 2569 5117 συνεργὸν
2625 5044 2948 5109 αὐθεντίαςο
2993 5046 3053 5099 ὃν
3095 5048 3162 5117 τῇ
3189 5044 3418 5114 Θεότητι
3448 5050 3906 5114 συμπροσκυνεῖ-

2307 5138 2428 5191 σθαι
2456 5139 2566 5191 δεῖν
2592 5138 2831 5208 ἀνοήτως
2877 5139 3134 5207 ἔφασκεν,
3168 5138 3246 5200 ὼς
3272 5136 3456 5207 ἕτερον
3494 5136 3626 5190 ὄντα
3664 5138 3768 5190 καὶ
3808 5138 3906 5191 εδι-

2301 5228 2413 5291 κὼς
2447 5228 2558 5281 υἱὸν
2590 5226 2742 5299 παρὰ
2771 5228 2862 5281 τὸν
2891 5228 2985 5280 τοῦ
3007 5226 3142 5280 Θεοῦ
3163 5227 3374 5295 Λόγον;
3404 5225 3577 5279 Αὑτὸν
3611 5226 3711 5279 καὶ
3749 5227 3904 5295 ὑψῶ-

2303 5322 2424 5374 σθαι
2453 5320 2599 5389 λέγει
2631 5321 2781 5391 παρά
2804 5320 2897 5374 τοῦ
2925 5320 3061 5373 Θεοῦ
3112 5320 3205 5373 καὶ
3239 5318 3451 5389 Πατρός
3470 5335 3483 5348 ·
3526 5318 3622 5372 καὶ
3657 5319 3779 5390 μὴν
3807 5322 3904 5372 καὶ

2297 5412 2360 5466 τὸ
2408 5412 2578 5482 ὄνομα
2623 5411 2805 5465 λαϐεῖν
2835 5412 2897 5482 τὸ
2946 5412 3086 5482 ὑπὲρ
3134 5411 3239 5465 πᾶν
3280 5410 3485 5478 ὄνομα·
3527 5410 3613 5462 ἴνα
3652 5412 3756 5465 καὶ
3791 5414 3903 5464 πᾶν

2278 5506 2446 5585 ,αὐτῷ
2490 5505 2620 5572 γόνυ
2666 5503 2881 5576 κάμψῃ.
2916 5503 3274 5574 ἐπουρανίων,
3314 5503 3407 5555 καὶ
3458 5501 3744 5567 ἐπιγείων,
3804 5503 3903 5557 καὶ

2451 5710 2496 5740 ⁵³
2527 5708 2680 5763 Joan.
2709 5722 2827 5773 vnn,
2855 5707 2942 5759 40.
3020 5708 3066 5738 ⁸³
3098 5705 3114 5758 Ι
3146 5706 3269 5761 Cor.
3303 5721 3415 5771 \‘llt,
3445 5706 3495 5759 6.
3570 5706 3614 5736 ⁸⁵
3642 5704 3900 5777 Philipp.
