4166 6494
217 5633 234 5672 1

251 389 343 443 ΙΟΙ

1387 383 1758 441 ADVERSUS
1795 385 2213 444 NESTORIUM
2255 387 2387 442 LIB.
2429 387 2494 446 ll.

3424 389 3526 446 l02

245 501 658 571 καταχθονίων
712 501 806 553 καὶ
863 502 1015 552 πᾶσα
1083 486 1301 568 γλῶσσα
1359 499 1842 570 ἐξομολογήσηται,

1949 505 2202 558 llectatur
2255 504 2580 570 cmlestiuin,
2620 503 2953 557 terrestrium
2989 511 3041 559 et
3078 504 3433 570 infernarum,
3470 514 3526 560 et

243 597 329 648 ὅτι
378 592 581 662 Κύριος
635 590 842 661 Ἰησοῦς
889 591 1141 660 Χριστός.
1179 591 1243 643 El
1277 591 1375 660 μὲν
1421 587 1512 644 οὖν
1543 590 1676 643 Θεὸν
1713 592 1842 645 ὄντα

245 684 390 738 κατὰ
423 683 605 752 φύσιν,
636 686 729 734 καὶ
752 683 855 752 πρὸ
884 682 986 751 τῆς
1015 681 1201 735 ἐνθάδε
1225 681 1524 752 λεγομένης
1556 682 1838 753 ὑψώσεως,

244 776 384 846 ὑψοῦ
418 775 664 828 τέθεικεν
711 777 740 827 ό
773 775 999 845 Πατήρ”
1035 773 1128 827 τὸν
1174 773 1276 844 τῆς
1323 774 1524 844 μεταξὺ
1573 773 1842 827 ταπεινώ-

246 886 388 933 σεως
441 865 1026 940 πολυπραγμονοῦντες
1073 865 1304 935 τρόπον,
1356 864 1666 935 οἰκονομίαν
1718 865 1844 918 τινὰ

246 961 419 1031 σοφὴν
461 960 787 1030 εὑρήσομεν,
829 956 950 1010 καθ’
976 959 1042 1027 ἢν
1085 957 1356 1029 ἀδοξήσας
1397 959 1718 1029 διὰ¹μέσου,
1750 958 1843 1028 γέ-

243 1067 372 1120 γονε
403 1051 569 1105 πάλιν
599 1052 657 1103 ἐν
695 1044 775 1112 οἷς
802 1045 870 1120 ἦν
911 1049 996 1102 ἀεὶ
1030 1052 1124 1102 καὶ
1153 1051 1426 1113 ούσιωδῶς
1456 1052 1840 1122 ἐνυπάρχουσι,

243 1143 342 1195 καὶ
364 1143 424 1195 ἐν
449 1142 600 1206 ἰδίοις
628 1139 844 1209 άληθῶς
866 1138 1181 1209 ὑψώμασιν.
1213 1141 1272 1192 Εἰ
1303 1141 1358 1194 δὲ
1392 1140 1549 1193 τοῦτο
1583 1142 1680 1210 μὲν
1701 1141 1839 1210 οὐχὶ,

242 1231 499 1304 καθάπερ
527 1227 618 1284 οὖν
639 1230 808 1284 οἴεται
841 1230 934 1283 καί
973 1246 1139 1301 φησιν
1162 1247 1176 1260 ο
1212 1229 1400 1300 ἓτερον
1442 1230 1502 1282 δέ
1539 1246 1661 1282 τινα
1693 1229 1842 1300 παρά

241 1326 338 1377 τὸν
360 1323 454 1377 τοῦ
483 1323 619 1376 Θεοῦ
653 1323 826 1389 Λόγον
856 1321 948 1373 τὸν
981 1320 1130 1391 αὐτῷ
1157 1321 1498 1391 συνημμένον
1537 1320 1842 1392 ἄνθρωπον,

244 1415 624 1488 προσκυνητὸν
684 1415 939 1484 ἐποίησεν
966 1411 1189 1484 οὐρανῷ
1229 1430 1290 1465 τε
1337 1414 1430 1464 καὶ
1459 1415 1552 1482 γῇ,
1600 1414 1696 1465 καὶ
1735 1415 1844 1476 τοῖς

241 1509 326 1560 ἔτι
355 1507 683 1579 κατωτέρωο
717 1505 1104 1576 τεθεοποίηκεν
1135 1503 1246 1572 ἀρα
1287 1503 1408 1556 καθ’
1442 1504 1591 1574 ἡμᾶς
1631 1505 1842 1573 ἄνθρω-

241 1618 368 1667 πον,
409 1601 718 1654 αἰτιάσεται
757 1599 813 1652 δὲ
856 1599 1024 1668 ἡμᾶς,
1053 1595 1153 1648 οὐκ
1195 1595 1274 1648 ἔτι
1302 1598 1361 1648 ὲν
1397 1595 1473 1666 τῷ
1519 1595 1710 1666 κόσμῳ
1737 1595 1845 1647 λοι-

240 1695 368 1756 πδν,
399 1691 472 1754 ὡς
515 1691 782 1744 θεοποιεῖν
808 1688 1090 1752 ἐθέλοντας
1114 1685 1205 1740 τὸν
1245 1686 1344 1740 οὐκ
1369 1686 1496 1739 όντα
1536 1687 1690 1752 Θεὸν,
1720 1687 1842 1740 καί·

240 1800 327 1836 τοι
368 1783 486 1836 δέον
527 1781 789 1835 ἀνάπτειν
828 1778 978 1847 αὐτῷ
1004 1776 1082 1848 τῷ
1111 1777 1229 1848 Θεῷ
1260 1779 1356 1830 καὶ
1410 1777 1585 1848 lla-cpi.
1613 1777 1712 1847 τῆς
1758 1777 1844 1829 ἐπ’

240 1873 395 1944 αὑτῷ
416 1874 480 1945 δὴ
503 1872 678 1941 τούτῳ
702 1869 1082 1940 πλημμελείας
1106 1872 1174 1925 τὰ
1195 1869 1364 1939 ἐγκλή
1374 1886 1535 1940 ματα.
1564 1869 1706 1940 Ὅρα
1728 1866 1841 1940 [ισ.
1875 1853 1917 1908 Β

241 1964 371 2036 όρᾷ]
412 1965 477 2034 δὴ
522 1959 636 2027 οὖν,
687 1965 715 2016 ὁ
758 1961 1151 2032 χριστομαθὴς,
1179 1963 1301 2015 ὅποι
1339 1961 1469 2014 ποτὲ
1514 1959 1664 2028 αὐτῷ
1703 1960 1843 2013 διεκ-

241 2055 500 2109 παίουσιν
577 2055 692 2127 lla.
750 2053 1237 2119 διεκπαιδεύουσιν,
1284 2053 1346 2122 ἢ,
1413 2050 1840 2123 διεκπταίουσιν]

240 2150 293 2201 οε
319 2149 471 2217 λόγοι
493 2165 508 2180 ο
540 2148 632 2200 καὶ
668 2146 739 2200 τὰ
763 2147 828 2198 ἐκ
849 2148 950 2217 τῆς
979 2146 1222 2218 ἀκράτου
1262 2145 1493 2215 ταυτησὶ
1522 2143 1842 2208 δυσϐουλίας

240 2240 558 2312 εὑρήματα,
591 2238 729 2309 πρὸς
763 2241 915 2291 ποῖον
960 2237 1111 2310 αὐτῷ
1155 2237 1408 2308 καταίρει
1433 2236 1608 2306 λόγον.
1650 2238 1842 2307 Ἡμεῖς

245 2333 351 2404 μὲν
393 2333 502 2404 γάρ
545 2332 677 2385 Θεὸν
703 2331 833 2385 ὄντα
882 2331 1022 2386 κατὰ
1063 2331 1224 2402 φύσιν
1263 2331 1356 2384 τὸν
1396 2331 1543 2394 Υίὺν,
1573 2332 1839 2397 τουτέστι,

239 2427 336 2478 τὸν
377 2428 442 2478 ἐκ
492 2425 587 2478 τοῦ
638 2425 774 2478 Θεοῦ
816 2425 1032 2496 Πατρὸς
1059 2425 1256 2492 Λόγον,
1292 2423 1616 2478 καθικέσθαι
1662 2424 1840 2495 φαμὲν

240 2518 324 2580 είς
359 2516 604 2570 ἑκούσιον
635 2516 898 2570 κένωσιν·
946 2515 1306 2585 ἀναφοιτῆσαι
1341 2515 1399 2569 δὲ
1446 2511 1513 2569 αὖ
1558 2514 1653 2569 καὶ
1704 2514 1841 2584 μετά

243 2607 449 2680 σαρκὸς
471 2610 552 2671 εἰς
575 2607 637 2659 τὸ
667 2608 765 2677 τῆς
797 2606 1024 2677 ἐνούσης
1055 2607 1330 2677 ὑπεροχῆς
1360 2604 1510 2676 αὐτῷ
1538 2606 1841 2677 θεοπρεπὲς

241 2697 484 2765 ἀξίωμα.
521 2699 915 2769 Προσκυνεῖται
947 2696 1057 2767 γὰρ
1085 2698 1179 2750 καὶ
1219 2695 1358 2767 μετὰ
1385 2695 1607 2766 σαρκὸς,
1640 2697 1716 2759 ὡς
1748 2697 1842 2750 καὶ

242 2791 356 2862 πρὸ
383 2791 552 2861 αὐτῆς
595 2790 855 2860 ὑπάρχων
897 2788 1306 2862 προσκυνητός’
1355 2783 1422 2859 ἦν
1465 2787 1578 2859 γὰρ
1625 2787 1720 2841 καὶ
1761 2786 1840 2840 ἔτι

242 2881 359 2954 [Ισ.
393 2878 531 2952 ἐστι]
577 2879 718 2933 κατὰ
755 2880 917 2947 φύσιν
946 2879 1101 2946 Θεὸς,
1128 2880 1225 2933 καὶ
1256 2878 1362 2948 πρὸ
1391 2877 1492 2948 τῆς
1533 2876 1838 2943 κενώσεως,

242 2973 346 3027 καὶ
393 2973 484 3026 ὅτε
538 2972 636 3042 τὴν
694 2971 923 3026 κένωσιν
971 2971 1262 3041 ὑπομεῖναι
1309 2969 1547 3040 λέγεται,
1600 2970 1840 3039 γεγονὼς

244 3063 372 3116 καθ’
415 3064 584 3132 ἡμᾶς.
630 3062 690 3115 Ὀ
729 3061 784 3114 δέ
827 3061 936 3116 τῶν
961 3061 1104 3117 οὕτω
1148 3060 1361 3115 σεπτῶν
1401 3060 1495 3114 καὶ
1532 3060 1841 3132 ἀκιϐδήλων

242 3155 540 3224 δογμάτων
569 3153 875 3225 ὑπερορῶν,
903 3153 1206 3225 ,ἄνθρωπον
1240 3153 1500 3207 συνάπτει
1531 3151 1653 3222 Θεῷ
1699 3153 1840 3207 κατά

244 3262 312 3313 γε
343 3246 446 3315 τὴν
476 3244 675 3310 ἔξωθεν
703 3243 918 3315 σχέσιν’
968 3245 1062 3298 καὶ
1094 3244 1169 3308 ὡς
1203 3245 1260 3298 ἐν
1290 3244 1496 3314 ἰσότητι
1525 3244 1628 3315 τῆς
1658 3243 1838 3312 άξίας,

244 3337 346 3390 καὶ
370 3336 446 3400 ὡς
475 3335 660 3406 ἕτερον
685 3336 856 3406 ἑτέρῳ
885 3338 1326 3406 συμπροσκυνεῖν
1355 3339 1456 3392 οὐκ
1503 3335 1835 3409 αἰσχύνεται.

244 3428 586 3482 Διατείνεται
627 3427 706 3495 δὲ,
741 3429 924 3499 φησὶν,
952 3427 1029 3490 ὼς
1059 3427 1224 3499 ἁηθὲς
1246 3445 1299 3482 τι
1330 3430 1423 3482 καὶ
1447 3429 1621 3497 ξένον,
1651 3427 1746 3482 καὶ
1767 3427 1842 3490 ὡς

245 3520 306 3586 ἐν
345 3521 568 3592 χάριτος
610 3521 777 3590 μοίρᾳ
819 3519 1005 3574 λαϐεῖν
1049 3519 1112 3572 τὺ
1154 3519 1370 3590 κάμψαι
1428 3538 1489 3574 τε
1537 3518 1684 3590 αύτῷ
1733 3520 1842 3576 πᾶν

245 3613 403 3680 γόνυ,
432 3613 528 3664 καὶ
551 3613 658 3682 μὴν
696 3613 790 3664 καί
838 3611 898 3663 τὸ
925 3611 1105 3664 πᾶσαν
1132 3595 1634 3682 ἐξομολογήσασθαι
1663 3609 1842 3680 γλῶσ-

250 3721 376 3766 σαν,
403 3705 486 3757 ὃτι
533 3701 738 3773 Κύριος
794 3701 999 3772 Ἰησοῦς
1043 3703 1298 3774 Χριστός.
1327 3705 1435 3757 Καὶ
1469 3705 1516 3757 εἰ
1546 3704 1645 3774 μὲν
1683 3704 1842 3772 φύσει

247 3796 386 3850 Θεὸν
430 3794 680 3864 γενέσθαι
709 3795 815 3865 φὴς
842 3793 950 3865 [Ion
988 3793 1173 3867 φησὶν]
1212 3796 1396 3862 αὑτὸν,
1425 3796 1842 3867 δεδυσφήμηκεν

248 3888 532 3960 ἐναργῶς,
589 3885 850 3957 γεννητὴν
893 3882 1033 3940 εἶναι
1081 3887 1255 3955 λέγων
1300 3887 1399 3958 τὴν
1440 3890 1539 3959 τῆς
1570 3888 1844 3961 Θεότητος

248 3979 435 4046 φύσιν.
487 3977 549 4028 Ei
585 3976 642 4028 δὲ
684 3975 887 4046 ἥκιστα
933 3976 1031 4045 μὲν
1062 3976 1204 4029 κατά
1240 3975 1422 4046 φύσιν,
1466 3977 1616 4031 δοτὸν
1645 3976 1700 4031 δὲ
1748 3978 1843 4031 καὶ

249 4068 490 4141 θύραθεν
540 4067 728 4120 ἑλόντα
757 4067 819 4120 τὸ
857 4066 1092 4139 ἀξίωμα,
1139 4069 1232 4122 καὶ
1276 4067 1352 4132 ὡς
1393 4069 1450 4122 ὲν
1487 4069 1624 4141 μόνῃ
1666 4073 1839 4140 φωνῇ,

248 4162 374 4225 πῶς
416 4162 516 4215 οὐκ
562 4161 736 4214 ἐκεῖνό
778 4177 945 4234 φησιν
992 4160 1255 4231 ἐναργῶς,
1287 4161 1366 4214 ὅτι
1407 4159 1843 4231 λελατρεύκαμεν

248 4256 331 4326 τῷ
388 4255 464 4326 μὴ
499 4255 660 4323 φύσει
687 4252 807 4323 Θεῷ
830 4293 846 4319 ,
893 4252 985 4304 καὶ
1018 4252 1114 4304 σὺν
1144 4253 1300 4323 ήμῖν,
1348 4252 1422 4316 ὡς
1465 4251 1632 4315 ἔοικε,
1678 4253 1773 4306 καὶ
1808 4254 1842 4322 ἡ

247 4349 364 4402 τῶν
407 4346 518 4400 ἄνω
544 4346 871 4416 πνευμάτων
905 4343 1249 4414 πεπλάνηται
1285 4344 1463 4414 νῆψις,
1499 4345 1593 4398 καὶ
1636 4344 1842 4398 τούτων

245 4442 392 4512 ἡμῖν
420 4438 581 4502 αὐτὸς
621 4439 649 4491 ό
680 4436 869 4508 Πατὴρ
895 4439 989 4489 καὶ
1012 4437 1154 4506 ἀρχὴ
1181 4437 1275 4490 καὶ
1310 4435 1578 4507 πρόφασις
1605 4453 1618 4502 ;
1673 4434 1842 4488 Ἐπὰν
1875 4415 1918 4469 Ῐ)

245 4525 346 4582 οὗν
380 4525 492 4598 [ἵσ.
523 4526 639 4589 πῶς
664 4521 779 4597 οὖν]
810 4525 889 4578 ἔτι
926 4525 1340 4596 διαμωμήσαιτο
1362 4526 1486 4589 τοὺς
1509 4526 1638 4597 παρ’
1680 4526 1842 4578 αὑτὶν

247 4627 319 4695 τῇ
362 4623 540 4675 κτίσει
583 4621 906 4690 προσκυνεῖν
945 4619 1284 4690 ᾑρημένουςς
1328 4617 1598 4690 γράφεται
1626 4615 1683 4668 δὲ
1726 4615 1842 4669 ἀνθ’

245 4720 378 4770 ὅτου
405 4713 623 4777 κολάζει
651 4710 763 4784 (14)
793 4710 918 4774 τοὺς
949 4708 1422 4779 πεπλανημένους,
1460 4710 1508 4762 εί
1538 4710 1649 4772 τοῖς
1679 4706 1842 4759 αὑτοῦ

245 4807 489 4877 νεύμασι
515 4803 854 4873 πεπλάνηται
877 4800 987 4873 [ἵσ.
1019 4798 1436 4871 πεπλάνηνται],
1472 4798 1844 4870 προσκυνητὸν

245 4902 391 4970 ἡμῖν
417 4897 796 4966 ἀποφήναντος
829 4893 919 4945 τὸν
946 4894 1044 4946 οὐκ
1069 4893 1199 4946 ὄντα
1229 4891 1386 4961 φύσει
1414 4891 1581 4956 Θεόν;
1627 4889 1843 4961 Ἐπειδὴ

245 4995 308 5047 δὲ
329 4987 662 5060 παρατιθεὶς
687 4987 748 5040 τὸ
776 4985 938 5057 ῥητὸν
964 4988 1021 5039 ἐν
1043 4985 1274 5050 τούτοις,
1304 4985 1449 5056 φημὶ
1468 4983 1536 5051 δὴ
1554 4983 1614 5035 τὸ
1638 4984 1694 5035 ὲν
1719 4998 1845 5051 χερ-

248 5085 378 5146 σὶν,
420 5084 504 5136 ὅτι
544 5079 693 5150 αὐτῷ
718 5079 924 5150 κάμψει
968 5080 1079 5132 πᾶν
1110 5079 1238 5148 γόνυ
1260 5118 1274 5140 ,
1311 5079 1404 5132 καὶ
1439 5079 1588 5130 πᾶσα
1618 5075 1841 5144 γλῶσσα

245 5174 835 5245 ἐξομολογήσεται,ὅτι
860 5170 1062 5244 Κύριος
1101 5168 1306 5240 Ἰησοῦς
1329 5168 1584 5240 Χριστδῖν
1622 5166 1840 5235 παρῆκε

246 5269 312 5320 τὸ
333 5268 525 5320 λεῖπον
550 5266 644 5318 καὶ
667 5264 866 5334 ἐφεξῆς
890 5263 1199 5332 ἀναγκαίως
1231 5261 1308 5331 τῷ
1353 5261 1606 5330 μακαρίῳ
1644 5258 1841 5328 Παύλῳ

249 5357 871 5430 προσεπενηνεγμὲνον,
930 5355 1028 5408 οὐκ
1087 5349 1182 5406 οἷδ’
1231 5354 1313 5405 ὅτι
1365 5350 1837 5420 διενθυμούμενος,

249 5450 390 5519 φέρε
437 5447 768 5516 προσθέντες
809 5448 967 5517 ήμεῖς
1006 5447 1180 5498 ἐκεῖνο
1220 5442 1496 5513 λέγωμεν·
1543 5460 1559 5490 ι
1623 5439 1841 5503 Ἐξομο-

1944 596 2121 650 omnis
2149 597 2326 665 lingua
2359 594 2701 659 conﬁteatur,
2733 595 2856 664 quia
2890 595 3143 649 Dominus
3175 595 3330 649 Jesus
3360 595 3523 649 Chri-

1945 694 2076 741 stus.
2109 687 2164 741 Si
2196 687 2360 756 igitur
2388 686 2550 740 Deum
2573 685 2682 753 jam
2709 701 2774 740 ex
2805 700 2996 739 natura
3017 725 3031 747 ,
3058 685 3222 738 etiam
3250 695 3375 738 ante
3403 699 3522 740 eam

1945 792 2065 845 qua:
2095 777 2182 832 hic
2209 779 2407 831 dicitur
2432 777 2835 840 ex:iltationem,
2868 777 2921 831 in
2953 776 3170 832 sublimi
3200 776 3376 846 posuit
3410 776 3524 844 ipse

1947 867 2131 933 l‘ater,
2155 868 2370 922 modum
2401 868 2573 935 ipsum
2603 865 2992 920 humiliationis
3017 865 3351 919 intertnedire
3373 880 3521 918 scru-

1949 970 2145 1022 tantes,
2189 961 2642 1028 dispensatimiem
2686 959 2974 1028 quamdam
3020 958 3317 1025 sapientem
3360 954 3526 1010 fuisse

1948 1051 2283 1118 reperiemus
2310 1069 2324 1103 :
2353 1066 2447 1118 per
2470 1065 2629 1118 quam
2656 1065 2779 1103 cum
2810 1049 3011 1104 interea
3042 1050 3302 1118 inglorius
3351 1048 3525 1102 factus

1946 1149 2087 1193 esset
2109 1179 2124 1203 ,
2161 1155 2347 1192 rursus
2378 1140 2443 1192 ad
2473 1155 2535 1193 ea
2569 1139 2620 1192 in
2654 1140 2849 1206 quibus
2883 1154 3098 1207 semper
3127 1139 3336 1200 fuerat,
3365 1147 3418 1190 et
3449 1136 3522 1190 illi

1945 1231 2304 1286 cssentialiter
2337 1231 2574 1291 inerant,
2616 1240 2669 1283 et
2711 1231 2776 1284 ad
2820 1246 2971 1284 suam
3009 1246 3186 1283 veram
3227 1228 3524 1284 sublimita-

1950 1333 2054 1376 tem
2088 1323 2266 1378 rediit.
2298 1324 2449 1389 Quod
2479 1323 2522 1377 si
2558 1337 2661 1375 non
2698 1324 2769 1375 ita
2803 1331 2918 1387 est,
2948 1332 3003 1374 ut
3037 1323 3149 1391 ipse
3182 1330 3329 1390 putat
3359 1330 3412 1374 et
3442 1319 3526 1374 di-

1945 1413 2042 1475 cit,
2071 1412 2231 1467 alium
2259 1427 2387 1466 vero
2414 1416 2700 1480 quemdam
2733 1413 2833 1481 ipsi
2866 1413 3217 1482 conjunctum
3249 1411 3520 1466 hominem

1948 1514 2144 1572 praeter
2169 1503 2342 1572 ipsum
2375 1503 2468 1557 Dei
2493 1502 2754 1564 \‘crhum,
2785 1506 2923 1557 creto
2953 1515 3006 1558 et
3038 1513 3197 1557 terrae
3226 1513 3279 1557 et
3307 1501 3527 1556 inferio.

1948 1597 2096 1651 ribus
2123 1596 2286 1649 etiam
2318 1595 2560 1664 partibus
2590 1596 2920 1651 adorandum
2954 1595 3098 1660 fecit,
3129 1611 3260 1665 ergo
3289 1594 3523 1650 similem

1948 1690 2116 1742 nostri
2154 1688 2424 1742 hominem
2463 1687 2758 1754 deiﬁcavit,
2797 1703 2972 1756 neque
3006 1688 3184 1743 adhuc
3219 1689 3374 1744 nobis
3403 1688 3528 1756 jure

1947 1780 2080 1833 vitio
2109 1788 2319 1832 vertere
2347 1779 2566 1848 poterit,
2597 1781 2750 1848 quasi
2781 1795 2904 1833 eum
2934 1781 3023 1850 qui
3056 1795 3158 1833 non
3188 1787 3332 1834 esset
3359 1778 3524 1843 Deus,

1947 1873 2198 1927 deiﬁcare
2229 1871 2578 1933 voluerimus,
2613 1886 2735 1924 cum
2773 1871 2934 1941 hujus
2966 1870 3192 1926 sceleris
3230 1871 3434 1925 crimen
3471 1870 3523 1924 in

1946 1966 2118 2034 ipsmn
2155 1965 2318 2019 Deum
2351 1979 2415 2018 ac
2447 1964 2660 2018 Patrem
2695 1964 2765 2016 sit
2795 1963 3208 2017 conferendum.
3237 1963 3388 2018 Videt
3424 1962 3527 2032 igi-

1947 2068 2036 2111 tur
2059 2056 2262 2111 Christi
2295 2055 2570 2109 studiosus
2599 2070 2703 2122 quo
2731 2055 2947 2107 tandem
2973 2053 3090 2124 ejus
3118 2068 3398 2108 sermones
3427 2053 3524 2108 de-
3571 2048 3577 2054 ’

1945 2146 2225 2209 labttntur,
2257 2155 2310 2198 et
2345 2145 2411 2197 ad
2446 2143 2629 2212 qualia
2660 2141 2818 2196 verba
2856 2142 3110 2197 immanis
3147 2143 3302 2210 hujus
3337 2143 3523 2200 stulti-

1945 2241 2032 2294 tize
2069 2247 2370 2294 commenta
2412 2238 2746 2304 perveniunt.
2777 2235 2885 2292 Nos
2921 2239 3063 2292 enim
3107 2237 3281 2305 ipsum
3306 2236 3523 2303 Filium,

1944 2330 2035 2397 qui
2075 2328 2212 2382 Deus
2246 2343 2308 2379 es
2349 2334 2537 2380 natura
2579 2337 2726 2390 erat,
2762 2327 2864 2381 hoc
2904 2337 3017 2390 est,
3049 2327 3277 2380 Verbum
3313 2341 3381 2381 ex
3416 2325 3527 2380 Deo

1945 2420 2103 2474 Patre
2143 2420 2418 2489 genitum,
2458 2419 2524 2473 ad
2565 2419 2920 2472 voluntariam
2960 2416 3386 2472 exinanitiOuetn
3430 2419 3525 2476 de-

1944 2512 2221 2566 scendisse
2251 2511 2501 2575 dicimus,
2533 2524 2600 2564 ac
2633 2510 2858 2566 rediisse
2891 2522 3078 2563 rursus
3108 2526 3228 2564 cum
3263 2524 3429 2564 carne
3458 2510 3525 2563 ad

1947 2603 2091 2656 illam
2128 2603 2367 2655 divinam
2403 2601 2716 2670 dignitatem
2766 2609 2931 2673 atque
2966 2601 3356 2656 sublimitatem
3407 2616 3528 2670 quae

1947 2695 2018 2747 illi
2052 2694 2250 2748 inerat.
2276 2693 2552 2746 Adoratur
2577 2693 2720 2746 enim
2750 2694 2914 2746 etiam
2943 2709 3066 2747 cum
3095 2708 3283 2759 carne,
3311 2702 3371 2748 ut
3399 2704 3526 2750 ante

1945 2800 2164 2840 carnem
2194 2792 2314 2838 erat
2343 2783 2654 2838 adorandus
2684 2801 2698 2838 :
2726 2792 2845 2839 erat
2871 2785 3014 2840 enim
3040 2793 3095 2841 et
3120 2796 3203 2842 est
3226 2788 3528 2847 secundum

1947 2889 2195 2934 naturam
2227 2876 2370 2931 Deus
2395 2886 2448 2930 et
2477 2886 2601 2930 ante
2627 2876 3082 2944 cxinanitionem,
3111 2888 3166 2933 et
3194 2894 3314 2934 cum
3343 2880 3526 2940 exinao

1947 2972 2207 3027 nitionem
2251 2968 2489 3023 subiisse
2513 2953 2732 3033 dicitur,
2758 2966 2934 3023 factus
2958 2969 3130 3024 nostri
3174 2971 3387 3026 similis.
3426 2969 3530 3027 Iste

1945 3077 2076 3117 vero
2109 3063 2225 3117 haec
2257 3061 2392 3117 adeo
2421 3061 2727 3114 veneranda
2765 3070 3022 3134 rectaque
3057 3062 3304 3133 dogmata
3340 3049 3534 3132 dcspi-i

1944 3155 2096 3212 ciens
2136 3155 2407 3210 hominem
2449 3152 2562 3208 Deo
2599 3154 2876 3224 conjungit
2912 3154 3210 3212 secundum
3249 3166 3528 3213 externam

1945 3247 2339 3312 habitudinem,
2372 3256 2424 3300 et
2461 3255 2715 3315 tanquam
2755 3247 2806 3300 in
2845 3246 2966 3318 ejus
3001 3248 3279 3318 dignitatis
3312 3249 3532 3318 :rquali-

1947 3352 2082 3409 tate,
2115 3353 2171 3400 et
2202 3353 2456 3411 tanquam
2491 3339 2720 3394 alterum
2752 3356 2872 3396 cum
2905 3341 3078 3396 altero
3107 3340 3266 3396 simul
3299 3343 3529 3398 adorare

1947 3451 2054 3491 non
2079 3435 2376 3490 erubescit.
2401 3432 2618 3488 Asserit
2639 3444 2840 3498 autem,
2869 3433 3064 3505 inquit,
3091 3434 3236 3489 velut
3261 3435 3528 3490 insuetum

1944 3526 2201 3598 quiddam
2239 3543 2304 3582 ac
2339 3542 2571 3595 novum,
2599 3524 2656 3585 et
2694 3528 2836 3581 velut
2875 3528 3063 3596 gratiae
3100 3525 3218 3581 loco
3254 3527 3532 3597 accepisse

1948 3629 2005 3674 ut
2032 3619 2105 3676 illi
2133 3617 2378 3675 ﬂectatur
2400 3634 2562 3674 omne
2585 3635 2748 3691 genu,
2777 3630 2830 3676 et
2857 3619 3035 3674 omnis
3064 3619 3242 3686 lingua
3271 3620 3532 3674 confitea-

1950 3722 2057 3774 tur,
2083 3711 2205 3780 quia
2231 3711 2488 3765 Dominus
2513 3709 2668 3766 Jcsus
2687 3709 2955 3765 Christus.
2986 3711 3060 3765 Ac
3086 3710 3130 3764 si
3159 3710 3306 3765 illum
3338 3719 3530 3766 natura

1950 3802 2114 3856 Deum
2154 3801 2353 3856 factum
2389 3817 2509 3856 esse
2548 3803 2710 3861 dicit.
2753 3813 2938 3870 aperte
2980 3801 3412 3868 blaspbeinavit,
3451 3799 3532 3854 fa-

1945 3900 2087 3947 ctam
2129 3905 2250 3946 esse
2293 3889 2482 3944 dicens
2511 3888 2821 3942 Divinitatis
2861 3899 3128 3942 naturam.
3169 3887 3264 3943 Sin
3310 3890 3531 3943 tninime

1944 3980 2240 4039 secundum
2281 3989 2568 4042 naturam,
2605 3978 2698 4032 sed
2737 3993 2856 4031 eam
2897 3978 3215 4048 dignitatem
3255 3979 3436 4032 datam
3475 3989 3533 4034 et

1945 4072 2286 4127 extrinsecus
2316 4080 2617 4141 acceptam,
2645 4081 2699 4125 et
2729 4070 2873 4124 velut
2907 4070 2961 4123 in
2989 4069 3101 4124 sola
3131 4085 3261 4124 voce
3291 4071 3526 4140 positam

1945 4164 2236 4227 habuisse,
2265 4162 2537 4232 quomodo
2569 4177 2672 4215 non
2707 4161 2836 4215 illud
2869 4161 3150 4215 evidenter
3176 4163 3399 4229 asserit,
3431 4177 3530 4217 nos

1945 4255 2151 4310 servire
2185 4265 2241 4307 et
2280 4252 2479 4307 cultum
2523 4253 2736 4308 deferre
2778 4251 2826 4305 ei
2869 4251 2960 4320 qui
3007 4249 3116 4322 56
3154 4261 3346 4305 natura
3387 4251 3531 4308 Deus

1949 4363 2052 4400 non
2084 4345 2176 4411 sit,
2206 4353 2262 4399 et
2292 4344 2595 4408 nobiscum,
2625 4353 2684 4396 ut
2711 4358 3048 4412 consequens
3076 4351 3182 4408 est,
3214 4343 3360 4398 illam
3389 4359 3526 4411 quo.

1949 4453 2054 4508 que
2093 4449 2450 4504 supernorum
2493 4435 2781 4501 spirituum
2825 4433 3136 4503 pervigilem
3185 4433 3526 4503 prudentiam

1947 4543 2133 4583 errore
2177 4529 2475 4589 seductam,
2519 4535 2570 4580 et
2609 4526 2800 4580 horum
2842 4525 3106 4578 scelerum
3153 4525 3308 4580 nobis
3352 4526 3525 4594 ipsum

1949 4619 2163 4674 Patrem
2214 4619 2424 4672 initium
2469 4629 2522 4671 et
2565 4632 2786 4671 causam
2833 4617 2993 4671 esse?
3038 4615 3318 4683 Quomodo
3364 4617 3529 4685 igitur

1949 4712 2126 4766 adhuc
2155 4709 2334 4780 culpat
2360 4725 2456 4764 eos
2482 4709 2572 4779 qui
2604 4710 2695 4764 illo
2720 4710 2934 4777 abjecto
2959 4718 3268 4764 creaturam
3297 4710 3530 4764 adorare

1951 4799 2296 4856 maluerunt?
2329 4815 2428 4854 cur
2459 4813 2586 4853 vero
2619 4810 2835 4854 accusat
2873 4809 2929 4853 et
2963 4799 3118 4865 punit
3151 4798 3403 4853 seductos
3437 4814 3528 4853 er-

1953 4903 2076 4942 rore
2121 4887 2406 4951 homines,
2449 4888 2492 4940 si
2544 4887 2661 4954 ejus
2711 4897 2844 4941 nutu
2892 4903 2956 4943 ac
2997 4885 3273 4942 voluntate
3317 4887 3526 4944 seducti

1951 4991 2098 5043 sunt,
2130 4995 2252 5036 cum
2285 4994 2407 5036 eum
2439 4980 2528 5047 qui
2564 4997 2668 5036 non
2700 4990 2842 5036 esset
2872 4995 2938 5036 ex
2976 4989 3169 5035 natura
3201 4981 3364 5044 Deus,
3393 4983 3522 5038 adeo

1952 5071 2175 5126 rabilem
2207 5072 2363 5127 nobis
2389 5072 2666 5127 eﬂ'ecerit?
2695 5071 2802 5127 Sed
2831 5072 2958 5142 quia
2991 5073 3044 5126 in
3077 5072 3160 5128 his
3189 5089 3313 5127 cuin
3345 5072 3527 5129 locum

1948 5167 2188 5231 uitasset,
2222 5179 2366 5230 eum,
2397 5165 2641 5233 inquam,
2667 5165 2760 5233 qui
2793 5173 2875 5218 est
2909 5164 2962 5218 in
2994 5165 3268 5229 manibus,
3297 5164 3397 5233 ipsi
3432 5164 3528 5218 lle-

1949 5266 2126 5308 ctetur
2171 5268 2333 5308 omne
2378 5269 2556 5322 genu,
2605 5263 2659 5306 et
2705 5253 2882 5306 omnis
2931 5251 3108 5321 lingua
3156 5251 3526 5312 conﬁtebitur,

1948 5346 2072 5415 quia
2129 5345 2388 5398 Dominus
2433 5343 2592 5399 Jesus
2641 5343 2927 5409 Christus;
2977 5343 3164 5397 omisit
3214 5341 3418 5410 reliqua
3471 5349 3527 5394 et

1949 5435 2360 5512 consequentia,
2391 5451 2510 5505 qua:
2540 5435 2850 5491 necessario
2875 5451 2905 5488 a
2939 5435 3098 5489 beato
3129 5431 3292 5488 Paulo
3321 5429 3525 5497 adjecta

1533 5615 1692 5671 ANT.
1734 5612 2004 5670 AGELLll
2043 5612 2274 5667 ΝΟΤᾹΞ.

321 5786 439 5856 (ιι)
471 5783 778 5854 Legendum
817 5782 1048 5847 videtur,
1085 5780 1178 5834 καὶ
1207 5777 1442 5842 κολάζει.
