4166 6460
286 386 395 443 105

1383 382 1749 439 ADVERSUS
1787 381 2186 439 Νεετοιιιωι
2225 381 2355 436 LIB.
2396 381 2462 435 ll.

3418 372 3519 437 106

285 499 362 553 Ἣ
390 499 491 552 οὐκ
520 491 675 553 οἶσθα
701 499 784 553 ότι
831 499 1197 570 τεθεράπευκε
1238 500 1336 569 μὲν
1374 501 1434 553 ἐν
1466 499 1853 572 Ἱεροσολύμοις

1975 516 2048 557 'as
2079 510 2137 555 ut
2169 500 2241 556 illi
2278 514 2308 554 a
2341 500 2621 555 nativitate
2665 514 2806 556 caeco
2838 498 3219 571 Hierosolymis
3259 515 3289 556 a
3333 514 3391 554 se
3423 515 3519 554 cu-

284 590 381 643 τὸν
415 591 480 643 ὲκ
524 590 751 660 γενετῆς
792 589 1013 659 τυφλὸν,
1045 584 1163 644 εἶτα
1204 590 1394 644 τοῦτον
1446 591 1620 661 εὑρὼν
1678 593 1736 644 ἐν
1779 590 1857 660 τῷ

286 680 446 752 ίερῷ,
481 680 706 750 βεόαίαν
742 680 891 751 αὐτῷ
933 681 1027 735 καὶ
1069 681 1359 751 ίδρυμένην
1384 680 1601 751 ίνετίθη
1623 682 1723 751 τὴν
1765 682 1857 734 πί-

289 788 447 836 στιν;
483 772 648 842 ἤρετο
683 770 793 839 γὰρ
822 769 1158 842 προσελθὼν,
1196 788 1215 822 ι
1242 770 1315 825 Σὺ
1349 771 1624 835 πιστεύεις
1649 773 1730 834 είς
1768 771 1859 824 τὸν

288 862 422 915 Υίὸν
456 861 550 914 τοῦ
572 861 709 913 Θεοῦ
736 878 751 926 ;
792 862 887 915 καὶ
910 861 1047 931 πρός
1066 878 1126 929 γε
1158 861 1318 915 ταυτὶ
1356 861 1687 933 κεκραγότος
1719 862 1861 914 ὲκεί-

286 970 384 1007 νου
406 970 421 985 ο
455 952 551 1015 Τίς
570 953 709 1017 ἐστι,
732 950 923 1022 Κύριε,
955 952 1044 1005 ἵνα
1070 950 1348 1006 πιστεύσω
1379 952 1460 1015 είς
1494 951 1686 1016 αὐτόνς
1716 969 1735 1002 ι
1756 949 1859 1019 ἔφη

293 1043 460 1097 πάλιν
492 1042 688 1106 αὐτός’
736 1060 755 1093 t
792 1043 903 1095 Καὶ
952 1041 1204 1112 ἑώρακας
1257 1040 1440 1105 αὑτὸν,
1472 1041 1568 1093 καὶ
1611 1041 1641 1093 ό
1687 1038 1860 1093 λαλῶν

289 1132 437 1201 μετὰ
466 1129 584 1194 σοῦ,
618 1130 825 1193 ἐκεῖνός
862 1132 1032 1184 ἐστιν.
1060 1149 1079 1181 ι
1116 1130 1279 1200 Ὁρᾷς
1325 1129 1493 1192 ὅπως,
1532 1129 1592 1181 οὐ
1634 1127 1723 1180 τὸν
1767 1144 1862 1195 φο-

293 1220 495 1290 ροῦντα
532 1220 792 1289 δέδειχεν,
821 1220 881 1273 οὺ
918 1220 1009 1273 τὸν
1048 1218 1157 1281 ἔσω
1202 1218 1605 1289 κεκρυμμένον,
1644 1216 1758 1270 ἀλλ’
1786 1215 1861 1279 ὡς

290 1312 392 1365 ἕνα
422 1309 619 1381 μᾶλλον
646 1310 837 1364 ἑαυτὸν
866 1309 1004 1380 μετὰ
1028 1310 1126 1379 τῆς
1158 1310 1357 1381 σαρκός
1380 1325 1393 1340 ’
1428 1308 1523 1362 καὶ
1560 1307 1689 1376 γοῦν
1720 1308 1749 1360 ό
1775 1323 1864 1359 σο-

292 1401 395 1469 φκ
427 1401 699 1470 Ἰωάννης,
718 1420 735 1452 ο
753 1403 818 1453 Ὃ
841 1396 907 1472 ἦν
936 1402 1029 1454 ἀπ’
1047 1401 1243 1474 ἀρχῆς,
1274 1400 1457 1470 φησιν,
1475 1398 1503 1451 ὃ
1524 1397 1861 1468 ἀκηκόαμεν,

286 1494 325 1546 ὃ
357 1493 682 1563 ἑωράκαμεν
715 1495 827 1556 τοίς
867 1492 1163 1563 ὀφθαλμοῖς
1218 1492 1396 1563 ἡμῶν,
1435 1492 1463 1545 ὃ
1496 1489 1861 1561 ἐθεασάμεθα,

291 1584 394 1638 καὶ
422 1583 478 1635 αἱ
504 1584 683 1652 χεῖρες
712 1581 869 1652 ἡμῶν
899 1581 1259 1651 ἐψηλάφησαν
1293 1579 1420 1651 περὶ
1441 1580 1534 1633 τοῦ
1559 1579 1733 1647 Λόγου
1761 1578 1862 1648 τῆς

292 1674 466 1743 ζωῆς.
496 1692 515 1726 ι
552 1674 746 1728 Καίτοι
779 1673 840 1725 τὸ
871 1673 1023 1726 Θεῐόν
1053 1675 1200 1728 ἔστιν
1235 1672 1459 1741 ἀναφὲς,
1485 1670 1621 1725 ἀλλὰ
1640 1669 1863 1737 γέγονεν

290 1764 467 1828 ἁπτὸς
495 1767 523 1818 ό
548 1763 743 1832 Λόγος,
776 1762 854 1826 ὡς
898 1764 988 1817 διὰ
1031 1765 1130 1835 τῆς
1176 1763 1313 1826 ἰδίας
1359 1762 1589 1833 σαρκός·
1632 1762 1862 1833 ἀόρατος

1959 600 2116 655 rate,
2168 604 2287 645 cum
2346 599 2530 659 postea
2592 590 2765 658 ipsum
2832 592 3125 645 invenisset
3181 590 3233 644 iu
3284 588 3519 660 templo,

1959 679 2168 733 ﬁrmam
2193 689 2248 733 et
2280 678 2526 734 stabilem
2575 678 2829 734 indiderit
2872 680 3030 733 fidem
3058 679 3084 732 9
3114 694 3235 733 nam
3260 679 3521 734 accedens

1957 769 2167 838 rogavit
2199 786 2214 823 :
2245 786 2265 820 ι
2294 768 2373 822 Tu
2406 770 2583 824 credis
2605 770 2657 823 in
2690 769 2883 824 Filium
2908 769 3000 824 Dei
3021 768 3123 823 ‘lad
3150 770 3262 824 hac
3289 768 3382 823 illo
3406 769 3523 823 cla-

1958 869 2141 914 mante
2174 859 2345 927 :Quis
2393 866 2496 925 est,
2532 860 2789 927 Domine,
2827 870 2886 917 ut
2926 863 3143 916 credam
3191 862 3244 914 in
3286 875 3407 914 eum
3436 860 3461 913 2
3494 878 3515 913 ο

1958 950 2095 1005 dixit
2126 951 2239 1019 ipse
2273 966 2457 1005 rursus
2489 970 2501 1005 :
2541 968 2561 1003 ι
2594 952 2655 1006 Et
2680 952 2857 1008 vidisti
2889 966 3011 1006 eum
3032 992 3048 1015 ,
3084 962 3138 1007 et
3168 952 3260 1023 qui
3290 952 3525 1021 loquitur

1958 1046 2137 1093 tecum
2166 1039 2277 1109 ipse
2311 1047 2396 1094 est
2422 1040 2491 1093 δ’.
2541 1058 2560 1092 ι
2600 1038 2760 1095 Vides
2776 1042 3045 1110 quomodo
3070 1056 3178 1095 non
3209 1050 3525 1113 gestantem,

1961 1142 2067 1183 non
2121 1130 2265 1185 intus
2291 1129 2577 1195 latentem,
2606 1131 2700 1186 sed
2748 1145 2867 1186 sese
2917 1146 3036 1185 cum
3080 1146 3243 1185 carne
3272 1141 3523 1200 tanquam

1962 1234 2129 1274 unum
2162 1222 2512 1277 ostenderit?
2542 1221 2701 1277 Certe
2746 1223 2933 1277 beatus
2983 1222 3258 1279 Joannes:
3310 1242 3328 1276 ι
3367 1222 3524 1289 Quod

1966 1309 2066 1364 fuit
2090 1310 2158 1366 ab
2187 1311 2360 1377 initio,
2395 1312 2588 1380 inquit,
2619 1312 2759 1383 quod
2784 1312 3102 1377 audivimus,
3132 1313 3272 1383 quod
3296 1313 3526 1368 vidimus

1962 1401 2133 1456 oculis
2164 1401 2364 1457 nostris
2383 1440 2401 1467 ,
2423 1406 2564 1472 quod
2590 1404 2993 1471 perspeximus,
3015 1411 3071 1459 et
3106 1418 3294 1457 manus
3329 1412 3523 1458 nostra

1963 1502 2434 1547 eontrectaverunt
2454 1495 2520 1548 de
2538 1493 2712 1549 Verbo
2733 1493 2853 1547 vita:
2870 1494 2935 1547 ⁸⁸.
2968 1513 2986 1545 ι
3006 1495 3164 1562 Atqui
3182 1494 3431 1548 divinitas
3447 1503 3528 1547 est

1964 1582 2325 1637 intractabilis
2344 1625 2359 1648 ,
2384 1585 2477 1638 sed
2502 1583 2729 1638 Verbum
2751 1598 2861 1638 sure
2885 1585 3063 1638 carnis
3098 1584 3302 1638 ratione
3327 1592 3527 1639 tracta-

1966 1669 2069 1725 bile
2089 1670 2286 1725 factum
2312 1683 2426 1727 est:
2456 1673 2720 1728 invisibile
2740 1675 2952 1743 quidem
2976 1683 3092 1730 erat
3114 1675 3403 1729 secundum
3432 1689 3531 1728 na-

1968 1769 2141 1815 turam
2164 1801 2179 1826 ,
2209 1762 2302 1816 sed
2325 1763 2616 1832 spectabile
2641 1778 2735 1832 per
2764 1778 2979 1834 corpus.
3013 1765 3081 1817 At
3107 1779 3233 1819 vero
3259 1773 3313 1818 tu
3344 1771 3527 1819 contra

292 1856 447 1910 κατὰ
475 1831 657 1924 φύσιν,
691 1853 804 1907 ἀλλ’
832 1851 901 1924 ἦν
929 1831 1176 1925 ἐμφανὴς
1202 1855 1291 1909 διὰ
1315 1831 1583 1926 σώματος.
1613 1856 1685 1909 Σὺ
1704 1831 1767 1907 ἠδὲ
1800 1855 1865 1924 δὴ

1975 1852 2257 1922 distinguis
2308 1831 2555 1916 omnino,
2585 1831 2650 1909 et
2692 1831 2973 1909 veritatem
3024 1854 3133 1909 tuis
3192 1854 3532 1925 sophismatis

294 1952 461 2005 πάλιν
487 1948 693 2018 διῖστᾷς
717 1945 1042 2015 όλοτρόπως,
1070 1946 1164 1999 καὶ
1190 1943 1529 2017 κατασοφίζῃ
1554 1946 1618 1998 τὸ
1652 1944 1870 2015 ἀληθὲς,

295 2044 399 2108 τὰς
426 2042 527 2114 μὲν
554 2039 748 2109 φύσεις
772 2037 1039 2108 χωρίζων,
1063 2036 1198 2090 ἑνῶν
1224 2035 1302 2100 δὲ,
1326 2036 1401 2099 ὡς
1431 2036 1556 2105 φὴς,
1584 2034 1682 2104 τὴν
1706 2049 1875 2105 προσο

296 2135 549 2207 κύνησιν.
594 2131 735 2186 Ἀλλ’
776 2132 824 2183 εί
864 2128 1118 2199 χωρίζεις
1154 2125 1254 2190 τὰς
1281 2127 1500 2193 φύσεις,
1541 2139 1872 2192 συναποφοι-

294 2228 520 2296 ’τήσειεν
554 2225 619 2278 ἂν
661 2224 851 2284 αὑταῖς
893 2219 986 2273 καὶ
1030 2218 1098 2270 τὰ
1147 2215 1412 2286 ἑκατέρας
1446 2214 1554 2268 ίδια
1587 2213 1862 2282 φυσικῶςο

297 2318 486 2372 ἐλάσει
505 2316 560 2369 δὲ
596 2311 840 2384 διαμπὰξ
869 2309 966 2378 τῆς
990 2307 1252 2378 διαφορᾶς
1283 2307 1310 2356 ό
1330 2305 1501 2373 λόγος
1521 2322 1535 2336 ο
1564 2302 1655 2356 δύο
1683 2303 1747 2373 δὴ
1777 2299 1869 2357 οὗν

297 2405 772 2480 ὁμολογουμένως.
792 2401 940 2471 Πλὴν
972 2398 1216 2469 ἐρομένῳ
1245 2397 1448 2467 φράσον
1465 2414 1476 2425 ·
1500 2393 1563 2446 Τί
1579 2395 1639 2445 τὸ
1668 2394 1876 2447 διῖστάν

303 2500 555 2570 ἀλλήλων
584 2495 681 2558 τὰς
710 2491 921 2560 φύσεις,
962 2492 1058 2543 καὶ
1084 2488 1185 2557 τῆς
1211 2487 1475 2555 διαφορᾶς
1505 2484 1589 2547 τίς
1627 2482 1695 2536 ἂν
1734 2481 1821 2550 εἴη
1850 2484 1878 2535 ὀ

296 2591 539 2658 τρόπος;
571 2585 708 2641 Ἀλλ’
736 2586 879 2654 ὲρεῖς
913 2599 1016 2635 που
1038 2580 1273 2645 πάντως,
1295 2577 1371 2641 ὡς
1399 2578 1583 2646 ἕτερον
1608 2575 1706 2645 μὲν
1738 2573 1881 2628 κατὰ

304 2678 474 2748 φύσιν
522 2677 833 2747 ἄνθρωπος,
888 2674 1055 2743 ἡγουν
1106 2666 1494 2739 ἀνθρωπότης·
1555 2664 1741 2733 ἓτερον
1796 2661 1876 2725 δὲ,

298 2770 462 2833 Θεὸς,
497 2768 620 2838 ἧτοι
648 2765 871 2833 θεότης’
901 2762 997 2815 καὶ
1034 2762 1068 2830 ὴ
1103 2760 1222 2830 μὲν,
1263 2755 1607 2826 ἀσυγκρίτως
1642 2750 1877 2823 θατέρας

306 2858 706 2930 ὖπερηρμένη·
759 2855 925 2924 μείων
956 2869 1021 2922 γε
1061 2850 1165 2921 μὴν
1210 2848 1390 2917 ἐκείνη
1444 2845 1715 2906 τοσοῦτον,
1757 2843 1880 2895 ὅσον

306 2952 598 3021 ἄνθρωπος
625 2947 781 3001 Θεοῦ.
802 2944 927 3007 Πῶς
955 2940 1070 3006 οὖν,
1098 2940 1218 2993 είπέ
1244 2956 1357 3009 μοι,
1389 2938 1487 3006 μιᾷ
1517 2933 1879 3005 προσκυνήσει

303 3044 479 3113 τιμᾷν
512 3039 680 3103 ἀξιοῖς
710 3036 780 3091 τὰ
804 3035 976 3098 οὕτως
1005 3032 1253 3102 ἀλλήλοις
1286 3027 1572 3096 ἁνισοφυῆ,
1608 3024 1703 3078 καὶ
1738 3022 1880 3113 κατὰ

306 3131 404 3185 τὸν
428 3112 530 3181 τοῦ
567 3128 684 3190 πῶς
712 3124 849 3180 εἶναι
893 3124 1073 3189 λόγον,
1112 3118 1465 3219 ἁσυγκρίτοις
1502 3117 1779 3219 διαφοραῖς
1805 3112 1880 3219 ξι·
1907 3162 1948 3219 c

307 3220 694 3294 εσχοινισμὲνα
717 3236 731 3285 ;
756 3214 905 3287 ’Δρα
933 3216 1041 3285 γὰρ
1074 3213 1225 3281 ἵππῳ
1264 3208 1507 3279 περιθεὶς
1538 3206 1638 3276 τὴν
1671 3202 1880 3273 ἀνθρώο

308 3330 421 3367 που
456 3310 633 3377 δόξαν,
659 3308 867 3379 ἐργάσῃ
900 3323 950 3358 τι
1004 3305 1112 3356 τῶν
1144 3298 1580 3369 ὲπαινουμένωνς
1617 3296 1651 3367 ἢ
1682 3294 1880 3365 μᾶλλον

309 3403 585 3473 ὲξυϐριεῖς
610 3401 673 3453 τὸ
703 3395 1057 3468 ὑπερτεροῦν,
1082 3391 1404 3460 κατασύρων
1433 3390 1512 3451 εἰς
1537 3385 1599 3439 τὸ
1628 3383 1881 3445 δυσκλεὲς

309 3493 417 3561 τὴν
440 3489 647 3559 ἀμείνω
668 3489 861 3558 quiem;
897 3485 1032 3539 Ἀλλ’
1063 3480 1359 3551 ὲξηύρηταί
1382 3497 1435 3533 τι
1462 3477 1622 3546 σοφὸν
1650 3479 1729 3537 εἰς
1752 3478 1883 3528 ἀπο-

306 3582 504 3649 λογίαν
528 3579 693 3649 αὐτῷ.
727 3578 1076 3649 Προσεπάγει
1108 3574 1217 3642 γάρ
1239 3591 1251 3603 ·

395 3752 412 3824 [
440 3754 513 3807 υὺ
543 3750 663 3806 καθ’
703 3750 865 3805 ἑαυτὸ
894 3748 1024 3810 Θεὸς
1048 3746 1111 3801 τό
1144 3744 1383 3799 πλασθὲν
1420 3742 1513 3795 ἐπὶ
1545 3741 1788 3811 μήτρας
1824 3740 1883 3789 οὐ

310 3843 450 3897 καθ’
483 3841 645 3895 ἑαυτὸ
688 3840 821 3902 Θεὸς
854 3839 913 3892 τὸ
954 3836 1189 3890 πλασθὲν
1222 3836 1286 3887 ὲκ
1318 3832 1413 3885 τοῦ
1450 3830 1791 3900 ιΙνεύματος·
1826 3828 1885 3880 οὐ

316 3931 448 3986 καθ’
476 3929 635 3985 ἑαυτὸ
662 3928 794 3990 Θεὸς
833 3926 894 3980 τὸ
929 3925 1096 3993 ταφὲν
1134 3924 1226 3975 ἐπὶ
1265 3922 1572 3991 μνήματος·
1614 3918 1755 3973 οὔτω
1781 3916 1889 3987 γὰρ

320 4024 394 4077 ἂν
430 4017 571 4092 ἦμεν
619 4017 1091 4092 ἀνθρωπολάτραι,
1139 4016 1235 4069 καὶ
1265 4012 1621 4084 νεκρολάτραι
1679 4012 1889 4078 σαφεῖς.

332 4112 478 4166 Ἀλλ’
502 4110 799 4180 ιπειδήπερ
829 4110 886 4162 ὲν
916 4106 994 4176 τῷ
1023 4103 1280 4176 ληφθέντι
1318 4103 1469 4166 Θεὸς.
1492 4103 1557 4156 ἐκ
1574 4100 1678 4171 τοῦ,
1698 4099 1891 4154 λαϐόν-

320 4220 418 4267 τος
449 4203 475 4253 ό
504 4201 750 4272 ληφθεὶς,
783 4200 858 4263 ὡς
884 4198 960 4268 τῷ
988 4197 1206 4253 λαϐόντι
1240 4193 1530 4262 συναφθεὶς
1573 4208 1895 4262 συγχρημα-

320 4294 466 4359 τίζει
493 4292 673 4362 Θεός.]

912 4423 1163 4477 ΚΕΦΛΛ.
1208 4421 1309 4475 ίΒ’.

1975 1941 2169 2004 eludis.
2205 1954 2263 1998 ut
2289 1959 2544 2000 secernas
2576 1956 2790 2000 naturas
2812 1988 2828 2011 ,
2863 1954 2917 2001 et
2943 1947 3121 2012 unias,
3147 1954 3205 1999 ut
3228 1945 3340 2013 ipse
3383 1958 3531 2001 asse—

1977 2037 2072 2102 ris,
2099 2038 2487 2094 adorationem.
2520 2038 2624 2095 Sed
2648 2041 2693 2095 si
2721 2039 2917 2095 dividis
2946 2048 3195 2103 naturas,
3220 2038 3379 2094 simul
3404 2053 3525 2092 cum

1978 2128 2083 2182 illis
2134 2128 2412 2184 discedent
2452 2130 2611 2185 etiam
2647 2143 2764 2198 quae
2804 2130 3016 2198 utrique
3046 2137 3171 2182 sunt
3217 2128 3533 2183 naturaliter

1976 2219 2192 2287 propria
2222 2235 2235 2282 ;
2275 2220 2485 2274 recedet
2512 2220 2670 2274 etiam
2700 2219 2754 2274 in
2778 2220 3084 2273 universum
3118 2217 3253 2272 ratio
3282 2216 3533 2272 differen-

1978 2307 2107 2360 tie:
2144 2306 2250 2362 duo
2301 2317 2459 2363 erunt
2512 2308 2675 2375 igitur
2725 2309 2910 2378 procul
2960 2309 3140 2363 dubio.
3196 2305 3303 2363 Sed
3358 2317 3532 2363 tamen

1976 2396 2184 2464 explica
2226 2398 2384 2460 mihi,
2428 2413 2629 2466 quaeso,
2679 2400 2806 2467 quid
2856 2398 2985 2453 illud
3016 2399 3088 2453 sit
3128 2398 3269 2467 quod
3315 2407 3538 2453 naturas

1978 2484 2119 2537 inter
2144 2499 2205 2540 se
2238 2485 2439 2549 divisit,
2481 2486 2602 2553 quis
2639 2487 2767 2540 item
2804 2485 3120 2541 dill'erentize
3167 2488 3375 2541 modus.
3430 2484 3536 2541 Sed

1977 2574 2123 2629 dices
2144 2576 2387 2639 omnino,
2418 2576 2562 2630 aliud
2599 2591 2721 2631 esse
2750 2593 2815 2631 ex
2857 2577 2969 2646 ipsa
3009 2586 3199 2631 natura
3240 2578 3534 2644 hominem,

1978 2677 2073 2717 seu
2111 2665 2532 2729 humanitatem,
2573 2667 2715 2722 aliud
2754 2665 2957 2731 Deum,
2999 2668 3112 2721 sive
3155 2667 3535 2731 divinitatem;

1979 2751 2087 2821 58
2121 2762 2177 2807 et
2216 2754 2352 2808 hanc
2414 2755 2627 2823 quidem
2675 2771 2796 2809 esse
2834 2757 2997 2810 altera
3054 2758 3540 2827 incomparabiliter

1979 2843 2344 2909 superiorem,
2372 2843 2513 2896 illam
2570 2859 2759 2897 rursus
2815 2853 2964 2898 tanto
3008 2847 3304 2910 minorem,
3344 2856 3542 2914 quanto

1978 2932 2049 2984 sit
2087 2932 2245 2984 homo
2275 2932 2379 2985 Deo
2432 2931 2671 2986 inferior.
2721 2931 3003 2998 Quomodo
3038 2934 3226 3003 igitur,
3260 2935 3346 2989 dic
3388 2936 3539 3000 mihi,

1981 3037 2084 3076 una
2110 3022 2421 3095 adoratione
2450 3033 2607 3092 putas
2634 3024 2964 3089 honoranda,
3001 3038 3118 3093 qua:
3156 3024 3296 3078 inter
3321 3039 3379 3080 se
3409 3024 3542 3079 adeo

1983 3123 2107 3168 sunt
2166 3113 2411 3182 inaequali
2453 3125 2674 3178 natura,
2727 3125 2781 3168 et
2830 3116 3077 3172 essentiae
3148 3114 3355 3170 ratione
3412 3115 3544 3171 adeo

1985 3205 2208 3260 diversis
2230 3203 2544 3260 diﬁerentiis
2577 3205 2826 3274 abjuncta
2855 3207 2879 3259 ?
2910 3209 2986 3261 An
3011 3222 3136 3262 vero
3159 3208 3203 3262 si
3230 3217 3547 3262 ornamenta

1983 3296 2216 3350 hominis
2254 3310 2391 3365 equo
2423 3296 2819 3366 circumponas,
2856 3297 3144 3367 quidquam
3185 3296 3379 3352 eﬂicies
3401 3299 3545 3367 quod

1986 3388 2055 3439 illi
2091 3385 2303 3441 laudem
2342 3386 2577 3441 afferat?
2620 3404 2685 3440 an
2719 3387 2894 3456 potius
2924 3386 3050 3441 illud
3089 3387 3437 3443 excellentius
3462 3387 3545 3441 af-

1984 3477 2133 3532 licies
2165 3478 2356 3544 injuria
2377 3520 2393 3541 ,
2416 3493 2535 3531 cum
2571 3479 2991 3547 praestantiorem
3027 3488 3270 3532 naturam
3318 3479 3371 3533 in
3398 3479 3549 3553 igno-

1986 3568 2205 3621 miniam
2245 3569 2495 3622 detrahas
2526 3568 2674 3621 Ἰδού
2699 3578 2913 3623 acutum
2938 3566 3190 3637 quiddam
3220 3568 3284 3622 ad
3328 3583 3549 3638 reSpono

1987 3660 2218 3716 dendum
2245 3659 2445 3713 invenit
2476 3677 2491 3725 ;
2527 3660 2672 3713 addit
2706 3661 2887 3713 enim:

2061 3746 2322 3817 [Νεδτοιι.
2365 3746 2480 3800 Nun
2507 3757 2588 3801 est
2634 3762 2730 3817 per
2779 3762 2837 3803 se
2872 3748 3010 3803 Deus
3032 3748 3173 3817 quod
3207 3756 3290 3802 est
3318 3747 3369 3802 in
3404 3754 3557 3803 utero

1991 3834 2279 3890 formatum
2321 3854 2336 3899 ;
2374 3852 2478 3890 non
2501 3847 2583 3892 est
2604 3853 2700 3907 per
2715 3838 2795 3905 {se
2829 3838 2967 3892 Deus
2995 3840 3134 3907 quod
3163 3846 3244 3893 est
3268 3838 3555 3891 formatum

1992 3942 2022 3981 a
2049 3928 2250 3997 Spiritu
2284 3944 2298 3981 :
2332 3943 2435 3981 non
2465 3936 2547 3983 est
2591 3944 2685 3996 per
2722 3945 2779 3982 se
2819 3930 2959 3984 Deus
3000 3930 3142 4001 quod
3174 3928 3438 3996 sepultum
3477 3938 3560 3983 est

1994 4018 2046 4072 in
2096 4030 2474 4085 monumento,
2540 4019 2736 4087 alioqui
2788 4034 3030 4075 essemus
3088 4018 3453 4083 hominicolte,
3507 4033 3563 4075 et

1994 4106 2374 4161 cadavericolaa
2421 4108 2716 4163 manifesti.
2767 4108 2871 4163 Sed
2908 4110 3033 4179 quia
3067 4117 3147 4163 est
3192 4110 3245 4162 in
3288 4118 3563 4178 assumpto

1996 4198 2175 4265 Deus,
2212 4212 2274 4252 ex
2303 4208 2613 4253 assumente
2662 4199 2752 4269 qui
2794 4208 2874 4253 est
2929 4209 3268 4270 assumptus.
3310 4208 3561 4268 tauquam

1996 4288 2293 4343 assumenti
2317 4286 2657 4356 conjunctus,
2689 4288 2846 4343 simul
2869 4289 3165 4358 appellatur
3204 4290 3363 4343 Deus.
3392 4286 3410 4358 ]

2632 4420 2783 4477 CAP.
2810 4418 2923 4475 Xli.

413 4561 544 4613 Ἰδοὺ
583 4559 647 4631 δὴ
690 4558 851 4615 πάλιν
893 4560 1025 4628 ἡμῖν
1058 4560 1085 4610 ὀ
1127 4557 1224 4629 τὴν
1273 4559 1567 4626 συνάφειαν
1619 4554 1874 4624 ὀνομάζω

2076 4558 2211 4612 Ecce
2240 4556 2348 4625 jam
2375 4572 2585 4612 rursum
2614 4557 2769 4611 nobis
2795 4557 2883 4625 qui
2905 4554 3334 4625 eonjunctlonem
3370 4554 3567 4624 ubique

326 4652 632 4722 πανταχοῦ,
668 4653 761 4705 καὶ
794 4652 859 4704 τὰ
895 4652 994 4720 τῆς
1038 4650 1547 4721 ἀνθρωπολατρείας
1577 4649 1874 4719 ἐγκλήματι

2003 4648 2272 4713 nominat,
2321 4657 2375 4701 et
2433 4646 2665 4701 hominis
2716 4647 2922 4699 colendi
2974 4646 3175 4699 crimen
3233 4644 3566 4705 reformidat,

326 4742 541 4807 δεδιὼς,
587 4741 699 4811 ἥλω
735 4738 970 4807 γεγονὼς
1005 4738 1495 4808 ἀνθρωπολάτρης·
1538 4739 1770 4798 καὶτοῖς
1803 4737 1870 4806 τῆ

2008 4738 2323 4791 hominicola
2356 4752 2474 4793 esse
2498 4739 2855 4803 convincitur,
2894 4752 3109 4806 sumque
3154 4738 3329 4805 impire
3362 4737 3568 4805 rogita~

330 4832 533 4888 ἑαυτοῦ
561 4831 880 4893 δυσϐουλίας
924 4830 1203 4899 ἐνίσχηται
1234 4828 1476 4900 βρόχοις,
1519 4832 1613 4882 καὶ
1643 4845 1873 4897 καταφω

2009 4830 2169 4882 tionis
2222 4830 2427 4896 laqueis
2483 4828 2785 4897 implicatus
2818 4838 3063 4892 tenetur,
3101 4837 3151 4881 et
3178 4829 3228 4879 iu
3270 4827 3569 4894 improbum

322 4927 502 4997 9am
529 4924 710 4976 πεσὼν
737 4925 817 4985 εἰς
843 4922 1096 4991 ἀδόκιμον
1124 4920 1267 4975 νοῦν.
1304 4923 1376 4975 Τὸ
1404 4922 1513 4993 γάρ
1544 4937 1624 4974 σοι
1656 4920 1787 4993 [τοι]
1822 4938 1874 4973 τε

2009 4936 2224 4975 sensum
2252 4922 2427 4988 lapsus
2450 4921 2861 4987 deprehenditur
2891 4936 2904 4971 :
2940 4935 3058 4972 nam
3088 4918 3139 4971 id
3162 4918 3301 4988 quod
3329 4932 3393 4971 ex
3420 4928 3574 4971 utero

326 5016 465 5087 χθὲν
487 5016 552 5068 ὲκ
578 5016 811 5084 μήτρας,
830 5012 892 5065 οὐ
929 5012 1043 5065 καθ’
1062 5012 1419 5083 ἑαυτὸ,φησὶ,
1451 5012 1601 5075 Θεός.
1647 5012 1733 5075 Ὠς
1768 5013 1874 5080 ἄτα

2015 5021 2099 5066 est
2120 5011 2357 5075 editum,
2387 5012 2594 5080 inquit,
2638 5027 2741 5065 non
2789 5026 2883 5081 per
2912 5026 2972 5066 se
3003 5010 3140 5064 Deus
3165 5018 3267 5063 est.
3328 5009 3577 5064 Admiror

338 5106 443 5176 μαι
478 5120 541 5159 σε
570 5104 669 5174 τῆς
701 5103 1004 5173 ἀγχινοίας,
1028 5103 1125 5157 καὶ
1154 5104 1349 5174 φρενὸς
1373 5104 1469 5173 τῆς
1499 5102 1640 5156 οὕτω
1668 5101 1873 5172 λεπτῆς

2017 5102 2263 5172 equidem
2293 5111 2437 5156 tuam
2467 5102 2607 5157 hanc
2630 5103 2925 5165 solertiam,
2957 5113 3009 5156 et
3040 5100 3235 5156 subtile
3264 5101 3398 5154 adeo
3427 5101 3576 5171 iuge-

330 5198 425 5259 τίς
481 5193 591 5264 γὰρ
632 5194 769 5256 ὅλως
811 5195 842 5247 ό
899 5193 1057 5247 τοῦτο
1110 5193 1277 5262 φάναι
1330 5192 1719 5264 τεθαρσηκώςς
1762 5194 1911 5265 ἢτίς

337 5287 638 5354 ἠγνόηκεν,
664 5283 747 5339 ὅτι
775 5284 837 5337 τὸ
873 5285 1270 5356 γεγεννημένον
1298 5287 1365 5340 ὲκ
1399 5286 1498 5355 τῆς
1526 5286 1749 5356 σαρκὸς,
1780 5286 1874 5353 acip

2018 5294 2112 5337 aut
2164 5285 2287 5353 quis
2347 5284 2610 5352 ignoravit
2682 5298 2913 5352 unquam
2962 5284 3104 5352 quod
3156 5292 3338 5338 natum
3390 5288 3468 5335 est
3514 5293 3581 5333 ex

340 5380 532 5440 ὲστιν;
571 5375 708 5427 Ἀλλ’
740 5370 807 5444 ἦν
834 5375 938 5428 ίδία
966 5374 1061 5428 τοῦ
1085 5376 1289 5444 Λόγου·
1323 5377 1416 5429 καὶ
1452 5371 1533 5441 εἷς
1561 5380 1761 5430 νοεῖται
1799 5394 1874 5444 με⁴

2017 5391 2199 5438 carne,
2232 5391 2447 5431 carnem
2477 5390 2596 5431 esse
2626 5375 2648 5427 ?
2675 5374 2778 5431 Sed
2810 5386 2986 5429 tamen
3017 5384 3134 5430 erat
3162 5373 3371 5443 propria
3396 5368 3578 5431 Verbi,

342 5456 543 5535 Αὐτῆς,
572 5464 821 5537 καθάπερ
853 5466 1045 5536 ἀμέλει
1081 5466 1392 5534 φθάσαντες
1450 5468 1694 5537 εἴπομεν,
1741 5468 1834 5520 atati.

2018 5478 2071 5522 et
2104 5483 2241 5523 unus
2265 5484 2383 5523 cum
2416 5468 2501 5523 illa
2532 5468 2867 5535 intelligitur,
2889 5477 2947 5519 ut
2972 5467 3153 5536 procul
3185 5467 3365 5529 dubio,
3390 5475 3576 5533 quem-

338 5555 443 5609 τοῦ
472 5555 756 5629 ἀνθρώπου
776 5556 921 5626 ψυχὴ
949 5558 1086 5624 μετὰ
1114 5555 1208 5609 τοῦ
1234 5558 1363 5609 ίδίου
1392 5554 1804 5629 σώματος.⁷Αρ’
1823 5554 1874 5612 οὗ

2022 5559 2309 5615 admodum
2356 5565 2600 5631 superius
2646 5562 2902 5627 diximus,
2934 5561 3093 5617 etiam
3136 5556 3370 5615 hominis
3403 5555 3581 5610 anima

2020 5195 2186 5248 nium.
2227 5192 2358 5259 Quis
2412 5196 2555 5248 enim
2598 5208 2815 5261 prorsus
2870 5194 2973 5248 hoc
3011 5194 3192 5248 dicere
3236 5200 3318 5246 est
3370 5193 3580 5246 ausus?

422 5737 469 5768 "
499 5734 653 5791 Joan.
705 5750 780 5797 ιι,
823 5734 1017 5790 35-39.
1095 5736 1139 5766 “
1168 5734 1187 5789 l
1214 5733 1371 5790 Joan.
1402 5752 1442 5801 ι,
1482 5736 1533 5791 1.

710 5827 983 5887 ΡΑτιιοι..
1018 5828 1133 5888 Gn.
1170 5827 1423 5888 LXXVI.

3201 5820 3234 5879 ι
