4024 6498
616 364 718 420 107

1607 356 1665 414 S.
1698 352 1975 412 CYRILLI
2010 347 2472 406 ALEXANDRI‘NI
2513 347 2832 405 ABCHIEP.

3762 338 3935 413 108;

602 491 735 531 eum
757 490 855 532 suo
878 489 1101 545 corpore
1129 491 1147 531 :
1181 490 1311 547 ergo
1333 476 1377 531 si
1405 472 1670 545 quispiam
1688 471 1754 527 de
1781 471 1933 527 nobis
1956 481 2166 538 quoque

2273 467 2324 519 εί
2365 484 2444 529 τις
2479 466 2650 519 ἕλοιτο
2683 465 2775 518 καὶ
2802 464 2885 533 ἐφ’
2914 462 3067 534 ἡμῶν
3096 463 3291 525 εἰπεῖν,
3327 460 3426 513 οὐκ
3464 459 3776 530 ἄνθρωπος
3802 456 3865 509 τὸ
3936 484 3937 495 ι

611 566 796 623 dicere
856 567 1019 633 velit,
1082 582 1188 622 non
1248 581 1371 622 esse
1428 565 1700 620 hominem
1751 562 1922 632 ipsum
1975 573 2172 629 corpus

611 672 706 727 per
746 672 844 721 se,
902 672 1081 712 nonne
1121 655 1456 726 superﬂuens
1504 655 1558 709 in
1597 667 1847 709 sermone
1892 661 1947 706 et
1997 664 2173 719 nugax

612 748 807 803 merito
861 747 1115 802 dicetur?
1149 746 1331 816 Neque
1379 745 1521 798 enim
1566 744 1849 812 quisquam
1884 750 2175 811 negaturus

611 850 694 894 est
744 840 917 908 ipsum
955 852 1057 907 per
1107 853 1167 893 se
1195 851 1389 905 corpus
1420 852 1525 890 non
1574 849 1693 889 esse
1742 833 2048 895 hominem,
2080 831 2174 886 sed

610 930 789 998 potius
832 929 1062 983 hominis
1103 942 1299 996 corpus
1335 927 1463 981 dici.
1515 926 1619 980 Sed
1649 940 1806 979 nemo
1833 934 2010 979 tamen
2040 923 2175 979 duas

612 1018 665 1072 in
696 1026 877 1087 partes
908 1016 1187 1079 dividens,
1224 1030 1289 1070 ac
1333 1014 1558 1069 seorsim
1600 1028 1805 1083 ponens
1840 1013 2072 1067 animam
2121 1018 2177 1065 et

608 1123 841 1179 corpus,
866 1107 1059 1162 dixerit
1107 1121 1344 1175 unquam
1380 1119 1575 1172 corpus
1618 1104 1807 1159 eodem
1842 1118 1963 1157 cum
1996 1101 2174 1155 anima

610 1199 864 1268 appellari
894 1198 1107 1253 nomine
1131 1198 1197 1250 ad
1226 1210 1389 1251 unum
1423 1194 1696 1248 hominem
1718 1193 2126 1264 signiﬁcandum
2154 1207 2170 1256 ;

611 1303 786 1357 neque
824 1289 967 1342 enim
1011 1296 1167 1355 aptus
1197 1287 1299 1341 erit
1327 1284 1588 1355 ejusmodi
1631 1298 1839 1349 sermo,
1865 1282 1957 1337 sed
1999 1281 2175 1352 potius

612 1379 895 1449 imperitia:
926 1378 1136 1447 plenus.
1172 1376 1276 1432 Sed
1304 1392 1423 1431 cum
1451 1385 1735 1444 utrumque
1758 1375 2053 1429 secundum
2077 1388 2173 1426 na-

614 1468 838 1523 turalem
866 1467 1115 1522 unionem
1137 1465 1476 1534 conjunxerit
1505 1467 1571 1519 ad
1601 1465 1759 1519 unius
1788 1463 2020 1518 hominis
2046 1476 2175 1517 con-

608 1560 961 1624 stitutionem,
992 1568 1101 1612 tum
1134 1559 1345 1612 demum
1400 1556 1668 1611 hominem
1713 1555 2020 1625 appellabit.
2074 1567 2174 1608 nec

608 1648 881 1703 videbitur
904 1648 1081 1717 inepte
1095 1647 1645 1715 absurdequedicere.
1666 1645 1917 1716 Oportuit
1937 1658 2086 1713 ergo,
2124 1642 2171 1697 si

2274 558 2433 626 σῶμα
2459 556 2579 610 καθ’
2611 556 2789 619 ἑαυτὸ,
2816 556 2876 607 ού
2906 552 3156 621 περιττὸς
3184 553 3264 615 είς
3294 552 3485 619 λόγους
3517 551 3610 604 καὶ
3642 549 3865 601 εἰκαιό-

2266 648 2444 717 Δμυθος
2482 646 2801 716 ὀνομάζοιτο
2846 644 2912 697 ἂν
2945 643 3205 707 είκότως;
3257 643 3577 712 ’Δρνήσεται
3608 640 3736 709 γὰρ
3771 638 3865 691 ού·
3940 678 3941 683 η

2271 737 2404 801 δεὶς,
2440 737 2522 789 ὅτι
2568 736 2642 805 μὴ
2671 734 2955 805 ἄνθρωπος
2991 733 3053 785 τὸ
3096 731 3256 801 σῶμα
3304 732 3424 785 καθ’
3464 730 3651 793 ἑαυτὸ,
3692 731 3865 797 σῶμα
3942 776 3943 781 η

2268 828 2329 881 δὲ
2363 828 2563 897 μᾶλλον
2590 826 2878 897 ἀνθρώπου
2924 822 3123 892 λέγοιτ’
3155 822 3240 876 ἄν.
3276 821 3422 891 Πλὴν
3457 820 3518 873 ού
3559 820 3695 889 δίχα
3737 818 3863 870 δια-

2271 919 2475 989 τεμὼν,
2510 920 2604 972 καὶ
2629 918 2733 974 ἀνὰ
2782 916 2950 987 μέρος
2993 914 3164 977 τιθεὶς
3190 913 3369 983 ψυχήν
3413 930 3472 965 τε
3516 913 3611 966 καὶ
3659 912 3861 980 σῶμα,

2272 1010 2408 1079 φαίη
2445 1026 2528 1071 τις
2570 1010 2658 1073 ἂν,
2706 1008 2789 1061 ὅτι
2844 1006 3244 1076 συγχρηματιεῐ
3271 1007 3332 1056 τδ
3377 1003 3537 1072 σῶμα
3570 1005 3638 1072 τῇ
3702 1003 3861 1071 ψυχῇ

2277 1101 2418 1170 πρὸς
2463 1101 2581 1162 ἑνὸς
2626 1097 2912 1166 ἀνθρώπου
2958 1096 3221 1166 δήλωσιν·
3264 1096 3349 1165 εἴη
3391 1095 3501 1165 γὰρ
3537 1094 3604 1149 ἂν
3644 1096 3764 1146 οὐκ
3801 1095 3862 1145 έν

2272 1192 2464 1262 κόσμῳ
2507 1189 2875 1260 γεγενημένος
2908 1190 2939 1243 ό
2965 1188 3168 1241 τοιόσδε
3212 1188 3398 1255 λόγος,
3427 1185 3627 1255 μᾶλλον
3656 1186 3723 1238 δὲ
3762 1186 3863 1236 καὶ
3950 1185 3951 1233 ἲ

2272 1280 2512 1352 ἀμαθίας
2528 1280 2797 1351 ἔμπλεως.
2820 1281 3019 1349 Ἄμφω
3040 1296 3101 1346 γε
3123 1278 3229 1348 μὴν
3248 1277 3369 1330 καθ’
3384 1277 3578 1329 ἕνωσιν
3600 1278 3857 1345 φυσικὴν
3952 1266 3953 1283 1

2274 1372 2613 1441 συνενεγκὼν
2648 1374 2730 1435 εἰς
2764 1372 2880 1435 ἐνὸς
2926 1370 3213 1442 ἀνθρώπου
3252 1370 3543 1433 σύστασιν,
3574 1370 3707 1422 τότε
3762 1372 3860 1421 καὶ
3954 1364 3955 1379 ¹

2271 1464 2555 1535 ἄνθρωπον
2583 1462 2863 1533 ωομάσει·
2899 1461 2995 1515 καὶ
3028 1461 3133 1514 κᾶν
3165 1459 3277 1531 [τσ.
3301 1460 3400 1512 οὐκ
3426 1458 3514 1530 ἂν]
3543 1460 3693 1513 οὕτω
3722 1460 3859 1531 δόξῃ
3956 1460 3957 1475 ¹

2270 1552 2589 1623 ἀσύμφυλόν
2610 1568 2669 1605 τε
2695 1552 2789 1606 καὶ
2812 1550 3043 1613 ἀκαλλὲς
3068 1552 3261 1603 εἰπεῖν.
3277 1549 3422 1602 Ἔδει
3450 1549 3650 1611 τοίνυν,
3686 1550 3857 1617 εἴπερ

2268 1659 2355 1705 τις
2384 1638 2453 1712 ἦν
2484 1642 2621 1701 ὅλως
2648 1640 2808 1710 σοφός
2839 1656 2899 1693 τε
2933 1641 3029 1692 καὶ
3060 1639 3333 1709 νουνεχὴς,
3366 1636 3527 1707 σῶμα
3547 1641 3758 1699 εἰπεῖν,
3793 1639 3857 1690 τὸ

609 1739 829 1793 omnino
853 1735 1067 1806 sapiens
1091 1737 1251 1791 homo
1268 1739 1542 1805 solersque
1558 1746 1673 1791 erat
1691 1776 1707 1802 ,
1735 1750 1928 1803 corpus
1957 1734 2166 1804 quidem

2271 1735 2337 1787 ἐκ
2389 1734 2679 1802 γυναικός’
2730 1731 3201 1803 προσομολογῆσαι
3231 1730 3288 1783 δὲ
3320 1730 3406 1783 δτι
3445 1732 3512 1799 τῇ
3545 1728 3670 1781 καθ’
3710 1729 3857 1781 ὑπό-

610 1828 737 1882 illud
753 1842 817 1883 ex
840 1827 1062 1882 muliere
1084 1826 1283 1891 dicere,
1310 1836 1364 1881 et
1384 1827 1604 1895 insuper
1628 1824 1805 1892 fateri,
1826 1826 1951 1878 illud
1971 1824 2166 1879 unitate

2277 1800 2464 1877 στασιν
2493 1822 2682 1877 ένώσει
2710 1800 3025 1892 συνενεχθὲν
3050 1800 3128 1891 τῷ
3154 1820 3331 1891 Λόγῳ,
3356 1820 3587 1890 Χριστὸν
3612 1820 3718 1872 ἕνα
3754 1820 3851 1872 καὶ

611 1916 907 1973 secundum
975 1917 1307 1987 hypostasim
1382 1931 1507 1970 cum
1571 1914 1748 1969 Verbo
1804 1915 2168 1983 conjunctum,

600 2021 778 2059 .unum
844 2003 1119 2057 Christum
1186 2012 1241 2056 et
1294 2001 1491 2057 Filium
1544 2012 1600 2056 et
1650 2002 1933 2057 Dominum
1990 2003 2171 2055 absol-

594 2099 787 2160 'visse,
843 2094 1096 2149 eumdem
1169 2092 1329 2148 simul
1408 2104 1466 2149 et
1516 2094 1680 2148 Deum
1755 2101 1812 2147 et
1876 2092 2168 2147 hominem.

609 2183 719 2255 59
739 2183 891 2239 Nunc
926 2197 1055 2237 vero
1095 2184 1200 2239 hoc
1233 2184 1464 2249 omisso,
1510 2197 1760 2252 perversa
1790 2182 2032 2252 graditur
2063 2182 2170 2246 via,

604 2276 676 2328 de
715 2283 865 2329 recta
905 2274 1192 2340 decedens,
1240 2288 1305 2327 ac
1348 2273 1483 2328 duos
1526 2273 1686 2328 nobis
1732 2277 1860 2328 deos
1893 2272 2169 2342 praedicat,

592 2379 774 2418 unum
816 2363 1109 2418 secundum
1146 2373 1395 2417 naturam
1427 2378 1490 2419 ac
1519 2365 1823 2428 veritatem,
1854 2364 1985 2418 illud
2021 2363 2173 2417 nimi-

613 2470 730 2507 rum
774 2468 840 2508 ex
896 2453 1003 2507 Deo
1054 2453 1215 2509 Patre
1261 2452 1531 2520 Verbum;
1586 2455 1749 2509 alium
1800 2470 1927 2509 vero
1972 2463 2172 2524 praeter

610 2546 784 2607 hunc,
820 2542 910 2611 qui
944 2543 1101 2597 simul
1133 2559 1253 2598 cum
1284 2559 1350 2599 eo
1395 2544 1539 2600 Deus
1570 2545 1887 2613 appellatur.
1922 2544 1993 2601 Ut
2023 2544 2167 2598 enim

608 2647 764 2687 nemo
803 2632 974 2686 nostri
1029 2635 1245 2703 generis
1292 2634 1493 2688 dicitur
1522 2649 1645 2689 cum
1692 2650 1753 2689 se
1802 2635 1918 2703 ipso
1965 2644 2021 2689 et
2052 2635 2169 2689 solo

604 2723 937 2787 conversari,
981 2724 1127 2777 verbi
1155 2725 1350 2794 gratia,
1379 2725 1474 2779 sed
1518 2740 1639 2779 cunt
1685 2724 1856 2780 altero
1881 2740 2168 2781 conversa-

604 2822 712 2879 tur,
747 2828 810 2868 ac
850 2814 896 2868 si
924 2828 1084 2882 quem
1111 2830 1142 2872 e
1165 2814 1398 2870 terrenis
1428 2815 1641 2884 regibus
1659 2816 1943 2885 quisquam
1972 2817 2169 2873 dixerit

604 2906 765 2960 simul
814 2921 938 2961 cum
993 2907 1174 2975 seipse
1224 2921 1469 2975 regnare,
1497 2908 1621 2976 jure
1664 2909 1735 2963 sit
1793 2908 2068 2973 ridendus,
2112 2916 2168 2964 et

606 2994 913 3062 ungabitur,
960 2994 1086 3047 dum
1122 2996 1262 3062 quod
1313 2998 1379 3048 de
1413 3009 1521 3049 uno
1568 2995 1792 3065 soloque
1823 2996 2043 3061 dicitur,
2084 2995 2169 3052 sic

2273 1914 2402 1967 Υίὸν
2440 1914 2536 1966 καὶ
2575 1914 2781 1981 Κύριον
2817 1911 3174 1967 ἀποτετέλεκε
3216 1911 3308 1963 τὸν
3350 1910 3511 1963 αὐτὸν
3544 1910 3679 1963 ὄντα
3712 1910 3854 1962 Θεὸν

2272 2007 2367 2059 καὶ
2397 2005 2678 2075 ἄνθρωπον
2699 2020 2713 2035 ·
2744 2006 2861 2058 νυνὶ
2885 2004 2943 2058 δὲ
2975 2004 3134 2058 τοῦτο
3166 2002 3368 2072 μεθεὶς,
3391 2002 3559 2055 οῐεται
3586 2002 3704 2071 (16)
3747 2002 3851 2071 μὲν

2270 2096 2370 2165 τὴν
2396 2095 2836 2166 διεστραμμένην
2879 2094 2979 2163 τῆς
3013 2095 3093 2157 είς
3149 2093 3276 2147 εὐθὺ
3313 2093 3650 2146 διεκπίπτων
3678 2091 3809 2144 ὀδοῦ
3832 2107 3846 2119 ο

2269 2186 2364 2239 δύο
2389 2186 2444 2239 δὲ
2491 2187 2622 2256 ἡμῖν
2666 2184 3013 2255 διακηρύττει
3070 2184 3255 2247 Θεοὺς,
3288 2184 3382 2236 ’ἐνα
3439 2183 3535 2253 μὲν
3566 2183 3645 2244 ὠς
3679 2182 3850 2250 φύσει

2271 2276 2365 2330 καὶ
2388 2276 2615 2346 ἀληθείᾳ
2640 2277 2730 2329 τὸν
2777 2278 2841 2329 ὲκ
2889 2275 3023 2329 Θεοῦ
3077 2275 3287 2343 Πατρός
3328 2274 3525 2342 Λόγον·
3565 2275 3761 2344 ἕτερον
3792 2273 3851 2325 δὲ

2271 2369 2403 2437 παρ’
2453 2368 2655 2432 αὐτὸν,
2703 2368 2794 2420 τὸν
2846 2364 3355 2437 συγχρηματίζοντα
3408 2364 3583 2433 αύτῷ·
3630 2365 3694 2416 ὃν
3736 2365 3852 2433 γὰρ

2270 2454 2467 2523 τρόπον
2492 2453 2663 2517 οὐδεὶς
2699 2454 2765 2507 ἂν
2793 2454 3005 2521 λέγοιτο
3052 2453 3160 2505 τῶν
3191 2452 3313 2506 καθ’
3341 2454 3486 2521 ἡμᾶς
3524 2452 3711 2521 ἐαυτῷ
3752 2456 3850 2504 καὶ

2272 2545 2417 2615 μόνῳ
2442 2544 2842 2599 συνδιαιτᾶσθαι
2865 2544 3045 2614 τυχὸν,
3076 2543 3245 2614 ἑτέρῳ
3273 2544 3329 2596 δὲ
3367 2543 3565 2612 μᾶλλον
3597 2543 3848 2595 συνδιαι⁸

2267 2633 2513 2703 τήσεται.
2562 2634 2680 2687 Κᾶν
2712 2636 2765 2688 εί
2810 2652 2931 2688 τινα
2964 2634 3111 2703 λέγοι
3151 2634 3257 2688 τῶν
3291 2634 3382 2685 ἐπὶ
3423 2634 3526 2703 γῆς
3571 2634 3850 2704 βασιλέων

2270 2722 2689 2792 συμϐασιλεύειν
2718 2723 2915 2793 ἑαυτῷ,
2939 2722 3091 2792 δφλοι
3120 2724 3187 2778 ἂν
3217 2723 3444 2787 είκότως
3474 2724 3711 2791 γέλωτα,
3747 2725 3848 2776 καὶ

2271 2813 2554 2886 βατταριεί
2582 2814 2644 2868 τὸ
2676 2816 2765 2884 ἐφ’
2797 2815 2916 2879 ἑνός
2942 2832 3003 2868 τε
3038 2815 3134 2868 καὶ
3161 2815 3321 2886 μόνου
3348 2816 3518 2879 τιθεὶς
3545 2818 3639 2870 καὶ
3666 2816 3849 2883 λέγων

2267 2905 2343 2969 ὡς
2369 2908 2462 2960 ἐπὶ
2489 2906 2657 2972 δυοῖν,
2697 2908 2870 2973 οὕτως
2902 2910 3159 2964 ἀσύνετον
3191 2909 3387 2979 κομιδῆ
3415 2909 3476 2961 τὸ
3511 2924 3847 2978 συγχρημα-

2267 2999 2440 3062 τίζειν
2471 3000 2681 3053 οἴεσθαι
2728 3001 2850 3057 καθ’
2878 3001 2996 3064 ἑνός
3028 3018 3087 3054 τε
3125 3002 3219 3055 καὶ
3251 3002 3411 3071 μόνου
3439 2999 3702 3053 δύνασθαι
3739 3017 3848 3070 χω-

586 3085 758 3153 ,ροιιίι
807 3094 969 3153 atque
1003 3084 1338 3153 ,pronuntiat
1388 3094 1642 3153 tanquam
1696 3089 1762 3141 de
1803 3084 2047 3153 duobus;
2093 3086 2165 3141 ita

2273 3090 2403 3159 ρετν,
2434 3087 2528 3141 δύο
2556 3088 2665 3159 γάρ
2701 3107 2802 3142 που
2843 3090 3061 3151 πάντως
3108 3083 3216 3141 εῐεν
3255 3088 3353 3142 ἄν’
3381 3087 3475 3141 καὶ
3512 3088 3539 3141 ό
3593 3086 3696 3156 μὲν
3726 3088 3847 3139 ἐστι

608 3176 829 3228 stultum
860 3188 991 3229 sane
1026 3173 1095 3227 sit
1117 3182 1309 3242 putare
1335 3173 1437 3228 hoc
1468 3174 1664 3243 ipsum,
1690 3174 1852 3230 simul
1883 3174 2164 3246 appellari,

603 3265 671 3318 de
713 3279 820 3317 uno
864 3263 1085 3332 soloque
1127 3264 1233 3318 dici
1279 3278 1446 3334 posse
1478 3279 1493 3316 :
1523 3265 1631 3319 duo
1667 3278 1901 3335 namque
1945 3281 2170 3336 prorsus

584 3363 783 3420 .erunt,
819 3362 874 3408 et
903 3355 1042 3409 alter
1079 3356 1377 3408 secundum
1411 3365 1657 3409 naturam
1693 3355 1852 3423 Deus,
1879 3356 2017 3411 alter
2041 3371 2170 3413 vero

588 3445 790 3514 ,prucni
816 3445 978 3500 dubio
1008 3459 1131 3499 cum
1161 3446 1213 3499 id
1245 3446 1418 3499 solum
1450 3446 1647 3500 habeat
1673 3456 1732 3500 ut
1760 3447 1924 3501 simul
1950 3463 2071 3502 cum
2102 3462 2169 3504 eo

604 3545 829 3590 vocetur
878 3535 1054 3602 Deus,
1106 3535 1269 3603 idque
1314 3537 1651 3590 extrinsecus
1693 3546 1749 3590 et
1798 3538 2164 3605 acquisitum,

605 3634 796 3680 recens
822 3627 977 3680 nobis
1004 3625 1145 3681 Deus
1190 3627 1417 3681 exstitit.
1450 3626 1585 3680 Num
1618 3642 1746 3696 ergo
1793 3628 2049 3682 mentitur
2080 3629 2167 3683 ille

601 3726 793 3772 natura
831 3726 885 3771 et
932 3732 1057 3773 vere
1089 3718 1467 3772 universorum
1508 3718 1646 3772 Deus
1679 3734 1800 3774 cum
1837 3719 1971 3773 dicit
2004 3738 2018 3773 :
2054 3738 2072 3771 ι
2107 3719 2165 3775 Si

603 3808 837 3864 audieris
884 3824 992 3874 me,
1038 3824 1142 3864 non
1190 3811 1297 3864 erit
1348 3811 1400 3863 in
1453 3819 1502 3864 te
1551 3809 1684 3864 deus
1736 3825 1945 3878 recens,
1994 3826 2167 3881 neque

601 3900 854 3955 adorabis
897 3901 1054 3956 deum
1104 3900 1337 3955 alienum
1363 3902 1443 3955 “?
1477 3921 1496 3953 ι
1538 3902 1651 3957 Hoc
1695 3902 1741 3955 si
1774 3902 1847 3956 ita
1883 3912 1986 3969 est,
2029 3918 2164 3971 quo-

603 3986 760 4041 modo
806 3988 1095 4044 adoramus
1142 3988 1445 4054 Christum,
1496 4000 1550 4044 et
1604 3990 1680 4044 illi
1720 3989 1965 4046 ﬂectetur
2007 4006 2167 4046 omne

599 4076 783 4143 genu?
833 4078 1103 4146 quomodo
1156 4079 1318 4133 etiam
1380 4081 1528 4134 illum
1573 4083 1817 4136 venerari
1869 4082 2163 4147 conﬁteris,

600 4182 724 4220 cum
758 4175 935 4220 tamen
965 4167 1246 4233 formides,
1273 4179 1331 4222 ut
1359 4170 1566 4233 dixisti,
1599 4184 1666 4224 ne
1695 4171 2017 4226 hominicola
2047 4186 2165 4228 esse

601 4258 879 4312 videaris?
907 4258 1017 4313 Sed
1054 4261 1218 4313 habet
1246 4263 1313 4314 ad
1337 4262 1437 4314 hoc
1470 4260 1729 4329 aliquant,
1761 4271 1820 4316 ut
1847 4263 1960 4331 ipse
1991 4272 2162 4332 putat,

597 4359 809 4405 acutam
849 4351 1253 4420 responsionem
1303 4368 1474 4407 :nam
1526 4363 1785 4423 tanquam
1844 4354 2164 4425 conjunctus

2268 3176 2411 3231 κατά
2441 3176 2601 3245 φύσιν
2633 3177 2765 3241 Θεός
2786 3194 2799 3209 ·
2830 3178 2859 3229 ό
2885 3177 2963 3240 δὲ,
3004 3177 3143 3247 τάχα
3185 3191 3290 3229 που
3328 3177 3423 3229 καὶ
3455 3176 3613 3245 μόνον
3662 3176 3732 3228 τό
3780 3191 3846 3243 γε

2270 3267 2712 3337 συγχρηματίσαι
2764 3267 2995 3336 θύραθέν
3044 3283 3104 3320 τε
3168 3266 3265 3320 καὶ
3309 3266 3601 3336 ἐπίκτητον
3673 3265 3844 3336 ἔχων,

2270 3359 2581 3429 πρόσφατος
2613 3361 2747 3428 ἡμῖν
2792 3357 3073 3428 ἀνεδείχθη
3102 3358 3255 3420 Θεός.
3296 3353 3420 3428 'Ap‘
3448 3352 3541 3410 οὖν
3581 3357 3845 3426 ψεύδεται

2268 3449 2462 3518 λέγων,
2484 3452 2513 3502 ὁ
2544 3450 2704 3517 φύσει
2736 3466 2793 3502 τε
2823 3449 2917 3502 καὶ
2938 3448 3151 3520 ἀληθῶς
3180 3449 3287 3502 τῶν
3319 3450 3458 3502 ὅλων
3473 3449 3633 3511 Θεός·
3666 3468 3688 3500 ι
3713 3448 3846 3501 Ἐὰν

2267 3538 2508 3613 ἀκούσῃς
2534 3557 2659 3610 μου,
2689 3540 2789 3593 ούκ
2819 3539 2971 3592 ἔσται
2996 3542 3053 3594 ἐν
3083 3541 3166 3592 eoi.
3202 3540 3320 3603 Θεὸς
3354 3540 3686 3610 πρόσφατος,
3717 3539 3845 3592 ούδι

2268 3631 2666 3699 προσκυνήσεις
2707 3628 2815 3699 θεῷ
2861 3629 3151 3701 ἀλλοτρίῳ;
3182 3648 3201 3679 »
3259 3624 3390 3684 Εῐτα
3435 3630 3552 3692 πῶς
3596 3645 3844 3699 προσκε-

2268 3720 2582 3788 κυνήκαμεν
2612 3717 2688 3788 τῷ
2720 3716 2960 3788 Χριστῷ,
2991 3717 3085 3771 καὶ
3108 3718 3258 3787 αύτῷ
3293 3717 3497 3788 κάμψει
3529 3720 3636 3770 πᾶν
3667 3718 3841 3785 γόνυ;

2268 3808 2385 3871 πῶς
2410 3808 2467 3861 δὲ
2508 3808 2603 3861 καὶ
2640 3807 2819 3861 σέϐειν
2872 3808 3033 3861 αὑτὸν
3062 3808 3375 3878 όμολογεῖςς
3415 3808 3591 3861 καίτοι
3623 3807 3839 3872 δεδιὼς,

2265 3901 2340 3963 ὡς
2373 3900 2530 3971 ἔφης,
2562 3900 2623 3953 τὸ
2655 3898 3113 3970 ἀνθρωπολάτρης
3144 3894 3280 3952 εἶναι
3317 3899 3511 3952 δοκεῖν.
3552 3898 3689 3952 Ἀλλ’
3723 3899 3842 3969 ἔχει

2265 3988 2385 4042 τινὰ
2417 3987 2669 4056 καθάπερ
2709 3983 2802 4040 οὖν
2842 3987 3013 4041 οἴεται
3050 3986 3210 4055 σοφὸν
3242 3988 3334 4040 ἐπὶ
3378 3986 3511 4057 τῷδε
3538 3987 3728 4055 λόγον·
3763 3988 3842 4051 ὡς

2264 4082 2377 4151 γὰρ
2407 4080 2486 4149 τῷ
2538 4078 2755 4133 λαϐόντι
2796 4079 3124 4147 συναφθεὶς,
3174 4078 3606 4150 συγχρηματίζει
3655 4080 3837 4141 Θεός·

2265 4172 2383 4234 πῶς
2420 4169 2627 4240 ἐλήφθη
2679 4169 2907 4240 φράσον,
2953 4168 3138 4239 ἢτίνα
3184 4170 3456 4239 συνῆπται
3497 4170 3728 4241 τρόπονς
3774 4168 3839 4222 Ei

2267 4263 2364 4333 μὲν
2391 4256 2483 4316 οὖν
2502 4262 2620 4315 καθ’
2642 4262 2835 4314 ένωσιν
2865 4261 3061 4331 ἀληθῆ,
3080 4261 3177 4331 τὴν
3202 4262 3323 4314 καθ’
3350 4261 3643 4313 ὑπόστασιν
3664 4260 3835 4328 λέγω.

2267 4352 2474 4407 παῦσαι
2512 4351 2752 4425 μερίζων
2782 4352 2843 4405 τὸ
2872 4352 3183 4423 ἡνωμένον·
3214 4350 3306 4404 ἐπὶ
3348 4349 3534 4422 καιροῦ
3564 4350 3621 4401 δὲ
3654 4346 3835 4419 οἶμαι,

597 4443 890 4496 assumenti
922 4441 1082 4496 simul
1116 4441 1421 4510 appellatur
1446 4442 1619 4497 Deus:
1652 4444 1926 4512 quomodo
1955 4459 2163 4499 assum-

2268 4441 2359 4493 καὶ
2398 4441 2534 4512 πρός
2578 4457 2643 4510 γε
2697 4440 2853 4511 ἡμῶν
2911 4440 3187 4511 εἰρήσεται
3241 4438 3582 4509 διατέμνοντί
3630 4455 3711 4491 σοι
3775 4438 3839 4491 τὸ

594 4538 719 4599 plus
778 4540 861 4584 est
914 4530 1208 4599 eloquere,
1259 4541 1352 4585 aut
1407 4547 1642 4599 quonam
1711 4533 2030 4602 conjunclus
2078 4543 2163 4589 est

596 4620 787 4674 modo?
820 4618 953 4674 Nam
984 4622 1028 4675 si
1067 4622 1283 4691 quidem
1328 4623 1622 4677 secundum
1661 4638 1846 4677 veram
1881 4624 2157 4692 unionem,

594 4707 741 4761 illam
786 4711 1081 4765 secundum
1130 4712 1459 4782 bypostasim
1509 4713 1661 4779 dico;
1710 4716 1898 4769 desine
1942 4716 2157 4770 tandem

596 4797 805 4851 unitum
831 4798 1076 4854 dividere
1101 4817 1116 4853 :
1145 4811 1202 4853 et
1237 4810 1537 4871 opportune
1565 4803 1726 4856 etiam
1771 4818 1798 4855 a
1828 4804 1983 4858 nobis
2008 4804 2156 4858 dice-

596 4896 683 4940 tur
734 4887 829 4940 tibi
886 4887 1217 4942 individuum
1267 4890 1545 4945 dividenti.
1598 4912 1616 4941 ι
1647 4892 1796 4959 Quod
1842 4908 1970 4962 ergo
2018 4893 2159 4948 Deus

591 4976 893 5047 conjunxit,
927 4978 1088 5033 homo
1120 4994 1188 5034 ne
1225 4980 1508 5037 dividat“.
1532 5001 1562 5035 .3
1593 4981 1686 5037 Sin
1732 4985 2153 5051 assumptionem

594 5071 754 5121 istam
803 5083 896 5124 seu
949 5070 1379 5138 conjunctionem
1420 5088 1550 5129 esse
1597 5076 1733 5129 dicis
1767 5086 2047 5131 externam
2092 5092 2156 5130 ac

594 5158 895 5222 relativam,
946 5161 1215 5226 quomodo
1260 5178 1366 5218 non
1411 5165 1646 5218 advortis
1689 5166 1740 5218 in
1776 5166 1942 5219 nobis
1990 5167 2151 5219 etiam

589 5263 708 5303 esse
735 5248 922 5313 Deum,
959 5257 1011 5302 et
1037 5266 1136 5305 nos
1167 5250 1241 5306 illi
1270 5253 1518 5322 conjungi
1553 5254 1794 5318 relative,
1835 5265 1888 5308 et
1927 5256 2149 5322 partici-

659 5404 703 5438 ⁶¹
739 5405 905 5461 Exod.
937 5423 1024 5473 xx,
1050 5408 1118 5472 2;
1150 5408 1285 5463 [‘sal.
1317 5426 1479 5476 Lux,
1520 5412 1601 5464 l0.
1680 5413 1723 5442 “
1750 5411 1941 5464 Matth.
1974 5427 2082 5473 xix,
2113 5414 2168 5464 ϋ.

2264 4529 2528 4599 ἄτμητον,
2566 4549 2587 4582 ι
2627 4528 2695 4585 Ὀ
2736 4525 2829 4583 οὖν
2876 4529 3005 4592 Θεὸς
3054 4528 3385 4593 συνέζευξεν,
3421 4527 3707 4599 ἄνθρωπος
3756 4529 3836 4599 μὴ

2264 4622 2561 4691 χωριζέτω.
2598 4641 2618 4675 ι
2658 4621 2721 4675 Ei
2778 4622 2835 4674 δέ
2876 4638 2939 4689 γε
2971 4622 3069 4692 τὴν
3101 4619 3288 4692 λῆψιν,
3340 4622 3505 4690 ἡγουν
3556 4620 3653 4691 τὴν
3702 4637 3837 4673 συν⁶

2264 4712 2481 4781 ἀφειαν,
2535 4712 2732 4777 ἔξωθέν
2777 4729 2837 4765 τε
2886 4713 2978 4765 καὶ
3029 4711 3282 4782 σχετικὴν
3334 4707 3469 4764 εἶναι
3520 4711 3658 4781 φὴς,
3710 4712 3835 4775 πῶς

2262 4804 2557 4875 ἡγνόηκας,
2580 4805 2663 4857 ὅτι
2696 4803 2789 4856 καὶ
2815 4804 2873 4856 ἐν
2896 4805 3028 4873 ἡμῖν
3053 4804 3169 4855 ἑστι
3195 4803 3346 4865 θεὸς,
3376 4804 3469 4855 καὶ
3490 4804 3652 4871 ἡμεῖς
3678 4802 3833 4873 αὐτῷ

2265 4894 2644 4965 συναπτόμεθα
2669 4894 2954 4963 σχετικῶς,
2982 4893 3077 4949 καὶ
3098 4895 3342 4946 κοινωνοὶ
3366 4893 3465 4962 τῆς
3488 4893 3634 4956 θείας
3662 4894 3831 4947 αὑτοῦ

2263 4986 2566 5056 γεγόναμεν
2598 4985 2809 5054 φύσεως
2833 5002 2847 5051 ;
2881 4985 3086 5038 Ψάλλει
3116 4985 3245 5052 γοῦν
3263 4987 3292 5038 ὁ
3320 4984 3606 5048 θεσπέσιος
3627 4984 3827 5039 Δαόίδο

2269 5094 2287 5127 ι
2311 5075 2605 5146 Ἐκολλὴθη
2666 5078 2700 5146 ἡ
2747 5076 2889 5146 ψυχή
2930 5093 3030 5147 μου
3060 5077 3233 5129 ὀπίσω
3270 5092 3364 5129 σου
3386 5093 3401 5107 ·
3432 5094 3451 5129 ι
3504 5092 3828 5147 συγχρημα-

2262 5167 2481 5237 τιοῦμεν
2514 5164 2606 5220 οὖν
2634 5167 2743 5237 ἀρα
2770 5168 2864 5220 καὶ
2913 5171 3097 5237 ἡμεῖς,
3146 5167 3226 5237 τῷ
3270 5167 3411 5220 κατά
3467 5167 3629 5236 φύσιν
3688 5166 3828 5236 Θεῷ,

2262 5258 2372 5311 θεοὶ
2400 5261 2517 5311 κατ’
2551 5260 2737 5320 αὐτὸν,
2763 5258 2968 5329 κάμψει
2994 5260 3088 5312 καὶ
3109 5260 3242 5329 ἡμῖν
3266 5261 3374 5312 πᾶν
3394 5259 3543 5326 γόνυ.
3572 5258 3638 5311 Τί
3662 5273 3832 5327 προσ-

1879 5562 2036 5616 ΑΝΤ.
2079 5562 2349 5617 AGELLII
2390 5564 2621 5619 NOT/E.

659 5716 769 5788 (l6)
814 5718 1111 5789 Legendum
1150 5722 1307 5785 ἵεται,
1346 5732 1400 5773 ut
1441 5722 1489 5774 it:
1523 5729 1763 5776 extremo
1796 5720 1895 5775 huc
1931 5735 1966 5774 ll
2004 5719 2155 5791 libro

2268 5721 2337 5786 rit,
2374 5720 2530 5791 μόνος
2563 5722 2633 5776 ἴθι
2666 5722 2761 5794 τὴν
2793 5724 3247 5797 διεστραμμένην.
