4166 6462
329 389 437 444 109

1418 381 1791 440 ADVERSUS
1829 381 2231 439 NESTORIUM
2273 382 2398 437 LIB.
2441 382 2503 437 ll.

3468 381 3570 435 ΗΟ

325 501 524 573 τέταχε
559 505 669 566 τοῖς
699 502 809 556 ἄνω
840 503 1147 572 πνεύμασιν
1173 503 1200 554 6
1228 502 1359 564 Θεὸς
1391 502 1485 554 καὶ
1516 503 1724 573 Πατὴρ,
1759 503 1904 555 διδα-

2009 517 2106 573 pes
2136 518 2234 557 nos
2264 503 2437 558 factos
2483 515 2604 557 esse
2646 501 2840 556 divinae
2882 499 2998 570 ejus
3033 508 3239 555 naturae
3258 501 3345 554 ea'l
3380 501 3574 557 Psallit

330 593 510 647 σκέτω
531 592 818 663 παρελθὼν
847 595 876 645 6
929 593 1219 656 Θεσπέσιος
1263 592 1494 655 Παῦλος.
1529 611 1548 644 ι
1573 594 1742 647 Ὅταν
1772 594 1900 666 γὰρ,

329 684 516 752 φησὶν,
551 684 819 755 εἰσαγάγῃ
846 684 936 736 τὸν
966 683 1313 755 πρωτότοκον
1339 685 1418 746 είς
1438 683 1538 753 τὴν
1557 684 1902 754 οἰκουμένην,

327 774 478 839 λέγει
501 789 516 804 ο
549 774 660 826 Καὶ
689 775 1223 844 προσκυνησάτωσαν
1273 774 1420 844 αύτῷ
1451 774 1650 838 πάντες
1683 775 1904 843 ἄγγελοι

328 863 488 918 Θεοῦ.
521 882 541 916 s
575 864 783 917 Οὐκοῦν
817 864 1117 935 ἐπειδήπερ
1150 865 1207 916 ὲν
1235 863 1465 928 τούτοις,
1499 863 1561 917 τὸ
1603 863 1693 916 σὸν
1721 864 1784 934 δὴ
1812 866 1906 918 καὶ

331 957 496 1025 σοφὸν
537 956 637 1009 οὑκ
679 958 1101 1027 ὲπενήνεγκται·
1156 953 1581 1026 προσκυνεῖσθαι
1609 954 1665 1006 δὲ
1706 954 1905 1023 μᾶλλον

328 1048 720 1118 προστέταχεν,
774 1047 849 1109 ῶς
893 1047 990 1101 ἕνα
1025 1063 1129 1099 που
1163 1043 1401 1111 πάντως,
1434 1045 1529 1098 καὶ
1567 1045 1664 1114 ούχ
1720 1045 1905 1116 ἕτερον

327 1139 430 1192 σὺν
460 1139 629 1209 ἑτέρῳ
647 1155 661 1168 ·
698 1137 782 1201 τίς
811 1138 889 1202 δὲ,
908 1139 936 1190 6
965 1138 1117 1210 παρὰ
1146 1136 1252 1191 τῶν
1284 1137 1528 1205 ἀγγέλων
1562 1138 1902 1207 προσκυνού-

328 1247 532 1300 μενος;
579 1231 771 1284 Καίτοι
798 1231 890 1284 τὸν
922 1232 1264 1302 πρωτότοκον
1295 1232 1328 1300 ὴ
1364 1231 1483 1284 θεία
1514 1231 1663 1299 λέγει
1690 1232 1904 1302 Γραφὴ,

325 1324 672 1394 πρωτότοκον
701 1323 759 1375 δὲ
795 1322 1113 1392 ὠνομάσθαι
1140 1322 1338 1392 φαμὲν,
1372 1320 1462 1374 τὸν
1513 1323 1578 1374 ὲκ
1621 1321 1757 1374 Θεοῦ
1792 1323 1905 1374 Πα-

325 1413 458 1486 τρὸς
487 1413 679 1481 Λόγον,
718 1415 900 1466 καίτοι
933 1412 1065 1466 Θεὸν
1101 1414 1232 1466 ὄντα
1273 1411 1416 1466 κατὰ
1458 1412 1620 1482 φύσιν
1651 1412 1744 1467 καὶ
1776 1412 1905 1466 Υἱὸν

329 1504 614 1574 μονογενῆ,
647 1503 740 1556 καὶ
787 1503 1123 1557 ἀσύντακτον
1163 1504 1228 1572 τῇ
1284 1502 1478 1565 κτίσει,
1525 1503 1666 1556 κατά
1704 1520 1767 1571 γε
1812 1503 1904 1556 τὸν

324 1594 427 1664 τῆς
456 1593 708 1663 θεότητος
760 1593 940 1662 λόγον,
989 1595 1072 1647 ὅτι
1098 1592 1325 1661 γέγονεν
1351 1593 1659 1663 ἄνθρωπος,
1705 1593 1798 1646 καὶ
1847 1592 1905 1648 ἐν

326 1687 546 1749 πολλοῖς
579 1686 828 1755 ἀδελφοῖς
851 1683 1215 1755 πρωτότοκος.
1236 1677 1330 1745 Εἷς
1368 1677 1459 1735 οὖν
1497 1682 1607 1752 ἄρα
1636 1681 1772 1752 πρὸς
1797 1680 1904 1733 τῶν

325 1776 442 1830 ἄνω
465 1774 788 1845 πνευμάτων
817 1774 845 1825 6
875 1771 1369 1843 προσκυνούμενος,
1395 1771 1423 1822 6
1448 1771 1511 1822 ὲκ
1535 1769 1668 1822 Θεοῦ
1693 1769 1904 1839 Ιιατρὸς

2007 605 2154 649 certe
2192 596 2380 649 beatus
2436 594 2599 648 David
2647 611 2662 647 :
2713 611 2731 643 ι
2762 590 3001 646 Adhaesit
3049 592 3226 646 anima
3283 607 3400 646 mea
3452 603 3574 662 post

2007 687 2167 753 te“;
2203 705 2222 738 ›
2263 701 2394 756 ergo
2440 701 2538 741 nos
2567 700 2779 755 quoque
2827 700 2892 739 ex
2927 683 3193 739 sententia
3242 683 3401 738 simul
3445 698 3569 738 cum

2002 777 2100 832 illo
2135 792 2202 833 ex
2252 787 2444 831 natura
2494 777 2603 832 Deo
2653 777 2727 831 dii
2776 775 2981 831 erimus
3026 785 3189 843 atque
3232 773 3567 836 vocabimur,

2007 868 2268 937 nobisque
2296 867 2544 923 ﬂectetur
2575 882 2736 922 omne
2760 882 2923 935 genu.
2954 865 3095 932 Quid
3127 863 3447 934 praeceperit
3476 879 3569 918 su-

2005 959 2151 1028 peris
2197 959 2479 1028 spiritibus
2529 959 2670 1013 Deus
2717 972 2781 1013 ac
2829 956 3027 1022 Pater,
3076 957 3268 1010 doceat
3319 953 3573 1024 prodieus

2007 1051 2200 1107 beatus
2231 1051 2452 1106 Paulus.
2497 1068 2515 1103 ‹
2545 1050 2704 1116 Cum,
2739 1049 2938 1118 inquit,
2973 1047 3264 1103 introducit
3295 1046 3574 1114 Primoge-

2009 1139 2176 1194 nitum
2211 1140 2262 1194 in
2298 1141 2483 1195 orbem
2509 1149 2666 1194 terra)
2688 1138 2818 1194 dicit
2847 1157 2860 1194 :
2898 1138 2964 1193 Et
2989 1138 3212 1192 adorent
3237 1150 3360 1190 eum
3384 1149 3573 1189 omnes

2006 1231 2180 1302 angeli
2217 1232 2310 1287 Dei
2337 1233 2404 1287 Μ’.
2435 1252 2454 1286 ι
2489 1232 2660 1303 igitur
2701 1231 2825 1300 quia
2860 1231 2915 1284 in
2955 1231 3040 1285 his
3063 1230 3242 1284 verbis
3276 1228 3404 1284 illud
3442 1243 3574 1282 sane

2007 1324 2221 1392 sapiens
2248 1333 2396 1377 tuum
2427 1332 2793 1378 commentum
2825 1337 2930 1377 non
2965 1331 3047 1376 est
3076 1319 3447 1391 subiunctum,
3478 1320 3572 1373 sed

2006 1415 2234 1470 adorare
2263 1415 2424 1485 jussit
2457 1425 2515 1470 ut
2557 1431 2721 1469 unum
2752 1414 2937 1484 procul
2973 1413 3161 1478 dubio,
3204 1422 3260 1467 et
3292 1427 3398 1466 non
3434 1412 3572 1466 alte-

2006 1521 2125 1559 rum
2169 1521 2289 1560 cum
2336 1507 2531 1572 altero,
2595 1507 2885 1575 quaerimus
2937 1503 3319 1573 quisnamlsit
3361 1503 3450 1557 ille
3479 1501 3569 1570 qui

2007 1594 2074 1648 ab
2104 1596 2312 1665 angelis
2339 1597 2448 1666 60
2474 1597 2731 1651 adoratur
2761 1615 2773 1650 :
2801 1598 2950 1665 atqui
2986 1594 3405 1665 primogenitum
3447 1608 3572 1647 euut

2003 1683 2203 1740 divinae
2228 1685 2448 1741 Litterae
2480 1687 2666 1740 dicunt
2695 1703 2710 1738 :
2737 1686 3151 1756 primogenitum
3184 1693 3362 1738 autem
3392 1682 3574 1752 appel-

2007 1774 2175 1829 latqu
2226 1777 2454 1832 dicimus
2491 1777 2622 1830 illud
2673 1791 2739 1830 ex
2790 1778 2897 1830 Deo
2944 1776 3104 1831 Patre
3131 1774 3393 1838 Verbum,
3446 1773 3574 1827 licet

325 1865 502 1933 Λόγος
538 1864 675 1934 μετὰ
700 1866 798 1933 τῆς
834 1863 970 1924 ιδίας
1002 1859 1203 1930 σαρκός
1222 1875 1238 1891 ο
1278 1857 1400 1911 τότε
1429 1857 1538 1928 γὰρ
1566 1857 1780 1920 τέτοκε,
1810 1858 1904 1912 καὶ

2012 1863 2155 1920 Deus
2184 1875 2331 1920 esset
2363 1881 2429 1921 ex
2457 1876 2669 1935 natura,
2699 1882 2762 1923 ac
2791 1867 2961 1922 Filius
2992 1867 3320 1935 unigenitus,
3353 1874 3404 1919 et
3430 1864 3572 1934 quod

324 1957 405 2020 ῶς
439 1956 734 2027 πρωτεύων
761 1956 818 2008 ὲν
851 1956 1009 2028 πᾶσι,
1034 1953 1233 2022 νοεῖται
1267 1949 1628 2022 πρωτότοκος.
1675 1948 1813 2000 Ἀλλ’
1847 1949 1903 2001 αἱ

331 2045 433 2113 μὲν
455 2045 804 2098 θεόπνευστοι
837 2045 1072 2114 Γραφαὶ,
1093 2041 1325 2112 Χριστὸν
1342 2041 1437 2094 ἕνα
1462 2040 1900 2111 διακηρύττουσι,

327 2137 428 2189 καὶ
457 2136 603 2201 Υὶδν,
627 2138 721 2189 καὶ
749 2135 980 2207 Κύριονο
1010 2133 1105 2186 δύο
1135 2150 1199 2199 γε
1231 2132 1337 2204 μὴν
1368 2133 1396 2184 6
1426 2131 1679 2203 περιττὸς
1704 2133 1902 2197 οὐτοσὶ,

327 2227 430 2279 καὶ
484 2227 961 2297 προσκυνούμενον
1016 2225 1300 2294 ἄνθρωπον
1349 2225 1414 2293 τῇ
1499 2222 1628 2293 ἁγίᾳ
1677 2241 1736 2276 τε
1811 2224 1906 2276 καὶ

326 2317 602 2388 όμοουσίῳ
648 2317 860 2388 Τριάδι,
888 2314 1220 2386 προστιθεὶς,
1250 2312 1350 2366 οὐκ
1387 2312 1732 2381 αἰσχύνεταιο
1771 2315 1906 2384 φησὶ

325 2403 443 2473 γὰρ
474 2406 661 2458 πάλιν

2010 1954 2078 2008 ad
2125 1953 2344 2010 deitatis
2391 1955 2654 2012 rationem
2702 1958 2955 2026 pertinet,
3015 1971 3135 2009 cum
3183 1965 3430 2009 creatura
3482 1954 3575 2007 mi-

2010 2044 2156 2099 nime
2189 2047 2516 2113 censendus,
2547 2049 2672 2118 quia
2705 2046 2878 2102 factus
2914 2057 2998 2102 est
3036 2047 3220 2110 homo,
3254 2055 3309 2100 et
3337 2045 3390 2098 in
3436 2043 3573 2097 mul-

2009 2133 2079 2189 tis
2109 2134 2371 2192 fratribus
2409 2138 2889 2209 primogeuitus“.
2928 2137 3075 2193 Unus
3111 2148 3192 2193 est
3230 2137 3396 2205 igitur
3419 2134 3510 2204 qui
3540 2149 3570 2188 a

2006 2225 2216 2293 superis
2266 2227 2546 2296 Spiritibus
2601 2229 2894 2294 aduratur,
2943 2228 3074 2282 illud
3139 2242 3204 2282 ex
3257 2227 3367 2280 Deo
3415 2225 3573 2280 Patre

2009 2311 2246 2369 Verbum
2283 2331 2404 2372 cum
2438 2332 2533 2372 sua
2562 2332 2762 2384 carne;
2801 2333 2923 2371 nam
2957 2319 3129 2386 ipsum
3173 2316 3313 2385 quod
3350 2314 3570 2382 dicitur,

2006 2405 2215 2473 genuit,
2250 2415 2326 2473 et,
2364 2407 2418 2461 in
2465 2408 2716 2462 omnibus
2746 2409 3036 2476 primatum
3088 2415 3278 2460 tenens
3299 2405 3369 2471 ",
3401 2404 3455 2458 id
3486 2403 3572 2456 in-

329 2494 596 2565 telligitur
614 2492 955 2565 primogeniti
983 2493 1219 2548 nomine.
1252 2491 1362 2547 Sed
1391 2491 1648 2547 divinitus
1671 2493 1885 2563 quidem
1911 2494 2185 2565 inspirata:
2230 2495 2447 2553 Litterae
2504 2513 2668 2554 unum
2710 2498 2982 2554 Christum
3026 2499 3356 2568 praedicant,
3404 2508 3459 2554 et
3482 2498 3573 2554 Fi-

335 2585 492 2652 limn,
520 2597 580 2642 et
620 2588 940 2653 Dominum;
989 2587 1124 2642 duos
1157 2601 1287 2641 vero
1330 2586 1418 2640 hic
1449 2595 1700 2656 nugator,
1743 2598 1798 2643 et
1829 2590 2164 2647 adorandum
2211 2593 2486 2650 hominem
2527 2602 2728 2650 sanctas
2753 2601 2810 2649 et
2840 2593 3285 2650 consubstantiali
3325 2592 3573 2648 Trinitati

329 2685 570 2754 adjicere
599 2697 702 2737 non
734 2683 1025 2746 erubescit,
1058 2682 1133 2736 ait
1163 2682 1305 2737 enim
1339 2697 1550 2737 rursum
1585 2699 1598 2734 :

408 2776 587 2850 [nm'
618 2769 769 2839 οὗτος
803 2777 831 2828 6
860 2774 1000 2829 κατὰ
1027 2774 1204 2847 σάρκα
1234 2773 1328 2827 τοῦ
1364 2773 1579 2845 Ἰσραὴλ
1613 2775 1902 2847 συγγενὴς,

327 2869 360 2921 6
391 2867 538 2921 κατὰ
559 2865 622 2917 τὸ
646 2863 967 2935 φαινόμενον
993 2863 1090 2918 ἄνθ
1101 2880 1301 2933 ρωπος,
1335 2862 1364 2915 ὁ
1393 2863 1533 2916 κατὰ
1566 2863 1664 2934 τὴν
1690 2864 1904 2917 Παύλου

331 2957 519 3028 φωνὴν
545 2957 609 3009 ἐκ
635 2955 949 3024 σπέρματος
976 2953 1370 3024 γεγεννημένος
1391 2951 1572 3016 Δασὶδ,
1603 2953 1907 3024 παντοκρά-

326 3064 446 3117 τωρ
468 3047 532 3115 τῇ
561 3044 820 3115 συναφείᾳ
845 3043 996 3106 Θεός.
1031 3043 1172 3097 Εἶτα
1198 3043 1428 3108 τούτοις
1447 3041 1652 3112 ἐπάγει
1669 3059 1683 3072 ο
1711 3037 1907 3096 Ἀκου-

329 3155 428 3191 σον
453 3138 740 3207 ἀμφότερα
762 3134 856 3188 τοῦ
876 3133 1090 3187 Παύλου
1120 3132 1479 3204 κηρύττοντος
1495 3149 1509 3164 ο
1537 3134 1789 3203 ὁμολογεῖ
1815 3134 1905 3187 τὸν

329 3225 621 3296 ἄνθρωπον
643 3225 928 3295 πρότερον,
965 3221 1061 3277 καὶ
1092 3222 1214 3275 τότε
1244 3225 1310 3293 τῇ
1345 3221 1439 3274 τοῦ
1472 3222 1606 3275 Θεοῦ
1640 3224 1904 3295 συναφείᾳ

328 3317 580 3383 Θεολογεῖ
599 3316 660 3367 τὸ
697 3314 1051 3384 φαινόμενον·
1087 3313 1173 3366 ἵνα
1214 3312 1401 3383 μηδεὶς
1447 3312 1906 3386 ἀνθρωπολάτρην

329 3407 425 3462 τὸν
475 3406 802 3478 Χριστιανὸν
839 3404 1141 3476 ὑποπτεύῃ.
1205 3404 1536 3473 Ἀσύγχυτον
1582 3405 1760 3459 τοίνυν
1807 3404 1905 3475 τὴν

331 3500 448 3552 τῶν
482 3498 695 3566 φύσεων
748 3495 1003 3566 τηρῶμεν
1052 3495 1381 3563 συνάφειαν·
1431 3496 1776 3565 ὁμολογῶμεν
1816 3497 1906 3549 τὸν

277 3644 298 3652 ,
328 3590 432 3640 ἕνα
463 3588 596 3640 Θεόν
618 3603 632 3616 ·
664 3585 908 3653 σέϐωμεν
931 3583 1023 3636 τὸν
1053 3585 1120 3653 τῇ
1157 3583 1276 3654 θείᾳ
1303 3583 1565 3653 συναφεία
1598 3583 1676 3652 τῷ
1709 3599 1906 3638 παντο.

328 3678 561 3748 κράτορι
589 3675 706 3746 Θεῷ
732 3672 1320 3745 συμπροσκυνούμενον
1346 3672 1680 3743 ἄνθρωπον.]

934 3919 1181 3972 ΚΕΦΑΛ.
1214 3918 1311 3970 II".

407 4059 469 4110 Εἰ
501 4057 598 4126 μὲν
630 4050 721 4109 οῦν
750 4053 1035 4125 ἄνθρωπον
1059 4049 1337 4121 ὀνομάζων
1359 4043 1514 4100 οἶσθα
1550 4047 1686 4118 μετὰ
1715 4045 1903 4098 τούτου

328 4150 431 4202 καὶ
464 4147 595 4199 Θεὸν
621 4146 748 4198 ὄντα
764 4145 901 4197 κατὰ
930 4142 1092 4213 φύσιν
1121 4140 1303 4205 αὑτὸν,
1334 4135 1391 4193 εὖ
1426 4138 1489 4191 ἂν
1528 4137 1660 4207 ἔχοι,
1689 4139 1782 4189 καὶ
1808 4151 1906 4187 πε-

331 4240 639 4309 παύσομαι.
674 4238 738 4289 Εἰ
759 4237 814 4289 δὲ
835 4233 1072 4306 μερίζων
1104 4233 1201 4296 τὰς
1227 4231 1436 4301 φύσεις,
1456 4231 1575 4298 ούχ¹ι
1605 4228 1683 4298 τῷ
1709 4227 1906 4279 εἰδέναι

333 4333 525 4402 μόνον,
550 4331 634 4391 τίς
674 4331 771 4399 μὲν
803 4331 835 4397 ἡ
869 4325 1205 4397 ἀνθρωπεία,
1245 4324 1328 4385 τίς
1354 4322 1411 4374 δὲ
1437 4321 1502 4390 δὴ
1527 4319 1685 4372 πάλιν
1709 4320 1741 4388 ὴ
1769 4315 1906 4369 θεία.

329 4421 554 4483 Διῖστὰς
578 4419 633 4472 δὲ
667 4417 866 4490 μᾶλλον
906 4418 1002 4484 τῆς
1032 4414 1167 4484 πρὸς
1200 4413 1426 4481 ἑνότητα
1467 4408 1790 4477 συνδρομῆς,
1816 4407 1908 4458 ἀν-

331 4511 744 4583 Θρωπολατρεῖς
794 4505 1272 4578 ὁμολογουμένως·
1320 4501 1412 4554 καί
1448 4517 1528 4553 σοι
1567 4499 1705 4568 πρὸς
1752 4497 1907 4568 ἡμῶν

331 4604 615 4675 εἰρήσεται
638 4616 650 4631 '
682 4620 698 4651 ‹
720 4600 856 4661 Τοὺς
881 4598 1126 4667 καρποὺς
1155 4595 1261 4648 τῶν
1285 4594 1460 4646 πόνων
1486 4608 1579 4644 σου
1613 4591 1899 4658 φάγεσαι.»

331 4695 582 4763 Σκληρός
618 4692 673 4744 δὲ
702 4691 793 4744 καὶ
836 4687 1195 4757 ἀνουθέτητος
1247 4685 1342 4750 ῶν,
1378 4685 1536 4754 μόνος
1579 4683 1650 4734 ἴθι
1702 4681 1798 4750 τὴν
1827 4681 1906 4732 δι-

330 4779 746 4851 εστραμμένην.
793 4778 981 4847 Ἡμεῖς
1016 4775 1073 4828 δὲ
1116 4773 1213 4844 τὴν
1255 4773 1450 4842 εὐσεϐῆ
1481 4772 1574 4824 καὶ
1610 4769 1908 4839 ἀμώμητον

334 4871 452 4924 τῶν
490 4870 657 4936 ἁγίων
697 4867 958 4936 Πατέρων
1011 4864 1414 4935 ἰχνηλατοῦντες
1454 4861 1660 4933 τρίϐον,
1697 4861 1809 4920 τοῖς
1847 4876 1906 4915 τε

332 4957 717 5018 ἀποστολικοῖς
777 4956 870 5007 καὶ
924 4954 1296 5022 εύαγγελικοῖς
1362 4951 1787 5022 συγγράμμασιν
1847 4947 1907 5001 εὖ

333 5048 489 5118 μάλα
513 5043 1036 5112 παιδαγωγούμενοι,
1063 5042 1194 5112 ὁμοῦ
1217 5043 1295 5112 τῷ
1324 5041 1441 5111 Θεῷ
1466 5043 1558 5093 καὶ
1587 5040 1780 5108 Πατρὶ,
1812 5041 1907 5091 καὶ

407 5203 454 5233 ⁸⁸
493 5202 532 5254 ΙΙ
570 5202 712 5256 Petr.
747 5218 786 5263 I,
817 5202 873 5256 4.
945 5202 988 5233 ⁸⁸
1015 5200 1298 5264 Ρεαιψχιι,
1337 5203 1388 5256 9.

328 5274 380 5303 δ’
414 5271 554 5325 Psal.
585 5288 789 5337 cum,
824 5274 878 5324 2.

1479 5202 1540 5244 ι⁶⁵
1572 5201 1734 5255 llebr.
1777 5217 1814 5264 l,
1848 5201 1897 5253 6.

2079 2778 2344 2851 [Nas-ron.
2398 2780 2506 2839 Sed
2567 2781 2656 2838 hic
2698 2781 2995 2838 secundum
3056 2791 3274 2835 carnem
3311 2788 3574 2850 cognatus

2007 2872 2197 2939 Israel,
2229 2876 2316 2930 hic
2365 2876 2666 2931 secundum
2707 2884 2955 2930 naturam
2996 2872 3344 2943 spectabilem
3388 2874 3571 2938 homo,

2011 2967 2100 3021 hic
2134 2967 2288 3035 juxta
2323 2965 2476 3021 Pauli
2523 2981 2712 3022 vocem
2765 2975 2925 3021 natus
2968 2979 3035 3020 ex
3080 2965 3287 3020 semine
3315 2963 3481 3018 David
3503 2962 3573 3025 ⁸⁸,

2011 3054 2127 3124 ipsa
2155 3053 2537 3123 conjunctione
2575 3056 2718 3111 Deus
2746 3066 2830 3110 est
2859 3056 3218 3126 omnipotens.
3251 3054 3452 3109 Deinde
3488 3055 3572 3107 Iris

2011 3144 2253 3214 adjungit
2301 3144 2486 3200 :Audi
2533 3144 2759 3200 Paulum
2807 3156 3097 3216 utrumque
3149 3145 3570 3214 praedicantem:

2009 3234 2300 3292 conﬁtetur
2329 3236 2478 3305 prius
2511 3237 2807 3306 hominem,
2838 3246 2891 3292 et
2923 3237 2996 3292 ita
3031 3246 3250 3307 propter
3275 3237 3444 3307 ipsam
3478 3235 3574 3291 Dei

2006 3327 2478 3395 coniunctionem,
2528 3340 2775 3384 naturam
2816 3330 3166 3399 spectabilem
3215 3329 3306 3383 Dei
3358 3329 3576 3382 nomine

2007 3423 2310 3478 consecrat,
2362 3429 2431 3468 ne
2467 3415 2589 3482 quis
2617 3414 2985 3470 Christianum
3028 3429 3149 3470 esse
3189 3415 3571 3470 hominicolam

2006 3504 2332 3571 suspicetur.
2387 3503 2713 3559 Naturarum
2755 3507 2936 3575 itaque
2980 3505 3411 3573 coniunctionem
3458 3508 3577 3561 sine

2010 3595 2118 3650 ulla
2142 3596 2456 3651 confusione
2475 3610 2795 3662 servemus;
2820 3596 3178 3651 coullteamur
3197 3611 3360 3650 unum
3381 3596 3573 3659 Deum,

2007 3697 2331 3739 veneremur
2387 3685 2656 3739 hominem
2709 3685 2799 3753 qui
2852 3699 2916 3739 ex
2968 3685 3144 3738 divina
3200 3683 3578 3753 conjunctione

2009 3788 2128 3828 cum
2160 3775 2534 3846 omnipotente
2557 3776 2667 3831 Deo
2695 3776 2854 3830 simul
2887 3775 3187 3845 adoratur.]

2621 3907 2774 3962 CAP.
2811 3905 2950 3963 Xlll.

2080 4039 2138 4095 Si
2183 4039 2398 4109 quidem
2449 4041 2612 4110 igitur
2655 4042 2928 4097 hominem
2973 4043 3270 4114 appellans,
3306 4058 3428 4100 cum
3475 4046 3577 4100 hoc

2008 4128 2172 4183 etiam
2216 4130 2385 4184 Deum
2409 4129 2584 4198 ipsum
2619 4145 2738 4185 esse
2763 4133 3056 4187 secundum
3096 4144 3341 4190 naturam
3373 4134 3573 4190 intelli-

2009 4220 2115 4289 gis,
2148 4220 2286 4276 bene
2328 4221 2509 4287 habet,
2553 4231 2607 4276 et
2629 4221 2740 4291 jam
2775 4225 2934 4277 linem
2975 4223 3169 4279 faciam
3196 4243 3211 4280 :
3241 4229 3322 4281 sin
3374 4227 3572 4282 dividis

2011 4321 2278 4378 naturas,
2330 4327 2437 4368 non
2489 4321 2545 4366 ut
2593 4313 2738 4368 scias
2795 4317 2953 4369 modo
3001 4331 3248 4385 quamam
3298 4317 3530 4371 humana
3559 4358 3576 4384 ,

2010 4419 2196 4473 quaeve
2241 4420 2430 4460 rursus
2477 4405 2696 4471 divina,
2746 4407 2838 4460 sed
2890 4416 2949 4460 ut
2983 4408 3206 4462 diducas
3264 4407 3332 4461 ab
3374 4407 3467 4461 illo
3523 4409 3576 4462 in

2015 4495 2273 4549 unitatem
2334 4509 2634 4561 concursu,
2694 4504 2901 4550 certum
2955 4505 3039 4550 est
3087 4505 3140 4550 te
3192 4496 3575 4551 hominicolam

2014 4598 2153 4648 esse,
2195 4594 2250 4639 et
2294 4584 2389 4639 tibi
2430 4599 2459 4638 a
2511 4585 2664 4639 nobis
2711 4586 2965 4639 dicetur:
3005 4603 3024 4636 ι
3054 4584 3282 4639 Fructus
3328 4585 3575 4640 laborum

2019 4686 2229 4729 tuorum
2272 4677 2400 4730 edes
2429 4676 2541 4746 (l7)
2561 4676 2646 4730 σοι
2687 4694 2706 4727 ›
2740 4690 2860 4730 cum
2897 4691 3026 4731 vero
3060 4675 3136 4730 sis
3173 4679 3339 4731 durus
3370 4685 3425 4730 et
3465 4693 3580 4730 mo—

2017 4766 2129 4820 uita
2184 4779 2431 4835 respuas,
2475 4766 2624 4821 solus
2656 4782 2754 4835 per
2779 4768 2920 4821 viam
2969 4781 3278 4835 perversam
3311 4769 3420 4821 abi.
3470 4767 3578 4821 Nos

2014 4872 2142 4912 vero
2174 4859 2318 4927 piam
2364 4867 2419 4913 et
2450 4868 2650 4912 rectam
2690 4868 3000 4913 sauctorum
3029 4857 3249 4912 Patrum
3285 4859 3426 4912 viam
3459 4874 3583 4927 pcr-

2015 4949 2377 5017 vestigantes,
2435 4959 2490 5002 et
2534 4949 2847 5016 apostolicis
2891 4946 3322 5017 evangelicisque
3365 4951 3582 5018 scriptis

2014 5038 2217 5107 optime
2253 5038 2526 5102 instructi,
2567 5038 2726 5092 simul
2760 5051 2881 5091 cum
2929 5036 3038 5091 Deo
3070 5046 3126 5092 et
3155 5036 3314 5093 Patre
3361 5048 3413 5091 et
3459 5055 3583 5093 san-

2005 5200 2049 5231 “
2074 5199 2229 5254 Rom.
2279 5215 2396 5262 vm,
2429 5199 2518 5253 29.
2639 5197 2680 5228 ⁸⁷
2729 5195 2937 5252 Coloss.
2986 5214 3024 5260 ι,
3054 5197 3141 5250 18.
3212 5198 3256 5229 ⁸⁸
3284 5198 3435 5251 ltom.
3464 5213 3500 5260 ι,
3526 5198 3578 5252 5.

1607 5403 1766 5456 ANT.
1808 5392 2076 5458 AGELLII
2119 5404 2346 5458 Nona.

377 5567 520 5688 ἸἐΠ)
547 5563 636 5616 Sic
682 5564 840 5616 habet
887 5565 1106 5618 Graecus
1161 5562 1338 5632 Cyrilli
1387 5563 1574 5614 codex.
1632 5557 1901 5612 Czeterum

380 5678 396 5688 .
435 5636 478 5687 Χ
515 5641 785 5685 verterunt
815 5636 937 5688 τοὺς
983 5634 1175 5688 πόνους
1206 5632 1313 5684 τῶν
1349 5629 1574 5688 καρπῶν
1605 5645 1697 5679 σου
1732 5630 1901 5688 φάγε-

323 5629 478 5690 LXX
504 5629 785 5685 verterunt
815 5636 937 5695 τοὺς
983 5634 1175 5694 πόνους
1205 5629 1313 5684 τῶν
1349 5629 1574 5701 καρπῶν
1605 5645 1697 5679 σου
1732 5630 1902 5696 φάγε-

327 5723 450 5767 σαι,
481 5705 680 5754 labores
713 5719 960 5758 manuum
993 5717 1086 5755 seu
1116 5704 1408 5769 palmarum
1432 5712 1640 5751 tuarum
1670 5701 1902 5769 mandu-

325 5776 513 5837 cubis;
550 5780 602 5826 ct
631 5771 856 5842 καρπῶν
905 5787 969 5827 co
1004 5767 1123 5827 loco
1162 5786 1266 5827 non
1300 5771 1529 5840 fructus,
1567 5769 1659 5821 sed
1699 5767 1901 5835 palmas

2018 5561 2413 5625 intellexerunt,
2445 5574 2504 5615 ut
2530 5564 2688 5614 etiam
2718 5564 2768 5615 in
2798 5563 3102 5618 Proverbiis
3125 5580 3240 5630 cap.
3269 5577 3413 5623 xui,
3445 5581 3583 5631 καρ-

2012 5631 2112 5683 πὸν
2144 5633 2198 5684 δὲ
2241 5633 2471 5695 ἐξέτεινε
2514 5632 2731 5702 πτωχῷ,
2773 5644 2819 5687 ct
2853 5636 3052 5703 palntes
3095 5651 3213 5687 suas
3242 5635 3474 5687 extendit
3515 5636 3584 5688 ad

2011 5719 2309 5770 pauperem.
3523 5730 3526 5733 -
