4024 6448
596 362 689 417 Hi

1544 360 1600 414 S.
1626 358 1899 415 CYRILLI
1933 356 2400 412 ALEXANDRIM
2431 354 2751 409 ARCIIIEP.

3753 348 3862 401 ιη

592 488 680 533 nto
727 474 954 546 Spiritu,
1004 474 1162 530 unica
1218 474 1535 530 adoratione
1580 475 1961 530 venerabimur
1997 490 2162 529 unum

2292 474 2343 545 τῷ
2373 474 2512 543 ἁγίῳ
2543 472 2838 541 Πνεῦματι,
2883 471 2978 539 μιᾷ
3007 468 3375 537 προσκυνήσει
3410 463 3861 546 τιμήσομενητδν

596 568 882 623 Dominum
916 566 1100 623 Jesum
1129 565 1429 631 Christum,
1476 581 1571 635 per
1593 580 1757 635 quem
1799 576 1859 621 et
1898 582 2021 621 cum
2055 580 2163 634 quo

596 658 705 712 Deo
744 666 796 712 et
840 655 989 711 Patri
1025 657 1198 727 gloria
1234 672 1355 712 cum
1388 666 1580 713 sancto
1623 656 1830 725 Spiritu
1877 657 1937 712 in
1964 656 2161 711 saecula

593 741 931 797 sazculorum.
964 741 1159 797 Amen.

784 853 890 949 61
936 868 1337 962 TOMUS
1408 874 1958 964 TERTIUS.

670 1067 917 1137 Magnum
962 1075 1045 1121 est
1094 1065 1281 1135 procul
1323 1064 1487 1119 dubio
1529 1065 1656 1121 illud
1704 1068 1920 1137 pietatis
1966 1079 2168 1139 myste-

601 1162 763 1223 rium,
791 1169 845 1213 et
874 1158 1006 1226 ipsis
1034 1157 1198 1212 etiam
1223 1158 1429 1212 sanctis
1458 1158 1664 1229 angelis
1693 1159 2072 1213 admirandum
2096 1159 2165 1223 "°,

603 1253 653 1304 in
686 1264 861 1318 eoque
892 1250 1177 1302 conlirmat
1201 1263 1299 1304 nos
1330 1249 1605 1318 apostolus
1628 1248 1824 1304 Paulus
1858 1266 1979 1305 cum
2006 1252 2167 1306 dicit:

606 1361 623 1391 ι
656 1340 728 1395 Ut
760 1348 943 1394 notum
992 1338 1085 1392 ﬁat
1125 1353 1268 1393 nunc
1302 1341 1695 1409 principatibus
1722 1350 1775 1395 et
1817 1342 2171 1410 potestatibus

603 1434 654 1485 in
700 1429 1014 1485 cmlestibus
1047 1445 1143 1499 per
1176 1429 1473 1485 Ecclesium
1521 1430 1873 1487 multiformis
1905 1433 2172 1503 sapientia

572 1514 722 1586 'Dei,
760 1522 1054 1575 secundum
1080 1521 1491 1591 praeﬁnitionem
1528 1522 1869 1591 sazculorum,
1907 1540 2068 1594 quam
2095 1525 2173 1578 ie-

603 1613 678 1666 cit
708 1612 761 1666 in
792 1610 1020 1665 Domino
1050 1622 1234 1666 nostro
1262 1610 1386 1667 Jesu
1419 1612 1656 1679 Christo,
1698 1614 1750 1667 in
1780 1630 1888 1684 quo
1915 1616 2175 1671 habemus

606 1701 859 1757 ﬁduciam
889 1709 942 1756 et
970 1715 1248 1756 accessum
1286 1702 1339 1755 in
1370 1702 1694 1757 conﬁdentia
1722 1719 1817 1772 per
1854 1705 2119 1760 iidem"'.
2149 1725 2167 1757 ι

2268 567 2364 619 ινα
2395 565 2600 634 Κύριον
2645 560 2852 631 Ἰησοῦν
2904 559 3171 630 Χριστόν·
3206 557 3274 610 δι’
3314 550 3374 610 οὗ
3406 556 3502 608 καὶ
3540 554 3656 624 μεθ’
3684 545 3757 605 οῦ
3782 552 3864 620 τῷ

2267 656 2388 727 Θιῷ
2410 656 2504 709 καὶ
2530 654 2703 723 Πατρὶ
2729 652 2854 715 δόξα
2881 652 2979 703 σὺν
3005 650 3085 719 τῷ
3118 650 3258 718 ἀγίῳ
3287 646 3584 717 Πνεῦματι,
3610 644 3694 706 εἰς
3730 644 3863 703 τοὺς

2265 747 2471 809 αἰῶνας
2494 745 2602 799 τῶν
2634 741 2867 796 αίώνων.
2902 741 3095 811 ⁹Δμὴν.

2626 886 3007 971 ΤΟΜῡΣ
3080 881 3493 967 ΤΡΙΤΟΣ.

2341 1064 2501 1133 Μέγα
2558 1064 2657 1134 μὲν
2708 1060 3155 1133 ὁμολογουμένως
3196 1060 3314 1112 ἐστὶ
3345 1059 3407 1111 τὸ
3440 1058 3538 1129 τῆς
3572 1054 3867 1114 εὐσεϐείας

2273 1155 2592 1226 μυστήριον,
2639 1154 3005 1224 τεθαύμασται
3059 1152 3115 1205 δὲ
3167 1151 3263 1204 καὶ
3323 1149 3451 1219 παρ’
3500 1150 3686 1210 αὐτοῖς
3747 1149 3865 1208 τοῖς

2272 1246 2447 1312 ἁγίοις
2492 1244 2767 1313 ἀγγέλοις,
2796 1244 2893 1297 καὶ
2944 1244 3080 1312 πρός
3126 1258 3191 1309 γε
3227 1239 3385 1293 τοῦτο
3429 1240 3574 1309 ἡμᾶς
3623 1236 3867 1306 quae;

2271 1334 2446 1403 λέγων
2474 1335 2501 1387 6
2535 1334 2843 1402 σοφώτατος
2870 1330 3079 1395 Παῦλος
3096 1349 3108 1359 ·
3140 1332 3291 1385 «Ἵνα
3316 1328 3592 1402 γνωρισθῇ
3618 1325 3716 1379 νῦν
3741 1329 3867 1386 ταῖς

2272 1427 2469 1495 ἀρχαῖς
2499 1426 2589 1478 καὶ
2616 1426 2732 1495 ταῖς
2761 1423 3033 1487 ἐξουσίαις
3054 1425 3111 1475 ἐν
3132 1425 3243 1485 τοῖς
3270 1420 3611 1490 ἐπουρανίοις
3642 1418 3733 1471 διὰ
3760 1416 3864 1484 τῆς

2283 1494 2630 1584 Ἐκκλησίας,
2670 1516 2703 1584 ἠ
2737 1512 3115 1576 πολυποίκιλος
3167 1511 3325 1582 σοφία
3370 1508 3463 1563 τοῦ
3513 1508 3685 1571 Θεοῦ,
3719 1508 3869 1560 κατὰ

2275 1606 2529 1677 πρόθεσιν
2552 1605 2661 1657 τῶν
2688 1604 2921 1669 αἰώνων,
2949 1605 3015 1675 ἢν
3038 1603 3291 1674 ἐποίησεν
3315 1605 3371 1655 ὲν
3390 1603 3463 1671 τῷ
3485 1600 3678 1671 Κυρίῳ
3699 1600 3868 1668 ἡμῶν

2287 1694 2459 1765 Ἰησοῦ
2487 1694 2725 1763 Χριστῷ.
2757 1696 2813 1746 ἐν
2838 1687 2881 1762 ᾧ
2904 1693 3096 1764 ἔχομεν
3117 1694 3215 1762 τὴν
3236 1692 3550 1764 παρρησίαν
3572 1690 3670 1743 καὶ
3693 1707 3868 1759 προσ-

606 1792 886 1863 Sapientia
922 1802 1007 1846 est
1054 1807 1286 1861 namque
1329 1807 1539 1858 revera,
1575 1804 1628 1848 et
1664 1796 1885 1851 minime
1918 1797 2173 1860 humana,

2292 1783 2500 1853 ιγωγὴν
2532 1786 2589 1836 ἐν
2618 1782 2940 1852 πεποιθήσει
2974 1783 3060 1835 διὰ
3094 1782 3191 1850 τῆς
3223 1781 3475 1844 πίστεως.
3509 1800 3528 1831 ι
3556 1780 3733 1848 Σοφία
3756 1779 3870 1848 γὰρ

606 1885 700 1940 sed
748 1898 880 1940 sane
923 1884 1136 1947 divina,
1191 1894 1244 1938 et
1296 1885 1475 1939 abdita
1528 1886 1581 1939 in
1636 1889 1866 1955 quadam
1918 1888 2172 1942 ineffabili

606 1974 977 2043 profunditate
1002 1982 1055 2028 et
1084 1973 1730 2042 incomprehensibilitate
1753 1976 1951 2032 Christi
1980 1986 2177 2047 myste-

609 2065 750 2118 rium
779 2078 794 2119 :
826 2065 1010 2133 itaque
1052 2063 1239 2133 psaliit
1282 2065 1473 2119 beatus
1502 2065 1666 2121 David
1700 2086 1714 2122 :
1749 2086 1768 2119 ι
1800 2066 1863 2121 Et
1890 2069 2071 2137 posuit
2102 2078 2178 2123 te-

609 2156 803 2209 nebras
830 2154 1109 2209 latibulum
1159 2170 1338 2220 suum,
1368 2154 1421 2209 in
1456 2158 1688 2212 circuitu
1716 2156 1832 2226 ejus
1860 2161 2180 2213 tabernacu-

611 2248 719 2299 lum
749 2245 888 2313 ejus,
928 2248 1213 2299 tenebrosa
1258 2260 1395 2315 aqua
1430 2247 1480 2300 in
1517 2248 1749 2303 nubibus
1787 2249 2020 2303 aeris“.
2058 2269 2077 2300 ι
2121 2248 2178 2303 ln

610 2349 722 2405 quo
749 2335 998 2389 tenebras
1043 2334 1175 2388 nihil
1204 2335 1372 2401 aliud,
1418 2347 1473 2391 ut
1505 2339 1716 2407 opinor,
1754 2340 2025 2410 intelligit,
2058 2327 2177 2395 'nisi

612 2423 900 2487 obscuram
926 2422 1297 2491 intelligentiae
1324 2428 1720 2494 perceptionem
1746 2428 1796 2481 in
1824 2430 1994 2483 oculis
2015 2427 2178 2482 animi

616 2513 864 2581 caliginis
915 2514 1085 2566 instar
1131 2514 1523 2569 incurrentem.
1571 2515 1679 2571 Hac
1723 2519 1787 2572 de
1834 2533 1994 2572 causa
2044 2517 2183 2571 dici-

618 2617 759 2668 mus,
817 2602 1111 2658 subtilibus
1160 2604 1595 2672 quastionibus,
1650 2615 1706 2661 et
1749 2608 2064 2662 curiositate
2117 2605 2183 2661 ad

617 2708 776 2762 quam
826 2693 1131 2762 pertingere
1192 2708 1298 2747 non
1352 2696 1522 2763 possit
1584 2696 1977 2767 intelligentia,
2039 2698 2185 2753 nullo

619 2784 780 2838 modo
811 2783 1106 2853 indiguisse
1133 2782 1333 2837 Christi
1365 2787 1703 2854 mysterium,
1744 2788 1838 2841 sed
1871 2788 1973 2842 lide
2009 2788 2187 2858 potius

616 2889 735 2943 qua:
778 2873 1097 2943 simpliciter
1122 2889 1186 2929 ac
1211 2875 1327 2929 sine
1355 2874 1463 2929 ulla
1498 2875 1709 2931 vairitie
1737 2881 2060 2933 traderetur.
2096 2877 2188 2934 Sic

617 2978 670 3021 et
715 2980 811 3021 nos
842 2966 941 3034 ipsi
978 2967 1180 3021 sentire
1220 2965 1530 3033 didicimus,
1567 2977 1621 3021 et
1645 2968 1974 3024 credidimus
2007 2984 2036 3021 a
2080 2968 2189 3023 Deo

619 3070 684 3109 ac
724 3055 882 3109 Patre
912 3054 1184 3124 proprium
1221 3053 1443 3117 Filium,
1494 3055 1661 3109 Deum
1691 3056 1940 3110 eumdem
1992 3071 2188 3111 secun-

2274 1874 2491 1946 ἀληθῶς
2534 1876 2628 1928 καὶ
2678 1875 2777 1927 οὐκ
2816 1874 3132 1945 ἀνθρωπίνη
3164 1872 3328 1925 ποθέν
3352 1889 3364 1900 ·
3414 1872 3531 1925 θεία
3562 1873 3618 1924 δὲ
3658 1870 3870 1942 μᾶλλον

2276 1966 2370 2019 καὶ
2399 1967 2456 2018 ἐν
2487 1966 2817 2036 ἀπορρήτοις
2849 1964 2958 2017 ’τισὶ⁸
3004 1963 3191 2034 βάθεσί
3235 1980 3295 2017 τε
3336 1964 3429 2016 καὶ
3456 1961 3872 2031 ἀκαταληψίας

2276 2055 2525 2125 κειμένη,
2563 2055 2623 2107 τὸ
2662 2052 2895 2125 Χριστοῦ
2944 2055 3271 2124 μυστήριον·
3308 2053 3497 2122 ψάλλει
3535 2053 3670 2121 γοῦν
3701 2056 3731 2106 6
3762 2070 3872 2122 μα·

2288 2146 2477 2218 κάριος
2511 2145 2673 2199 Δαὸίδ
2693 2162 2706 2176 ’
2745 2165 2761 2197 ι
2791 2146 2899 2198 Καὶ
2933 2143 3083 2197 ἔθετο
3115 2144 3301 2208 σκότος
3325 2144 3650 2215 ἀποκρυφὴν
3675 2140 3871 2203 αὑτοῦ,

2280 2237 2465 2309 κύκλῳ
2495 2236 2657 2289 αὑτοῦ
2702 2238 2734 2307 ἡ
2781 2235 2953 2306 σκηνὴ
2984 2233 3170 2299 αὐτοῦ,
3200 2234 3471 2287 σκοτεινὸν
3506 2233 3651 2305 ὕδωρ
3687 2235 3749 2289 ἐν
3784 2250 3874 2285 νε-

2281 2330 2473 2397 φέλαις
2515 2328 2714 2399 ἀέρων·
2749 2347 2766 2378 ι
2807 2330 3002 2381 σκότον
3041 2322 3194 2397 οἶμαι
3235 2326 3408 2395 λέγων
3454 2326 3605 2379 οὐδὲν
3652 2325 3871 2395 ἕτερον.

2284 2419 2421 2490 πλὴν
2457 2418 2540 2470 ὅτι
2574 2435 2676 2471 που
2712 2424 2928 2481 πάντως
2962 2417 3058 2487 τὴν
3096 2417 3203 2470 τῶν
3236 2416 3451 2470 ἐννοιῶν
3494 2416 3874 2470 δυσκάτοπτον

2282 2508 2521 2579 εὕρεσιν,
2554 2510 2665 2570 τοῖς
2718 2508 2813 2576 τῆς
2864 2506 3098 2570 διανοίας
3138 2506 3435 2577 ὀφθαλμοῖς
3485 2506 3683 2576 ἀχλύος
3713 2506 3875 2575 δίκην

2283 2599 2679 2670 ἐμπίπτουσαν.
2708 2597 2893 2669 Ταύτῃ
2922 2598 3005 2651 τοί
3045 2615 3223 2668 φαμεν
3270 2596 3598 2667 ζητημάτων
3644 2598 3873 2667 ἰσχνῶν,

2285 2691 2379 2743 καὶ
2408 2689 2725 2760 περιεργίας
2754 2691 2849 2759 τῆς
2889 2690 3143 2743 ἐπέκεινα
3178 2689 3293 2753 νοῦ,
3328 2689 3610 2759 δεδεῆσθαι
3644 2690 3752 2761 μὲν
3785 2692 3876 2743 οὑ⁸

2284 2782 2469 2851 δαμῶς
2509 2782 2570 2834 τὸ
2603 2782 2839 2850 Χριστοῦ
2883 2784 3209 2853 μυστήριον·
3272 2782 3507 2845 πίστεως
3557 2782 3612 2835 δὲ
3663 2782 3876 2850 μᾶλλον

2288 2872 2465 2943 ἁπλῆν
2493 2873 2588 2925 καὶ
2614 2872 2957 2943 ἀκακοῦργον
2988 2871 3217 2941 ἐχούσης
3242 2870 3340 2941 τὴν
3373 2872 3692 2942 παράδοσιν.
3715 2872 3878 2926 Οὕτω

2289 2964 2383 3015 καὶ
2415 2964 2579 3034 ἡμεῖς
2610 2962 2763 3014 αὐτοὶ
2794 2964 3008 3032 φρονεῖν
3037 2959 3411 3030 δεδιδάγμεθα,
3447 2960 3539 3013 καὶ
3574 2962 3878 3014 πεπιστεὺ·

2290 3068 2467 3122 καμεν
2505 3054 2587 3106 ὅτι
2630 3052 2760 3104 Θεὸν
2786 3052 2913 3104 ὄντα
2942 3052 3081 3105 κατὰ
3110 3051 3269 3121 φύσιν
3296 3051 3388 3104 τὸν
3418 3052 3547 3104 ἴδιον
3574 3051 3727 3116 Υίὸν,
3765 3054 3877 3107 ἀπ-

618 3146 746 3199 dnm
794 3154 1070 3208 naturam,
1102 3144 1269 3199 fuisse
1312 3147 1535 3199 missum
1580 3145 1853 3201 hominem
1885 3146 2107 3211 factum,
2136 3156 2186 3202 et

2294 3144 2531 3198 έστειλεν
2574 3146 2603 3197 6
2646 3145 2775 3207 Θεὸς
2810 3145 2903 3198 καὶ
2932 3144 3122 3216 Πατὴρ
3149 3141 3433 3214 ἄνθρωπον
3462 3142 3747 3212 γεγονότα,
3783 3144 3878 3197 καὶ

620 3252 687 3289 ex
723 3235 947 3289 muliere
989 3234 1283 3289 secundum
1325 3249 1544 3289 carnem
1574 3237 1815 3306 genitum
1841 3236 1909 3301 τ’,
1945 3248 2003 3291 ιιι
2045 3238 2096 3291 in
2128 3252 2188 3293 se

619 3326 903 3381 credentes
932 3325 1214 3392 justiilcet,
1247 3334 1303 3380 et
1344 3339 1443 3379 suo
1472 3326 1707 3396 benigno
1739 3327 2190 3384 clementissimo-

623 3432 727 3487 que
763 3427 893 3471 nutu
929 3431 960 3471 ιι
997 3417 1235 3487 peccatis
1279 3417 1332 3471 in
1366 3417 1671 3487 ignorantia
1707 3418 1959 3472 admissis
1994 3417 2189 3473 libera-

626 3521 728 3573 tos,
760 3523 923 3577 puros
950 3515 1005 3562 et
1045 3506 1423 3563 immaculatos
1472 3520 1567 3577 per
1603 3522 1661 3563 se
1697 3506 1807 3562 Deo
1839 3518 1893 3562 et
1936 3508 2080 3562 Patri
2111 3507 2192 3561 of-

628 3604 783 3662 lerat,
805 3608 859 3653 et
882 3613 977 3653 eos
1002 3598 1196 3653 divinae
1222 3611 1335 3653 suae
1358 3606 1567 3653 natura
1595 3598 1889 3668 participes
1917 3596 2190 3663 elilciat",

625 3689 715 3757 qui
744 3689 904 3743 morti
941 3699 1107 3757 atque
1147 3688 1484 3758 corruptioni
1513 3700 1671 3743 erant
1693 3688 1983 3743 obnoxii“
2010 3705 2025 3756 ;
2058 3698 2112 3744 et
2140 3698 2196 3743 ut

628 3780 948 3845 prmdicaret
975 3778 1134 3833 execis
1166 3777 1340 3832 visum
1365 3778 1433 3842 ",
1482 3786 1536 3833 et
1567 3778 1866 3832 errantium
1916 3778 2193 3832 hominum

626 3884 814 3941 greges
843 3869 908 3923 ad
939 3868 1111 3923 lucem
1138 3882 1280 3923 verae
1305 3867 1399 3922 Dei
1426 3868 1749 3937 cognitionis
1779 3869 2104 3932 traduceret,
2133 3883 2196 3923 ac

627 3964 845 4016 doceret
873 3959 995 4028 quis
1024 3968 1217 4013 natura
1242 3971 1478 4027 vereque
1508 3958 1648 4013 Deus
1674 3966 1838 4023 esset,
1875 3967 1925 4012 et
1954 3957 2194 4011 omnium

630 4066 807 4106 rerum
832 4048 1012 4116 epilex
1042 4064 1057 4100 :
1084 4048 1259 4101 factus
1286 4056 1370 4101 est
1399 4047 1544 4101 enim
1575 4048 1711 4100 odor
1748 4046 2073 4115 cognitionis
2103 4044 2195 4099 Dei

630 4156 693 4195 ac
722 4140 921 4201 Patris,
943 4148 999 4192 et
1040 4139 1093 4191 in
1136 4137 1250 4206 ipso
1285 4137 1665 4203 conspeximus
1694 4137 1839 4189 illum
1872 4151 1939 4189 ex
1968 4152 2074 4205 quo
2107 4151 2198 4191 se-

628 4228 866 4281 cundum
901 4236 1151 4279 naturam
1179 4232 1263 4277 est
1304 4223 1537 4293 genitus,
1574 4231 1628 4275 et
1672 4220 1961 4275 manifeSte
1990 4236 2197 4291 cogno-

626 4319 805 4371 vimus
830 4315 971 4368 viam
1008 4327 1128 4382 qua
1155 4326 1252 4366 nos
1288 4315 1353 4363 ad
1393 4322 1652 4365 aternam
1693 4310 1857 4364 vitam
1891 4310 2085 4366 defert.
2123 4311 2196 4365 lta

628 4407 792 4462 etiam
829 4405 942 4461 fore
978 4414 1037 4458 ut
1072 4404 1310 4474 genitum
1352 4403 1605 4473 gregibus
1650 4403 1765 4469 ipse
1804 4400 1978 4457 Filius
2011 4402 2196 4457 illuce-

632 4505 745 4559 ret,
787 4496 981 4550 beatus
1031 4494 1291 4563 propheta
1350 4492 1515 4547 Isaias
1565 4492 1721 4560 longe
1773 4501 1899 4547 ante
1945 4493 2200 4547 clamavit

634 4588 822 4641 dicens
854 4599 870 4637 :
907 4603 925 4635 ι
961 4583 1052 4637 Sic
1083 4582 1212 4637 dicit
1242 4582 1499 4636 Dominus
1531 4600 1543 4636 :
1583 4582 1873 4635 Laboravit
1905 4581 2195 4653 Egyptus,

629 4688 681 4729 et
727 4673 1123 4742 negotiationes
1172 4670 1489 4741 [Ethiopum
1514 4712 1529 4737 ,
1576 4682 1630 4726 et
1663 4671 1771 4743 62
1807 4672 2054 4739 Sabaim,
2096 4674 2197 4728 viri

629 4767 886 4819 sublimes
916 4765 984 4819 ad
1015 4774 1067 4817 te
1098 4763 1428 4827 transibunt,
1474 4774 1529 4818 et
1560 4764 1655 4818 tibi
1702 4764 1964 4827 servient,
2000 4774 2054 4817 et
2081 4774 2202 4834 post

632 4867 684 4907 te
730 4864 1027 4924 sequentur
1077 4853 1247 4907 vincti
1300 4853 1686 4920 compedibus,
1729 4862 1786 4907 et
1834 4855 2201 4907 curvabuutur

632 4948 750 5009 tibi,
778 4956 830 5001 et
866 4948 919 4999 in
954 4956 1007 5000 te
1034 4946 1359 5010 adorabunt,
1393 4946 1515 5015 quia
1552 4946 1604 4997 in
1641 4956 1691 4999 te
1719 4946 1856 5000 Deus
1889 4958 1993 5009 est,
2022 4955 2074 5000 et
2095 4960 2198 5001 non

630 5048 713 5091 est
761 5037 899 5091 Deus
934 5046 1132 5105 prteter
1180 5047 1267 5093 te:
1299 5048 1353 5091 tu
1393 5050 1451 5091 es
1496 5037 1639 5090 enim
1688 5036 1825 5090 Deus
1874 5045 1928 5091 et
1969 5037 2198 5091 nescivi-

633 5142 772 5191 mus,
822 5128 960 5180 Deus
1009 5126 1170 5182 Israel
1219 5127 1544 5184 salvator".
1577 5146 1595 5178 ›
1645 5126 1855 5181 Dictum
1910 5137 1994 5182 est
2037 5127 2201 5181 etiam

633 5216 821 5289 procul
847 5218 1007 5271 dubio
1040 5220 1104 5272 ad
1128 5217 1347 5285 Filium,
1377 5234 1566 5273 rursus
1594 5229 1848 5287 tanquam
1874 5234 1937 5272 ex
1967 5233 2197 5288 persona

639 5311 730 5364 Dei
759 5325 822 5364 ac
857 5308 1068 5362 Patris:
1106 5328 1124 5360 ι
1158 5311 1297 5365 Ecce
1331 5313 1485 5380 posui
1516 5320 1567 5364 te
1604 5312 1657 5363 in
1693 5320 2075 5364 testamentum
2108 5324 2201 5379 ge-

637 5402 800 5463 neris,
830 5401 881 5454 in
914 5402 1086 5455 lucem
1114 5403 1377 5468 gentium,
1409 5413 1466 5453 ut
1489 5398 1561 5455 sis
1595 5403 1646 5455 in
1676 5402 1901 5455 salutem
1936 5416 2103 5470 usque
2134 5403 2198 5455 ad

635 5503 937 5545 extremum
977 5502 1133 5546 terra:
1157 5492 1246 5543 ⁷⁸⁸.
1284 5510 1300 5543 ι
1338 5489 1544 5561 Populo
1572 5492 1715 5547 enim
1743 5506 1808 5545 ex
1841 5492 2101 5561 sanguine
2127 5506 2191 5544 ac

2290 3236 2355 3289 ἐκ
2382 3234 2636 3303 γυναικὸς
2675 3236 2816 3289 κατά
2845 3235 3022 3307 σάρκα
3049 3236 3463 3305 γεγεννημένον,
3490 3235 3577 3287 ἴνα
3605 3235 3879 3307 δικαιώσῃ

2290 3325 2416 3389 τοὺς
2452 3326 2531 3388 εἰς
2556 3326 2716 3378 αὑτὸν
2753 3327 3129 3391 πιστεύοντας·
3156 3326 3249 3379 καὶ
3280 3326 3383 3379 τῶν
3414 3327 3471 3380 ἐν
3500 3326 3694 3396 ἀγνοίᾳ
3715 3344 3881 3379 πται-

2295 3418 2541 3486 σμάτων,
2580 3418 2836 3488 χρηστοῖς
2863 3418 2955 3471 καὶ
2990 3418 3361 3487 ἡμερωτάτοις
3401 3417 3719 3481 ἀπαλλάξας
3753 3418 3878 3470 νεύ-

2298 3520 2449 3575 μασι,
2478 3504 2748 3575 καθαροὺς
2783 3505 2877 3558 καὶ
2906 3504 3167 3575 ἀμώμους
3195 3505 3579 3576 προσκομίσειε
3606 3505 3670 3557 δι’
3701 3504 3872 3559 αὐτοῦ

2294 3595 2370 3665 τῷ
2419 3594 2537 3665 Θεῷ
2579 3596 2675 3649 καὶ
2710 3586 2918 3666 Ἠατρὶ,
2952 3596 3045 3649 καὶ
3090 3596 3188 3665 τῆς
3238 3596 3386 3659 θείας
3424 3595 3617 3649 ἑαυτοῦ
3652 3596 3873 3663 φύσεως

2294 3688 2595 3758 ἐργάσηται
2628 3690 2941 3750 κοινωνοὺς,
2967 3690 3091 3751 τοὺς
3120 3687 3225 3740 ὑπὸ
3254 3686 3481 3740 θάνατον
3505 3688 3601 3741 καὶ
3628 3686 3841 3758 φθοράν
3861 3704 3872 3715 ’

2296 3777 2509 3851 κηρύξῃ
2540 3779 2595 3831 δὲ
2628 3780 2719 3831 καὶ
2758 3778 2978 3846 τυφλοῖς
3008 3777 3302 3846 ἀνάϐλεψιν
3325 3793 3339 3807 ’
3381 3778 3476 3830 καὶ
3503 3778 3600 3840 τάς
3635 3776 3748 3829 τῶν
3780 3793 3881 3829 πε-

2300 3870 2654 3939 πλανημένων
2696 3868 2897 3935 ἀγέλας
2945 3870 3023 3929 είς
3065 3868 3123 3921 τὸ
3166 3869 3264 3937 τῆς
3289 3867 3523 3935 ἀληθοῦς
3549 3868 3882 3935 θεογνωσίας

2300 3956 2643 4027 μετακομίσῃ
2690 3956 2803 4023 φῶς
2827 3972 2840 3985 ε
2877 3956 3065 4027 διδάξῃ
3092 3972 3150 4007 τε
3180 3955 3387 4021 λοιπὸν,
3412 3955 3496 4018 τίς
3542 3957 3569 4009 6
3610 3958 3775 4025 φύσει
3822 3972 3882 4008 τε

2299 4045 2393 4099 καὶ
2426 4044 2638 4115 ἀληθῶς
2664 4048 2779 4098 ἐστι
2806 4044 2958 4111 Θεὸς,
2991 4048 3084 4100 καὶ
3111 4045 3220 4098 τῶν
3239 4046 3375 4099 ὅλων
3406 4047 3761 4117 δημιουργὸς,
3788 4048 3879 4116 γέ·

2298 4154 2421 4205 γονε
2452 4136 2559 4207 γὰρ
2588 4136 2731 4207 ὀσμὴ
2770 4137 2868 4207 τῆς
2910 4137 3163 4205 γνώσεως
3211 4138 3305 4191 τοῦ
3348 4138 3478 4191 Θεοῦ
3510 4140 3598 4192 καὶ
3629 4140 3847 4211 Πατρός
3868 4156 3882 4170 ·

2299 4226 2394 4279 καὶ
2428 4227 2485 4278 ἐν
2515 4224 2662 4295 αὐτῷ
2690 4225 2997 4297 τεθεάμεθα
3035 4228 3147 4293 τὸν,
3176 4226 3235 4291 ἐξ
3281 4218 3343 4280 οὗ
3390 4228 3711 4298 γεγέννηται
3741 4230 3888 4283 κατά

2300 4316 2461 4384 φύσιν
2480 4332 2493 4348 ο
2536 4314 2858 4385 ἐγνώκαμέν
2898 4333 2957 4370 τε
2991 4318 3178 4387 σαφῶς
3214 4319 3311 4389 τὴν
3341 4322 3417 4382 είς
3447 4320 3589 4390 ζωὴν
3614 4323 3765 4392 ἡμᾶς
3789 4324 3886 4391 τὴν

2303 4404 2470 4457 ἀΐδιον
2508 4406 2888 4476 ἀποφέρουσαν
2920 4407 3057 4462 ὁδόν.
3087 4407 3243 4460 υῦτω
3275 4410 3367 4462 καὶ
3408 4413 3526 4473 ταῖς
3565 4410 3673 4464 τῶν
3711 4411 3888 4467 ἐθνῶν

2306 4496 2529 4564 ἀγέλαις
2573 4495 2902 4567 ἐπιλάμψειν
2944 4498 3033 4551 τὸν
3064 4498 3188 4551 Υίὸν
3217 4500 3245 4552 6
3286 4502 3553 4571 μακάριος
3598 4504 3887 4574 προφήτης

2316 4586 2546 4650 Ἡσαΐας
2575 4590 3064 4659 προανεκεκράγει,
3098 4590 3301 4659 λέγων·
3348 4612 3367 4642 ι
3397 4591 3552 4645 Οὕτω
3593 4592 3739 4660 λέγει
3770 4595 3886 4648 Κύ-

2309 4676 2781 4747 ριοςοἚκοπίασεν
2825 4679 3117 4746 Αἴγυπτος,
3158 4682 3251 4733 καὶ
3282 4682 3545 4752 ἐμπορίαι
3585 4682 3885 4747 Αἰθιόπων,

2306 4770 2394 4821 καὶ
2424 4769 2473 4821 οἱ
2502 4769 2737 4839 Σασαῖμ.
2759 4769 2949 4839 ἄνδρες
2971 4770 3166 4839 ὑψηλοὶ
3194 4772 3288 4823 ἐπὶ
3319 4774 3376 4825 σὲ
3397 4772 3764 4842 διαϐήσονται,
3794 4774 3888 4827 καὶ

2310 4859 2391 4910 σοὶ
2420 4857 2632 4910 ἔσονται
2656 4857 2851 4923 δοῦλοι,
2887 4860 2981 4912 καὶ
3013 4859 3188 4913 ὀπίσω
3220 4878 3312 4913 σου
3342 4861 3768 4932 ἀκολουθήσουσι
3797 4864 3884 4916 δε-

2308 4949 2524 5018 δεμένοι
2563 4950 2905 5019 χειροπέδαις
2929 4966 2942 4981 ·
2976 4952 3069 5003 καὶ
3096 4953 3531 5022 προσκυνήσουσί
3568 4970 3671 5016 σοι,
3704 4946 3800 5008 καλ
3831 4957 3886 5006 ἐν

2311 5040 2391 5090 σοὶ
2438 5038 2855 5107 προσεύξονται·
2897 5042 2977 5093 ὅτι
3012 5043 3069 5094 ἐν
3103 5047 3183 5093 σοὶ
3229 5042 3257 5094 6
3304 5042 3436 5106 Θεός
3464 5044 3614 5096 ἐστι·
3659 5044 3752 5098 καὶ
3787 5046 3885 5098 οὐκ

2307 5129 2422 5181 ἔστι
2448 5128 2578 5192 Θεὸς
2612 5130 2754 5200 πλήν
2780 5146 2895 5185 σου.
2929 5132 3000 5183 Σὺ
3027 5131 3133 5203 γὰρ
3161 5127 3209 5184 εἷ
3236 5132 3365 5195 Θεὸς
3392 5134 3484 5186 καὶ
3511 5134 3610 5186 οὑκ
3639 5135 3881 5205 ᾔδειμεν,

2305 5220 2335 5271 6
2354 5219 2484 5283 Θεὸς
2505 5219 2598 5271 τοῦ
2641 5219 2856 5291 Ἰσραὴλ
2880 5224 3078 5291 σωτήρ.
3114 5241 3132 5274 ι
3160 5224 3387 5294 Εἴρηται
3415 5224 3472 5277 δέ
3503 5241 3603 5276 που
3632 5225 3768 5293 πρὸς
3796 5225 3885 5277 τὸν

2309 5309 2454 5370 Υίὸν,
2480 5310 2554 5372 ὡς
2589 5311 2652 5362 ἐκ
2683 5309 2974 5380 προσώπου
3002 5311 3160 5365 πάλιν
3191 5312 3283 5365 τοῦ
3314 5312 3449 5365 Θεοῦ
3502 5315 3596 5366 καὶ
3640 5313 3880 5383 Πατρός’

2312 5419 2331 5450 ι
2355 5400 2483 5453 Ἰδοὺ
2502 5400 2725 5454 τέθεικά
2748 5417 2806 5453 σε
2827 5403 2904 5464 είς
2932 5402 3194 5472 διαθήκην
3222 5405 3432 5473 γένους,
3455 5407 3534 5467 εις
3557 5405 3672 5473 φῶς
3692 5404 3882 5467 ἐθνῶν,

2295 5491 2390 5545 τοῦ
2440 5486 2581 5545 εἷναί
2629 5508 2688 5544 σε
2735 5494 2815 5556 είς
2866 5493 3140 5564 σωτηρίαν
3173 5494 3278 5558 ἕως
3310 5496 3541 5565 ἐσχάτου
3572 5498 3669 5566 τῆς
3698 5495 3821 5565 γῆς.
3858 5513 3876 5545 ι

701 5644 745 5672 ⁷ο
779 5641 1084 5721 l_'l‘im_._tt_t,
1122 5642 1207 5697 l6.
1284 5643 1352 5721 ’A"
1378 5642 1570 5721 Epltes.
1604 5644 1805 5721 mtto,
1827 5644 1926 5721 12:
2000 5645 2044 5677 "
2081 5643 2179 5697 Psa

2292 5661 2388 5721 vti,
2422 5645 2544 5721 12...Δ
2585 5645 2633 5721 ξ’
2670 5642 2845 5699 Galat.
2878 5662 2949 5721 tv,
2980 5650 3031 5703 4.
3112 5651 3156 5683 ⁷³
3190 5652 3233 5706 ll
3259 5653 3407 5708 Petr.
3443 5670 3482 5721 ι,
3515 5654 3566 5707 4.
3641 5652 3689 5687 ⁷⁵
3722 5652 3879 5707 Rom.

635 5727 751 5773 \‘ill,
778 5712 867 5766 τι.
943 5714 985 5743 ⁷⁸
1027 5715 1128 5766 lsa.
1159 5730 1267 5777 ut,
1300 5715 1359 5777 l;
1393 5714 1521 5767 Luc.
1559 5730 1631 5779 tv,
1665 5715 1751 5769 i9.
1827 5715 1873 5745 ⁷⁸
1908 5713 2011 5768 lsn.
2050 5729 2170 5781 λιν,
2198 5715 2284 5780 14,
2316 5717 2409 5770 15.

2482 5716 2546 5747 ⁷⁸⁵
2585 5711 2683 5769 lsa.
2718 5731 2861 5774 nu.
2891 5718 2943 5774 6.
