4166 6466
329 368 433 423 115

1418 378 1788 439 Αυνειιευε
1824 382 2232 444 Νεετοιιιυκ
2274 390 2397 447 LIB.
2438 393 2526 447 Ill.

3474 416 3575 471 114

325 486 738 557 Νενομοθέτηκε
770 488 869 558 μιν
899 489 1004 560 γὰρ
1034 490 1127 544 τὸν
1151 491 1209 558 ἐξ
1241 492 1472 564 αἵματός
1498 513 1556 549 τε
1587 500 1681 553 καὶ
1711 503 1900 570 γένους

2002 520 2197 574 genere
2245 512 2403 565 Israel
2461 513 2579 567 tulit
2628 512 2770 584 leges
2818 514 2951 573 Novi
2986 520 3355 594 fl‘estamenti,
3395 534 3581 600 priore

343 579 563 649 Ἰσραὴλ
595 579 694 651 τὴν
743 581 953 651 Καινὴν
998 583 1307 653 Διαθήκην,
1350 587 1755 662 παλαιωθείσης
1802 594 1905 664 τῆς

324 671 579 742 πρώτηςο
615 673 851 741 ἔπέφανε
904 673 962 726 δὲ
1012 675 1109 728 καὶ
1149 676 1314 747 μέχρι
1360 681 1647 750 τερμάτων
1673 685 1773 755 τῆς
1799 686 1905 738 ὑπ’

321 764 576 834 οὐρανὸν,
612 767 727 828 τοῖς
759 764 864 818 ἀνὰ
888 767 1072 819 πᾶσαν
1100 766 1284 836 χώραν
1319 786 1379 822 τε
1418 772 1513 824 καὶ
1543 773 1698 828 πόλιν
1724 776 1904 830 ἔθνεσί

324 868 386 903 τε
437 851 530 905 καὶ
580 850 750 918 λαοῖς.
778 854 1262 924 Προσκεκυνήκασι
1296 858 1405 929 γὰρ
1451 861 1619 931 αὐτῷ,
1652 864 1748 916 καὶ
1798 865 1903 935 μὴν

323 942 423 996 καὶ
473 942 694 998 επονται
744 944 984 1015 νοητῶς,
1034 948 1334 1017 ἀρρήκτοις
1378 952 1599 1023 ἀγάπης
1650 956 1903 1028 δεσμοῖς,

324 1031 580 1104 καθάπερ
608 1034 719 1087 τισὶ
748 1036 1092 1105 χειροπέδαις
1119 1038 1471 1110 ἀνισχημένα,
1497 1043 1588 1097 καὶ
1620 1050 1903 1118 μονονουχὶ

323 1122 556 1190 λέγοντα
602 1123 665 1178 τὸ
712 1124 802 1178 διὰ
834 1125 1020 1194 φωνῆς
1062 1127 1359 1199 Ἱερεμίουο
1397 1150 1417 1183 ι
1440 1132 1571 1187 ’ἰδοὺ
1600 1136 1709 1189 οἵδε
1742 1140 1903 1209 ἡμεῖς

320 1212 565 1283 ἐσόμεθα
593 1230 695 1279 σοι,
728 1214 811 1268 ὅτι
839 1216 903 1269 σὺ
930 1215 1134 1288 Κύριος
1157 1219 1186 1270 ὀ
1209 1219 1339 1283 Θεὸς
1365 1222 1521 1291 ήμῶν
1546 1221 1616 1278 εἷ.
1645 1227 1820 1298 »Ὅρα
1844 1230 1903 1284 δέ

324 1318 420 1372 μοι
442 1302 549 1356 τῶν
572 1304 925 1374 προφητικῶν
944 1306 1161 1360 ἐννοιῶν
1178 1307 1275 1380 τὴν
1294 1310 1623 1383 ἐγρήγορσιν
1642 1334 1656 1349 ο
1684 1335 1705 1369 ι
1735 1320 1905 1390 Προσ.

324 1394 623 1464 κυνήσουσί
658 1410 762 1457 σοι,
796 1396 949 1465 φησὶ,
979 1398 1074 1449 καὶ
1106 1400 1163 1451 ὲν
1196 1399 1274 1457 σοὶ
1304 1404 1710 1473 προσεύξονται,
1741 1412 1820 1463 ὃτι
1846 1414 1905 1466 ὲν

325 1490 413 1541 σοὶ
442 1488 577 1552 Θεός
607 1491 745 1551 ἐστι,
776 1490 873 1546 καὶ
899 1493 999 1545 οὐκ
1034 1492 1153 1547 ἐστι
1177 1494 1311 1560 Θεὸς
1356 1499 1497 1571 πλήν
1520 1519 1639 1556 θσου
1661 1520 1676 1536 ·
1716 1523 1736 1559 ι
1782 1508 1903 1579 ᾔδει

327 1584 431 1651 μὲν
466 1579 561 1637 οὖν
603 1586 1077 1656 ὁμολογουμένως,
1110 1590 1185 1654 ὡς
1224 1598 1669 1669 πνευματοφόρος
1704 1602 1797 1656 τὺν
1838 1604 1905 1658 ἐκ

314 1678 464 1731 Θεοῦ
492 1678 703 1749 Πατρδς
730 1678 903 1747 Λόγον
932 1682 989 1735 ὲν
1018 1683 1148 1752 ἡμῖν
1178 1686 1532 1757 σκηνώσαντα
1557 1688 1664 1762 [ισ.
1694 1695 1903 1766 σκηνώ-

322 1768 536 1841 σοντα],
570 1769 712 1823 καθά
740 1787 905 1838 φησιν
931 1774 960 1826 ὁ
986 1775 1257 1845 μακάριος
1288 1780 1675 1855 εὐαγγελιστὴς
1715 1787 1900 1842 Ἰωάν-

320 1877 455 1929 νης·
483 1860 653 1932 ταύτῃ
682 1860 763 1914 τοι
796 1878 982 1932 φησιν,
1000 1864 1083 1917 δτι
1121 1884 1139 1916 ι
1165 1867 1254 1920 Ἐν
1276 1870 1357 1922 σοὶ
1380 1872 1514 1936 Θεός
1540 1875 1686 1928 ἐστι’
1718 1893 1736 1927 ο
1764 1877 1904 1948 πλὴν

316 1954 427 2005 οὐκ
457 1954 539 2015 εἰς
580 1953 673 2006 δύο
704 1952 996 2022 τέμνεσθαι
1026 1955 1193 2021 Θεοὺς
1225 1961 1613 2033 συγκεχώρηκε
1642 1966 1732 2019 τὸν
1769 1968 1904 2039 Ἐμ-

325 2044 569 2114 μανουήλ
587 2060 601 2074 ο
630 2044 746 2097 ἀλλ’
769 2045 818 2096 el
848 2045 942 2098 καὶ
968 2045 1189 2115 γέγονεν
1208 2050 1494 2122 ἄνθρωπος
1520 2058 1549 2107 ὀ
1571 2058 1902 2130 Μονογενὴς,

320 2134 423 2187 ενα
443 2135 538 2187 καὶ
558 2132 733 2198 οῦτως
758 2134 1029 2205 ὡμολόγει
1057 2138 1219 2191 πάλιν
1248 2140 1409 2194 αὐτόν
1426 2157 1441 2173 ’
1464 2144 1558 2197 καὶ
1584 2145 1714 2212 γοῦν
1740 2147 1902 2213 εὐθὺς

320 2227 810 2295 προσεπήνεγκεν,
858 2228 939 2280 ὅτι
994 2245 1013 2278 ι
1044 2229 1157 2281 Οὐκ
1195 2228 1310 2283 ἔστι
1360 2229 1493 2296 Θεὸς
1542 2234 1681 2305 πλὴν
1731 2237 1846 2290 σοῦ.
1878 2256 1897 2289 ι

335 2314 619 2384 Ἐπιτήρει
658 2314 768 2385 γὰρ
798 2315 1041 2386 ἀκριϐῶς
1084 2317 1185 2387 τὴν
1222 2319 1316 2371 τοῦ
1362 2322 1640 2393 προφήτου
1693 2329 1898 2397 φωνήν.

320 2405 791 2476 Προσηγορευκὼς
810 2407 939 2477 γὰρ,
954 2406 1029 2470 ὡς
1050 2408 1206 2477 ἔφην,
1227 2410 1308 2462 ὅτι
1325 2412 1412 2463 Ἑν
1431 2413 1511 2465 σοὶ
1536 2415 1707 2477 ὁΘεός
1731 2418 1898 2485 ἐστιν,

319 2497 385 2547 οὐ
422 2495 832 2565 προστέθεικεν,
862 2498 942 2550 ὅτι
970 2499 1079 2551 Καὶ
1114 2500 1213 2553 οὐκ
1243 2500 1357 2555 ἐστι
1388 2503 1518 2567 Θεὸς
1553 2505 1694 2576 πλὴν
1722 2508 1813 2560 τοῦ
1844 2509 1903 2562 έν

321 2587 431 2652 σοὶ,
464 2585 581 2641 ἀλλ’
614 2589 694 2650 εἰς
744 2588 971 2657 ἑνότητα
1017 2592 1351 2657 συνενεγκὼν
1385 2597 1755 2668 οἰκονομικὴν,
1789 2600 1901 2652 Οὐκ

318 2678 459 2742 im,
488 2680 644 2747 φησὶ,
675 2678 809 2741 Θεὸς
856 2678 995 2747 πλὴν
1041 2678 1160 2733 σοῦ.
1192 2682 1313 2734 Ὀτι
1338 2683 1395 2735 δὲ
1420 2683 1705 2754 ἄνθρωπος
1744 2704 1901 2755 γεγο-

316 2768 429 2831 νὼς
461 2769 489 2821 ὁ
519 2768 815 2838 μονογενὴς
841 2768 935 2821 τοῦ
967 2770 1104 2822 Θεοῦ
1132 2770 1322 2839 Λόγος,
1345 2773 1433 2827 διὰ
1456 2776 1637 2846 πάσης
1658 2779 1755 2847 τῆς
1782 2779 1901 2831 Oeo-

319 2858 588 2911 πνεῦστου
637 2858 880 2928 Γραφῇ,
919 2859 994 2923 ὡς
1046 2861 1177 2925 ἔπος
1222 2864 1413 2927 εἰπεῖν,
1450 2868 1897 2934 καταγγέλλεται,

315 2947 409 2998 διὰ
427 2946 693 2998 πλείστων
717 2946 817 3015 μὲν
842 2948 982 3001 ὅσων
1000 2949 1208 3004 ἀκονιτὶ
1232 2954 1540 3019 καταδεῖξαι
1566 2958 1695 3026 ῥᾷον
1716 2973 1727 2986 ·
1754 2960 1862 3011 ἀπό

318 3050 426 3103 χρη
461 3032 539 3098 δὲ,
571 3027 746 3103 οἴμαι,
779 3034 918 3104 πρὸς
952 3036 1013 3089 τὸ
1030 3039 1203 3107 παρὸν
1221 3040 1398 3095 έκεῖνο
1419 3044 1769 3116 εἰπεῖν.“Εφη
1791 3047 1900 3116 γάρ

318 3140 425 3175 που
451 3124 585 3223 θεὸς
611 3125 746 3194 πρὸς
769 3125 861 3179 τὸν
883 3126 1152 3199 μακάριον
1176 3129 1340 3182 Δαὸίδ
1358 3146 1371 3159 ο
1412 3151 1429 3183 ι
1460 3134 1568 3186 Καὶ
1612 3133 1901 3205 ἀναστήσω
1926 3170 1969 3230 c

317 3214 387 3267 ὶκ
407 3212 501 3267 τοῦ
522 3214 834 3284 σπέρματός
856 3232 949 3269 σου
978 3219 1115 3287 μετὰ
1139 3219 1219 3284 σὲ,
1235 3219 1293 3283 δς
1316 3219 1471 3273 ἔσται
1493 3223 1556 3275 ὲκ
1576 3223 1673 3292 τῆς
1691 3225 1901 3290 κοιλίας

318 3323 418 3359 σου
438 3323 452 3337 ·
480 3308 571 3359 καὶ
590 3307 864 3377 ἑτοιμάσω
886 3308 981 3379 τὴν
998 3310 1274 3379 βασιλείαν
1295 3312 1459 3365 αὐτοῦ
1478 3330 1495 3346 ο
1516 3315 1677 3379 αὐτὸς
1698 3318 1902 3371 οἰκοδο-

321 3397 488 3466 μήσει
510 3393 658 3451 οἷκον
673 3398 751 3467 τῷ
771 3398 994 3468 ὀνόματι
1022 3416 1146 3469 μου.
1167 3402 1275 3455 Καὶ
1291 3403 1581 3474 ἀνορθώσω
1600 3406 1693 3459 τὸν
1708 3407 1905 3478 θρόνον

318 3487 487 3541 αὺτοῦ
510 3490 613 3551 ἕως
632 3491 712 3552 εἰς
733 3490 826 3543 τὸν
844 3489 1035 3547 αἰῶνα.
1050 3493 1159 3545 Καὶ
1180 3490 1290 3560 ἐγὼ
1309 3492 1499 3563 ἔσομαι
1524 3496 1672 3567 αὐτῷ
1692 3500 1772 3561 εις
1791 3499 1903 3551 Πα-

318 3579 585 3649 “panni.
608 3580 770 3643 αὐτὸς
794 3580 946 3634 ἔσται
962 3598 1053 3650 μοι
1072 3582 1150 3645 εἰς
1176 3582 1322 3636 Υἱόν.
1340 3602 1357 3633 ι
1379 3584 1539 3648 ’Δλλ⁹,
1564 3580 1741 3653 οἶμαι,
1766 3588 1898 3658 φαίη

318 3687 406 3731 τις
432 3669 520 3731 ἃν,
537 3670 638 3724 οὐκ
661 3671 756 3723 ἐπί
783 3688 846 3739 γε
863 3671 1331 3741 ’τῷ-Ἐμμανουήλ,
1347 3675 1595 3745 εἰρῆσθαι
1619 3676 1675 3729 δὲ
1701 3678 1902 3747 μᾶλλον

320 3761 418 3813 tul.
452 3760 756 3831 Σολομῶντι
784 3762 965 3819 ταυτί.
998 3762 1209 3825 Παῦλος
1238 3781 1299 3832 γε
1332 3765 1439 3835 μὴν
1486 3768 1513 3819 ό
1551 3768 1887 3835 σοφώτατος,

318 3852 436 3911 τοις
478 3848 652 3914 οὕτως
698 3850 941 3905 ἐθέλουσι
999 3854 1161 3915 νοεῖν,
1215 3853 1556 3917 ἀντιτάξεταί
1615 3858 1898 3925 γεννικῶς,

318 3939 538 4008 δέχεται
561 3941 671 4010 γὰρ
694 3940 787 3993 ἐπὶ
811 3942 1031 4012 Χριστῷ
1059 3945 1158 4006 τὰς
1185 3944 1400 4012 φωνάς’
1430 3946 1524 3998 καὶ
1561 3945 1723 3999 αὐτὸν
1756 3945 1899 4002 εἶναι

318 4047 456 4098 φησι
496 4033 632 4101 πρὸς
665 4031 725 4084 ὃν
761 4033 976 4102 εἴρηται
1014 4035 1167 4105 παρὰ
1198 4034 1294 4088 τοῦ
1341 4035 1475 4088 Θεοῦ
1520 4038 1614 4090 καὶ⁵
1654 4039 1889 4109 Πατρὸς,

318 4123 402 4173 ὅτι
440 4121 708 4192 ιἘσομαι
728 4124 879 4193 αὑτῷ
902 4126 979 4187 εἰς
1008 4126 1250 4196 Πατέρα,
1293 4126 1389 4179 καὶ
1423 4127 1587 4191 αὐτὸς
1619 4128 1773 4183 ἐσται
1810 4149 1901 4202 μοι

317 4212 399 4275 εἰ..
452 4211 597 4265 Υἱόν.
628 4231 645 4264 ι
682 4214 803 4266 ’Ότι
848 4215 904 4267 δὲ
950 4214 1073 4268 καθ’
1110 4217 1258 4285 ἡμᾶς
1311 4217 1571 4293 γεγονὼς,
1623 4221 1900 4276 τουτέστιν

318 4303 628 4372 ἄνθρωπος,
668 4305 1042 4375 ἱερουργήσειν
1075 4305 1269 4375 ἔμελλε
1309 4307 1386 4378 τῷ
1427 4308 1545 4378 Θεῷ
1577 4312 1667 4363 καὶ
1700 4313 1895 4384 Πατρὶ,

317 4392 411 4444 citi
461 4393 559 4462 τῆς
612 4394 691 4454 εἰς
738 4391 898 4445 αὑτὸν
954 4394 1191 4458 πίστεως
1245 4399 1597 4468 σεσωσμένην
1646 4401 1744 4469 τὴν
1806 4403 1899 4455 ὐπ’

2003 595 2115 663 jam
2158 599 2460 666 antiquata,
2505 601 2680 655 illuxit
2711 604 2873 658 etiam
2902 622 3072 674 usque
3104 613 3167 666 ad
3202 595 3460 674 terminos
3488 636 3579 675 or-

2006 686 2090 739 bis
2132 695 2399 742 terrarum
2450 692 2697 759 gentibus
2746 710 2810 749 ac
2852 699 3063 767 populis
3111 704 3205 772 qui
3258 720 3353 772 per
3389 724 3576 766 omnes

2006 778 2255 844 regiones
2292 790 2347 834 et
2389 783 2551 836 urbes
2595 795 2795 841 erant:
2826 802 2949 842 nam
2991 790 3141 846 illum
3185 783 3603 864 adoraverunt,‘

2008 874 2174 935 atque
2208 869 2372 922 etiam
2398 869 2715 936 spiritaliter
2747 885 3068 943 sequuntur,
3099 880 3269 937 ﬁrmis
3296 884 3578 943 charitatis

2001 955 2234 1011 vinculis
2293 958 2455 1013 veluti
2501 962 2820 1030 quibusdam
2888 970 3237 1035 compedibus
3300 975 3462 1041 nexi,
3512 990 3574 1029 ac

1998 1048 2392 1115 propemodum
2449 1049 2579 1104 illud
2620 1051 2869 1109 Jeremize
2928 1056 3210 1114 dicentes:
3245 1080 3263 1112 ι
3295 1061 3433 1118 Ecce
3479 1065 3577 1134 ipsi

2002 1150 2105 1191 nos
2153 1139 2357 1192 erimus
2383 1140 2546 1211 \tibi,
2603 1144 2725 1211 quia
2781 1154 2836 1199 tu
2895 1146 3155 1204 Dominus
3208 1150 3350 1207 Deus
3396 1164 3578 1208 noster

2002 1239 2063 1280 es
2084 1227 2151 1281 ".
2180 1246 2201 1279 ι
2224 1228 2299 1283 Ac
2314 1230 2452 1292 vide,
2485 1247 2687 1301 quaeso,
2719 1237 3147 1306 propheticarum
3170 1244 3564 1298 sententiarum

2001 1316 2359 1386 vigilantiam.
2396 1339 2414 1370 ι
2444 1320 2827 1379 Curvabttntur
2878 1327 2999 1395 tibi,
3056 1329 3262 1399 inquit,
3314 1341 3369 1385 et
3422 1334 3473 1386 in
3521 1344 3572 1388 te

2003 1407 2332 1470 adorabunt,
2387 1412 2513 1480 quia
2566 1413 2619 1466 in
2656 1423 2705 1467 te
2739 1413 2881 1470 Deus
2908 1428 3012 1483 est,
3057 1432 3113 1474 et
3157 1437 3263 1476 non
3311 1433 3396 1479 est
3436 1422 3577 1480 Deus

2003 1504 2199 1563 praeter
2229 1504 2279 1551 te
2297 1496 2345 1528 "
2375 1517 2388 1552 :
2424 1518 2442 1549 ι
2480 1515 2603 1553 nam
2638 1511 2695 1555 ut
2725 1504 2915 1573 spiritu
2942 1505 3230 1564 instinctus
3256 1519 3407 1565 certo
3436 1514 3577 1568 scie-

2003 1583 2114 1648 bat,
2167 1583 2259 1639 Dei
2306 1585 2482 1642 Patris
2522 1589 2755 1644 Verbum
2804 1594 2855 1646 in
2903 1596 3058 1650 nobis
3092 1598 3480 1667 habitaturum,
3518 1611 3574 1655 ut

2002 1674 2180 1744 inquit
2217 1676 2407 1731 beatus
2435 1680 2764 1749 evangelista
2793 1679 3029 1739 Joannes
3050 1686 3135 1753 7’;
3170 1687 3271 1743 hac
3313 1690 3378 1743 de
3411 1705 3577 1745 causa

2003 1766 2123 1820 ait:
2160 1784 2179 1817 ι
2210 1767 2265 1819 1η
2313 1777 2365 1821 te
2405 1768 2546 1824 Deus
2587 1778 2694 1835 est,
2746 1789 2764 1823 ι
2820 1787 2993 1842 neque
3040 1784 3218 1831 tamen
3268 1793 3456 1846 passus
3491 1790 3575 1835 est

1933 1842 1977 1897 Β
2008 1857 2412 1913 Emmanuelem
2444 1860 2497 1913 in
2522 1861 2626 1914 duo
2650 1862 2847 1930 dividi;
2878 1865 2970 1919 sed
2994 1869 3241 1935 quamvis
3264 1842 3354 1924 ille
3387 1869 3575 1940 Unige-

2005 1950 2148 2004 nitus
2183 1952 2254 2005 sit
2278 1950 2449 2006 factus
2477 1954 2659 2020 homo,
2693 1954 2771 2008 sic
2799 1969 3013 2024 quoque
3046 1972 3210 2010 unmn
3239 1973 3425 2013 rursus
3452 1975 3572 2015 esse

2004 2040 2294 2107 fatebatur,
2338 2043 2566 2111 ideoque
2617 2045 2797 2100 intulit
2839 2048 3019 2099 statim
3053 2063 3067 2101 :
3102 2065 3122 2098 ι
3156 2047 3273 2102 Non
3308 2060 3391 2103 est
3432 2050 3572 2104 Deus

2003 2142 2197 2201 prater
2238 2143 2310 2187 te.
2346 2152 2364 2183 ι
2403 2133 2643 2188 Observa
2693 2150 2925 2205 namque
2970 2137 3257 2207 diligenter
3301 2141 3573 2208 prophetae

2002 2238 2188 2277 vocem
2214 2244 2227 2279 :
2252 2240 2371 2278 cum
2401 2225 2569 2288 enim,
2598 2234 2655 2278 ut
2690 2226 2821 2291 dixi,
2850 2226 3112 2282 allocutus
3140 2238 3283 2283 esset
3316 2245 3437 2283 eum
3488 2231 3577 2285 his

2002 2314 2224 2367 verbis:
2260 2334 2277 2365 ι
2326 2314 2381 2367 In
2411 2327 2464 2367 te
2510 2327 2591 2369 est
2642 2314 2819 2382 Deus;
2848 2334 2866 2367 ι
2915 2331 3019 2369 nou
3069 2316 3261 2385 adjecit
3297 2337 3310 2372 :
3342 2318 3454 2372 Non
3490 2332 3575 2373 est

2004 2404 2144 2458 Deus
2176 2417 2372 2474 pratter
2405 2406 2555 2459 illum
2607 2406 2697 2475 qui
2740 2416 2823 2461 est
2864 2408 2913 2459 in
2962 2418 3033 2469 te,
3083 2409 3177 2462 sed
3223 2410 3275 2462 in
3315 2410 3573 2463 unitatem

2010 2495 2467 2562 dispensatoriam
2512 2497 2887 2565 conjungendo
2912 2517 2926 2552 :
2956 2515 2974 2548 ι
3005 2496 3120 2553 Non
3162 2507 3247 2550 est
3285 2497 3445 2564 Deus,
3491 2501 3572 2552 in-

2003 2584 2137 2651 quit,
2174 2592 2371 2649 praeter
2400 2594 2472 2636 te.
2502 2603 2521 2635 ι
2567 2585 2736 2638 Porro
2768 2585 3101 2652 unigenitum
3154 2584 3283 2638 illud
3314 2584 3403 2638 Dei
3444 2583 3577 2639 Ver-

2001 2673 2127 2728 bna
2160 2674 2434 2729 hominem
2466 2675 2694 2739 factum,
2726 2690 2820 2743 per
2844 2689 3030 2728 omnes
3054 2675 3310 2729 divinitus
3348 2677 3579 2743 inspira-

2003 2772 2069 2817 t:e
2107 2764 2401 2833 Scriptura:
2434 2766 2666 2830 litteras,
2703 2774 2759 2818 ut
2787 2764 2859 2817 ita
2901 2765 3097 2829 dicam,
3121 2766 3425 2834 praedicari,
3456 2782 3575 2834 per-

2002 2854 2161 2910 facile
2209 2861 2291 2909 est
2344 2854 2755 2923 quamplurimis
2820 2854 2953 2908 locis
3003 2857 3322 2921 ostendere,
3374 2858 3466 2911 sed
3510 2858 3577 2912 ad

2001 2956 2240 3015 praiseus
2272 2946 2401 3000 illud
2438 2946 2641 3000 dixisse
2682 2945 2812 2999 satis
2848 2946 2971 2999 erit.
3004 2945 3145 2999 Dixit
3174 2949 3316 3003 enim
3348 2949 3485 3003 Deus
3510 2950 3575 3003 ad

2001 3042 2216 3095 beatum
2260 3040 2424 3094 David
2456 3058 2469 3093 :
2499 3059 2517 3092 ι
2551 3039 2618 3094 Ει
2660 3039 2937 3093 suscitabo
2970 3041 3037 3093 de
3089 3042 3292 3096 semine
3326 3052 3416 3097 tuo
3458 3053 3581 3110 post

2003 3140 2078 3197 te,
2118 3133 2207 3202 qui
2253 3134 2358 3187 erit
2402 3132 2467 3186 de
2500 3142 2687 3186 ventre
2733 3138 2845 3196 tuo,
2891 3142 2946 3185 et
2989 3133 3301 3201 prteparabo
3355 3149 3577 3203 regnum

2005 3223 2121 3291 ejus
2157 3224 2312 3289 :ipse
2347 3222 2634 3277 mdilicabit
2680 3222 2898 3276 domum
2939 3223 3140 3278 nomini
3178 3239 3334 3279 meo:
3371 3236 3426 3279 et
3465 3226 3575 3279 eri-

2005 3328 2127 3382 gam
2173 3314 2366 3367 solium
2398 3312 2514 3382 ejus
2546 3326 2713 3381 usque
2744 3312 2795 3365 in
2846 3312 3100 3365 smculutn
3134 3331 3146 3366 :
3178 3322 3232 3367 et
3264 3329 3362 3381 ego
3398 3329 3492 3368 ero
3526 3315 3574 3368 ei

2004 3404 2056 3458 in
2080 3402 2317 3469 Patrem,
2337 3412 2390 3457 et
2414 3402 2529 3470 ipse
2554 3402 2658 3455 erit
2680 3402 2809 3455 mihi
2829 3403 2881 3456 in
2911 3402 3104 3457 Filium
3123 3403 3190 3456 ⁸ο.
3224 3422 3242 3455 ι
3275 3404 3381 3458 Sed
3409 3404 3573 3471 «licet,

2003 3494 2229 3562 Opinor,
2274 3494 2488 3562 aliquis,
2525 3494 2639 3548 lucc
2676 3494 2860 3547 nonin
2904 3494 3333 3559 Enuuauuelem,
3386 3497 3478 3549 sed
3525 3498 3576 3549 in

2006 3583 2117 3655 63
2173 3583 2515 3638 Salomonem
2561 3584 2702 3637 dicta
2754 3583 2940 3643 fuisse.
2988 3585 3092 3640 Sed
3147 3586 3331 3640 beatus
3383 3584 3579 3640 Paulus

2005 3675 2319 3729 hominibus
2358 3675 2431 3728 ita
2467 3675 2829 3729 sentientibus
2860 3686 3083 3730 strenue
3110 3676 3357 3740 obsistet,
3389 3676 3477 3744 qui
3515 3676 3580 3728 de

2001 3766 2222 3821 Christo
2257 3766 2356 3819 has
2387 3779 2547 3819 voces
2580 3766 2797 3833 accipit,
2836 3767 3116 3835 ipsumque
3147 3782 3267 3821 esse
3297 3767 3491 3821 asserit
3525 3768 3575 3820 in

2002 3870 2161 3926 quem
2199 3857 2399 3910 dictum
2429 3856 2499 3911 sit
2527 3871 2555 3909 a
2590 3856 2699 3910 Deo
2728 3866 2781 3910 et
2812 3856 2973 3911 Patre
3002 3874 3015 3911 :
3054 3876 3072 3908 ι
3113 3857 3220 3911 Ero
3250 3855 3323 3911 illi
3370 3857 3422 3911 in
3477 3856 3578 3910 Pa-

2005 3958 2161 4011 trem,
2208 3956 2262 4003 et
2312 3948 2425 4015 ipse
2473 3948 2577 4001 erit
2629 3946 2759 4000 mihi
2819 3946 2872 4000 in
2925 3947 3119 4001 Filium
3147 3946 3214 4002 ⁸³.
3247 3965 3265 3998 ι
3316 3947 3574 4001 Eumdem

2000 4055 2166 4112 porro
2194 4040 2365 4093 nostri
2394 4038 2625 4093 similem
2656 4037 2877 4103 factum,
2913 4037 2965 4093 id
2993 4046 3097 4104 est,
3124 4038 3422 4103 hominem,
3456 4039 3571 4091 fore

2003 4141 2062 4184 ut
2095 4130 2202 4183 Deo
2249 4140 2302 4183 et
2352 4127 2497 4183 Patri
2553 4128 2887 4182 sacriﬁcaret
2935 4127 3120 4181 orbem
3170 4134 3438 4180 terrarmn
3484 4139 3577 4195 per

2003 4222 2164 4276 fidem
2208 4222 2260 4276 in
2295 4234 2354 4275 se
2387 4219 2725 4273 credentium
2765 4218 3051 4282 salvatum,
3084 4217 3381 4272 declaravit
3423 4216 3574 4281 alibi,

2004 4311 2193 4365 dicens
2233 4327 2247 4363 τ
2287 4329 2303 4361 ι
2337 4310 2402 4363 Et
2450 4306 2722 4361 suscitabo
2774 4305 2903 4360 mihi
2953 4306 3296 4360 sacerdotem
3342 4305 3573 4368 lidelem,

2002 4400 2095 4470 qui
2131 4401 2312 4455 omnia
2350 4413 2467 4467 quae
2497 4406 2624 4450 sunt
2660 4398 2712 4449 in
2744 4394 2911 4448 corde
2941 4403 2996 4447 et
3031 4395 3209 4447 anima
3245 4408 3365 4447 mea
3396 4393 3574 4457 faciet,

316 4487 381 4535 οὐ
393 4484 569 4554 ρανὺν,
606 4484 845 4553 διεσάφει
874 4485 1046 4553 λέγων
1072 4488 1130 4539 ὲν
1153 4487 1361 4557 ἑτέροις
1385 4505 1396 4518 °
1439 4510 1457 4541 ι
1480 4492 1587 4544 Καὶ
1608 4494 1900 4565 ἀναστήσω

2004 4499 2058 4544 et
2098 4489 2377 4544 aedificabo
2407 4489 2454 4541 ei
2496 4488 2711 4539 domum
2763 4484 2996 4547 ﬁdelem,
3050 4495 3106 4538 et
3161 4484 3409 4538 transibit
3452 4493 3577 4538 ante

316 4573 549 4643 ὲμαυτῷ
603 4576 754 4644 ἱερέα
792 4576 1002 4640 πιστὸν,
1044 4576 1105 4639 ὃς
1153 4578 1329 4633 πάντα
1381 4581 1450 4634 τὰ
1499 4583 1557 4635 ἑν
1595 4586 1660 4655 τῇ
1703 4586 1900 4658 καρδίᾳ

319 4680 447 4733 μου,
474 4664 570 4715 καὶ
598 4666 656 4715 ὲν
687 4667 751 4734 τῇ
800 4665 945 4735 ψυχῇ
993 4683 1092 4735 μου
1127 4669 1377 4738 ποιήσει’
1426 4672 1517 4724 καὶ
1559 4674 1899 4745 οἰκοδομήσω

314 4752 471 4822 αὐτῷ
519 4748 667 4805 οἷκον
716 4755 945 4807 πιστόν·
999 4757 1095 4809 καὶ
1142 4758 1477 4814 διελεύσεται
1520 4762 1750 4817 ἐνώπιόν
1800 4783 1900 4835 μου

314 4845 503 4905 πάσας
546 4843 645 4906 τὰς
697 4844 971 4915 ἡμέρας.»
1012 4848 1201 4919 Ἀϐρει
1241 4851 1303 4920 δή
1358 4868 1447 4921 μοι
1504 4854 1687 4916 πάλιν,
1722 4854 1796 4918 ὡς
1844 4857 1902 4909 ἐν

317 4935 532 5001 ἑτέροις
566 4934 754 4995 εἰπὼν,
795 4955 813 4985 ι
844 4931 1012 5000 Οὗτος
1046 4938 1388 5011 οἰκοδομήσει
1424 4938 1572 4996 οἷκον
1586 4944 1663 5014 τῷ
1679 4943 1903 5014 ὀνόματι

320 5040 447 5091 μου,
484 5040 504 5072 ι
538 5021 619 5091 τῷ
654 5021 769 5091 Υῑῷ
798 5024 892 5077 τὸν
921 5019 1070 5078 οἷκον
1102 5028 1343 5097 ἐγείρειν
1364 5031 1392 5083 ὁ
1423 5032 1609 5103 Πατὴρ
1636 5032 1903 5101 ἐπαγγέλ-

314 5114 491 5166 λεται.
523 5114 632 5166 Καὶ
660 5112 819 5165 τοῦτο
851 5115 1029 5179 συνεὶς
1049 5118 1078 5169 ὁ
1107 5115 1393 5183 θεσπέσιος
1419 5122 1650 5187 Παῦλος,
1694 5126 1897 5180 Μωσέα

320 5204 422 5271 μὶν
462 5200 565 5273 ἔφη
603 5203 793 5256 πιστὸν
836 5207 895 5257 ὲν
925 5206 1034 5276 ὅλῳ
1075 5209 1328 5275 γενέσθαι
1372 5212 1452 5282 τῷ
1508 5213 1642 5284 οἴκῳ
1678 5232 1799 5284 μου,
1838 5217 1900 5268 τὸ

314 5293 588 5346 οἰκετικὸν
626 5293 815 5363 ἔχοντα
849 5298 1065 5367 μέτρον,
1114 5300 1349 5369 Χριστόν
1394 5320 1457 5369 γε
1502 5306 1606 5375 μὴν
1654 5307 1729 5371 ὼς
1772 5309 1899 5360 Υἱὺν

316 5385 413 5435 ἐπὶ
442 5384 533 5435 τὸν
581 5379 730 5438 οἷκον
773 5386 960 5449 αὑτοῦ,
996 5383 1056 5442 οῦ
1093 5385 1241 5454 οἶκος
1270 5392 1437 5463 ἐσμὲν
1473 5398 1650 5466 ἡμεῖς.
1687 5399 1899 5466 Τρόπος

318 5475 376 5528 δὲ
420 5475 523 5545 τῆς
567 5477 876 5548 ἱερουργίας
924 5479 1092 5549 αὐτῷ,
1136 5482 1206 5535 τὰ
1252 5485 1373 5538 καθ’
1398 5487 1570 5557 ἡμᾶς’
1623 5489 1718 5558 οὐχ
1758 5484 1896 5557 αἷμα

392 5657 437 5689 "'
468 5656 667 5714 Jerem.
699 5677 780 5725 ιιι,
804 5663 894 5717 29.
972 5665 1015 5697 ’⁸
1042 5664 1144 5719 lsa.
1177 5681 1299 5727 xm,
1338 5665 1419 5720 Η.
1499 5666 1542 5695 ⁷⁸
1572 5665 1725 5721 Joan.
1752 5681 1768 5719 ι
1792 5706 1805 5722 .
1837 5664 1919 5718 Η.

342 5726 398 5780 5.
476 5730 518 5760 ⁸⁹
552 5729 570 5783 l
610 5728 738 5799 Reg.
770 5748 830 5799 ιι,
857 5733 943 5790 55.
1058 5734 1102 5765 ⁸³
1138 5733 1177 5788 ll
1213 5726 1344 5800 Reg.
1374 5751 1409 5799 ι,
1445 5735 1526 5788 l3.

2004 4597 2091 4635 me
2138 4580 2388 4634 omnibus
2433 4578 2623 4631 diebus
2647 4577 2713 4628 δ’.
2758 4596 2775 4627 ι
2809 4574 2929 4630 Jam
2971 4576 3097 4629 illud
3137 4590 3318 4645 qumso
3360 4589 3572 4628 rursum

2002 4669 2307 4733 considera,
2343 4670 2484 4738 quod
2532 4682 2653 4720 cum
2688 4666 2813 4719 alibi
2850 4666 3075 4720 dixisset
3106 4684 3119 4719 :
3156 4683 3173 4716 ι
3208 4665 3303 4719 llic
3343 4663 3576 4719 aediﬁca-

2004 4762 2081 4815 bit
2118 4763 2333 4814 domum
2391 4760 2593 4814 nomini
2654 4774 2773 4814 meo
2796 4759 2862 4824 ⁸⁸,
2893 4778 2911 4811 ι
2961 4757 3097 4812 Filio
3142 4768 3316 4811 tamen
3355 4758 3574 4811 domum

2005 4861 2316 4905 erecturum
2350 4867 2407 4905 se
2429 4849 2587 4904 Pater
2614 4850 2898 4919 pollicetur
2928 4867 2940 4903 :
2974 4850 3116 4919 quod
3154 4864 3273 4902 cum
3307 4848 3572 4919 intellige-

2004 4950 2089 4997 ret
2133 4944 2320 4997 heatus
2354 4941 2552 4995 Paulus
2573 4939 2643 5005 “,
2678 4939 2856 4994 Mosen
2906 4940 3122 5007 quidem
3159 4937 3367 4993 ﬁdelem
3410 4937 3583 4993 fuisse

2005 5034 2136 5089 dicit
2178 5035 2231 5089 in
2264 5042 2374 5087 tota
2408 5038 2566 5087 domo
2600 5046 2741 5095 mea,
2779 5031 2922 5098 quod
2970 5027 3289 5084 famulorum
3331 5030 3575 5083 ordinem

2004 5140 2066 5179 ac
2111 5140 2420 5180 mensuram
2473 5132 2713 5190 teneret;
2766 5122 3040 5177 Christum
3091 5134 3221 5175 vero
3273 5130 3333 5173 ut
3380 5118 3574 5173 Filium

2002 5232 2167 5287 super
2191 5217 2405 5271 domum
2432 5214 2575 5284 ejus,
2606 5216 2760 5285 cujus
2790 5214 2980 5268 domus
3007 5226 3194 5267 sumus
3221 5225 3339 5265 nos.
3380 5209 3567 5263 Forma

2002 5316 2179 5361 autem
2211 5307 2329 5377 ejus
2366 5304 2615 5360 sacriﬁcii
2665 5319 2750 5359 res
2785 5314 2982 5358 nostra:
3028 5312 3171 5365 sunt,
3206 5317 3308 5354 non
3356 5300 3573 5368 sanguis

2002 5405 2277 5452 taurorum
2315 5405 2370 5451 et
2398 5394 2710 5459 vitulorum,
2743 5395 2835 5448 scd
2862 5393 3101 5447 omnium
3139 5393 3415 5446 hominum
3449 5390 3569 5442 fidei

2001 5487 2271 5543 confessio
2306 5505 2318 5541 :
2358 5487 2517 5555 idquc
2552 5486 2836 5541 conﬁrmat
2866 5485 3055 5540 beatus
3095 5481 3293 5536 Paulus
3335 5481 3461 5536 item
3494 5484 3570 5535 sit:

2016 5667 2060 5696 ⁸⁸
2098 5665 2136 5721 ll
2170 5666 2297 5736 Reg.
2330 5682 2420 5731 ιιι,
2454 5666 2535 5731 Ιίὶ,
2567 5667 2647 5721 l5.
2753 5666 2792 5696 ⁸¹
2835 5662 2873 5716 ΙΙ
2912 5662 3040 5732 Reg.
3070 5680 3162 5726 ιιι,
3204 5663 3302 5732 li};
3338 5661 3497 5716 ilcbr.
3530 5678 3568 5721 ι.

1604 5737 1644 5765 ⁸⁵
1679 5735 1843 5790 Hebr.
1873 5751 1949 5796 ιιι,
1976 5734 2028 5787 2.
