4166 6458
298 362 401 418 ll?

1388 372 1762 433 ADVERSUS
1800 375 1874 431 NE

1977 375 2219 435 'ORIUM'
2247 376 2375 433 LIB.
2417 376 2504 436 111.
3050 375 3054 379 ’
3434 383 3550 438 118³

296 484 505 540 στειλον
537 485 599 539 τὸ
639 488 754 556 φῶς
794 506 912 556 σου,
945 490 1037 544 καὶ⁸
1067 491 1166 563 τὴν
1196 492 1454 566 ἀλήθειάν
1504 512 1617 551 σου.
1647 516 1665 547 ι
1698 498 1762 550 Τί
1790 498 1869 562 δὲ,

1977 509 2028 552 et
2058 499 2340 554 veritatem
2367 506 2511 552 tuam
2532 498 2599 550 “1
2628 496 2807 563 i’Quid
2830 496 3049 552 autem?
3073 497 3157 553 die
3184 498 3341 565 mihi,
3359 515 3553 558 nonne'

295 577 435 669 είπέῗ
448 595 561 646 μοι,
594 580 716 648 οὐχὶ
754 581 849 669 κοα)⁸
889 582 1051 645 αὐτὸς
1081 585 1111 635 ό
1157 585 1281 648 Υἱὸς
1316 585 1677 658 ψευδοεπήσει
1729 590 1868 659 τάχα

1977 590 2133 644 etiam
2191 590 2308 659 ipse
2360 588 2529 643 Filius
2584 587 2878 642 mentietur
2941 586 3146 657 plane,
3185 603 3305 642 cum
3360 590 3531 645 dicit:

294 685 396 721 που
427 668 600 737 λέγων
625 685 643 702 ·
697 689 717 721 ι
747 668 822 724 Oti
866 671 974 742 γὰρ
1014 674 1351 729 ἀπέστειλεν·
1381 679 1410 730 6
1455 679 1590 743 Θεὸς
1622 679 1713 732 τὸν
1743 681 1871 733 Υίδν

1977 697 1994 730 ι
2028 677 2144 732 Non
2175 678 2319 733 enim
2366 677 2512 732 misit
2541 677 2680 730 Deus
2723 674 2917 729 Filium
2968 689 3137 730 suum
3177 675 3229 731 in
3277 679 3556 734 mandunt.

293 760 373 819 είς
404 758 495 810 τὸν
524 758 729 828 κόσμον
760 760 847 813 ἴνα
868 761 1027 833 κρίνῃ
1060 762 1152 815 τὸν
1177 764 1404 835 κόσμον,
1439 765 1558 820 ἀλλ’
1601 768 1690 822 ἵνα
1718 772 1865 840 σωθῇ

1977 779 2031 822 ιιι
2072 768 2278 835 judicet
2328 768 2612 832 mundum,
2654 766 2748 821 sed
2786 774 2845 818 ut
2886 764 3130 821 salvetur
3170 768 3406 823 mundus
3443 782 3539 838 per

291 848 321 898 6
345 846 549 915 κόσμος
574 848 642 900 δι’
666 848 894 914 αύτοῦ;›
929 852 1038 904 Καὶ
1063 850 1253 905 πάλιν·
1303 872 1323 903 ι
1367 855 1509 923 Ἐγὼ
1531 856 1598 909 ὲκ
1628 856 1722 910 τοῦ
1756 860 1870 911 Πα-

1977 857 2143 925 ipsum
2171 858 2213 890 ’ί
2242 876 2257 923 ;
2293 876 2311 908 ι
2343 867 2397 913 et
2428 857 2621 911 iterum
2654 874 2670 911 :
2709 874 2727 909 ι
2761 856 2874 925 Ego
2906 869 2972 909 ex
3000 854 3165 911 Patre
3205 857 3338 918 exii.
3369 868 3421 914 et
3449 875 3541 915 ve-

291 936 421 1006 τρὸς
448 936 691 1007 ἐξῆλθον,
720 939 815 993 καὶ
840 940 995 1010 ﬁxe);
1018 960 1037 990 ›
1068 943 1276 1013 Γράφει
1303 943 1361 997 δέ
1398 961 1502 997 που
1533 946 1626 999 καὶ
1654 948 1682 999 6
1709 947 1873 1017 σοφὸς

306 1027 556 1098 Ἰωάννης
582 1030 708 1100 περὶ
735 1031 902 1083 αὐτοῦ
922 1046 937 1061 ·
964 1051 981 1082 ι
1005 1031 1063 1084 '0
1094 1032 1386 1101 λαμϐάνων
1416 1035 1581 1089 αὑτοῦ
1607 1036 1705 1108 τὴν
1733 1054 1871 1108 μαρ-

293 1117 488 1186 τυρίαν
519 1120 852 1189 ἐσφράγισεν
879 1122 962 1174 ὅτι
999 1123 1029 1175 6
1055 1122 1188 1185 Θεὸς
1214 1123 1422 1196 ἀληθής
1446 1127 1599 1180 ἐστιν
1621 1142 1635 1157 ·
1670 1127 1731 1180 δν
1762 1127 1870 1199 γάρ

292 1211 613 1265 ἀπέστειλεν
658 1214 689 1264 6
738 1213 893 1280 Θεὸς,
939 1214 1009 1268 τά
1056 1216 1277 1286 ῥήματα
1324 1217 1420 1270 τοῦ
1462 1219 1597 1271 Θεοῦ
1641 1218 1816 1272 λαλεῖ.
1846 1237 1865 1271 ι

306 1300 666 1355 ’Λπεστάλθαι
711 1302 770 1355 δέ
808 1321 990 1373 φαμεν
1028 1304 1122 1357 τὸν
1146 1305 1240 1358 τοῦ
1267 1307 1402 1360 Θεοῦ
1432 1308 1626 1376 Λόγον,
1675 1309 1736 1362 τὸ
1768 1310 1877 1380 τῆς

292 1390 599 1461 ἀποστολῆς
627 1390 801 1462 ὄνομά
833 1410 893 1445 τε
920 1394 1016 1447 καὶ
1044 1395 1232 1465 χρῆμα
1265 1397 1402 1466 μετά
1431 1397 1541 1451 τῶν
1568 1400 1666 1469 τῆς
1698 1399 1869 1454 κενώ-

1972 949 2060 1003 nio
2081 949 2147 1001 ".
2173 966 2192 999 ι
2251 947 2451 1002 Scribit
2495 946 2659 1002 etiam
2713 946 2912 1004 alicubi
2962 949 3153 1005 beatus
3196 948 3434 1003 Joannes
3473 948 3541 1002 de

1972 1037 2088 1106 ipso
2136 1055 2151 1091 :
2202 1057 2220 1089 ι
2254 1037 2357 1104 Qui
2412 1038 2607 1107 accipit
2656 1039 3025 1095 testimonium
3089 1041 3251 1109 ejus,
3310 1040 3541 1111 signavit

1971 1128 2095 1198 quia
2128 1129 2270 1183 Deus
2301 1143 2460 1183 verus
2487 1138 2604 1195 est;
2629 1143 2789 1199 quem
2831 1129 2975 1185 enim
3005 1130 3155 1186 misit
3176 1131 3337 1194 Deus,
3377 1131 3537 1182 verba

1974 1221 2065 1274 Dei
2114 1218 2357 1287 loquitur
2381 1218 2452 1273 ”.
2489 1237 2509 1272 ι
2540 1218 2764 1274 Missum
2798 1234 2961 1290 porro
3008 1221 3240 1275 dicimus
3282 1220 3373 1275 Dei
3407 1219 3546 1275 Ver:

1973 1308 2123 1372 bum,
2169 1309 2310 1377 quod
2358 1308 2691 1377 apostolatus
2738 1323 2935 1363 nomen
2974 1319 3030 1363 et
3061 1323 3175 1363 rem
3222 1310 3381 1365 simul
3415 1324 3557 1364 cum

1970 1398 2353 1452 exiuanitionis
2380 1398 2649 1454 mensuris
2680 1397 2925 1453 haberet.
2956 1398 3035 1452 'l‘u
3064 1413 3194 1453 vero
3222 1397 3387 1453 stulte
3424 1398 3540 1453 for-

293 1496 433 1542 σεως
457 1479 648 1549 ἔχοντα
678 1483 920 1553 μέτρων·
971 1486 1035 1537 σὺ
1072 1486 1131 1539 δὲ
1165 1487 1229 1557 δὴ
1259 1487 1437 1552 δέδιας
1480 1490 1732 1559 ἀμαθῶς,
1775 1491 1874 1546 καὶ

1977 1487 2167 1552 midas,
2200 1499 2255 1543 et
2286 1489 2360 1542 illi
2395 1489 2632 1544 tribuere
2663 1497 2718 1544 et
2748 1503 2941 1543 nomen
2972 1499 3026 1542 et
3057 1504 3167 1545 rem
3207 1488 3565 1559 apostolatus.

291 1569 445 1640 αύτῷ
466 1571 794 1641 προσνέμειν
815 1573 1071 1646 ἐρυθριᾷς
1088 1577 1204 1629 ἀνθ’
1220 1577 1345 1630 ὅτου
1367 1579 1427 1630 τό
1448 1596 1504 1632 τε
1522 1580 1622 1649 τῆς
1642 1581 1874 1635 ἀποστοο

1977 1593 2037 1632 ac
2079 1578 2370 1632 sacerdotii
2414 1579 2598 1633 nescio
2627 1592 2732 1647 qua
2773 1579 2841 1633 de
2873 1593 3032 1631 causa
3064 1577 3358 1634 erubescis.
3396 1579 3563 1632 Num-

291 1658 413 1728 λῆς,
452 1661 549 1713 καὶ⁵
576 1661 638 1714 τὸ
666 1663 768 1733 τῆς
788 1665 1198 1736 ἀρχιερωσύνης
1226 1667 1398 1737 δνομά
1424 1686 1484 1722 τε
1520 1671 1613 1723 καὶ
1648 1671 1870 1743 χρῆμα;

1977 1665 2114 1718 enim
2147 1665 2320 1735 ipsum
2360 1666 2653 1721 convenire
2682 1675 2843 1735 putas
2876 1666 3076 1720 homini
3108 1667 3183 1721 illi
3216 1683 3284 1723 ex
3311 1666 3553 1722 muliere

290 1744 442 1820 'Apa.
476 1752 585 1821 γὰρ
631 1753 1062 1826 ἀρμόσειενίῖσ.
1100 1756 1394 1828 ἁρμόσειν]
1437 1759 1761 1831 ὑπείληφας,
1795 1761 1871 1823 ὡς

1977 1762 2231 1822 tanquam
2270 1755 2338 1808 ab
2377 1754 2469 1808 illo
2493 1755 2731 1821 diverso,
2767 1753 3091 1824 simplicem,
3118 1764 3175 1809 ut
3211 1755 3326 1825 ipse
3356 1764 3538 1825 putas.

291 1840 467 1911 ἑτέρῳ
487 1842 618 1910 παρ’
652 1844 816 1898 αὑτὸν
845 1844 1118 1917 ἀνθρώπῳ
1155 1847 1233 1918 τῷ
1277 1849 1343 1902 ἐκ
1380 1851 1658 1917 γυναικὸς,
1704 1852 1870 1924 ψιλὴν

1977 1844 2405 1912 conjunctionem
2453 1845 2697 1910 babenti,
2745 1854 2799 1900 et
2835 1846 3004 1901 solius
3036 1844 3317 1916 dignitatis
3352 1858 3536 1915 aequa—

291 1928 471 1999 ἐχοντι
502 1932 603 2004 τὴν
630 1934 949 2004 συνάφειαν,
995 1936 1136 1991 κατά
1188 1937 1267 2004 σὲ,
1314 1940 1410 1992 καὶ
1447 1940 1522 2003 ὠς
1558 1942 1617 1994 ὲν
1661 1943 1868 2014 ἰσότητι

295 2022 466 2092 μόνης
492 2024 595 2093 τῆς
628 2025 819 2091 ἀξίας;
855 2026 978 2090 Πῶς
1016 2023 1109 2081 οὖν
1137 2028 1217 2082 ἔτι
1249 2028 1320 2082 τὰ
1346 2029 1468 2082 καθ’
1502 2031 1648 2101 ἡμᾶς
1669 2032 1869 2102 ὀνήσας

291 2114 487 2182 ὁρᾶται
528 2114 658 2178 Θεὸς
699 2115 777 2170 ὢν
826 2118 855 2170 6
895 2118 1087 2186 Λόγος,
1131 2121 1181 2172 εί
1214 2121 1307 2173 καὶ
1347 2122 1868 2193 προσκεκομίσμεθα

292 2202 367 2256 δι’
396 2205 587 2276 ἑτέρου
607 2206 686 2278 τῷ
713 2208 833 2279 Θεῷ
866 2209 960 2262 καὶ
994 2212 1198 2282 Πατρί;
1249 2211 1446 2264 Οὐκέτι
1474 2213 1582 2284 γὰρ
1611 2214 1678 2267 δι’
1702 2214 1867 2268 αὑτοῦ

291 2294 396 2365 τὴν
439 2299 804 2369 προσαγωγὴν
848 2301 1195 2371 ἐσχήκαμεν·
1255 2302 1393 2356 ἀλλά
1439 2304 1664 2373 γέγονεν
1710 2307 1870 2377 ἡμῶν

296 2386 527 2455 μεσίτης
552 2387 836 2458 ἄνθρωπος
860 2390 982 2443 καθ’
1018 2392 1183 2461 ἡμᾶς,
1212 2392 1271 2446 τὸ
1300 2396 1399 2463 τῆς
1425 2394 1676 2466 θεότητος
1697 2397 1870 2467 ὄνομα.

293 2475 677 2533 κατάπλαστον
725 2480 886 2550 ἔχων.
950 2481 1114 2535 Ἀλλὰ
1157 2483 1263 2547 ναὶ,
1316 2485 1472 2555 φησι,
1527 2486 1759 2558 σμικρὸν
1799 2486 1869 2541 ἂν

293 2572 380 2642 εἴη
405 2572 483 2642 τῷ
512 2575 577 2626 ὲκ
602 2574 740 2628 Θεοῦ
770 2576 983 2646 [ἰατρὸς
1027 2576 1188 2646 φύντι
1230 2577 1391 2648 Λόγῳ
1439 2577 1503 2632 τὸ
1542 2579 1867 2651 ἱερουργεῖν.

293 2662 535 2734 Σμικρὸν
566 2665 1031 2737 ὁμολογουμένως.
1061 2668 1314 2739 Συνεργῶ
1341 2668 1465 2740 [ιον.
1495 2668 1871 2742 συνερῶῙγάρ

296 2770 382 2805 σοι
414 2757 773 2826 πρεσϐεύοντι
822 2758 1101 2829 τάληθές·
1149 2759 1266 2814 ἀλλ’
1311 2760 1374 2814 ού
1407 2763 1585 2832 γυμνῇ
1636 2765 1703 2834 τῇ
1751 2762 1871 2816 θεό-

293 2858 422 2911 τητι
484 2846 822 2916 κεχρημένος
871 2848 1109 2917 ὲπέφανε
1169 2851 1283 2912 τοῖς
1329 2850 1422 2904 ἐπὶ
1450 2852 1550 2921 τῆς
1594 2851 1739 2922 γῆς·
1775 2868 1869 2921 γε·

293 2932 469 2999 γονὼς
493 2934 550 2988 δὲ
591 2936 792 3005 μᾶλλον
841 2937 1129 3008 ἄνθρωπος
1170 2940 1293 2995 καθ’
1333 2942 1501 3012 ἡμᾶς,
1541 2934 1586 3009 ᾧ
1630 2942 1775 3013 μέγα
1816 2959 1871 2996 τι

293 3024 487 3094 χρῆμα
535 3029 630 3081 καὶ
685 3026 959 3098 ἐξαίρετον
1002 3031 1318 3102 ἱερουργία·
1364 3035 1413 3087 εί
1453 3033 1512 3087 δὲ
1555 3033 1620 3106 δὴ
1666 3050 1868 3106 παραι-

289 3117 439 3213 τεῖτο
482 3116 610 3213 [τοί.
650 3120 1007 3213 παραιτοῖτο]
1038 3123 1102 3213 τδ
1134 3123 1437 3197 ἱερουργεῖν
1480 3124 1557 3187 ὡς
1596 3124 1870 3197 ἀνθρώπῳ
1900 3153 1943 3213 c

298 3208 533 3277 πρέπον,
568 3211 735 3281 ήγουν
768 3212 941 3283 ἑτέρῳ
969 3213 1046 3284 τῷ
1077 3212 1197 3285 [Ζσ.
1231 3215 1407 3285 ἑτέρῳ
1445 3214 1560 3287 τῳ]
1601 3219 1699 3288 τῆς
1748 3217 1872 3270 δου-

296 3296 451 3360 λείας
475 3298 652 3369 ἔχοντι
678 3302 896 3373 μέτρον,
943 3305 1060 3368 πῶς
1102 3306 1203 3359 οὒκ
1241 3307 1465 3377 ἄμεινον
1515 3307 1669 3379 παρά
1713 3308 1871 3376 πολὺ,

294 3386 390 3440 καὶ
429 3388 535 3458 πρό
567 3407 631 3459 γε
658 3391 849 3445 τούτου
888 3394 1275 3465 παραιτεῖσθαι
1297 3395 1396 3467 τήν
1422 3397 1872 3469 ὲνανθρώπησινς

306 3478 450 3531 Ἀλλ’
494 3482 593 3534 οὐκ
638 3483 947 3555 ἀπόϐλητον
978 3487 1273 3557 ἐποιήσατο
1320 3487 1387 3541 δι’
1418 3489 1566 3559 ἡμᾶς
1612 3490 1712 3560 τὴν
1753 3492 1876 3558 γέν-

292 3583 472 3637 νησιν,
500 3571 681 3625 οὑτοσι
709 3573 785 3639 δὲ,
817 3575 894 3637 ὡς
918 3575 1075 3646 ἔφην,
1097 3576 1413 3647 αἰσχύνεται
1442 3578 1677 3649 τάληθές
1696 3596 1710 3611 ·
1745 3580 1874 3634 ἀσο-

292 3657 397 3725 φόν
421 3677 479 3712 τε
510 3662 605 3714 καὶ
633 3664 1044 3735 ἀνεπιστήμονα
1065 3667 1424 3731 καταδεικνὺς
1446 3670 1658 3723 ἑαυτόν.
1686 3671 1876 3725 Καίτοι

292 3749 393 3802 τοῦ
424 3753 696 3823 μακαρίου
716 3755 932 3809 Παύλου
957 3756 1211 3826 λέγοντος
1230 3775 1244 3789 ·
1283 3777 1301 3810 ι
1326 3760 1401 3813 Ού
1418 3760 1528 3831 γὰρ
1553 3761 1877 3832 ἐπαισχύνο-

299 3857 402 3911 μαι
455 3842 517 3895 τὸ
573 3844 927 3913 Εὐαγγέλιον,
981 3848 1213 3919 δύναμις
1266 3850 1377 3922 γὰρ
1423 3851 1559 3905 Θεοῦ
1617 3854 1762 3907 ἐστιν
1794 3856 1878 3919 είς

295 3931 574 4001 σωτηρίαν
603 3934 765 3988 παντὶ
795 3935 873 4006 τῷ
899 3938 1224 3993 πιστεύοντι.
1255 3960 1274 3992 ι
1306 3940 1615 4011 θαυμάσειε
1642 3942 1688 3996 δ’
1708 3944 1773 3997 ἄν
1794 3962 1877 4008 τις

294 4024 390 4076 τὸν
423 4024 517 4079 τοῦ
554 4025 689 4080 Θεοῦ
732 4028 927 4097 Λόγον,
962 4033 1062 4102 τῆς
1105 4032 1362 4086 ἁπάντων
1407 4034 1571 4088 ἕνεκα
1603 4034 1876 4105 σωτηρίας

297 4114 390 4167 καὶ
424 4114 593 4185 ζωῆς,
621 4119 890 4189 τοσαύτην
921 4121 1277 4194 ἀνασχομένῳ
1319 4125 1509 4178 παθεῖν
1542 4126 1642 4196 τὴν
1684 4126 1875 4179 ταπεί-

296 4221 485 4266 νωσιν,
511 4205 577 4275 ἦν
603 4208 702 4260 ούκ
730 4204 829 4261 οἷδ’
873 4210 1021 4274 ὅπως
1060 4213 1089 4264 6
1138 4212 1249 4265 τῶν
1297 4215 1519 4268 είκαίων
1556 4217 1686 4286 ήμῖν
1730 4215 1875 4269 διδα-

296 4296 530 4365 γμάτωθ
560 4298 807 4370 εὑρετὴς,
835 4302 931 4354 καὶ
981 4302 1140 4371 μόνον
1192 4304 1475 4375 ὁμολογεῖν
1519 4307 1873 4377 αἰσχύνεται·

298 4386 482 4439 καίτοι
506 4387 628 4439 δέον
656 4389 895 4456 ἄγασθαι
927 4391 1026 4461 μὲν
1071 4393 1163 4445 ἐπὶ
1189 4393 1401 4457 τούτοις
1444 4395 1628 4459 αὑτὸν,
1672 4396 1874 4447 ἀνακε-

1973 1935 2222 1991 litatem?
2255 1935 2535 2002 Quomodo
2579 1937 2741 2004 igitur
2764 1936 2877 2005 jam
2919 1937 3092 2007 ipsum
3121 1935 3357 1991 Verbum
3396 1933 3543 2004 quod

1974 2024 2116 2081 Deus
2145 2036 2284 2093 erat,
2311 2036 2525 2080 nostras
2554 2041 2641 2081 res
2658 2027 2862 2096 juvisse
2889 2027 3150 2092 cernitur,
3182 2026 3225 2082 si
3259 2041 3354 2097 per
3376 2026 3538 2079 alium

1974 2130 2189 2187 quoque
2229 2118 2296 2171 ad
2334 2115 2501 2172 Deum
2551 2132 2615 2172 ac
2656 2116 2870 2171 Patrem
2912 2116 3128 2171 adducti
3164 2115 3392 2171 sumus?
3422 2113 3540 2169 Non

1972 2210 2116 2265 enim
2154 2208 2267 2278 jam
2298 2224 2397 2278 per
2437 2207 2612 2278 ipsum
2648 2223 2923 2263 accessum
2962 2208 3271 2269 habuimus,
3314 2206 3406 2260 sed
3441 2204 3541 2258 fuit

1974 2301 2240 2355 mediator
2283 2310 2471 2355 noster
2518 2300 2680 2354 homo
2730 2299 2901 2353 nostri
2958 2298 3187 2363 similis,
3220 2296 3328 2367 65
3358 2295 3539 2349 [ictum

1975 2392 2185 2447 habens
2230 2391 2534 2447 divinitatis
2573 2406 2790 2445 nomen.
2840 2390 2911 2442 At
2967 2391 3134 2454 enim,
3177 2389 3378 2457 inquit,
3422 2388 3542 2441 exi-

1973 2498 2139 2553 guum
2181 2497 2316 2539 sane
2357 2492 2439 2539 est
2471 2481 2650 2536 Verbo
2696 2496 2763 2537 ex
2815 2480 2925 2535 Deo
2972 2479 3153 2548 genito
3200 2478 3541 2534 sacriﬁcandi

1973 2589 2194 2630 munus.
2225 2574 2511 2645 Exiguum,
2542 2573 2739 2638 lateor,
2780 2572 2877 2626 tibi
2916 2572 3059 2626 enim
3103 2569 3370 2626 assentior
3403 2569 3546 2624 veri-

1976 2675 2142 2721 tatem
2191 2665 2503 2736 prazdicanti
2534 2683 2549 2720 :
2579 2665 2675 2720 sed
2716 2664 2859 2719 haud
2900 2663 3039 2717 nuda
3077 2677 3228 2717 usum
3264 2661 3545 2715 divinitate

1974 2758 2061 2814 his
2086 2757 2178 2828 qui
2208 2766 2334 2811 sunt
2365 2756 2419 2811 in
2462 2754 2622 2810 terris
2646 2752 2921 2824 apparuit,
2950 2767 3134 2823 verum
3180 2753 3341 2806 homo
3367 2752 3544 2822 potius

1976 2847 2148 2903 nostri
2174 2845 2368 2901 similis
2396 2845 2617 2909 factum,
2641 2845 2727 2898 cui
2754 2858 3004 2914 magnum
3033 2828 3286 2911 quiddam
3318 2850 3399 2895 est
3429 2840 3543 2894 exi-

1977 2937 2255 3005 miumque
2297 2932 2640 2988 sacrificandi
2677 2930 2953 2997 cilicium;
3003 2929 3148 2999 quod
3202 2928 3250 2985 si
3300 2926 3548 2997 repudiet

1975 3025 2317 3085 sacriﬁcandi
2351 3038 2549 3080 munus
2598 3031 2661 3079 ut
2690 3022 2923 3086 homini,
2965 3022 3080 3077 sive
3119 3019 3274 3075 alteri
3308 3019 3541 3087 cuipiam

1975 3120 2256 3177 servitutis
2290 3131 2598 3172 mensuram
2635 3116 2851 3171 habenti
2882 3114 3239 3178 conveniens,
3273 3111 3544 3182 quomodo

1977 3227 2083 3268 non
2108 3210 2301 3265 melius
2322 3208 2513 3264 fuisset
2549 3208 2713 3261 etiam
2745 3215 2869 3261 ante
2896 3206 2999 3260 hoc
3026 3219 3251 3269 munus,
3282 3205 3545 3258 humana-

1978 3303 2179 3356 tionem
2210 3298 2536 3367 repudiare?
2566 3296 2672 3351 Sed
2702 3305 2883 3351 nostra
2914 3309 3079 3349 causa
3122 3294 3266 3348 haud
3294 3292 3543 3360 rejicien-

1976 3392 2099 3445 (iam
2138 3390 2309 3460 ipsam
2364 3390 2766 3459 generationem
2812 3388 3015 3443 duxit:
3057 3387 3165 3441 iste
3212 3396 3389 3439 tamen
3416 3424 3433 3448 ,
3485 3391 3549 3435 ut

1978 3482 2111 3547 dixi,
2143 3483 2426 3536 veritatem
2457 3480 2752 3543 erubescit,
2782 3478 2835 3532 in
2875 3493 2984 3547 quo
3016 3477 3359 3546 insipientem
3402 3490 3461 3530 se
3491 3483 3554 3530 eu

1979 3574 2289 3643 imperitum
2324 3572 2579 3637 ostendit,
2622 3572 2869 3641 quamvis
2895 3572 3086 3627 beatus
3117 3570 3319 3625 Paulus
3358 3569 3541 3623 dicat:

1983 3682 2001 3714 ι
2038 3663 2154 3719 Non
2209 3664 2354 3717 enim
2415 3663 2679 3717 erubesco
2744 3662 3131 3733 Evangelium;
3177 3662 3350 3716 virtus
3401 3663 3544 3714 enim

1980 3756 2072 3810 Dei
2104 3768 2188 3811 est
2219 3755 2270 3808 iu
2314 3754 2543 3808 salutem
2579 3754 2725 3808 omni
2767 3754 3008 3809 credenti
3026 3755 3093 3808 θ’.
3128 3772 3146 3804 ι
3177 3751 3549 3807 Admiratione

1977 3856 2157 3900 autem
2196 3846 2414 3914 dignum
2446 3855 2528 3899 est
2569 3846 2657 3899 Dei
2681 3844 2917 3898 Verbum
2962 3844 3155 3899 salutis
3195 3858 3260 3899 ac
3286 3842 3409 3897 vitae
3440 3857 3549 3896 om~

1979 3939 2126 3993 nium
2180 3952 2342 3992 causa
2399 3947 2602 3991 tantam
2649 3936 3004 3991 humilitatem
3054 3938 3238 3992 subire
3285 3936 3546 3996 voluisse.

1977 4045 2137 4099 quam
2170 4029 2353 4084 nescio
2384 4026 2652 4098 quomodo
2695 4027 2783 4081 hic
2809 4028 3113 4095 ineptarum
3142 4027 3549 4097 disciplinarum

1979 4120 2247 4182 inventor,
2272 4119 2353 4173 vel
2374 4118 2618 4173 confiteri
2647 4118 2818 4173 solum
2856 4119 3126 4174 erubescit
3153 4136 3167 4173 :
3199 4135 3320 4174 cum
3341 4119 3549 4189 aequius

1980 4211 2171 4265 fuisset
2222 4219 2501 4279 propterea
2542 4208 2715 4278 ipsum
2772 4209 3074 4275 admirari,
3126 4218 3179 4265 et
3222 4210 3383 4265 simul
3425 4224 3548 4265 cum

1978 4302 2139 4356 beato
2184 4299 2452 4369 PrOpheta
2501 4299 2781 4354 clamare:
2816 4317 2833 4349 ι
2870 4299 3115 4363 Domine,
3163 4299 3341 4354 audivi
3391 4298 3549 4354 audi-

1982 4403 2094 4445 tum
2132 4400 2301 4453 tuum,
2331 4399 2384 4444 et
2408 4390 2590 4455 timui;
2633 4390 2966 4445 consideravi
3016 4406 3177 4459 opera
3227 4401 3338 4453 tua,
3369 4401 3421 4445 et
3455 4408 3551 4445 ex-

298 4477 532 4546 κραγείν
576 4476 634 4528 δὲ
674 4478 810 4548 όμοῦ
856 4479 933 4549 τῷ
983 4482 1240 4552 μακαρίῳ
1284 4484 1576 4554 προφήτῃ·
1637 4504 1654 4534 ι
1681 4482 1873 4554 Κύριε,

1982 4481 2103 4550 pavi
2126 4480 2193 4535 ".
2226 4499 2245 4531 ι
2282 4479 2415 4532 Nam
2443 4494 2566 4534 cum
2607 4495 2800 4534 omnes
2837 4479 3054 4535 Littera:
3089 4482 3349 4534 divinitus
3378 4482 3550 4552 inspi-

297 4568 609 4638 εἱσακήκοα
633 4568 731 4639 τήν
760 4571 932 4640 ἀκοήν
965 4589 1057 4625 σου
1090 4574 1184 4626 καὶ
1218 4573 1525 4643 ὲφοὸήθην·
1575 4576 1880 4644 κατενόησα

296 4657 367 4711 τὰ
392 4658 533 4730 ἔργα
564 4676 658 4713 σου
686 4662 780 4715 καὶ
806 4662 1055 4735 ἐξέστην.
1080 4683 1099 4715 ι
1145 4665 1361 4736 Ἐπειδὴ
1395 4664 1449 4718 δὲ
1480 4666 1697 4736 ἀπάσης
1731 4666 1879 4737 αὐτῷ

296 4748 397 4817 τῆς
455 4747 819 4803 θεοπνεύστου
878 4752 1102 4822 Γραφῆς
1164 4753 1617 4824 ἀντεγειρομένης
1678 4754 1879 4824 τρόπον

295 4840 443 4904 τινὰ,
482 4840 579 4893 καὶ
605 4841 1012 4914 ἀντανιστώσης
1037 4843 1135 4913 τὴν
1163 4843 1443 4913 ἀλήθειαν,
1471 4845 1677 4915 ψυχρόν
1699 4863 1759 4898 τε
1786 4846 1882 4899 καὶ

299 4927 490 4991 ἇῦλον,
524 4928 620 4981 καὶ
648 4930 946 4999 οὐδαμόθεν
978 4932 1436 5003 ἐπικουρούμενον
1471 4934 1877 5005 ἀποφαινούσης

296 5019 446 5089 αὑτῷ
475 5020 569 5072 τὸν
601 5022 693 5073 ἐπὶ
720 5024 831 5085 τοῖς
867 5023 1019 5085 ἰδίοις
1039 5023 1311 5092 εὑρήμασι
1336 5023 1514 5091 λόγον,
1537 5026 1875 5097 διηπόρηκεν

298 5107 359 5159 οὐ
396 5109 638 5178 μετρίως
683 5110 792 5161 τῶν
835 5112 913 5173 είς
957 5110 1222 5182 ὀρθότητά
1262 5128 1323 5163 τε
1365 5113 1460 5164 καὶ
1492 5112 1749 5182 ἀλήθειαν
1788 5115 1876 5166 ὲν-

270 5199 462 5266 ,νοιῶν
489 5217 549 5252 τε
594 5201 691 5253 καὶ
721 5201 1058 5269 διασκέψεων
1080 5216 1092 5229 ·
1123 5200 1300 5273 ταύτῃ
1336 5219 1439 5267 τοι,
1474 5202 1568 5255 καὶ
1610 5203 1646 5257 ἃ
1690 5204 1878 5274 μηδεὶς

271 5274 525 5365 ξπώποτε
554 5291 663 5343 τῶν
692 5293 770 5356 εἰς
797 5292 1064 5362 ὀρθότητα
1089 5292 1189 5362 τὴν
1219 5293 1557 5363 δογματικὴν
1592 5312 1875 5365 μεμαρτυ-

266 5356 285 5387 ’
306 5380 582 5448 ρημένων,
617 5380 648 5449 ἢ
677 5356 1058 5451 πεφρονηκως,
1083 5381 1116 5450 ἢ
1146 5356 1331 5448 λέγων.
1343 5356 1642 5445 ἁλίσκεται,
1667 5356 1876 5447 ’ταύτας

304 5473 539 5524 ποιεῖται
572 5472 667 5524 τοῦ
703 5472 861 5540 λόγου
894 5472 995 5535 τὰς
1036 5473 1317 5543 ἀφορμάς·
1350 5475 1646 5543 σκιαμαχεί
1688 5490 1747 5526 τε
1783 5476 1877 5527 καὶ

303 5559 627 5615 διατείνεται
668 5562 867 5633 μάτην,
897 5562 1282 5631 ἀντεξὰγοντος
1323 5564 1613 5633 οὐδενὸς,ἤ
1651 5564 1874 5633 φιλονειο

379 5745 425 5776 ’θ
450 5744 592 5798 Psal.
626 5761 755 5810 xui,
788 5746 839 5799 ’5.
916 5746 958 5777 ⁹¹
986 5745 1141 5801 Joan.
1174 5761 1255 5811 ιιι,
1288 5745 1370 5815 l7.
1446 5746 1490 5778 ν’
1523 5743 1674 5799 Joan.
1705 5762 1811 5809 xvi,
1836 5748 1925 5803 27.

1981 4578 2113 4624 ratae
2150 4567 2251 4638 ipsi
2306 4576 2693 4637 repugnarent,
2746 4578 2803 4621 et
2851 4578 3187 4637 opponerent
3234 4570 3548 4633 veritatem,

1980 4659 2203 4728 ejusque
2232 4673 2535 4713 sermonem
2560 4673 2666 4726 quo
2697 4673 2792 4713 sua
2821 4669 3124 4713 commenta
3155 4668 3357 4726 tuetur,
3395 4659 3548 4730 [τίείς

1982 4751 2108 4805 dum
2136 4758 2191 4805 et
2220 4750 2391 4806 levem
2419 4758 2473 4805 et
2509 4750 2651 4803 nulla
2680 4764 2749 4804 ex
2778 4758 2929 4819 parte
2960 4749 3147 4804 fultum
3180 4752 3549 4814 ostenderent,

1983 4858 2089 4896 non
2147 4842 2402 4897 mediocri
2438 4843 2662 4911 penuria
2710 4852 2981 4897 rectarum
3032 4857 3391 4910 verarumque
3426 4857 3552 4897 sen—

1982 4933 2273 4989 tentiarum
2318 4941 2371 4986 et
2404 4932 2813 5001 inquisitionum
2854 4931 3119 4987 laboravit
3147 4948 3162 4985 :
3197 4947 3259 4986 ea
3293 4934 3357 4987 de
3388 4948 3551 4987 causa

1981 5038 2101 5093 quae
2146 5036 2304 5076 nemo
2344 5036 2577 5088 unquam
2626 5030 2769 5076 recta
2806 5021 3119 5090 degmatum
3166 5022 3550 5077 tradendorum

1984 5114 2196 5170 ratione
2228 5112 2480 5178 celebris,
2528 5123 2619 5166 aut
2667 5112 2925 5177 sensisse,
2976 5122 3069 5167 aut
3118 5112 3324 5167 dixisse
3352 5113 3549 5182 depre»

1983 5205 2258 5268 henditur,
2293 5204 2358 5258 iis
2389 5220 2483 5273 pro
2512 5218 2823 5257 sermonum
2864 5217 3083 5258 suorum
3126 5202 3414 5258 occasione
3444 5204 3552 5256 uti-

1983 5307 2089 5363 tur,
2136 5305 2190 5350 et
2231 5310 2352 5349 eum
2397 5296 2602 5349 umbris
2641 5303 2862 5364 pugnat,
2921 5304 2975 5349 et
3022 5293 3219 5348 frustra
3270 5293 3548 5348 contendit

1983 5387 2197 5439 nemine
2236 5394 2595 5454 repugnante,
2630 5393 2724 5438 aut
2762 5384 2845 5437 his
2877 5382 2942 5437 de
2974 5384 3134 5438 rebus
3164 5381 3550 5446 cantendcnte,

1982 5475 2123 5542 quod
2152 5474 2278 5527 illud
2308 5488 2428 5527 esse
2469 5482 2597 5542 puto
2627 5487 2808 5527 aerem
2840 5473 3150 5526 verberare.
3192 5469 3339 5522 Dixit
3365 5469 3510 5523 enim
3535 5484 3550 5523 :

1982 5564 2116 5630 Quis
2150 5562 2391 5632 Apostoli
2438 5576 2632 5616 munus
2661 5576 2784 5616 cum
2825 5560 3097 5617 didicerit.
3136 5574 3242 5613 non
3280 5557 3423 5613 illico
3462 5557 3551 5612 in-

2002 5750 2045 5781 ”
2078 5744 2231 5800 Joau.
2258 5758 2339 5811 ιιι,
2369 5744 2421 5799 5.
2498 5745 2543 5777 οδ
2570 5745 2729 5803 Rom.
2756 5760 2797 5817 ι,
2826 5746 2912 5801 lli.
2988 5749 3032 5781 ⁸⁵
3070 5745 3269 5802 llabac.
3299 5762 3378 5810 ιιι,
3408 5746 3467 5803 Ι.
