  <div class='ocr_page' id='page_1' title='image "/cluster/home/n/w/nwhite01/storage/ocr_20150623/76/hvd.32044019207943/067.png"; bbox 0 0 4166 6464; ppageno 0'>
   <div class='ocr_carea' id='block_1_1' title="bbox 1590 347 2828 417">
    <p class='ocr_par' dir='ltr' id='par_1_1' title="bbox 1590 347 2828 417">
     <span class='ocr_line' id='line_1_1' title="bbox 1590 347 2828 417; baseline 0.011 -16"><span class='ocrx_word' id='word_1_1' title='bbox 1590 347 1649 405; x_wconf 87' lang='lat' dir='ltr'><strong>S.</strong></span> <span class='ocrx_word' id='word_1_2' title='bbox 1689 348 1961 405; x_wconf 69' lang='lat' dir='ltr'><strong>CYRILLI</strong></span> <span class='ocrx_word' id='word_1_3' title='bbox 1999 351 2467 412; x_wconf 78' lang='lat' dir='ltr'><strong>ALEXANDRINI</strong></span> <span class='ocrx_word' id='word_1_4' title='bbox 2507 358 2828 417; x_wconf 73' lang='lat' dir='ltr'><strong>ARCHIEP.</strong></span> 
     </span>
    </p>
   </div>
   <div class='ocr_carea' id='block_1_2' title="bbox 3740 371 3871 428">
    <p class='ocr_par' dir='ltr' id='par_1_2' title="bbox 3740 371 3871 428">
     <span class='ocr_line' id='line_1_2' title="bbox 3740 371 3871 428; baseline -0.015 0"><span class='ocrx_word' id='word_1_5' title='bbox 3740 371 3871 428; x_wconf 64' lang='lat'><strong>£20</strong></span> 
     </span>
    </p>
   </div>
   <div class='ocr_carea' id='block_1_3' title="bbox 611 454 2187 555">
    <p class='ocr_par' dir='ltr' id='par_1_3' title="bbox 611 454 2178 536">
     <span class='ocr_line' id='line_1_3' title="bbox 611 454 2178 536; baseline 0.006 -23"><span class='ocrx_word' id='word_1_6' title='bbox 611 456 780 513; x_wconf 83' lang='lat' dir='ltr'><strong>dicari</strong></span> <span class='ocrx_word' id='word_1_7' title='bbox 824 455 1095 513; x_wconf 81' lang='lat' dir='ltr'><strong>hominem</strong></span> <span class='ocrx_word' id='word_1_8' title='bbox 1125 454 1420 525; x_wconf 72' lang='lat' dir='ltr'><strong>intelligat?</strong></span> <span class='ocrx_word' id='word_1_9' title='bbox 1457 456 1588 526; x_wconf 81' lang='lat' dir='ltr'><strong>Quis</strong></span> <span class='ocrx_word' id='word_1_10' title='bbox 1629 463 1899 530; x_wconf 75' lang='lat' dir='ltr'><strong>pontiﬁcis</strong></span> <span class='ocrx_word' id='word_1_11' title='bbox 1943 466 2178 536; x_wconf 84' lang='lat' dir='ltr'><strong>appella-</strong></span> 
     </span>
    </p>
   </div>
   <div class='ocr_carea' id='block_1_4' title="bbox 2293 454 3865 555">
    <p class='ocr_par' dir='ltr' id='par_1_4' title="bbox 2293 472 3865 555">
     <span class='ocr_line' id='line_1_4' title="bbox 2293 472 3865 555; baseline 0.009 -32"><span class='ocrx_word' id='word_1_12' title='bbox 2293 473 2399 524; x_wconf 72' lang='grc' dir='ltr'>κεῖν</span> <span class='ocrx_word' id='word_1_13' title='bbox 2428 472 2703 535; x_wconf 73' lang='grc' dir='ltr'>ιθέλοντος</span> <span class='ocrx_word' id='word_1_14' title='bbox 2728 475 2855 542; x_wconf 68' lang='grc' dir='ltr'>περὶ</span> <span class='ocrx_word' id='word_1_15' title='bbox 2880 474 3084 529; x_wconf 82' lang='grc' dir='ltr'>τούτων</span> <span class='ocrx_word' id='word_1_16' title='bbox 3112 478 3292 532; x_wconf 78' lang='grc' dir='ltr'>αὐτῶν</span> <span class='ocrx_word' id='word_1_17' title='bbox 3334 478 3355 552; x_wconf 93' lang='grc'>[</span> <span class='ocrx_word' id='word_1_18' title='bbox 3377 481 3465 535; x_wconf 75' lang='lat' dir='ltr'><strong>la.</strong></span> <span class='ocrx_word' id='word_1_19' title='bbox 3496 481 3712 555; x_wconf 79' lang='grc' dir='ltr'>αὐτῷ]·</span> <span class='ocrx_word' id='word_1_20' title='bbox 3750 486 3865 539; x_wconf 70' lang='grc' dir='ltr'>καὶ</span> 
     </span>
    </p>
   </div>
   <div class='ocr_carea' id='block_1_5' title="bbox 612 543 2175 625">
    <p class='ocr_par' dir='ltr' id='par_1_5' title="bbox 612 543 2175 625">
     <span class='ocr_line' id='line_1_5' title="bbox 612 543 2175 625; baseline 0.006 -22"><span class='ocrx_word' id='word_1_21' title='bbox 612 547 817 603; x_wconf 83' lang='lat' dir='ltr'><strong>tionem</strong></span> <span class='ocrx_word' id='word_1_22' title='bbox 845 548 1090 613; x_wconf 87' lang='lat' dir='ltr'><strong>audiens,</strong></span> <span class='ocrx_word' id='word_1_23' title='bbox 1121 543 1420 603; x_wconf 72' lang='lat' dir='ltr'><strong>divinitatis</strong></span> <span class='ocrx_word' id='word_1_24' title='bbox 1461 552 1754 606; x_wconf 72' lang='lat' dir='ltr'><strong>essentiam</strong></span> <span class='ocrx_word' id='word_1_25' title='bbox 1784 554 1959 622; x_wconf 90' lang='lat' dir='ltr'><strong>ipsum</strong></span> <span class='ocrx_word' id='word_1_26' title='bbox 1995 558 2175 625; x_wconf 82' lang='lat' dir='ltr'><strong>ponti-</strong></span> 
     </span>
    </p>
   </div>
   <div class='ocr_carea' id='block_1_6' title="bbox 613 638 2175 713">
    <p class='ocr_par' dir='ltr' id='par_1_6' title="bbox 613 638 2175 713">
     <span class='ocr_line' id='line_1_6' title="bbox 613 638 2175 713; baseline 0.003 -16"><span class='ocrx_word' id='word_1_27' title='bbox 613 643 767 697; x_wconf 79' lang='lat' dir='ltr'><strong>licem</strong></span> <span class='ocrx_word' id='word_1_28' title='bbox 788 638 1101 696; x_wconf 75' lang='lat' dir='ltr'><strong>existimet?</strong></span> <span class='ocrx_word' id='word_1_29' title='bbox 1123 638 1256 694; x_wconf 86' lang='lat' dir='ltr'><strong>Cum</strong></span> <span class='ocrx_word' id='word_1_30' title='bbox 1295 654 1422 709; x_wconf 85' lang='lat' dir='ltr'><strong>ergo</strong></span> <span class='ocrx_word' id='word_1_31' title='bbox 1454 640 1543 709; x_wconf 88' lang='lat' dir='ltr'><strong>qui</strong></span> <span class='ocrx_word' id='word_1_32' title='bbox 1568 640 1671 696; x_wconf 88' lang='lat' dir='ltr'><strong>hoc</strong></span> <span class='ocrx_word' id='word_1_33' title='bbox 1692 641 1858 710; x_wconf 86' lang='lat' dir='ltr'><strong>dicat,</strong></span> <span class='ocrx_word' id='word_1_34' title='bbox 1897 660 2057 700; x_wconf 91' lang='lat' dir='ltr'><strong>nemo</strong></span> <span class='ocrx_word' id='word_1_35' title='bbox 2082 647 2175 713; x_wconf 85' lang='lat' dir='ltr'><strong>sit,</strong></span> 
     </span>
    </p>
   </div>
   <div class='ocr_carea' id='block_1_7' title="bbox 612 727 2176 799">
    <p class='ocr_par' dir='ltr' id='par_1_7' title="bbox 612 727 2176 799">
     <span class='ocr_line' id='line_1_7' title="bbox 612 727 2176 799; baseline 0.001 -13"><span class='ocrx_word' id='word_1_36' title='bbox 612 744 733 786; x_wconf 88' lang='lat' dir='ltr'><strong>cum</strong></span> <span class='ocrx_word' id='word_1_37' title='bbox 764 729 981 799; x_wconf 87' lang='lat' dir='ltr'><strong>quibus,</strong></span> <span class='ocrx_word' id='word_1_38' title='bbox 1022 728 1109 783; x_wconf 91' lang='lat' dir='ltr'><strong>dic</strong></span> <span class='ocrx_word' id='word_1_39' title='bbox 1151 727 1305 794; x_wconf 89' lang='lat' dir='ltr'><strong>mihi,</strong></span> <span class='ocrx_word' id='word_1_40' title='bbox 1340 729 1641 794; x_wconf 87' lang='lat' dir='ltr'><strong>contendis,</strong></span> <span class='ocrx_word' id='word_1_41' title='bbox 1685 740 1739 785; x_wconf 87' lang='lat' dir='ltr'><strong>et</strong></span> <span class='ocrx_word' id='word_1_42' title='bbox 1785 746 1899 786; x_wconf 90' lang='lat' dir='ltr'><strong>rem</strong></span> <span class='ocrx_word' id='word_1_43' title='bbox 1935 733 2176 789; x_wconf 87' lang='lat' dir='ltr'><strong>omnium</strong></span> 
     </span>
    </p>
   </div>
   <div class='ocr_carea' id='block_1_8' title="bbox 614 818 2177 891">
    <p class='ocr_par' dir='ltr' id='par_1_8' title="bbox 614 818 2177 891">
     <span class='ocr_line' id='line_1_8' title="bbox 614 818 2177 891; baseline 0 -14"><span class='ocrx_word' id='word_1_44' title='bbox 614 820 883 877; x_wconf 70' lang='lat' dir='ltr'><strong>sententia</strong></span> <span class='ocrx_word' id='word_1_45' title='bbox 919 821 1251 883; x_wconf 79' lang='lat' dir='ltr'><strong>damnatam,</strong></span> <span class='ocrx_word' id='word_1_46' title='bbox 1299 828 1554 887; x_wconf 85' lang='lat' dir='ltr'><strong>tanquam</strong></span> <span class='ocrx_word' id='word_1_47' title='bbox 1603 818 1720 888; x_wconf 86' lang='lat' dir='ltr'><strong>ipse</strong></span> <span class='ocrx_word' id='word_1_48' title='bbox 1762 822 1910 877; x_wconf 90' lang='lat' dir='ltr'><strong>solus</strong></span> <span class='ocrx_word' id='word_1_49' title='bbox 1947 834 2177 891; x_wconf 89' lang='lat' dir='ltr'><strong>evertas,</strong></span> 
     </span>
    </p>
   </div>
   <div class='ocr_carea' id='block_1_9' title="bbox 614 914 2180 987">
    <p class='ocr_par' dir='ltr' id='par_1_9' title="bbox 614 914 2180 987">
     <span class='ocr_line' id='line_1_9' title="bbox 614 914 2180 987; baseline 0.003 -18"><span class='ocrx_word' id='word_1_50' title='bbox 614 921 906 987; x_wconf 88' lang='lat' dir='ltr'><strong>patmarem</strong></span> <span class='ocrx_word' id='word_1_51' title='bbox 940 916 1033 970; x_wconf 88' lang='lat' dir='ltr'><strong>tibi</strong></span> <span class='ocrx_word' id='word_1_52' title='bbox 1070 916 1210 970; x_wconf 87' lang='lat' dir='ltr'><strong>hanc</strong></span> <span class='ocrx_word' id='word_1_53' title='bbox 1239 929 1474 985; x_wconf 90' lang='lat' dir='ltr'><strong>pugnam</strong></span> <span class='ocrx_word' id='word_1_54' title='bbox 1518 914 1757 970; x_wconf 88' lang='lat' dir='ltr'><strong>futuram</strong></span> <span class='ocrx_word' id='word_1_55' title='bbox 1786 917 1977 987; x_wconf 76' lang='lat' dir='ltr'><strong>putas?</strong></span> <span class='ocrx_word' id='word_1_56' title='bbox 2006 916 2180 974; x_wconf 90' lang='lat' dir='ltr'><strong>Porro</strong></span> 
     </span>
    </p>
   </div>
   <div class='ocr_carea' id='block_1_10' title="bbox 616 1006 2177 1076">
    <p class='ocr_par' dir='ltr' id='par_1_10' title="bbox 616 1006 2177 1076">
     <span class='ocr_line' id='line_1_10' title="bbox 616 1006 2177 1076; baseline 0.003 -17"><span class='ocrx_word' id='word_1_57' title='bbox 616 1006 885 1075; x_wconf 90' lang='lat' dir='ltr'><strong>quomodo</strong></span> <span class='ocrx_word' id='word_1_58' title='bbox 916 1006 1148 1061; x_wconf 87' lang='lat' dir='ltr'><strong>inficiari</strong></span> <span class='ocrx_word' id='word_1_59' title='bbox 1183 1007 1353 1073; x_wconf 85' lang='lat' dir='ltr'><strong>possit</strong></span> <span class='ocrx_word' id='word_1_60' title='bbox 1385 1016 1439 1061; x_wconf 90' lang='lat' dir='ltr'><strong>te</strong></span> <span class='ocrx_word' id='word_1_61' title='bbox 1477 1007 1530 1061; x_wconf 89' lang='lat' dir='ltr'><strong>in</strong></span> <span class='ocrx_word' id='word_1_62' title='bbox 1562 1007 1802 1061; x_wconf 83' lang='lat' dir='ltr'><strong>medium</strong></span> <span class='ocrx_word' id='word_1_63' title='bbox 1829 1007 1879 1061; x_wconf 87' lang='lat' dir='ltr'><strong>id</strong></span> <span class='ocrx_word' id='word_1_64' title='bbox 1915 1008 2177 1076; x_wconf 86' lang='lat' dir='ltr'><strong>proferre,</strong></span> 
     </span>
    </p>
   </div>
   <div class='ocr_carea' id='block_1_11' title="bbox 616 1096 2178 1169">
    <p class='ocr_par' dir='ltr' id='par_1_11' title="bbox 616 1096 2178 1169">
     <span class='ocr_line' id='line_1_11' title="bbox 616 1096 2178 1169; baseline -0.001 -18"><span class='ocrx_word' id='word_1_65' title='bbox 616 1096 759 1169; x_wconf 86' lang='lat' dir='ltr'><strong>quod</strong></span> <span class='ocrx_word' id='word_1_66' title='bbox 806 1111 928 1151; x_wconf 91' lang='lat' dir='ltr'><strong>cum</strong></span> <span class='ocrx_word' id='word_1_67' title='bbox 972 1112 1003 1149; x_wconf 83' lang='grc' dir='ltr'><strong>ιι</strong></span> <span class='ocrx_word' id='word_1_68' title='bbox 1054 1100 1273 1152; x_wconf 80' lang='lat' dir='ltr'><strong>nemine</strong></span> <span class='ocrx_word' id='word_1_69' title='bbox 1319 1097 1552 1161; x_wconf 86' lang='lat' dir='ltr'><strong>dicatur,</strong></span> <span class='ocrx_word' id='word_1_70' title='bbox 1599 1105 1781 1151; x_wconf 88' lang='lat' dir='ltr'><strong>tacere</strong></span> <span class='ocrx_word' id='word_1_71' title='bbox 1824 1098 1998 1152; x_wconf 89' lang='lat' dir='ltr'><strong>satius</strong></span> <span class='ocrx_word' id='word_1_72' title='bbox 2039 1106 2178 1165; x_wconf 89' lang='lat' dir='ltr'><strong>erat,</strong></span> 
     </span>
    </p>
   </div>
   <div class='ocr_carea' id='block_1_12' title="bbox 616 1186 2181 1257">
    <p class='ocr_par' dir='ltr' id='par_1_12' title="bbox 616 1186 2181 1257">
     <span class='ocr_line' id='line_1_12' title="bbox 616 1186 2181 1257; baseline 0.002 -18"><span class='ocrx_word' id='word_1_73' title='bbox 616 1200 777 1257; x_wconf 83' lang='lat' dir='ltr'><strong>quam</strong></span> <span class='ocrx_word' id='word_1_74' title='bbox 823 1186 879 1241; x_wconf 93' lang='lat' dir='ltr'><strong>in</strong></span> <span class='ocrx_word' id='word_1_75' title='bbox 930 1186 1318 1256; x_wconf 89' lang='lat' dir='ltr'><strong>simpliciorum</strong></span> <span class='ocrx_word' id='word_1_76' title='bbox 1364 1186 1575 1241; x_wconf 90' lang='lat' dir='ltr'><strong>animos</strong></span> <span class='ocrx_word' id='word_1_77' title='bbox 1621 1186 2181 1257; x_wconf 69' lang='lat' dir='ltr'><strong>injicere‘lesQuis</strong></span> 
     </span>
    </p>
   </div>
   <div class='ocr_carea' id='block_1_13' title="bbox 618 1277 2181 1343">
    <p class='ocr_par' dir='ltr' id='par_1_13' title="bbox 618 1277 2181 1343">
     <span class='ocr_line' id='line_1_13' title="bbox 618 1277 2181 1343; baseline 0 -9"><span class='ocrx_word' id='word_1_78' title='bbox 618 1278 764 1335; x_wconf 81' lang='lat' dir='ltr'><strong>enim</strong></span> <span class='ocrx_word' id='word_1_79' title='bbox 807 1284 893 1332; x_wconf 86' lang='lat' dir='ltr'><strong>est</strong></span> <span class='ocrx_word' id='word_1_80' title='bbox 940 1277 1074 1332; x_wconf 90' lang='lat' dir='ltr'><strong>adeo</strong></span> <span class='ocrx_word' id='word_1_81' title='bbox 1119 1278 1400 1343; x_wconf 89' lang='lat' dir='ltr'><strong>attonitus,</strong></span> <span class='ocrx_word' id='word_1_82' title='bbox 1453 1286 1513 1333; x_wconf 90' lang='lat' dir='ltr'><strong>ut</strong></span> <span class='ocrx_word' id='word_1_83' title='bbox 1545 1278 1840 1333; x_wconf 84' lang='lat' dir='ltr'><strong>divinitatis</strong></span> <span class='ocrx_word' id='word_1_84' title='bbox 1888 1280 2181 1334; x_wconf 82' lang='lat' dir='ltr'><strong>essentiam</strong></span> 
     </span>
    </p>
   </div>
   <div class='ocr_carea' id='block_1_14' title="bbox 623 1366 2179 1438">
    <p class='ocr_par' dir='ltr' id='par_1_14' title="bbox 623 1366 2179 1438">
     <span class='ocr_line' id='line_1_14' title="bbox 623 1366 2179 1438; baseline -0.001 -16"><span class='ocrx_word' id='word_1_85' title='bbox 623 1370 795 1438; x_wconf 91' lang='lat' dir='ltr'><strong>ipsum</strong></span> <span class='ocrx_word' id='word_1_86' title='bbox 843 1366 1159 1422; x_wconf 74' lang='lat' dir='ltr'><strong>Pontiﬁcem</strong></span> <span class='ocrx_word' id='word_1_87' title='bbox 1214 1367 1525 1421; x_wconf 73' lang='lat' dir='ltr'><strong>existimet?</strong></span> <span class='ocrx_word' id='word_1_88' title='bbox 1576 1366 1747 1422; x_wconf 83' lang='lat' dir='ltr'><strong>Homo</strong></span> <span class='ocrx_word' id='word_1_89' title='bbox 1795 1377 1914 1423; x_wconf 91' lang='lat' dir='ltr'><strong>erat</strong></span> <span class='ocrx_word' id='word_1_90' title='bbox 1962 1368 2179 1432; x_wconf 79' lang='lat' dir='ltr'><strong>Aaron,</strong></span> 
     </span>
    </p>
   </div>
   <div class='ocr_carea' id='block_1_15' title="bbox 621 1454 2182 1525">
    <p class='ocr_par' dir='ltr' id='par_1_15' title="bbox 621 1454 2182 1525">
     <span class='ocr_line' id='line_1_15' title="bbox 621 1454 2182 1525; baseline 0.002 -16"><span class='ocrx_word' id='word_1_91' title='bbox 621 1455 869 1525; x_wconf 83' lang='lat' dir='ltr'><strong>quamvis</strong></span> <span class='ocrx_word' id='word_1_92' title='bbox 910 1454 1135 1523; x_wconf 87' lang='lat' dir='ltr'><strong>adeptus</strong></span> <span class='ocrx_word' id='word_1_93' title='bbox 1168 1464 1226 1508; x_wconf 92' lang='lat' dir='ltr'><strong>ut</strong></span> <span class='ocrx_word' id='word_1_94' title='bbox 1270 1455 1324 1509; x_wconf 91' lang='lat' dir='ltr'><strong>in</strong></span> <span class='ocrx_word' id='word_1_95' title='bbox 1362 1454 1455 1508; x_wconf 91' lang='lat' dir='ltr'><strong>illo</strong></span> <span class='ocrx_word' id='word_1_96' title='bbox 1496 1456 1676 1510; x_wconf 91' lang='lat' dir='ltr'><strong>divino</strong></span> <span class='ocrx_word' id='word_1_97' title='bbox 1714 1458 2015 1511; x_wconf 88' lang='lat' dir='ltr'><strong>sacerdotio</strong></span> <span class='ocrx_word' id='word_1_98' title='bbox 2062 1458 2182 1513; x_wconf 90' lang='lat' dir='ltr'><strong>aliis</strong></span> 
     </span>
    </p>
   </div>
   <div class='ocr_carea' id='block_1_16' title="bbox 620 1542 2183 1614">
    <p class='ocr_par' dir='ltr' id='par_1_16' title="bbox 620 1542 2183 1614">
     <span class='ocr_line' id='line_1_16' title="bbox 620 1542 2183 1614; baseline 0.002 -14"><span class='ocrx_word' id='word_1_99' title='bbox 620 1543 934 1600; x_wconf 73' lang='lat' dir='ltr'><strong>excelleret.</strong></span> <span class='ocrx_word' id='word_1_100' title='bbox 1008 1542 1288 1611; x_wconf 87' lang='lat' dir='ltr'><strong>Quomodo</strong></span> <span class='ocrx_word' id='word_1_101' title='bbox 1339 1543 1503 1614; x_wconf 78' lang='lat' dir='ltr'><strong>igitur</strong></span> <span class='ocrx_word' id='word_1_102' title='bbox 1551 1545 1833 1613; x_wconf 87' lang='lat' dir='ltr'><strong>quisquam</strong></span> <span class='ocrx_word' id='word_1_103' title='bbox 1885 1546 2183 1603; x_wconf 85' lang='lat' dir='ltr'><strong>divinitatis</strong></span> 
     </span>
    </p>
   </div>
   <div class='ocr_carea' id='block_1_17' title="bbox 620 1632 2184 1706">
    <p class='ocr_par' dir='ltr' id='par_1_17' title="bbox 620 1632 2184 1706">
     <span class='ocr_line' id='line_1_17' title="bbox 620 1632 2184 1706; baseline 0.002 -15"><span class='ocrx_word' id='word_1_104' title='bbox 620 1635 913 1692; x_wconf 81' lang='lat' dir='ltr'><strong>essentiam</strong></span> <span class='ocrx_word' id='word_1_105' title='bbox 950 1634 1127 1704; x_wconf 88' lang='lat' dir='ltr'><strong>ipsum</strong></span> <span class='ocrx_word' id='word_1_106' title='bbox 1180 1632 1489 1705; x_wconf 82' lang='lat' dir='ltr'><strong>pontificem</strong></span> <span class='ocrx_word' id='word_1_107' title='bbox 1539 1636 1731 1704; x_wconf 81' lang='lat' dir='ltr'><strong>putet?</strong></span> <span class='ocrx_word' id='word_1_108' title='bbox 1784 1646 1878 1691; x_wconf 88' lang='lat' dir='ltr'><strong>aut</strong></span> <span class='ocrx_word' id='word_1_109' title='bbox 1916 1639 2184 1706; x_wconf 89' lang='lat' dir='ltr'><strong>quomodo</strong></span> 
     </span>
    </p>
   </div>
   <div class='ocr_carea' id='block_1_18' title="bbox 623 1723 2180 1795">
    <p class='ocr_par' dir='ltr' id='par_1_18' title="bbox 623 1723 2180 1795">
     <span class='ocr_line' id='line_1_18' title="bbox 623 1723 2180 1795; baseline 0.001 -15"><span class='ocrx_word' id='word_1_110' title='bbox 623 1740 728 1781; x_wconf 85' lang='lat' dir='ltr'><strong>non</strong></span> <span class='ocrx_word' id='word_1_111' title='bbox 778 1740 1001 1795; x_wconf 83' lang='lat' dir='ltr'><strong>prorsus</strong></span> <span class='ocrx_word' id='word_1_112' title='bbox 1043 1723 1364 1780; x_wconf 86' lang='lat' dir='ltr'><strong>confiteatur</strong></span> <span class='ocrx_word' id='word_1_113' title='bbox 1412 1723 1685 1779; x_wconf 85' lang='lat' dir='ltr'><strong>hominem</strong></span> <span class='ocrx_word' id='word_1_114' title='bbox 1732 1728 2180 1792; x_wconf 83' lang='lat' dir='ltr'><strong>commemorari,</strong></span> 
     </span>
    </p>
   </div>
   <div class='ocr_carea' id='block_1_19' title="bbox 2280 561 3867 645">
    <p class='ocr_par' dir='ltr' id='par_1_19' title="bbox 2280 561 3867 645">
     <span class='ocr_line' id='line_1_19' title="bbox 2280 561 3867 645; baseline 0.01 -30"><span class='ocrx_word' id='word_1_115' title='bbox 2280 562 2457 629; x_wconf 88' lang='grc' dir='ltr'>τοῦτο,</span> <span class='ocrx_word' id='word_1_116' title='bbox 2478 561 2630 636; x_wconf 70' lang='grc' dir='ltr'>οἶμαι</span> <span class='ocrx_word' id='word_1_117' title='bbox 2656 566 2768 619; x_wconf 75' lang='grc' dir='ltr'>ἔστι</span> <span class='ocrx_word' id='word_1_118' title='bbox 2785 567 2864 634; x_wconf 76' lang='grc' dir='ltr'>τὸ,</span> <span class='ocrx_word' id='word_1_119' title='bbox 2888 570 2970 631; x_wconf 83' lang='grc' dir='ltr'><strong>είς</strong></span> <span class='ocrx_word' id='word_1_120' title='bbox 2997 570 3135 640; x_wconf 87' lang='grc' dir='ltr'>ἀέρα</span> <span class='ocrx_word' id='word_1_121' title='bbox 3160 571 3357 643; x_wconf 81' lang='grc' dir='ltr'>δέρειν.</span> <span class='ocrx_word' id='word_1_122' title='bbox 3388 574 3532 645; x_wconf 86' lang='grc' dir='ltr'>Ἔφη</span> <span class='ocrx_word' id='word_1_123' title='bbox 3563 576 3670 645; x_wconf 87' lang='grc' dir='ltr'><strong>γάρ</strong></span> <span class='ocrx_word' id='word_1_124' title='bbox 3688 593 3702 607; x_wconf 90' lang='grc'><strong>·</strong></span> <span class='ocrx_word' id='word_1_125' title='bbox 3749 577 3867 641; x_wconf 83' lang='grc' dir='ltr'>Τίς</span> 
     </span>
    </p>
   </div>
   <div class='ocr_carea' id='block_1_20' title="bbox 2293 652 3867 738">
    <p class='ocr_par' dir='ltr' id='par_1_20' title="bbox 2293 652 3867 738">
     <span class='ocr_line' id='line_1_20' title="bbox 2293 652 3867 738; baseline 0.011 -33"><span class='ocrx_word' id='word_1_126' title='bbox 2293 652 2615 708; x_wconf 84' lang='grc' dir='ltr'>Ἀποστόλου</span> <span class='ocrx_word' id='word_1_127' title='bbox 2644 656 2987 727; x_wconf 78' lang='grc' dir='ltr'>λειτουργίαν</span> <span class='ocrx_word' id='word_1_128' title='bbox 3016 659 3226 729; x_wconf 85' lang='grc' dir='ltr'>μαθὼν,</span> <span class='ocrx_word' id='word_1_129' title='bbox 3255 663 3357 716; x_wconf 79' lang='grc' dir='ltr'>οὐκ</span> <span class='ocrx_word' id='word_1_130' title='bbox 3374 663 3538 726; x_wconf 78' lang='grc' dir='ltr'>εὐθὺς</span> <span class='ocrx_word' id='word_1_131' title='bbox 3564 666 3867 738; x_wconf 77' lang='grc' dir='ltr'>ἄνθρωπον</span> 
     </span>
    </p>
   </div>
   <div class='ocr_carea' id='block_1_21' title="bbox 2283 744 3859 823">
    <p class='ocr_par' dir='ltr' id='par_1_21' title="bbox 2283 744 3859 823">
     <span class='ocr_line' id='line_1_21' title="bbox 2283 744 3859 823; baseline 0.01 -28"><span class='ocrx_word' id='word_1_132' title='bbox 2283 744 2617 814; x_wconf 77' lang='grc' dir='ltr'><strong>μηνυόμενον</strong></span> <span class='ocrx_word' id='word_1_133' title='bbox 2639 745 2811 815; x_wconf 76' lang='grc' dir='ltr'>ἔγνως</span> <span class='ocrx_word' id='word_1_134' title='bbox 2840 748 2937 811; x_wconf 88' lang='grc' dir='ltr'>Τίς</span> <span class='ocrx_word' id='word_1_135' title='bbox 2955 750 3254 820; x_wconf 72' lang='grc' dir='ltr'><strong>ἀρχιερέως</strong></span> <span class='ocrx_word' id='word_1_136' title='bbox 3284 754 3582 823; x_wconf 78' lang='grc' dir='ltr'>ὀνομασίαν</span> <span class='ocrx_word' id='word_1_137' title='bbox 3614 756 3859 821; x_wconf 80' lang='grc' dir='ltr'>ἀκούων,</span> 
     </span>
    </p>
   </div>
   <div class='ocr_carea' id='block_1_22' title="bbox 2281 832 3865 912">
    <p class='ocr_par' dir='ltr' id='par_1_22' title="bbox 2281 832 3865 912">
     <span class='ocr_line' id='line_1_22' title="bbox 2281 832 3865 912; baseline 0.009 -28"><span class='ocrx_word' id='word_1_138' title='bbox 2281 832 2529 905; x_wconf 79' lang='grc' dir='ltr'><strong>θεότητος</strong></span> <span class='ocrx_word' id='word_1_139' title='bbox 2564 837 2752 890; x_wconf 84' lang='grc' dir='ltr'>οὐσίαν</span> <span class='ocrx_word' id='word_1_140' title='bbox 2786 838 2875 892; x_wconf 84' lang='grc' dir='ltr'>τὸν</span> <span class='ocrx_word' id='word_1_141' title='bbox 2901 841 3162 911; x_wconf 80' lang='grc' dir='ltr'><strong>ἀρχιερέα</strong></span> <span class='ocrx_word' id='word_1_142' title='bbox 3190 843 3495 912; x_wconf 86' lang='grc' dir='ltr'>νομίσειεν;</span> <span class='ocrx_word' id='word_1_143' title='bbox 3525 845 3653 899; x_wconf 83' lang='grc' dir='ltr'>Ὅτε</span> <span class='ocrx_word' id='word_1_144' title='bbox 3673 847 3865 901; x_wconf 85' lang='grc' dir='ltr'>τοίνυν</span> 
     </span>
    </p>
   </div>
   <div class='ocr_carea' id='block_1_23' title="bbox 2280 925 3864 1006">
    <p class='ocr_par' dir='ltr' id='par_1_23' title="bbox 2280 925 3864 1006">
     <span class='ocr_line' id='line_1_23' title="bbox 2280 925 3864 1006; baseline 0.01 -30"><span class='ocrx_word' id='word_1_145' title='bbox 2280 925 2454 988; x_wconf 73' lang='grc' dir='ltr'>οὐδεὶς</span> <span class='ocrx_word' id='word_1_146' title='bbox 2476 928 2505 978; x_wconf 97' lang='lat'><strong>6</strong></span> <span class='ocrx_word' id='word_1_147' title='bbox 2536 926 2693 981; x_wconf 86' lang='grc' dir='ltr'>τοῦτο</span> <span class='ocrx_word' id='word_1_148' title='bbox 2721 929 2894 998; x_wconf 86' lang='grc' dir='ltr'>λέγων</span> <span class='ocrx_word' id='word_1_149' title='bbox 2925 932 3062 995; x_wconf 75' lang='grc' dir='ltr'>ἐστὶ,</span> <span class='ocrx_word' id='word_1_150' title='bbox 3087 932 3249 996; x_wconf 86' lang='grc' dir='ltr'>τίσιν,</span> <span class='ocrx_word' id='word_1_151' title='bbox 3290 936 3411 988; x_wconf 76' lang='grc' dir='ltr'>εἰπέ</span> <span class='ocrx_word' id='word_1_152' title='bbox 3457 954 3570 1005; x_wconf 90' lang='grc' dir='ltr'>μοι,</span> <span class='ocrx_word' id='word_1_153' title='bbox 3617 938 3864 1006; x_wconf 82' lang='grc' dir='ltr'>φιλονει-</span> 
     </span>
    </p>
   </div>
   <div class='ocr_carea' id='block_1_24' title="bbox 2280 1017 3859 1097">
    <p class='ocr_par' dir='ltr' id='par_1_24' title="bbox 2280 1017 3859 1097">
     <span class='ocr_line' id='line_1_24' title="bbox 2280 1017 3859 1097; baseline 0.009 -31"><span class='ocrx_word' id='word_1_154' title='bbox 2280 1017 2415 1078; x_wconf 85' lang='grc' dir='ltr'>κεῖς,</span> <span class='ocrx_word' id='word_1_155' title='bbox 2453 1018 2547 1070; x_wconf 77' lang='grc' dir='ltr'>καὶ</span> <span class='ocrx_word' id='word_1_156' title='bbox 2586 1018 2648 1070; x_wconf 82' lang='grc' dir='ltr'>τὸ</span> <span class='ocrx_word' id='word_1_157' title='bbox 2688 1022 2805 1083; x_wconf 88' lang='grc' dir='ltr'>ταῖς</span> <span class='ocrx_word' id='word_1_158' title='bbox 2838 1022 3093 1077; x_wconf 85' lang='grc' dir='ltr'>ἁπάντων</span> <span class='ocrx_word' id='word_1_159' title='bbox 3131 1024 3334 1094; x_wconf 79' lang='grc' dir='ltr'>ψήφοις</span> <span class='ocrx_word' id='word_1_160' title='bbox 3380 1027 3859 1097; x_wconf 86' lang='grc' dir='ltr'>κατεγνωσμένον,</span> 
     </span>
    </p>
   </div>
   <div class='ocr_carea' id='block_1_25' title="bbox 2281 1104 3865 1184">
    <p class='ocr_par' dir='ltr' id='par_1_25' title="bbox 2281 1104 3865 1184">
     <span class='ocr_line' id='line_1_25' title="bbox 2281 1104 3865 1184; baseline 0.01 -29"><span class='ocrx_word' id='word_1_161' title='bbox 2281 1104 2357 1166; x_wconf 82' lang='grc' dir='ltr'><strong>ὡς</strong></span> <span class='ocrx_word' id='word_1_162' title='bbox 2409 1106 2567 1174; x_wconf 87' lang='grc' dir='ltr'>μόνος</span> <span class='ocrx_word' id='word_1_163' title='bbox 2617 1108 2778 1172; x_wconf 81' lang='grc' dir='ltr'>αὐτὸς</span> <span class='ocrx_word' id='word_1_164' title='bbox 2829 1111 3172 1183; x_wconf 75' lang='grc' dir='ltr'><strong>ἀνατρέπων,</strong></span> <span class='ocrx_word' id='word_1_165' title='bbox 3242 1115 3345 1167; x_wconf 83' lang='grc' dir='ltr'>οίει</span> <span class='ocrx_word' id='word_1_166' title='bbox 3388 1116 3529 1184; x_wconf 85' lang='grc' dir='ltr'>τάχα</span> <span class='ocrx_word' id='word_1_167' title='bbox 3573 1133 3695 1179; x_wconf 80' lang='grc' dir='ltr'>που,</span> <span class='ocrx_word' id='word_1_168' title='bbox 3759 1119 3865 1171; x_wconf 76' lang='grc' dir='ltr'>καὶ</span> 
     </span>
    </p>
   </div>
   <div class='ocr_carea' id='block_1_26' title="bbox 2281 1196 3865 1274">
    <p class='ocr_par' dir='ltr' id='par_1_26' title="bbox 2281 1196 3865 1274">
     <span class='ocr_line' id='line_1_26' title="bbox 2281 1196 3865 1274; baseline 0.009 -26"><span class='ocrx_word' id='word_1_169' title='bbox 2281 1196 2460 1266; x_wconf 85' lang='grc' dir='ltr'>γερῶν</span> <span class='ocrx_word' id='word_1_170' title='bbox 2485 1197 2641 1262; x_wconf 83' lang='grc' dir='ltr'>ἀξίαν</span> <span class='ocrx_word' id='word_1_171' title='bbox 2670 1201 2939 1256; x_wconf 84' lang='grc' dir='ltr'>ποιεῖσθαι</span> <span class='ocrx_word' id='word_1_172' title='bbox 2958 1202 3057 1274; x_wconf 81' lang='grc' dir='ltr'>τὴν</span> <span class='ocrx_word' id='word_1_173' title='bbox 3086 1203 3368 1272; x_wconf 76' lang='grc' dir='ltr'>ένστασιν;</span> <span class='ocrx_word' id='word_1_174' title='bbox 3397 1207 3592 1260; x_wconf 77' lang='grc' dir='ltr'>Καίτοι</span> <span class='ocrx_word' id='word_1_175' title='bbox 3613 1207 3727 1270; x_wconf 82' lang='grc' dir='ltr'>πῶς</span> <span class='ocrx_word' id='word_1_176' title='bbox 3753 1209 3865 1261; x_wconf 79' lang='grc' dir='ltr'>οὐκ</span> 
     </span>
    </p>
   </div>
   <div class='ocr_carea' id='block_1_27' title="bbox 2282 1288 3862 1368">
    <p class='ocr_par' dir='ltr' id='par_1_27' title="bbox 2282 1288 3862 1368">
     <span class='ocr_line' id='line_1_27' title="bbox 2282 1288 3862 1368; baseline 0.007 -28"><span class='ocrx_word' id='word_1_177' title='bbox 2282 1288 2497 1357; x_wconf 83' lang='grc' dir='ltr'>ἀληθὲς,</span> <span class='ocrx_word' id='word_1_178' title='bbox 2537 1290 2613 1352; x_wconf 85' lang='grc' dir='ltr'><strong>ὡς</strong></span> <span class='ocrx_word' id='word_1_179' title='bbox 2644 1290 2801 1344; x_wconf 87' lang='grc' dir='ltr'>τοῦτο</span> <span class='ocrx_word' id='word_1_180' title='bbox 2832 1292 3083 1361; x_wconf 87' lang='grc' dir='ltr'>λέγοντος</span> <span class='ocrx_word' id='word_1_181' title='bbox 3109 1296 3342 1360; x_wconf 79' lang='grc' dir='ltr'>οὐδενὸς,</span> <span class='ocrx_word' id='word_1_182' title='bbox 3399 1297 3480 1360; x_wconf 85' lang='grc' dir='ltr'><strong>είς</strong></span> <span class='ocrx_word' id='word_1_183' title='bbox 3508 1297 3670 1368; x_wconf 78' lang='grc' dir='ltr'>μέσον</span> <span class='ocrx_word' id='word_1_184' title='bbox 3696 1299 3862 1367; x_wconf 75' lang='grc' dir='ltr'>ἄγεις</span> 
     </span>
    </p>
   </div>
   <div class='ocr_carea' id='block_1_28' title="bbox 2282 1379 3862 1456">
    <p class='ocr_par' dir='ltr' id='par_1_28' title="bbox 2282 1379 3862 1456">
     <span class='ocr_line' id='line_1_28' title="bbox 2282 1379 3862 1456; baseline 0.009 -26"><span class='ocrx_word' id='word_1_185' title='bbox 2282 1379 2461 1442; x_wconf 78' lang='grc' dir='ltr'>αὐτὸς,</span> <span class='ocrx_word' id='word_1_186' title='bbox 2480 1379 2510 1432; x_wconf 80' lang='grc' dir='ltr'><strong>ὃ</strong></span> <span class='ocrx_word' id='word_1_187' title='bbox 2529 1383 2737 1452; x_wconf 80' lang='grc' dir='ltr'>σιωπᾷν</span> <span class='ocrx_word' id='word_1_188' title='bbox 2767 1383 3012 1452; x_wconf 73' lang='grc' dir='ltr'>ἄμεινον,</span> <span class='ocrx_word' id='word_1_189' title='bbox 3045 1388 3139 1439; x_wconf 70' lang='grc' dir='ltr'>καὶ</span> <span class='ocrx_word' id='word_1_190' title='bbox 3176 1386 3249 1456; x_wconf 82' lang='grc' dir='ltr'>μὴ</span> <span class='ocrx_word' id='word_1_191' title='bbox 3269 1390 3391 1451; x_wconf 83' lang='grc' dir='ltr'>ταῖς</span> <span class='ocrx_word' id='word_1_192' title='bbox 3418 1388 3530 1441; x_wconf 83' lang='grc' dir='ltr'><strong>τῶν</strong></span> <span class='ocrx_word' id='word_1_193' title='bbox 3555 1391 3862 1444; x_wconf 79' lang='grc' dir='ltr'>ἁπλουστέ-</span> 
     </span>
    </p>
   </div>
   <div class='ocr_carea' id='block_1_29' title="bbox 2287 1469 3863 1549">
    <p class='ocr_par' dir='ltr' id='par_1_29' title="bbox 2287 1469 3863 1549">
     <span class='ocr_line' id='line_1_29' title="bbox 2287 1469 3863 1549; baseline 0.008 -28"><span class='ocrx_word' id='word_1_194' title='bbox 2287 1485 2393 1538; x_wconf 86' lang='grc' dir='ltr'><strong>ρων</strong></span> <span class='ocrx_word' id='word_1_195' title='bbox 2412 1469 2646 1523; x_wconf 77' lang='grc' dir='ltr'><strong>ἐνίεσθαι</strong></span> <span class='ocrx_word' id='word_1_196' title='bbox 2663 1471 2861 1543; x_wconf 80' lang='grc' dir='ltr'>ψυχαῖς</span> <span class='ocrx_word' id='word_1_197' title='bbox 2886 1488 2901 1539; x_wconf 87' lang='grc'>;</span> <span class='ocrx_word' id='word_1_198' title='bbox 2930 1475 3027 1537; x_wconf 88' lang='grc' dir='ltr'>Τίς</span> <span class='ocrx_word' id='word_1_199' title='bbox 3042 1475 3151 1545; x_wconf 87' lang='grc' dir='ltr'>γὰρ</span> <span class='ocrx_word' id='word_1_200' title='bbox 3170 1475 3341 1541; x_wconf 75' lang='grc' dir='ltr'>οὕτως</span> <span class='ocrx_word' id='word_1_201' title='bbox 3363 1478 3745 1549; x_wconf 74' lang='grc' dir='ltr'>έμϐρόντητος,</span> <span class='ocrx_word' id='word_1_202' title='bbox 3778 1480 3863 1544; x_wconf 82' lang='grc' dir='ltr'><strong>ὡς</strong></span> 
     </span>
    </p>
   </div>
   <div class='ocr_carea' id='block_1_30' title="bbox 2284 1559 3866 1637">
    <p class='ocr_par' dir='ltr' id='par_1_30' title="bbox 2284 1559 3866 1637">
     <span class='ocr_line' id='line_1_30' title="bbox 2284 1559 3866 1637; baseline 0.008 -26"><span class='ocrx_word' id='word_1_203' title='bbox 2284 1559 2534 1631; x_wconf 77' lang='grc' dir='ltr'><strong>θεότητος</strong></span> <span class='ocrx_word' id='word_1_204' title='bbox 2565 1561 2752 1615; x_wconf 80' lang='grc' dir='ltr'>οὐσίαν</span> <span class='ocrx_word' id='word_1_205' title='bbox 2772 1562 2860 1617; x_wconf 68' lang='grc' dir='ltr'><strong>τὸν</strong></span> <span class='ocrx_word' id='word_1_206' title='bbox 2902 1564 3187 1634; x_wconf 84' lang='grc' dir='ltr'>Ἀρχιερέα</span> <span class='ocrx_word' id='word_1_207' title='bbox 3207 1566 3453 1636; x_wconf 77' lang='grc' dir='ltr'>νομίζειν</span> <span class='ocrx_word' id='word_1_208' title='bbox 3479 1584 3495 1633; x_wconf 91' lang='grc'>;</span> <span class='ocrx_word' id='word_1_209' title='bbox 3534 1567 3866 1637; x_wconf 72' lang='grc' dir='ltr'>Ἄνθρωπος</span> 
     </span>
    </p>
   </div>
   <div class='ocr_carea' id='block_1_31' title="bbox 2282 1644 3867 1725">
    <p class='ocr_par' dir='ltr' id='par_1_31' title="bbox 2282 1644 3867 1725">
     <span class='ocr_line' id='line_1_31' title="bbox 2282 1644 3867 1725; baseline 0.005 -25"><span class='ocrx_word' id='word_1_210' title='bbox 2282 1644 2350 1719; x_wconf 77' lang='grc' dir='ltr'>ἦν</span> <span class='ocrx_word' id='word_1_211' title='bbox 2388 1649 2617 1719; x_wconf 72' lang='grc' dir='ltr'>Ἀαρὼν,</span> <span class='ocrx_word' id='word_1_212' title='bbox 2652 1648 2829 1704; x_wconf 81' lang='grc' dir='ltr'>καίτοι</span> <span class='ocrx_word' id='word_1_213' title='bbox 2869 1651 2932 1703; x_wconf 82' lang='grc' dir='ltr'>τὸ</span> <span class='ocrx_word' id='word_1_214' title='bbox 2975 1650 3235 1723; x_wconf 76' lang='grc' dir='ltr'>προῦχειν</span> <span class='ocrx_word' id='word_1_215' title='bbox 3262 1654 3369 1707; x_wconf 83' lang='grc' dir='ltr'><strong>τῶν</strong></span> <span class='ocrx_word' id='word_1_216' title='bbox 3400 1652 3574 1707; x_wconf 79' lang='grc' dir='ltr'>ἄλλων</span> <span class='ocrx_word' id='word_1_217' title='bbox 3607 1654 3665 1707; x_wconf 73' lang='grc' dir='ltr'><strong>έν</strong></span> <span class='ocrx_word' id='word_1_218' title='bbox 3697 1655 3867 1725; x_wconf 73' lang='grc' dir='ltr'>ἱερω-</span> 
     </span>
    </p>
   </div>
   <div class='ocr_carea' id='block_1_32' title="bbox 2286 1739 3865 1813">
    <p class='ocr_par' dir='ltr' id='par_1_32' title="bbox 2286 1739 3865 1813">
     <span class='ocr_line' id='line_1_32' title="bbox 2286 1739 3865 1813; baseline 0.006 -23"><span class='ocrx_word' id='word_1_219' title='bbox 2286 1739 2419 1810; x_wconf 81' lang='grc' dir='ltr'>σύνῃ</span> <span class='ocrx_word' id='word_1_220' title='bbox 2448 1742 2515 1810; x_wconf 80' lang='grc' dir='ltr'><strong>τῇ</strong></span> <span class='ocrx_word' id='word_1_221' title='bbox 2550 1739 2671 1811; x_wconf 72' lang='grc' dir='ltr'>θείᾳ.</span> <span class='ocrx_word' id='word_1_222' title='bbox 2711 1740 2913 1811; x_wconf 84' lang='grc' dir='ltr'>λαχών.</span> <span class='ocrx_word' id='word_1_223' title='bbox 2946 1741 3071 1806; x_wconf 84' lang='grc' dir='ltr'>Πῶς</span> <span class='ocrx_word' id='word_1_224' title='bbox 3103 1739 3197 1797; x_wconf 79' lang='grc' dir='ltr'>οὖν</span> <span class='ocrx_word' id='word_1_225' title='bbox 3227 1744 3293 1797; x_wconf 85' lang='grc' dir='ltr'><strong>ἀν</strong></span> <span class='ocrx_word' id='word_1_226' title='bbox 3328 1762 3415 1809; x_wconf 88' lang='grc' dir='ltr'><strong>τις</strong></span> <span class='ocrx_word' id='word_1_227' title='bbox 3453 1745 3639 1799; x_wconf 81' lang='grc' dir='ltr'>οὐσίαν</span> <span class='ocrx_word' id='word_1_228' title='bbox 3670 1745 3865 1813; x_wconf 77' lang='grc' dir='ltr'>θεότη-</span> 
     </span>
    </p>
   </div>
   <div class='ocr_carea' id='block_1_33' title="bbox 620 1812 2187 1908">
    <p class='ocr_par' dir='ltr' id='par_1_33' title="bbox 620 1812 2185 1887">
     <span class='ocr_line' id='line_1_33' title="bbox 620 1812 2185 1887; baseline 0 -14"><span class='ocrx_word' id='word_1_229' title='bbox 620 1831 747 1873; x_wconf 84' lang='lat' dir='ltr'><strong>cttm</strong></span> <span class='ocrx_word' id='word_1_230' title='bbox 793 1812 962 1873; x_wconf 85' lang='lat' dir='ltr'><strong>frater</strong></span> <span class='ocrx_word' id='word_1_231' title='bbox 1001 1816 1095 1872; x_wconf 88' lang='lat' dir='ltr'><strong>ille</strong></span> <span class='ocrx_word' id='word_1_232' title='bbox 1136 1815 1269 1872; x_wconf 77' lang='lat' dir='ltr'><strong>Mosi</strong></span> <span class='ocrx_word' id='word_1_233' title='bbox 1318 1825 1374 1870; x_wconf 90' lang='lat' dir='ltr'><strong>ut</strong></span> <span class='ocrx_word' id='word_1_234' title='bbox 1420 1816 1661 1885; x_wconf 79' lang='lat' dir='ltr'><strong>pontifex</strong></span> <span class='ocrx_word' id='word_1_235' title='bbox 1698 1816 2040 1887; x_wconf 83' lang='lat' dir='ltr'><strong>appellatur?</strong></span> <span class='ocrx_word' id='word_1_236' title='bbox 2081 1817 2185 1873; x_wconf 89' lang='lat' dir='ltr'><strong>Sed</strong></span> 
     </span>
    </p>
   </div>
   <div class='ocr_carea' id='block_1_34' title="bbox 2293 1812 3863 1908">
    <p class='ocr_par' dir='ltr' id='par_1_34' title="bbox 2293 1812 3863 1908">
     <span class='ocr_line' id='line_1_34' title="bbox 2293 1812 3863 1908; baseline 0.006 -25"><span class='ocrx_word' id='word_1_237' title='bbox 2293 1847 2379 1893; x_wconf 87' lang='grc' dir='ltr'><strong>τος</strong></span> <span class='ocrx_word' id='word_1_238' title='bbox 2410 1830 2501 1884; x_wconf 72' lang='grc' dir='ltr'>τὸν</span> <span class='ocrx_word' id='word_1_239' title='bbox 2541 1831 2801 1903; x_wconf 82' lang='grc' dir='ltr'><strong>ἀρχιερέα</strong></span> <span class='ocrx_word' id='word_1_240' title='bbox 2826 1831 3138 1901; x_wconf 78' lang='grc' dir='ltr'>νομίσειενς</span> <span class='ocrx_word' id='word_1_241' title='bbox 3183 1835 3217 1905; x_wconf 76' lang='grc' dir='ltr'>ἢ</span> <span class='ocrx_word' id='word_1_242' title='bbox 3259 1835 3375 1899; x_wconf 80' lang='grc' dir='ltr'>πῶς</span> <span class='ocrx_word' id='word_1_243' title='bbox 3414 1836 3480 1891; x_wconf 80' lang='grc' dir='ltr'>ἂν</span> <span class='ocrx_word' id='word_1_244' title='bbox 3518 1832 3640 1908; x_wconf 80' lang='grc' dir='ltr'><strong>οὑχὶ</strong></span> <span class='ocrx_word' id='word_1_245' title='bbox 3682 1812 3863 1906; x_wconf 77' lang='grc' dir='ltr'>πάντη</span> 
     </span>
    </p>
   </div>
   <div class='ocr_carea' id='block_1_35' title="bbox 621 1906 2184 1979">
    <p class='ocr_par' dir='ltr' id='par_1_35' title="bbox 621 1906 2184 1979">
     <span class='ocr_line' id='line_1_35' title="bbox 621 1906 2184 1979; baseline -0.003 -12"><span class='ocrx_word' id='word_1_246' title='bbox 621 1910 765 1967; x_wconf 76' lang='lat' dir='ltr'><strong>enim</strong></span> <span class='ocrx_word' id='word_1_247' title='bbox 806 1922 930 1965; x_wconf 89' lang='lat' dir='ltr'><strong>cum</strong></span> <span class='ocrx_word' id='word_1_248' title='bbox 975 1921 1319 1962; x_wconf 89' lang='lat' dir='ltr'><strong>communem</strong></span> <span class='ocrx_word' id='word_1_249' title='bbox 1355 1920 1660 1963; x_wconf 81' lang='lat' dir='ltr'><strong>sermonem</strong></span> <span class='ocrx_word' id='word_1_250' title='bbox 1718 1906 1978 1977; x_wconf 89' lang='lat' dir='ltr'><strong>proferat,</strong></span> <span class='ocrx_word' id='word_1_251' title='bbox 2013 1918 2067 1963; x_wconf 92' lang='lat' dir='ltr'><strong>et</strong></span> <span class='ocrx_word' id='word_1_252' title='bbox 2094 1910 2184 1979; x_wconf 88' lang='lat' dir='ltr'><strong>qui</strong></span> 
     </span>
    </p>
   </div>
   <div class='ocr_carea' id='block_1_36' title="bbox 621 1997 2187 2069">
    <p class='ocr_par' dir='ltr' id='par_1_36' title="bbox 621 1997 2187 2069">
     <span class='ocr_line' id='line_1_36' title="bbox 621 1997 2187 2069; baseline 0.001 -16"><span class='ocrx_word' id='word_1_253' title='bbox 621 2000 817 2069; x_wconf 85' lang='lat' dir='ltr'><strong>cuique</strong></span> <span class='ocrx_word' id='word_1_254' title='bbox 847 1999 914 2053; x_wconf 91' lang='lat' dir='ltr'><strong>de</strong></span> <span class='ocrx_word' id='word_1_255' title='bbox 963 2005 1150 2052; x_wconf 91' lang='lat' dir='ltr'><strong>nostro</strong></span> <span class='ocrx_word' id='word_1_256' title='bbox 1196 2010 1422 2051; x_wconf 91' lang='lat' dir='ltr'><strong>numero</strong></span> <span class='ocrx_word' id='word_1_257' title='bbox 1459 1997 1725 2051; x_wconf 88' lang='lat' dir='ltr'><strong>sacerdoti</strong></span> <span class='ocrx_word' id='word_1_258' title='bbox 1755 1998 1982 2065; x_wconf 85' lang='lat' dir='ltr'><strong>quadret</strong></span> <span class='ocrx_word' id='word_1_259' title='bbox 2028 2007 2187 2066; x_wconf 81' lang='lat' dir='ltr'><strong>atque</strong></span> 
     </span>
    </p>
   </div>
   <div class='ocr_carea' id='block_1_37' title="bbox 622 2085 2187 2159">
    <p class='ocr_par' dir='ltr' id='par_1_37' title="bbox 622 2085 2187 2159">
     <span class='ocr_line' id='line_1_37' title="bbox 622 2085 2187 2159; baseline -0.001 -16"><span class='ocrx_word' id='word_1_260' title='bbox 622 2088 929 2150; x_wconf 85' lang='lat' dir='ltr'><strong>conveniat,</strong></span> <span class='ocrx_word' id='word_1_261' title='bbox 962 2085 1381 2156; x_wconf 89' lang='lat' dir='ltr'><strong>dispensationis</strong></span> <span class='ocrx_word' id='word_1_262' title='bbox 1428 2102 1546 2154; x_wconf 76' lang='lat' dir='ltr'><strong>qua:</strong></span> <span class='ocrx_word' id='word_1_263' title='bbox 1575 2089 1625 2139; x_wconf 88' lang='lat' dir='ltr'><strong>in</strong></span> <span class='ocrx_word' id='word_1_264' title='bbox 1673 2086 1894 2142; x_wconf 81' lang='lat' dir='ltr'><strong>Christo</strong></span> <span class='ocrx_word' id='word_1_265' title='bbox 1933 2088 2187 2159; x_wconf 82' lang='lat' dir='ltr'><strong>intelligi-</strong></span> 
     </span>
    </p>
   </div>
   <div class='ocr_carea' id='block_1_38' title="bbox 622 2175 2189 2245">
    <p class='ocr_par' dir='ltr' id='par_1_38' title="bbox 622 2175 2189 2245">
     <span class='ocr_line' id='line_1_38' title="bbox 622 2175 2189 2245; baseline -0.001 -12"><span class='ocrx_word' id='word_1_266' title='bbox 622 2190 732 2245; x_wconf 74' lang='lat' dir='ltr'><strong>tur,</strong></span> <span class='ocrx_word' id='word_1_267' title='bbox 772 2176 1145 2232; x_wconf 86' lang='lat' dir='ltr'><strong>admirabilem</strong></span> <span class='ocrx_word' id='word_1_268' title='bbox 1193 2175 1418 2245; x_wconf 84' lang='lat' dir='ltr'><strong>gloriam</strong></span> <span class='ocrx_word' id='word_1_269' title='bbox 1452 2175 1780 2230; x_wconf 80' lang='lat' dir='ltr'><strong>labefactare</strong></span> <span class='ocrx_word' id='word_1_270' title='bbox 1824 2186 2078 2241; x_wconf 90' lang='lat' dir='ltr'><strong>conatur,</strong></span> <span class='ocrx_word' id='word_1_271' title='bbox 2134 2185 2189 2232; x_wconf 92' lang='lat' dir='ltr'><strong>et</strong></span> 
     </span>
    </p>
   </div>
   <div class='ocr_carea' id='block_1_39' title="bbox 621 2267 2187 2338">
    <p class='ocr_par' dir='ltr' id='par_1_39' title="bbox 621 2267 2187 2338">
     <span class='ocr_line' id='line_1_39' title="bbox 621 2267 2187 2338; baseline -0.001 -14"><span class='ocrx_word' id='word_1_272' title='bbox 621 2271 865 2325; x_wconf 83' lang='lat' dir='ltr'><strong>divinum</strong></span> <span class='ocrx_word' id='word_1_273' title='bbox 905 2268 1036 2323; x_wconf 88' lang='lat' dir='ltr'><strong>illud</strong></span> <span class='ocrx_word' id='word_1_274' title='bbox 1067 2267 1385 2338; x_wconf 81' lang='lat' dir='ltr'><strong>mysterium</strong></span> <span class='ocrx_word' id='word_1_275' title='bbox 1434 2276 1675 2322; x_wconf 91' lang='lat' dir='ltr'><strong>nostrum</strong></span> <span class='ocrx_word' id='word_1_276' title='bbox 1715 2281 1779 2322; x_wconf 80' lang='lat' dir='ltr'><strong>ex</strong></span> <span class='ocrx_word' id='word_1_277' title='bbox 1818 2267 1943 2323; x_wconf 90' lang='lat' dir='ltr'><strong>imis</strong></span> <span class='ocrx_word' id='word_1_278' title='bbox 1967 2267 2187 2323; x_wconf 85' lang='lat' dir='ltr'><strong>sedibus</strong></span> 
     </span>
    </p>
   </div>
   <div class='ocr_carea' id='block_1_40' title="bbox 624 2357 2186 2426">
    <p class='ocr_par' dir='ltr' id='par_1_40' title="bbox 624 2357 2186 2426">
     <span class='ocr_line' id='line_1_40' title="bbox 624 2357 2186 2426; baseline -0.004 -10"><span class='ocrx_word' id='word_1_279' title='bbox 624 2361 791 2416; x_wconf 84' lang='lat' dir='ltr'><strong>audet</strong></span> <span class='ocrx_word' id='word_1_280' title='bbox 817 2369 1084 2424; x_wconf 81' lang='lat' dir='ltr'><strong>evertere,</strong></span> <span class='ocrx_word' id='word_1_281' title='bbox 1120 2358 1342 2412; x_wconf 87' lang='lat' dir='ltr'><strong>minime</strong></span> <span class='ocrx_word' id='word_1_282' title='bbox 1369 2357 1613 2426; x_wconf 89' lang='lat' dir='ltr'><strong>cogitans</strong></span> <span class='ocrx_word' id='word_1_283' title='bbox 1639 2357 1933 2414; x_wconf 86' lang='lat' dir='ltr'><strong>Ecclesiam</strong></span> <span class='ocrx_word' id='word_1_284' title='bbox 1961 2374 1990 2412; x_wconf 87' lang='lat' dir='ltr'><strong>a</strong></span> <span class='ocrx_word' id='word_1_285' title='bbox 2023 2358 2186 2413; x_wconf 79' lang='lat' dir='ltr'><strong>Chri-</strong></span> 
     </span>
    </p>
   </div>
   <div class='ocr_carea' id='block_1_41' title="bbox 623 2446 2188 2521">
    <p class='ocr_par' dir='ltr' id='par_1_41' title="bbox 623 2446 2188 2521">
     <span class='ocr_line' id='line_1_41' title="bbox 623 2446 2188 2521; baseline -0.005 -13"><span class='ocrx_word' id='word_1_286' title='bbox 623 2465 709 2508; x_wconf 85' lang='lat' dir='ltr'><strong>sto</strong></span> <span class='ocrx_word' id='word_1_287' title='bbox 748 2464 911 2521; x_wconf 85' lang='lat' dir='ltr'><strong>supra</strong></span> <span class='ocrx_word' id='word_1_288' title='bbox 940 2458 1150 2520; x_wconf 88' lang='lat' dir='ltr'><strong>petram</strong></span> <span class='ocrx_word' id='word_1_289' title='bbox 1192 2461 1312 2504; x_wconf 86' lang='lat' dir='ltr'><strong>esse</strong></span> <span class='ocrx_word' id='word_1_290' title='bbox 1342 2448 1641 2512; x_wconf 78' lang='lat' dir='ltr'><strong>fundatam,</strong></span> <span class='ocrx_word' id='word_1_291' title='bbox 1682 2455 1735 2502; x_wconf 87' lang='lat' dir='ltr'><strong>et</strong></span> <span class='ocrx_word' id='word_1_292' title='bbox 1769 2462 2044 2516; x_wconf 90' lang='lat' dir='ltr'><strong>nunquam</strong></span> <span class='ocrx_word' id='word_1_293' title='bbox 2074 2446 2188 2500; x_wconf 83' lang='lat' dir='ltr'><strong>fure</strong></span> 
     </span>
    </p>
   </div>
   <div class='ocr_carea' id='block_1_42' title="bbox 626 2536 2189 2608">
    <p class='ocr_par' dir='ltr' id='par_1_42' title="bbox 626 2536 2189 2608">
     <span class='ocr_line' id='line_1_42' title="bbox 626 2536 2189 2608; baseline -0.005 -9"><span class='ocrx_word' id='word_1_294' title='bbox 626 2554 683 2599; x_wconf 84' lang='lat' dir='ltr'><strong>ot</strong></span> <span class='ocrx_word' id='word_1_295' title='bbox 714 2542 979 2597; x_wconf 78' lang='lat' dir='ltr'><strong>adversus</strong></span> <span class='ocrx_word' id='word_1_296' title='bbox 1021 2553 1139 2593; x_wconf 89' lang='lat' dir='ltr'><strong>eam</strong></span> <span class='ocrx_word' id='word_1_297' title='bbox 1184 2545 1350 2606; x_wconf 69' lang='lat' dir='ltr'><strong>portae</strong></span> <span class='ocrx_word' id='word_1_298' title='bbox 1383 2537 1539 2592; x_wconf 85' lang='lat' dir='ltr'><strong>inferi</strong></span> <span class='ocrx_word' id='word_1_299' title='bbox 1591 2537 1999 2608; x_wconf 67' lang='lat' dir='ltr'><strong>praevaleant“.</strong></span> <span class='ocrx_word' id='word_1_300' title='bbox 2035 2536 2189 2591; x_wconf 53' lang='lat' dir='ltr'><strong>Dedi-</strong></span> 
     </span>
    </p>
   </div>
   <div class='ocr_carea' id='block_1_43' title="bbox 626 2629 2188 2704">
    <p class='ocr_par' dir='ltr' id='par_1_43' title="bbox 626 2629 2188 2704">
     <span class='ocr_line' id='line_1_43' title="bbox 626 2629 2188 2704; baseline -0.004 -18"><span class='ocrx_word' id='word_1_301' title='bbox 626 2639 821 2704; x_wconf 83' lang='lat' dir='ltr'><strong>gnatur</strong></span> <span class='ocrx_word' id='word_1_302' title='bbox 848 2630 993 2685; x_wconf 91' lang='lat' dir='ltr'><strong>enim</strong></span> <span class='ocrx_word' id='word_1_303' title='bbox 1035 2642 1373 2684; x_wconf 88' lang='lat' dir='ltr'><strong>communem</strong></span> <span class='ocrx_word' id='word_1_304' title='bbox 1410 2637 1465 2683; x_wconf 91' lang='lat' dir='ltr'><strong>et</strong></span> <span class='ocrx_word' id='word_1_305' title='bbox 1500 2629 1740 2682; x_wconf 91' lang='lat' dir='ltr'><strong>omnium</strong></span> <span class='ocrx_word' id='word_1_306' title='bbox 1772 2637 1916 2683; x_wconf 85' lang='lat' dir='ltr'><strong>recte</strong></span> <span class='ocrx_word' id='word_1_307' title='bbox 1949 2629 2188 2682; x_wconf 87' lang='lat' dir='ltr'><strong>sentien-</strong></span> 
     </span>
    </p>
   </div>
   <div class='ocr_carea' id='block_1_44' title="bbox 629 2720 2186 2791">
    <p class='ocr_par' dir='ltr' id='par_1_44' title="bbox 629 2720 2186 2791">
     <span class='ocr_line' id='line_1_44' title="bbox 629 2720 2186 2791; baseline -0.002 -13"><span class='ocrx_word' id='word_1_308' title='bbox 629 2725 761 2778; x_wconf 92' lang='lat' dir='ltr'><strong>tium</strong></span> <span class='ocrx_word' id='word_1_309' title='bbox 788 2722 1097 2791; x_wconf 80' lang='lat' dir='ltr'><strong>Opinionem</strong></span> <span class='ocrx_word' id='word_1_310' title='bbox 1125 2720 1278 2791; x_wconf 86' lang='lat' dir='ltr'><strong>sequi</strong></span> <span class='ocrx_word' id='word_1_311' title='bbox 1311 2735 1325 2772; x_wconf 76' lang='grc' dir='ltr'><strong>ι</strong></span> <span class='ocrx_word' id='word_1_312' title='bbox 1358 2734 1549 2773; x_wconf 90' lang='lat' dir='ltr'><strong>novam</strong></span> <span class='ocrx_word' id='word_1_313' title='bbox 1581 2736 1691 2775; x_wconf 72' lang='lat' dir='ltr'><strong>sum</strong></span> <span class='ocrx_word' id='word_1_314' title='bbox 1728 2722 2012 2776; x_wconf 72' lang='lat' dir='ltr'><strong>sententias</strong></span> <span class='ocrx_word' id='word_1_315' title='bbox 2044 2723 2186 2775; x_wconf 88' lang='lat' dir='ltr'><strong>viam</strong></span> 
     </span>
    </p>
   </div>
   <div class='ocr_carea' id='block_1_45' title="bbox 626 2808 2185 2881">
    <p class='ocr_par' dir='ltr' id='par_1_45' title="bbox 626 2808 2185 2881">
     <span class='ocr_line' id='line_1_45' title="bbox 626 2808 2185 2881; baseline -0.001 -14"><span class='ocrx_word' id='word_1_316' title='bbox 626 2814 1022 2869; x_wconf 88' lang='lat' dir='ltr'><strong>inconsiderate</strong></span> <span class='ocrx_word' id='word_1_317' title='bbox 1055 2810 1200 2866; x_wconf 90' lang='lat' dir='ltr'><strong>solus</strong></span> <span class='ocrx_word' id='word_1_318' title='bbox 1246 2809 1567 2879; x_wconf 76' lang='lat' dir='ltr'><strong>ingreditur.</strong></span> <span class='ocrx_word' id='word_1_319' title='bbox 1611 2808 1719 2864; x_wconf 83' lang='lat' dir='ltr'><strong>Nos</strong></span> <span class='ocrx_word' id='word_1_320' title='bbox 1766 2811 1935 2875; x_wconf 90' lang='lat' dir='ltr'><strong>enim,</strong></span> <span class='ocrx_word' id='word_1_321' title='bbox 1986 2821 2044 2865; x_wconf 91' lang='lat' dir='ltr'><strong>ut</strong></span> <span class='ocrx_word' id='word_1_322' title='bbox 2075 2811 2185 2881; x_wconf 86' lang='lat' dir='ltr'><strong>jam</strong></span> 
     </span>
    </p>
   </div>
   <div class='ocr_carea' id='block_1_46' title="bbox 624 2899 2189 2973">
    <p class='ocr_par' dir='ltr' id='par_1_46' title="bbox 624 2899 2189 2973">
     <span class='ocr_line' id='line_1_46' title="bbox 624 2899 2189 2973; baseline -0.001 -16"><span class='ocrx_word' id='word_1_323' title='bbox 624 2901 877 2973; x_wconf 68' lang='lat' dir='ltr'><strong>praefatus</strong></span> <span class='ocrx_word' id='word_1_324' title='bbox 924 2917 1069 2969; x_wconf 84' lang='lat' dir='ltr'><strong>sum,</strong></span> <span class='ocrx_word' id='word_1_325' title='bbox 1103 2901 1231 2956; x_wconf 90' lang='lat' dir='ltr'><strong>illud</strong></span> <span class='ocrx_word' id='word_1_326' title='bbox 1279 2916 1344 2956; x_wconf 81' lang='lat' dir='ltr'><strong>ex</strong></span> <span class='ocrx_word' id='word_1_327' title='bbox 1380 2900 1489 2956; x_wconf 87' lang='lat' dir='ltr'><strong>Deo</strong></span> <span class='ocrx_word' id='word_1_328' title='bbox 1530 2900 1689 2955; x_wconf 88' lang='lat' dir='ltr'><strong>Patre</strong></span> <span class='ocrx_word' id='word_1_329' title='bbox 1728 2899 1981 2970; x_wconf 78' lang='lat' dir='ltr'><strong>Verbum,</strong></span> <span class='ocrx_word' id='word_1_330' title='bbox 2015 2901 2189 2956; x_wconf 89' lang='lat' dir='ltr'><strong>homi-</strong></span> 
     </span>
    </p>
   </div>
   <div class='ocr_carea' id='block_1_47' title="bbox 626 2992 2190 3059">
    <p class='ocr_par' dir='ltr' id='par_1_47' title="bbox 626 2992 2190 3059">
     <span class='ocr_line' id='line_1_47' title="bbox 626 2992 2190 3059; baseline 0.001 -12"><span class='ocrx_word' id='word_1_331' title='bbox 626 3008 746 3048; x_wconf 86' lang='lat' dir='ltr'><strong>nem</strong></span> <span class='ocrx_word' id='word_1_332' title='bbox 781 2992 1003 3059; x_wconf 83' lang='lat' dir='ltr'><strong>factum,</strong></span> <span class='ocrx_word' id='word_1_333' title='bbox 1039 3002 1094 3049; x_wconf 87' lang='lat' dir='ltr'><strong>et</strong></span> <span class='ocrx_word' id='word_1_334' title='bbox 1129 2992 1233 3049; x_wconf 87' lang='lat' dir='ltr'><strong>sibi</strong></span> <span class='ocrx_word' id='word_1_335' title='bbox 1283 3001 1341 3048; x_wconf 90' lang='lat' dir='ltr'><strong>et</strong></span> <span class='ocrx_word' id='word_1_336' title='bbox 1387 2992 1532 3046; x_wconf 87' lang='lat' dir='ltr'><strong>Patri</strong></span> <span class='ocrx_word' id='word_1_337' title='bbox 1581 2993 1919 3047; x_wconf 84' lang='lat' dir='ltr'><strong>sacrificasse</strong></span> <span class='ocrx_word' id='word_1_338' title='bbox 1960 2993 2190 3049; x_wconf 88' lang='lat' dir='ltr'><strong>dicimus</strong></span> 
     </span>
    </p>
   </div>
   <div class='ocr_carea' id='block_1_48' title="bbox 626 3083 2188 3153">
    <p class='ocr_par' dir='ltr' id='par_1_48' title="bbox 626 3083 2188 3153">
     <span class='ocr_line' id='line_1_48' title="bbox 626 3083 2188 3153; baseline -0.001 -14"><span class='ocrx_word' id='word_1_339' title='bbox 626 3086 749 3141; x_wconf 68' lang='lat' dir='ltr'><strong>ﬁdei</strong></span> <span class='ocrx_word' id='word_1_340' title='bbox 783 3096 983 3142; x_wconf 70' lang='lat' dir='ltr'><strong>nostra:</strong></span> <span class='ocrx_word' id='word_1_341' title='bbox 1029 3083 1451 3150; x_wconf 86' lang='lat' dir='ltr'><strong>confessionem,</strong></span> <span class='ocrx_word' id='word_1_342' title='bbox 1494 3092 1550 3138; x_wconf 90' lang='lat' dir='ltr'><strong>et</strong></span> <span class='ocrx_word' id='word_1_343' title='bbox 1596 3092 1978 3153; x_wconf 80' lang='lat' dir='ltr'><strong>congruentem</strong></span> <span class='ocrx_word' id='word_1_344' title='bbox 2015 3084 2188 3138; x_wconf 89' lang='lat' dir='ltr'><strong>nulla-</strong></span> 
     </span>
    </p>
   </div>
   <div class='ocr_carea' id='block_1_49' title="bbox 2291 1921 3865 1996">
    <p class='ocr_par' dir='ltr' id='par_1_49' title="bbox 2291 1921 3865 1996">
     <span class='ocr_line' id='line_1_49' title="bbox 2291 1921 3865 1996; baseline 0.005 -23"><span class='ocrx_word' id='word_1_345' title='bbox 2291 1936 2350 1973; x_wconf 76' lang='grc' dir='ltr'><strong>τε</strong></span> <span class='ocrx_word' id='word_1_346' title='bbox 2404 1921 2498 1974; x_wconf 71' lang='grc' dir='ltr'>καὶ</span> <span class='ocrx_word' id='word_1_347' title='bbox 2547 1921 2766 1984; x_wconf 85' lang='grc' dir='ltr'>πάντως</span> <span class='ocrx_word' id='word_1_348' title='bbox 2824 1923 3208 1993; x_wconf 82' lang='grc' dir='ltr'>ὁμολογήσειεν</span> <span class='ocrx_word' id='word_1_349' title='bbox 3263 1925 3550 1996; x_wconf 83' lang='grc' dir='ltr'>ἀνθρώπου</span> <span class='ocrx_word' id='word_1_350' title='bbox 3607 1928 3865 1996; x_wconf 76' lang='grc' dir='ltr'>γενέσθαι</span> 
     </span>
    </p>
   </div>
   <div class='ocr_carea' id='block_1_50' title="bbox 2294 2009 3866 2084">
    <p class='ocr_par' dir='ltr' id='par_1_50' title="bbox 2294 2009 3866 2084">
     <span class='ocr_line' id='line_1_50' title="bbox 2294 2009 3866 2084; baseline 0.003 -23"><span class='ocrx_word' id='word_1_351' title='bbox 2294 2009 2534 2080; x_wconf 80' lang='grc' dir='ltr'>μνήμην,</span> <span class='ocrx_word' id='word_1_352' title='bbox 2559 2010 2687 2063; x_wconf 86' lang='grc' dir='ltr'>ὅταν</span> <span class='ocrx_word' id='word_1_353' title='bbox 2716 2011 2846 2081; x_wconf 76' lang='grc' dir='ltr'>ἡμῖν</span> <span class='ocrx_word' id='word_1_354' title='bbox 2869 2012 2899 2064; x_wconf 88' lang='grc' dir='ltr'><strong>ό</strong></span> <span class='ocrx_word' id='word_1_355' title='bbox 2937 2012 3176 2076; x_wconf 80' lang='grc' dir='ltr'><strong>Μωσέως</strong></span> <span class='ocrx_word' id='word_1_356' title='bbox 3203 2011 3427 2083; x_wconf 84' lang='grc' dir='ltr'>ἀδελφὸς</span> <span class='ocrx_word' id='word_1_357' title='bbox 3458 2013 3533 2076; x_wconf 81' lang='grc' dir='ltr'>ὡς</span> <span class='ocrx_word' id='word_1_358' title='bbox 3574 2014 3866 2084; x_wconf 78' lang='grc' dir='ltr'>ἀρχιερεὺς</span> 
     </span>
    </p>
   </div>
   <div class='ocr_carea' id='block_1_51' title="bbox 2290 2099 3866 2173">
    <p class='ocr_par' dir='ltr' id='par_1_51' title="bbox 2290 2099 3866 2173">
     <span class='ocr_line' id='line_1_51' title="bbox 2290 2099 3866 2173; baseline 0.004 -22"><span class='ocrx_word' id='word_1_359' title='bbox 2290 2099 2649 2169; x_wconf 76' lang='grc' dir='ltr'>όνομάζηται;</span> <span class='ocrx_word' id='word_1_360' title='bbox 2692 2101 2852 2155; x_wconf 81' lang='grc' dir='ltr'>Ἀλλά</span> <span class='ocrx_word' id='word_1_361' title='bbox 2880 2102 2991 2173; x_wconf 82' lang='grc' dir='ltr'><strong>γὰρ</strong></span> <span class='ocrx_word' id='word_1_362' title='bbox 3015 2104 3193 2158; x_wconf 90' lang='grc' dir='ltr'>κοινόν</span> <span class='ocrx_word' id='word_1_363' title='bbox 3220 2119 3346 2158; x_wconf 89' lang='grc' dir='ltr'>τινα</span> <span class='ocrx_word' id='word_1_364' title='bbox 3368 2104 3463 2157; x_wconf 66' lang='grc' dir='ltr'><strong>και⁵</strong></span> <span class='ocrx_word' id='word_1_365' title='bbox 3493 2104 3633 2157; x_wconf 87' lang='grc' dir='ltr'><strong>κατά</strong></span> <span class='ocrx_word' id='word_1_366' title='bbox 3661 2104 3866 2167; x_wconf 77' lang='grc' dir='ltr'>παντὸς</span> 
     </span>
    </p>
   </div>
   <div class='ocr_carea' id='block_1_52' title="bbox 2292 2189 3864 2264">
    <p class='ocr_par' dir='ltr' id='par_1_52' title="bbox 2292 2189 3864 2264">
     <span class='ocr_line' id='line_1_52' title="bbox 2292 2189 3864 2264; baseline 0.003 -21"><span class='ocrx_word' id='word_1_367' title='bbox 2292 2189 2592 2260; x_wconf 79' lang='grc' dir='ltr'>ἀρχιερέως</span> <span class='ocrx_word' id='word_1_368' title='bbox 2628 2189 2740 2243; x_wconf 85' lang='grc' dir='ltr'><strong>τῶν</strong></span> <span class='ocrx_word' id='word_1_369' title='bbox 2781 2191 2903 2244; x_wconf 87' lang='grc' dir='ltr'>καθ’</span> <span class='ocrx_word' id='word_1_370' title='bbox 2955 2194 3103 2262; x_wconf 77' lang='grc' dir='ltr'>ἡμᾶς</span> <span class='ocrx_word' id='word_1_371' title='bbox 3155 2192 3302 2246; x_wconf 84' lang='grc' dir='ltr'>ίόντα</span> <span class='ocrx_word' id='word_1_372' title='bbox 3338 2209 3400 2246; x_wconf 89' lang='grc' dir='ltr'><strong>τε</strong></span> <span class='ocrx_word' id='word_1_373' title='bbox 3441 2193 3535 2246; x_wconf 77' lang='grc' dir='ltr'>καὶ</span> <span class='ocrx_word' id='word_1_374' title='bbox 3584 2193 3864 2264; x_wconf 77' lang='grc' dir='ltr'>πρέποντα</span> 
     </span>
    </p>
   </div>
   <div class='ocr_carea' id='block_1_53' title="bbox 2293 2279 3862 2353">
    <p class='ocr_par' dir='ltr' id='par_1_53' title="bbox 2293 2279 3862 2353">
     <span class='ocr_line' id='line_1_53' title="bbox 2293 2279 3862 2353; baseline 0.003 -21"><span class='ocrx_word' id='word_1_375' title='bbox 2293 2279 2566 2350; x_wconf 73' lang='grc' dir='ltr'>προτιθεὶς</span> <span class='ocrx_word' id='word_1_376' title='bbox 2586 2280 2677 2333; x_wconf 83' lang='grc' dir='ltr'>τὸν</span> <span class='ocrx_word' id='word_1_377' title='bbox 2714 2281 2891 2349; x_wconf 89' lang='grc' dir='ltr'>λόγον,</span> <span class='ocrx_word' id='word_1_378' title='bbox 2930 2283 3029 2353; x_wconf 78' lang='grc' dir='ltr'>τῆς</span> <span class='ocrx_word' id='word_1_379' title='bbox 3053 2283 3111 2336; x_wconf 81' lang='grc' dir='ltr'>ὲν</span> <span class='ocrx_word' id='word_1_380' title='bbox 3133 2283 3358 2353; x_wconf 83' lang='grc' dir='ltr'>Χριστῷ</span> <span class='ocrx_word' id='word_1_381' title='bbox 3396 2284 3689 2353; x_wconf 75' lang='grc' dir='ltr'>νοουμένης</span> <span class='ocrx_word' id='word_1_382' title='bbox 3716 2285 3862 2337; x_wconf 82' lang='grc' dir='ltr'>οίκο-</span> 
     </span>
    </p>
   </div>
   <div class='ocr_carea' id='block_1_54' title="bbox 2293 2368 3865 2445">
    <p class='ocr_par' dir='ltr' id='par_1_54' title="bbox 2293 2368 3865 2445">
     <span class='ocr_line' id='line_1_54' title="bbox 2293 2368 3865 2445; baseline 0.004 -24"><span class='ocrx_word' id='word_1_383' title='bbox 2293 2371 2484 2437; x_wconf 91' lang='grc' dir='ltr'>νομίας</span> <span class='ocrx_word' id='word_1_384' title='bbox 2521 2371 2584 2423; x_wconf 82' lang='grc' dir='ltr'>τὸ</span> <span class='ocrx_word' id='word_1_385' title='bbox 2626 2371 2926 2441; x_wconf 80' lang='grc' dir='ltr'>παράδοξον</span> <span class='ocrx_word' id='word_1_386' title='bbox 2959 2373 3257 2445; x_wconf 84' lang='grc' dir='ltr'>παραλύειν</span> <span class='ocrx_word' id='word_1_387' title='bbox 3299 2375 3590 2445; x_wconf 76' lang='grc' dir='ltr'>ἐπιχειρεῖ,</span> <span class='ocrx_word' id='word_1_388' title='bbox 3632 2374 3727 2428; x_wconf 73' lang='grc' dir='ltr'>καὶ</span> <span class='ocrx_word' id='word_1_389' title='bbox 3754 2368 3865 2427; x_wconf 76' lang='grc' dir='ltr'>οἷον</span> 
     </span>
    </p>
   </div>
   <div class='ocr_carea' id='block_1_55' title="bbox 2294 2460 3865 2536">
    <p class='ocr_par' dir='ltr' id='par_1_55' title="bbox 2294 2460 3865 2536">
     <span class='ocr_line' id='line_1_55' title="bbox 2294 2460 3865 2536; baseline 0.003 -23"><span class='ocrx_word' id='word_1_390' title='bbox 2294 2462 2357 2513; x_wconf 80' lang='grc' dir='ltr'>ὲκ</span> <span class='ocrx_word' id='word_1_391' title='bbox 2390 2460 2605 2533; x_wconf 83' lang='grc' dir='ltr'>βάθρων</span> <span class='ocrx_word' id='word_1_392' title='bbox 2634 2462 2812 2516; x_wconf 83' lang='grc' dir='ltr'>αὐτῶν</span> <span class='ocrx_word' id='word_1_393' title='bbox 2835 2464 3141 2518; x_wconf 79' lang='grc' dir='ltr'>κατασείειν</span> <span class='ocrx_word' id='word_1_394' title='bbox 3162 2465 3444 2536; x_wconf 79' lang='grc' dir='ltr'>ἀποτολμᾷ</span> <span class='ocrx_word' id='word_1_395' title='bbox 3467 2465 3526 2518; x_wconf 85' lang='grc' dir='ltr'>τὸ</span> <span class='ocrx_word' id='word_1_396' title='bbox 3549 2465 3689 2518; x_wconf 85' lang='grc' dir='ltr'>Θεῖον</span> <span class='ocrx_word' id='word_1_397' title='bbox 3708 2465 3865 2534; x_wconf 75' lang='grc' dir='ltr'>ἡμῶν</span> 
     </span>
    </p>
   </div>
   <div class='ocr_carea' id='block_1_56' title="bbox 2299 2551 3865 2628">
    <p class='ocr_par' dir='ltr' id='par_1_56' title="bbox 2299 2551 3865 2628">
     <span class='ocr_line' id='line_1_56' title="bbox 2299 2551 3865 2628; baseline 0.007 -26"><span class='ocrx_word' id='word_1_398' title='bbox 2299 2551 2593 2622; x_wconf 76' lang='grc' dir='ltr'>μυστήριον</span> <span class='ocrx_word' id='word_1_399' title='bbox 2615 2569 2629 2582; x_wconf 91' lang='grc'><strong>·</strong></span> <span class='ocrx_word' id='word_1_400' title='bbox 2664 2552 2766 2606; x_wconf 82' lang='grc' dir='ltr'>οὐκ</span> <span class='ocrx_word' id='word_1_401' title='bbox 2794 2554 3009 2620; x_wconf 76' lang='grc' dir='ltr'>έννοιῖιν,</span> <span class='ocrx_word' id='word_1_402' title='bbox 3049 2555 3131 2607; x_wconf 83' lang='grc' dir='ltr'>ὅτι</span> <span class='ocrx_word' id='word_1_403' title='bbox 3158 2555 3551 2627; x_wconf 77' lang='grc' dir='ltr'>τεθεμελίωκεν</span> <span class='ocrx_word' id='word_1_404' title='bbox 3571 2558 3603 2611; x_wconf 82' lang='grc' dir='ltr'>ὁ</span> <span class='ocrx_word' id='word_1_405' title='bbox 3622 2556 3865 2628; x_wconf 58' lang='grc' dir='ltr'>Κριθεὺς</span> 
     </span>
    </p>
   </div>
   <div class='ocr_carea' id='block_1_57' title="bbox 2293 2641 3867 2718">
    <p class='ocr_par' dir='ltr' id='par_1_57' title="bbox 2293 2641 3867 2718">
     <span class='ocr_line' id='line_1_57' title="bbox 2293 2641 3867 2718; baseline 0.003 -24"><span class='ocrx_word' id='word_1_406' title='bbox 2293 2643 2387 2695; x_wconf 73' lang='grc' dir='ltr'><strong>ἐπὶ</strong></span> <span class='ocrx_word' id='word_1_407' title='bbox 2416 2641 2619 2713; x_wconf 85' lang='grc' dir='ltr'>πέτραν</span> <span class='ocrx_word' id='word_1_408' title='bbox 2638 2642 2739 2715; x_wconf 82' lang='grc' dir='ltr'>τὴν</span> <span class='ocrx_word' id='word_1_409' title='bbox 2780 2642 3107 2714; x_wconf 81' lang='grc' dir='ltr'>Ἐκκλησίαν</span> <span class='ocrx_word' id='word_1_410' title='bbox 3126 2661 3139 2675; x_wconf 83' lang='grc'><em>’</em></span> <span class='ocrx_word' id='word_1_411' title='bbox 3170 2645 3266 2700; x_wconf 72' lang='grc' dir='ltr'>καὶ</span> <span class='ocrx_word' id='word_1_412' title='bbox 3292 2647 3455 2700; x_wconf 83' lang='grc' dir='ltr'>πύλαι</span> <span class='ocrx_word' id='word_1_413' title='bbox 3477 2647 3602 2718; x_wconf 66' lang='grc' dir='ltr'>ᾅδου</span> <span class='ocrx_word' id='word_1_414' title='bbox 3632 2648 3693 2700; x_wconf 79' lang='grc' dir='ltr'>οὐ</span> <span class='ocrx_word' id='word_1_415' title='bbox 3738 2662 3867 2699; x_wconf 78' lang='grc' dir='ltr'>κατ·</span> 
     </span>
    </p>
   </div>
   <div class='ocr_carea' id='block_1_58' title="bbox 2296 2733 3866 2809">
    <p class='ocr_par' dir='ltr' id='par_1_58' title="bbox 2296 2733 3866 2809">
     <span class='ocr_line' id='line_1_58' title="bbox 2296 2733 3866 2809; baseline 0.001 -20"><span class='ocrx_word' id='word_1_416' title='bbox 2296 2733 2607 2805; x_wconf 82' lang='grc' dir='ltr'>ισχύσουσιν</span> <span class='ocrx_word' id='word_1_417' title='bbox 2656 2736 2848 2804; x_wconf 81' lang='grc' dir='ltr'>αὐτῆς.</span> <span class='ocrx_word' id='word_1_418' title='bbox 2885 2737 3121 2791; x_wconf 79' lang='grc' dir='ltr'>Ἥκιστα</span> <span class='ocrx_word' id='word_1_419' title='bbox 3146 2738 3245 2808; x_wconf 66' lang='grc' dir='ltr'>μὲν</span> <span class='ocrx_word' id='word_1_420' title='bbox 3284 2739 3393 2809; x_wconf 81' lang='grc' dir='ltr'>γὰρ</span> <span class='ocrx_word' id='word_1_421' title='bbox 3439 2740 3581 2802; x_wconf 81' lang='grc' dir='ltr'>ἀξιοῖ</span> <span class='ocrx_word' id='word_1_422' title='bbox 3612 2742 3681 2809; x_wconf 74' lang='grc' dir='ltr'>τῇ</span> <span class='ocrx_word' id='word_1_423' title='bbox 3713 2740 3866 2808; x_wconf 75' lang='grc' dir='ltr'>κοινῇ</span> 
     </span>
    </p>
   </div>
   <div class='ocr_carea' id='block_1_59' title="bbox 2294 2823 3867 2899">
    <p class='ocr_par' dir='ltr' id='par_1_59' title="bbox 2294 2823 3867 2899">
     <span class='ocr_line' id='line_1_59' title="bbox 2294 2823 3867 2899; baseline 0.001 -22"><span class='ocrx_word' id='word_1_424' title='bbox 2294 2823 2389 2877; x_wconf 76' lang='grc' dir='ltr'>καὶ</span> <span class='ocrx_word' id='word_1_425' title='bbox 2436 2823 2692 2878; x_wconf 83' lang='grc' dir='ltr'>ἁπάντων</span> <span class='ocrx_word' id='word_1_426' title='bbox 2738 2824 2844 2878; x_wconf 82' lang='grc' dir='ltr'><strong>τῶν</strong></span> <span class='ocrx_word' id='word_1_427' title='bbox 2883 2826 3017 2895; x_wconf 83' lang='grc' dir='ltr'>ὀρθὰ</span> <span class='ocrx_word' id='word_1_428' title='bbox 3063 2830 3277 2899; x_wconf 84' lang='grc' dir='ltr'>φρονεῖν</span> <span class='ocrx_word' id='word_1_429' title='bbox 3324 2828 3591 2882; x_wconf 77' lang='grc' dir='ltr'>εἰωθότων</span> <span class='ocrx_word' id='word_1_430' title='bbox 3636 2828 3867 2881; x_wconf 68' lang='grc' dir='ltr'>ἕπεσθαι</span> 
     </span>
    </p>
   </div>
   <div class='ocr_carea' id='block_1_60' title="bbox 2292 2913 3863 2988">
    <p class='ocr_par' dir='ltr' id='par_1_60' title="bbox 2292 2913 3863 2988">
     <span class='ocr_line' id='line_1_60' title="bbox 2292 2913 3863 2988; baseline 0.003 -22"><span class='ocrx_word' id='word_1_431' title='bbox 2292 2913 2441 2986; x_wconf 73' lang='grc' dir='ltr'>δόξῃσ</span> <span class='ocrx_word' id='word_1_432' title='bbox 2469 2918 2782 2985; x_wconf 83' lang='grc' dir='ltr'>καινοτομεῖ</span> <span class='ocrx_word' id='word_1_433' title='bbox 2828 2918 2920 2970; x_wconf 80' lang='grc' dir='ltr'>καὶ</span> <span class='ocrx_word' id='word_1_434' title='bbox 2962 2918 3121 2988; x_wconf 87' lang='grc' dir='ltr'>μόνος</span> <span class='ocrx_word' id='word_1_435' title='bbox 3166 2919 3540 2982; x_wconf 83' lang='grc' dir='ltr'>ἀϐασανίστως</span> <span class='ocrx_word' id='word_1_436' title='bbox 3568 2919 3629 2972; x_wconf 85' lang='grc' dir='ltr'><strong>τό</strong></span> <span class='ocrx_word' id='word_1_437' title='bbox 3656 2917 3863 2972; x_wconf 82' lang='grc' dir='ltr'>δοκοῦν.</span> 
     </span>
    </p>
   </div>
   <div class='ocr_carea' id='block_1_61' title="bbox 2306 3005 3866 3082">
    <p class='ocr_par' dir='ltr' id='par_1_61' title="bbox 2306 3005 3866 3082">
     <span class='ocr_line' id='line_1_61' title="bbox 2306 3005 3866 3082; baseline 0.004 -26"><span class='ocrx_word' id='word_1_438' title='bbox 2306 3005 2497 3077; x_wconf 84' lang='grc' dir='ltr'>Ἡμεῖς</span> <span class='ocrx_word' id='word_1_439' title='bbox 2529 3007 2625 3075; x_wconf 85' lang='grc' dir='ltr'>μὲν</span> <span class='ocrx_word' id='word_1_440' title='bbox 2655 3007 2784 3077; x_wconf 84' lang='grc' dir='ltr'>γὰρ,</span> <span class='ocrx_word' id='word_1_441' title='bbox 2814 3008 3065 3080; x_wconf 83' lang='grc' dir='ltr'>καθάπερ</span> <span class='ocrx_word' id='word_1_442' title='bbox 3089 3011 3187 3082; x_wconf 70' lang='grc' dir='ltr'>ἤδη</span> <span class='ocrx_word' id='word_1_443' title='bbox 3214 3014 3492 3080; x_wconf 85' lang='grc' dir='ltr'>προεῖπον,</span> <span class='ocrx_word' id='word_1_444' title='bbox 3509 3010 3601 3065; x_wconf 82' lang='grc' dir='ltr'>τὸν</span> <span class='ocrx_word' id='word_1_445' title='bbox 3639 3012 3704 3063; x_wconf 74' lang='grc' dir='ltr'>ἐκ</span> <span class='ocrx_word' id='word_1_446' title='bbox 3732 3009 3866 3062; x_wconf 84' lang='grc' dir='ltr'>Θεοῦ</span> 
     </span>
    </p>
   </div>
   <div class='ocr_carea' id='block_1_62' title="bbox 2296 3096 3868 3170">
    <p class='ocr_par' dir='ltr' id='par_1_62' title="bbox 2296 3096 3868 3170">
     <span class='ocr_line' id='line_1_62' title="bbox 2296 3096 3868 3170; baseline 0.002 -21"><span class='ocrx_word' id='word_1_447' title='bbox 2296 3096 2508 3167; x_wconf 71' lang='grc' dir='ltr'>Πατρός</span> <span class='ocrx_word' id='word_1_448' title='bbox 2540 3097 2713 3166; x_wconf 83' lang='grc' dir='ltr'>Λόγον</span> <span class='ocrx_word' id='word_1_449' title='bbox 2740 3098 3025 3169; x_wconf 78' lang='grc' dir='ltr'>ἄνθρωπον</span> <span class='ocrx_word' id='word_1_450' title='bbox 3054 3102 3345 3167; x_wconf 82' lang='grc' dir='ltr'>γεγονότα,</span> <span class='ocrx_word' id='word_1_451' title='bbox 3390 3101 3482 3154; x_wconf 75' lang='grc' dir='ltr'>καὶ</span> <span class='ocrx_word' id='word_1_452' title='bbox 3512 3099 3868 3170; x_wconf 84' lang='grc' dir='ltr'>ίερουργῆσαί</span> 
     </span>
    </p>
   </div>
   <div class='ocr_carea' id='block_1_63' title="bbox 624 3163 2187 3260">
    <p class='ocr_par' dir='ltr' id='par_1_63' title="bbox 624 3174 2186 3248">
     <span class='ocr_line' id='line_1_63' title="bbox 624 3174 2186 3248; baseline -0.001 -17"><span class='ocrx_word' id='word_1_453' title='bbox 624 3192 732 3248; x_wconf 84' lang='lat' dir='ltr'><strong>que</strong></span> <span class='ocrx_word' id='word_1_454' title='bbox 760 3191 826 3232; x_wconf 81' lang='lat' dir='ltr'><strong>ex</strong></span> <span class='ocrx_word' id='word_1_455' title='bbox 858 3186 1009 3247; x_wconf 86' lang='lat' dir='ltr'><strong>parte</strong></span> <span class='ocrx_word' id='word_1_456' title='bbox 1034 3191 1064 3232; x_wconf 87' lang='lat' dir='ltr'><strong>a</strong></span> <span class='ocrx_word' id='word_1_457' title='bbox 1092 3190 1345 3231; x_wconf 86' lang='lat' dir='ltr'><strong>mensura</strong></span> <span class='ocrx_word' id='word_1_458' title='bbox 1378 3174 1760 3231; x_wconf 78' lang='lat' dir='ltr'><strong>exinanitiouis</strong></span> <span class='ocrx_word' id='word_1_459' title='bbox 1792 3175 2186 3243; x_wconf 85' lang='lat' dir='ltr'><strong>discrepantem</strong></span> 
     </span>
    </p>
   </div>
   <div class='ocr_carea' id='block_1_64' title="bbox 2293 3163 3868 3260">
    <p class='ocr_par' dir='ltr' id='par_1_64' title="bbox 2299 3163 3868 3260">
     <span class='ocr_line' id='line_1_64' title="bbox 2299 3163 3868 3260; baseline 0.001 -22"><span class='ocrx_word' id='word_1_460' title='bbox 2299 3163 2479 3255; x_wconf 80' lang='grc' dir='ltr'>φαμεν</span> <span class='ocrx_word' id='word_1_461' title='bbox 2510 3163 2687 3256; x_wconf 80' lang='grc' dir='ltr'>ἑαυτῷ</span> <span class='ocrx_word' id='word_1_462' title='bbox 2728 3187 2820 3239; x_wconf 75' lang='grc' dir='ltr'>καὶ</span> <span class='ocrx_word' id='word_1_463' title='bbox 2847 3163 2932 3258; x_wconf 70' lang='grc' dir='ltr'>τῷ</span> <span class='ocrx_word' id='word_1_464' title='bbox 2969 3163 3141 3260; x_wconf 67' lang='grc' dir='ltr'>Πατρῖ</span> <span class='ocrx_word' id='word_1_465' title='bbox 3173 3190 3269 3260; x_wconf 78' lang='grc' dir='ltr'>τῆς</span> <span class='ocrx_word' id='word_1_466' title='bbox 3311 3163 3544 3251; x_wconf 82' lang='grc' dir='ltr'>πίστεως</span> <span class='ocrx_word' id='word_1_467' title='bbox 3760 3163 3868 3259; x_wconf 45' lang='grc' dir='ltr'>’τὴν</span> 
     </span>
    </p>
   </div>
   <div class='ocr_carea' id='block_1_65' title="bbox 624 3264 2191 3340">
    <p class='ocr_par' dir='ltr' id='par_1_65' title="bbox 624 3264 2191 3340">
     <span class='ocr_line' id='line_1_65' title="bbox 624 3264 2191 3340; baseline -0.002 -17"><span class='ocrx_word' id='word_1_468' title='bbox 624 3268 860 3340; x_wconf 80' lang='lat' dir='ltr'><strong>gessisse</strong></span> <span class='ocrx_word' id='word_1_469' title='bbox 905 3267 1389 3337; x_wconf 86' lang='lat' dir='ltr'><strong>dispensationem.</strong></span> <span class='ocrx_word' id='word_1_470' title='bbox 1440 3266 1549 3320; x_wconf 88' lang='lat' dir='ltr'><strong>Sed</strong></span> <span class='ocrx_word' id='word_1_471' title='bbox 1595 3281 1704 3320; x_wconf 92' lang='lat' dir='ltr'><strong>non</strong></span> <span class='ocrx_word' id='word_1_472' title='bbox 1750 3264 1826 3319; x_wconf 90' lang='lat' dir='ltr'><strong>illi</strong></span> <span class='ocrx_word' id='word_1_473' title='bbox 1872 3264 1988 3320; x_wconf 67' lang='lat' dir='ltr'><strong>haec</strong></span> <span class='ocrx_word' id='word_1_474' title='bbox 2021 3266 2093 3320; x_wconf 90' lang='lat' dir='ltr'><strong>ita</strong></span> <span class='ocrx_word' id='word_1_475' title='bbox 2132 3280 2191 3320; x_wconf 91' lang='lat' dir='ltr'><strong>se</strong></span> 
     </span>
    </p>
   </div>
   <div class='ocr_carea' id='block_1_66' title="bbox 624 3353 2191 3421">
    <p class='ocr_par' dir='ltr' id='par_1_66' title="bbox 624 3353 2191 3421">
     <span class='ocr_line' id='line_1_66' title="bbox 624 3353 2191 3421; baseline -0.003 -8"><span class='ocrx_word' id='word_1_476' title='bbox 624 3357 828 3413; x_wconf 84' lang='lat' dir='ltr'><strong>habere</strong></span> <span class='ocrx_word' id='word_1_477' title='bbox 864 3356 1134 3419; x_wconf 88' lang='lat' dir='ltr'><strong>videntur,</strong></span> <span class='ocrx_word' id='word_1_478' title='bbox 1167 3356 1262 3410; x_wconf 90' lang='lat' dir='ltr'><strong>sed</strong></span> <span class='ocrx_word' id='word_1_479' title='bbox 1310 3355 1400 3408; x_wconf 90' lang='lat' dir='ltr'><strong>ubi</strong></span> <span class='ocrx_word' id='word_1_480' title='bbox 1432 3354 1685 3421; x_wconf 85' lang='lat' dir='ltr'><strong>privatim</strong></span> <span class='ocrx_word' id='word_1_481' title='bbox 1737 3369 1801 3408; x_wconf 90' lang='lat' dir='ltr'><strong>ac</strong></span> <span class='ocrx_word' id='word_1_482' title='bbox 1840 3355 2067 3409; x_wconf 89' lang='lat' dir='ltr'><strong>seorsim</strong></span> <span class='ocrx_word' id='word_1_483' title='bbox 2109 3353 2191 3408; x_wconf 91' lang='lat' dir='ltr'><strong>di-</strong></span> 
     </span>
    </p>
   </div>
   <div class='ocr_carea' id='block_1_67' title="bbox 624 3446 2189 3517">
    <p class='ocr_par' dir='ltr' id='par_1_67' title="bbox 624 3446 2189 3517">
     <span class='ocr_line' id='line_1_67' title="bbox 624 3446 2189 3517; baseline -0.003 -13"><span class='ocrx_word' id='word_1_484' title='bbox 624 3449 837 3513; x_wconf 80' lang='lat' dir='ltr'><strong>stinxit,</strong></span> <span class='ocrx_word' id='word_1_485' title='bbox 871 3459 1123 3517; x_wconf 87' lang='lat' dir='ltr'><strong>tanquam</strong></span> <span class='ocrx_word' id='word_1_486' title='bbox 1166 3446 1304 3502; x_wconf 90' lang='lat' dir='ltr'><strong>alius</strong></span> <span class='ocrx_word' id='word_1_487' title='bbox 1346 3447 1417 3501; x_wconf 91' lang='lat' dir='ltr'><strong>sit</strong></span> <span class='ocrx_word' id='word_1_488' title='bbox 1456 3446 1704 3502; x_wconf 87' lang='lat' dir='ltr'><strong>Christus</strong></span> <span class='ocrx_word' id='word_1_489' title='bbox 1752 3446 1843 3502; x_wconf 90' lang='lat' dir='ltr'><strong>ille</strong></span> <span class='ocrx_word' id='word_1_490' title='bbox 1885 3461 1953 3501; x_wconf 76' lang='lat' dir='ltr'><strong>ex</strong></span> <span class='ocrx_word' id='word_1_491' title='bbox 2002 3455 2189 3500; x_wconf 87' lang='lat' dir='ltr'><strong>sancta</strong></span> 
     </span>
    </p>
   </div>
   <div class='ocr_carea' id='block_1_68' title="bbox 623 3534 2192 3607">
    <p class='ocr_par' dir='ltr' id='par_1_68' title="bbox 623 3534 2192 3607">
     <span class='ocr_line' id='line_1_68' title="bbox 623 3534 2192 3607; baseline -0.001 -16"><span class='ocrx_word' id='word_1_492' title='bbox 623 3535 845 3607; x_wconf 75' lang='lat' dir='ltr'><strong>Virgine</strong></span> <span class='ocrx_word' id='word_1_493' title='bbox 894 3535 963 3590; x_wconf 89' lang='lat' dir='ltr'><strong>ab</strong></span> <span class='ocrx_word' id='word_1_494' title='bbox 1002 3535 1095 3590; x_wconf 92' lang='lat' dir='ltr'><strong>illo</strong></span> <span class='ocrx_word' id='word_1_495' title='bbox 1139 3551 1204 3590; x_wconf 80' lang='lat' dir='ltr'><strong>ex</strong></span> <span class='ocrx_word' id='word_1_496' title='bbox 1245 3536 1355 3591; x_wconf 90' lang='lat' dir='ltr'><strong>Deo</strong></span> <span class='ocrx_word' id='word_1_497' title='bbox 1394 3535 1554 3590; x_wconf 84' lang='lat' dir='ltr'><strong>Patre</strong></span> <span class='ocrx_word' id='word_1_498' title='bbox 1582 3534 1781 3599; x_wconf 76' lang='lat' dir='ltr'><strong>Verbo,</strong></span> <span class='ocrx_word' id='word_1_499' title='bbox 1818 3534 1988 3605; x_wconf 90' lang='lat' dir='ltr'><strong>ipsum</strong></span> <span class='ocrx_word' id='word_1_500' title='bbox 2027 3534 2192 3590; x_wconf 89' lang='lat' dir='ltr'><strong>fuisse</strong></span> 
     </span>
    </p>
   </div>
   <div class='ocr_carea' id='block_1_69' title="bbox 626 3626 2191 3698">
    <p class='ocr_par' dir='ltr' id='par_1_69' title="bbox 626 3626 2191 3698">
     <span class='ocr_line' id='line_1_69' title="bbox 626 3626 2191 3698; baseline -0.002 -14"><span class='ocrx_word' id='word_1_501' title='bbox 626 3628 825 3684; x_wconf 84' lang='lat' dir='ltr'><strong>asserit</strong></span> <span class='ocrx_word' id='word_1_502' title='bbox 871 3626 1189 3698; x_wconf 76' lang='lat' dir='ltr'><strong>Apostolum</strong></span> <span class='ocrx_word' id='word_1_503' title='bbox 1233 3636 1289 3682; x_wconf 90' lang='lat' dir='ltr'><strong>et</strong></span> <span class='ocrx_word' id='word_1_504' title='bbox 1337 3626 1654 3681; x_wconf 86' lang='lat' dir='ltr'><strong>Pontificem</strong></span> <span class='ocrx_word' id='word_1_505' title='bbox 1690 3626 2047 3682; x_wconf 83' lang='lat' dir='ltr'><strong>confessionis</strong></span> <span class='ocrx_word' id='word_1_506' title='bbox 2093 3640 2191 3683; x_wconf 87' lang='lat' dir='ltr'><strong>no-</strong></span> 
     </span>
    </p>
   </div>
   <div class='ocr_carea' id='block_1_70' title="bbox 625 3717 2189 3788">
    <p class='ocr_par' dir='ltr' id='par_1_70' title="bbox 625 3717 2189 3788">
     <span class='ocr_line' id='line_1_70' title="bbox 625 3717 2189 3788; baseline -0.003 -15"><span class='ocrx_word' id='word_1_507' title='bbox 625 3718 843 3784; x_wconf 60' lang='lat' dir='ltr'><strong>stra)&quot;,</strong></span> <span class='ocrx_word' id='word_1_508' title='bbox 891 3732 1058 3787; x_wconf 86' lang='lat' dir='ltr'><strong>seque</strong></span> <span class='ocrx_word' id='word_1_509' title='bbox 1103 3718 1191 3787; x_wconf 90' lang='lat' dir='ltr'><strong>pie</strong></span> <span class='ocrx_word' id='word_1_510' title='bbox 1238 3717 1599 3788; x_wconf 81' lang='lat' dir='ltr'><strong>religioseque</strong></span> <span class='ocrx_word' id='word_1_511' title='bbox 1632 3718 1835 3773; x_wconf 87' lang='lat' dir='ltr'><strong>sentire</strong></span> <span class='ocrx_word' id='word_1_512' title='bbox 1869 3725 2020 3786; x_wconf 89' lang='lat' dir='ltr'><strong>putat</strong></span> <span class='ocrx_word' id='word_1_513' title='bbox 2068 3730 2189 3769; x_wconf 91' lang='lat' dir='ltr'><strong>cum</strong></span> 
     </span>
    </p>
   </div>
   <div class='ocr_carea' id='block_1_71' title="bbox 627 3803 2190 3877">
    <p class='ocr_par' dir='ltr' id='par_1_71' title="bbox 627 3803 2190 3877">
     <span class='ocr_line' id='line_1_71' title="bbox 627 3803 2190 3877; baseline -0.003 -14"><span class='ocrx_word' id='word_1_514' title='bbox 627 3811 703 3865; x_wconf 89' lang='lat' dir='ltr'><strong>ait</strong></span> <span class='ocrx_word' id='word_1_515' title='bbox 729 3824 746 3864; x_wconf 90' lang='lat'><strong>:</strong></span> <span class='ocrx_word' id='word_1_516' title='bbox 775 3808 830 3865; x_wconf 90' lang='lat' dir='ltr'><strong>Si</strong></span> <span class='ocrx_word' id='word_1_517' title='bbox 865 3808 1006 3864; x_wconf 89' lang='lat' dir='ltr'><strong>Deus</strong></span> <span class='ocrx_word' id='word_1_518' title='bbox 1032 3818 1116 3862; x_wconf 88' lang='lat' dir='ltr'><strong>est</strong></span> <span class='ocrx_word' id='word_1_519' title='bbox 1161 3808 1250 3862; x_wconf 91' lang='lat' dir='ltr'><strong>ille</strong></span> <span class='ocrx_word' id='word_1_520' title='bbox 1282 3808 1372 3877; x_wconf 90' lang='lat' dir='ltr'><strong>qui</strong></span> <span class='ocrx_word' id='word_1_521' title='bbox 1417 3807 1595 3871; x_wconf 79' lang='lat' dir='ltr'><strong>oﬂ‘ert,</strong></span> <span class='ocrx_word' id='word_1_522' title='bbox 1627 3806 1803 3861; x_wconf 90' lang='lat' dir='ltr'><strong>nullus</strong></span> <span class='ocrx_word' id='word_1_523' title='bbox 1832 3815 1916 3860; x_wconf 87' lang='lat' dir='ltr'><strong>est</strong></span> <span class='ocrx_word' id='word_1_524' title='bbox 1941 3805 2025 3861; x_wconf 91' lang='lat' dir='ltr'><strong>cui</strong></span> <span class='ocrx_word' id='word_1_525' title='bbox 2056 3803 2190 3859; x_wconf 74' lang='grc' dir='ltr'>οιτο-</span> 
     </span>
    </p>
   </div>
   <div class='ocr_carea' id='block_1_72' title="bbox 623 3898 2187 3970">
    <p class='ocr_par' dir='ltr' id='par_1_72' title="bbox 623 3898 2187 3970">
     <span class='ocr_line' id='line_1_72' title="bbox 623 3898 2187 3970; baseline -0.003 -14"><span class='ocrx_word' id='word_1_526' title='bbox 623 3908 776 3956; x_wconf 84' lang='lat' dir='ltr'><strong>ratur</strong></span> <span class='ocrx_word' id='word_1_527' title='bbox 804 3916 820 3954; x_wconf 90' lang='lat'><strong>:</strong></span> <span class='ocrx_word' id='word_1_528' title='bbox 852 3898 976 3970; x_wconf 88' lang='lat' dir='ltr'><strong>quid</strong></span> <span class='ocrx_word' id='word_1_529' title='bbox 1001 3899 1144 3953; x_wconf 87' lang='lat' dir='ltr'><strong>enim</strong></span> <span class='ocrx_word' id='word_1_530' title='bbox 1174 3898 1457 3953; x_wconf 90' lang='lat' dir='ltr'><strong>divinitate</strong></span> <span class='ocrx_word' id='word_1_531' title='bbox 1480 3898 1697 3967; x_wconf 81' lang='lat' dir='ltr'><strong>dignum</strong></span> <span class='ocrx_word' id='word_1_532' title='bbox 1726 3898 1819 3961; x_wconf 87' lang='lat' dir='ltr'><strong>sit,</strong></span> <span class='ocrx_word' id='word_1_533' title='bbox 1848 3907 1905 3951; x_wconf 93' lang='lat' dir='ltr'><strong>ut</strong></span> <span class='ocrx_word' id='word_1_534' title='bbox 1934 3908 2187 3967; x_wconf 90' lang='lat' dir='ltr'><strong>tauquam</strong></span> 
     </span>
    </p>
   </div>
   <div class='ocr_carea' id='block_1_73' title="bbox 623 3990 2188 4061">
    <p class='ocr_par' dir='ltr' id='par_1_73' title="bbox 623 3990 2188 4061">
     <span class='ocr_line' id='line_1_73' title="bbox 623 3990 2188 4061; baseline -0.004 -11"><span class='ocrx_word' id='word_1_535' title='bbox 623 3994 849 4051; x_wconf 79' lang='lat' dir='ltr'><strong>inferior</strong></span> <span class='ocrx_word' id='word_1_536' title='bbox 882 3993 1070 4061; x_wconf 87' lang='lat' dir='ltr'><strong>majori</strong></span> <span class='ocrx_word' id='word_1_537' title='bbox 1110 3990 1337 4046; x_wconf 77' lang='lat' dir='ltr'><strong>offerat?</strong></span> <span class='ocrx_word' id='word_1_538' title='bbox 1378 3990 1483 4046; x_wconf 89' lang='lat' dir='ltr'><strong>Sed</strong></span> <span class='ocrx_word' id='word_1_539' title='bbox 1530 3991 1576 4044; x_wconf 90' lang='lat' dir='ltr'><strong>si</strong></span> <span class='ocrx_word' id='word_1_540' title='bbox 1612 3992 1733 4059; x_wconf 85' lang='lat' dir='ltr'><strong>quis</strong></span> <span class='ocrx_word' id='word_1_541' title='bbox 1758 4000 1901 4045; x_wconf 88' lang='lat' dir='ltr'><strong>esset</strong></span> <span class='ocrx_word' id='word_1_542' title='bbox 1933 3992 2022 4060; x_wconf 90' lang='lat' dir='ltr'><strong>qui</strong></span> <span class='ocrx_word' id='word_1_543' title='bbox 2056 4006 2188 4044; x_wconf 91' lang='lat' dir='ltr'><strong>con-</strong></span> 
     </span>
    </p>
   </div>
   <div class='ocr_carea' id='block_1_74' title="bbox 624 4080 2191 4152">
    <p class='ocr_par' dir='ltr' id='par_1_74' title="bbox 624 4080 2191 4152">
     <span class='ocr_line' id='line_1_74' title="bbox 624 4080 2191 4152; baseline -0.004 -12"><span class='ocrx_word' id='word_1_544' title='bbox 624 4085 872 4140; x_wconf 86' lang='lat' dir='ltr'><strong>tenderet</strong></span> <span class='ocrx_word' id='word_1_545' title='bbox 902 4099 964 4139; x_wconf 91' lang='lat' dir='ltr'><strong>ac</strong></span> <span class='ocrx_word' id='word_1_546' title='bbox 993 4086 1218 4148; x_wconf 87' lang='lat' dir='ltr'><strong>diceret,</strong></span> <span class='ocrx_word' id='word_1_547' title='bbox 1252 4085 1427 4152; x_wconf 89' lang='lat' dir='ltr'><strong>ipsum</strong></span> <span class='ocrx_word' id='word_1_548' title='bbox 1463 4096 1587 4135; x_wconf 87' lang='lat' dir='ltr'><strong>vere</strong></span> <span class='ocrx_word' id='word_1_549' title='bbox 1614 4097 1679 4134; x_wconf 86' lang='lat' dir='ltr'><strong>ex</strong></span> <span class='ocrx_word' id='word_1_550' title='bbox 1724 4081 1830 4135; x_wconf 88' lang='lat' dir='ltr'><strong>Deo</strong></span> <span class='ocrx_word' id='word_1_551' title='bbox 1856 4080 2014 4135; x_wconf 90' lang='lat' dir='ltr'><strong>Patre</strong></span> <span class='ocrx_word' id='word_1_552' title='bbox 2041 4082 2191 4150; x_wconf 86' lang='lat' dir='ltr'><strong>geni-</strong></span> 
     </span>
    </p>
   </div>
   <div class='ocr_carea' id='block_1_75' title="bbox 624 4169 2188 4241">
    <p class='ocr_par' dir='ltr' id='par_1_75' title="bbox 624 4169 2188 4241">
     <span class='ocr_line' id='line_1_75' title="bbox 624 4169 2188 4241; baseline -0.004 -9"><span class='ocrx_word' id='word_1_553' title='bbox 624 4185 736 4232; x_wconf 73' lang='lat' dir='ltr'><strong>tum</strong></span> <span class='ocrx_word' id='word_1_554' title='bbox 768 4173 1001 4229; x_wconf 81' lang='lat' dir='ltr'><strong>Verbum</strong></span> <span class='ocrx_word' id='word_1_555' title='bbox 1049 4174 1211 4227; x_wconf 90' lang='lat' dir='ltr'><strong>etiam</strong></span> <span class='ocrx_word' id='word_1_556' title='bbox 1253 4180 1535 4241; x_wconf 84' lang='lat' dir='ltr'><strong>antequam</strong></span> <span class='ocrx_word' id='word_1_557' title='bbox 1572 4172 1732 4226; x_wconf 89' lang='lat' dir='ltr'><strong>homo</strong></span> <span class='ocrx_word' id='word_1_558' title='bbox 1785 4171 1957 4236; x_wconf 81' lang='lat' dir='ltr'><strong>fieret,</strong></span> <span class='ocrx_word' id='word_1_559' title='bbox 1991 4169 2056 4222; x_wconf 89' lang='lat' dir='ltr'><strong>ad</strong></span> <span class='ocrx_word' id='word_1_560' title='bbox 2099 4185 2188 4225; x_wconf 88' lang='lat' dir='ltr'><strong>sa-</strong></span> 
     </span>
    </p>
   </div>
   <div class='ocr_carea' id='block_1_76' title="bbox 625 4262 2186 4328">
    <p class='ocr_par' dir='ltr' id='par_1_76' title="bbox 625 4262 2186 4328">
     <span class='ocr_line' id='line_1_76' title="bbox 625 4262 2186 4328; baseline -0.004 -6"><span class='ocrx_word' id='word_1_561' title='bbox 625 4268 851 4324; x_wconf 90' lang='lat' dir='ltr'><strong>cerd0tii</strong></span> <span class='ocrx_word' id='word_1_562' title='bbox 903 4282 1099 4321; x_wconf 89' lang='lat' dir='ltr'><strong>munus</strong></span> <span class='ocrx_word' id='word_1_563' title='bbox 1145 4281 1265 4321; x_wconf 86' lang='lat' dir='ltr'><strong>esse</strong></span> <span class='ocrx_word' id='word_1_564' title='bbox 1305 4265 1646 4328; x_wconf 86' lang='lat' dir='ltr'><strong>collocatum,</strong></span> <span class='ocrx_word' id='word_1_565' title='bbox 1697 4273 1752 4317; x_wconf 93' lang='lat' dir='ltr'><strong>et</strong></span> <span class='ocrx_word' id='word_1_566' title='bbox 1796 4264 1847 4316; x_wconf 93' lang='lat' dir='ltr'><strong>iu</strong></span> <span class='ocrx_word' id='word_1_567' title='bbox 1899 4262 2186 4316; x_wconf 87' lang='lat' dir='ltr'><strong>ministerii</strong></span> 
     </span>
    </p>
   </div>
   <div class='ocr_carea' id='block_1_77' title="bbox 625 4353 2187 4420">
    <p class='ocr_par' dir='ltr' id='par_1_77' title="bbox 625 4353 2187 4420">
     <span class='ocr_line' id='line_1_77' title="bbox 625 4353 2187 4420; baseline -0.006 -6"><span class='ocrx_word' id='word_1_568' title='bbox 625 4358 814 4414; x_wconf 81' lang='lat' dir='ltr'><strong>ordine</strong></span> <span class='ocrx_word' id='word_1_569' title='bbox 868 4372 931 4412; x_wconf 89' lang='lat' dir='ltr'><strong>ac</strong></span> <span class='ocrx_word' id='word_1_570' title='bbox 982 4371 1229 4410; x_wconf 87' lang='lat' dir='ltr'><strong>mensura</strong></span> <span class='ocrx_word' id='word_1_571' title='bbox 1277 4355 1648 4417; x_wconf 88' lang='lat' dir='ltr'><strong>constitutum,</strong></span> <span class='ocrx_word' id='word_1_572' title='bbox 1697 4368 1866 4420; x_wconf 82' lang='lat' dir='ltr'><strong>eaque</strong></span> <span class='ocrx_word' id='word_1_573' title='bbox 1914 4353 1978 4405; x_wconf 89' lang='lat' dir='ltr'><strong>de</strong></span> <span class='ocrx_word' id='word_1_574' title='bbox 2026 4366 2187 4407; x_wconf 89' lang='lat' dir='ltr'><strong>causa</strong></span> 
     </span>
    </p>
   </div>
   <div class='ocr_carea' id='block_1_78' title="bbox 620 4443 2189 4517">
    <p class='ocr_par' dir='ltr' id='par_1_78' title="bbox 620 4443 2189 4517">
     <span class='ocr_line' id='line_1_78' title="bbox 620 4443 2189 4517; baseline -0.003 -17"><span class='ocrx_word' id='word_1_575' title='bbox 620 4450 743 4515; x_wconf 76' lang='lat' dir='ltr'><strong>jure</strong></span> <span class='ocrx_word' id='word_1_576' title='bbox 799 4447 1059 4517; x_wconf 83' lang='lat' dir='ltr'><strong>appellati</strong></span> <span class='ocrx_word' id='word_1_577' title='bbox 1101 4446 1405 4516; x_wconf 82' lang='lat' dir='ltr'><strong>pontificem</strong></span> <span class='ocrx_word' id='word_1_578' title='bbox 1447 4456 1500 4498; x_wconf 80' lang='lat' dir='ltr'><strong>ut</strong></span> <span class='ocrx_word' id='word_1_579' title='bbox 1550 4443 1867 4512; x_wconf 88' lang='lat' dir='ltr'><strong>apostolum,</strong></span> <span class='ocrx_word' id='word_1_580' title='bbox 1914 4444 2189 4510; x_wconf 77' lang='lat' dir='ltr'><strong>sapienter</strong></span> 
     </span>
    </p>
   </div>
   <div class='ocr_carea' id='block_1_79' title="bbox 627 4532 2193 4609">
    <p class='ocr_par' dir='ltr' id='par_1_79' title="bbox 627 4532 2193 4609">
     <span class='ocr_line' id='line_1_79' title="bbox 627 4532 2193 4609; baseline -0.003 -16"><span class='ocrx_word' id='word_1_581' title='bbox 627 4541 810 4609; x_wconf 85' lang='lat' dir='ltr'><strong>utique</strong></span> <span class='ocrx_word' id='word_1_582' title='bbox 839 4538 1153 4601; x_wconf 84' lang='lat' dir='ltr'><strong>rcfutasset,</strong></span> <span class='ocrx_word' id='word_1_583' title='bbox 1189 4546 1243 4591; x_wconf 89' lang='lat' dir='ltr'><strong>et</strong></span> <span class='ocrx_word' id='word_1_584' title='bbox 1271 4546 1393 4603; x_wconf 86' lang='lat' dir='ltr'><strong>apte</strong></span> <span class='ocrx_word' id='word_1_585' title='bbox 1422 4536 1522 4589; x_wconf 78' lang='lat' dir='ltr'><strong>hac</strong></span> <span class='ocrx_word' id='word_1_586' title='bbox 1555 4537 1618 4589; x_wconf 86' lang='lat' dir='ltr'><strong>de</strong></span> <span class='ocrx_word' id='word_1_587' title='bbox 1654 4549 1709 4588; x_wconf 90' lang='lat' dir='ltr'><strong>re</strong></span> <span class='ocrx_word' id='word_1_588' title='bbox 1732 4532 2042 4587; x_wconf 87' lang='lat' dir='ltr'><strong>conclusam</strong></span> <span class='ocrx_word' id='word_1_589' title='bbox 2074 4548 2193 4588; x_wconf 87' lang='lat' dir='ltr'><strong>esse</strong></span> 
     </span>
    </p>
   </div>
   <div class='ocr_carea' id='block_1_80' title="bbox 625 4623 2195 4693">
    <p class='ocr_par' dir='ltr' id='par_1_80' title="bbox 625 4623 2195 4693">
     <span class='ocr_line' id='line_1_80' title="bbox 625 4623 2195 4693; baseline -0.004 -10"><span class='ocrx_word' id='word_1_590' title='bbox 625 4631 693 4685; x_wconf 87' lang='lat' dir='ltr'><strong>ab</strong></span> <span class='ocrx_word' id='word_1_591' title='bbox 717 4645 781 4685; x_wconf 87' lang='lat' dir='ltr'><strong>eo</strong></span> <span class='ocrx_word' id='word_1_592' title='bbox 809 4628 1272 4682; x_wconf 82' lang='lat' dir='ltr'><strong>ratiocinationem</strong></span> <span class='ocrx_word' id='word_1_593' title='bbox 1300 4625 1406 4679; x_wconf 88' lang='lat' dir='ltr'><strong>dici</strong></span> <span class='ocrx_word' id='word_1_594' title='bbox 1437 4634 1637 4693; x_wconf 86' lang='lat' dir='ltr'><strong>posset.</strong></span> <span class='ocrx_word' id='word_1_595' title='bbox 1664 4623 1777 4677; x_wconf 81' lang='lat' dir='ltr'><strong>Non</strong></span> <span class='ocrx_word' id='word_1_596' title='bbox 1810 4623 1953 4676; x_wconf 89' lang='lat' dir='ltr'><strong>enim</strong></span> <span class='ocrx_word' id='word_1_597' title='bbox 1989 4632 2195 4677; x_wconf 76' lang='lat' dir='ltr'><strong>natura:</strong></span> 
     </span>
    </p>
   </div>
   <div class='ocr_carea' id='block_1_81' title="bbox 626 4716 2195 4778">
    <p class='ocr_par' dir='ltr' id='par_1_81' title="bbox 626 4716 2195 4778">
     <span class='ocr_line' id='line_1_81' title="bbox 626 4716 2195 4778; baseline -0.006 -1"><span class='ocrx_word' id='word_1_598' title='bbox 626 4722 701 4777; x_wconf 83' lang='lat' dir='ltr'><strong>illi</strong></span> <span class='ocrx_word' id='word_1_599' title='bbox 749 4722 999 4775; x_wconf 87' lang='lat' dir='ltr'><strong>omnibus</strong></span> <span class='ocrx_word' id='word_1_600' title='bbox 1052 4717 1350 4772; x_wconf 85' lang='lat' dir='ltr'><strong>dominanti</strong></span> <span class='ocrx_word' id='word_1_601' title='bbox 1401 4716 1772 4771; x_wconf 82' lang='lat' dir='ltr'><strong>sacrificantes</strong></span> <span class='ocrx_word' id='word_1_602' title='bbox 1817 4716 2078 4778; x_wconf 86' lang='lat' dir='ltr'><strong>deerant,</strong></span> <span class='ocrx_word' id='word_1_603' title='bbox 2136 4724 2195 4768; x_wconf 86' lang='lat' dir='ltr'><strong>ut</strong></span> 
     </span>
    </p>
   </div>
   <div class='ocr_carea' id='block_1_82' title="bbox 625 4806 2191 4882">
    <p class='ocr_par' dir='ltr' id='par_1_82' title="bbox 625 4806 2191 4882">
     <span class='ocr_line' id='line_1_82' title="bbox 625 4806 2191 4882; baseline -0.004 -16"><span class='ocrx_word' id='word_1_604' title='bbox 625 4814 738 4882; x_wconf 86' lang='lat' dir='ltr'><strong>ipsa</strong></span> <span class='ocrx_word' id='word_1_605' title='bbox 781 4812 883 4866; x_wconf 87' lang='lat' dir='ltr'><strong>sibi</strong></span> <span class='ocrx_word' id='word_1_606' title='bbox 935 4824 1149 4864; x_wconf 90' lang='lat' dir='ltr'><strong>sacrum</strong></span> <span class='ocrx_word' id='word_1_607' title='bbox 1198 4808 1480 4863; x_wconf 78' lang='lat' dir='ltr'><strong>exhiberet</strong></span> <span class='ocrx_word' id='word_1_608' title='bbox 1518 4806 1857 4874; x_wconf 78' lang='lat' dir='ltr'><strong>obsequium.</strong></span> <span class='ocrx_word' id='word_1_609' title='bbox 1909 4806 2013 4860; x_wconf 82' lang='lat' dir='ltr'><strong>Sed</strong></span> <span class='ocrx_word' id='word_1_610' title='bbox 2062 4807 2191 4874; x_wconf 88' lang='lat' dir='ltr'><strong>quia</strong></span> 
     </span>
    </p>
   </div>
   <div class='ocr_carea' id='block_1_83' title="bbox 625 4895 2189 4970">
    <p class='ocr_par' dir='ltr' id='par_1_83' title="bbox 625 4895 2189 4970">
     <span class='ocr_line' id='line_1_83' title="bbox 625 4895 2189 4970; baseline -0.003 -14"><span class='ocrx_word' id='word_1_611' title='bbox 625 4903 715 4956; x_wconf 83' lang='lat' dir='ltr'><strong>ille</strong></span> <span class='ocrx_word' id='word_1_612' title='bbox 750 4899 1074 4970; x_wconf 87' lang='lat' dir='ltr'><strong>Unigenitus</strong></span> <span class='ocrx_word' id='word_1_613' title='bbox 1096 4898 1187 4968; x_wconf 93' lang='lat' dir='ltr'><strong>qui</strong></span> <span class='ocrx_word' id='word_1_614' title='bbox 1221 4907 1410 4951; x_wconf 89' lang='lat' dir='ltr'><strong>natura</strong></span> <span class='ocrx_word' id='word_1_615' title='bbox 1448 4895 1589 4950; x_wconf 87' lang='lat' dir='ltr'><strong>Deus</strong></span> <span class='ocrx_word' id='word_1_616' title='bbox 1614 4907 1755 4961; x_wconf 89' lang='lat' dir='ltr'><strong>erat,</strong></span> <span class='ocrx_word' id='word_1_617' title='bbox 1787 4907 1897 4951; x_wconf 87' lang='lat' dir='ltr'><strong>eta</strong></span> <span class='ocrx_word' id='word_1_618' title='bbox 1933 4899 2189 4952; x_wconf 87' lang='lat' dir='ltr'><strong>sacerdo-</strong></span> 
     </span>
    </p>
   </div>
   <div class='ocr_carea' id='block_1_84' title="bbox 626 4991 2192 5063">
    <p class='ocr_par' dir='ltr' id='par_1_84' title="bbox 626 4991 2192 5063">
     <span class='ocr_line' id='line_1_84' title="bbox 626 4991 2192 5063; baseline -0.006 -11"><span class='ocrx_word' id='word_1_619' title='bbox 626 4998 771 5052; x_wconf 85' lang='lat' dir='ltr'><strong>tibus</strong></span> <span class='ocrx_word' id='word_1_620' title='bbox 808 4994 1067 5063; x_wconf 88' lang='lat' dir='ltr'><strong>obsequia</strong></span> <span class='ocrx_word' id='word_1_621' title='bbox 1105 5008 1257 5047; x_wconf 91' lang='lat' dir='ltr'><strong>sacra</strong></span> <span class='ocrx_word' id='word_1_622' title='bbox 1294 4991 1645 5061; x_wconf 86' lang='lat' dir='ltr'><strong>suscipiebat,</strong></span> <span class='ocrx_word' id='word_1_623' title='bbox 1673 4991 1739 5044; x_wconf 89' lang='lat' dir='ltr'><strong>ad</strong></span> <span class='ocrx_word' id='word_1_624' title='bbox 1767 5004 2072 5045; x_wconf 83' lang='lat' dir='ltr'><strong>mensuram</strong></span> <span class='ocrx_word' id='word_1_625' title='bbox 2099 5003 2192 5046; x_wconf 91' lang='lat' dir='ltr'><strong>eo-</strong></span> 
     </span>
    </p>
   </div>
   <div class='ocr_carea' id='block_1_85' title="bbox 625 5080 2194 5154">
    <p class='ocr_par' dir='ltr' id='par_1_85' title="bbox 625 5080 2194 5154">
     <span class='ocr_line' id='line_1_85' title="bbox 625 5080 2194 5154; baseline -0.006 -12"><span class='ocrx_word' id='word_1_626' title='bbox 625 5103 743 5143; x_wconf 87' lang='lat' dir='ltr'><strong>rum</strong></span> <span class='ocrx_word' id='word_1_627' title='bbox 771 5087 1048 5141; x_wconf 83' lang='lat' dir='ltr'><strong>descendit</strong></span> <span class='ocrx_word' id='word_1_628' title='bbox 1069 5084 1157 5154; x_wconf 91' lang='lat' dir='ltr'><strong>qui</strong></span> <span class='ocrx_word' id='word_1_629' title='bbox 1183 5082 1489 5139; x_wconf 90' lang='lat' dir='ltr'><strong>sacerdotio</strong></span> <span class='ocrx_word' id='word_1_630' title='bbox 1515 5080 1894 5151; x_wconf 89' lang='lat' dir='ltr'><strong>fungebantur,</strong></span> <span class='ocrx_word' id='word_1_631' title='bbox 1920 5081 2105 5144; x_wconf 87' lang='lat' dir='ltr'><strong>homo,</strong></span> <span class='ocrx_word' id='word_1_632' title='bbox 2135 5087 2194 5133; x_wconf 93' lang='lat' dir='ltr'><strong>ut</strong></span> 
     </span>
    </p>
   </div>
   <div class='ocr_carea' id='block_1_86' title="bbox 624 5170 2192 5243">
    <p class='ocr_par' dir='ltr' id='par_1_86' title="bbox 624 5170 2192 5243">
     <span class='ocr_line' id='line_1_86' title="bbox 624 5170 2192 5243; baseline -0.006 -8"><span class='ocrx_word' id='word_1_633' title='bbox 624 5178 757 5243; x_wconf 76' lang='lat' dir='ltr'><strong>dixi,</strong></span> <span class='ocrx_word' id='word_1_634' title='bbox 780 5177 969 5242; x_wconf 81' lang='lat' dir='ltr'><strong>factus,</strong></span> <span class='ocrx_word' id='word_1_635' title='bbox 994 5174 1129 5230; x_wconf 84' lang='lat' dir='ltr'><strong>nihil</strong></span> <span class='ocrx_word' id='word_1_636' title='bbox 1146 5174 1365 5229; x_wconf 88' lang='lat' dir='ltr'><strong>absurdi</strong></span> <span class='ocrx_word' id='word_1_637' title='bbox 1388 5181 1491 5237; x_wconf 88' lang='lat' dir='ltr'><strong>est,</strong></span> <span class='ocrx_word' id='word_1_638' title='bbox 1512 5172 1555 5227; x_wconf 90' lang='lat' dir='ltr'><strong>si</strong></span> <span class='ocrx_word' id='word_1_639' title='bbox 1573 5174 1736 5227; x_wconf 86' lang='lat' dir='ltr'><strong>etiam</strong></span> <span class='ocrx_word' id='word_1_640' title='bbox 1758 5170 2014 5227; x_wconf 88' lang='lat' dir='ltr'><strong>sacerdos</strong></span> <span class='ocrx_word' id='word_1_641' title='bbox 2035 5185 2192 5225; x_wconf 87' lang='lat' dir='ltr'><strong>voce-</strong></span> 
     </span>
    </p>
   </div>
   <div class='ocr_carea' id='block_1_87' title="bbox 624 5261 2195 5325">
    <p class='ocr_par' dir='ltr' id='par_1_87' title="bbox 624 5261 2195 5325">
     <span class='ocr_line' id='line_1_87' title="bbox 624 5261 2195 5325; baseline -0.004 -2"><span class='ocrx_word' id='word_1_642' title='bbox 624 5279 713 5323; x_wconf 89' lang='lat' dir='ltr'><strong>tur</strong></span> <span class='ocrx_word' id='word_1_643' title='bbox 740 5285 768 5323; x_wconf 91' lang='lat' dir='ltr'><strong>a</strong></span> <span class='ocrx_word' id='word_1_644' title='bbox 798 5270 969 5324; x_wconf 90' lang='lat' dir='ltr'><strong>nobis.</strong></span> <span class='ocrx_word' id='word_1_645' title='bbox 1008 5269 1090 5322; x_wconf 82' lang='lat' dir='ltr'><strong>An</strong></span> <span class='ocrx_word' id='word_1_646' title='bbox 1124 5282 1250 5322; x_wconf 91' lang='lat' dir='ltr'><strong>vero</strong></span> <span class='ocrx_word' id='word_1_647' title='bbox 1282 5281 1389 5321; x_wconf 86' lang='lat' dir='ltr'><strong>non</strong></span> <span class='ocrx_word' id='word_1_648' title='bbox 1430 5264 1710 5320; x_wconf 91' lang='lat' dir='ltr'><strong>descendit</strong></span> <span class='ocrx_word' id='word_1_649' title='bbox 1742 5266 1792 5318; x_wconf 92' lang='lat' dir='ltr'><strong>in</strong></span> <span class='ocrx_word' id='word_1_650' title='bbox 1823 5261 1995 5317; x_wconf 86' lang='lat' dir='ltr'><strong>forma</strong></span> <span class='ocrx_word' id='word_1_651' title='bbox 2027 5262 2195 5325; x_wconf 84' lang='lat' dir='ltr'><strong>servi,</strong></span> 
     </span>
    </p>
   </div>
   <div class='ocr_carea' id='block_1_88' title="bbox 626 5352 2194 5431">
    <p class='ocr_par' dir='ltr' id='par_1_88' title="bbox 626 5352 2194 5431">
     <span class='ocr_line' id='line_1_88' title="bbox 626 5352 2194 5431; baseline -0.006 -17"><span class='ocrx_word' id='word_1_652' title='bbox 626 5359 737 5431; x_wconf 79' lang='lat'><strong>6&#39;7</strong></span> <span class='ocrx_word' id='word_1_653' title='bbox 774 5358 1001 5415; x_wconf 89' lang='lat' dir='ltr'><strong>formam</strong></span> <span class='ocrx_word' id='word_1_654' title='bbox 1027 5358 1232 5413; x_wconf 86' lang='lat' dir='ltr'><strong>scilicet</strong></span> <span class='ocrx_word' id='word_1_655' title='bbox 1257 5358 1397 5411; x_wconf 89' lang='lat' dir='ltr'><strong>servi</strong></span> <span class='ocrx_word' id='word_1_656' title='bbox 1427 5357 1722 5424; x_wconf 89' lang='lat' dir='ltr'><strong>accipiens,</strong></span> <span class='ocrx_word' id='word_1_657' title='bbox 1745 5353 1995 5423; x_wconf 79' lang='lat' dir='ltr'><strong>quamvis</strong></span> <span class='ocrx_word' id='word_1_658' title='bbox 2022 5352 2194 5421; x_wconf 79' lang='lat' dir='ltr'><strong>figura</strong></span> 
     </span>
    </p>
   </div>
   <div class='ocr_carea' id='block_1_89' title="bbox 627 5446 2196 5519">
    <p class='ocr_par' dir='ltr' id='par_1_89' title="bbox 627 5446 2196 5519">
     <span class='ocr_line' id='line_1_89' title="bbox 627 5446 2196 5519; baseline -0.005 -14"><span class='ocrx_word' id='word_1_659' title='bbox 627 5458 773 5505; x_wconf 83' lang='lat' dir='ltr'><strong>esset</strong></span> <span class='ocrx_word' id='word_1_660' title='bbox 822 5464 885 5504; x_wconf 88' lang='lat' dir='ltr'><strong>ac</strong></span> <span class='ocrx_word' id='word_1_661' title='bbox 932 5449 1185 5519; x_wconf 86' lang='lat' dir='ltr'><strong>splendor</strong></span> <span class='ocrx_word' id='word_1_662' title='bbox 1228 5448 1411 5517; x_wconf 72' lang='lat' dir='ltr'><strong>gloria:</strong></span> <span class='ocrx_word' id='word_1_663' title='bbox 1457 5446 1744 5501; x_wconf 74' lang='lat' dir='ltr'><strong>Patris”?</strong></span> <span class='ocrx_word' id='word_1_664' title='bbox 1781 5459 2005 5515; x_wconf 88' lang='lat' dir='ltr'><strong>prorsus</strong></span> <span class='ocrx_word' id='word_1_665' title='bbox 2036 5458 2196 5497; x_wconf 88' lang='lat' dir='ltr'><strong>nemo</strong></span> 
     </span>
    </p>
   </div>
   <div class='ocr_carea' id='block_1_90' title="bbox 630 5535 2190 5607">
    <p class='ocr_par' dir='ltr' id='par_1_90' title="bbox 630 5535 2190 5607">
     <span class='ocr_line' id='line_1_90' title="bbox 630 5535 2190 5607; baseline -0.004 -14"><span class='ocrx_word' id='word_1_666' title='bbox 630 5550 715 5594; x_wconf 87' lang='lat' dir='ltr'><strong>est</strong></span> <span class='ocrx_word' id='word_1_667' title='bbox 744 5539 835 5607; x_wconf 93' lang='lat' dir='ltr'><strong>qui</strong></span> <span class='ocrx_word' id='word_1_668' title='bbox 860 5539 925 5594; x_wconf 89' lang='lat' dir='ltr'><strong>de</strong></span> <span class='ocrx_word' id='word_1_669' title='bbox 950 5539 1051 5593; x_wconf 85' lang='lat' dir='ltr'><strong>hac</strong></span> <span class='ocrx_word' id='word_1_670' title='bbox 1077 5552 1135 5594; x_wconf 87' lang='lat' dir='ltr'><strong>re</strong></span> <span class='ocrx_word' id='word_1_671' title='bbox 1160 5538 1385 5594; x_wconf 87' lang='lat' dir='ltr'><strong>dubitet.</strong></span> <span class='ocrx_word' id='word_1_672' title='bbox 1419 5537 1553 5593; x_wconf 90' lang='lat' dir='ltr'><strong>Cum</strong></span> <span class='ocrx_word' id='word_1_673' title='bbox 1586 5537 1749 5605; x_wconf 89' lang='lat' dir='ltr'><strong>igitur</strong></span> <span class='ocrx_word' id='word_1_674' title='bbox 1778 5535 1869 5591; x_wconf 88' lang='lat' dir='ltr'><strong>ille</strong></span> <span class='ocrx_word' id='word_1_675' title='bbox 1895 5535 2190 5591; x_wconf 88' lang='lat' dir='ltr'><strong>secundum</strong></span> 
     </span>
    </p>
   </div>
   <div class='ocr_carea' id='block_1_91' title="bbox 2298 3276 3867 3349">
    <p class='ocr_par' dir='ltr' id='par_1_91' title="bbox 2298 3276 3867 3349">
     <span class='ocr_line' id='line_1_91' title="bbox 2298 3276 3867 3349; baseline 0.001 -20"><span class='ocrx_word' id='word_1_676' title='bbox 2298 3276 2608 3345; x_wconf 84' lang='grc' dir='ltr'>ὁμολογίαν,</span> <span class='ocrx_word' id='word_1_677' title='bbox 2659 3276 2976 3347; x_wconf 82' lang='grc' dir='ltr'>πρέπουσάν</span> <span class='ocrx_word' id='word_1_678' title='bbox 3020 3296 3078 3331; x_wconf 88' lang='grc' dir='ltr'><strong>τε</strong></span> <span class='ocrx_word' id='word_1_679' title='bbox 3124 3280 3220 3333; x_wconf 64' lang='grc' dir='ltr'><strong>καὶ⁵</strong></span> <span class='ocrx_word' id='word_1_680' title='bbox 3268 3280 3388 3332; x_wconf 88' lang='grc' dir='ltr'>κατ’</span> <span class='ocrx_word' id='word_1_681' title='bbox 3434 3278 3627 3333; x_wconf 79' lang='grc' dir='ltr'>οὐδένα</span> <span class='ocrx_word' id='word_1_682' title='bbox 3669 3278 3867 3349; x_wconf 84' lang='grc' dir='ltr'>τρόπον</span> 
     </span>
    </p>
   </div>
   <div class='ocr_carea' id='block_1_92' title="bbox 2298 3366 3870 3440">
    <p class='ocr_par' dir='ltr' id='par_1_92' title="bbox 2298 3366 3870 3440">
     <span class='ocr_line' id='line_1_92' title="bbox 2298 3366 3870 3440; baseline 0.001 -21"><span class='ocrx_word' id='word_1_683' title='bbox 2298 3366 2639 3437; x_wconf 84' lang='grc' dir='ltr'>ἀνάρμοστον</span> <span class='ocrx_word' id='word_1_684' title='bbox 2672 3368 2782 3431; x_wconf 87' lang='grc' dir='ltr'>τοῖς</span> <span class='ocrx_word' id='word_1_685' title='bbox 2820 3368 2921 3437; x_wconf 82' lang='grc' dir='ltr'>τῆς</span> <span class='ocrx_word' id='word_1_686' title='bbox 2958 3366 3239 3432; x_wconf 83' lang='grc' dir='ltr'>κενώσεως</span> <span class='ocrx_word' id='word_1_687' title='bbox 3275 3369 3496 3439; x_wconf 84' lang='grc' dir='ltr'>μέτροις</span> <span class='ocrx_word' id='word_1_688' title='bbox 3541 3368 3870 3440; x_wconf 80' lang='grc' dir='ltr'>ποιήσασθαι</span> 
     </span>
    </p>
   </div>
   <div class='ocr_carea' id='block_1_93' title="bbox 2296 3453 3870 3531">
    <p class='ocr_par' dir='ltr' id='par_1_93' title="bbox 2296 3453 3870 3531">
     <span class='ocr_line' id='line_1_93' title="bbox 2296 3453 3870 3531; baseline 0.003 -23"><span class='ocrx_word' id='word_1_689' title='bbox 2296 3458 2396 3526; x_wconf 77' lang='grc' dir='ltr'>τὴν</span> <span class='ocrx_word' id='word_1_690' title='bbox 2442 3458 2774 3528; x_wconf 87' lang='grc' dir='ltr'>οίκονομίαν.</span> <span class='ocrx_word' id='word_1_691' title='bbox 2823 3458 2962 3511; x_wconf 85' lang='grc' dir='ltr'>Ἀλλ’</span> <span class='ocrx_word' id='word_1_692' title='bbox 2999 3460 3097 3529; x_wconf 77' lang='grc' dir='ltr'>οὐχ</span> <span class='ocrx_word' id='word_1_693' title='bbox 3124 3453 3241 3517; x_wconf 63' lang='grc' dir='ltr'>,ὧδε</span> <span class='ocrx_word' id='word_1_694' title='bbox 3296 3460 3449 3514; x_wconf 80' lang='grc' dir='ltr'>ταῦτ’</span> <span class='ocrx_word' id='word_1_695' title='bbox 3489 3460 3632 3531; x_wconf 77' lang='grc' dir='ltr'>ἔχειν</span> <span class='ocrx_word' id='word_1_696' title='bbox 3675 3462 3870 3530; x_wconf 73' lang='grc' dir='ltr'>ἐκείνῳ</span> 
     </span>
    </p>
   </div>
   <div class='ocr_carea' id='block_1_94' title="bbox 2298 3546 3870 3621">
    <p class='ocr_par' dir='ltr' id='par_1_94' title="bbox 2298 3546 3870 3621">
     <span class='ocr_line' id='line_1_94' title="bbox 2298 3546 3870 3621; baseline 0.002 -21"><span class='ocrx_word' id='word_1_697' title='bbox 2298 3546 2465 3609; x_wconf 85' lang='grc' dir='ltr'>δοκεῖ,</span> <span class='ocrx_word' id='word_1_698' title='bbox 2505 3546 2612 3618; x_wconf 76' lang='grc' dir='ltr'>ίδίᾳ</span> <span class='ocrx_word' id='word_1_699' title='bbox 2637 3547 2694 3600; x_wconf 83' lang='grc' dir='ltr'>δὲ</span> <span class='ocrx_word' id='word_1_700' title='bbox 2738 3547 2937 3616; x_wconf 78' lang='grc' dir='ltr'>μᾶλλον</span> <span class='ocrx_word' id='word_1_701' title='bbox 2969 3549 3065 3602; x_wconf 75' lang='grc' dir='ltr'>καὶ</span> <span class='ocrx_word' id='word_1_702' title='bbox 3101 3550 3205 3604; x_wconf 87' lang='grc' dir='ltr'><strong>ἀνά</strong></span> <span class='ocrx_word' id='word_1_703' title='bbox 3240 3549 3406 3621; x_wconf 82' lang='grc' dir='ltr'>μέρος</span> <span class='ocrx_word' id='word_1_704' title='bbox 3452 3549 3761 3617; x_wconf 87' lang='grc' dir='ltr'>ἀπολαϐὼν,</span> <span class='ocrx_word' id='word_1_705' title='bbox 3794 3551 3870 3615; x_wconf 84' lang='grc' dir='ltr'><strong>ὡς</strong></span> 
     </span>
    </p>
   </div>
   <div class='ocr_carea' id='block_1_95' title="bbox 2295 3636 3869 3711">
    <p class='ocr_par' dir='ltr' id='par_1_95' title="bbox 2295 3636 3869 3711">
     <span class='ocr_line' id='line_1_95' title="bbox 2295 3636 3869 3711; baseline 0.002 -22"><span class='ocrx_word' id='word_1_706' title='bbox 2295 3636 2483 3707; x_wconf 79' lang='grc' dir='ltr'>ἓτερον</span> <span class='ocrx_word' id='word_1_707' title='bbox 2534 3638 2664 3692; x_wconf 75' lang='grc' dir='ltr'>ὄντα</span> <span class='ocrx_word' id='word_1_708' title='bbox 2705 3639 2940 3709; x_wconf 83' lang='grc' dir='ltr'>Χριστὸν</span> <span class='ocrx_word' id='word_1_709' title='bbox 2983 3640 3072 3693; x_wconf 80' lang='grc' dir='ltr'>τὸν</span> <span class='ocrx_word' id='word_1_710' title='bbox 3119 3640 3184 3693; x_wconf 81' lang='grc' dir='ltr'>ὲκ</span> <span class='ocrx_word' id='word_1_711' title='bbox 3222 3640 3323 3710; x_wconf 84' lang='grc' dir='ltr'>τῆς</span> <span class='ocrx_word' id='word_1_712' title='bbox 3376 3642 3537 3708; x_wconf 78' lang='grc' dir='ltr'>ἁγίας</span> <span class='ocrx_word' id='word_1_713' title='bbox 3587 3640 3869 3711; x_wconf 78' lang='grc' dir='ltr'>Παρθένου</span> 
     </span>
    </p>
   </div>
   <div class='ocr_carea' id='block_1_96' title="bbox 2299 3727 3868 3800">
    <p class='ocr_par' dir='ltr' id='par_1_96' title="bbox 2299 3727 3868 3800">
     <span class='ocr_line' id='line_1_96' title="bbox 2299 3727 3868 3800; baseline 0.003 -21"><span class='ocrx_word' id='word_1_714' title='bbox 2299 3728 2452 3797; x_wconf 87' lang='grc' dir='ltr'>παρά</span> <span class='ocrx_word' id='word_1_715' title='bbox 2479 3744 2545 3796; x_wconf 85' lang='grc' dir='ltr'><strong>γε</strong></span> <span class='ocrx_word' id='word_1_716' title='bbox 2579 3727 2669 3781; x_wconf 75' lang='grc' dir='ltr'>τὸν</span> <span class='ocrx_word' id='word_1_717' title='bbox 2692 3729 2755 3781; x_wconf 86' lang='grc' dir='ltr'>ὲκ</span> <span class='ocrx_word' id='word_1_718' title='bbox 2789 3727 2925 3783; x_wconf 90' lang='grc' dir='ltr'>Θεοῦ</span> <span class='ocrx_word' id='word_1_719' title='bbox 2962 3729 3173 3800; x_wconf 71' lang='grc' dir='ltr'>Πατρός</span> <span class='ocrx_word' id='word_1_720' title='bbox 3206 3731 3397 3798; x_wconf 90' lang='grc' dir='ltr'>Λόγον,</span> <span class='ocrx_word' id='word_1_721' title='bbox 3431 3729 3592 3785; x_wconf 77' lang='grc' dir='ltr'>αὑτὸν</span> <span class='ocrx_word' id='word_1_722' title='bbox 3616 3731 3868 3798; x_wconf 82' lang='grc' dir='ltr'>γενέσθαι</span> 
     </span>
    </p>
   </div>
   <div class='ocr_carea' id='block_1_97' title="bbox 2297 3818 3867 3891">
    <p class='ocr_par' dir='ltr' id='par_1_97' title="bbox 2297 3818 3867 3891">
     <span class='ocr_line' id='line_1_97' title="bbox 2297 3818 3867 3891; baseline 0.002 -21"><span class='ocrx_word' id='word_1_723' title='bbox 2297 3819 2460 3887; x_wconf 70' lang='grc' dir='ltr'>φησιν</span> <span class='ocrx_word' id='word_1_724' title='bbox 2477 3818 2800 3873; x_wconf 79' lang='grc' dir='ltr'>Ἀπόστολον</span> <span class='ocrx_word' id='word_1_725' title='bbox 2818 3821 2909 3873; x_wconf 75' lang='grc' dir='ltr'>καὶ</span> <span class='ocrx_word' id='word_1_726' title='bbox 2945 3821 3232 3890; x_wconf 80' lang='grc' dir='ltr'>Ἀρχιερέα</span> <span class='ocrx_word' id='word_1_727' title='bbox 3262 3822 3358 3891; x_wconf 81' lang='grc' dir='ltr'>τῆς</span> <span class='ocrx_word' id='word_1_728' title='bbox 3384 3820 3672 3889; x_wconf 82' lang='grc' dir='ltr'>ὁμολογίας</span> <span class='ocrx_word' id='word_1_729' title='bbox 3689 3823 3722 3891; x_wconf 79' lang='grc' dir='ltr'><strong>η</strong></span> <span class='ocrx_word' id='word_1_730' title='bbox 3732 3822 3867 3889; x_wconf 84' lang='grc' dir='ltr'>μῶν·</span> 
     </span>
    </p>
   </div>
   <div class='ocr_carea' id='block_1_98' title="bbox 2297 3909 3873 3984">
    <p class='ocr_par' dir='ltr' id='par_1_98' title="bbox 2297 3909 3873 3984">
     <span class='ocr_line' id='line_1_98' title="bbox 2297 3909 3873 3984; baseline 0.002 -21"><span class='ocrx_word' id='word_1_731' title='bbox 2297 3909 2469 3963; x_wconf 76' lang='grc' dir='ltr'>οἴεται</span> <span class='ocrx_word' id='word_1_732' title='bbox 2505 3911 2563 3965; x_wconf 84' lang='grc' dir='ltr'>δὲ</span> <span class='ocrx_word' id='word_1_733' title='bbox 2608 3912 2703 3965; x_wconf 82' lang='grc' dir='ltr'>καὶ</span> <span class='ocrx_word' id='word_1_734' title='bbox 2759 3911 2867 3965; x_wconf 84' lang='grc' dir='ltr'>τῶν</span> <span class='ocrx_word' id='word_1_735' title='bbox 2911 3914 2991 3976; x_wconf 80' lang='grc' dir='ltr'>εἰς</span> <span class='ocrx_word' id='word_1_736' title='bbox 3038 3912 3320 3967; x_wconf 77' lang='grc' dir='ltr'>εὐσέϐειαν</span> <span class='ocrx_word' id='word_1_737' title='bbox 3362 3913 3605 3984; x_wconf 80' lang='grc' dir='ltr'>ἡκόντων</span> <span class='ocrx_word' id='word_1_738' title='bbox 3649 3915 3873 3978; x_wconf 79' lang='grc' dir='ltr'>ἐννοεῖν,</span> 
     </span>
    </p>
   </div>
   <div class='ocr_carea' id='block_1_99' title="bbox 2298 3997 3870 4074">
    <p class='ocr_par' dir='ltr' id='par_1_99' title="bbox 2298 3997 3870 4074">
     <span class='ocr_line' id='line_1_99' title="bbox 2298 3997 3870 4074; baseline 0.001 -19"><span class='ocrx_word' id='word_1_739' title='bbox 2298 4002 2475 4055; x_wconf 83' lang='grc' dir='ltr'>έκεῖνο</span> <span class='ocrx_word' id='word_1_740' title='bbox 2508 4001 2681 4069; x_wconf 88' lang='grc' dir='ltr'>λέγων</span> <span class='ocrx_word' id='word_1_741' title='bbox 2706 4018 2719 4032; x_wconf 76' lang='grc' dir='ltr'><strong>ο</strong></span> <span class='ocrx_word' id='word_1_742' title='bbox 2753 4004 2817 4055; x_wconf 81' lang='grc' dir='ltr'><strong>Εἰ</strong></span> <span class='ocrx_word' id='word_1_743' title='bbox 2845 4002 2977 4065; x_wconf 80' lang='grc' dir='ltr'>Θεὸς</span> <span class='ocrx_word' id='word_1_744' title='bbox 3002 4005 3029 4056; x_wconf 90' lang='grc' dir='ltr'>ὁ</span> <span class='ocrx_word' id='word_1_745' title='bbox 3048 4003 3394 4073; x_wconf 83' lang='grc' dir='ltr'>προσφέρων,</span> <span class='ocrx_word' id='word_1_746' title='bbox 3418 4004 3592 4065; x_wconf 75' lang='grc' dir='ltr'>οὐδεὶς</span> <span class='ocrx_word' id='word_1_747' title='bbox 3627 3997 3672 4072; x_wconf 81' lang='grc' dir='ltr'>ᾧ</span> <span class='ocrx_word' id='word_1_748' title='bbox 3701 4021 3870 4074; x_wconf 86' lang='grc' dir='ltr'>προσ-</span> 
     </span>
    </p>
   </div>
   <div class='ocr_carea' id='block_1_100' title="bbox 2299 4091 3873 4163">
    <p class='ocr_par' dir='ltr' id='par_1_100' title="bbox 2299 4091 3873 4163">
     <span class='ocr_line' id='line_1_100' title="bbox 2299 4091 3873 4163; baseline 0.004 -20"><span class='ocrx_word' id='word_1_749' title='bbox 2299 4091 2559 4162; x_wconf 78' lang='grc' dir='ltr'>φέρεται·</span> <span class='ocrx_word' id='word_1_750' title='bbox 2614 4094 2667 4145; x_wconf 85' lang='grc' dir='ltr'><strong>τί</strong></span> <span class='ocrx_word' id='word_1_751' title='bbox 2716 4092 2824 4163; x_wconf 84' lang='grc' dir='ltr'>γὰρ</span> <span class='ocrx_word' id='word_1_752' title='bbox 2877 4093 3129 4163; x_wconf 86' lang='grc' dir='ltr'>θεότητος</span> <span class='ocrx_word' id='word_1_753' title='bbox 3177 4095 3347 4160; x_wconf 81' lang='grc' dir='ltr'>ἀξιον,</span> <span class='ocrx_word' id='word_1_754' title='bbox 3401 4097 3465 4149; x_wconf 71' lang='grc' dir='ltr'><strong>ἶν’</strong></span> <span class='ocrx_word' id='word_1_755' title='bbox 3531 4096 3605 4160; x_wconf 84' lang='grc' dir='ltr'>ὡς</span> <span class='ocrx_word' id='word_1_756' title='bbox 3651 4096 3873 4150; x_wconf 72' lang='grc' dir='ltr'>ἔλαττον</span> 
     </span>
    </p>
   </div>
   <div class='ocr_carea' id='block_1_101' title="bbox 2299 4180 3872 4255">
    <p class='ocr_par' dir='ltr' id='par_1_101' title="bbox 2299 4180 3872 4255">
     <span class='ocr_line' id='line_1_101' title="bbox 2299 4180 3872 4255; baseline 0.004 -22"><span class='ocrx_word' id='word_1_757' title='bbox 2299 4182 2581 4253; x_wconf 80' lang='grc' dir='ltr'>προσφέρῃ</span> <span class='ocrx_word' id='word_1_758' title='bbox 2620 4182 2697 4253; x_wconf 82' lang='grc' dir='ltr'>τῷ</span> <span class='ocrx_word' id='word_1_759' title='bbox 2731 4183 2935 4253; x_wconf 79' lang='grc' dir='ltr'>μείζονι</span> <span class='ocrx_word' id='word_1_760' title='bbox 2958 4201 2972 4249; x_wconf 84' lang='grc'>;</span> <span class='ocrx_word' id='word_1_761' title='bbox 3017 4184 3155 4236; x_wconf 79' lang='grc' dir='ltr'>Ἀλλ’</span> <span class='ocrx_word' id='word_1_762' title='bbox 3178 4185 3225 4236; x_wconf 87' lang='grc' dir='ltr'><strong>εί</strong></span> <span class='ocrx_word' id='word_1_763' title='bbox 3252 4184 3349 4253; x_wconf 90' lang='grc' dir='ltr'><strong>μέν</strong></span> <span class='ocrx_word' id='word_1_764' title='bbox 3375 4202 3455 4248; x_wconf 87' lang='grc' dir='ltr'><strong>τις</strong></span> <span class='ocrx_word' id='word_1_765' title='bbox 3471 4180 3539 4255; x_wconf 82' lang='grc' dir='ltr'>ἦν</span> <span class='ocrx_word' id='word_1_766' title='bbox 3560 4188 3589 4238; x_wconf 91' lang='lat'><strong>6</strong></span> <span class='ocrx_word' id='word_1_767' title='bbox 3616 4186 3872 4239; x_wconf 82' lang='grc' dir='ltr'>διατεινό-</span> 
     </span>
    </p>
   </div>
   <div class='ocr_carea' id='block_1_102' title="bbox 2302 4272 3871 4343">
    <p class='ocr_par' dir='ltr' id='par_1_102' title="bbox 2302 4272 3871 4343">
     <span class='ocr_line' id='line_1_102' title="bbox 2302 4272 3871 4343; baseline 0.004 -19"><span class='ocrx_word' id='word_1_768' title='bbox 2302 4272 2460 4342; x_wconf 81' lang='grc' dir='ltr'>μενός</span> <span class='ocrx_word' id='word_1_769' title='bbox 2487 4289 2548 4324; x_wconf 90' lang='grc' dir='ltr'><strong>τε</strong></span> <span class='ocrx_word' id='word_1_770' title='bbox 2571 4273 2664 4325; x_wconf 77' lang='grc' dir='ltr'>καὶ</span> <span class='ocrx_word' id='word_1_771' title='bbox 2702 4273 2874 4341; x_wconf 85' lang='grc' dir='ltr'>λέγων</span> <span class='ocrx_word' id='word_1_772' title='bbox 2899 4273 3061 4326; x_wconf 81' lang='grc' dir='ltr'>αὑτὸν</span> <span class='ocrx_word' id='word_1_773' title='bbox 3093 4274 3309 4343; x_wconf 83' lang='grc' dir='ltr'>ἀληθῶς</span> <span class='ocrx_word' id='word_1_774' title='bbox 3338 4276 3429 4328; x_wconf 75' lang='grc' dir='ltr'>τὸν</span> <span class='ocrx_word' id='word_1_775' title='bbox 3478 4276 3544 4328; x_wconf 87' lang='grc' dir='ltr'>ὲκ</span> <span class='ocrx_word' id='word_1_776' title='bbox 3588 4275 3722 4328; x_wconf 87' lang='grc' dir='ltr'>Θεοῦ</span> <span class='ocrx_word' id='word_1_777' title='bbox 3754 4278 3871 4329; x_wconf 75' lang='grc' dir='ltr'>Παε-</span> 
     </span>
    </p>
   </div>
   <div class='ocr_carea' id='block_1_103' title="bbox 2296 4364 3870 4437">
    <p class='ocr_par' dir='ltr' id='par_1_103' title="bbox 2296 4364 3870 4437">
     <span class='ocr_line' id='line_1_103' title="bbox 2296 4364 3870 4437; baseline 0.003 -21"><span class='ocrx_word' id='word_1_778' title='bbox 2296 4364 2423 4434; x_wconf 81' lang='grc' dir='ltr'>τρὸς</span> <span class='ocrx_word' id='word_1_779' title='bbox 2466 4365 2658 4431; x_wconf 86' lang='grc' dir='ltr'>Λόγον,</span> <span class='ocrx_word' id='word_1_780' title='bbox 2695 4364 2790 4416; x_wconf 73' lang='lat' dir='ltr'><strong>xa‘l</strong></span> <span class='ocrx_word' id='word_1_781' title='bbox 2826 4365 2931 4434; x_wconf 84' lang='grc' dir='ltr'>πρὸ</span> <span class='ocrx_word' id='word_1_782' title='bbox 2970 4365 3069 4434; x_wconf 79' lang='grc' dir='ltr'>τῆς</span> <span class='ocrx_word' id='word_1_783' title='bbox 3108 4366 3567 4437; x_wconf 82' lang='grc' dir='ltr'>ὲνανθρωπήσεως</span> <span class='ocrx_word' id='word_1_784' title='bbox 3613 4367 3870 4436; x_wconf 77' lang='grc' dir='ltr'>τετάχθαι</span> 
     </span>
    </p>
   </div>
   <div class='ocr_carea' id='block_1_104' title="bbox 2302 4454 3868 4527">
    <p class='ocr_par' dir='ltr' id='par_1_104' title="bbox 2302 4454 3868 4527">
     <span class='ocr_line' id='line_1_104' title="bbox 2302 4454 3868 4527; baseline 0.003 -19"><span class='ocrx_word' id='word_1_785' title='bbox 2302 4456 2432 4525; x_wconf 74' lang='grc' dir='ltr'>πρὸς</span> <span class='ocrx_word' id='word_1_786' title='bbox 2466 4456 2795 4525; x_wconf 82' lang='grc' dir='ltr'>ἱερουργίαν,</span> <span class='ocrx_word' id='word_1_787' title='bbox 2840 4458 2932 4509; x_wconf 77' lang='grc' dir='ltr'>καὶ</span> <span class='ocrx_word' id='word_1_788' title='bbox 2957 4457 3014 4508; x_wconf 82' lang='grc' dir='ltr'>ἐν</span> <span class='ocrx_word' id='word_1_789' title='bbox 3042 4456 3258 4527; x_wconf 84' lang='grc' dir='ltr'>μέτροις</span> <span class='ocrx_word' id='word_1_790' title='bbox 3289 4454 3427 4511; x_wconf 69' lang='grc' dir='ltr'>εἶναι</span> <span class='ocrx_word' id='word_1_791' title='bbox 3455 4458 3868 4527; x_wconf 82' lang='grc' dir='ltr'>λειτουργικοίς,</span> 
     </span>
    </p>
   </div>
   <div class='ocr_carea' id='block_1_105' title="bbox 2300 4546 3871 4619">
    <p class='ocr_par' dir='ltr' id='par_1_105' title="bbox 2300 4546 3871 4619">
     <span class='ocr_line' id='line_1_105' title="bbox 2300 4546 3871 4619; baseline 0.002 -20"><span class='ocrx_word' id='word_1_792' title='bbox 2300 4546 2504 4617; x_wconf 81' lang='grc' dir='ltr'>ταύτης</span> <span class='ocrx_word' id='word_1_793' title='bbox 2535 4563 2593 4599; x_wconf 87' lang='grc' dir='ltr'><strong>τε</strong></span> <span class='ocrx_word' id='word_1_794' title='bbox 2623 4547 2779 4599; x_wconf 73' lang='grc' dir='ltr'>ἕνεκα</span> <span class='ocrx_word' id='word_1_795' title='bbox 2807 4547 2905 4616; x_wconf 82' lang='grc' dir='ltr'>τῆς</span> <span class='ocrx_word' id='word_1_796' title='bbox 2933 4548 3112 4611; x_wconf 83' lang='grc' dir='ltr'>αἰτίας</span> <span class='ocrx_word' id='word_1_797' title='bbox 3141 4548 3501 4617; x_wconf 73' lang='grc' dir='ltr'>ὀνομάζεσθαι</span> <span class='ocrx_word' id='word_1_798' title='bbox 3535 4549 3647 4601; x_wconf 86' lang='grc' dir='ltr'>δεῖν</span> <span class='ocrx_word' id='word_1_799' title='bbox 3681 4551 3871 4619; x_wconf 80' lang='grc' dir='ltr'>ἀρχιε-</span> 
     </span>
    </p>
   </div>
   <div class='ocr_carea' id='block_1_106' title="bbox 2303 4637 3871 4710">
    <p class='ocr_par' dir='ltr' id='par_1_106' title="bbox 2303 4637 3871 4710">
     <span class='ocr_line' id='line_1_106' title="bbox 2303 4637 3871 4710; baseline 0.003 -21"><span class='ocrx_word' id='word_1_800' title='bbox 2303 4638 2401 4709; x_wconf 88' lang='grc' dir='ltr'><strong>ρέα</strong></span> <span class='ocrx_word' id='word_1_801' title='bbox 2443 4637 2538 4688; x_wconf 75' lang='grc' dir='ltr'>καὶ</span> <span class='ocrx_word' id='word_1_802' title='bbox 2580 4637 2896 4690; x_wconf 82' lang='grc' dir='ltr'>ἀπόστολον.</span> <span class='ocrx_word' id='word_1_803' title='bbox 2943 4639 3120 4708; x_wconf 83' lang='grc' dir='ltr'>Σοφὴν</span> <span class='ocrx_word' id='word_1_804' title='bbox 3165 4639 3230 4691; x_wconf 84' lang='grc' dir='ltr'>ἂν</span> <span class='ocrx_word' id='word_1_805' title='bbox 3266 4641 3559 4708; x_wconf 78' lang='grc' dir='ltr'>ἐποιήσατο</span> <span class='ocrx_word' id='word_1_806' title='bbox 3596 4639 3695 4710; x_wconf 84' lang='grc' dir='ltr'>τὴν</span> <span class='ocrx_word' id='word_1_807' title='bbox 3734 4640 3871 4694; x_wconf 70' lang='grc' dir='ltr'><strong>ἀπό⁴</strong></span> 
     </span>
    </p>
   </div>
   <div class='ocr_carea' id='block_1_107' title="bbox 2299 4723 3871 4800">
    <p class='ocr_par' dir='ltr' id='par_1_107' title="bbox 2299 4723 3871 4800">
     <span class='ocr_line' id='line_1_107' title="bbox 2299 4723 3871 4800; baseline 0.004 -24"><span class='ocrx_word' id='word_1_808' title='bbox 2299 4725 2491 4794; x_wconf 79' lang='grc' dir='ltr'>πληξιν</span> <span class='ocrx_word' id='word_1_809' title='bbox 2523 4723 2645 4796; x_wconf 56' lang='lat' dir='ltr'><strong>[Ion</strong></span> <span class='ocrx_word' id='word_1_810' title='bbox 2676 4724 2998 4797; x_wconf 79' lang='grc' dir='ltr'>ἐπίπληξιν]</span> <span class='ocrx_word' id='word_1_811' title='bbox 3017 4743 3028 4756; x_wconf 90' lang='grc'><strong>·</strong></span> <span class='ocrx_word' id='word_1_812' title='bbox 3054 4728 3384 4797; x_wconf 84' lang='grc' dir='ltr'>πεποιῆσθαι</span> <span class='ocrx_word' id='word_1_813' title='bbox 3403 4728 3461 4781; x_wconf 85' lang='grc' dir='ltr'>δὲ</span> <span class='ocrx_word' id='word_1_814' title='bbox 3484 4730 3578 4783; x_wconf 73' lang='grc' dir='ltr'>καὶ</span> <span class='ocrx_word' id='word_1_815' title='bbox 3598 4732 3656 4782; x_wconf 80' lang='grc' dir='ltr'>ὲν</span> <span class='ocrx_word' id='word_1_816' title='bbox 3679 4730 3871 4800; x_wconf 83' lang='grc' dir='ltr'>κόσμῳ</span> 
     </span>
    </p>
   </div>
   <div class='ocr_carea' id='block_1_108' title="bbox 2298 4815 3866 4890">
    <p class='ocr_par' dir='ltr' id='par_1_108' title="bbox 2298 4815 3866 4890">
     <span class='ocr_line' id='line_1_108' title="bbox 2298 4815 3866 4890; baseline 0.004 -22"><span class='ocrx_word' id='word_1_817' title='bbox 2298 4816 2433 4885; x_wconf 84' lang='grc' dir='ltr'>φαίη</span> <span class='ocrx_word' id='word_1_818' title='bbox 2480 4833 2563 4879; x_wconf 82' lang='grc' dir='ltr'><strong>τις</strong></span> <span class='ocrx_word' id='word_1_819' title='bbox 2606 4815 2673 4868; x_wconf 83' lang='grc' dir='ltr'>ἂν</span> <span class='ocrx_word' id='word_1_820' title='bbox 2706 4815 2851 4886; x_wconf 86' lang='grc' dir='ltr'><strong>αὺτῷ</strong></span> <span class='ocrx_word' id='word_1_821' title='bbox 2888 4816 2978 4869; x_wconf 80' lang='grc' dir='ltr'><strong>τὸν</strong></span> <span class='ocrx_word' id='word_1_822' title='bbox 3016 4817 3109 4869; x_wconf 73' lang='grc' dir='ltr'><strong>ἐπὶ</strong></span> <span class='ocrx_word' id='word_1_823' title='bbox 3147 4817 3320 4887; x_wconf 81' lang='grc' dir='ltr'>τούτῳ</span> <span class='ocrx_word' id='word_1_824' title='bbox 3366 4819 3738 4890; x_wconf 85' lang='grc' dir='ltr'>συλλογισμόν.</span> <span class='ocrx_word' id='word_1_825' title='bbox 3792 4822 3866 4874; x_wconf 80' lang='grc' dir='ltr'><strong>Οὐ</strong></span> 
     </span>
    </p>
   </div>
   <div class='ocr_carea' id='block_1_109' title="bbox 2296 4901 3869 4982">
    <p class='ocr_par' dir='ltr' id='par_1_109' title="bbox 2296 4901 3869 4982">
     <span class='ocr_line' id='line_1_109' title="bbox 2296 4901 3869 4982; baseline 0.003 -21"><span class='ocrx_word' id='word_1_826' title='bbox 2296 4907 2405 4979; x_wconf 80' lang='grc' dir='ltr'><strong>γὰρ</strong></span> <span class='ocrx_word' id='word_1_827' title='bbox 2436 4901 2504 4977; x_wconf 78' lang='grc' dir='ltr'>ἦν</span> <span class='ocrx_word' id='word_1_828' title='bbox 2532 4907 2590 4959; x_wconf 84' lang='grc' dir='ltr'>ὲν</span> <span class='ocrx_word' id='word_1_829' title='bbox 2631 4906 2823 4959; x_wconf 84' lang='grc' dir='ltr'>σπάνει</span> <span class='ocrx_word' id='word_1_830' title='bbox 2843 4905 2951 4958; x_wconf 81' lang='grc' dir='ltr'><strong>τῶν</strong></span> <span class='ocrx_word' id='word_1_831' title='bbox 2981 4907 3278 4979; x_wconf 86' lang='grc' dir='ltr'>ἱερουργῶν</span> <span class='ocrx_word' id='word_1_832' title='bbox 3313 4911 3347 4979; x_wconf 83' lang='grc' dir='ltr'><strong>ή</strong></span> <span class='ocrx_word' id='word_1_833' title='bbox 3370 4910 3475 4964; x_wconf 84' lang='grc' dir='ltr'><strong>τῶν</strong></span> <span class='ocrx_word' id='word_1_834' title='bbox 3502 4910 3639 4964; x_wconf 85' lang='grc' dir='ltr'>ὅλων</span> <span class='ocrx_word' id='word_1_835' title='bbox 3667 4911 3869 4982; x_wconf 77' lang='grc' dir='ltr'>κατάρ-</span> 
     </span>
    </p>
   </div>
   <div class='ocr_carea' id='block_1_110' title="bbox 2299 4996 3865 5071">
    <p class='ocr_par' dir='ltr' id='par_1_110' title="bbox 2299 4996 3865 5071">
     <span class='ocr_line' id='line_1_110' title="bbox 2299 4996 3865 5071; baseline 0.005 -22"><span class='ocrx_word' id='word_1_836' title='bbox 2299 5014 2468 5068; x_wconf 89' lang='grc' dir='ltr'>χουσα</span> <span class='ocrx_word' id='word_1_837' title='bbox 2491 4996 2671 5065; x_wconf 84' lang='grc' dir='ltr'>φύσις,</span> <span class='ocrx_word' id='word_1_838' title='bbox 2707 4996 2775 5049; x_wconf 75' lang='grc' dir='ltr'><strong>ἵν’</strong></span> <span class='ocrx_word' id='word_1_839' title='bbox 2792 4997 2851 5048; x_wconf 79' lang='grc' dir='ltr'>ὲν</span> <span class='ocrx_word' id='word_1_840' title='bbox 2872 4997 3011 5066; x_wconf 83' lang='grc' dir='ltr'>αὐτῇ</span> <span class='ocrx_word' id='word_1_841' title='bbox 3041 4996 3156 5068; x_wconf 80' lang='grc' dir='ltr'>[ίσ.</span> <span class='ocrx_word' id='word_1_842' title='bbox 3181 4998 3383 5070; x_wconf 77' lang='grc' dir='ltr'>ἑαυτῇ]</span> <span class='ocrx_word' id='word_1_843' title='bbox 3413 4999 3865 5071; x_wconf 80' lang='grc' dir='ltr'>λειτουργήσειεν.</span> 
     </span>
    </p>
   </div>
   <div class='ocr_carea' id='block_1_111' title="bbox 2315 5086 3869 5161">
    <p class='ocr_par' dir='ltr' id='par_1_111' title="bbox 2315 5086 3869 5161">
     <span class='ocr_line' id='line_1_111' title="bbox 2315 5086 3869 5161; baseline 0.003 -21"><span class='ocrx_word' id='word_1_844' title='bbox 2315 5086 2533 5158; x_wconf 81' lang='grc' dir='ltr'>Ἐπειδὴ</span> <span class='ocrx_word' id='word_1_845' title='bbox 2582 5087 2638 5139; x_wconf 83' lang='grc' dir='ltr'>δὲ</span> <span class='ocrx_word' id='word_1_846' title='bbox 2676 5086 2835 5154; x_wconf 82' lang='grc' dir='ltr'>φύσει</span> <span class='ocrx_word' id='word_1_847' title='bbox 2872 5087 3003 5151; x_wconf 84' lang='grc' dir='ltr'>Θεὸς</span> <span class='ocrx_word' id='word_1_848' title='bbox 3047 5089 3306 5159; x_wconf 83' lang='grc' dir='ltr'>ὑπάρχων</span> <span class='ocrx_word' id='word_1_849' title='bbox 3340 5090 3369 5142; x_wconf 92' lang='lat'><strong>6</strong></span> <span class='ocrx_word' id='word_1_850' title='bbox 3406 5091 3736 5161; x_wconf 80' lang='grc' dir='ltr'>Μονογενὴς,</span> <span class='ocrx_word' id='word_1_851' title='bbox 3774 5093 3869 5146; x_wconf 76' lang='grc' dir='ltr'>καὶ</span> 
     </span>
    </p>
   </div>
   <div class='ocr_carea' id='block_1_112' title="bbox 2299 5178 3867 5250">
    <p class='ocr_par' dir='ltr' id='par_1_112' title="bbox 2299 5178 3867 5250">
     <span class='ocr_line' id='line_1_112' title="bbox 2299 5178 3867 5250; baseline 0.001 -17"><span class='ocrx_word' id='word_1_852' title='bbox 2299 5178 2400 5243; x_wconf 87' lang='grc' dir='ltr'><strong>τάς</strong></span> <span class='ocrx_word' id='word_1_853' title='bbox 2428 5179 2580 5250; x_wconf 81' lang='grc' dir='ltr'>παρὰ</span> <span class='ocrx_word' id='word_1_854' title='bbox 2616 5178 2723 5231; x_wconf 83' lang='grc' dir='ltr'><strong>τῶν</strong></span> <span class='ocrx_word' id='word_1_855' title='bbox 2766 5180 3149 5249; x_wconf 80' lang='grc' dir='ltr'>ἱερατευόντων</span> <span class='ocrx_word' id='word_1_856' title='bbox 3178 5178 3520 5248; x_wconf 87' lang='grc' dir='ltr'>λειτουργίας</span> <span class='ocrx_word' id='word_1_857' title='bbox 3562 5180 3867 5250; x_wconf 87' lang='grc' dir='ltr'>δεχόμενος,</span> 
     </span>
    </p>
   </div>
   <div class='ocr_carea' id='block_1_113' title="bbox 2301 5267 3869 5339">
    <p class='ocr_par' dir='ltr' id='par_1_113' title="bbox 2301 5267 3869 5339">
     <span class='ocr_line' id='line_1_113' title="bbox 2301 5267 3869 5339; baseline -0.001 -16"><span class='ocrx_word' id='word_1_858' title='bbox 2301 5271 2380 5332; x_wconf 78' lang='grc' dir='ltr'><strong>είς</strong></span> <span class='ocrx_word' id='word_1_859' title='bbox 2415 5267 2476 5320; x_wconf 85' lang='grc' dir='ltr'>τὸ</span> <span class='ocrx_word' id='word_1_860' title='bbox 2522 5267 2634 5320; x_wconf 86' lang='grc' dir='ltr'><strong>τῶν</strong></span> <span class='ocrx_word' id='word_1_861' title='bbox 2661 5268 3008 5338; x_wconf 84' lang='grc' dir='ltr'>τεταγμένων</span> <span class='ocrx_word' id='word_1_862' title='bbox 3050 5270 3130 5330; x_wconf 85' lang='grc' dir='ltr'><strong>είς</strong></span> <span class='ocrx_word' id='word_1_863' title='bbox 3178 5268 3488 5339; x_wconf 78' lang='grc' dir='ltr'>ἱερουργίαν</span> <span class='ocrx_word' id='word_1_864' title='bbox 3537 5270 3869 5338; x_wconf 86' lang='grc' dir='ltr'>καταπεφοί-</span> 
     </span>
    </p>
   </div>
   <div class='ocr_carea' id='block_1_114' title="bbox 2300 5355 3869 5427">
    <p class='ocr_par' dir='ltr' id='par_1_114' title="bbox 2300 5355 3869 5427">
     <span class='ocr_line' id='line_1_114' title="bbox 2300 5355 3869 5427; baseline 0.001 -19"><span class='ocrx_word' id='word_1_865' title='bbox 2300 5374 2432 5425; x_wconf 84' lang='grc' dir='ltr'>τηκε</span> <span class='ocrx_word' id='word_1_866' title='bbox 2465 5355 2686 5427; x_wconf 85' lang='grc' dir='ltr'>μέτρον,</span> <span class='ocrx_word' id='word_1_867' title='bbox 2722 5355 3005 5426; x_wconf 80' lang='grc' dir='ltr'>ἄνθρωπος</span> <span class='ocrx_word' id='word_1_868' title='bbox 3034 5355 3296 5424; x_wconf 87' lang='grc' dir='ltr'>γεγονὼς,</span> <span class='ocrx_word' id='word_1_869' title='bbox 3352 5356 3427 5422; x_wconf 82' lang='grc' dir='ltr'>ὡς</span> <span class='ocrx_word' id='word_1_870' title='bbox 3459 5358 3615 5427; x_wconf 69' lang='grc' dir='ltr'>ἔφην,</span> <span class='ocrx_word' id='word_1_871' title='bbox 3662 5359 3869 5426; x_wconf 86' lang='grc' dir='ltr'>γένοιτο</span> 
     </span>
    </p>
   </div>
   <div class='ocr_carea' id='block_1_115' title="bbox 2301 5444 3931 5519">
    <p class='ocr_par' dir='ltr' id='par_1_115' title="bbox 2301 5444 3931 5519">
     <span class='ocr_line' id='line_1_115' title="bbox 2301 5444 3931 5519; baseline 0.002 -20"><span class='ocrx_word' id='word_1_872' title='bbox 2301 5444 2366 5499; x_wconf 83' lang='grc' dir='ltr'>ἂν</span> <span class='ocrx_word' id='word_1_873' title='bbox 2388 5446 2497 5500; x_wconf 86' lang='grc' dir='ltr'><strong>τῶν</strong></span> <span class='ocrx_word' id='word_1_874' title='bbox 2526 5446 2740 5501; x_wconf 83' lang='grc' dir='ltr'>ἀτόπων</span> <span class='ocrx_word' id='word_1_875' title='bbox 2771 5447 2943 5511; x_wconf 83' lang='grc' dir='ltr'>οὐδὲν,</span> <span class='ocrx_word' id='word_1_876' title='bbox 2977 5448 3026 5499; x_wconf 86' lang='grc' dir='ltr'><strong>εί</strong></span> <span class='ocrx_word' id='word_1_877' title='bbox 3054 5446 3268 5500; x_wconf 79' lang='grc' dir='ltr'>καλοῖτο</span> <span class='ocrx_word' id='word_1_878' title='bbox 3300 5448 3434 5518; x_wconf 86' lang='grc' dir='ltr'>πρὸς</span> <span class='ocrx_word' id='word_1_879' title='bbox 3469 5449 3625 5519; x_wconf 79' lang='grc' dir='ltr'>ἡμῶν</span> <span class='ocrx_word' id='word_1_880' title='bbox 3653 5450 3745 5503; x_wconf 76' lang='grc' dir='ltr'>καὶ</span> <span class='ocrx_word' id='word_1_881' title='bbox 3770 5451 3869 5519; x_wconf 81' lang='grc' dir='ltr'>ἀρ-</span> <span class='ocrx_word' id='word_1_882' title='bbox 3928 5510 3931 5511; x_wconf 21' lang='grc' dir='ltr'><strong>ν</strong></span> 
     </span>
    </p>
   </div>
   <div class='ocr_carea' id='block_1_116' title="bbox 2304 5536 3866 5611">
    <p class='ocr_par' dir='ltr' id='par_1_116' title="bbox 2304 5536 3866 5611">
     <span class='ocr_line' id='line_1_116' title="bbox 2304 5536 3866 5611; baseline 0.004 -23"><span class='ocrx_word' id='word_1_883' title='bbox 2304 5536 2538 5606; x_wconf 82' lang='grc' dir='ltr'>χιερεός.</span> <span class='ocrx_word' id='word_1_884' title='bbox 2594 5536 2661 5590; x_wconf 86' lang='grc' dir='ltr'><strong>Ἢ</strong></span> <span class='ocrx_word' id='word_1_885' title='bbox 2714 5538 2775 5591; x_wconf 77' lang='grc' dir='ltr'><strong>οὺ</strong></span> <span class='ocrx_word' id='word_1_886' title='bbox 2835 5538 3209 5611; x_wconf 85' lang='grc' dir='ltr'>καταϐέϐηκεν</span> <span class='ocrx_word' id='word_1_887' title='bbox 3243 5541 3302 5594; x_wconf 71' lang='grc' dir='ltr'><strong>έν</strong></span> <span class='ocrx_word' id='word_1_888' title='bbox 3349 5543 3414 5609; x_wconf 80' lang='grc' dir='ltr'>τῇ</span> <span class='ocrx_word' id='word_1_889' title='bbox 3436 5539 3624 5594; x_wconf 79' lang='grc' dir='ltr'>δούλου</span> <span class='ocrx_word' id='word_1_890' title='bbox 3664 5542 3866 5611; x_wconf 76' lang='grc' dir='ltr'>μορφῇ.</span> 
     </span>
    </p>
   </div>
   <div class='ocr_carea' id='block_1_117' title="bbox 700 5711 2599 5785">
    <p class='ocr_par' dir='ltr' id='par_1_117' title="bbox 700 5711 2599 5785">
     <span class='ocr_line' id='line_1_117' title="bbox 700 5711 2599 5785; baseline -0.003 -15"><span class='ocrx_word' id='word_1_891' title='bbox 700 5717 744 5748; x_wconf 74' lang='grc'><strong>’⁸</strong></span> <span class='ocrx_word' id='word_1_892' title='bbox 775 5714 965 5771; x_wconf 80' lang='lat' dir='ltr'><strong>Matth.</strong></span> <span class='ocrx_word' id='word_1_893' title='bbox 991 5729 1103 5782; x_wconf 76' lang='lat' dir='ltr'><strong>xvi,</strong></span> <span class='ocrx_word' id='word_1_894' title='bbox 1130 5714 1215 5769; x_wconf 83' lang='lat' dir='ltr'><strong>l6.</strong></span> <span class='ocrx_word' id='word_1_895' title='bbox 1290 5717 1335 5748; x_wconf 86' lang='lat'><strong>&quot;</strong></span> <span class='ocrx_word' id='word_1_896' title='bbox 1367 5714 1529 5771; x_wconf 79' lang='lat' dir='ltr'><strong>Hebr.</strong></span> <span class='ocrx_word' id='word_1_897' title='bbox 1558 5715 1697 5781; x_wconf 60' lang='lat' dir='ltr'><strong>tam.</strong></span> <span class='ocrx_word' id='word_1_898' title='bbox 1776 5713 1821 5747; x_wconf 82' lang='lat'><strong>”</strong></span> <span class='ocrx_word' id='word_1_899' title='bbox 1853 5714 2083 5785; x_wconf 85' lang='lat' dir='ltr'><strong>Philipp.</strong></span> <span class='ocrx_word' id='word_1_900' title='bbox 2111 5730 2171 5781; x_wconf 90' lang='grc' dir='ltr'><strong>ιι,</strong></span> <span class='ocrx_word' id='word_1_901' title='bbox 2202 5713 2263 5778; x_wconf 87' lang='grc'><strong>7;</strong></span> <span class='ocrx_word' id='word_1_902' title='bbox 2298 5711 2459 5769; x_wconf 79' lang='lat' dir='ltr'><strong>Hebr.</strong></span> <span class='ocrx_word' id='word_1_903' title='bbox 2488 5712 2599 5779; x_wconf 77' lang='lat'><strong>1,3.</strong></span> 
     </span>
    </p>
   </div>
  </div>
