4166 6464
323 388 419 444 121

1413 372 1790 428 Αῡνειιευε
1828 371 2233 431 NESTORIUM
2274 371 2400 428 LIB.
2442 374 2530 430 lll.

3484 372 3591 429 {22

325 502 543 578 μορφὴν
598 497 840 571 δηλονότι
892 494 1093 548 δούλουκ
1128 490 1332 557 λαϐὼν,
1377 490 1555 545 καίτοι
1619 484 1907 562 χαρακτὴρ

2027 504 2264 547 naturam
2311 495 2468 560 liber,
2506 502 2691 559 utpote
2727 494 2887 557 Deus,
2916 492 3004 547 ille
3031 491 3121 561 qui
3155 498 3270 546 erat
3321 491 3373 547 in
3416 492 3589 548 forma

324 577 592 665 ῦπάρχων
637 589 731 643 καὶ
774 585 1114 654 ἀπαύγασμα
1165 583 1265 651 τῆς
1314 579 1470 650 δόξης
1515 577 1610 633 τοῦ
1662 577 1909 649 Πατρός;

322 683 440 737 ἀλλ’
471 682 571 735 οὐκ
600 679 665 733 ἂν
696 673 990 730 ένδοιάσειέ
1018 688 1123 735 τις.
1148 671 1277 724 Ὅτε
1311 670 1492 723 τοίνυν
1523 671 1551 722 6
1582 669 1719 722 κατὰ
1749 667 1911 735 φύσιν

328 772 467 824 ίδίαν
492 767 798 837 ἐλεύθερος,
825 765 901 827 ὡς
925 762 1075 825 Θεὸς,
1097 762 1125 814 6
1154 763 1209 813 ὲν
1242 760 1425 829 μορφῇ
1457 757 1552 812 καὶ
1584 757 1788 825 ίσότητι
1818 755 1912 808 τοῦ

325 860 724 931 γεγεννηκότος
745 896 761 920 ,
819 854 1198 925 κεχρημάτικε
1249 850 1465 912 δοῦλος,
1516 848 1609 901 τὸν
1643 846 1752 919 [ισ.
1779 846 1913 919 τῶν]

327 956 437 1008 ὑπὸ
476 951 617 1020 ζυγά
646 948 892 1011 δουλείας
922 947 982 998 τὸ
1032 944 1230 1016 μέτρον
1259 942 1320 995 οὐ
1356 939 1719 1009 διωθούμενος
1768 940 1914 991 οίκο-

328 1043 594 1115 νομικῶς,
630 1042 745 1095 ἀνθ’
772 1042 894 1092 ὅτου
925 1036 1103 1099 δέδιας
1132 1033 1293 1087 αὑτὸν
1328 1033 1421 1085 καὶ
1443 1030 1702 1104 ἀρχιερέα
1729 1031 1913 1084 καλεῖν

326 1136 419 1188 διὰ
460 1136 523 1188 τὸ
558 1130 932 1203 ἀνθρώπινον;
976 1126 1226 1195 καθιεροῖ
1269 1122 1378 1191 γὰρ
1419 1122 1568 1191 ήμᾶς
1614 1121 1694 1183 είς
1739 1119 1914 1190 ὀσμὴν

329 1225 561 1288 εὐωδίας
591 1224 681 1276 διὰ
718 1221 818 1290 τῆς
849 1217 1085 1279 πίστεως
1106 1233 1119 1246 σ
1154 1213 1345 1268 ἑαυτόν
1378 1230 1437 1265 τε
1477 1212 1615 1283 ὑπὲρ
1655 1211 1811 1281 ἡμῶν
1839 1210 1914 1273 ὼς

330 1315 714 1385 εύοσμὼτατον
750 1312 896 1382 θῦμα
929 1306 1334 1377 προσκεκόμικε
1382 1304 1458 1373 τῷ
1499 1302 1694 1373 Πατρί.
1740 1303 1797 1354 '0
1833 1302 1912 1367 δὲ,

330 1409 435 1460 οὐκ
456 1403 551 1459 οἷδ’
572 1406 600 1457 ὃ
620 1421 672 1455 τι
697 1402 893 1470 λέγων,
922 1396 1262 1469 προσεπάγει
1292 1394 1502 1456 τούτοις
1527 1392 1688 1455 εὐθύς
1705 1408 1719 1421 ο
1744 1390 1915 1444 Πόθεν

332 1492 429 1549 οὖν
456 1498 485 1549 6
516 1493 647 1556 Θεὸς
686 1492 869 1552 αὐτοῖς
909 1485 1211 1555 κεκλῆσθαι
1258 1484 1352 1537 νῦν
1402 1483 1695 1553 ἀρχιερεὺς
1731 1480 1915 1551 ἐνομί-

334 1589 507 1657 σθη,ό
538 1585 725 1647 θυσίας
753 1584 833 1645 εις
864 1577 1148 1650 προκοπήν
1178 1576 1314 1629 ίδίαν
1348 1576 1421 1645 μὴ
1453 1574 1705 1645 χρῄζωνς
1736 1575 1765 1625 6
1790 1573 1919 1625 Θεό-

332 1696 498 1751 τητος
528 1677 747 1746 κτήτωρ
786 1692 804 1723 ι
835 1673 892 1738 ἐξ
920 1668 1224 1741 ἀνθρώπων
1257 1665 1503 1736 ληφθεὶς,
1531 1664 1675 1734 ὑπὲρ
1707 1661 1917 1751 ἀνθρω-

331 1786 456 1823 πων
484 1767 805 1821 καθίσταται
846 1763 913 1816 τά
947 1761 1082 1832 πρὸς
1116 1759 1208 1813 τὸν
1235 1757 1403 1823 Θεόν;
1433 1776 1451 1809 ι
1488 1755 1658 1809 Πόθεν
1699 1755 1797 1825 μὲν
1823 1750 1917 1808 οὖν

2016 595 2069 637 et
2096 582 2403 652 aequalitate
2429 585 2759 653 generantis,
2794 583 2969 636 lactus
2999 592 3084 636 est
3113 597 3325 646 servus,
3366 598 3589 638 mensu-

2014 691 2131 729 ram
2157 691 2342 731 eorum
2366 676 2457 745 qui
2503 676 2605 730 sub
2630 675 2757 746 jngo
2783 673 3064 730 servitutis
3097 682 3277 739 erant,
3309 673 3593 742 dispensa-

2017 771 2152 822 toria
2186 769 2396 822 ratione
2426 783 2531 821 non
2589 767 2931 835 dedignatus,
2976 779 3079 834 qna
3109 763 3174 817 de
3205 778 3366 817 causa
3397 765 3591 818 metuis

2015 876 2138 915 eum
2209 860 2516 928 pontiﬁcem
2578 867 2797 928 propter
2842 856 3232 909 humanitatem
3295 853 3590 921 appellare,

2016 953 2104 1020 qni
2137 960 2191 1005 et
2229 966 2324 1004 nos
2359 950 2520 1004 oll‘ert
2558 949 2607 1002 in
2640 946 2967 1002 sacriﬁcium
2999 948 3331 1013 odoremque
3354 945 3593 998 suavita-

2018 1043 2085 1095 tis
2112 1057 2207 1110 per
2246 1041 2425 1105 fidem,
2457 1049 2511 1094 et
2542 1038 2779 1109 seipsum
2813 1037 2959 1091 Patri
3005 1051 3102 1103 pro
3130 1035 3286 1089 nobis
3333 1044 3589 1103 tanquam

2016 1133 2447 1188 odoratissimam
2500 1131 2773 1184 victimam
2826 1129 3061 1183 obtulit?
3105 1127 3205 1181 Hic
3249 1142 3377 1182 vero
3425 1125 3578 1196 (quid

2018 1226 2159 1280 dicat
2194 1208 2418 1293 nescio)
2475 1221 2562 1276 his
2607 1220 2750 1275 illico
2790 1219 3033 1288 adjungit
3072 1236 3087 1273 :
3145 1217 3429 1274 Undenam
3491 1216 3593 1285 ipsi

2018 1326 2318 1386 putarunt,
2375 1313 2543 1368 Deum
2600 1326 2743 1366 nunc
2792 1320 3038 1364 vocatum
3088 1323 3207 1363 esse
3258 1309 3594 1378 pontificem,

2019 1421 2141 1459 cum
2192 1404 2279 1456 ille
2318 1402 2489 1456 hostia
2524 1400 2589 1454 ad
2644 1399 3043 1467 promotionem
3089 1414 3241 1451 suam
3295 1414 3399 1452 non
3452 1397 3597 1451 indi-

2019 1495 2187 1566 gent?
2227 1492 2451 1547 Deitatis
2502 1506 2790 1561 possessor
2827 1508 2845 1541 ι
2898 1505 2963 1544 ex
3010 1489 3329 1543 hominibus
3376 1504 3598 1544 assum-

2018 1597 2167 1657 ptus,
2193 1601 2291 1655 pro
2322 1585 2631 1639 hominibus
2654 1582 3003 1637 constituitur
3031 1581 3083 1636 in
3114 1581 3195 1634 his
3226 1596 3347 1649 quae
3371 1591 3495 1633 sunt
3517 1579 3588 1633 ad

2022 1678 2186 1731 Deum
2224 1677 2290 1727 ’³.
2323 1694 2341 1728 ι
2376 1676 2661 1731 Undenam
2696 1674 2862 1745 igitur
2894 1683 3062 1739 esset,
3089 1683 3144 1726 et
3176 1688 3338 1741 quam
3372 1672 3441 1725 ob
3472 1686 3600 1725 cau-

2020 1784 2136 1824 sam
2173 1769 2443 1835 Christus,
2492 1770 2594 1823 hoc
2635 1778 2737 1833 est,
2794 1768 2969 1836 ipsum
3013 1766 3102 1820 Dei
3156 1765 3385 1819 Verbum
3436 1764 3599 1819 homo

333 1858 425 1931 ήν,
470 1860 504 1930 ἢ
547 1859 634 1911 διὰ
671 1856 829 1909 ποίαν
868 1853 1046 1907 αἰτίαν
1093 1851 1410 1920 ὠνόμασται
1444 1848 1709 1919 Χριστὸς,
1757 1862 1917 1898 τουτ-

2027 1865 2246 1924 factum,
2282 1832 2579 1930 appellatus
2608 1862 2677 1915 sit
2711 1832 3000 1928 Apostolus
3030 1867 3084 1912 et
3122 1858 3387 1922 Pontifex,
3421 1857 3599 1911 abun-

333 1953 510 2013 ἐστιν,
554 1947 836 2012 ἄνθρωπος
886 1942 1126 2013 γεγονὼς
1158 1944 1186 1994 6
1232 1940 1327 1995 τοῦ
1372 1940 1507 1993 Θεοῦ
1548 1940 1720 2008 Λόγος
1756 1937 1917 1991 Ἀπό-

335 2040 527 2103 στολος
560 2038 653 2092 καὶ
690 2035 1023 2107 ’Δρχιερεὺς,
1050 2030 1293 2101 διαρκῶς
1325 2032 1455 2101 ήμῖν
1484 2031 1513 2083 6
1537 2029 1695 2096 λόγος
1723 2027 1919 2081 ἀποδέ-

331 2130 515 2199 δειχεν
546 2128 768 2199 ἀρτίως.
812 2121 980 2195 Οἶμαι
1029 2123 1085 2175 δὲ
1127 2122 1238 2175 δεῖν
1276 2122 1375 2175 οὐκ
1413 2120 1774 2174 ἀϐασάνιστον
1822 2119 1919 2189 ὲᾷν

330 2222 437 2290 τὴν
473 2218 717 2289 ἀσυνήθη
762 2233 821 2269 τε
861 2217 957 2269 καὶ
989 2214 1149 2283 ξένην
1195 2212 1357 2267 αὐτοῦ
1398 2212 1602 2281 φωνήν.
1628 2207 1775 2282 Ἀρα
1811 2210 1919 2278 γὰρ

334 2310 591 2381 θεότητος
646 2308 889 2378 κτήτορα
917 2305 1010 2357 τὸν
1048 2306 1113 2357 ὲκ
1144 2302 1278 2357 Θεοῦ
1326 2305 1460 2374 φησὶ
1493 2304 1685 2370 Λόγον,
1734 2301 1837 2355 κᾶν
1872 2303 1920 2354 εί

332 2401 441 2453 ἀνα
475 2400 636 2471 μέρος
669 2397 913 2467 βούλοιτό
942 2412 1025 2457 τις
1052 2395 1190 2447 νοεῖν
1219 2393 1380 2447 αὐτὸν
1411 2395 1504 2446 καὶ
1531 2392 1653 2462 δίχα
1679 2391 1917 2462 σαρκός;

335 2488 451 2562 ἆρα
478 2492 552 2555 ὡς
584 2492 715 2560 παρ’
740 2490 901 2543 αὐτὸν
932 2487 1125 2557 ἑτέραν
1157 2485 1253 2557 τὴν
1284 2484 1512 2555 θεότητα
1551 2484 1715 2537 αὑτοῦ
1758 2483 1922 2553 διορι-

335 2583 529 2647 (erat;
559 2578 648 2653 ἦς,
689 2582 788 2634 οὐκ
816 2577 909 2633 οἷδ’
938 2580 1106 2640 ὅπως,
1137 2576 1281 2630 καθά
1318 2592 1484 2646 φησιν
1516 2576 1699 2639 αὐτὸς,
1729 2574 1919 2643 γέγονε

336 2673 583 2742 κτήτωρ,
629 2671 707 2733 ὡς
764 2667 1244 2738 προσειλημμένης
1298 2665 1499 2728 ἔξωθεν
1547 2664 1641 2717 acati.
1685 2666 1921 2732 ἐπισυμ-

337 2764 516 2834 ϐἀσης
543 2760 710 2832 αύτῷ,
749 2760 925 2813 καίτοι
957 2758 1075 2829 Θεῷ
1115 2758 1257 2811 κατά
1286 2759 1448 2825 φύσιν
1477 2757 1575 2809 οὐκ
1623 2756 1735 2809 δντι
1775 2755 1924 2826 αὐτῷ

338 2873 502 2919 ποτε,
518 2855 700 2908 ὁποῖόν
718 2857 834 2907 ἐστι
855 2855 915 2907 τὺ
939 2852 1090 2923 παρά
1108 2853 1209 2921 τῆς
1226 2852 1460 2923 ἀρχαίας
1484 2850 1701 2921 ἐκείνης
1726 2868 1920 2919 γυναι-

339 2949 463 3011 κὸς,
485 2948 627 3017 φημὶ
648 2946 711 3016 δὴ
741 2948 838 3016 τῆς
857 2944 1019 3010 Εὒας,
1035 2943 1297 3012 τεκούσης
1317 2945 1408 2997 τὸν
1432 2941 1537 3015 Σήθ
1561 2943 1671 3014 (l9)
1693 2959 1707 2974 ο
1746 2963 1764 2994 ‹
1808 2944 1928 2995 Ἐκ⁹

339 3040 597 3110 στησάμην
612 3038 892 3107 ἄνθρωπον
910 3037 999 3089 διὰ
1029 3035 1122 3089 τοῦ
1158 3035 1311 3088 Θεοῦ.
1356 3035 1530 3087 Ἀλλ’»
1567 3031 1743 3104 οἶμαι,
1770 3033 1927 3088 τοῦτό

341 3133 494 3183 ἔστιν
540 3128 845 3197 ἀπόϐλητον
883 3127 1160 3189 παντελῶς
1211 3124 1360 3194 αὐτῷ
1394 3144 1453 3178 τε
1498 3126 1589 3179 καὶ
1649 3126 1832 3178 πᾶσιν.
1862 3124 1926 3176 Τί

340 3218 442 3276 οὖν
483 3221 821 3291 ἀκυρολογεῖ,
855 3221 951 3273 καὶ
984 3222 1358 3290 παραρρηττεῖ
1404 3219 1585 3287 φωνὰς
1634 3218 1927 3281 ἀσυνέτους

344 3309 437 3362 ἐπ’
456 3308 773 3376 ἀναγκαίοις
800 3307 941 3361 οὕτω
969 3307 1317 3378 πράγμασιν;
1342 3308 1412 3360 Ἢ
1438 3308 1537 3361 οὐκ
1564 3307 1629 3359 ἂν
1654 3306 1806 3374 ὄφλοι
1834 3306 1927 3374 γέ-

342 3402 494 3454 λωτα
527 3399 622 3459 καὶ
659 3399 1086 3469 φρενοϐλαϐείας
1119 3400 1358 3469 γραφὴν,
1394 3401 1443 3451 εί
1474 3400 1538 3470 δὴ
1572 3400 1812 3470 βούλοιτό
1845 3416 1927 3462 τις

343 3492 448 3544 ενα
484 3492 595 3544 τῶν
645 3490 765 3543 καθ’
804 3492 949 3560 ἡμᾶς
989 3489 1407 3560 ἀνθρωπότητος
1449 3490 1689 3559 κτήτορα
1722 3489 1924 3557 λέγειν,

342 3583 517 3651 ἡγουν
565 3581 655 3633 τὸν
689 3582 852 3634 ἵππον
900 3580 1229 3651 ίππότητος;
1273 3581 1368 3644 Τίς
1415 3577 1525 3652 ἆρα
1559 3580 1743 3633 λοιπὸν
1771 3583 1799 3634 6
1828 3581 1926 3649 τῆς

349 3673 604 3741 θεότητος
637 3675 875 3741 κτήτωρ,
913 3690 932 3723 ε
952 3673 979 3724 6
1009 3670 1066 3736 ἐξ
1096 3669 1400 3740 ἀνθρώπων
1432 3670 1660 3742 ληφθεὶς
1687 3671 1756 3725 τὰ
1790 3672 1927 3742 πρὸς

351 3761 446 3813 τὸν
469 3760 597 3814 Θεὸν
625 3759 978 3825 καθίσταται;
1016 3760 1163 3831 Ἐρεῖ
1191 3761 1330 3830 τάχα
1374 3777 1476 3813 που
1506 3760 1697 3814 διελὼν
1729 3763 1809 3825 είς
1836 3762 1929 3814 δύο

348 3853 447 3905 τὸν
486 3852 583 3905 ἕνα
626 3853 877 3923 Χριστὸν,
915 3853 1006 3906 τὸν
1036 3854 1100 3905 ὲκ
1131 3854 1227 3923 τῆς
1259 3854 1422 3922 ἀγίας
1471 3854 1785 3925 Παρθένου·
1831 3856 1928 3923 γέ-

349 3961 596 4014 γραπται
628 3942 737 4015 [ἵσ.
767 3943 1089 4016 τέτραπται]
1123 3945 1230 4015 γάρ
1270 3964 1386 4009 πως
1415 3948 1495 4010 εἰς
1525 3947 1681 4000 τοῦτο
1711 3947 1807 4000 καὶ
1835 3947 1928 4001 νῦν

347 4039 378 4087 ό
408 4036 609 4098 σκοπὸς
633 4036 779 4105 αὐτῷ
799 4052 813 4065 ·
845 4037 1039 4105 κτῆσις
1062 4032 1154 4089 οῦν
1187 4037 1473 4108 ἀνθρώπου
1506 4038 1727 4109 γέγονεν
1756 4042 1789 4110 ή
1820 4039 1931 4093 θεό-

348 4142 485 4194 της,
520 4126 640 4178 εἰπέ
679 4143 796 4195 μοι,
838 4128 937 4178 καὶ
977 4125 1176 4195 συνέϐη
1221 4127 1326 4179 τινὶ
1380 4127 1487 4180 τῶν
1520 4129 1642 4182 καθ’
1672 4130 1838 4198 ἡμᾶς,
1870 4129 1930 4182 τὸ

350 4216 516 4284 φύσει
544 4233 602 4268 τε
632 4217 726 4270 καὶ
761 4216 988 4287 ἀληθείᾳ
1032 4217 1285 4285 γενέσθαι
1323 4217 1474 4284 Θεὸν,
1506 4221 1600 4273 καὶ
1644 4219 1745 4290 τῆς
1786 4220 1926 4274 ἀνω-

348 4310 504 4362 τὰτω
538 4309 724 4362 πασῶν
766 4309 857 4362 καὶ
894 4309 1207 4379 ὑπερτάτης
1250 4311 1438 4373 οὐσίας
1485 4312 1929 4382 καταπλουτῆσαι

348 4400 456 4467 τὴν
490 4399 800 4468 ὑπεροχήν;
839 4400 1053 4466 Ἀπαγε
1092 4400 1190 4467 τῆς
1237 4399 1589 4462 δυσϐουλίας,
1635 4400 1924 4471 ἄνθρωπε·

2021 1957 2087 2010 de
2133 1959 2381 2025 proximo
2429 1969 2680 2009 sermone
2732 1952 3061 2020 patefactum
3103 1960 3228 2006 est:
3283 1950 3377 2005 sed
3418 1959 3600 2004 tamen

2021 2048 2290 2101 insuetam
2329 2054 2383 2101 ct
2419 2060 2615 2101 novam
2662 2046 2779 2111 ejus
2828 2057 3015 2097 vocem
3045 2056 3153 2095 non
3186 2056 3307 2095 esse
3338 2041 3453 2095 sine
3488 2041 3603 2095 dis-

2021 2140 2273 2194 cussione
2321 2137 2755 2205 praetereundam
2800 2148 3020 2189 censeo.
3060 2130 3200 2187 Num
3239 2134 3385 2186 enim
3419 2130 3603 2184 Deita-

2026 2233 2093 2285 tis
2126 2244 2493 2302 possessorem
2546 2228 2722 2298 ipsnm
2766 2242 2832 2280 ex
2866 2224 2973 2279 Deo
2999 2225 3240 2279 Verbum
3282 2224 3434 2287 dicit,
3475 2223 3597 2277 licet

2022 2337 2265 2376 seorsum
2303 2320 2433 2374 illttd
2490 2318 2795 2385 intelligere
2845 2316 3130 2384 quisquam
3174 2314 3305 2368 velit
3354 2324 3411 2367 et
3454 2314 3595 2367 citra

2023 2410 2281 2467 carnem?
2312 2426 2378 2463 an
2410 2409 2578 2478 ipsius
2607 2406 2942 2460 divinitatem
2979 2415 3234 2472 tanquam
3274 2402 3342 2457 ab
3378 2405 3494 2472 ipso
3520 2404 3605 2456 di-

2024 2517 2237 2556 versam
2270 2498 2593 2568 dislinguit?
2623 2497 2780 2561 cujus
2826 2496 3011 2549 nescio
3044 2509 3277 2569 quonam
3328 2493 3511 2557 modo,
3543 2503 3601 2545 ut

2026 2595 2139 2662 ipse
2165 2592 2263 2656 ait,
2299 2604 2582 2658 possessor
2615 2597 2698 2642 est
2733 2587 2926 2650 factus,
2963 2594 3214 2654 tanquam
3244 2584 3288 2638 si
3324 2585 3598 2639 extrinse-

2026 2701 2121 2739 cus
2154 2692 2377 2750 accepta
2412 2681 2504 2743 sit,
2541 2690 2595 2733 et
2631 2679 2708 2732 illi
2751 2677 3051 2740 advenerit,
3083 2676 3212 2730 licet
3241 2676 3330 2730 ille
3354 2675 3600 2742 aliquan-

2027 2776 2097 2827 do
2130 2773 2271 2824 Deus
2302 2770 2598 2825 secundum
2634 2778 2882 2822 naturam
2923 2781 3026 2819 non
3062 2765 3242 2831 fuerit,
3280 2766 3438 2834 quale
3472 2764 3600 2818 illtnl

2026 2872 2110 2917 est
2137 2878 2165 2916 a
2212 2862 2391 2928 prisca
2419 2861 2508 2913 illa
2536 2860 2760 2921 femina,
2790 2859 2896 2912 Eva
2930 2860 3174 2926 inquam,
3207 2856 3434 2917 dictum,
3477 2870 3600 2909 cum

2027 2953 2160 3007 Seth
2212 2952 2378 3004 lilium
2426 2950 2583 3003 enixa
2626 2958 2819 3003 esset:
2855 2967 2873 2999 ι
2929 2947 3147 3001 Possedi
3195 2945 3465 3001 hominem
3509 2958 3605 3011 per

2028 3044 2193 3097 Deum
2226 3046 2262 3098 ‘.
2304 3061 2323 3095 ι
2367 3042 2470 3097 Sed
2502 3042 2576 3104 id,
2611 3041 2712 3095 nisi
2743 3040 2925 3104 fallor,
2956 3051 3008 3092 et
3037 3040 3151 3106 ipse
3177 3047 3229 3092 et
3258 3051 3451 3091 omnes
3482 3037 3601 3106 pla-

2033 3153 2099 3191 ne
2133 3137 2490 3205 respuendum
2521 3141 2768 3187 censent.
2805 3131 2913 3186 Cur
2947 3145 3077 3199 ergo
3114 3129 3407 3199 improprie
3432 3127 3609 3195 loqui-

2036 3240 2143 3293 tur,
2178 3237 2233 3283 et
2265 3228 2641 3298 imprudenter
2673 3239 2831 3279 voces
2884 3223 3119 3292 proiicit,
3174 3223 3226 3277 iu
3274 3222 3433 3277 rebus
3468 3221 3608 3275 adeo

2031 3320 2320 3391 gravibus?
2352 3318 2549 3372 Annon
2602 3318 2859 3372 ridendus
2887 3326 3202 3378 censeatur,
3232 3323 3286 3367 et
3318 3314 3608 3367 dementia;

2032 3413 2238 3466 crimen
2280 3412 2544 3472 incurrat,
2604 3410 2648 3463 si
2688 3410 2808 3477 quis
2848 3422 3014 3460 unum
3063 3406 3131 3460 de
3178 3413 3363 3459 nostro
3408 3418 3609 3473 genere

2030 3503 2160 3557 velit
2204 3500 2559 3556 humanitatis
2606 3513 2975 3566 possessorem
3022 3497 3222 3559 dicere,
3260 3505 3351 3549 aut
3402 3510 3601 3563 equum

2031 3593 2241 3662 equinae
2273 3600 2478 3646 natura:
2500 3590 2522 3643 ?
2545 3590 2675 3655 Quis
2724 3604 2854 3656 ergo
2884 3597 2968 3643 est
3016 3588 3104 3642 ille
3138 3588 3442 3641 divinitatis
3483 3601 3607 3654 pos.

2032 3699 2236 3749 sessor,
2271 3701 2288 3733 ι
2324 3683 2415 3751 qui
2447 3696 2512 3735 ex
2543 3679 2852 3735 hominibus
2887 3687 3196 3747 assumptus
3223 3718 3238 3740 ,
3282 3692 3380 3745 pro
3428 3675 3609 3730 homi-

2032 3775 2191 3830 nibus
2220 3772 2574 3828 constituitur
2601 3769 2654 3823 in
2686 3769 2771 3822 his
2801 3783 2921 3837 quze
2962 3777 3089 3822 sunt
3118 3768 3183 3819 ad
3230 3765 3438 3819 Deum?
3471 3784 3488 3816 ι
3521 3766 3610 3817 υἰ-

2032 3873 2120 3919 cet
2150 3862 2406 3923 fortasse,
2436 3874 2602 3913 unum
2630 3858 2912 3912 Christum
2950 3857 3002 3911 in
3031 3857 3166 3910 duos
3192 3852 3461 3921 dividens,
3487 3870 3609 3910 esse

2034 3954 2178 4007 illum
2208 3968 2273 4006 et
2300 3962 2488 4006 saneta
2530 3949 2747 4018 Virgine
2774 3966 2787 4001 :
2833 3949 2936 4001 huc
2983 3946 3127 4002 enim
3159 3946 3335 4000 omnis
3369 3947 3490 4012 ejus
3522 3946 3607 3999 in-

2033 4044 2201 4099 tentio
2247 4049 2471 4108 spectat.
2509 4040 2719 4109 Ergone
2752 4037 3023 4107 possessio
3076 4036 3313 4090 hominis
3349 4037 3488 4090 facta
3522 4048 3605 4091 est

2033 4134 2144 4201 ipsa
2176 4131 2455 4192 divinitas,
2496 4143 2624 4197 rogo
2652 4137 2723 4191 te,
2754 4139 2808 4181 et
2832 4126 2991 4179 alicui
3038 4140 3069 4180 e
3101 4125 3256 4181 nobis
3294 4125 3525 4191 contigit
3548 4135 3608 4178 ut

2032 4222 2327 4277 secundum
2374 4231 2623 4275 naturam
2660 4234 2723 4272 ac
2757 4233 2881 4273 vere
2924 4218 3066 4272 Deus
3109 4218 3284 4281 ﬁeret,
3332 4225 3386 4271 et
3424 4229 3608 4271 essen-

2035 4317 2118 4367 tia:
2140 4315 2380 4367 omnium
2419 4326 2641 4364 summa:
2671 4325 2733 4365 ac
2767 4310 3234 4377 praestantissime
3283 4308 3605 4363 excellentia

2032 4404 2344 4458 ditaretur?
2373 4402 2484 4473 68
2510 4402 2715 4468 Apage,
2755 4399 2936 4464 homo,
2975 4400 3041 4451 ah
3069 4399 3169 4453 hac
3211 4398 3438 4451 stultitia
3468 4416 3482 4451 ι
3510 4413 3607 4451 ne-

348 4489 682 4557 κεκτήσεται
710 4488 818 4558 γὰρ
848 4489 1039 4554 οὐδεὶς,
1071 4490 1164 4542 καί¹
1198 4489 1272 4552 ὡς
1308 4492 1440 4543 ἰδίαν
1468 4492 1533 4543 ἂν
1564 4491 1678 4561 ἔχοι
1704 4492 1802 4561 τὴν
1830 4496 1922 4563 τῆς

2035 4506 2136 4557 que
2164 4489 2306 4543 enim
2366 4488 2651 4557 quisquam
2700 4501 2767 4542 ex
2816 4487 2903 4541 his
2952 4486 3041 4553 qni
3082 4486 3219 4540 inter
3253 4487 3431 4555 genita
3482 4501 3608 4540 cen-

347 4581 610 4649 θεότητος
640 4580 819 4647 φύσιν,
864 4580 971 4631 τῶν
1004 4579 1300 4633 τελούντων
1344 4583 1403 4633 ἐν
1443 4586 1739 4652 γεννητοῖς.
1770 4583 1930 4637 ’Ἰδιον

346 4666 425 4738 ἦν
448 4668 508 4720 τὸ
538 4669 696 4737 σῶμα
720 4667 814 4721 τοῦ
846 4669 1019 4737 Λόγου
1040 4686 1053 4700 ·
1088 4672 1180 4722 καὶ
1204 4669 1277 4731 ὡς
1296 4670 1390 4722 ἕνα
1415 4669 1545 4723 Θεὸν
1578 4672 1670 4724 καὶ
1698 4671 1931 4741 Χριστὸν

347 4760 453 4813 καὶ
482 4759 606 4813 re»
634 4762 728 4813 xui.
753 4761 955 4830 Κύριον
983 4761 1079 4814 σὺν
1107 4761 1255 4831 αὐτῷ
1284 4761 1724 4833 προσκεκύνηκεν
1751 4765 1783 4834 ἠ
1821 4763 1931 4815 κτί-

348 4865 476 4915 σις,
518 4848 612 4903 καὶ
658 4848 1029 4917 δοξολογοῦσιν
1065 4850 1114 4903 οἱ
1160 4851 1414 4921 οὐρανοὶ,
1468 4852 1562 4903 καὶ
1617 4851 1714 4905 σὺν
1747 4852 1930 4917 αὐτοῖς

346 4941 551 5011 ἡμεῖς·
584 4940 657 5002 ὡς
690 4939 796 5010 γὰρ
834 4943 862 4993 6
897 4942 1181 5011 προφήτης
1222 4941 1405 5010 φησὶν,
1442 4960 1461 4992 ι
1505 4941 1804 5011 Ἐκάλυψεν
1837 4944 1928 4996 οὒ-

348 5033 553 5102 ρανοὺς
578 5033 612 5101 ή
644 5032 813 5103 ἀρετὴ
844 5032 1031 5098 αὑτοῦ,
1058 5034 1154 5085 καὶ
1180 5036 1278 5103 τῆς
1310 5033 1569 5095 αἰνέσεως
1602 5034 1766 5087 αὐτοῦ
1799 5034 1933 5105 πλή-

346 5135 459 5190 ρης
503 5120 538 5190 ὴ
588 5119 694 5189 γῆ,
721 5138 739 5171 ι
793 5121 892 5191 οὐχ
925 5122 1000 5182 ὡς
1032 5120 1321 5193 ἀνθρώπου
1384 5121 1613 5192 θεότητα
1651 5124 1933 5194 κτησαμέ-

344 5227 448 5263 νου
468 5226 483 5242 ·
516 5209 635 5273 πῶς
661 5209 789 5279 γὰρ,
818 5211 852 5280 ἦ
884 5210 1078 5276 πόθεν;
1116 5211 1232 5264 ἀλλ’
1258 5211 1333 5275 ὡς
1362 5212 1420 5263 έν
1466 5212 1768 5283 προσλήψει
1801 5230 1934 5283 σαρ-

344 5299 452 5357 κὸς
475 5297 764 5370 ἀνθρώπου
796 5300 1077 5368 γεγονότος
1111 5300 1204 5355 τοῦ
1234 5302 1299 5355 ὲκ
1327 5300 1463 5355 Θεοῦ
1496 5301 1709 5371 Πατρὸς
1733 5302 1929 5371 Λόγου.

356 5387 511 5442 ’Δλλ“
540 5390 680 5444 ἔστω
720 5390 881 5460 τυχὸν
908 5394 936 5444 ό
964 5390 1025 5457 ἐξ
1051 5390 1356 5463 ἀνθρώπων
1386 5391 1612 5463 ληφθεὶς
1631 5432 1645 5458 ,
1683 5392 1933 5463 θεότητος

424 5501 468 5532 ⁹⁹
497 5497 662 5553 Hebr.
687 5516 739 5564 v,
766 5503 817 5555 9.
897 5501 912 5531 ¹
946 5502 1081 5559 Gen.
1111 5518 1183 5568 tv,
1214 5505 1264 5558 l.
1340 5506 1359 5534 ’
1393 5503 1593 5560 Habac.
1622 5519 1703 5567 ιη,
1728 5504 1783 5562 5.

2032 4592 2242 4645 scntur,
2295 4578 2589 4650 possidebit
2646 4585 2700 4631 et
2761 4586 3013 4645 tanquam
3072 4578 3344 4647 prepriant
3395 4576 3608 4631 habebit

2035 4680 2283 4723 naturam
2340 4667 2669 4722 divinitatis.
2725 4665 3013 4734 Proprium
3066 4675 3186 4719 erat
3240 4664 3401 4719 Verbi
3435 4666 3609 4733 ipsum

2036 4776 2257 4832 corpus,
2304 4772 2358 4815 et
2389 4774 2493 4812 una
2530 4774 2652 4814 cum
2703 4759 2795 4815 illo
2833 4766 3089 4826 tanquam
3136 4772 3298 4810 unum
3348 4758 3510 4810 Deum
3555 4766 3612 4809 et

2034 4854 2308 4908 Christum
2340 4863 2392 4906 et
2438 4852 2633 4907 Filium
2665 4860 2715 4904 ct
2754 4851 3043 4905 Dominum
3076 4854 3266 4902 adorat
3313 4849 3425 4917 ipsa
3456 4863 3610 4902 crea-

2040 4955 2183 5008 tura,
2214 4953 2268 4999 et
2299 4943 2424 5001 cmli
2465 4942 2790 5011 glorilicant,
2826 4951 2877 4995 et
2909 4955 3031 4995 cum
3076 4940 3208 5007 ipsis
3242 4953 3338 4993 nos
3371 4953 3607 5009 quoque.

2039 5033 2110 5091 Ut
2139 5035 2282 5090 enim
2315 5036 2391 5088 ait
2420 5036 2681 5105 propheta
2710 5051 2723 5087 :
2756 5051 2773 5084 ι
2800 5031 3028 5100 Operuit
3063 5032 3235 5087 ctPlos
3261 5032 3434 5085 virtus
3473 5031 3608 5099 ejus,

2037 5136 2091 5179 et
2119 5125 2293 5181 laudis
2323 5126 2440 5195 ejus
2473 5125 2631 5196 plena
2668 5131 2751 5178 est
2795 5133 2939 5177 terra
2969 5125 2989 5154 ³
3029 5142 3041 5177 ;
3080 5142 3099 5175 ι
3133 5137 3239 5178 non
3272 5123 3414 5192 quod
3451 5123 3614 5178 homo

2036 5215 2378 5269 divinitatem
2415 5216 2757 5285 possederit:
2802 5216 2892 5284 qui
2955 5217 3136 5280 enim,
3166 5224 3259 5270 aut
3294 5212 3612 5268 ttndenam?

2038 5305 2129 5361 sed
2158 5306 2303 5376 quod
2352 5306 2527 5376 ipsum
2563 5322 2626 5361 ex
2665 5307 2772 5366 Deo
2823 5307 2987 5362 Patre
3027 5306 3264 5362 Verbtnn
3317 5308 3610 5359 humanam

2039 5412 2255 5453 carnem
2285 5400 2661 5468 assumpserit.
2697 5398 2802 5453 Sed
2848 5400 2919 5454 sit
2958 5414 3110 5465 sane,
3138 5398 3226 5453 ille
3268 5412 3334 5453 ex
3373 5393 3608 5451 homini-

1608 5639 1766 5693 ΛΝΤ.
1800 5639 2068 5696 AGELLII
2101 5640 2331 5697 ΝΟΤΑΞ.

430 5743 543 5815 (l9)
584 5741 678 5797 Vel
713 5742 841 5800 Seth
876 5761 972 5815 pro
1004 5748 1137 5805 Cain
1182 5750 1422 5822 irrepsit,
1458 5752 1538 5809 vel
1578 5761 1815 5808 erratum
1851 5753 2143 5819 mcmoriw,
2183 5763 2265 5808 est
2295 5767 2360 5807 ex
2383 5752 2519 5809 Gen.
2557 5768 2628 5820 tv,
2666 5755 2714 5821 l,
2747 5753 3137 5822 castigandum.
