4024 6472
580 379 683 438 125

1610 387 1667 442 S.
1711 386 1976 443 CYRILLI
2015 387 2482 443 ALEXANDIRNI
2524 388 2837 448 ARCHIEP.

3750 395 3882 451 εει

583 496 684 554 bus
707 507 1040 571 assumptus,
1067 516 1351 572 possessor
1374 504 1689 571 divinitatis,
1709 516 1767 561 ut
1791 508 1883 562 tibi
1912 509 2010 578 ipsi
2036 511 2128 578 pia

2250 507 2490 578 κτήτωρ,
2515 508 2657 561 κατά
2679 526 2742 576 γε
2763 509 2822 561 τὸ
2843 508 2990 579 αὐτῷ
3018 526 3098 562 σοι
3124 505 3337 575 δοκοῦν,
3365 511 3481 574 πῶς
3503 511 3874 566 καθίσταται

581 600 667 644 εει
696 608 708 643 :
738 593 1010 658 quomodo
1029 594 1449 651 constituiturin
1477 596 1559 650 his
1575 612 1694 664 quae
1719 608 1844 653 sunt
1865 600 1930 651 ad
1962 600 2145 664 Deum,

580 690 636 732 ut
655 682 891 748 pontifex
914 682 1165 737 nimirum
1182 686 1207 738 ?
1227 695 1479 742 utrumne
1496 688 1775 742 divinitate
1799 690 1973 745 nudus
1987 708 2146 761 quam

580 774 840 841 possedit,
876 774 983 828 Deo
1012 776 1363 842 sacrificabit,
1394 795 1461 833 an
1501 779 1645 833 illam
1684 783 1840 850 quasi
1874 784 2145 851 propriam

582 862 826 917 habens?
851 865 899 917 id
918 864 1079 929 enim,
1104 877 1157 921 ut
1181 873 1391 937 Opinor,
1416 886 1518 924 non
1545 872 1746 940 aliquid
1773 872 1916 927 aliud
1937 874 2144 943 signiﬁ-

578 962 685 1015 cat,
703 953 843 1020 quod
866 954 1168 1021 possedisse
1198 957 1413 1011 dicitur.
1436 959 1494 1013 Si
1516 960 1708 1021 nudus,
1742 977 1845 1015 non
1871 964 2141 1030 possedit;

577 1040 660 1094 sin
686 1050 743 1093 ut
770 1041 915 1095 illam
943 1045 1212 1114 propriam
1240 1046 1466 1111 habens,
1486 1048 1739 1104 divinitas
1773 1052 1957 1119 procul
1982 1052 2144 1107 dubio

578 1123 690 1181 Deo
714 1128 1059 1184 sacrificabit.
1078 1130 1213 1196 Quid
1245 1132 1407 1203 igitur
1438 1144 1654 1200 iPSlllaS,
1673 1145 1726 1191 et
1751 1152 1963 1192 sursum
1990 1139 2146 1192 deor-

576 1229 696 1270 sum
735 1220 1017 1284 perturbas
1052 1222 1266 1285 omnia,
1297 1232 1352 1277 et
1389 1225 1511 1279 fidei
1550 1226 1889 1283 traditionem
1935 1229 2144 1282 adulte-

576 1322 697 1361 rare
726 1323 831 1361 non
861 1310 1181 1366 erubescis?
1225 1312 1395 1368 Habet
1426 1316 1790 1369 necessariam
1822 1332 2039 1372 causam
2077 1319 2142 1371 il-

576 1395 666 1449 lud
692 1412 758 1451 ex
814 1397 920 1452 Deo
950 1399 1108 1454 Patre
1144 1403 1398 1465 Verbum,
1436 1406 1652 1460 etiamsi
1687 1408 2030 1462 sacrificasse
2054 1411 2141 1462 di-

574 1497 730 1540 catur
772 1488 879 1543 Dco
914 1504 974 1544 ac
1012 1490 1153 1544 Patri
1187 1511 1201 1547 :
1256 1492 1500 1548 functum
1542 1504 1625 1550 est
1662 1497 1807 1550 enim
1847 1500 2138 1553 sacerdotii

573 1591 819 1642 munere,
862 1597 964 1633 non
1008 1582 1223 1649 quidem
1264 1584 1381 1637 sine
1411 1600 1598 1649 carne,
1630 1587 1723 1640 sed
1752 1589 1925 1642 nostri
1966 1590 2142 1645 simile

574 1670 797 1733 factum,
824 1672 1020 1739 quibus
1062 1675 1245 1742 gloria:
1280 1682 1362 1727 est
1395 1676 1682 1731 sacerdotii
1721 1677 1995 1733 nobilitas.
2021 1681 2138 1735 Alia

571 1777 786 1831 quoque
822 1764 1029 1818 ratione
1060 1764 1314 1832 perfacile
1337 1778 1417 1821 est
1446 1767 1653 1831 videre,
1689 1768 2137 1824 absurdissimum

571 1865 705 1904 sane
734 1866 855 1905 esse
884 1861 939 1906 et
985 1852 1229 1907 stultitia:
1262 1854 1500 1922 plenum,
1537 1856 1683 1909 illum
1725 1872 1791 1911 ex
1830 1857 2138 1912 hominibus

571 1952 906 2010 assumptum
966 1958 1329 2011 possessorem
1387 1948 1687 2003 divinitatis
1738 1950 2030 2019 appellare,
2086 1960 2140 2006 et

569 2032 921 2086 constitutum
954 2034 1006 2087 in
1041 2034 1121 2088 bis
1152 2051 1270 2104 quze
1300 2047 1423 2091 sunt
1464 2040 1527 2092 ad
1571 2039 1735 2094 Deum
1768 2058 1782 2094 :
1818 2058 1940 2095 nam
1968 2043 2009 2096 si
2048 2059 2136 2098 as-

571 2130 817 2191 sumptus
840 2134 924 2179 est
951 2139 979 2177 a
1015 2125 1143 2193 Deo,
1176 2128 1843 2196 quomodnfassumentem
1880 2148 1942 2189 se
1971 2144 2134 2189 natu-

572 2228 686 2266 ram
714 2217 999 2285 acquisivit
1026 2234 1089 2271 ac
1117 2220 1395 2286 possedit?
1439 2237 1561 2275 nam
1594 2224 1708 2292 ipsa
1748 2240 1833 2280 res
1860 2240 2133 2295 assnmpta

568 2302 676 2357 erit
706 2305 889 2372 procul
924 2307 1088 2361 dubio
1126 2312 1456 2364 assumentis
1508 2315 1816 2379 possessio,
1865 2332 1969 2370 non
2007 2332 2134 2386 pos-

566 2393 705 2447 sidet
738 2406 1103 2450 assumentem
1132 2415 1145 2451 :
1180 2399 1326 2452 verbi
1363 2401 1557 2467 gratia,
1597 2405 1840 2471 pecunia:
1865 2406 2132 2475 quispiam

567 2485 743 2538 factus
793 2495 874 2539 cst
925 2502 1227 2555 possessor,
1261 2489 1343 2543 vel
1392 2492 1634 2546 scientia:
1682 2495 1972 2564 cujuslibet
2013 2499 2130 2554 rei:

568 2586 746 2625 nonne
793 2576 1045 2630 omnibus
1094 2579 1440 2647 perspicuum
1491 2590 1573 2635 est
1636 2598 1740 2638 non
1800 2585 1972 2654 ipsum
2013 2604 2135 2644 esse

564 2665 961 2731 possessionem
986 2669 1250 2737 pecuniae,
1280 2680 1375 2725 aut
1413 2672 1554 2727 illius
1585 2675 1782 2730 addita
1814 2677 1916 2732 sibi
1951 2680 2132 2734 scien-

564 2753 671 2819 ιίιε,
700 2757 792 2809 sed
827 2758 1086 2824 possideri
1124 2759 1193 2813 ab
1222 2761 1338 2831 ipso
1371 2764 1549 2830 potius
1576 2780 1688 2820 rem
1722 2770 2043 2837 acceptam?
2076 2771 2130 2825 Id

560 2845 778 2911 quidem
807 2846 952 2902 nullo
977 2850 1156 2914 modo,
1193 2863 1251 2905 ut
1277 2854 1493 2923 opinor,
1536 2864 1620 2909 est
1665 2856 1995 2927 ambiguum.
2031 2861 2131 2931 lgi-

563 2943 652 2987 tur
694 2936 738 2989 si
796 2938 1061 2993 rationem
1094 2957 1198 3011 qua
1251 2942 1341 2999 ille
1390 2944 1712 3015 Unigenitus
1760 2949 1923 3005 homo
1957 2951 2130 3009 factus

558 3030 666 3087 cst,
706 3027 1039 3094 exquirendo
1076 3032 1368 3098 curiosius,
1395 3035 1699 3092 invenimus
1733 3039 2006 3098 hominem
2040 3058 2129 3099 as-

2250 596 2318 648 τά
2349 597 2484 667 πρὸς
2520 596 2612 649 τὸν
2645 596 2797 663 Θεὸν,
2844 598 3143 670 ἀρχιερεὺς
3166 600 3408 669 δηλονότι
3430 641 3445 663 ,
3480 603 3682 673 πότερα
3719 598 3873 662 οὖν,

2249 688 2454 758 γυμνὸς
2484 684 2552 759 ἧς
2584 689 2853 758 ἐκτήσατο
2898 690 3151 759 θεότητος
3171 730 3185 754 ,
3224 691 3527 762 ίερατεύσει
3560 693 3638 762 τῷ
3667 690 3827 761 Θεῷ
3853 708 3872 755 ;

2248 780 2281 849 ἢ
2320 779 2521 850 ταύτην
2550 780 2652 850 ήδη
2683 796 2798 843 πως
2828 780 2962 833 ἰδίαν
2989 780 3156 850 ἔχων;
3187 782 3341 833 τουτὶ
3378 782 3506 852 γὰρ,
3526 779 3723 854 οἶμαι,
3749 784 3875 836 καὶ

2247 871 2432 941 ἓτερον
2479 872 2649 935 οὐδὲν,
2682 872 3143 943 κατασημαίνειεν
3179 875 3245 926 ἂν
3291 875 3352 926 τὸ
3397 876 3702 945 κτήσασθαι
3746 874 3869 927 λέ-

2247 979 2363 1029 γειν
2391 962 2570 1017 αὐτόν.
2612 961 2752 1015 Ἀλλ’
2792 964 2840 1015 εἰ
2874 963 2973 1031 μὲν
3004 963 3245 1033 γυμνὸς,
3285 965 3387 1017 οὐκ
3429 967 3705 1037 ἐκτήσατο
3729 983 3750 998 ο
3799 967 3866 1017 εἰ

2245 1051 2301 1104 δέ
2331 1051 2405 1114 ὡς
2441 1052 2575 1105 ἰδίαν
2609 1052 2747 1121 ἔχων
2790 1052 2980 1122 αὐτὴν,
3023 1052 3272 1122 θεότητός
3303 1052 3416 1125 [Ion
3458 1055 3674 1127 θεότης]
3720 1072 3862 1108 που

2246 1143 2463 1206 πάντως
2510 1143 2812 1213 ἱερατεύσει
2844 1143 2980 1213 Θεῷ.
3015 1143 3079 1195 Τί
3112 1140 3206 1197 οὖν
3251 1145 3456 1211 ἀλύεις,
3487 1149 3602 1218 ἀνω
3632 1164 3693 1200 τε
3734 1148 3864 1200 καὶ

2245 1233 2393 1286 κάτω
2417 1234 2703 1304 διακυκᾷς,
2732 1234 2824 1287 καὶ
2854 1236 3289 1304 παρασημαίνων
3316 1237 3415 1289 οὐκ
3438 1238 3697 1310 ἐρυθριᾷς
3726 1238 3860 1305 τῆς

2245 1324 2476 1387 πίστεως
2517 1325 2615 1396 τὴν
2649 1326 2975 1396 παράδοσιν;
3003 1327 3155 1397 Ἔχει
3199 1328 3470 1398 πρόφασιν
3511 1329 3860 1396 ἀναγκαίαν

2241 1416 2271 1467 6
2299 1416 2363 1468 ἐκ
2384 1414 2517 1467 Θεοῦ
2536 1415 2748 1484 Πατρὸς
2772 1416 2962 1483 Λόγος,
2995 1417 3100 1469 κᾶν
3130 1418 3439 1485 ίερατεῦσαι
3464 1418 3676 1486 λέγοιτο
3700 1420 3858 1489 Θεῷ

2243 1505 2337 1558 καὶ
2364 1505 2536 1575 Πατρί
2555 1522 2569 1536 ’
2602 1506 2973 1575 κεχρημάτικε
3003 1507 3112 1578 γὰρ
3144 1509 3323 1580 ἱερεὺς
3353 1511 3414 1562 ού
3439 1510 3563 1580 δίχα
3592 1512 3849 1581 σαρκδς,

2242 1596 2363 1648 καθ’
2387 1598 2533 1666 ἡμᾶς
2561 1596 2617 1649 δὲ
2649 1596 2907 1665 γεγονὼς.
2938 1598 3015 1658 ὼς
3045 1598 3201 1668 ἔφην,
3229 1599 3322 1664 οὒς
3351 1600 3463 1673 [ῖσ.
3495 1597 3599 1672 οἷς]
3636 1604 3733 1655 καὶ
3769 1606 3849 1656 ἐν

2242 1685 2486 1750 εὐκλείας
2529 1686 2679 1752 τάξει
2720 1688 3024 1757 λελόγισται
3062 1690 3130 1743 τὰ
3164 1693 3265 1762 τῆς
3313 1691 3612 1762 ἱερωσύνης
3644 1694 3845 1763 αὐχή-

2243 1794 2409 1848 ματα.
2433 1777 2541 1831 Καὶ
2569 1778 2690 1831 καθ’
2706 1779 2891 1847 ἕτερον
2920 1780 2976 1832 δὲ
3007 1781 3227 1850 τρόπον,
3245 1781 3629 1851 ἀταλαίπωρον
3660 1784 3834 1846 ἰδεῖν,

2239 1867 2315 1930 ὡς
2348 1866 2461 1920 ἔστι
2488 1867 2598 1920 τῶν
2629 1869 2766 1937 ἄγαν
2807 1870 3221 1933 ἐκτοπωτάτων,
3256 1872 3349 1925 καὶ
3382 1872 3583 1944 πολλῆς
3618 1874 3843 1943 ἐπίμε-

2242 1971 2364 2008 στον
2396 1956 2679 2025 εὐηθείας,
2725 1959 2964 2027 κτήτορα
2994 1958 3247 2030 θεότητος
3286 1959 3378 2013 τὸν
3410 1960 3469 2025 ἐξ
3506 1961 3839 2032 ἀνθρώπων

2238 2047 2506 2119 ληφθέντα
2547 2047 2747 2115 λέγειν,
2780 2047 3176 2117 καθιστάμενόν
3209 2066 3267 2101 τε
3308 2050 3446 2120 πρὸς
3499 2049 3590 2103 τὸν
3632 2050 3831 2102 Θεόνο

2237 2139 2285 2190 εἰ
2316 2138 2425 2208 γὰρ
2455 2137 2659 2209 ἐλήφθη
2699 2137 2850 2207 παρά
2884 2137 2977 2191 τοῦ
3009 2138 3164 2203 Θεοῦ,
3194 2138 3317 2192 τίνα
3354 2139 3553 2208 τρόπον
3581 2140 3685 2210 τήν
3712 2142 3833 2193 λα-

2236 2227 2435 2282 ϐοῦσαν
2454 2228 2617 2282 αὐτὸν
2641 2229 3015 2298 κατεκτήσατο
3039 2228 3200 2295 φύσιν
3219 2246 3232 2293 ;
3254 2229 3315 2282 τὸ
3338 2231 3447 2300 γάρ
3471 2248 3553 2284 τοι
3577 2231 3823 2302 ληφθὲν,

2236 2320 2388 2373 ἔσται
2415 2337 2520 2373 που
2555 2319 2755 2391 μᾶλλον
2798 2318 2889 2372 τοῦ
2933 2319 3189 2383 λαϐόντος
3217 2321 3292 2382 ὡς
3323 2322 3533 2392 κτῆσις,
3576 2325 3674 2376 καὶ
3707 2325 3829 2378 οὐκ

2235 2416 2365 2470 αὐτὸ
2390 2418 2714 2487 κεκτήσεται
2743 2416 2803 2469 τὸ
2832 2415 3223 2485 προσειληφός·
3251 2412 3360 2469 οἷον
3385 2417 3438 2470 δὲ
3464 2418 3524 2487 δή
3544 2418 3603 2470 τί
3629 2436 3821 2488 φημιο

2234 2509 2473 2563 Πλούτου
2514 2525 2600 2571 τις
2643 2507 2833 2577 γέγονε
2873 2509 3110 2578 κτὴτωρ,
3156 2508 3324 2577 ἤγουν
3353 2508 3664 2579 ἐπιστήμης
3706 2511 3823 2580 τῆς

2233 2600 2317 2668 ἐφ’
2351 2597 2555 2669 ὁτῳοῦν
2583 2598 2905 2669 νοουμένηςο
2943 2593 3035 2667 ἆρ’
3059 2599 3161 2668 οὐχ
3192 2598 3395 2652 ἅπασιν
3443 2600 3694 2671 ἐναργὲς,
3731 2602 3823 2665 ὡς

2232 2690 2330 2744 ούκ
2355 2690 2517 2754 αὐτὸς
2542 2690 2693 2742 ἔσται
2720 2687 2812 2741 τοῦ
2844 2688 3073 2741 πλούτου
3107 2689 3317 2758 κτῆσις,
3348 2689 3513 2759 ήγουν
3536 2693 3637 2760 τῆς
3669 2708 3819 2761 προ-

2231 2782 2529 2852 γενομένης
2575 2778 2698 2850 [ton
2739 2777 3219 2849 προσγενομένης]
3276 2778 3426 2848 αὐτῷ
3457 2779 3815 2849 ἐπιστήμης,

2231 2870 2632 2940 κατακτήσεται
2672 2866 2730 2921 δὲ
2779 2866 2979 2937 μᾶλλον
2996 2866 3056 2919 τὸ
3096 2866 3599 2937 προσειλημμένονς
3631 2867 3815 2933 Ἀλλ’,

2228 2956 2405 3031 οἶμαι,
2440 2958 2598 3014 τοῦτό
2631 2960 2747 3011 ἐστι
2801 2958 2925 3010 κατ’
2973 2956 3165 3011 οὐδένα
3217 2957 3415 3029 τρόπον
3469 2958 3816 3027 ἀμφίλογον.

2231 3050 2460 3115 Οὐκοῦν,
2491 3052 2539 3103 εἰ
2578 3048 2666 3103 τὸν
2706 3050 2807 3119 τῆς
2843 3047 3307 3120 ὲνανθρωπήσεως
3338 3046 3432 3101 τοῦ
3460 3049 3817 3116 Μονογενοῦς

560 3116 866 3182 sumptione
894 3119 1195 3177 divinitatis
1238 3124 1438 3179 factum
1491 3127 1657 3183 Deum
1679 3171 1694 3197 ,
1723 3131 1881 3187 liceat
1908 3150 2031 3188 eum
2061 3150 2124 3190 ex

2231 3116 2810 3213 πολυπραγμονοῦντες
2857 3116 3077 3219 τρόπον,
3132 3116 3415 3211 ἀνθρωπον
3438 3138 3812 3233 εὑρίσκομεν,

562 3215 654 3257 tuo
686 3209 1019 3277 prmseripto,
1048 3212 1346 3269 divinitatis
1387 3232 1752 3284 possessorem
1796 3225 2071 3293 appellare
2104 3244 2120 3282 :

559 3294 725 3363 ipsius
737 3301 879 3353 enim
903 3300 1041 3357 facta
1056 3314 1137 3358 est
1155 3305 1268 3374 ipsa
1286 3306 1560 3364 divinitas.
1577 3311 1670 3366 Sin
1693 3313 1925 3369 Verbum
1948 3319 2122 3386 ipsum

556 3403 678 3441 cum
719 3402 863 3445 esset
914 3393 1091 3458 Deus,
1142 3400 1495 3466 apprehendit
1542 3419 1722 3460 semen
1773 3408 2121 3475 Abraham’,

556 3489 752 3534 etcum
787 3482 900 3553 69
927 3495 1069 3540 esset
1104 3487 1156 3541 in
1193 3488 1365 3545 forma
1398 3491 1489 3545 Dei
1522 3502 1578 3548 et
1611 3494 1810 3561 Patris,
1845 3511 2121 3569 assumpta

556 3572 701 3625 servi
749 3572 920 3628 forma
970 3576 1148 3633 factus
1188 3592 1272 3635 est
1305 3583 1466 3637 homo
1492 3584 1533 3649 ⁸,
1573 3588 1664 3653 qui
1698 3587 1813 3642 fieri
1849 3600 2030 3660 potest
2065 3601 2123 3646 ut

565 3674 670 3714 non
707 3663 776 3716 sit
801 3666 1047 3734 stupidus
1080 3669 1169 3735 qui
1213 3670 1397 3728 dicere
1437 3674 1586 3739 velit,
1634 3676 1686 3731 id
1730 3682 1873 3746 quod
1913 3696 2124 3738 assmu-

556 3763 705 3817 ptum
739 3763 843 3817 est,
875 3754 992 3823 ejus
1023 3768 1234 3814 natura!
1267 3765 1610 3829 possessione
1654 3766 1886 3823 dilatum
1935 3787 1963 3825 a
2016 3788 2121 3842 qua

556 3843 628 3895 sit
652 3856 1007 3916 assumptum,
1042 3864 1106 3905 ac
1139 3867 1245 3906 non
1282 3855 1459 3923 potius
1486 3860 1762 3927 proprium
1791 3878 1912 3918 esse
1946 3867 2118 3921 susci-

556 3932 753 4000 pientis
780 3947 984 3994 natura:
1005 3939 1253 3998 factum?
1279 3945 1429 4012 Quod
1455 3958 1636 4004 autem
1670 3967 1888 4007 suorum
1926 3958 2121 4010 verbo-

557 4039 675 4078 rum
717 4036 769 4081 et
812 4029 1185 4088 inventionum
1217 4037 1348 4103 vim,
1389 4039 1673 4109 ipsumque
1719 4053 1987 4112 praeterea
2036 4062 2122 4100 sa-

555 4116 787 4171 cerdotii
838 4137 1032 4177 nomen
1068 4126 1313 4194 imperite
1360 4130 1426 4182 ad
1476 4132 1776 4201 simplicem
1824 4136 2119 4205 hominem,

552 4206 701 4260 illum
738 4209 951 4278 inquam
987 4229 1049 4268 ex
1085 4215 1304 4283 femina,
1349 4220 1575 4290 redigat,
1624 4225 1951 4295 auferatque
1991 4229 2118 4284 illud

552 4299 621 4350 ab
666 4296 957 4369 Unigeuito
999 4314 1053 4356 et
1090 4305 1237 4361 edito
1264 4316 1330 4363 ex
1377 4310 1537 4367 Patre
1568 4313 1764 4381 Verbo,
1820 4318 1984 4372 etiam
2023 4336 2121 4390 per

551 4392 832 4456 sequentia
859 4392 1151 4450 declarabit
1178 4415 1191 4452 :
1224 4398 1302 4453 sic
1326 4415 1560 4471 namque
1585 4406 1807 4472 scripsit
1835 4423 2048 4464 rursum
2093 4429 2108 4465 :

626 4479 891 4586 [Ns-svos.
934 4503 953 4536 ι
985 4486 1099 4586 Non
1127 4490 1348 4586 augelos
1378 4494 1772 4563 apprehendit,
1808 4499 1902 4553 sed
1935 4516 2114 4557 semen
2148 4527 2194 4586 υ

555 4570 841 4625 Abraham
875 4575 1315 4642 apprehendit“:
1364 4600 1383 4631 ι
1430 4597 1557 4635 num
1604 4598 1787 4640 semen
1839 4588 2114 4645 Abraham

549 4670 631 4713 εει
676 4660 786 4728 ipsa
830 4663 1124 4720 divinitas?
1154 4668 1279 4722 audi
1326 4671 1490 4725 etiam
1531 4688 1845 4743 sequentem
1885 4694 2113 4737 vocem:

558 4770 577 4801 ι
612 4750 765 4806 Unde
788 4754 1052 4823 oportuit,
1088 4758 1282 4826 inquit,
1319 4776 1416 4829 per
1447 4765 1629 4819 omnia
1675 4765 1935 4824 fratribus
1965 4770 2111 4825 assi-

549 4844 726 4898 tnilari
752 4845 814 4901 ‘:
852 4865 870 4898 ι
908 4863 1034 4901 num
1063 4849 1335 4905 divinitati
1369 4853 1576 4910 similes
1614 4857 1751 4913 ullos
1780 4859 1969 4915 habuit
1998 4862 2112 4916 fra-

551 4946 665 4992 tres
695 4936 870 5005 ipsum
895 4939 987 4995 Dei
1024 4941 1253 4997 Verbmn
1276 4943 1301 4996 i
1323 4944 1456 5000 Vide
1496 4948 1658 5001 etiam
1690 4951 1832 5018 quod
1861 4951 2003 5007 illico
2032 4952 2114 5009 bis

549 5024 896 5094 adiungitur:
938 5048 957 5083 ι
997 5031 1065 5087 Ut
1104 5034 1416 5092 misericors
1453 5037 1607 5092 fieret
1645 5048 1700 5093 et
1734 5040 1907 5097 fidelis
1938 5042 2117 5098 Ponti-

550 5118 637 5173 fex
689 5122 757 5174 ad
791 5120 955 5177 Deum
987 5142 1002 5179 ;
1051 5126 1102 5179 in
1147 5142 1211 5182 eo
1238 5128 1384 5183 enim
1422 5130 1474 5182 in
1506 5146 1611 5198 quo
1642 5146 1833 5201 passus
1876 5146 1959 5190 est
2000 5137 2114 5203 ipse

552 5222 810 5278 tentatus,
828 5224 1016 5284 potens
1039 5227 1196 5274 estet
1218 5221 1296 5275 eis
1317 5222 1407 5291 qui
1431 5231 1724 5288 tentantur,
1746 5227 1990 5282 auxiliari
2014 5229 2056 5281 ⁷.
2088 5247 2104 5280 ι

551 5304 693 5374 Ergo
715 5305 759 5358 is
777 5307 866 5374 qui
893 5321 1086 5376 passus
1114 5321 1221 5377 est,
1252 5313 1341 5368 ille
1367 5322 1451 5369 est
1483 5314 1729 5372 Pontifex
1760 5318 2109 5388 misericors;

551 5395 774 5463 patibile
816 5409 995 5454 autem
1045 5401 1218 5471 ipsum
1266 5405 1517 5474 templum
1560 5417 1667 5472 est,
1698 5425 1804 5463 non
1845 5410 1987 5466 Deus
2018 5412 2109 5478 qui

554 5484 864 5541 vivificabat
896 5489 947 5543 id
988 5492 1126 5559 quod
1163 5494 1481 5560 patiebatur.
1514 5497 1706 5553 Semen
1742 5500 2035 5566 Abraham,
2066 5502 2112 5557 is

550 5585 633 5630 cst
672 5579 763 5645 qui
813 5579 928 5635 heri
984 5590 1039 5635 et
1084 5582 1258 5648 hodie,
1312 5594 1371 5639 ut
1425 5586 1622 5645 Paulus
1663 5590 1739 5645 ait
1788 5591 1830 5656 ⁸,
1882 5608 1986 5646 non
2018 5593 2107 5660 qui

626 5756 644 5786 ⁸
675 5756 838 5814 llel‘it‘.
869 5776 927 5826 tt,
964 5762 1045 5817 16.
1122 5766 1136 5794 ³
1172 5765 1394 5836 Philipp.
1428 5784 1485 5834 ιι,
1514 5770 1565 5834 θ,
1594 5771 1644 5824 7.
1721 5771 1739 5801 ⁵
1777 5771 1939 5830 Hebr.
1964 5788 2022 5837 tt,
2053 5776 2131 5826 lG.

2228 3232 2304 3294 ὡς
2342 3232 2401 3283 ὲν
2447 3229 2748 3300 προσλήψει
2791 3215 3043 3297 θεότητος
3072 3226 3333 3295 γεγονότα
3363 3226 3517 3290 Θεὸν,
3553 3226 3817 3294 λεγέσθω

2226 3323 2369 3376 κατά
2413 3321 2500 3386 σὲ,
2551 3320 2804 3389 θεότητος
2858 3318 3113 3388 κτήτωρ*
3150 3317 3317 3370 αὐτοῦ
3368 3317 3477 3389 γὰρ
3513 3317 3733 3385 γέγονεν
3771 3319 3813 3388 ή

2227 3412 2433 3479 θεότης.
2464 3412 2526 3465 Εἰ
2551 3412 2606 3464 δὲ
2633 3410 2765 3473 Θεὸς
2789 3408 2864 3463 ὣν
2890 3411 2919 3462 6
2944 3410 3136 3476 Λόγος,
3168 3408 3460 3461 ἐπελάϐετο
3486 3410 3815 3478 σπέρματος

2239 3503 2509 3573 Ἀϐραὰμ,
2542 3501 2635 3554 καὶ
2663 3500 2922 3570 ὑπάρχων
2947 3501 3005 3553 ὲν
3046 3503 3227 3570 μορφῇ
3258 3501 3353 3553 τοῦ
3387 3499 3522 3552 Θεοῦ
3562 3500 3811 3568 Πατρὸς,

2224 3593 2446 3662 γέγονεν
2487 3591 2768 3661 ἄνθρωπος
2803 3589 3014 3660 μορφήν
3056 3589 3243 3642 δούλου
3292 3589 3491 3652 λαϐὼν,
3536 3590 3651 3652 πῶς
3699 3590 3813 3643 οὐκ

2225 3684 2588 3755 ἐμϐρόντητος
2613 3676 2696 3751 εἴη
2728 3681 2813 3746 ἂν,
2842 3682 2895 3735 εἴ
2922 3697 3005 3743 τις
3038 3679 3207 3733 ἕλοιτο
3235 3679 3431 3748 λέγειν,
3481 3681 3563 3733 ὄτι
3604 3681 3664 3733 τὸ
3705 3681 3813 3749 λη-

2227 3775 2357 3844 φθὲν
2401 3774 2498 3847 τὴν
2542 3770 2812 3826 λαϐοῦσαν
2859 3772 2988 3825 αὐτὸ
3047 3772 3424 3840 κατεκτήσατο
3478 3770 3658 3839 φύσιν,
3704 3772 3811 3823 καὶ

2223 3866 2344 3936 οὐχὶ
2365 3866 2421 3920 δὲ
2452 3865 2650 3935 μᾶλλον
2674 3864 2895 3933 γέγονεν
2921 3862 3047 3915 ἴδιον
3069 3862 3167 3931 τῆς
3192 3862 3463 3931 λαϐούσης
3482 3861 3645 3924 αὐτός
3672 3863 3810 3914 Ὅτι

2223 3956 2279 4010 δέ
2306 3955 2413 4009 τῶν
2439 3956 2633 4009 ἑαυτοῦ
2660 3956 2832 4023 λόγων
2861 3971 2919 4006 τε
2950 3954 3043 4006 καὶ
3070 3954 3203 4024 εὑρη
3215 3953 3400 4022 μάτων
3425 3952 3521 4023 τὴν
3543 3953 3806 4021 δύναμιν,

2224 4046 2318 4099 καὶ
2350 4046 2455 4117 μὴν
2482 4046 2575 4099 καὶ
2606 4045 2736 4099 αὐτὸ
2763 4045 2823 4099 τὸ
2858 4045 2957 4112 τῆς
2993 4043 3405 4114 ἀρχιερωσύνης
3433 4044 3603 4113 ὄνομα
3636 4060 3803 4113 resp:-

2217 4137 2434 4207 ἲστησιν
2465 4135 2691 4206 ἀμαθῶς
2724 4137 2804 4198 εἰς
2838 4134 3122 4204 ἄνθρωπον
3154 4133 3341 4196 ἁπλῶς
3376 4133 3467 4185 τὸν
3505 4134 3569 4185 ἐκ
3601 4151 3803 4201 γυναι-

2221 4228 2337 4291 κὸς,
2370 4226 2661 4297 ἀποφέρων
2693 4226 2825 4279 αὐτὸ
2862 4223 2956 4278 τοῦ
2998 4222 3338 4292 Μονογενοῦς
3364 4224 3457 4276 καὶ
3486 4225 3550 4276 ὲκ
3581 4225 3807 4294 Πατρὸς

2219 4319 2370 4381 ὄντος
2412 4318 2607 4385 Λόγου,
2650 4317 2744 4369 καὶ
2781 4317 2867 4369 διά
2911 4314 3020 4369 τῶν
3069 4314 3194 4383 ἑξῆς
3227 4315 3665 4386 προσαποφανεῦ
3701 4315 3806 4381 γέ-

2220 4427 2398 4480 γραφε
2428 4409 2535 4479 γὰρ
2563 4410 2659 4462 ὡδὶ
2691 4409 2753 4480 δὴ
2789 4408 2951 4461 πάλιν
2974 4424 3015 4492 ο,

2294 4500 2340 4572 [ι
2369 4502 2482 4554 Οὐκ
2529 4501 2775 4568 ἀγγέλων
2825 4497 3273 4569 ἐπιλαμϐάνεται,
3315 4495 3452 4550 ἀλλὰ
3485 4496 3813 4564 σπέρματος

2233 4591 2483 4662 Ἀϐραὰμ
2511 4591 2956 4662 ἐπιλαμὸἀνεται.
2988 4609 3005 4639 ι
3046 4588 3137 4661 Μὴ
3170 4587 3387 4657 σπέρμα
3414 4585 3506 4639 τοῦ
3544 4585 3805 4655 ’Δὸραάμ

2215 4684 2248 4753 ή
2280 4682 2504 4753 θεότης;
2538 4682 2770 4735 ἄκουσον
2800 4682 2893 4734 καλ⁸
2923 4681 3019 4751 τὴν
3046 4680 3321 4751 ὲπομὲιην
3345 4678 3527 4747 φωνήν
3546 4692 3560 4707 ·
3587 4695 3608 4727 ι
3629 4676 3803 4730 Ὅθεν

2213 4773 2430 4843 ὤφειλε,
2467 4774 2628 4843 φησὶ,
2664 4773 2805 4826 κατὰ
2851 4773 3027 4826 πάντα
3078 4776 3189 4835 τοῖς
3234 4771 3482 4841 ἀδελςῶς
3521 4768 3800 4838 ὁμοιωθῆ-

2213 4882 2321 4931 ναι,
2348 4883 2365 4915 ι
2407 4864 2482 4936 μὴ
2511 4868 2575 4935 τῇ
2606 4863 2818 4935 θεότητί
2850 4881 3004 4927 τινας
3032 4865 3059 4918 6
3092 4864 3225 4927 Θεὸς
3253 4864 3424 4932 Λόγος
3456 4865 3611 4935 ἔσχεν
3640 4859 3803 4913 ἀδελ-

2213 4958 2348 5027 φοὺς
2392 4956 2665 5021 ἐοικότας;
2716 4955 2914 5007 Σκόπει
2952 4956 3046 5007 καὶ
3091 4954 3152 5007 τὸ
3196 4954 3409 5016 τούτοις
3454 4954 3613 5015 εὐθὺς
3664 4966 3805 5008 συνε-

2210 5048 2544 5118 απτόμενοψ
2585 5065 2602 5096 ι
2630 5046 2746 5100 Ἵνα
2788 5046 3035 5117 ἐλεήμων
3067 5045 3293 5115 γένηται
3330 5045 3425 5098 καὶ
3472 5044 3661 5106 πιστὸς
3693 5046 3803 5114 ἀρ-

2210 5138 2427 5210 χιερεὺς
2450 5136 2517 5191 τὰ
2542 5136 2679 5208 πρὸς
2703 5136 2794 5190 τὸν
2823 5136 2955 5189 Θεόν
2977 5152 2991 5167 ο
3020 5137 3078 5189 ἐν
3108 5128 3152 5204 ᾧ
3180 5135 3289 5205 γὰρ
3318 5134 3581 5189 πέπονθεν
3625 5134 3799 5198 αὐτὸς

2213 5230 2524 5302 πειρασθεὶς
2544 5270 2558 5293 ,
2593 5229 2815 5282 δύναται
2846 5231 2957 5290 τοῖς
2994 5226 3411 5298 πειραζομένοις
3453 5226 3738 5296 βοηθῆσαι.
3771 5244 3791 5276 ι

2212 5320 2473 5376 Οὐκοῦνὸ
2506 5321 2693 5374 παθὼν
2738 5321 3027 5391 ἀρχιερεὺς
3065 5320 3332 5390 ἐλεήμων,
3383 5318 3618 5387 παθητὸς
3664 5316 3721 5368 δὲ
3766 5319 3797 5368 6

2211 5413 2361 5476 ναὸς,
2398 5412 2496 5481 οὐχ
2523 5413 2550 5464 ό
2584 5412 2847 5476 ζωοποιὸς
2882 5410 2977 5464 τοῦ
3012 5410 3340 5472 πεπονθότος
3372 5409 3524 5471 Θεός.
3560 5407 3797 5475 Σπέρμα

2225 5502 2478 5573 Ἀϐραὰμ
2503 5505 2530 5555 ὁ
2562 5502 2687 5572 χθὲς
2720 5502 2816 5555 καὶ
2848 5503 3107 5571 σήμερον,
3135 5501 3278 5554 κατὰ
3311 5502 3410 5571 τὴν
3442 5498 3534 5551 τοῦ
3575 5496 3794 5550 Παύλου

2214 5594 2418 5665 φωνὴν,
2455 5593 2552 5663 οὐχ
2593 5596 2620 5646 6
2662 5594 2855 5661 λέγων,
2891 5611 2908 5642 ι
2943 5593 3078 5663 Πρὶν
3111 5591 3359 5663 Ἀϐραὰμ
3395 5588 3647 5658 γενέσθαι
3677 5586 3796 5656 ἐγώ

2210 5776 2228 5803 ⁵
2261 5775 2387 5827 ΙὺίιΙΔ
2426 5773 2505 5826 l7.
2582 5775 2599 5803 "
2635 5772 2763 5828 Ibid.
2799 5772 2879 5827 l8.
2958 5772 2977 5803 "
3012 5770 3168 5828 llchr.
3201 5786 3316 5836 xm,
3352 5772 3432 5823 l8.
