  <div class='ocr_page' id='page_1' title='image "/cluster/home/n/w/nwhite01/storage/ocr_20150623/76/hvd.32044019207943/070.png"; bbox 0 0 4166 6484; ppageno 0'>
   <div class='ocr_carea' id='block_1_1' title="bbox 296 398 404 451">
    <p class='ocr_par' dir='ltr' id='par_1_1' title="bbox 296 398 404 451">
     <span class='ocr_line' id='line_1_1' title="bbox 296 398 404 451; baseline -0.009 0"><span class='ocrx_word' id='word_1_1' title='bbox 296 398 404 451; x_wconf 68' lang='grc'><strong>125</strong></span> 
     </span>
    </p>
   </div>
   <div class='ocr_carea' id='block_1_2' title="bbox 1422 373 2526 447">
    <p class='ocr_par' dir='ltr' id='par_1_2' title="bbox 1422 373 2526 447">
     <span class='ocr_line' id='line_1_2' title="bbox 1422 373 2526 447; baseline 0.002 -3"><span class='ocrx_word' id='word_1_2' title='bbox 1422 390 1795 447; x_wconf 67' lang='grc' dir='ltr'>Αυνειιευδ</span> <span class='ocrx_word' id='word_1_3' title='bbox 1832 387 2236 446; x_wconf 73' lang='lat' dir='ltr'><strong>ussroawu</strong></span> <span class='ocrx_word' id='word_1_4' title='bbox 2276 388 2402 445; x_wconf 87' lang='lat' dir='ltr'><strong>LIB.</strong></span> <span class='ocrx_word' id='word_1_5' title='bbox 2440 373 2526 446; x_wconf 79' lang='lat' dir='ltr'><strong>ut;</strong></span> 
     </span>
    </p>
   </div>
   <div class='ocr_carea' id='block_1_3' title="bbox 3448 390 3552 444">
    <p class='ocr_par' dir='ltr' id='par_1_3' title="bbox 3448 390 3552 444">
     <span class='ocr_line' id='line_1_3' title="bbox 3448 390 3552 444; baseline -0.01 0"><span class='ocrx_word' id='word_1_6' title='bbox 3448 390 3552 444; x_wconf 61' lang='lat'><strong>1‘26</strong></span> 
     </span>
    </p>
   </div>
   <div class='ocr_carea' id='block_1_4' title="bbox 294 507 1880 585">
    <p class='ocr_par' dir='ltr' id='par_1_4' title="bbox 294 511 1878 585">
     <span class='ocr_line' id='line_1_4' title="bbox 294 511 1878 585; baseline -0.002 -17"><span class='ocrx_word' id='word_1_7' title='bbox 294 517 414 585; x_wconf 83' lang='grc' dir='ltr'>εἰμι</span> <span class='ocrx_word' id='word_1_8' title='bbox 433 530 448 544; x_wconf 88' lang='grc'>·</span> <span class='ocrx_word' id='word_1_9' title='bbox 469 533 490 567; x_wconf 70' lang='grc' dir='ltr'><strong>ι</strong></span> <span class='ocrx_word' id='word_1_10' title='bbox 519 514 703 584; x_wconf 86' lang='grc' dir='ltr'>ὅμοιος</span> <span class='ocrx_word' id='word_1_11' title='bbox 731 514 844 576; x_wconf 88' lang='grc' dir='ltr'>τοῖς</span> <span class='ocrx_word' id='word_1_12' title='bbox 870 513 1120 583; x_wconf 78' lang='grc' dir='ltr'><strong>ἀδελφοῖς</strong></span> <span class='ocrx_word' id='word_1_13' title='bbox 1149 517 1290 570; x_wconf 90' lang='grc' dir='ltr'><strong>κατά</strong></span> <span class='ocrx_word' id='word_1_14' title='bbox 1318 512 1499 568; x_wconf 82' lang='grc' dir='ltr'>πάντα</span> <span class='ocrx_word' id='word_1_15' title='bbox 1524 515 1552 568; x_wconf 99' lang='lat'><strong>6</strong></span> <span class='ocrx_word' id='word_1_16' title='bbox 1578 513 1755 583; x_wconf 74' lang='grc' dir='ltr'>ψυχῆς</span> <span class='ocrx_word' id='word_1_17' title='bbox 1786 511 1878 565; x_wconf 86' lang='grc' dir='ltr'>ἀν-</span> 
     </span>
    </p>
   </div>
   <div class='ocr_carea' id='block_1_5' title="bbox 1978 507 3542 585">
    <p class='ocr_par' dir='ltr' id='par_1_5' title="bbox 1981 507 3542 579">
     <span class='ocr_line' id='line_1_5' title="bbox 1981 507 3542 579; baseline -0.003 -14"><span class='ocrx_word' id='word_1_18' title='bbox 1981 512 2118 565; x_wconf 79' lang='lat' dir='ltr'><strong>dixit</strong></span> <span class='ocrx_word' id='word_1_19' title='bbox 2155 531 2169 567; x_wconf 91' lang='lat'><strong>:</strong></span> <span class='ocrx_word' id='word_1_20' title='bbox 2209 530 2228 564; x_wconf 80' lang='grc' dir='ltr'><strong>ι</strong></span> <span class='ocrx_word' id='word_1_21' title='bbox 2277 511 2595 579; x_wconf 83' lang='lat' dir='ltr'><strong>Priusquam</strong></span> <span class='ocrx_word' id='word_1_22' title='bbox 2631 508 2905 564; x_wconf 81' lang='lat' dir='ltr'><strong>Abraham</strong></span> <span class='ocrx_word' id='word_1_23' title='bbox 2950 507 3121 577; x_wconf 84' lang='lat' dir='ltr'><strong>fieret,</strong></span> <span class='ocrx_word' id='word_1_24' title='bbox 3151 524 3252 579; x_wconf 79' lang='lat' dir='ltr'><strong>ego</strong></span> <span class='ocrx_word' id='word_1_25' title='bbox 3288 525 3407 565; x_wconf 87' lang='lat' dir='ltr'><strong>sum</strong></span> <span class='ocrx_word' id='word_1_26' title='bbox 3437 510 3482 563; x_wconf 83' lang='grc'><strong>⁹.</strong></span> <span class='ocrx_word' id='word_1_27' title='bbox 3520 526 3542 560; x_wconf 72' lang='grc' dir='ltr'><strong>ι</strong></span> 
     </span>
    </p>
   </div>
   <div class='ocr_carea' id='block_1_6' title="bbox 295 605 1876 679">
    <p class='ocr_par' dir='ltr' id='par_1_6' title="bbox 295 605 1876 679">
     <span class='ocr_line' id='line_1_6' title="bbox 295 605 1876 679; baseline -0.003 -18"><span class='ocrx_word' id='word_1_28' title='bbox 295 608 580 679; x_wconf 87' lang='grc' dir='ltr'>θρωπίνης</span> <span class='ocrx_word' id='word_1_29' title='bbox 608 608 704 660; x_wconf 66' lang='grc' dir='ltr'>καὶ</span> <span class='ocrx_word' id='word_1_30' title='bbox 732 608 932 677; x_wconf 78' lang='grc' dir='ltr'>σαρκὸς</span> <span class='ocrx_word' id='word_1_31' title='bbox 958 608 1244 663; x_wconf 86' lang='grc' dir='ltr'>ἀναλαϐὼν</span> <span class='ocrx_word' id='word_1_32' title='bbox 1271 608 1627 677; x_wconf 82' lang='grc' dir='ltr'><strong>ἀδελφότητα,</strong></span> <span class='ocrx_word' id='word_1_33' title='bbox 1658 606 1752 659; x_wconf 72' lang='grc' dir='ltr'>καὶ</span> <span class='ocrx_word' id='word_1_34' title='bbox 1776 605 1876 674; x_wconf 82' lang='grc' dir='ltr'>οὐχ</span> 
     </span>
    </p>
   </div>
   <div class='ocr_carea' id='block_1_7' title="bbox 293 697 1805 772">
    <p class='ocr_par' dir='ltr' id='par_1_7' title="bbox 293 697 1805 772">
     <span class='ocr_line' id='line_1_7' title="bbox 293 697 1805 772; baseline -0.002 -19"><span class='ocrx_word' id='word_1_35' title='bbox 293 701 323 753; x_wconf 92' lang='lat'><strong>6</strong></span> <span class='ocrx_word' id='word_1_36' title='bbox 344 700 545 771; x_wconf 76' lang='grc' dir='ltr'>λέγων,</span> <span class='ocrx_word' id='word_1_37' title='bbox 575 719 594 751; x_wconf 74' lang='grc' dir='ltr'><strong>ι</strong></span> <span class='ocrx_word' id='word_1_38' title='bbox 629 701 690 755; x_wconf 86' lang='lat'><strong>&#39;0</strong></span> <span class='ocrx_word' id='word_1_39' title='bbox 716 698 975 770; x_wconf 79' lang='grc' dir='ltr'>ἑωρακὼς</span> <span class='ocrx_word' id='word_1_40' title='bbox 996 699 1120 771; x_wconf 78' lang='grc' dir='ltr'>ἐμὲ,</span> <span class='ocrx_word' id='word_1_41' title='bbox 1145 700 1358 772; x_wconf 78' lang='grc' dir='ltr'>ἑώρακε</span> <span class='ocrx_word' id='word_1_42' title='bbox 1384 700 1477 754; x_wconf 81' lang='grc' dir='ltr'>τὸν</span> <span class='ocrx_word' id='word_1_43' title='bbox 1505 697 1741 770; x_wconf 81' lang='grc' dir='ltr'><strong>Πατέρα.</strong></span> <span class='ocrx_word' id='word_1_44' title='bbox 1757 697 1805 769; x_wconf 70' lang='grc' dir='ltr'>ι]</span> 
     </span>
    </p>
   </div>
   <div class='ocr_carea' id='block_1_8' title="bbox 901 906 1325 991">
    <p class='ocr_par' dir='ltr' id='par_1_8' title="bbox 901 906 1325 991">
     <span class='ocr_line' id='line_1_8' title="bbox 901 906 1325 991; baseline 0.005 -3"><span class='ocrx_word' id='word_1_45' title='bbox 901 935 1157 989; x_wconf 62' lang='lat' dir='ltr'><strong>nam.</strong></span> <span class='ocrx_word' id='word_1_46' title='bbox 1198 936 1273 991; x_wconf 68' lang='grc' dir='ltr'><strong>θ’.</strong></span> <span class='ocrx_word' id='word_1_47' title='bbox 1312 906 1325 911; x_wconf 67' lang='grc'><em>”</em></span> 
     </span>
    </p>
   </div>
   <div class='ocr_carea' id='block_1_9' title="bbox 370 1045 1878 1122">
    <p class='ocr_par' dir='ltr' id='par_1_9' title="bbox 370 1045 1878 1122">
     <span class='ocr_line' id='line_1_9' title="bbox 370 1045 1878 1122; baseline 0.003 -21"><span class='ocrx_word' id='word_1_48' title='bbox 370 1045 581 1101; x_wconf 78' lang='grc' dir='ltr'>Οὐκοῦν</span> <span class='ocrx_word' id='word_1_49' title='bbox 636 1047 952 1112; x_wconf 75' lang='grc' dir='ltr'>ἐπελάϐετο,</span> <span class='ocrx_word' id='word_1_50' title='bbox 997 1048 1142 1103; x_wconf 90' lang='grc' dir='ltr'><strong>καθά</strong></span> <span class='ocrx_word' id='word_1_51' title='bbox 1174 1050 1271 1103; x_wconf 75' lang='grc' dir='ltr'>καὶ</span> <span class='ocrx_word' id='word_1_52' title='bbox 1311 1049 1474 1113; x_wconf 84' lang='grc' dir='ltr'>αὐτὸς</span> <span class='ocrx_word' id='word_1_53' title='bbox 1522 1049 1878 1122; x_wconf 81' lang='grc' dir='ltr'><strong>ὡμολόγηκεν</strong></span> 
     </span>
    </p>
   </div>
   <div class='ocr_carea' id='block_1_10' title="bbox 292 1134 1877 1211">
    <p class='ocr_par' dir='ltr' id='par_1_10' title="bbox 292 1134 1877 1211">
     <span class='ocr_line' id='line_1_10' title="bbox 292 1134 1877 1211; baseline 0.007 -24"><span class='ocrx_word' id='word_1_54' title='bbox 292 1134 527 1205; x_wconf 77' lang='grc' dir='ltr'><strong>ἀρτίως,</strong></span> <span class='ocrx_word' id='word_1_55' title='bbox 578 1136 889 1208; x_wconf 82' lang='grc' dir='ltr'>σπέρματος</span> <span class='ocrx_word' id='word_1_56' title='bbox 925 1139 1175 1211; x_wconf 75' lang='grc' dir='ltr'>Ἀϐραὰμ</span> <span class='ocrx_word' id='word_1_57' title='bbox 1206 1140 1339 1204; x_wconf 80' lang='grc' dir='ltr'>Θεὸς</span> <span class='ocrx_word' id='word_1_58' title='bbox 1370 1139 1446 1196; x_wconf 83' lang='grc' dir='ltr'>ὣν</span> <span class='ocrx_word' id='word_1_59' title='bbox 1473 1144 1502 1195; x_wconf 94' lang='lat'><strong>6</strong></span> <span class='ocrx_word' id='word_1_60' title='bbox 1529 1143 1727 1211; x_wconf 87' lang='grc' dir='ltr'>Λόγος·</span> <span class='ocrx_word' id='word_1_61' title='bbox 1759 1143 1877 1207; x_wconf 82' lang='grc' dir='ltr'><strong>πῶς</strong></span> 
     </span>
    </p>
   </div>
   <div class='ocr_carea' id='block_1_11' title="bbox 294 1219 1878 1304">
    <p class='ocr_par' dir='ltr' id='par_1_11' title="bbox 294 1219 1878 1304">
     <span class='ocr_line' id='line_1_11' title="bbox 294 1219 1878 1304; baseline 0.006 -27"><span class='ocrx_word' id='word_1_62' title='bbox 294 1219 390 1277; x_wconf 78' lang='grc' dir='ltr'>οὖν</span> <span class='ocrx_word' id='word_1_63' title='bbox 414 1226 496 1278; x_wconf 79' lang='grc' dir='ltr'>ἔτι</span> <span class='ocrx_word' id='word_1_64' title='bbox 513 1226 765 1297; x_wconf 81' lang='grc' dir='ltr'><strong>θεότητος</strong></span> <span class='ocrx_word' id='word_1_65' title='bbox 788 1230 1025 1300; x_wconf 85' lang='grc' dir='ltr'>κτήτωρ,</span> <span class='ocrx_word' id='word_1_66' title='bbox 1049 1231 1078 1282; x_wconf 89' lang='grc' dir='ltr'><strong>ό</strong></span> <span class='ocrx_word' id='word_1_67' title='bbox 1106 1231 1170 1283; x_wconf 80' lang='grc' dir='ltr'>ὲκ</span> <span class='ocrx_word' id='word_1_68' title='bbox 1194 1230 1506 1301; x_wconf 79' lang='grc' dir='ltr'>σπέρματος</span> <span class='ocrx_word' id='word_1_69' title='bbox 1537 1233 1809 1304; x_wconf 83' lang='grc' dir='ltr'>Ἀϐραὰμ,</span> <span class='ocrx_word' id='word_1_70' title='bbox 1827 1235 1878 1289; x_wconf 92' lang='grc' dir='ltr'><strong>εί</strong></span> 
     </span>
    </p>
   </div>
   <div class='ocr_carea' id='block_1_12' title="bbox 296 1316 1877 1395">
    <p class='ocr_par' dir='ltr' id='par_1_12' title="bbox 296 1316 1877 1395">
     <span class='ocr_line' id='line_1_12' title="bbox 296 1316 1877 1395; baseline 0.007 -29"><span class='ocrx_word' id='word_1_71' title='bbox 296 1316 648 1387; x_wconf 85' lang='grc' dir='ltr'>προσελήφθη</span> <span class='ocrx_word' id='word_1_72' title='bbox 684 1317 835 1385; x_wconf 88' lang='grc' dir='ltr'><strong>παρά</strong></span> <span class='ocrx_word' id='word_1_73' title='bbox 862 1319 1021 1382; x_wconf 90' lang='grc' dir='ltr'>Θεοῦ,</span> <span class='ocrx_word' id='word_1_74' title='bbox 1050 1319 1144 1373; x_wconf 74' lang='grc' dir='ltr'>καὶ</span> <span class='ocrx_word' id='word_1_75' title='bbox 1174 1320 1295 1390; x_wconf 78' lang='grc' dir='ltr'>οὐχὶ</span> <span class='ocrx_word' id='word_1_76' title='bbox 1324 1322 1645 1391; x_wconf 79' lang='grc' dir='ltr'>προσλαϐὼν</span> <span class='ocrx_word' id='word_1_77' title='bbox 1681 1325 1877 1395; x_wconf 80' lang='grc' dir='ltr'>ὁρᾶται</span> 
     </span>
    </p>
   </div>
   <div class='ocr_carea' id='block_1_13' title="bbox 294 1405 1878 1484">
    <p class='ocr_par' dir='ltr' id='par_1_13' title="bbox 294 1405 1878 1484">
     <span class='ocr_line' id='line_1_13' title="bbox 294 1405 1878 1484; baseline 0.007 -28"><span class='ocrx_word' id='word_1_78' title='bbox 294 1405 395 1475; x_wconf 75' lang='grc' dir='ltr'><strong>τὴν</strong></span> <span class='ocrx_word' id='word_1_79' title='bbox 427 1405 657 1476; x_wconf 87' lang='grc' dir='ltr'>θεότητα</span> <span class='ocrx_word' id='word_1_80' title='bbox 694 1407 888 1473; x_wconf 84' lang='grc' dir='ltr'>αὐτός;</span> <span class='ocrx_word' id='word_1_81' title='bbox 922 1408 1033 1463; x_wconf 79' lang='grc' dir='ltr'><strong>Καὶ</strong></span> <span class='ocrx_word' id='word_1_82' title='bbox 1065 1408 1316 1481; x_wconf 89' lang='grc' dir='ltr'>θεότητος</span> <span class='ocrx_word' id='word_1_83' title='bbox 1350 1406 1443 1464; x_wconf 80' lang='grc' dir='ltr'>οὖν</span> <span class='ocrx_word' id='word_1_84' title='bbox 1474 1411 1635 1481; x_wconf 82' lang='grc' dir='ltr'><strong>φύσις</strong></span> <span class='ocrx_word' id='word_1_85' title='bbox 1667 1413 1878 1484; x_wconf 75' lang='grc' dir='ltr'>ἣκιστα</span> 
     </span>
    </p>
   </div>
   <div class='ocr_carea' id='block_1_14' title="bbox 296 1495 1873 1573">
    <p class='ocr_par' dir='ltr' id='par_1_14' title="bbox 296 1495 1873 1573">
     <span class='ocr_line' id='line_1_14' title="bbox 296 1495 1873 1573; baseline 0.006 -25"><span class='ocrx_word' id='word_1_86' title='bbox 296 1495 367 1548; x_wconf 83' lang='grc' dir='ltr'>ἂν</span> <span class='ocrx_word' id='word_1_87' title='bbox 391 1497 477 1566; x_wconf 72' lang='grc' dir='ltr'><strong>εἴη</strong></span> <span class='ocrx_word' id='word_1_88' title='bbox 503 1495 565 1549; x_wconf 85' lang='grc' dir='ltr'>τὸ</span> <span class='ocrx_word' id='word_1_89' title='bbox 591 1498 813 1568; x_wconf 79' lang='grc' dir='ltr'>σπέρμα</span> <span class='ocrx_word' id='word_1_90' title='bbox 837 1499 932 1552; x_wconf 89' lang='grc' dir='ltr'><strong>τοῦ</strong></span> <span class='ocrx_word' id='word_1_91' title='bbox 972 1499 1242 1571; x_wconf 72' lang='grc' dir='ltr'>Ἀϐραὰμ,</span> <span class='ocrx_word' id='word_1_92' title='bbox 1276 1501 1436 1571; x_wconf 86' lang='grc' dir='ltr'>σῶμα</span> <span class='ocrx_word' id='word_1_93' title='bbox 1461 1501 1518 1554; x_wconf 84' lang='grc' dir='ltr'>δὲ</span> <span class='ocrx_word' id='word_1_94' title='bbox 1554 1496 1753 1573; x_wconf 79' lang='grc' dir='ltr'>μᾶλλον</span> <span class='ocrx_word' id='word_1_95' title='bbox 1779 1504 1873 1558; x_wconf 88' lang='grc' dir='ltr'><strong>τοῦ</strong></span> 
     </span>
    </p>
   </div>
   <div class='ocr_carea' id='block_1_15' title="bbox 294 1586 1876 1663">
    <p class='ocr_par' dir='ltr' id='par_1_15' title="bbox 294 1586 1876 1663">
     <span class='ocr_line' id='line_1_15' title="bbox 294 1586 1876 1663; baseline 0.007 -25"><span class='ocrx_word' id='word_1_96' title='bbox 294 1586 434 1639; x_wconf 86' lang='grc' dir='ltr'>Θεοῦ</span> <span class='ocrx_word' id='word_1_97' title='bbox 472 1588 647 1655; x_wconf 86' lang='grc' dir='ltr'><strong>Λόγου</strong></span> <span class='ocrx_word' id='word_1_98' title='bbox 695 1589 922 1659; x_wconf 87' lang='grc' dir='ltr'>γέγονε,</span> <span class='ocrx_word' id='word_1_99' title='bbox 985 1590 1126 1645; x_wconf 88' lang='grc' dir='ltr'><strong>κατά</strong></span> <span class='ocrx_word' id='word_1_100' title='bbox 1168 1592 1265 1655; x_wconf 85' lang='grc' dir='ltr'><strong>τὰς</strong></span> <span class='ocrx_word' id='word_1_101' title='bbox 1303 1592 1561 1663; x_wconf 86' lang='grc' dir='ltr'>Γραφάς,</span> <span class='ocrx_word' id='word_1_102' title='bbox 1605 1594 1700 1650; x_wconf 78' lang='grc' dir='ltr'><strong>καὶ</strong></span> <span class='ocrx_word' id='word_1_103' title='bbox 1747 1595 1876 1649; x_wconf 84' lang='grc' dir='ltr'>ίδιον</span> 
     </span>
    </p>
   </div>
   <div class='ocr_carea' id='block_1_16' title="bbox 295 1677 1876 1750">
    <p class='ocr_par' dir='ltr' id='par_1_16' title="bbox 295 1677 1876 1750">
     <span class='ocr_line' id='line_1_16' title="bbox 295 1677 1876 1750; baseline 0.006 -21"><span class='ocrx_word' id='word_1_104' title='bbox 295 1677 493 1730; x_wconf 78' lang='grc' dir='ltr'>αὐτοῦ’</span> <span class='ocrx_word' id='word_1_105' title='bbox 523 1679 618 1732; x_wconf 77' lang='grc' dir='ltr'><strong>καί</strong></span> <span class='ocrx_word' id='word_1_106' title='bbox 643 1681 672 1732; x_wconf 91' lang='lat'><strong>6</strong></span> <span class='ocrx_word' id='word_1_107' title='bbox 702 1681 768 1749; x_wconf 85' lang='grc' dir='ltr'>τῇ</span> <span class='ocrx_word' id='word_1_108' title='bbox 802 1679 977 1733; x_wconf 80' lang='grc' dir='ltr'>κτίσει</span> <span class='ocrx_word' id='word_1_109' title='bbox 1011 1680 1154 1734; x_wconf 88' lang='grc' dir='ltr'><strong>κατά</strong></span> <span class='ocrx_word' id='word_1_110' title='bbox 1182 1680 1342 1750; x_wconf 84' lang='grc' dir='ltr'>φύσιν</span> <span class='ocrx_word' id='word_1_111' title='bbox 1372 1682 1506 1736; x_wconf 83' lang='grc' dir='ltr'>ἰδίαν</span> <span class='ocrx_word' id='word_1_112' title='bbox 1540 1683 1876 1749; x_wconf 80' lang='grc' dir='ltr'><strong>ἀσύντακτος</strong></span> 
     </span>
    </p>
   </div>
   <div class='ocr_carea' id='block_1_17' title="bbox 295 1766 1872 1847">
    <p class='ocr_par' dir='ltr' id='par_1_17' title="bbox 295 1766 1872 1847">
     <span class='ocr_line' id='line_1_17' title="bbox 295 1766 1872 1847; baseline 0.005 -26"><span class='ocrx_word' id='word_1_113' title='bbox 295 1766 375 1831; x_wconf 80' lang='grc' dir='ltr'><strong>ὡς</strong></span> <span class='ocrx_word' id='word_1_114' title='bbox 403 1768 556 1832; x_wconf 84' lang='grc' dir='ltr'>Θεὸς,</span> <span class='ocrx_word' id='word_1_115' title='bbox 578 1770 667 1824; x_wconf 83' lang='grc' dir='ltr'>ὅτε</span> <span class='ocrx_word' id='word_1_116' title='bbox 698 1770 920 1838; x_wconf 79' lang='grc' dir='ltr'>γέγονεν</span> <span class='ocrx_word' id='word_1_117' title='bbox 948 1770 1252 1844; x_wconf 81' lang='grc' dir='ltr'>ἄνθρωπος,</span> <span class='ocrx_word' id='word_1_118' title='bbox 1282 1772 1340 1834; x_wconf 78' lang='grc' dir='ltr'>ὃς</span> <span class='ocrx_word' id='word_1_119' title='bbox 1378 1773 1494 1827; x_wconf 75' lang='grc' dir='ltr'>ἐστι</span> <span class='ocrx_word' id='word_1_120' title='bbox 1518 1773 1748 1838; x_wconf 83' lang='grc' dir='ltr'>κτίσεως</span> <span class='ocrx_word' id='word_1_121' title='bbox 1780 1776 1872 1847; x_wconf 82' lang='grc' dir='ltr'><strong>μέ-</strong></span> 
     </span>
    </p>
   </div>
   <div class='ocr_carea' id='block_1_18' title="bbox 301 1854 1949 1936">
    <p class='ocr_par' dir='ltr' id='par_1_18' title="bbox 301 1854 1949 1936">
     <span class='ocr_line' id='line_1_18' title="bbox 301 1854 1949 1936; baseline 0.004 -23"><span class='ocrx_word' id='word_1_122' title='bbox 301 1875 419 1929; x_wconf 85' lang='grc' dir='ltr'>ρος,</span> <span class='ocrx_word' id='word_1_123' title='bbox 460 1860 582 1912; x_wconf 90' lang='grc' dir='ltr'>τότε</span> <span class='ocrx_word' id='word_1_124' title='bbox 612 1860 698 1931; x_wconf 81' lang='grc' dir='ltr'>δὴ,</span> <span class='ocrx_word' id='word_1_125' title='bbox 740 1861 861 1915; x_wconf 90' lang='grc' dir='ltr'>τότε</span> <span class='ocrx_word' id='word_1_126' title='bbox 890 1861 985 1915; x_wconf 80' lang='grc' dir='ltr'>καὶ</span> <span class='ocrx_word' id='word_1_127' title='bbox 1014 1861 1161 1932; x_wconf 85' lang='grc' dir='ltr'>μάλα</span> <span class='ocrx_word' id='word_1_128' title='bbox 1192 1864 1445 1926; x_wconf 80' lang='grc' dir='ltr'>εἰκότως,</span> <span class='ocrx_word' id='word_1_129' title='bbox 1487 1865 1581 1918; x_wconf 77' lang='grc' dir='ltr'>καὶ</span> <span class='ocrx_word' id='word_1_130' title='bbox 1612 1866 1876 1936; x_wconf 80' lang='grc' dir='ltr'>ἀδελφοὺς</span> <span class='ocrx_word' id='word_1_131' title='bbox 1906 1854 1949 1910; x_wconf 84' lang='grc' dir='ltr'>Β</span> 
     </span>
    </p>
   </div>
   <div class='ocr_carea' id='block_1_19' title="bbox 298 1952 1890 2029">
    <p class='ocr_par' dir='ltr' id='par_1_19' title="bbox 298 1952 1890 2029">
     <span class='ocr_line' id='line_1_19' title="bbox 298 1952 1890 2029; baseline 0.008 -26"><span class='ocrx_word' id='word_1_132' title='bbox 298 1952 451 2021; x_wconf 74' lang='grc' dir='ltr'>ἡμᾶς</span> <span class='ocrx_word' id='word_1_133' title='bbox 487 1952 771 2021; x_wconf 78' lang='grc' dir='ltr'>ὀνομάζειν</span> <span class='ocrx_word' id='word_1_134' title='bbox 812 1952 973 2017; x_wconf 79' lang='grc' dir='ltr'>ἀξιοῖ,</span> <span class='ocrx_word' id='word_1_135' title='bbox 999 1953 1204 2021; x_wconf 80' lang='grc' dir='ltr'>λέγων’</span> <span class='ocrx_word' id='word_1_136' title='bbox 1246 1954 1569 2025; x_wconf 85' lang='grc' dir='ltr'>Ἀπαγγελῶ</span> <span class='ocrx_word' id='word_1_137' title='bbox 1610 1959 1670 2011; x_wconf 83' lang='grc' dir='ltr'><strong>τδ</strong></span> <span class='ocrx_word' id='word_1_138' title='bbox 1706 1958 1890 2029; x_wconf 78' lang='grc' dir='ltr'>ὄνομά.</span> 
     </span>
    </p>
   </div>
   <div class='ocr_carea' id='block_1_20' title="bbox 300 2042 1878 2117">
    <p class='ocr_par' dir='ltr' id='par_1_20' title="bbox 300 2042 1878 2117">
     <span class='ocr_line' id='line_1_20' title="bbox 300 2042 1878 2117; baseline 0.007 -25"><span class='ocrx_word' id='word_1_139' title='bbox 300 2057 400 2094; x_wconf 87' lang='grc' dir='ltr'><strong>σου</strong></span> <span class='ocrx_word' id='word_1_140' title='bbox 433 2045 546 2106; x_wconf 91' lang='grc' dir='ltr'>τοῖς</span> <span class='ocrx_word' id='word_1_141' title='bbox 582 2042 827 2112; x_wconf 80' lang='grc' dir='ltr'>ἀδελφοῖς</span> <span class='ocrx_word' id='word_1_142' title='bbox 863 2061 987 2113; x_wconf 90' lang='grc' dir='ltr'>μου.</span> <span class='ocrx_word' id='word_1_143' title='bbox 1010 2045 1134 2097; x_wconf 86' lang='grc' dir='ltr'>Ὅτι</span> <span class='ocrx_word' id='word_1_144' title='bbox 1163 2044 1220 2098; x_wconf 79' lang='grc' dir='ltr'>δὲ</span> <span class='ocrx_word' id='word_1_145' title='bbox 1248 2045 1337 2099; x_wconf 74' lang='grc' dir='ltr'><strong>διὰ</strong></span> <span class='ocrx_word' id='word_1_146' title='bbox 1368 2048 1427 2099; x_wconf 86' lang='grc' dir='ltr'>τὸ</span> <span class='ocrx_word' id='word_1_147' title='bbox 1461 2048 1562 2117; x_wconf 82' lang='grc' dir='ltr'>τῆς</span> <span class='ocrx_word' id='word_1_148' title='bbox 1592 2047 1878 2114; x_wconf 81' lang='grc' dir='ltr'>κενώσεως</span> 
     </span>
    </p>
   </div>
   <div class='ocr_carea' id='block_1_21' title="bbox 300 2129 1874 2209">
    <p class='ocr_par' dir='ltr' id='par_1_21' title="bbox 300 2129 1874 2209">
     <span class='ocr_line' id='line_1_21' title="bbox 300 2129 1874 2209; baseline 0.007 -27"><span class='ocrx_word' id='word_1_149' title='bbox 300 2129 501 2203; x_wconf 77' lang='grc' dir='ltr'>μέτρον</span> <span class='ocrx_word' id='word_1_150' title='bbox 546 2134 1017 2204; x_wconf 86' lang='grc' dir='ltr'>καταπεφοίτηκεν</span> <span class='ocrx_word' id='word_1_151' title='bbox 1058 2137 1087 2188; x_wconf 91' lang='lat'><strong>6</strong></span> <span class='ocrx_word' id='word_1_152' title='bbox 1116 2138 1181 2189; x_wconf 79' lang='grc' dir='ltr'>ἐκ</span> <span class='ocrx_word' id='word_1_153' title='bbox 1215 2135 1349 2189; x_wconf 88' lang='grc' dir='ltr'>Θεοῦ</span> <span class='ocrx_word' id='word_1_154' title='bbox 1404 2137 1621 2209; x_wconf 85' lang='grc' dir='ltr'>Πατρὸς</span> <span class='ocrx_word' id='word_1_155' title='bbox 1669 2139 1874 2208; x_wconf 84' lang='grc' dir='ltr'>Λόγος,</span> 
     </span>
    </p>
   </div>
   <div class='ocr_carea' id='block_1_22' title="bbox 296 2222 1878 2301">
    <p class='ocr_par' dir='ltr' id='par_1_22' title="bbox 296 2222 1878 2301">
     <span class='ocr_line' id='line_1_22' title="bbox 296 2222 1878 2301; baseline 0.005 -26"><span class='ocrx_word' id='word_1_156' title='bbox 296 2224 397 2275; x_wconf 78' lang='grc' dir='ltr'>καὶ</span> <span class='ocrx_word' id='word_1_157' title='bbox 440 2224 519 2286; x_wconf 83' lang='grc' dir='ltr'><strong>είς</strong></span> <span class='ocrx_word' id='word_1_158' title='bbox 566 2239 631 2291; x_wconf 93' lang='grc' dir='ltr'><strong>γε</strong></span> <span class='ocrx_word' id='word_1_159' title='bbox 669 2222 731 2277; x_wconf 83' lang='grc' dir='ltr'>τὸ</span> <span class='ocrx_word' id='word_1_160' title='bbox 779 2224 891 2278; x_wconf 90' lang='grc' dir='ltr'>δεῖν</span> <span class='ocrx_word' id='word_1_161' title='bbox 945 2228 1339 2297; x_wconf 75' lang='grc' dir='ltr'>κατονομάζειν</span> <span class='ocrx_word' id='word_1_162' title='bbox 1388 2226 1653 2298; x_wconf 84' lang='grc' dir='ltr'>ἀδελφοὺς</span> <span class='ocrx_word' id='word_1_163' title='bbox 1700 2230 1878 2301; x_wconf 78' lang='grc' dir='ltr'>ἑαυτῷ</span> 
     </span>
    </p>
   </div>
   <div class='ocr_carea' id='block_1_23' title="bbox 297 2312 1875 2392">
    <p class='ocr_par' dir='ltr' id='par_1_23' title="bbox 297 2312 1875 2392">
     <span class='ocr_line' id='line_1_23' title="bbox 297 2312 1875 2392; baseline 0.008 -29"><span class='ocrx_word' id='word_1_164' title='bbox 297 2312 428 2377; x_wconf 75' lang='grc' dir='ltr'>τοὺς</span> <span class='ocrx_word' id='word_1_165' title='bbox 476 2312 569 2366; x_wconf 75' lang='grc' dir='ltr'><strong>ἐπὶ</strong></span> <span class='ocrx_word' id='word_1_166' title='bbox 618 2314 718 2385; x_wconf 84' lang='grc' dir='ltr'>τῆς</span> <span class='ocrx_word' id='word_1_167' title='bbox 769 2316 905 2387; x_wconf 84' lang='grc' dir='ltr'>γῆς,</span> <span class='ocrx_word' id='word_1_168' title='bbox 966 2321 1223 2387; x_wconf 82' lang='grc' dir='ltr'>σαφηνιεῖ</span> <span class='ocrx_word' id='word_1_169' title='bbox 1284 2320 1577 2392; x_wconf 88' lang='grc' dir='ltr'>γεγραφὼς</span> <span class='ocrx_word' id='word_1_170' title='bbox 1625 2322 1655 2374; x_wconf 92' lang='lat'><strong>6</strong></span> <span class='ocrx_word' id='word_1_171' title='bbox 1696 2320 1875 2391; x_wconf 75' lang='grc' dir='ltr'><strong>σοφώο</strong></span> 
     </span>
    </p>
   </div>
   <div class='ocr_carea' id='block_1_24' title="bbox 296 2402 1879 2483">
    <p class='ocr_par' dir='ltr' id='par_1_24' title="bbox 296 2402 1879 2483">
     <span class='ocr_line' id='line_1_24' title="bbox 296 2402 1879 2483; baseline 0.006 -27"><span class='ocrx_word' id='word_1_172' title='bbox 296 2419 459 2467; x_wconf 87' lang='grc' dir='ltr'>τατος</span> <span class='ocrx_word' id='word_1_173' title='bbox 488 2402 718 2468; x_wconf 79' lang='grc' dir='ltr'>Παῦλος,</span> <span class='ocrx_word' id='word_1_174' title='bbox 750 2407 878 2475; x_wconf 88' lang='grc' dir='ltr'>περί</span> <span class='ocrx_word' id='word_1_175' title='bbox 906 2424 964 2459; x_wconf 89' lang='grc' dir='ltr'><strong>τε</strong></span> <span class='ocrx_word' id='word_1_176' title='bbox 989 2408 1156 2462; x_wconf 85' lang='grc' dir='ltr'>αὑτοῦ</span> <span class='ocrx_word' id='word_1_177' title='bbox 1205 2410 1298 2464; x_wconf 76' lang='grc' dir='ltr'>καὶ</span> <span class='ocrx_word' id='word_1_178' title='bbox 1332 2413 1364 2482; x_wconf 86' lang='grc' dir='ltr'><strong>ή</strong></span> <span class='ocrx_word' id='word_1_179' title='bbox 1376 2412 1491 2481; x_wconf 85' lang='grc' dir='ltr'><strong>μῶν</strong></span> <span class='ocrx_word' id='word_1_180' title='bbox 1511 2429 1524 2443; x_wconf 78' lang='grc'><strong>’</strong></span> <span class='ocrx_word' id='word_1_181' title='bbox 1559 2430 1579 2465; x_wconf 82' lang='grc' dir='ltr'><strong>ι</strong></span> <span class='ocrx_word' id='word_1_182' title='bbox 1613 2413 1741 2466; x_wconf 84' lang='grc' dir='ltr'>Ὅτε</span> <span class='ocrx_word' id='word_1_183' title='bbox 1768 2412 1879 2483; x_wconf 83' lang='grc' dir='ltr'>γὰρ</span> 
     </span>
    </p>
   </div>
   <div class='ocr_carea' id='block_1_25' title="bbox 298 2494 1878 2575">
    <p class='ocr_par' dir='ltr' id='par_1_25' title="bbox 298 2494 1878 2575">
     <span class='ocr_line' id='line_1_25' title="bbox 298 2494 1878 2575; baseline 0.006 -27"><span class='ocrx_word' id='word_1_184' title='bbox 298 2494 540 2563; x_wconf 74' lang='grc' dir='ltr'>ἁγιάζων</span> <span class='ocrx_word' id='word_1_185' title='bbox 569 2498 664 2550; x_wconf 62' lang='grc' dir='ltr'><strong>καὶ⁸</strong></span> <span class='ocrx_word' id='word_1_186' title='bbox 703 2500 753 2551; x_wconf 90' lang='grc' dir='ltr'>οἰ</span> <span class='ocrx_word' id='word_1_187' title='bbox 786 2498 1156 2570; x_wconf 78' lang='grc' dir='ltr'>ἁγιαζόμενοι.</span> <span class='ocrx_word' id='word_1_188' title='bbox 1185 2501 1245 2565; x_wconf 73' lang='grc' dir='ltr'><strong>ἐξ</strong></span> <span class='ocrx_word' id='word_1_189' title='bbox 1284 2502 1403 2566; x_wconf 76' lang='grc' dir='ltr'>ἐνὸς</span> <span class='ocrx_word' id='word_1_190' title='bbox 1453 2504 1685 2571; x_wconf 85' lang='grc' dir='ltr'>πάντες,</span> <span class='ocrx_word' id='word_1_191' title='bbox 1716 2504 1784 2559; x_wconf 80' lang='grc' dir='ltr'>δι’</span> <span class='ocrx_word' id='word_1_192' title='bbox 1809 2505 1878 2575; x_wconf 78' lang='grc' dir='ltr'>ἢν</span> 
     </span>
    </p>
   </div>
   <div class='ocr_carea' id='block_1_26' title="bbox 296 2586 1878 2660">
    <p class='ocr_par' dir='ltr' id='par_1_26' title="bbox 296 2586 1878 2660">
     <span class='ocr_line' id='line_1_26' title="bbox 296 2586 1878 2660; baseline 0.004 -18"><span class='ocrx_word' id='word_1_193' title='bbox 296 2586 479 2642; x_wconf 77' lang='grc' dir='ltr'>αἰτίαν</span> <span class='ocrx_word' id='word_1_194' title='bbox 504 2588 604 2641; x_wconf 81' lang='grc' dir='ltr'>οὐκ</span> <span class='ocrx_word' id='word_1_195' title='bbox 630 2589 1014 2660; x_wconf 74' lang='grc' dir='ltr'>ἐπαισχύνεται</span> <span class='ocrx_word' id='word_1_196' title='bbox 1039 2590 1301 2660; x_wconf 76' lang='grc' dir='ltr'>ἀδελφοὺς</span> <span class='ocrx_word' id='word_1_197' title='bbox 1329 2593 1529 2656; x_wconf 84' lang='grc' dir='ltr'>αὐτοὺς</span> <span class='ocrx_word' id='word_1_198' title='bbox 1558 2594 1763 2657; x_wconf 84' lang='grc' dir='ltr'>καλεῖν,</span> <span class='ocrx_word' id='word_1_199' title='bbox 1794 2594 1878 2648; x_wconf 71' lang='grc' dir='ltr'><strong>λέ-</strong></span> 
     </span>
    </p>
   </div>
   <div class='ocr_carea' id='block_1_27' title="bbox 296 2680 1871 2755">
    <p class='ocr_par' dir='ltr' id='par_1_27' title="bbox 296 2680 1871 2755">
     <span class='ocr_line' id='line_1_27' title="bbox 296 2680 1871 2755; baseline 0.006 -23"><span class='ocrx_word' id='word_1_200' title='bbox 296 2695 442 2746; x_wconf 82' lang='grc' dir='ltr'>γων·</span> <span class='ocrx_word' id='word_1_201' title='bbox 478 2680 797 2749; x_wconf 77' lang='grc' dir='ltr'>Ἀπαγγελῶ</span> <span class='ocrx_word' id='word_1_202' title='bbox 844 2682 905 2734; x_wconf 84' lang='grc' dir='ltr'><strong>τδ</strong></span> <span class='ocrx_word' id='word_1_203' title='bbox 929 2682 1100 2752; x_wconf 76' lang='grc' dir='ltr'>ὄνομά</span> <span class='ocrx_word' id='word_1_204' title='bbox 1151 2700 1244 2736; x_wconf 90' lang='grc' dir='ltr'><strong>σου</strong></span> <span class='ocrx_word' id='word_1_205' title='bbox 1271 2685 1384 2747; x_wconf 87' lang='grc' dir='ltr'>τοῖς</span> <span class='ocrx_word' id='word_1_206' title='bbox 1410 2684 1661 2753; x_wconf 79' lang='grc' dir='ltr'>ἀδελφοῖς</span> <span class='ocrx_word' id='word_1_207' title='bbox 1696 2702 1822 2755; x_wconf 89' lang='grc' dir='ltr'>μου.</span> <span class='ocrx_word' id='word_1_208' title='bbox 1849 2703 1871 2740; x_wconf 72' lang='grc' dir='ltr'><strong>ι</strong></span> 
     </span>
    </p>
   </div>
   <div class='ocr_carea' id='block_1_28' title="bbox 297 2769 1875 2848">
    <p class='ocr_par' dir='ltr' id='par_1_28' title="bbox 297 2769 1875 2848">
     <span class='ocr_line' id='line_1_28' title="bbox 297 2769 1875 2848; baseline 0.004 -25"><span class='ocrx_word' id='word_1_209' title='bbox 297 2769 417 2841; x_wconf 78' lang='grc' dir='ltr'>Πρὸ</span> <span class='ocrx_word' id='word_1_210' title='bbox 453 2771 553 2841; x_wconf 76' lang='grc' dir='ltr'>μὲν</span> <span class='ocrx_word' id='word_1_211' title='bbox 589 2773 698 2843; x_wconf 89' lang='grc' dir='ltr'><strong>γάρ</strong></span> <span class='ocrx_word' id='word_1_212' title='bbox 742 2773 839 2843; x_wconf 84' lang='grc' dir='ltr'>τῆς</span> <span class='ocrx_word' id='word_1_213' title='bbox 885 2773 1373 2844; x_wconf 79' lang='grc' dir='ltr'>ὲνανθρωπήσεως,</span> <span class='ocrx_word' id='word_1_214' title='bbox 1413 2775 1645 2845; x_wconf 84' lang='grc' dir='ltr'>σμικρὸν</span> <span class='ocrx_word' id='word_1_215' title='bbox 1678 2775 1875 2848; x_wconf 73' lang='grc' dir='ltr'>κομιδῇ</span> 
     </span>
    </p>
   </div>
   <div class='ocr_carea' id='block_1_29' title="bbox 296 2856 1877 2933">
    <p class='ocr_par' dir='ltr' id='par_1_29' title="bbox 296 2856 1877 2933">
     <span class='ocr_line' id='line_1_29' title="bbox 296 2856 1877 2933; baseline 0.004 -22"><span class='ocrx_word' id='word_1_216' title='bbox 296 2856 379 2929; x_wconf 79' lang='grc' dir='ltr'>τῷ</span> <span class='ocrx_word' id='word_1_217' title='bbox 403 2860 470 2912; x_wconf 84' lang='grc' dir='ltr'>ὲκ</span> <span class='ocrx_word' id='word_1_218' title='bbox 500 2858 633 2914; x_wconf 78' lang='grc' dir='ltr'>Θεοῦ</span> <span class='ocrx_word' id='word_1_219' title='bbox 667 2859 827 2929; x_wconf 84' lang='grc' dir='ltr'>φύντι</span> <span class='ocrx_word' id='word_1_220' title='bbox 864 2861 1021 2932; x_wconf 86' lang='grc' dir='ltr'><strong>Λόγῳ</strong></span> <span class='ocrx_word' id='word_1_221' title='bbox 1047 2861 1109 2915; x_wconf 81' lang='grc' dir='ltr'>τὸ</span> <span class='ocrx_word' id='word_1_222' title='bbox 1137 2862 1240 2932; x_wconf 77' lang='grc' dir='ltr'>τῆς</span> <span class='ocrx_word' id='word_1_223' title='bbox 1270 2862 1408 2933; x_wconf 83' lang='grc' dir='ltr'>πρὸς</span> <span class='ocrx_word' id='word_1_224' title='bbox 1447 2864 1480 2933; x_wconf 77' lang='grc' dir='ltr'>ἡ</span> <span class='ocrx_word' id='word_1_225' title='bbox 1491 2862 1608 2932; x_wconf 84' lang='grc' dir='ltr'><strong>μῶν</strong></span> <span class='ocrx_word' id='word_1_226' title='bbox 1645 2863 1877 2932; x_wconf 63' lang='grc' dir='ltr'>ἀδελφός</span> 
     </span>
    </p>
   </div>
   <div class='ocr_carea' id='block_1_30' title="bbox 298 2948 1878 3024">
    <p class='ocr_par' dir='ltr' id='par_1_30' title="bbox 298 2948 1878 3024">
     <span class='ocr_line' id='line_1_30' title="bbox 298 2948 1878 3024; baseline 0.004 -22"><span class='ocrx_word' id='word_1_227' title='bbox 298 2965 463 3020; x_wconf 83' lang='grc' dir='ltr'>τητος</span> <span class='ocrx_word' id='word_1_228' title='bbox 500 2948 671 3020; x_wconf 73' lang='grc' dir='ltr'>ὄνομα</span> <span class='ocrx_word' id='word_1_229' title='bbox 690 2967 702 2980; x_wconf 89' lang='grc'><strong>·</strong></span> <span class='ocrx_word' id='word_1_230' title='bbox 734 2951 1049 3021; x_wconf 82' lang='grc' dir='ltr'>καθιγμὲνῳ</span> <span class='ocrx_word' id='word_1_231' title='bbox 1078 2969 1143 3021; x_wconf 82' lang='grc' dir='ltr'><strong>γε</strong></span> <span class='ocrx_word' id='word_1_232' title='bbox 1189 2952 1296 3024; x_wconf 82' lang='grc' dir='ltr'>μὴν</span> <span class='ocrx_word' id='word_1_233' title='bbox 1324 2954 1404 3016; x_wconf 84' lang='grc' dir='ltr'><strong>εἰς</strong></span> <span class='ocrx_word' id='word_1_234' title='bbox 1434 2953 1679 3008; x_wconf 75' lang='grc' dir='ltr'>ἑκούσιον</span> <span class='ocrx_word' id='word_1_235' title='bbox 1711 2954 1878 3009; x_wconf 78' lang='grc' dir='ltr'>κένω-</span> 
     </span>
    </p>
   </div>
   <div class='ocr_carea' id='block_1_31' title="bbox 299 3040 1875 3117">
    <p class='ocr_par' dir='ltr' id='par_1_31' title="bbox 299 3040 1875 3117">
     <span class='ocr_line' id='line_1_31' title="bbox 299 3040 1875 3117; baseline 0.004 -24"><span class='ocrx_word' id='word_1_236' title='bbox 299 3056 409 3106; x_wconf 90' lang='grc' dir='ltr'>σιν,</span> <span class='ocrx_word' id='word_1_237' title='bbox 435 3040 670 3112; x_wconf 81' lang='grc' dir='ltr'>σμικρὸν</span> <span class='ocrx_word' id='word_1_238' title='bbox 703 3041 803 3112; x_wconf 86' lang='grc' dir='ltr'>μὲν</span> <span class='ocrx_word' id='word_1_239' title='bbox 841 3044 935 3096; x_wconf 71' lang='grc' dir='ltr'>καὶ</span> <span class='ocrx_word' id='word_1_240' title='bbox 972 3042 1138 3109; x_wconf 72' lang='grc' dir='ltr'>οὕτω,</span> <span class='ocrx_word' id='word_1_241' title='bbox 1169 3043 1308 3115; x_wconf 81' lang='grc' dir='ltr'>πλὴν</span> <span class='ocrx_word' id='word_1_242' title='bbox 1338 3044 1666 3117; x_wconf 84' lang='grc' dir='ltr'>εύαφόρμως</span> <span class='ocrx_word' id='word_1_243' title='bbox 1694 3045 1875 3099; x_wconf 86' lang='grc' dir='ltr'>είσϐε-</span> 
     </span>
    </p>
   </div>
   <div class='ocr_carea' id='block_1_32' title="bbox 297 3128 1879 3206">
    <p class='ocr_par' dir='ltr' id='par_1_32' title="bbox 297 3128 1879 3206">
     <span class='ocr_line' id='line_1_32' title="bbox 297 3128 1879 3206; baseline 0.004 -23"><span class='ocrx_word' id='word_1_244' title='bbox 297 3128 497 3200; x_wconf 72' lang='grc' dir='ltr'>ϐηκός·</span> <span class='ocrx_word' id='word_1_245' title='bbox 531 3132 837 3203; x_wconf 78' lang='grc' dir='ltr'>μετέσχηκε</span> <span class='ocrx_word' id='word_1_246' title='bbox 865 3132 973 3204; x_wconf 98' lang='lat'><strong>7&amp;9</strong></span> <span class='ocrx_word' id='word_1_247' title='bbox 1001 3134 1231 3204; x_wconf 77' lang='grc' dir='ltr'>αἵματος</span> <span class='ocrx_word' id='word_1_248' title='bbox 1258 3135 1355 3188; x_wconf 73' lang='grc' dir='ltr'>καὶ</span> <span class='ocrx_word' id='word_1_249' title='bbox 1385 3134 1608 3206; x_wconf 83' lang='grc' dir='ltr'>σαρκὸς,</span> <span class='ocrx_word' id='word_1_250' title='bbox 1641 3135 1735 3188; x_wconf 76' lang='grc' dir='ltr'>καὶ</span> <span class='ocrx_word' id='word_1_251' title='bbox 1762 3137 1879 3198; x_wconf 90' lang='grc' dir='ltr'>τοῖς</span> 
     </span>
    </p>
   </div>
   <div class='ocr_carea' id='block_1_33' title="bbox 298 3222 1881 3296">
    <p class='ocr_par' dir='ltr' id='par_1_33' title="bbox 298 3222 1881 3296">
     <span class='ocr_line' id='line_1_33' title="bbox 298 3222 1881 3296; baseline 0.003 -21"><span class='ocrx_word' id='word_1_252' title='bbox 298 3222 360 3275; x_wconf 70' lang='grc' dir='ltr'>ιν</span> <span class='ocrx_word' id='word_1_253' title='bbox 392 3224 559 3293; x_wconf 83' lang='grc' dir='ltr'>σαρκὶ</span> <span class='ocrx_word' id='word_1_254' title='bbox 588 3224 683 3276; x_wconf 77' lang='grc' dir='ltr'>καὶ</span> <span class='ocrx_word' id='word_1_255' title='bbox 714 3223 908 3293; x_wconf 79' lang='grc' dir='ltr'>αἵματι</span> <span class='ocrx_word' id='word_1_256' title='bbox 951 3225 1358 3295; x_wconf 83' lang='grc' dir='ltr'>κεχρημάτικεν</span> <span class='ocrx_word' id='word_1_257' title='bbox 1389 3224 1637 3296; x_wconf 68' lang='grc' dir='ltr'>ἀδελφός.</span> <span class='ocrx_word' id='word_1_258' title='bbox 1677 3225 1741 3279; x_wconf 89' lang='grc' dir='ltr'>Εἰ</span> <span class='ocrx_word' id='word_1_259' title='bbox 1771 3225 1881 3296; x_wconf 85' lang='grc' dir='ltr'><strong>γὰρ</strong></span> 
     </span>
    </p>
   </div>
   <div class='ocr_carea' id='block_1_34' title="bbox 298 3311 1881 3388">
    <p class='ocr_par' dir='ltr' id='par_1_34' title="bbox 298 3311 1881 3388">
     <span class='ocr_line' id='line_1_34' title="bbox 298 3311 1881 3388; baseline 0.006 -24"><span class='ocrx_word' id='word_1_260' title='bbox 298 3311 585 3379; x_wconf 69' lang='grc' dir='ltr'>ἁγιάζεται</span> <span class='ocrx_word' id='word_1_261' title='bbox 615 3312 735 3383; x_wconf 85' lang='grc' dir='ltr'>μεθ’</span> <span class='ocrx_word' id='word_1_262' title='bbox 758 3314 916 3384; x_wconf 81' lang='grc' dir='ltr'>ἡμῶν</span> <span class='ocrx_word' id='word_1_263' title='bbox 949 3315 1084 3369; x_wconf 82' lang='grc' dir='ltr'>καθὸ</span> <span class='ocrx_word' id='word_1_264' title='bbox 1113 3315 1336 3384; x_wconf 80' lang='grc' dir='ltr'>γέγονεν</span> <span class='ocrx_word' id='word_1_265' title='bbox 1365 3315 1672 3388; x_wconf 80' lang='grc' dir='ltr'>ἄνθρωπος,</span> <span class='ocrx_word' id='word_1_266' title='bbox 1702 3317 1881 3373; x_wconf 87' lang='grc' dir='ltr'>καίτοι</span> 
     </span>
    </p>
   </div>
   <div class='ocr_carea' id='block_1_35' title="bbox 298 3402 1880 3478">
    <p class='ocr_par' dir='ltr' id='par_1_35' title="bbox 298 3402 1880 3478">
     <span class='ocr_line' id='line_1_35' title="bbox 298 3402 1880 3478; baseline 0.007 -24"><span class='ocrx_word' id='word_1_267' title='bbox 298 3402 433 3466; x_wconf 68' lang='grc' dir='ltr'>Θεὸς</span> <span class='ocrx_word' id='word_1_268' title='bbox 456 3402 532 3456; x_wconf 83' lang='grc' dir='ltr'>ὢν</span> <span class='ocrx_word' id='word_1_269' title='bbox 560 3404 743 3472; x_wconf 81' lang='grc' dir='ltr'>φύσει,</span> <span class='ocrx_word' id='word_1_270' title='bbox 777 3406 870 3458; x_wconf 73' lang='grc' dir='ltr'><strong>καὶ</strong></span> <span class='ocrx_word' id='word_1_271' title='bbox 902 3405 961 3458; x_wconf 76' lang='grc' dir='ltr'><strong>τὸ</strong></span> <span class='ocrx_word' id='word_1_272' title='bbox 995 3406 1213 3478; x_wconf 87' lang='grc' dir='ltr'>πνεῦμα</span> <span class='ocrx_word' id='word_1_273' title='bbox 1242 3408 1417 3472; x_wconf 83' lang='grc' dir='ltr'>διδοὺς</span> <span class='ocrx_word' id='word_1_274' title='bbox 1445 3408 1630 3474; x_wconf 82' lang='grc' dir='ltr'>αὐτὸς,</span> <span class='ocrx_word' id='word_1_275' title='bbox 1666 3409 1785 3474; x_wconf 85' lang='grc' dir='ltr'><strong>πῶς</strong></span> <span class='ocrx_word' id='word_1_276' title='bbox 1829 3411 1880 3465; x_wconf 87' lang='grc' dir='ltr'><strong>εἰ</strong></span> 
     </span>
    </p>
   </div>
   <div class='ocr_carea' id='block_1_36' title="bbox 299 3492 1880 3577">
    <p class='ocr_par' dir='ltr' id='par_1_36' title="bbox 299 3492 1880 3577">
     <span class='ocr_line' id='line_1_36' title="bbox 299 3492 1880 3577; baseline 0.006 -32"><span class='ocrx_word' id='word_1_277' title='bbox 299 3492 515 3562; x_wconf 73' lang='grc' dir='ltr'>λέγοιτο</span> <span class='ocrx_word' id='word_1_278' title='bbox 555 3495 651 3547; x_wconf 81' lang='grc' dir='ltr'>καὶ</span> <span class='ocrx_word' id='word_1_279' title='bbox 695 3495 948 3577; x_wconf 69' lang='grc' dir='ltr'>ἁδελφὸς,</span> <span class='ocrx_word' id='word_1_280' title='bbox 982 3497 1082 3550; x_wconf 82' lang='grc' dir='ltr'>οὐκ</span> <span class='ocrx_word' id='word_1_281' title='bbox 1122 3498 1184 3550; x_wconf 85' lang='grc' dir='ltr'>ὲν</span> <span class='ocrx_word' id='word_1_282' title='bbox 1221 3498 1411 3569; x_wconf 89' lang='grc' dir='ltr'>κόσμῳ</span> <span class='ocrx_word' id='word_1_283' title='bbox 1444 3499 1632 3554; x_wconf 80' lang='grc' dir='ltr'>λοιπὸν</span> <span class='ocrx_word' id='word_1_284' title='bbox 1664 3502 1880 3572; x_wconf 83' lang='grc' dir='ltr'>εἰρηται</span> 
     </span>
    </p>
   </div>
   <div class='ocr_carea' id='block_1_37' title="bbox 300 3578 1879 3659">
    <p class='ocr_par' dir='ltr' id='par_1_37' title="bbox 300 3578 1879 3659">
     <span class='ocr_line' id='line_1_37' title="bbox 300 3578 1879 3659; baseline 0.008 -24"><span class='ocrx_word' id='word_1_285' title='bbox 300 3578 653 3655; x_wconf 61' lang='lat' dir='ltr'><strong>[alpheum];</strong></span> <span class='ocrx_word' id='word_1_286' title='bbox 670 3584 874 3656; x_wconf 85' lang='grc' dir='ltr'>ταύτης</span> <span class='ocrx_word' id='word_1_287' title='bbox 895 3585 1002 3657; x_wconf 79' lang='grc' dir='ltr'><strong>γὰρ</strong></span> <span class='ocrx_word' id='word_1_288' title='bbox 1019 3586 1184 3641; x_wconf 76' lang='grc' dir='ltr'>ἓνεκα</span> <span class='ocrx_word' id='word_1_289' title='bbox 1205 3588 1307 3657; x_wconf 79' lang='grc' dir='ltr'>τῆς</span> <span class='ocrx_word' id='word_1_290' title='bbox 1329 3589 1512 3654; x_wconf 91' lang='grc' dir='ltr'>αἰτίας</span> <span class='ocrx_word' id='word_1_291' title='bbox 1540 3590 1731 3659; x_wconf 86' lang='grc' dir='ltr'>γέγονε</span> <span class='ocrx_word' id='word_1_292' title='bbox 1757 3593 1879 3647; x_wconf 76' lang='grc' dir='ltr'>καθ’</span> 
     </span>
    </p>
   </div>
   <div class='ocr_carea' id='block_1_38' title="bbox 301 3676 1883 3753">
    <p class='ocr_par' dir='ltr' id='par_1_38' title="bbox 301 3676 1883 3753">
     <span class='ocr_line' id='line_1_38' title="bbox 301 3676 1883 3753; baseline 0.008 -26"><span class='ocrx_word' id='word_1_293' title='bbox 301 3676 481 3745; x_wconf 77' lang='grc' dir='ltr'>ἡμᾶς,</span> <span class='ocrx_word' id='word_1_294' title='bbox 524 3677 613 3729; x_wconf 81' lang='grc' dir='ltr'>ἵνα</span> <span class='ocrx_word' id='word_1_295' title='bbox 654 3678 804 3746; x_wconf 76' lang='grc' dir='ltr'>ἡμᾶς</span> <span class='ocrx_word' id='word_1_296' title='bbox 850 3678 1113 3747; x_wconf 83' lang='grc' dir='ltr'>ἀδελφοὺς</span> <span class='ocrx_word' id='word_1_297' title='bbox 1164 3681 1509 3753; x_wconf 85' lang='grc' dir='ltr'>ἁποφήνηται</span> <span class='ocrx_word' id='word_1_298' title='bbox 1550 3684 1644 3737; x_wconf 83' lang='grc' dir='ltr'>καὶ</span> <span class='ocrx_word' id='word_1_299' title='bbox 1672 3685 1883 3740; x_wconf 79' lang='grc' dir='ltr'>ἐλευθέ-</span> 
     </span>
    </p>
   </div>
   <div class='ocr_carea' id='block_1_39' title="bbox 301 3768 1881 3845">
    <p class='ocr_par' dir='ltr' id='par_1_39' title="bbox 301 3768 1881 3845">
     <span class='ocr_line' id='line_1_39' title="bbox 301 3768 1881 3845; baseline 0.01 -28"><span class='ocrx_word' id='word_1_300' title='bbox 301 3782 461 3837; x_wconf 84' lang='grc' dir='ltr'>ρους.</span> <span class='ocrx_word' id='word_1_301' title='bbox 500 3785 519 3818; x_wconf 75' lang='grc' dir='ltr'><strong>ι</strong></span> <span class='ocrx_word' id='word_1_302' title='bbox 547 3768 705 3821; x_wconf 88' lang='grc' dir='ltr'>Ὅσοι</span> <span class='ocrx_word' id='word_1_303' title='bbox 743 3769 853 3839; x_wconf 82' lang='grc' dir='ltr'><strong>γὰρ</strong></span> <span class='ocrx_word' id='word_1_304' title='bbox 885 3769 1079 3824; x_wconf 72' lang='grc' dir='ltr'>ἔλαϐον</span> <span class='ocrx_word' id='word_1_305' title='bbox 1109 3772 1292 3837; x_wconf 83' lang='grc' dir='ltr'>αὑτὸν,</span> <span class='ocrx_word' id='word_1_306' title='bbox 1331 3776 1516 3845; x_wconf 74' lang='grc' dir='ltr'>φησὶν,</span> <span class='ocrx_word' id='word_1_307' title='bbox 1553 3776 1753 3832; x_wconf 79' lang='grc' dir='ltr'>ἔδωκεν</span> <span class='ocrx_word' id='word_1_308' title='bbox 1784 3780 1881 3832; x_wconf 86' lang='grc' dir='ltr'><strong>αὐ-</strong></span> 
     </span>
    </p>
   </div>
   <div class='ocr_carea' id='block_1_40' title="bbox 296 3856 1880 3932">
    <p class='ocr_par' dir='ltr' id='par_1_40' title="bbox 296 3856 1880 3932">
     <span class='ocr_line' id='line_1_40' title="bbox 296 3856 1880 3932; baseline 0.008 -23"><span class='ocrx_word' id='word_1_309' title='bbox 296 3857 417 3921; x_wconf 75' lang='grc' dir='ltr'>τοῖς</span> <span class='ocrx_word' id='word_1_310' title='bbox 441 3856 690 3921; x_wconf 69' lang='grc' dir='ltr'>ἐξουσίαν</span> <span class='ocrx_word' id='word_1_311' title='bbox 722 3859 889 3913; x_wconf 79' lang='grc' dir='ltr'>τέκνα</span> <span class='ocrx_word' id='word_1_312' title='bbox 925 3861 1060 3915; x_wconf 90' lang='grc' dir='ltr'>Θεοῦ</span> <span class='ocrx_word' id='word_1_313' title='bbox 1087 3863 1363 3932; x_wconf 82' lang='grc' dir='ltr'>γενέσθαι,</span> <span class='ocrx_word' id='word_1_314' title='bbox 1392 3868 1503 3930; x_wconf 87' lang='grc' dir='ltr'>τοῖς</span> <span class='ocrx_word' id='word_1_315' title='bbox 1530 3867 1880 3923; x_wconf 82' lang='grc' dir='ltr'>πιστεύουσιν</span> 
     </span>
    </p>
   </div>
   <div class='ocr_carea' id='block_1_41' title="bbox 298 3946 1879 4026">
    <p class='ocr_par' dir='ltr' id='par_1_41' title="bbox 298 3946 1879 4026">
     <span class='ocr_line' id='line_1_41' title="bbox 298 3946 1879 4026; baseline 0.009 -27"><span class='ocrx_word' id='word_1_316' title='bbox 298 3947 384 4011; x_wconf 86' lang='grc' dir='ltr'><strong>εἰς</strong></span> <span class='ocrx_word' id='word_1_317' title='bbox 422 3946 485 4001; x_wconf 79' lang='grc' dir='ltr'><strong>τὸ</strong></span> <span class='ocrx_word' id='word_1_318' title='bbox 515 3947 685 4019; x_wconf 80' lang='grc' dir='ltr'>ὄνομα</span> <span class='ocrx_word' id='word_1_319' title='bbox 712 3949 906 4004; x_wconf 83' lang='grc' dir='ltr'>αὑτοῦ·</span> <span class='ocrx_word' id='word_1_320' title='bbox 933 3953 984 4005; x_wconf 82' lang='grc' dir='ltr'><strong>οἳ</strong></span> <span class='ocrx_word' id='word_1_321' title='bbox 1012 3952 1113 4007; x_wconf 77' lang='grc' dir='ltr'>οὒκ</span> <span class='ocrx_word' id='word_1_322' title='bbox 1139 3954 1197 4022; x_wconf 80' lang='grc' dir='ltr'>ἐξ</span> <span class='ocrx_word' id='word_1_323' title='bbox 1230 3955 1497 4026; x_wconf 84' lang='grc' dir='ltr'>αἱμάτων,</span> <span class='ocrx_word' id='word_1_324' title='bbox 1525 3959 1646 4012; x_wconf 78' lang='grc' dir='ltr'>οὐδὲ</span> <span class='ocrx_word' id='word_1_325' title='bbox 1690 3959 1755 4012; x_wconf 81' lang='grc' dir='ltr'>ὲκ</span> <span class='ocrx_word' id='word_1_326' title='bbox 1789 3957 1879 4011; x_wconf 88' lang='grc' dir='ltr'>Οε-</span> 
     </span>
    </p>
   </div>
   <div class='ocr_carea' id='block_1_42' title="bbox 298 4038 1881 4121">
    <p class='ocr_par' dir='ltr' id='par_1_42' title="bbox 298 4038 1881 4121">
     <span class='ocr_line' id='line_1_42' title="bbox 298 4038 1881 4121; baseline 0.009 -30"><span class='ocrx_word' id='word_1_327' title='bbox 298 4038 540 4110; x_wconf 85' lang='grc' dir='ltr'>λήματος</span> <span class='ocrx_word' id='word_1_328' title='bbox 571 4042 791 4111; x_wconf 79' lang='grc' dir='ltr'>σαρκὸς,</span> <span class='ocrx_word' id='word_1_329' title='bbox 822 4043 943 4097; x_wconf 82' lang='grc' dir='ltr'><strong>οὐδὲ</strong></span> <span class='ocrx_word' id='word_1_330' title='bbox 973 4044 1040 4097; x_wconf 85' lang='grc' dir='ltr'>ὲκ</span> <span class='ocrx_word' id='word_1_331' title='bbox 1067 4046 1370 4117; x_wconf 83' lang='grc' dir='ltr'>θελήματος</span> <span class='ocrx_word' id='word_1_332' title='bbox 1422 4049 1632 4121; x_wconf 83' lang='grc' dir='ltr'>ἀνδρὸς,</span> <span class='ocrx_word' id='word_1_333' title='bbox 1670 4050 1784 4105; x_wconf 86' lang='grc' dir='ltr'>ἀλλ’</span> <span class='ocrx_word' id='word_1_334' title='bbox 1815 4053 1881 4107; x_wconf 83' lang='grc' dir='ltr'>ὲκ</span> 
     </span>
    </p>
   </div>
   <div class='ocr_carea' id='block_1_43' title="bbox 299 4124 1880 4207">
    <p class='ocr_par' dir='ltr' id='par_1_43' title="bbox 299 4124 1880 4207">
     <span class='ocr_line' id='line_1_43' title="bbox 299 4124 1880 4207; baseline 0.012 -29"><span class='ocrx_word' id='word_1_335' title='bbox 299 4124 440 4179; x_wconf 87' lang='grc' dir='ltr'>Θεοῦ</span> <span class='ocrx_word' id='word_1_336' title='bbox 488 4127 878 4199; x_wconf 75' lang='grc' dir='ltr'>ἐγεννήθησαν.</span> <span class='ocrx_word' id='word_1_337' title='bbox 901 4150 919 4181; x_wconf 73' lang='grc' dir='ltr'><strong>ι</strong></span> <span class='ocrx_word' id='word_1_338' title='bbox 957 4132 1252 4205; x_wconf 86' lang='grc' dir='ltr'>Γεγὲνηται</span> <span class='ocrx_word' id='word_1_339' title='bbox 1290 4136 1399 4207; x_wconf 86' lang='lat'><strong>7&amp;9</strong></span> <span class='ocrx_word' id='word_1_340' title='bbox 1440 4138 1468 4189; x_wconf 83' lang='grc' dir='ltr'>ό</span> <span class='ocrx_word' id='word_1_341' title='bbox 1501 4140 1567 4192; x_wconf 83' lang='grc' dir='ltr'>ὲκ</span> <span class='ocrx_word' id='word_1_342' title='bbox 1597 4139 1732 4195; x_wconf 88' lang='grc' dir='ltr'>Θεοῦ</span> <span class='ocrx_word' id='word_1_343' title='bbox 1768 4145 1880 4196; x_wconf 84' lang='grc' dir='ltr'>Πα-</span> 
     </span>
    </p>
   </div>
   <div class='ocr_carea' id='block_1_44' title="bbox 302 4212 1881 4302">
    <p class='ocr_par' dir='ltr' id='par_1_44' title="bbox 302 4212 1881 4302">
     <span class='ocr_line' id='line_1_44' title="bbox 302 4212 1881 4302; baseline 0.013 -36"><span class='ocrx_word' id='word_1_344' title='bbox 302 4212 439 4285; x_wconf 78' lang='grc' dir='ltr'>τρὺς</span> <span class='ocrx_word' id='word_1_345' title='bbox 480 4216 651 4285; x_wconf 80' lang='grc' dir='ltr'>Λόγος</span> <span class='ocrx_word' id='word_1_346' title='bbox 689 4221 805 4287; x_wconf 79' lang='grc' dir='ltr'>μεθ’</span> <span class='ocrx_word' id='word_1_347' title='bbox 846 4221 1006 4291; x_wconf 84' lang='grc' dir='ltr'>ήμῶν</span> <span class='ocrx_word' id='word_1_348' title='bbox 1045 4224 1189 4278; x_wconf 86' lang='grc' dir='ltr'><strong>κατά</strong></span> <span class='ocrx_word' id='word_1_349' title='bbox 1222 4225 1429 4296; x_wconf 84' lang='grc' dir='ltr'>σάρκα,</span> <span class='ocrx_word' id='word_1_350' title='bbox 1464 4228 1550 4282; x_wconf 84' lang='grc' dir='ltr'><strong>ἴνα</strong></span> <span class='ocrx_word' id='word_1_351' title='bbox 1584 4232 1676 4283; x_wconf 71' lang='grc' dir='ltr'>καὶ</span> <span class='ocrx_word' id='word_1_352' title='bbox 1718 4233 1881 4302; x_wconf 80' lang='grc' dir='ltr'>ἡμεῖς</span> 
     </span>
    </p>
   </div>
   <div class='ocr_carea' id='block_1_45' title="bbox 303 4302 1878 4388">
    <p class='ocr_par' dir='ltr' id='par_1_45' title="bbox 303 4302 1878 4388">
     <span class='ocr_line' id='line_1_45' title="bbox 303 4302 1878 4388; baseline 0.011 -33"><span class='ocrx_word' id='word_1_353' title='bbox 303 4302 413 4374; x_wconf 76' lang='grc' dir='ltr'>τὴν</span> <span class='ocrx_word' id='word_1_354' title='bbox 438 4304 506 4357; x_wconf 72' lang='grc' dir='ltr'>ἐκ</span> <span class='ocrx_word' id='word_1_355' title='bbox 530 4303 662 4358; x_wconf 88' lang='grc' dir='ltr'>Θεοῦ</span> <span class='ocrx_word' id='word_1_356' title='bbox 699 4308 1238 4382; x_wconf 85' lang='grc' dir='ltr'>καταπλουτήσωμεν</span> <span class='ocrx_word' id='word_1_357' title='bbox 1266 4314 1356 4368; x_wconf 87' lang='grc' dir='ltr'><strong>διά</strong></span> <span class='ocrx_word' id='word_1_358' title='bbox 1399 4316 1708 4388; x_wconf 86' lang='grc' dir='ltr'>πνεύματος</span> <span class='ocrx_word' id='word_1_359' title='bbox 1753 4319 1878 4387; x_wconf 78' lang='grc' dir='ltr'>γέν-</span> 
     </span>
    </p>
   </div>
   <div class='ocr_carea' id='block_1_46' title="bbox 303 4395 1880 4479">
    <p class='ocr_par' dir='ltr' id='par_1_46' title="bbox 303 4395 1880 4479">
     <span class='ocr_line' id='line_1_46' title="bbox 303 4395 1880 4479; baseline 0.012 -34"><span class='ocrx_word' id='word_1_360' title='bbox 303 4408 484 4464; x_wconf 82' lang='grc' dir='ltr'>νησιν,</span> <span class='ocrx_word' id='word_1_361' title='bbox 507 4395 685 4449; x_wconf 81' lang='grc' dir='ltr'>οὐκέτι</span> <span class='ocrx_word' id='word_1_362' title='bbox 712 4398 912 4468; x_wconf 85' lang='grc' dir='ltr'>σαρκὸς</span> <span class='ocrx_word' id='word_1_363' title='bbox 938 4401 1367 4473; x_wconf 82' lang='grc' dir='ltr'>χρηματίζοντες</span> <span class='ocrx_word' id='word_1_364' title='bbox 1386 4406 1575 4471; x_wconf 84' lang='grc' dir='ltr'>τέκνα,</span> <span class='ocrx_word' id='word_1_365' title='bbox 1604 4426 1880 4479; x_wconf 87' lang='grc' dir='ltr'>μεταστοι-</span> 
     </span>
    </p>
   </div>
   <div class='ocr_carea' id='block_1_47' title="bbox 1979 600 3549 671">
    <p class='ocr_par' dir='ltr' id='par_1_47' title="bbox 1979 600 3549 671">
     <span class='ocr_line' id='line_1_47' title="bbox 1979 600 3549 671; baseline -0.004 -12"><span class='ocrx_word' id='word_1_366' title='bbox 1979 602 2185 659; x_wconf 87' lang='lat' dir='ltr'><strong>Similis</strong></span> <span class='ocrx_word' id='word_1_367' title='bbox 2214 602 2496 670; x_wconf 78' lang='lat' dir='ltr'><strong>[fratribus</strong></span> <span class='ocrx_word' id='word_1_368' title='bbox 2546 616 2640 671; x_wconf 90' lang='lat' dir='ltr'><strong>per</strong></span> <span class='ocrx_word' id='word_1_369' title='bbox 2676 602 2879 666; x_wconf 81' lang='lat' dir='ltr'><strong>omnia,</strong></span> <span class='ocrx_word' id='word_1_370' title='bbox 2921 601 3012 670; x_wconf 85' lang='lat' dir='ltr'><strong>qui</strong></span> <span class='ocrx_word' id='word_1_371' title='bbox 3067 600 3313 654; x_wconf 69' lang='lat' dir='ltr'><strong>humanae</strong></span> <span class='ocrx_word' id='word_1_372' title='bbox 3354 602 3549 653; x_wconf 79' lang='lat' dir='ltr'><strong>auiune</strong></span> 
     </span>
    </p>
   </div>
   <div class='ocr_carea' id='block_1_48' title="bbox 1975 687 3544 759">
    <p class='ocr_par' dir='ltr' id='par_1_48' title="bbox 1975 687 3544 759">
     <span class='ocr_line' id='line_1_48' title="bbox 1975 687 3544 759; baseline -0.005 -12"><span class='ocrx_word' id='word_1_373' title='bbox 1975 702 2031 747; x_wconf 89' lang='lat' dir='ltr'><strong>et</strong></span> <span class='ocrx_word' id='word_1_374' title='bbox 2055 693 2234 747; x_wconf 89' lang='lat' dir='ltr'><strong>carnis</strong></span> <span class='ocrx_word' id='word_1_375' title='bbox 2264 692 2661 747; x_wconf 75' lang='lat' dir='ltr'><strong>fraternitatem</strong></span> <span class='ocrx_word' id='word_1_376' title='bbox 2691 691 2951 759; x_wconf 79' lang='lat' dir='ltr'><strong>suscepit,</strong></span> <span class='ocrx_word' id='word_1_377' title='bbox 2987 705 3094 742; x_wconf 92' lang='lat' dir='ltr'><strong>non</strong></span> <span class='ocrx_word' id='word_1_378' title='bbox 3128 687 3219 743; x_wconf 91' lang='lat' dir='ltr'><strong>illc</strong></span> <span class='ocrx_word' id='word_1_379' title='bbox 3247 687 3337 757; x_wconf 91' lang='lat' dir='ltr'><strong>qui</strong></span> <span class='ocrx_word' id='word_1_380' title='bbox 3364 687 3502 742; x_wconf 75' lang='lat' dir='ltr'><strong>dixit</strong></span> <span class='ocrx_word' id='word_1_381' title='bbox 3528 705 3544 739; x_wconf 91' lang='lat'><strong>:</strong></span> 
     </span>
    </p>
   </div>
   <div class='ocr_carea' id='block_1_49' title="bbox 1982 776 3140 849">
    <p class='ocr_par' dir='ltr' id='par_1_49' title="bbox 1982 776 3140 849">
     <span class='ocr_line' id='line_1_49' title="bbox 1982 776 3140 849; baseline -0.003 -15"><span class='ocrx_word' id='word_1_382' title='bbox 1982 800 2001 834; x_wconf 78' lang='grc' dir='ltr'><strong>ι</strong></span> <span class='ocrx_word' id='word_1_383' title='bbox 2034 783 2134 849; x_wconf 83' lang='lat' dir='ltr'><strong>Qui</strong></span> <span class='ocrx_word' id='word_1_384' title='bbox 2162 783 2297 838; x_wconf 85' lang='lat' dir='ltr'><strong>vidit</strong></span> <span class='ocrx_word' id='word_1_385' title='bbox 2326 796 2431 849; x_wconf 86' lang='lat' dir='ltr'><strong>me,</strong></span> <span class='ocrx_word' id='word_1_386' title='bbox 2469 781 2606 837; x_wconf 84' lang='lat' dir='ltr'><strong>vidit</strong></span> <span class='ocrx_word' id='word_1_387' title='bbox 2628 791 2679 835; x_wconf 91' lang='lat' dir='ltr'><strong>et</strong></span> <span class='ocrx_word' id='word_1_388' title='bbox 2713 780 2927 835; x_wconf 83' lang='lat' dir='ltr'><strong>Patrem</strong></span> <span class='ocrx_word' id='word_1_389' title='bbox 2958 779 3029 833; x_wconf 69' lang='grc' dir='ltr'><strong>ιο.</strong></span> <span class='ocrx_word' id='word_1_390' title='bbox 3069 776 3140 849; x_wconf 75' lang='grc' dir='ltr'>ι]</span> 
     </span>
    </p>
   </div>
   <div class='ocr_carea' id='block_1_50' title="bbox 2614 932 2875 991">
    <p class='ocr_par' dir='ltr' id='par_1_50' title="bbox 2614 932 2875 991">
     <span class='ocr_line' id='line_1_50' title="bbox 2614 932 2875 991; baseline -0.008 0"><span class='ocrx_word' id='word_1_391' title='bbox 2614 934 2765 991; x_wconf 88' lang='lat' dir='ltr'><strong>CAP.</strong></span> <span class='ocrx_word' id='word_1_392' title='bbox 2809 932 2875 989; x_wconf 84' lang='lat' dir='ltr'><strong>ll.</strong></span> 
     </span>
    </p>
   </div>
   <div class='ocr_carea' id='block_1_51' title="bbox 2047 1068 3543 1147">
    <p class='ocr_par' dir='ltr' id='par_1_51' title="bbox 2047 1068 3543 1147">
     <span class='ocr_line' id='line_1_51' title="bbox 2047 1068 3543 1147; baseline -0.007 -16"><span class='ocrx_word' id='word_1_393' title='bbox 2047 1076 2188 1147; x_wconf 82' lang='lat' dir='ltr'><strong>Ergo</strong></span> <span class='ocrx_word' id='word_1_394' title='bbox 2211 1073 2589 1145; x_wconf 82' lang='lat' dir='ltr'><strong>apprehendit,</strong></span> <span class='ocrx_word' id='word_1_395' title='bbox 2622 1082 2683 1127; x_wconf 90' lang='lat' dir='ltr'><strong>ut</strong></span> <span class='ocrx_word' id='word_1_396' title='bbox 2710 1072 2957 1143; x_wconf 72' lang='lat' dir='ltr'><strong>ipseiam</strong></span> <span class='ocrx_word' id='word_1_397' title='bbox 2987 1079 3069 1125; x_wconf 83' lang='lat' dir='ltr'><strong>est</strong></span> <span class='ocrx_word' id='word_1_398' title='bbox 3101 1068 3418 1132; x_wconf 88' lang='lat' dir='ltr'><strong>confessus,</strong></span> <span class='ocrx_word' id='word_1_399' title='bbox 3452 1080 3543 1121; x_wconf 80' lang='lat' dir='ltr'><strong>se-</strong></span> 
     </span>
    </p>
   </div>
   <div class='ocr_carea' id='block_1_52' title="bbox 1977 1160 3549 1233">
    <p class='ocr_par' dir='ltr' id='par_1_52' title="bbox 1977 1160 3549 1233">
     <span class='ocr_line' id='line_1_52' title="bbox 1977 1160 3549 1233; baseline -0.009 -9"><span class='ocrx_word' id='word_1_400' title='bbox 1977 1184 2099 1224; x_wconf 88' lang='lat' dir='ltr'><strong>men</strong></span> <span class='ocrx_word' id='word_1_401' title='bbox 2126 1166 2426 1230; x_wconf 81' lang='lat' dir='ltr'><strong>Abraham,</strong></span> <span class='ocrx_word' id='word_1_402' title='bbox 2444 1165 2614 1233; x_wconf 92' lang='lat' dir='ltr'><strong>ipsum</strong></span> <span class='ocrx_word' id='word_1_403' title='bbox 2641 1164 2875 1218; x_wconf 84' lang='lat' dir='ltr'><strong>Verbum</strong></span> <span class='ocrx_word' id='word_1_404' title='bbox 2902 1161 3044 1230; x_wconf 88' lang='lat' dir='ltr'><strong>quod</strong></span> <span class='ocrx_word' id='word_1_405' title='bbox 3083 1160 3227 1215; x_wconf 88' lang='lat' dir='ltr'><strong>Deus</strong></span> <span class='ocrx_word' id='word_1_406' title='bbox 3250 1166 3388 1224; x_wconf 88' lang='lat' dir='ltr'><strong>erat,</strong></span> <span class='ocrx_word' id='word_1_407' title='bbox 3416 1173 3549 1227; x_wconf 84' lang='lat' dir='ltr'><strong>quo-</strong></span> 
     </span>
    </p>
   </div>
   <div class='ocr_carea' id='block_1_53' title="bbox 1978 1249 3547 1325">
    <p class='ocr_par' dir='ltr' id='par_1_53' title="bbox 1978 1249 3547 1325">
     <span class='ocr_line' id='line_1_53' title="bbox 1978 1249 3547 1325; baseline -0.007 -14"><span class='ocrx_word' id='word_1_408' title='bbox 1978 1257 2141 1312; x_wconf 90' lang='lat' dir='ltr'><strong>modo</strong></span> <span class='ocrx_word' id='word_1_409' title='bbox 2167 1256 2333 1325; x_wconf 81' lang='lat' dir='ltr'><strong>igitur</strong></span> <span class='ocrx_word' id='word_1_410' title='bbox 2356 1254 2475 1323; x_wconf 84' lang='lat' dir='ltr'><strong>jam</strong></span> <span class='ocrx_word' id='word_1_411' title='bbox 2502 1251 2807 1308; x_wconf 80' lang='lat' dir='ltr'><strong>divinitatis</strong></span> <span class='ocrx_word' id='word_1_412' title='bbox 2847 1251 2917 1305; x_wconf 87' lang='lat' dir='ltr'><strong>sit</strong></span> <span class='ocrx_word' id='word_1_413' title='bbox 2947 1263 3255 1319; x_wconf 81' lang='lat' dir='ltr'><strong>possessor,</strong></span> <span class='ocrx_word' id='word_1_414' title='bbox 3290 1251 3335 1302; x_wconf 93' lang='lat' dir='ltr'><strong>is</strong></span> <span class='ocrx_word' id='word_1_415' title='bbox 3360 1249 3451 1317; x_wconf 88' lang='lat' dir='ltr'><strong>qui</strong></span> <span class='ocrx_word' id='word_1_416' title='bbox 3479 1263 3547 1301; x_wconf 73' lang='lat' dir='ltr'><strong>ex</strong></span> 
     </span>
    </p>
   </div>
   <div class='ocr_carea' id='block_1_54' title="bbox 1977 1341 3545 1408">
    <p class='ocr_par' dir='ltr' id='par_1_54' title="bbox 1977 1341 3545 1408">
     <span class='ocr_line' id='line_1_54' title="bbox 1977 1341 3545 1408; baseline -0.008 -4"><span class='ocrx_word' id='word_1_417' title='bbox 1977 1349 2183 1404; x_wconf 84' lang='lat' dir='ltr'><strong>semine</strong></span> <span class='ocrx_word' id='word_1_418' title='bbox 2211 1357 2293 1402; x_wconf 90' lang='lat' dir='ltr'><strong>est</strong></span> <span class='ocrx_word' id='word_1_419' title='bbox 2324 1345 2620 1408; x_wconf 83' lang='lat' dir='ltr'><strong>Abraham,</strong></span> <span class='ocrx_word' id='word_1_420' title='bbox 2650 1344 2694 1398; x_wconf 87' lang='lat' dir='ltr'><strong>si</strong></span> <span class='ocrx_word' id='word_1_421' title='bbox 2732 1358 2762 1396; x_wconf 91' lang='lat' dir='ltr'><strong>a</strong></span> <span class='ocrx_word' id='word_1_422' title='bbox 2800 1341 2912 1397; x_wconf 89' lang='lat' dir='ltr'><strong>Deo</strong></span> <span class='ocrx_word' id='word_1_423' title='bbox 2938 1351 3023 1396; x_wconf 91' lang='lat' dir='ltr'><strong>est</strong></span> <span class='ocrx_word' id='word_1_424' title='bbox 3068 1350 3403 1408; x_wconf 74' lang='lat' dir='ltr'><strong>assumptus,</strong></span> <span class='ocrx_word' id='word_1_425' title='bbox 3436 1354 3545 1393; x_wconf 86' lang='lat' dir='ltr'><strong>non</strong></span> 
     </span>
    </p>
   </div>
   <div class='ocr_carea' id='block_1_55' title="bbox 1975 1428 3541 1508">
    <p class='ocr_par' dir='ltr' id='par_1_55' title="bbox 1975 1428 3541 1508">
     <span class='ocr_line' id='line_1_55' title="bbox 1975 1428 3541 1508; baseline -0.008 -15"><span class='ocrx_word' id='word_1_426' title='bbox 1975 1439 2090 1508; x_wconf 90' lang='lat' dir='ltr'><strong>ipse</strong></span> <span class='ocrx_word' id='word_1_427' title='bbox 2110 1438 2444 1492; x_wconf 82' lang='lat' dir='ltr'><strong>divinitatem</strong></span> <span class='ocrx_word' id='word_1_428' title='bbox 2473 1434 2834 1502; x_wconf 80' lang='lat' dir='ltr'><strong>assumpsisse</strong></span> <span class='ocrx_word' id='word_1_429' title='bbox 2863 1432 3156 1488; x_wconf 83' lang='lat' dir='ltr'><strong>cernitur?</strong></span> <span class='ocrx_word' id='word_1_430' title='bbox 3196 1429 3390 1498; x_wconf 81' lang='lat' dir='ltr'><strong>Neque</strong></span> <span class='ocrx_word' id='word_1_431' title='bbox 3432 1428 3541 1496; x_wconf 79' lang='lat' dir='ltr'><strong>igi-</strong></span> 
     </span>
    </p>
   </div>
   <div class='ocr_carea' id='block_1_56' title="bbox 1978 1520 3550 1599">
    <p class='ocr_par' dir='ltr' id='par_1_56' title="bbox 1978 1520 3550 1599">
     <span class='ocr_line' id='line_1_56' title="bbox 1978 1520 3550 1599; baseline -0.009 -15"><span class='ocrx_word' id='word_1_432' title='bbox 1978 1540 2068 1584; x_wconf 91' lang='lat' dir='ltr'><strong>tur</strong></span> <span class='ocrx_word' id='word_1_433' title='bbox 2094 1529 2270 1599; x_wconf 90' lang='lat' dir='ltr'><strong>ipsum</strong></span> <span class='ocrx_word' id='word_1_434' title='bbox 2300 1540 2487 1581; x_wconf 88' lang='lat' dir='ltr'><strong>semen</strong></span> <span class='ocrx_word' id='word_1_435' title='bbox 2518 1524 2791 1578; x_wconf 87' lang='lat' dir='ltr'><strong>Abraham</strong></span> <span class='ocrx_word' id='word_1_436' title='bbox 2822 1521 2929 1576; x_wconf 89' lang='lat' dir='ltr'><strong>ullo</strong></span> <span class='ocrx_word' id='word_1_437' title='bbox 2962 1521 3121 1575; x_wconf 91' lang='lat' dir='ltr'><strong>modo</strong></span> <span class='ocrx_word' id='word_1_438' title='bbox 3146 1520 3449 1575; x_wconf 82' lang='lat' dir='ltr'><strong>divinitatis</strong></span> <span class='ocrx_word' id='word_1_439' title='bbox 3464 1523 3550 1571; x_wconf 89' lang='lat' dir='ltr'><strong>est</strong></span> 
     </span>
    </p>
   </div>
   <div class='ocr_carea' id='block_1_57' title="bbox 1977 1611 3549 1687">
    <p class='ocr_par' dir='ltr' id='par_1_57' title="bbox 1977 1611 3549 1687">
     <span class='ocr_line' id='line_1_57' title="bbox 1977 1611 3549 1687; baseline -0.009 -12"><span class='ocrx_word' id='word_1_440' title='bbox 1977 1629 2189 1683; x_wconf 87' lang='lat' dir='ltr'><strong>natura,</strong></span> <span class='ocrx_word' id='word_1_441' title='bbox 2232 1618 2325 1673; x_wconf 84' lang='lat' dir='ltr'><strong>sed</strong></span> <span class='ocrx_word' id='word_1_442' title='bbox 2371 1631 2579 1687; x_wconf 87' lang='lat' dir='ltr'><strong>corpus</strong></span> <span class='ocrx_word' id='word_1_443' title='bbox 2612 1615 2793 1685; x_wconf 85' lang='lat' dir='ltr'><strong>potius</strong></span> <span class='ocrx_word' id='word_1_444' title='bbox 2838 1614 2931 1667; x_wconf 87' lang='lat' dir='ltr'><strong>Dei</strong></span> <span class='ocrx_word' id='word_1_445' title='bbox 2982 1611 3139 1667; x_wconf 81' lang='lat' dir='ltr'><strong>Verbi</strong></span> <span class='ocrx_word' id='word_1_446' title='bbox 3190 1611 3389 1665; x_wconf 87' lang='lat' dir='ltr'><strong>factum</strong></span> <span class='ocrx_word' id='word_1_447' title='bbox 3440 1620 3549 1673; x_wconf 87' lang='lat' dir='ltr'><strong>est,</strong></span> 
     </span>
    </p>
   </div>
   <div class='ocr_carea' id='block_1_58' title="bbox 1978 1699 3550 1778">
    <p class='ocr_par' dir='ltr' id='par_1_58' title="bbox 1978 1699 3550 1778">
     <span class='ocr_line' id='line_1_58' title="bbox 1978 1699 3550 1778; baseline -0.009 -12"><span class='ocrx_word' id='word_1_448' title='bbox 1978 1710 2270 1766; x_wconf 88' lang='lat' dir='ltr'><strong>secundum</strong></span> <span class='ocrx_word' id='word_1_449' title='bbox 2314 1710 2668 1778; x_wconf 87' lang='lat' dir='ltr'><strong>Scripturas,</strong></span> <span class='ocrx_word' id='word_1_450' title='bbox 2708 1706 2933 1774; x_wconf 82' lang='lat' dir='ltr'><strong>ejusque</strong></span> <span class='ocrx_word' id='word_1_451' title='bbox 2972 1703 3247 1773; x_wconf 88' lang='lat' dir='ltr'><strong>proprium</strong></span> <span class='ocrx_word' id='word_1_452' title='bbox 3288 1719 3303 1756; x_wconf 88' lang='lat'><strong>:</strong></span> <span class='ocrx_word' id='word_1_453' title='bbox 3355 1709 3411 1755; x_wconf 91' lang='lat' dir='ltr'><strong>et</strong></span> <span class='ocrx_word' id='word_1_454' title='bbox 3460 1699 3550 1753; x_wconf 85' lang='lat' dir='ltr'><strong>ille</strong></span> 
     </span>
    </p>
   </div>
   <div class='ocr_carea' id='block_1_59' title="bbox 1978 1788 3548 1871">
    <p class='ocr_par' dir='ltr' id='par_1_59' title="bbox 1978 1788 3548 1871">
     <span class='ocr_line' id='line_1_59' title="bbox 1978 1788 3548 1871; baseline -0.008 -17"><span class='ocrx_word' id='word_1_455' title='bbox 1978 1801 2068 1871; x_wconf 89' lang='lat' dir='ltr'><strong>qui</strong></span> <span class='ocrx_word' id='word_1_456' title='bbox 2123 1814 2190 1853; x_wconf 81' lang='lat' dir='ltr'><strong>ex</strong></span> <span class='ocrx_word' id='word_1_457' title='bbox 2239 1808 2446 1853; x_wconf 69' lang='lat' dir='ltr'><strong>natura:</strong></span> <span class='ocrx_word' id='word_1_458' title='bbox 2491 1811 2602 1852; x_wconf 73' lang='lat' dir='ltr'><strong>suae</strong></span> <span class='ocrx_word' id='word_1_459' title='bbox 2661 1796 2869 1849; x_wconf 87' lang='lat' dir='ltr'><strong>ratione</strong></span> <span class='ocrx_word' id='word_1_460' title='bbox 2914 1808 3037 1848; x_wconf 92' lang='lat' dir='ltr'><strong>cum</strong></span> <span class='ocrx_word' id='word_1_461' title='bbox 3089 1799 3339 1847; x_wconf 84' lang='lat' dir='ltr'><strong>creatura</strong></span> <span class='ocrx_word' id='word_1_462' title='bbox 3386 1788 3548 1844; x_wconf 86' lang='lat' dir='ltr'><strong>simul</strong></span> 
     </span>
    </p>
   </div>
   <div class='ocr_carea' id='block_1_60' title="bbox 1977 1878 3545 1955">
    <p class='ocr_par' dir='ltr' id='par_1_60' title="bbox 1977 1878 3545 1955">
     <span class='ocr_line' id='line_1_60' title="bbox 1977 1878 3545 1955; baseline -0.008 -13"><span class='ocrx_word' id='word_1_463' title='bbox 1977 1887 2186 1943; x_wconf 86' lang='lat' dir='ltr'><strong>censeri</strong></span> <span class='ocrx_word' id='word_1_464' title='bbox 2220 1902 2323 1941; x_wconf 91' lang='lat' dir='ltr'><strong>non</strong></span> <span class='ocrx_word' id='word_1_465' title='bbox 2359 1893 2555 1955; x_wconf 89' lang='lat' dir='ltr'><strong>potest,</strong></span> <span class='ocrx_word' id='word_1_466' title='bbox 2587 1892 2777 1954; x_wconf 89' lang='lat' dir='ltr'><strong>utpote</strong></span> <span class='ocrx_word' id='word_1_467' title='bbox 2816 1882 2978 1943; x_wconf 89' lang='lat' dir='ltr'><strong>Dens.</strong></span> <span class='ocrx_word' id='word_1_468' title='bbox 3012 1881 3099 1935; x_wconf 91' lang='lat' dir='ltr'><strong>ubi</strong></span> <span class='ocrx_word' id='word_1_469' title='bbox 3131 1879 3306 1935; x_wconf 87' lang='lat' dir='ltr'><strong>factus</strong></span> <span class='ocrx_word' id='word_1_470' title='bbox 3332 1888 3412 1933; x_wconf 89' lang='lat' dir='ltr'><strong>est</strong></span> <span class='ocrx_word' id='word_1_471' title='bbox 3447 1878 3545 1931; x_wconf 89' lang='lat' dir='ltr'><strong>ho-</strong></span> 
     </span>
    </p>
   </div>
   <div class='ocr_carea' id='block_1_61' title="bbox 1978 1969 3550 2047">
    <p class='ocr_par' dir='ltr' id='par_1_61' title="bbox 1978 1969 3550 2047">
     <span class='ocr_line' id='line_1_61' title="bbox 1978 1969 3550 2047; baseline -0.008 -14"><span class='ocrx_word' id='word_1_472' title='bbox 1978 1995 2088 2045; x_wconf 88' lang='lat' dir='ltr'><strong>mo,</strong></span> <span class='ocrx_word' id='word_1_473' title='bbox 2116 1979 2203 2046; x_wconf 90' lang='lat' dir='ltr'><strong>qui</strong></span> <span class='ocrx_word' id='word_1_474' title='bbox 2244 1986 2327 2033; x_wconf 90' lang='lat' dir='ltr'><strong>est</strong></span> <span class='ocrx_word' id='word_1_475' title='bbox 2353 1993 2476 2047; x_wconf 91' lang='lat' dir='ltr'><strong>pars</strong></span> <span class='ocrx_word' id='word_1_476' title='bbox 2512 1977 2780 2041; x_wconf 83' lang='lat' dir='ltr'><strong>universi,</strong></span> <span class='ocrx_word' id='word_1_477' title='bbox 2822 1984 2934 2029; x_wconf 90' lang='lat' dir='ltr'><strong>tum</strong></span> <span class='ocrx_word' id='word_1_478' title='bbox 2967 1981 3133 2028; x_wconf 76' lang='lat' dir='ltr'><strong>‘vero</strong></span> <span class='ocrx_word' id='word_1_479' title='bbox 3178 1969 3453 2041; x_wconf 86' lang='lat' dir='ltr'><strong>aptissime</strong></span> <span class='ocrx_word' id='word_1_480' title='bbox 3492 1978 3550 2022; x_wconf 91' lang='lat' dir='ltr'><strong>ct</strong></span> 
     </span>
    </p>
   </div>
   <div class='ocr_carea' id='block_1_62' title="bbox 1979 2057 3551 2137">
    <p class='ocr_par' dir='ltr' id='par_1_62' title="bbox 1979 2057 3551 2137">
     <span class='ocr_line' id='line_1_62' title="bbox 1979 2057 3551 2137; baseline -0.008 -14"><span class='ocrx_word' id='word_1_481' title='bbox 1979 2070 2172 2123; x_wconf 82' lang='lat' dir='ltr'><strong>fratres</strong></span> <span class='ocrx_word' id='word_1_482' title='bbox 2212 2082 2309 2122; x_wconf 90' lang='lat' dir='ltr'><strong>nos</strong></span> <span class='ocrx_word' id='word_1_483' title='bbox 2350 2066 2622 2137; x_wconf 88' lang='lat' dir='ltr'><strong>appellare</strong></span> <span class='ocrx_word' id='word_1_484' title='bbox 2651 2065 2926 2135; x_wconf 83' lang='lat' dir='ltr'><strong>dignatur,</strong></span> <span class='ocrx_word' id='word_1_485' title='bbox 2978 2062 3204 2115; x_wconf 84' lang='lat' dir='ltr'><strong>dicens:</strong></span> <span class='ocrx_word' id='word_1_486' title='bbox 3240 2079 3257 2109; x_wconf 76' lang='grc' dir='ltr'><strong>ι</strong></span> <span class='ocrx_word' id='word_1_487' title='bbox 3298 2057 3551 2112; x_wconf 83' lang='lat' dir='ltr'><strong>Narrabo</strong></span> 
     </span>
    </p>
   </div>
   <div class='ocr_carea' id='block_1_63' title="bbox 1978 2149 3547 2219">
    <p class='ocr_par' dir='ltr' id='par_1_63' title="bbox 1978 2149 3547 2219">
     <span class='ocr_line' id='line_1_63' title="bbox 1978 2149 3547 2219; baseline -0.009 -4"><span class='ocrx_word' id='word_1_488' title='bbox 1978 2175 2176 2215; x_wconf 90' lang='lat' dir='ltr'><strong>nomen</strong></span> <span class='ocrx_word' id='word_1_489' title='bbox 2224 2170 2371 2213; x_wconf 91' lang='lat' dir='ltr'><strong>tuum</strong></span> <span class='ocrx_word' id='word_1_490' title='bbox 2417 2156 2679 2211; x_wconf 81' lang='lat' dir='ltr'><strong>fratribus</strong></span> <span class='ocrx_word' id='word_1_491' title='bbox 2722 2154 2857 2207; x_wconf 88' lang='lat' dir='ltr'><strong>meis</strong></span> <span class='ocrx_word' id='word_1_492' title='bbox 2892 2152 2957 2205; x_wconf 68' lang='grc' dir='ltr'><strong>ιι.</strong></span> <span class='ocrx_word' id='word_1_493' title='bbox 2994 2169 3012 2201; x_wconf 70' lang='grc' dir='ltr'><strong>ι</strong></span> <span class='ocrx_word' id='word_1_494' title='bbox 3050 2150 3221 2204; x_wconf 90' lang='lat' dir='ltr'><strong>Porro</strong></span> <span class='ocrx_word' id='word_1_495' title='bbox 3265 2149 3440 2219; x_wconf 82' lang='lat' dir='ltr'><strong>ipsum</strong></span> <span class='ocrx_word' id='word_1_496' title='bbox 3479 2161 3547 2202; x_wconf 74' lang='lat' dir='ltr'><strong>ex</strong></span> 
     </span>
    </p>
   </div>
   <div class='ocr_carea' id='block_1_64' title="bbox 1979 2241 3550 2315">
    <p class='ocr_par' dir='ltr' id='par_1_64' title="bbox 1979 2241 3550 2315">
     <span class='ocr_line' id='line_1_64' title="bbox 1979 2241 3550 2315; baseline -0.008 -11"><span class='ocrx_word' id='word_1_497' title='bbox 1979 2250 2090 2305; x_wconf 89' lang='lat' dir='ltr'><strong>Deo</strong></span> <span class='ocrx_word' id='word_1_498' title='bbox 2121 2249 2286 2304; x_wconf 88' lang='lat' dir='ltr'><strong>Patre</strong></span> <span class='ocrx_word' id='word_1_499' title='bbox 2314 2247 2549 2303; x_wconf 81' lang='lat' dir='ltr'><strong>Verbum</strong></span> <span class='ocrx_word' id='word_1_500' title='bbox 2579 2261 2675 2315; x_wconf 90' lang='lat' dir='ltr'><strong>per</strong></span> <span class='ocrx_word' id='word_1_501' title='bbox 2714 2243 3103 2300; x_wconf 80' lang='lat' dir='ltr'><strong>exiuanitiouis</strong></span> <span class='ocrx_word' id='word_1_502' title='bbox 3143 2256 3453 2296; x_wconf 86' lang='lat' dir='ltr'><strong>mensuram</strong></span> <span class='ocrx_word' id='word_1_503' title='bbox 3494 2241 3550 2293; x_wconf 90' lang='lat' dir='ltr'><strong>in</strong></span> 
     </span>
    </p>
   </div>
   <div class='ocr_carea' id='block_1_65' title="bbox 1978 2330 3551 2400">
    <p class='ocr_par' dir='ltr' id='par_1_65' title="bbox 1978 2330 3551 2400">
     <span class='ocr_line' id='line_1_65' title="bbox 1978 2330 3551 2400; baseline -0.008 -5"><span class='ocrx_word' id='word_1_504' title='bbox 1978 2340 2031 2395; x_wconf 89' lang='lat' dir='ltr'><strong>id</strong></span> <span class='ocrx_word' id='word_1_505' title='bbox 2051 2341 2214 2395; x_wconf 89' lang='lat' dir='ltr'><strong>etiam</strong></span> <span class='ocrx_word' id='word_1_506' title='bbox 2239 2337 2606 2400; x_wconf 89' lang='lat' dir='ltr'><strong>descendisse,</strong></span> <span class='ocrx_word' id='word_1_507' title='bbox 2637 2333 2969 2389; x_wconf 91' lang='lat' dir='ltr'><strong>uthomines</strong></span> <span class='ocrx_word' id='word_1_508' title='bbox 2999 2331 3091 2400; x_wconf 89' lang='lat' dir='ltr'><strong>qui</strong></span> <span class='ocrx_word' id='word_1_509' title='bbox 3124 2330 3175 2383; x_wconf 92' lang='lat' dir='ltr'><strong>in</strong></span> <span class='ocrx_word' id='word_1_510' title='bbox 3200 2330 3362 2384; x_wconf 91' lang='lat' dir='ltr'><strong>terris</strong></span> <span class='ocrx_word' id='word_1_511' title='bbox 3391 2337 3551 2382; x_wconf 84' lang='lat' dir='ltr'><strong>erant</strong></span> 
     </span>
    </p>
   </div>
   <div class='ocr_carea' id='block_1_66' title="bbox 1977 2418 3552 2495">
    <p class='ocr_par' dir='ltr' id='par_1_66' title="bbox 1977 2418 3552 2495">
     <span class='ocr_line' id='line_1_66' title="bbox 1977 2418 3552 2495; baseline -0.011 -7"><span class='ocrx_word' id='word_1_512' title='bbox 1977 2433 2078 2488; x_wconf 89' lang='lat' dir='ltr'><strong>sibi</strong></span> <span class='ocrx_word' id='word_1_513' title='bbox 2115 2430 2313 2485; x_wconf 80' lang='lat' dir='ltr'><strong>fratres</strong></span> <span class='ocrx_word' id='word_1_514' title='bbox 2346 2430 2574 2491; x_wconf 86' lang='lat' dir='ltr'><strong>diceret,</strong></span> <span class='ocrx_word' id='word_1_515' title='bbox 2609 2425 2959 2495; x_wconf 88' lang='lat' dir='ltr'><strong>perspicuum</strong></span> <span class='ocrx_word' id='word_1_516' title='bbox 2993 2423 3155 2476; x_wconf 87' lang='lat' dir='ltr'><strong>faciet</strong></span> <span class='ocrx_word' id='word_1_517' title='bbox 3191 2422 3379 2475; x_wconf 88' lang='lat' dir='ltr'><strong>beatus</strong></span> <span class='ocrx_word' id='word_1_518' title='bbox 3416 2418 3552 2473; x_wconf 88' lang='lat' dir='ltr'><strong>Pan-</strong></span> 
     </span>
    </p>
   </div>
   <div class='ocr_carea' id='block_1_67' title="bbox 1976 2511 3539 2591">
    <p class='ocr_par' dir='ltr' id='par_1_67' title="bbox 1976 2511 3539 2591">
     <span class='ocr_line' id='line_1_67' title="bbox 1976 2511 3539 2591; baseline -0.009 -13"><span class='ocrx_word' id='word_1_519' title='bbox 1976 2523 2083 2588; x_wconf 92' lang='lat' dir='ltr'><strong>lus,</strong></span> <span class='ocrx_word' id='word_1_520' title='bbox 2112 2522 2201 2591; x_wconf 92' lang='lat' dir='ltr'><strong>qui</strong></span> <span class='ocrx_word' id='word_1_521' title='bbox 2233 2522 2300 2576; x_wconf 91' lang='lat' dir='ltr'><strong>de</strong></span> <span class='ocrx_word' id='word_1_522' title='bbox 2343 2520 2458 2588; x_wconf 90' lang='lat' dir='ltr'><strong>ipso</strong></span> <span class='ocrx_word' id='word_1_523' title='bbox 2486 2519 2664 2588; x_wconf 84' lang='lat' dir='ltr'><strong>deque</strong></span> <span class='ocrx_word' id='word_1_524' title='bbox 2697 2517 2854 2571; x_wconf 86' lang='lat' dir='ltr'><strong>nobis</strong></span> <span class='ocrx_word' id='word_1_525' title='bbox 2881 2514 3101 2583; x_wconf 87' lang='lat' dir='ltr'><strong>scripsit</strong></span> <span class='ocrx_word' id='word_1_526' title='bbox 3130 2531 3143 2567; x_wconf 89' lang='lat'><strong>:</strong></span> <span class='ocrx_word' id='word_1_527' title='bbox 3180 2530 3199 2564; x_wconf 81' lang='grc' dir='ltr'><strong>ι</strong></span> <span class='ocrx_word' id='word_1_528' title='bbox 3240 2512 3339 2579; x_wconf 85' lang='lat' dir='ltr'><strong>Qui</strong></span> <span class='ocrx_word' id='word_1_529' title='bbox 3394 2511 3539 2566; x_wconf 89' lang='lat' dir='ltr'><strong>enim</strong></span> 
     </span>
    </p>
   </div>
   <div class='ocr_carea' id='block_1_68' title="bbox 1975 2608 3550 2681">
    <p class='ocr_par' dir='ltr' id='par_1_68' title="bbox 1975 2608 3550 2681">
     <span class='ocr_line' id='line_1_68' title="bbox 1975 2608 3550 2681; baseline -0.008 -11"><span class='ocrx_word' id='word_1_530' title='bbox 1975 2614 2300 2679; x_wconf 85' lang='lat' dir='ltr'><strong>sanctificat,</strong></span> <span class='ocrx_word' id='word_1_531' title='bbox 2330 2622 2385 2667; x_wconf 90' lang='lat' dir='ltr'><strong>et</strong></span> <span class='ocrx_word' id='word_1_532' title='bbox 2423 2610 2516 2681; x_wconf 87' lang='lat' dir='ltr'><strong>qui</strong></span> <span class='ocrx_word' id='word_1_533' title='bbox 2567 2608 3005 2672; x_wconf 82' lang='lat' dir='ltr'><strong>sanctificantnr,</strong></span> <span class='ocrx_word' id='word_1_534' title='bbox 3048 2621 3115 2660; x_wconf 79' lang='lat' dir='ltr'><strong>ex</strong></span> <span class='ocrx_word' id='word_1_535' title='bbox 3168 2620 3278 2659; x_wconf 91' lang='lat' dir='ltr'><strong>uno</strong></span> <span class='ocrx_word' id='word_1_536' title='bbox 3313 2618 3507 2659; x_wconf 90' lang='lat' dir='ltr'><strong>omnes</strong></span> <span class='ocrx_word' id='word_1_537' title='bbox 3530 2622 3550 2658; x_wconf 85' lang='lat'><strong>:</strong></span> 
     </span>
    </p>
   </div>
   <div class='ocr_carea' id='block_1_69' title="bbox 1976 2696 3549 2777">
    <p class='ocr_par' dir='ltr' id='par_1_69' title="bbox 1976 2696 3549 2777">
     <span class='ocr_line' id='line_1_69' title="bbox 1976 2696 3549 2777; baseline -0.007 -15"><span class='ocrx_word' id='word_1_538' title='bbox 1976 2715 2196 2777; x_wconf 89' lang='lat' dir='ltr'><strong>propter</strong></span> <span class='ocrx_word' id='word_1_539' title='bbox 2223 2718 2384 2773; x_wconf 88' lang='lat' dir='ltr'><strong>quam</strong></span> <span class='ocrx_word' id='word_1_540' title='bbox 2419 2715 2643 2757; x_wconf 85' lang='lat' dir='ltr'><strong>causam</strong></span> <span class='ocrx_word' id='word_1_541' title='bbox 2685 2714 2789 2754; x_wconf 93' lang='lat' dir='ltr'><strong>non</strong></span> <span class='ocrx_word' id='word_1_542' title='bbox 2836 2697 3190 2755; x_wconf 89' lang='lat' dir='ltr'><strong>confunditur</strong></span> <span class='ocrx_word' id='word_1_543' title='bbox 3219 2696 3421 2751; x_wconf 87' lang='lat' dir='ltr'><strong>fratres</strong></span> <span class='ocrx_word' id='word_1_544' title='bbox 3451 2710 3549 2751; x_wconf 87' lang='lat' dir='ltr'><strong>eos</strong></span> 
     </span>
    </p>
   </div>
   <div class='ocr_carea' id='block_1_70' title="bbox 1976 2784 3549 2867">
    <p class='ocr_par' dir='ltr' id='par_1_70' title="bbox 1976 2784 3549 2867">
     <span class='ocr_line' id='line_1_70' title="bbox 1976 2784 3549 2867; baseline -0.009 -15"><span class='ocrx_word' id='word_1_545' title='bbox 1976 2795 2266 2867; x_wconf 84' lang='lat' dir='ltr'><strong>appellare,</strong></span> <span class='ocrx_word' id='word_1_546' title='bbox 2293 2790 2519 2849; x_wconf 85' lang='lat' dir='ltr'><strong>dicehs:</strong></span> <span class='ocrx_word' id='word_1_547' title='bbox 2552 2789 2799 2845; x_wconf 83' lang='lat' dir='ltr'><strong>Narrabo</strong></span> <span class='ocrx_word' id='word_1_548' title='bbox 2845 2788 2953 2859; x_wconf 78' lang='grc' dir='ltr'><strong>⁷ο</strong></span> <span class='ocrx_word' id='word_1_549' title='bbox 2986 2801 3187 2843; x_wconf 90' lang='lat' dir='ltr'><strong>nomen</strong></span> <span class='ocrx_word' id='word_1_550' title='bbox 3237 2795 3389 2841; x_wconf 89' lang='lat' dir='ltr'><strong>tuum</strong></span> <span class='ocrx_word' id='word_1_551' title='bbox 3439 2784 3549 2839; x_wconf 84' lang='lat' dir='ltr'><strong>fra-</strong></span> 
     </span>
    </p>
   </div>
   <div class='ocr_carea' id='block_1_71' title="bbox 1976 2876 3547 2950">
    <p class='ocr_par' dir='ltr' id='par_1_71' title="bbox 1976 2876 3547 2950">
     <span class='ocr_line' id='line_1_71' title="bbox 1976 2876 3547 2950; baseline -0.009 -7"><span class='ocrx_word' id='word_1_552' title='bbox 1976 2888 2148 2943; x_wconf 86' lang='lat' dir='ltr'><strong>tribus</strong></span> <span class='ocrx_word' id='word_1_553' title='bbox 2186 2886 2321 2941; x_wconf 87' lang='lat' dir='ltr'><strong>meis</strong></span> <span class='ocrx_word' id='word_1_554' title='bbox 2352 2885 2435 2950; x_wconf 80' lang='lat'><strong>&quot;;</strong></span> <span class='ocrx_word' id='word_1_555' title='bbox 2477 2901 2497 2937; x_wconf 71' lang='grc' dir='ltr'><strong>ι</strong></span> <span class='ocrx_word' id='word_1_556' title='bbox 2533 2897 2659 2937; x_wconf 85' lang='lat' dir='ltr'><strong>nam</strong></span> <span class='ocrx_word' id='word_1_557' title='bbox 2703 2890 2995 2949; x_wconf 87' lang='lat' dir='ltr'><strong>antequam</strong></span> <span class='ocrx_word' id='word_1_558' title='bbox 3046 2879 3209 2933; x_wconf 91' lang='lat' dir='ltr'><strong>homo</strong></span> <span class='ocrx_word' id='word_1_559' title='bbox 3257 2876 3433 2932; x_wconf 82' lang='lat' dir='ltr'><strong>factus</strong></span> <span class='ocrx_word' id='word_1_560' title='bbox 3458 2889 3547 2930; x_wconf 86' lang='lat' dir='ltr'><strong>es-</strong></span> 
     </span>
    </p>
   </div>
   <div class='ocr_carea' id='block_1_72' title="bbox 1974 2967 3551 3045">
    <p class='ocr_par' dir='ltr' id='par_1_72' title="bbox 1974 2967 3551 3045">
     <span class='ocr_line' id='line_1_72' title="bbox 1974 2967 3551 3045; baseline -0.01 -10"><span class='ocrx_word' id='word_1_561' title='bbox 1974 2987 2077 3043; x_wconf 87' lang='lat' dir='ltr'><strong>set,</strong></span> <span class='ocrx_word' id='word_1_562' title='bbox 2112 2976 2365 3045; x_wconf 78' lang='lat' dir='ltr'><strong>exiguum</strong></span> <span class='ocrx_word' id='word_1_563' title='bbox 2393 2988 2525 3029; x_wconf 86' lang='lat' dir='ltr'><strong>sane</strong></span> <span class='ocrx_word' id='word_1_564' title='bbox 2550 2980 2669 3029; x_wconf 88' lang='lat' dir='ltr'><strong>erat</strong></span> <span class='ocrx_word' id='word_1_565' title='bbox 2694 2970 2770 3025; x_wconf 92' lang='lat' dir='ltr'><strong>illi</strong></span> <span class='ocrx_word' id='word_1_566' title='bbox 2805 2984 2874 3025; x_wconf 75' lang='lat' dir='ltr'><strong>ex</strong></span> <span class='ocrx_word' id='word_1_567' title='bbox 2899 2968 3011 3024; x_wconf 88' lang='lat' dir='ltr'><strong>Deo</strong></span> <span class='ocrx_word' id='word_1_568' title='bbox 3032 2969 3216 3038; x_wconf 77' lang='lat' dir='ltr'><strong>genito</strong></span> <span class='ocrx_word' id='word_1_569' title='bbox 3245 2967 3424 3023; x_wconf 82' lang='lat' dir='ltr'><strong>Verbo</strong></span> <span class='ocrx_word' id='word_1_570' title='bbox 3456 2979 3551 3020; x_wconf 64' lang='lat' dir='ltr'><strong>no.</strong></span> 
     </span>
    </p>
   </div>
   <div class='ocr_carea' id='block_1_73' title="bbox 1975 3055 3546 3123">
    <p class='ocr_par' dir='ltr' id='par_1_73' title="bbox 1975 3055 3546 3123">
     <span class='ocr_line' id='line_1_73' title="bbox 1975 3055 3546 3123; baseline -0.008 -1"><span class='ocrx_word' id='word_1_571' title='bbox 1975 3075 2101 3123; x_wconf 73' lang='lat' dir='ltr'><strong>atra:</strong></span> <span class='ocrx_word' id='word_1_572' title='bbox 2123 3061 2478 3119; x_wconf 81' lang='lat' dir='ltr'><strong>fraternitatis</strong></span> <span class='ocrx_word' id='word_1_573' title='bbox 2496 3075 2692 3117; x_wconf 90' lang='lat' dir='ltr'><strong>nomen</strong></span> <span class='ocrx_word' id='word_1_574' title='bbox 2716 3078 2730 3115; x_wconf 86' lang='lat'><strong>:</strong></span> <span class='ocrx_word' id='word_1_575' title='bbox 2752 3068 2807 3113; x_wconf 91' lang='lat' dir='ltr'><strong>at</strong></span> <span class='ocrx_word' id='word_1_576' title='bbox 2831 3058 2923 3114; x_wconf 92' lang='lat' dir='ltr'><strong>ubi</strong></span> <span class='ocrx_word' id='word_1_577' title='bbox 2952 3058 3019 3112; x_wconf 89' lang='lat' dir='ltr'><strong>ad</strong></span> <span class='ocrx_word' id='word_1_578' title='bbox 3045 3057 3406 3113; x_wconf 79' lang='lat' dir='ltr'><strong>voluntariam</strong></span> <span class='ocrx_word' id='word_1_579' title='bbox 3430 3055 3546 3111; x_wconf 75' lang='lat' dir='ltr'><strong>exi-</strong></span> 
     </span>
    </p>
   </div>
   <div class='ocr_carea' id='block_1_74' title="bbox 1907 3146 3549 3234">
    <p class='ocr_par' dir='ltr' id='par_1_74' title="bbox 1907 3146 3549 3234">
     <span class='ocr_line' id='line_1_74' title="bbox 1907 3146 3549 3234; baseline -0.007 -22"><span class='ocrx_word' id='word_1_580' title='bbox 1907 3169 1956 3234; x_wconf 70' lang='grc' dir='ltr'>ε</span> <span class='ocrx_word' id='word_1_581' title='bbox 1985 3156 2320 3212; x_wconf 88' lang='lat' dir='ltr'><strong>nanitionem</strong></span> <span class='ocrx_word' id='word_1_582' title='bbox 2364 3152 2665 3216; x_wconf 86' lang='lat' dir='ltr'><strong>descendit,</strong></span> <span class='ocrx_word' id='word_1_583' title='bbox 2705 3150 2959 3219; x_wconf 75' lang='lat' dir='ltr'><strong>exiguum</strong></span> <span class='ocrx_word' id='word_1_584' title='bbox 3019 3151 3101 3204; x_wconf 88' lang='lat' dir='ltr'><strong>sic</strong></span> <span class='ocrx_word' id='word_1_585' title='bbox 3161 3162 3381 3219; x_wconf 88' lang='lat' dir='ltr'><strong>quoque</strong></span> <span class='ocrx_word' id='word_1_586' title='bbox 3424 3146 3549 3212; x_wconf 91' lang='lat' dir='ltr'><strong>fuit,</strong></span> 
     </span>
    </p>
   </div>
   <div class='ocr_carea' id='block_1_75' title="bbox 1982 3243 3552 3309">
    <p class='ocr_par' dir='ltr' id='par_1_75' title="bbox 1982 3243 3552 3309">
     <span class='ocr_line' id='line_1_75' title="bbox 1982 3243 3552 3309; baseline -0.008 -4"><span class='ocrx_word' id='word_1_587' title='bbox 1982 3250 2075 3305; x_wconf 90' lang='lat' dir='ltr'><strong>sed</strong></span> <span class='ocrx_word' id='word_1_588' title='bbox 2102 3262 2207 3303; x_wconf 93' lang='lat' dir='ltr'><strong>non</strong></span> <span class='ocrx_word' id='word_1_589' title='bbox 2235 3248 2372 3303; x_wconf 88' lang='lat' dir='ltr'><strong>citra</strong></span> <span class='ocrx_word' id='word_1_590' title='bbox 2402 3243 2781 3299; x_wconf 81' lang='lat' dir='ltr'><strong>rationabilem</strong></span> <span class='ocrx_word' id='word_1_591' title='bbox 2806 3256 3030 3298; x_wconf 89' lang='lat' dir='ltr'><strong>causam</strong></span> <span class='ocrx_word' id='word_1_592' title='bbox 3067 3248 3345 3309; x_wconf 88' lang='lat' dir='ltr'><strong>receptum</strong></span> <span class='ocrx_word' id='word_1_593' title='bbox 3378 3257 3392 3293; x_wconf 91' lang='lat'><strong>:</strong></span> <span class='ocrx_word' id='word_1_594' title='bbox 3427 3254 3552 3309; x_wconf 86' lang='lat' dir='ltr'><strong>par-</strong></span> 
     </span>
    </p>
   </div>
   <div class='ocr_carea' id='block_1_76' title="bbox 1982 3329 3655 3409">
    <p class='ocr_par' dir='ltr' id='par_1_76' title="bbox 1982 3329 3655 3409">
     <span class='ocr_line' id='line_1_76' title="bbox 1982 3329 3655 3409; baseline -0.007 -15"><span class='ocrx_word' id='word_1_595' title='bbox 1982 3339 2225 3409; x_wconf 90' lang='lat' dir='ltr'><strong>ticipavit</strong></span> <span class='ocrx_word' id='word_1_596' title='bbox 2262 3337 2408 3393; x_wconf 89' lang='lat' dir='ltr'><strong>enim</strong></span> <span class='ocrx_word' id='word_1_597' title='bbox 2456 3350 2633 3392; x_wconf 90' lang='lat' dir='ltr'><strong>carne</strong></span> <span class='ocrx_word' id='word_1_598' title='bbox 2664 3344 2718 3391; x_wconf 92' lang='lat' dir='ltr'><strong>et</strong></span> <span class='ocrx_word' id='word_1_599' title='bbox 2761 3333 3025 3403; x_wconf 73' lang='lat' dir='ltr'><strong>sanguine</strong></span> <span class='ocrx_word' id='word_1_600' title='bbox 3060 3333 3129 3398; x_wconf 85' lang='grc'><strong>¹³,</strong></span> <span class='ocrx_word' id='word_1_601' title='bbox 3153 3340 3209 3386; x_wconf 89' lang='lat' dir='ltr'><strong>et</strong></span> <span class='ocrx_word' id='word_1_602' title='bbox 3251 3330 3335 3386; x_wconf 85' lang='lat' dir='ltr'><strong>his</strong></span> <span class='ocrx_word' id='word_1_603' title='bbox 3370 3332 3462 3399; x_wconf 90' lang='lat' dir='ltr'><strong>qui</strong></span> <span class='ocrx_word' id='word_1_604' title='bbox 3497 3329 3552 3384; x_wconf 93' lang='lat' dir='ltr'><strong>in</strong></span> <span class='ocrx_word' id='word_1_605' title='bbox 3648 3392 3655 3397; x_wconf 39' lang='grc'><em>,</em></span> 
     </span>
    </p>
   </div>
   <div class='ocr_carea' id='block_1_77' title="bbox 1981 3422 3552 3499">
    <p class='ocr_par' dir='ltr' id='par_1_77' title="bbox 1981 3422 3552 3499">
     <span class='ocr_line' id='line_1_77' title="bbox 1981 3422 3552 3499; baseline -0.008 -11"><span class='ocrx_word' id='word_1_606' title='bbox 1981 3445 2145 3488; x_wconf 87' lang='lat' dir='ltr'><strong>carne</strong></span> <span class='ocrx_word' id='word_1_607' title='bbox 2174 3437 2330 3486; x_wconf 86' lang='lat' dir='ltr'><strong>erant</strong></span> <span class='ocrx_word' id='word_1_608' title='bbox 2368 3444 2433 3485; x_wconf 90' lang='lat' dir='ltr'><strong>ac</strong></span> <span class='ocrx_word' id='word_1_609' title='bbox 2466 3443 2600 3499; x_wconf 77' lang='lat' dir='ltr'><strong>sang</strong></span> <span class='ocrx_word' id='word_1_610' title='bbox 2617 3428 2765 3494; x_wconf 90' lang='lat' dir='ltr'><strong>nine,</strong></span> <span class='ocrx_word' id='word_1_611' title='bbox 2798 3426 2969 3481; x_wconf 88' lang='lat' dir='ltr'><strong>frater</strong></span> <span class='ocrx_word' id='word_1_612' title='bbox 3009 3424 3147 3479; x_wconf 88' lang='lat' dir='ltr'><strong>fuit:</strong></span> <span class='ocrx_word' id='word_1_613' title='bbox 3177 3438 3302 3479; x_wconf 90' lang='lat' dir='ltr'><strong>nam</strong></span> <span class='ocrx_word' id='word_1_614' title='bbox 3342 3422 3389 3478; x_wconf 92' lang='lat' dir='ltr'><strong>si</strong></span> <span class='ocrx_word' id='word_1_615' title='bbox 3425 3437 3552 3477; x_wconf 88' lang='lat' dir='ltr'><strong>san-</strong></span> 
     </span>
    </p>
   </div>
   <div class='ocr_carea' id='block_1_78' title="bbox 1981 3514 3555 3591">
    <p class='ocr_par' dir='ltr' id='par_1_78' title="bbox 1981 3514 3555 3591">
     <span class='ocr_line' id='line_1_78' title="bbox 1981 3514 3555 3591; baseline -0.006 -12"><span class='ocrx_word' id='word_1_616' title='bbox 1981 3524 2253 3580; x_wconf 85' lang='lat' dir='ltr'><strong>ctificatur</strong></span> <span class='ocrx_word' id='word_1_617' title='bbox 2277 3523 2558 3577; x_wconf 86' lang='lat' dir='ltr'><strong>nobiscum</strong></span> <span class='ocrx_word' id='word_1_618' title='bbox 2584 3535 2690 3591; x_wconf 90' lang='lat' dir='ltr'><strong>qua</strong></span> <span class='ocrx_word' id='word_1_619' title='bbox 2742 3520 2920 3574; x_wconf 90' lang='lat' dir='ltr'><strong>factus</strong></span> <span class='ocrx_word' id='word_1_620' title='bbox 2957 3526 3042 3572; x_wconf 86' lang='lat' dir='ltr'><strong>est</strong></span> <span class='ocrx_word' id='word_1_621' title='bbox 3087 3518 3270 3583; x_wconf 75' lang='lat' dir='ltr'><strong>homo,</strong></span> <span class='ocrx_word' id='word_1_622' title='bbox 3302 3514 3555 3586; x_wconf 83' lang='lat' dir='ltr'><strong>quamvis</strong></span> 
     </span>
    </p>
   </div>
   <div class='ocr_carea' id='block_1_79' title="bbox 1982 3605 3550 3680">
    <p class='ocr_par' dir='ltr' id='par_1_79' title="bbox 1982 3605 3550 3680">
     <span class='ocr_line' id='line_1_79' title="bbox 1982 3605 3550 3680; baseline -0.006 -10"><span class='ocrx_word' id='word_1_623' title='bbox 1982 3623 2175 3670; x_wconf 89' lang='lat' dir='ltr'><strong>natura</strong></span> <span class='ocrx_word' id='word_1_624' title='bbox 2214 3613 2359 3670; x_wconf 88' lang='lat' dir='ltr'><strong>Deus</strong></span> <span class='ocrx_word' id='word_1_625' title='bbox 2405 3621 2588 3677; x_wconf 83' lang='lat' dir='ltr'><strong>esset,</strong></span> <span class='ocrx_word' id='word_1_626' title='bbox 2626 3620 2683 3666; x_wconf 91' lang='lat' dir='ltr'><strong>et</strong></span> <span class='ocrx_word' id='word_1_627' title='bbox 2716 3609 2969 3680; x_wconf 87' lang='lat' dir='ltr'><strong>spiritum</strong></span> <span class='ocrx_word' id='word_1_628' title='bbox 3020 3609 3132 3679; x_wconf 84' lang='lat' dir='ltr'><strong>ipse</strong></span> <span class='ocrx_word' id='word_1_629' title='bbox 3167 3606 3341 3671; x_wconf 92' lang='lat' dir='ltr'><strong>daret,</strong></span> <span class='ocrx_word' id='word_1_630' title='bbox 3374 3621 3473 3661; x_wconf 92' lang='lat' dir='ltr'><strong>cur</strong></span> <span class='ocrx_word' id='word_1_631' title='bbox 3505 3605 3550 3660; x_wconf 89' lang='lat' dir='ltr'><strong>si</strong></span> 
     </span>
    </p>
   </div>
   <div class='ocr_carea' id='block_1_80' title="bbox 1981 3697 3545 3767">
    <p class='ocr_par' dir='ltr' id='par_1_80' title="bbox 1981 3697 3545 3767">
     <span class='ocr_line' id='line_1_80' title="bbox 1981 3697 3545 3767; baseline -0.005 -9"><span class='ocrx_word' id='word_1_632' title='bbox 1981 3713 2202 3761; x_wconf 88' lang='lat' dir='ltr'><strong>vocetur</strong></span> <span class='ocrx_word' id='word_1_633' title='bbox 2241 3705 2404 3760; x_wconf 90' lang='lat' dir='ltr'><strong>etiam</strong></span> <span class='ocrx_word' id='word_1_634' title='bbox 2459 3703 2672 3767; x_wconf 87' lang='lat' dir='ltr'><strong>frater,-</strong></span> <span class='ocrx_word' id='word_1_635' title='bbox 2705 3701 2928 3756; x_wconf 88' lang='lat' dir='ltr'><strong>minimc</strong></span> <span class='ocrx_word' id='word_1_636' title='bbox 2987 3699 3243 3754; x_wconf 83' lang='lat' dir='ltr'><strong>decenter</strong></span> <span class='ocrx_word' id='word_1_637' title='bbox 3308 3697 3545 3763; x_wconf 88' lang='lat' dir='ltr'><strong>dicatur,</strong></span> 
     </span>
    </p>
   </div>
   <div class='ocr_carea' id='block_1_81' title="bbox 1980 3783 3552 3857">
    <p class='ocr_par' dir='ltr' id='par_1_81' title="bbox 1980 3783 3552 3857">
     <span class='ocr_line' id='line_1_81' title="bbox 1980 3783 3552 3857; baseline -0.005 -6"><span class='ocrx_word' id='word_1_638' title='bbox 1980 3811 2103 3852; x_wconf 88' lang='lat' dir='ltr'><strong>cum</strong></span> <span class='ocrx_word' id='word_1_639' title='bbox 2135 3797 2235 3852; x_wconf 85' lang='lat' dir='ltr'><strong>hac</strong></span> <span class='ocrx_word' id='word_1_640' title='bbox 2264 3796 2329 3850; x_wconf 90' lang='lat' dir='ltr'><strong>de</strong></span> <span class='ocrx_word' id='word_1_641' title='bbox 2354 3809 2514 3849; x_wconf 88' lang='lat' dir='ltr'><strong>causa</strong></span> <span class='ocrx_word' id='word_1_642' title='bbox 2554 3783 2731 3847; x_wconf 71' lang='lat' dir='ltr'><strong>fartus</strong></span> <span class='ocrx_word' id='word_1_643' title='bbox 2770 3793 2844 3847; x_wconf 90' lang='lat' dir='ltr'><strong>sit</strong></span> <span class='ocrx_word' id='word_1_644' title='bbox 2890 3790 3063 3845; x_wconf 88' lang='lat' dir='ltr'><strong>nostri</strong></span> <span class='ocrx_word' id='word_1_645' title='bbox 3102 3788 3320 3857; x_wconf 84' lang='lat' dir='ltr'><strong>similis,</strong></span> <span class='ocrx_word' id='word_1_646' title='bbox 3359 3798 3420 3843; x_wconf 91' lang='lat' dir='ltr'><strong>ut</strong></span> <span class='ocrx_word' id='word_1_647' title='bbox 3451 3802 3552 3843; x_wconf 83' lang='lat' dir='ltr'><strong>nos</strong></span> 
     </span>
    </p>
   </div>
   <div class='ocr_carea' id='block_1_82' title="bbox 1982 3878 3555 3949">
    <p class='ocr_par' dir='ltr' id='par_1_82' title="bbox 1982 3878 3555 3949">
     <span class='ocr_line' id='line_1_82' title="bbox 1982 3878 3555 3949; baseline -0.008 -6"><span class='ocrx_word' id='word_1_648' title='bbox 1982 3888 2181 3943; x_wconf 86' lang='lat' dir='ltr'><strong>fratres</strong></span> <span class='ocrx_word' id='word_1_649' title='bbox 2221 3901 2285 3942; x_wconf 91' lang='lat' dir='ltr'><strong>ac</strong></span> <span class='ocrx_word' id='word_1_650' title='bbox 2330 3886 2529 3940; x_wconf 84' lang='lat' dir='ltr'><strong>liberos</strong></span> <span class='ocrx_word' id='word_1_651' title='bbox 2579 3882 2859 3939; x_wconf 74' lang='lat' dir='ltr'><strong>efﬁceret?</strong></span> <span class='ocrx_word' id='word_1_652' title='bbox 2908 3899 2926 3932; x_wconf 80' lang='grc' dir='ltr'><strong>ι</strong></span> <span class='ocrx_word' id='word_1_653' title='bbox 2961 3880 3237 3949; x_wconf 84' lang='lat' dir='ltr'><strong>Quotquot</strong></span> <span class='ocrx_word' id='word_1_654' title='bbox 3289 3878 3433 3933; x_wconf 88' lang='lat' dir='ltr'><strong>enim</strong></span> <span class='ocrx_word' id='word_1_655' title='bbox 3473 3893 3555 3931; x_wconf 87' lang='lat' dir='ltr'><strong>rc-</strong></span> 
     </span>
    </p>
   </div>
   <div class='ocr_carea' id='block_1_83' title="bbox 1981 3967 3554 4047">
    <p class='ocr_par' dir='ltr' id='par_1_83' title="bbox 1981 3967 3554 4047">
     <span class='ocr_line' id='line_1_83' title="bbox 1981 3967 3554 4047; baseline -0.008 -13"><span class='ocrx_word' id='word_1_656' title='bbox 1981 3985 2243 4047; x_wconf 87' lang='lat' dir='ltr'><strong>eeperunt</strong></span> <span class='ocrx_word' id='word_1_657' title='bbox 2287 3990 2432 4041; x_wconf 89' lang='lat' dir='ltr'><strong>eum,</strong></span> <span class='ocrx_word' id='word_1_658' title='bbox 2488 3973 2702 4043; x_wconf 88' lang='lat' dir='ltr'><strong>inquit,</strong></span> <span class='ocrx_word' id='word_1_659' title='bbox 2742 3971 2888 4027; x_wconf 87' lang='lat' dir='ltr'><strong>dedit</strong></span> <span class='ocrx_word' id='word_1_660' title='bbox 2927 3971 3009 4025; x_wconf 90' lang='lat' dir='ltr'><strong>cis</strong></span> <span class='ocrx_word' id='word_1_661' title='bbox 3049 3976 3370 4039; x_wconf 81' lang='lat' dir='ltr'><strong>petestatem</strong></span> <span class='ocrx_word' id='word_1_662' title='bbox 3417 3967 3554 4021; x_wconf 81' lang='lat' dir='ltr'><strong>ﬁlios</strong></span> 
     </span>
    </p>
   </div>
   <div class='ocr_carea' id='block_1_84' title="bbox 1982 4056 3551 4135">
    <p class='ocr_par' dir='ltr' id='par_1_84' title="bbox 1982 4056 3551 4135">
     <span class='ocr_line' id='line_1_84' title="bbox 1982 4056 3551 4135; baseline -0.008 -11"><span class='ocrx_word' id='word_1_663' title='bbox 1982 4068 2077 4124; x_wconf 90' lang='lat' dir='ltr'><strong>Dei</strong></span> <span class='ocrx_word' id='word_1_664' title='bbox 2135 4067 2273 4131; x_wconf 81' lang='lat' dir='ltr'><strong>fieri,</strong></span> <span class='ocrx_word' id='word_1_665' title='bbox 2325 4066 2411 4121; x_wconf 92' lang='lat' dir='ltr'><strong>his</strong></span> <span class='ocrx_word' id='word_1_666' title='bbox 2455 4065 2547 4135; x_wconf 89' lang='lat' dir='ltr'><strong>qui</strong></span> <span class='ocrx_word' id='word_1_667' title='bbox 2596 4064 2825 4119; x_wconf 88' lang='lat' dir='ltr'><strong>credunt</strong></span> <span class='ocrx_word' id='word_1_668' title='bbox 2870 4062 2926 4116; x_wconf 92' lang='lat' dir='ltr'><strong>in</strong></span> <span class='ocrx_word' id='word_1_669' title='bbox 2985 4060 3206 4116; x_wconf 88' lang='lat' dir='ltr'><strong>nomine</strong></span> <span class='ocrx_word' id='word_1_670' title='bbox 3257 4058 3375 4127; x_wconf 87' lang='lat' dir='ltr'><strong>ejus</strong></span> <span class='ocrx_word' id='word_1_671' title='bbox 3412 4076 3428 4114; x_wconf 89' lang='lat'><strong>:</strong></span> <span class='ocrx_word' id='word_1_672' title='bbox 3460 4056 3551 4127; x_wconf 90' lang='lat' dir='ltr'><strong>qui</strong></span> 
     </span>
    </p>
   </div>
   <div class='ocr_carea' id='block_1_85' title="bbox 1982 4148 3554 4227">
    <p class='ocr_par' dir='ltr' id='par_1_85' title="bbox 1982 4148 3554 4227">
     <span class='ocr_line' id='line_1_85' title="bbox 1982 4148 3554 4227; baseline -0.007 -13"><span class='ocrx_word' id='word_1_673' title='bbox 1982 4174 2087 4215; x_wconf 89' lang='lat' dir='ltr'><strong>non</strong></span> <span class='ocrx_word' id='word_1_674' title='bbox 2134 4172 2200 4213; x_wconf 85' lang='lat' dir='ltr'><strong>ex</strong></span> <span class='ocrx_word' id='word_1_675' title='bbox 2253 4156 2632 4227; x_wconf 79' lang='lat' dir='ltr'><strong>sanguinibus,</strong></span> <span class='ocrx_word' id='word_1_676' title='bbox 2682 4167 2858 4222; x_wconf 89' lang='lat' dir='ltr'><strong>neque</strong></span> <span class='ocrx_word' id='word_1_677' title='bbox 2904 4165 2971 4205; x_wconf 81' lang='lat' dir='ltr'><strong>ex</strong></span> <span class='ocrx_word' id='word_1_678' title='bbox 3018 4150 3293 4206; x_wconf 90' lang='lat' dir='ltr'><strong>voluntate</strong></span> <span class='ocrx_word' id='word_1_679' title='bbox 3349 4148 3554 4211; x_wconf 88' lang='lat' dir='ltr'><strong>carnis,</strong></span> 
     </span>
    </p>
   </div>
   <div class='ocr_carea' id='block_1_86' title="bbox 1980 4238 3550 4318">
    <p class='ocr_par' dir='ltr' id='par_1_86' title="bbox 1980 4238 3550 4318">
     <span class='ocr_line' id='line_1_86' title="bbox 1980 4238 3550 4318; baseline -0.008 -16"><span class='ocrx_word' id='word_1_680' title='bbox 1980 4263 2157 4318; x_wconf 89' lang='lat' dir='ltr'><strong>neque</strong></span> <span class='ocrx_word' id='word_1_681' title='bbox 2187 4262 2252 4303; x_wconf 82' lang='lat' dir='ltr'><strong>ex</strong></span> <span class='ocrx_word' id='word_1_682' title='bbox 2287 4246 2566 4301; x_wconf 84' lang='lat' dir='ltr'><strong>voluntate</strong></span> <span class='ocrx_word' id='word_1_683' title='bbox 2594 4244 2720 4308; x_wconf 89' lang='lat' dir='ltr'><strong>viri,</strong></span> <span class='ocrx_word' id='word_1_684' title='bbox 2755 4243 2849 4298; x_wconf 88' lang='lat' dir='ltr'><strong>sed</strong></span> <span class='ocrx_word' id='word_1_685' title='bbox 2893 4256 2959 4297; x_wconf 78' lang='lat' dir='ltr'><strong>ex</strong></span> <span class='ocrx_word' id='word_1_686' title='bbox 2999 4241 3110 4296; x_wconf 92' lang='lat' dir='ltr'><strong>Deo</strong></span> <span class='ocrx_word' id='word_1_687' title='bbox 3138 4239 3249 4295; x_wconf 88' lang='lat' dir='ltr'><strong>nati</strong></span> <span class='ocrx_word' id='word_1_688' title='bbox 3286 4248 3413 4294; x_wconf 92' lang='lat' dir='ltr'><strong>sunt</strong></span> <span class='ocrx_word' id='word_1_689' title='bbox 3445 4238 3508 4293; x_wconf 76' lang='lat'><strong>&quot;.</strong></span> <span class='ocrx_word' id='word_1_690' title='bbox 3529 4256 3550 4289; x_wconf 73' lang='grc' dir='ltr'><strong>ι</strong></span> 
     </span>
    </p>
   </div>
   <div class='ocr_carea' id='block_1_87' title="bbox 1981 4326 3553 4391">
    <p class='ocr_par' dir='ltr' id='par_1_87' title="bbox 1981 4326 3553 4391">
     <span class='ocr_line' id='line_1_87' title="bbox 1981 4326 3553 4391; baseline -0.007 -1"><span class='ocrx_word' id='word_1_691' title='bbox 1981 4336 2177 4391; x_wconf 86' lang='lat' dir='ltr'><strong>Natum</strong></span> <span class='ocrx_word' id='word_1_692' title='bbox 2212 4345 2291 4391; x_wconf 81' lang='lat' dir='ltr'><strong>est</strong></span> <span class='ocrx_word' id='word_1_693' title='bbox 2332 4335 2476 4391; x_wconf 88' lang='lat' dir='ltr'><strong>enim</strong></span> <span class='ocrx_word' id='word_1_694' title='bbox 2525 4333 2806 4388; x_wconf 85' lang='lat' dir='ltr'><strong>nobiscum</strong></span> <span class='ocrx_word' id='word_1_695' title='bbox 2840 4330 3137 4386; x_wconf 85' lang='lat' dir='ltr'><strong>secundum</strong></span> <span class='ocrx_word' id='word_1_696' title='bbox 3176 4343 3394 4383; x_wconf 86' lang='lat' dir='ltr'><strong>carnem</strong></span> <span class='ocrx_word' id='word_1_697' title='bbox 3426 4326 3553 4380; x_wconf 88' lang='lat' dir='ltr'><strong>illud</strong></span> 
     </span>
    </p>
   </div>
   <div class='ocr_carea' id='block_1_88' title="bbox 1984 4418 3555 4490">
    <p class='ocr_par' dir='ltr' id='par_1_88' title="bbox 1984 4418 3555 4490">
     <span class='ocr_line' id='line_1_88' title="bbox 1984 4418 3555 4490; baseline -0.01 -5"><span class='ocrx_word' id='word_1_698' title='bbox 1984 4445 2048 4485; x_wconf 80' lang='lat' dir='ltr'><strong>ex</strong></span> <span class='ocrx_word' id='word_1_699' title='bbox 2089 4429 2199 4483; x_wconf 91' lang='lat' dir='ltr'><strong>Deo</strong></span> <span class='ocrx_word' id='word_1_700' title='bbox 2248 4428 2409 4481; x_wconf 83' lang='lat' dir='ltr'><strong>Patre</strong></span> <span class='ocrx_word' id='word_1_701' title='bbox 2466 4425 2736 4490; x_wconf 79' lang='lat' dir='ltr'><strong>Verbum,</strong></span> <span class='ocrx_word' id='word_1_702' title='bbox 2783 4432 2843 4476; x_wconf 94' lang='lat' dir='ltr'><strong>nt</strong></span> <span class='ocrx_word' id='word_1_703' title='bbox 2890 4436 2989 4477; x_wconf 89' lang='lat' dir='ltr'><strong>nos</strong></span> <span class='ocrx_word' id='word_1_704' title='bbox 3034 4434 3250 4489; x_wconf 85' lang='lat' dir='ltr'><strong>quoque</strong></span> <span class='ocrx_word' id='word_1_705' title='bbox 3295 4418 3442 4472; x_wconf 88' lang='lat' dir='ltr'><strong>illam</strong></span> <span class='ocrx_word' id='word_1_706' title='bbox 3487 4432 3555 4471; x_wconf 79' lang='lat' dir='ltr'><strong>ex</strong></span> 
     </span>
    </p>
   </div>
   <div class='ocr_carea' id='block_1_89' title="bbox 306 4487 1880 4588">
    <p class='ocr_par' dir='ltr' id='par_1_89' title="bbox 306 4487 1880 4588">
     <span class='ocr_line' id='line_1_89' title="bbox 306 4487 1880 4588; baseline 0.011 -52"><span class='ocrx_word' id='word_1_707' title='bbox 306 4487 613 4588; x_wconf 46' lang='lat' dir='ltr'><strong>EuOPLLEVOt</strong></span> <span class='ocrx_word' id='word_1_708' title='bbox 657 4487 714 4540; x_wconf 83' lang='grc' dir='ltr'>δὲ</span> <span class='ocrx_word' id='word_1_709' title='bbox 751 4489 950 4558; x_wconf 83' lang='grc' dir='ltr'>μᾶλλον</span> <span class='ocrx_word' id='word_1_710' title='bbox 998 4494 1077 4556; x_wconf 89' lang='grc' dir='ltr'><strong>εἰς</strong></span> <span class='ocrx_word' id='word_1_711' title='bbox 1113 4493 1181 4548; x_wconf 79' lang='grc' dir='ltr'><strong>τά</strong></span> <span class='ocrx_word' id='word_1_712' title='bbox 1226 4495 1366 4566; x_wconf 80' lang='grc' dir='ltr'>ὑπὲρ</span> <span class='ocrx_word' id='word_1_713' title='bbox 1399 4496 1580 4566; x_wconf 89' lang='grc' dir='ltr'>φύσιν,</span> <span class='ocrx_word' id='word_1_714' title='bbox 1632 4499 1725 4553; x_wconf 75' lang='grc' dir='ltr'>καὶ</span> <span class='ocrx_word' id='word_1_715' title='bbox 1775 4501 1880 4554; x_wconf 73' lang='grc' dir='ltr'>υἱοὶ</span> 
     </span>
    </p>
   </div>
   <div class='ocr_carea' id='block_1_90' title="bbox 1978 4487 3557 4588">
    <p class='ocr_par' dir='ltr' id='par_1_90' title="bbox 1992 4487 3557 4588">
     <span class='ocr_line' id='line_1_90' title="bbox 1992 4487 3557 4588; baseline -0.01 -13"><span class='ocrx_word' id='word_1_716' title='bbox 1992 4523 2100 4575; x_wconf 90' lang='lat' dir='ltr'><strong>Deo</strong></span> <span class='ocrx_word' id='word_1_717' title='bbox 2142 4534 2238 4588; x_wconf 89' lang='lat' dir='ltr'><strong>per</strong></span> <span class='ocrx_word' id='word_1_718' title='bbox 2271 4518 2523 4588; x_wconf 75' lang='lat' dir='ltr'><strong>Spiritum</strong></span> <span class='ocrx_word' id='word_1_719' title='bbox 2573 4513 2910 4568; x_wconf 82' lang='lat' dir='ltr'><strong>nativitatem</strong></span> <span class='ocrx_word' id='word_1_720' title='bbox 2947 4487 3293 4580; x_wconf 79' lang='lat' dir='ltr'><strong>acquiramus</strong></span> <span class='ocrx_word' id='word_1_721' title='bbox 3326 4523 3343 4561; x_wconf 90' lang='lat'><strong>:</strong></span> <span class='ocrx_word' id='word_1_722' title='bbox 3379 4521 3557 4576; x_wconf 88' lang='lat' dir='ltr'><strong>neque</strong></span> 
     </span>
    </p>
   </div>
   <div class='ocr_carea' id='block_1_91' title="bbox 300 4570 1881 4658">
    <p class='ocr_par' dir='ltr' id='par_1_91' title="bbox 300 4570 1881 4658">
     <span class='ocr_line' id='line_1_91' title="bbox 300 4570 1881 4658; baseline 0.011 -35"><span class='ocrx_word' id='word_1_723' title='bbox 300 4570 444 4625; x_wconf 87' lang='grc' dir='ltr'>Θεοῦ</span> <span class='ocrx_word' id='word_1_724' title='bbox 475 4577 901 4645; x_wconf 80' lang='grc' dir='ltr'>χρηματίζοντες</span> <span class='ocrx_word' id='word_1_725' title='bbox 932 4581 1075 4635; x_wconf 88' lang='grc' dir='ltr'><strong>κατά</strong></span> <span class='ocrx_word' id='word_1_726' title='bbox 1104 4582 1281 4653; x_wconf 81' lang='grc' dir='ltr'>χάριν.</span> <span class='ocrx_word' id='word_1_727' title='bbox 1308 4584 1505 4653; x_wconf 82' lang='grc' dir='ltr'>Γέγονε</span> <span class='ocrx_word' id='word_1_728' title='bbox 1547 4587 1655 4658; x_wconf 77' lang='grc' dir='ltr'><strong>γὰρ</strong></span> <span class='ocrx_word' id='word_1_729' title='bbox 1696 4587 1770 4652; x_wconf 85' lang='grc' dir='ltr'><strong>ὡς</strong></span> <span class='ocrx_word' id='word_1_730' title='bbox 1801 4584 1881 4653; x_wconf 77' lang='grc' dir='ltr'>εἷς</span> 
     </span>
    </p>
   </div>
   <div class='ocr_carea' id='block_1_92' title="bbox 295 4661 1879 4750">
    <p class='ocr_par' dir='ltr' id='par_1_92' title="bbox 295 4661 1879 4750">
     <span class='ocr_line' id='line_1_92' title="bbox 295 4661 1879 4750; baseline 0.013 -37"><span class='ocrx_word' id='word_1_731' title='bbox 295 4661 364 4728; x_wconf 68' lang='grc' dir='ltr'>ἐξ</span> <span class='ocrx_word' id='word_1_732' title='bbox 394 4663 569 4733; x_wconf 74' lang='grc' dir='ltr'>ἡμῶν,</span> <span class='ocrx_word' id='word_1_733' title='bbox 594 4668 623 4719; x_wconf 89' lang='grc' dir='ltr'><strong>ό</strong></span> <span class='ocrx_word' id='word_1_734' title='bbox 651 4668 792 4721; x_wconf 85' lang='grc' dir='ltr'><strong>κατά</strong></span> <span class='ocrx_word' id='word_1_735' title='bbox 831 4668 993 4739; x_wconf 88' lang='grc' dir='ltr'>φύσιν</span> <span class='ocrx_word' id='word_1_736' title='bbox 1022 4673 1114 4727; x_wconf 78' lang='grc' dir='ltr'>καὶ</span> <span class='ocrx_word' id='word_1_737' title='bbox 1155 4674 1373 4746; x_wconf 83' lang='grc' dir='ltr'>ἀληθῶς</span> <span class='ocrx_word' id='word_1_738' title='bbox 1397 4676 1525 4741; x_wconf 80' lang='grc' dir='ltr'>Υἰδς</span> <span class='ocrx_word' id='word_1_739' title='bbox 1562 4678 1879 4750; x_wconf 80' lang='grc' dir='ltr'>μονογενὴς,</span> 
     </span>
    </p>
   </div>
   <div class='ocr_carea' id='block_1_93' title="bbox 299 4754 1881 4840">
    <p class='ocr_par' dir='ltr' id='par_1_93' title="bbox 299 4754 1881 4840">
     <span class='ocr_line' id='line_1_93' title="bbox 299 4754 1881 4840; baseline 0.013 -37"><span class='ocrx_word' id='word_1_740' title='bbox 299 4754 400 4808; x_wconf 70' lang='grc' dir='ltr'>καὶ</span> <span class='ocrx_word' id='word_1_741' title='bbox 422 4755 655 4826; x_wconf 81' lang='grc' dir='ltr'>ἀψευδὴς</span> <span class='ocrx_word' id='word_1_742' title='bbox 674 4759 703 4811; x_wconf 92' lang='lat'><strong>6</strong></span> <span class='ocrx_word' id='word_1_743' title='bbox 736 4757 893 4827; x_wconf 88' lang='grc' dir='ltr'>λόγος</span> <span class='ocrx_word' id='word_1_744' title='bbox 912 4776 926 4791; x_wconf 78' lang='grc'><em>’</em></span> <span class='ocrx_word' id='word_1_745' title='bbox 955 4760 1289 4816; x_wconf 82' lang='grc' dir='ltr'>πιστώσεται</span> <span class='ocrx_word' id='word_1_746' title='bbox 1312 4764 1370 4817; x_wconf 81' lang='grc' dir='ltr'>δὲ</span> <span class='ocrx_word' id='word_1_747' title='bbox 1396 4765 1531 4837; x_wconf 85' lang='grc' dir='ltr'>πρὸς</span> <span class='ocrx_word' id='word_1_748' title='bbox 1557 4767 1712 4821; x_wconf 86' lang='grc' dir='ltr'>τοῦτο</span> <span class='ocrx_word' id='word_1_749' title='bbox 1736 4771 1881 4840; x_wconf 81' lang='grc' dir='ltr'>ἡμᾶς</span> 
     </span>
    </p>
   </div>
   <div class='ocr_carea' id='block_1_94' title="bbox 297 4844 1881 4924">
    <p class='ocr_par' dir='ltr' id='par_1_94' title="bbox 297 4844 1881 4924">
     <span class='ocr_line' id='line_1_94' title="bbox 297 4844 1881 4924; baseline 0.011 -27"><span class='ocrx_word' id='word_1_750' title='bbox 297 4846 330 4897; x_wconf 90' lang='lat'><strong>6</strong></span> <span class='ocrx_word' id='word_1_751' title='bbox 365 4844 653 4910; x_wconf 79' lang='grc' dir='ltr'>Θεσπέσιος</span> <span class='ocrx_word' id='word_1_752' title='bbox 684 4849 916 4916; x_wconf 88' lang='grc' dir='ltr'>Παῦλος,</span> <span class='ocrx_word' id='word_1_753' title='bbox 941 4851 1038 4907; x_wconf 85' lang='grc' dir='ltr'><strong>ὡδί</strong></span> <span class='ocrx_word' id='word_1_754' title='bbox 1070 4871 1172 4908; x_wconf 87' lang='grc' dir='ltr'><strong>που</strong></span> <span class='ocrx_word' id='word_1_755' title='bbox 1203 4855 1410 4924; x_wconf 81' lang='grc' dir='ltr'>λέγων’</span> <span class='ocrx_word' id='word_1_756' title='bbox 1448 4878 1467 4910; x_wconf 77' lang='grc' dir='ltr'><strong>ι</strong></span> <span class='ocrx_word' id='word_1_757' title='bbox 1494 4858 1614 4912; x_wconf 82' lang='grc' dir='ltr'>’Ότι</span> <span class='ocrx_word' id='word_1_758' title='bbox 1658 4859 1717 4913; x_wconf 81' lang='grc' dir='ltr'>δέ</span> <span class='ocrx_word' id='word_1_759' title='bbox 1758 4863 1881 4914; x_wconf 79' lang='grc' dir='ltr'>ἐστε</span> 
     </span>
    </p>
   </div>
   <div class='ocr_carea' id='block_1_95' title="bbox 297 4934 1880 5020">
    <p class='ocr_par' dir='ltr' id='par_1_95' title="bbox 297 4934 1880 5020">
     <span class='ocr_line' id='line_1_95' title="bbox 297 4934 1880 5020; baseline 0.011 -30"><span class='ocrx_word' id='word_1_760' title='bbox 297 4934 434 5001; x_wconf 74' lang='grc' dir='ltr'>υἱοὶ,</span> <span class='ocrx_word' id='word_1_761' title='bbox 468 4939 849 5004; x_wconf 79' lang='grc' dir='ltr'>ἐξαπέστειλεν</span> <span class='ocrx_word' id='word_1_762' title='bbox 874 4944 903 4996; x_wconf 92' lang='lat'><strong>6</strong></span> <span class='ocrx_word' id='word_1_763' title='bbox 933 4945 1067 5010; x_wconf 84' lang='grc' dir='ltr'>Θεὸς</span> <span class='ocrx_word' id='word_1_764' title='bbox 1095 4947 1155 5002; x_wconf 82' lang='grc' dir='ltr'>τὸ</span> <span class='ocrx_word' id='word_1_765' title='bbox 1179 4948 1404 5020; x_wconf 85' lang='grc' dir='ltr'>Πνεῦμα</span> <span class='ocrx_word' id='word_1_766' title='bbox 1432 4950 1526 5004; x_wconf 89' lang='grc' dir='ltr'><strong>τοῦ</strong></span> <span class='ocrx_word' id='word_1_767' title='bbox 1554 4951 1685 5005; x_wconf 90' lang='grc' dir='ltr'>Υἰοῦ</span> <span class='ocrx_word' id='word_1_768' title='bbox 1714 4953 1880 5007; x_wconf 81' lang='grc' dir='ltr'>αὐτοῦ</span> 
     </span>
    </p>
   </div>
   <div class='ocr_carea' id='block_1_96' title="bbox 298 5026 1875 5116">
    <p class='ocr_par' dir='ltr' id='par_1_96' title="bbox 298 5026 1875 5116">
     <span class='ocr_line' id='line_1_96' title="bbox 298 5026 1875 5116; baseline 0.013 -39"><span class='ocrx_word' id='word_1_769' title='bbox 298 5026 387 5089; x_wconf 86' lang='grc' dir='ltr'><strong>είς</strong></span> <span class='ocrx_word' id='word_1_770' title='bbox 433 5027 531 5091; x_wconf 67' lang='grc' dir='ltr'>τὰς</span> <span class='ocrx_word' id='word_1_771' title='bbox 562 5031 787 5101; x_wconf 80' lang='grc' dir='ltr'>καρδίας</span> <span class='ocrx_word' id='word_1_772' title='bbox 820 5034 994 5105; x_wconf 77' lang='grc' dir='ltr'>ὑμῶν,</span> <span class='ocrx_word' id='word_1_773' title='bbox 1046 5038 1271 5108; x_wconf 73' lang='grc' dir='ltr'>κρᾶζον,</span> <span class='ocrx_word' id='word_1_774' title='bbox 1320 5041 1517 5107; x_wconf 79' lang='grc' dir='ltr'>Ἀϐϐᾶ,</span> <span class='ocrx_word' id='word_1_775' title='bbox 1561 5045 1589 5097; x_wconf 88' lang='grc' dir='ltr'>ὁ</span> <span class='ocrx_word' id='word_1_776' title='bbox 1618 5045 1827 5116; x_wconf 82' lang='grc' dir='ltr'>Πατήρ.</span> <span class='ocrx_word' id='word_1_777' title='bbox 1857 5064 1875 5097; x_wconf 74' lang='grc' dir='ltr'><strong>ι</strong></span> 
     </span>
    </p>
   </div>
   <div class='ocr_carea' id='block_1_97' title="bbox 301 5116 1879 5202">
    <p class='ocr_par' dir='ltr' id='par_1_97' title="bbox 301 5116 1879 5202">
     <span class='ocr_line' id='line_1_97' title="bbox 301 5116 1879 5202; baseline 0.016 -35"><span class='ocrx_word' id='word_1_778' title='bbox 301 5116 370 5168; x_wconf 86' lang='grc' dir='ltr'>Τί</span> <span class='ocrx_word' id='word_1_779' title='bbox 400 5119 576 5173; x_wconf 82' lang='grc' dir='ltr'>τοίνυν</span> <span class='ocrx_word' id='word_1_780' title='bbox 604 5121 874 5197; x_wconf 81' lang='grc' dir='ltr'>ἀποϐιάζῃ</span> <span class='ocrx_word' id='word_1_781' title='bbox 906 5128 1005 5198; x_wconf 85' lang='grc' dir='ltr'>τῆς</span> <span class='ocrx_word' id='word_1_782' title='bbox 1030 5130 1344 5202; x_wconf 81' lang='grc' dir='ltr'>οἰκονομίας</span> <span class='ocrx_word' id='word_1_783' title='bbox 1379 5135 1439 5187; x_wconf 78' lang='grc' dir='ltr'>τὸ</span> <span class='ocrx_word' id='word_1_784' title='bbox 1493 5136 1676 5201; x_wconf 80' lang='grc' dir='ltr'>σοφὸν,</span> <span class='ocrx_word' id='word_1_785' title='bbox 1706 5138 1787 5201; x_wconf 89' lang='grc' dir='ltr'><strong>εἰς</strong></span> <span class='ocrx_word' id='word_1_786' title='bbox 1818 5138 1879 5191; x_wconf 85' lang='grc' dir='ltr'>τὸ</span> 
     </span>
    </p>
   </div>
   <div class='ocr_carea' id='block_1_98' title="bbox 304 5207 1882 5305">
    <p class='ocr_par' dir='ltr' id='par_1_98' title="bbox 304 5207 1882 5305">
     <span class='ocr_line' id='line_1_98' title="bbox 304 5207 1882 5305; baseline 0.011 -39"><span class='ocrx_word' id='word_1_787' title='bbox 304 5207 398 5305; x_wconf 42' lang='grc' dir='ltr'>μὴ</span> <span class='ocrx_word' id='word_1_788' title='bbox 532 5212 829 5305; x_wconf 81' lang='grc' dir='ltr'>τῷ</span> <span class='ocrx_word' id='word_1_789' title='bbox 877 5218 1050 5273; x_wconf 79' lang='grc' dir='ltr'>δέοντι</span> <span class='ocrx_word' id='word_1_790' title='bbox 1100 5222 1428 5292; x_wconf 79' lang='grc' dir='ltr'>πεποιῆσθαι</span> <span class='ocrx_word' id='word_1_791' title='bbox 1458 5225 1655 5292; x_wconf 87' lang='grc' dir='ltr'>δοκεῖν,</span> <span class='ocrx_word' id='word_1_792' title='bbox 1698 5227 1788 5283; x_wconf 89' lang='grc' dir='ltr'><strong>διά</strong></span> <span class='ocrx_word' id='word_1_793' title='bbox 1819 5246 1882 5297; x_wconf 87' lang='grc' dir='ltr'><strong>γε</strong></span> 
     </span>
    </p>
   </div>
   <div class='ocr_carea' id='block_1_99' title="bbox 298 5295 1880 5383">
    <p class='ocr_par' dir='ltr' id='par_1_99' title="bbox 298 5295 1880 5383">
     <span class='ocr_line' id='line_1_99' title="bbox 298 5295 1880 5383; baseline 0.014 -38"><span class='ocrx_word' id='word_1_794' title='bbox 298 5295 401 5347; x_wconf 84' lang='grc' dir='ltr'><strong>τοῦ</strong></span> <span class='ocrx_word' id='word_1_795' title='bbox 441 5295 641 5365; x_wconf 78' lang='grc' dir='ltr'>λέγειν,</span> <span class='ocrx_word' id='word_1_796' title='bbox 662 5302 751 5371; x_wconf 83' lang='grc' dir='ltr'><strong>Μὴ</strong></span> <span class='ocrx_word' id='word_1_797' title='bbox 794 5306 1016 5375; x_wconf 83' lang='grc' dir='ltr'>σπέρμα</span> <span class='ocrx_word' id='word_1_798' title='bbox 1052 5306 1145 5359; x_wconf 87' lang='grc' dir='ltr'><strong>τοῦ</strong></span> <span class='ocrx_word' id='word_1_799' title='bbox 1181 5308 1492 5381; x_wconf 75' lang='grc' dir='ltr'>Ἀϐραάμή</span> <span class='ocrx_word' id='word_1_800' title='bbox 1526 5311 1743 5382; x_wconf 78' lang='grc' dir='ltr'>θεότηςς</span> <span class='ocrx_word' id='word_1_801' title='bbox 1789 5295 1880 5383; x_wconf 76' lang='grc' dir='ltr'><strong>Μὴ</strong></span> 
     </span>
    </p>
   </div>
   <div class='ocr_carea' id='block_1_100' title="bbox 296 5385 1883 5475">
    <p class='ocr_par' dir='ltr' id='par_1_100' title="bbox 296 5385 1883 5475">
     <span class='ocr_line' id='line_1_100' title="bbox 296 5385 1883 5475; baseline 0.014 -39"><span class='ocrx_word' id='word_1_802' title='bbox 296 5387 369 5456; x_wconf 73' lang='grc' dir='ltr'>τῇ</span> <span class='ocrx_word' id='word_1_803' title='bbox 402 5385 618 5459; x_wconf 86' lang='grc' dir='ltr'>θεότητι</span> <span class='ocrx_word' id='word_1_804' title='bbox 646 5392 798 5455; x_wconf 81' lang='grc' dir='ltr'>τινάς</span> <span class='ocrx_word' id='word_1_805' title='bbox 825 5393 982 5464; x_wconf 79' lang='grc' dir='ltr'>ἔσχεν</span> <span class='ocrx_word' id='word_1_806' title='bbox 1011 5398 1273 5467; x_wconf 81' lang='grc' dir='ltr'>ἀδελφοὺς</span> <span class='ocrx_word' id='word_1_807' title='bbox 1303 5402 1546 5466; x_wconf 85' lang='grc' dir='ltr'>ἐοικότας</span> <span class='ocrx_word' id='word_1_808' title='bbox 1570 5420 1584 5470; x_wconf 90' lang='grc'><strong>;</strong></span> <span class='ocrx_word' id='word_1_809' title='bbox 1612 5400 1758 5475; x_wconf 74' lang='grc' dir='ltr'>’Δρα</span> <span class='ocrx_word' id='word_1_810' title='bbox 1782 5406 1883 5459; x_wconf 78' lang='grc' dir='ltr'><strong>οὐκ</strong></span> 
     </span>
    </p>
   </div>
   <div class='ocr_carea' id='block_1_101' title="bbox 297 5477 1880 5564">
    <p class='ocr_par' dir='ltr' id='par_1_101' title="bbox 297 5477 1880 5564">
     <span class='ocr_line' id='line_1_101' title="bbox 297 5477 1880 5564; baseline 0.015 -35"><span class='ocrx_word' id='word_1_811' title='bbox 297 5477 541 5549; x_wconf 72' lang='grc' dir='ltr'>ἐναργὴς</span> <span class='ocrx_word' id='word_1_812' title='bbox 573 5481 883 5554; x_wconf 78' lang='grc' dir='ltr'>άποπληξία</span> <span class='ocrx_word' id='word_1_813' title='bbox 910 5485 1068 5542; x_wconf 68' lang='grc' dir='ltr'>τοῦτό</span> <span class='ocrx_word' id='word_1_814' title='bbox 1094 5506 1155 5558; x_wconf 88' lang='grc' dir='ltr'><strong>γε</strong></span> <span class='ocrx_word' id='word_1_815' title='bbox 1178 5506 1192 5551; x_wconf 84' lang='lat'><strong>;</strong></span> <span class='ocrx_word' id='word_1_816' title='bbox 1223 5492 1297 5546; x_wconf 74' lang='grc' dir='ltr'><strong>Τὸ</strong></span> <span class='ocrx_word' id='word_1_817' title='bbox 1342 5493 1449 5564; x_wconf 84' lang='lat'><strong>7&amp;9</strong></span> <span class='ocrx_word' id='word_1_818' title='bbox 1476 5495 1720 5560; x_wconf 80' lang='grc' dir='ltr'>ἐκτόπως</span> <span class='ocrx_word' id='word_1_819' title='bbox 1747 5496 1880 5551; x_wconf 82' lang='grc' dir='ltr'>ἀνα·</span> 
     </span>
    </p>
   </div>
   <div class='ocr_carea' id='block_1_102' title="bbox 1981 4603 3553 4682">
    <p class='ocr_par' dir='ltr' id='par_1_102' title="bbox 1981 4603 3553 4682">
     <span class='ocr_line' id='line_1_102' title="bbox 1981 4603 3553 4682; baseline -0.011 -16"><span class='ocrx_word' id='word_1_820' title='bbox 1981 4613 2095 4682; x_wconf 83' lang='lat' dir='ltr'><strong>jam</strong></span> <span class='ocrx_word' id='word_1_821' title='bbox 2138 4610 2319 4665; x_wconf 89' lang='lat' dir='ltr'><strong>carnis</strong></span> <span class='ocrx_word' id='word_1_822' title='bbox 2366 4608 2459 4662; x_wconf 86' lang='lat' dir='ltr'><strong>filii</strong></span> <span class='ocrx_word' id='word_1_823' title='bbox 2496 4607 2704 4671; x_wconf 90' lang='lat' dir='ltr'><strong>simus,</strong></span> <span class='ocrx_word' id='word_1_824' title='bbox 2740 4604 2836 4659; x_wconf 86' lang='lat' dir='ltr'><strong>sed</strong></span> <span class='ocrx_word' id='word_1_825' title='bbox 2874 4603 2925 4657; x_wconf 87' lang='lat' dir='ltr'><strong>iu</strong></span> <span class='ocrx_word' id='word_1_826' title='bbox 2963 4605 3034 4665; x_wconf 60' lang='lat' dir='ltr'><strong>lea</strong></span> <span class='ocrx_word' id='word_1_827' title='bbox 3080 4614 3200 4669; x_wconf 72' lang='lat' dir='ltr'><strong>qua:</strong></span> <span class='ocrx_word' id='word_1_828' title='bbox 3240 4613 3404 4667; x_wconf 89' lang='lat' dir='ltr'><strong>supra</strong></span> <span class='ocrx_word' id='word_1_829' title='bbox 3454 4613 3553 4650; x_wconf 87' lang='lat' dir='ltr'><strong>na-</strong></span> 
     </span>
    </p>
   </div>
   <div class='ocr_carea' id='block_1_103' title="bbox 1985 4687 3553 4759">
    <p class='ocr_par' dir='ltr' id='par_1_103' title="bbox 1985 4687 3553 4759">
     <span class='ocr_line' id='line_1_103' title="bbox 1985 4687 3553 4759; baseline -0.01 -5"><span class='ocrx_word' id='word_1_830' title='bbox 1985 4713 2162 4754; x_wconf 83' lang='lat' dir='ltr'><strong>turam</strong></span> <span class='ocrx_word' id='word_1_831' title='bbox 2217 4707 2342 4753; x_wconf 92' lang='lat' dir='ltr'><strong>sunt</strong></span> <span class='ocrx_word' id='word_1_832' title='bbox 2391 4697 2768 4759; x_wconf 86' lang='lat' dir='ltr'><strong>immnlemur,</strong></span> <span class='ocrx_word' id='word_1_833' title='bbox 2818 4702 2874 4747; x_wconf 90' lang='lat' dir='ltr'><strong>et</strong></span> <span class='ocrx_word' id='word_1_834' title='bbox 2915 4692 3007 4745; x_wconf 86' lang='lat' dir='ltr'><strong>filii</strong></span> <span class='ocrx_word' id='word_1_835' title='bbox 3047 4690 3141 4745; x_wconf 93' lang='lat' dir='ltr'><strong>Dei</strong></span> <span class='ocrx_word' id='word_1_836' title='bbox 3186 4703 3282 4759; x_wconf 85' lang='lat' dir='ltr'><strong>per</strong></span> <span class='ocrx_word' id='word_1_837' title='bbox 3324 4687 3553 4758; x_wconf 78' lang='lat' dir='ltr'><strong>gratiam</strong></span> 
     </span>
    </p>
   </div>
   <div class='ocr_carea' id='block_1_104' title="bbox 1983 4777 3557 4848">
    <p class='ocr_par' dir='ltr' id='par_1_104' title="bbox 1983 4777 3557 4848">
     <span class='ocr_line' id='line_1_104' title="bbox 1983 4777 3557 4848; baseline -0.011 0"><span class='ocrx_word' id='word_1_838' title='bbox 1983 4795 2155 4848; x_wconf 90' lang='lat' dir='ltr'><strong>simus</strong></span> <span class='ocrx_word' id='word_1_839' title='bbox 2180 4808 2194 4845; x_wconf 90' lang='lat'>:</span> <span class='ocrx_word' id='word_1_840' title='bbox 2221 4789 2396 4844; x_wconf 83' lang='lat' dir='ltr'><strong>factus</strong></span> <span class='ocrx_word' id='word_1_841' title='bbox 2422 4796 2504 4843; x_wconf 89' lang='lat' dir='ltr'><strong>est</strong></span> <span class='ocrx_word' id='word_1_842' title='bbox 2533 4786 2675 4841; x_wconf 89' lang='lat' dir='ltr'><strong>enim</strong></span> <span class='ocrx_word' id='word_1_843' title='bbox 2710 4794 2769 4839; x_wconf 91' lang='lat' dir='ltr'><strong>ut</strong></span> <span class='ocrx_word' id='word_1_844' title='bbox 2802 4797 2940 4838; x_wconf 90' lang='lat' dir='ltr'><strong>unus</strong></span> <span class='ocrx_word' id='word_1_845' title='bbox 2965 4798 2996 4837; x_wconf 91' lang='lat' dir='ltr'><strong>e</strong></span> <span class='ocrx_word' id='word_1_846' title='bbox 3024 4780 3205 4847; x_wconf 88' lang='lat' dir='ltr'><strong>nobis,</strong></span> <span class='ocrx_word' id='word_1_847' title='bbox 3240 4777 3329 4832; x_wconf 87' lang='lat' dir='ltr'><strong>ille</strong></span> <span class='ocrx_word' id='word_1_848' title='bbox 3359 4792 3557 4832; x_wconf 87' lang='lat' dir='ltr'><strong>secun-</strong></span> 
     </span>
    </p>
   </div>
   <div class='ocr_carea' id='block_1_105' title="bbox 1983 4868 3555 4941">
    <p class='ocr_par' dir='ltr' id='par_1_105' title="bbox 1983 4868 3555 4941">
     <span class='ocr_line' id='line_1_105' title="bbox 1983 4868 3555 4941; baseline -0.011 -3"><span class='ocrx_word' id='word_1_849' title='bbox 1983 4884 2109 4938; x_wconf 89' lang='lat' dir='ltr'><strong>dum</strong></span> <span class='ocrx_word' id='word_1_850' title='bbox 2131 4891 2378 4936; x_wconf 86' lang='lat' dir='ltr'><strong>naturam</strong></span> <span class='ocrx_word' id='word_1_851' title='bbox 2407 4891 2471 4932; x_wconf 90' lang='lat' dir='ltr'><strong>ac</strong></span> <span class='ocrx_word' id='word_1_852' title='bbox 2494 4891 2622 4932; x_wconf 85' lang='lat' dir='ltr'><strong>vere</strong></span> <span class='ocrx_word' id='word_1_853' title='bbox 2642 4874 2812 4930; x_wconf 86' lang='lat' dir='ltr'><strong>Filius</strong></span> <span class='ocrx_word' id='word_1_854' title='bbox 2846 4872 3163 4941; x_wconf 83' lang='lat' dir='ltr'><strong>unigenitns</strong></span> <span class='ocrx_word' id='word_1_855' title='bbox 3201 4886 3220 4926; x_wconf 88' lang='lat'><strong>:</strong></span> <span class='ocrx_word' id='word_1_856' title='bbox 3263 4868 3408 4938; x_wconf 91' lang='lat' dir='ltr'><strong>quod</strong></span> <span class='ocrx_word' id='word_1_857' title='bbox 3430 4882 3555 4922; x_wconf 87' lang='lat' dir='ltr'><strong>cum</strong></span> 
     </span>
    </p>
   </div>
   <div class='ocr_carea' id='block_1_106' title="bbox 1986 4960 3548 5037">
    <p class='ocr_par' dir='ltr' id='par_1_106' title="bbox 1986 4960 3548 5037">
     <span class='ocr_line' id='line_1_106' title="bbox 1986 4960 3548 5037; baseline -0.01 -9"><span class='ocrx_word' id='word_1_858' title='bbox 1986 4973 2267 5028; x_wconf 89' lang='lat' dir='ltr'><strong>verissime</strong></span> <span class='ocrx_word' id='word_1_859' title='bbox 2298 4971 2530 5034; x_wconf 86' lang='lat' dir='ltr'><strong>dicatur,</strong></span> <span class='ocrx_word' id='word_1_860' title='bbox 2561 4969 2720 5022; x_wconf 86' lang='lat' dir='ltr'><strong>fidem</strong></span> <span class='ocrx_word' id='word_1_861' title='bbox 2756 4975 3017 5037; x_wconf 68' lang='lat' dir='ltr'><strong>praeterea</strong></span> <span class='ocrx_word' id='word_1_862' title='bbox 3050 4962 3207 5018; x_wconf 89' lang='lat' dir='ltr'><strong>nobis</strong></span> <span class='ocrx_word' id='word_1_863' title='bbox 3246 4960 3376 5015; x_wconf 84' lang='lat' dir='ltr'><strong>facit</strong></span> <span class='ocrx_word' id='word_1_864' title='bbox 3422 4960 3548 5014; x_wconf 87' lang='lat' dir='ltr'><strong>bea-</strong></span> 
     </span>
    </p>
   </div>
   <div class='ocr_carea' id='block_1_107' title="bbox 1989 5048 3555 5122">
    <p class='ocr_par' dir='ltr' id='par_1_107' title="bbox 1989 5048 3555 5122">
     <span class='ocr_line' id='line_1_107' title="bbox 1989 5048 3555 5122; baseline -0.012 0"><span class='ocrx_word' id='word_1_865' title='bbox 1989 5077 2077 5122; x_wconf 92' lang='lat' dir='ltr'><strong>tus</strong></span> <span class='ocrx_word' id='word_1_866' title='bbox 2105 5062 2301 5120; x_wconf 86' lang='lat' dir='ltr'><strong>Paulus</strong></span> <span class='ocrx_word' id='word_1_867' title='bbox 2330 5062 2414 5116; x_wconf 91' lang='lat' dir='ltr'><strong>his</strong></span> <span class='ocrx_word' id='word_1_868' title='bbox 2442 5060 2554 5115; x_wconf 89' lang='lat' dir='ltr'><strong>fere</strong></span> <span class='ocrx_word' id='word_1_869' title='bbox 2578 5058 2757 5114; x_wconf 86' lang='lat' dir='ltr'><strong>verbis</strong></span> <span class='ocrx_word' id='word_1_870' title='bbox 2781 5070 2797 5110; x_wconf 90' lang='lat'><strong>:</strong></span> <span class='ocrx_word' id='word_1_871' title='bbox 2832 5073 2851 5107; x_wconf 77' lang='grc' dir='ltr'><strong>ι</strong></span> <span class='ocrx_word' id='word_1_872' title='bbox 2888 5054 3167 5122; x_wconf 83' lang='lat' dir='ltr'><strong>Quoniam</strong></span> <span class='ocrx_word' id='word_1_873' title='bbox 3207 5060 3391 5107; x_wconf 89' lang='lat' dir='ltr'><strong>autem</strong></span> <span class='ocrx_word' id='word_1_874' title='bbox 3420 5048 3555 5105; x_wconf 91' lang='lat' dir='ltr'><strong>estis</strong></span> 
     </span>
    </p>
   </div>
   <div class='ocr_carea' id='block_1_108' title="bbox 1988 5144 3550 5221">
    <p class='ocr_par' dir='ltr' id='par_1_108' title="bbox 1988 5144 3550 5221">
     <span class='ocr_line' id='line_1_108' title="bbox 1988 5144 3550 5221; baseline -0.011 -9"><span class='ocrx_word' id='word_1_875' title='bbox 1988 5158 2105 5221; x_wconf 85' lang='lat' dir='ltr'><strong>filii,</strong></span> <span class='ocrx_word' id='word_1_876' title='bbox 2130 5153 2277 5210; x_wconf 92' lang='lat' dir='ltr'><strong>misit</strong></span> <span class='ocrx_word' id='word_1_877' title='bbox 2306 5151 2456 5207; x_wconf 91' lang='lat' dir='ltr'><strong>Dens</strong></span> <span class='ocrx_word' id='word_1_878' title='bbox 2478 5150 2739 5219; x_wconf 89' lang='lat' dir='ltr'><strong>Spiritum</strong></span> <span class='ocrx_word' id='word_1_879' title='bbox 2783 5146 2901 5203; x_wconf 84' lang='lat' dir='ltr'><strong>Filii</strong></span> <span class='ocrx_word' id='word_1_880' title='bbox 2932 5146 3016 5202; x_wconf 90' lang='lat' dir='ltr'><strong>sui</strong></span> <span class='ocrx_word' id='word_1_881' title='bbox 3041 5146 3093 5201; x_wconf 93' lang='lat' dir='ltr'><strong>in</strong></span> <span class='ocrx_word' id='word_1_882' title='bbox 3145 5144 3313 5200; x_wconf 89' lang='lat' dir='ltr'><strong>corda</strong></span> <span class='ocrx_word' id='word_1_883' title='bbox 3361 5152 3550 5198; x_wconf 82' lang='lat' dir='ltr'><strong>nostra</strong></span> 
     </span>
    </p>
   </div>
   <div class='ocr_carea' id='block_1_109' title="bbox 1985 5232 3547 5309">
    <p class='ocr_par' dir='ltr' id='par_1_109' title="bbox 1985 5232 3547 5309">
     <span class='ocr_line' id='line_1_109' title="bbox 1985 5232 3547 5309; baseline -0.012 -5"><span class='ocrx_word' id='word_1_884' title='bbox 1985 5249 2330 5309; x_wconf 87' lang='lat' dir='ltr'><strong>clamantem,</strong></span> <span class='ocrx_word' id='word_1_885' title='bbox 2355 5242 2505 5297; x_wconf 90' lang='lat' dir='ltr'><strong>Abba</strong></span> <span class='ocrx_word' id='word_1_886' title='bbox 2533 5241 2691 5294; x_wconf 86' lang='lat' dir='ltr'><strong>Pater</strong></span> <span class='ocrx_word' id='word_1_887' title='bbox 2713 5238 2781 5295; x_wconf 84' lang='lat'><strong>&quot;.</strong></span> <span class='ocrx_word' id='word_1_888' title='bbox 2814 5256 2833 5291; x_wconf 70' lang='grc' dir='ltr'><strong>ι</strong></span> <span class='ocrx_word' id='word_1_889' title='bbox 2862 5236 2972 5292; x_wconf 85' lang='lat' dir='ltr'><strong>Cur</strong></span> <span class='ocrx_word' id='word_1_890' title='bbox 3002 5236 3167 5308; x_wconf 82' lang='lat' dir='ltr'><strong>igitur</strong></span> <span class='ocrx_word' id='word_1_891' title='bbox 3196 5232 3547 5305; x_wconf 87' lang='lat' dir='ltr'><strong>sapientissi-</strong></span> 
     </span>
    </p>
   </div>
   <div class='ocr_carea' id='block_1_110' title="bbox 1986 5323 3555 5405">
    <p class='ocr_par' dir='ltr' id='par_1_110' title="bbox 1986 5323 3555 5405">
     <span class='ocr_line' id='line_1_110' title="bbox 1986 5323 3555 5405; baseline -0.011 -12"><span class='ocrx_word' id='word_1_892' title='bbox 1986 5353 2127 5393; x_wconf 89' lang='lat' dir='ltr'><strong>mam</strong></span> <span class='ocrx_word' id='word_1_893' title='bbox 2163 5333 2618 5405; x_wconf 87' lang='lat' dir='ltr'><strong>dispensationem</strong></span> <span class='ocrx_word' id='word_1_894' title='bbox 2647 5345 2742 5400; x_wconf 91' lang='lat' dir='ltr'><strong>per</strong></span> <span class='ocrx_word' id='word_1_895' title='bbox 2768 5331 2875 5384; x_wconf 90' lang='lat' dir='ltr'><strong>vim</strong></span> <span class='ocrx_word' id='word_1_896' title='bbox 2902 5344 2967 5385; x_wconf 91' lang='lat' dir='ltr'><strong>eo</strong></span> <span class='ocrx_word' id='word_1_897' title='bbox 3005 5330 3322 5396; x_wconf 88' lang='lat' dir='ltr'><strong>detorqnes,</strong></span> <span class='ocrx_word' id='word_1_898' title='bbox 3362 5333 3423 5379; x_wconf 92' lang='lat' dir='ltr'><strong>ut</strong></span> <span class='ocrx_word' id='word_1_899' title='bbox 3454 5323 3555 5376; x_wconf 60' lang='lat' dir='ltr'><strong>mi.</strong></span> 
     </span>
    </p>
   </div>
   <div class='ocr_carea' id='block_1_111' title="bbox 1986 5412 3545 5494">
    <p class='ocr_par' dir='ltr' id='par_1_111' title="bbox 1986 5412 3545 5494">
     <span class='ocr_line' id='line_1_111' title="bbox 1986 5412 3545 5494; baseline -0.013 -10"><span class='ocrx_word' id='word_1_900' title='bbox 1986 5443 2087 5484; x_wconf 91' lang='lat' dir='ltr'><strong>nus</strong></span> <span class='ocrx_word' id='word_1_901' title='bbox 2108 5428 2361 5482; x_wconf 87' lang='lat' dir='ltr'><strong>decenter</strong></span> <span class='ocrx_word' id='word_1_902' title='bbox 2386 5432 2538 5494; x_wconf 76' lang='lat' dir='ltr'><strong>gesta</strong></span> <span class='ocrx_word' id='word_1_903' title='bbox 2577 5436 2695 5477; x_wconf 88' lang='lat' dir='ltr'><strong>esse</strong></span> <span class='ocrx_word' id='word_1_904' title='bbox 2719 5420 2987 5484; x_wconf 88' lang='lat' dir='ltr'><strong>videatur,</strong></span> <span class='ocrx_word' id='word_1_905' title='bbox 3028 5419 3157 5473; x_wconf 89' lang='lat' dir='ltr'><strong>dum</strong></span> <span class='ocrx_word' id='word_1_906' title='bbox 3189 5416 3326 5471; x_wconf 86' lang='lat' dir='ltr'><strong>dicis</strong></span> <span class='ocrx_word' id='word_1_907' title='bbox 3353 5432 3366 5469; x_wconf 90' lang='lat'><strong>:</strong></span> <span class='ocrx_word' id='word_1_908' title='bbox 3408 5412 3545 5466; x_wconf 86' lang='lat' dir='ltr'><strong>Num</strong></span> 
     </span>
    </p>
   </div>
   <div class='ocr_carea' id='block_1_112' title="bbox 1985 5502 3555 5580">
    <p class='ocr_par' dir='ltr' id='par_1_112' title="bbox 1985 5502 3555 5580">
     <span class='ocr_line' id='line_1_112' title="bbox 1985 5502 3555 5580; baseline -0.012 -7"><span class='ocrx_word' id='word_1_909' title='bbox 1985 5530 2170 5573; x_wconf 89' lang='lat' dir='ltr'><strong>semen</strong></span> <span class='ocrx_word' id='word_1_910' title='bbox 2213 5520 2298 5569; x_wconf 90' lang='lat' dir='ltr'><strong>est</strong></span> <span class='ocrx_word' id='word_1_911' title='bbox 2328 5511 2601 5567; x_wconf 87' lang='lat' dir='ltr'><strong>Abraham</strong></span> <span class='ocrx_word' id='word_1_912' title='bbox 2637 5510 2753 5580; x_wconf 86' lang='lat' dir='ltr'><strong>ipsa</strong></span> <span class='ocrx_word' id='word_1_913' title='bbox 2785 5509 3080 5565; x_wconf 83' lang='lat' dir='ltr'><strong>divinitas?</strong></span> <span class='ocrx_word' id='word_1_914' title='bbox 3114 5522 3241 5561; x_wconf 93' lang='lat' dir='ltr'><strong>num</strong></span> <span class='ocrx_word' id='word_1_915' title='bbox 3277 5504 3418 5558; x_wconf 91' lang='lat' dir='ltr'><strong>ullos</strong></span> <span class='ocrx_word' id='word_1_916' title='bbox 3462 5502 3555 5555; x_wconf 85' lang='lat' dir='ltr'><strong>ha-</strong></span> 
     </span>
    </p>
   </div>
   <div class='ocr_carea' id='block_1_113' title="bbox 292 5676 1880 5768">
    <p class='ocr_par' dir='ltr' id='par_1_113' title="bbox 292 5679 1880 5768">
     <span class='ocr_line' id='line_1_113' title="bbox 292 5679 1880 5768; baseline -0.011 4"><span class='ocrx_word' id='word_1_917' title='bbox 292 5735 345 5768; x_wconf 75' lang='grc' dir='ltr'>τ.</span> <span class='ocrx_word' id='word_1_918' title='bbox 384 5679 581 5768; x_wconf 49' lang='lat' dir='ltr'><strong>:anp&#39;</strong></span> <span class='ocrx_word' id='word_1_919' title='bbox 610 5699 725 5768; x_wconf 56' lang='lat'><strong>&quot;&quot;3</strong></span> <span class='ocrx_word' id='word_1_920' title='bbox 752 5689 839 5744; x_wconf 58' lang='grc' dir='ltr'><strong>ὅθ’</strong></span> <span class='ocrx_word' id='word_1_921' title='bbox 922 5693 963 5724; x_wconf 83' lang='grc'><strong>¹⁰</strong></span> <span class='ocrx_word' id='word_1_922' title='bbox 994 5691 1148 5749; x_wconf 55' lang='grc' dir='ltr'><em>λοδη·</em></span> <span class='ocrx_word' id='word_1_923' title='bbox 1173 5710 1283 5760; x_wconf 70' lang='grc' dir='ltr'><strong>Χινν</strong></span> <span class='ocrx_word' id='word_1_924' title='bbox 1310 5694 1362 5750; x_wconf 79' lang='lat'><strong>9-</strong></span> <span class='ocrx_word' id='word_1_925' title='bbox 1445 5698 1480 5729; x_wconf 89' lang='lat'>”</span> <span class='ocrx_word' id='word_1_926' title='bbox 1522 5696 1659 5753; x_wconf 78' lang='lat' dir='ltr'><strong>l‘sal.</strong></span> <span class='ocrx_word' id='word_1_927' title='bbox 1693 5715 1801 5768; x_wconf 61' lang='grc' dir='ltr'>λιιι,</span> <span class='ocrx_word' id='word_1_928' title='bbox 1826 5700 1880 5755; x_wconf 62' lang='lat'><strong>‘22</strong></span> 
     </span>
    </p>
   </div>
   <div class='ocr_carea' id='block_1_114' title="bbox 1978 5676 3563 5768">
    <p class='ocr_par' dir='ltr' id='par_1_114' title="bbox 1995 5676 3563 5763">
     <span class='ocr_line' id='line_1_114' title="bbox 1995 5676 3563 5763; baseline -0.007 -10"><span class='ocrx_word' id='word_1_929' title='bbox 1995 5692 2555 5763; x_wconf 74' lang='lat' dir='ltr'><strong>&quot;chr.n,ll,l2.</strong></span> <span class='ocrx_word' id='word_1_930' title='bbox 2636 5688 2957 5747; x_wconf 49' lang='lat' dir='ltr'><strong>“Ibid.”</strong></span> <span class='ocrx_word' id='word_1_931' title='bbox 3034 5688 3075 5720; x_wconf 66' lang='grc' dir='ltr'><strong>ιε</strong></span> <span class='ocrx_word' id='word_1_932' title='bbox 3106 5684 3258 5742; x_wconf 76' lang='lat' dir='ltr'><strong>Joau.</strong></span> <span class='ocrx_word' id='word_1_933' title='bbox 3288 5676 3563 5752; x_wconf 55' lang='lat'><strong>1.12.15;</strong></span> 
     </span>
    </p>
   </div>
   <div class='ocr_carea' id='block_1_115' title="bbox 298 5751 741 5819">
    <p class='ocr_par' dir='ltr' id='par_1_115' title="bbox 298 5751 741 5819">
     <span class='ocr_line' id='line_1_115' title="bbox 298 5751 741 5819; baseline 0.011 -15"><span class='ocrx_word' id='word_1_934' title='bbox 298 5753 345 5783; x_wconf 80' lang='lat'><strong>“</strong></span> <span class='ocrx_word' id='word_1_935' title='bbox 389 5751 564 5806; x_wconf 80' lang='lat' dir='ltr'><strong>Galat.</strong></span> <span class='ocrx_word' id='word_1_936' title='bbox 594 5770 661 5819; x_wconf 88' lang='lat' dir='ltr'><strong>Iv,</strong></span> <span class='ocrx_word' id='word_1_937' title='bbox 688 5757 741 5809; x_wconf 76' lang='lat' dir='ltr'><strong>li.</strong></span> 
     </span>
    </p>
   </div>
  </div>
