4166 6458
606 376 708 430 127
1594 378 1651 433 S.
1692 378 1973 435 CYRILLI
2010 376 2478 433 ALEXANDRINI
2522 377 2869 436 ABCHIEP.-
3759 388 3869 443 19.8

604 492 715 544 huit
743 488 939 544 fratres
964 488 1266 545 divinitatis
1296 490 1542 547 similes?
1572 494 1767 548 Annon
1800 494 1854 548 id
1885 504 2037 550 certe
2066 504 2179 549 stu-

2289 494 2673 559 πυνθάνεσθαι,
2706 497 2798 550 καὶ
2825 497 3181 567 ἀποκομίζειν
3214 499 3289 563 εἰς
3316 500 3643 572 δυσφημίας,
3675 500 3745 555 τὰ
3770 504 3869 557 06-

601 601 747 667 poris
779 610 860 655 est
907 600 1273 669 apertissimi?
1305 600 1438 656 Nam
1495 604 1682 673 inepte
1727 606 2087 675 interrogare,
2122 616 2177 662 et

2280 603 2384 648 τως
2428 587 2565 657 ὀρθὰ
2608 588 2701 639 καὶ
2745 588 3064 658 ἀμωμήτως
3096 589 3317 659 ἔχοντα,
3353 593 3494 645 κατά
3525 608 3588 659 γε
3626 591 3720 645 τὸν
3763 596 3866 659 τῆς

601 693 735 746 adeo
770 700 913 746 recta
939 702 994 746 et
1030 693 1239 763 integra
1287 692 1564 763 dogmata.
1596 698 1739 764 quod
1783 696 1849 750 ad
1900 698 2178 766 dispensa-

2280 677 2334 728 ὲν
2376 676 2594 747 Χριστῷ
2643 678 2941 749 νοουμένης
2999 682 3313 751 οἰκονομίας
3352 683 3529 750 λόγον,
3577 685 3629 737 τί
3677 685 3867 755 ἕτερόν

604 782 766 837 tionis
812 783 1078 838 rationem
1124 785 1174 837 in
1205 784 1424 838 Christo
1463 785 1888 853 intelligendam:
1911 790 2170 857 pertinet,

2280 769 2442 827 ἐστιν,
2471 768 2501 837 ἢ
2530 772 2630 838 τῆς
2671 769 2896 823 ἁπασῶν
2939 772 3173 843 ἐσχάτης
3216 772 3613 844 ἐμϐροντησίας
3641 777 3865 830 ἀπόδει-

601 877 667 930 ad
720 876 1085 944 blasphemias
1129 879 1476 947 detorquere,
1527 882 1655 948 quid
1703 882 1851 935 aliud
1894 893 1978 937 est
2014 899 2173 950 quam

2280 859 2392 925 Etg;
2432 860 2910 930 Ὀμολογουμένως
2962 863 3061 931 μὲν
3109 863 3238 932 γὰρ,
3278 865 3418 918 κατά
3465 865 3563 935 τὴν
3604 866 3699 920 106
3754 867 3865 919 σώ-

601 982 825 1021 summae
851 968 1106 1023 amentia:
1135 970 1560 1023 demonstratio?
1602 972 1985 1027 Certissimum
2018 973 2175 1041 quip-

598 1068 667 1125 pe
700 1067 805 1123 est,
842 1057 969 1111 illud
997 1057 1090 1111 Dei
1119 1059 1300 1113 Patris
1329 1060 1586 1125 Verbum,
1638 1061 1779 1128 quod
1813 1063 1877 1115 ad
1923 1073 2173 1116 naturam

601 1149 868 1217 corporis,
912 1150 1027 1202 sive
1058 1148 1417 1203 humanitatis
1453 1150 1708 1219 perfecta:
1748 1152 2009 1205 rationem
2056 1154 2176 1206 atti-

607 1248 719 1301 net,
754 1237 952 1293 factum
990 1252 1109 1293 esse
1132 1239 1304 1294 nostri
1339 1239 1536 1305 simile,
1568 1251 1621 1293 et
1652 1256 1749 1310 per
1775 1242 1953 1294 omnia
1992 1242 2179 1296 nobis-

598 1343 744 1395 rum,
776 1344 881 1382 uno
911 1338 1138 1398 excepto
1182 1338 1423 1399 peccato,
1461 1333 1805 1386 convenisse.
1847 1331 1951 1385 Sed
1987 1348 2179 1400 rogare

599 1418 731 1473 libet
753 1434 874 1474 eum
910 1422 999 1490 qui
1027 1421 1202 1476 dixit:
1234 1421 1369 1474 Num
1400 1422 1497 1475 Dei
1533 1421 1767 1476 Verbum
1812 1424 1951 1478 ullos
1986 1412 2177 1479 habuit

600 1507 796 1562 fratres
818 1509 1091 1563 divinitati
1144 1510 1398 1565 similes?
1426 1511 1683 1579 quidnam
1715 1527 1898 1567 secum
1938 1514 2052 1584 ipse
2094 1530 2179 1569 co-

598 1594 776 1662 gitans
806 1596 996 1651 beatus
1022 1596 1221 1652 Paulus
1250 1599 1469 1666 scripsit
1515 1601 1582 1653 ad
1620 1602 1880 1669 quosdam
1909 1620 1922 1655 :
1962 1621 1979 1654 ι
2014 1601 2179 1658 Filio-

600 1686 655 1747 li,
683 1700 818 1754 quos
841 1685 1036 1741 iterum
1068 1690 1331 1758 parturio,
1350 1691 1524 1743 donec
1549 1692 1802 1747 Christus
1831 1692 2096 1748 formetur
2122 1696 2173 1749 in

600 1775 755 1829 vobis
784 1775 848 1832 “.
881 1795 900 1829 ι
928 1776 1066 1843 Quin
1102 1780 1263 1833 etiam
1293 1780 1417 1834 alibi
1442 1780 1753 1838 hominibus
1775 1786 1861 1853 qui
1898 1802 1992 1855 per
2018 1785 2173 1840 fidem

2281 968 2449 1021 ματος
2483 951 2667 1019 φύσιν,
2699 953 2815 1022 ἦτοι
2854 955 2944 1005 τὸν
2972 956 3071 1023 τῆς
3102 954 3525 1025 ἀνθρωπὸτητος
3560 958 3734 1027 λόγον,
3768 977 3865 1012 τε-

2276 1040 2434 1103 λείως
2481 1041 2708 1112 ὲχούσης
2756 1044 2840 1111 ἐφ’
2879 1044 3077 1115 ἑαυτῇ,
3123 1045 3347 1113 γέγονεν
3389 1049 3522 1116 ἡμῖν
3569 1048 3869 1120 παραπλή-

2277 1147 2415 1194 σιος,
2447 1133 2538 1183 καὶ
2569 1132 2708 1184 κατὰ
2740 1134 2846 1185 πᾶν
2872 1133 3050 1186 ὁτιοῦν
3077 1134 3292 1198 ἐοικὼς,
3322 1136 3443 1206 δίχα
3478 1138 3644 1208 μόνης
3676 1141 3863 1209 ἁμαρο

2273 1220 2395 1284 τεας
2420 1222 2447 1273 6
2482 1224 2545 1276 ὲκ
2578 1222 2712 1274 Θεοῦ
2743 1224 2958 1294 Πατρός
2986 1224 3176 1293 Λόγος.
3217 1227 3519 1297 Ἐρήσομαι
3552 1228 3610 1282 δὲ
3648 1229 3740 1282 τὸν
3774 1230 3867 1282 λέο

2276 1329 2463 1380 γοντα,
2481 1312 2574 1383 Μὴ
2599 1316 2663 1383 τῇ
2692 1313 2906 1384 θεότητι
2936 1316 3088 1379 τινας
3117 1317 3145 1368 6
3165 1317 3297 1380 Θεὸς
3326 1319 3497 1387 Λόγος
3524 1319 3683 1390 ἔσχεν
3711 1321 3867 1374 ἀδελ-

2279 1402 2414 1471 φοὺς
2456 1404 2734 1467 ὲοικότας;
2765 1404 2818 1456 τί
2850 1404 2914 1475 δὴ
2949 1406 3057 1475 ἄρα
3095 1406 3216 1460 καθ’
3245 1409 3438 1462 ἑαυτὸν
3466 1411 3797 1479 ἐννενοηκὼς
3830 1413 3867 1464 ὁ

2279 1492 2570 1561 ἱερώτατος
2610 1494 2840 1561 Παῦλος,
2876 1495 3121 1567 γέγραφέ
3158 1514 3289 1561 τισι,
3332 1518 3348 1550 t
3377 1501 3599 1563 Τεκνία,
3633 1501 3727 1562 οὓς
3758 1503 3867 1555 πά-

2275 1584 2359 1639 λιν
2405 1587 2598 1649 ὠδίνω,
2645 1586 2803 1658 ἄχρις
2848 1582 2908 1642 οὗ
2962 1589 3220 1660 μορφωθῇ
3273 1590 3509 1661 Χριστὸς
3556 1595 3612 1645 ὲν
3661 1594 3808 1661 ὑμῖν.
3836 1611 3859 1642 ι

2276 1678 2388 1731 Καὶ
2440 1677 2545 1748 μὴν
2580 1678 2675 1731 καὶ
2719 1678 2945 1749 ἑτέρωθι
2991 1680 3105 1741 τοῖς
3153 1680 3242 1733 διὰ
3294 1681 3531 1744 πίστεως
3565 1683 3861 1752 τελειωμέ-

2276 1787 2386 1833 νοις
2435 1772 2494 1822 ἐν
2544 1772 2832 1839 πνεύματι,
2867 1790 2884 1822 t
2907 1772 3097 1840 Ἡμεῖς
3128 1773 3183 1826 δὲ
3217 1773 3420 1836 πάντες
3472 1775 3863 1844 ἀνακεκαλυμ-

600 1864 701 1932 71
724 1865 1140 1932 perﬁciehantur
1160 1869 1212 1920 in
1233 1867 1425 1935 spiritu
1448 1887 1460 1922 :
1488 1887 1507 1919 ι
1537 1869 1643 1925 Nos
1666 1887 1795 1925 vero
1814 1888 2004 1927 onmes
2022 1890 2175 1929 reve-

2282 1863 2428 1933 μένῳ
2456 1861 2730 1932 προσώπῳ
2765 1862 2862 1933 τὴν
2906 1863 3062 1929 δόξαν
3103 1864 3307 1935 Κυρίου
3341 1867 3862 1937 κατοπτριζόμενοι.

598 1954 703 2007 lata
736 1954 875 2009 facie
908 1956 1131 2026 gloriam
1174 1959 1383 2013 Domini
1422 1962 1785 2029 speculantes,
1812 1964 1863 2017 in
1890 1965 2007 2033 ejus
2044 1966 2179 2019 ima-

595 2045 773 2112 ginem
806 2045 1260 2102 transformamur
1289 2065 1318 2102 a
1347 2051 1592 2105 claritate
1615 2054 1667 2106 in
1702 2055 2027 2122 claritatem,
2061 2067 2180 2109 tan-

593 2151 757 2206 quam
804 2152 833 2191 a
882 2137 1096 2193 Domini
1149 2141 1364 2208 spiritu.
1415 2143 1673 2199 Dominus
1724 2155 1904 2201 autem
1952 2150 2180 2215 spiritus

595 2234 724 2280 est:
764 2227 856 2281 ubi
887 2238 1069 2283 autem
1106 2231 1328 2300 spiritus
1380 2232 1611 2301 Domini,
1661 2237 1731 2290 ibi
1783 2238 2006 2293 libertas
2053 2243 2117 2295 ".
2156 2260 2175 2292 ι

598 2314 734 2367 Num
773 2316 938 2384 igitur
970 2318 1084 2373 haec
1119 2320 1253 2375 dicit
1281 2321 1490 2379 Calatis
1526 2335 1780 2393 tanquam
1812 2344 2089 2397 corporeae
2119 2330 2183 2384 li-

596 2405 821 2459 bertatis
854 2406 1059 2463 formas
1091 2424 1199 2463 non
1236 2411 1554 2469 habentibus
1584 2416 1658 2470 illi
1689 2432 1753 2471 ex
1786 2422 1990 2476 semine
2015 2421 2180 2477 David

598 2497 892 2549 secundum
941 2513 1161 2552 carnem
1198 2502 1426 2569 similes,
1476 2505 1663 2560 illosve
1714 2512 1964 2576 parturit,
2011 2522 2068 2564 ut
2128 2514 2181 2566 in

598 2586 731 2652 ipsis
760 2588 1157 2656 quodammodo
1202 2594 1464 2662 figuretur
1495 2604 1550 2650 et
1580 2598 1848 2665 eliigietur
1881 2604 2183 2658 secundum

596 2693 815 2733 carnem
839 2679 1134 2736 ChriStus?
1166 2686 1328 2754 Atqui
1355 2692 1625 2757 quomodo
1652 2707 1755 2743 non
1788 2694 1963 2761 quivis
1991 2696 2184 2764 Opinor

596 2780 652 2822 et
684 2770 805 2825 sine
830 2772 995 2827 dubio
1023 2775 1188 2837 dicat,
1233 2778 1543 2834 conformes
1577 2782 1677 2835 sibi
1723 2784 1868 2837 inter
1902 2800 1959 2839 se
1997 2802 2186 2843 omnes

595 2876 719 2916 esse
746 2862 839 2932 qui
872 2874 997 2917 sunt
1030 2867 1080 2920 in
1117 2869 1299 2931 terris,
1324 2880 1381 2923 et
1429 2872 1528 2939 ipsi
1562 2888 1775 2943 quoque
1810 2876 2047 2943 Christo,
2079 2895 2184 2948 qua

600 2952 773 3005 nostri
824 2954 1020 3009 similis
1073 2956 1265 3021 homo,
1320 2967 1380 3013 et
1436 2961 1713 3015 nobiscum
1770 2967 2188 3023 consideratur?

595 3040 782 3108 Qualis
797 3059 926 3114 ergo
941 3046 1190 3115 elfigiatio
1206 3050 1257 3102 in
1279 3049 1384 3103 illis
1399 3052 1713 3121 exigebatur
1725 3054 1943 3110 Christo
1959 3058 2149 3113 similis
2163 3061 2188 3113 7

595 3146 689 3189 aut
706 3139 974 3204 quomodo
997 3154 1094 3193 nos
1117 3155 1145 3192 a
1171 3140 1421 3196 claritate
1437 3142 1488 3194 in
1510 3143 1811 3199 claritatem
1833 3148 2188 3203 transforma-

596 3225 868 3295 muriqua
894 3226 1079 3282 relicta
1099 3227 1296 3297 forma,
1317 3233 1370 3284 lu
1391 3246 1550 3301 quam
1572 3232 2062 3302 transfiguratum?
2086 3238 2184 3293 Er-

595 3333 664 3386 go
696 3334 794 3374 nos
831 3318 1050 3374 divinus
1078 3320 1167 3375 ille
1191 3321 1383 3377 doctor
1408 3324 1660 3392 prodiens
1688 3326 1899 3391 doceat,
1940 3327 2028 3382 ille
2053 3330 2183 3384 divi-

597 3425 787 3464 norum
813 3412 1066 3467 sacerdos
1097 3414 1503 3484 mysteriorum,
1540 3416 1629 3469 ille
1647 3417 1835 3471 doctor
1858 3419 2095 3486 gentium
2127 3420 2182 3473 in

597 3502 703 3555 title
730 3510 782 3555 et
805 3501 1069 3557 veritate:
1099 3519 1117 3554 ι
1146 3502 1292 3568 Quos
1309 3503 1453 3556 enim
1474 3504 1653 3566 scivit,
1681 3504 1879 3573 inquit.
1899 3514 1951 3559 et
1981 3508 2184 3574 praede-

596 3592 817 3645 stinavit
847 3591 1151 3648 conformes
1186 3592 1301 3646 fieri
1335 3593 1584 3662 imaginis
1618 3594 1735 3648 Filii
1769 3596 1873 3658 sui,
1896 3597 1993 3651 hos
2017 3607 2070 3649 et
2090 3612 2182 3653 voc

594 3683 738 3737 cavit
766 3682 832 3736 η.
855 3702 873 3735 ι
896 3682 1059 3751 Ergo,
1085 3683 1360 3737 utdudum
1388 3685 1520 3749 dixi,
1549 3700 1652 3755 qua
1682 3685 1858 3740 factus
1884 3696 1968 3741 est
1999 3687 2179 3756 homo,

595 3784 652 3826 et
692 3771 794 3827 fuit
832 3788 898 3827 ex
932 3773 1141 3827 semine
1165 3773 1462 3837 Abraham,
1497 3789 1686 3829 omnes
1719 3775 1796 3829 illi
1827 3788 2018 3831 sumus
2048 3792 2181 3832 cou-

597 3864 821 3918 formes.
855 3864 1057 3919 Omnes
1092 3864 1260 3934 igitur
1280 3879 1416 3933 quos
1445 3863 1609 3919 Pater
1638 3867 1905 3935 praescivit
1937 3870 2183 3926 homines

595 3955 685 4023 qui
709 3963 833 4008 sunt
867 3954 918 4007 in
953 3955 1134 4019 terris,
1169 3964 1222 4009 et
1244 3956 1667 4023 praedestinavit,
1700 3957 1800 4011 hos
1839 3974 1960 4013 cum
1990 3973 2179 4015 vocas-

594 4056 697 4112 set,
733 4047 1091 4100 sanctilicavit
1133 4054 1187 4101 et
1225 4048 1546 4117 glorificavit
1593 4069 1606 4104 :
1663 4058 1825 4119 atque
1854 4066 1956 4104 non
1992 4065 2181 4106 omnes

593 4137 958 4205 praedestinati
993 4145 1141 4201 sunt,
1190 4153 1299 4191 non
1333 4153 1522 4193 omnes
1560 4140 1882 4194 sanctiﬁcati
1936 4149 2029 4194 aut
2061 4141 2176 4208 glo-

598 4225 824 4291 rilicati;
853 4241 960 4279 non
989 4227 1150 4296 igitur
1179 4227 1281 4282 hoc
1315 4227 1490 4297 ipsum
1521 4232 1662 4298 qttod
1688 4229 1825 4282 Filio
1852 4230 2165 4285 conforma-

595 4330 737 4378 ntur,
757 4316 810 4368 itt
828 4316 941 4368 sola
961 4314 1279 4385 intelligitur
1309 4320 1489 4373 carnis
1508 4320 1928 4373 Itumanitatisve
1961 4332 2173 4385 natura,

592 4405 689 4457 sud
717 4405 822 4459 alio
849 4422 1061 4475 quoque
1094 4409 1290 4463 modo:
1324 4410 1483 4478 idque
1522 4410 1678 4465 nobis
1707 4410 1944 4465 declarat
1987 4414 2177 4467 beatus

593 4495 792 4550 Paulus
822 4512 942 4551 cum
977 4498 1154 4553 dixit:
1187 4517 1206 4550 ‹
1243 4499 1309 4554 Ει
1336 4501 1476 4555 sicut
1509 4502 1847 4569 portavimus
1881 4503 2168 4570 imaginem
2204 4530 2247 4583 ι)

595 4589 814 4653 terreni,
846 4600 1120 4657 portemus
1148 4602 1200 4646 et
1227 4594 1516 4660 imaginem
1548 4593 1784 4647 caelestis
1820 4596 1894 4658 ¹⁹;
1927 4614 1945 4646 ι
1971 4596 2170 4649 terreni

590 4675 841 4732 videlicet
868 4679 1155 4749 imaginem
1190 4680 1333 4733 illam
1371 4679 1527 4747 primi
1563 4680 1805 4747 parentis
1839 4680 2030 4742 Adam,
2057 4692 2170 4731 cm-

591 4769 746 4825 lcstis
775 4782 975 4836 autem,
1010 4772 1151 4826 illam
1183 4772 1382 4827 Christi
1420 4773 1752 4844 intelligens.
1797 4772 2056 4840 Quaenam
2086 4781 2170 4826 est

592 4864 755 4928 igitur
785 4865 933 4932 prior
962 4864 1049 4918 illa
1083 4863 1243 4931 primi
1274 4862 1514 4932 parentis
1544 4864 1762 4933 imago?
1794 4864 2047 4918 nimirum
2082 4864 2169 4916 fa-

593 4955 770 5007 cilitas
813 4954 897 5007 illa
940 4956 1007 5007 ad
1047 4954 1402 5023 peccandum,
1453 4955 1554 5010 hoc
1586 4958 1759 5022 ipsum
1809 4954 1950 5024 quod
2006 4956 2169 5009 morti

593 5046 1033 5116 rorruptioniquo
1056 5061 1242 5101 sumus
1268 5047 1506 5102 obuoxii.
1537 5047 1665 5113 Quae
1700 5062 1889 5102 rursus
1919 5046 2008 5099 illa
2048 5060 2166 5100 caa-

594 5135 783 5191 lestis?
804 5136 948 5192 nullo
961 5139 1118 5193 modo
1134 5139 1328 5193 cedere
1344 5138 1506 5201 vitiis,
1528 5152 1635 5190 non
1656 5151 1817 5192 nosse
1834 5136 2168 5206 delinquere,

594 5243 701 5283 non
727 5242 849 5285 esse
873 5231 1031 5287 morti
1058 5239 1115 5285 et
1136 5228 1468 5297 corruptioni
1501 5227 1831 5296 subjectum,
1862 5228 2170 5282 sanctifica-

2278 1952 2377 2020 τὴν
2407 1951 2569 2004 αὐτοῦ
2593 1953 2777 2005 εἰκόνα
2808 1953 2920 2021 (ἓο)
2951 1953 3451 2024 μεταμορφούμεθα
3474 1955 3581 2007 ἀπὸ
3603 1954 3759 2023 δόξης
3781 1956 3869 2017 εἰς

2278 2039 2455 2106 δόξαν,
2491 2041 2740 2111 καθάπερ
2772 2040 2879 2094 ἀπὸ
2899 2041 3103 2112 Κυρίου
3137 2042 3478 2113 πνεύματοςο
3506 2046 3534 2098 ό
3565 2046 3622 2097 δὲ
3655 2044 3865 2115 Κύριος

2277 2132 2340 2184 τὸ
2369 2132 2583 2202 πνεῦμά
2604 2135 2749 2186 ἐστιν
2768 2150 2781 2163 ·
2809 2128 2869 2187 06
2895 2134 2950 2186 δὲ
2975 2134 3035 2187 τὸ
3065 2134 3283 2204 πνεῦμα
3308 2136 3537 2206 Κυρίου,
3569 2138 3689 2189 ἐκεῖ
3709 2137 3867 2188 ἐλευ-

2279 2221 2455 2291 θερία.
2479 2219 2629 2292 »Ἆρ’
2658 2220 2751 2277 οὖν
2788 2224 2864 2287 ὡς
2902 2224 3000 2276 οὐκ
3032 2224 3212 2293 ἔχουσι
3239 2224 3505 2287 Γαλάταις
3537 2227 3635 2294 τῆς
3672 2242 3864 2294 σωμα-

2278 2312 2438 2380 τικῆς
2474 2312 2784 2384 ἐλευθερίας
2814 2316 2942 2376 τοὺς
2967 2312 3194 2376 τύπους,
3216 2314 3352 2385 πρὸς
3376 2314 3436 2368 τὺ
3462 2315 3525 2368 ὲκ
3550 2316 3866 2386 σπέρματος

2282 2402 2446 2455 Δαόἰδ
2495 2402 2634 2455 κατὰ
2688 2403 2887 2472 σάρκα,
2919 2404 2988 2457 τὰ
3033 2404 3211 2458 τοιάδε
3266 2404 3468 2475 φησίνο
3507 2406 3753 2458 ἁνωδίνει
3803 2406 3861 2459 δὲ

2281 2494 2501 2558 αὐτοὺς,
2527 2495 2592 2546 ἵν’
2612 2495 2999 2564 ὲγχαράττοιτό
3026 2512 3142 2558 πως
3166 2496 3370 2560 αὐτοῖς,
3393 2498 3486 2551 καί⁵
3506 2499 3864 2568 διαμορφοῖτο

2282 2584 2424 2639 κατὰ
2454 2584 2631 2654 σάρκα
2655 2585 2920 2654 Χριστόςς
2955 2586 3145 2639 Καίτοι
3178 2586 3294 2649 πῶς
3313 2589 3413 2656 οὐχ
3436 2587 3580 2650 ἃπας
3598 2606 3682 2651 τις
3706 2585 3861 2659 οἶμαι

2282 2677 2378 2729 καὶ
2402 2676 2787 2745 ἀναμφιλόγως
2810 2677 2943 2745 ὲρεί,
2970 2677 3325 2747 συμμόρφους
3346 2679 3595 2748 ἀλλήλοις
3617 2680 3863 2741 ἅπαντας

2284 2763 2421 2819 εἶναι
2445 2768 2571 2829 τοὺς
2600 2768 2690 2818 ἐπὶ
2720 2769 2819 2836 τῆς
2842 2768 2964 2837 γῆς,
2983 2768 3077 2819 καὶ
3104 2766 3253 2834 αύτῷ
3275 2767 3331 2819 δὲ
3354 2768 3432 2836 τῷ
3458 2768 3697 2838 Χριστῷ,
3727 2768 3863 2820 καθὸ

2284 2861 2482 2911 νοεῖται
2515 2858 2636 2910 καθ’
2660 2858 2806 2928 ἡμᾶς
2839 2857 3144 2924 ἄνθρωπος,
3179 2857 3463 2927 ἄνθρωπός
3511 2858 3620 2929 [ἵσζ
3652 2858 3856 2928 παρέλ-

2284 2948 2393 3021 κει]
2428 2966 2485 3001 τε
2515 2949 2608 3001 καὶ
2646 2948 2762 3017 μεθ’
2798 2947 2985 3017 ἡμῶνς
3033 2948 3168 3000 Ποία
3197 2948 3261 3018 δὴ
3308 2943 3400 3001 οὖν
3430 2950 3487 3001 ὲν
3520 2949 3748 3012 ἐκείνοις
3775 2948 3867 3015 ὲξ-

2284 3042 2465 3111 ῃτεῖτο
2506 3039 2785 3108 μόρφωσις
2812 3039 2844 3108 ἠ
2878 3038 3014 3107 πρός
3042 3056 3104 3107 γε
3136 3039 3401 3109 Χριστόν;
3430 3040 3461 3109 ἢ
3506 3038 3626 3091 τίνα
3662 3039 3863 3109 τρόπον

2286 3132 2447 3200 ἡμεῖς
2488 3129 2594 3181 ἀπὸ
2638 3129 2795 3200 δόξης
2823 3132 2901 3193 εἰς
2928 3129 3085 3193 δόξαν
3123 3130 3657 3201 μεταμορφούμεθα;
3695 3129 3865 3182 Ποίαν

2286 3220 2516 3289 ἀφέντες
2548 3221 2783 3291 μορφὴν,
2818 3220 2897 3283 εἰς
2939 3220 3060 3273 τίνα
3099 3219 3687 3290 μεταστοιχειούμεθα;
3724 3219 3863 3271 06x-

2285 3312 2380 3367 οὖν
2408 3311 2707 3365 διδασκέτω
2742 3312 3029 3383 παρελθῶν
3068 3314 3097 3365 ό
3130 3313 3273 3375 θεῖος
3308 3313 3454 3382 ἡμᾶς
3482 3310 3859 3381 μυσταγωγὸς,

2283 3406 2312 3457 6
2339 3403 2448 3457 τῶν
2481 3404 2642 3457 θείων
2671 3406 2983 3475 μυστηρίων
3014 3405 3292 3476 ίερουργός
3316 3423 3328 3436 ’
3364 3406 3391 3457 6
3414 3402 3733 3464 διδάσκαλος
3755 3402 3862 3454 τῶν

2284 3493 2454 3547 ἐθνῶν
2481 3494 2538 3545 ὲν
2560 3494 2740 3548 πίστει
2770 3498 2863 3548 καὶ
2893 3495 3121 3567 ἀληθείᾳ
3142 3511 3157 3525 ο
3196 3515 3214 3546 ι
3243 3493 3351 3557 Οὒς
3380 3492 3489 3563 γὰρ
3518 3492 3679 3560 ἔγνω,
3701 3491 3856 3561 φησὶ,

2285 3586 2379 3639 καὶ
2411 3584 2682 3657 προώρισε
2720 3588 3072 3656 συμμόρφους
3110 3588 3208 3655 τῆς
3246 3585 3451 3648 εἰκόνος
3478 3584 3571 3638 106
3603 3583 3735 3636 Υίοῦ
3764 3584 3858 3637 αὐο

2281 3676 2397 3735 106.
2428 3676 2644 3739 τούτους
2692 3677 2785 3729 καὶ
2830 3676 3104 3729 ἐκάλεσεν.
3137 3694 3155 3727 t
3191 3675 3420 3738 Οὐκοῦν,
3451 3676 3525 3737 ὡς
3573 3674 3713 3745 ἔφην
3763 3676 3861 3747 ἁρ-

2281 3767 2433 3829 τίως,
2460 3765 2595 3820 καθὸ
2626 3768 2847 3835 γέγονεν
2874 3767 3175 3838 ἄνθρωπος,
3207 3768 3300 3820 καὶ
3329 3763 3396 3837 ἦν
3430 3768 3493 3819 ὲκ
3542 3768 3862 3837 σπέρματος

2297 3858 2565 3929 Ἀϐραὰμ,
2598 3858 2907 3929 σύμμορφοι
2938 3859 3136 3922 πάντες
3160 3858 3326 3928 ἐσμὲν
3356 3859 3535 3929 αὐτῷ*
3566 3860 3777 3922 πάντας
3797 3858 3861 3928 δὴ

2280 3944 2373 4002 οὖν
2417 3948 2672 4020 [ῑσ.οὒς]
2719 3950 2816 4001 καὶ
2860 3949 3109 4019 προέγνω
3152 3950 3279 4012 τοὺς
3322 3950 3413 4002 ἐπὶ
3461 3950 3562 4017 τῆς
3595 3950 3720 4019 γῆς,
3768 3952 3862 4003 καὶ

2282 4036 2587 4109 προώρισεν
2614 4039 2643 4090 6
2682 4040 2891 4111 Πατὴρ,
2927 4040 3151 4104 τούτους
3185 4040 3489 4111 κεκληκὼς,
3523 4041 3719 4111 ἠγίασε
3767 4041 3861 4093 καὶ

2279 4129 2547 4196 ἐδόξασεν.
2566 4128 2729 4181 Ἀλλὰ
2755 4130 2862 4199 μὴν
2889 4131 2984 4200 οὐχ
3008 4132 3246 4195 ἅπαντες
3274 4130 3694 4202 προωρίσθησαν
3716 4150 3730 4163 ·
3757 4132 3856 4201 οὐχ

2281 4222 2517 4283 ἅπαντες
2548 4221 2913 4291 ἠγιάσθησαν,
2949 4222 2981 4293 ἢ
3018 4222 3419 4293 ἐδοξάσθησαν⁸
3453 4223 3553 4275 οὐκ
3602 4222 3710 4291 ἄρα
3760 4223 3860 4291 τῆς

2279 4313 2416 4382 πρὸς
2450 4313 2574 4366 Υἱὸν
2618 4313 2965 4383 συμμορφίας
3011 4313 3072 4366 τὸ
3123 4316 3329 4383 χρῆμα,
3368 4313 3507 4366 κατὰ
3569 4314 3740 4382 μόνην
3794 4314 3861 4367 ἂν

2277 4407 2450 4458 νοοῖτο
2480 4403 2574 4473 τὴν
2606 4405 2702 4472 τῆς
2736 4404 2936 4473 σαρκὸς
2968 4404 3148 4471 φύσιν,
3184 4405 3351 4473 ἤγουν
3375 4405 3472 4473 τῆς
3504 4403 3861 4473 ἀνθρωπότη-

2277 4512 2389 4557 τος,
2422 4495 2555 4547 ἀλλὰ
2606 4494 2700 4547 καὶ
2751 4494 2871 4547 καθ’
2903 4494 3088 4563 ἕτερον
3126 4495 3352 4564 τρόπον’
3406 4496 3499 4548 καὶ
3542 4495 3701 4547 10610
3728 4497 3862 4565 ἡμῖν

2280 4588 2578 4655 παρίστησι
2604 4588 2776 4653 λέγων
2806 4589 2833 4639 6
2866 4587 3133 4656 μακάριος
3176 4586 3387 4646 Παύλος
3409 4604 3421 4616 ο
3477 4607 3494 4635 ο
3518 4587 3631 4640 Καὶ
3676 4588 3860 4651 καθὼς

2280 4675 2513 4744 ὲφορὲσα
2523 4692 2621 4744 μεν
2642 4676 2740 4745 τὴν
2764 4674 2946 4726 εἰκόνα
2968 4673 3062 4726 106
3089 4676 3293 4743 χοϊκοῦ,
3316 4675 3619 4745 φορὲσομεν
3646 4678 3740 4728 καὶ
3760 4676 3859 4746 τὴν

2278 4765 2461 4818 εἰκόνα
2510 4764 2604 4817 106
2639 4766 2983 4833 ἐπουρανίου.
3019 4785 3034 4815 ι
3069 4762 3268 4818 Χοϊκοῦ
3308 4767 3406 4835 μὲν
3434 4766 3609 4832 λέγων
3651 4768 3853 4827 εἰκόνα,

2278 4856 2378 4926 τὴν
2405 4853 2498 4908 τοῦ
2541 4853 2881 4922 προπάτορος
2919 4853 3088 4922 Ἀδάμ
3109 4870 3122 4884 ·
3156 4855 3477 4925 ἐπουρανίου
3513 4870 3575 4921 γε
3608 4854 3733 4924 μὴν,
3761 4854 3860 4922 τὴν

2276 4950 2369 5001 106
2401 4944 2659 5017 Χριστοῦ.
2689 4944 2785 5004 Τίς
2816 4939 2911 4997 οὖν
2940 4944 3130 5015 πρώτη
3161 4946 3254 4998 106
3286 4945 3629 5015 προπάτορος
3659 4945 3856 5010 είκών;

2278 5039 2337 5092 16
2362 5038 2682 5106 εὐπόριστον
2706 5038 2785 5098 εἰς
2810 5036 3110 5105 ἁμαρτίαν.
3139 5035 3199 5087 τὸ
3219 5034 3324 5088 ὑπὸ
3348 5035 3576 5089 θάνατον
3604 5035 3857 5101 γενέσθαι

2281 5128 2373 5182 καὶ
2401 5127 2625 5197 φθοράν.
2656 5127 2790 5179 Ποία
2810 5127 2865 5179 δὲ
2896 5126 3055 5179 πάλιν
3086 5127 3118 5194 ἡ
3141 5125 3233 5178 106
3258 5124 3617 5195 ὲπουρανίου;
3646 5126 3707 5177 τὸ
3730 5126 3860 5176 κατ’

2280 5220 2469 5273 οὐδένα
2498 5218 2695 5288 τρόπον
2722 5217 2983 5287 ἡττᾶσθαι
3010 5215 3194 5269 παθῶν
3215 5232 3227 5245 ·
3253 5214 3313 5268 τὸ
3356 5214 3430 5287 μὴ
3452 5214 3648 5268 εἰδέναι
3675 5214 3779 5283 πλη
3791 5234 3860 5283 μ-

666 5403 709 5433 ¹⁶
745 5401 875 5455 ibid.
908 5403 992 5457 l9.
1072 5404 1113 5433 ”
1145 5401 1184 5455 11
1220 5402 1341 5456 Cor.
1373 5418 1455 5461 ut,
1490 5402 1688 5461 17,18.
1768 5403 1811 5434 ⁸⁸
1840 5401 1997 5454 Rom.
2026 5400 2179 5462 vm,E

2337 5401 2378 5429 η
2407 5397 2424 5449 1
2454 5398 2581 5451 Cor.
2618 5413 2704 5458 xv,
2735 5395 2823 5451 <59.

1858 5555 2015 5610 ANT.
2060 5554 2326 5609 ACELLII
2370 5552 2598 5607 ΝΟΤᾸΞ.

636 5663 781 5760 gi”)
808 5688 976 5744 Codd.
1011 5690 1120 5744 fere
1143 5692 1309 5745 Graeci
1341 5692 1469 5745 Νυνὶ
1496 5691 1823 5747 Testamenti
1846 5692 2065 5747 habent.
2085 5690 2183 5760 τὴν

602 5757 775 5827 αὐτὴν
800 5760 982 5814 εἰκόνα
1016 5763 1528 5832 μεταμορφούμεθα,
1560 5780 1665 5829 quo
1695 5763 1850 5817 modo
1885 5764 2045 5817 habet
2074 5757 2173 5814 La-

2293 5692 2400 5741 tina
2450 5685 2849 5756 interpretatio,
2901 5686 2952 5738 in
2985 5684 3218 5739 eamdem
3272 5685 3552 5754 imaginem
3597 5684 3861 5753 transfor-

2284 5776 2367 5811 ιιιη
2382 5774 2508 5810 mur.
