4166 6482
303 388 409 442 129

1415 379 1777 436 ADVERSUS
1818 377 2216 434 MSSTORIUM
2261 377 2388 432 LIB.
2430 377 2520 432 lll.

3473 376 3576 428 {30

303 507 527 577 μελεῖν·
581 504 644 556 τὸ
699 502 775 573 μὴ
823 502 1143 555 ὑποκεῖσθαι
1194 501 1408 571 Θανάτῳ
1459 503 1552 554 καὶ
1598 501 1807 571 φθορᾷ·
1860 504 1886 551 ὁ

1997 498 2091 563 tio,
2130 499 2371 567 justitia,
2400 510 2455 552 et
2504 497 2587 551 his
2620 496 2797 551 alliuia
2845 505 3006 566 atque
3055 495 3272 550 similia.
3311 495 3416 550 Sed
3462 498 3577 548 haec

301 593 597 664 ἁγιασμὸς,
642 594 675 662 ἡ
700 590 1015 661 δικαιοσύνη
1042 606 1055 620 ·
1092 592 1185 644 καὶ
1217 592 1316 643 ὃσα
1344 590 1553 654 τούτοις
1582 589 1788 657 ἀδελφά
1828 605 1886 641 τε

300 687 398 739 καὶ
428 682 804 755 παραπλήσια.
825 682 987 744 Ἀλλ’,
1014 680 1189 752 οἶμαι,
1206 684 1361 736 ταυτὶ
1386 681 1743 753 πρέποιᾶν,τῇ
1773 679 1890 749 θείᾳ

301 797 365 832 τε
418 780 510 832 καὶ
541 777 805 847 ἀκηράτῳ
837 772 1231 843 διακεκτῆσθαι
1267 773 1447 842 φύσει.
1488 774 1749 842 Κρεῖττον
1779 771 1890 841 γάρ

300 872 422 924 ὲστι
449 869 543 923 καὶ
572 868 847 939 ἁμαρτίας
877 866 970 919 καὶ
1001 864 1227 934 φθορᾶς,
1262 863 1533 933 ἁγιασμὸς
1562 863 1657 916 καὶ
1682 861 1890 914 δικαιο-

306 958 768 1031 σύνη.’Λναφέρει
804 956 861 1010 δὲ
912 956 1003 1008 καὶ
1053 956 1201 1024 ἡμᾶς
1238 956 1297 1006 ἐν
1331 952 1541 1015 τούτοις
1586 953 1615 1004 6
1656 952 1719 1004 ὲκ
1755 950 1889 1005 Θεοῦ

304 1052 523 1123 Πατρὸς
552 1050 742 1117 Λόγος,
778 1052 876 1117 τῆς
923 1048 1071 1111 Θείας
1122 1046 1316 1100 ἑαυτοῦ
1347 1046 1561 1115 φύσεως
1604 1047 1892 1107 κοινωνοὺς

302 1142 622 1211 ἀποφαίνων
646 1140 733 1195 διὰ
764 1138 859 1192 τοῦ
894 1138 1204 1208 πνεύματος
1228 1153 1241 1167 ο
1279 1136 1393 1206 ἕχει
1420 1138 1602 1189 τοίνυν
1631 1136 1891 1203 ἀδελφοὺς

302 1234 555 1294 ἐοικότας
589 1230 760 1302 αὐτῷ,
789 1229 885 1284 καὶ
910 1230 1009 1299 τῆς
1032 1229 1181 1292 Θείας
1213 1228 1379 1281 αὐτοῦ
1421 1228 1637 1297 φύσεως
1666 1226 1892 1297 φοροῦν-

304 1342 404 1386 τας
432 1324 637 1389 εἰκόνα,
671 1320 815 1375 κατά
849 1337 913 1389 γε
942 1321 1033 1373 τὸν
1066 1319 1161 1373 τοῦ
1195 1320 1456 1389 ἡγιάσΘαι
1481 1320 1684 1388 τρόπον
1705 1336 1719 1350 ο
1752 1318 1893 1372 οὕτω

303 1415 416 1483 γὰρ
466 1414 523 1466 ὲν
574 1414 704 1483 ἡμῖν
745 1409 1049 1481 μορφοῦται
1086 1411 1317 1480 Χριστὸς
1362 1408 1892 1480 μεταστοιχειοῦντος

303 1505 496 1575 ῶσπερ
538 1506 683 1575 ἡμᾶς
718 1502 808 1555 τοῦ
840 1502 998 1569 ἁγίου
1031 1499 1346 1569 Πνεύματος
1375 1503 1438 1553 ἐκ
1476 1500 1585 1552 τῶν
1614 1498 1893 1570 ἀνθρωπί-

305 1614 414 1647 νων
445 1599 525 1657 εὶς
552 1596 618 1648 τὰ
646 1594 839 1647 αὐτοῦ.
874 1592 1057 1662 Ταύτῃ
1084 1609 1165 1645 τοι
1194 1593 1287 1645 καλ⁵
1316 1592 1451 1663 πρὸς
1478 1593 1624 1661 ἡμᾶς
1660 1590 1688 1642 6
1716 1590 1895 1658 μακά-

309 1702 426 1756 ριος
463 1685 570 1754 ἔφη
604 1684 816 1747 Παῦλος
840 1700 854 1714 ’
914 1702 933 1733 ι
955 1683 1143 1752 Ὑμεῖς
1168 1682 1247 1749 δὲ,
1282 1683 1383 1735 οὐκ
1428 1683 1552 1735 ἐστὲ
1598 1683 1658 1734 ὲν
1709 1681 1892 1751 σαρκὶ,

306 1777 423 1831 ἀλλ’
456 1779 514 1829 ἐν
568 1775 856 1845 πνεύματι.
892 1792 911 1823 ›
951 1771 1162 1827 Οὐκοῦν
1216 1772 1501 1843 μεθίστησι
1549 1772 1646 1842 μὲν
1694 1775 1722 1826 6
1767 1772 1895 1834 Υἱὸς

1995 601 2111 640 mea
2143 585 2413 640 sententia
2446 584 2747 653 possidere,
2788 584 2983 637 divinae
3014 585 3263 638 convenit
3297 584 3577 637 immorta-

1993 676 2137 744 lique
2174 684 2378 729 naturae
2424 690 2438 728 :
2481 674 2733 728 esteuim
2770 673 2856 726 illa
2912 682 3132 745 peccato
3179 683 3343 739 atque
3386 686 3577 725 corru-

1993 770 2175 836 ptione
2199 768 2466 836 superior,
2493 766 2852 823 sanctiﬁcatio
2878 766 3006 819 item
3030 774 3081 820 et
3099 764 3330 833 Justitia.
3357 763 3437 816 Ad
3461 764 3579 817 haec

1992 870 2174 912 autem
2239 874 2339 913 nos
2405 859 2512 928 72
2566 858 2729 912 etiam
2774 857 2974 912 attollit
3036 856 3211 924 ipsum
3264 852 3359 908 Dei
3406 854 3581 909 Patris

1995 948 2249 1011 Verbum,
2278 950 2404 1002 dum
2436 964 2545 1004 suae
2575 948 2771 1002 divinae
2808 960 3015 1003 naturae
3043 963 3139 1017 per
3164 946 3413 1017 spiritum
3450 960 3578 1016 par-

1998 1039 2192 1110 ticipes
2230 1039 2395 1093 efficit
2433 1057 2445 1092 :
2494 1039 2657 1094 habet
2688 1053 2818 1109 ergo
2862 1038 3059 1092 fratres
3102 1037 3203 1092 sibi
3250 1036 3479 1101 similes,
3523 1044 3579 1090 et

1991 1130 2186 1186 divina:
2230 1148 2343 1186 sua:
2391 1142 2596 1186 natura:
2641 1143 2923 1203 portantes
2969 1131 3280 1201 imaginem,
3332 1130 3475 1199 quod
3512 1131 3577 1182 ad

1990 1224 2440 1278 sanctiﬁcationis
2472 1226 2686 1277 modum
2708 1224 2923 1277 attinet.
2958 1221 3047 1278 Sic
3075 1236 3304 1291 namque
3332 1221 3580 1276 Christus

1996 1316 2260 1371 formatur
2292 1317 2342 1370 in
2377 1316 2531 1370 nobis
2561 1317 2688 1369 dum
2725 1314 2964 1383 Spiritus
3000 1324 3222 1369 sanctus
3253 1328 3352 1369 nos
3382 1315 3449 1367 ab
3476 1313 3580 1367 hu-

1994 1408 2169 1462 manis
2215 1407 2282 1460 ad
2331 1422 2426 1460 sua
2472 1408 2689 1477 propria
2742 1404 3138 1476 quodammodo
3208 1403 3575 1458 transformat.

1995 1498 2107 1551 llac
2131 1498 2341 1553 ratione
2369 1512 2464 1552 nos
2494 1512 2708 1566 quoque
2736 1499 2924 1551 beatus
2946 1494 3147 1549 Paulus
3166 1504 3247 1549 est
3275 1494 3537 1549 allocutus
3561 1508 3575 1546 :

2000 1609 2018 1640 ι
2058 1588 2167 1643 Vos
2196 1600 2375 1643 autem
2410 1604 2512 1643 non
2536 1589 2671 1643 estis
2702 1589 2753 1643 in
2785 1604 2967 1652 carne,
3014 1587 3106 1643 sed
3140 1588 3189 1641 in
3223 1588 3413 1655 spiritu
3450 1586 3513 1640 ²⁰.
3554 1603 3574 1637 ι

1994 1679 2138 1736 Nihil
2171 1696 2299 1750 ergo
2324 1696 2548 1749 prorsus
2569 1696 2600 1735 e
2625 1681 2827 1735 creatis
2852 1680 3015 1735 rebus
3043 1680 3107 1733 ad
3140 1695 3251 1733 sua:
3281 1679 3579 1733 divinitatis

1997 1780 2243 1825 naturam
2284 1771 2453 1825 Filius
2486 1770 2766 1836 transfert,
2804 1771 2855 1825 id
2899 1771 3043 1825 enim
3078 1778 3161 1825 est
3206 1770 3576 1837 impossibile;

303 1866 461 1919 οὐδὲν
494 1864 817 1935 τοπαράπαν
848 1862 957 1915 τῶν
981 1862 1366 1933 πεποιημένων
1398 1865 1478 1925 εἰς
1508 1862 1605 1932 τὴν
1632 1862 1729 1931 τῆς
1760 1862 1893 1924 ἰδίας

1997 1859 2088 1914 sed
2124 1860 2451 1929 imprimitur
2484 1860 2880 1927 quodammodo
2913 1860 2965 1913 in
3005 1859 3089 1912 his
3120 1859 3211 1929 qui
3240 1859 3433 1914 divina:
3463 1860 3579 1929 ejus

306 1956 565 2026 Θεότητος
589 1956 751 2024 φύσιν
770 1973 783 1985 ο
810 1954 1092 2025 ἀμήχανον
1114 1954 1221 2025 γάρ
1243 1970 1256 1983 ⁸
1282 1953 1665 2023 ἐνσημαίνεται
1694 1953 1753 2005 δέ
1777 1970 1893 2015 πως

304 2050 420 2109 τοῖς
456 2046 553 2116 τῆς
584 2045 731 2111 Θείας
759 2045 975 2114 φύσεως
1004 2045 1168 2098 αὐτοῦ
1197 2045 1445 2112 γεγονόσι
1472 2046 1770 2106 κοινωνοῖς,
1805 2041 1893 2095 διὰ

306 2137 407 2191 τοῦ
438 2140 724 2209 μετασχεῖν
754 2138 911 2205 ἁγίου
940 2135 1278 2207 Πνεύματος,
1308 2138 1340 2206 ἡ
1374 2135 1508 2205 πρὸς
1533 2135 1694 2189 αὑτὸν
1726 2134 1893 2205 ἐμφέ-

310 2248 435 2300 ρεια
456 2230 641 2301 νοητὴ,
662 2231 755 2283 καὶ
777 2230 837 2282 τὸ
864 2230 961 2299 τῆς
982 2229 1221 2299 ἀρρήτου
1255 2226 1507 2296 Θεότητος
1535 2226 1753 2290 κάλλος,
1774 2228 1894 2288 ταῖς

307 2320 421 2374 τῶν
470 2320 640 2388 ἁγίων
694 2320 1057 2389 ὲναστράπτει
1104 2317 1334 2387 ψυχαῖςο
1391 2314 1443 2368 τί
1494 2317 1670 2368 τοίνυν
1718 2318 1889 2385 ἡμῖν,

306 2414 525 2483 γυμνήν
548 2429 606 2463 τε
635 2410 725 2464 καὶ
759 2410 927 2480 μόνην
959 2409 1055 2477 τῆς
1088 2407 1287 2478 σαρκὸς
1312 2406 1409 2477 τὴν
1439 2406 1737 2476 ἐμφέρειαν
1763 2408 1896 2457 ἁπο-

307 2507 516 2575 νέμων,
542 2504 642 2557 ούκ
669 2501 944 2573 ἐρυθριᾷς,
973 2499 1071 2569 τῆς
1116 2497 1264 2560 Θείας
1304 2514 1367 2550 τε
1413 2496 1507 2549 καὶ
1536 2494 1729 2565 νοητῆς
1760 2512 1892 2566 μορ-

309 2593 539 2660 φὼσεως
568 2586 985 2660 κατημεληκὼς,
1021 2586 1221 2657 μᾶλλον
1257 2585 1311 2639 δὲ
1341 2586 1433 2637 καὶ
1467 2585 1697 2637 εἰσάπαν
1723 2586 1893 2653 αὐτὴν

305 2682 578 2753 ἀναιρῶν;
621 2680 759 2732 Ἀλλ’
794 2681 821 2731 ὁ
854 2678 952 2747 μὲν
982 2677 1087 2729 τῶν
1114 2677 1252 2729 ὅλων
1284 2675 1487 2747 Κύριος
1515 2676 1607 2729 καὶ
1636 2676 1767 2739 Θεὸς
1800 2694 1895 2746 μο-

307 2771 556 2842 νογενὴς,
598 2770 835 2839 καθῆκεν
882 2768 1071 2821 ἑαυτὸν
1120 2768 1198 2829 εἰς
1246 2766 1474 2819 κένωσιν
1518 2766 1584 2820 δι’
1613 2768 1778 2837 ἡμᾶς,
1811 2769 1893 2819 ἵνα

302 2866 443 2934 ἡμῖν
464 2860 755 2932 χαρίσηται
777 2860 875 2929 τῆς
899 2859 1035 2928 πρὸς
1056 2857 1222 2911 αὑτὸν
1249 2857 1611 2928 ἀδελφότητος
1634 2858 1693 2909 τὸ
1729 2858 1893 2924 ἀξίω-

309 2972 413 3024 μα,
447 2954 542 3006 καὶ
578 2952 678 3021 τῆς
711 2952 934 3019 ἐνούσης
976 2948 1126 3019 αύτῴ
1172 2949 1450 3016 εὐγενείας
1482 2950 1543 3002 τὸ
1574 2946 1893 3021 ἀξιέραστον

307 3046 539 3108 κάλλος*
580 3046 609 3096 6
637 3045 692 3097 δὲ
728 3043 980 3096 ἁπάντων
1011 3042 1157 3111 ἡμᾶς
1182 3040 1288 3093 τῶν
1324 3034 1641 3095 καλλίστων
1665 3045 1893 3095 ἀποστε-

309 3136 445 3208 ρῶν,
468 3134 754 3206 ἄνθρωπον
778 3134 907 3203 ἡμῖν
931 3131 1115 3194 ἁπλῶς
1136 3131 1362 3198 ἀδελφὸν
1386 3131 1713 3201 γεγενῆσθαί
1737 3149 1887 3203 φησι,

306 3230 407 3283 καὶ
436 3226 626 3280 πιστὸν
671 3225 745 3287 ὡς
792 3223 984 3287 οἴεται,
1013 3222 1104 3275 τὸν
1148 3220 1204 3273 έν
1250 3238 1311 3289 γε
1346 3222 1555 3285 τούτοις
1591 3224 1721 3292 ἡμῖν
1756 3223 1891 3275 ἁπο-

307 3319 495 3386 φαίνει
522 3318 682 3385 λόγον
706 3316 1016 3387 προστιθείς
1036 3332 1047 3345 ·
1074 3315 1272 3367 Σκόπει
1294 3315 1387 3367 καὶ
1409 3315 1468 3368 τὸ
1494 3316 1703 3379 τούτοις
1733 3316 1893 3378 εὐθὺς

308 3410 738 3478 συναπτόμενον,
798 3408 947 3460 «Ἵνα
985 3407 1232 3476 ἐλεήμων
1286 3408 1506 3477 γένηται
1556 3408 1649 3459 καὶ
1706 3406 1895 3469 πιστὸς

318 3502 638 3571 ’Δρχιερεῦς
680 3498 749 3551 τὰ
792 3498 927 3568 πρὸς
959 3497 1048 3549 τὸν
1082 3497 1242 3550 Θεόν’
1292 3499 1349 3548 ὲν
1385 3491 1429 3563 ᾧ
1472 3499 1580 3567 γὰρ
1629 3497 1895 3550 πέπονθεν

303 3595 473 3657 αὐτὸς
499 3591 835 3663 πειρασθεὶς,
871 3590 1095 3646 δύναται
1118 3593 1230 3653 τοῖς
1260 3589 1672 3659 πειραζομένοις
1698 3590 1893 3659 βοηθῆ-

307 3703 427 3740 σαι.
459 3704 477 3736 ι
516 3682 723 3737 Οὐκοῦν
744 3685 773 3735 6
800 3682 986 3735 παθὼν
1020 3681 1310 3752 ἀρχιερεὺς
1347 3680 1622 3751 ἐλεήμων·
1653 3680 1893 3749 παθητὸς

302 3779 367 3830 δὲ
401 3779 430 3831 6
460 3774 605 3841 ναὸς,
636 3774 735 3843 οὐχ
771 3775 800 3826 6
833 3774 1095 3837 ζωοποιὸς
1123 3771 1215 3825 τοῦ
1250 3772 1579 3835 πεπονθότος
1607 3770 1892 3835 Θεός.”οτι

308 3871 416 3940 μὲν
442 3865 535 3923 οὖν
558 3863 660 3922 ὧδέ
686 3886 744 3922 τε
781 3871 999 3941 φρονεῖν
1024 3868 1320 3939 ᾑρημένος,
1343 3870 1438 3921 καὶ
1464 3868 1571 3939 μὴν
1596 3869 1692 3922 καὶ
1716 3868 1895 3936 λέγειν

304 3961 658 4031 ἀποτολμῶν,
691 3960 1065 4028 ἀποδιῖστησιν
1116 3957 1276 4011 πάλιν
1324 3959 1402 4021 εἴς
1461 3976 1519 4011 τε
1569 3958 1897 4022 ύποστάσεις

308 4052 513 4117 ιδικὰς,
544 4052 777 4123 καὶμὴν
818 4051 913 4104 καὶ
954 4050 1219 4120 πρόσωπα
1266 4048 1379 4112 δύο,
1412 4050 1504 4101 τόν
1550 4066 1607 4101 τε
1652 4050 1717 4102 ὲκ
1762 4048 1894 4102 Θεοῦ

306 4144 531 4215 Πατρὸς
555 4144 747 4210 Λόγον,
781 4143 875 4195 καλ⁵
897 4142 954 4194 ὃν
973 4143 1103 4211 ἡμῖν
1128 4140 1288 4203 αὐτὸς
1316 4141 1518 4210 ἀρτίως
1539 4140 1614 4203 ὡς
1643 4140 1897 4209 θεοφόρον

305 4235 663 4304 εἰσκεκόμικε
688 4233 995 4305 ἄνθρωπον,
1019 4233 1177 4303 εἴπερ
1203 4232 1353 4285 ἐστὶν
1376 4232 1561 4303 ἕτερός
1592 4249 1649 4285 τε
1680 4234 1773 4284 καὶ
1794 4232 1897 4285 ἀνὰ

307 4326 485 4398 μέρος
518 4327 546 4379 6
584 4324 795 4390 παθὼν,
827 4325 921 4378 καὶ
956 4324 1144 4393 ἕτερος
1188 4326 1215 4377 6
1267 4322 1549 4387 ζωοποιὸς,
1597 4323 1895 4377 ἐνδοιάσειν

303 4412 471 4485 οἶμαι
523 4414 799 4476 παντελῶς
831 4413 1039 4467 οὐδένα.
1072 4414 1382 4485 ΙΙαραπαίει
1423 4413 1480 4467 δὲ
1526 4414 1619 4466 καὶ
1669 4414 1893 4483 ἑτέρως,

2001 1960 2207 2004 natura:
2238 1959 2367 2004 sunt
2402 1950 2524 2004 facti
2564 1950 2853 2017 participes
2881 1949 2946 2013 ",
2984 1950 3111 2003 dum
3140 1948 3373 2019 Spiritus
3404 1951 3578 2004 sancti

1997 2049 2282 2095 consortes
2335 2040 2494 2103 ﬁunt,
2549 2040 2637 2092 illa
2671 2039 2931 2109 spiritalis
2977 2039 3094 2108 ejus
3145 2040 3465 2108 similitudo,
3524 2050 3579 2095 et

1996 2129 2284 2186 ineﬁ‘abilis
2308 2129 2395 2186 illa
2427 2131 2733 2186 divinitatis
2761 2132 2967 2201 species
3000 2131 3053 2186 in
3090 2143 3401 2188 sanctorum
3438 2134 3581 2188 viro-

1997 2236 2114 2275 rum
2146 2221 2341 2275 anlmis
2362 2220 2548 2290 fulget.
2578 2220 2686 2275 Cur
2720 2221 2883 2290 igitur
2913 2224 3109 2275 nudam
3144 2222 3304 2278 nobis
3324 2238 3387 2278 ac
3408 2224 3577 2279 solam

1995 2312 2173 2366 carnis
2209 2311 2622 2367 similitudinem
2656 2313 2895 2367 tribuere
2939 2328 3045 2367 non
3077 2314 3371 2380 erubescis,
3400 2315 3579 2369 divina

1997 2418 2058 2457 ac
2105 2404 2330 2472 spiritali
2375 2402 2698 2473 eﬁigiatione
2762 2406 3028 2474 neglecta,
3092 2408 3201 2463 imo
3249 2424 3375 2464 vero
3415 2409 3577 2465 etiam

1995 2496 2217 2550 omnino
2266 2495 2515 2551 sublata?
2567 2498 2742 2566 Atque
2791 2499 2880 2551 ille
2935 2499 3151 2567 quidem
3204 2500 3579 2557 universorum

1997 2584 2258 2641 Dominus
2304 2594 2358 2641 et
2399 2585 2545 2641 Deus
2593 2589 2929 2657 unigenitus,
2973 2592 3321 2660 semetipsum
3366 2603 3585 2663 propter

1998 2694 2094 2731 nos
2126 2680 2192 2731 ad
2226 2678 2652 2733 exinanitionem
2683 2680 2919 2743 demisit,
2947 2689 3004 2734 ut
3041 2681 3197 2735 nobis
3221 2682 3584 2739 fraternitatis

1995 2785 2107 2824 sua:
2150 2770 2492 2840 dignitatem,
2529 2780 2583 2825 et
2628 2770 2805 2825 insitae
2850 2773 2951 2827 sibi
2994 2773 3294 2829 nobilitatis
3323 2784 3585 2845 exoptan-

1996 2863 2117 2917 dam
2156 2862 2614 2932 pulchritudinem
2656 2861 2947 2931 largiretur
2985 2881 2997 2917 :
3039 2863 3129 2918 hic
3174 2879 3305 2918 vero
3330 2865 3584 2920 omnibus

1997 2971 2095 3009 nos
2128 2957 2289 3009 rebus
2334 2954 2768 3024 praeclarissimis
2810 2955 3066 3024 spolians,
3114 2956 3387 3012 hominem
3431 2958 3585 3012 nobis

1995 3046 2296 3115 simplicem
2330 3044 2527 3099 factum
2552 3061 2672 3100 esse
2702 3045 2926 3099 fratrem
2956 3046 3111 3113 dicit,
3139 3056 3192 3101 et
3212 3046 3314 3102 ﬁde
3344 3048 3581 3117 dignam,

1997 3146 2054 3190 ιιι
2102 3138 2217 3206 ipse
2258 3145 2431 3204 putat,
2481 3137 2565 3190 his
2601 3136 2667 3190 de
2720 3137 2882 3190 rebus
2935 3138 3201 3192 rationem
3250 3140 3580 3207 pronuntiat,

1995 3228 2196 3282 addens
2232 3246 2245 3282 :
2284 3226 2419 3281 Vide
2445 3228 2607 3281 etiam
2636 3228 2777 3295 quod
2804 3228 2948 3282 illico
2976 3229 3059 3283 his
3098 3228 3429 3298 adjungitur,
3457 3250 3474 3282 ι
3505 3232 3574 3287 Ut

1995 3319 2303 3374 misericors
2332 3318 2485 3373 ﬁeret
2512 3328 2567 3371 et
2599 3318 2772 3373 ﬁdelis
2796 3319 3044 3374 Pontifex
3081 3324 3147 3373 ad
3185 3322 3352 3376 Deum
3390 3340 3404 3375 :
3440 3323 3491 3377 in
3519 3338 3585 3378 eo

1994 3410 2136 3463 enim
2179 3411 2232 3463 in
2279 3424 2385 3479 quo
2435 3424 2627 3477 passus
2660 3420 2743 3465 est
2792 3411 2906 3481 ipse
2954 3414 3211 3477 tentatus,
3267 3423 3456 3482 potens
3501 3426 3585 3468 est

1994 3501 2144 3554 eteis
2165 3502 2255 3569 qui
2278 3510 2577 3566 tentantur,
2606 3503 2859 3557 auxiliari
2883 3505 2949 3557 “.
2979 3522 2998 3555 ι
3026 3502 3167 3575 Ergo
3199 3506 3243 3559 is
3270 3505 3361 3573 qui
3391 3520 3583 3575 passus

1994 3602 2098 3658 est,
2151 3592 2401 3647 Pontifex
2452 3602 2534 3647 est
2584 3593 2673 3647 ille
2722 3595 3033 3649 misericors
3082 3595 3352 3664 :patibile
3403 3606 3581 3650 autem

1996 3683 2171 3752 ipsum
2212 3682 2466 3753 templum
2521 3696 2626 3748 εει,
2679 3699 2784 3738 non
2833 3684 2977 3741 Deus
3023 3687 3112 3756 qui
3164 3686 3478 3742 viviﬁcabat
3530 3688 3587 3742 id

1997 3775 2137 3841 quod
2176 3775 2502 3842 patiebatur.
2541 3774 2711 3845 Igitur
2742 3777 2827 3831 cui
2860 3777 2941 3832 sic
2973 3778 3177 3833 sentire
3216 3778 3383 3832 libeat
3423 3790 3587 3849 atque

1997 3864 2158 3919 etiarn
2188 3866 2367 3919 dicere
2392 3864 2608 3927 audeat,
2640 3866 2770 3934 quin
2812 3882 2999 3922 rursus
3026 3868 3076 3921 in
3106 3869 3425 3938 hypostases
3456 3886 3585 3939 pro-

1997 3956 2163 4024 prias,
2200 3966 2364 4026 atque
2393 3957 2635 4010 etiamin
2661 3957 2796 4012 duas
2829 3972 3089 4025 personas
3120 3959 3326 4013 dividat
3357 3959 3484 4015 illud
3514 3976 3585 4016 ex.

1999 4047 2108 4103 Deo
2142 4048 2300 4102 Patre
2336 4048 2595 4114 Verbum,
2628 4059 2681 4103 et
2727 4049 2873 4103 illum
2902 4064 3063 4117 quem
3110 4052 3264 4106 nobis
3293 4051 3493 4107 dudum
3529 4064 3585 4104 ut

1998 4138 2258 4193 deifernm
2289 4138 2563 4193 hominem
2606 4140 2811 4195 induxit
2860 4140 3165 4212 (siquidem
3213 4143 3461 4199 diversus
3501 4154 3587 4200 est

2001 4239 2055 4283 et
2083 4231 2365 4300 sejunctns
2398 4229 2446 4285 is
2489 4232 2579 4300 qui
2626 4246 2819 4300 passus
2840 4240 2943 4296 est,
2974 4233 3042 4287 ab
3066 4249 3131 4288 eo
3161 4234 3250 4302 qui
3286 4233 3584 4306 viviﬁcat),

2000 4323 2088 4391 qui
2124 4323 2360 4392 ambigat
2392 4323 2664 4377 neminem
2703 4339 2925 4392 prorsus
2956 4323 3073 4379 foro
3103 4326 3358 4380 arbitror.
3394 4326 3499 4382 Sed
3530 4339 3583 4381 et

1999 4415 2103 4468 alia
2143 4429 2357 4484 quoque
2390 4416 2600 4469 ratione
2640 4415 2861 4477 insanit,
2906 4417 3098 4471 hausto
3126 4432 3193 4471 ex
3223 4418 3375 4472 vinea
3413 4418 3585 4474 Sodo-

303 4506 411 4560 τὸν
440 4502 501 4568 ἐξ
526 4503 773 4574 ἀμπέλου
803 4502 1052 4571 Σοδόμων
1081 4498 1220 4556 οἶνον
1263 4502 1623 4567 ἐκπεπωκὼς,
1654 4504 1749 4556 καὶ
1796 4522 1893 4557 κα-

2001 4522 2211 4559 mormn
2245 4506 2389 4569 vino,
2420 4516 2475 4560 et
2524 4506 2731 4560 erroris
2774 4507 3041 4561 ebrietate
3088 4510 3329 4573 madens,
3372 4524 3435 4565 ac
3472 4510 3586 4565 for-

302 4597 605 4668 ταμεΘύων
743 4596 941 4669 πλάνῃ,
974 4598 1068 4650 καὶ
1101 4596 1241 4667 τάχα
1274 4613 1376 4649 που
1409 4596 1541 4667 μηδὲ
1574 4595 1729 4659 εἰδὼς
1754 4597 1782 4649 ὃ
1811 4597 1891 4649 λέε

301 4707 402 4759 γει
424 4705 437 4718 ·
473 4686 577 4740 ποῦ
602 4688 709 4760 γὰρ
739 4686 1055 4757 ὠνόμασται
1084 4689 1212 4752 Θεὸς
1244 4686 1337 4739 τοῦ
1367 4687 1625 4756 Χριστοῦ,
1659 4690 1897 4742 καταπέσ

302 4797 489 4851 φρικα
519 4778 577 4832 δὲ
602 4779 796 4846 λέγων,
828 4781 856 4832 6
886 4780 951 4831 ὲκ
992 4778 1128 4831 Θεοῦ
1163 4780 1374 4849 Πατρὸς
1409 4780 1576 4847 Λόγος,
1602 4796 1616 4843 ;
1668 4774 1758 4837 Εἷς
1787 4779 1895 4850 γὰρ

303 4872 521 4941 Κύριος
554 4869 761 4940 Ἰησοῦς
790 4870 1048 4939 Χριστὸς,
1072 4871 1167 4923 καὶ
1198 4870 1305 4941 μία.
1326 4871 1505 4933 πίστις
1525 4874 1558 4941 ή
1587 4871 1665 4933 είς
1694 4872 1855 4924 αὐτόν
1877 4888 1889 4901 ·

299 4962 410 5030 οὐχ
433 4961 507 5021 ὡς
540 4960 618 5019 εἰς
641 4957 734 5011 δύο
762 4961 855 5011 καὶ
877 4958 980 5010 ἀνὰ
1006 4959 1192 5029 μέρος,
1220 4960 1333 5011 ἀλλ’
1360 4959 1435 5022 ὡς
1458 4960 1525 5013 δι’
1549 4961 1665 5024 ἐνὸς
1704 4960 1897 5029 βαπτί-

304 5066 544 5122 σματος,
578 5049 657 5113 είς
693 5049 820 5101 Υίὸν
868 5049 963 5101 ἕνα
1014 5052 1107 5103 καὶ
1157 5050 1288 5103 Θεὸν
1335 5052 1430 5103 καὶ⁹
1461 5050 1665 5123 Κύριον
1709 5051 1800 5105 τὸν
1832 5053 1895 5105 ὲκ

299 5140 450 5195 Θεοῦ
501 5139 713 5209 Πατρὸς
759 5140 956 5207 Λόγον,
986 5140 1082 5193 καὶ
1110 5141 1199 5194 ὅτε
1230 5140 1449 5209 γέγονεν
1482 5142 1764 5213 ἄνθρωπος
1786 5159 1797 5170 ·
1832 5143 1893 5194 οὐ

298 5236 421 5304 γὰρ
465 5234 549 5285 ὅτι
594 5234 781 5298 γέγονε
827 5231 949 5283 καθ’
978 5234 1146 5302 ἡμᾶς,
1178 5233 1240 5285 τὸ
1286 5228 1425 5287 εἶναι
1468 5234 1600 5296 Θεὸς
1641 5234 1894 5286 ἀπολέσει

300 5324 477 5376 ποθέν
497 5338 510 5351 ⁸
545 5322 669 5376 οὔτε
703 5323 810 5394 μὴν
838 5324 921 5375 ὃτι
945 5322 1077 5385 Θεὸς
1124 5323 1263 5377 κατὰ
1305 5324 1467 5392 φύσιν
1500 5325 1667 5387 ἐστὶν,
1700 5326 1897 5394 ὁμοίω-

302 5432 395 5466 σιν
432 5413 812 5484 ἁπαράδεκτον
850 5412 981 5482 ἔχει,
1017 5414 1110 5465 καὶ
1161 5414 1222 5465 τὸ
1271 5413 1556 5483 ἄνθρωπος
1588 5409 1726 5466 εἶναι
1758 5430 1899 5485 παρ-

301 5506 597 5573 αιτήσεται
625 5521 637 5533 ο
705 5504 983 5573 μεμένηκε
1030 5504 1124 5567 δὲ,
1174 5504 1364 5575 ὥσπερ
1412 5507 1468 5556 ὲν
1521 5502 1897 5576 ἆνΘρωπότητι

302 5596 464 5659 Θεὸς,
496 5594 641 5647 οὕτω
664 5594 754 5646 καὶ
783 5595 841 5646 ὲν
870 5594 1028 5661 φύσει
1058 5612 1116 5647 τε
1144 5596 1239 5647 καὶ
1269 5596 1508 5667 ὑπεροχῇ
1530 5594 1780 5665 Θεότητος
1801 5594 1896 5661 ῶν,

2002 4608 2147 4653 tasse
2191 4598 2319 4653 illud
2372 4598 2545 4668 ipsum
2587 4599 2730 4667 quod
2780 4596 2914 4651 dicit
2961 4598 3227 4653 nesciens.
3288 4599 3387 4655 Ubi
3436 4602 3585 4653 enim

2000 4703 2237 4757 unquam
2274 4688 2480 4743 dictum
2512 4698 2615 4752 est,
2647 4687 2788 4743 Deus
2813 4688 3011 4744 Christi
3040 4689 3270 4759 (horreo
3304 4690 3583 4758 referens)

1999 4779 2174 4846 ipsum
2212 4778 2303 4832 Dei
2335 4776 2508 4832 Patris
2533 4778 2812 4834 Verbum?
2844 4776 2996 4834 Unus
3026 4792 3109 4835 est
3139 4780 3286 4834 enim
3320 4780 3585 4835 Dominus

1996 4868 2153 4924 Jesus
2180 4868 2451 4934 Christus,
2487 4881 2541 4925 et
2572 4886 2675 4923 una
2704 4880 2787 4924 est
2817 4871 2870 4925 in
2904 4886 3026 4925 eum
3065 4871 3198 4926 ﬁdes
3225 4871 3294 4937 ",
3321 4886 3427 4927 nou
3458 4883 3578 4927 tau-

2000 4977 2161 5029 quam
2196 4962 2249 5015 in
2278 4962 2413 5015 duos
2440 4977 2504 5015 ac
2543 4976 2793 5027 seor3tm,
2830 4962 2926 5016 sed
2976 4971 3231 5033 tanquam
3274 4978 3369 5033 per
3413 4979 3579 5019 unum

2002 5052 2325 5118 baptismum
2371 5052 2423 5104 in
2470 5050 2575 5121 73
2614 5067 2776 5105 unum
2825 5051 3020 5105 Filium
3071 5064 3129 5107 et
3172 5055 3339 5109 Deum
3378 5065 3433 5111 et
3480 5058 3584 5112 Do.

2004 5144 2231 5205 minum,
2280 5143 2453 5211 ipsum
2501 5158 2565 5197 ex
2615 5142 2725 5196 Deo
2769 5140 2930 5197 Patre
2978 5144 3247 5211 Verbum,
3296 5156 3405 5201 tum
3447 5162 3581 5216 quo-

2001 5249 2107 5302 que
2142 5248 2264 5289 cum
2310 5234 2511 5288 factum
2559 5244 2645 5289 est
2678 5236 2839 5290 homo
2871 5253 2885 5289 :
2920 5252 3097 5308 neque
3136 5240 3282 5292 enim
3322 5239 3448 5309 quia
3493 5256 3583 5293 no-

2002 5326 2098 5377 stri
2143 5325 2337 5380 similis
2394 5324 2566 5379 factus
2607 5335 2727 5390 est,
2781 5328 2995 5384 amittet
3046 5329 3154 5385 ullo
3216 5332 3373 5385 modo
3437 5334 3579 5401 quod

2003 5413 2146 5470 Deus
2191 5426 2328 5481 erat,
2378 5431 2552 5485 neque
2588 5432 2652 5472 es
2686 5434 2750 5473 eo
2796 5422 2938 5487 quod
2968 5420 3112 5475 Deus
3156 5432 3239 5475 est
3281 5424 3580 5477 secundum

2006 5518 2254 5562 naturam
2308 5509 2715 5565 similitudinem
2762 5514 2910 5569 nullo
2958 5513 3118 5569 modo
3158 5512 3403 5581 suscipit,
3438 5522 3584 5567 etut

2009 5600 2171 5653 homo
2222 5600 2291 5653 sit
2345 5599 2608 5670 refugiet;
2665 5602 2759 5658 sed
2817 5613 2873 5658 ut
2929 5604 2980 5657 in
3036 5604 3374 5658 humanitate
3437 5602 3588 5661 Deus

387 5775 433 5806 ”
466 5774 623 5827 llom.
653 5789 770 5840 vm,
798 5775 851 5830 9.
928 5775 971 5805 ¹¹
1008 5771 1053 5827 ll
1085 5771 1241 5829 Pctr.
1272 5789 1309 5839 ι,
1338 5773 1392 5827 4.
1469 5774 1512 5805 ²¹
1550 5774 1710 5830 llcbr.
1740 5791 1800 5845 ιι,
1828 5775 1891 5828 l7

1997 5777 2024 5830 ι.
2104 5775 2148 5807 ⁸³
2177 5774 2481 5847 Εριιεεηιν,
2508 5778 2562 5833 5,
