4166 6480
613 413 709 470 131

1649 415 1706 470 S.
1749 413 2024 469 CYRILLI
2063 412 2532 469 ALEXANDRINI
2572 413 2891 471 ARCHIEP.

3774 411 3875 466 1⁸59.

611 538 829 603 mansit,
849 538 930 594 sic
959 538 1010 592 iu
1032 547 1220 591 natura
1242 551 1456 604 quoque
1485 547 1536 590 et
1563 538 1874 605 praestantia
1902 535 2196 590 divinitatis

2300 535 2579 605 ἄνθρωπος
2609 537 2762 589 οὐδὲν
2785 531 2946 607 ἧττόν
2974 535 3350 605 ἐστιν.⁹Ἀμφω
3372 535 3435 606 δὴ
3457 529 3550 587 οὖν
3579 536 3637 585 ὲν
3670 533 3870 601 ταύτῷ,

612 628 782 683 nihilo
813 629 991 682 minus
1024 638 1107 682 est
1141 628 1319 681 homo.
1357 627 1656 695 Utrumque
1698 627 1862 696 igitur
1891 628 1942 680 in
1978 628 2194 690 eodem,

613 728 666 771 et
705 733 845 771 unus
872 718 1122 786 idemque
1147 716 1291 772 Deus
1325 727 1378 773 et
1411 720 1571 772 homo
1609 727 1692 772 est
1731 718 2062 772 Emmanuel.
2092 715 2198 770 Sed

615 808 718 862 iste
747 809 920 862 bonus
941 809 1044 875 vir,
1077 808 1274 876 rejecto
1305 809 1724 878 dispensationis
1757 810 1914 863 modo
1944 817 2197 877 tanquam

613 915 804 970 parum
840 899 1086 970 pulchro,
1123 904 1301 954 aufert
1335 917 1364 954 a
1413 902 1520 956 Deo
1563 899 1735 955 Verbo
1772 916 1892 970 qua:
1933 911 2057 954 sunt
2101 899 2199 953 hu-

616 1005 796 1052 mana,
833 999 890 1044 ut
918 990 1030 1057 jam
1057 991 1201 1044 nulla
1227 1006 1289 1045 ex
1316 1000 1470 1060 parte
1501 990 1663 1044 rebus
1695 991 1894 1044 nostris
1917 991 2197 1044 utilitatem

614 1080 846 1150 aliquam
864 1083 1110 1138 attulisse
1131 1093 1402 1138 cernatur.
1437 1083 1551 1138 Non
1589 1083 1758 1147 enim,
1790 1083 1986 1152 inquit,
2024 1083 2195 1151 ipsum

615 1175 783 1230 fuisse
818 1176 1227 1230 misericordem
1257 1185 1310 1231 et
1343 1176 1552 1231 lidelem
1586 1174 1897 1246 pontiﬁcem
1930 1174 2083 1237 dicit,
2120 1172 2199 1226 id-

614 1279 718 1334 que
761 1280 957 1320 munus
989 1281 1147 1333 passo
1192 1266 1372 1332 potius
1406 1265 1594 1318 tribuit
1641 1275 1893 1333 tanquam
1934 1263 2001 1317 ab
2027 1277 2092 1318 eo
2118 1261 2201 1315 di-

616 1371 792 1409 verso.
829 1355 1086 1420 Quamvis
1128 1356 1220 1424 qui
1268 1355 1654 1426 mysteriorum
1686 1354 1904 1423 sapiens
1936 1367 2054 1407 esse
2083 1367 2200 1407 ma-

621 1444 796 1513 gister
825 1444 972 1510 velit,
1024 1444 1293 1512 quomodo
1327 1459 1432 1497 non
1479 1458 1602 1498 eum
1647 1443 1886 1511 Oportuit
1934 1456 2092 1496 voces
2137 1455 2200 1497 ac

616 1534 916 1588 sententias
949 1549 1227 1588 sacrarum
1262 1534 1588 1588 Litterarum
1633 1542 1892 1588 accurate
1923 1533 2197 1602 colligere,

615 1635 780 1693 atque
812 1628 1054 1694 cogitare
1083 1639 1211 1681 vere
1255 1640 1378 1680 esse
1412 1625 1520 1678 Deo
1567 1625 1785 1695 dignum
1837 1625 1941 1680 hoc
1985 1640 2197 1688 munus,

617 1730 673 1773 et
708 1736 813 1773 non
848 1720 1080 1774 alienum
1114 1735 1142 1772 a
1173 1720 1382 1773 ratione
1404 1734 1524 1787 qua:
1550 1719 1668 1786 ejus
1687 1716 2039 1771 exinanitioni
2069 1730 2200 1770 con-

618 1810 785 1874 venit,
814 1825 1041 1878 eamque
1074 1811 1266 1864 decet?
1297 1810 1348 1862 ld
1385 1824 1490 1878 qua
1520 1809 1728 1863 ratione
1763 1821 1948 1861 verum
1977 1806 2198 1876 sit,jam

2301 626 2392 677 καὶ
2417 621 2496 688 εἷς
2522 643 2580 678 τε
2611 626 2742 689 Θεὸς
2775 627 2866 679 καὶ
2896 626 3182 697 ἄνθρωπος
3226 627 3255 676 6
3293 625 3659 695 Ἐμμανουήλ.
3680 623 3816 675 Ἀλλ’
3845 624 3876 674 6

2298 719 2533 788 χρηστὸς
2558 720 2736 771 οὑτοσὶ
2765 721 2863 790 τῆς
2893 720 3204 789 οἰκονομίας
3231 719 3318 772 τὸν
3344 719 3538 790 τρόπον
3562 718 3637 781 ὡς
3665 715 3875 784 ἀκαλλῆ

2297 809 2754 880 παραιτούμενος,
2790 811 3054 881 ἀποφέρει
3077 811 3171 863 τοῦ
3203 810 3337 862 Θεοῦ
3367 810 3540 876 Λόγου
3567 810 3634 861 τὰ
3667 806 3877 876 ἀνθρὼο

2298 918 2446 966 πινα,
2480 901 2543 953 ἵν’
2574 901 2747 971 ὁρῷτο
2778 902 2961 955 λοιπὸν
2995 903 3116 956 κατ’
3139 901 3328 955 οὐδένα
3352 902 3552 971 τρόπον
3585 900 3782 968 ὀνήσας
3805 896 3878 948 τὰ

2297 991 2416 1044 καθ’
2448 993 2614 1062 ἡμᾶς.
2649 994 2722 1045 υύ
2757 994 2865 1063 γάρ
2890 993 2973 1046 τοί
3015 1010 3178 1062 φησιν
3209 992 3370 1046 αὐτὸν
3396 990 3662 1061 ἐλεήμονα
3687 1005 3746 1041 τε
3778 987 3878 1040 xa't.

2299 1083 2485 1134 πιστὸν
2526 1084 2786 1154 ἀρχιερέα
2809 1084 3065 1152 ’γενέσθαι
3091 1100 3103 1113 ⁸
3134 1084 3430 1154 προσνέμει
3467 1082 3525 1134 δὲ
3565 1080 3763 1151 μᾶλλον
3795 1079 3877 1139 ὡς

2296 1173 2466 1242 ἑτέρῳ
2517 1173 2646 1244 παρ’
2677 1173 2837 1228 αὑτὸν
2884 1174 2946 1226 τὸ
2996 1177 3182 1244 χρῆμα
3223 1173 3300 1242 τῷ
3334 1170 3644 1224 πεπονθότι.
3680 1169 3877 1220 Καίτοι

2298 1263 2414 1326 πῶς
2444 1265 2543 1317 ούκ
2577 1265 2682 1316 ἔδει
2716 1265 3074 1334 μυσταγωγὸν
3118 1259 3256 1318 εἶναι
3291 1261 3511 1316 θέλοντα
3543 1259 3725 1327 σοφὸς,
3760 1257 3876 1309 τῶν

2299 1354 2358 1405 ἐν
2405 1357 2470 1423 τῇ
2523 1353 2864 1426 θεοπνεύστῳ
2913 1357 3099 1425 Γραφῇ
3155 1354 3347 1424 φωνῶν
3391 1369 3450 1405 τε
3497 1353 3590 1404 καὶ
3654 1348 3877 1402 ἐννοιῶν

2297 1445 2501 1515 ἀκριϐῆ
2539 1446 2809 1499 ποιεῖσθαι
2848 1447 2944 1516 τὴν
2985 1446 3258 1517 ἄθροισινο
3303 1446 3502 1498 ἐννοεῖν
3539 1459 3622 1506 τε,
3650 1442 3732 1493 ὅτι
3778 1439 3880 1491 καὶ

2300 1534 2602 1605 θεοπρεπὲς
2634 1537 2851 1605 ἀληθῶς
2877 1538 2937 1590 τὸ
2971 1538 3160 1608 χρῆμά
3181 1539 3318 1599 ἐστι,
3338 1536 3432 1590 καὶ
3451 1535 3552 1588 οὐκ
3581 1533 3684 1596 ἔξω
3711 1531 3879 1598 λόγου

2295 1624 2392 1677 τοῦ
2431 1629 2496 1696 τῇ
2524 1626 2747 1680 κενώσει
2772 1629 3069 1698 πρέποντός
3101 1646 3158 1682 τε
3187 1629 3280 1681 xa‘t
3308 1628 3547 1688 ἐοικότος
3570 1643 3584 1690 ;
3621 1623 3730 1676 Καὶ
3751 1623 3879 1673 τίνα.

2297 1717 2496 1787 τρόπον
2543 1718 2776 1788 ἐροῦμεν
2823 1719 3284 1791 βραχυλογοῦντες
3335 1720 3410 1781 ὡς
3454 1718 3553 1771 ἔνι.
3584 1719 3878 1784 Κατεχρη-

2299 1809 2551 1879 σμῲδησε
2583 1811 2684 1880 μὲν
2709 1811 2816 1880 γὰρ
2835 1811 2910 1874 ὡς
2940 1814 2968 1864 6
2996 1811 3102 1863 τῶν
3131 1811 3266 1864 ὅλων
3294 1810 3425 1873 Θεὸς
3452 1811 3562 1870 τοῖς
3585 1807 3878 1877 ἀρχαιοτέ-

617 1901 858 1954 dicemus
901 1916 1061 1969 quam
1114 1901 1449 1955 brevissime.
1499 1897 1633 1952 Nam
1687 1899 1776 1952 ille
1821 1901 2195 1952 universorum

2305 1917 2415 1970 ροις
2445 1901 2533 1954 τὸν
2566 1901 2748 1972 νόμον,
2786 1902 3207 1972 μεσολαϐοῦντος
3236 1902 3495 1962 Μωσέως.
3514 1899 3652 1951 Ἀλλ’
3682 1898 3781 1950 οὐκ
3804 1893 3879 1966 ἦν

620 1990 760 2042 Deus
790 1990 982 2058 priscis
1008 1990 1112 2043 illis
1142 1991 1454 2044 hominibus
1477 1990 1650 2057 legem
1678 1990 1864 2051 edidit,
1901 1990 2196 2057 interprete

617 2078 798 2145 Mose;
833 2081 924 2134 sed
953 2097 1056 2134 non
1083 2091 1200 2135 erat
1231 2095 1294 2134 ea
1323 2082 1402 2134 vis
1430 2079 1587 2147 legis,
1609 2089 1665 2132 ut
1692 2079 1782 2148 qui
1814 2078 2006 2132 vellent
2032 2078 2194 2133 etiant

617 2179 836 2237 possent
879 2169 1086 2238 integre
1117 2167 1259 2236 quod
1295 2168 1492 2221 bonum
1520 2176 1602 2220 est
1631 2169 1888 2236 perlicere
1939 2184 1952 2220 :
1996 2184 2014 2216 ι
2053 2166 2196 2220 Nihil

616 2260 760 2312 enim
789 2259 854 2311 ad
890 2260 1180 2326 perlectum
1216 2259 1438 2311 adduxit
1463 2257 1612 2310 “-".
1649 2275 1667 2308 ι
1702 2257 1808 2312 Sed
1835 2272 2007 2327 neque
2040 2258 2194 2327 culpa

620 2346 828 2400 vaeavit
867 2347 995 2398 illud
1043 2347 1192 2416 prius
1237 2356 1618 2401 testamentum
1671 2367 1684 2402 :
1745 2347 2195 2402 tninistrationem

617 2450 836 2505 quoque
865 2435 1233 2491 damnationis
1264 2437 1493 2506 appellat
1526 2453 1644 2493 eam
1675 2438 1862 2493 beatus
1901 2437 2193 2505 Paulus";

617 2525 864 2580 eumdem
899 2525 1058 2580 audio
1104 2527 1285 2582 dicere
1317 2546 1329 2581 :
1371 2546 1388 2580 ι
1425 2529 1644 2583 Scimus
1676 2529 1816 2599 quod
1861 2544 2198 2598 quaecunque

619 2618 702 2672 lex
733 2618 990 2688 loquitur,
1026 2620 1108 2672 his
1143 2621 1231 2687 qui
1266 2619 1318 2673 in
1349 2620 1464 2691 lege
1495 2632 1623 2676 sunt
1649 2622 1906 2692 loquitur,
1945 2633 2003 2676 ut
2034 2637 2198 2679 omne

617 2722 680 2764 os
703 2710 1041 2774 obstruatur,
1071 2718 1124 2763 et
1153 2711 1399 2765 subditus
1431 2714 1519 2766 ﬁat
1556 2714 1733 2767 omnis
1774 2715 2009 2770 mundus
2041 2714 2148 2768 Deo
2177 2732 2193 2770 :

617 2801 874 2869 quoniam
900 2814 965 2853 ex
986 2801 1240 2869 operibus
1260 2799 1395 2870 legis
1415 2817 1520 2856 non
1535 2801 1861 2872 justiﬁcatur
1877 2805 2052 2859 omnis
2067 2819 2197 2860 caro

625 2907 814 2946 coram
848 2891 938 2945 illo
958 2893 1038 2957 υς
1071 2910 1090 2944 ι
1126 2894 1210 2946 lex
1243 2896 1385 2947 enim
1422 2894 1555 2947 iram
1575 2896 1912 2963 operatur“,
1939 2905 1993 2951 et
2015 2897 2195 2951 littera

615 2985 814 3039 occidit
849 3002 864 3038 :
898 2993 954 3038 et
989 2991 1049 3037 ut
1092 2983 1288 3039 alicubi
1309 2982 1454 3040 'dicit
1494 2986 1635 3038 idem
1662 2985 1747 3040 "z
1785 3003 1804 3038 ι
1835 2986 2045 3041 lrritam
2073 2986 2197 3056 quis

620 3077 823 3131 faciens
846 3076 1018 3145 legem
1043 3074 1198 3143 Mosi,
1222 3075 1341 3131 sine
1369 3076 1474 3129 nlla
1499 3076 1848 3131 miseratione
1875 3078 2082 3132 duobus
2107 3078 2195 3133 vel

621 3171 793 3226 tribus
821 3169 1054 3224 testibus
1085 3172 1309 3223 moritur
1331 3167 1397 3220 ³ο.
1431 3185 1449 3218 ι
1481 3166 1615 3222 Cum
1643 3181 1773 3238 ergo
1805 3169 1890 3222 lex
1916 3169 2196 3223 damnaret

618 3269 932 3331 peccantes,
966 3267 1020 3313 et
1053 3268 1352 3315 extremum
1388 3273 1770 3327 nonnunquam
1801 3258 2121 3329 supplicium
2146 3260 2199 3314 in

620 3360 1031 3407 contemnentes
1050 3351 1385 3412 decerneret,
1409 3358 1462 3403 et
1482 3348 1628 3402 nullo
1653 3349 1810 3402 modo
1829 3351 2196 3414 miseraretur,

619 3443 889 3514 quomodo
929 3455 1038 3494 non
1073 3449 1192 3495 erat
1236 3442 1539 3495 necessaria
1585 3441 1895 3495 hominibus
1946 3441 1997 3493 in
2041 3443 2199 3495 terris

621 3533 902 3603 agentibus
947 3531 1036 3585 illa
1086 3530 1369 3586 clementis
1415 3541 1470 3584 et
1517 3531 1883 3585 misericordis
1930 3531 2198 3599 pontilicis

620 3624 939 3691 declaratio,
978 3623 1070 3692 qui
1115 3623 1401 3677 maledicto
1445 3622 1602 3676 linem
1636 3623 1955 3691 imponeret,
2005 3623 2197 3691 przeci-

619 3716 877 3784 deretque
915 3713 1225 3778 vindictam,
1277 3725 1329 3766 et
1373 3728 1466 3768 eos
1514 3713 1604 3782 qui
1655 3722 2026 3782 peccaverant,
2083 3713 2198 3768 cle-

620 3807 784 3858 menti
829 3804 1045 3873 gratia,
1097 3802 1439 3870 benignaque
1514 3811 1645 3856 nutu
1691 3801 1986 3856 liberaret?
2032 3820 2049 3853 ι
2089 3802 2198 3872 Ego

618 3895 788 3960 enim,
816 3894 1010 3963 inquit,
1037 3909 1154 3949 sum
1181 3894 1270 3962 qui
1305 3895 1456 3947 deleo
1487 3893 1802 3961 iniquitates
1831 3901 1968 3957 tuas,
2003 3903 2057 3947 et
2090 3908 2195 3947 non

620 3986 943 4042 recordabur
974 3984 1038 4036 ³⁸.
1092 3982 1390 4050 Justiﬁcatil
1425 3999 1656 4052 namque
1702 3997 1886 4036 sumus
1936 3982 2058 4049 ﬁde,
2090 3997 2196 4037 non

617 4093 677 4132 ev
719 4077 972 4146 operibus
1003 4075 1151 4143 legis,
1174 4073 1293 4143 74
1326 4084 1382 4126 ιιι
1409 4074 1666 4143 scriptum
1703 4074 1870 4129 est”.
1901 4091 1920 4126 ι
1951 4072 2008 4128 In
2034 4087 2193 4144 quem

619 4170 781 4238 igitur
823 4168 1107 4222 credentes
1151 4166 1552 4232 justilicatnur?
1599 4181 1780 4220 nonne
1826 4167 1878 4220 in
1928 4181 2049 4220 eum
2103 4167 2197 4235 qui

621 4270 836 4331 propter
870 4275 967 4313 nos
999 4267 1230 4312 mortem
1275 4259 1567 4312 secundum
1599 4273 1818 4312 carnem
1851 4273 2040 4326 passus
2069 4259 2198 4313 est?

622 4367 726 4404 non
760 4353 811 4404 iu
839 4366 1004 4404 unum
1043 4349 1327 4403 Dominum
1356 4347 1537 4403 .lesutn
1579 4347 1895 4402 Christum?
1924 4363 2025 4401 non
2054 4364 2199 4401 mor-

621 4451 727 4496 tem
767 4442 883 4510 ejus
912 4443 1317 4502 annuntiantes,
1350 4449 1407 4493 et
1441 4439 1902 4494 resurrectionem
1933 4437 2198 4493 conﬁten-

620 4545 699 4588 tes
722 4534 986 4602 redempti
1029 4532 1255 4587 sumus?
1287 4533 1341 4586 Si
1381 4531 1542 4601 igitur
1579 4530 1630 4583 in
1664 4531 1931 4584 hominem
1968 4546 2134 4584 unum
2165 4545 2197 4585 e

621 4627 772 4679 nobis
812 4625 1155 4688 credidimus,
1198 4639 1259 4678 ac
1294 4640 1396 4676 tton
1429 4623 1604 4692 potius
1643 4623 1693 4673 itt
1741 4621 1929 4686 Deum,
1959 4621 2196 4676 hominis

617 4718 862 4771 adoratio
891 4719 995 4771 erit
1030 4732 1091 4771 ea
1137 4730 1222 4771 res
1264 4715 1381 4769 sine
1418 4713 1600 4777 dubio,
1631 4722 1684 4765 et
1722 4711 1853 4764 nihil
1895 4712 2060 4767 aliud.
2093 4713 2191 4767 Sin

622 4809 768 4863 illum
803 4824 965 4864 carne
993 4825 1213 4879 passum
1252 4807 1418 4860 Deum
1449 4819 1566 4858 esse
1592 4802 1878 4865 credimus,
1908 4804 1996 4872 qui
2032 4805 2194 4859 etiam

621 4913 804 4954 noster
835 4901 1088 4954 sacerdos
1121 4899 1192 4954 sit
1220 4899 1416 4959 l'actus,
1451 4894 1599 4949 nullo
1631 4895 1790 4948 modo
1814 4896 1863 4947 in
1888 4911 2078 4949 errore
2103 4911 2194 4950 sn-

623 5008 762 5055 mus,
794 4993 886 5046 sed
935 4993 1108 5060 ipsum
1154 5007 1218 5045 ex
1264 4991 1375 5043 Deo
1412 4987 1643 5040 Verbum
1681 4987 1951 5040 hominem
1993 4986 2191 5041 factum

623 5085 964 5156 agnoscimus
991 5103 1004 5139 :
1033 5086 1220 5151 sicque
1249 5099 1277 5135 a
1308 5081 1461 5135 nobis
1495 5079 1626 5133 ﬁdes
1661 5079 1713 5132 in
1753 5078 1915 5131 Deum
1943 5077 2196 5144 exigitur,

618 5180 708 5247 qui
756 5192 853 5231 nos
887 5194 913 5229 a
961 5177 1198 5230 vindicta
1234 5174 1446 5236 eximit,
1493 5181 1548 5226 et
1599 5181 1940 5240 peccatorum
1992 5170 2200 5238 laqueis

636 5357 638 5359 ’
688 5356 814 5395 "-"
853 5354 1014 5407 llebr.
1041 5367 1136 5413 \‘ll,
1189 5353 1272 5405 19.
1351 5350 1397 5380 ’⁸
1429 5349 1466 5401 ll
1497 5349 1624 5401 Cor.
1649 5363 1708 5402 ιιι
1734 5387 1749 5409 ,
1793 5346 1845 5399 7.

619 5442 681 5491 ι,
705 5426 794 5480 28.
871 5424 913 5456 ³¹
949 5425 1048 5476 lsa.
1078 5437 1229 5486 suit,
1250 5420 1343 5474 9.5.
1423 5421 1466 5451 ³³
1498 5418 1671 5473 Galat.
1699 5434 1757 5480 ιι,
1790 5418 1871 5470 16.

1923 5348 1965 5378 ’⁷
1999 5347 2152 5402 Rom.
2184 5363 2238 5402 Ill
2262 5388 2275 5405 .
2319 5350 2397 5409 I9,
2439 5349 2529 5400 9.0.
2607 5347 2652 5378 ³⁸
2677 5347 2831 5401 Rom.
2859 5362 2931 5412 tv,
2965 5346 3044 5398 l5.

2302 1991 2360 2042 ἐν
2388 1991 2537 2060 νόμῳ
2566 1991 2626 2043 τδ
2657 1991 2912 2044 δύνασθαι
2941 1991 3237 2063 κατορθοῦν
3263 1993 3374 2054 τοῖς
3415 1990 3690 2043 ἐθέλουσιν
3718 1989 3879 2057 ἀμω-

2305 2081 2488 2150 μήτως
2509 2083 2569 2134 τὸ
2589 2083 2792 2150 ἀγαθόν
2811 2101 2823 2113 ·
2855 2102 2872 2132 ι
2886 2084 3212 2136 Τετελείωκε
3231 2082 3338 2152 γὰρ
3359 2081 3530 2133 οὐδέν.
3546 2099 3564 2131 ›
3589 2079 3728 2131 Ἀλλ’
3752 2077 3880 2130 οὐδὲ

2303 2169 2591 2239 ἄμεμπτος
2613 2166 2679 2240 ἦν
2696 2175 2728 2241 ἡ
2760 2171 2948 2243 πρώτη
2983 2173 3234 2242 διαθήκη.
3255 2171 3590 2240 Κατάκριμα
3620 2171 3674 2222 δὲ
3697 2170 3883 2222 διακοο

2302 2260 2420 2322 νίας
2446 2259 2580 2329 (2οἻ
2599 2261 2880 2331 ὠνόμαζεν
2899 2261 3068 2331 αὐτὴν
3083 2264 3109 2315 6
3129 2263 3405 2330 πάνσοφος
3428 2259 3636 2322 Παῦλος
3653 2275 3666 2288 ο
3693 2257 3883 2312 ἀκούω

2302 2347 2356 2400 δὲ
2382 2348 2630 2416 λέγοντος
2649 2367 2662 2380 ο
2705 2369 2722 2401 ι
2753 2350 2988 2419 Οἴδαμεν
3022 2351 3103 2404 ὃτι
3131 2351 3272 2404 ὃσαό
3293 2351 3457 2420 νόμος
3480 2349 3650 2417 λέγει,
3676 2349 3788 2409 τοῖς
3815 2348 3880 2399 ὲν

2301 2437 2378 2508 τῷ
2407 2438 2556 2510 νόμῳ
2585 2439 2750 2507 λέγει,
2785 2439 2869 2492 ἵνα
2898 2441 3004 2492 πᾶν
3045 2442 3214 2509 στόμα
3246 2443 3451 2510 φραγῇ,
3487 2438 3582 2491 καὶ
3625 2437 3880 2499 ὑπόδικος

2304 2527 2522 2596 γένηται
2550 2529 2658 2588 πᾶς
2684 2529 2713 2580 ό
2741 2527 2942 2598 κόσμος
2968 2527 3046 2598 τῷ
3071 2527 3190 2598 Θεῷ
3207 2545 3221 2559 °
3246 2528 3381 2582 διότι
3409 2527 3466 2594 ἐξ
3502 2527 3679 2597 ἔργων
3708 2526 3878 2596 νόμου

2302 2618 2362 2671 ού
2391 2616 2808 2689 δικαιωθήσεται
2826 2619 2974 2672 πᾶσα
2993 2618 3130 2690 σὰρξ
3158 2618 3389 2672 ἐνώπιον
3405 2618 3591 2672 αὑτοῦ.
3618 2637 3634 2667 ι
3659 2619 3881 2687 Κατερ-

2301 2712 2524 2780 γάξεται
2557 2712 2666 2782 γὰρ
2699 2714 2727 2766 6
2759 2713 2921 2782 νόμος
2948 2714 3027 2777 είς
3047 2712 3234 2784 ὀργὴν,
3267 2711 3360 2764 καὶ
3386 2709 3448 2763 τὸ
3475 2709 3710 2779 γράμμα
3737 2709 3880 2760 ἀπο·

2303 2805 2518 2858 κτείνειο
2541 2804 2634 2857 καὶ
2653 2803 2728 2868 ὥς
2745 2806 2845 2859 πού
2861 2822 3021 2876 φησιν
3045 2805 3224 2867 αὐτός·
3254 2824 3271 2855 ι
3305 2804 3596 2870 Ἀθετήσας
3610 2817 3692 2862 τις
3715 2801 3880 2868 νόμον

2301 2897 2564 2961 Μωσέως,
2593 2897 2762 2967 χωρὶς
2794 2897 3114 2970 οἰκτιρμῶν.
3150 2897 3244 2949 ἐπὶ
3272 2895 3425 2948 δυσὶν
3461 2894 3494 2962 ἢ
3522 2893 3703 2963 τρισὶν
3738 2892 3867 2960 μάρ-

2303 3005 2455 3042 τυσιν
2488 2989 2838 3059 ἀποθνήσκει.
2869 3009 2887 3042 ι
2923 2990 3353 3062 Κατακρίνοντος
3379 2988 3556 3041 τοίνυν
3587 2984 3682 3038 τοῦ
3710 2985 3878 3053 νόμου

2303 3079 2431 3142 τοὺς
2456 3079 2892 3150 ἁμαρτάνοντας,
2918 3079 3012 3134 καὶ
3037 3080 3135 3150 τὴν
3165 3079 3401 3149 ἐσχάτην
3426 3077 3540 3131 ἐσθ’
3563 3078 3651 3130 ὅτε
3682 3076 3878 3146 ποινὴν

2303 3165 2681 3237 καθορίζοντος
2708 3167 2815 3220 τῶν
2845 3169 3214 3239 ἠμεληκότων,
3250 3168 3346 3222 καὶ
3383 3166 3501 3219 κατ’
3531 3166 3722 3220 οὐδένα
3755 3166 3880 3236 τρό-

2306 3273 2407 3308 πον
2438 3255 2822 3325 οίκτείραντος,
2855 3256 2970 3319 πῶς
2992 3257 3090 3309 οὐκ
3109 3256 3380 3324 ἀναγκαία
3401 3259 3513 3319 τοῖς
3540 3255 3632 3308 ἐπὶ
3651 3254 3752 3325 τῆς
3770 3254 3878 3323 γῆς

2303 3350 2337 3420 ἡ
2361 3348 2452 3401 τοῦ
2473 3349 2904 3419 φιλοικτίρμονος
2925 3348 3018 3400 καὶ
3040 3347 3326 3418 ὲλεήμονος
3351 3346 3561 3416 ἀληθῶς
3577 3345 3880 3416 ἀρχιερέως

2306 3439 2579 3504 ἀνάδειξις
2621 3437 2725 3509 ἦν;
2758 3439 3023 3501 παύοντος
3069 3438 3167 3508 μὲν
3198 3438 3296 3508 τὴν
3331 3438 3470 3508 ἀράν
3491 3452 3503 3465 ·
3540 3437 3877 3490 ἀνακόπτον-

2304 3546 2395 3592 τος
2419 3529 2475 3582 δὲ
2503 3532 2598 3599 τὴν
2629 3530 2783 3598 δίκην
2805 3545 2818 3559 ·
2856 3531 2947 3581 καὶ
2985 3529 3416 3591 ἀπαλλάττοντος
3459 3529 3584 3591 τοὺς
3630 3531 3881 3598 ἡμαρτη-

2305 3619 2487 3684 κότας,
2522 3618 2880 3688 ἁμνησικόικῳ
2912 3617 3112 3688 χάριτι,
3154 3619 3248 3670 καὶ
3277 3620 3390 3681 τοῖς
3435 3617 3493 3682 ἐξ
3539 3619 3880 3688 ἡμερότητος

2304 3710 2593 3779 νεύμασιν;
2639 3729 2656 3760 ‹
2680 3707 2821 3776 Ἐγὼ
2871 3710 2998 3780 γὰρ,
3035 3710 3220 3779 φησὶν,
3252 3710 3368 3778 είμὶ
3398 3711 3426 3763 ό
3453 3709 3748 3776 ἐξαλείφων
3779 3708 3879 3770 τὰς

2305 3802 2534 3872 ἀνομίας
2585 3820 2699 3867 σου,
2745 3805 2839 3856 καὶ
2907 3804 2967 3857 ού
3017 3804 3088 3874 μὴ
3139 3804 3536 3875 μνησθήσομαι.
3589 3802 3880 3856 Δεδικαιιίι-

2310 3892 2450 3962 μεθα
2469 3892 2576 3962 γὰρ
2600 3895 2656 3945 ὲν
2680 3893 2861 3946 πίστει
2894 3894 2986 3946 καὶ
3007 3894 3104 3946 οὐκ
3127 3893 3188 3957 ἐξ
3204 3893 3378 3964 ἔργων
3400 3893 3587 3964 νόμου,
3611 3911 3627 3942 ι
3656 3891 3796 3944 κατά
3817 3890 3880 3943 τὸ

2303 3987 2709 4056 γεγραμμένον.
2761 3987 2856 4049 Εἰς
2892 3987 3014 4039 τίνα
3048 3985 3110 4056 δὴ
3145 3982 3234 4038 οὖν
3266 3983 3613 4047 πιστεύοντες
3641 3983 3881 4036 δικαιου-

2308 4077 2482 4147 μεθα;
2510 4079 2608 4130 οὐκ
2639 4081 2716 4141 είς
2746 4078 2835 4131 τὸν
2867 4077 3104 4130 παθόντα
3133 4077 3197 4130 δι’
3229 4079 3374 4147 ἡμᾶς
3409 4075 3499 4128 τὸν
3527 4075 3663 4128 κατά
3698 4075 3880 4145 σάρκα.

2306 4169 2562 4235 θανατονς
2593 4171 2692 4222 ούκ
2724 4172 2802 4233 είς
2827 4171 2924 4222 ἕνα
2949 4171 3151 4240 Κύριον
3186 4169 3391 4239 Ἰησοῦν
3418 4167 3676 4238 Χριστόνς
3702 4168 3762 4219 ού
3786 4167 3878 4218 τὸν

2306 4261 2533 4316 θάνατον
2556 4262 2718 4314 αὑτοῦ
2745 4261 3224 4330 καταγγέλλοντες,
3253 4261 3346 4312 καὶ
3369 4258 3753 4330 ὁμολογοῦντες
3777 4257 3879 4327 τὴν

2304 4354 2598 4407 ἀνάστασιν
2633 4352 3044 4423 λελυτρώμεθα;
3078 4353 3140 4404 Et
3190 4351 3288 4421 μὲν
3333 4346 3426 4404 οὖν
3473 4350 3550 4411 είς
3589 4348 3876 4416 ἄνθρωπον

2304 4443 2411 4497 τῶν
2444 4443 2566 4497 καθ’
2587 4445 2618 4514 ἡ
2629 4446 2735 4514 μᾶς
2764 4445 2860 4496 ἕνα
2883 4441 3346 4511 πεπιστεύκαμεν,
3381 4439 3474 4493 καλ⁸
3505 4441 3624 4509 οὐχὶ
3651 4439 3716 4510 δὴ
3747 4436 3880 4508 μᾶλ·

2229 4572 2277 4632 D
2305 4535 2395 4590 λον
2423 4539 2502 4600 είς
2531 4537 2683 4603 Θεὸν,
2721 4534 3196 4607 ἀνθρωπολατρεία
3231 4533 3291 4585 τὸ
3323 4533 3532 4602 χρῆμα,
3570 4531 3663 4583 καὶ
3689 4530 3877 4599 ἕτερον

2301 4627 2452 4680 οὐδὲν
2486 4626 2948 4697 ὁμολογουμένως.
2973 4627 3035 4677 El.
3061 4625 3118 4678 δὲ
3140 4623 3269 4675 Θεὸν
3296 4619 3436 4676 εἶναι
3459 4621 3550 4673 τὸν
3571 4619 3877 4672 πεπονθότα

2305 4718 2471 4788 σαρκὶ
2503 4718 2851 4787 πιστεύομεν,
2882 4717 2938 4779 ὃς
2972 4717 3065 4770 xal.
3103 4716 3320 4783 γέγονεν
3360 4712 3516 4782 ήμῶν
3545 4710 3835 4780 ἀρχιερεύς
3857 4727 3870 4739 ⁸

2304 4809 2697 4879 πεπλανήμεθα
2729 4808 2826 4876 μὲν
2857 4807 2976 4860 κατ’
3006 4806 3196 4859 οὐδένα
3229 4805 3426 4874 τρόπον
3447 4818 3460 4832 ’
3497 4801 3782 4870 ἄνθρωπον
3818 4799 3875 4851 δὲ

2303 4899 2565 4966 γεγονότα
2597 4898 2688 4950 τὸν
2727 4898 2791 4949 ὲκ
2828 4895 2961 4948 Θεοῦ
2996 4896 3166 4961 Λόγον
3199 4891 3659 4960 ὲπιγινώσκομεν’
3701 4889 3876 4958 πράτ⁸

2303 5006 2452 5040 τεται
2481 4988 2536 5040 δὲ
2561 4988 2699 5039 οὕτω
2737 4986 2873 5056 πρὸς
2905 4985 3059 5054 ἡμῶν
3090 4985 3122 5051 ἡ
3154 4982 3338 5044 πίστις
3366 4983 3445 5041 είς
3474 4979 3626 5042 Θεὸν,
3659 4978 3750 5029 τὸν
3771 4976 3876 5039 ἔξω

2299 5081 2515 5132 τιθέντα
2573 5080 2767 5148 δίκης,
2823 5077 2917 5130 καὶ
2965 5073 3248 5145 ἁμαρτιῶν
3298 5070 3706 5124 ἀπαλλάττοντα
3750 5068 3875 5128 τοὺς

2302 5171 2585 5232 ὲναλόντας
2610 5171 2818 5233 αὑταῖς.
2851 5189 2866 5220 ι
2891 5169 3044 5236 Ἔχει
3074 5168 3181 5237 γάρ
3211 5165 3457 5231 ἐξουσίαν
3484 5166 3511 5215 6
3535 5163 3648 5224 υἱδς
3673 5160 3763 5213 τοῦ
3785 5162 3873 5211 ἀν-

3122 5343 3223 5409 ²⁹,ΙΙ
3249 5344 3376 5397 (lor.
3405 5359 3479 5403 III,
3505 5339 3556 5391 6.
3638 5339 3680 5368 ³³
3717 5337 3847 5389 "ch.

1889 5568 2049 5623 ANT.
2094 5567 2178 5620 AG
2191 5565 2362 5619 ELLll
2404 5564 2630 5620 ΝΟΤἉΕ.

692 5743 825 5810 (20⁸)
857 5741 1077 5794 Videtur
1105 5738 1282 5810 lapsus
1311 5735 1525 5800 notarii,
1550 5750 1671 5788 cum
1698 5730 1871 5787 Graeci
1897 5730 2050 5785 codd.
2098 5725 2196 5783 Nov

2300 5725 2594 5782 'cstamenti
2640 5723 2894 5790 habeant,
2934 5723 3178 5778 διακονία
3221 5723 3625 5794 κατακρίσεως,
3663 5731 3714 5777 et
3747 5721 3873 5778 item

622 5809 814 5867 Latina
838 5812 1000 5864 editio
1038 5809 1267 5877 vulgata.
