4166 6512
280 376 410 430 ’155

1418 364 1790 422 ADVERSUS
1828 365 2231 424 NESTORIUM
2273 366 2404 422 LIB.
2448 364 2534 418 lli.

3460 364 3560 420 135

292 492 515 559 θρώπου
545 488 639 541 καὶ
669 486 763 541 ἐπὶ
788 486 888 556 τῆς
915 486 1016 557 γῆς
1047 485 1267 555 ἀφιέναι
1300 485 1593 555 ἁμαρτίας,
1627 504 1644 536 ι
1674 485 1749 548 ὥς
1774 502 1877 538 που

1987 488 2287 555 implicatos
2318 486 2525 546 ,liberal
2557 504 2568 538 :
2610 503 2626 535 ι
2652 484 2822 539 liabet
2855 484 3000 539 enim
3028 491 3346 553 potestatem
3394 482 3562 541 Filius

290 584 390 633 καὶ
424 579 586 641 αὑτός
610 594 774 649 φησιν
795 594 807 606 ·
845 575 1306 647 ἀντιπαραθέντες
1337 576 1515 628 τοίνυν
1542 578 1609 647 τῇ
1630 576 1717 628 διὰ
1742 578 1873 645 Χρι-

294 672 422 724 στοῦ
447 670 692 741 σωτηρίᾳ
722 669 816 722 καὶ
842 669 1046 739 χάριτι,
1071 666 1170 737 τῆς
1197 667 1451 736 νομικῆς,
1474 666 1775 736 ἀποτομίας
1797 668 1875 721 ἵν’

290 762 467 824 οὕτως
515 763 654 813 είπω
686 758 751 812 τὸ
798 758 1025 829 ἀπηνὲς,
1071 756 1340 826 ἐλεήμονά
1378 773 1560 826 φαμεν
1611 757 1873 829 ἀρχιερέα

290 851 543 920 γενέσθαι
568 846 936 921 ΧριστόνΪΗν
973 849 1073 919 μὲν
1098 847 1207 917 γὰρ
1240 847 1333 900 καὶ
1360 846 1474 899 ἔστι
1503 846 1635 910 Θεὸς
1671 847 1875 915 ἀγαθὸς

289 944 357 1012 τῇ
387 941 566 1010 φύσει,
596 938 991 1009 φιλοικτίρμων
1014 954 1073 989 τε
1107 937 1201 990 καὶ
1229 937 1473 1006 ἐλεήμων
1494 936 1617 989 ἀεί’
1654 937 1749 989 καὶ
1775 937 1875 989 οὐκ

288 1036 352 1086 ἐν
383 1034 559 1103 χρόνῳ
586 1030 745 1085 τοῦτο
767 1031 1007 1098 γέγονεν,
1040 1028 1152 1081 ἀλλ’
1176 1030 1255 1091 εἰς
1284 1029 1432 1098 ἡμᾶς
1463 1027 1674 1099 ἐδείχθη
1702 1027 1876 1080 τοιοῦ-

290 1141 409 1187 τος.
441 1123 871 1193 Κατωνόμασται
900 1121 956 1174 δέ
986 1120 1193 1183 πιστὸς,
1222 1121 1298 1183 ώς
1330 1119 1505 1190 μένων
1532 1120 1560 1172 ὅ
1589 1121 1736 1171 ἐστιν
1764 1119 1873 1184 ἀεὶ,

290 1214 438 1267 κατά
486 1229 550 1280 γε
597 1211 656 1264 τὸ
704 1210 995 1282 εἰρημένον
1028 1212 1138 1263 καὶ
1174 1210 1261 1262 ἐπ’
1292 1208 1456 1263 αὐτοῦ
1490 1209 1582 1262 τοῦ
1618 1210 1830 1280 Πατρός
1858 1228 1872 1240 ⁸

296 1324 316 1356 ι
351 1304 549 1366 Πιστὸς
596 1302 652 1355 δὲ
680 1304 707 1355 6
739 1301 892 1365 Θεὸς,
922 1301 981 1365 ὃς
1022 1301 1122 1354 οὐκ
1165 1301 1314 1353 ἐάσει
1358 1302 1505 1371 ἡμᾶς
1552 1302 1874 1373 πειραθῆναι

291 1397 435 1467 ὑπὲρ
459 1395 488 1447 ὃ
515 1392 807 1464 δυνάμεθα.
840 1411 859 1444 ›
903 1391 1111 1445 Οὐκοῦν
1141 1392 1387 1461 ἐλεήμων
1426 1391 1536 1463 ἄρα
1562 1393 1658 1445 καὶ
1687 1391 1876 1454 πιστὸς

303 1484 620 1556 Ἀρχιερεὺς
653 1485 731 1545 εἰς
751 1484 900 1553 ἡμᾶς
930 1483 1151 1552 γέγονεν
1183 1486 1212 1536 6
1257 1484 1629 1555 Ἐμμανουήλυ
1657 1483 1732 1548 ὡς
1764 1483 1873 1556 γὰρ

266 1576 324 1630 ’ὁ
368 1575 575 1639 Παῦλός
609 1590 794 1644 φησιν,
828 1592 847 1623 ι
880 1575 944 1626 Ol
994 1574 1090 1643 μὲν
1133 1573 1379 1636 πλείονές
1423 1576 1559 1627 εἰσιν
1601 1575 1875 1645 ἀρχιερεῖς

291 1668 600 1737 γεγονότες,
635 1666 721 1718 διά
753 1664 832 1729 τὸ,
867 1664 1078 1734 θανάτῳ
1112 1663 1416 1718 κωλύεσθαι
1446 1665 1782 1736 παραμένειν
1802 1683 1815 1695 ·
1847 1666 1876 1718 ὁ

294 1761 388 1825 δὲ,
415 1758 503 1812 διὰ
546 1757 606 1810 τὸ
638 1758 821 1827 μένειν
862 1754 1024 1809 αὑτὸν
1063 1756 1143 1818 εἰς
1183 1755 1275 1808 τὸν
1302 1756 1494 1817 αἰῶνα,
1524 1755 1876 1827 ἀπαράϐατον

1982 580 2217 634 hominis
2239 580 2400 633 etiam
2430 581 2481 632 in
2514 588 2655 632 terra
2687 577 2989 632 dimittendi
3025 587 3279 644 peccata;
3311 597 3328 628 ι
3361 587 3418 632 ιιι
3447 580 3561 648 ipse

1982 670 2111 725 dicit
2139 668 2332 724 alicubi
2361 670 2425 722 ³³.
2460 668 2595 723 Cum
2627 667 2795 739 igitur
2828 667 3017 735 legalis
3047 668 3372 735 severitatis,
3404 679 3461 722 ut
3488 671 3559 723 ita

1983 760 2187 827 dicam,
2235 760 2586 816 acerbitatem
2646 773 2769 814 cum
2822 758 3021 814 Christi
3071 757 3246 812 salute
3293 767 3348 811 ct
3390 759 3559 826 gratia

1982 864 2381 919 comparamus,
2412 850 2645 905 dicimus
2678 848 3081 913 misericordem
3123 847 3439 903 Pontificem
3478 849 3560 902 fa—

1982 952 2126 996 ctum
2162 941 2330 997 fuisse
2358 940 2658 997 Christum.
2689 940 2815 995 Fuit
2847 941 2990 996 enim
3023 949 3077 995 et
3103 949 3188 994 est
3219 939 3358 994 Deus
3391 940 3565 994 bonus

1982 1045 2047 1085 ex
2077 1041 2293 1096 natura,
2332 1031 2570 1086 clemens
2606 1031 2732 1085 item
2769 1044 2981 1101 semper
3014 1045 3078 1084 ac
3112 1030 3442 1096 misericors,
3472 1046 3567 1085 ne-

1982 1135 2086 1190 que
2115 1121 2235 1176 talis
2261 1121 2313 1175 in
2350 1131 2591 1189 tempore
2621 1122 2816 1185 evasit,
2869 1120 2963 1176 sed
2997 1120 3260 1189 ejusmodi
3304 1130 3389 1175 est
3435 1135 3563 1189 erga

1984 1227 2083 1266 nos
2124 1222 2394 1268 ostensus.
2436 1212 2750 1283 Appellatus
2795 1221 2880 1266 est
2910 1219 3087 1265 autem
3133 1211 3327 1274 tidelis,
3374 1220 3433 1265 ut
3473 1213 3563 1280 qui

1982 1311 2198 1356 maneat
2244 1316 2458 1372 semper
2504 1305 2644 1372 quod
2680 1311 2781 1368 est,
2830 1310 2889 1354 ut
2918 1303 3080 1356 etiam
3133 1302 3199 1357 de
3248 1303 3365 1371 ipso
3409 1301 3566 1356 Patre

1983 1388 2185 1447 dictum
2210 1403 2294 1448 est
2321 1410 2333 1446 :
2366 1411 2384 1445 ι
2406 1392 2607 1448 Fidelis
2630 1403 2811 1447 autem
2840 1395 3006 1458 Deus,
3031 1394 3120 1462 qui
3153 1409 3258 1449 non
3293 1396 3567 1465 permittet

1984 1498 2084 1538 nos
2113 1486 2310 1539 tentari
2347 1500 2509 1553 supra
2551 1501 2712 1550 quam
2752 1500 3041 1556 possumus
3083 1486 3150 1540 ³⁵.
3183 1505 3204 1539 ι
3240 1487 3382 1557 Ergo
3404 1488 3569 1543 mise-

1983 1575 2156 1631 ricors
2176 1586 2229 1630 et
2247 1576 2418 1631 fidelis
2445 1576 2697 1631 Pontifex
2722 1577 2773 1631 in
2799 1594 2898 1631 nos
2924 1577 3099 1633 factus
3118 1587 3203 1633 est
3228 1578 3566 1635 Emmanuel.

1983 1664 2056 1720 Ut
2088 1667 2231 1720 enim
2270 1666 2469 1721 Paulus
2502 1668 2579 1722 ait
2608 1685 2622 1722 :
2662 1686 2680 1720 ι
2716 1668 2904 1724 Plures
2932 1670 3056 1723 facti
3092 1679 3218 1725 sunt
3257 1672 3569 1727 sacerdotes

1982 1770 2047 1811 eo
2068 1761 2209 1826 quod
2234 1768 2404 1812 morte
2434 1759 2853 1827 prohiberentur
2879 1774 3197 1831 permanere
3223 1780 3236 1816 :
3272 1763 3361 1816 hic
3385 1772 3566 1817 autem

294 1851 414 1921 ἔχει
447 1850 544 1919 τὴν
576 1846 903 1918 ἱερωσύνηνο
931 1844 1054 1899 ὅθεν
1082 1844 1178 1898 καὶ
1203 1843 1398 1909 σώζειν
1423 1847 1502 1907 εἰς
1529 1845 1589 1897 τὸ
1620 1845 1879 1909 παντελὲς

1987 1862 2047 1903 eo
2083 1851 2225 1919 quod
2270 1859 2488 1906 maneat
2532 1851 2585 1905 in
2635 1861 2923 1918 aeternum,
2968 1854 3356 1923 sempiternum
3405 1855 3570 1909 habet

294 1946 523 1998 δύναται
564 1944 691 2006 τοὺς
739 1938 1212 2011 προσερχομένους
1263 1938 1333 1990 δι’
1379 1937 1545 1992 αὑτοῦ
1600 1938 1679 2007 τῷ
1724 1937 1877 2008 Θεῷ·

295 2036 534 2091 πάντοτε
577 2034 685 2098 ζῶν
716 2035 795 2097 εἰς
832 2032 893 2085 τὸ
926 2030 1275 2101 ἐντυγχάνειν
1309 2030 1449 2100 ὑπὲρ
1476 2028 1673 2081 αὐτῶν.
1706 2047 1723 2080 ι
1759 2028 1883 2081 Ὀτι

294 2131 358 2185 δὲ
388 2128 666 2201 μεμένηκε
689 2126 821 2191 Θεὸς
846 2128 874 2180 6
900 2127 964 2179 ἐκ
984 2124 1194 2196 Πατρὸς
1216 2124 1407 2193 Λόγος,
1440 2124 1617 2177 καίτοι
1642 2122 1884 2193 γεγονὼς

300 2222 503 2292 ἰερεὺς,
530 2219 671 2273 κατά
700 2219 761 2273 τὸ
786 2217 1194 2290 γεγραμμένον,
1221 2216 1311 2269 διὰ
1340 2216 1400 2269 τὸ
1428 2215 1635 2288 πρέπον
1654 2218 1720 2286 τῇ
1747 2214 1886 2285 μετά

299 2312 508 2383 σαρκὸς
560 2309 844 2380 οἰκονομίᾳ
894 2308 1084 2379 σχῆμά
1126 2325 1187 2360 τε
1233 2308 1330 2361 καὶ
1383 2307 1601 2377 μέτρον,
1630 2306 1884 2378 ἀποχρῶν

296 2405 435 2473 ἡμῖν
466 2402 546 2463 εἰς
583 2399 953 2470 πληροφορίαν
979 2402 1008 2452 6
1032 2396 1126 2451 τοῦ
1169 2398 1441 2469 μακαρίου
1478 2396 1690 2450 Παύλου
1729 2397 1886 2465 γεγέ-

303 2509 461 2563 νηται
506 2490 851 2559 Λόγος.Ἔφη
894 2490 1004 2558 γὰρ
1052 2488 1249 2542 πάλινο
1288 2507 1306 2539 ι
1339 2487 1649 2556 Κεφάλαιον
1689 2487 1746 2539 δὲ
1792 2487 1886 2539 ἐπὶ

290 2585 413 2645 τοῖς
459 2580 788 2651 εἰρημένοις,
820 2579 1059 2632 τοιοῦτον
1093 2578 1290 2649 ἔχομεν
1319 2578 1597 2649 ἀρχιερέα,
1624 2578 1682 2641 ὃς
1724 2576 1885 2631 ἐκάθ-

290 2689 417 2725 ισεν
447 2672 507 2725 ἐν
540 2670 688 2741 δεξιᾷ
720 2669 814 2722 τοῦ
846 2669 1035 2739 θρόνου
1082 2670 1181 2740 τῆς
1228 2668 1616 2739 μεγαλωσύνης
1666 2670 1725 2721 ἐν
1771 2670 1885 2731 τοῖς

283 2763 572 2833 οὐρανοῖς,
601 2762 706 2814 τῶν
735 2761 905 2829 ἀγίων
946 2760 1262 2830 λειτουργὸς
1288 2760 1381 2812 καὶ
1419 2759 1522 2829 τῆς
1552 2760 1755 2830 σκηνῆς
1786 2760 1885 2831 τῆς

290 2853 598 2923 ἀληθινῆς,
627 2852 695 2923 ἣν
726 2852 925 2922 ἔπηξεν
953 2853 981 2903 6
1019 2851 1222 2921 Κύριος
1252 2850 1352 2904 καὶ
1397 2851 1497 2903 οὐκ
1530 2850 1833 2921 ἄνθρωπος.
1858 2870 1877 2903 ι

299 2944 499 3015 Ἀθρει
531 2943 595 3015 δὴ
620 2939 733 3009 οὖν,
763 2942 916 3013 ἄθρει
958 2942 1051 2996 τὸν
1093 2944 1157 2995 ἐκ
1178 2941 1309 2995 Θεοῦ
1338 2941 1512 3011 φύντα
1544 2941 1735 3009 Λόγον,
1769 2940 1884 2995 δια-

292 3036 583 3105 πρέποντα
618 3035 717 3106 μὲν
757 3035 832 3099 ὡς
862 3033 993 3088 Θεὸν
1033 3036 1153 3097 ταῖς
1197 3033 1530 3104 ὑπερτάταις
1574 3032 1882 3098 εὑκλείαις,

291 3127 400 3180 καὶ
426 3129 486 3181 ἐν
513 3129 624 3190 τοῖς
649 3126 748 3198 τῆς
778 3125 1031 3197 θεότητος
1066 3125 1282 3189 θώκοις,
1306 3123 1691 3195 ἱερουργοῦντα
1714 3124 1771 3177 δὲ
1792 3126 1884 3178 τὸν

1984 1941 2382 2006 sacerdotium;
2423 1943 2566 1997 unde
2599 1954 2652 1997 et
2682 1944 2895 1997 salvare
2944 1945 2996 1999 in
3030 1956 3346 2013 perpetuum
3394 1956 3568 2015 potest

1986 2032 2307 2085 accedentes
2343 2045 2438 2100 per
2470 2033 2642 2100 ipsum
2686 2034 2751 2087 ad
2798 2032 2987 2100 Deum,
3028 2049 3243 2104 semper
3277 2036 3467 2090 vivens
3498 2036 3567 2090 ad

1986 2120 2437 2190 interpellandum
2491 2137 2587 2191 pro
2619 2124 2696 2177 eis
2730 2122 2797 2176 ⁸⁵.
2842 2142 2860 2175 ι
2910 2121 3079 2177 Porro
3120 2124 3245 2178 illud
3290 2139 3357 2178 ex
3404 2123 3569 2179 Patre

1988 2210 2222 2266 Verbum
2251 2213 2520 2266 mansisse
2560 2211 2746 2277 Deum,
2787 2215 3032 2282 quamvis
3063 2213 3240 2269 factus
3285 2215 3355 2269 sit
3383 2230 3566 2271 sacer.

1987 2303 2106 2368 dos,
2143 2313 2200 2356 ut
2246 2301 2504 2372 scriptum
2536 2312 2641 2369 est,
2675 2315 2895 2373 propter
2933 2304 3177 2359 habitum
3220 2315 3383 2375 atque
3417 2323 3569 2363 meno

1986 2410 2170 2449 suram
2214 2393 2288 2448 illi
2330 2408 2451 2448 cum
2494 2407 2658 2449 carne
2700 2393 3090 2463 dispensationi
3131 2396 3565 2463 convenientem,

1987 2486 2132 2541 beati
2178 2485 2332 2540 Pauli
2378 2486 2541 2540 verba
2584 2496 2709 2541 sunt
2754 2487 2820 2540 ad
2856 2487 3027 2541 fidem.
3061 2485 3360 2541 faciendam
3394 2489 3566 2543 satis:

1986 2577 2123 2630 dixit
2157 2577 2301 2631 enim
2340 2591 2554 2631 rursum
2582 2594 2597 2630 :
2630 2595 2649 2628 ι
2678 2576 2986 2645 Capitulum
3016 2590 3144 2630 vero
3164 2591 3326 2645 super
3348 2576 3431 2630 bis
3449 2593 3571 2648 quae

1988 2667 2127 2720 dicta
2164 2675 2311 2730 sunt,
2353 2666 2514 2721 talem
2552 2666 2813 2721 habemus
2855 2664 3171 2720 Pontilicem
3216 2667 3308 2735 qui
3342 2667 3481 2722 sedit
3514 2667 3567 2721 in

1986 2758 2209 2812 dextera
2234 2758 2377 2812 sedis
2409 2758 2795 2828 magnitudinis
2824 2758 2879 2810 in
2913 2757 3087 2823 ctelis,
3128 2768 3438 2812 sanctorum
3469 2759 3571 2814 mi-

1987 2849 2181 2910 nister.
2225 2858 2279 2903 et
2308 2848 2645 2903 tabernaculi
2694 2850 2830 2917 veri,
2861 2851 3007 2919 quod
3061 2849 3180 2905 fixit
3227 2849 3485 2907 Dominus
3514 2860 3571 2905 et

1987 2955 2093 2993 non
2126 2939 2287 2993 homo
2315 2939 2382 2994 ⁸⁸.
2425 2958 2444 2990 ι
2485 2939 2617 2995 Vide
2652 2938 2815 3009 igitur
2850 2954 3031 3008 quaeso
3070 2938 3198 2993 illud
3229 2955 3295 2994 ex
3332 2938 3443 2994 Deo
3479 2956 3573 3009 ge-

1987 3032 2158 3085 nitum
2190 3028 2424 3085 Verbum
2453 3044 2575 3083 cum
2618 3030 3066 3100 prmstantissima
3102 3030 3269 3099 gloria
3316 3042 3571 3103 tanquam

1990 3123 2127 3178 Deus
2148 3117 2441 3192 praceliat,
2455 3129 2511 3176 et
2529 3121 2581 3175 in
2600 3120 2726 3174 sede
2743 3120 3037 3176 divinitatis
3054 3122 3308 3188 emineat,
3323 3126 3571 3181 eumdem

270 3218 466 3272 «αὑτὸν
505 3218 582 3280 ὡς
609 3218 926 3289 ἄνθρωπον·
962 3216 1057 3269 καὶ
1097 3217 1197 3269 οὐκ
1239 3216 1482 3285 ἐπίγειον
1526 3214 1647 3269 τινὰ
1695 3215 1885 3269 θυσίαν

1990 3214 2292 3270 sacerdotio
2316 3212 2468 3284 fungi
2494 3224 2748 3283 tanquam
2776 3214 3048 3269 hominem
3076 3230 3089 3243 ·
3112 3229 3287 3283 neque
3304 3225 3569 3272 terrentur

295 3308 743 3379 προσκομίζοντα
776 3305 851 3377 τῷ
878 3307 1073 3377 Πατρὶ,
1104 3306 1254 3359 θείαν
1284 3305 1341 3361 δὲ
1386 3304 1586 3374 μᾶλλον
1637 3307 1731 3360 καὶ
1762 3323 1885 3379 νοη-

297 3398 425 3469 τὴν,
448 3400 542 3452 καὶ
569 3398 774 3468 σκηνὴν
797 3396 983 3469 ὥσπερ
1010 3397 1171 3465 ἁγίαν
1201 3396 1390 3467 έχοντα
1418 3397 1509 3450 τὸν
1537 3398 1786 3468 οὐρανόν.
1808 3399 1883 3452 06

297 3490 418 3559 γὰρ
451 3489 592 3542 κατά
619 3490 780 3558 νόμον
816 3489 1035 3557 ἐντολῆς
1074 3488 1335 3558 σαρκίνης
1364 3488 1585 3556 γέγονεν
1623 3490 1651 3540 6
1694 3491 1884 3559 ἀρχιε-

303 3582 459 3652 ρεὺς,
489 3578 623 3632 ἀλλά
669 3579 810 3632 κατά
857 3579 1087 3649 δύναμιν
1139 3578 1286 3646 ζωῆς
1329 3578 1690 3640 ἀκαταλύτου,
1745 3579 1886 3632 καθὰ

298 3672 640 3740 γέγραπται.
672 3669 868 3731 Πιστὸς
901 3665 993 3722 οὖν
1023 3670 1129 3740 ἄρα
1162 3669 1256 3721 καὶ
1287 3668 1430 3721 κατά
1458 3669 1633 3732 τοῦτο,
1660 3672 1885 3733 καὶτοῖς

300 3759 626 3830 προσιοῦσιν
665 3760 943 3830 ἐχέγγυος,
980 3760 1058 3823 είς
1090 3776 1153 3827 γε
1185 3759 1246 3811 τὸ
1289 3757 1551 3812 δύνασθαι
1589 3761 1682 3812 καὶ
1739 3761 1883 3830 μάλα

302 3851 512 3922 ῥᾳδίως
551 3850 832 3914 διασώζειν
870 3849 1099 3913 αὐτούς·
1153 3849 1344 3919 αἵματι
1376 3850 1486 3920 γὰρ
1529 3850 1608 3921 τῷ
1644 3849 1756 3920 ἰδίῳ
1791 3850 1887 3905 καὶ

303 3943 414 4013 μιᾷ
442 3942 725 4011 προσφορᾷ
753 3940 1102 3993 τετελείωκεν
1125 3941 1201 4003 εἱς
1225 3938 1287 3991 τὸ
1309 3939 1549 4009 διηνεκὲς
1574 3939 1700 4002 τοὺς
1726 3941 1886 4009 ἁγια-

299 4032 593 4103 ζομένους.
627 4033 788 4085 Τουτὶ
834 4032 944 4102 γάρ
992 4028 1146 4099 οἶμαι
1192 4030 1386 4101 δηλοῦν
1433 4030 1523 4084 τὸν
1574 4032 1718 4103 ἱερὸν
1755 4034 1885 4103 ήμῖν

298 4123 539 4190 λέγοντα
565 4120 780 4173 Παῦλον
799 4134 812 4149 ο
848 4140 867 4171 ι
891 4120 979 4171 Ἑν
1008 4110 1192 4188 ᾤ’γάρ
1220 4116 1483 4170 πέπονθεν
1509 4117 1669 4180 αὐτὸς
1694 4135 1887 4189 πειρα-

298 4211 497 4272 σθείς,
548 4209 771 4262 δύναται
824 4211 935 4270 τοῖς
984 4206 1398 4278 πειραζομένοις
1450 4206 1732 4277 βοηθῆσαι.
1766 4226 1783 4258 ι
1821 4208 1863 4259 Τ
1870 4206 1885 4259 ί

298 4301 490 4356 τοίνυν
516 4304 645 4371 ἡμῖν
674 4300 781 4353 τῶν
810 4301 889 4363 εἰς
912 4298 1192 4352 εὐσέϐειαν
1215 4296 1509 4368 ἀφειδήσας
1535 4300 1771 4362 ἐννοιῶν,
1793 4300 1887 4352 καὶ

298 4393 421 4448 τῶν
454 4395 535 4456 είς
564 4392 831 4463 ὀρθότητα
866 4392 961 4445 καὶ
992 4390 1250 4459 ἀλήθειαν
1282 4391 1652 4462 ἀποφοιτήσας
1690 4392 1884 4461 λόγων,

312 4488 380 4539 '0
416 4484 620 4550 παθὼν,
650 4486 833 4555 φησὶν,
872 4468 1158 4553 ἀρχιερεὺς
1200 4482 1445 4552 ἐλεήμων
1468 4500 1481 4512 ·
1516 4482 1755 4553 παθητὸς
1780 4484 1836 4536 δὲ
1855 4485 1884 4537 6

297 4576 460 4640 ναὸς,
490 4576 589 4645 οὐχ
610 4578 638 4627 6
668 4573 928 4639 ζωοποιὸς
949 4571 1043 4624 τοῦ
1068 4571 1397 4635 πεπονθότος
1431 4571 1596 4637 Θεός;
1626 4573 1748 4626 Ὅτι
1792 4573 1889 4643 μὲν

296 4664 406 4722 οὖν
439 4666 603 4737 σαρκὶ
636 4664 904 4718 πέπονθεν
934 4662 1075 4717 ἐκὼν
1096 4663 1163 4716 δι’
1193 4664 1340 4733 ἡμᾶς
1367 4664 1395 4716 6
1419 4663 1511 4715 τοῦ
1535 4662 1670 4716 Θεοῦ
1696 4662 1889 4731 Λόγος,

298 4760 367 4809 ἐν
412 4756 526 4825 ἰδίῳ
554 4754 730 4825 καιρῷ
773 4754 1115 4825 δειχθήσεται
1135 4769 1149 4784 ·
1182 4750 1264 4806 ὄτί
1293 4753 1351 4805 δὲ
1388 4752 1600 4823 μερίζει
1633 4752 1724 4805 τὸν
1750 4752 1892 4822 ἀμέ-⁸

301 4864 521 4921 ριστον,
555 4847 648 4899 καὶ
675 4846 769 4899 δύο
802 4847 1092 4917 πρεσϐεύει
1119 4846 1384 4916 Χριστοὺς
1407 4847 1473 4913 τῇ
1499 4843 1606 4896 τῶν
1633 4843 1777 4896 ἰδίων
1807 4845 1897 4895 ἐνο

296 4938 473 4992 νοιῶν
493 4938 739 5008 δυνάμει,
765 4938 867 4991 κᾶν
892 4940 941 4991 εί
977 4938 1156 5006 φαίνοι
1183 4936 1243 4988 τό
1270 4952 1371 4988 που
1398 4935 1631 5001 Χριστὸν
1673 4934 1769 4986 ἕνα
1804 4933 1892 4986 λέ-

296 5047 448 5099 γων,
481 5029 632 5082 οὐδὲν
661 5025 823 5101 ἦττον
863 5028 1253 5099 ἐλεγχθήσεται
1306 5026 1402 5080 καὶ
1441 5024 1532 5079 διὰ
1572 5025 1681 5077 τῶν
1732 5025 1892 5090 εὐθὺς

296 5118 761 5188 ἐπενηνεγμένων
782 5135 794 5147 ·
820 5117 926 5187 ἔφη
949 5118 1057 5188 γάρ
1092 5116 1253 5171 πάλιν
1270 5133 1306 5161 ’ς

383 5210 442 5282 [ι
473 5210 703 5279 Σπέρμα
752 5209 1001 5278 Ἀϐραὰμ
1042 5210 1070 5260 6
1106 5207 1234 5277 χθὲς
1277 5208 1371 5261 καὶ
1401 5208 1639 5279 σήμερον
1660 5246 1674 5269 ,
1706 5225 1723 5256 ι
1753 5204 1894 5258 κατά

296 5304 412 5373 τὴν
437 5301 531 5353 τοῦ
560 5300 774 5353 Παύλου
805 5300 1010 5371 φωνήν,
1034 5300 1130 5369 οὐχ
1152 5299 1180 5349 6
1200 5300 1395 5368 λέγων,
1425 5319 1443 5350 ι
1470 5300 1605 5369 Πρὶν
1644 5296 1894 5367 ’Λϐραάμ

298 5392 590 5461 γενέσθαι,
643 5389 754 5458 ἐγώ
799 5392 934 5461 εἰμι.
961 5408 979 5441 ι
1032 5392 1253 5460 Ὅμοιος
1295 5393 1408 5453 τοῖς
1454 5389 1702 5457 ἀδελφοῖς
1757 5387 1899 5440 κατὰ

298 5487 513 5547 πάντα,
566 5482 805 5554 ὁλψυχῆς
846 5481 1193 5553 ἀνθρωπίνης
1241 5481 1336 5533 καί¹
1368 5480 1571 5551 σαρκὸς
1609 5476 1896 5532 ἀναλαϐὼν

382 5662 429 5695 ⁵³
463 5662 593 5716 an.
621 5676 670 5724 ι’,
696 5662 787 5717 24.
862 5663 907 5694 ³³
940 5662 961 5714 ῐ
990 5662 1116 5717 Cor.
1144 5676 1197 5720 x,
1227 5659 1310 5712 l5.
1385 5659 1427 5690 ³⁸
1461 5658 1621 5712 llehr.
1650 5673 1748 5717 vn,
1770 5657 1885 5711 25-3

2038 5656 2082 5689 ³⁸
2117 5655 2279 5714 Hebr.
2306 5674 2418 5726 vtn,
2446 5660 2497 5723 1,
2521 5659 2575 5714 2.

1986 3307 2222 3375 aliquam
2249 3306 2519 3359 victimam
2547 3304 2694 3359 Patri
2731 3304 2947 3369 offerre,
2975 3305 3082 3375 75
3116 3306 3208 3360 sed
3236 3307 3469 3362 divinam
3507 3323 3572 3365 ac

1984 3393 2306 3463 spiritalem,
2335 3403 2391 3447 et
2418 3408 2517 3460 pro
2544 3401 2732 3446 sancto
2757 3394 3105 3449 tabernaculo
3127 3395 3323 3449 malum
3349 3398 3570 3454 habere.

1984 3482 2105 3538 Non
2141 3485 2287 3539 enim
2321 3484 2618 3539 secundum
2652 3482 2823 3552 legem
2864 3486 3100 3540 mandati
3133 3488 3370 3543 carnalis
3397 3488 3573 3544 facrts

1984 3589 2065 3631 ρει
2087 3576 2366 3639 sacerdos,
2402 3574 2496 3629 sed
2520 3576 2812 3630 secundum
2839 3577 3090 3631 virtutem
3115 3578 3236 3632 vita-
3253 3580 3569 3645 insolubilis,

1986 3678 2045 3721 ut
2099 3668 2361 3737 scriptum
2415 3675 2499 3722 est
2537 3667 2606 3724 ".
2671 3667 2873 3722 Fidelis
2922 3678 3007 3722 est
3055 3668 3216 3738 igitur
3264 3671 3429 3725 etiam
3472 3673 3573 3729 hac

1986 3758 2217 3822 ratione,
2265 3767 2321 3812 et
2354 3757 2741 3812 accedentibus
2784 3756 3067 3826 ﬁdejussor
3093 3761 3159 3813 ad
3195 3760 3424 3816 salutent
3465 3764 3575 3819 illis

1984 3859 2039 3903 et
2069 3849 2286 3918 quidem
2314 3847 2571 3905 facillime
2592 3852 2953 3919 praestandam
2983 3868 2997 3905 :
3025 3852 3288 3920 sanguine
3308 3853 3449 3907 enim
3475 3870 3576 3910 suo

1987 3951 2042 3996 et
2064 3956 2168 3994 una
2193 3939 2470 3995 oblatione
2498 3943 2890 3995 consummavit
2914 3942 2965 3994 in
2982 3950 3243 3995 aeternum
3263 3945 3574 3999 sanctifica-

1990 4042 2106 4087 tos:
2138 4030 2193 4086 id
2221 4046 2453 4101 namque
2484 4032 2639 4087 nobis
2667 4032 2881 4086 beatum
2902 4031 3126 4085 Paulum
3150 4033 3453 4103 significare
3478 4052 3576 4105 pu—

1989 4134 2063 4189 to,
2084 4140 2203 4177 cum
2230 4124 2357 4178 dicit
2382 4139 2395 4176 :
2425 4141 2443 4175 ι
2476 4123 2529 4179 ln
2549 4138 2654 4193 quo
2681 4123 2822 4178 enim
2851 4138 3038 4192 passus
3065 4133 3150 4177 est
3174 4125 3287 4191 ipse
3312 4133 3572 4191 tentatus,

1987 4227 2178 4286 potens
2200 4226 2279 4271 est
2304 4216 2384 4271 eis
2411 4216 2501 4285 qui
2534 4222 2830 4278 tentantur,
2851 4215 3099 4269 auxiliari
3134 4215 3197 4270 ³⁸.
3230 4234 3248 4267 ›
3280 4217 3387 4271 Cur
3413 4218 3576 4288 igitur

1987 4307 2187 4377 pietate
2226 4306 2618 4361 sententiarum
2654 4303 2925 4372 neglecta,
2963 4313 3019 4358 et
3048 4320 3078 4358 a
3126 4306 3288 4360 rectis
3320 4310 3575 4378 verisque

1987 4395 2335 4452 sermonibus
2372 4395 2695 4462 abscedens,
2726 4394 2829 4460 Qui
2857 4408 3047 4464 passus
3076 4403 3177 4460 εει,
3212 4396 3403 4464 inquit,
3431 4395 3576 4451 Pon-

1993 4486 2121 4542 tifex
2155 4495 2241 4541 est
2281 4486 2372 4541 ille
2418 4485 2747 4551 misericors,
2796 4485 3015 4554 patihile
3060 4501 3191 4541 vero
3228 4486 3398 4555 ipsum
3441 4497 3577 4543 tem-

1992 4577 2163 4648 plum,
2196 4592 2301 4632 non
2344 4576 2433 4632 ille
2476 4575 2782 4631 vivificator
2814 4577 2954 4646 passi
2999 4576 3177 4630 Deus?
3206 4576 3382 4632 Carne
3412 4578 3577 4647 igitur

1994 4677 2187 4738 sponte
2225 4677 2444 4738 propter
2476 4682 2573 4723 nos
2599 4680 2815 4736 passum
2844 4681 2963 4721 esse
2992 4666 3163 4734 ipsum
3191 4666 3281 4721 Dei
3314 4665 3572 4734 Verbum,

1993 4775 2093 4815 suo
2125 4768 2367 4828 tempore
2401 4754 2859 4813 demonstrabitur
2898 4775 2913 4812 :
2946 4758 3039 4812 sed
3082 4758 3411 4811 individuum
3439 4759 3576 4813 divi-

1996 4851 2146 4913 dere,
2173 4852 2413 4918 duosque
2444 4849 2690 4904 Christos
2721 4863 2789 4903 ex
2820 4849 2870 4904 vi
2915 4863 3135 4904 suarum
3183 4851 3573 4905 sententiarum

1995 4939 2311 5009 przedicare,
2328 4940 2541 4994 tametsi
2565 4940 2889 5009 quandoque
2912 4954 3076 4992 unum
3095 4937 3371 4994 Christum
3394 4942 3576 4996 dicere

1999 5028 2271 5091 videatur,
2306 5027 2656 5082 nihilominus
2683 5043 2750 5082 ex
2775 5028 2859 5082 his
2882 5040 3002 5098 qua:
3028 5026 3210 5081 statim
3237 5028 3417 5095 infert,
3446 5043 3576 5083 con-

2000 5116 2244 5171 vineetur
2274 5134 2287 5170 :
2313 5117 2449 5170 dixit
2477 5119 2619 5172 enim
2652 5132 2858 5172 rursus.
2889 5134 2905 5172 :

2072 5206 2337 5279 [Νεετοιι.
2369 5226 2387 5260 ι
2414 5209 2610 5264 Semen
2644 5208 2918 5263 Abraham
2950 5210 2995 5265 is
3023 5218 3109 5265 est
3142 5209 3233 5278 qui
3262 5208 3378 5262 heri
3407 5218 3489 5262 est
3523 5218 3577 5263 et

2003 5298 2184 5365 hodie,
2215 5318 2234 5352 ι
2264 5309 2320 5353 ιιι
2345 5298 2545 5354 Paulus
2563 5298 2744 5364 ait’”,
2766 5315 2869 5353 non
2897 5301 2985 5370 qui
3012 5301 3141 5355 dixit
3172 5318 3185 5354 :
3216 5319 3233 5351 ι
3260 5300 3574 5367 Priusquam

2000 5391 2273 5446 Abraham
2310 5393 2485 5457 fieret,
2518 5407 2617 5461 ego
2642 5407 2759 5446 sum
2788 5393 2852 5448 ³9.
2881 5411 2899 5445 ι
2934 5390 3139 5447 Similis
3177 5389 3436 5443 fratribus
3481 5403 3578 5456 per

2001 5483 2183 5539 omnia
2200 5482 2268 5549 ‘°,
2289 5485 2382 5554 qui
2411 5485 2658 5539 humanae
2685 5484 2954 5554 animieet
2973 5483 3153 5539 carnis
3179 5480 3574 5536 fraternitatem

2676 5659 2719 5691 ³⁷
2761 5658 2927 5714 llcbr.
2955 5672 3049 5725 vn,
3071 5657 3163 5709 25.
3239 5654 3282 5686 ³⁸
3324 5653 3487 5708 llebr.
3512 5666 3579 5721 tl,

301 5738 403 5793 18.
479 5734 543 5763 ³⁸⁵
584 5732 745 5787 llebr.
774 5734 946 5798 xm,8.
1024 5732 1066 5762 ³⁹
1097 5730 1252 5784 Joan.
1282 5744 1395 5793 vni,
1423 5729 1509 5782 58.
1586 5728 1630 5759 ⁸ο
1668 5727 1829 5782 llebr.
1856 5743 1915 5794 tt,
1939 5727 2028 5783 77.
