4166 6518
630 379 730 434 155

1661 373 1718 428 S.
1761 370 2035 429 CYRILLI
2074 368 2539 427 ALEXANDRINI
2579 367 2898 423 ARCHIEP.

3786 370 3889 423 156

627 494 892 567 suscepit,
923 508 1030 551 non
1057 495 1149 551 ille
1195 495 1286 565 qui
1336 494 1510 548 dixit:
1555 514 1573 547 ι
1616 493 1715 562 Qui
1746 494 1881 549 vidit
1929 510 2035 559 me,
2063 494 2195 547 vidit

2299 492 2654 560 ἀδελφότητα,
2671 491 2767 561 οὐχ
2787 491 2816 541 6
2830 491 3002 558 λέγων
3029 506 3045 522 ·
3084 492 3140 543 Ὀ
3156 491 3409 561 ἑωρακὼς
3430 494 3545 562 ἐμὲ,
3567 492 3777 563 ἑώρακε
3792 494 3884 546 τὸν

627 600 681 644 ct
702 589 918 644 Patrem
948 588 1018 643 “.
1045 607 1064 640 ι
1102 586 1302 642 Missus
1331 597 1413 641 est
1440 595 1621 641 autem
1655 585 1741 639 ille
1776 585 1931 639 nobis
1966 586 2201 639 consub-

628 679 933 744 stantialis,
982 690 1038 734 et
1062 688 1255 733 unctus
1295 686 1375 731 est
1404 677 1711 745 praedicans
1742 677 1973 746 captivis
2012 675 2200 729 remis-

628 770 834 826 sionem
869 777 925 824 et
969 769 1127 823 caecis
1175 767 1417 821 visum“
1463 784 1482 817 ι
1522 766 1757 835 Spiritus
1797 766 1942 820 enim
1987 764 2200 819 Domini

628 875 791 931 super
828 874 913 914 me
934 898 949 924 ,
979 868 1202 929 propter
1228 859 1372 929 quod
1412 858 1567 912 unxit
1596 871 1701 912 me.
1735 854 1784 927 ι]

1287 992 1441 1049 CAP.
1485 991 1571 1047 111.

706 1127 908 1182 Dividit
942 1142 1073 1197 ergo
1102 1140 1315 1181 rursum
1350 1126 1402 1179 in
1437 1126 1589 1187 duos.
1621 1132 1677 1178 ut
1702 1123 2046 1194 perspicuum
2077 1131 2197 1177 est:

630 1219 776 1289 atqui
812 1220 1081 1287 quomodo
1132 1232 1241 1272 non
1279 1217 1622 1272 convinceris
1659 1215 1910 1269 animalis
1961 1228 2103 1278 esse,
2150 1223 2204 1267 et

628 1312 877 1380 spiritum
922 1325 1027 1363 non
1057 1309 1280 1371 habere,
1325 1318 1385 1361 ut
1440 1308 1515 1362 ait
1564 1307 1654 1360 ille
1688 1306 1989 1379 Salvatoris
2029 1304 2201 1359 nostri

630 1400 963 1470 discipulus?
1004 1397 1108 1453 Sed
1143 1402 1225 1453 vis
1250 1410 1401 1452 certe
1432 1382 1545 1465 ipsa
1576 1396 1822 1450 veritatis
1856 1396 1962 1448 tuis
1999 1394 2201 1457 verbis,

628 1495 777 1562 oqui
812 1494 881 1546 ita
938 1492 1130 1554 sentis,
1182 1496 1467 1558 repugnat.
1516 1486 1626 1541 Nos
1680 1487 1824 1541 enim
1872 1486 2203 1540 aﬂirmamus

634 1586 807 1652 ipsum
839 1598 903 1637 ex
940 1583 1050 1637 Deo
1081 1582 1242 1635 Patre
1290 1579 1521 1633 Verbum
1551 1577 1972 1648 apprehendisse
2016 1590 2200 1630 semen

632 1676 927 1738 Abraham,
961 1683 1015 1727 et
1043 1688 1196 1727 suum
1248 1670 1442 1725 fecisse
1486 1685 1685 1739 corpus
1714 1669 1896 1722 anima
1943 1666 2200 1722 rationali

632 1767 937 1837 praditnm,
970 1765 1125 1831 illud,
1160 1764 1412 1833 inquam,
1440 1776 1506 1815 ex
1547 1770 1731 1815 sancta
1786 1759 2003 1831 Virgine
2053 1774 2202 1814 sum-

2303 582 2545 653 Πατέρα.
2578 603 2596 634 ι
2678 581 2980 653 ’Δπεστάλη
3032 581 3089 634 δὲ
3140 584 3167 635 6
3221 583 3351 653 ἡμῖν
3417 583 3735 652 όμοούσιος,
3789 587 3882 637 καὶ

2302 675 2582 743 κέχρισται
2611 672 2897 744 κηρύττων
2914 671 3280 742 αἰχμαλώτοις
3300 674 3517 743 ἄφεσιν,
3544 675 3638 728 καὶ
3660 674 3881 744 τυφλοῖς

2302 761 2616 831 ἀνὰσλεψιν.
2655 781 2673 813 ι
2696 760 2921 831 Πνεῦμα
2956 761 3064 833 γὰρ
3091 762 3299 832 Κυρίου
3330 764 3417 817 ἐπ’
3451 765 3573 832 ἐμὲ,
3611 757 3672 817 οὗ
3696 766 3880 818 ἕνεκεν

2303 850 2485 921 ἔχρισε
2529 867 2616 921 με.
2652 869 2669 902 ι
2702 851 2717 923 ]

2906 988 3156 1042 ΚΕΦΑΛ.
3206 989 3246 1042 Γ
3248 994 3279 1043 ’.

2374 1118 2604 1189 Διορίζει
2633 1114 2726 1173 οὖν
2756 1121 2836 1182 εἰς
2879 1119 2974 1173 δύο
3011 1121 3075 1192 δὴ
3118 1122 3300 1187 πάλιν,
3345 1123 3442 1177 καὶ
3479 1125 3623 1195 μάλα
3653 1128 3873 1195 σαφῶς·

2302 1203 2421 1261 εἶτα
2475 1209 2593 1271 πῶς
2626 1210 2725 1263 οὐκ
2772 1211 3056 1281 ὲλήλεγξαι
3094 1213 3323 1283 ψυχικὸς
3364 1217 3454 1268 καὶ
3522 1217 3739 1287 πνεῦμα
3802 1222 3876 1289 μὴ

2302 1298 2462 1367 ἔχων,
2510 1301 2654 1353 καθὰ
2697 1318 2831 1370 φησι
2885 1302 2978 1354 τοῦ
3014 1304 3266 1374 Σωτῆρος
3310 1306 3339 1357 6
3394 1306 3676 1378 μαθητής;
3738 1310 3878 1362 Ἀλλ’

2302 1388 2397 1456 ἦτε
2429 1388 2440 1459 [
2470 1389 2554 1442 lo'.
2593 1390 2626 1460 ἦ
2668 1390 2772 1462 γε]
2805 1393 2901 1461 τῆς
2932 1394 3188 1463 ἀληθείας
3230 1395 3458 1466 δύναμις
3493 1403 3606 1462 τοῖς
3651 1403 3781 1464 σοῖς,
3830 1396 3875 1454 ὦ

2301 1470 2476 1541 οὗτος,
2506 1479 2847 1543 ἀντιτάξεται
2873 1481 3068 1549 λόγοις.
3099 1484 3551 1554 Διῖσχυριζόμεθα
3583 1489 3689 1559 γὰρ
3717 1491 3879 1543 αὐτὸν

2302 1570 2394 1621 τὸν
2429 1572 2491 1623 ἐκ
2524 1569 2659 1623 Θεοῦ
2703 1572 2914 1643 Πατρός
2959 1575 3129 1642 Λόγον
3174 1576 3525 1631 ἐπιλαϐέσθαι
3569 1582 3877 1652 σπέρματος

2317 1660 2584 1733 Ἀϐραὰμ,
2634 1663 2726 1716 καὶ
2777 1665 2905 1717 ἴδιον
2947 1667 3273 1737 ποιήσασθαι
3322 1668 3481 1738 σῶμα
3522 1670 3699 1741 ψυχὴν
3740 1672 3878 1740 ἔχων

2304 1752 2321 1824 [
2343 1755 2424 1805 (cr.
2464 1753 2619 1826 ἔχον]
2670 1755 2767 1825 τὴν
2804 1756 3048 1828 λογικὴν,
3092 1759 3151 1810 τὺ
3182 1762 3243 1812 ὲκ
3274 1762 3372 1830 τῆς
3398 1762 3556 1828 ἁγίας
3602 1763 3876 1833 Παρθένου

630 1832 781 1922 ptum
820 1870 835 1905 :
869 1853 1051 1921 itaque
1082 1865 1177 1920 per
1213 1866 1395 1904 veram
1424 1850 1676 1903 unionem
1703 1864 1872 1902 unum
1921 1850 2195 1903 eumdem-

2302 1846 2503 1913 ληφθὲν
2534 1848 2711 1916 σῶμα.
2753 1849 2861 1901 Kal.
2887 1849 2949 1919 δὴ
2988 1851 3110 1903 καθ’
3141 1852 3332 1905 ἕνωσιν
3355 1854 3549 1924 ἀληθῆ,
3581 1832 3760 1908 ἕναῗτε
3783 1859 3878 1909 καὶ

629 1958 734 2013 que
760 1944 987 1997 dicimus
1018 1956 1141 1997 esse
1172 1942 1321 1994 illum
1363 1942 1478 1995 heri
1509 1952 1564 1995 et
1587 1941 1747 1996 hodie
1800 1950 1857 1994 et
1891 1941 1944 1993 in
1976 1939 2195 2004 saecula,

627 2035 720 2104 qui
756 2034 1049 2087 secundum
1102 2033 1440 2087 divinitatem
1481 2041 1603 2086 erat
1646 2042 1773 2085 ante
1820 2030 2116 2094 Abraham,
2145 2041 2200 2085 ct

628 2127 718 2197 qui
759 2136 941 2195 postea
992 2124 1171 2179 factus
1229 2134 1314 2179 est
1345 2126 1531 2188 homo,
1586 2134 1641 2177 et
1683 2123 2087 2192 generationem
2132 2137 2198 2176 ex

630 2219 857 2272 muliere
911 2217 1101 2271 subiit.
1169 2214 1282 2269 Non
1339 2229 1472 2283 ergo
1528 2213 1788 2267 mentitur
1839 2228 1961 2266 cum
2014 2213 2194 2268 dicit:

635 2326 655 2359 ι
691 2308 863 2361 Amen
896 2308 1020 2361 dico
1051 2307 1203 2361 vobis
1230 2344 1244 2369 ,
1295 2306 1613 2375 priusquam
1670 2305 1948 2359 Abraham
2008 2303 2196 2371 ﬁeret,

628 2413 731 2470 ego
761 2413 899 2453 sum.
946 2415 967 2450 ι
1007 2396 1113 2451 Sed
1141 2398 1260 2452 iste
1283 2412 1505 2466 prorsus
1538 2412 1644 2450 non
1670 2395 2197 2464 intelligitquidnam

631 2489 761 2543 illud
788 2490 879 2553 sit,
915 2489 1029 2542 heri
1054 2496 1109 2542 et
1154 2489 1317 2541 hodie
1363 2496 1417 2541 et
1446 2488 1499 2540 in
1556 2487 1754 2542 saecula
1781 2503 1795 2541 :
1825 2486 1935 2556 76
1990 2502 2111 2540 nam
2144 2496 2201 2540 ut

628 2589 891 2636 aternum
927 2594 1050 2634 esse
1095 2589 1151 2633 et
1184 2578 1374 2633 eodem
1426 2579 1587 2633 modo
1642 2580 1844 2634 habere
1891 2584 2195 2633 secundum

630 2681 905 2733 naturam,
935 2684 1111 2738 neque
1161 2670 1524 2735 conversioni,
1571 2671 1969 2738 mutationique
2018 2670 2201 2737 subju-

627 2772 753 2812 cere
782 2758 873 2811 Dei
910 2755 1141 2812 Verbum
1174 2760 1503 2823 ostenderet,
1546 2761 1711 2813 etiam
1747 2761 1793 2814 si
1830 2762 2005 2814 factus
2029 2761 2190 2814 homo

626 2848 742 2914 sit,
798 2856 1011 2915 tempus
1050 2862 1209 2902 omne
1265 2848 1519 2903 distinxit
1567 2849 1620 2903 in
1671 2849 1770 2903 tria
1824 2863 2110 2919 tempora,
2144 2859 2199 2904 et

627 2939 767 3002 beri,
801 2939 865 2992 de
912 2939 1183 3006 praeterito
1221 2938 1397 3005 dixit;
1432 2941 1498 2993 de
1549 2941 1845 3008 praesenti,
1884 2943 2041 2995 hodie
2079 2958 2092 3007 ;
2134 2946 2199 2996 de

628 3030 848 3092 futuro,
880 3030 931 3083 in
963 3029 1215 3084 saeculum
1263 3048 1276 3082 :
1313 3030 1417 3083 iste
1464 3046 1593 3085 vero
1631 3031 1934 3099 imperitus,
1972 3032 2088 3085 heri
2140 3042 2198 3086 et

628 3123 787 3177 hodie
818 3130 1071 3191 tanquam
1103 3122 1169 3176 de
1198 3124 1471 3175 communi
1507 3123 1725 3176 homine
1749 3122 1817 3174 ab
1844 3137 1909 3176 eo
1942 3122 2180 3187 dicatur,

625 3213 949 3281 insipienter
986 3212 1262 3276 allirmat,
1325 3228 1429 3266 non
1482 3213 1792 3282 intelligens
1833 3227 2057 3280 prorsus
2103 3229 2197 3266 au-

624 3298 912 3365 tiquiorem
941 3298 1087 3350 illum
1133 3308 1189 3351 et
1220 3300 1454 3365 priorem
1490 3315 1584 3353 sua
1636 3300 1804 3367 ipsius
1846 3302 2194 3368 generatione

623 3403 656 3441 a
687 3402 751 3442 se
773 3388 1132 3457 pronuntiari,
1163 3388 1431 3454 siquidem
1462 3396 1582 3442 erat
1604 3390 1829 3443 omnino
1855 3391 2021 3443 etiam
2052 3391 2194 3454 heri,

622 3481 765 3547 quod
790 3477 1045 3548 preteriti
1071 3479 1329 3545 temporis
1343 3478 1795 3547 significationem
1817 3480 1998 3533 habet.
2025 3478 2196 3533 Porro

624 3585 734 3623 non
784 3584 904 3624 esse
937 3570 1102 3623 alium
1144 3569 1293 3623 illum
1345 3569 1459 3622 heri
1512 3578 1566 3621 et
1598 3570 1755 3623 hodie
1804 3566 1989 3623 Iesum
2038 3568 2196 3623 Chri-

622 3661 986 3726 stum,.alium
1022 3674 1150 3715 vero
1176 3675 1297 3715 eum
1328 3661 1417 3728 qui
1448 3659 1575 3714 dicit
1609 3677 1621 3711 :
1654 3677 1672 3709 ι
1702 3662 2003 3727 Antequam
2025 3661 2195 3713 Alma-

628 3755 750 3807 ham
777 3754 948 3817 lieret,
979 3765 1078 3821 ego
1111 3767 1255 3815 sum,
1282 3770 1300 3801 ι
1332 3751 1424 3804 sed
1452 3767 1614 3803 unum
1640 3761 1694 3804 et
1726 3752 1973 3804 eumdem
2007 3765 2197 3806 secun-

620 3842 752 3896 dum
780 3857 964 3898 veram
996 3842 1271 3906 unionem,
1304 3856 1425 3894 cum
1465 3839 1607 3894 Deus
1643 3839 1876 3893 Verbum
1916 3840 1989 3893 sit
2035 3840 2195 3895 homo

619 3936 802 3989 {actus
844 3934 1012 3988 nostri
1050 3933 1281 3997 similis,
1339 3944 1394 3985 et
1420 3947 1532 3986 suae
1578 3941 1784 3986 naturae
1832 3933 2193 3987 conditionem

618 4027 770 4079 illam
800 4041 904 4094 qua
930 4025 1198 4094 principio
1234 4027 1493 4092 temporis
1523 4034 1695 4091 caret,
1753 4026 1988 4079 servarit
2023 4026 2191 4079 etiam

615 4135 745 4173 cum
775 4120 948 4173 {actus
986 4128 1071 4173 est
1099 4133 1249 4181 caro,
1312 4118 1565 4172 facillime
1599 4119 1830 4187 quisque
1885 4131 1952 4172 ex
2017 4118 2191 4173 sacris

620 4209 823 4263 litteris
861 4206 1168 4277 perspiciet.
1218 4207 1307 4260 Ait
1332 4210 1478 4261 enim
1526 4206 1769 4262 Joannes
1803 4209 1994 4262 beatus
2027 4220 2194 4260 evan-

622 4301 814 4370 gelista
840 4300 906 4353 de
925 4299 1167 4354 omnium
1198 4299 1481 4354 Salvatore
1503 4298 1725 4354 Christo
1764 4317 1776 4353 :
1813 4298 2056 4354 Joannes
2106 4308 2190 4353 te-

616 4387 936 4440 stimonium
959 4387 1208 4456 perhibet
1225 4390 1290 4441 de
1310 4388 1446 4455 ipso,
1472 4398 1525 4441 et
1544 4387 1765 4453 clamat,
1785 4388 1970 4443 dicens
1994 4404 2011 4441 :
2039 4405 2057 4439 ι
2088 4387 2194 4455 Qui

2302 1937 2392 1988 τὸν
2434 1938 2596 1989 αὐτὸν
2630 1934 2769 1992 εἶναι
2811 1958 2990 2009 φαμεν
3016 1944 3107 1995 τὸν
3136 1943 3259 2013 χθὲς
3290 1946 3383 1998 καὶ
3414 1948 3650 2016 σήμερον
3678 1950 3771 2001 καὶ
3798 1950 3877 2013 εἰς

2301 2028 2429 2092 τοὺς
2452 2027 2676 2095 αἰῶνας,
2708 2030 2836 2084 ὄντα
2857 2048 2914 2084 τε
2946 2032 3052 2103 πρὸ
3100 2034 3349 2104 Ἀϐραὰμ
3383 2035 3597 2100 θεῖκῶς,
3616 2039 3877 2106 γεγονότα

2299 2118 2357 2171 δὲ
2390 2121 2483 2172 καὶ
2514 2121 2651 2191 μετὰ
2681 2122 2839 2175 τοῦτο
2870 2123 3171 2194 ἄνθρωπον,
3206 2125 3300 2178 καὶ
3323 2125 3571 2195 γέννησιν
3587 2129 3876 2197 ὑπομεῖναι

2300 2213 2398 2282 τὴν
2443 2212 2506 2265 ὲκ
2559 2214 2837 2281 γυναικός.
2880 2215 3088 2268 Οὐκοῦν
3135 2217 3196 2268 οὐ
3249 2216 3603 2286 ψευδοεπήσει
3664 2218 3873 2286 λέγων·

2308 2324 2325 2356 ι
2373 2306 2544 2376 Ἀμὴν
2597 2306 2740 2373 λέγω
2781 2307 2930 2376 ὑμῖν,
2980 2308 3109 2375 πρὶν
3164 2307 3414 2379 Ἀϐραὰμ
3470 2310 3721 2375 γενέσθαι
3767 2310 3879 2378 ἐγὼ

2300 2398 2432 2466 εἰμι.
2465 2415 2482 2446 ι
2533 2396 2671 2449 Ἀλλ’
2714 2398 2775 2450 οὐ
2836 2397 3081 2466 συνίησιν
3112 2397 3266 2461 ὅλως,
3321 2398 3349 2450 ὃ
3388 2398 3441 2451 τί
3497 2400 3628 2452 ποτέ
3666 2402 3784 2453 ἔστι
3817 2401 3880 2453 τὸ

2301 2486 2425 2554 χθὲς
2462 2486 2555 2537 καὶ
2613 2487 2887 2556 σήμερον,
2928 2488 3022 2539 καὶ
3069 2488 3150 2550 εἰς
3187 2488 3312 2550 τοὺς
3355 2486 3587 2550 αἰῶνας·
3642 2490 3727 2541 ἵνα
3770 2490 3878 2559 γὰρ

2302 2573 2467 2626 ἀΐδιον
2502 2574 2650 2638 ὄντα,
2701 2576 2793 2628 καὶ
2835 2576 3097 2639 ὡσαύτως
3148 2577 3338 2645 ἔχοντα
3381 2579 3521 2632 κατὰ
3560 2579 3741 2647 φύσιν,
3782 2582 3878 2635 καὶ

2300 2665 2504 2734 τροπῆς
2539 2665 2745 2734 ἀμείνω
2786 2666 2878 2718 καὶ
2924 2666 3224 2735 μεταϐολῆς
3265 2667 3355 2719 τὸν
3399 2667 3492 2720 τοῦ
3527 2669 3662 2723 Θεοῦ
3706 2688 3875 2724 κατα-

2299 2754 2447 2825 δείξῃ
2481 2755 2671 2818 Λόγον,
2706 2755 2807 2807 κᾶν
2830 2758 2881 2808 εὶ
2919 2757 3137 2823 γέγονεν
3182 2758 3482 2828 ἄνθρωπος,
3539 2762 3619 2823 εἰς
3651 2763 3875 2833 καιροὺς

2305 2846 2401 2916 μὲν
2429 2847 2678 2916 διέστησε
2728 2850 2877 2917 τρεῖς
2906 2848 2995 2902 τὸν
3029 2848 3241 2903 ἅπαντα
3271 2851 3462 2919 χρόνον
3485 2866 3497 2880 ·
3533 2851 3714 2921 τίθησι
3737 2853 3789 2905 δὲ
3816 2853 3876 2906 τὸ

2304 2935 2402 3003 μὲν
2440 2933 2587 3003 χθὲς,
2621 2936 2713 2988 ἐπὶ
2750 2937 2844 2990 τοῦ
2890 2938 3301 3007 παῃαηκότος,
3347 2939 3440 2991 ἐπὶ
3471 2940 3527 2993 δέ
3556 2957 3619 3008 γε
3652 2942 3746 2995 τοῦ
3785 2944 3873 2995 ὲν-

2306 3027 2621 3095 εστηκότος,
2679 3028 2742 3081 τὸ
2786 3030 3057 3100 σήμερον·
3110 3030 3202 3083 καὶ
3242 3031 3335 3083 ἐπὶ
3367 3032 3671 3102 μέλλοντος,
3698 3034 3758 3088 τὸ
3794 3036 3875 3097 εἰς

2300 3117 2502 3181 αἰῶνας
2528 3136 2543 3150 ·
2572 3121 2601 3171 6
2634 3120 2688 3174 δὲ
2713 3121 2970 3192 ἄγροικος
3001 3123 3207 3186 οὑτοσὶ,
3239 3124 3301 3177 τὸ
3338 3124 3462 3194 χθὲς
3491 3126 3584 3178 καὶ
3613 3128 3676 3197 σή
3687 3143 3871 3197 μερον,

2298 3210 2373 3271 ὡς
2400 3211 2486 3262 ἐπ’
2526 3210 2819 3282 ἀνθρώπου
2846 3213 3063 3281 λέγεται
3096 3217 3228 3285 παρ’
3264 3215 3429 3268 αὑτοῦ
3474 3215 3653 3269 κοινοῦ
3692 3234 3874 3287 παρα-

2297 3300 2466 3367 λόγως
2494 3300 2695 3372 Ῐλείπει
2726 3303 2848 3376 τι]·
2902 3305 3001 3359 οὐκ
3027 3306 3242 3372 ἐννοῶν,
3280 3308 3363 3360 ὅτι
3407 3307 3779 3379 πρεσϐύτερόν
3814 3326 3876 3361 τε

2298 3394 2391 3444 καὶ
2438 3395 2858 3465 προϋπάρχοντα
2891 3398 2989 3466 τῆς
3024 3398 3216 3451 ἑαυτοῦ
3263 3401 3568 3469 γεννήσεως
3608 3401 3877 3471 ἀποφανεῖ

2298 3483 2475 3550 πάντη
2506 3500 2565 3535 τε
2603 3489 2697 3537 καὶ
2728 3486 2962 3551 πάντως,
3005 3488 3162 3559 εἴπερ
3191 3485 3259 3561 ἦν
3292 3492 3428 3554 ὅλως
3464 3493 3556 3545 καὶ
3603 3493 3743 3545 κατά
3775 3492 3874 3557 τὴν
3951 3481 3959 3486 ’

2296 3569 2443 3638 χθὲς,
2476 3572 2614 3640 ὅπερ
2648 3572 2763 3624 ἐστὶ
2797 3574 2891 3627 τοῦ
2931 3578 3323 3646 παρῳχηκότος
3367 3580 3560 3650 καιροῦ
3609 3598 3876 3651 σημαντι-

2298 3659 2410 3714 κόν.
2446 3660 2569 3713 Ὅτι
2594 3662 2692 3731 μὲν
2720 3662 2819 3732 οὐχ
2847 3664 3034 3731 ἔτερος
3066 3666 3094 3717 6
3121 3666 3246 3734 χθὲς
3270 3670 3362 3719 καὶ
3390 3670 3627 3739 σήμερον
3669 3670 3874 3739 Ἰησοῦς

2296 3752 2552 3821 Χριστὸς,
2588 3752 2773 3822 ἕτερος
2800 3752 2856 3805 δὲ
2899 3755 2927 3806 6
2976 3754 3168 3823 λέγων,
3209 3775 3225 3807 ι
3259 3759 3394 3829 Πρὶν
3427 3761 3675 3831 Ἀϐραὰμ
3722 3763 3877 3828 γενέ-

2298 3845 2443 3908 σθαι,
2483 3842 2593 3912 ἐγώ
2621 3847 2754 3913 εἰμι,
2787 3863 2805 3895 ι
2843 3844 2957 3899 ἀλλ’
2988 3842 3068 3909 εἷς
3093 3864 3151 3900 τε
3174 3850 3266 3901 καὶ
3290 3852 3317 3902 6
3350 3851 3510 3913 αὐτὸς
3536 3852 3657 3905 καθ’
3680 3854 3877 3907 ἕνωσιν

2297 3936 2469 4007 ἁληθῆ
2497 3935 2784 4006 ἀνθρώπου
2816 3936 2937 3989 καθ’
2962 3940 3111 4008 ἡμᾶς
3134 3942 3417 4008 γεγονότος
3445 3941 3540 3996 τοῦ
3563 3945 3758 4012 Λόγου,
3780 3946 3878 3998 καὶ

2296 4030 2362 4097 τῇ
2390 4027 2497 4097 ἰδίᾳ
2528 4027 2685 4096 φύσει
2716 4029 3106 4099 τετηρηκότος,
3153 4032 3246 4083 καὶ
3269 4031 3357 4084 ὅτε
3391 4034 3581 4100 γέγονε
3616 4032 3773 4104 σὰρξ,
3814 4034 3878 4086 τὸ

2296 4118 2531 4188 ἄναρχον
2557 4120 2614 4170 ὲν
2644 4120 2841 4189 χρόνῳ,
2894 4120 3235 4191 καταθρήσαι
3280 4140 3363 4185 τις
3399 4123 3485 4187 ἂν,
3532 4126 3624 4177 καὶ
3655 4126 3880 4179 ἀταλαι-

2297 4208 2495 4279 πώρως
2542 4209 2735 4278 κομιδῆ
2784 4210 2872 4263 διά
2919 4228 2982 4279 γε
3025 4211 3120 4281 τῆς
3161 4212 3520 4268 θεοπνεύστου
3561 4216 3813 4286 Γραφῆς·
3844 4216 3875 4269 δ

2296 4315 2428 4369 φησι
2457 4298 2507 4369 [ὃ
2540 4298 2843 4371 παρέλκει]
2868 4301 2965 4371 μὲν
2988 4300 3096 4371 γὰρ
3123 4304 3150 4354 ό
3174 4302 3440 4373 μακάριος
3481 4303 3873 4375 εὐαγγελιστὴς

2308 4390 2560 4459 Ἰωάννης
2593 4392 2720 4460 περὶ
2753 4392 2847 4443 τοῦ
2884 4391 3099 4447 πάντων
3131 4393 3287 4463 ἡμῶν
3316 4394 3570 4465 Σωτῆρος
3594 4395 3865 4467 Χριστοῦ·

622 4488 745 4544 post
766 4494 850 4531 me
878 4481 1047 4542 venit,
1080 4489 1207 4534 ante
1236 4495 1321 4533 tne
1349 4481 1525 4535 lactus
1557 4488 1641 4533 est
1668 4519 1686 4545 ,
1736 4479 1865 4550 quia
1912 4481 2062 4549 prior
2108 4494 2194 4535 me

2309 4480 2562 4551 Ἰωάννης
2596 4485 2864 4552 μαρτυρεῖ
2886 4486 3015 4553 περὶ
3046 4481 3233 4548 αὑτοῦ,
3264 4482 3359 4536 καὶ
3395 4484 3635 4553 κέκραγε
3661 4484 3867 4550 λέγων·

618 4578 740 4623 erat
759 4569 857 4635 ⁵³;ι
880 4580 935 4624 et
957 4570 1153 4623 iterum
1184 4589 1196 4623 :
1231 4588 1249 4621 ι
1275 4571 1461 4625 Altera
1483 4570 1569 4625 die
1596 4571 1739 4624 videt
1763 4567 1949 4625 Jesum
1973 4572 2193 4625 venien-

620 4669 730 4711 tem
756 4658 823 4711 ad
855 4674 934 4721 se,
970 4668 1027 4713 et
1052 4661 1128 4713 ait
1159 4677 1175 4712 :
1208 4660 1344 4715 Ecce
1376 4663 1562 4729 Agnus
1590 4661 1703 4725 Dei,
1740 4662 1831 4729 qui
1883 4660 2021 4717 tollit
2068 4676 2194 4730 pec-

619 4759 801 4805 catum
843 4751 1062 4816 rnuudi;
1090 4752 1176 4806 hic
1212 4762 1297 4806 est
1334 4742 1529 4821 dequo
1566 4753 1678 4806 dixi
1709 4768 1723 4804 :
1753 4752 1881 4807 Post
1910 4768 1995 4807 me
2044 4754 2194 4808 venit

621 4844 703 4897 vir
735 4843 825 4913 qui
855 4853 981 4898 ante
1015 4859 1101 4899 me
1133 4844 1308 4898 factus
1341 4854 1443 4909 est,
1471 4845 1597 4914 quia
1631 4845 1781 4913 prior
1810 4860 1897 4900 me
1920 4856 2037 4899 erat
2057 4845 2124 4898 “.
2167 4864 2185 4897 ι

540 4935 548 4985 f
598 4935 785 4990 lV'itlos
810 4936 973 5006 igitur
1012 4949 1197 5006 aperte
1238 4938 1693 5005 quemadmodum
1733 4937 2071 4991 admirabilis
2104 4936 2192 4990 ille

622 5024 863 5095 Baptista
902 5027 1174 5081 hominem
1223 5028 1367 5081 dicat
1395 5025 1605 5091 Jesum,
1635 5036 1692 5081 et
1736 5036 1858 5095 post
1895 5028 2100 5090 venire,
2134 5036 2193 5079 ut

622 5118 971 5186 posteriorem
1001 5127 1130 5171 natu
1165 5128 1218 5172 et
1240 5128 1362 5186 post
1407 5119 1621 5187 ipsum,
1672 5118 1823 5188 prius
1853 5128 2029 5171 tamen
2070 5132 2190 5171 esse

620 5210 872 5277 erupisse,
905 5208 1162 5276 priusque
1185 5208 1460 5263 exstitisse
1501 5227 1515 5262 :
1560 5209 1611 5262 id
1649 5209 1828 5273 enim,
1865 5218 1926 5262 ut
1961 5208 2180 5276 opinor,

620 5300 908 5367 signiﬁcat,
946 5315 963 5347 ι
999 5298 1133 5363 Quia
1176 5299 1323 5364 prior
1359 5312 1443 5350 me
1473 5308 1611 5362 erat,
1645 5307 1700 5353 et
1723 5308 1848 5352 ante
1875 5314 1965 5360 tne
2009 5298 2185 5353 factus

618 5402 724 5443 est.
763 5408 781 5440 ι
818 5388 977 5458 Atqui
1000 5390 1045 5442 si
1081 5390 1243 5442 homo
1276 5395 1383 5451 est,
1411 5390 1681 5457 quomodo
1715 5390 1868 5458 prius
1915 5391 2194 5446 exstitisse

622 5481 965 5549 intelligitur,
997 5490 1090 5531 aut
1122 5479 1271 5548 prius
1306 5493 1430 5533 esse
1470 5481 1704 5548 cmpisse
1746 5482 1947 5535 dicitur
1988 5495 2054 5535 eo
2104 5482 2194 5549 qui

623 5582 863 5641 tempore
895 5573 1040 5641 prior
1073 5580 1212 5636 erat,
1254 5580 1308 5625 et
1347 5572 1500 5641 prior
1553 5581 1679 5625 natu
1730 5575 2023 5628 secundum
2060 5575 2197 5643 [car-

694 5746 737 5774 δ’
774 5748 923 5799 Joan.
953 5762 1061 5811 ιιν,
1084 5746 1136 5800 9.
1215 5747 1260 5777 δ’
1296 5746 1397 5800 lszt.
1426 5765 1556 5813 ωιιι,
1590 5750 1717 5816 1,2;
1754 5750 1883 5805 Luc.
1912 5766 1983 5815 tv,
2012 5748 2098 5806 i8.
2129 5750 2193 5802 10

2301 4589 2321 4622 ι
2359 4570 2417 4626 Ὀ
2439 4572 2616 4625 ὀπίσω
2649 4588 2751 4642 μου
2790 4572 3102 4642 ἐρχόμενος,
3148 4572 3457 4643 ἔμπροσθέν
3494 4591 3596 4644 μου
3626 4575 3872 4642 γέγονεν,

2297 4662 2378 4716 ὅτι
2408 4662 2621 4734 πρῶτός
2644 4679 2747 4732 μου
2766 4656 2853 4733 ἧν·
2870 4682 2888 4713 ι
2922 4662 3016 4715 καὶ
3044 4663 3205 4715 πάλιν
3227 4679 3239 4691 ⁸
3270 4664 3377 4734 «Τῇ
3400 4664 3658 4735 ἐπαύριον
3682 4664 3874 4734 βλέπει

2297 4751 2387 4805 τὸν
2429 4752 2633 4823 Ἰησοῦν
2669 4753 2962 4822 ἐρχόμενον
2994 4753 3130 4824 πρὸς
3171 4752 3333 4806 αὑτὸν
3356 4755 3450 4806 καὶ
3486 4754 3671 4822 λέγει·
3705 4756 3809 4808 Ἴδε
3842 4758 3875 4809 6

2310 4844 2503 4914 Ἀμνὸς
2540 4843 2633 4897 τοῦ
2667 4844 2801 4899 Θεοῦ
2829 4847 2857 4898 6
2886 4844 3057 4915 αἴρων
3089 4845 3188 4915 τὴν
3217 4845 3491 4916 ἁμαρτίαν
3516 4846 3608 4898 τοῦ
3638 4847 3869 4917 κόσμου·

2298 4930 2451 4997 οὗτός
2482 4938 2597 4988 ἐστι
2635 4935 2761 5005 περὶ
2795 4927 2855 4987 οὗ
2883 4936 2994 5004 ἐγὼ
3033 4931 3218 5000 εἷπον,
3262 4936 3465 4988 Ὀπίσω
3486 4953 3609 5006 μου
3651 4936 3872 5007 ἔρχεται

2300 5026 2459 5095 ἀνὴρ,
2506 5025 2563 5089 ὃς
2609 5023 2916 5095 ἔμπροσθέν
2961 5043 3064 5096 μου
3103 5026 3347 5094 γέγονεν,
3387 5028 3468 5081 ὅτι
3506 5026 3722 5097 πρῶτός
3767 5044 3869 5097 μου

2296 5111 2383 5185 ἦν·
2416 5133 2436 5166 )
2474 5114 2633 5185 Ὁρᾷς
2658 5111 2750 5167 οὖν
2777 5114 2885 5184 ἄρα
2928 5115 3021 5167 καὶ
3058 5114 3203 5184 μάλα
3232 5131 3418 5183 σαφως
3446 5113 3538 5167 τὸν
3580 5114 3870 5168 θεσπέσιον

2301 5206 2611 5277 Βαπτιστὴν
2648 5206 2817 5277 ἄνδρα
2862 5206 3089 5273 λέγοντα
3131 5206 3221 5259 τὸν
3273 5206 3500 5277 Ἰησοῦν,
3541 5207 3637 5259 καὶ
3694 5207 3872 5259 ὀπίσω

2300 5299 2399 5368 μὲν
2461 5298 2773 5368 ἐρχόμενον,
2828 5297 2904 5359 ὼς
2958 5296 3185 5366 ὀψιγενῆ
3246 5313 3305 5349 τε
3351 5298 3444 5350 καὶ
3501 5298 3618 5367 μετ’
3670 5298 3868 5352 αὐτόν·

2298 5389 2721 5460 προϋπάρχοντα
2752 5405 2814 5453 γε
2861 5387 2967 5463 μὴν
3012 5386 3197 5452 αὐτοῦ,
3249 5388 3340 5442 καὶ
3380 5388 3868 5459 προϋφεστηκότα·

2298 5482 2446 5552 δηλοῖ
2488 5482 2598 5551 γὰρ
2627 5478 2779 5549 οἶμαι
2813 5482 2981 5545 τουτὶ,
3027 5481 3106 5542 τὸ,
3148 5499 3169 5531 ι
3198 5480 3321 5533 Ὅτι
3372 5481 3585 5551 πρῶτός
3635 5498 3737 5551 μου
3781 5477 3875 5551 ἦν,
3924 5551 3928 5554 ξ

2301 5575 2395 5626 καὶ
2421 5571 2727 5642 ἔμπροσθέν
2758 5589 2859 5641 μου
2890 5572 3131 5640 γέγονεν.
3162 5589 3179 5622 ›
3214 5568 3343 5625 Εἶτα
3377 5572 3513 5636 πῶς,
3543 5571 3700 5644 εἴπερ
3726 5574 3881 5627 ἐστὶν

2244 5794 2249 5810 ε
2289 5750 2333 5799 1‘
2372 5747 2521 5801 Imm.
2553 5762 2587 5811 I,
2621 5744 2702 5800 15.
2734 5746 2827 5825 ﬂ“
2864 5748 2996 5801 ibid.
3021 5747 3110 5812 29,
3137 5747 3225 5803 30.
