4166 6466
314 370 416 424 1ῐ7

1434 368 1806 426 ADVERSUS
1839 367 2246 426 NESTORIUM
2285 368 2416 424 LIB.
2461 370 2547 424 111.

3479 373 3579 431 158

307 484 469 555 ἀνὴρ,
507 485 938 556 προῦφεστηκὼς
963 487 1186 553 νοεῖται,
1218 487 1314 541 καὶ
1338 457 1712 559 προϋπάρχων
1743 488 1887 557 λέγε-

2001 497 2124 543 item
2150 489 2173 541 ?
2200 489 2332 542 Nam
2355 489 2402 542 si
2436 491 2502 543 de
2533 488 2713 559 aliquo
2740 501 2984 545 nostrum
3019 492 3119 546 hoc
3149 491 3381 548 fortasse
3405 495 3575 560 dicat,

304 589 397 625 ται
425 571 520 626 τοῦ
553 573 942 645 προειληφότος
974 574 1120 629 κατά
1152 575 1245 630 τὸν
1275 578 1488 649 χρόνον,
1524 579 1616 632 καὶ
1656 578 1897 649 πρεσϐυ-

302 662 470 732 τέραν
495 661 710 732 ἔχοντος
751 665 850 735 τὴν
881 665 1021 719 κατά
1045 665 1226 736 σάρκα
1276 667 1530 739 γέννησιν
1577 667 1784 735 aurei};
1834 668 1897 723 Ei

307 752 409 822 μὲν
451 754 560 824 γάρ
602 754 696 806 ἐπί
750 773 896 818 τινος
952 756 1063 811 τῶν
1111 759 1233 812 καθ’
1296 759 1443 829 ἡμᾶς
1488 761 1641 814 τουτὶ
1690 759 1900 829 λέγοιτο

301 842 490 912 τυχδν,
519 845 853 915 ἀπορήσειεν
878 845 966 914 ἂν,
991 843 1166 919 οἶμαι,
1191 849 1287 903 καὶ
1303 849 1637 904 ἁπαστισοῦν
1661 850 1741 914 εἰς
1763 851 1900 904 ἀπο·

301 933 490 1002 λογίαν
505 953 519 966 ο
542 937 633 988 ἐπὶ
653 937 710 990 δέ
735 955 795 1006 γε
819 937 914 991 τοῦ
938 941 1156 993 πάντων
1178 945 1210 1012 η
1219 941 1338 1011 μῶν
1363 941 1614 1011 Σωτῆρος
1635 944 1894 1013 Χριστοῦ,

301 1023 367 1076 τὸ
399 1026 650 1096 ἐμποδὼν
679 1029 839 1082 οὐδέν
862 1045 874 1058 ·
907 1024 1208 1084 οἰκειοῦται
1245 1031 1344 1100 μὲν
1375 1032 1483 1104 γὰρ
1503 1035 1532 1086 6
1559 1034 1624 1086 ὲκ
1639 1012 1774 1088 Θεοῦ
1795 1035 1896 1104 τῆς
1946 1012 1966 1027 θ

305 1117 445 1180 ἰδίας
473 1119 676 1188 σαρκὸς
708 1121 807 1192 τὴν
855 1121 1110 1194 γέννησιν
1132 1140 1146 1152 ’
1186 1124 1328 1195 πλὴν
1363 1125 1466 1177 οὐκ
1498 1125 1768 1196 ἠγνόηκεν
1811 1127 1895 1179 ὅτι

298 1209 412 1263 τῶν
468 1211 679 1265 αἰώνων
727 1207 846 1267 ἐστὶ
909 1217 1162 1286 ποιητὴς,
1220 1216 1315 1270 καὶ
1356 1207 1769 1287 πρὸῦφέστηκεν
1817 1216 1894 1280 ὡς

299 1299 458 1365 Θεὸς,
485 1302 578 1355 καὶ
600 1303 676 1374 τῷ
704 1304 819 1375 ἰδίῳ
843 1307 1019 1377 Πατρὶ
1050 1307 1340 1372 συναῖδιος.
1359 1309 1434 1361 Οὐ
1455 1307 1564 1379 γάρ
1585 1308 1667 1362 τοί
1689 1325 1891 1378 φαμεν,

297 1391 482 1464 ὅτιτῇ
528 1395 780 1464 γεννήσει
821 1392 915 1449 τοῦ
964 1398 1097 1451 ἰδίου
1144 1397 1399 1468 σώματος
1442 1399 1737 1472 σύγχρονον
1781 1399 1893 1470 ἔχει

299 1481 402 1550 τὴν
435 1479 694 1554 ὓπαρξιν,
724 1483 840 1537 ἀλλ’
861 1481 951 1555 ἦν,
978 1485 1053 1547 ὡς
1079 1486 1238 1556 ἔφην,
1272 1488 1336 1541 ὲκ
1370 1489 1469 1559 τῆς
1507 1489 1602 1543 τοῦ
1636 1488 1771 1542 Θεοῦ
1798 1489 1893 1542 καὶ

299 1571 517 1642 Πατρδς
563 1574 750 1638 οὐσίας
808 1576 1137 1647 ἀπορρήτως
1207 1580 1626 1650 γεγεννημένος.
1681 1579 1893 1634 Οὐκοῦν

297 1662 442 1732 ἔχων
471 1663 530 1716 τὸ
558 1661 694 1718 εἶναι
727 1667 832 1736 πρὸ
878 1661 1132 1739 Ἀϐραὰμ
1166 1669 1242 1734 ti);
1265 1671 1420 1734 Θεὸς,
1453 1671 1558 1725 κᾶν
1587 1673 1636 1724 εἰ
1667 1671 1889 1739 γέγονεν

294 1755 606 1826 ἄνθρωπος,
655 1759 752 1810 οὐκ
779 1758 843 1812 ἂν
873 1761 1228 1830 διαψευσαιτο
1249 1763 1445 1832 λέγων,
1469 1764 1545 1827 th;
1569 1759 1652 1827 εἷς
1675 1764 1890 1834 ἀληθῶς

2001 579 2272 634 neminem
2304 590 2437 648 puto
2469 578 2597 647 quid
2640 581 2968 649 respondeat
2992 579 3309 636 habitorum
3339 599 3354 636 :
3387 584 3481 638 sed
3519 585 3575 641 in

2000 671 2242 726 omnium
2281 678 2528 725 nostrum
2550 668 2836 724 Salvatore
2861 668 3083 725 Christo
3108 672 3245 727 nihil
3263 674 3521 743 impediet
3557 695 3572 730 :

2001 767 2125 813 nam
2155 757 2329 828 ipsum
2367 757 2462 812 Dei
2520 758 2750 813 Verbum
2783 772 2896 812 ste
2951 759 3134 816 carnis
3168 762 3575 830 generationem

1996 848 2102 904 sibi
2142 859 2395 917 tanquam
2427 847 2703 918 propriam
2743 849 2987 904 vindicat
3020 865 3030 898 :
3071 865 3170 907 nec
3203 860 3385 908 tamen
3420 854 3576 925 igno-

2000 939 2142 995 ravit
2185 939 2338 993 illum
2370 953 2493 995 esse
2519 941 2854 997 conditui-ent
2906 940 3261 1008 seculorum,
3319 953 3376 999 et
3427 945 3578 1015 prius

1998 1031 2307 1095 exstitisse,
2342 1041 2529 1099 utpote
2569 1032 2768 1098 Deum,
2812 1042 2871 1088 et
2899 1047 2998 1089 suo
3032 1031 3180 1089 Patri
3217 1044 3572 1091 eoaternum.

2001 1121 2188 1190 Neque
2230 1122 2378 1176 enim
2412 1122 2564 1176 illum
2598 1122 2832 1179 dicimus
2885 1133 3114 1192 corpore
3170 1126 3440 1183 nativitati
3480 1141 3574 1184 co-

1995 1227 2169 1267 aevum
2223 1214 2425 1267 habere
2474 1213 2688 1268 initium
2741 1214 3151 1282 subsistentia,
3187 1215 3281 1272 sed
3325 1228 3479 1284 erat,
3513 1228 3575 1274 ut

1997 1304 2132 1368 dixi,
2165 1319 2229 1358 ex
2263 1305 2376 1373 ipsa
2420 1304 2513 1358 Dei
2575 1305 2681 1375 77
2719 1313 2775 1359 et
2820 1306 2995 1362 Patris
3041 1309 3278 1363 essentia
3326 1309 3576 1366 ineﬂabi-

1996 1396 2121 1450 liter
2143 1396 2374 1461 genitus.
2414 1395 2560 1465 Ergo
2589 1412 2712 1452 cum
2742 1398 2813 1452 sit
2837 1408 2962 1454 ante
2996 1400 3277 1456 Abraham
3314 1411 3372 1455 ut
3408 1403 3570 1467 Deus,

1997 1482 2216 1535 tametsi
2247 1481 2426 1537 factus
2468 1485 2538 1536 sit
2592 1486 2778 1552 homo,
2819 1501 2925 1540 non
2983 1490 3282 1543 mentietur
3322 1491 3511 1548 dicens
3555 1512 3568 1546 :

2000 1590 2019 1623 ι
2057 1572 2362 1642 Antequam
2383 1585 2531 1630 esset
2551 1577 2849 1640 Abraham,
2877 1591 2978 1648 ego
3003 1593 3146 1645 sum,
3178 1593 3200 1635 ι
3227 1581 3285 1634 ut
3313 1584 3403 1650 qui
3433 1592 3572 1637 unus

1995 1677 2124 1717 vere
2164 1664 2233 1718 sit
2268 1664 2438 1721 Filius
2485 1676 2540 1720 et
2590 1668 2870 1722 Doluinus.
2916 1655 3099 1739 Neque
3148 1679 3282 1724 vero
3329 1673 3569 1736 mireris,

1995 1757 2038 1810 si
2077 1758 2184 1811 hoc
2219 1757 2393 1826 ipsum
2439 1759 2585 1828 quod
2633 1770 2717 1813 est
2752 1769 2877 1813 ante
2920 1762 3191 1815 Abraham
3223 1775 3334 1818 suae
3364 1772 3572 1818 natura:

295 1849 394 1901 καὶ
431 1849 556 1913 Υἱὸς
587 1843 679 1903 καὶ
707 1848 931 1920 Κύριος·
975 1870 992 1901 ι
1019 1853 1156 1924 Πρὶν
1207 1854 1460 1924 Ἀϐραὰμ
1481 1855 1754 1922 γενέσθαι,
1777 1854 1887 1922 ἐγώ

1995 1848 2182 1903 tribuit
2213 1865 2229 1901 :
2276 1849 2372 1904 sed
2401 1849 2528 1903 illud
2565 1851 2744 1917 potius
2785 1859 2997 1919 reputa,
3024 1853 3190 1919 quod,
3215 1852 3343 1908 licet
3373 1869 3572 1924 corpus

296 1940 441 2008 εἰμι.
475 1958 494 1989 ι
533 1940 642 1994 Καὶ
685 1941 760 2010 μή
802 1958 880 1994 τοι
923 1941 1212 2014 θαυμάσῃς
1259 1945 1310 1996 εἰ
1355 1947 1422 2015 τῇ
1474 1945 1580 2016 ἰδίᾳ
1621 1947 1886 2016 τετίμηκε

298 2026 321 2103 [
344 2029 433 2084 Ia".
479 2030 777 2103 νενέμηκε]
836 2031 996 2101 φύσει
1018 2033 1078 2086 τὸ
1102 2030 1243 2087 εἶναι
1268 2035 1374 2105 πρὸ
1397 2036 1647 2107 Ἀϐραάμ
1671 2054 1684 2066 ·
1713 2038 1888 2091 διαλο-

296 2120 461 2188 γίζου
491 2121 546 2174 δὲ
580 2117 800 2192 μᾶλλον,
846 2123 928 2175 ὅτι
969 2122 1144 2176 καίτοι
1180 2125 1241 2177 τὸ
1290 2121 1453 2194 σῶμα
1491 2125 1671 2179 λαϐὼν
1698 2130 1764 2180 ἐκ
1785 2129 1886 2197 τῆς

299 2210 468 2279 ἁγίας
497 2211 793 2280 Παρθένου,
841 2213 946 2284 ἔφη
990 2215 1127 2286 πρὸς
1158 2215 1249 2270 τὸν
1278 2213 1589 2289 Νικόδημον
1613 2234 1627 2248 ’
1670 2236 1689 2269 ι
1719 2220 1782 2272 Εἰ
1818 2223 1886 2272 τὰ

294 2303 520 2369 ἐπίγεια
537 2299 688 2356 εἷπον
707 2305 860 2375 ὑμῖν,
885 2305 980 2358 καὶ
1003 2307 1064 2359 οὐ
1094 2308 1379 2361 πιστεύετε
1399 2324 1414 2338 ·
1452 2308 1588 2371 πῶς,
1622 2309 1716 2362 ἐὰν
1747 2310 1887 2364 εἴπω

296 2393 436 2462 ὑμῖν
475 2392 545 2446 τά
571 2391 894 2465 ἐπουράνια,
927 2397 1282 2464 πιστεύσετε;
1321 2393 1430 2452 Καὶ
1484 2399 1658 2464 οὐδεὶς
1691 2401 1885 2454 ἀναϐέ-

293 2482 469 2552 ϐηκεν
498 2484 576 2546 εἰς
600 2483 690 2537 τὸν
709 2484 961 2555 οὐρανὸν,
985 2488 1034 2539 εἰ
1063 2487 1138 2556 μὴ
1172 2489 1200 2540 6
1228 2488 1293 2542 ὲκ
1331 2487 1425 2542 τοῦ
1457 2487 1688 2558 οὐρανοῦ
1715 2506 1886 2544 καταο

294 2573 420 2639 ϐὰς,
451 2574 480 2625 6
508 2574 635 2638 Υἱὸς
665 2573 761 2628 τοῦ
790 2575 1081 2648 ἀνθρώπου
1106 2594 1119 2606 ο
1143 2597 1161 2628 ι
1192 2577 1369 2632 καίτοι
1389 2577 1765 2649 κεχρημάτικε
1794 2580 1885 2633 καὶ

293 2664 428 2727 Tib;
453 2664 763 2736 ἀνθρώπου,
802 2667 1083 2737 γεννηθεὶς
1113 2669 1176 2720 ὲκ
1211 2668 1479 2736 γυναικὸς
1510 2670 1650 2723 κατά
1681 2669 1880 2740 σάρκα.

291 2753 674 2825 Ψευδοεπήσει
695 2755 759 2826 δὴ
773 2753 886 2821 οὖν,
919 2751 1352 2828 καταϐεϐηκέναι
1368 2759 1542 2827 λέγων
1572 2759 1632 2824 ἐξ
1651 2759 1882 2830 οὐρανοῦ

290 2845 391 2898 τὸν
438 2843 567 2896 Υἱδν
627 2843 751 2907 τοῦ,
804 2845 1118 2916 ἀνθρώπου,
1177 2847 1456 2901 τουτέστιν
1519 2847 1750 2914 ὲαυτόν;
1806 2849 1880 2920 μὴ

289 2934 507 3003 γένοιτο
534 2949 548 2964 °
600 2935 839 3006 καὶγὰρ
866 2936 1014 2989 ἑστιν
1055 2937 1279 3008 αὐτὸςή
1326 2937 1573 3008 ἀλήθεια.
1623 2939 1746 3002 Πῶς
1787 2935 1880 2993 οὖν

289 3025 504 3080 ἀνωθεν
532 3027 560 3078 6
585 3026 712 3090 Υἰδς
739 3027 832 3080 τοῦ
863 3026 1156 3099 ἀνθρώπου
1184 3030 1344 3083 νοοῖτ⁹
1370 3029 1436 3082 ἂν
1453 3030 1679 3093 εἰκότως
1704 3045 1719 3094 ;
1757 3030 1880 3083 Ὅτι

289 3114 430 3178 Θεὸς
465 3115 539 3167 ὢν
574 3117 602 3167 6
636 3117 828 3184 Λόγος,
855 3117 948 3169 καὶ⁵
973 3118 1037 3169 ὲκ
1058 3117 1158 3188 τῆς
1179 3116 1441 3171 ἀνωτάτω
1460 3119 1649 3172 πασῶν
1671 3117 1878 3183 οὐσίας,

1995 1939 2296 2008 accepisset
2325 1954 2356 1994 θ
2387 1950 2579 1994 sancta
2615 1940 2859 2011 Virgine,
2889 1940 3028 1994 dixit
3061 1943 3127 1996 ad
3164 1943 3516 2000 Nicodemum
3551 1964 3565 2000 :

2003 2049 2021 2080 ι
2049 2032 2105 2085 Si
2135 2042 2353 2087 terrena
2389 2031 2496 2086 dixi
2541 2033 2695 2086 vobis
2720 2041 2775 2085 et
2807 2047 2911 2086 non
2958 2033 3204 2098 creditis.
3229 2037 3497 2104 quomodo
3525 2039 3570 2092 si

1994 2121 2188 2177 dixero
2217 2123 2370 2178 vobis
2411 2123 2677 2188 caelestia,
2715 2123 2988 2180 credetis?
3024 2125 3090 2180 Et
3117 2140 3276 2182 nemo
3324 2129 3571 2182 ascendit

2001 2213 2052 2266 in
2093 2211 2317 2278 coelum,
2364 2213 2468 2268 nisi
2505 2213 2598 2282 qui
2645 2214 2712 2268 de
2753 2214 2894 2268 cmio
2931 2215 3218 2271 descendit
3256 2215 3424 2273 Filius
3467 2220 3566 2273 ho-

1997 2304 2252 2371 minis";
2289 2324 2307 2356 ι
2337 2304 2484 2376 atqui
2517 2303 2818 2375 appellatus
2847 2314 2930 2360 est
2953 2301 3120 2360 Filius
3143 2305 3401 2372 hominis,
3429 2324 3566 2379 qua-

1996 2404 2155 2449 tenus
2187 2405 2359 2450 estex
2381 2394 2608 2450 muliere
2635 2394 2931 2450 secundum
2961 2409 3205 2450 carnem.
3238 2395 3376 2463 Quid
3403 2399 3570 2467 ergo?

1992 2487 2357 2542 mentieturne
2437 2502 2562 2541 cum
2618 2486 2770 2552 dicit,
2816 2486 3011 2540 Filium
3055 2488 3310 2552 hominis,
3363 2490 3414 2544 id
3458 2499 3566 2553 est,

1993 2577 2229 2646 seipsum
2265 2577 2616 2634 descendisse
2650 2577 2717 2632 de
2756 2577 2937 2632 ταιιοῖ
2969 2578 3109 2633 absit
3135 2596 3147 2630 :
3171 2591 3253 2632 est
3287 2580 3430 2634 enim
3476 2581 3566 2636 illa

1992 2666 2108 2738 ipsa
2145 2668 2369 2724 veritas.
2406 2667 2689 2736 Quomodo
2715 2669 2882 2739 igitur
2912 2683 3148 2738 superne
3188 2670 3358 2726 Filius
3392 2673 3569 2728 homi-

1992 2761 2076 2814 nis
2108 2761 2458 2816 descendisse
2488 2759 2713 2832 intelligi
2743 2762 3130 2818 convenienter
3167 2765 3387 2832 potest?
3413 2766 3563 2834 quia,

1991 2866 2111 2906 cum
2145 2848 2286 2906 Deus
2313 2859 2462 2905 esset
2525 2848 2757 2906 Verbum
2804 2861 2859 2905 et
2905 2865 2970 2904 ex
3029 2850 3118 2903 illa
3156 2866 3406 2921 suprema
3446 2867 3567 2907 om-

1991 2939 2140 2992 nium
2174 2939 2430 3004 essentia,
2459 2940 2813 2996 descendisse
2834 2940 3034 2995 dicitur
3060 2949 3114 2995 et
3155 2940 3388 2997 formam
3417 2945 3562 2998 servi

1991 3025 2292 3092 accepisse.
2325 3025 2530 3081 Deinde
2561 3026 2846 3082 nobiscum
2887 3027 3132 3099 loquitur
3157 3045 3264 3085 non
3303 3037 3563 3102 tanquam

1991 3115 2190 3169 nudum
2217 3115 2398 3170 adhuc
2423 3115 2686 3181 Verbum,
2716 3119 2810 3172 sed
2847 3127 3100 3188 tanquam
3136 3119 3298 3176 homo
3322 3134 3354 3174 e
3384 3122 3562 3188 nobis,

292 3206 736 3276 καταϐεϐηκέναι
771 3206 1008 3274 λέγεται,
1053 3208 1148 3259 καὶ
1191 3204 1378 3260 δούλου
1423 3208 1636 3278 μορφὴν
1683 3207 1884 3261 ἀναλα-

1990 3213 2040 3258 et
2075 3207 2163 3273 qui
2198 3204 2467 3274 nausiam
2498 3223 2621 3261 cum
2655 3209 2806 3262 unita
2837 3209 2940 3264 sibi
2987 3225 3152 3265 carne
3196 3209 3554 3282 intelligatur.

291 3297 437 3351 δεῖν.
469 3293 602 3351 Εἶτα
631 3298 938 3366 διαλέγεται
973 3299 1108 3369 πρὸς
1139 3299 1306 3368 ημᾶς,
1350 3299 1450 3369 οὐχ
1478 3299 1554 3361 ὡς
1580 3297 1784 3368 γυμνὸς
1804 3298 1883 3349 ἔτι

293 3391 493 3458 Λόγος,
524 3391 638 3443 ἀλλ’
677 3391 751 3453 ὠς
773 3391 1061 3462 ἄνθρωπος
1091 3390 1213 3444 καθ’
1242 3392 1274 3462 η
1286 3391 1414 3459 μᾶς,
1446 3391 1540 3443 καὶ
1568 3390 1643 3453 ὼς
1675 3383 1756 3452 εἷς
1783 3383 1881 3458 ἤδη

288 3481 588 3551 νοούμενος
613 3482 753 3552 μετὰ
776 3483 873 3552 τῆς
900 3481 1194 3551 ὲνωθείσης
1231 3482 1300 3535 αὐ
1313 3479 1379 3551 τῷ
1414 3478 1615 3550 σαρκός
1648 3495 1662 3510 ·
1694 3479 1884 3547 ὥσπερ

289 3569 359 3626 δὲ
384 3573 473 3626 διὰ
510 3574 567 3627 τὸ
597 3575 663 3643 τῇ
698 3572 925 3626 κενώσει
972 3571 1201 3643 πρέπον,
1258 3569 1560 3624 οἰκειοῦται
1607 3570 1783 3623 πάντα
1815 3571 1884 3625 τὰ

289 3665 396 3716 τοῦ
439 3664 569 3716 ἰδίου
611 3665 886 3733 σώματος,
924 3663 1100 3717 καίτοι
1130 3663 1229 3734 τὴν
1262 3662 1421 3730 φύσιν
1450 3659 1741 3730 ἀσώματος
1784 3661 1880 3724 ὢν,

291 3755 448 3809 οὕτω
486 3756 576 3807 καὶ
604 3755 810 3809 ἀνωθεν
837 3753 912 3807 ὣν
939 3753 1103 3816 αὐτὸς
1147 3755 1242 3807 καὶ
1281 3752 1341 3816 ἐξ
1367 3751 1621 3822 οὐρανοῦ,
1650 3751 1710 3803 τὸ
1741 3751 1879 3803 ἄνω-

292 3847 396 3900 θεν
437 3847 591 3916 ἥκειν
639 3847 905 3918 ἀπονέμει
954 3846 1114 3900 πάλιν
1167 3844 1346 3915 ἑαυτῷ
1394 3844 1487 3897 καὶ
1522 3845 1611 3896 ὅτε
1662 3844 1882 3910 γέγονεν

289 3933 609 4010 ἄνθρωπος,
638 3940 742 3993 κᾶν
769 3941 819 3992 εἰ
849 3940 1172 4008 γεγέννηται
1207 3937 1346 3991 κατά
1377 3938 1554 4008 σάρκα
1584 3933 1702 4005 μεθ’
1727 3937 1882 4005 ἡμῶν

287 4032 362 4084 ὲκ
401 4031 678 4098 γυναικός.
718 4031 912 4097 Γέγονε
946 4029 1127 4084 τοίνυν
1168 4029 1275 4082 ἴδια
1319 4029 1418 4098 μὲν
1460 4025 1554 4080 τοῦ
1585 4023 1780 4094 Λόγου,
1814 4025 1881 4078 τὰ

285 4121 396 4190 τῆς
420 4117 834 4190 ἀνθρωπότητος
857 4136 869 4148 ο
904 4119 1011 4173 [δια
1041 4119 1097 4172 δὲ
1129 4119 1290 4170 πάλιν
1314 4119 1412 4187 τῆς
1441 4115 1877 4186 ἀνθρωπὸτητος,

285 4215 368 4265 τὰ.
402 4211 567 4263 αὐτοῦ
599 4211 692 4264 τοῦ
726 4212 921 4277 Λόγου.
960 4205 1055 4273 Εἷς
1088 4210 1198 4281 γὰρ
1225 4209 1367 4262 οὕτω
1403 4209 1602 4261 νοεῖται
1646 4206 1882 4275 Χριστὸς

287 4303 394 4357 καὶ
418 4303 544 4365 Υἱὸς
581 4303 671 4355 καὶ
700 4302 925 4372 Κύριος.
962 4303 1183 4371 Ἐπειδὴ
1213 4300 1269 4354 δὲ
1297 4299 1687 4370 προστέθεικεν
1712 4299 1739 4351 ὁ
1762 4317 1880 4352 και-

285 4395 526 4463 νοτόμος
554 4395 756 4454 οὐτοσὶ,
790 4394 872 4446 ὅτι
907 4412 925 4444 ι
973 4393 1202 4463 "Ditem;
1253 4394 1367 4453 τοῖς
1427 4390 1675 4459 ἀδελφοῖς
1739 4391 1880 4442 κατά

286 4486 500 4546 πάντα,
534 4499 552 4533 ›
591 4486 620 4536 6
652 4483 828 4553 ψυχῆς
857 4484 1203 4555 ἀνθρωπίνης
1232 4483 1326 4534 καὶ
1352 4481 1555 4552 σαρκὸς
1598 4477 1878 4534 ἀναλαϐὼν

283 4575 653 4645 ἀδελφότητα,
683 4576 781 4645 οὐχ
816 4577 844 4628 6
865 4575 1061 4642 λέγων,
1093 4594 1111 4625 ι
1132 4575 1190 4627 ’0
1230 4573 1492 4642 ἑωρακὼς
1520 4573 1638 4643 ἐμὲ,
1667 4571 1879 4642 ἑώρακε

279 4670 388 4722 τὸν
424 4665 676 4737 Πατέρα⁸
705 4685 723 4716 ι
752 4666 882 4736 φέρε
913 4666 977 4736 δὴ
999 4666 1162 4720 πάλιν
1193 4666 1220 4718 ὃ
1245 4665 1297 4717 τί
1328 4665 1458 4716 ποτέ
1489 4667 1635 4717 ἐστιν
1662 4663 1689 4716 ὃ
1715 4682 1880 4736 φησιν

281 4763 344 4814 ὲν
404 4758 617 4821 τούτοις
669 4759 744 4821 ὡς
797 4758 876 4810 ἔνι
921 4757 1406 4829 περιαθρήσωμεν.
1445 4756 1567 4809 ’Ὁτι
1618 4758 1716 4826 μὲν
1771 4757 1879 4828 γὰρ

280 4849 458 4903 εἰκών
499 4851 616 4904 ἐστι
665 4848 759 4903 καὶ
799 4848 1086 4919 χαρακτὴρ
1141 4847 1235 4901 τοῦ
1276 4847 1412 4900 Θεοῦ
1458 4847 1552 4899 καὶ
1590 4846 1802 4918 Πατρὺς
1853 4849 1882 4900 6

283 4942 442 5004 Υἱὸς,
475 4939 851 5011 διωμολόγηκε
875 4940 972 4993 καὶ⁸
1002 4940 1185 5002 αὐτός.
1230 4939 1325 5001 Τίς
1349 4936 1394 4990 δ’
1427 4939 1494 4992 ἂν
1521 4937 1608 5008 εἴη
1635 4937 1820 4990 λοιπὸν
1850 4941 1878 4991 ὁ

278 5033 472 5102 ψυχῆς
508 5030 855 5102 ἀνθρωπίνης
903 5031 998 5083 καὶ
1047 5029 1300 5098 σώματος
1329 5025 1618 5082 ἀναλαϐὼν
1646 5025 1874 5094 ἀδελφό-

277 5137 452 5192 τητα,
485 5119 643 5190 δῆλον
672 5120 728 5172 δὲ
759 5121 840 5174 ὅτι
866 5121 966 5192 τὴν
995 5119 1132 5189 πρὸς
1154 5121 1320 5190 ἡμᾶς,
1344 5117 1639 5170 διδασκέτω
1671 5114 1874 5186 παρελ-

281 5215 420 5268 θών.
452 5215 530 5268 Ut)
570 5215 680 5286 γάρ
714 5231 816 5267 που
844 5214 979 5284 φαίη
1005 5231 1087 5276 τις
1115 5211 1180 5266 ἂν
1207 5211 1280 5275 ὡς
1312 5212 1340 5264 6
1371 5210 1493 5264 καθ’
1516 5210 1664 5280 ἡμᾶς
1687 5208 1875 5276 φαινό-

287 5325 457 5379 μενος
499 5305 804 5378 ἄνθρωπος,
849 5301 979 5369 οἷον,
1029 5301 1314 5375 Βαρνάϐας
1355 5303 1538 5372 τυχὸν,
1573 5301 1605 5371 ἢ
1640 5299 1872 5364 Παῦλος,

280 5401 459 5468 ἤγουν
492 5398 678 5466 ἕτερός
705 5415 784 5462 τις
812 5393 921 5451 τῶν
945 5397 1242 5451 τελούντων
1267 5398 1324 5447 ἐν
1347 5393 1676 5466 ἀνθρώποις,
1697 5391 1876 5462 ψυχῆς

279 5490 640 5562 ἀνθρωπίνης
669 5489 763 5542 καὶ
796 5487 1046 5559 σώματος
1089 5487 1484 5557 ἀνθρωπότητα
1506 5482 1626 5556 [ῖσ.
1656 5483 1876 5551 ἀδελφός

278 5581 464 5655 τητα]
525 5580 710 5635 λαϐεῖν
733 5583 934 5650 λέγοιτ’
974 5583 1061 5647 ἂν,
1107 5582 1181 5643 ὡς
1219 5580 1408 5648 ἕτερόν
1441 5596 1492 5630 τι
1528 5577 1681 5648 παρά
1718 5576 1875 5629 τοῦτο

1989 3295 2058 3350 Ut
2093 3307 2277 3351 autem
2329 3307 2549 3367 propter
2595 3298 2647 3352 id
2695 3300 2836 3368 quod
2871 3300 3223 3356 exinanitioni
3265 3305 3519 3360 convenit
3545 3347 3561 3372 ,

1985 3391 2166 3443 omnia
2199 3392 2282 3444 sui
2315 3392 2562 3459 corporis
2594 3400 2850 3461 tanquam
2887 3393 2988 3447 sibi
3020 3394 3237 3464 propria
3291 3397 3554 3462 vindicat,

1987 3480 2114 3536 licet
2141 3495 2207 3534 ex
2263 3492 2454 3535 natura
2511 3484 2580 3534 sit
2626 3483 3018 3552 incorporeus;
3063 3486 3137 3540 ita
3188 3503 3403 3559 quoque
3435 3505 3560 3545 cum

1988 3569 2106 3638 ipse
2136 3587 2373 3640 superne
2405 3574 2477 3628 sit
2509 3583 2564 3627 et
2597 3589 2629 3628 e
2662 3575 2822 3640 caelo,
2859 3578 2961 3631 hoc
2994 3577 3168 3645 ipsum
3199 3594 3430 3649 superne
3463 3597 3560 3636 ve-

1987 3661 2106 3714 nire
2141 3660 2242 3715 sibi
2281 3661 2382 3731 ipsi
2415 3679 2626 3718 rursum
2663 3665 2851 3719 tribuit
2897 3674 3009 3720 tum
3052 3681 3268 3736 quoque
3300 3685 3422 3724 cm
3474 3672 3560 3728 la-

1985 3761 2106 3806 ctus
2132 3764 2216 3808 est
2251 3754 2432 3818 homo,
2467 3756 2593 3810 licet
2646 3765 2807 3810 natus
2851 3758 2921 3810 sit
2951 3758 3230 3813 nobiscum
3263 3764 3560 3818 secundm

1986 3856 2203 3895 carnem
2223 3858 2286 3897 ex
2319 3845 2566 3899 muliere.
2594 3843 2756 3900 Facta
2787 3856 2914 3900 sunt
2943 3846 3104 3916 igitur
3133 3847 3289 3904 Verbi
3318 3854 3557 3920 propria,

1986 3948 2104 4000 quae
2161 3941 2283 3985 sunt
2360 3932 2764 3997 humanitatis,
2831 3949 3156 4006 rursumque
3204 3937 3562 3995 humanitatis

1989 4022 2233 4088 pr0pria,
2265 4037 2384 4090 qua:
2415 4032 2541 4076 sunt
2580 4023 2748 4093 ipsius
2791 4021 2974 4078 Verbi.
3023 4023 3117 4079 Sic
3150 4040 3382 4095 namque
3422 4045 3562 4085 unus

1983 4112 2235 4166 Christus
2269 4124 2324 4166 et
2350 4112 2518 4168 Filius
2547 4123 2601 4168 et
2638 4113 2900 4170 Dominus
2927 4115 3272 4186 intelligitur.
3304 4118 3410 4174 Sed
3433 4123 3561 4191 quia

1985 4205 2071 4258 hic
2088 4213 2315 4258 novator
2332 4204 2559 4274 adjecit:
2584 4206 2820 4262 «Similis
2838 4207 3096 4264 fratribus
3126 4224 3222 4280 per
3241 4213 3425 4268 omnia
3455 4215 3558 4278 δ’,ι

1982 4295 2072 4364 qui
2093 4295 2338 4350 humanae
2360 4296 2550 4351 anima:
2574 4299 2861 4366 carnisque
2888 4300 3285 4356 fraternitatem
3301 4305 3561 4372 suscepit,

1984 4400 2089 4439 non
2134 4385 2224 4439 ille
2278 4386 2371 4455 qui
2421 4388 2557 4441 dixit
2608 4403 2675 4440 τι
2710 4389 2810 4454 Qui
2854 4391 2988 4445 vidit
3023 4407 3128 4456 me,
3166 4392 3305 4446 vidit
3352 4403 3406 4447 et
3453 4393 3558 4447 Pa-

1987 4487 2124 4532 trem
2149 4478 2226 4531 ":
2253 4496 2269 4527 ι
2302 4493 2401 4546 age
2423 4479 2534 4549 jam
2573 4496 2759 4534 rursus
2790 4481 2916 4549 quid
2947 4483 3160 4537 tandem
3187 4483 3240 4536 in
3275 4484 3358 4540 his
3383 4486 3561 4540 verbis

1985 4569 2089 4622 sibi
2119 4569 2268 4635 velit,
2303 4581 2358 4624 ut
2393 4569 2575 4626 licebit
2605 4572 3034 4629 consideremus.
3065 4574 3144 4628 Ac
3197 4573 3393 4630 Filiqu
3439 4592 3560 4632 esse

1984 4661 2078 4716 Dei
2109 4674 2164 4716 et
2187 4662 2364 4716 Patris
2396 4662 2686 4733 imaginem
2711 4674 2764 4718 et
2803 4663 3053 4733 ﬁguram,
3079 4666 3194 4733 ipse
3225 4681 3440 4736 quoque
3475 4665 3559 4720 fa-

1986 4761 2128 4806 tetur
2157 4768 2170 4805 :
2205 4754 2460 4824 quisquis
2494 4769 2658 4824 porro
2692 4756 2941 4809 humana:
2976 4755 3172 4808 animae
3207 4755 3558 4824 corporisque

1986 4845 2386 4899 fraternitatem
2440 4847 2744 4914 susceperit
2773 4885 2787 4910 ,
2837 4844 2979 4898 illam
3005 4845 3211 4900 scilicet
3236 4860 3340 4913 qua
3375 4845 3560 4901 nobis-

1984 4949 2106 4989 cum
2149 4933 2418 5006 jungitur,
2460 4938 2688 5007 prodeat
2753 4951 2818 4991 ac
2851 4938 3018 4991 dicat.
3062 4935 3349 5006 Nunquam
3413 4937 3557 4992 enim

1983 5025 2269 5094 quisquam
2319 5026 2496 5090 dicet,
2536 5027 2810 5082 hominem
2859 5027 2950 5097 qui
2995 5027 3165 5082 nostri
3200 5028 3394 5082 similis
3439 5043 3561 5083 esse

1981 5119 2249 5182 cernitur,
2279 5118 2429 5174 verbi
2457 5116 2982 5189 gratia,Barnabam
3021 5119 3268 5183 fortasse,
3303 5120 3384 5173 vel
3416 5118 3558 5174 Pau-

1984 5207 2118 5272 lum,
2151 5218 2246 5262 aut
2282 5209 2448 5264 alium
2473 5209 2782 5278 quempiam
2811 5209 2900 5277 qui
2933 5220 3223 5264 censeatur
3271 5211 3413 5264 inter
3461 5206 3559 5262 hi»-

1985 5299 2184 5365 mines,
2210 5298 2316 5355 dici
2345 5313 2504 5369 posse
2535 5302 2786 5354 humana:
2829 5299 3025 5352 animte
3067 5297 3424 5367 corporisque
3456 5297 3559 5348 t'ra-

1986 5392 2297 5448 ternitatem
2329 5393 2643 5463 suscepisse
2670 5433 2686 5459 ,
2715 5391 2868 5462 quasi
2905 5391 2950 5445 is
2980 5389 3128 5444 aliud
3174 5388 3429 5457 quiddam
3480 5387 3553 5438 sit

1983 5479 2052 5539 ab
2083 5482 2185 5538 hoc
2218 5481 2514 5548 diversum,
2547 5486 2689 5553 quod
2720 5493 2904 5553 postea
2936 5480 3240 5560 susceperit
3278 5497 3291 5532 :
3325 5479 3418 5532 sed
3443 5475 3554 5545 78

1984 5573 2168 5644 potius
2195 5583 2300 5640 est,
2335 5574 2461 5630 dum
2487 5573 2539 5629 in
2566 5588 2630 5630 eo
2685 5578 2868 5630 manet
2917 5572 3061 5641 quod
3104 5581 3232 5626 est:
3277 5585 3381 5623 non
3427 5582 3558 5636 ergo

357 5760 404 5789 ⁸⁵
437 5757 593 5813 Joan.
621 5773 703 5818 ιιι,
734 5757 932 5820 12,15.
1008 5758 1054 5787 ⁵⁸
1093 5755 1252 5811 Hebr.
1282 5771 1343 5823 ιι,
1373 5757 1456 5809 17.
1536 5755 1577 5784 ⁸⁷
1616 5752 1770 5808 Joan.
1797 5768 1906 5818 xw,
1935 5753 1990 5808 9.

528 5850 800 5910 PATROL.
836 5851 951 5907 Gn.
995 5849 1248 5910 LXXVI.

3228 5837 3260 5896 5
