4166 6458
615 364 715 421 139

1592 363 1654 420 S.
1695 362 1970 420 CYRILLI
2008 361 2482 419 ALEXANDRINI
2521 359 2841 423 ABClllEP.

3764 375 3872 428 HD

612 487 772 540 homo
795 483 992 555 aliquis
1019 483 1131 555 jam
1160 482 1453 549 exsistcns,
1485 484 1736 555 accipere
1772 486 2005 556 idipsum
2035 488 2165 555 quor

2285 484 2565 556 ὑπάρχων,
2599 481 2701 540 εἷθ’
2745 488 2890 542 οὓτω
2933 489 3151 546 λαθώνο
3201 493 3316 546 ἔστι
3350 492 3406 548 δὲ
3449 494 3651 566 μᾶλλον
3693 497 3751 550 ἔν
3803 516 3875 567 γι

607 585 715 640 est,
753 574 906 645 quasi
937 574 1085 628 aliud
1137 574 1394 643 quiddam
1450 588 1481 628 a
1532 588 1592 630 se
1641 575 1938 641 diversum,
1978 574 2181 631 intelli-

609 666 813 735 gendus
846 672 967 721 est:
1004 665 1098 720 sed
1124 664 1304 733 potius
1333 664 1409 719 illi
1459 679 1526 720 ex
1572 666 1682 721 Deo
1733 667 1916 736 genito
1950 664 2129 722 Verbo
2158 703 2176 731 ,

606 757 699 825 qui
745 754 1041 811 secundum
1089 768 1202 808 sua:
1251 762 1458 808 natura:
1507 755 1751 809 rationes
1799 755 2081 811 nobiscum
2124 754 2178 809 in

604 845 852 900 eumdem
883 859 1103 899 censum
1149 843 1345 900 referri
1372 858 1478 898 non
1527 853 1731 913 potest,
1785 846 2043 901 convenit
2078 846 2178 899 hu-

605 952 779 991 mana:
810 936 1004 992 animae
1028 944 1082 990 et
1122 936 1367 1004 corporis
1409 938 1803 994 fraternitatem
1836 953 1940 1007 qua
1989 938 2177 993 nobis-

604 1044 724 1082 cum
750 1027 1026 1098 jungatur,
1060 1027 1356 1097 accepisse.
1395 1028 1461 1083 Et
1494 1028 1622 1084 huic
1654 1040 1854 1085 nostra:
1892 1030 2177 1086 sententiae

606 1130 717 1172 tum
765 1119 880 1189 ipsa
913 1119 1163 1174 veritatis
1217 1118 1358 1173 ratio
1408 1119 1807 1188 patrocinatur,
1862 1130 1972 1175 tum
2008 1123 2173 1175 etiam

604 1213 823 1279 integrae
857 1209 978 1264 fidei
1011 1210 1253 1264 traditio.
1295 1208 1520 1264 Constat
1552 1224 1683 1279 ergo
1716 1211 1768 1264 in
1798 1210 1967 1265 forma
1999 1212 2089 1266 Dei
2116 1221 2171 1267 et

600 1302 778 1357 Patris
806 1301 971 1356 Deum
1003 1299 1235 1355 Verbum
1259 1298 1484 1355 fratrem
1519 1302 1673 1355 nobis
1702 1301 1902 1356 factum
1930 1318 2052 1358 esse
2076 1319 2175 1371 per

603 1393 809 1459 omnia,
841 1392 1095 1445 humanae
1124 1391 1318 1445 anima!
1343 1400 1397 1445 et
1417 1392 1664 1461 corporis
1688 1390 2032 1446 fraternitate
2047 1408 2169 1447 sus-

600 1494 756 1553 cepta
810 1497 987 1551 neque
1034 1481 1292 1537 mentitur
1337 1482 1586 1535 cum-ait
1631 1497 1642 1531 :
1686 1500 1703 1534 ι
1745 1482 1842 1550 Qui
1886 1484 2019 1537 vidit
2065 1498 2170 1551 me,

597 1573 732 1628 vidit
765 1583 818 1627 et
841 1572 1082 1627 Patrem.
1121 1589 1140 1623 ι
1173 1569 1306 1625 Nam
1339 1571 1384 1625 si
1414 1570 1536 1639 quis
1568 1581 1814 1625 nostrum
1844 1572 1909 1625 ad
1930 1586 2050 1627 eam
2082 1588 2171 1627 us-

597 1680 703 1735 que
730 1649 1116 1731 cogitationum
1141 1659 1471 1717 dementiam
1498 1662 1681 1732 lapsus
1703 1672 1872 1729 esset,
1918 1673 1976 1717 ut
2009 1674 2165 1734 puta~

597 1767 679 1812 ret
705 1758 869 1811 etiam
903 1755 1079 1825 ipsum
1114 1755 1205 1825 qui
1229 1755 1280 1808 in
1308 1754 1462 1809 caelis
1513 1763 1597 1809 est
1642 1754 1857 1809 Patrem
1893 1771 1958 1809 ac
1994 1754 2163 1810 Deum

594 1862 659 1901 eo
692 1847 1074 1915 dejiciendum,
1111 1854 1170 1898 ut
1216 1845 1438 1899 omnino
1470 1852 1712 1898 nostram
1755 1844 2165 1899 similitudinem
2201 1833 2242 1887 Β

595 1941 812 2002 habeat,
867 1951 1184 2005 corpoream
1227 1935 1510 2001 ttimirum,
1560 1946 1705 1990 recte
1752 1946 2044 2001 metueret,
2076 1950 2163 2002 ne,

592 2032 718 2084 dum
753 2029 1002 2084 Christus
1035 2026 1207 2082 dicit:
1243 2044 1262 2076 ε
1317 2026 1419 2092 Qui
1466 2026 1602 2079 vidit
1639 2041 1745 2093 me,
1806 2026 2018 2081 viditet
2062 2026 2167 2079 Pa-

594 2133 754 2185 trem,
795 2138 812 2171 ι
852 2120 1025 2188 ipsum
1079 2131 1298 2186 quoque
1346 2132 1414 2171 ex
1460 2131 1568 2185 quo
1621 2128 1705 2172 est
1748 2120 1928 2187 specie
1979 2128 2165 2172 nostra

591 2228 711 2268 esse
742 2222 796 2267 et
823 2211 1024 2281 ﬁguras
1068 2207 1316 2278 corporis
1366 2208 1566 2261 habere
1615 2208 2008 2276 suspicaretur.
2057 2206 2167 2261 Sed

591 2308 715 2376 quia
756 2304 921 2361 etiam
962 2302 1131 2357 Filius
1168 2299 1406 2355 hominis
1440 2298 1639 2363 factus,
1698 2301 1801 2354 hoc
1844 2300 1986 2369 quod
2023 2300 2165 2355 Deus

588 2405 706 2451 erat
734 2393 993 2458 servavit,
1025 2402 1080 2448 et
1112 2405 1222 2446 suae
1245 2399 1451 2444 natura:
1482 2390 1939 2457 pulchritudinem
1970 2392 2166 2445 immu-

594 2486 811 2542 tabilem
845 2483 1060 2547 retinet,
1094 2482 1242 2536 nullo
1272 2481 1430 2535 modo
1480 2483 1710 2535 verebor
1757 2483 1961 2546 dicere,
2012 2483 2164 2537 illum

590 2593 713 2634 esse
740 2576 907 2631 etiam
937 2574 1173 2630 similem
1201 2572 1359 2627 nobis
1387 2585 1495 2640 qua
1524 2570 1686 2626 homo
1708 2584 1814 2634 est,
1858 2581 1916 2625 ut
1938 2587 2037 2627 nos
2066 2588 2161 2627 su-

592 2685 712 2724 mus
747 2683 815 2722 ex
848 2666 1027 2721 anima
1055 2662 1216 2720 simul
1264 2676 1319 2719 ct
1366 2677 1617 2731 corpore,
1671 2664 1919 2731 quamvis
1971 2675 2165 2720 natura

589 2763 662 2817 sit
704 2761 865 2828 Deus,
910 2768 966 2815 et
994 2760 1164 2831 ﬁgura
1206 2761 1526 2816 substantiae
1559 2761 1836 2818 Genitoris
1887 2763 1955 2816 ⁸³.
2013 2762 2164 2817 Unus

587 2854 757 2924 igitur
791 2853 1040 2921 idemque
1068 2852 1264 2906 similis
1294 2863 1377 2907 est
1409 2852 1668 2908 iratribtts
1704 2855 2005 2909 secundum
2039 2871 2162 2909 car-

586 2957 711 2997 nem
736 2952 791 2998 et
819 2943 875 2997 in
914 2957 1008 2998 sua
1045 2950 1239 2999 natura
1263 2956 1367 3013 qua
1402 2943 1541 2997 Deus
1570 2954 1677 3008 est,
1732 2946 1905 3015 ipsum
1948 2962 2165 3017 quoque

585 3033 804 3090 Patrem
851 3034 1110 3088 ostendit.
1166 3033 1265 3088 Hic
1321 3050 1453 3090 vero
1500 3037 1551 3089 id
1598 3054 1703 3091 non
1759 3038 2008 3109 intelligit
2057 3039 2163 3094 ullo

588 3128 794 3190 modo,
855 3127 950 3181 sed
1002 3137 1203 3181 rectam
1255 3142 1551 3195 puramque
1605 3129 1845 3198 mysterii
1898 3129 2160 3184 rationem

588 3219 925 3284 adulterans,
962 3219 1126 3272 alium
1152 3218 1307 3273 nobis
1338 3228 1393 3273 et
1426 3219 1589 3272 alium
1624 3222 1827 3273 inducit
1854 3221 2160 3286 Christum,

586 3322 643 3368 et
682 3310 1032 3369 Judaieorum
1081 3311 1370 3364 criminum
1423 3312 1629 3379 laqueis
1666 3324 1879 3381 captus,
1929 3312 2017 3367 ubi
2069 3314 2162 3377 sit,

587 3409 642 3452 et
671 3412 779 3467 quo
822 3397 1090 3452 malorum
1127 3400 1337 3451 venerit
1374 3400 1593 3453 minime
1627 3402 1811 3455 sentit.
1855 3403 2164 3458 Audiebant

586 3491 732 3546 enim
758 3489 847 3560 qui
885 3490 950 3543 de
976 3501 1171 3557 genere
1205 3485 1370 3542 Israel
1399 3500 1582 3553 erant,
1616 3492 1779 3544 Deum
1829 3494 2161 3549 clamantem

584 3598 683 3654 per
708 3584 995 3653 quemdam
1054 3589 1363 3635 sanctorum
1404 3584 1790 3651 prophetarum
1852 3586 1918 3639 de
1949 3586 2165 3641 Emma-

586 3676 760 3729 nuel:
800 3691 819 3725 t
855 3673 922 3727 Et
964 3681 1050 3736 tu,
1096 3671 1406 3727 Bethleltem
1462 3676 1653 3728 domus
1702 3674 2015 3743 Ephratha,
2066 3678 2165 3731 tni-

586 3770 733 3822 nima
781 3781 841 3821 es
891 3769 943 3819 in
998 3765 1235 3819 millibus
1282 3765 1414 3818 .luda
1453 3785 1466 3818 :
1505 3782 1569 3819 ex
1610 3776 1661 3820 te
1709 3767 1837 3820 mihi
1894 3770 2063 3822 exibit
2110 3780 2165 3823 ut

585 3859 657 3914 sit
690 3858 941 3928 princeps
968 3856 1022 3911 in
1052 3855 1239 3918 Israel,
1277 3866 1329 3909 et
1356 3857 1535 3910 exitus
1582 3857 1698 3925 ejus
1738 3873 1764 3909 a
1799 3859 2063 3927 principio
2095 3875 2160 3913 ex

585 3950 779 4007 diebus
807 3949 1133 4003 aeternitatis
1169 3947 1233 3999 ι’.
1272 3966 1290 3999 ι
1328 3947 1392 4001 Et
1412 3963 1599 4001 rursus
1629 3967 1641 4000 :
1678 3966 1696 3998 ‹
1740 3948 2160 4003 Generationcm

582 4041 700 4109 ejus
743 4040 866 4109 quis
910 4038 1233 4092 enarrahit?
1280 4038 1405 4107 quia
1462 4038 1669 4093 tollitur
1725 4041 1789 4093 de
1854 4050 1995 4094 terra
2050 4042 2160 4095 vita

583 4134 701 4201 ejus
728 4132 795 4184 '°.
821 4151 840 4182 ι
881 4129 1080 4184 Deinde
1108 4145 1229 4183 cum
1280 4144 1506 4197 prorsus
1542 4131 1689 4185 nullo
1743 4132 1904 4186 modo
1958 4145 2159 4202 myste-

583 4228 723 4281 rium
777 4223 1143 4293 intelligerent
1176 4262 1189 4286 ,
1245 4237 1419 4291 neque
1462 4224 1667 4278 scirent
1697 4224 1871 4291 illum,
1912 4227 2159 4294 quamvis

582 4317 726 4372 Deus
744 4324 891 4370 esset
921 4330 988 4368 ex
1008 4323 1198 4366 natura
1226 4322 1279 4368 et
1304 4314 1667 4370 subsistentia!
1691 4332 1802 4370 suae
1832 4317 2046 4371 initium
2077 4319 2158 4372 in-

584 4408 693 4480 79
728 4405 935 4461 visibile
957 4416 1013 4458 et
1045 4404 1589 4473 incomprehensibile
1611 4408 1857 4472 haberet,
1904 4421 2155 4463 vocatum

2279 576 2360 647 τῷ
2392 575 2534 632 εἶναι
2558 579 2705 632 τοῦθ’
2727 581 2863 652 ὅπερ
2889 583 3059 638 ἐστίν.
3106 583 3317 639 Οὐκοῦν
3345 586 3445 640 οὐκ
3473 587 3763 659 ἄνθρωπός
3786 607 3879 653 τις

2280 669 2566 741 ὑπάρχων,
2623 671 2700 735 ὡς
2753 674 2939 745 ἔτερόν
2985 694 3038 729 τι
3094 677 3221 747 παρ’
3276 678 3494 747 ἑαυτὸν,
3561 680 3750 735 λαϐεῖν
3802 683 3877 735 ἂν

2279 764 2450 813 νοοῖτο
2474 761 2535 814 τὸ
2566 758 2703 816 εἶναι
2732 764 2760 817 ὃ
2788 765 2905 819 ἐστι
2930 783 2945 798 ·
2993 769 3193 840 πρέποι
3235 769 3280 823 δ’
3328 771 3393 824 ἂν
3447 774 3648 843 μᾶλλον
3680 776 3760 847 τῷ
3798 778 3876 830 ὲκ

2279 849 2415 903 Θεοῦ
2437 851 2593 920 φύντι
2615 852 2793 923 Λόγῳ,
2827 854 2888 908 τὸ
2921 856 3261 913 ἀσύντακτον
3293 860 3468 932 ἔχοντι
3515 863 3653 934 πρὸς
3692 865 3874 934 ἡμᾶς,

2277 942 2422 996 κατά
2456 960 2520 1011 γε
2546 945 2671 1007 τοὺς
2704 946 2804 1017 τῆς
2854 947 2991 1012 ἰδίας
3022 950 3238 1020 φύσεως
3281 951 3495 1021 λόγους.
3542 955 3724 1025 ψυχῆς
3772 957 3876 1009 ἀν-

2278 1030 2562 1102 θρωπίνης
2605 1035 2700 1087 καὶ¹
2731 1035 2984 1106 σώματος
3026 1040 3125 1110 τὴν
3157 1042 3295 1113 πρὸς
3334 1046 3485 1113 ἡμᾶς
3530 1044 3874 1116 ἀδελφότητα

2277 1121 2484 1179 λαὸεῖν.
2512 1125 2622 1178 Καὶ
2648 1127 2782 1205 πρός
2816 1144 2879 1195 γε
2917 1129 3075 1183 τοῦτο
3099 1132 3229 1203 ἡμῖν
3258 1133 3287 1184 ὁ
3317 1133 3417 1205 τῆς
3456 1135 3715 1207 ἀληθείας
3766 1139 3869 1191 ἐπ-

2277 1218 2779 1287 αγωνιεῖταιλόγος,
2796 1221 2890 1274 καὶ⁵
2917 1223 3015 1293 τῆς
3036 1224 3337 1296 ἀμωμήτου
3364 1227 3597 1292 πίστεως
3624 1232 3657 1301 ὴ
3684 1231 3870 1303 παρά.-

2275 1309 2441 1373 δοσις.
2479 1313 2719 1382 ⁸Ἀραρεν
2752 1309 2845 1367 οὖν
2873 1316 2956 1367 ὅτι
2993 1318 3050 1368 ὲν
3085 1321 3267 1390 μορφῇ
3311 1319 3405 1373 τοῦ
3440 1320 3574 1374 Θεοῦ
3624 1323 3717 1376 καὶ
3754 1325 3871 1377 Πα-

2274 1401 2424 1472 τρὸς,
2450 1403 2581 1466 Θεὸς
2613 1405 2788 1474 Λόγος
2828 1408 3058 1476 ἀδελφὸς
3089 1413 3223 1481 ἡμῖν
3263 1413 3405 1467 κατά
3436 1415 3614 1468 πάντα
3647 1417 3867 1485 γέγονε,

2273 1492 2450 1562 ψυχῆς
2492 1494 2842 1566 ἀνθρωπίνης
2874 1499 2969 1551 καὶ
3010 1499 3263 1571 σώματος
3292 1503 3627 1577 ἀδελφότητα
3655 1507 3864 1571 λαϐὼν,

2273 1581 2371 1633 καὶ
2414 1582 2513 1634 οὐκ
2564 1583 2632 1637 ἂν
2669 1584 3020 1649 διαψεύσαιτο
3067 1589 3263 1659 λέγων,
3311 1611 3330 1644 ι
3354 1594 3411 1647 '0
3446 1596 3705 1666 ἑωρακὼς
3736 1600 3865 1669 ἐμὲ,

2274 1671 2487 1744 ἑώρακε
2516 1674 2609 1730 τὸν
2646 1677 2886 1747 Πατέρα.
2911 1699 2930 1730 ι
2984 1681 3046 1733 Ei
3092 1683 3190 1751 μὲν
3218 1683 3327 1753 γάρ
3354 1703 3437 1749 τις
3471 1688 3579 1741 τῶν
3609 1689 3668 1742 ἐν
3707 1691 3862 1760 ἡμῖν,

2273 1765 2520 1835 ἀμαθίας
2566 1770 2645 1831 είς
2684 1769 2843 1823 τοῦτο
2873 1772 3210 1827 κατώλισθεν
3248 1777 3487 1845 ἐννοιῶν,
3535 1781 3611 1844 ὡς
3654 1783 3867 1836 οἴεσθαι

2271 1859 2365 1911 καὶ
2389 1858 2549 1911 αὑτὸν
2570 1860 2662 1914 τὸν
2692 1862 2750 1914 ὲν
2775 1865 2887 1926 τοῖς
2910 1866 3157 1933 οὐρανοῖς
3185 1869 3401 1939 Πατέρα
3423 1870 3515 1924 καὶ
3540 1871 3673 1925 Θεὸν
3695 1892 3868 1927 κατα-

2270 1948 2593 2019 κομίζεσθαι
2647 1953 2779 2020 δεῖν,
2821 1954 2900 2019 εἷς
2940 1974 3005 2025 γε
3054 1958 3113 2011 τὸ
3148 1961 3365 2030 χρῆναι,
3411 1965 3577 2033 φημὶ,
3610 1965 3708 2035 τὴν
3738 1966 3865 2021 καθ’

2270 2043 2418 2111 ἡμᾶς
2441 2044 2699 2113 ὁμοίωσιν
2744 2046 2910 2118 ἔχειν,
2958 2049 3116 2119 δῆλον
3145 2053 3200 2105 δὲ
3237 2054 3317 2107 ὅτι
3369 2055 3468 2125 τὴν
3512 2060 3861 2130 σωματικὴν,

2268 2132 2446 2204 ὀρθῶς
2490 2135 2701 2201 ἐδεδίει,
2756 2140 2831 2210 μὴ
2879 2142 2986 2210 ἄρα
3031 2161 3131 2195 που
3183 2144 3431 2213 λέγοντος
3472 2147 3566 2201 τοῦ
3599 2150 3863 2219 Χριστοῦ,

2275 2242 2294 2275 ι
2336 2224 2394 2277 '0
2421 2226 2683 2297 ἑωρακὼς
2722 2230 2840 2299 ἐμὲ,
2873 2230 3085 2300 ἑώρακε
3112 2234 3202 2287 τὸν
3236 2238 3476 2309 Πατέρα,
3510 2258 3527 2290 ι
3574 2242 3667 2294 καὶ
3692 2242 3858 2296 αὑτὸν

2269 2315 2635 2387 ὑποτοπήσειε
2659 2319 2750 2372 τὸν
2780 2322 2837 2387 ἐξ
2876 2317 3046 2394 οὗπέρ
3075 2325 3243 2391 ἐστιν,
3277 2329 3335 2381 ὲν
3369 2329 3495 2382 εῖδει
3526 2348 3582 2383 τε
3605 2328 3740 2386 εἶναι
3779 2334 3861 2405 τῷ

2267 2406 2390 2459 καθ’
2425 2408 2592 2478 ἡμᾶς,
2644 2411 2738 2464 καὶ
2783 2414 2841 2465 ἐν
2884 2416 2995 2477 τοῖς
3044 2417 3186 2469 κατὰ
3221 2417 3380 2487 σῶμα
3431 2426 3858 2492 σχηματισμοῖς.

2280 2498 2498 2571 Ἐπειδὴ
2549 2500 2607 2553 δὲ
2649 2504 2743 2555 καὶ
2792 2503 2919 2568 Υἱὸς
2972 2506 3261 2575 ἀνθρώπου
3291 2510 3549 2578 γεγονὼς,
3605 2514 3666 2566 τὸ
3719 2511 3860 2568 εἶναι

2267 2592 2401 2656 Θεὸς
2449 2593 2763 2661 διεσώσατο,
2817 2598 2911 2650 καὶ
2944 2599 3006 2651 τὸ
3057 2600 3158 2669 τῆς
3201 2603 3339 2667 ἰδίας
3396 2605 3612 2672 φύσεως
3664 2608 3860 2672 κάλλος

2267 2685 2686 2756 ἁπαραποίητον
2708 2689 2843 2759 ἔχει,
2870 2694 3270 2762 κατοκνήσαιμ’
3295 2695 3360 2747 ἂν
3384 2697 3633 2767 οὐδαμῶς
3659 2701 3855 2765 εἰπεῖν,

2267 2771 2349 2826 ὅτι
2383 2774 2477 2827 καὶ
2510 2775 2609 2847 τὴν
2645 2778 2781 2847 πρὸς
2820 2781 2971 2849 ἡμᾶς
3008 2782 3265 2850 ὁμοίωσιν
3309 2785 3443 2856 ἔχει,
3497 2789 3640 2842 κατά
3686 2808 3745 2858 γε
3798 2792 3860 2845 τὸ

2267 2862 2405 2919 εἶναι
2431 2866 2553 2920 καθ’
2587 2870 2734 2939 ἡμᾶς
2761 2870 3068 2940 ἄνθρωπος,
3097 2877 3125 2928 ὁ
3158 2878 3221 2929 ἐκ
3250 2876 3429 2948 ψυχῆς
3460 2862 3551 2933 καὶ
3585 2880 3853 2952 σώματος,

2267 2958 2444 3011 καίτοι
2476 2960 2607 3021 Θεὸς
2640 2960 2715 3015 ὢν
2741 2962 2901 3032 φύσει
2933 2966 3028 3018 καὶ
3065 2968 3353 3039 χαρακτὴρ
3382 2974 3480 3041 τῆς
3503 2973 3858 3038 ὑποστάσεως

2265 3049 2359 3102 τοῦ
2391 3053 2803 3122 γεγεννηκότος.
2841 3051 2934 3118 Εἷς
2966 3051 3057 3109 οὖν
3106 3058 3215 3127 ἄρα
3261 3060 3355 3112 καὶ
3392 3063 3418 3113 ὁ
3450 3062 3629 3125 αὑτὸς,
3675 3081 3854 3135 παρα-

2192 3163 2235 3221 C
2271 3140 2503 3212 πλήσιος
2533 3144 2631 3212 μὲν
2658 3148 2770 3209 τοῖς
2800 3146 3048 3216 ἀδελφοῖς
3086 3150 3224 3202 κατὰ
3262 3151 3460 3221 σάρκα,
3495 3151 3754 3206 δεικνύων
3798 3155 3857 3207 δὲ

2270 3235 2365 3287 καὶ
2381 3236 2542 3288 αὑτὸν
2559 3238 2616 3289 ἐν
2638 3238 2744 3309 ἰδίᾳ
2767 3240 2925 3308 φύσει
2950 3241 3041 3293 τὸν
3068 3242 3386 3313 Γεννήτορα,
3409 3246 3549 3297 κατά
3571 3262 3658 3312 γε,
3686 3248 3851 3315 φημὶ,

2273 3328 2335 3379 τὸ
2380 3323 2519 3382 εἶναι
2561 3329 2723 3394 Θεός·
2761 3333 2788 3382 ὁ
2827 3332 2882 3384 δὲ
2926 3334 3085 3385 τοῦτο
3139 3336 3237 3404 μὲν
3288 3335 3347 3386 οὑ
3402 3336 3615 3405 συνίησί
3644 3338 3810 3391 ποθεν
3835 3352 3852 3367 ·

2277 3421 2714 3491 παρασημαίνων
2738 3423 2794 3475 δὲ
2826 3423 3013 3494 ὥσπερ
3035 3426 3124 3478 τὸν
3151 3427 3323 3497 ὀρθῶς
3348 3445 3405 3479 τε
3435 3430 3526 3480 καὶ
3550 3429 3855 3501 ἀκιὸδήλως

2268 3513 2459 3582 ἔχοντα
2486 3514 2579 3566 τοῦ
2617 3517 2916 3586 μυστηρίου
2953 3517 3129 3584 λόγον,
3166 3520 3352 3588 ἕτερον
3379 3520 3511 3590 ἡμῖν
3538 3522 3634 3574 καὶ
3668 3521 3854 3592 ἕτερον

2267 3605 2572 3675 εἰσκομίζει
2603 3608 2837 3677 Χριστόν
2862 3625 2873 3637 ·
2913 3612 3004 3661 καὶ
3034 3612 3146 3672 τοῖς
3181 3611 3487 3675 Ἰουδαϊκοῖς
3509 3613 3853 3683 ἐγκλήμασιν

2267 3696 2526 3760 ἐναλοὺς,
2570 3698 2691 3750 οὐδὲ
2744 3699 2975 3771 ὅποιπερ
3036 3702 3183 3765 ἐστι,
3236 3704 3328 3755 καὶ
3390 3704 3457 3756 ἶν’
3505 3705 3628 3774 ἥκει
3666 3705 3852 3757 κακῶν

2266 3788 2599 3843 αἰσθάνεται.
2645 3792 2877 3844 ’Ήκουον
2900 3792 2994 3860 μὲν
3042 3793 3150 3863 γὰρ
3191 3795 3332 3861 οίὲξ
3351 3796 3580 3865 αἵματος
3614 3797 3849 3867 Ἰσραὴλ,

2265 3880 2402 3933 Θεοῦ
2442 3880 2863 3952 διακεκραγὸτος
2909 3884 2975 3936 δι’
3022 3884 3140 3948 ἑνὸς
3182 3887 3291 3939 τῶν
3331 3888 3503 3956 ἁγίων
3555 3889 3850 3959 προφητῶν

2268 3974 2393 4041 περ).
2419 3971 2513 4025 τοῦ
2562 3973 2907 4045 Ἐμμανουήλ
2929 3990 2941 4004 °
2981 3997 2998 4027 ι
3030 3978 3138 4029 Καὶ
3160 3979 3247 4041 σὺ,
3282 3978 3547 4048 Βηθλεὲμ,
3584 3978 3729 4042 οἶκος
3756 3981 3850 4034 τοῦ

2279 4062 2543 4130 Ἐφραθᾶ,
2574 4061 2851 4129 ὀλιγοστὸς
2880 4060 2931 4115 εἴ
2970 4065 3061 4117 τοῦ
3092 4061 3234 4118 εἶναι
3270 4068 3327 4118 ὲν
3359 4068 3593 4137 χιλιάσιν
3637 4070 3806 4122 Ἰούδα
3832 4089 3845 4101 ·

2263 4153 2328 4206 ὲκ
2359 4152 2452 4206 σοῦ
2482 4171 2574 4223 μοι
2608 4153 2950 4218 ἐξελεύσεται
2995 4156 3088 4209 τοῦ
3124 4154 3262 4210 εἶναι
3302 4160 3385 4221 εἰς
3413 4158 3649 4229 ἄρχοντα
3682 4161 3741 4211 ὲν
3770 4159 3848 4229 τῷ

2277 4246 2525 4318 Ἰσραήλ’
2576 4248 2668 4301 καὶ
2706 4249 2763 4301 αἱ
2794 4248 2961 4314 ἔξοδοι
2996 4250 3161 4302 αὑτοῦ
3207 4252 3303 4303 ἀπ’
3334 4252 3509 4321 ἀρχῆς
3538 4252 3594 4318 ἐξ
3626 4254 3846 4322 ἡμερῶν

2262 4338 2475 4402 αἰῶνος.
2491 4358 2508 4390 ι
2529 4341 2638 4393 Καὶ
2656 4340 2835 4393 πάλιν·
2857 4360 2875 4391 ι
2890 4342 2999 4412 Τὴν
3021 4342 3212 4409 γενεάν
3234 4341 3398 4396 αὐτοῦ
3416 4343 3495 4405 τίς
3508 4345 3844 4414 διηγήσεται;

2263 4431 2344 4485 ὅτι
2374 4433 2588 4503 αἴρεται
2614 4432 2721 4485 ἀπὸ
2746 4434 2843 4504 τῆς
2863 4437 2966 4505 γῆς
2991 4434 3152 4513 ήζωὴ
3169 4435 3388 4488 αὑτοῦ.»
3416 4429 3547 4513 Εἶτα
3573 4435 3843 4497 συνιέντες

581 4517 703 4556 esse
730 4508 911 4553 tamen
938 4496 1365 4561 Bethleemitam,
1399 4505 1583 4567 utpote
1617 4513 1679 4551 ex
1712 4499 1892 4553 radice
1916 4499 2068 4555 Jesse
2096 4516 2159 4556 ac

2268 4496 2519 4593 οὐδαμῶς
2548 4524 2609 4576 τὸ
2644 4496 2961 4596 μυστήριον,
3005 4496 3152 4578 δῦτε.
3170 4526 3277 4597 μὴν
3306 4510 3506 4589 εἰδότες
3535 4527 3616 4580 ὅτι
3667 4528 3844 4580 καίτοι

585 4593 834 4659 David“,
862 4592 932 4645 ibi
948 4591 1241 4644 secundum
1264 4604 1481 4643 carnem
1501 4591 1765 4658 genitum,
1784 4591 1923 4645 inter
1946 4607 2004 4646 se
2022 4594 2164 4647 dice-

584 4688 714 4742 hant
742 4704 756 4740 :
788 4705 806 4738 ι
851 4684 1041 4739 Nonne
1068 4684 1154 4738 hic
1179 4692 1256 4737 e5!
1292 4698 1450 4751 quem
1479 4686 1793 4750 quaerebant
1830 4683 2161 4739 interﬁcere?

584 4778 728 4835 Ecce
751 4778 922 4848 palam
976 4777 1234 4845 loquitur,
1266 4785 1321 4828 et
1374 4774 1506 4828 nihil
1562 4775 1613 4827 ei
1660 4776 1885 4828 dicunt:
1924 4776 2162 4844 nunquid

585 4869 1241 4943 cognoveruntprincipes
1269 4868 1394 4935 quia
1441 4868 1528 4921 hic
1585 4878 1668 4921 est
1714 4866 2010 4922 Christus?
2056 4867 2161 4923 Sed

586 4968 731 5021 hunc
756 4963 958 5018 scimus
980 4963 1118 5016 unde
1136 4964 1209 5015 sit
1231 4976 1241 5009 :
1278 4960 1532 5014 Christus
1563 4968 1739 5014 autem
1774 4976 1897 5013 cum
1923 4963 2161 5029 venerit,

552 5074 746 5135 inemo
764 5058 866 5113 scit
900 5056 1038 5110 unde
1067 5054 1227 5109 sit".
1266 5072 1284 5104 ι
1332 5052 1635 5108 Audiebant
1691 5055 1860 5117 enim,
1918 5065 1974 5109 ut
2022 5055 2156 5120 dixi,

546 5142 557 5200 ἱ
587 5152 905 5221 prophetam
936 5148 1118 5201 dicere
1163 5146 1449 5216 perspicue
1483 5162 1495 5198 :
1538 5163 1556 5196 ι
1586 5144 2005 5201 Generationem
2040 5146 2157 5215 ejus

587 5243 711 5313 qhis
754 5238 1077 5295 enarrabit?
1113 5256 1130 5288 ι
1169 5246 1244 5301 et,
1298 5238 1442 5305 quod
1508 5239 1710 5302 exitus,
1751 5238 1801 5292 id
1825 5248 1929 5305 est,
1960 5254 2155 5293 essen-

587 5360 673 5411 tia:
712 5356 920 5409 initium
947 5362 1075 5407 ante
1102 5351 1283 5405 omnia
1337 5350 1533 5404 saecula
1585 5350 1827 5404 haberet.
1871 5349 1989 5403 Jam
2034 5365 2161 5406 vero

583 5458 817 5517 quantus
846 5445 1009 5499 luerit
1028 5442 1334 5497 Judazorum
1363 5452 1572 5511 stupor,
1608 5458 1818 5497 rursum
1847 5444 2160 5497 consideres

581 5541 767 5593 vclim.
790 5538 924 5591 Cum
960 5537 1104 5591 enim
1130 5534 1374 5590 dicerent
1403 5554 1416 5588 :
1453 5553 1470 5585 ι
1507 5533 1753 5589 Christus
1777 5550 1896 5588 cum
1928 5537 2156 5598 venerit,

585 5646 743 5687 nemo
765 5630 868 5684 scit
937 5630 1077 5683 unde
1137 5628 1229 5691 sit,
1272 5646 1291 5679 ι
1329 5641 1514 5681 rursus
1564 5628 1704 5680 inter
1754 5642 1812 5681 se
1862 5626 2155 5681 dicebant:

1121 5808 1165 5840 ⁸⁹
1203 5807 1360 5862 Mich.
1391 5822 1439 5869 v,
1472 5805 1525 5859 ‘2.

654 5812 700 5844 ""
730 5811 900 5867 Hebr.
932 5827 965 5877 ι,
994 5811 1025 5863 5
1121 5808 1165 5840 ⁸⁹
1203 5807 1360 5862 Mich.
1391 5822 1439 5869 ν,
1472 5805 1525 5859 ‘2.
1603 5807 1648 5837 ⁵ο
1684 5805 1781 5859 lsa.
1810 5822 1923 5871 Ltll,
1951 5807 2001 5862 8.

2060 5870 2089 5877 .ο

2106 5806 2148 5837 ³³
2192 5807 2292 5860 lsa.
2326 5819 2396 5867 XI,
2432 5806 2476 5858 l.

2268 4612 2399 4676 Θεὸς
2425 4612 2500 4667 ὢν
2531 4612 2711 4682 φύσει,
2765 4616 2859 4667 καὶ
2906 4615 3003 4684 τῆς
3044 4614 3329 4686 ὑπάρξεως
3370 4615 3469 4685 τὴν
3507 4616 3685 4687 ἀρχὴν
3739 4617 3843 4670 ἄπο

2268 4704 2435 4775 οπτόν
2465 4721 2524 4756 τε
2556 4705 2648 4756 καὶ
2692 4704 3076 4774 ἀκατάληπτον
3118 4706 3277 4777 ἔχων,
3309 4708 3688 4777 κεχρημάτικε
3739 4707 3844 4776 Βη-

2269 4796 2580 4867 θλεεμίτης,
2616 4796 2689 4859 ῶς
2721 4798 2785 4849 ἐκ
2817 4797 2974 4867 ῥίζης
3016 4799 3211 4851 Ἰεσσαὶ
3243 4800 3337 4851 καὶ
3363 4797 3547 4861 Δαῦὶδ,
3571 4799 3687 4851 ἐκεῖ
3719 4816 3843 4867 γεν-

2267 4888 2449 4958 νηθεὶς
2476 4889 2616 4942 κατὰ
2660 4888 2857 4959 σάρκα,
2890 4890 3024 4960 πρὸς
3056 4889 3314 4960 ἀλλήλους
3359 4890 3598 4959 ἔφασκον
3620 4905 3634 4919 ο
3671 4909 3691 4940 ‹
3735 4890 3846 4960 Οὐχ

2273 4978 2427 5044 οὗτός
2483 4982 2633 5034 ἐστιν
2672 4981 2730 5034 ὃν
2795 4981 3047 5050 ζητοῦσιν
3091 4983 3448 5047 ἀποκτεῖναι;
3487 4984 3591 5035 Ἴδε
3631 4986 3848 5053 παρρη-

2270 5074 2361 5144 σίᾳ
2400 5073 2573 5139 λαλεῖ,
2612 5072 2704 5125 καὶ
2737 5072 2886 5125 οὐδὲν
2935 5073 3083 5142 αὐτῷ
3111 5074 3368 5141 λέγουσι·
3404 5076 3479 5144 μή
3514 5090 3646 5126 ποτε
3676 5073 3846 5141 ἔγνω-

2267 5183 2367 5219 σαν
2411 5166 2460 5217 οί
2504 5166 2783 5235 ἄρχοντες,
2819 5165 2901 5217 ὅτι
2931 5158 3082 5228 οὗτός
3115 5167 3263 5218 ἐστιν
3306 5167 3335 5218 ὁ
3361 5165 3628 5235 Χριστὸς;
3688 5165 3849 5218 Ἀλλά

2260 5258 2447 5311 τοῦτον
2473 5258 2694 5327 οἴδαμεν
2719 5257 2881 5310 πόθεν
2908 5258 3053 5311 ἐστίν
3075 5273 3087 5286 ’
3120 5260 3148 5311 ὁ
3177 5259 3235 5311 δὲ
3256 5259 3490 5330 Χριστὸς
3520 5259 3651 5312 ὅταν
3681 5258 3847 5330 ἔρχηυ

2258 5364 2370 5412 ται,
2398 5346 2570 5409 οὐδεὶς
2607 5345 2865 5415 γινώσκει
2901 5347 3062 5400 πόθεν
3084 5348 3251 5402 ἐστίν.
3277 5368 3295 5400 ι
3329 5350 3564 5403 Ἤκουον
3597 5349 3727 5425 γὰρ,
3772 5350 3847 5411 ὡς

2259 5437 2418 5507 ἔφην,
2455 5436 2550 5490 τοῦ
2592 5439 2871 5508 προφήτου
2923 5438 3171 5506 λέγοντος
3211 5439 3492 5511 ἐναργῶς·
3541 5461 3559 5492 ι
3600 5442 3713 5510 Τὴν
3751 5457 3845 5507 γε-

2265 5530 2390 5583 νεὰν
2412 5527 2573 5580 αὑτοῦ
2593 5528 2672 5589 τίς
2691 5528 3009 5599 διηγήσεται
3034 5546 3048 5593 ;
3073 5551 3091 5579 ι
3114 5530 3206 5582 καὶ
3229 5530 3311 5582 ὃτι
3338 5530 3436 5593 τὰς
3464 5529 3695 5596 ἐξόδους,
3727 5530 3845 5598 ἦτοι

2265 5621 2364 5692 τὴν
2391 5619 2623 5690 ὓπαρξιν
2656 5621 2762 5689 πρὸ
2799 5620 2997 5682 παντὸς
3024 5620 3217 5685 αἰῶνος
3256 5620 3389 5692 ἔχει.
3422 5620 3614 5693 Ἀθρει
3654 5620 3719 5692 δή
3758 5637 3849 5690 μοι

2558 5804 2599 5833 ⁵³
2638 5802 2794 5857 Junn.
2826 5817 2919 5869 vn,
2951 5802 3136 5859 9.5-27.
