4166 6478
354 412 452 470 HI

1436 424 1803 485 ADVERSUS
1840 422 2241 485 NESTORIUM
2286 425 2416 485 LIB.
2462 430 2549 484 Ill.

3498 434 3599 487 ΗΣ

347 535 512 588 πάλιν
545 537 647 606 τῆς
688 539 959 594 Ἰουδαίων
991 544 1390 618 ὲμόροντησίας
1427 552 1487 603 τὸ
1518 550 1746 620 μέγεθος
1766 565 1779 579 “
1818 551 1892 617 φά

2033 569 2049 600 ι
2090 550 2186 605 llic
2207 563 2290 607 est
2323 567 2445 608 vere
2485 553 2743 622 propheta
2776 567 2788 603 :
2824 550 2913 607 alii
2945 564 3072 605 vero
3105 551 3376 618 dicebant,
3401 553 3596 620 inquit,

348 643 574 691 σκοντες
604 629 715 700 γάρ
740 648 753 664 ·
789 649 808 681 ι
857 633 914 685 ’0
946 635 1179 704 Χριστὸς
1204 640 1332 693 ὅταν
1362 640 1605 712 ἔρχηται,
1633 640 1807 703 οὐδεὶς
1836 658 1921 708 γι-

342 717 545 771 νώσκει
574 719 739 773 πόθεν
763 723 915 776 ἐστί’
953 742 972 777 ι
1014 727 1174 779 πάλιν
1218 731 1355 800 πρὸς
1396 731 1658 803 ἀλλήλους
1700 732 1918 802 ελεγον*

353 827 372 859 ι
405 804 574 874 Οὗτός
604 813 753 895 εστιν
781 813 996 885 ἀληθῶς
1030 818 1060 869 6
1093 822 1377 893 προφήτης
1402 841 1417 855 ·
1445 824 1593 878 ἄλλοι
1621 825 1677 879 δὲ
1713 824 1918 894 ἔλεγον,

343 902 531 971 φησιν,
560 903 643 956 ὅτι
672 905 846 968 Αὐτός
869 908 1017 961 ἐστιν
1042 911 1072 962 6
1109 912 1343 983 Χριστός
1364 930 1377 944 ’
1417 917 1465 969 oi
1499 917 1555 969 δὲ
1585 916 1790 986 ἔλεγον·
1827 917 1918 989 Μὴ

340 991 454 1062 γὰρ
498 993 565 1046 ἑκ
608 996 709 1066 τῆς
757 997 1050 1064 Γαλιλαίας
1097 1004 1125 1054 6
1156 1004 1391 1073 Χριστὸς
1431 1007 1681 1078 ἔρχεται;
1731 1009 1850 1078 οὐχὶ
1883 1012 1945 1080 η’

340 1082 383 1133 Γ
386 1084 535 1153 ραφὴ
578 1080 732 1140 εἶπεν
759 1087 840 1141 ὅτι
868 1090 932 1142 ὲκ
968 1090 1284 1163 σπέρματος
1322 1098 1506 1160 Δαὸὶδ,
1536 1100 1630 1153 καὶ
1674 1100 1781 1152 ἀπὸ
1814 1100 1919 1171 Βη-

338 1173 509 1245 θλεὲμ
536 1177 639 1247 τῆς
681 1177 897 1250 κώμης,
945 1182 1079 1236 ὅπου
1116 1181 1184 1256 ἦν
1214 1187 1396 1255 Δαϐὶδ,
1437 1191 1465 1242 ό
1498 1190 1730 1262 Χριστὸς
1758 1191 1915 1263 ἔρχε-

335 1282 466 1332 ﬁt;
507 1286 526 1318 ι
588 1269 751 1340 Ὁρᾷς
796 1266 892 1324 οὖν
938 1274 1085 1339 ὅπως
1134 1280 1227 1331 καὶ
1261 1281 1686 1351 καταμεθῦουσι,
1723 1285 1814 1337 καὶ
1856 1285 1916 1339 τὸ

334 1357 575 1431 ἄναρχον
606 1358 823 1426 θεῖκῶς,
858 1363 951 1416 καὶ
984 1364 1083 1434 τὴν
1121 1369 1179 1420 ὲν
1216 1370 1393 1440 χρόνῳ
1436 1373 1686 1444 γέννησιν
1726 1388 1914 1444 σαρκι-

336 1449 444 1517 κὴν
476 1451 865 1522 ὁμολογοῦντες
900 1459 1098 1525 αὑτοῦ;
1168 1461 1306 1514 Ἀλλ’
1354 1464 1455 1517 οὐκ
1496 1464 1563 1518 ἂν
1612 1469 1691 1529 είς
1742 1467 1914 1531 οὓτως

336 1540 611 1606 ἐκτύπους
651 1545 1046 1617 ἀπεκομίζοντο
1100 1550 1442 1618 δυσσουλίας,
1505 1557 1662 1628 εἴπερ
1719 1558 1913 1628 ᾔδεσαν

329 1631 569 1701 ἀληθῶς,
605 1633 684 1687 ὅτι
723 1636 856 1701 Θεὸς
886 1637 962 1691 ὣν
1007 1642 1035 1694 6
1059 1642 1249 1711 Λόγος,
1279 1646 1535 1719 ὲκρίζης
1574 1649 1673 1719 τῆς
1718 1650 1912 1704 Ἰεσσαὶ

327 1722 428 1774 καὶ
454 1723 635 1789 Δαϐὶδ,
672 1726 764 1779 καὶ
792 1727 897 1798 τῆς
917 1731 1077 1800 ἁγίας
1109 1733 1387 1805 Παρθένου
1410 1738 1678 1809 προῆλθεν
1705 1739 1912 1813 ἄνθρω-

326 1830 451 1879 πος,
500 1815 812 1887 ὠνόμασται
842 1820 899 1874 δὲ
946 1824 1044 1878 καὶ
1074 1824 1462 1898 Βηθλεεμίτης,
1496 1832 1524 1883 6
1572 1833 1676 1902 γῆς
1723 1850 1783 1885 τε
1818 1835 1912 1888 καὶ

2028 641 2123 696 llic
2163 653 2248 697 est
2293 643 2570 707 Christus;
2622 644 2709 696 alii
2751 642 2999 699 dicebant
3033 660 3046 697 :
3075 640 3212 694 Num
3258 657 3323 695 ex
3381 642 3595 697 Galil:ea

2022 734 2272 787 Christus
2313 733 2496 788 venit?
2520 748 2698 788 nonne
2737 733 3019 803 Scriptura
3059 733 3209 795 dicit,
3242 734 3381 800 quod
3418 746 3481 787 ex
3513 748 3597 786 se-

2022 824 2162 878 mine
2189 825 2349 878 David
2378 835 2430 880 et
2450 829 2515 879 de
2533 823 2845 879 Bethlehem
2873 825 3117 888 castello,
3152 825 3239 878 ttbi
3265 833 3383 879 erat
3405 825 3593 887 David,

2020 916 2268 969 Christus
2301 917 2445 970 venit
2468 916 2627 969 l"'“?
2655 936 2673 968 ι
2711 916 2867 971 Vides
2904 927 2961 969 ut
2992 916 3287 978 insaniunt,
3318 916 3446 969 dum
3476 915 3594 983 eius

2021 1016 2268 1061 naturam
2302 1008 2454 1062 initio
2477 1018 2771 1073 carentem,
2801 1007 2943 1077 quod
2977 1007 3043 1061 ad
3077 1006 3414 1060 divinitatem
3461 1007 3592 1059 atti-

2020 1108 2132 1159 net,
2158 1108 2211 1152 et
2232 1099 2503 1153 carnalem
2529 1099 2582 1152 in
2617 1107 2856 1167 tempore
2879 1099 3281 1166 generationem
3326 1097 3594 1150 fatentur?

2019 1188 2124 1243 Sed
2150 1205 2421 1260 nunquam
2455 1191 2507 1245 in
2540 1202 2645 1244 tam
2666 1191 2930 1244 absurdas
2952 1190 3269 1259 ineptasque
3294 1189 3593 1243 sententias

2016 1281 2233 1335 abducti
2249 1290 2452 1346 essent,
2476 1283 2521 1336 si
2553 1296 2677 1336 vere
2698 1280 3109 1344 intellexissent,
3131 1283 3302 1349 ipsum
3330 1279 3588 1342 Verbum,

2016 1384 2138 1422 cum
2187 1379 2331 1425 esset
2375 1372 2539 1434 Deus,
2578 1385 2643 1425 ex
2702 1370 2887 1425 radice
2912 1369 3066 1426 Jesse
3105 1378 3160 1423 et
3210 1370 3377 1423 David
3435 1380 3485 1423 et
3520 1384 3588 1423 cx

2017 1470 2206 1514 sancta
2255 1460 2474 1532 Virgine
2507 1463 2780 1517 hominem
2836 1462 3120 1530 prodiisse,
3153 1461 3590 1530 appellatumque

2013 1566 2132 1606 esse
2168 1551 2571 1608 Bethleemitam
2603 1554 2775 1622 ipsum
2799 1565 2975 1619 teme,
3000 1554 3122 1607 C(Bli
3184 1555 3588 1607 universorum-

2011 1658 2119 1712 que
2135 1641 2442 1701 Dominum.
2467 1662 2489 1696 ι
2508 1644 2796 1700 Nobiscum
2824 1647 2968 1700 enim
2991 1645 3147 1700 simul
3172 1660 3372 1714 egenus
3398 1655 3481 1699 est
3509 1645 3589 1697 fa-

2012 1744 2156 1798 ctus,
2183 1749 2305 1788 cum
2332 1735 2483 1789 dives
2499 1746 2696 1801 esset,»
2720 1747 2777 1789 ut
2802 1737 3061 1805 scriptum
3080 1747 3163 1791 εει
3182 1737 3247 1789 ⁵⁸.
3272 1735 3588 1805 Quidigitur

2014 1823 2067 1877 in
2091 1822 2397 1879 Judmorum
2425 1841 2594 1896 nugas
2625 1837 2675 1882 te
2699 1830 2812 1895 ipse
2843 1828 3090 1894 conjicis,
3128 1838 3176 1881 et
3213 1844 3273 1881 ea
3308 1828 3474 1880 sentis
3523 1842 3587 1878 ac

322 1904 561 1974 οὐρανοῦ
612 1907 705 1960 καὶ
752 1910 860 1964 τῶν
906 1912 1047 1967 ὅλων
1075 1917 1383 1989 Δεσπότης⁹
1424 1939 1442 1971 ι
1495 1899 1900 1994 Συνεσττώχευσε

2015 1913 2307 1981 όίρὶε,οιιιη
2342 1929 2515 1984 neque
2541 1915 2717 1984 eloqui
2747 1917 2827 1969 fas
2849 1928 2954 1980 est,
2986 1928 3040 1970 et
3088 1919 3405 1971 damnosum
3438 1917 3580 1983 cogi-

322 1994 436 2066 γὰρ
470 1997 600 2067 ἡμῖν
631 1998 884 2066 πλούσιος
914 2004 1012 2069 ὣν,
1056 2026 1075 2059 ι
1115 2008 1255 2063 κατά
1298 2009 1360 2063 τὸ
1398 2015 1798 2083 γεγραμμένον.
1848 2018 1911 2075 Τί
1941 2077 1947 2083 ,

320 2086 616 2157 τοιγαροῦν
656 2094 776 2154 ταῖς
800 2094 911 2147 τῶν
956 2097 1227 2152 Ἰουδαίων
1257 2099 1566 2171 τερθρείαις
1603 2104 1765 2157 αὐτὸν
1796 2104 1907 2175 [Im

324 2176 550 2249 σαυτὸν]
590 2180 769 2245 ἐνιεὶς,
810 2185 1161 2256 πεφρόντικάς
1201 2205 1259 2240 τε
1326 2190 1421 2244 καὶ
1467 2191 1646 2260 λέγεις
1678 2192 1713 2247 ἃ
1772 2196 1908 2265 μήτε

323 2265 489 2336 θέμις
522 2271 712 2339 εἰπεῖν,
747 2275 882 2345 μήτε
929 2277 1035 2348 μὴν
1082 2280 1284 2333 ἐννοεῖν
1316 2280 1582 2353 ἁζήμιον;
1617 2284 1752 2337 Ἕνα
1788 2286 1908 2356 μεθ’

319 2359 483 2428 ἡμῶν
512 2361 761 2431 ὁμολόγει
794 2366 1060 2437 Χριστόν·
1092 2369 1185 2423 καὶ
1216 2372 1292 2442 μὴ
1336 2371 1640 2445 διατέμνων
1692 2377 1771 2439 εἰς
1815 2376 1908 2430 δύο

314 2446 385 2517 δὴ
434 2449 596 2503 πάλιν
628 2452 806 2506 έκεῖνο
832 2454 956 2523 λέγε
976 2473 992 2486 ·
1040 2458 1341 2531 ’Δπεστάλη
1376 2462 1404 2513 6
1442 2464 1571 2533 ἡμῖν
1602 2466 1904 2535 όμοούσιος,

320 2541 416 2591 καὶ
457 2540 740 2611 κέχρισται
789 2545 1075 2617 κηρύττων
1124 2550 1496 2621 αἰχμαλώτοις
1541 2556 1756 2624 ἄφεσιν,
1811 2559 1905 2612 καὶ

312 2628 540 2695 τυφλοῖς
576 2631 894 2702 ἀνάϐλεψιν.
950 2632 1087 2691 Εῐτα
1133 2639 1256 2693 ὅποι
1306 2642 1438 2695 ποτὲ
1483 2644 1744 2713 βαδιεῖται
1796 2646 1904 2701 τῶν

315 2717 599 2789 θεηγόρων
634 2723 663 2774 6
693 2722 867 2791 λόγος,
902 2726 951 2777 οἳ
989 2730 1339 2797 μυσταγωγοὶ
1370 2732 1623 2799 γεγόνασι
1670 2734 1769 2804 τῆς
1811 2737 1901 2788 ὑπ’

312 2810 583 2880 οὐρανόν;
617 2813 789 2868 Αὑτὸν
819 2817 927 2887 γὰρ
957 2818 1353 2892 διακεκράγασι
1393 2823 1485 2875 τὸν
1512 2826 1575 2876 ὲκ
1616 2825 1751 2878 Θεοῦ
1787 2827 1900 2879 Πα-

310 2900 446 2969 τρὸς
474 2903 665 2968 Λόγον,
702 2906 928 2977 Σωτῆρα
973 2909 1082 2961 τῶν
1110 2910 1247 2965 ὅλων
1277 2913 1528 2980 γενέσθαι
1560 2916 1653 2969 καὶ
1676 2916 1899 2989 Λυτρω-

308 2992 440 3060 τὴν,
469 2992 565 3060 οὐχ
592 2993 669 3055 ὼς
698 2996 984 3066 ἀνθρώπου
1019 3001 1396 3069 μεσιτεύοντος
1430 3008 1557 3076 παρ’
1584 3008 1746 3060 αὐτὸν
1783 3011 1899 3063 ἑτέ-

314 3098 438 3150 pou,
458 3083 709 3155 καθάπερ
740 3088 931 3157 ἀμέλει
965 3092 1058 3143 καὶ
1090 3094 1119 3144 6
1139 3093 1362 3164 Μωσῆς,
1381 3097 1438 3147 ὲν
1467 3097 1671 3151 εῖδειδὲ
1697 3101 1897 3168 μᾶλλον

310 3174 412 3280 :a'l
459 3176 764 3280 ὁμοιώματι
810 3181 1114 3280 ρ’ωματικῷ
1164 3184 1301 3254 πρὸς
1344 3188 1494 3256 ἡμᾶς
1544 3190 1893 3261 καθιγμένον.
1924 3224 1965 3280 C

306 3264 617 3335 Κέχρισται
645 3267 756 3338 γὰρ
782 3263 936 3333 οὗτος
963 3273 1043 3335 είς
1089 3275 1374 3346 Ἀρχιερέα
1401 3281 1491 3331 καὶ
1536 3281 1855 3337 Ἀπόστολον
1876 3303 1891 3317 ο

307 3356 410 3408 καὶ
440 3355 571 3422 γοῦν
615 3359 887 3424 Ἰουδαίοις
916 3364 1171 3432 ἐπετίμα,
1200 3366 1402 3434 λέγων’
1440 3390 1458 3420 ι
1496 3372 1606 3424 Οὐκ
1652 3372 1766 3427 ἔστι
1797 3393 1891 3444 γε·

305 3447 634 3517 γραμμένον
662 3451 718 3504 ὲν
749 3451 827 3522 τῷ
854 3452 1002 3523 νόμῳ
1030 3455 1204 3525 ὑμῶν·
1240 3459 1378 3525 Ἐγὼ
1393 3458 1546 3513 εἶπα·
1571 3463 1695 3515 Θεοί
1727 3467 1847 3519 ἐστε
1873 3486 1886 3532 ;

303 3537 379 3590 Εἰ
409 3539 651 3604 ἐκείνους
691 3539 811 3595 εἶπε
855 3544 1008 3608 θεοὺς
1040 3549 1177 3617 πρὸς
1220 3549 1311 3613 οὓς
1350 3554 1379 3603 6
1424 3552 1580 3621 λόγος
1628 3556 1721 3609 τοῦ
1756 3557 1887 3610 Θεοῦ

302 3629 551 3698 ἐγένετο,
581 3633 675 3686 καὶ
703 3635 764 3687 οὐ
793 3634 1017 3691 δύναται
1048 3638 1273 3711 λυθῆναι
1322 3645 1355 3713 ἠ
1386 3645 1595 3717 Γραφὴ,
1627 3648 1685 3699 ὃν
1714 3652 1742 3702 ό
1776 3651 1889 3705 Πα-

302 3720 421 3790 τὴρ
462 3722 653 3791 ἠγίασε
698 3726 792 3778 καὶ
830 3728 1149 3795 ἀπέστειλεν
1197 3734 1277 3795 είς
1326 3735 1421 3801 τὸν,
1464 3736 1699 3806 κόσμον,
1732 3740 1889 3809 ὑμεῖς

301 3812 525 3882 λέγετε,
558 3816 636 3869 ὅτι
674 3817 1046 3891 Βλασφημεῖς,
1094 3823 1175 3876 ὅτι
1213 3819 1398 3879 εἷπον·
1436 3827 1564 3889 Υίὸς
1610 3829 1705 3883 τοῦ
1750 3829 1885 3885 Θεοῦ

299 3906 463 3974 siut;
500 3925 521 3958 ι
570 3907 710 3961 ’Δνθ’
756 3910 879 3963 ὅτου
912 3911 969 3964 δὲ
1015 3912 1079 3984 δὴ
1119 3930 1210 3968 τον
1242 3915 1433 3969 ἑαυτὸν
1467 3920 1703 3973 καθέντα
1751 3923 1886 3993 πρὸς

299 3995 540 4051 κένωσιν
592 3998 678 4051 ἵνα
728 3998 878 4072 σώσῃ
917 4000 1017 4072 τὴν
1066 4003 1158 4058 ὑπ’
1184 4004 1434 4075 οὐρανὸν,
1480 4009 1588 4062 τῶν
1620 4012 1701 4075 εἰς
1739 4013 1885 4082 ἡμᾶς

297 4088 609 4156 γεγονότων
638 4088 1144 4161 θεοπρεπεστάτων,
1171 4097 1267 4149 καὶ
1296 4097 1640 4167 ἀξιαγάστων
1667 4103 1881 4174 ἀληθῶς

294 4180 750 4252 κατορθωμάτων
778 4185 1156 4257 ὲκπέμψομεν,
1178 4190 1513 4244 ἀπεστάλθαι
1540 4191 1787 4263 λέγοντες
1807 4195 1883 4259 ὡς

292 4273 493 4343 ἕτερόν
518 4290 638 4327 τινα
668 4276 799 4346 παρ’
828 4278 991 4331 αὐτὸν
1023 4280 1155 4349 ἡμῖν
1185 4281 1505 4349 όμοούσιον;
1543 4285 1732 4338 Καίτοι
1764 4286 1882 4351 πῶς

290 4364 404 4416 οὐκ
427 4363 648 4434 ἄμεινον
677 4366 868 4431 εἰπεῖν,
901 4367 997 4421 καὶ
1026 4369 1133 4440 μὴν
1167 4372 1261 4425 καὶ
1291 4373 1505 4427 ἑλέσθαι
1538 4380 1773 4446 φρονεῖν,
1804 4378 1879 4442 ὡς

289 4454 634 4510 ἀπέσταλταί
652 4475 711 4510 τε
737 4460 833 4511 καὶ
852 4460 1078 4529 γέγονεν
1100 4464 1230 4532 ἡμῖν
1251 4466 1551 4535 όμοούσιος,
1579 4470 1875 4535 τουτέστιν,

2015 2004 2171 2058 tare?
2200 2003 2373 2058 Unum
2409 2007 2688 2061 nobiscum
2737 2009 3037 2063 consistere
3083 2009 3375 2074 Christum,
3410 2023 3585 2077 neque

2015 2097 2066 2149 in
2096 2096 2201 2151 duo
2228 2088 2441 2151 rursum
2478 2098 2725 2155 dividens
2746 2102 2896 2155 dicas
2927 2115 2940 2154 :
2974 2101 3171 2156 Missus
3203 2112 3285 2156 est
3310 2103 3397 2155 ille
3428 2091 3583 2155 nobis

2011 2187 2509 2254 causubstantialis,
2538 2199 2593 2245 et
2649 2203 2845 2245 unctus
2892 2204 2973 2246 est
3021 2194 3317 2260 praedicans
3356 2195 3581 2262 captivis

2013 2277 2337 2343 libertatem,
2386 2286 2441 2333 et
2492 2280 2651 2334 caecis
2692 2280 2863 2334 visum
2895 2282 2961 2333 ⁸⁸.
2992 2283 3150 2349 Atqui
3204 2298 3312 2350 quo
3361 2284 3577 2335 tandem

2010 2366 2163 2423 ibunt
2187 2369 2556 2440 theologorum
2580 2372 2765 2435 verba,
2790 2373 2880 2440 qui
2918 2374 3169 2426 doctores
3196 2371 3346 2426 orbis
3403 2383 3578 2426 terra-

2008 2474 2126 2512 rum
2163 2461 2413 2514 iuerunt?
2433 2460 2611 2530 Ipsum
2637 2478 2870 2532 namque
2900 2478 2964 2516 ex
2988 2465 3097 2518 Deo
3128 2465 3288 2518 Patre
3342 2465 3575 2519 Verbum

2007 2550 2341 2607 Salvatorem
2365 2568 2428 2606 ac
2451 2554 2865 2623 Redemptorem
2890 2554 3132 2609 onmium
3152 2558 3578 2625 praedicaverunt

2008 2658 2112 2696 non
2143 2645 2299 2713 quasi
2332 2645 2494 2698 homo
2523 2646 2591 2699 ah
2607 2661 2672 2700 eo
2703 2646 2946 2701 diversus
2975 2646 3290 2716 interiectus
3343 2649 3410 2701 sit
3461 2664 3574 2701 me-

2003 2734 2197 2798 diator,
2250 2743 2303 2787 ut
2364 2735 2523 2803 plane
2573 2734 2769 2800 Moses,
2821 2738 2914 2791 sed
2964 2740 3141 2806 potius
3171 2740 3426 2805 quodille
3458 2741 3575 2808 ipse

2003 2827 2184 2894 specie
2206 2841 2269 2879 ac
2296 2826 2649 2881 similitudine
2671 2843 2929 2898 corporea
2964 2831 3031 2883 ad
3079 2845 3177 2883 nos
3211 2831 3568 2885 descenderit.

2004 2916 2100 2975 llic
2139 2933 2369 2985 namque
2404 2919 2457 2972 in
2483 2920 2798 2988 Apostolum
2827 2932 2881 2974 et
2909 2920 3314 2975 Pontiticemest
3340 2934 3532 2977 unctus
3557 2944 3568 2977 :

2003 3011 2186 3078 itaque
2216 3010 2428 3066 Judatos
2455 3009 2810 3077 coarguebat,
2837 3009 3022 3064 dicens
3060 3027 3075 3064 :
3149 3030 3168 3061 ι
3209 3009 3394 3063 Nonne
3444 3014 3571 3065 seri-

2001 3115 2147 3172 ptutn
2169 3106 2322 3159 estin
2359 3106 2473 3174 lege
2501 3109 2674 3160 vesl‘t'a
2711 3114 2727 3159 :
2761 3101 2869 3169 Ego
2887 3102 3020 3165 dixi,
3052 3100 3133 3154 Dii
3174 3102 3342 3155 estis?
3374 3100 3429 3155 Si
3458 3104 3574 3157 illos

2001 3195 2133 3250 dixit
2155 3199 2303 3261 deos,
2333 3196 2398 3249 ad
2421 3212 2555 3264 quos
2590 3213 2768 3251 sermo
2806 3192 2893 3252 Dei
2926 3193 3231 3257 factusest,
3263 3205 3316 3249 et
3345 3211 3447 3248 non
3483 3212 3573 3264 pu-

2003 3296 2107 3339 test
2146 3286 2277 3339 solvi
2306 3285 2613 3356 Scriptura;
2665 3289 2777 3358 80
2799 3305 2955 3358 quem
3008 3290 3169 3345 Pater
3210 3286 3572 3347 sattct‘ﬁcavit

1998 3385 2053 3429 et
2098 3377 2241 3429 misit
2291 3376 2342 3428 itt
2393 3376 2685 3441 mundum,
2748 3394 2841 3431 vos
2902 3380 3080 3433 dicitis
3121 3398 3134 3432 :
3178 3379 3566 3449 Blaspltemas,

1997 3469 2120 3535 quia
2143 3468 2274 3530 dixi,
2310 3467 2472 3520 Filius
2503 3468 2591 3522 Dei
2618 3486 2736 3523 sum
2767 3470 2855 3521 '7?
2889 3489 2907 3522 ι
2944 3472 3056 3535 Qua
3129 3488 3253 3527 vero
3301 3475 3365 3527 tle
3402 3491 3565 3528 causa

1999 3558 2143 3611 illum
2167 3560 2253 3625 qui
2285 3574 2343 3611 se
2370 3560 2433 3611 ad
2464 3559 2885 3612 exinanitiouem
2917 3562 3136 3615 demisit
3170 3575 3223 3615 ιιι
3244 3565 3429 3617 orbem
3460 3575 3567 3618 ter-

1998 3664 2178 3702 rarum
2205 3649 2409 3701 salvum
2454 3649 2675 3711 faceret,
2726 3667 2754 3703 a
2812 3654 2971 3705 rebus
2998 3670 3125 3723 erga
3162 3672 3255 3709 nos
3307 3658 3568 3713 divinitus

1995 3738 2151 3807 plane
2184 3748 2238 3791 et
2271 3739 2658 3794 admirabiliter
2688 3746 2852 3809 gestis
2912 3747 3281 3813 exclutlennts,
3342 3752 3563 3806 missum

1994 3829 2160 3885 fuisse
2184 3831 2423 3884 dicentes
2456 3830 2605 3883 illum
2637 3833 2793 3886 nobis
2824 3836 3364 3906 consubstantialem,
3403 3828 3556 3911 quasi

1992 3922 2154 3974 alium
2186 3921 2253 3974 ab
2280 3936 2344 3975 eo
2372 3921 2682 3975 diversum?
2713 3925 2875 3991 Atqui
2911 3942 3088 3980 nonne
3110 3931 3279 3983 satius
3327 3947 3444 3987 erat
3484 3937 3563 3989 di-

1991 4024 2134 4074 cere,
2173 4009 2278 4063 into
2300 4024 2425 4063 vero
2452 4023 2518 4063 ex
2547 4011 2728 4065 animo
2776 4014 2999 4079 sentire,
3051 4018 3271 4070 missuut
3333 4022 3552 4089 quidem

1988 4116 2108 4156 esse
2134 4100 2355 4155 illutnet
2388 4099 2589 4155 factum
2660 4105 3178 4161 consubstantialem
3231 4111 3405 4178 nobis,
3459 4114 3560 4167 hoc

1988 4203 2091 4259 est,
2115 4194 2420 4258 hominem;
2453 4194 2548 4248 sed
2576 4196 2840 4250 mansisse
2862 4205 3035 4251 tamen
3064 4200 3159 4268 ipsi
3188 4200 3294 4256 Deo
3325 4218 3390 4258 ac
3418 4204 3560 4261 Patri

1989 4284 2528 4348 consubstantialcttt,
2562 4302 2666 4355 qua
2693 4299 2748 4341 et
2778 4290 3066 4357 cogitatur,
3101 4302 3154 4346 et
3207 4306 3345 4362 erat,
3378 4308 3433 4351 et
3482 4314 3564 4353 ρει

1988 4372 2162 4428 Deus?
2197 4374 2288 4427 Est
2329 4389 2583 4442 namque,
2626 4384 2731 4443 est,
2775 4378 3014 4446 inqttam,
3055 4384 3192 4449 quod
3232 4398 3366 4449 erat,
3397 4389 3559 4440 etiam

1986 4481 2107 4520 cum
2133 4469 2422 4536 assumpsit
2453 4478 2696 4522 naturam
2732 4471 3042 4537 humanam,
3099 4484 3153 4528 et
3181 4480 3423 4532 eamdem
3472 4496 3560 4533 es—

288 4546 622 4617 ἄνθρωποςο
668 4550 950 4620 όμοούσιος
997 4552 1054 4606 δὲ
1101 4556 1429 4628 μεμενηκὼς
1480 4560 1575 4612 καὶ
1612 4560 1762 4631 αὐτῷ
1803 4561 1880 4631 τῷ

2002 4557 2212 4611 sentiam
2244 4557 2449 4613 habens
2473 4574 2594 4613 cum
2620 4560 2781 4615 Patre
2808 4563 2895 4629 qui
2922 4573 3008 4617 est
3068 4565 3117 4618 in
3155 4569 3306 4622 caelis
3336 4585 3399 4623 ac
3429 4571 3555 4635 Deo,

286 4637 419 4705 Θεῷ
469 4640 560 4692 καὶ
594 4640 790 4711 Πατρὶ,
839 4642 976 4695 καθὸ
1019 4644 1113 4697 καὶ
1153 4649 1371 4712 νοεῖται,
1415 4649 1510 4704 καὶ
1545 4646 1614 4721 ἦν
1659 4669 1741 4715 τε,
1785 4653 1881 4707 καὶ

286 4729 413 4784 ἐστι
445 4730 611 4795 Θεός;
644 4731 759 4785 ἔστι
786 4735 916 4805 γὰρ,
950 4736 1136 4789 Ἔστιν
1162 4736 1191 4789 ὃ
1224 4734 1313 4807 ἦν,
1340 4739 1435 4792 καὶ
1467 4741 1791 4812 προσλαϐὼν
1819 4743 1879 4795 τὸ

284 4821 671 4893 ἀνθρώπινον,
725 4824 864 4894 ἔχων
926 4825 983 4878 δὲ
1035 4826 1134 4897 τὴν
1188 4830 1490 4900 ταυτότητα
1543 4832 1643 4902 τῆς
1690 4834 1878 4897 οὐσίας

285 4912 432 4985 πρὸς
469 4914 563 4967 τὸν
592 4915 651 4968 ὲν
694 4918 806 4979 τοῖς
831 4916 1076 4987 οὐρανοῖς
1115 4919 1334 4990 Πατέρα
1366 4922 1459 4974 καὶ
1488 4922 1640 4983 Θεὸν,
1674 4923 1874 4977 ἐπελά-

286 5004 415 5058 ϐετο
448 5004 630 5074 σοφῶς
659 5008 753 5060 καὶ
786 5007 885 5077 τῆς
916 5008 1052 5079 πρὸς
1079 5010 1225 5079 ἡμᾶς
1256 5012 1573 5083 ὁμοιότητος
1592 5030 1607 5045 ·
1636 5014 1871 5069 τέθειται

283 5097 343 5150 δὲ
368 5097 465 5151 καὶ
496 5097 744 5167 μεσίτης,
777 5100 1010 5153 συνδέων
1029 5101 1094 5154 δι’
1114 5102 1308 5156 ἑαυτοῦ
1334 5104 1471 5174 πρὸς
1495 5106 1723 5176 ἑνότητα
1747 5124 1870 5176 σχε-

283 5188 447 5259 τικὴν
496 5188 565 5240 τὰ
598 5192 711 5253 τοῖς
749 5190 850 5259 τῆς
884 5190 1099 5259 φύσεως
1144 5192 1324 5260 λόγοις
1372 5196 1677 5265 ὁλοτρόπως
1708 5197 1870 5266 ἀλλή-

1983 4645 2218 4714 suscepit
2247 4647 2474 4715 sapienti
2501 4649 2727 4703 consilio
2759 4661 2997 4706 nostram
3033 4668 3247 4723 quoque
3305 4660 3557 4714 similitu-

1982 4736 2182 4800 dinem,
2209 4737 2337 4805 quin
2361 4741 2526 4792 etiam
2578 4741 2786 4808 positus
2845 4752 2929 4798 est
2976 4747 3261 4812 mediator,
3313 4753 3401 4818 qui
3457 4770 3573 4822 per,

1980 4829 2215 4894 seipsum
2242 4831 2308 4883 ad
2346 4830 2707 4900 respectivam
2735 4833 2995 4887 unitatem
3027 4837 3307 4905 colligaret
3332 4856 3395 4895 ea
3428 4860 3551 4913 quae

1980 4928 2185 4973 natura:
2225 4920 2521 4977 rationibus
2545 4926 2758 4993 penitus
2781 4936 2933 4979 erant
2960 4928 3099 4982 inter
3139 4945 3197 4984 se
3259 4934 3545 5004 disjuucta.

1979 5007 2113 5063 Nam
2138 5012 2229 5080 qui
2262 5013 2400 5068 Deus
2424 5024 2542 5068 erat
2568 5029 2634 5069 ex
2668 5025 2879 5090 natura,
2913 5016 3087 5074 factus
3138 5035 3220 5077 est
3253 5024 3414 5080 homo
3462 5046 3550 5085 se-

1978 5102 2211 5157 cundum
2244 5105 2550 5171 veritatem,
2579 5116 2637 5160 ut
2660 5121 2755 5161 nos
2788 5124 3004 5178 quoque
3033 5112 3203 5169 simus
3248 5131 3415 5187 genus
3442 5137 3547 5175 non

1963 5192 2076 5260 jam
2113 5194 2256 5250 illitts
2280 5198 2463 5265 primi,
2492 5199 2594 5253 hoc
2643 5208 2746 5265 est,
2784 5205 3006 5267 terreni,
3065 5207 3129 5259 ad
3158 5222 3316 5277 quem
3343 5211 3542 5265 dictum

284 5276 396 5331 λων
432 5278 758 5349 διῃρημένα.
801 5280 996 5346 Γέγονε
1041 5282 1169 5352 γὰρ,
1210 5283 1341 5344 Θεὸς
1372 5283 1448 5336 ὢν
1493 5284 1674 5353 φύσει,
1728 5286 1869 5341 κατὰ

2005 5294 2056 5338 st
2093 5300 2121 5338 a
2154 5287 2280 5341 Deo.
2321 5305 2340 5339 ι
2408 5287 2575 5343 Terra
2628 5305 2708 5356 es,
2733 5303 2787 5348 et
2841 5295 2892 5348 itt
2941 5304 3144 5351 terram
3176 5276 3278 5354 ibis
3298 5301 3365 5367 ⁵⁸,
3406 5321 3425 5353 ι
3452 5304 3540 5370 qui

285 5371 551 5441 ἀλήθειαν
606 5371 912 5441 ἄνθρωπος,
962 5372 1048 5425 ἴνα
1093 5376 1186 5426 καὶ
1234 5377 1393 5445 ἡμεῖς
1439 5378 1869 5447 χρηματίσωμεν

2006 5374 2134 5429 tiam
2171 5378 2556 5435 transmittitin
2588 5393 2849 5447 mortem;
2891 5387 2984 5440 sed
3008 5386 3153 5441 illius
3198 5390 3418 5443 secundi
3449 5392 3540 5459 qui

281 5462 465 5525 γένος,
495 5458 677 5510 οὐκέτι
698 5459 791 5511 τοῦ
820 5461 1057 5529 πρώτου,
1085 5465 1353 5530 τουτέστι,
1375 5464 1470 5517 τοῦ
1500 5465 1702 5535 χοϊκοῦ,
1731 5467 1868 5536 πρὸς

2002 5477 2051 5520 st
2071 5482 2305 5538 superne
2325 5480 2379 5525 et
2410 5486 2441 5526 e
2474 5474 2633 5539 coelo,
2661 5474 2888 5542 Christi,
2928 5478 3172 5546 inquam,
3210 5482 3299 5549 qui
3334 5498 3429 5537 nos
3468 5458 3543 5538 ad

279 5548 343 5599 ὃν
370 5550 586 5616 εἴρηται
636 5550 786 5619 παρὰ
834 5551 992 5618 Θεοῦ,
1043 5573 1059 5603 ι
1102 5554 1178 5623 Γῆ
1206 5555 1277 5620 εἰ,
1336 5556 1427 5610 καὶ
1471 5558 1553 5620 εἰς
1599 5558 1702 5628 γῆν
1752 5559 1861 5611 ἁπ-

2002 5561 2331 5615 mntortalem
2362 5562 2527 5618 vitam
2553 5567 2790 5631 reduxit,
2821 5578 2874 5623 et
2920 5579 3166 5623 naturam
3217 5574 3375 5626 morti
3439 5576 3542 5628 ob~

281 5637 501 5708 ελεύσῃ,
524 5657 541 5690 ι
562 5637 656 5691 τοῦ
688 5640 780 5693 καὶ
824 5641 903 5704 εἰς
948 5640 1174 5697 θάνατον
1205 5646 1691 5716 παραπέμποντος’
1722 5647 1860 5701 ἀλλὰ

2002 5651 2202 5718 oxiam,
2233 5652 2411 5711 eﬂ'ecit
2442 5656 2923 5729 incorruptibilem,
2955 5673 3008 5717 ct
3040 5662 3276 5732 peccatis
3312 5666 3541 5721 exsolvit

311 5815 432 5847 "'”
472 5816 624 5873 Jnatt.
663 5820 944 5883 rium-'52.
990 5822 1032 5851 ³³
1059 5820 1095 5874 ll
1137 5820 1260 5876 Cor.
1304 5825 1485 5885 '.'ttt,9.
1564 5824 1607 5855 δε
1647 5823 1747 5877 isa.
1784 5839 1895 5891 LXI,

2029 5823 2159 5882 Luc.
2192 5843 2263 5896 ι.·,
2302 5829 2384 5885 19.
2462 5831 2508 5863 ⁸⁷
2547 5831 2700 5888 Juatt.
2737 5850 2789 5898 χ,
2824 5835 3005 5889 MSS.
3087 5839 3129 5867 5"
3170 5837 3299 5891 (ἴαν.
3337 5854 3413 5900 ιιι,
3454 5840 3537 5895 19.
