4166 6466
606 426 707 480 “3

1605 413 1663 471 S.
1706 408 1971 467 CYBlLLl
2010 400 2472 462 ALEXANDRINI
2511 398 2830 454 AliClllEP.

3736 394 3831 445 144

604 538 807 611 peccati
839 534 1046 603 laqueis
1080 533 1430 602 implicatam.
1451 532 1543 585 Sic
1567 546 1699 585 sane
1738 531 1852 599 ipse
1892 529 2054 583 l’ater
2080 527 2160 579 al-
2191 537 2210 593 Α

2287 520 2357 573 τοῦ
2386 518 2661 588 δευτέρου,
2709 514 2801 569 τοῦ
2833 512 3040 568 ἄνωθεν
3082 529 3177 566 και
3206 512 3267 577 ἐξ
3294 510 3545 582 οὐρανοῦ,
3587 510 3731 580 φημὶ⁸
3770 511 3833 580 δὴ

603 628 839 701 loquitur
858 625 1050 680 Filium
1078 643 1091 679 :
1116 643 1134 676 ι
1161 625 1296 679 Ecce
1311 624 1429 677 dedi
1450 631 1500 676 te
1519 622 1596 692 [in
1620 620 1793 675 fmdus
1822 616 2086 689 generisJ
2109 619 2160 671 in

605 720 779 774 lucem
807 718 1066 785 gentium,
1087 716 1396 785 utaperires
1421 714 1606 769 oculos
1637 725 1927 774 cmcorum,
1954 719 2013 765 ut
2034 711 2164 765 edu-

604 824 759 866 ceres
786 810 992 863 vinctos
1010 822 1078 861 ex
1112 807 1365 863 vmculis.
1385 815 1439 860 et
1476 820 1543 859 ex
1584 805 1744 859 domo
1792 802 2026 857 carceris
2080 814 2165 854 se-

606 904 792 957 dentes
820 903 871 955 in
894 893 1127 954 tenehiis
1154 900 1220 952 ⁸ο.
1259 916 1278 950 ι
1314 899 1384 952 Et
1404 899 1597 952 iterum
1632 909 1728 966 per
1751 894 1904 951 lsaiaa
1932 908 2116 949 vocem
2146 909 2161 947 :

612 1012 632 1044 ι
674 992 1001 1046 Benedicent
1023 1006 1107 1045 me
1142 990 1325 1044 bestia:
1355 990 1492 1059 agri,
1526 989 1719 1043 sirena:
1743 996 1798 1042 et
1874 987 1997 1041 lilia:
2019 999 2165 1041 stru-

607 1085 893 1138 thionum:
928 1080 1054 1150 quia
1076 1080 1198 1136 dedi
1232 1081 1284 1135 in
1315 1081 1531 1134 deserto
1553 1093 1774 1149 aquam,
1801 1087 1857 1134 et
1888 1079 2079 1134 ﬂuvios
2114 1078 2167 1132 in

611 1183 752 1226 terra
782 1172 1065 1239 inaquosa,
1098 1182 1165 1231 ut,
1194 1182 1377 1239 potum
1403 1171 1588 1225 darem
1619 1171 1805 1241 generi
1834 1185 1954 1225 meo
1970 1171 2166 1234 electo,

611 1264 806 1332 populo
825 1277 983 1331 quem
1012 1262 1270 1332 acquisivi
1315 1273 1371 1316 ut
1397 1263 1619 1316 virtutes
1652 1276 1801 1317 meas
1826 1272 2011 1315 narret
2038 1260 2104 1313 ‘°.
2141 1280 2161 1313 ι

612 1353 763 1419 Quod
786 1368 905 1407 cum
928 1353 1093 1422 probe
1119 1351 1439 1420 intelligeret
1459 1352 1649 1409 beatus
1672 1352 1965 1415 Petrus,iis
1994 1352 2082 1421 qui
2101 1366 2170 1430 ex

614 1443 860 1513 gentibus
890 1456 987 1512 per
1014 1442 1168 1496 [idem
1204 1444 1268 1495 ad
1299 1457 1479 1495 veram
1512 1442 1620 1497 Dei
1660 1441 2019 1512 cognitionem
2078 1456 2172 1496 vo-

614 1534 721 1588 cati
759 1541 914 1588 erant
943 1532 1206 1597 scribens,
1234 1534 1352 1586 ait:
1388 1552 1407 1583 ι
1448 1532 1554 1587 Vos
1602 1542 1781 1587 autem
1841 1545 2009 1601 genus
2061 1533 2173 1588 ele—

615 1633 783 1687 ctum,
820 1621 994 1692 regale
1022 1622 1410 1687 sacerdotium,
1447 1638 1581 1693 gens
1605 1632 1817 1689 sancta,
1866 1624 2093 1693 populus
2118 1624 2171 1679 in

619 1715 1053 1786 acquisitionem,
1081 1714 1381 1770 utvirtutes
1410 1715 1743 1770 annuntietis
1773 1713 1913 1783 ejus,
1950 1716 2041 1786 qui
2078 1729 2173 1770 vos

618 1809 685 1861 de
716 1807 953 1862 tenebris
974 1806 1187 1861 vocavit
1208 1806 1261 1859 in
1288 1805 1604 1860 admirabile
1629 1805 1813 1861 lumen
1862 1821 2017 1861 suum
2043 1824 2057 1861 :
2082 1807 2172 1876 qui

2265 606 2521 680 Χριστοῦ,
2551 605 2646 659 τοῦ
2674 604 2809 676 πρὸς
2839 604 2985 674 ζωὴν
3022 604 3167 673 ἡμᾶς
3191 602 3288 672 τὴν
3326 603 3603 673 ἀκήρατον
3630 602 3836 670 ἀναφέο

2270 715 2473 769 ροντος,
2506 697 2601 750 καὶ
2632 695 2909 765 ἄφθαρτον
2936 692 3327 761 ἀποφαίνοντος
3369 691 3433 744 τὸ
3461 692 3677 761 θανάτῳ
3705 691 3839 745 κάτ-

2265 805 2410 858 οχον,
2445 787 2540 840 καὶ
2561 784 2992 846 ἀπαλλάττοντος
3033 782 3317 853 ἁμαρτιῶν
3345 782 3406 835 τὸ
3428 782 3530 852 τῆς
3566 781 3841 853 ἁμαρτίας

2268 879 2481 949 βρόχοις
2509 876 2920 946 ὲνειλημμένον.
2945 874 3102 929 υῦτω
3130 892 3231 928 που
3257 876 3392 947 πρὸς
3412 876 3501 929 τὸν
3524 876 3652 929 Υιὸν
3677 878 3843 937 αὐτός

2267 985 2434 1039 φησιν
2477 970 2506 1020 ό
2538 968 2760 1037 Πατήρο
2800 983 2820 1017 ι
2873 965 3001 1019 Ἰδοὺ
3034 965 3241 1019 δέδωκά
3292 983 3351 1019 σε
3389 967 3469 1029 εις
3502 967 3616 1034 φῶς
3648 966 3840 1025 ἐθνῶν.

2268 1058 2474 1122 ἀνοῖξαι
2504 1057 2814 1128 ὀφθαλμοὺς
2828 1056 3064 1125 τυφλῶν,
3094 1056 3380 1125 ἐξαγαγεῖν
3417 1060 3481 1111 ὲκ
3510 1058 3725 1127 δεσμῶν
3756 1058 3846 1111 δε-

2268 1149 2556 1220 δεμένους,
2618 1150 2711 1202 καὶ¹
2763 1148 2823 1212 ἐξ
2879 1147 3027 1200 οἴκου
3086 1148 3332 1219 φυλακῆς
3383 1148 3724 1218 καθημένους
3789 1150 3847 1199 ὲν

2271 1240 2450 1294 σκότει
2470 1278 2483 1293 .
2511 1260 2530 1292 ι
2552 1241 2662 1293 Καὶ
2690 1240 2848 1292 πάλιν
2875 1239 2961 1292 διὰ
2987 1240 3170 1310 φωνῆς
3206 1241 3426 1292 Ἡσαΐου
3446 1256 3460 1271 ο
3495 1259 3513 1291 ι
3551 1242 3846 1311 Εὑλογήσει

2274 1349 2341 1401 με
2387 1331 2454 1383 τά
2506 1329 2668 1401 θηρία
2716 1330 2809 1382 τοῦ
2859 1330 3062 1400 ἀγροῦ,
3111 1330 3358 1399 σειρῆνες
3408 1330 3500 1383 καὶ
3550 1331 3848 1401 Θυγατέρες

2274 1421 2551 1494 στρουθῶν
2571 1439 2585 1453 ·
2616 1423 2697 1474 ὅτι
2720 1422 2899 1474 ἔδωκα.
2936 1426 2994 1474 ὲν
3027 1424 3091 1493 τῇ
3122 1423 3313 1492 ἐρήμῳ
3346 1421 3509 1493 ὕδωρ,
3558 1424 3651 1476 καὶ
3679 1440 3849 1478 ποτα-

2275 1512 2407 1582 μοὺς
2434 1513 2493 1564 ἐν
2521 1512 2594 1581 γῇ
2639 1510 2870 1588 ἀνύδρῳ,
2921 1511 3137 1564 ποτεσαι
3166 1511 3225 1564 τὸ
3261 1512 3416 1579 γένος
3448 1530 3549 1582 μου
3599 1513 3660 1566 τὸ
3693 1515 3849 1567 ἐκλε-

2274 1603 2398 1654 κτόν
2422 1619 2435 1632 ’
2476 1601 2622 1666 λαὸν,
2657 1601 2715 1653 ὃν
2746 1603 3219 1673 περιεποιησάμην
3261 1604 3359 1667 τὰς
3391 1605 3591 1675 ἀρετάς
3636 1622 3739 1675 μου
3768 1608 3849 1659 δι-

2273 1692 2541 1763 ηγεῖσθαι.
2570 1711 2587 1741 ι
2630 1692 2695 1744 "O
2729 1692 2792 1764 δὴ
2820 1693 2913 1746 καὶ
2948 1694 3147 1757 συνιεὶς
3169 1690 3228 1747 εὖ
3265 1694 3429 1765 μάλα,
3452 1698 3562 1761 τοῖς
3584 1696 3645 1761 ἐξ
3674 1697 3849 1751 ἐθνῶν

2273 1785 2362 1838 διὰ
2409 1784 2643 1847 πίστεως
2693 1784 3085 1855 κεκλημένοις,
3154 1788 3234 1850 εἰς
3289 1787 3616 1856 θεογνωσιαν
3669 1789 3849 1859 ἀληθῆ

619 1896 908 1966 aliquando
946 1911 1050 1950 non
1078 1895 1325 1966 populus,
1378 1909 1521 1949 nunc
1570 1902 1751 1950 autem
1793 1894 2017 1964 populus
2048 1863 2114 1947 ἰζ
2149 1914 2169 1947 ι
2207 1864 2210 1918 Ῐ

2287 1874 2475 1944 γράφει
2500 1874 2594 1927 καί
2627 1890 2789 1945 φησιν
2818 1877 2845 1927 6
2874 1874 3155 1940 θεσπέσιος
3204 1876 3407 1945 Πέτρος
3430 1894 3444 1908 ο
3483 1898 3502 1930 ι
3565 1878 3751 1948 Ὑμεῖς
3791 1879 3850 1931 δὲ

618 1986 769 2053 Quod
800 1986 846 2040 si
896 1986 1345 2053 quemadmodum
1407 1984 1501 2039 tibi
1560 1986 1663 2055 ipsi
1749 1995 1804 2040 et
1865 1986 2067 2042 sentire
2121 1996 2178 2040 et

618 2079 800 2133 dicere
875 2077 1067 2146 placet,
1145 2077 1343 2132 missus
1435 2088 1517 2130 est
1580 2077 1670 2131 ille
1739 2077 1894 2132 nobis
1946 2078 2179 2132 consub-

618 2168 906 2234 stantialis,
955 2183 1061 2224 non
1127 2169 1229 2237 ipsi
1294 2168 1465 2235 Patri,
1512 2168 1658 2221 nullo
1732 2167 1892 2222 modo
1939 2181 2041 2221 nos
2094 2166 2179 2220 la-

618 2261 690 2316 cti
755 2275 942 2315 sumus
998 2259 1193 2314 divina:
1244 2268 1448 2313 naturae
1476 2267 1793 2314 consortes:
1856 2258 2178 2324 mansimus,

617 2351 725 2421 81
758 2360 817 2405 ut
872 2350 1006 2417 dixi,
1056 2358 1110 2404 et
1148 2349 1323 2404 adhuc
1391 2364 1576 2403 sumus
1623 2364 1790 2418 genus
1827 2348 1970 2404 illius
1996 2349 2176 2420 primi,

620 2444 713 2509 qui
744 2442 798 2494 in
830 2440 1257 2495 maledictionem
1290 2455 1353 2494 ac
1379 2450 1607 2495 mortem
1640 2440 1980 2504 transmittit,
1998 2450 2053 2494 et
2080 2441 2179 2495 sub

622 2528 828 2598 peccati
853 2536 1078 2583 reatum.
1100 2525 1259 2582 Stulti
1283 2540 1410 2596 ergo
1434 2525 1562 2582 facti
1617 2542 1819 2591 sumus,
1848 2536 1902 2582 et
1935 2529 2000 2583 iis
2038 2543 2181 2582 nunc

624 2632 834 2688 quoque
860 2617 1207 2672 nihilominus
1232 2625 1499 2680 tenemur,
1564 2616 1617 2670 in
1649 2616 1844 2684 quibus
1896 2616 2023 2670 olim
2060 2632 2183 2673 era-

626 2723 749 2763 mus
786 2718 911 2762 ante
936 2706 1079 2761 illius
1107 2706 1419 2762 adventum.
1444 2704 1724 2771 Quomodo
1761 2706 2051 2775 igiturjam
2083 2721 2180 2761 ve-

627 2807 740 2852 tera
793 2797 1146 2861 transierunt,
1179 2806 1234 2851 et
1290 2810 1417 2851 ecce
1451 2794 1589 2850 facta
1636 2804 1766 2849 sunt
1801 2810 1936 2849 nova
1966 2797 2054 2849 οη
2081 2796 2184 2852 Ubi

625 2902 755 2942 vero
784 2887 912 2942 illud
944 2903 958 2938 :
996 2904 1014 2937 ι
1051 2885 1108 2940 Si
1140 2886 1261 2954 quis
1295 2886 1349 2939 in
1378 2884 1615 2949 Christo,
1652 2901 1789 2939 nova
1839 2895 2090 2940 creatura
2111 2887 2134 2940 ?
2159 2905 2177 2937 ι

629 2980 734 3033 Sed
766 2978 1038 3033 erubescis
1072 2979 1235 3032 Deum
1259 2976 1506 3032 conﬁteri
1557 2976 1785 3031 similem
1819 2977 1991 3043 nobis,
2015 2977 2187 3031 homi-

629 3088 749 3123 nem
774 3069 970 3125 factum
1008 3070 1177 3137 ipsum
1212 3068 1306 3122 Dei
1354 3066 1624 3123 Verbum?
1652 3069 1903 3138 lncrepas
1961 3082 2090 3139 ergo
2132 3069 2189 3124 il-

2273 1964 2431 2033 γένος
2465 1964 2737 2029 ἐκλεκτὸν,
2787 1964 3054 2033 βασίλειον
3098 1968 3429 2039 ἱεράτευμα,
3472 1968 3621 2032 ἔθνος
3669 1971 3847 2039 ἅγιον,

2275 2056 2401 2120 λαὸς
2450 2058 2529 2120 εἰς
2575 2057 2957 2128 περιποίησιν,
2994 2059 3082 2112 ἵνα
3125 2060 3224 2122 τὰς
3258 2060 3462 2131 ἀρετὰς
3498 2060 3851 2132 ἐξαγγείλητε

2275 2145 2368 2199 τοῦ
2415 2149 2478 2199 ἐκ
2523 2145 2745 2208 σκότους
2800 2147 2941 2216 ὑμᾶς
2973 2148 3262 2213 καλοῦντος
3306 2150 3399 2204 ἐπὶ
3445 2152 3504 2204 τὸ
3541 2152 3853 2221 θαυμαστὸν

2275 2235 2441 2290 αὑτοῦ
2469 2235 2604 2305 φῶς,
2624 2238 2678 2290 οἵ
2706 2255 2834 2291 ποτε
2856 2239 2918 2291 οὐ
2937 2238 3086 2307 λαὸς,
3115 2241 3209 2295 νῦν
3232 2242 3288 2295 δὲ
3314 2242 3460 2305 λαός.
3476 2262 3494 2295 ι
3527 2246 3588 2298 Ei
3609 2244 3668 2298 δὲ
3689 2244 3855 2300 καθά-

2278 2343 2385 2398 περ
2429 2327 2578 2398 αὐτῷ
2627 2344 2708 2380 σοι
2754 2329 2901 2382 δοκεῖ
2954 2332 3048 2384 καὶ
3090 2336 3305 2401 φρονεῖν
3355 2338 3449 2387 καὶ
3487 2335 3685 2403 λέγειν,
3748 2340 3856 2391 άπ-

2279 2418 2477 2489 εστάλη
2506 2421 2535 2471 6
2571 2420 2701 2489 ἡμῖν
2729 2418 3030 2491 όμοούσιος,
3057 2423 3237 2478 οὐκέτι
3264 2424 3323 2478 δὲ
3353 2427 3444 2479 καὶ
3474 2427 3621 2497 αὐτῷ
3638 2428 3717 2499 τῷ
3738 2431 3855 2483 Πα-

2280 2510 2387 2577 τρὶ,
2420 2509 2541 2563 κατ’
2581 2508 2769 2563 οὐδένα
2797 2511 2998 2581 τρόπον
3030 2514 3188 2582 ἡμεῖς
3213 2514 3359 2579 θείας
3389 2516 3601 2585 φύσεως
3627 2521 3858 2588 γεγόνα-

2284 2615 2383 2668 μεν
2438 2600 2714 2654 κοινωνοὶσ
2767 2604 3172 2674 μεμενήκαμεν,
3222 2607 3299 2670 ὡς
3342 2606 3498 2680 ἔφην,
3541 2612 3635 2664 καὶ
3686 2612 3858 2682 ἐσμὲν

2283 2691 2363 2743 ἔτι
2393 2692 2547 2758 γένος
2577 2691 2667 2745 τοῦ
2701 2692 2940 2763 πρώτου,
2979 2694 3072 2748 τοῦ
3104 2699 3563 2768 παραπέμποντος
3604 2704 3686 2765 εἰς
3715 2703 3860 2774 ἀράν

2283 2785 2377 2837 καὶ
2410 2784 2658 2851 θάνατον,
2696 2786 2789 2839 καὶ
2822 2785 2925 2840 ὑπὸ
2954 2787 3142 2859 ποινὴν
3187 2790 3477 2862 ἁμαρτίας.
3523 2794 3860 2865 Μεματαιώ-

2287 2876 2426 2946 μεθα
2458 2876 2523 2948 δὴ
2564 2874 2677 2944 οὖν,
2719 2879 2813 2932 καὶ
2841 2881 3008 2950 ἐσμὲν
3035 2882 3187 2937 οὐδὲν
3224 2879 3387 2956 ἦττον
3429 2887 3524 2941 καὶ
3554 2886 3647 2941 νῦν
3674 2891 3732 2941 ἐν
3776 2885 3861 2952 οἷς

2282 2963 2427 3037 ἦμεν
2469 2969 2658 3033 πάλαι,
2690 2970 2784 3023 καὶ
2815 2972 2919 3042 πρὸ
2947 2973 3045 3043 τῆς
3070 2975 3383 3045 ἐπιδημίας.
3412 2978 3536 3041 Πῶς
3561 2974 3652 3032 οῦν
3676 2980 3758 3032 ἔτι
3788 2982 3861 3032 τὰ

2286 3059 2487 3129 ἀρχαῖα
2530 3062 2822 3132 παρῆλθεν,
2869 3066 2960 3117 καὶ
3005 3066 3116 3119 ἰδοὺ
3154 3067 3342 3136 γέγονε
3375 3072 3573 3135 καινά;
3615 3072 3725 3126 Ποῦ
3761 3073 3818 3125 δέ
3842 3093 3858 3104 ·

630 3161 760 3227 lum,
791 3174 888 3214 nec
917 3161 1192 3230 sapienter
1221 3159 1556 3215 consultasse
1583 3159 1721 3216 dicis
1753 3161 1893 3229 quod
1917 3176 1975 3216 se
2011 3162 2186 3230 ipsum

2295 3167 2313 3198 ι
2352 3150 2419 3203 Εἴ
2437 3167 2519 3212 τις
2566 3153 2625 3205 ὲν
2656 3152 2894 3222 Χριστῷ,
2931 3156 3090 3225 καινὴ
3121 3157 3326 3223 κτίσις;
3368 3177 3384 3209 ι
3447 3160 3584 3213 Ἀλλ’
3628 3162 3860 3234 αἰσχύνῃ

628 3260 847 3321 propter
882 3265 979 3306 nos
1019 3251 1314 3306 exinanivit
1345 3251 1410 3305 “.
1438 3252 1639 3307 Audies
1682 3252 1845 3322 igitur
1874 3253 2183 3307 dicentem:

637 3362 655 3395 ι
692 3344 832 3396 Vade
858 3352 976 3411 post
1002 3358 1107 3410 me,
1132 3340 1353 3405 Satana.
1378 3343 1688 3399 scandalum
1747 3359 1808 3399 es
1868 3345 2024 3410 mihi,
2061 3347 2189 3415 quia

631 3456 738 3494 non
762 3440 906 3507 sapis
938 3454 998 3491 ea
1029 3450 1147 3506 qua).
1164 3432 1255 3492 Dei
1289 3435 1533 3503 sunt,sed
1560 3450 1622 3492 ea
1649 3451 1767 3507 qua:
1784 3437 2058 3495 hominum
2086 3440 2149 3495 “.
2167 3459 2185 3493 ι

636 3532 890 3586 Scrutare
916 3531 1193 3585 nobiscum
1229 3545 1414 3586 sacras
1444 3530 1699 3586 Litteras.
1732 3532 1993 3601 Apparuit
2015 3548 2190 3602 quon-

634 3626 755 3676 dam
786 3622 946 3675 etiam
972 3622 1291 3690 patriarchae
1311 3619 1479 3677 Jaeob
1507 3622 1572 3676 de
1595 3621 1776 3676 Laban
1805 3623 2011 3679 aedibus
2070 3641 2194 3693 pro-

637 3711 917 3774 ﬁciscenti,
959 3726 1078 3765 cum
1095 3710 1204 3779 jam
1233 3711 1299 3764 ad
1328 3712 1444 3779 ipsa
1472 3710 1643 3765 Jaboc
1679 3712 1811 3766 vada
1836 3715 2191 3780 pervenisset,

636 3801 775 3855 sicut
803 3799 1059 3867 scriptum
1093 3809 1176 3853 est
1205 3815 1220 3850 :
1257 3817 1275 3850 ι
1300 3796 1539 3852 Relictus
1564 3805 1645 3851 est
1670 3798 1811 3852 enim
1830 3796 1995 3853 Jacob
2025 3801 2190 3864 solus,

634 3899 688 3944 et
714 3890 1017 3943 luctabatur
1058 3889 1143 3943 vir
1182 3904 1304 3943 cum
1341 3889 1457 3958 ipso
1489 3903 1659 3958 usque
1690 3904 1867 3944 mane.
1912 3890 2059 3943 Vidit
2097 3906 2193 3942 au-

638 3992 744 4037 tem
762 3983 902 4052 quod
931 3996 1055 4036 eum
1088 3996 1342 4050 superare
1366 3996 1469 4036 non
1506 3991 1710 4050 posset,
1739 3992 1795 4037 et
1823 3984 1994 4053 tetigit
2014 3982 2199 4036 latitu-

638 4074 817 4127 dinem
862 4072 1082 4127 l’emoris
1121 4071 1258 4139 ejus,
1297 4081 1350 4126 et
1396 4075 1665 4129 emarcuit
1713 4074 1939 4128 latitudo
1979 4074 2199 4128 femoris

639 4165 824 4230 Jacob,
865 4165 989 4219 dum
1023 4174 1285 4234 pugnaret
1314 4181 1434 4219 cum
1470 4167 1589 4235 ipso
1618 4181 1633 4219 :
1668 4166 1805 4221 dixit
1842 4175 2020 4224 autem
2065 4166 2139 4219 illi
2181 4184 2194 4221 :

642 4257 865 4312 Dimitte
896 4270 999 4320 me,
1037 4257 1282 4311 ascendit
1310 4258 1455 4311 enim
1479 4257 1769 4312 diluculum
1795 4274 1807 4309 :
1836 4257 1926 4312 ille
1951 4270 2083 4313 vero
2113 4257 2198 4312 di-

643 4348 759 4403 xit:
792 4346 908 4402 Non
939 4356 991 4401 te
1018 4347 1281 4402 dimittam
1336 4346 1437 4401 nisi
1461 4347 1800 4403 benedixeris
1827 4347 1956 4401 mihi
1989 4348 2054 4401 ⁸⁸.
2084 4366 2103 4399 ι
2138 4347 2204 4401 Ει

643 4448 765 4510 post
805 4438 906 4493 alia
949 4452 1183 4493 rursus:
1226 4457 1245 4489 ι
1288 4438 1350 4492 Ει
1400 4438 1619 4513 vocavit
1662 4436 1829 4494 Jacob
1877 4453 2071 4493 nomen
2100 4438 2201 4493 loci

2290 3239 2421 3294 Θεὸν
2453 3242 2730 3311 ὁμολογεῖν
2766 3244 2885 3297 καθ’
2914 3247 3063 3315 ἡμᾶς
3102 3249 3387 3318 γενόμενον
3429 3251 3733 3322 ἄνθρωπον,
3770 3255 3864 3307 τὸν

2290 3331 2383 3385 τοῦ
2428 3332 2563 3386 Θεοῦ
2604 3335 2810 3403 Λόγονς
2865 3337 3245 3411 Ἐπιπλήττεις
3289 3338 3382 3395 οῦν
3435 3344 3615 3406 αὐτὸν,
3661 3347 3756 3398 καὶ
3798 3348 3862 3398 οὐ

2293 3426 2432 3496 σοφά
2473 3425 2854 3497 βεϐουλεῦσθαι
2905 3432 3033 3499 φὴς,
3086 3432 3167 3485 ὅτι
3209 3435 3509 3488 κεκένωκεν
3555 3437 3745 3490 ἑαυτὸν
3793 3438 3864 3491 δι’

2291 3520 2458 3588 ἡμᾶς.
2495 3518 2700 3572 Οὐκοῦν
2750 3519 2959 3593 ἀκούσῃ
3013 3520 3292 3590 λέγοντος·
3347 3544 3366 3576 ι
3422 3526 3637 3593 Ὕπαγε
3687 3527 3864 3579 ὀπίσω

2296 3628 2419 3680 μου,
2444 3612 2677 3678 Σατανᾶ,
2730 3612 3025 3667 σκάνδαλόν
3062 3631 3163 3684 μου
3194 3612 3261 3680 εἷ,
3298 3618 3377 3669 ὅτι
3421 3619 3480 3669 οὐ
3532 3623 3747 3688 φρονεῖς
3796 3621 3865 3672 τὰ

2293 3703 2383 3755 τοῦ
2404 3702 2560 3766 Θεοῦ,
2580 3704 2715 3766 ἀλλὰ
2740 3704 2807 3781 τὰ
2838 3705 2943 3758 τῶν
2973 3706 3292 3775 ἀνθρώπων.
3335 3727 3353 3758 ι
3394 3710 3714 3779 Ἐρευνησον
3746 3712 3863 3780 μεθ’

2295 3792 2451 3861 ἡμῶν
2493 3794 2590 3863 τὴν
2627 3793 2979 3847 θεόπνευστον
3014 3795 3254 3866 Γραφήν.
3301 3797 3477 3869 Ὠφθη
3507 3800 3633 3851 ποτὲ
3666 3801 3757 3851 καὶ
3788 3797 3867 3867 τῷ

2298 3885 2607 3955 πατριάρχῃ
2658 3885 2848 3939 Ἰακὼϐ
2889 3888 2985 3957 τῆς
3022 3888 3118 3958 μὲν
3147 3888 3239 3940 τοῦ
3270 3889 3453 3943 Λάϐαν
3486 3891 3668 3955 ἑστίας
3699 3893 3868 3945 ἀπαί-

2300 3993 2469 4047 ροντι,
2505 3977 2639 4044 πρὸς
2672 3979 2864 4043 αὑταῖς
2907 3980 2966 4033 δὲ
3011 3981 3253 4048 γεγονότι
3302 3984 3423 4045 ταῖς
3453 3983 3731 4036 διαϐάσεσι
3772 3983 3867 4036 τοῦ

2312 4066 2526 4132 Ἰαϐὼκ,
2562 4071 2708 4121 καθά
2739 4069 3067 4140 γέγραπταιο
3110 4089 3127 4122 ι
3184 4072 3509 4143 Ὑπελείφθη
3532 4073 3638 4143 γὰρ
3677 4071 3870 4125 Ἰακὼϐ

2303 4158 2495 4229 μόνος,
2551 4160 2646 4213 καὶ¹
2698 4161 2953 4215 ὲπάλαιεν
3006 4163 3290 4232 ἄνθρωπος
3350 4164 3463 4232 μετ’
3516 4161 3717 4226 αὐτοῦ,
3765 4164 3871 4224 ἓως

2302 4253 2467 4320 πρωΐ.
2500 4247 2620 4305 Οἵδε
2649 4252 2762 4325 [ἵσ.
2800 4250 2930 4325 εἶδε]
2959 4254 3033 4318 δὲ,
3062 4254 3145 4307 ὅτι
3176 4255 3235 4307 οὐ
3272 4253 3492 4307 δύναται
3522 4255 3653 4323 πρὸς
3687 4254 3872 4314 αὑτὸν,

2302 4344 2394 4396 καὶ
2427 4343 2603 4414 ἥψατο
2638 4345 2732 4398 τοῦ
2763 4345 2998 4408 πλάτους
3030 4345 3122 4398 τοῦ
3160 4346 3335 4415 μηροῦ
3369 4345 3553 4408 αὐτοῦ,
3586 4346 3679 4398 καὶ
3716 4346 3877 4417 ὲνάρο

2304 4452 2440 4505 κησε
2468 4436 2531 4489 τὸ
2561 4436 2761 4499 πλάτος
2801 4436 2894 4489 τοῦ
2932 4437 3107 4507 μηροῦ
3155 4434 3373 4501 Ἰακὼϐ,
3417 4438 3475 4490 ἐν
3505 4436 3582 4505 τῷ
3628 4436 3875 4490 παλαίειν

645 4530 788 4585 illius
823 4545 838 4583 :
867 4529 1085 4599 Species
1120 4529 1249 4595 Dei;
1281 4529 1464 4598 aspexi
1488 4530 1631 4585 enim
1659 4528 1828 4584 Deum
1850 4528 1989 4585 facie
2025 4529 2090 4583 ad
2120 4528 2205 4582 fa-

2310 4527 2471 4581 αὑτὸν
2511 4527 2627 4597 μετ’
2658 4528 2844 4583 αὐτοῦ.
2900 4526 3037 4582 Εἶπε
3084 4528 3143 4581 δὲ
3176 4527 3351 4598 αὐτῷ·
3393 4528 3730 4602 Ἀπόστεελόν
3762 4546 3829 4597 με
3855 4540 3873 4556 ⁸

646 4622 806 4686 ciem,
839 4628 893 4674 et
921 4620 1065 4676 salva
1129 4620 1270 4675 facta
1330 4629 1415 4675 est
1462 4620 1641 4675 anima
1667 4635 1810 4677 mea.
1863 4620 2095 4675 Exortus
2118 4628 2207 4674 est

646 4720 821 4767 autem
849 4711 921 4767 illi
946 4712 1027 4766 sol
1058 4725 1177 4765 cum
1208 4711 1589 4779 pertransissct
1618 4709 1865 4779 Speciem
1906 4711 1999 4766 Dei
2062 4709 2129 4766 “.
2180 4729 2200 4763 ι

647 4801 888 4869 lntellige
916 4801 1097 4870 igitur,
1117 4814 1221 4853 non
1252 4809 1309 4852 ut
1348 4799 1721 4869 incorporeum
1780 4810 1834 4855 et
1865 4798 2210 4868 itnptrlpabile

654 4891 884 4944 Verbum
910 4904 1171 4958 apparere
1200 4891 1520 4958 patriarchae
1540 4905 1604 4944 eo
1657 4900 1899 4959 tempore
1951 4890 2205 4955 voluisse,

652 4993 708 5034 ut
745 4982 818 5034 illi
853 4982 1092 5050 mysterii
1141 4992 1321 5053 typum
1374 4991 1818 5052 praemonstraret
1849 4999 1863 5036 :
1900 4982 1995 5038 sed
2051 4982 2211 5037 homo

654 5073 876 5140 eratqui
902 5071 1225 5139 luctabatur,
1254 5081 1307 5127 et
1334 5068 1501 5127 totam
1529 5073 1665 5126 inea
1702 5087 1758 5126 re
1781 5081 1991 5125 noctem
2030 5080 2211 5125 trans-

656 5163 807 5233 egit:
864 5162 1208 5218 illucescente
1235 5173 1411 5217 autem
1469 5165 1575 5229 die,
1626 5172 1787 5233 atque
1830 5176 2020 5216 aurora
2051 5163 2215 5216 adve-

657 5258 857 5318 niente,
898 5274 917 5306 ι
972 5254 1192 5309 Dimitte
1245 5270 1350 5319 me,
1388 5274 1407 5307 ι
1471 5254 1684 5323 inquit;
1735 5253 1875 5320 quod
1938 5253 2215 5308 evidenter

2310 4617 2475 4688 ἀνέϐη
2514 4619 2621 4689 γὰρ
2669 4621 2698 4671 6
2739 4617 2966 4690 ὄρθρος·
3017 4620 3045 4670 ὁ
3088 4619 3145 4673 δὲ
3191 4615 3378 4673 εἷπεψ
3421 4620 3494 4673 Οὐ
3526 4620 3598 4688 μή
3635 4636 3696 4671 σε
3742 4621 3878 4672 ἀπο-

2308 4709 2523 4772 στείλω,
2563 4710 2655 4763 ὲάν
2691 4711 2766 4780 μή
2803 4727 2870 4778 με
2905 4711 3223 4782 εὐλογήσῃς.
3252 4730 3269 4762 ι
3303 4712 3413 4765 Καὶ
3443 4710 3558 4780 μεθ’
3590 4709 3751 4780 ἕτερα
3774 4710 3882 4762 πά-

2309 4799 2426 4853 λιν·
2479 4818 2498 4851 ι
2552 4801 2660 4855 Καὶ
2704 4801 2959 4855 ἐκάλεσεν
3005 4802 3197 4855 ’ῐακὼϐ
3243 4801 3304 4854 τὸ
3351 4802 3519 4871 ὄνομα
3570 4800 3664 4854 τοῦ
3712 4801 3879 4853 τόπου

2310 4890 2540 4954 ἐκείνου,
2558 4885 2715 4952 Ἐἶδος
2750 4891 2884 4944 Θεοῦ
2903 4907 2915 4921 ·
2948 4888 3102 4945 Εἶδον
3136 4891 3244 4962 γὰρ
3271 4891 3404 4945 Θεὸν
3428 4891 3715 4962 πρόσωπον
3742 4891 3879 4960 πρὸς

2311 4981 2619 5053 πρόσωπον,
2656 4982 2749 5035 καὶ
2776 4980 2953 5052 ἐσώθη
2982 4999 3082 5051 μου
3115 4985 3147 5053 ἡ
3172 4983 3339 5053 ψυχή.
3372 4983 3627 5036 Ἀνὲτειλε
3653 4982 3711 5036 δὲ
3733 4982 3884 5052 αὺτῷ

2313 5075 2343 5126 6
2373 5074 2543 5145 ἥλιος,
2589 5075 2751 5144 ἠνίκά
2786 5074 3024 5144 παρῆλθε
3051 5076 3112 5127 τὸ
3155 5072 3294 5137 εἶδος
3320 5074 3412 5127 τοῦ
3455 5074 3611 5127 Θεοῦ.
3663 5094 3681 5126 ι
3719 5076 3883 5136 Σύνες

2315 5162 2407 5219 οῦν
2439 5166 2605 5230 ὅπως,
2658 5165 2756 5234 οὐχ
2801 5164 2876 5229 ὡς
2922 5164 3211 5234 ἀσώματός
3256 5182 3315 5218 τε
3346 5165 3439 5219 καὶ
3467 5165 3679 5234 ἀναφὴς
3710 5167 3885 5233 Λόγος

2316 5256 2469 5327 ὴξίου
2502 5257 2787 5325 φαίνεσθαι
2821 5256 2898 5326 τῷ
2927 5257 3240 5330 πατριάρχῃ
3288 5258 3623 5327 τοτηνικάδε,
3661 5259 3752 5310 τὸν
3788 5258 3883 5309 τοῦ

656 5354 775 5402 erat
806 5362 834 5400 a
860 5347 999 5402 lucta
1034 5345 1493 5401 desistentis..lam
1516 5360 1635 5413 qua:
1686 5344 1757 5398 sit
1807 5344 2051 5414 mySterii
2080 5345 2210 5400 ratio

2323 5347 2621 5416 μυστηρίου
2650 5346 2817 5399 τύπον
2866 5346 3280 5416 προαναφαίνων
3317 5346 3501 5413 αὐτῷ·
3544 5346 3657 5401 ἀλλ’
3689 5343 3755 5417 ἦν
3794 5346 3889 5398 ἀνι

660 5443 840 5495 dicere
867 5454 1087 5495 necesse
1114 5448 1196 5493 est
1226 5457 1239 5491 :
1269 5453 1390 5489 cum
1424 5436 1506 5489 his
1534 5436 1675 5487 enim
1702 5436 1790 5504 qui
1830 5436 1880 5488 iu
1917 5444 2070 5503 nocte
2088 5444 2143 5489 et
2164 5436 2217 5489 in

2322 5436 2536 5505 θρωπος
2585 5436 2613 5486 6
2660 5435 2918 5499 παλαίων,
2958 5435 3050 5487 καὶ
3080 5435 3209 5505 ὅλην
3250 5435 3328 5495 εἰς
3374 5432 3530 5488 τοῦτο
3576 5434 3889 5504 δαπανήσας

669 5531 901 5587 tenebris
933 5532 1152 5599 degunt,
1175 5542 1402 5597 quorum
1428 5525 1622 5578 animis
1639 5533 1691 5578 et
1738 5525 1992 5579 cordibus
2047 5526 2210 5593 caligo

2320 5526 2420 5596 τὴν
2458 5526 2655 5579 νύκταο
2694 5526 2832 5594 πλὴν
2874 5524 3270 5594 διαυγαζοῦσης
3316 5525 3557 5595 ἡμέρας,
3602 5524 3796 5595 ὄρθρου
3828 5540 3891 5575 τε
3964 5517 3967 5519 “

1355 5726 1400 5756 ⁶⁰
1436 5725 1535 5777 lsa.
1578 5736 1729 5782 mn,
1755 5719 1845 5783 20,
1879 5723 1967 5775 Ql.

1285 5796 1326 5825 ⁸³
1366 5795 1502 5847 Gen.
1539 5808 1707 5846 xxxii.
1742 5792 1930 5846 22-220.

732 5732 776 5762 "
818 5729 918 5783 lsa.
949 5742 1084 5790 xw,
1113 5726 1167 5788 6,
1202 5726 1250 5779 7.

667 5804 705 5832 ιδ
748 5799 932 5853 Matth.
964 5813 1071 5851 ενι.
1119 5797 1206 5848 ‘25.

2080 5722 2119 5751 ⁶¹
2161 5722 2180 5775 l
2219 5718 2365 5774 Petr.
2408 5735 2466 5775 ιι.
2497 5721 2549 5787 9,
2585 5721 2668 5773 10.

2033 5794 2076 5822 ⁸⁸
2117 5794 2244 5844 illiti.
2276 5792 2365 5847 δυ,
2399 5792 2460 5843 51

2784 5721 2828 5750 ⁶²
2868 5721 2904 5772 ll
2948 5721 3069 5776 Cor.
3113 5737 3163 5783 ιν,
3203 5720 3290 5773 l7.
3404 5719 3449 5751 “
3490 5717 3786 5788 Philipp.|t,
3831 5718 3885 5772 7.
