4166 6484
357 419 463 477 HS

1421 432 1795 491 ADVERSUS
1828 436 2238 499 NESTORIUM
2282 442 2413 500 LIB.
2450 446 2535 502 Ill.

3511 453 3611 507 Hii

351 538 759 638 ἴεγενημένου,
811 539 894 606 τὸ,
932 560 951 593 t
998 543 1339 601 Ἀπόστειλόν
1380 566 1471 618 με,
1514 570 1533 603 ι
1578 555 1760 625 φησὶν,
1804 557 1942 629 ὅπερ

2047 563 2307 633 spiritalis
2338 563 2511 619 oll‘nsa
2527 574 2613 619 est
2636 575 2691 620 et
2726 565 2963 620 nondum
2992 567 3109 634 ejus
3140 571 3452 638 mysterium
3515 587 3611 625 va-

353 628 423 704 ἦν
450 632 699 703 ἐναργῶς
746 634 1106 699 καταλύοντος
1138 637 1237 710 τὴν
1282 641 1480 714 πάλην.
1521 647 1633 701 Καὶ
1667 648 1753 712 τίς
1782 650 1811 703 6
1841 628 1938 706 τοῦ

357 725 663 795 μυστηρίου
702 724 860 793 λόγος
880 765 895 790 ,
943 729 1119 783 εἰπεῖν
1168 732 1495 800 ἀναγκαῖονο
1543 741 1656 802 τοῖς
1702 741 1802 811 μὲν
1830 744 1940 815 γὰρ

354 815 434 876 ὠς
463 816 519 867 ὲν
554 815 711 869 νυκτὶ
741 816 835 869 καὶ
873 817 1056 871 σκότει
1083 820 1410 889 διατελοῦσι,
1442 828 1535 882 καὶ
1562 829 1729 901 ἀχλὺν
1757 833 1939 904 ἔχουσι

356 906 459 972 τὴν
512 908 709 978 νοητὴν
756 909 838 971 εἰς
874 910 998 963 νοῦν
1048 912 1144 964 καὶ
1199 914 1446 984 καρδίαν,
1493 917 1644 975 οὔπω
1690 939 1750 977 τε
1800 928 1942 982 νοεῖν

362 994 610 1062 ἰσχύουσι
642 996 704 1050 τὸ
751 997 840 1051 ἐπ’
883 999 1032 1069 αὑτῷ
1083 1006 1401 1075 μυστήριον,
1442 1009 1695 1068 παλαίειν
1734 1032 1796 1069 τε
1847 1020 1942 1072 καὶ⁹

360 1085 635 1154 μάχεσθαι
664 1089 760 1142 καὶ
787 1091 945 1161 νικᾷν
977 1090 1099 1157 ἔθος
1130 1094 1310 1167 αὐτῷ·
1347 1102 1458 1164 τοῖς
1483 1117 1548 1171 γε
1580 1105 1687 1175 μὴν
1716 1107 1777 1162 ἐν
1801 1112 1941 1179 φωτὶ

358 1181 633 1271 γεγονόσι,
662 1183 757 1236 καὶ
782 1184 857 1247 ὡς
900 1186 957 1239 ἐν
1000 1186 1185 1259 ὄρθρῳ
1208 1189 1285 1259 τῷ
1310 1193 1509 1263 νοητῷ,
1540 1197 1635 1250 καὶ
1660 1201 1939 1271 νενοηκόσι

359 1266 419 1322 εῦ
460 1271 606 1340 μάλα
628 1273 690 1327 τὸ
716 1276 1035 1345 μυστήριον,
1060 1279 1163 1333 ούκ
1202 1281 1553 1340 ὲπιπαλαίειν
1576 1287 1741 1354 ἀξιοῖ,
1765 1266 1941 1346 διανέο

362 1376 455 1429 μει
493 1361 550 1414 δὲ
593 1364 792 1432 μᾶλλον
834 1367 1082 1436 εὐλογίας
1130 1377 1521 1443 πνευματικὰς.
1575 1380 1802 1445 Οὐκοῦν,
1838 1383 1941 1438 κᾶν

360 1452 461 1521 ὀψὲ
510 1455 604 1507 καὶ
663 1456 815 1541 μολις
876 1461 1142 1527 είσγέυοιο
1183 1465 1276 1517 καὶ
1312 1466 1473 1530 αὐτὸς
1513 1470 1634 1537 μεθ’
1683 1473 1835 1541 ἡμῶν
1883 1478 1940 1528 ὲν

555 1543 650 1594 καὶ
679 1539 791 1599 οἷον
818 1548 876 1598 ἐν
903 1549 1105 1621 ὄρθρῳ,
1147 1555 1487 1612 πεπαύσεται
1520 1574 1601 1613 σοι
1633 1539 1941 1634 μαχόμενος

359 1633 391 1686 6
418 1632 627 1723 πάντας
656 1637 841 1692 νικῶν.
874 1640 983 1693 Θέα
1010 1641 1067 1696 δὲ
1095 1642 1243 1709 ὅπως
1274 1646 1560 1720 ἀνθρώπου
1601 1632 1938 1723 παλαίοντος,

358 1724 389 1772 6
427 1722 711 1817 Θεσπέσιος
754 1730 947 1783 Ἰακὼϐ
986 1733 1290 1805 ἑωρακέναι
1336 1741 1468 1809 φησι
1495 1742 1585 1796 τὸν
1613 1744 1745 1799 Θεὸν
1775 1747 1941 1817 πρόσ-

357 1830 511 1908 ωπον
560 1815 1035 1908 πρὸςνπρόσωπον.
1093 1825 1452 1895 Προστέθεικε
1516 1833 1572 1886 δὲ
1612 1834 1674 1888 τὸ
1702 1815 1940 1908 Γραμμα

350 1902 420 1955 ’τὸ
474 1903 643 1998 ξερὸν,
676 1907 795 1998 Ᾱὸτι
846 1928 865 1960 ι
936 1911 1231 1967 Ἀνέτειλεν
1274 1919 1423 1990 αὐτῷ
1478 1923 1506 1975 6
1553 1902 1936 1998 ﬁltog'ﬂvi'xa

360 1994 605 2090 παρῆλρε
642 1996 702 2090 τὸ
743 1992 882 2063 εἶδος
936 2003 1031 2055 τοῦ
1076 2004 1232 2060 Θεοῦ.
1290 2027 1311 2060 ι
1367 2011 1509 2066 Ἀνθ’
1557 1992 1679 2069 ὅτου
1723 1992 1807 2090 δὴ*
1844 2017 1936 2074 οὖν

360 2085 691 2158 ὲπερυθριᾷς
725 2091 838 2152 τοῖς
877 2091 979 2161 τῆς
1023 2095 1306 2163 κενώσεως
1356 2102 1594 2173 μέτροις,
1622 2085 1797 2162 καίτοι
1845 2112 1937 2165 τὸν

365 2175 437 2272 ἐκ
462 2174 595 2228 Θεοῦ
634 2178 1045 2272 ΠατρὸςᾼΛόγον
1073 2190 1425 2262 σαρκωθῆναί
1451 2212 1510 2247 τε
1540 2199 1632 2250 καὶ
1665 2200 1937 2272 ὲνανθρωο

365 2265 563 2361 πῇσαι,
591 2271 805 2361 παντὸς,
824 2268 998 2343 οἶμαι,
1017 2276 1268 2346 λέγοντος
1285 2283 1379 2336 τοῦ
1404 2287 1497 2339 καὶ
1525 2288 1692 2361 ὀρθὴν
1723 2265 1936 2361 ἔχοντος

364 2355 572 2422 πίστιν,
613 2359 702 2411 καὶ
745 2358 1126 2428 βασανίζοντος
1164 2368 1407 2437 ἀκριϐῶς
1437 2372 1537 2441 τῆς
1562 2355 1937 2432 ἠθεοπνεύστου

361 2444 588 2515 Γραφῆς
617 2448 709 2502 τὸν
746 2452 981 2518 σκοπὸν;
1025 2455 1082 2508 ὐ
1111 2459 1288 2511 τοίνυν
1318 2463 1449 2532 ἡμῖν
1474 2464 1777 2534 ὁμοούσιος.
1805 2469 1939 2525 καθὸ

360 2536 589 2629 γέγονεν
612 2540 924 2610 ἄνθρωπος’
958 2547 1055 2599 καὶ
1079 2549 1227 2621 αῦτῷ
1251 2550 1308 2604 δὲ
1337 2552 1415 2623 τῷ
1441 2554 1637 2624 Πατρὶ,
1668 2558 1809 2612 καθὰ
1846 2577 1941 2629 με·

364 2626 571 2720 μένηκε
594 2632 688 2684 καὶ
721 2633 1099 2708 ἀνθρωπότητι
1120 2640 1229 2695 ηΖσ.
1260 2644 1320 2696 ἐν
1346 2644 1750 2720 ἁνθρωπότητι]
1786 2626 1938 2716 Θεὸς,

360 2718 644 2793 ἀπεστάλη
700 2724 990 2795 κηρύσσων
1040 2733 1408 2801 αἰχμαλώτοις
1454 2736 1670 2805 ἄφεσιν,
1710 2718 1804 2793 καὶ
1853 2759 1943 2795 τυ-

362 2810 519 2879 φλοῖς
564 2815 877 2889 ἀνάϐλεψιν,
911 2821 1161 2877 ἰάσασθαί
1190 2842 1250 2879 τε
1281 2827 1408 2891 τοὺς
1440 2832 1941 2902 συντετριμμένους

360 2904 465 2973 τὴν
514 2908 759 2979 καρδίαν,
800 2912 1025 2967 καλέσαι
1058 2914 1116 2967 δὲ
1167 2916 1260 2968 καὶ
1308 2919 1552 2973 ἐνιαυτὸν
1600 2922 1804 2993 Κυρίου
1855 2924 1942 2977 δερ

362 2997 515 3051 κτόν.
574 3000 747 3054 Αὑτοῦ
793 3002 903 3074 γάρ
956 3005 1118 3074 μόνου
1173 3006 1270 3060 καὶ
1311 3010 1407 3078 οὐχ
1454 3010 1643 3081 ἑτέρου
1693 3014 1835 3078 τινὸς
1875 3016 1944 3071 τὰ

361 3088 546 3142 τοιάδε
586 3092 809 3160 γέγονεν
842 3096 923 3158 εἰς
951 3098 1098 3168 ἡμᾶς
1138 3098 1573 3170 κατορθώματα·
1606 3104 1701 3157 καὶ
1737 3105 1943 3159 πιστώ-

363 3178 521 3233 σεταί
566 3198 651 3245 τις
684 3182 793 3236 τῶν
841 3186 1012 3254 ἁγίων
1064 3191 1377 3260 προφητῶν,
1405 3190 1550 3246 οὕτω
1571 3192 1778 3262 λέγων’
1823 3214 1843 3247 ‹
1868 3196 1943 3250 Οὐ

363 3268 630 3338 πρέσϐυς,
700 3273 798 3326 ούκ
833 3274 1082 3343 ἄγγελος.
1118 3278 1231 3332 ἀλλ’
1301 3280 1462 3345 αὐτὸς
1507 3283 1537 3336 6
1572 3283 1776 3356 Κύριος
1807 3285 1946 3340 ἔσω-

365 3372 462 3409 σεν
491 3358 637 3429 ἡμᾶς
659 3375 673 3388 °
714 3379 731 3411 ι
770 3361 797 3413 6
823 3362 921 3415 καὶ
949 3363 1322 3433 ἐναργέστατα
1355 3366 1556 3435 λέγων’
1601 3387 1619 3420 ι
1658 3368 1756 3423 Διὰ
1786 3370 1945 3425 τοῦτο

363 3445 639 3513 γνώσεται
681 3450 708 3502 6
756 3449 885 3513 λαός
940 3468 1039 3521 μου
1083 3453 1144 3505 τὸ
1187 3454 1358 3525 ὄνομά
1404 3474 1505 3527 μου
1552 3459 1610 3510 ὲν
1655 3462 1722 3531 τῇ
1762 3461 1947 3533 ἡμέρᾳ

362 3539 553 3611 ἐκείνῃ
574 3557 588 3570 ·
622 3539 784 3605 αὐτὸς
813 3544 841 3595 6
888 3543 1084 3607 λαλῶν,
1122 3545 1374 3617 πάρειμι.
1418 3568 1436 3599 ι
1480 3550 1672 3603 Καίτοι
1701 3552 1838 3617 πῶς,
1871 3552 1947 3606 ετ-

364 3648 477 3701 περ
510 3627 578 3701 ἦν
611 3651 693 3697 τις
727 3632 1013 3705 ἄνθρωπος
1042 3636 1230 3700 ἁπλῶς
1266 3640 1294 3692 6
1325 3640 1753 3711 ἀπεσταλμένος,
1786 3644 1948 3708 αὐτὸς

367 3722 440 3774 ἂν
473 3726 659 3787 νοοῖτο,
696 3725 793 3777 καὶ
827 3725 917 3778 τὸν
953 3726 1121 3780 πάλαι
1157 3731 1270 3791 τοῖς
1317 3732 1694 3801 ἀρχαιοτέροις
1744 3750 1947 3805 κεχρη-

368 3811 725 3881 σμῳδημὲνον
774 3814 1013 3884 λαλήσας
1068 3817 1260 3887 νόμον;
1322 3822 1395 3873 Οὐ
1444 3822 1552 3892 γάρ
1596 3839 1651 3873 τι
1686 3821 1794 3893 [ῑσ.
1839 3824 1945 3895 τοι]

365 3905 555 3976 προὼν
588 3907 661 3969 ὡς
700 3906 987 3978 ἅνθρωπος
1028 3912 1356 3982 γεγενῆσθαι
1393 3914 1589 3983 λέγοιτ’
1624 3918 1711 3979 ἂν,
1750 3916 1836 3969 ἵνα
1871 3918 1946 3986 μὴ

362 3993 470 4061 τῆς
514 3994 597 4057 είς
620 3993 682 4048 τὸ
723 3991 863 4049 εἶναι
894 3997 1150 4067 παρόδου,
1183 4002 1565 4073 πρεσϐυτέραν
1599 4004 1737 4073 ἔχων
1773 4003 1949 4074 ὁρῷτο

362 4085 466 4154 τὴν
508 4083 757 4155 ὕπαρξιν·
796 4088 909 4141 ἀλλ’
957 4089 1032 4151 ὡς
1065 4088 1199 4153 Θεὸς
1241 4090 1644 4162 προῦπάρχων,
1684 4092 1947 4163 λελάληκε

368 4174 472 4253 μθὲν
499 4175 589 4226 τὸν
617 4175 799 4246 νόμον,
828 4178 1154 4250 παρεῖναιδέ
1179 4196 1311 4248 φησι
1339 4179 1503 4243 ξένως
1531 4199 1589 4234 τε
1640 4185 1731 4235 καὶ
1787 4183 1949 4236 ἀσυν-

371 4266 525 4333 ήθως
562 4268 651 4319 ὅτε
703 4268 924 4336 γέγονεν
972 4267 1294 4341 ἄνθρωπος·
1328 4270 1461 4322 ἀλλὰ
1512 4270 1620 4333 ναὶ,
1672 4273 1828 4343 φησὶ,
1879 4273 1949 4327 τὰ

367 4356 553 4408 πάντα
591 4357 786 4428 πληροῖ
822 4358 952 4421 Θεὸς
982 4359 1058 4413 ὢν
1102 4361 1131 4413 6
1171 4360 1377 4427 Λόγος·
1412 4361 1526 4426 πῶς
1574 4359 1667 4416 οὖν
1703 4363 1811 4435 ἄρα
1857 4366 1949 4417 καὶ

366 4448 691 4518 ἀπεστάλης
728 4449 831 4501 ποῦ
863 4449 972 4520 γὰρ
1003 4451 1103 4503 οὐκ
1124 4446 1192 4520 ἦν
1217 4451 1245 4501 6
1274 4453 1448 4505 πάντα
1480 4452 1737 4524 πληρῶνς
1772 4455 1837 4506 Τί
1867 4454 1948 4518 δὲ,

2040 653 2152 709 ient
2179 654 2511 726 intelligere,
2544 655 2737 711 luctari
2768 671 3117 727 pugnareque
3150 659 3238 714 ille
3288 670 3344 715 et
3390 662 3613 718 vincere

2040 744 2176 800 solet
2206 760 2221 798 :
2250 760 2373 800 cum
2404 746 2490 802 bis
2520 760 2651 801 vero
2681 747 2772 814 qui
2796 747 2850 801 in
2875 748 2995 804 luce
3014 758 3144 803 sunt
3163 759 3218 805 et
3262 751 3491 819 spiritali
3517 752 3603 806 di-

2041 835 2242 902 luculo,
2260 844 2313 891 et
2332 837 2502 908 probe
2528 838 2842 907 mysterium
2873 838 3201 909 intelligunt,
3225 855 3332 894 non
3360 841 3459 895 sibi
3488 856 3609 896 esse

2042 927 2389 997 pugnandum
2421 936 2631 989 censet,
2684 928 2779 982 sed
2814 929 2992 998 potius
3015 928 3286 997 spiritales
3316 928 3424 984 illis
3446 932 3609 984 bene-

2040 1015 2307 1072 dictioues
2326 1015 2530 1073 tribuit.
2560 1016 2615 1071 Si
2642 1017 2805 1087 igitur
2828 1018 2913 1072 vel
2931 1032 3053 1074 sero
3078 1020 3291 1075 tandem
3322 1021 3608 1076 nobiscum

2043 1105 2097 1160 in
2129 1104 2332 1161 lumine
2364 1114 2614 1161 versatus
2630 1105 2818 1170 fueris,
2841 1116 2895 1159 et
2950 1115 3204 1177 tanquam
3260 1108 3313 1162 in
3349 1109 3608 1176 diluculo,

2043 1196 2189 1252 illico
2218 1204 2396 1252 tecum
2448 1212 2688 1268 pugnare
2750 1199 2977 1255 desistet
3027 1200 3117 1269 qui
3182 1199 3348 1254 vincit
3393 1213 3606 1254 omnes.

2042 1289 2214 1344 Velim
2248 1299 2427 1344 autem
2458 1290 2797 1354 consideres,
2839 1302 3110 1361 pugnante
3172 1291 3386 1345 homine
3406 1291 3609 1345 dixisse

2042 1380 2259 1435 beatum
2285 1377 2530 1434 Jacohse
2549 1379 2750 1435 vidisse
2778 1378 2946 1434 Deum
2977 1378 3113 1434 facie
3142 1380 3208 1433 ad
3238 1379 3431 1434 faciem
3456 1398 3471 1445 ;
3496 1378 3608 1448 82

2040 1469 2436 1524 addiditetiam
2457 1483 2611 1523 sacra
2634 1466 2954 1537 Scriptura:
2992 1486 3012 1519 ι
3062 1467 3232 1523 Ortus
3274 1479 3358 1524 est
3406 1468 3480 1523 illi
3528 1468 3609 1523 sol

2042 1560 2259 1628 quando
2314 1558 2627 1627 pertransiit
2656 1557 2904 1627 Speciem
2972 1558 3086 1613 Dei.
3122 1577 3141 1611 ι
3192 1557 3307 1625 Qua
3364 1574 3496 1628 ergo
3537 1559 3607 1612 de

2042 1665 2202 1706 causa
2231 1649 2508 1705 erubescis
2529 1650 2595 1704 de
2616 1649 3007 1703 exinanitionis
3030 1663 3305 1713 mensura,
3329 1663 3450 1703 cum
3478 1648 3606 1703 illud

2041 1756 2106 1801 ex
2146 1741 2252 1795 Deo
2276 1739 2439 1793 Patre
2464 1737 2698 1793 Verbutn
2756 1740 3092 1793 incarnatum
3127 1738 3297 1794 fuisse
3353 1748 3408 1793 et
3438 1740 3611 1794 ltomi—

2044 1847 2164 1885 netu
2184 1831 2404 1895 factum,
2423 1839 2484 1884 ut
2514 1830 2723 1899 opinor,
2763 1831 3018 1899 praedicet
3040 1831 3290 1899 quisquis
3313 1842 3519 1887 rectam
3547 1830 3612 1884 li-

1974 1905 2014 1959 Β
2045 1924 2164 1981 dem
2196 1930 2361 1985 tenet,
2386 1932 2440 1975 et
2467 1931 2717 1976 accurate
2755 1936 3031 1976 sacrarum
3093 1920 3422 1975 Litterarum
3475 1937 3602 1990 pro-

2044 2014 2275 2086 positum
2314 2014 2582 2083 exquirit?
2610 2012 2701 2067 llle
2730 2013 2891 2081 igitur
2924 2011 3403 2068 consubstantialis
3437 2013 3613 2077 nobis,

2044 2122 2149 2175 qua
2171 2106 2343 2162 factus
2360 2115 2445 2161 est
2474 2105 2653 2165 homo,
2684 2112 2739 2158 et
2774 2103 2871 2173 ipsi
2904 2103 3087 2159 itidem
3121 2103 3286 2167 Patri,
3316 2118 3417 2171 qua
3450 2103 3611 2158 etiam

2045 2199 2099 2253 in
2122 2198 2243 2267 ipsa
2260 2196 2595 2253 humanitate
2633 2194 2775 2248 Deus
2796 2193 3016 2258 mansit,
3056 2194 3253 2249 missus
3281 2202 3363 2247 est
3421 2192 3615 2261 praedi-

2044 2302 2170 2343 care
2197 2287 2424 2355 captivis
2458 2283 2856 2345 remissionem,
2889 2290 2943 2336 et
2974 2281 3132 2336 caecis
3162 2282 3360 2345 visum,
3414 2289 3469 2335 et
3500 2294 3613 2335 me—

2045 2380 2161 2436 deri
2187 2378 2431 2435 contritis
2468 2377 2652 2442 corde,
2684 2384 2740 2430 et
2770 2374 3006 2428 indicere
3034 2388 3234 2428 annum
3285 2372 3495 2428 Domini
3524 2387 3606 2425 ac-

2046 2468 2363 2538 ceptabilem
2389 2468 2432 2499 ⁸⁷
2467 2481 2483 2519 :
2516 2466 2684 2535 ipsius
2717 2478 2953 2534 namque
2986 2463 3175 2527 solius,
3226 2477 3331 2518 non
3386 2461 3615 2530 alicujus

2048 2558 2273 2613 alterius
2308 2556 2525 2610 fuerunt
2545 2553 2810 2623 ejusmodi
2854 2550 3111 2620 praeclara
3170 2557 3317 2619 gesta
3358 2563 3484 2618 erga
3514 2563 3615 2603 nos

2049 2659 2377 2723 perpetrata.
2403 2648 2501 2701 Cui
2536 2647 2613 2702 rei
2648 2647 2807 2702 ﬁdem
2864 2644 3029 2698 faciet
3079 2642 3301 2713 quidem
3328 2657 3357 2695 a
3413 2641 3616 2696 sanctis

2048 2740 2348 2810 prophetis,
2373 2739 2463 2808 qui
2497 2738 2625 2793 dicit
2655 2754 2668 2791 :
2696 2755 2715 2788 ι
2747 2736 2861 2791 Non
2918 2734 3146 2804 legatus,
3209 2747 3315 2789 non
3375 2729 3614 2800 angelus,

2048 2832 2143 2887 sed
2182 2831 2295 2900 ipse
2316 2829 2573 2883 Dominus
2595 2826 2940 2881 salvavitnos
2962 2824 3040 2891 ‘3;
3082 2842 3100 2875 ι
3139 2825 3227 2893 qui
3264 2824 3427 2879 etiam
3458 2836 3614 2891 aper-

2054 2923 2261 2978 tissime
2298 2921 2470 2975 dicit:
2507 2936 2525 2969 ι
2556 2917 2783 2987 Propter
2855 2917 2958 2970 hoc.
3004 2916 3140 2971 sciet
3188 2915 3417 2985 populus
3461 2928 3612 2968 meus

2051 3028 2246 3069 nomen
2276 3027 2455 3066 meum
2479 3012 2531 3065 in
2567 3010 2655 3066 die
2681 3008 2792 3075 illa,
2819 3009 2944 3078 quia
2973 3022 3074 3077 ego
3107 3006 3221 3076 ipse
3244 3007 3334 3074 qui
3361 3005 3619 3075 loquebar

2053 3110 2240 3160 adsum
2270 3102 2335 3155 ⁸⁸.
2377 3119 2395 3151 ι
2435 3099 2597 3169 Atqui
2621 3098 2665 3154 si
2694 3097 2781 3152 ille
2819 3097 3017 3153 missus
3051 3096 3213 3151 homo
3242 3094 3437 3165 aliquis
3464 3108 3616 3149 com-

2053 3190 2233 3245 munis
2255 3200 2419 3257 esset,
2450 3188 2721 3259 quomodo
2744 3187 2860 3258 ipse
2882 3187 3023 3241 idem
3050 3199 3171 3240 esse
3204 3184 3618 3255 intelligeretur,

2051 3280 2143 3351 qui
2181 3280 2456 3337 veteribus
2488 3278 2591 3334 illis
2620 3278 2791 3350 legem
2819 3277 2945 3333 olim
2963 3275 3164 3332 edidit?
3197 3273 3381 3345 Neque
3446 3276 3616 3340 enim,

2049 3374 2094 3427 si
2118 3381 2176 3425 ut
2207 3372 2369 3426 homo
2398 3370 2549 3439 prius
2584 3378 2751 3436 esset,
2807 3370 2968 3425 homo
3015 3367 3189 3424 factus
3229 3381 3349 3422 esse
3381 3381 3619 3436 unquam

2049 3462 2153 3517 dici
2179 3471 2383 3532 posset,
2414 3476 2481 3516 ne
2501 3460 2906 3515 subsistentiam
2944 3458 3306 3528 antiquiorem
3335 3457 3488 3511 initio
3513 3471 3619 3526 quo

2050 3567 2172 3608 esse
2205 3552 2394 3622 coepit,
2422 3552 2621 3607 habere
2644 3552 2927 3607 videatur:
2963 3550 3057 3605 sed
3118 3563 3239 3603 cum
3276 3547 3619 3618 prmexsiste-

2052 3653 2132 3698 ret
2166 3652 2222 3696 ut
2247 3643 2406 3708 Deus,
2432 3643 2643 3698 locutus
2659 3642 2872 3709 quidem
2903 3650 2988 3697 est
3046 3640 3238 3711 legem,
3287 3654 3347 3694 se
3375 3652 3506 3692 vero
3526 3638 3621 3691 ad-

2048 3748 2170 3790 esse
2216 3735 2293 3789 ait
2336 3750 2474 3788 novo
2524 3734 2843 3801 iusuetoque
2902 3732 3081 3798 modo,
3129 3746 3252 3786 cum
3319 3730 3494 3784 factus
3538 3736 3622 3782 est

2051 3827 2232 3880 homo.
2254 3825 2441 3895 Atqui,
2470 3824 2665 3893 inquit,
2698 3824 2879 3879 omnia
2936 3821 3170 3892 complet
3206 3820 3463 3886 Verbum,
3495 3836 3618 3874 cum

2051 3915 2123 3969 sit
2149 3914 2322 3969 Deus:
2347 3914 2614 3984 quomodo
2644 3914 2805 3983 igitur
2832 3913 2995 3967 etiam
3015 3914 3213 3966 missus
3234 3911 3358 3965 est?
3383 3925 3503 3963 nam
3528 3909 3620 3963 ubi

2050 4018 2156 4058 non
2204 4014 2322 4058 erat
2360 4004 2449 4072 qui
2479 4001 2708 4072 complet
2740 4000 2959 4055 omnia?
2995 3999 3131 4067 Quid
3168 4013 3316 4069 ergo,
3343 3998 3430 4053 dic
3460 4000 3614 4062 mihi,

2051 4094 2297 4150 divinant
2328 4102 2680 4163 sanctamque
2716 4090 3032 4146 Trinitatem
3080 4099 3484 4146 coarctatamue
3526 4105 3623 4157 pu-

2052 4187 2307 4251 tabimus,
2332 4204 2398 4240 an
2422 4203 2519 4256 per
2557 4185 2737 4242 omnia
2763 4183 2973 4239 dilatari
3027 4192 3083 4237 et
3108 4183 3289 4239 omnia
3315 4183 3624 4253 complere?

2054 4280 2110 4335 ld
2130 4280 2175 4334 si
2217 4281 2289 4334 ita
2323 4289 2426 4340 est,
2458 4278 2727 4347 quomodo
2752 4291 2976 4345 magnus
3005 4275 3096 4329 ille
3121 4273 3319 4338 Moses,
3344 4289 3465 4327 cum
3504 4273 3625 4342 qui-

2052 4373 2175 4426 dam
2206 4387 2235 4424 e
2260 4371 2454 4440 priscis
2489 4369 2795 4425 hominibus
2828 4367 3017 4421 turrim
3035 4365 3367 4421 aedificarent
3389 4367 3453 4419 ad
3510 4380 3624 4421 ca:-

2054 4464 2164 4515 lum
2194 4477 2361 4529 usque
2397 4461 2813 4529 pertingcntem,
2855 4459 3068 4513 induxit
3104 4457 3368 4518 dicentem
3398 4456 3567 4511 Deum
3608 4473 3621 4509 :

364 4538 496 4590 εἰπέ
529 4555 639 4606 μοι,
673 4538 771 4609 τὴν
797 4540 945 4593 θείαν
979 4541 1074 4594 καὶ
1103 4542 1384 4610 ὁμοούσιον
1413 4543 1618 4612 Τριὰδα
1659 4545 1944 4598 συνεστάλ-

2060 4574 2076 4605 ι
2118 4553 2329 4615 Venite,
2357 4550 2824 4606 descendamus'ct
2866 4548 3259 4604 confundamus
3312 4548 3384 4603 ibi
3418 4547 3626 4615 linguas

365 4629 462 4680 θαι
511 4628 775 4699 δώσομεν,
824 4630 857 4702 ἢ
927 4631 1353 4702 κατευρύνεσθαί
1407 4651 1467 4686 τε
1506 4634 1613 4687 τῶν
1659 4634 1816 4701 ὅλων,
1851 4638 1948 4689 καὶ

364 4723 553 4773 πάντα
602 4722 871 4792 πληροῦν;
926 4720 1059 4777 Εἶτα
1110 4724 1229 4788 πῶς
1276 4727 1409 4795 ἡμῖν
1453 4728 1481 4779 ὁ
1517 4726 1689 4797 μέγας
1721 4728 1948 4797 Μωσῆςν

362 4813 455 4862 ὅτε
496 4809 585 4861 τὸν
613 4811 964 4882 οὐρανομήκη
997 4813 1205 4885 πύργον
1254 4813 1604 4884 ἁνεδείμαντό
1651 4832 1796 4879 τινες
1840 4816 1948 4869 τῶν

368 4901 768 4971 ἀρχαιοτέρων,
794 4904 1139 4975 είσκεκόμικε
1166 4905 1391 4973 λέγοντα
1419 4908 1510 4959 τὸν
1532 4906 1689 4960 Θεόν’
1717 4925 1736 4958 ‹
1763 4906 1950 4973 Δεῦτε,

370 4991 471 5043 καὶ
514 4992 849 5056 καταϐάντες
886 4996 1204 5066 συγχέωμεν
1254 4997 1370 5049 ἐκεῖ
1411 4997 1511 5059 τὰς
1555 4996 1807 5066 γλώσσας
1852 5000 1951 5054 αύ-

367 5083 521 5147 τῶν;
565 5100 583 5133 ι
620 5084 785 5146 Ποίας
832 5085 1000 5137 ἐδεῖτο
1028 5087 1381 5151 καταϐάσεως
1426 5090 1458 5158 ἡ
1490 5090 1716 5158 οὐρανόν
1751 5107 1811 5143 τε
1857 5091 1953 5144 καὶ

371 5175 483 5241 γῆν
520 5176 915 5242 ἀναπιμπλᾶσα
971 5179 1159 5244 φύσιςς
1209 5178 1523 5250 Γέγραπται
1572 5181 1626 5234 δὲ
1684 5182 1777 5235 καὶ
1826 5182 1955 5253 περὶ

368 5264 471 5316 τοῦ
510 5266 663 5332 ἁγίου
700 5267 1035 5335 Πνεύματος,
1061 5269 1141 5321 ὅτι
1171 5288 1190 5319 t
1235 5270 1457 5341 Πνεῦμα
1506 5273 1710 5343 Κυρίου
1746 5273 1960 5344 πεπλή-

372 5371 523 5424 ρωκε
558 5354 655 5425 τὴν
678 5357 1024 5428 οἰκουμένην.
1051 5378 1068 5410 ι
1092 5360 1298 5414 Ψάλλει
1318 5363 1411 5415 καί
1441 5380 1604 5433 φησιν
1638 5367 1666 5417 6
1690 5366 1959 5436 μακάριος

371 5444 543 5497 Δαϐὶδ
576 5447 703 5515 περὶ
744 5448 854 5501 τῶν
882 5448 940 5501 ὲν
973 5451 1043 5519 γῇ
1090 5452 1357 5522 κειμένων
1387 5454 1522 5523 πρὸς
1552 5455 1641 5509 τὸν
1672 5458 1956 5521 ζωοποιεῖν

376 5537 636 5607 ἰσχύοντα
668 5538 799 5593 Θεόν
821 5557 834 5570 ·
872 5558 889 5593 t
936 5540 1345 5607 Ἐξαποστελετς
1381 5544 1441 5599 τὸ
1484 5547 1709 5618 Πνεῦμά
1736 5565 1830 5601 σου
1860 5549 1954 5603 καὶ

448 5737 495 5807 ο]
535 5733 637 5807 με..
671 5752 780 5799 ιη,
834 5742 885 5797 1,
935 5738 999 5805 2;
1032 5737 1162 5798 Luc,
1222 5756 1295 5806 tv,
1350 5741 1431 5807 18,
1472 5743 1551 5798 19.

370 5805 420 5835 ¹²
459 5803 606 5859 Psal.
646 5822 763 5873 cur,
791 5806 878 5862 30.

1659 5745 1701 5775 ⁸⁸
1741 5748 1843 5802 lsa.
1878 5762 2031 5811 um,
2059 5746 2111 5799 9.

2056 4660 2243 4700 eorum
2278 4643 2361 4696 7'?
2397 4663 2417 4694 ι
2462 4644 2706 4708 Quanam
2737 4642 3090 4696 descensione
3117 4654 3252 4707 opus
3276 4638 3511 4692 habebat
3535 4638 3625 4693 illa

2057 4748 2177 4805 quae
2201 4733 2395 4790 caelum
2429 4749 2493 4788 ac
2538 4742 2711 4787 terras
2736 4729 2969 4801 complet
2999 4728 3225 4782 natura?
3247 4727 3518 4793 Scriptum
3542 4737 3627 4780 est

2057 4825 2217 4880 etiam
2242 4825 2309 4882 de
2336 4833 2524 4880 sancto
2542 4822 2742 4893 Spiritu
2778 4841 2791 4877 :
2825 4839 2843 4873 ι
2885 4821 3120 4891 Spiritus
3172 4819 3380 4873 Domini
3407 4819 3630 4886 replevit

2059 4918 2247 4971 urbem
2275 4926 2542 4970 terrarum
2567 4916 2633 4968 '“.
2671 4934 2688 4967 ι
2728 4913 2916 4969 Psallit
2946 4922 3209 4981 praeterea
3228 4910 3416 4965 beatus
3436 4910 3621 4973 David,

2061 5022 2127 5062 ac
2150 5006 2324 5061 dehis
2356 5005 2444 5073 qui
2487 5006 2543 5059 in
2592 5003 2751 5057 terris
2785 5010 2910 5056 sunt
2937 5002 3115 5069 positi,
3141 5015 3261 5054 cmn
3313 5000 3421 5053 Deo
3452 5000 3629 5066 loqui-

2061 5110 2167 5163 tur,
2199 5099 2291 5168 qui
2320 5098 2589 5150 viviticare
2620 5104 2795 5164 potest
2824 5109 2842 5147 :
2881 5112 2898 5143 ι
2927 5092 3148 5145 Einittes
3176 5092 3435 5160 Spiritum
3457 5100 3627 5153 tuum,

2061 5198 2115 5243 et
2145 5187 2490 5252 creabuntur,
2526 5194 2579 5238 ct
2604 5183 2888 5240 reuovabis
2910 5182 3100 5238 faciem
3135 5192 3291 5236 terra:
3314 5182 3394 5245 7';
3449 5201 3467 5233 ο
3497 5196 3629 5246 quo-

2061 5281 2219 5335 modo
2248 5279 2479 5333 mittitur
2514 5277 2605 5346 qui
2652 5277 2885 5345 complet
2931 5277 3152 5331 omnia?
3176 5275 3253 5329 Nc
3316 5275 3475 5343 igitur
3511 5286 3629 5324 tan-

2056 5383 2217 5437 quam
2295 5376 2510 5421 acutum
2568 5365 2823 5433 quiddam
2872 5373 2927 5418 et
3002 5363 3422 5433 inexpugnabile
3499 5374 3625 5427 pro-

2053 5457 2301 5528 ponendo
2369 5457 2532 5522 illud,
2618 5471 2684 5510 ex
2742 5455 2850 5509 Deo
2933 5452 3093 5509 Patre
3168 5453 3426 5516 Verbum,
3502 5465 3626 5503 cum

2049 5550 2231 5606 omnia
2324 5549 2493 5619 possit
2581 5547 2901 5616 complere,
2964 5544 3109 5598 nullo
3204 5543 3361 5596 modo
3441 5542 3626 5610 mitti,

2220 5745 2267 5777 θ’
2304 5744 2403 5800 lsa.
2459 5760 2556 5811 LII,
2585 5743 2636 5796 6.
2740 5741 2785 5772 ⁷⁰
2825 5738 2959 5795 Gen.
2990 5756 3065 5804 st,
3096 5742 3149 5794 7.
3252 5742 3293 5771 ⁷³
3337 5739 3465 5810 Sap.
3502 5754 3541 5805 ι,
3570 5740 3625 5795 7.
