4166 6480
574 424 674 479 147

1571 422 1629 479 S.
1671 422 1947 480 CYRILLI
1987 422 2458 480 ALEXANDRIM
2497 423 2817 481 ARClllEP.
3745 426 3836 481 ΜΒ

569 543 681 612 83
713 542 926 596 coneris
976 541 1264 596 veritatem
1297 540 1594 606 inﬁrmare,
1630 551 1685 595 et
1727 541 1973 611 mysterii
2036 542 2146 596 vim

2264 544 2678 616 κτισθήσονται,
2736 545 2829 596 καὶ
2890 543 3223 607 ἁνακαινιεῐς
3275 544 3335 596 τὸ
3396 545 3687 614 πρόσωπον
3741 545 3837 610 τῆς

570 647 819 692 evertere
855 655 869 703 ;
902 636 997 691 sed
1027 634 1154 690 illud
1210 635 1388 705 potius
1417 633 1615 701 cogita,
1656 647 1744 689 res
1785 634 1997 689 divinas
2046 633 2152 688 dici

573 729 790 795 quidem
827 731 1061 782 humano
1091 742 1260 788 more,
1300 728 1379 781 sic
1407 737 1586 779 autem
1621 741 1650 779 a
1692 724 1848 781 nobis
1895 723 2150 793 intelligi,

575 829 632 871 ut
666 817 810 872 Dens
842 818 955 887 ipse
981 817 1130 871 solus
1163 815 1286 880 scit,
1321 825 1374 869 et
1408 824 1465 868 nt
1507 815 1584 869 illi
1630 813 1810 869 facere
1847 814 2016 871 moris
2044 823 2147 869 est.

576 908 681 960 Sed
707 907 829 974 quia
858 906 1164 959 unctionem
1207 915 1263 959 ut
1298 920 1409 957 rem
1460 904 1711 973 exiguam
1768 912 1824 958 et
1871 902 2152 967 humilem,

573 1008 627 1050 et
654 994 924 1062 Uuigeniti
954 996 1122 1064 gloria
1171 995 1325 1065 longe
1370 994 1644 1064 indignam
1689 1001 1866 1062 putat,
1891 1008 2010 1063 age,
2053 995 2154 1049 hac

575 1093 640 1146 de
676 1106 732 1145 re
753 1107 875 1160 qua:
904 1104 1142 1144 consona
1175 1100 1302 1143 sunt
1332 1090 1598 1153 dicamus,
1626 1094 1684 1140 ut
1714 1084 1957 1142 scandali
1986 1098 2153 1139 occa-

574 1184 756 1236 siones
790 1181 1147 1251 praedicamus
1176 1202 1187 1236 :
1219 1182 1359 1251 Ergo
1387 1180 1432 1234 si
1479 1180 1644 1235 homo
1684 1193 1790 1234 non
1823 1186 1908 1232 est
1954 1176 2152 1241 factus,

574 1275 808 1328 humana
876 1274 1111 1343 reiiciat,
1159 1273 1625 1341 dispensationem
1681 1280 1894 1327 recuset
1934 1279 1994 1325 ut
2033 1282 2156 1339 qua:

575 1367 841 1421 minorem
878 1367 1023 1421 illum
1053 1366 1237 1433 faciat,
1268 1375 1322 1422 et
1354 1382 1384 1419 a
1413 1381 1667 1436 suprema
1702 1365 1789 1419 illa
1824 1364 1995 1435 gloria
2027 1362 2156 1417 divi-

574 1472 752 1526 naque
795 1459 1117 1513 excellentia
1152 1460 1222 1512 sit
1261 1458 1419 1527 longe
1474 1466 1677 1512 remota
1711 1475 1724 1511 :
1763 1458 1957 1525 exigua
2004 1470 2156 1509 uaru-

575 1563 681 1616 qne
704 1559 830 1602 sunt
856 1550 953 1618 ipsi
986 1548 1159 1605 Verbo
1189 1552 1378 1605 nostra“
1410 1549 1613 1603 omnia.
1649 1548 1754 1604 Sed
1787 1548 1913 1617 quia
1939 1549 2156 1619 sapien-

578 1643 648 1695 tia
678 1642 891 1709 plenum
934 1653 1020 1697 est
1052 1644 1155 1697 hoc
1195 1645 1535 1714 mysterium,
1588 1658 1761 1713 neque
1788 1642 1863 1697 illi
1897 1643 2154 1711 rejicien-

579 1734 703 1787 dum
729 1736 1118 1789 exinanitionis
1158 1751 1317 1804 Opus,
1368 1751 1465 1790 cur
1498 1750 1557 1789 ea
1587 1750 1707 1803 qua:
1758 1744 1904 1789 recte
1937 1738 2153 1800 habent,

578 1826 841 1880 audacter
874 1842 1117 1889 accusas,
1152 1836 1206 1880 et
1244 1826 1387 1895 quod
1440 1827 1582 1880 illius
1623 1825 1831 1893 judicio
1882 1840 2158 1880 commen-

580 1919 760 1983 datur,
822 1928 879 1970 ut
943 1918 1257 1973 indecorum
1328 1917 1647 1972 aversaris?
1682 1915 1880 1971 Vidisti
1936 1909 2235 1970 unctumB

577 2009 813 2062 humano
878 2024 1030 2063 more
1073 2009 1245 2063 ?vide
1313 2011 1563 2063 eumdem
1620 2009 1877 2064 divinitus
1939 2023 2158 2075 ungere.

579 2099 855 2168 Scriptum
889 2108 973 2154 est
999 2101 1141 2153 enim
1165 2117 1179 2152 :
1205 2119 1223 2151 ι
1261 2099 1657 2155 Testimonium
1691 2100 1966 2170 perhibuit
1994 2097 2161 2156 Joan-

576 2205 691 2253 nes,
734 2191 976 2244 dicens:
1025 2190 1160 2255 Quia
1221 2191 1328 2243 vidi
1390 2189 1653 2258 Spiritum
1739 2190 2159 2243 descendentem

579 2282 732 2347 quasi
780 2281 1105 2345 columbam,
1154 2291 1207 2335 et
1256 2290 1561 2335 manentem
1625 2296 1789 2350 super
1851 2282 2070 2349 ipsum;
2107 2292 2163 2336 et

582 2386 683 2441 ego
707 2374 1015 2427 nesciebam
1044 2390 1189 2437 eum,
1215 2374 1307 2428 sed
1336 2374 1426 2441 qui
1466 2373 1616 2426 misit
1668 2390 1755 2427 me
1785 2374 2065 2443 baptizare
2106 2374 2160 2426 in

583 2479 744 2531 aqua,
771 2464 856 2519 ille
879 2466 1008 2518 mihi
1043 2465 1215 2519 dixit:
1240 2466 1415 2534 Super
1454 2479 1615 2534 quem
1650 2465 1853 2519 videris
1900 2464 2159 2533 Spiritum

585 2556 1006 2611 descendentem
1040 2567 1095 2611 et
1126 2566 1434 2611 manentem
1459 2571 1624 2624 super
1658 2571 1805 2620 eum,
1836 2557 1925 2610 hic
1950 2566 2033 2611 est
2068 2556 2160 2625 qui

584 2649 821 2715 haptizat
852 2649 904 2702 in
943 2647 1147 2718 Spiritu
1182 2659 1412 2715 sancto;
1449 2658 1503 2704 et
1538 2649 1667 2713 vidi,
1696 2659 1750 2703 et
1797 2650 2159 2704 testimonium

582 2741 847 2808 perhibui,
877 2744 1001 2810 quia
1025 2742 1110 2795 hic
1132 2753 1213 2795 est
1254 2740 1422 2795 Filius
1469 2740 1560 2795 Dei
1587 2740 1727 2795 ""‘.
1766 2758 1784 2792 ι
1811 2739 1947 2805 Quid
1979 2739 2163 2794 enim?

518 2890 521 2891 ν
582 2832 1010 2887 humanitatisne
1053 2846 1189 2900 opus
1232 2847 1354 2886 esse
1400 2830 1538 2884 dicis
1592 2830 1870 2898 baptizare
1911 2844 2068 2899 posse
2106 2829 2159 2881 in

580 2922 789 2990 Spiritu
839 2932 1031 2977 sancto
1088 2922 1430 2976 credentes?
1494 2920 1655 2988 Atqui
1734 2919 2003 2988 quomodo
2056 2934 2160 2972 non

578 3013 806 3068 stultum
854 3014 926 3068 sit
972 3025 1165 3080 putare
1219 3012 1333 3067 haec
1373 3013 1446 3066 ita
1493 3027 1553 3065 se
1598 3010 1797 3065 habere
1827 3011 1851 3063 ἱ)
1880 3009 2163 3075 Quomodo

578 3107 747 3171 enim,
780 3106 922 3174 quod
959 3107 1137 3159 minus
1170 3115 1275 3168 est,
1333 3103 1802 3172 participationem
1863 3104 1936 3156 rei
2002 3102 2162 3171 longe

2259 639 2391 708 γῆς·
2435 657 2453 688 ι
2491 639 2609 701 πῶς
2642 635 3093 701 ὲξαποστέλλεται
3123 636 3184 689 τὸ
3223 636 3403 690 πάντα
3430 634 3701 707 πληροῦν;
3748 635 3839 706 Μὴ

2258 727 2442 780 τοίνυν
2486 727 2561 789 ώς
2606 727 2769 796 σοφόν
2821 742 2881 779 τε
2937 725 3032 779 καὶ
3085 723 3289 778 δυσανά
3321 724 3395 796 (l)
3426 723 3701 795 προτιθεὶς
3748 723 3839 776 τὸν

2260 821 2438 874 πάντα
2476 819 2717 890 πληροῦν
2759 816 3045 889 ἰσχύοντα,
3083 817 3178 870 τὸν
3228 818 3291 868 ὲκ
3328 815 3463 869 Θεοῦ
3494 815 3706 886 Πατρὸς
3734 815 3840 868 Λό-

2260 928 2379 980 γον,
2415 911 2703 979 ἀνέφικτον
2733 909 2876 980 ἔχειν
2906 909 3007 977 τὴν
3039 907 3326 977 ἐπιστολὴν
3354 904 3461 977 [ῖσ.
3486 903 3835 976 ἀποστολὴν],

2262 1003 2561 1075 παραλύειν
2582 1003 2803 1071 ἐπείγου
2826 1002 2889 1055 τὸ
2919 1000 3138 1072 ἀληθὲς,
3173 999 3267 1053 καὶ
3288 999 3389 1069 τὴν
3416 998 3511 1052 τοῦ
3538 997 3839 1069 μυστηρίου

2261 1097 2492 1168 δύναμιν
2514 1096 2842 1167 ἀνατρέπειν
2862 1112 2875 1126 ο
2896 1094 3065 1149 ὲννόει
3082 1095 3137 1148 δὲ
3161 1094 3382 1165 μᾶλλον,
3400 1094 3480 1147 ὅτι
3501 1093 3717 1161 λέγεται
3743 1092 3840 1162 μὲν

2269 1189 2626 1261 ἀνθρωπίνως
2679 1187 2747 1242 τά
2787 1187 2918 1259 περὶ
2959 1187 3133 1240 Θεοῦ*
3178 1188 3382 1241 νοεῖται
3430 1185 3488 1239 δὲ
3521 1184 3666 1238 οὕτω
3704 1181 3840 1254 πρὸς

2262 1282 2433 1352 ἡμᾶς,
2455 1280 2531 1345 ώς
2556 1279 2623 1335 ἂν
2644 1279 2806 1343 αὑτός
2838 1295 2898 1332 τε
2921 1278 3086 1349 εἰδείη
3112 1278 3206 1332 καὶ
3240 1276 3423 1348 μόνος,
3442 1276 3538 1331 καὶ
3552 1276 3689 1348 δρᾷν
3720 1274 3841 1338 ἔθος

2262 1372 2430 1443 αὐτῷ.
2473 1371 2692 1442 Ἐπειδὴ
2723 1372 2781 1425 δὲ
2809 1370 2884 1432 ώς
2915 1368 3087 1440 βραχὺ
3117 1367 3211 1422 καὶ
3240 1367 3602 1437 ἀνθρώπινον,
3627 1364 3841 1435 καὶτῆς

2260 1466 2356 1519 τοῦ
2389 1461 2727 1533 Μονογενοῦς
2771 1462 2929 1529 ἀξίας
2966 1459 3300 1532 ἡττώμενον,
3332 1459 3588 1530 ἀμέτρως
3624 1457 3840 1527 δέχεται

2262 1557 2361 1628 τὴν
2383 1556 2578 1627 χρῆσιν
2606 1554 2717 1627 [ῖσ.
2747 1551 2973 1625 χρίσιν],
3006 1552 3138 1624 φέρε
3159 1552 3229 1605 τὰ
3250 1552 3433 1606 εἰκότα
3457 1551 3551 1604 καὶ
3574 1551 3656 1613 εἰς
3684 1547 3841 1602 τοῦτο

2262 1649 2528 1721 λέγωμεν,
2562 1648 2661 1711 τάς
2711 1647 2808 1701 τοῦ
2859 1646 3153 1700 σκανδάλου
3187 1644 3406 1707 λύοντες
3457 1642 3735 1714 ἀφορμάς.
3777 1640 3841 1694 Εἰ

2267 1743 2367 1811 μὲν
2393 1737 2488 1795 οὖν
2515 1741 2576 1792 οὑ
2600 1740 2822 1809 γέγονεν
2848 1737 3154 1808 ἄνθρωπος,
3178 1735 3518 1791 ἀποσειέσθω
3536 1734 3607 1787 τὰ
3634 1732 3845 1804 ἀνθρώ-

2264 1849 2419 1895 πινα,
2469 1830 2844 1902 παραιτείσθω
2892 1828 2991 1900 τὴν
3024 1826 3360 1897 οἰκονομίαν,
3392 1824 3467 1888 ὡς
3511 1825 3570 1877 ὲν
3619 1820 3847 1895 μειώσει.

2262 1922 2507 1977 τιθεῖσαν
2545 1921 2731 1984 αὐτὸν,
2766 1920 2860 1973 καὶ
2889 1921 2987 1987 τῆς
3016 1918 3278 1973 ἀνωτάτω
3309 1914 3466 1986 δόξης
3496 1914 3590 1968 καὶ
3619 1912 3846 1981 θεοπρε-

2263 2012 2400 2075 ποῦς
2423 2012 2695 2082 ὑπεροχῆς
2723 2010 2952 2063 κατόπιν
2977 2010 3147 2062 ἱεῖσαν
3168 2024 3181 2037 ’
3212 2006 3421 2078 σμικρὰ
3443 2004 3552 2076 γὰρ
3581 2004 3658 2087 τῷ
3684 2004 3845 2073 Λόγῳ

2262 2106 2331 2158 τά
2363 2105 2483 2158 καθ’
2511 2106 2680 2175 ἡμᾶς.
2710 2102 2929 2173 Ἐπειδὴ
2960 2102 3017 2156 δὲ
3073 2101 3237 2171 σοφὸν
3283 2097 3499 2168 ἀληθῶς
3530 2096 3593 2151 τὸ
3624 2098 3845 2168 μυστή-

2266 2213 2401 2267 ριον,
2424 2197 2520 2248 καὶ
2550 2196 2651 2248 οὐκ
2673 2195 2980 2265 ἀπόϐλητον
3011 2191 3161 2264 αύτῷ
3185 2192 3247 2244 τὸ
3272 2192 3372 2263 τῆς
3397 2190 3681 2252 κενώσεως
3706 2187 3845 2259 χρῆ-

2267 2304 2364 2357 μα,
2387 2285 2439 2337 τί
2462 2288 2571 2348 τοῖς
2598 2283 2774 2356 ὀρθῶς
2796 2284 3002 2353 ἔχουσι,
3028 2280 3414 2354 ῥιψοκινδύνως
3443 2281 3723 2351 ἐπιτιμᾷς,
3748 2278 3844 2334 καὶ

2261 2378 2324 2430 τὸ
2350 2378 2471 2439 ταῖς
2524 2374 2688 2429 αὐτοῦ
2738 2376 2943 2445 ψήφοις
3005 2372 3459 2443 στεφανούμενον,
3502 2372 3580 2436 ὡς
3611 2370 3846 2434 ἀκαλλὲς

2263 2467 2587 2538 ἀποτρέπῃς
2626 2462 2780 2529 Εἶδες
2823 2466 3110 2537 χριόμενον
3141 2464 3534 2536 ἀνθρωπίνως;
3599 2463 3703 2534 ὅρα
3753 2461 3845 2515 τὸν

2264 2559 2425 2613 αὐτὸν
2454 2560 2550 2613 καὶ
2597 2558 2821 2630 χρίοντα
2859 2557 3089 2621 θεῖκῶς·
3121 2558 3429 2629 γέγραπται
3466 2556 3596 2629 γὰρ,
3633 2557 3715 2611 ὃτι
3749 2556 3847 2610 καὶ

2269 2672 2289 2703 ι
2324 2651 2741 2723 Ἐμαρτύρησεν
2781 2651 3055 2721 Ἰωάννης,
3080 2650 3286 2719 λέγων’
3323 2650 3446 2703 Ὅτι
3483 2648 3747 2719 τεθέαμαι
3783 2647 3846 2701 τδ

2265 2746 2490 2816 Πνεῦμα
2523 2745 2855 2799 καταϐαῖνον
2890 2743 3022 2796 ώσεὶ
3064 2742 3418 2814 περιστερὰν,
3442 2742 3536 2795 καὶ
3567 2742 3729 2811 μένον
3756 2741 3846 2793 ἐπ’

2264 2837 2427 2890 αὐτόν
2447 2852 2461 2868 ο
2495 2835 2648 2901 κάγὼ
2675 2836 2776 2889 οὐκ
2805 2835 2953 2906 ᾔδειν
2975 2835 3137 2889 αὐτόν
3159 2850 3174 2867 ⁸
3202 2834 3317 2888 ἀλλ’
3338 2836 3366 2888 ὁ
3400 2833 3624 2904 πέμψας
3651 2850 3719 2903 με
3751 2831 3848 2903 βα-

2264 2927 2474 2992 πτίζειν
2501 2929 2559 2981 ἐν
2581 2927 2753 2993 ὕδατι,
2771 2926 2976 2990 ἐκεῖνός
2998 2944 3088 2996 μοι
3116 2921 3269 2979 εἷπεν
3287 2942 3303 2958 ·
3335 2925 3525 2996 Ἐφ⁹ὃν
3554 2924 3620 2978 ἂν
3648 2923 3765 2996 ῐδῃς
3785 2922 3848 2976 τὺ

2264 3017 2488 3089 Πνεῦμα
2516 3017 2843 3071 καταϐαῖνον
2870 3016 2964 3071 καί
2982 3016 3139 3087 μένον
3162 3017 3251 3068 ἐπ’
3276 3016 3458 3081 αὐτὸν,
3476 3005 3633 3078 οὗτός
3648 3015 3797 3068 ἐστιν
3816 3014 3846 3067 6

2266 3109 2544 3181 βαπτίζων
2573 3110 2632 3164 ὲν
2663 3108 2741 3179 τῷ
2760 3108 3042 3178 Πνεύματι
3071 3107 3147 3178 τῷ
3170 3108 3340 3178 ἀγίῳο
3372 3106 3468 3161 καὶ
3486 3106 3728 3178 ἑώρακα,
3750 3105 3847 3161 καὶ

579 3198 805 3267 majoris
849 3197 1170 3266 largietur?
1204 3196 1337 3249 lllud
1383 3196 1546 3249 etiam
1606 3193 1919 3249 consideres
1974 3193 2158 3256 velim,

2268 3200 2693 3273 μεμαρτύρηκα,
2741 3201 2823 3253 ὅτι
2879 3193 3034 3263 οὗτός
3082 3201 3229 3253 ἐστιν
3266 3199 3295 3251 6
3328 3197 3455 3262 Υἰὺς
3497 3197 3591 3251 τοῦ
3633 3197 3790 3251 Θεοῦ.
3819 3214 3840 3249 ι

580 3291 729 3345 illum
757 3292 932 3359 ipsum
969 3304 1135 3358 super
1171 3302 1332 3358 quem
1368 3287 1603 3358 Spiritus
1634 3286 1916 3341 advolasse
1960 3286 2161 3341 dicitur

581 3395 635 3440 et
669 3386 930 3439 mansisse
954 3398 1118 3452 super
1148 3397 1294 3447 eum,
1326 3382 1377 3434 in
1416 3379 1618 3449 Spiritu
1648 3390 1838 3433 sancto
1862 3378 2158 3446 baptizare,

580 3478 722 3545 quod
755 3476 1004 3531 videlicet
1036 3483 1091 3528 nt
1117 3475 1254 3528 Deus
1282 3474 1567 3528 credentes
1608 3486 1705 3524 suo
1736 3468 1940 3539 Spiritu
1965 3483 2162 3538 perun-

578 3577 668 3634 gat
693 3586 709 3633 ;
744 3568 925 3635 itaque
945 3566 1139 3620 revixit
1166 3579 1196 3619 e
1231 3564 1478 3625 mortuis,
1509 3572 1563 3616 et
1587 3561 1883 3615 insuillavit
1913 3561 1965 3614 in
1995 3560 2160 3614 disci-

580 3656 756 3725 pulos,
809 3657 1032 3709 dicens:
1063 3673 1081 3705 ι
1136 3655 1379 3721 Accipite
1427 3652 1690 3722 Spiritum
1733 3662 1982 3705 sanctum
2012 3651 2101 3716 ἐς
2136 3667 2155 3701 ι

579 3763 742 3816 quem
791 3748 881 3815 qui
924 3754 1266 3815 acceperant,
1303 3745 1598 3799 dicebant:
1636 3761 1654 3794 ι
1703 3741 1810 3797 Nos
1839 3752 2019 3796 autem
2053 3756 2159 3795 non

579 3841 831 3910 Spiritum
886 3820 1045 3909 hujus
1074 3839 1257 3893 mundi
1292 3839 1624 3908 accepimus,
1649 3837 1743 3891 sed
1767 3835 2030 3905 Spiritum
2066 3833 2156 3903 qui

578 3947 643 3985 ex
678 3933 784 3987 Deo
807 3942 909 3996 est,
943 3940 999 3985 ut
1032 3933 1271 3988 sciamus
1302 3947 1424 4000 quae
1460 3947 1488 3985 a
1540 3931 1650 3984 Deo
1685 3930 1882 3984 donata
1909 3938 2038 3985 sunt
2060 3944 2158 3983 uo-

580 4025 664 4080 bis
687 4020 756 4076 “.
796 4043 812 4076 ι
841 4023 1045 4078 Scribit
1078 4026 1241 4078 etiam
1271 4025 1466 4079 beatus
1499 4021 1739 4076 Paulus:
1776 4039 1794 4073 ι
1833 4022 1933 4086 Qui
1976 4030 2158 4074 autem

581 4116 634 4179 in
664 4130 825 4168 carne
873 4124 1018 4181 sunt,
1062 4113 1174 4171 Deo
1202 4115 1414 4184 placere
1445 4128 1549 4167 non
1582 4122 1823 4181 possunt.
1848 4111 1957 4166 Vos
1980 4119 2158 4165 autem

580 4221 688 4265 non
749 4207 881 4260 estis
910 4206 963 4259 in
1000 4220 1184 4271 carne,
1234 4206 1329 4260 sed
1372 4207 1422 4259 in
1467 4204 1681 4273 spiritu,
1740 4202 2004 4271 siquidem
2041 4200 2162 4269 Spi-

581 4298 719 4352 ritus
753 4297 845 4352 Dei
884 4297 1093 4352 habitat
1134 4297 1187 4349 in
1222 4297 1391 4350 vobis.
1426 4296 1482 4349 Si
1527 4296 1649 4364 quis
1682 4303 1863 4347 autem
1897 4291 2160 4360 Spiritum

580 4389 783 4449 Christi
814 4402 917 4441 non
944 4388 1125 4451 habet,
1152 4388 1239 4447 hic
1267 4404 1372 4449 non
1400 4398 1483 4442 est
1510 4386 1627 4454 ejus
1653 4387 1722 4442 ".
1748 4403 1767 4437 ι
1802 4386 1978 4453 Atque
1992 4381 2158 4436 etiam

582 4481 709 4535 alibi
758 4499 771 4534 :
824 4485 875 4530 ι’
910 4480 1235 4550 Quicunque
1280 4481 1473 4547 spiritu
1512 4478 1603 4533 Dei
1629 4487 1884 4547 aguntur,
1942 4475 1997 4528 hi
2034 4484 2161 4528 sunt

2264 3291 2411 3363 Ἀρα
2439 3292 2548 3364 γάρ
2582 3292 2998 3363 ἀνθρωπότητος
3019 3292 3177 3362 ἔργον
3221 3285 3359 3344 εἶναι
3404 3290 3511 3361 φὴς
3550 3290 3611 3344 τὸ
3652 3289 3847 3360 βαπτίο

2265 3382 2379 3447 ζειν
2413 3382 2674 3436 δύνασθαι
2706 3383 2831 3445 τοὺς
2866 3381 3223 3443 πιστεύοντας
3270 3381 3327 3434 ὲν
3363 3379 3501 3449 ἁγίῳ
3529 3377 3843 3446 Πνεύματι;

2264 3475 2443 3527 καίτοι.
2471 3473 2587 3537 πῶς
2613 3475 2712 3526 οὐκ
2747 3472 2941 3543 εὔηθες
2968 3474 3029 3526 τὸ
3065 3472 3208 3525 οὕτω
3247 3471 3392 3541 ἔχειν
3415 3469 3623 3523 οἴεσθαι
3648 3469 3845 3533 ταυτί;

2264 3565 2389 3629 Πῶς
2420 3566 2529 3636 γὰρ
2564 3569 2624 3619 τὸ
2669 3568 2818 3635 μεῖον
2859 3566 2958 3632 τὴν
2992 3564 3088 3617 τοῦ
3122 3562 3454 3633 προύχοντος
3494 3560 3849 3631 ἀσυγκρίτως

2262 3662 2531 3727 χαριεῖται
2559 3656 2804 3727 μέθεξιν;
2836 3657 3025 3727 Ἀθρει
3044 3656 3099 3708 δὲ
3132 3656 3214 3709 ὅτι
3241 3654 3398 3717 αὐτὸς
3416 3655 3643 3716 ἐκεῖνος,
3676 3652 3762 3720 ἐφ’
3791 3650 3847 3703 ὃν

2264 3748 2612 3817 καταπτῆναι
2639 3748 2699 3799 τὸ
2730 3747 2955 3816 Πνεῦμα
2982 3747 3221 3814 λέγεται,
3255 3743 3433 3814 μεῖναί
3458 3760 3516 3797 τε
3547 3742 3634 3794 ἐπ’
3662 3739 3844 3802 αὐτὸν,

2264 3838 2323 3890 ὲν
2353 3838 2493 3909 ἁγίῳ
2531 3838 2784 3908 βαπτίζει
2816 3839 3095 3909 Πνεύματι
3121 3878 3135 3902 ,
3171 3837 3485 3908 καταχρίων
3516 3835 3573 3889 δὲ
3608 3834 3848 3905 δηλονότι

2261 3931 2390 3992 τοὺς
2420 3931 2776 3994 πιστεύοντας
2809 3931 2883 3994 ώς
2929 3931 3060 3993 Θεὸς
3114 3930 3193 4000 τῷ
3252 3930 3367 3999 ἰδίῳ
3404 3929 3719 3999 Πνεύματι·
3754 3924 3850 3979 καὶ

2264 4026 2397 4095 γοῦν
2428 4026 2630 4079 ἀνεϐίω
2662 4026 2762 4096 μὲν
2796 4028 2859 4079 ἐκ
2895 4026 3128 4097 νεκρῶν,
3167 4025 3472 4096 ἐνεφύσησε
3496 4024 3553 4077 δὲ
3586 4025 3699 4086 τοῖς
3742 4038 3850 4093 μα·-

2266 4118 2477 4188 θηταῖς,
2519 4118 2694 4186 λέγων
2716 4134 2728 4146 ’
2759 4139 2776 4168 ι
2801 4118 3008 4172 Λάϐετε
3042 4116 3266 4188 Πνεῦμα
3303 4116 3492 4184 ἆγιον·
3527 4132 3544 4166 ι
3582 4115 3633 4166 οἱ
3661 4114 3718 4166 δὲ
3752 4114 3848 4166 λα-

2266 4205 2453 4268 ϐόντες
2484 4206 2677 4273 φασίν·
2717 4223 2736 4256 ι
2759 4206 2948 4275 Ἡμεῖς
2981 4205 3040 4258 δὲ
3073 4205 3134 4257 ού
3181 4203 3244 4256 τὸ
3266 4202 3481 4273 πνεῦμα
3515 4200 3609 4255 τοῦ
3640 4201 3849 4272 κόσμου

2264 4298 2553 4368 ἐλάϐομεν,
2584 4298 2721 4351 ἁλλά
2751 4297 2809 4351 τὸ
2838 4297 3063 4367 Πνεῦμα
3088 4297 3149 4349 τὸ
3180 4299 3244 4349 ὲκ
3273 4295 3368 4349 τοῦ
3395 4294 3554 4358 Θεοῦ,
3583 4295 3671 4347 ἵνα
3698 4293 3853 4347 εἰδῶ-

2269 4408 2365 4460 μεν
2389 4391 2457 4443 τὰ
2488 4391 2552 4442 ὲκ
2572 4389 2668 4442 τοῦ
2700 4388 2836 4440 Θεοῦ
2864 4386 3193 4457 χαρισθέντα
3220 4387 3373 4455 ἡμῖν.
3403 4404 3421 4437 ›
3450 4384 3657 4454 Γράφει
3675 4383 3730 4436 δὲ
3757 4383 3852 4436 καὶ

2264 4480 2292 4530 6
2322 4476 2634 4547 σοφώτατος
2670 4478 2916 4541 Παῦλος·
2960 4478 3062 4529 «Oi
3111 4475 3168 4529 δὲ
3214 4477 3272 4528 ἐν
3306 4474 3469 4545 σαρκί⁵
3511 4475 3685 4537 ὄντες,
3731 4473 3850 4545 Θεῷ

580 4573 678 4628 liii
713 4572 805 4627 Dei
833 4573 897 4625 ⁷⁸.
940 4592 957 4624 ι
994 4573 1133 4647 Ergo
1163 4588 1283 4626 cum
1315 4572 1517 4639 videris
1543 4586 1667 4625 eum
1700 4568 1920 4641 proprio
1941 4576 2159 4621 unctum

2268 4570 2463 4640 ἀρέσαι
2494 4572 2555 4623 οὐ
2593 4570 2869 4625 δύνανται.
2926 4570 3116 4640 Ὑμεῖς
3162 4568 3219 4621 δὲ
3264 4568 3365 4621 οὐκ
3405 4567 3528 4620 ἐστὲ
3567 4569 3626 4620 ὲν
3662 4567 3849 4639 σαρκὶ,

590 4664 822 4731 Spiritu,
853 4672 1128 4718 memento
1175 4662 1320 4717 illius
1378 4664 1431 4717 in
1494 4677 1660 4722 carne
1712 4659 2160 4730 dispensationis,

582 4754 695 4827 84
750 4766 802 4810 et
841 4756 1016 4826 cogita
1051 4755 1342 4809 humanam
1378 4765 1628 4815 naturam
1667 4772 1681 4807 :
1715 4767 1837 4807 cum
1863 4751 2066 4807 videris
2096 4750 2163 4805 ab

580 4861 647 4897 eo
689 4842 954 4913 Spiritum
989 4844 1129 4910 dari,
1166 4859 1287 4898 cum
1338 4844 1441 4898 hoc
1482 4841 1640 4907 simul
1700 4840 1971 4896 admirare
2014 4840 2163 4894 illum

582 4937 746 4988 etiam
807 4936 859 4988 in
910 4937 1246 4990 humanitate
1292 4936 1479 4991 Deum.
1516 4934 1623 4989 Sed
1659 4935 1760 4987 iste
1791 4934 2164 4989 contentiosus

583 5025 717 5079 nihil
755 5028 943 5080 horum
969 5039 1246 5095 reputans,
1276 5028 1355 5081 sic
1382 5042 1571 5079 rursus
1594 5027 1669 5077 ait
1704 5043 1716 5077 :

2272 4662 2386 4715 ἀλλ’
2416 4664 2474 4715 ὲν
2500 4662 2800 4732 Πνεύματι,
2830 4663 2987 4732 εἴπερ
3022 4661 3249 4732 Πνεῦμα
3285 4659 3418 4713 Θεοῦ
3445 4661 3582 4712 οἰκεῖ
3611 4662 3668 4713 ἐν
3702 4660 3849 4729 ὑμῖν.

2271 4753 2334 4804 Ei
2367 4752 2422 4805 δέ
2453 4769 2536 4815 τις
2566 4752 2790 4823 Πνεῦμα
2828 4750 3068 4823 Χριστοῦ
3098 4752 3197 4803 οὐκ
3227 4750 3363 4820 ἔχει,
3394 4743 3544 4812 οὗτος
3578 4748 3680 4801 ούκ
3708 4747 3853 4799 ἐστιν

2269 4842 2455 4897 αὑτοῦ.
2487 4862 2505 4894 ι
2533 4845 2642 4898 Καὶ
2665 4845 2772 4915 μὴν
2801 4844 2895 4896 καὶ
2920 4844 3178 4915 ἑτέρωθι·
3209 4862 3227 4894 ι
3254 4843 3407 4895 Ὅσοι
3437 4840 3548 4910 γὰρ
3579 4838 3857 4909 Πνεύματι

2269 4934 2404 4991 Θεοῦ
2444 4936 2690 5004 ἄγονται,
2735 4932 2880 4991 οὗτοί
2926 4939 3065 4989 εἰσιν
3099 4937 3204 4990 υἱοὶ
3241 4934 3398 4989 Θεοῦ.
3425 4954 3443 4985 ι
3477 4932 3687 4986 Οὐκοῦν
3727 4934 3855 4984 ὅταν

2268 5027 2384 5097 ἴδῃς
2413 5029 2575 5080 αὐτὸν
2606 5028 2684 5098 τῷ
2719 5029 2832 5099 ἰδίῳ
2860 5031 3146 5099 χριόμενον
3177 5028 3477 5099 Πνεύματι,
3512 5026 3854 5096 διαμέμνησο

582 5118 681 5182 τῆς
713 5119 849 5187 μετὰ
881 5121 1082 5191 σαρκὸς
1111 5122 1442 5189 οἰκονομίας,
1474 5120 1567 5172 καὶ
1620 5120 1980 5187 καταλογίζου
2043 5120 2104 5171 τὸ
2170 5119 2547 5188 ἀνθρώπινον·
2580 5126 2709 5177 ὅταν
2787 5125 2904 5194 ἴδῃς
2956 5125 3016 5177 τὸ
3056 5124 3279 5195 Πνεῦμα
3328 5122 3559 5185 διδόντα,
3606 5118 3853 5188 θαύμαζε

584 5214 725 5291 μετὰ
752 5215 943 5267 τούτου
974 5216 1065 5268 τὸν
1086 5217 1180 5269 καὶ
1216 5217 1272 5267 ὲν
1303 5215 1684 5287 ἀνθρωπότητι
1748 5215 1899 5269 Θεὸν.
1936 5214 2077 5267 Ἀλλ’
2146 5215 2300 5267 οὐδὲν
2340 5218 2448 5284 τῶν
2485 5219 2744 5285 τοιούτων
2812 5220 3266 5290 ὑπολογιζόμενος
3301 5221 3329 5272 6
3375 5217 3591 5287 δύσερις
3646 5210 3852 5272 οὑτοσὶ,

582 5311 747 5362 πάλιν
772 5304 873 5363 ὧδέ
898 5328 1085 5376 φησιν·

654 5399 917 5473 [Νεετοιι.
942 5402 1035 5454 Hic
1062 5402 1148 5453 ille
1170 5402 1339 5455 ﬁdelis
1362 5403 1468 5455 Deo
1496 5402 1673 5455 factus
1694 5400 1929 5470 pontifex
1954 5402 2148 5472 (factus

578 5506 659 5547 est
694 5495 867 5560 enim,
896 5510 999 5548 non
1024 5496 1090 5549 ab
1119 5506 1321 5551 aeterno
1348 5496 1517 5557 erat);
1550 5495 1635 5547 hic
1665 5495 1945 5563 paulatim,
1974 5496 2145 5548 haere-

2330 5393 2521 5472 [Οὗτος
2554 5401 2819 5467 onusto;
2858 5401 2935 5471 τῷ
2988 5399 3109 5465 Θεῴ
3158 5400 3521 5469 γεγενημένος
3564 5395 3855 5466 ἀρχιερεὺς

2256 5490 2497 5562 (ἐγένετο
2521 5490 2650 5561 γὰρ,
2676 5492 2777 5545 οὐκ
2806 5490 3014 5560 ἀϊδίους)
3058 5485 3153 5561 ἦν,
3202 5482 3356 5551 οὗτος
3390 5488 3418 5539 ό
3462 5486 3599 5541 κατά
3632 5483 3859 5566 μικρὸν,

652 5655 768 5686 7"“
806 5654 962 5707 Juau.
1000 5672 1037 5718 ι,
1073 5651 1160 5706 52.
1238 5616 1475 5707 ⁷⁸’.Ιοιιιμ
1513 5667 1603 5718 .\x,
1653 5652 1744 5704 ‘22.
1822 5651 1868 5682 ⁷⁸
1908 5648 1925 5701 1
1968 5652 2092 5704 Cor.
2141 5665 2201 5716 tt,
2239 5647 2325 5705 19.
2399 5648 2444 5680 ’⁷⁷
2486 5647 2643 5702 Rom.
2678 5663 2794 5713 \‘ttt,
2833 5645 2885 5711 8,
2922 5649 2974 5703 9.
3052 5646 3097 5677 '°
3134 5645 3267 5701 ibid.
3306 5644 3391 5698 l5.

655 5812 731 5881 tl)
779 5811 914 5879 Lege
966 5809 1313 5880 δυσάντητον,
1353 5807 1769 5878 inexpugnabile,
1820 5816 1876 5862 ut
1907 5808 2037 5863 vidit
2080 5806 2158 5862 int

2264 5820 2367 5861 res.
2404 5806 2559 5859 Eutr.
