4166 6458
361 336 464 392 N3

1423 346 1795 403 ADVERSUS
1834 346 2236 406 NESTORIUM
2271 351 2399 407 LIB.
2439 353 2522 407 lll.

3501 348 3604 405 £50

358 462 627 532 αίρετικὲ,
677 464 758 526 εἰς
789 462 1091 535 ἀρχιερέως
1148 468 1425 539 προκόψας
1457 469 1693 540 ἀξίωμα.
1740 472 1935 523 ’Λκουε

2054 470 2167 536 .ice,
2194 473 2259 526 ad
2302 472 2573 541 pontilicis
2614 469 2926 540 dignitatem
2955 482 3289 540 progressus.
3322 468 3455 521 Audi
3495 466 3606 522 cla-

367 553 709 621 σαφεστέρας
736 570 817 607 σοι
844 555 1145 626 διαϐοὼσης
1170 561 1352 630 φωνῆς
1370 575 1384 589 ·
1410 578 1428 612 ι
1460 563 1557 623 Ὃς
1579 562 1636 613 ὲν
1662 562 1779 624 ταῖς
1805 560 1939 631 ήμέο

363 659 506 712 ραις,
536 644 693 712 φησὶ.
723 645 824 712 τῆς
864 646 1064 715 σαρκὸς
1095 647 1281 711 αὑτοῦ,
1314 649 1526 719 δεήσεις
1550 668 1611 703 τε
1643 652 1734 704 καὶ
1760 651 1940 722 ίκετη-

362 732 486 800 ρίας
527 732 665 803 πρὸς
711 733 801 786 τὸν
830 734 1128 805 δυνάμενον
1155 736 1351 802 σώζειν
1378 738 1541 791 αὑτὸν
1577 742 1642 793 ὲκ
1685 740 1937 805 θανάτου,

365 824 504 890 μετά
538 824 787 893 κραυγῆς
837 826 1065 897 ἰσχυρᾶς
1113 830 1206 881 καὶ
1252 829 1502 901 δακρύων
1548 830 1937 902 προσενέγκας,

366 914 463 966 καὶ
510 915 890 979 εἰσακουσθεὶς
928 919 1035 971 ἀπὸ
1082 920 1182 989 τῆς
1220 922 1538 986 εὐλαϐείας·
1566 942 1585 974 ι
1633 922 1835 994 καίπερ
1865 922 1944 976 ὢν

367 1006 514 1072 Υἱὸς,
535 1007 738 1077 ἔμαθεν
762 1010 855 1078 ἀφ’
878 1003 954 1062 ὧν
984 1011 1153 1065 ἔπαθε
1178 1014 1276 1083 τήν
1310 1014 1579 1085 ὑπακοὴν,
1616 1015 1709 1068 καὶ
1733 1014 1943 1067 τελειω-

364 1098 501 1162 θεὶς,
548 1099 765 1167 ἐγένετο
792 1104 903 1164 τοῖς
942 1102 1311 1156 ὑπακούουσιν
1356 1104 1505 1175 αὐτῷ
1555 1107 1722 1159 πᾶσιν
1770 1106 1943 1168 αίτιος

365 1188 643 1259 σωτηρίας
698 1190 1059 1246 ἀκαταλύτου.
1104 1193 1416 1249 Τελειοῦται
1452 1198 1635 1250 καὶτὸ
1678 1201 1821 1253 κατά
1851 1218 1941 1270 μι-

366 1280 501 1349 κρὸν
523 1282 854 1349 προκόπτον,
880 1285 1122 1353 αἱρετικέ
1142 1302 1154 1314 ·
1180 1288 1309 1347 περὶ
1338 1279 1399 1339 οῦ
1428 1289 1524 1341 καὶ
1552 1290 1807 1360 Ἰωάννης
1830 1291 1941 1361 (21)

366 1372 426 1421 ἑν
457 1372 569 1432 τοῖς
600 1372 950 1439 Εὐαγγελίοις
978 1374 1077 1445 βοᾷ
1099 1391 1114 1405 ·
1161 1396 1179 1427 ι
1217 1377 1423 1447 Ἰησοῦς
1456 1380 1793 1450 προέκοπτεν
1824 1380 1944 1452 ήλί-

366 1460 464 1531 κίᾳ
488 1462 581 1514 καὶ
609 1463 792 1533 σοφίᾳ,
821 1466 916 1518 καὶ
938 1456 1119 1536 χάριτι
1140 1483 1153 1496 ⁸
1182 1486 1199 1519 ι
1220 1463 1302 1531 οἷς
1326 1471 1591 1540 σύμφωνα
1617 1472 1713 1525 καὶ
1737 1472 1946 1536 Παῦλος

367 1552 761 1623 φθεγγόμενος,
801 1574 819 1607 ι
868 1556 1204 1622 Τελειωθεὶς,
1250 1560 1437 1630 φησὶν,
1464 1562 1677 1629 ἐγένετο
1702 1565 1813 1626 τοῖς
1845 1564 1945 1616 ὑπο

368 1642 661 1697 ἀκούουσιν
710 1645 862 1715 αὐτῷ
897 1647 1087 1712 πᾶσιν,
1142 1649 1315 1710 αίτιος
1362 1651 1633 1721 σωτηρίας
1688 1652 1940 1705 αἰωνίου·

2041 562 2236 616 riorem
2288 562 2381 616 tibi
2430 562 2769 617 insonantem
2818 573 3002 614 vocem
3039 573 3102 611 τι
3142 558 3240 625 Qui
3286 558 3341 612 in
3394 558 3601 622 diebus,

2041 651 2235 719 inquit,
2265 652 2448 705 carnis
2475 666 2585 705 sua:
2613 665 2803 719 preces
2848 648 3372 725 supplicationesque
3394 647 3457 699 ad
3481 662 3601 701 eum

2039 742 2131 810 qui
2163 750 2346 811 posset
2366 755 2487 795 eum
2518 742 2722 795 salvum
2744 740 2925 795 facere
2953 754 2980 792 a
3000 724 3195 804 morte,
3223 753 3345 793 cum
3372 737 3607 792 clamore

2042 832 2215 887 valido
2249 842 2302 887 et
2337 833 2592 903 lacrymis
2639 832 2894 895 oll'erens,
2936 839 2990 883 et
3038 828 3326 883 exauditus
3377 841 3475 897 pro
3510 841 3606 881 sua

2043 925 2341 979 reverentia
2374 925 2420 957 "
2453 940 2467 987 ;
2502 942 2520 975 ι
2552 933 2605 977 et
2633 924 2846 992 quidem
2878 937 2998 976 cum
3022 928 3167 975 esset
3195 919 3384 984 Filius,
3421 917 3607 972 didicit

2041 1015 2110 1067 ah
2141 1014 2223 1068 his
2251 1029 2369 1082 qua!
2400 1029 2590 1083 passus
2624 1022 2707 1067 est
2755 1012 3137 1074 obedientiam,
3168 1017 3224 1064 et
3263 1020 3605 1063 consumma.

2046 1115 2149 1170 tus,
2182 1104 2356 1160 factus
2386 1114 2469 1159 est
2515 1103 3017 1173 obtemperantibus
3067 1099 3171 1155 sibi
3207 1114 3369 1155 causa
3418 1096 3610 1153 salutis

2041 1205 2277 1250 aeternae.
2318 1195 2733 1250 Consummatur
2748 1201 2927 1247 autem
2956 1192 3006 1246 id
3036 1191 3177 1261 quod
3200 1189 3458 1261 paulatim
3483 1203 3611 1258 pro-

2046 1286 2179 1349 ﬁcit,
2212 1285 2464 1341 hmretice
2492 1302 2507 1350 ;
2543 1286 2607 1339 de
2638 1301 2744 1355 quo
2771 1285 3010 1338 Joannes
3053 1284 3105 1337 in
3160 1280 3466 1350 Evangeliis
3493 1278 3609 1333 cla-

2046 1384 2157 1429 mat
2188 1391 2202 1428 :
2237 1395 2257 1428 ι
2284 1375 2441 1431 Jesus
2467 1376 2783 1445 proﬁciebat
2819 1383 2977 1430 aetate
3015 1382 3071 1430 et
3107 1371 3370 1442 sapientia
3405 1379 3460 1424 et
3486 1384 3612 1439 gra-

2048 1466 2229 1519 tia”:
2294 1485 2312 1519 ι
2365 1467 2571 1533 Quibus
2622 1467 2803 1521 verbis
2853 1479 3089 1519 consona
3138 1462 3336 1517 Paulus
3377 1461 3608 1516 dicens:

2052 1575 2071 1608 ι
2108 1557 2548 1619 Consummatus,
2570 1557 2762 1625 inquit,
2811 1556 2987 1611 factus
3013 1566 3097 1609 est
3117 1553 3366 1609 omnibus
3394 1552 3608 1607 obtem-

2049 1648 2365 1713 perantibus
2401 1649 2504 1701 sibi
2553 1663 2715 1702 causa
2754 1647 2943 1702 salutis
2989 1654 3227 1708 mternae,
3254 1643 3550 1713 appellatus
3579 1658 3607 1696 a

367 1737 834 1805 προσαγορευθεὶς
883 1738 988 1790 ὑπὸ
1042 1738 1137 1791 τοῦ
1174 1740 1309 1792 Θεοῦ
1342 1742 1633 1811 ἀρχιερεὺς
1664 1746 1805 1796 κατά
1847 1744 1945 1813 τὴν

2054 1734 2160 1789 Deo
2188 1736 2439 1790 sacerdos
2459 1738 2752 1791 secundum
2777 1736 3022 1791 ordinem
3058 1734 3452 1790 Melchisedech
3466 1733 3512 1766 ⁶¹
3539 1748 3556 1801 ;
3587 1753 3608 1785 ι

346 1826 524 1891 ,τάξιν
566 1803 932 1897 Μελχισεδέκ·
975 1848 992 1879 ι
1031 1826 1183 1894 οὗτος
1232 1834 1260 1884 6
1304 1803 1476 1902 Μῴἒῃ
1508 1803 1655 1887 κατ-ἀ
1699 1835 1791 1888 τὸν
1845 1803 1941 1905 τής

2054 1826 2136 1879 hie
2166 1825 2253 1880 ille
2274 1842 2391 1879 cum
2421 1825 2569 1880 Mose
2596 1828 2738 1896 quod
2767 1827 2833 1881 ad
2873 1826 3103 1880 ducendi
3133 1825 3407 1880 exercitus
3432 1833 3613 1895 typum

369 1919 708 1990 στρατηγίας
771 1924 1192 1991 συγκρινόμενος
1246 1922 1448 1975 τύπον·
1493 1924 1522 1975 6
1573 1924 1790 1994 σπέρμα
1847 1925 1943 1978 τοῦ

380 2010 636 2081 Ἀϐραὰμ
675 2011 1046 2081 κεκλημένος·
1091 2013 1119 2064 6
1166 2014 1305 2065 κατὰ
1335 2015 1514 2067 πάντα
1555 2018 1668 2079 τοῖς
1695 2015 1943 2085 ἀδελφοῖς

370 2101 754 2170 παραπλήσιος
776 2118 787 2130 ·
826 2102 855 2154 6
889 2102 1063 2171 χρόνῳ
1095 2103 1387 2173 γενόμενος
1432 2106 1757 2176 ἀρχιερεύς·
1799 2109 1828 2159 6
1856 2106 1945 2160 διά

376 2192 713 2263 παθημάτων
746 2193 1051 2257 τελειωθείς
1071 2212 1083 2224 ·
1116 2197 1145 2247 6
1176 2197 1234 2247 ὲν
1262 2190 1307 2263 ᾧ
1336 2196 1603 2249 πέπονθεν
1631 2196 1795 2260 αὐτὸς
1826 2214 1945 2249 πει-

376 2282 598 2351 ρασθείς
635 2283 929 2353 δυνάμενος
959 2287 1070 2348 τοῖς
1118 2286 1536 2356 πειραζομένοις
1579 2286 1877 2357 βοηθῆσαι·
1919 2289 1948 2340 ὁ

373 2372 518 2426 κατά
552 2374 651 2443 τὴν
694 2373 843 2438 τάξιν
879 2375 1216 2444 Μελχισεδὲκ
1255 2376 1545 2445 ἀρχιερεὺς
1586 2375 1944 2445 κεκλημένος.

371 2465 437 2517 Τί
464 2461 557 2519 οὖν
588 2466 1011 2537 ἀνθερμηνεύεις
1053 2467 1129 2536 τῷ
1187 2467 1400 2537 Παύλῳ,
1456 2467 1547 2519 τὸν
1594 2466 1778 2536 ἀπαθῆ
1817 2466 1947 2519 Θεὸν

370 2554 543 2622 Λόγον
598 2555 827 2624 ὲπιγείῳ
883 2557 1224 2625 καταμιγνὺς
1272 2555 1513 2626 σώματι,
1570 2555 1664 2608 καὶ
1709 2554 1948 2624 παθητὸν

370 2647 633 2717 ἀρχιερέα
661 2647 828 2700 ποιῶν
851 2653 893 2718 ς]

977 2785 1019 2835 Κ
1032 2784 1224 2836 ΕΦΛΛ.
1280 2786 1349 2836 Δ¹.

456 2921 544 2982 Ὧς
574 2920 946 2987 ἀκμαιοτάτην
968 2960 980 2979 ,
1012 2914 1055 2971 ὦ
1084 2922 1199 2973 ’τᾶν
1221 2960 1234 2983 ,
1258 2920 1349 2971 κα)⁵
1370 2918 1514 2988 μάλα
1558 2919 1810 2989 νεανικήν
1841 2920 1949 2971 τῶν

374 3012 477 3080 τῆς
508 3011 793 3073 εὐσεϐείας
824 3012 1109 3080 δογμάτων
1156 3011 1398 3081 ἐποιήσω
1445 3012 1544 3080 τὴν
1575 3011 1947 3081 καταδρομήν.

2046 1925 2415 1985 comparatus,
2445 1916 2529 1970 ille
2563 1930 2745 1970 semen
2800 1917 3071 1970 Abraham
3134 1926 3378 1980 vocatus,
3407 1915 3497 1972 ille
3522 1929 3617 1982 per

2047 2007 2227 2059 omnia
2259 2007 2451 2062 similis
2482 2008 2742 2062 fratribus
2772 2008 2817 2040 θ’
2848 2026 2863 2075 ;
2898 2008 2986 2062 ille
3020 2017 3259 2077 tempore
3293 2006 3468 2061 factus
3486 2020 3619 2075 pon-
3699 1992 3708 1999 ’

2050 2095 2200 2161 tifex,
2261 2097 2349 2150 ille
2376 2110 2471 2166 per
2515 2099 2796 2166 passiones
2848 2107 3273 2164 consummatus,
3330 2095 3419 2151 ille
3448 2094 3616 2165 quiin

2048 2200 2155 2254 quo
2185 2201 2376 2254 passus
2406 2197 2489 2241 est
2540 2189 2657 2255 ipse
2708 2196 2963 2251 tentatus,
3003 2195 3179 2256 potest
3212 2185 3433 2241 tentatis
3463 2184 3619 2239 auxi-

2049 2275 2187 2338 liari,
2224 2277 2313 2331 ille
2336 2278 2631 2331 secundum
2672 2278 2917 2331 ordinem
2960 2276 3346 2331 Melchisedech
3380 2273 3618 2345 pontifex

2049 2366 2369 2434 appellatus.
2405 2367 2541 2433 Quid
2572 2366 2733 2436 igitur
2780 2367 3041 2421 adversus
3070 2365 3292 2419 Paulum
3344 2365 3614 2435 interpre—
3686 2396 3687 2399 η

2053 2456 2207 2520 taris,
2239 2454 2678 2524 impassibileque
2712 2454 2803 2509 Dei
2848 2453 3084 2509 Verbum
3138 2462 3355 2510 terreno
3406 2452 3619 2524 corpori

2050 2545 2367 2611 permisces,
2404 2556 2457 2599 et
2503 2543 2815 2613 passibilem
2846 2546 3183 2600 sacerdotem
3213 2544 3345 2599 facis
3370 2543 3425 2616 ?]

2698 2790 2849 2842 CAP.
2878 2790 2966 2846 IV.

2125 2920 2362 2976 Fortiter
2391 2936 2542 2984 sane,
2592 2922 2677 2974 vir
2726 2924 2961 2993 egregie,
3004 2932 3059 2977 et
3086 2924 3371 2978 admodum
3403 2928 3623 2979 strenue

2061 3011 2115 3062 in
2152 3012 2401 3081 dogmata
2428 3010 2645 3079 pietatis
2694 3014 3062 3069 incursionem
3113 3014 3264 3069 facis.
3322 3014 3399 3068 Ac
3432 3014 3624 3068 beatus

373 3104 490 3156 Kal.
523 3105 551 3155 6
580 3103 679 3173 μὲν
717 3102 1003 3164 θεσπέσιος
1037 3103 1269 3171 Βαροῦχ,
1316 3103 1407 3155 τὸν
1457 3102 1548 3155 τοῦ
1583 3101 1719 3154 Θεοῦ
1760 3102 1948 3169 Λόγον,

2056 3100 2272 3166 quidem
2298 3099 2529 3163 Baruch,
2565 3102 2653 3154 Dei
2689 3100 2924 3154 \‘erbum
2956 3102 3064 3168 jam
3091 3100 3363 3155 hominem
3398 3100 3621 3162 factum,

373 3194 837 3264 ὲνηνθρωπηκότα
857 3194 913 3245 δὲ
934 3194 1056 3263 ήδη,
1081 3195 1174 3245 καὶ
1201 3194 1258 3244 ἐν
1284 3193 1538 3256 ὁμοιώσει
1564 3195 1628 3263 τῇ
1654 3193 1773 3245 καθ’
1805 3195 1952 3263 ἡμᾶς

379 3282 660 3351 πεφηνότα
686 3283 1063 3345 καταδεικνὺς.
1105 3303 1120 3332 ι
1148 3275 1333 3345 Οὗτος,
1356 3284 1541 3351 φησὶν,
1562 3283 1590 3333 6
1612 3283 1743 3344 Θεὸς
1773 3282 1947 3352 ήμῶν,

375 3373 439 3424 ού
468 3372 848 3442 λογισθήσεται
898 3373 1082 3441 ἕτερος
1129 3372 1264 3441 πρὸς
1296 3374 1489 3425 αὐτόν·
1541 3359 1728 3442 ἐξεῦρε
1772 3374 1951 3425 πᾶσαν

373 3461 496 3515 ὁδὸν
524 3465 854 3532 ἐπιστήμης,
890 3464 979 3515 καὶ
1024 3462 1219 3516 ἔδωκεν
1254 3464 1421 3533 αὐτὴν
1458 3463 1648 3515 Ἰακὼϐ
1689 3464 1765 3533 τῷ
1804 3463 1951 3515 παιδὶ

377 3552 568 3617 αὐτοῦ,
593 3554 687 3606 καὶ
723 3553 938 3622 Ἰσραὴλ
982 3552 1061 3622 τῷ
1106 3552 1450 3621 ἠγαπημένῳ
1494 3553 1584 3604 ὑπ’
1619 3552 1781 3604 αὑτοῦ
1810 3570 1825 3583 ·
1860 3553 1954 3604 καὶ¹

382 3644 697 3714 μεταταῦτα
740 3646 832 3697 ἐπὶ
870 3645 969 3712 τῆς
1015 3645 1116 3713 γῆς
1147 3642 1323 3711 ὤφθη,
1372 3644 1606 3704 καὶτοῖς
1650 3640 1954 3711 ἀνθρώποις

385 3736 829 3806 συνανεστράφη.
848 3754 863 3784 ι
894 3736 964 3786 ΣΞ)
991 3735 1047 3786 δὲ
1070 3726 1334 3796 τὸ,οῦτος,
1356 3735 1448 3785 καὶ
1470 3733 1614 3803 μάλα
1641 3734 1952 3797 πλειστάκις

379 3824 702 3893 ἀναφωνιῖΝ,
731 3826 1011 3895 μονονουχὶ
1042 3827 1135 3877 καὶ
1169 3826 1324 3893 χεῖρα
1360 3824 1674 3893 προτείνων,
1701 3823 1822 3877 τίνα
1844 3827 1953 3887 τοῖς

378 3918 774 3971 πεπιστευκόσι
799 3917 1063 3986 καθίστης
1092 3915 1317 3986 ἐναργῆ,
1342 3914 1435 3967 καὶ
1464 3914 1574 3983 μὴν
1606 3914 1697 3967 καὶ
1724 3914 1955 3984 ὁρᾶσθαι

378 4011 579 4072 ποιεῖς,
628 4009 722 4062 καὶ
744 4009 806 4078 δὴ
834 4009 928 4061 καὶ
961 4005 1231 4077 προκόψαι
1263 4004 1367 4075 φὴς
1394 4006 1473 4068 εἰς
1494 4005 1755 4076 ἀρχιερέα
1784 4023 1955 4059 κατα-

379 4099 594 4171 ϐραχύ;
653 4099 815 4159 Ἀλλ’,
855 4094 1007 4167 οἶμαί
1034 4114 1161 4163 που,
1197 4097 1411 4159 πάντως
1461 4097 1701 4160 ἐκεῖνον,
1758 4097 1817 4150 ὃν
1862 4098 1957 4149 καὶ

378 4193 609 4259 εναγχος
640 4188 1188 4259 παραδειγματίζων,
1236 4188 1474 4255 ἔφασκεν
1511 4187 1622 4258 [ἴσ.
1658 4187 1915 4260 ἔφασκες]
1939 4205 1953 4219 ·

378 4282 592 4337 Οὐκοῦν
628 4284 657 4334 6
687 4281 891 4343 παθὼν,
937 4279 1228 4349 ἀρχιερεὺς
1278 4277 1559 4347 ἐλεήμων,
1608 4280 1706 4348 οὐχ
1748 4281 1776 4330 ό
1820 4279 1957 4341 ζωο-

382 4374 538 4435 ποιὸς
570 4372 664 4425 τοῦ
696 4371 1024 4433 πεπονθότος
1057 4370 1207 4431 Θεός.
1237 4369 1464 4439 Σπέρμα
1502 4369 1751 4439 Ἀϐραὰμ
1776 4371 1804 4420 6
1833 4370 1957 4439 χθὲς

2052 3199 2105 3243 et
2138 3190 2190 3243 in
2239 3200 2424 3244 nostra
2473 3191 2825 3247 similitudine
2887 3203 3232 3262 apparentem
3282 3189 3621 3245 ostendens:

2060 3302 2078 3335 ι
2110 3283 2205 3338 llic
2249 3293 2351 3348 est,
2410 3286 2600 3354 inquit,
2654 3286 2793 3340 Deus
2846 3297 3048 3350 noster,
3106 3302 3210 3339 non
3268 3285 3625 3340 aestimabitur

2055 3376 2192 3428 alius
2245 3377 2311 3427 ad
2371 3390 2517 3437 eum,
2571 3377 2775 3431 invenit
2820 3393 3032 3431 onmem
3090 3378 3228 3431 viam
3280 3375 3541 3439 scientiae,
3572 3381 3625 3429 et

2056 3466 2204 3520 dedit
2236 3466 2381 3520 illam
2410 3465 2578 3521 Jacob
2608 3482 2775 3535 puero
2806 3484 2925 3530 suo,
2973 3480 3023 3521 et
3055 3467 3215 3522 Israel
3247 3465 3443 3521 dileCto
3479 3479 3579 3520 suo
3609 3483 3622 3520 :

2054 3566 2249 3625 etpost
2276 3558 2387 3611 lucc
2416 3556 2467 3609 in
2500 3559 2659 3612 terris
2700 3559 2845 3612 visus
2897 3568 3001 3619 est.
3038 3569 3089 3612 et
3132 3574 3251 3611 cum
3308 3556 3621 3611 hominibus

2057 3657 2408 3723 conversatus
2433 3648 2499 3699 ⁸³.
2542 3667 2558 3698 ι
2613 3648 2688 3700 'l‘u
2745 3664 2895 3714 vero,
2940 3665 3122 3703 vocem
3174 3648 3279 3710 hic,
3318 3657 3370 3702 et
3411 3646 3625 3715 quidem

2055 3736 2249 3804 saepius
2296 3737 2599 3799 intendens,
2642 3752 2704 3791 ac
2747 3737 3131 3806 propemodum
3187 3751 3401 3789 manum
3455 3736 3629 3789 inten—

2058 3826 2215 3887 dens,
2271 3841 2556 3893 quemnam
2602 3827 2949 3881 credentibus
2993 3826 3259 3889 ostendis,
3310 3837 3362 3878 et
3408 3825 3629 3893 subjicis

2057 3915 2247 3979 oculis,
2302 3926 2465 3985 atque
2489 3916 2651 3970 etiam
2682 3917 2937 3985 paulatim
2972 3932 3315 3985 progressum
3351 3920 3416 3970 ad
3449 3932 3627 3971 sacer-

2057 4005 2262 4060 dotium
2293 4007 2489 4060 asseris
2522 4006 2719 4061 ?ll|um
2764 4021 2987 4077 prorsus
3030 4007 3266 4061 arbitror
3310 4006 3418 4077 85
3469 4021 3627 4075 quem

2061 4096 2257 4151 dudum
2288 4098 2579 4152 ostendens
2613 4097 2797 4152 aiebas
2836 4114 2849 4152 :
2884 4096 3051 4165 Igitur
3077 4097 3164 4152 ille
3193 4097 3493 4166 quipaSsus
3522 4105 3627 4158 est,

2059 4187 2298 4256 pontifex
2344 4198 2427 4241 est
2462 4188 2790 4253 misericors,
2846 4203 2949 4240 non
2998 4188 3084 4241 ille
3144 4188 3283 4255 passi
3332 4188 3631 4242 viviﬁcator

2066 4280 2223 4333 Deus.
2252 4278 2447 4332 Semen
2496 4278 2768 4331 Abraham
2792 4279 2878 4333 ille
2909 4278 3022 4334 heri
3054 4290 3107 4335 et
3138 4280 3314 4341 hodie,
3348 4289 3407 4334 ut
3436 4279 3633 4334 Paulus

2060 4370 2284 4432 dicit”.
2305 4386 2409 4424 non
2435 4370 2523 4423 ille
2551 4372 2641 4439 qui
2661 4372 2791 4425 dixit
2817 4390 2829 4424 :
2864 4390 2883 4422 ι
2914 4374 3216 4440 Antequam
3238 4371 3508 4425 Abraham
3541 4372 3633 4427 tie-

378 4465 478 4518 καὶ
512 4466 768 4534 σήμερον,
795 4462 937 4515 κατά
961 4461 1058 4531 τὴν
1083 4461 1176 4513 τοῦ
1212 4459 1420 4513 Παύλου
1448 4459 1629 4530 φωνήν
1650 4501 1663 4525 ,
1695 4462 1789 4529 ούχ
1815 4461 1844 4512 6
1872 4461 1951 4513 λέ-

2067 4469 2169 4525 ret,
2193 4477 2291 4531 ego
2317 4478 2433 4514 sum
2462 4462 2527 4515 ⁸⁵.
2554 4481 2571 4513 ι
2607 4461 2812 4516 Similis
2845 4475 2927 4516 est
2955 4462 3212 4517 fratribus
3243 4478 3337 4531 per
3376 4464 3557 4517 omnia
3589 4464 3633 4518 is

376 4572 515 4622 γων·
550 4574 567 4604 ι
610 4554 745 4624 Πρὶν
788 4552 1038 4623 Ἀϐραὰμ
1077 4551 1355 4620 γενέσθαι,
1383 4550 1492 4619 ἐγώ
1518 4553 1656 4620 εἰμι.
1686 4572 1703 4601 ι
1734 4554 1957 4621 Ὃμοιος

377 4651 495 4709 τοῖς
525 4646 772 4714 ἀδελφοῖς
808 4645 947 4698 κατὰ
975 4645 1170 4706 πάντα,
1217 4646 1244 4695 6
1284 4642 1463 4711 ψυχῆς
1495 4642 1839 4712 ἀνθρωπίνης
1869 4644 1959 4695 καί

378 4740 586 4808 σαρκὸς
637 4736 921 4789 ἀναλαϐὼν
971 4735 1340 4801 ἀδελφότητα,
1374 4733 1470 4801 οὐχ
1514 4736 1541 4784 6
1590 4734 1796 4799 λέγων·
1843 4754 1859 4783 ι
1902 4735 1959 4785 '0

377 4823 645 4894 ἑωρακὼς
692 4824 811 4893 ἐμὲ,
855 4821 1066 4891 ἑώρακε
1114 4823 1205 4874 τὸν
1256 4821 1493 4889 Πατέρα.
1532 4839 1550 4871 ι
1595 4822 1701 4873 Καὶ
1736 4822 1815 4873 ὅτι
1862 4824 1960 4891 μὲν

375 4915 477 4968 τοῦ
510 4914 838 4975 πεπονθότος
870 4913 1001 4965 Θεὸν
1036 4913 1122 4963 τὸν
1174 4913 1437 4976 ζωοποιὸν
1480 4910 1574 4962 τοῦ
1620 4910 1753 4963 Θεοῦ
1787 4913 1958 4982 Λόγον

380 5006 651 5075 ὑπάρχειν
690 5001 1187 5069 διαϐεϐαιούμενος,
1219 5002 1325 5061 τοῖς
1344 5002 1440 5068 τῆς
1482 4997 1725 5066 ἀφύκτου
1754 4998 1958 5069 δυσφη-

383 5097 519 5169 μίας
546 5096 853 5165 ἐγκλήμασι
876 5094 1097 5145 σεαυτὸν
1125 5092 1306 5153 ἐνιεὶς,
1338 5090 1602 5159 ἠδίκηκας
1620 5089 1680 5141 οὐ
1705 5092 1958 5160 μετρίως,

452 5237 504 5267 ’⁸
546 5235 705 5287 ilebr.
744 5248 795 5291 ν,
830 5233 882 5284 7.
987 5230 1031 5261 ⁸ο
1074 5228 1204 5287 Iino.
1242 5225 1372 5280 Luc.
1406 5244 1464 5288 ll,
1495 5228 1581 5281 52.

1683 5227 1725 5257 ⁸¹
1772 5228 1932 5281 Hebr.
1974 5244 2021 5290 ν,
2058 5228 2223 5295 9,10.

379 5307 451 5340 ⁸³·
485 5304 647 5361 Hebr.
675 5318 791 5367 ιιιι,
824 5301 879 5355 8.
957 5300 1001 5330 ⁸⁵
1038 5297 1192 5352 Joan.
1226 5311 1341 5358 vin,
1395 5297 1483 5351 58.
1562 5298 1604 5327 ⁸⁸
1641 5296 1807 5351 .1υιηι.Δ
1833 5313 1939 5357 xw.
1968 5298 2020 5351 9.

2059 4554 2149 4619 qui
2189 4554 2435 4605 humanae
2472 4554 2665 4605 anima:
2712 4563 2764 4607 et
2794 4555 2975 4606 carnis
3012 4554 3411 4607 fraternitatem
3449 4569 3633 4608 susce-

2064 4646 2289 4713 pit,uon
2323 4646 2415 4712 qui
2447 4645 2618 4698 dicit:
2662 4666 2678 4694 ι
2736 4646 2839 4711 Qui
2898 4646 3027 4697 vidit
3080 4663 3185 4707 me,
3246 4646 3379 4698 vidit
3426 4654 3479 4698 et
3534 4644 3634 4698 Pa—

2062 4742 2196 4789 trem
2224 4736 2288 4788 ⁸⁵.
2338 4756 2355 4784 ι
2426 4736 2597 4804 Atque
2645 4738 2694 4788 iu
2729 4752 2794 4789 eo
2836 4737 2975 4803 quod
3018 4737 3218 4789 asseris
3275 4736 3437 4788 Deum
3490 4737 3633 4802 passi

2062 4842 2181 4879 esse
2222 4827 2396 4892 ipsum
2434 4829 2714 4881 viviticans
2758 4829 2846 4880 Dei
2897 4826 3153 4886 Verbum.
3216 4835 3266 4880 te
3308 4827 3636 4880 inevitabilis

2066 4918 2412 4986 blaspliemire
2434 4920 2637 4972 crimen
2659 4919 2971 4979 incurrisse,
2998 4917 3339 4986 graviterque
3362 4932 3633 4987 peccasse,

2067 5006 2266 5059 etlicaci
2327 5008 2531 5061 ratione
2589 5010 3015 5063 demonstratum
3074 5015 3175 5060 est.
3231 5008 3395 5062 Miror
3452 5018 3633 5063 autem

2070 5099 2211 5166 quod
2264 5109 2474 5152 tuarum
2526 5114 2715 5153 vocum
2742 5098 2959 5163 oblitus,
2992 5097 3244 5167 paulatim
3286 5113 3632 5169 progressum

2334 5232 2379 5263 ³⁸
2417 5230 2581 5285 Hebr.
2608 5246 2668 5297 η,
2712 5232 2797 5285 ΓΙ.
2937 5231 2982 5263 ⁸³
3022 5231 3231 5288 Baruch
3285 5248 3345 5288 tu
3372 5273 3389 5299 ,
3445 5233 3628 5287 56-38.

1566 5460 1573 5465 .
1665 5414 1819 5467 ANT.
1864 5414 2137 5470 AGELLII
2177 5414 2406 5469 NOTAE.

457 5563 573 5629 (2t)
613 5562 703 5614 Vel
734 5561 1065 5615 notariorum
1094 5573 1245 5629 error
1275 5568 1374 5620 cst,
1408 5557 1514 5629 vel_
1540 5559 1722 5629 lapsus
1748 5566 1829 5612 est
1853 5556 1961 5629 Ne-

385 5626 610 5689 SIorius,
638 5631 728 5699 qui
762 5631 921 5684 verba
954 5632 1064 5682 haec
1098 5627 1253 5680 Lucae
1280 5642 1401 5695 cap.
1432 5642 1467 5699 ll
1492 5626 1681 5699 Joanni
1714 5627 1957 5699 ascribit.

387 5702 494 5757 Sed
538 5696 669 5771 quia
721 5702 861 5755 hunc
892 5700 1096 5767 lapsum
1127 5699 1178 5752 in
1212 5712 1304 5751 sua
1361 5698 1683 5753 refutatione
1728 5696 1962 5767 Cyrillus

2068 5574 2175 5613 non
2212 5558 2479 5625 coarguit,
2507 5568 2557 5611 et
2588 5558 2803 5612 beatum
2829 5556 3029 5612 Lucam
3062 5564 3337 5611 auctorem
3368 5552 3632 5625 agnoscit,

2068 5629 2296 5684 notariis
2337 5626 2568 5683 fortasse
2594 5627 2796 5698 justius
2834 5626 3151 5681 ascribetur.
