4024 6462
576 306 674 362 151

1560 322 1617 379 S.
1658 322 1935 387 CYRILLI
1975 330 2445 393 ALEXANDBINI
2480 338 2795 397 ARCHIEP.

3728 343 3751 395 ί
3767 341 3841 394 ειΞ

571 424 637 478 ad
678 426 947 494 pontificis
982 430 1327 503 dignitatem,
1386 438 1569 499 dicere
1622 444 1782 505 simul
1829 458 1884 504 et
1936 453 2107 515 sentir

2209 495 2216 516 ι
2246 455 2504 527 ἀποχρῶν
2530 459 2661 530 ἡμῖν
2693 461 2914 530 διέδειξε
2958 462 3135 531 λόγος.
3166 462 3445 533 Θαυμάζω
3473 461 3552 523 δὲ,
3595 462 3678 514 ὅτι
3716 462 3837 513 τῶν

570 518 757 583 audes,
794 534 957 589 quem
1010 526 1177 589 etiam
1219 528 1385 584 Deum
1415 545 1539 593 esse
1562 538 1765 597 asseris
1792 543 2138 612 omnipotenv

569 616 698 663 tem.
721 607 857 671 Nam
875 618 1153 686 proposita
1169 620 1265 675 tibi
1289 622 1527 692 Epistola
1547 628 1613 685 ad
1640 627 1897 689 Hebraeos
1911 607 2136 705 scripta,

567 702 775 758 teneris
811 704 1059 771 dixisse:
1085 710 1191 765 Sed
1233 712 1319 769 hic
1375 715 1591 774 lsraelis
1639 734 1900 792 cognatus
1945 702 2137 784 sectius

564 790 693 846 dum
724 807 969 861 carnem.
1007 804 1305 867 secundum
1334 790 1727 878 aspectabilem
1750 825 1998 872 naturam
2033 820 2133 873 ho-

563 897 672 949 mo,
709 899 777 941 ex
834 889 1041 951 semine
1092 892 1263 949 David
1304 895 1482 955 factus
1545 904 1841 962 secundum
1890 923 2132 977 carnem,

563 971 676 1039 ipsa
759 979 1140 1047 conjunctione
1214 987 1356 1045 Deus
1412 994 1780 1065 omnipotens.
1853 1000 2134 1069 Quomodo

562 1057 728 1128 igitur
758 1080 1074 1136 progressus
1112 1083 1217 1138 est.
1273 1086 1333 1135 ut
1365 1057 1898 1155 temere-fabularis:
1912 1093 1980 1145 ad
2002 1107 2135 1161 pon-

561 1150 721 1209 tiﬁcis
751 1155 1092 1229 dignitatem,
1118 1179 1243 1223 cum
1282 1169 1424 1229 Deus
1457 1174 1530 1229 sit
1553 1177 1899 1247 omnipotens
1915 1150 2130 1238 tuorum

558 1254 771 1311 αικηυε
817 1250 1107 1315 Verborum
1159 1261 1523 1321 testimonio?
1566 1266 1630 1322 Et
1686 1273 1936 1339 quamvis
1982 1276 2129 1331 illam

557 1328 868 1403 ignobilem,
930 1350 989 1397 et
1013 1357 1047 1399 ιι
1081 1352 1133 1407 te
1159 1348 1275 1407 solo
1318 1355 1502 1411 nesclo
1546 1328 1815 1428 quom-ode
1856 1367 2132 1436 excogita-

556 1426 664 1479 tam
696 1425 1133 1495 coniunctionem
1158 1425 1580 1513 commemores,
1604 1452 1826 1508 missum
1859 1455 1911 1511 id
1933 1457 2128 1515 faciam

552 1512 621 1567 ad
661 1527 939 1609 praesens;
986 1523 1117 1585 illud
1168 1536 1347 1589 tamen
1400 1535 1737 1609 eillagitabo,
1781 1555 1841 1599 ut
1889 1512 2129 1607 secundo

551 1614 715 1667 cursu
741 1603 952 1673 feratur
981 1616 1178 1681 oratio,
1212 1628 1266 1676 et
1289 1620 1357 1678 ad
1387 1603 1614 1695 scortum
1643 1603 1747 1685 sibi
1797 1635 2129 1691 convenien-

552 1694 662 1743 tem
688 1698 741 1747 et
778 1707 809 1751 a
848 1700 1127 1768 proposito
1166 1705 1306 1765 baud
1333 1694 1567 1769 alienum
1598 1717 1799 1773 tendat.
1825 1719 1963 1775 Num
1983 1727 2126 1793 quod

2247 543 2397 600 ἰδίων
2419 547 2581 611 αὐτὸς
2609 549 3006 620 ἀμνημονήσας
3046 551 3263 621 φωνῶν,
3298 553 3440 606 κατὰ
3478 550 3653 621 βραχὺ
3686 566 3837 619 προ-

2240 636 2412 693 ελθεῖν
2439 640 2520 702 είς
2549 640 2854 712 ἀρχιερέως
2883 642 3102 713 ἀξίωμα
3139 644 3303 712 φάναι
3331 660 3389 697 τε
3411 646 3568 713 ὁμοῦ,
3593 648 3691 700 καὶ
3715 646 3839 715 μὴν

2240 726 2335 781 καὶ
2365 732 2582 797 φρονεῖν
2602 730 2794 795 ἀξιοῖς,
2822 730 2882 783 ὃν
2916 733 3008 785 καὶ
3029 732 3164 785 Θεὸν
3198 728 3336 786 εἶναι
3368 735 3474 804 φὴς
3509 736 3838 805 παντοκρά-

2237 832 2391 887 τορα.
2424 819 2798 892 Προκειμένης
2830 822 2939 893 γάρ
2966 840 3049 876 σοι
3076 823 3180 892 τῆς
3212 824 3488 894 Ἑϐραίοις
3512 826 3837 895 γραφείσης

2250 908 2587 979 Ἐπιστολῆς,
2619 912 2814 984 ἁλίσκῃ
2847 913 3020 982 λέγων
3048 931 3063 945 ⁸
3095 916 3235 968 Ἀλλ’
3254 910 3408 979 οὗτος
3428 917 3457 968 ὁ
3473 916 3614 969 κατὰ
3634 919 3857 988 σάρκα,

2234 994 2330 1053 τοῦ
2364 998 2577 1069 Ἰσραὴλ
2594 1003 2883 1072 συγγενὴς,
2896 1003 3074 1059 ὁκατά
3093 1004 3154 1058 τὸ
3169 1006 3490 1076 φαινόμενον
3508 1007 3834 1078 ἄνθρωπος,

2232 1086 2264 1141 ὁ
2295 1088 2434 1145 κατὰ
2458 1089 2555 1159 τὴν
2586 1090 2797 1147 Παύλου
2834 1094 3048 1165 φωνὴν,
3100 1097 3165 1148 ὲκ
3206 1096 3520 1166 σπέρματος
3555 1114 3832 1167 γεγεννη-

2237 1176 2395 1246 μένος
2436 1181 2623 1248 Δαὸὶδ,
2664 1184 3066 1257 παντοκράτωρ
3096 1188 3163 1256 τῇ
3202 1187 3469 1259 συναφείᾳ
3498 1188 3653 1251 Θεός.
3692 1186 3833 1250 Πῶς

2231 1270 2315 1323 ἐτι
2350 1272 2617 1344 προέκοψε
2662 1275 2808 1330 κατὰ
2835 1278 2936 1348 τὴν
2970 1279 3353 1350 εἰκαιομυθίαν
3397 1283 3477 1344 είς
3510 1282 3831 1352 ἀρχιερέως

2230 1361 2471 1433 ἀξίωμα,
2502 1365 2679 1422 καίτοι
2719 1367 2852 1433 Θεὸς
2894 1372 3292 1443 παντοκράτωρ
3330 1375 3424 1429 καὶ
3472 1374 3561 1426 διὰ
3586 1374 3690 1443 τῆς
3718 1375 3832 1443 σῆς

2232 1453 2416 1521 φωνῆς
2445 1458 2925 1529 μαρτυρούμενοςς
2960 1462 3079 1515 Κᾶν
3105 1462 3203 1534 τὴν
3230 1463 3423 1532 ἀκλεᾶ,
3444 1465 3538 1519 καὶ
3564 1466 3687 1534 τὴν,
3713 1468 3829 1520 οὐκ

2229 1538 2323 1599 οἷδ’
2344 1546 2513 1612 ὅπως,
2538 1549 2910 1623 ἐξευρημένην
2938 1554 3088 1624 αὐτῷ
3123 1572 3203 1608 σοι
3231 1558 3325 1610 καὶ
3350 1557 3496 1628 μόνῳ
3514 1560 3828 1627 συνάφειαν

2228 1633 2523 1705 ὀνομάζῃς,
2558 1641 2793 1711 παρήσω
2827 1641 2980 1694 νυνί·
3013 1643 3154 1714 πλὴν
3186 1646 3477 1716 ἐρήσομαι,
3510 1649 3653 1701 κατά
3684 1649 3826 1719 ῥοῦν

2232 1724 2365 1784 ἰέναι
2389 1726 2479 1780 τὸν
2501 1729 2650 1799 αύτῷ
2673 1731 2951 1801 πρέποντα
2972 1750 3032 1786 τε
3063 1736 3155 1790 καὶ
3176 1736 3537 1807 προκείμενον
3557 1739 3637 1809 τῷ
3666 1739 3824 1809 λόγῳ

548 1777 617 1832 ad
682 1786 1048 1851 Sacerdotium
1105 1806 1459 1861 promovetur
1495 1813 1551 1861 et
1592 1805 1839 1876 gloriam,
1890 1777 2016 1868 non]
2051 1819 2107 1871 ad

548 1869 767 1901 manu..-
832 1886 1114 1901 ...._-.-,-..
1472 1894 1485 1901 -
1622 1897 1637 1901 -
1705 1898 1715 1901 _

2354 1777 2365 1784 .
2403 1777 2411 1779 ἡ
2461 1777 2467 1780 .
2507 1777 2644 1799 --υτ
2680 1777 2711 1783 .-
2752 1777 2951 1786 η-.--
2981 1777 3032 1786 --
3065 1777 3155 1790 η...
3183 1777 3214 1788 ..
3287 1777 3534 1807 ,ωε-,νην
3567 1777 3637 1809 ..γ
3667 1777 3822 1809 mm.

2222 1816 2421 1871 σκοπὸν
2438 1819 2628 1887 ἑφιείςν
2646 1777 2905 1893 Ἀρὀύχὶ
2914 1824 2971 1877 τὸ
2985 1777 3290 1897 προκόπτΙδν
3306 1830 3383 1892 είς
3403 1829 3445 1880 ίε
3456 1830 3704 1901 ρωσύνην
3717 1832 3822 1883 καὶ

546 1869 771 1933 meliora
832 1886 1327 1958 praestantiamque
1353 1869 1765 1965 gradumvl‘acit,
1796 1869 1889 1958 aut
1938 1904 2121 1963 incre-

542 1973 789 2027 mentum
829 1972 993 2028 sumit
1021 1974 1120 2033 Yet
1148 1979 1394 2047 quisnam
1429 1986 1589 2057 hujus
1619 1993 1901 2050 sententia:
1925 1999 2122 2053 verita~

544 2057 654 2110 tem
716 2070 821 2119 suo
870 2063 1131 2137 suffragio
1177 2086 1284 2128 non
1348 2077 1594 2143 probet?
1631 2080 1798 2150 Ilajus
1849 2095 1935 2141 est
1990 2104 2120 2159 ergo

539 2147 830 2211 sacerdotii
861 2167 1077 2219 munus.
1106 2174 1271 2229 quam
1309 2164 1475 2222 Deum
1500 2183 1620 2227 esse
1645 2147 2115 2244 omnipotentem:

538 2229 642 2295 hoc
682 2236 732 2293 si
768 2238 842 2301 ita
894 2253 999 2310 est,
1044 2254 1320 2319 quomodo
1358 2258 1449 2325 qui
1501 2229 1811 2321 sacerdotio
1848 2266 2115 2340 fungitur,

540 2323 818 2387 ministrat
871 2343 930 2391 et
976 2348 1123 2394 σείει
1154 2352 1212 2397 ut
1268 2323 1526 2404 minister
1550 2352 1683 2420 Deo,
1727 2365 1781 2415 et
1803 2367 1861 2411 ut
1881 2323 2117 2417 famulus

539 2412 787 2484 Domino,
849 2425 1041 2483 solitas
1082 2447 1146 2487 ac
1183 2443 1359 2492 statas
1414 2440 1721 2500 oblationes
1773 2447 2029 2516 oii‘erens,
2061 2463 2118 2508 et

538 2504 745 2571 hostias
776 2512 1080 2585 imponens,
1117 2523 1211 2579 ille
1231 2541 1362 2581 vero
1399 2537 1650 2601 tanquam
1672 2550 1920 2605 suprema
1952 2556 2114 2596 orna-

537 2607 625 2651 tus
657 2600 835 2670 gloria
869 2608 1349 2684 admittithostias,
1373 2631 1429 2675 et
1470 2600 1767 2682 honoratur
1810 2630 2115 2702 obsequio?

532 2685 691 2756 Illud,
723 2697 938 2766 opinor,
968 2703 1134 2770 dices,
1172 2706 1339 2764 Deum
1381 2713 1807 2784 omnipotentem
1863 2685 2111 2782 eumdem

532 2779 740 2839 factum
798 2802 920 2845 esse
975 2796 1311 2861 pontificem.
1369 2779 1871 2875 Ergo-exinanitus
1917 2825 2021 2884 est,
2056 2829 2113 2874 et

532 2874 775 2945 seipsum
808 2880 1134 2951 bumiliavit,
1172 2891 1240 2947 ad
1272 2874 1484 2952 minora
1518 2913 1580 2954 se
1623 2901 1904 2973 dejiciens.
1960 2909 2109 2978 Quo-

532 2966 691 3021 modo
731 2968 894 3039 igitur
922 2976 989 3031 ad
1026 2977 1344 3048 dignitatem
1391 2966 1710 3059 progressus
1744 3006 1826 3051 est
1856 2966 2110 3059 sacerdos

529 3053 756 3117 factus?
785 3061 1096 3123 Recordare
1143 3071 1258 3141 jam
1302 3053 1490 3135 rursus
1528 3090 1743 3140 tuorum
1774 3091 2059 3147 verborum
2089 3113 2105 3161 ;

530 3145 611 3203 sic
643 3163 876 3221 namque
910 3159 1067 3225 paulo
1089 3165 1342 3232 superius
1397 3170 1578 3229 dixisti
1618 3191 1633 3229 :
1668 3175 1823 3244 Quod
1843 3182 1888 3237 si
1915 3199 2101 3241 sacer-
2132 3172 2175 3232 (ἶ

531 3236 632 3293 dos
664 3250 747 3294 est
790 3243 901 3312 ipsa
936 3248 1220 3319 Divinitas,
1263 3258 1513 3325 quisnam
1550 3272 1635 3319 est
1678 3236 1779 3336 qui
1815 3273 2104 3328 sacerdotii

528 3328 789 3400 obsequio
824 3337 1022 3394 colitur
1051 3342 1075 3395 ?
1103 3344 1150 3400 si
1186 3345 1328 3403 Deus
1353 3360 1438 3405 est
1464 3354 1555 3422 qui
1587 3328 1765 3422 offert,
1819 3376 1979 3417 nemo
2024 3375 2107 3420 est

528 3420 617 3479 cui
660 3423 775 3496 δε
805 3426 1087 3486 olfcratur.
1111 3434 1251 3502 Quid
1280 3440 1426 3496 enim
1451 3420 1523 3497 sit
1550 3420 1837 3504 Divinitate
1860 3452 2102 3522 dignum,

526 3511 693 3567 utilla
732 3524 987 3586 tanquam
1023 3522 1250 3582 inferior
1276 3531 1464 3598 majori
1499 3535 1692 3591 oilerat
1723 3539 1745 3590 ?
1782 3511 1946 3597 Sistev
1964 3560 2105 3599 nunc

527 3603 718 3660 saltem
766 3608 820 3681 in
862 3611 971 3668 tuis
1018 3615 1190 3685 ipsius
1230 3623 1456 3679 vocibus
1490 3644 1504 3692 ;
1538 3629 1631 3683 sed
1674 3630 1724 3684 id
1759 3631 1937 3689 facere
1963 3652 2104 3710 nun-

525 3707 689 3761 quam
716 3700 939 3767 poteris,
975 3718 1096 3759 cum
1160 3710 1308 3765 omni
1357 3725 1516 3770 vento
1565 3720 1996 3791 circumferaris,
2047 3707 2103 3781 et

524 3792 579 3838 te
603 3785 743 3841 ultro
766 3790 1012 3861 citroque
1042 3796 1239 3866 jactari
1270 3818 1377 3859 non
1415 3810 1645 3874 sentias,
1692 3830 1834 3870 nunc
1888 3832 1951 3872 ex
1993 3819 2099 3874 illis

521 3876 587 3930 ad
635 3877 774 3945 haec,
827 3898 972 3941 nunc
1022 3889 1262 3948 vicissim
1290 3910 1359 3951 ex
1408 3898 1493 3954 his
1530 3902 1597 3956 ad
1626 3903 1712 3959 illa
1744 3909 2095 3979 transiliens;

518 3982 697 4040 neque
745 3975 854 4031 ullo
891 3981 1052 4036 modo
1097 3986 1439 4053 pertimescis
1466 3992 1616 4061 illud,
1642 4001 1787 4066 quod
1827 4012 1911 4057 est
1944 3975 2094 4060 Pauli

514 4076 649 4117 voce
706 4066 952 4125 dictum:
988 4090 1009 4126 Ι
1050 4072 1105 4128 Si
1131 4079 1275 4133 enim
1317 4096 1438 4150 qua:
1464 4085 1729 4153 destruxi,
1763 4090 1879 4147 hzec
1907 4109 2097 4151 rursus

514 4152 745 4219 editico,
770 4162 1243 4224 pmvaricatorem
1269 4171 1530 4240 meipsum
1549 4180 1824 4236 constituo
1847 4183 1912 4239 ⁸⁸.
1948 4203 1968 4238 r
1988 4186 2094 4243 Sed

511 4239 744 4298 fortasse
772 4247 1013 4306 dicturus
1038 4268 1099 4309 es
1124 4256 1251 4311 illud
1278 4278 1290 4314 :
1329 4239 1462 4315 cum
1495 4271 1546 4317 tu
1577 4265 1693 4333 ipse
1716 4272 1914 4341 ubique

509 4342 657 4389 stum
694 4353 857 4394 unum
903 4351 958 4397 et
992 4344 1188 4402 Filium
1245 4363 1301 4405 et
1344 4353 1628 4411 Dominum
1680 4376 1805 4417 esse
1854 4364 2092 4424 aﬂirmes

508 4429 640 4487 illud
678 4447 745 4489 cx
804 4437 914 4493 Deo
966 4439 1130 4497 Patre
1178 4444 1410 4501 Verbum
1443 4465 1566 4505 cum
1593 4469 1689 4508 sua
1721 4471 1905 4525 carne,
1945 4477 2084 4531 quo-

506 4525 669 4579 modo
696 4531 898 4585 asseris
954 4535 1263 4601 pontiﬁcem
1293 4540 1527 4608 positum
1564 4544 1733 4602 fuisse
1760 4558 1815 4603 et
1868 4565 2084 4621 aposto~

505 4612 614 4668 lum
635 4657 651 4679 ,
685 4617 757 4671 ita
789 4628 868 4685 ut,
896 4636 1019 4677 cum
1049 4624 1100 4678 id
1138 4626 1308 4695 dicas,
1338 4646 1444 4686 non
1479 4648 1746 4692 summam
1767 4643 1883 4710 ejus
1905 4644 2081 4713 digiti-

503 4713 671 4760 tatem
704 4709 906 4766 aiIicias
935 4718 1262 4775 contumelia
1297 4722 1320 4775 ?
1354 4724 1510 4790 Quia,
1562 4728 1804 4798 inquam,
1829 4735 1912 4788 vir
1940 4709 2082 4805 opti-

502 4810 610 4860 me,
636 4802 972 4873 unigenitum
999 4808 1127 4866 illud
1157 4812 1247 4868 Dei
1282 4813 1511 4872 Verbum
1554 4819 1755 4877 factum
1782 4838 1867 4881 est
1895 4802 2076 4894 homo,

500 4898 557 4945 et
605 4897 895 4952 sacerdotii
940 4916 1136 4958 munus
1195 4905 1547 4966 humanitatis
1598 4930 1903 4973 mensuram
1933 4922 2074 4976 haud

499 4982 748 5050 dedecet,
778 4999 836 5040 ut
870 4990 998 5047 item
1052 4997 1195 5065 quod
1253 5000 1451 5058 missus
1501 5020 1625 5061 esse
1665 5009 1881 5066 dicitur.
1933 5012 2075 5068 Con-

500 5070 771 5130 fusionem
803 5079 947 5135 enim
997 5090 1339 5158 contempsit,
1370 5102 1429 5146 ut
1462 5094 1655 5152 beatus
1670 5097 1870 5155 Paulus
1908 5104 2071 5169 ait",

497 5176 621 5217 cum
659 5165 743 5221 his
799 5170 962 5226 etiam
1012 5175 1226 5233 utiliora
1256 5190 1311 5235 et
1362 5183 1665 5257 indigniora
1717 5205 1937 5262 propter
1977 5211 2074 5251 nos

496 5254 802 5321 pertulerit.
826 5258 980 5318 Dedit
1007 5268 1150 5321 enim
1186 5272 1406 5329 dorsum
1438 5254 1503 5330 iu—
1532 5254 1768 5349 ﬂagella,
1795 5293 1850 5336 et
1875 5282 2070 5340 faciem

493 5356 645 5399 suam
682 5362 786 5402 non
822 5352 1022 5406 avertit
1054 5370 1083 5409 a
1107 5360 1428 5421 confusione
1458 5378 1737 5434 sputorum
1770 5370 1818 5404 ⁸⁸
1840 5412 1856 5437 ,
1903 5384 1955 5428 et
1976 5373 2074 5431 Ju-

493 5437 732 5494 daeorum
762 5448 1117 5505 contumelias
1145 5452 1412 5521 patienter
1441 5460 1713 5516 sustinuit.
1736 5462 1841 5519 Sed
1871 5466 2073 5539 refugis

492 5532 831 5588 sacerdotem
858 5538 1059 5596 dicere.
1076 5552 1133 5597 ut
1170 5546 1258 5614 qui
1286 5547 1354 5599 sit
1377 5548 1514 5603 Deus
1538 5549 1562 5601 ?
1591 5553 1833 5611 Admitte
1852 5532 2064 5627 dispen-

2224 1905 2402 1973 δόεαν,
2433 1909 2532 1980 τὴν
2548 1913 2630 1975 είς
2649 1912 2720 1981 τὰ
2744 1914 2953 1984 ἀμείνω
2966 1916 3060 1971 καὶ
3072 1917 3377 1989 προύχοντα
3403 1926 3635 1977 ποιεῖται
3659 1923 3823 1992 βάδι-

2223 2014 2329 2063 σιν,
2342 1999 2511 2069 ἠγουν
2527 2003 2767 2058 ἐπίδοσιν
2780 2007 2994 2072 ;Καίτοι
3012 2008 3129 2072 πῶς
3146 2010 3244 2081 οὐχ
3260 2012 3818 2086 άπαστισοῦνὲπιψη-

2222 2092 2423 2158 φιείται
2436 2092 2513 2163 τῷ
2530 2092 2671 2166 λόγῳ
2681 2097 2743 2149 τὸ
2756 2096 2971 2169 ἀληθῶς
2985 2098 3093 2171 [Ian
3109 2100 3353 2175 ἀληθές];
3371 2105 3570 2169 Μεῖζον
3586 2102 3681 2160 οὖν
3699 2108 3819 2180 ἄρα

2220 2178 2318 2234 τοῦ
2339 2176 2475 2237 εἶναι
2487 2182 2619 2237 Θεὸν
2636 2188 3071 2261 παντοκράτορα,
3087 2191 3184 2261 τῆς
3203 2194 3504 2267 ἱερωσύνης
3519 2176 3812 2270 τὸχρῆμα.

2217 2266 2353 2326 Εἶτα
2373 2275 2509 2338 πῶς,
2538 2276 2568 2328 ὁ
2593 2277 2693 2347 μὲν
2720 2280 2968 2351 ἱερᾶσθαι
3008 2280 3191 2353 λαχὼν
3207 2266 3512 2358 λειτουργεῖ
3659 2266 3817 2361 παρ-

2218 2362 2447 2434 έστηκεν
2462 2365 2539 2427 ὡς
2553 2367 2757 2440 λάτρης
2770 2370 2908 2441 Θεῷ.
2924 2373 3019 2426 καὶ
3031 2374 3107 2438 ὡς
3118 2376 3334 2446 οἰκέτης
3349 2379 3614 2451 Δεσπότῃ,
3638 2399 3819 2452 προσ-

2217 2453 2460 2522 κομίζων
2478 2455 2546 2509 τά
2560 2461 2945 2531 νενομισμένα.
2966 2464 3262 2531 καὶθυσίας
3286 2469 3577 2535 ἀνατιθείς
3602 2472 3697 2525 όδὲ
3727 2473 3810 2537 ὡς

2215 2542 2339 2615 δόξῃ
2366 2548 2431 2617 τῇ
2452 2547 2736 2623 ὑπερτάτη
2755 2557 3195 2625 κατεστεμμένος
3210 2561 3564 2631 προσδέχεται
3590 2564 3691 2627 τὰς
3705 2564 3811 2617 θυυ

2218 2633 2360 2697 σίας,
2390 2637 2483 2689 καὶ
2512 2640 2741 2709 τιμᾶται
2758 2642 3383 2718 θεραπευόμενοςςᾌλϊ
3399 2653 3598 2717 ἐκεῖνο,
3618 2651 3802 2724 οἶμαι,

2216 2727 2322 2797 φής
2330 2744 2343 2758 ⁸
2377 2729 2457 2782 ὅτι
2474 2730 2608 2796 Θεὸς
2619 2738 3318 2814 παντοκράτωρύπάρχων,
3336 2747 3365 2800 ό
3380 2746 3543 2809 αὐτὸς
3569 2747 3805 2816 γέγονεν

2213 2815 2522 2887 ἀρχιερεύς.
2546 2822 2837 2879 Κεκένωκε
2855 2827 2917 2899 δὴ
2939 2825 3053 2894 οὖν,
3074 2835 3167 2885 καὶ
3180 2837 3577 2890 τεταπείνωκεν
3604 2840 3806 2891 ἑαυτὸν

2212 2908 2400 2974 καθεὶς
2410 2912 2469 2964 ὲν
2488 2912 2684 2983 μείοσι.
2707 2915 2831 2981 Πῶς
2847 2913 2939 2972 οὖν
2954 2919 3034 2975 ἔτι
3053 2924 3355 2994 προέκοψεν
3375 2929 3454 2990 είς
3466 2927 3681 3000 ἀξίωμα
3701 2947 3805 2999 γε·

2210 2998 2383 3065 γονὼς
2411 3002 2626 3073 ίερεύς;
2656 3008 3011 3083 Διαμέμνησο
3033 3013 3098 3084 δὴ
3139 3015 3302 3070 πάλιν
3331 3017 3441 3070 τῶν
3463 2998 3659 3072 σαυτοῦ
3712 3022 3806 3075 λό-

2208 3106 2320 3159 γων
2341 3108 2356 3124 ο
2388 3092 2526 3166 ἔφης
2553 3096 2660 3167 γὰρ
2687 3098 2861 3166 οὕτως
2898 3106 2955 3157 ὲν
2975 3108 3087 3168 τοῖς
3115 3107 3373 3181 ἀνωτέρω
3408 3110 3581 3181 βραχύ
3608 3129 3624 3142 ·
3647 3114 3711 3166 Ei
3741 3114 3803 3166 δὲ

2208 3181 2495 3255 ἀρχιερεὺς
2528 3190 2562 3259 ὴ
2587 3190 2808 3262 Θεότης,
2833 3194 2915 3258 τίς
2937 3196 2966 3249 ὁ
2990 3198 3142 3269 παρὰ
3162 3203 3227 3270 τῇ
3256 3201 3355 3270 τῆς
3384 3204 3804 3275 ἀρχιερωσύνης

2208 3267 2521 3365 leucopqu
2575 3267 3131 3353 Osparrsudpevog;ci
3182 3267 3324 3354 ὁεὸς-
3367 3267 3797 3365 δίπροτφέρων,

2205 3357 2380 3423 οὐδεὶς
2411 3355 2456 3430 ᾧ
2486 3370 2890 3440 προσφέρεται·
2915 3374 2968 3426 τί
2994 3376 3103 3446 γὰρ
3135 3377 3402 3449 Θεότητος
3432 3355 3607 3446 ἄξιον,
3628 3355 3692 3436 ἶν’
3716 3355 3800 3449 ὡς

2206 3452 2443 3509 ἐλάττων
2489 3464 2774 3536 προσφέρῃ
2804 3466 2884 3535 τῷ
2924 3469 3167 3538 μείζονι;
3205 3474 3369 3544 Στῆθι
3408 3475 3501 3530 νῦν
3540 3478 3628 3531 καὶ
3658 3479 3797 3547 γοῦν

2203 3545 2261 3597 ὲν
2289 3550 2419 3611 ταῖς
2449 3551 2645 3605 ἑαυτοῦ
2676 3560 2882 3623 φωναῖς
2905 3576 2918 3590 ο
2955 3560 3090 3613 ἀλλά
3116 3562 3273 3617 τοῦτο
3304 3565 3423 3636 μὲν,
3457 3568 3555 3637 οὐχ
3584 3545 3694 3633 οἷός
3730 3588 3795 3623 τε

2204 3634 2303 3708 ἔσῃ
2352 3639 2517 3709 δρᾷν·
2558 3646 2831 3716 περιφέρῃ
2870 3647 2928 3700 δὲ
2979 3649 3165 3721 ὥσπερ
3218 3634 3406 3725 ἀνέμῳ
3459 3634 3652 3723 παντὶ,
3690 3664 3794 3715 καὶ

2201 3728 2689 3804 διαρριπτούμενος
2721 3738 2820 3791 οὐκ
2849 3741 3104 3813 αἰσθάνῃ,
3150 3747 3278 3798 ποτὲ
3322 3748 3439 3817 μὲν,
3472 3749 3531 3813 ἐξ
3560 3751 3793 3805 ἐκείνων

2201 3822 2281 3884 εἰς
2315 3822 2487 3876 ταῦτα
2508 3866 2523 3887 ,
2555 3829 2684 3881 ποτὲ
2718 3830 2773 3882 δὲ
2811 3832 2973 3887 πάλιν
3003 3837 3067 3889 ἐκ
3106 3837 3310 3891 τούτων
3342 3843 3420 3905 είς
3466 3843 3648 3897 ἐκεῖνα
3689 3863 3794 3915 με-

2199 3914 2460 3981 ταπηδῶν
2481 3932 2497 3946 ο
2524 3917 2701 3983 δέδιας
2748 3922 2805 3975 δὲ
2850 3927 2971 3977 κατ’
3004 3927 3196 3982 οὐδένα
3230 3930 3432 3999 τρόπον
3466 3935 3524 3986 τὸ
3568 3934 3655 3991 διὰ
3683 3914 3790 4008 τῆς

2197 4098 2280 4152 λιν
2327 4103 2691 4178 οἰκοδομήσω,
2747 4116 3072 4188 παραϐάτην
3118 4120 3361 4191 ἐμαυτὸν
3395 4130 3717 4183 συνιστάνω.
3761 4152 3780 4182 ι

2210 4191 2384 4263 Ἐρεῖς
2433 4196 2490 4248 δὲ
2532 4199 2661 4263 ἴσως
2694 4202 2897 4257 ἐκεῖνο’
2953 4210 3191 4279 Χριστὸν
3242 4214 3336 4268 ἕνα
3384 4218 3475 4269 καὶ
3514 4218 3641 4272 Υίδν
3686 4223 3789 4276 καὶ

2198 4280 2402 4351 Κύριον
2436 4286 2905 4363 διισχυριζόμενος
2938 4293 3076 4352 εἶναι
3112 4305 3384 4374 πανταχοῦ
3423 4307 3514 4360 τὸν
3548 4310 3611 4362 ὲκ
3639 4310 3784 4365 Θεοῦ

2194 4376 2405 4449 Πατρδς
2436 4379 2627 4448 Λόγον,
2670 4384 2810 4453 μετά
2846 4387 2945 4457 τῆς
2975 4390 3109 4454 ἰδίας
3155 4397 3378 4465 σαρκὸς,
3419 4399 3534 4463 πῶς
3566 4402 3631 4472 δὴ
3669 4402 3783 4473 φὴς

2120 4506 2162 4559 D
2194 4468 2272 4529 είς
2302 4469 2565 4541 ἀρχιερέα
2619 4473 2895 4530 τεθεῖσθαι
2944 4482 3036 4533 καὶ
3085 4483 3416 4554 ἁπόστολον;
3446 4486 3565 4543 εἶτα
3611 4468 3779 4547 τούτο

2191 4558 2383 4625 λέγων,
2418 4563 2514 4632 ούχ
2547 4563 2800 4639 ύόριεί[ς]
2828 4569 2925 4639 τῆς
2954 4572 3101 4636 θείας
3131 4576 3297 4629 αὑτοῦ
3322 4579 3479 4648 δόξης
3509 4583 3568 4635 τὸ
3604 4584 3776 4656 ὑπερ-

2192 4650 2356 4720 φερὲς
2381 4650 2628 4723 άξὶωμα;
2664 4653 2881 4721 ⁹⁹οτι,.ὧ
2929 4662 3190 4730 βέλτιστε,
3225 4670 3391 4740 φαίην
3430 4672 3516 4737 ἂν,
3547 4650 3775 4742 γέγονεν

2190 4740 2475 4810 ἄνθρωπος
2498 4745 2525 4795 ὁ
2557 4748 2852 4819 μονογενὴς
2880 4752 2973 4804 τοῦ
3000 4754 3136 4808 Θεοῦ
3171 4758 3365 4827 Λόγος,
3392 4763 3486 4814 καὶ
3513 4740 3633 4828 τοῖς
3670 4769 3775 4838 τῆς

2190 4830 2607 4904 ἀνθρωπότητος
2658 4839 2911 4910 μέτροις,
2945 4846 3043 4897 οὐκ
3096 4848 3436 4919 ἀνάρμοστον
3473 4853 3538 4907 ἂν
3568 4857 3653 4926 εἴη

2188 4925 2376 4993 χρῆμα
2405 4927 2504 4994 τῆς
2551 4929 2868 5000 ἱερωσύνης,
2931 4936 3023 4987 καὶ
3065 4936 3170 5007 μὴν
3201 4941 3295 4992 καὶ
3335 4942 3396 4994 τὸ
3427 4925 3769 5002 ἀπεστάλθαι

2184 5014 2366 5082 λέγειν
2398 5018 2580 5076 αὐτόν.
2620 5022 3009 5096 Κατεφρόνησε
3042 5028 3149 5099 γὰρ
3197 5032 3477 5103 αἰσχύνης,
3501 5036 3576 5099 ὡς
3615 5039 3644 5089 ό
3673 5038 3767 5090 θε-
3800 5089 3811 5124 ἑ

2186 5105 2405 5168 σπέσιος
2432 5109 2632 5177 γράφει
2657 5111 2883 5179 Παῦλος,
2920 5117 3012 5169 καὶ
3044 5117 3111 5171 τὰ
3144 5118 3225 5171 ἔτι
3257 5122 3393 5189 μείω
3414 5141 3471 5176 τε
3510 5127 3600 5177 καὶ
3651 5130 3760 5181 ἀπ-

2182 5197 2455 5268 ηχέστερα
2486 5199 2552 5252 δι’
2577 5204 2723 5272 ἡμᾶς
2751 5206 3070 5275 ὑπομείνας.
3092 5210 3305 5266 Δέδωκε
3337 5214 3447 5285 γὰρ
3472 5217 3563 5269 τὸν
3592 5218 3762 5273 νῶτον

2178 5290 2258 5351 είς
2290 5291 2581 5360 μάστιγας,
2607 5298 2668 5349 τὸ
2699 5298 2757 5350 δὲ
2788 5300 3081 5373 πρόσωπον
3107 5304 3272 5358 αὑτοῦ
3304 5308 3404 5361 οὐκ
3431 5311 3757 5382 ἀπεστράφη

2177 5380 2289 5434 ἀπὸ
2327 5384 2591 5458 αἰσχύνης
2613 5389 3043 5462 ἐμπτυσμάτων,
3076 5396 3291 5464 καὶτὰς
3325 5380 3757 5475 Ἰουδαίων

2175 5471 2346 5536 οινίας
2373 5476 2670 5547 τληπαθῶς
2700 5480 2977 5552 ἠνέσχετο.
3012 5485 3149 5539 Ἀλλ’
3170 5486 3271 5540 οὑκ
3296 5488 3466 5555 ἀξιοῖς
3496 5492 3643 5563 ἱερέα
3673 5471 3761 5546 Xi-

2175 5579 2294 5629 γειν
2330 5566 2405 5627 ὼς
2429 5567 2745 5640 ὑπάρχοντα
2768 5571 2934 5642 Θεό-η
2962 5576 3132 5647 Δέχου
3162 5579 3260 5651 τῆς
3284 5583 3594 5653 οἰκονομίας
3626 5588 3755 5651 τοὺς

560 5713 605 5744 ⁸⁸
644 5714 820 5773 Galat.
874 5736 931 5784 ll,
968 5722 1053 5778 i8.
1132 5725 1175 5756 ⁸⁷
1218 5726 1381 5782 Hebr.
1421 5744 1518 5796 xu,
1552 5729 1601 5786 2.
1680 5733 1727 5766 ⁸⁸
1767 5736 1866 5793 iss.
1902 5755 1950 5805 ι,
1987 5742 2049 5807 6;
2084 5742 2269 5800 Matth.
2303 5765 2449 5815 λιιι,
2490 5753 2575 5809 67.
