4166 6462
268 360 375 415 155

1333 378 1709 438 ADVERSUS
1744 383 2151 445 NESTORIUM
2192 387 2319 447 LIB.
2357 390 2441 449 ill.

3421 409 3523 465 154

259 484 489 587 λόγρυς·
535 487 844 587 διαλογίζου
900 494 1001 567 τὴν
1028 496 1295 554 κένωσιν·
1350 502 1448 576 τὴν
1499 507 1579 570 είς
1610 510 1710 579 τὴν
1755 525 1808 562 τε

1910 511 2179 570 tsationis
2240 513 2530 580 rationem,
2589 515 2766 587 cogita
2817 517 3261 587 exinanitionem,
3295 525 3521 581 descen-

259 575 448 669 δοόλου
478 580 693 652 μορφὴν
720 586 1135 659 καταφοίτησιν.
1167 592 1240 645 Οὐ
1267 591 1330 663 δὴ
1358 596 1631 667 προκόιῖιαι
1662 575 1842 669 φαμὲν

259 668 356 722 καὶ
382 671 462 733 εἰς
488 671 704 743 ἀξίωμα
734 675 963 747 δραμεῖν
1005 680 1097 733 τὸν
1130 683 1225 737 τοῦ
1276 685 1411 740 Θεοῦ
1453 689 1648 758 Λόγον,
1678 693 1725 745 εί
1746 668 1842 747 κε-

257 762 603 854 χρημάτικεν
643 767 799 838 ἡμῶν
842 770 1166 845 ἀρχιερεὺς,
1199 777 1525 836 καθικέσθαι
1553 781 1609 835 δὲ
1639 784 1841 854 μᾶλλον

256 854 355 945 καί
376 853 471 945 διὰ
508 856 699 911 τούτου
741 860 878 931 πρὸς
912 862 1176 918 κένωσιν·
1211 869 1334 923 ἐπεὶ
1370 871 1485 937 πῶς
1515 853 1835 945 κεκένωται,

256 943 352 996 καὶ
373 941 850 1015 [τε]ταπεινῶσθαι
866 952 1082 1023 λέγεται
1098 958 1293 1016 ,καίτοι
1307 961 1368 1013 τὸ
1385 962 1656 1033 ἄτρεπτον
1674 941 1835 1038 ἔχων,

254 1037 352 1090 καὶ
384 1038 645 1110 ὑπάρχων
679 1044 737 1098 ὲν
772 1049 956 1117 μορφῇ
985 1050 1077 1101 καὶ
1108 1050 1314 1122 ίσότητι
1343 1056 1484 1110 κατὰ
1514 1061 1621 1113 πᾶν
1660 1037 1837 1116 ὁτιοῦν

421 1126 511 1223 τὸν
553 1131 749 1186 ἑαυτοῦ
784 1135 1128 1209 Γεννήτορα;
1172 1140 1287 1206 πῶς
1330 1144 1387 1198 δὲ
1432 1149 1525 1201 καὶ
1564 1151 1835 1223 προέκοψε

249 1217 399 1317 κατὰ
427 1218 622 1317 βραχὺ,
662 1226 755 1279 καὶ
797 1227 978 1291 τοῦτο,
1017 1232 1160 1287 καθὰ
1190 1235 1295 1306 φὴς
1331 1239 1514 1304 αὐτὸς,
1544 1217 1624 1305 είς
1645 1244 1706 1297 τὸ
1734 1217 1835 1317 vi];

248 1308 666 1407 ἀρχιερωσύνης
708 1318 967 1390 ἀξίωμα;
1014 1322 1175 1378 ποίαν
1228 1329 1310 1391 είς
1345 1329 1501 1385 τοῦτο
1545 1308 1832 1407 δεχόμενος

390 1404 668 1499 ἐπίδοσιη
702 1410 764 1463 Εί
800 1412 900 1481 μὲν
953 1410 1048 1468 οὖν
1092 1416 1191 1485 τὴν
1241 1418 1524 1488 σώματος,
1561 1401 1830 1499 ἐρησομαι

1945 618 2175 674 sumque
2219 606 2286 659 ad
2340 605 2482 660 servi
2535 605 2788 663 formam.
2836 609 2950 664 Non
3010 611 3176 681 igitur
3227 617 3519 683 profecisse

1944 695 2196 761 dicimus,
2255 704 2309 753 et
2365 698 2433 751 ad
2479 697 2797 764 dignitatem
2850 703 3162 770 pervenisse
3213 706 3385 775 ipsum
3427 711 3514 765 Dei

1950 788 2201 853 Verbum,
2233 806 2354 845 cum
2385 789 2627 860 pontifex
2665 804 2849 847 noster
2878 804 2963 848 est
2990 794 3185 862 factus,
3220 800 3312 852 sed
3338 801 3516 868 potius

1941 880 2104 937 etiam
2139 896 2203 935 ex
2233 881 2333 936 hac
2374 891 2528 950 parte
2561 882 2630 937 ad
2659 885 3089 940 exinanitionem
3133 887 3512 943 descendisse:

1939 973 2163 1043 alioqui,
2214 976 2485 1043 quomodo
2518 976 2829 1031 exinanitae
2861 987 2917 1031 et
2949 978 3266 1033 humiliatus
3295 979 3513 1047 dicitur,

1920 1080 2061 1131 ,cum
2093 1074 2240 1120 esset
2292 1065 2650 1121 immutabilis
2678 1074 2731 1120 et
2764 1067 2817 1119 in
2854 1065 3026 1120 forma
3056 1068 3172 1134 Dei,
3209 1078 3263 1122 et
3293 1071 3514 1139 aequali-

1939 1165 2102 1211 tatem
2125 1158 2379 1211 omnibus
2410 1157 2465 1211 in
2503 1157 2662 1211 rebus
2681 1172 2802 1212 eum
2833 1174 2930 1213 suo
2955 1158 3212 1215 Genitore
3235 1160 3514 1215 servaret?

1930 1249 2219 1316 quomodo.
2238 1248 2400 1302 etiam
2445 1248 2700 1316 paulatim
2730 1248 2981 1318 profecit,
3004 1250 3186 1319 idque,
3226 1260 3285 1305 ut
3319 1261 3373 1305 ttt
3406 1253 3507 1317 ais,

1935 1338 2002 1391 ad
2030 1340 2319 1394 sacerdotii
2351 1338 2667 1409 dignitatem
2700 1341 2723 1394 ?
2750 1342 2909 1410 quale
2934 1344 2998 1396 ad
3025 1358 3143 1396 eant
3176 1356 3289 1397 rem
3330 1344 3510 1399 incre-

1935 1440 2179 1485 ntentunt
2210 1436 2417 1499 accepit
2449 1432 2470 1485 ?
2502 1432 2637 1486 Nam
2677 1437 2719 1488 si
2766 1436 3011 1503 corporis
3069 1437 3242 1503 dicas,
3306 1438 3507 1507 rogabo

245 1493 449 1601 πάλιν,
472 1491 622 1601 Ἀρα
648 1499 756 1573 γὰρ
871 1504 1120 1577 σώματος
1142 1509 1370 1582 αὔξησις
1417 1516 1555 1586 πρὸς
1731 1491 1808 1593 τῆς

1932 1535 2174 1576 rursus:
2222 1522 2359 1576 Nunt
2398 1526 2645 1593 corporis
2696 1537 3045 1594 augmentum
3100 1530 3165 1582 ad
3214 1530 3505 1584 sacerdotil

246 1584 554 1690 ἱερωσύνης
575 1590 904 1690 ’ἀνακομίζει
921 1596 1111 1665 δόξαν;
1149 1601 1358 1655 Οὐκοῦν
1392 1584 1530 1660 ἔστω
1555 1608 1614 1663 τὸ
1638 1584 1808 1682 χρῆμι

1929 1616 2155 1685 gloriam
2192 1618 2436 1685 perducit
2468 1617 2490 1669 ?
2525 1618 2665 1687 Ergo
2705 1621 3013 1674 communis
3047 1621 3119 1673 sit
3150 1637 3212 1675 ea
3249 1621 3502 1690 dignitas,

244 1676 433 1730 κοινόν
454 1696 466 1708 ·
502 1680 598 1734 καὶ
631 1683 661 1735 6
693 1683 784 1747 σὸς
824 1687 1004 1741 οὑτοσὶ
1029 1690 1167 1743 κατὰ
1197 1695 1395 1759 παντὸς
1423 1696 1520 1751 ἴτω
1553 1676 1707 1768 λόγος
1729 1676 1808 1757 τοι

1927 1718 1981 1760 et
2009 1707 2121 1761 lucc
2152 1719 2242 1760 tua
2298 1709 2441 1763 ratio
2491 1724 2586 1776 per
2631 1716 2833 1762 omnes
2862 1720 2949 1762 eat
3013 1710 3105 1778 qui
3151 1711 3506 1780 corporaliter

240 1770 653 1873 προκόπτοντος
716 1778 1075 1846 σωματικῶς·
1129 1782 1265 1837 ἀλλὰ
1328 1786 1434 1857 μὴν
1487 1789 1588 1860 οὐχ
1648 1792 1808 1848 διπασι

1928 1812 2217 1868 augentur,
2275 1800 2426 1869 atqui
2487 1815 2593 1853 non
2648 1800 2901 1854 omnibus
2945 1801 3035 1869 qui
3070 1802 3136 1855 ad
3197 1803 3502 1858 auctionem

239 1860 482 1966 τοῖςείς.
519 1860 880 1966 αὔξησινῃτὴν
921 1872 1236 1943 σωματικὴν
1281 1875 1575 1950 ἀναφοιτᾷν
1606 1882 1808 1940 είωθόσ·

1925 1888 2263 1958 corporalem
2299 1891 2587 1958 pervenire
2609 1891 2804 1955 solent,
2840 1894 3142 1947 sacerdotio
3182 1893 3330 1965 fungi
3374 1911 3503 1951 con-

239 1946 304 2055 :6
360 1950 609 2021 ἱερᾶσθαι
664 1953 903 2023 πρέπει·
941 1957 1061 2022 πῶς
1095 1955 1188 2014 οὖν
1250 1963 1383 2032 ἡμῖν
1429 1946 1808 2037 είςνόιπόδειξιιΙ

1927 1980 2075 2035 venit
2104 1998 2121 2035 :
2148 1983 2421 2050 quomodo
2455 1981 2619 2052 igitur
2654 1983 2717 2036 ad
2754 1983 2842 2038 illa
2886 2000 3007 2055 quae
3063 1985 3244 2040 dixisti
3275 1946 3505 2043 daemon-

234 2041 317 2144 ῶν
370 2041 508 2144 ἔφης
546 2046 869 2144 παρατιθεὶς
918 2051 1021 2103 οὐκ
1057 2052 1348 2126 ἐρυθριᾷς,
1389 2058 1452 2111 τὸ
1503 2059 1592 2114 διὰ
1636 2063 1808 2132 φωνῆς

1922 2072 2171 2139 stranda,
2197 2088 2261 2126 ea
2296 2074 2493 2127 aiferre
2517 2089 2622 2127 non
2641 2076 2918 2131 erubescis
2974 2091 3092 2144 quae
3136 2076 3317 2131 verbis
3355 2078 3498 2132 beati

231 2131 534 2223 εἰρημένον
565 2134 659 2188 τοῦ
703 2136 992 2193 θεσπεσίου
1024 2142 1210 2197 Λουκᾶ
1234 2161 1247 2174 ·
1302 2163 1321 2197 t
1362 2148 1567 2218 Ἰησοῦς
1604 2151 1660 2205 δὲ
1689 2131 1820 2223 προ-

227 2220 473 2317 ἔκοπτεν
498 2225 678 2317 ἡλικίᾳ
702 2228 799 2281 καὶ
829 2231 992 2303 σοφίᾳ
1012 2234 1105 2288 καὶ
1126 2237 1311 2307 χάριτι
1333 2256 1347 2305 ;
1380 2257 1398 2290 ι
1434 2241 1572 2295 Ἀλλ’
1601 2242 1677 2308 ὡς

380 2315 576 2385 σοφίαν
606 2318 713 2388 φὴς
744 2322 999 2388 γενέσθαι
1040 2326 1138 2397 τὴν
1170 2329 1439 2385 ἐπίδοσιν·
1472 2335 1650 2391 καίτοι

425 2406 528 2459 οὐκ
574 2407 824 2475 ἀμαθές;
875 2411 1329 2489 Πεπιστεύκαμεν
1373 2421 1481 2492 γὰρ
1528 2424 1592 2478 ὲκ
1624 2402 1816 2497 νηδύος

223 2496 406 2566 αὐτῆς
454 2498 549 2551 καὶ
598 2502 812 2570 μήτρας
854 2503 951 2575 τῆς
997 2507 1331 2583 παρθενικῆς
1378 2513 1507 2568 Θεὸν
1539 2496 1685 2573 ὄντα
1722 2521 1812 2575 τὸν

235 2586 613 2660 Ἐμμανουήλ,
652 2592 939 2663 ἄνθρωπον
980 2586 1282 2668 προελθεῖν,
1320 2605 1500 2678 πλήρη
1527 2626 1627 2661 που
1676 2612 1812 2666 πάν-

214 2694 334 2741 τως
363 2681 555 2750 σοφίας
587 2686 681 2738 καὶ
714 2686 937 2757 χάριτος
975 2689 1073 2760 τῆς
1107 2694 1335 2765 ἐνούσης
1367 2698 1515 2769 αὐτῷ
1544 2705 1806 2770 φυσικῶς.

214 2774 394 2827 Ποίαν
419 2770 514 2829 οὖν
532 2776 838 2842 ὲπιδέξαιτο
857 2780 957 2852 τὴν
979 2783 1221 2841 ἐπίδοσιν
1246 2788 1274 2839 6
1299 2789 1358 2840 ὲν
1383 2783 1426 2857 ᾧ
1451 2792 1650 2858 πάντες
1673 2799 1809 2851 είσὶν

210 2865 267 2920 οξ
310 2866 580 2939 θησαυροὶ
624 2870 726 2939 τῆς
756 2871 966 2941 σοφίας,
996 2876 1024 2927 6
1049 2876 1150 2946 τῆς
1189 2876 1397 2933 ἄνωθεν
1426 2884 1646 2954 χάριτος
1680 2905 1809 2944 συν-

208 2957 390 3030 δοτὴρ
421 2958 500 3030 τῷ
540 2960 659 3031 Θεῷ
697 2964 791 3016 καὶ
820 2964 995 3036 Πατρί
1013 2984 1028 3031 ;
1060 2966 1187 3031 Πῶς
1214 2965 1305 3023 οὖν
1329 2973 1437 3043 ἄρα
1477 2978 1807 3045 προκόπτειν

1922 2160 2086 2216 Lucae
2116 2163 2259 2216 dicta
2286 2173 2411 2217 sunt
2442 2180 2455 2216 :
2491 2180 2510 2212 ι
2549 2160 2708 2217 .Iesus
2753 2173 2931 2217 autem
2982 2164 3297 2233 proficiebat
3341 2175 3501 2220 :etate

1919 2263 1972 2308 et
2029 2254 2293 2323 sapientia
2349 2262 2403 2307 et
2457 2255 2631 2321 gratia
2660 2255 2705 2286 ”
2734 2255 2755 2308 ?
2786 2274 2803 2306 ι
2840 2254 2910 2308 At
2936 2256 3081 2308 enim
3131 2256 3183 2309 in
3233 2257 3498 2326 sapientia

1917 2341 2123 2396 factum
2145 2359 2267 2398 esse
2309 2343 2709 2398 incrementum
2741 2346 2877 2400 dicis
2911 2365 2924 2400 :
2970 2346 3185 2399 tametsi
3230 2348 3499 2415 quomodo

1915 2436 2025 2506 87
2049 2437 2097 2489 id
2130 2451 2233 2490 non
2255 2436 2475 2490 stultum
2501 2437 2609 2490 sit?
2627 2438 2901 2492 credimus
2919 2438 3065 2494 enim
3089 2453 3154 2491 ex
3177 2439 3291 2507 ipso
3310 2448 3499 2493 ventre

1915 2539 2079 2597 atque
2122 2539 2276 2581 utero
2313 2527 2575 2597 virgineo,
2615 2527 2789 2605 ipsum
2816 2527 3155 2592 Emmanuel,
3199 2544 3321 2584 cum
3356 2528 3498 2584 Deus

1913 2628 2077 2681 esset,
2111 2618 2384 2672 hominem
2424 2618 2710 2686 prodiisse,
2746 2618 2962 2687 plenum
2998 2620 3183 2688 procul
3214 2620 3376 2676 dubio
3409 2634 3499 2674 sa-

1912 2706 2114 2777 pientia
2147 2717 2199 2760 et
2227 2707 2402 2778 gratia
2436 2706 2662 2776 ιιιιαξ-ἰιιί
2708 2708 3028 2764 naturaliter
3072 2710 3266 2764 inerat.
3318 2710 3497 2777 Quod-

1912 2815 2036 2853 nam
2079 2800 2242 2869 igitur
2272 2800 2315 2853 is
2348 2799 2739 2853 incrementqu
2770 2800 3090 2869 susciperet,
3128 2802 3180 2854 in
3220 2816 3327 2871 quo
3372 2810 3496 2856 sunt

1908 2907 2096 2946 eomes
2128 2891 2362 2945 thesauri
2398 2892 2678 2959 sapientiae
2702 2893 2774 2955 ⁹⁰,
2801 2894 2892 2961 qui
2932 2908 3179 2961 supernae
3204 2892 3391 2962 gratiae
3418 2895 3493 2946 si-

1909 2982 2016 3038 mul
2050 2997 2169 3035 cum
2202 2981 2312 3035 Deo
2344 2991 2399 3035 et
2435 2979 2597 3036 Patre
2622 2980 2853 3051 largitor
2881 2979 3307 3044 est?0ttomodo
3332 2981 3495 3045 igitur

208 3050 441 3122 εἴρηται
465 3069 480 3118 ;
510 3054 983 3145 ξυμμετροῦντος,
1007 3058 1083 3125 ὥς
1114 3078 1178 3129 γε
1206 3058 1380 3133 οἶμαι,
1420 3066 1512 3120 τοῦ
1546 3069 1683 3124 Θεοῦ
1704 3073 1805 3129 Λό-

1910 3072 2169 3143 proficere
2218 3073 2397 3129 dictus
2428 3074 2550 3129 est?
2599 3072 2669 3128 Ut
2715 3088 2815 3145 ego
2867 3074 3121 3139 arbitror,
3170 3073 3294 3141 quia
3354 3072 3495 3126 Deus

208 3160 341 3211 γου,
377 3147 444 3215 τῇ
473 3143 567 3198 τοῦ
619 3145 751 3200 ἰδίου
784 3147 1039 3219 σώματος
1068 3153 1207 3227 αὔξῃ
1235 3173 1295 3209 τε
1334 3160 1429 3213 καὶ
1465 3160 1670 3234 ἡλικίᾳ,
1693 3167 1803 3220 τῶν

1910 3162 2174 3227 Verbum,
2211 3179 2310 3233 pro
2338 3165 2677 3217 incremento
2702 3143 2939 3217 et'aetate
2963 3162 3327 3230 suicorporis,
3357 3161 3495 3214 divi-

206 3235 452 3290 ἐνόντων
475 3236 625 3307 αὐτῷ
647 3238 1130 3312 θεοπρεπεστάτων
1155 3224 1373 3317 ἀγαθῶν
1398 3224 1497 3325 τὴν
1518 3224 1796 3325 ἔκφανσιν.

1910 3270 2096 3309 norum
2140 3254 2352 3309 illorum
2391 3255 2655 3309 bonorum
2701 3268 2820 3323 quae
2853 3255 2953 3309 sibi
2983 3255 3216 3318 inerant,
3260 3252 3491 3308 manife-

222 3326 537 3396 Ἐννοιῖιμεν
583 3327 690 3398 γὰρ
715 3330 816 3393 ὅτι,
863 3334 1041 3388 καίτοι
1092 3339 1212 3391 καθ’
1256 3342 1401 3411 ἡμᾶς
1440 3347 1677 3414 γεγονὼς
1704 3350 1801 3403 ἄν-

205 3418 461 3489 θρωπος,
505 3420 789 3476 λανθάνειν
834 3425 1165 3493 ἐσπούδαζεν
1209 3433 1268 3485 ἐν
1299 3435 1498 3504 ἀρχαῖς
1519 3478 1533 3499 ,
1567 3440 1661 3493 καὶ
1688 3437 1801 3496 οἷον

210 3508 467 3579 ἀψοφητὶ
511 3512 607 3565 καὶ
635 3515 1015 3587 σεσιγημένως
1044 3520 1140 3591 τὴν
1176 3522 1269 3577 τοῦ
1301 3528 1601 3597 μυστηρίου
1638 3531 1798 3586 δύνα-

209 3620 311 3671 μιν
354 3602 500 3657 κατὰ
541 3604 714 3675 βραχὺ
759 3607 1162 3679 διοικούμενος·
1195 3615 1289 3667 καὶ
1333 3617 1469 3687 πρός
1524 3636 1587 3687 γε
1643 3624 1799 3678 τοῦτο

204 3695 366 3763 ἡμᾶς
415 3694 574 3759 αὐτὸς
621 3698 650 3748 6
679 3698 811 3763 Θεὸς
846 3703 940 3754 καὶ
972 3703 1161 3775 Πατὴρ
1219 3708 1551 3765 πιστώσεται
1584 3712 1757 3781 λέγων
1781 3734 1797 3748 ·

209 3804 229 3838 ι
282 3785 494 3838 Ἰακὼϐ
524 3788 551 3839 ὁ
592 3792 719 3853 παῖς
762 3809 886 3861 μου,
927 3794 1290 3866 ἀντιλήψομαι
1337 3801 1538 3855 αὑτοῦ⁹
1586 3805 1801 3877 Ἰσραὴλ

197 3883 228 3934 6
278 3882 545 3945 ἐκλεκτός
592 3901 715 3953 μου,
774 3888 1136 3957 προσεδέξατο
1182 3893 1345 3947 αὐτὸν
1396 3897 1429 3966 ἡ
1475 3896 1619 3969 ψυχή
1658 3918 1794 3970 μου·

199 3974 392 4026 ἔδωκα
426 3975 488 4027 τὸ
508 3976 726 4046 πνεῦμά
766 3996 867 4047 μου
888 3980 975 4032 ἐπ’
1009 3982 1204 4034 αὐτόν·
1239 3985 1420 4054 κρίσιν
1450 3991 1561 4053 τοῖς
1592 3991 1797 4047 ἔθνεσιν

196 4062 440 4127 ἐξοίσει·
466 4064 527 4116 οὐ
573 4066 923 4136 κεκράξεται,
958 4070 1077 4122 οὐδὲ
1111 4072 1336 4138 ἀνοίσει,
1368 4077 1487 4130 οὐδὲ
1523 4080 1797 4154 ἀκουσθή-

198 4157 427 4222 σεταιή
473 4155 625 4226 φωνὴ
673 4158 837 4212 αὑτοῦ
878 4157 1014 4224 ἔξω·
1047 4163 1292 4233 κάλαμον
1337 4169 1801 4241 συντεθλασμένον

193 4243 259 4296 οὐ
288 4244 611 4314 συντρίψει·
643 4248 736 4301 καὶ
770 4248 914 4302 λίνον
938 4252 1242 4322 τυφόμενον
1287 4256 1347 4308 οὐ
1375 4258 1576 4329 σϐέσει.
1612 4280 1632 4313 ι
1671 4264 1798 4318 Ἐπ-

193 4335 373 4403 ετίμα
403 4336 460 4388 δέ
497 4354 599 4391 που
638 4340 732 4393 καὶ
776 4342 959 4406 αὐτοῖς
1002 4347 1113 4408 τοῖς
1145 4346 1323 4414 ἁγίοις
1342 4350 1680 4419 ἀποστόλοις,
1711 4358 1797 4412 ἴνα

196 4429 277 4497 μὴ
316 4429 561 4498 φανερὸν
590 4430 752 4483 αὑτὸν
788 4433 1036 4491 ποιῶσιν.
1071 4437 1281 4490 Οὐκοῦν
1308 4440 1522 4513 ἐδείχθη
1564 4445 1629 4500 ἂν
1656 4448 1796 4503 ἄπα.

192 4519 490 4623 σινῆἆηθές
516 4538 573 4623 τε
600 4523 791 4623 χρῆμα
822 4525 916 4578 καὶ
946 4525 1116 4591 ξένον,
1145 4532 1239 4583 καὶ
1266 4537 1587 4604 περιεργίας
1622 4540 1791 4607 ἄξιον,
1828 4570 1871 4623 D

188 4612 241 4665 εξ
272 4610 489 4680 βρέφος
518 4612 593 4665 ὣν
627 4614 729 4677 ἔτι,
766 4615 1045 4688 θεοπρεπῆ
1076 4620 1175 4690 τῆς
1214 4625 1404 4692 σοφίας
1439 4627 1674 4683 ἐποιεῖτο
1694 4633 1793 4704 τὴν

189 4704 430 4768 ἔνδειξιν
450 4723 463 4734 ·
499 4706 641 4760 κατὰ
670 4708 843 4777 βραχὺ
869 4711 925 4764 δὲ
958 4715 1053 4764 καὶ
1080 4714 1358 4783 ἀναλόγως
1382 4721 1447 4790 τῇ
1479 4721 1574 4774 τοῦ
1606 4721 1793 4793 σώμα-

188 4810 282 4856 τος
330 4794 532 4866 ἡλικίᾳ
581 4798 932 4869 κατευρύνων
986 4802 1179 4872 αὐτὴν,
1240 4806 1454 4879 ἐμφανῆ
1507 4828 1568 4862 τε
1618 4810 1789 4867 ᾶπασι

187 4882 502 4949 καθιστῶν,
528 4887 860 4955 προκόπτειν
893 4889 959 4942 ἂν
978 4890 1208 4959 λέγοιτο.
1238 4897 1332 4949 καὶ
1362 4898 1509 4967 μάλα
1540 4902 1785 4967 είκότως.

186 4973 317 5037 Πῶς
348 4970 449 5027 οὖν
477 4976 585 5046 ἄρα
620 4978 763 5031 κατὰ
794 4982 988 5052 μικρὸν
1020 4985 1324 5056 προέκοψεν
1352 4990 1432 5051 εἰς
1463 4994 1782 5066 ἱερωσύνην,

184 5069 331 5119 κατὰ
369 5066 597 5138 ἀρετὴν,
633 5072 757 5124 είπέ
802 5089 914 5142 μοι,
952 5075 1371 5148 τελειούμενος;
1417 5078 1536 5137 εἶτα
1582 5086 1699 5150 πῶς
1723 5087 1789 5141 ἂν

184 5154 219 5223 ἦ
253 5157 428 5209 πόθεν
448 5158 744 5215 ἰνδοιάσειέ
768 5180 873 5228 τις,
899 5166 980 5220 ὅτι
1006 5167 1065 5220 τὸ
1092 5169 1429 5242 ἡμαρτηκὸς,
1457 5176 1551 5227 τοῦ
1572 5176 1791 5242 τελείως

186 5244 415 5314 ἔχοντος
448 5251 589 5304 κατὰ
620 5254 842 5325 ἀρετὴν,
876 5256 981 5310 ὑπὸ
1029 5258 1219 5329 μῶμον
1246 5261 1420 5328 ἔσται,
1453 5268 1547 5320 καὶ
1574 5268 1676 5322 οὐκ
1708 5272 1789 5333 είς

185 5336 338 5389 ἅπαν
386 5340 840 5412 τεθαυμασμένον
863 5387 878 5411 ,
913 5349 1113 5417 μᾶλλον
1138 5351 1194 5405 δὲ
1233 5353 1372 5424 τάχα
1409 5375 1510 5411 που
1551 5361 1646 5412 καὶ
1684 5363 1790 5415 ὑπὸ

184 5430 415 5499 γραφὴν
469 5432 783 5503 ἁμαρτίας
832 5438 991 5494 Ἀλλά
1051 5443 1161 5513 μὴν
1206 5445 1428 5517 ἀληθὲς,
1472 5449 1549 5515 ὡς
1581 5452 1644 5504 οὐ
1684 5468 1781 5505 πε-

186 5519 422 5590 ποίηκεν
461 5524 762 5593 ἁμαρτίαν,
791 5529 910 5583 οὐδὲ
951 5532 1145 5597 εὑρέθη
1171 5534 1319 5601 δόλος
1357 5539 1418 5591 ἐν
1451 5541 1520 5610 τῷ
1553 5541 1779 5613 στόματι

185 5783 249 5837 30

1901 3347 2189 3401 stationem
2248 3347 2700 3401 admetiebantur.
2751 3346 3171 3401 Consideremus
3223 3345 3367 3399 enim
3427 3345 3493 3399 il-

1901 3436 2037 3501 lum,
2077 3437 2327 3506 utramvis
2359 3438 2521 3492 homo
2539 3437 2652 3506 jam
2685 3438 2853 3491 nostri
2886 3437 3083 3490 similis
3124 3435 3297 3490 factus
3326 3446 3490 3489 esset.

1902 3526 2057 3586 initio
2114 3528 2282 3583 latere
2339 3529 2649 3591 studuisse,
2715 3529 2879 3583 veluti
2952 3529 3068 3584 sine
3133 3530 3362 3598 strepitu
3426 3542 3491 3581 ac

1904 3619 2069 3673 tacite
2141 3618 2399 3687 paulatim
2462 3619 2707 3689 mysterii
2778 3619 2883 3672 vim
2953 3620 3388 3689 disponentem:
3437 3636 3491 3676 et

1901 3708 1969 3763 ad
2020 3708 2178 3776 hujus
2233 3708 2307 3763 rei
2358 3708 2519 3763 [idem
2574 3708 2713 3762 Deus
2764 3724 2827 3763 ac
2875 3708 3035 3765 Pater
3070 3709 3225 3763 nobis
3258 3710 3361 3762 erit
3408 3709 3491 3763 lo-

1903 3801 2085 3869 cuples
2116 3811 2307 3854 auctor
2352 3817 2472 3855 cunt
2508 3802 2639 3856 dicit
2672 3820 2686 3855 :
2726 3820 2743 3851 ι
2776 3800 2944 3856 Jacob
2999 3817 3133 3870 puer
3164 3818 3334 3863 meus,
3367 3818 3485 3856 sus-

1901 3892 2097 3961 cipiatn
2142 3906 2264 3945 eum
2314 3891 2545 3959 :glsrael
2588 3892 2793 3946 electus
2841 3909 3023 3958 meus,
3070 3895 3328 3961 suscipiet
3360 3909 3483 3947 eum

1900 3983 2078 4041 anima
2115 3997 2230 4035 mea
2257 3999 2270 4035 :
2295 3982 2417 4035 dedi
2451 3981 2698 4051 Spiritum
2724 3998 2902 4036 meum
2934 3998 3101 4050 super
3154 3998 3278 4035 eum
3308 3981 3484 4051 :judi-

1900 4075 2041 4131 cium
2084 4074 2339 4143 gentibus
2384 4074 2621 4144 proferet
2665 4090 2678 4127 :
2717 4089 2822 4128 non
2860 4075 3135 4137 clamabit,
3179 4090 3355 4142 neque
3386 4090 3484 4129 vo-

1900 4165 2232 4231 ciferabitur,
2264 4182 2435 4235 neque
2458 4167 2716 4221 audietur
2739 4180 2840 4219 vox
2867 4165 2981 4232 ejus
3008 4164 3139 4220 foris
3171 4184 3184 4219 :
3214 4165 3483 4219 calamum

1900 4267 2219 4325 quassatum
2271 4273 2375 4312 non
2428 4267 2699 4321 conteret,
2742 4266 2796 4310 et
2846 4257 3011 4310 linum
3063 4255 3331 4325 fumigans
3377 4273 3482 4311 non

1898 4348 2208 4416 exstinguet
2232 4347 2299 4401 ⁸⁸.
2337 4366 2357 4399 ι
2391 4348 2706 4416 lncrepabat
2734 4349 2896 4401 etiam
2932 4347 3079 4416 ipsos
3106 4358 3324 4402 sanctos
3355 4364 3483 4414 apu-

1898 4439 2086 4505 stolos,
2124 4454 2190 4494 ne
2214 4455 2336 4493 eum
2379 4440 2723 4495 manifestum
2766 4438 3026 4494 facerent.
3059 4439 3198 4508 Ergo
3228 4456 3360 4492 nova
3396 4456 3481 4494 res

1899 4540 1953 4584 et
1986 4530 2199 4584 insolita
2231 4537 2444 4584 ostensa
2478 4540 2641 4594 esset,
2673 4540 2727 4584 et
2759 4547 2879 4600 quae
2911 4532 3178 4585 curiosius
3214 4542 3354 4585 esset
3385 4550 3480 4584 rx-

1898 4622 2182 4690 quirenda,
2204 4622 2247 4676 si
2278 4621 2452 4677 adhuc
2476 4622 2651 4677 infans
2677 4626 2913 4678 divinam
2938 4626 3218 4694 sapientia:
3244 4626 3479 4694 speciem

1896 4714 2224 4768 ostendisset
2251 4715 2318 4769 θ’.
2350 4714 2455 4769 Sed
2482 4730 2606 4768 cum
2629 4715 2885 4783 paulatim
2916 4717 3058 4771 illam
3085 4728 3140 4772 et
3169 4733 3263 4787 pro
3286 4733 3480 4786 corpo-

1901 4820 2005 4859 νοω
2032 4806 2205 4859 aetatis
2230 4806 2439 4861 ratione
2472 4808 2851 4877 amplificaret,
2883 4809 3237 4877 omnibusque
3265 4809 3478 4876 perspi-

1896 4912 2052 4950 cuam
2106 4896 2343 4961 faceret,
2394 4901 2781 4954 convenienter
2832 4900 3123 4953 admodum
3181 4898 3478 4967 profecisse

1894 4990 1999 5043 dici
2049 4998 2247 5058 potest.
2287 4989 2566 5056 Quomodo
2619 4992 2787 5062 igitur
2833 4992 3093 5062 paulatim
3146 4995 3373 5061 profecit
3422 4996 3475 5049 in

1890 5080 2286 5146 sacerdotium,
2332 5082 2386 5135 in
2420 5083 2708 5149 virtutene,
2761 5098 2891 5154 rogo
2924 5092 2996 5149 te,
3030 5087 3480 5141 consummatus?

1890 5172 2030 5241 quod
2068 5173 2109 5227 si
2142 5182 2249 5237 est,
2283 5189 2387 5243 qua
2420 5175 2635 5228 ratione
2667 5172 2954 5244 quisquam
2983 5176 3243 5246 ambiget,
3280 5178 3421 5246 quod
3445 5192 3477 5230 a

1892 5261 2218 5330 perfectione
2269 5266 2487 5320 virtutis
2539 5267 2727 5333 abest,
2782 5267 2833 5321 id
2894 5280 3017 5322 esse
3065 5268 3470 5336 reprehensioni

1890 5355 2204 5421 obnoxium,
2254 5370 2429 5426 neque
2463 5373 2561 5425 per
2585 5359 2768 5412 omnia
2809 5359 3160 5426 laudandum,
3207 5360 3316 5415 iniu
3347 5376 3474 5416 vero

1889 5445 2053 5501 etiam
2081 5446 2317 5503 fortasse
2346 5450 2413 5503 de
2438 5451 2649 5519 peccati
2680 5453 2909 5507 crimine
2929 5452 3276 5523 culpandum.
3308 5453 3470 5522 Atqui

1888 5554 2076 5594 verum
2108 5550 2192 5597 est
2223 5558 2329 5595 non
2376 5542 2570 5599 fecisse
2614 5554 2917 5612 peccatum,
2970 5561 3144 5613 neque
3194 5547 3469 5599 inventuiri

255 5715 299 5733 “
348 5714 480 5771 Luc.
526 5734 588 5786 tt,
626 5720 715 5776 52.
792 5726 835 5755 ⁹⁰
878 5726 1083 5782 Coluss.
1122 5746 1179 5793 tt,
1218 5732 1266 5788 5,
1351 5735 1395 5764 ⁹¹
1437 5734 1541 5790 lsa.
1583 5752 1714 5801 XLII,
1750 5738 1878 5802 1-3;
1919 5736 2111 5794 Matth.
2144 5756 2244 5807 xu,
2286 5743 2470 5798 18-20.
2552 5746 2596 5775 “
2637 5744 2821 5799 Matth.
2862 5761 2970 5805 xvi,
3010 5746 3114 5811 ‘2‘;
3153 5747 3317 5800 Marc.
3350 5765 3466 5816 \‘ltl,
