4024 6464
658 367 761 422 155

1671 380 1729 434 S.
1772 380 2047 436 CYRILIJ
2089 383 2556 443 ALEXANDRINI
2595 390 2915 447 ARCHIEP.

3855 388 3964 445 {56

654 486 823 542 fuisse
852 487 1031 543 dolum
1058 490 1112 545 in
1139 505 1234 547 ore
1259 494 1394 561 ejus,
1426 504 1485 550 ut
1526 497 1785 568 scriptum
1815 510 1899 557 est
1934 502 1999 555 ’⁸.
2039 502 2228 558 Perfe-

2332 508 2517 572 αὑτοῦ,
2562 510 2703 563 καθὰ
2751 511 3078 582 γέγραπται.
3132 515 3453 579 Παντέ).ειος
3492 510 3587 569 οὖν
3640 516 3672 567 6
3722 507 3961 564 τοιόσδε

653 578 930 632 ctissimus
970 595 1099 650 ergo
1145 594 1264 638 erat
1306 588 1451 641 omni
1506 603 1570 643 ex
1607 599 1761 658 parte
1805 591 2071 660 ejusmodi
2122 594 2225 659 vir,

655 687 829 739 neque
858 673 963 728 ullo
990 676 1153 731 modo
1184 680 1473 749 quidquam
1506 681 1579 736 illi
1611 685 1798 739 deerat
1835 687 1901 741 ad
1928 687 2228 743 absolutam

655 762 1057 834 perfectamque
1095 768 1368 826 virtutem.
1418 772 1647 840 Quando
1688 786 1868 833 autem
1910 779 2009 834 fuit
2054 781 2230 838 minus

657 853 708 905 in
753 855 951 910 virtute
982 857 1273 926 perfectus,
1302 864 1395 933 qui
1423 865 1586 920 etiam
1623 868 1674 921 in
1708 879 1861 925 utero
1900 873 2042 927 Deus
2071 874 2231 929 erat?

655 945 719 997 de
745 962 852 1013 quo
881 949 1041 1002 etiam
1088 954 1347 1020 propheta
1394 956 1525 1012 dicit
1563 959 1728 1015 Isaias
1765 980 1778 1014 :
1815 981 1833 1014 ι
1868 962 2124 1036 Butyrum
2174 973 2229 1020 et

654 1036 758 1089 mel
788 1040 1068 1096 comedet:
1105 1053 1392 1114 antequam
1423 1048 1559 1103 sciat
1586 1051 1667 1104 vel
1690 1052 1851 1123 eligat
1878 1056 2039 1118 mala,
2071 1056 2231 1126 eliget

652 1126 962 1186 bonum”:
1001 1150 1022 1184 ι
1062 1136 1182 1202 quia
1219 1140 1506 1207 antequam
1569 1144 1703 1197 sciat
1737 1160 1870 1214 puer
1903 1148 2099 1202 bonum
2137 1158 2229 1204 aut

652 1222 875 1289 malum,
914 1229 1235 1294 repugnabit
1300 1232 1653 1301 improbitati.
1692 1248 1753 1293 ut
1798 1240 1963 1309 eligat
1999 1242 2224 1296 bonum.

653 1311 929 1367 Undenam
952 1315 1115 1381 igitur
1140 1319 1231 1373 tibi
1262 1325 1499 1392 suppetit
1526 1328 1740 1384 virtutis
1770 1330 2228 1402 imperfectionem

650 1400 704 1453 in
733 1402 947 1457 Christo
969 1406 1087 1476 88
1113 1408 1524 1468 demonstrare?
1547 1431 1721 1484 quave
1746 1420 1832 1476 ille
1848 1400 2230 1494 progressione

652 1493 875 1561 indiget,
911 1499 999 1563 qui
1028 1500 1162 1553 adeo
1192 1514 1276 1555 est
1307 1504 1612 1573 absolutus,
1643 1519 1701 1564 ut
1733 1493 1999 1570 universa:
2029 1516 2231 1585 impro-

651 1580 803 1635 hitati
860 1597 1139 1655 repugnet,
1196 1591 1554 1663 praeferatqne
1597 1598 1698 1665 illi,
1750 1602 1857 1657 imo
1901 1620 2029 1660 vero
2061 1608 2227 1662 solam

651 1671 813 1742 eligat
844 1676 1135 1732 virtutem?
1168 1679 1271 1735 Sed
1314 1685 1500 1739 nescio
1528 1702 1631 1755 qua
1676 1691 1883 1746 ratione
1912 1696 2003 1764 qui
2037 1701 2229 1751 asserit

650 1778 715 1817 ac
747 1766 921 1821 dicit:
959 1770 1057 1821 llic
1086 1773 1175 1838 qni
1224 1773 1482 1842 paulatim
1527 1779 1754 1846 profecit
1794 1785 1861 1837 ad
1895 1787 2089 1839 summi
2134 1802 2223 1841 sa-

2332 599 2467 669 πρὸς
2503 602 2609 653 πᾶν
2639 601 2834 665 ὁτιοῦν,
2870 604 2962 655 καὶ
3000 606 3122 657 κατ’
3174 605 3365 658 οὐδένα
3387 606 3589 676 τρόπον
3617 603 3691 658 ἂν
3723 604 3864 671 ἔχοι
3898 599 3962 649 τὸ

2331 691 2509 754 ἐνδεὲς
2549 691 2643 745 τοῦ
2680 694 2879 763 ἀρτίως
2919 694 3134 763 ἔχοντος
3179 697 3259 758 είς
3304 696 3651 768 κατόρθωσιν
3698 691 3954 762 ἀρετῆς.

2334 779 2467 831 Πότε
2497 779 2550 832 δὲ
2576 775 2643 851 ἦν
2676 782 2736 833 οὐ
2777 781 2978 845 τέλειος
3020 785 3099 845 είς
3126 782 3185 836 τὸ
3222 784 3424 851 ἀγαθὸν
3451 786 3480 836 6
3504 784 3599 837 καὶ
3636 785 3700 835 ὲν
3742 783 3955 852 μήτρᾳ

2330 870 2483 934 Θεὸς,
2510 872 2638 941 περὶ
2662 864 2722 925 οὗ
2748 873 2841 926 καὶ
2862 875 2890 926 6
2916 876 3201 945 προφήτης
3231 875 3396 944 φησὶν
3433 875 3670 937 Ἡσαΐας
3696 891 3710 903 ·
3745 894 3767 925 ι
3808 871 3953 925 Βού-

2331 979 2492 1029 τυρον
2528 964 2620 1016 καὶ
2652 964 2772 1033 μέλι
2803 965 3057 1033 φάγεται’
3090 965 3254 1037 πρινὴ
3276 966 3477 1034 γνῶναι
3508 966 3682 1020 αὑτὸν
3718 965 3755 1035 ἢ
3802 980 3953 1032 προ-

2330 1053 2546 1107 ελέσθαι
2597 1056 2828 1125 πονηρὰ,
2868 1054 3145 1122 ὲκλέξεται
3186 1056 3246 1110 τὸ
3274 1056 3508 1125 ἀγαθόν;
3541 1075 3558 1108 ι
3580 1057 3730 1109 διότι
3758 1052 3951 1124 πρινὴ

2329 1145 2533 1214 γνῶναι
2562 1147 2624 1199 τὸ
2662 1146 2870 1199 παιδίον
2914 1147 3135 1215 ἀγαθὸν,
3173 1148 3205 1217 ἢ
3238 1148 3429 1211 κακὸν,
3481 1147 3713 1201 ἀπειθεῖ
3754 1163 3951 1214 mw;-

2333 1237 2455 1309 ρίᾳ,
2483 1237 2574 1291 τοῦ
2607 1237 2929 1303 ἐκλέξασθαι
2959 1238 3017 1292 τὸ
3046 1239 3271 1307 ἀγαθόν.
3311 1239 3422 1293 Ποῦ
3452 1240 3637 1293 τοίνυν
3677 1240 3750 1292 ἂν
3800 1238 3947 1309 ἔχῃς

2331 1327 2592 1394 ἐπιδεῖξαι
2635 1328 2870 1399 Χριστοῦ
2911 1330 2972 1382 τὸ
3012 1330 3202 1394 ἀτελὲς
3244 1330 3322 1384 ἔτι
3385 1332 3519 1401 πρὸς
3562 1331 3625 1383 τὸ
3668 1329 3943 1395 ἁγαθόνς

2328 1420 2362 1491 ἢ
2397 1421 2555 1482 ποίας
2593 1421 2658 1475 ἂν
2682 1420 2855 1473 δέοιτο
2894 1422 3196 1492 προκοπῆς,
3228 1424 3257 1475 6
3297 1422 3469 1484 οὕτως
3498 1422 3709 1491 ἀρτίως
3757 1420 3942 1488 ἔχωνς

2329 1511 2404 1573 ὡς
2435 1511 2618 1582 ἁπάσῃ
2651 1512 2749 1581 μὲν
2788 1511 3035 1565 ἀπειθεῖν
3073 1512 3330 1583 πονηρία,
3370 1513 3698 1582 προτάττειν
3729 1512 3802 1565 δὲ
3844 1512 3947 1563 αὑ-

2328 1601 2447 1671 τῆς,
2482 1601 2575 1654 καὶ
2621 1602 2729 1671 μὴν
2762 1603 2854 1655 καὶ
2883 1602 3041 1671 μόνον
3088 1603 3360 1672 αἱρεῖσθαι
3396 1603 3454 1655 τὸ
3486 1602 3729 1670 ἀγαθόν;
3786 1600 3945 1653 Ἀλλ’

2330 1692 2431 1744 οὐκ
2461 1687 2558 1744 οἷδ’
2585 1692 2731 1754 ὅπως
2756 1694 2783 1745 6
2812 1692 3286 1762 διαϐεϐαιούμενός
3305 1711 3363 1746 τε
3392 1694 3485 1746 καὶ
3510 1692 3715 1759 λέγων,
3746 1684 3942 1751 Οὗτος

2333 1784 2361 1835 6
2384 1782 2521 1835 κατά
2554 1782 2748 1853 μικρὸν
2795 1783 3074 1853 προκόψας
3103 1786 3182 1846 είς
3211 1784 3509 1856 ἀρχιερέως
3547 1783 3803 1853 ἀξίωμα,
3840 1782 3944 1833 καὶ

650 1856 875 1909 cerdotii
917 1859 1253 1929 dignitatem,
1295 1876 1349 1919 et
1397 1869 1461 1920 ad
1510 1884 1606 1923 sua
1657 1874 1817 1926 verba
1865 1877 2229 1930 confirmanda

2336 1844 2687 1942 παρενεγκὼν
2738 1875 2818 1937 είς
2842 1844 3135 1941 ’ἀπόδειξιν
3348 1844 3539 1928 ἑαυτοῦ
3579 1844 3795 1942 λόγων,
3847 1873 3935 1929 τὸ.

650 1948 873 2015 protulit
916 1950 1044 2004 illud
1086 1971 1099 2007 :
1140 1974 1157 2005 ι
1188 1954 1345 2011 Jesus
1379 1970 1557 2014 autem
1605 1962 1924 2030 proficiebat
1968 1976 2129 2021 (etate
2179 1981 2234 2023 et

649 2039 912 2107 sapientia
963 2051 1017 2094 et
1062 2046 1272 2112 gratia;
1310 2066 1329 2098 ι
1385 2052 1770 2118 propemodum
1821 2071 1915 2109 sna
1964 2058 2126 2112 verba
2175 2071 2232 2111 ut

651 2145 838 2197 parum
889 2133 1141 2187 decenter
1176 2137 1317 2191 dicta
1364 2143 1756 2209 condemnatis,
1803 2155 1856 2200 et
1883 2162 2068 2202 eorum
2096 2149 2232 2204 obli-

652 2231 738 2274 tus
760 2239 878 2290 qua:
905 2224 1039 2278 bene
1071 2227 1269 2282 habere
1295 2242 1599 2299 putaverat,
1634 2236 1986 2302 perfectionis
2014 2242 2230 2295 modum

649 2311 752 2364 alia
782 2314 989 2367 ratione
1020 2317 1323 2373 absolutum
1372 2320 1539 2377 fuisse
1578 2324 1829 2392 affirmat,
1861 2329 2050 2385 dicens
2078 2346 2093 2383 :
2134 2331 2233 2386 llic

652 2403 739 2457 ille
777 2407 1031 2474 temporis
1064 2423 1285 2464 accessu
1322 2410 1497 2466 factus
1542 2415 1806 2481 pontifex,
1847 2418 1935 2471 ille
1970 2435 2073 2488 per
2100 2436 2229 2490 pas-

651 2495 832 2549 siones
857 2511 1288 2556 consummatus.
1330 2502 1522 2585 Nonne
1555 2507 1655 2560 hoc
1694 2510 1964 2578 perspicui
1996 2513 2233 2580 stuporis

650 2595 763 2650 est;
798 2587 903 2638 imo
938 2603 1065 2642 vero
1092 2605 1315 2645 summa:
1344 2595 1594 2649 versutia:
1617 2596 1908 2652 indicium?
1945 2599 2073 2654 Nam
2100 2618 2231 2657 con-

651 2689 952 2732 summatus
975 2682 1293 2750 estquidem
1320 2702 1414 2753 per
1444 2687 1725 2755 passiones
1757 2690 2012 2745 Dominus
2045 2704 2232 2750 noster

650 2767 809 2823 Jesus
837 2771 1085 2825 Christus
1112 2793 1124 2828 :
1147 2777 1247 2829 iste
1281 2791 1427 2843 vero,
1464 2777 1817 2835 liretmodum
1847 2798 1950 2851 quo
1984 2795 2066 2839 est
2098 2801 2229 2840 con-

650 2871 950 2915 summatus
1016 2878 1120 2918 non
1175 2866 1405 2936 ignoret,
1460 2870 1846 2939 simpliciorum
1901 2877 2111 2931 animos
2163 2879 2229 2933 ad

652 2961 888 3005 remotos
933 2956 1190 3019 quosdam
1236 2960 1624 3029 cogitationum
1660 2963 1936 3020 anfractus
1985 2969 2224 3032 abducit.

650 3051 704 3095 et
733 3042 1024 3109 profecisse
1077 3048 1206 3101 dicit
1239 3050 1288 3102 in
1317 3054 1673 3119 sacerdotem,
1703 3069 1757 3109 et
1787 3058 1838 3109 in
1878 3059 1980 3113 hoc
2022 3062 2072 3114 in
2104 3078 2226 3115 cum

2340 1985 2361 2017 ‹
2392 1966 2597 2036 Ἰησοῦς
2625 1967 2681 2019 δὲ
2710 1968 3044 2037 προέκοπτεν
3071 1967 3254 2038 ἡλικίᾳ
3277 1968 3368 2020 καὶ
3386 1967 3547 2037 σοφίᾳ
3566 1965 3933 2035 καὶχάριτι,ι

2338 2060 2619 2129 μονονουχὶ
2668 2060 2776 2113 τῶν
2820 2061 3015 2114 ἑαυτοῦ
3060 2060 3234 2127 λόγων
3290 2058 3593 2129 καθορίζων
3634 2058 3701 2110 τὸ
3752 2059 3937 2127 ἀτερ-

2336 2152 2433 2214 πὲς
2451 2151 2555 2222 [ἴσ.
2581 2151 2866 2223 ἀπρεπὲς],
2888 2154 2982 2205 καὶ
3001 2146 3074 2205 ὧν
3091 2148 3149 2205 εὖ
3169 2152 3312 2222 ἔχειν
3330 2152 3625 2221 ὑπείληφεν
3643 2151 3727 2211 είς
3742 2148 3937 2217 λήθην

2333 2240 2668 2311 ὑπενεχθεὶς,
2696 2242 2786 2294 τὸν
2812 2242 2912 2311 τῆς
2954 2242 3284 2303 τελειώσεως
3318 2240 3515 2311 τρόπον
3554 2238 3760 2308 ἑτέρως
3790 2237 3937 2307 ἡμῖν

2334 2333 2647 2403 πεπρᾶχθαι
2692 2333 3078 2405 διισχυρίζεται
3121 2333 3295 2401 λέγων
3316 2348 3328 2361 ⁸
3367 2325 3533 2393 Οὗτος
3556 2330 3586 2383 6
3610 2328 3799 2399 χρόνῳ
3829 2343 3937 2395 γε·

2331 2422 2634 2491 γενημένος
2680 2423 2984 2493 ἀρχιερεὺς,
3014 2422 3151 2476 όδιά
3191 2420 3531 2490 παθημάτων
3575 2416 3931 2511 τελειωθείς.

2330 2509 2455 2583 Ἆρ’
2480 2515 2578 2567 οὐκ
2600 2514 2834 2584 ἐναργὴς
2851 2513 3162 2584 ἀποπληξίαι
3188 2514 3345 2567 τοῦτό
3369 2531 3429 2583 γε
3454 2531 3467 2577 ;
3500 2512 3703 2583 μᾶλλον
3727 2509 3794 2564 δὲ
3818 2511 3930 2579 οὐχ

2333 2606 2550 2677 ἀπάσης
2580 2605 2927 2676 ῥᾳδιουργίας
2955 2605 3204 2675 ἐλεγχος
3260 2603 3612 2657 Τετελείωται
3658 2604 3764 2674 μὲν
3811 2602 3935 2670 γὰρ

2330 2698 2417 2751 διὰ
2446 2698 2781 2768 παθημάτων
2820 2700 2847 2751 6
2894 2698 3095 2769 Κύριος
3142 2696 3298 2767 ἡμῶν
3338 2694 3544 2765 Ἰησοῦς
3580 2693 3865 2764 Χριστός*
3903 2692 3935 2743 6

2330 2789 2409 2852 δὲ,
2442 2790 2617 2842 καίτοι
2644 2790 2739 2842 τοῦ
2776 2788 3095 2842 τελειῶσθαι
3121 2786 3555 2859 [τετελειῶσθαι]
3586 2786 3680 2838 τὸν
3709 2784 3935 2856 τρόπον

2330 2882 2432 2935 οὐκ
2458 2880 2763 2950 ἡγνοηκὼς,
2785 2882 2876 2935 τὸν
2902 2880 3010 2934 τῶν
3033 2880 3414 2951 ἁπλουστέρων
3435 2876 3763 2948 ἀποκομίζει
3794 2875 3934 2930 νοῦν

2330 2976 2409 3036 είς
2435 2973 2697 3035 ὲκτόπους
2726 2973 2877 3036 τινὰς
2940 2971 3157 3024 ἐννοιῶν
3202 2969 3577 3041 περιαγωγὰς,
3630 2967 3731 3020 καὶ
3786 2983 3933 3037 προ-

2328 3064 2493 3134 κόψαι
2526 3065 2690 3134 φησιν
2710 3065 2788 3127 είς
2812 3064 3093 3135 ἀρχιερέα,
3115 3063 3209 3116 καὶ
3235 3061 3550 3115 τελειῶσθαι
3578 3060 3716 3131 προς
3733 3059 3929 3124 τοῦτο,

652 3146 1078 3191 consummatum
1128 3138 1315 3204 fuisse,
1358 3144 1501 3211 quod
1534 3162 1654 3199 cum
1690 3146 1863 3203 factus
1896 3163 1998 3212 est,
2032 3153 2228 3207 dicitur

2331 3155 2440 3217 τὸν,
2465 3156 2544 3208 ὃτι
2569 3155 2726 3208 τοῦτο
2749 3155 2962 3223 γέγονε,
2993 3154 3327 3209 κεκενῶσθαι
3362 3154 3670 3223 λεγόμενον.
3704 3152 3931 3219 ’Ὠσπερ

651 3228 977 3283 exinanitns.
1033 3231 1153 3286 1am
1217 3250 1344 3289 vero
1405 3247 1657 3306 tauquam
1715 3240 1847 3295 satis
1901 3244 2231 3297 ostendisset

652 3320 825 3389 ipsum
858 3321 949 3376 Dei
989 3323 1218 3379 Verbum
1252 3343 1425 3397 neque
1459 3345 1676 3385 carnem
1712 3333 1910 3388 factum
1946 3350 2087 3401 esse,
2126 3353 2224 3392 ne-

652 3426 759 3480 que
791 3413 1061 3469 hominem
1094 3432 1157 3469 ex
1198 3420 1420 3475 muliere
1444 3425 1728 3491 prodiisse,
1757 3441 1850 3480 eos
1885 3428 1975 3495 qui
2021 3430 2100 3484 sic
2144 3445 2234 3483 sa-

654 3505 807 3572 piunt
842 3505 1101 3573 increpat,
1132 3509 1314 3564 dicens
1341 3528 1357 3568 :
1393 3514 1529 3580 Quid
1553 3532 1682 3585 ergo
1717 3518 1975 3573 adversus
2004 3519 2229 3577 Paulum

654 3594 1052 3663 interpretaris,
1080 3601 1205 3655 dtnn
1244 3603 1572 3672 impassihile
1617 3610 1706 3665 Dei
1744 3611 1977 3665 Verbum
2016 3623 2231 3670 terreno

655 3686 930 3745 immisces
972 3695 1206 3760 corpori,
1251 3703 1304 3749 et
1336 3698 1648 3765 passibilem
1698 3704 2007 3770 pontificem
2057 3706 2232 3763 facis?

654 3779 792 3832 Audi
828 3780 992 3848 igitur
1020 3798 1049 3836 a
1083 3786 1257 3851 nobis,
1288 3790 1485 3857 quibus
1523 3791 1683 3845 etiam
1726 3796 1944 3848 charior
1976 3805 2058 3850 est
2086 3797 2229 3851 veri-

656 3882 779 3928 tas:
810 3889 908 3928 cur
948 3892 1198 3945 perverse
1244 3880 1461 3938 Paulum
1505 3886 1913 3963 interpretaris"
1950 3893 2057 3946 imo
2103 3909 2231 3949 vero

655 3968 933 4022 universas
964 3969 1195 4032 Litteras
1218 3989 1401 4029 sacras
1427 3979 1794 4043 calunmiaris,
1824 3983 1947 4035 dum
1979 3982 2071 4038 Dei
2099 3984 2234 4040 Ver-

656 4060 782 4110 bum
820 4075 848 4111 a
887 4062 1062 4114 carnis
1095 4062 1501 4131 dispensatione
1547 4070 1822 4134 snbducis,
1870 4080 1924 4125 et
1959 4074 2229 4129 hominem

657 4149 814 4202 nobis
849 4151 988 4202 nuda
1014 4152 1390 4221 conjunctione
1419 4157 1762 4213 honestatum
1796 4164 2026 4227 praeficis
2054 4182 2231 4220 sacer-

658 4239 858 4305 dotem,
903 4241 1026 4295 licet
1069 4245 1313 4298 etnndem
1358 4248 1549 4303 audias
1589 4251 1902 4318 pontificem
1948 4256 2129 4322 simul,
2177 4268 2231 4312 et

656 4345 777 4382 cum
811 4329 919 4385 Deo
961 4341 1015 4386 et
1044 4332 1207 4387 Patre
1253 4336 1302 4389 in
1345 4339 1532 4392 eodem
1570 4340 1705 4393 solio
1736 4344 2126 4413 considentem,
2174 4360 2233 4405 ut

656 4421 814 4488 paulo
871 4431 995 4476 ante
1044 4425 1311 4493 diximus;
1359 4444 1482 4482 nam
1530 4429 1727 4486 Paulus
1781 4434 1957 4488 dixit:
1996 4454 2014 4486 ι
2046 4437 2228 4493 Talem

2332 3245 2385 3298 δὲ
2409 3244 2648 3313 διαρκῶς
2694 3245 3002 3314 ἀποφήνας,
3030 3246 3111 3298 ὅτι
3166 3245 3298 3315 μηδὲ
3342 3244 3532 3313 γέγονε
3573 3242 3713 3311 σὰρξ
3760 3243 3787 3294 6
3826 3238 3928 3292 τοῦ

2333 3336 2470 3389 Θεοῦ
2504 3336 2694 3403 Λόγος,
2727 3339 2860 3407 μήτε
2897 3337 3001 3407 μὴν
3033 3336 3272 3408 προῆλθε
3306 3336 3585 3404 ἄνθρωπος
3620 3336 3682 3385 ἐκ
3720 3350 3929 3401 γυναι-

2334 3426 2451 3492 κὸς,
2482 3430 2595 3491 τοῖς
2624 3427 2689 3480 τὰ
2729 3429 2905 3483 τοιάδε
2940 3431 3159 3501 φρονεῖν
3198 3427 3494 3499 ᾑρημένοις
3535 3427 3789 3498 ἐπιτιμᾷ,
3829 3427 3929 3479 καί

2334 3535 2496 3587 φησι.
2538 3517 2716 3573 Τίοῦν
2758 3521 3139 3594 ἀνθερμηνεύῃ
3184 3522 3263 3594 τῷ
3314 3519 3535 3592 Παύλῳ,
3586 3519 3679 3578 τξιν
3728 3519 3930 3598 ἀπαθῆ

2332 3610 2464 3663 Θεὸν
2490 3612 2662 3678 Λόγον
2710 3614 2934 3683 ὲπιγείῳ
2966 3616 3305 3683 καταμιγνὺς
3343 3616 3575 3686 σώματι,
3602 3617 3698 3670 καὶ
3730 3618 3927 3691 παθη-

2332 3702 2423 3755 τὸν
2453 3704 2711 3774 ἀρχιερέα
2753 3705 2954 3770 ποιῶν;
2987 3706 3195 3760 Οὐκοῦν
3230 3709 3391 3761 ἄκουε
3431 3710 3523 3762 καὶ
3564 3710 3702 3780 πρὸς
3732 3712 3923 3781 ἡμῶν,

2331 3786 2411 3853 οἷς
2440 3792 2501 3860 δὴ
2530 3793 2621 3844 καὶ
2651 3793 2847 3861 μᾶλλον
2875 3794 3159 3864 ἠιάλήθεια
3180 3796 3307 3865 φίλη
3327 3813 3341 3826 ο
3375 3798 3440 3848 Τί
3471 3801 3925 3869 παρερμηνεύεις

2331 3883 2420 3935 τὸν
2476 3882 2718 3947 Παῦλον,
2775 3884 2973 3953 μᾶλλον
3026 3886 3082 3937 δὲ
3133 3887 3350 3940 ἃπασαν
3399 3894 3757 3959 συκοφαντεῖς
3812 3894 3923 3961 τὴν

2333 3974 2684 4026 θεόπνευστον
2712 3974 2949 4044 Γραφὴν,
2985 3975 3271 4042 ὑπεξάγων
3301 3978 3398 4045 τῆς
3434 3978 3571 4047 μετά
3602 3979 3809 4050 σαρκὸς
3836 3984 3922 4033 οἰ-

2333 4066 2588 4135 κονομίας
2608 4065 2697 4116 τὸν
2712 4065 2804 4117 τοῦ
2823 4065 2956 4117 Θεοῦ
2972 4067 3162 4134 Λόγον,
3185 4069 3280 4121 καὶ
3304 4067 3585 4139 ἄνθρωπον
3630 4071 3765 4140 ἡμῖν
3786 4088 3893 4123 συν
3910 4100 3924 4112 -

2334 4157 2501 4227 αφείᾳ
2529 4156 2656 4227 ψιλῇ
2687 4158 2994 4227 τιμώμενον
3019 4159 3243 4228 ὲφιστᾷς
3290 4160 3460 4229 ἱερέα,
3489 4161 3664 4214 καίτοι
3695 4161 3791 4213 τὸν
3817 4163 3926 4215 αὐ-

2331 4249 2422 4301 τὸν
2450 4249 2663 4308 ἀκούων
2697 4248 2958 4319 ἀρχιερέα
2989 4266 3044 4301 τε
3072 4249 3208 4319 ὁμοῦ
3248 4252 3341 4303 καὶ
3368 4250 3655 4322 σύνθρονον
3682 4252 3812 4304 ὄντα
3839 4254 3922 4323 τῷ

2332 4339 2451 4411 Θεῷ
2501 4342 2811 4411 κα¹ιΠατρὶ,
2848 4342 3095 4412 καθάπερ
3141 4343 3241 4412 ἤδη
3296 4344 3598 4412 φθάσαντες
3646 4344 3916 4414 εἴπομεν;

2335 4429 2438 4499 ἔφη
2471 4431 2578 4501 γὰρ
2599 4433 2624 4482 6
2644 4431 2871 4494 Παῦλος,
2900 4433 2980 4485 ὅτι
3001 4451 3017 4483 ι
3042 4433 3291 4486 Τοιοῦτον
3322 4433 3516 4504 ἔχομεν
3546 4436 3832 4505 ἀρχιερέα,
3859 4438 3922 4498 ὃς

659 4509 918 4563 habemus
972 4513 1305 4580 pontificem,
1359 4518 1447 4583 qui
1506 4518 1645 4571 sedit
1699 4520 1750 4572 in
1813 4522 2035 4576 dextera
2082 4526 2226 4581 sedis

2331 4522 2582 4575 ἐκάθισεν
2612 4525 2669 4574 έν
2719 4522 2869 4591 δεξιᾷ
2907 4523 2999 4576 τοῦ
3029 4523 3220 4595 θρόνου
3268 4525 3366 4594 τῆς
3412 4524 3802 4594 μεγαλωσύνης
3858 4529 3921 4579 ἐν

660 4600 1043 4665 magnitudinis
1064 4603 1116 4655 in
1142 4602 1295 4656 caelis
1317 4605 1398 4657 ’δῖ’
1423 4625 1441 4657 ρ
1477 4605 1609 4659 Nam
1641 4608 1750 4677 ipse
1782 4609 2078 4679 impatibile
2105 4614 2231 4669 illud

656 4706 719 4741 ex
757 4690 864 4742 Deo
899 4691 1056 4746 Patre
1090 4691 1345 4759 Verbum,
1377 4697 1550 4752 cuivis
1584 4698 1768 4769 utique
1815 4713 2062 4770 apertum
2102 4716 2182 4760 est
2213 4727 2226 4761 :

658 4795 869 4841 passum
910 4796 1036 4835 vero
1065 4798 1228 4837 carne
1261 4799 1357 4852 pro
1388 4788 1541 4841 nobis
1578 4789 1686 4858 ipsa
1724 4806 1823 4845 vox
1857 4794 2227 4866 theologorum

659 4887 780 4923 νυιό
810 4873 913 4925 dici
953 4874 1310 4931 confirmabit.
1341 4877 1490 4943 Quod
1521 4881 1563 4932 si
1605 4882 1691 4935 Dei
1724 4881 1958 4939 Verbum
1994 4888 2176 4942 aufers
2199 4904 2226 4940 τι

660 4970 872 5013 terreno
907 4979 1154 5033 corpore,
1202 4968 1449 5021 universa
1494 4972 1558 5022 ad
1609 4973 1831 5029 nihilum
1881 4978 2167 5032 concident
2214 4999 2225 5033 :

659 5067 779 5102 nam
820 5053 863 5105 si
913 5054 1072 5109 homo
1109 5058 1283 5113 factus
1331 5076 1434 5113 non
1467 5071 1572 5123 est,
1624 5080 1688 5116 ne
1720 5076 1965 5120 mortuus
2007 5069 2224 5137 quidem

657 5152 739 5194 est
763 5157 859 5209 pro
889 5146 1072 5211 nobis;
1106 5150 1227 5201 etsi
1265 5151 1422 5205 morti
1454 5154 1729 5221 proprium
1767 5172 1963 5225 corpus
1995 5175 2099 5213 non
2131 5163 2227 5214 de-

658 5233 752 5293 dit,
790 5238 1057 5302 quomodo
1105 5239 1301 5295 dicitur
1346 5244 1741 5312 primogenitus
1766 5262 1831 5300 ex
1868 5251 2096 5305 mortuis
2142 5252 2187 5283 "
2212 5252 2233 5290 ν

662 5323 799 5393 Ergo
823 5342 995 5393 neque
1023 5340 1263 5387 mortuus
1289 5344 1391 5399 cst,
1420 5350 1591 5405 neque
1616 5337 1729 5406 89
1748 5341 2043 5393 resurrexit
2070 5341 2229 5397 Chri-

658 5427 795 5472 stus.
845 5416 1071 5473 Prodeat
1105 5437 1235 5492 ergo
1282 5423 1333 5477 in
1386 5426 1619 5479 medium
1671 5428 1861 5481 beatus
1899 5427 2117 5495 Paulus,
2150 5443 2228 5487 et

660 5508 853 5564 clamet
886 5526 950 5565 ac
982 5512 1164 5569 dicat:
1208 5532 1227 5566 ι
1258 5515 1313 5570 Si
1339 5517 1534 5571 mortui
1570 5533 1673 5573 non
1711 5533 2016 5591 resurgunt,
2053 5539 2227 5593 neque

658 5599 909 5657 Christus
955 5606 1279 5673 resurrexit;
1326 5622 1460 5661 vana
1506 5618 1591 5663 est
1639 5610 1771 5666 fides
1805 5622 2005 5679 vestra,
2048 5615 2225 5672 adhuc

2332 4615 2443 4675 τοῖς
2469 4614 2751 4682 οὖρανοίς;
2780 4632 2799 4665 ι
2830 4614 2951 4667 Ὅτι
2980 4613 3078 4684 μὲν
3110 4615 3218 4686 γάρ
3241 4614 3455 4685 ἀπαθὴς
3487 4618 3513 4668 6
3542 4616 3606 4667 ὲκ
3632 4615 3770 4668 Θεοῦ
3803 4618 3921 4670 Πα-

2332 4704 2458 4773 τρὸς
2493 4706 2685 4771 Λόγος,
2721 4706 2884 4758 παντί
2938 4723 3039 4758 που
3067 4706 3223 4775 δῆλον
3267 4706 3333 4759 ἂν
3375 4707 3458 4778 εἴη
3495 4707 3795 4777 δήπουθεν*
3831 4710 3921 4761 ὅτι

2330 4791 2389 4843 δὲ
2419 4793 2684 4845 πέπονθεν
2719 4794 2859 4865 ὑπὲρ
2902 4794 3062 4864 ἡμῶν
3093 4794 3279 4864 σαρκὶ,
3326 4798 3727 4865 κατασφραγιεῖ
3778 4797 3922 4866 πρὸς

2330 4882 2588 4951 ἀλήθειαν
2614 4884 2644 4952 ἡ
2667 4884 2775 4935 τῶν
2810 4884 3086 4954 θεηγόρων
3112 4887 3283 4954 φωνή.
3311 4886 3371 4936 Ei
3407 4885 3464 4938 δὲ
3488 4886 3791 4956 ἀποφέρεις
3814 4888 3920 4939 a6-

2329 4975 2419 5038 τὸς
2448 4976 2687 5041 ἐπιγείου
2732 4976 2981 5046 σώματος
3010 4979 3100 5029 τὸν
3140 4980 3203 5030 ἐκ
3240 4978 3374 5030 Θεοῦ
3402 4978 3591 5045 Λόγον,
3629 4978 3919 5047 οἰχήσεταί

2332 5083 2414 5119 σοι
2449 5065 2508 5118 τὸ
2538 5066 2756 5136 σύμπαν
2790 5068 2869 5130 είς
2901 5066 2963 5119 τὸ
2994 5067 3190 5136 μηδέν·
3225 5069 3271 5119 εί
3305 5069 3415 5138 γὰρ
3448 5068 3521 5138 μὴ
3564 5068 3786 5135 γέγονεν
3814 5070 3916 5123 ἄν·

2331 5157 2568 5228 θρωπος,
2619 5158 2737 5211 οὐδὲ
2781 5157 3049 5213 ἀπέθανεν
3102 5160 3242 5229 ὑπὲρ
3272 5158 3461 5229 ἡμῶν·
3495 5160 3588 5213 καὶ
3633 5162 3681 5212 εί
3713 5160 3789 5230 μὴ
3818 5160 3914 5213 δέ-

2329 5250 2467 5304 δωκε
2495 5251 2571 5321 τῷ
2618 5252 2831 5322 θανάτῳ
2863 5252 2923 5303 τὸ
2958 5250 3087 5305 ἴδιον
3138 5251 3315 5320 σῶμα,
3348 5251 3463 5315 πῶς
3502 5247 3640 5305 εἶναι
3690 5251 3915 5320 λέγεται

2337 5341 2677 5411 πρωτότοκος
2702 5343 2763 5394 ἐκ
2791 5342 3030 5410 νεκρῶνς
3066 5340 3275 5393 Οὐκοῦν
3308 5341 3431 5393 οὔτε
3462 5340 3751 5404 ἀπέθανεν,
3783 5339 3911 5395 οὔτε

2333 5432 2533 5485 ἀνεϐίω
2579 5433 2834 5503 Χριστός.
2872 5434 2997 5484 Ἷτω
3030 5431 3092 5501 δὴ
3121 5428 3211 5484 οὖν
3249 5434 3329 5495 είς
3360 5432 3524 5502 μέσον
3558 5434 3587 5484 6
3621 5432 3911 5497 θεσπέσιος

2334 5523 2564 5587 Παῦλος,
2622 5525 3065 5594 ἀνακεκραγέτω,
3120 5523 3324 5590 λέγων·
3378 5542 3397 5573 ‹
3444 5524 3506 5576 Ei
3562 5523 3746 5593 νεκροὶ
3808 5524 3907 5576 οὐκ

2331 5616 2657 5687 ἐγείρονται,
2691 5616 2810 5669 οὐδὲ
2864 5614 3094 5686 Χριστὸς
3135 5615 3464 5685 ἐγήγερται·
3494 5616 3542 5667 εί
3577 5613 3633 5666 δὲ
3674 5615 3907 5684 Χρισςὸς

726 5786 773 5816 ’³
813 5784 911 5839 Isa.
950 5801 1062 5852 ι.ιιι,
1096 5786 1161 5854 9;
1201 5786 1218 5841 l
1256 5787 1395 5844 Petr.
1434 5804 1490 5856 ιι,
1520 5787 1610 5843 22.
1688 5791 1733 5826 ³⁸
1769 5788 1872 5847 Isa.
1898 5805 1990 5859 vn,
2030 5791 2116 5862 15,
2155 5794 2229 5851 16⁴

2331 5793 2361 5825 ’⁸
2403 5791 2566 5850 llebr.
2602 5809 2717 5859 VIII,
2746 5792 2795 5848 l.
2872 5793 2917 5825 θ’
2953 5789 3159 5849 Coloss.
3192 5806 3231 5855 ι,
3268 5790 3355 5845 18.
