4088 6488
236 431 342 487 157

1302 436 1675 494 ADVERSUS
1715 439 2113 496 NESTOIEIUM
2155 442 2281 499 LIB.
2326 443 2412 497 Ill.

3404 440 3507 497 £58

231 551 340 604 οὐκ
400 550 718 622 ἐγήγερται,
766 554 972 623 ματαία
1024 553 1276 624 ὴπίστις
1329 555 1518 628 ύμῶνο
1575 557 1654 610 ἔτι
1705 558 1806 611 ἐστὶ

1930 560 2061 616 estis
2094 561 2144 615 in
2189 560 2424 631 peccatis
2464 561 2674 613 vestris.
2722 557 2865 628 Ergo
2919 558 3012 626 qui
3058 556 3395 613 dormierunt
3449 558 3503 609 in

233 645 297 697 ὲν
320 647 441 706 ταῖς
477 644 772 715 ἁμαρτίαις
794 644 969 716 ὑμῶν.
1004 641 1151 717 Ἀρα
1183 648 1279 702 καὶ
1304 649 1354 701 οἱ
1376 649 1730 721 κοιμηθέντες
1762 652 1820 706 ἐν

234 736 464 808 Χριστῷ
519 736 829 802 ἀπώλοντο;
875 757 893 789 ι
942 738 1084 791 Ἀλλ’
1129 740 1425 811 ἐγήγερται
1477 742 1712 811 Χριστὸς
1756 744 1821 797 ὲκ

232 829 479 899 νεκρῶνο
512 829 703 898 γέγονε
733 830 841 900 γὰρ
880 830 1168 901 ἄνθρωπος
1191 835 1220 886 6
1255 835 1545 905 μονογενὴς
1568 834 1661 888 τοῦ
1685 834 1818 889 Θεοῦ

236 919 435 987 Λόγος,
471 920 564 972 καὶ
591 920 781 989 γήϊνον
809 920 969 991 σῶμα
998 920 1199 984 λαϐὼν,
1223 924 1431 987 ἐνώσας
1455 941 1514 977 τε
1538 924 1660 978 καθ’
1685 925 1819 977 ὑπό-

238 1030 431 1067 στασιν
475 1013 669 1083 ἐαυτῷ,
704 1012 889 1083 χάριτι
930 1013 1085 1079 Θεοῦ,
1133 1015 1273 1070 κατὰ
1304 1016 1366 1069 τὸ
1411 1018 1817 1088 γεγραμμένον,

235 1105 380 1176 ὑπὲρ
407 1104 607 1168 παντὸς
633 1104 898 1173 ἐγεύσατο
923 1106 1155 1159 θανάτου
1178 1125 1191 1137 ·
1225 1108 1597 1178 κεχρημάτικε
1632 1108 1688 1161 δὲ
1725 1109 1820 1162 καὶ

234 1196 465 1266 ἀπαρχὴ
497 1198 604 1249 τῶν
635 1197 1072 1266 κεκοιμημένων,
1099 1198 1473 1268 ἐγηγερμένος
1497 1198 1561 1251 ὲκ
1584 1199 1815 1269 νεκρῶν.

246 1284 524 1355 Ἀσφαλης
560 1280 653 1338 οὖν
700 1285 807 1355 ἄρα
837 1286 933 1338 καὶ
967 1285 1027 1338 ού
1079 1286 1282 1356 ματαία
1334 1286 1516 1340 λοιπὸν
1554 1289 1586 1358 ὴ
1636 1287 1819 1352 πίστις

230 1376 417 1445 ἡμῶν,
449 1377 515 1445 ῆν
540 1376 616 1439 ὠς
654 1376 901 1449 ἄγκυραν
929 1377 1125 1448 ἔχομεν
1159 1377 1258 1447 τῆς
1288 1378 1467 1448 ψυχῆς
1502 1379 1720 1449 ἀσφαλῆ
1761 1398 1819 1433 τε

232 1466 331 1517 καὶ
371 1465 615 1534 βεϐαίαν,
650 1466 793 1520 κατὰ
835 1467 896 1520 τὸ
924 1468 1332 1537 γεγραμμένον.
1364 1469 1573 1540 Ὥσπερ
1597 1470 1652 1522 δὲ
1698 1472 1819 1524 κατ’

230 1558 425 1610 οὐδένα
453 1560 653 1630 τρόπον
677 1559 958 1630 ἠδικηκὼς
988 1561 1089 1630 τῆς
1122 1560 1259 1631 μετὰ
1288 1562 1489 1632 σαρκὸς
1509 1565 1819 1634 οἰκονομίας

227 1650 362 1712 τοὺς
386 1649 599 1717 λόγους,
628 1649 720 1704 διά
746 1667 812 1719 γε
859 1652 953 1705 τοῦ
1002 1652 1168 1721 φάναι
1213 1654 1390 1718 ταυτὶ,
1424 1657 1519 1707 καὶ
1562 1654 1670 1707 τῶν
1719 1656 1817 1726 τῆς

225 1738 490 1809 ἀληθείας
521 1741 807 1810 δογμάτων
856 1744 1072 1814 ἀκρατῆ
1103 1761 1162 1797 τε
1185 1745 1278 1798 καὶ
1302 1745 1686 1817 βδελυρότατον
1716 1765 1813 1800 κα-

225 1829 424 1896 ταχέαι
465 1830 557 1882 τὸν
585 1830 797 1900 ἔμετον,
838 1832 923 1900 ἐφ’
970 1833 1165 1903 ἑτέραν
1204 1832 1423 1902 ἔρχεται
1467 1833 1809 1899 δυσϐουλίαν,

228 1918 437 1987 μᾶλλον
465 1920 522 1973 δὲ
555 1920 869 1975 δυσσέϐειαν
906 1924 1135 1994 ἐναργῆ,
1168 1924 1262 1978 καί
1289 1941 1452 1995 φησιν
1471 1942 1485 1956 θ

303 2009 325 2079 [
356 2011 549 2074 Ὅντος
581 2006 673 2066 οὖν
710 2015 844 2083 ἡμῖν
873 2012 1064 2067 τούτου
1112 2014 1273 2085 μόνου
1308 2015 1639 2086 ἀρχιερέως,
1672 2033 1810 2085 συμ-

222 2102 464 2169 παθοῦς,
502 2107 595 2157 καὶ
642 2105 958 2173 συγγενοῦς,
994 2106 1087 2160 καὶ
1122 2107 1363 2177 βεϐαίου,
1400 2110 1497 2178 τῆς
1536 2110 1615 2171 εἰς
1648 2108 1811 2161 αὑτὸν

226 2195 309 2264 μὴ
384 2196 796 2266 παρα-τρέπεσθε
862 2198 1128 2261 πίστεωςο
1175 2198 1335 2261 αὐτὸς
1386 2198 1495 2269 γὰρ
1554 2201 1684 2268 ἡμῖν
1713 2199 1811 2269 τῆς

223 2286 651 2358 ἐπηγγελμένης
676 2288 927 2357 εὐλογίας
958 2290 1023 2342 ὲκ
1058 2276 1369 2361 σπέρματος
1405 2290 1655 2361 Ἀϐραὰμ
1707 2292 1811 2344 ἀπ-

221 2380 461 2449 εστάλη,
497 2381 572 2443 ὡς
616 2381 756 2451 ὑπὲρ
808 2382 1004 2435 ἑαυτοῦ
1036 2381 1130 2435 καὶ
1174 2382 1269 2436 τοῦ
1320 2382 1530 2451 γένους,
1568 2384 1668 2455 τὴν
1713 2382 1807 2437 τοῦ

223 2468 481 2538 σώματος
516 2469 705 2525 θυσίαν
738 2471 1201 2541 συνεπαγόμενος.
1232 2470 1253 2543 ]

824 2581 1075 2633 ΚΕΦΑΛ.
1119 2582 1193 2635 E'.

307 2665 597 2737 Ἀρχιερέα
628 2669 806 2722 τοίνυν
850 2672 981 2741 ἡμῖν
1026 2672 1289 2743 συμπαθῆ
1337 2690 1397 2727 τε
1431 2674 1525 2727 καὶ
1566 2675 1805 2746 συγγενῆ

216 2757 317 2810 καὶ
359 2758 594 2827 βέϐαιον,
635 2760 728 2812 καὶ
772 2762 996 2831 προσέτι
1043 2762 1202 2831 μόνον
1250 2765 1455 2818 ἐκεῖνον
1489 2763 1627 2819 εἶναι
1676 2767 1802 2837 φὴς,

211 2850 278 2902 ὃν
313 2850 519 2920 ἀρτίως
551 2852 681 2921 ἡμῖν
706 2853 735 2904 6
765 2853 854 2915 σὸς
886 2853 1132 2925 ἐναργῶς
1162 2855 1419 2923 διεδίδαξε
1446 2857 1601 2926 λόγος
1622 2873 1638 2890 ⁸
1669 2857 1806 2929 ἔφης

209 2939 331 3009 γάρ
352 2955 366 2967 ·
403 2939 632 3009 Σπέρμα
667 2941 916 3011 Ἀϐραὰμ
936 2943 965 2996 6
989 2942 1119 3012 χθὲς
1144 2944 1238 2998 καὶ
1269 2946 1510 3015 σήμερον
1535 2945 1678 2999 κατὰ
1704 2948 1804 3016 τὴν

208 3031 313 3084 τοῦ
369 3031 581 3085 Παύλου
608 3033 826 3102 φωνήν·
859 3035 958 3105 οὐχ
999 3036 1028 3086 6
1076 3035 1281 3103 λέγων’
1316 3055 1335 3087 ι
1382 3037 1517 3107 Πρὶν
1555 3038 1805 3110 Ἀϐραὰμ

208 3123 474 3191 γενέσθαι
504 3125 613 3193 ἐγώ
635 3126 753 3194 είμι
772 3142 784 3155 ·
800 3144 819 3174 ι
845 3128 1032 3197 ὅμοιος
1056 3129 1168 3190 τοῖς
1184 3127 1432 3196 ἀδελφοῖς
1449 3128 1590 3182 κατὰ
1604 3130 1799 3194 πάντα,

208 3218 241 3269 6
266 3216 453 3286 ψυχῆς
499 3217 847 3288 ἀνθρωπίνης
886 3220 983 3273 καὶ
1016 3220 1221 3291 σαρκὸς
1254 3221 1539 3276 ἀναλαϐὼν
1581 3221 1804 3291 ἀδελφό-

1927 649 2164 717 Christo,
2214 651 2492 721 perierunt
2513 648 2651 703 ’7?»
2701 647 2806 703 Sed
2858 648 3153 703 resurrexit
3187 647 3432 702 Christus
3472 661 3505 701 a

1929 743 2177 808 mortuis,
2206 744 2327 812 quia
2360 743 2560 797 factum
2591 751 2674 796 est
2702 742 2865 795 homo
2897 738 3024 793 illud
3053 738 3385 805 unigenitum
3408 736 3503 793 Dei

1928 833 2187 898 Verbum,
2223 845 2297 895 et,
2339 842 2553 901 sumpto
2587 842 2802 886 terreno
2830 843 3059 898 corpore
3094 830 3353 897 unitoque
3401 826 3503 881 sibi

1924 927 2219 979 secundum
2275 925 2631 996 hypostasim,
2675 924 2848 993 gratia
2910 923 3023 985 Dei,
3060 921 3198 974 sicut
3243 920 3502 989 scriptum

1926 1023 2032 1078 est,
2066 1030 2161 1082 pro
2189 1016 2439 1069 omnibus
2474 1016 2705 1083 gustavit
2732 1022 2961 1066 mortem
2988 1028 3001 1063 :
3030 1010 3200 1063 factus
3225 1018 3308 1063 est
3339 1008 3501 1062 etiam

1927 1106 2180 1175 primitiaz
2206 1105 2591 1160 dormientium
2615 1103 2683 1171 ⁸³,
2713 1121 2833 1159 cum
2875 1102 3264 1157 resurrexisset
3294 1116 3323 1154 a
3359 1114 3504 1154 mor-

1929 1197 2054 1251 tuis.
2092 1197 2272 1252 Firma
2310 1197 2495 1265 igitur,
2541 1213 2644 1251 non
2681 1212 2817 1249 vana
2842 1190 2923 1248 est
2952 1194 3060 1261 jam
3111 1192 3245 1247 ﬁdes
3290 1200 3499 1255 nostra,

1924 1304 2086 1357 quam
2132 1288 2275 1343 velut
2314 1290 2605 1365 anchoram
2664 1289 2923 1341 habemus
2977 1285 3169 1338 anima:
3220 1292 3387 1337 tutam
3440 1297 3504 1336 ac

1923 1380 2154 1441 ﬁrmam,
2188 1389 2244 1433 ut
2308 1388 2391 1435 est
2421 1379 2475 1433 in
2523 1380 2694 1433 sacris
2727 1379 2947 1433 Litteris
2969 1377 3015 1409 ”
3071 1376 3190 1431 Jztm
3229 1380 3352 1430 Vero
3378 1390 3500 1429 cum

1920 1471 2035 1525 hzec
2060 1471 2278 1535 dixerit,
2308 1481 2362 1525 et
2400 1472 2450 1525 in
2484 1472 2732 1541 dogmata
2774 1470 3017 1525 veritatis
3051 1469 3499 1537 intemperantem

1918 1573 1972 1615 et
1996 1561 2386 1616 exsecrandum
2416 1563 2469 1615 in
2506 1563 2700 1632 primis
2732 1563 2990 1615 vomitum
3034 1560 3304 1621 etfuderit,
3342 1559 3497 1628 quasi

1921 1652 2067 1705 nullo
2095 1653 2252 1705 modo
2283 1654 2517 1707 rationes
2550 1653 2693 1706 illius
2726 1668 2847 1706 cum
2881 1666 3044 1704 carne
3082 1650 3497 1719 tliSpensationis

1918 1744 2193 1809 violasset,
2218 1744 2284 1797 ad
2312 1744 2469 1797 aliam
2496 1744 2783 1807 insaniam,
2820 1744 2927 1797 imo
2960 1758 3087 1798 vero
3114 1753 3359 1812 apertam
3398 1741 3499 1795 im-

1919 1837 2172 1907 pietatem
2203 1838 2418 1901 transit,
2445 1846 2497 1891 et
2536 1838 2648 1891 ait:

1985 2013 2249 2085 [anron.
2284 2014 2417 2069 Cum
2446 2014 2608 2084 igitur
2640 2012 2788 2068 solus
2829 2012 2913 2067 hic
2962 2010 3117 2065 nobis
3155 2021 3226 2065 Sll
3255 2009 3492 2079 pontifex

1914 2108 2247 2173 misericors,
2278 2117 2330 2161 et
2356 2115 2633 2175 cognatus,
2663 2115 2717 2159 et
2744 2106 2954 2169 firmus,
2979 2112 3165 2156 cavete
3191 2118 3258 2157 ne
3284 2101 3351 2155 ab
3375 2101 3495 2170 ejus

1913 2199 2015 2252 fide
2048 2197 2423 2252 dimoveamini
2456 2216 2467 2251 :
2504 2197 2619 2265 ipse
2655 2209 2886 2263 namque
2911 2195 3064 2247 nobis
3097 2195 3376 2261 promissa:
3406 2195 3496 2246 he-

1910 2290 2237 2344 nedictionis
2261 2303 2325 2342 ex
2352 2290 2557 2344 semine
2584 2287 2852 2342 Abraham
2882 2295 2964 2340 est
2990 2286 3206 2349 missus,
3236 2296 3489 2352 tanquam

1909 2398 2009 2452 pro
2041 2383 2219 2449 seipso
2250 2391 2301 2434 et
2333 2396 2429 2450 pro
2456 2395 2654 2451 genere
2681 2394 2777 2432 suo
2809 2378 3055 2445 corporis
3080 2376 3161 2431 sui
3217 2374 3491 2429 victimam

1801 2510 1803 2513 ι
1908 2474 2071 2529 simul
2099 2474 2352 2528 aliereus.
2380 2471 2400 2543 ]

2571 2584 2722 2639 CAP.
2762 2582 2827 2637 V.

1978 2679 2121 2749 Ergo
2158 2677 2477 2733 Pontiﬁeem
2521 2677 2953 2738 misericordem,
2991 2684 3046 2728 et
3085 2679 3402 2741 cognatum,
3435 2678 3491 2725 et

1906 2770 2142 2836 firmum,
2189 2780 2242 2825 et
2292 2782 2553 2840 praeterea
2600 2768 2797 2835 solum,
2845 2768 2992 2821 illum
3036 2780 3156 2821 esse
3203 2766 3284 2819 ais
3325 2778 3489 2833 quem

1906 2878 2076 2932 nuper
2100 2862 2251 2917 nobis
2269 2872 2456 2933 aperte
2481 2873 2565 2915 tua
2592 2861 2829 2916 ostendit
2854 2859 3028 2913 oratio
3052 2874 3067 2921 ;
3092 2856 3272 2910 dixisti
3302 2856 3445 2910 enim
3471 2871 3486 2907 :

1905 2954 2100 3010 Semen
2131 2956 2406 3011 Abraham
2456 2953 2544 3007 ille
2574 2951 2688 3006 heri
2723 2960 2772 3005 et
2818 2950 2975 3004 hodie
3007 2949 3158 3018 juxta
3204 2946 3353 3000 Pauli
3397 2961 3490 2999 vo-

1905 3062 2019 3101 cem
2042 3049 2080 3113 ¹,
2102 3062 2205 3102 non
2234 3048 2321 3102 ille
2340 3047 2428 3115 qui
2452 3045 2624 3099 dixit:
2653 3063 2670 3095 ι
2692 3043 2995 3111 Antequam
3015 3040 3286 3095 Abraham
3315 3038 3486 3101 fieret,

1904 3156 2003 3209 ego
2045 3156 2163 3195 sum
2191 3143 2247 3205 ’ς
2283 3160 2300 3192 ι
2339 3139 2535 3195 similis
2572 3137 2833 3191 fratribus
2879 3147 2975 3204 per
3020 3132 3241 3187 omnia'
3282 3131 3370 3185 ille
3396 3128 3486 3195 qui

1904 3235 2099 3289 animm
2139 3234 2386 3287 humanae
2415 3231 2708 3299 carnisque
2744 3226 3143 3282 fraternitatem
3170 3221 3484 3290 assumpsit;

208 3326 389 3379 τηταο
414 3310 512 3380 οὐχ
538 3312 566 3363 6
602 3310 777 3377 λέγων
798 3327 811 3341 ⁸
850 3329 867 3361 ι
916 3311 973 3365 '0
1004 3311 1265 3382 ἑωρακὼς
1305 3314 1425 3383 ἐμὲ,
1469 3315 1680 3386 ἑώρακε
1709 3314 1800 3368 τὸν

1908 3344 2009 3383 non
2042 3327 2131 3395 qui
2175 3326 2346 3380 dicit:
2391 3342 2409 3375 ι
2440 3322 2540 3390 Qui
2572 3322 2706 3377 vidit
2735 3335 2842 3384 me,
2875 3319 3011 3373 'vi'dit
3038 3326 3092 3373 et
3118 3316 3333 3369 Patrem
3360 3312 3381 3344 ‘
3408 3330 3420 3367 :
3461 3331 3480 3364 ι

209 3403 472 3474 Πατέρα·
518 3422 537 3455 ι
569 3404 847 3475 ἀπεστάλη
897 3406 924 3458 6
954 3407 1086 3477 ἡμῖν
1131 3405 1434 3475 όμοούσιος,
1472 3409 1566 3461 καὶ
1612 3407 1798 3477 κέχρι-

214 3509 346 3546 σται
395 3494 685 3564 κηρύσσων
740 3496 1107 3566 αἰχμαλώτοις
1155 3496 1378 3565 ἄφεσιν,
1428 3499 1521 3552 καῖ⁵
1574 3499 1797 3568 τυφλοῖς

212 3584 535 3653 ἀνάϐλεψιν.
580 3581 751 3650 Οὗτος
797 3583 890 3641 οὖν
923 3588 1031 3657 ἀρα
1062 3587 1158 3640 καὶ¹
1210 3589 1476 3659 συγγενὴς
1504 3589 1570 3642 ἂν
1626 3593 1798 3643 νοοῖτο

98 3752 107 3759 ί
210 3678 334 3737 τοῖς
362 3678 456 3729 ἐπὶ
482 3677 581 3745 τῆς
601 3678 725 3748 γῆς,
769 3679 864 3732 καὶ
891 3680 988 3749 οὐχ
1015 3680 1090 3744 ὡς
1126 3681 1190 3733 σὺ
1225 3681 1350 3752 φὴς,
1376 3682 1405 3732 6
1427 3681 1600 3749 λέγων
1622 3700 1635 3714 ·
1666 3700 1683 3733 ι
1739 3684 1797 3736 Ὀ

211 3768 488 3837 ἑωρακὼς
529 3770 648 3837 ἐμὲ,
680 3769 894 3841 ἑώρακε
928 3771 1017 3824 τὸν
1050 3772 1287 3843 Πατέρα.
1312 3793 1329 3823 ι
1360 3775 1422 3827 Εἰ
1450 3774 1550 3843 μὲν
1578 3775 1687 3845 γὰρ
1719 3774 1799 3837 είς

210 3857 277 3911 ἓν
305 3859 477 3928 ἄμφω
502 3860 774 3929 συλλέγων
801 3862 923 3915 καθ’
944 3863 1135 3916 ἕνωσιν
1155 3863 1354 3934 ἀληθῆ,
1375 3864 1472 3917 ἕνα
1496 3864 1612 3934 μεθ’
1643 3864 1798 3935 ἡμῶν

209 3952 498 4021 ὁμολογεῖς
554 3953 703 4018 Υίὸν,
736 3953 1042 4025 πεποίηκας
1076 3956 1251 4026 μάτην
1303 3955 1411 4025 ἰδίᾳ
1458 3972 1517 4007 τε
1554 3956 1646 4007 καὶ
1695 3954 1799 4009 ἀνὰ

214 4044 390 4115 μέρος
420 4045 677 4116 ἑκάτερον
718 4046 1029 4117 ἀποφέρων,
1061 4047 1391 4101 ὑποστάσεσι
1418 4064 1476 4101 τε
1505 4046 1600 4099 καὶ
1628 4063 1799 4116 προσ-

210 4133 392 4197 ώποις
437 4135 643 4200 διιστὰς
672 4137 1017 4208 ἀλλοτρόπως
1036 4156 1049 4167 ·
1085 4138 1205 4208 οὐχὶ
1232 4137 1293 4191 τὸ
1325 4136 1433 4209 [ῑσ.
1468 4137 1569 4210 τῷ]
1595 4138 1799 4192 εἰδέναι

211 4225 385 4293 μόνον
409 4227 489 4278 ὅτι
516 4226 717 4297 σαρκὸς
773 4227 869 4296 μὲν
912 4228 1073 4297 φύσις
1103 4230 1264 4300 ἑτέρα
1300 4231 1450 4301 παρὰ
1494 4231 1593 4298 τὴν
1623 4230 1794 4295 θείαν,

209 4316 425 4387 συνόδῳ
453 4334 517 4385 γε
556 4318 662 4387 μὴν
695 4321 762 4389 τῇ
794 4319 915 4372 καθ’
959 4320 1154 4373 ἕνωσιν
1183 4320 1379 4392 ἀληθῆ,
1422 4322 1528 4374 ἰδία
1574 4321 1797 4389 γέγονεν

205 4404 407 4473 αὐτῆς.
444 4406 505 4458 Ei
542 4407 598 4459 δὲ
636 4407 948 4477 ἀσύμϐατος
976 4407 1086 4479 [τσ.
1116 4409 1454 4482 ἀσύμϐατον]
1494 4412 1625 4482 ἡμῖν
1658 4411 1799 4465 κατά

204 4496 312 4567 τὴν
346 4495 507 4559 δόξαν
539 4498 768 4565 ὁρᾶσθαι
816 4499 1006 4562 θέλων,
1039 4500 1132 4571 καὶ
1170 4502 1603 4572 παραιτούμενος
1657 4519 1791 4556 παν-

1901 3419 2098 3473 missus
2128 3426 2210 3472 est
2239 3416 2328 3471 ille
2359 3416 2515 3469 nobis
2548 3409 3050 3473 consubstantialis,
3083 3417 3137 3461 et
3175 3415 3366 3459 unctus
3401 3413 3487 3459 est

1898 3510 2196 3578 prmdicans
2225 3507 2455 3577 captivis
2504 3507 2807 3560 libertatem
2833 3545 2847 3568 ,
2889 3511 2945 3557 et
2988 3500 3147 3555 caecis
3195 3498 3365 3552 visum
3388 3496 3432 3552 ⁸.
3457 3513 3478 3548 ι

1899 3599 1997 3654 Hic
2022 3614 2149 3668 ergo
2170 3599 2335 3651 etiam
2364 3606 2630 3666 cognatus
2660 3594 2978 3663 intelligitur
3008 3592 3094 3646 his
3124 3590 3214 3660 qui
3250 3590 3301 3642 in
3325 3588 3484 3642 terris

1899 3702 2047 3755 sunt,
2081 3705 2187 3745 non
2224 3699 2282 3743 ut
2323 3698 2375 3743 tu
2431 3690 2650 3755 asseris,
2691 3688 2779 3744 ille
2811 3687 2900 3757 qui
2943 3684 3072 3740 dicit
3112 3703 3125 3737 :
3166 3702 3185 3735 ι
3214 3683 3313 3748 ()ui
3351 3682 3484 3736 vidit

1900 3796 2009 3846 me,
2043 3781 2180 3835 vidit
2222 3788 2276 3833 et
2321 3778 2561 3835 Patrem.
2598 3799 2619 3831 ι
2658 3778 2790 3832 Nam
2835 3777 2880 3831 si
2924 3785 3207 3842 utrumque
3237 3774 3290 3827 in
3317 3788 3480 3826 unum

1898 3888 1996 3943 per
2019 3888 2201 3928 veram
2227 3873 2478 3927 unionem
2503 3869 2826 3938 colligendo,
2854 3884 3018 3920 ttnum
3047 3867 3326 3920 nobiscum
3350 3878 3481 3918 con-

1900 3963 2071 4018 literis
2100 3963 2266 4017 Deum
2311 3961 2533 4026 Filium,
2579 3959 2751 4015 fecisti
2797 3968 2999 4012 temere
3040 3967 3099 4011 ut
3136 3956 3386 4024 privatim
3415 3971 3481 4009 ac

1899 4057 2127 4111 seorsim
2171 4055 2491 4108 alterutrum
2538 4052 2880 4120 adjungeres,
2921 4057 2973 4104 et
3014 4047 3398 4118 hypostasihus
3423 4055 3480 4101 et

1901 4145 2145 4216 personis
2176 4144 2393 4198 diverso
2425 4142 2583 4196 modo
2618 4139 3002 4208 distingueres,
3048 4151 3149 4189 non
3193 4144 3252 4187 ut
3280 4133 3480 4187 intelli—

1900 4248 2055 4304 geres
2097 4233 2471 4286 tantummodo
2512 4229 2672 4283 aliam
2713 4227 2927 4296 quidem
2986 4240 3108 4280 esse
3157 4225 3338 4279 carnis
3380 4239 3477 4275 na-

1901 4333 2076 4378 turam
2106 4338 2135 4375 a
2162 4323 2364 4380 divina.
2402 4320 2494 4373 sed
2523 4332 2617 4387 per
2641 4331 2821 4371 veram
2853 4316 3104 4368 unionem
3132 4329 3249 4367 esse
3282 4312 3475 4367 iactam

1900 4415 2041 4469 illius
2083 4413 2379 4482 propriam.
2416 4411 2510 4464 Sin
2545 4407 2715 4462 videri
2761 4409 2983 4461 studens
3011 4405 3160 4459 nullo
3191 4404 3350 4459 modo
3377 4418 3477 4458 no-

1900 4504 2104 4559 biseum
2132 4505 2183 4557 in
2219 4501 2486 4557 sententia
2513 4500 2809 4556 convenire
2839 4498 2938 4569 (ι),
2975 4506 3028 4551 et
3064 4498 3264 4566 ubique
3297 4495 3478 4549 unita-

202 4588 358 4659 ταχῆ
396 4588 499 4660 τὴν
526 4590 739 4655 ἕνωσιν,
770 4592 957 4662 ἕτερον
988 4580 1129 4646 εἶναι
1159 4593 1264 4663 φὴς
1311 4593 1404 4647 καὶ
1432 4593 1619 4665 ἕτερον
1644 4611 1658 4625 ο
1698 4594 1795 4647 καὶ

1908 4604 2006 4649 tem
2042 4594 2332 4663 refugiens,
2362 4593 2588 4647 alterum
2618 4602 2779 4660 atque
2831 4590 3056 4644 alterum
3098 4604 3217 4642 esse
3255 4589 3475 4652 asseris,

200 4680 299 4733 τὸν
357 4679 477 4750 μὲν,
507 4684 570 4734 ὲκ
595 4681 731 4734 Θεοῦ
771 4684 1133 4755 γεγεννῆσθαι
1168 4684 1410 4753 Πατρόςο
1441 4684 1533 4740 τὸν
1560 4686 1636 4750 δὲ,
1672 4702 1795 4754 συγ-

202 4769 353 4837 γενῆ
369 4785 431 4821 τε
458 4770 724 4840 ὑπάρχειν
742 4774 876 4842 ἡμῖν
897 4774 992 4826 καὶ
1011 4772 1296 4842 ὀμοούσιον
1315 4789 1328 4803 ·
1366 4773 1484 4837 πῶς
1505 4774 1569 4846 δὴ
1596 4773 1793 4845 χρῆναι

204 4862 316 4931 φὴς
348 4862 447 4931 τῆς
474 4863 554 4923 εἰς
585 4862 747 4916 αὐτὸν
780 4864 855 4935 μὴ
895 4865 1350 4935 παρατρέπεσθαι
1380 4866 1637 4932 πίστεως,
1670 4866 1791 4919 είπέ

208 4969 325 5021 μοι,
364 4952 459 5006 καὶ
485 4955 720 5024 συγγενῆ
752 4955 1138 5026 πιστεύσομεν,
1175 4957 1404 5025 ἀφέντες
1426 4957 1516 5009 τὸν
1541 4956 1788 5025 λέγοντα·

210 5062 227 5093 ι
262 5044 407 5112 Πρὶν
448 5042 698 5114 Ἀϐραὰμ
734 5044 1006 5112 γενέσθαι,
1057 5047 1168 5115 ἐγώ
1206 5049 1340 5117 είμι.
1378 5065 1397 5098 ι
1443 5048 1792 5119 Ἐπιγραψὼ-

208 5133 356 5202 μεθα
380 5132 514 5187 Θεὸν
545 5134 635 5189 τὸν
663 5134 843 5205 ψυχῆς
888 5136 1236 5207 ἀνθρωπίνης
1268 5137 1364 5192 καὶ
1409 5139 1612 5209 σαρκὸς
1660 5139 1792 5192 ἀνα·

203 5222 445 5276 λαϐόντα
491 5223 628 5293 πρὸς
678 5225 824 5294 ἡμᾶς
869 5225 1226 5295 ἀδελφότητα,
1277 5227 1543 5296 παρέντες
1577 5227 1665 5280 τὸν
1712 5226 1793 5280 λέ-

1900 4696 1953 4742 et
1980 4701 2141 4740 unum
2174 4701 2238 4740 ex
2284 4686 2390 4739 Deo
2432 4684 2543 4754 90
2592 4682 2749 4736 Patre
2787 4682 3047 4751 genitum,
3092 4680 3322 4734 alterum
3382 4696 3476 4734 co-

1899 4786 2121 4846 gnatum
2148 4792 2269 4831 esse
2297 4776 2455 4830 nobis
2480 4785 2535 4829 et
2562 4771 3110 4834 consubstantialem,
3136 4784 3345 4839 expone
3372 4768 3476 4822 nti-

1899 4869 1975 4933 bi,
2004 4884 2211 4938 quaeso,
2257 4884 2491 4938 quonam
2518 4866 2675 4921 modo
2697 4866 2844 4919 dicas
2865 4880 2968 4917 non
2998 4876 3119 4917 esse
3132 4861 3200 4914 ab
3234 4860 3350 4929 eius
3373 4859 3476 4913 [ide

1896 4963 2294 5026 declinandum,
2340 4972 2394 5015 et
2435 4968 2719 5029 cognatum
2767 4958 3074 5019 credemus.
3119 4953 3209 5007 illo
3251 4953 3485 5007 ditnisso’

1896 5054 1986 5121 qui
2034 5055 2109 5107 ait
2148 5072 2161 5108 :
2195 5071 2213 5104 ι
2250 5055 2551 5121 Antequam
2587 5050 2861 5105 Abraham
2895 5048 3069 5112 lleret,
3122 5062 3222 5116 ego
3274 5059 3413 5099 sum.
3446 5062 3467 5093 ι

1894 5142 2047 5197 illum
2083 5143 2419 5197 ascribemus
2452 5140 2608 5195 nobis
2657 5140 2824 5194 Deum
2868 5138 2959 5208 qui
3000 5135 3195 5190 anima:
3226 5135 3474 5188 humana:

1894 5233 2185 5303 carnisque
2230 5233 2510 5289 nobiscum
2571 5230 2971 5286 fraternitatem
3028 5226 3287 5293 Suscepit,
3335 5222 3472 5289 abji-

204 5330 397 5381 γοντα·
441 5333 460 5364 ι
516 5314 575 5366 Ὀ
622 5313 883 5384 ἑωρακὼς
932 5317 1052 5386 ἐμὲ,
1095 5316 1308 5387 ἑώρακε
1346 5318 1438 5371 τὸν
1484 5318 1724 5389 Πατέρα.
1765 5336 1784 5371 ι

1908 5323 2098 5378 :ientes
2127 5338 2249 5377 eum
2284 5322 2375 5392 qui
2414 5322 2547 5377 dixit
2579 5340 2591 5377 :
2634 5340 2653 5374 ι
2684 5322 2782 5389 Qui
2818 5320 2949 5375 vidit
2981 5335 3089 5383 me,
3125 5317 3253 5371 vidit
3282 5324 3334 5368 et
3371 5312 3470 5365 Pa-

206 5406 405 5459 Καίτοι
445 5406 609 5475 φησιν
643 5405 839 5468 αὐτός’
877 5423 895 5458 ι
936 5406 1092 5461 Οὕτω
1119 5408 1227 5480 γὰρ
1275 5410 1564 5482 ⁴ηγάπησεν
1602 5413 1629 5465 6
1658 5411 1791 5476 Θεὸς

1908 5430 2068 5482 .rem;
2107 5434 2127 5466 ι
2165 5416 2417 5484 quamvis
2463 5415 2578 5483 ipse
2625 5413 2823 5470 dixerit
2864 5430 2877 5465 :
2913 5431 2930 5464 ι
2965 5412 3057 5466 Sic
3105 5411 3244 5463 Dens
3286 5405 3470 5459 dilexit

204 5498 296 5550 τὸν
328 5500 554 5569 κόσμον,
584 5497 726 5551 ὥστε
758 5499 852 5553 τὸν
887 5500 1014 5556 Υἱὸν
1044 5501 1209 5556 αὐτοῦ
1240 5503 1333 5557 τὸν
1361 5506 1624 5576 μονογενῆ
1666 5504 1792 5559 ἐδω-

1898 5506 2182 5574 mundum,
2210 5515 2268 5561 ut
2290 5505 2486 5561 Filium
2515 5521 2669 5561 suum
2709 5504 3042 5574 unigenitum
3077 5503 3247 5564 daret,
3274 5507 3329 5551 ut
3354 5512 3471 5550 om-

276 5610 471 5713 ".C_or_.
494 5655 585 5706 xv,
623 5639 705 5706 ιϐ,
739 5638 824 5713 i_8.
882 5640 928 5713 ξε
956 5640 987 5713 _l
1026 5640 1151 5696 Cor.
1189 5657 1266 5706 xt,
1295 5640 1389 5713 ΞΟ.
1414 5711 1433 5713 _
1463 5644 1510 5676 ⁹⁹
1551 5641 1713 5697 Hebr.
1752 5658 1801 5698 Vl

1908 5644 1951 5701 9.
2030 5645 2048 5676 ¹
2091 5644 2256 5702 Hebr.
2288 5661 2407 5713 xm,
2444 5644 2499 5700 8.
2576 5647 2595 5677 ²
2635 5642 2793 5701 Joan.
2826 5658 2941 5709 Vill,
2978 5641 3066 5697 58.
3143 5640 3162 5670 ³
3206 5636 3368 5690 llcbr.
3401 5649 3467 5702 ιι,

212 5707 298 5762 l7.
375 5709 396 5739 ⁸
433 5708 589 5764 Joan.
624 5726 736 5777 xw,
766 5709 821 5766 9.
893 5711 914 5741 '
954 5709 1056 5765 lsa.
1084 5725 1194 5777 ut,
1235 5713 1288 5777 1,
1318 5712 1383 5779 2;
1412 5711 1543 5768 Luc.
1577 5728 1652 5780 tv,
1691 5714 1778 5774 l8.
1808 5707 1895 5771 i9.

282 5847 357 5916 (ι)
396 5845 509 5902 Vel.
549 5845 644 5902 Sin
682 5846 867 5904 volens
902 5848 1045 5904 nullo
1073 5850 1232 5907 modo
1262 5851 1402 5913 inter
1426 5865 1486 5909 se
1514 5851 1567 5908 in
1600 5851 1770 5927 gloria
1808 5852 2120 5911 convenire.
