4088 6468
620 417 727 473 159

1615 416 1676 471 S.
1720 413 1991 469 CYRILLI
2032 409 2496 466 ALEXANDRINI
2538 407 2857 464 ARCHIEP.

3806 406 3836 460 1
3847 403 3930 458 (50

624 531 706 585 uis
733 529 821 599 qui
852 529 1027 585 credit
1063 532 1116 585 in
1155 532 1354 601 ipsum,
1395 547 1500 586 non
1530 541 1736 604 pereat,
1768 534 1860 586 sed
1900 534 2092 587 habeat
2132 532 2192 585 vi-

2312 546 2428 593 κεν,
2461 530 2547 583 ῖνα
2588 532 2697 593 πᾶς
2731 531 2759 583 6
2807 528 3083 581 πιστεύων
3118 528 3200 591 εἰς
3246 527 3429 593 αὑτὸν,
3476 529 3551 600 μὴ
3600 528 3930 599 ἀπόληται,

626 632 730 672 tam
760 629 1018 674 arternam
1048 621 1101 688 ‘;
1136 641 1154 673 ι
1179 632 1233 677 et
1259 638 1473 678 rursum
1501 644 1514 679 :
1556 643 1572 675 i
1594 624 1693 690 Qui
1725 624 1898 677 credit
1930 623 1980 677 in
2008 624 2201 691 ipsum,

625 726 727 763 non
758 711 1064 779 judicatur;
1096 712 1185 782 qui
1221 722 1400 768 autem
1434 730 1538 767 non
1569 715 1761 778 credit,
1790 712 1901 780 jam
1933 713 2205 782 judicatus

621 815 735 866 est,
786 802 908 872 quia
959 819 1064 857 non
1117 805 1347 859 credidit.
1395 806 1446 859 in
1502 807 1718 860 nomine
1766 805 2026 875 unigeniti
2082 805 2204 859 Filii

625 891 716 946 Dei
750 894 790 945 ⁷.
825 913 844 945 ι
884 893 1019 947 Num
1068 910 1197 964 ergo
1234 897 1465 951 seorsim
1495 913 1558 951 ac
1590 896 1738 951 solus
1771 896 1861 951 ille
1890 913 1956 952 ex
1998 897 2205 951 semine

623 984 896 1038 Abraham
939 1000 1058 1039 csse
1112 987 1434 1055 intelligitur
1468 989 1799 1058 unigenitus,
1851 1004 1971 1043 cum
2020 1000 2204 1058 aperte

625 1077 901 1144 scripserit
932 1076 1168 1133 Joannes
1216 1097 1230 1133 :
1288 1098 1307 1130 ι
1342 1078 1661 1149 Unigenitus
1699 1080 1867 1135 Filius
1907 1081 1996 1151 qui
2035 1093 2118 1136 est
2151 1082 2202 1137 in

626 1166 744 1219 sinu
778 1167 975 1230 Patris,
1004 1169 1092 1223 ille
1121 1170 1396 1224 enarravit
1422 1170 1478 1237 ⁸;
1513 1189 1530 1221 ι
1557 1186 1620 1224 ac
1644 1180 1901 1239 praeterea
1930 1171 2030 1224 alia
2063 1188 2201 1241 quo-

624 1272 730 1327 que
757 1272 908 1312 sacra
948 1258 1227 1329 Scriptura
1265 1279 1277 1314 :
1314 1280 1330 1311 i
1364 1262 1496 1315 Cum
1530 1270 1707 1317 autem
1750 1262 2049 1318 introducit
2083 1263 2203 1319 Pri-

625 1349 955 1415 mogenituni
992 1352 1043 1403 iu
1088 1351 1273 1406 orbem
1302 1361 1459 1406 terrte
1504 1353 1635 1408 dicit
1674 1372 1687 1407 :
1726 1354 1791 1407 Et
1820 1357 2044 1409 adorent
2078 1372 2199 1411 eum

623 1449 813 1491 omnes
844 1440 1015 1507 angeli
1060 1442 1148 1493 Dei
1174 1442 1233 1506 ⁶;
1268 1460 1285 1492 ι
1322 1442 1711 1509 primogenitus
1754 1454 1935 1498 autem
1982 1461 2202 1515 prorsus

622 1539 703 1581 est
748 1530 834 1584 ille
874 1532 923 1584 in
975 1534 1153 1587 multis
1202 1534 1482 1599 fratribus,
1523 1553 1626 1591 non
1668 1538 1755 1592 ille
1795 1540 1942 1593 solus
1980 1557 2044 1594 ex
2087 1542 2202 1597 solo

623 1619 733 1673 Deo
759 1637 821 1676 ac
849 1622 1005 1677 Patre
1033 1625 1268 1695 genitus.
1302 1625 1593 1696 Sequimur
1625 1630 1769 1684 enim
1806 1632 2019 1685 interim
2059 1643 2199 1700 tuas,

620 1711 705 1763 vir
747 1716 981 1782 egregie.
1033 1717 1429 1785 distinctiones,
1474 1733 1537 1773 ac
1580 1734 1890 1789 spectamus
1933 1726 2200 1792 consulto,

620 1815 727 1869 quo
760 1806 969 1859 tandem
998 1811 1155 1862 verba
1190 1812 1498 1868 deveniaut.
1542 1813 1684 1884 Ergo
1729 1816 1870 1886 (jam
1904 1819 2046 1872 enini
2077 1835 2201 1873 ora-

2308 622 2423 674 ἀλλ’
2449 622 2548 693 ἔχῃ
2583 621 2727 693 ζωὴν
2756 620 3005 675 αἰώνιον·
3050 640 3068 672 ι
3117 619 3212 673 καὶ
3250 620 3433 685 πάλιν,
3466 639 3483 673 ι
3533 621 3593 674 Ὀ
3622 618 3934 674 πιστεύων

2306 714 2385 775 εἰς
2414 714 2598 773 αὑτὸν,
2631 714 2693 764 οὑ
2746 714 3029 783 κρίνεται·
3058 714 3085 764 ό
3113 711 3170 764 δὲ
3220 711 3294 782 μὴ
3342 711 3634 774 πιστεύων,
3672 712 3783 783 ήδη
3823 709 3937 763 κέ-

2307 821 2488 875 κριται
2508 822 2520 833 ’
2552 808 2634 858 ὅτι
2682 804 2756 873 μὴ
2787 803 3154 862 πεπίστευκεν
3184 804 3264 865 εἰς
3290 804 3350 856 τὸ
3385 803 3555 873 ὄνομα
3598 802 3693 857 τοῦ
3728 818 3931 873 μονο-

2306 894 2494 961 γενοῦς
2513 894 2645 947 Υἱοῦ
2665 893 2761 946 τοῦ
2790 892 2981 947 Θεοῦ.)
3004 889 3073 947 'A
3085 894 3135 964 ρ’
3159 889 3252 946 οὖν
3280 893 3543 964 ὑπάρχειν
3566 896 3770 949 νοεῖται
3815 908 3935 961 μο-

2306 984 2531 1053 νογενὴς
2561 984 2666 1054 ἰδίᾳ
2697 1001 2758 1036 τε
2800 985 2895 1036 καὶ
2925 984 3085 1052 μόνος
3116 985 3143 1037 ό
3166 984 3230 1036 ὲκ
3265 985 3582 1053 σπέρματος
3616 982 3931 1053 ’Δϐρσιὰμ,

2305 1074 2480 1128 καίτοι
2532 1075 2867 1143 γεγραφότος
2902 1074 3151 1129 Ἰωάννου
3188 1074 3377 1142 σαφῶς
3401 1092 3414 1107 ·
3443 1094 3462 1125 ‹
3516 1076 3572 1129 Ὀ
3599 1073 3931 1144 μονογενὴς

2306 1166 2454 1231 Υἱὸς,
2486 1167 2514 1219 6
2542 1166 2617 1218 ὣν
2656 1168 2736 1229 εἰς
2768 1165 2861 1218 τὸν
2901 1165 3101 1219 κόλπον
3141 1164 3236 1220 τοῦ
3270 1164 3501 1234 Πατρός,
3552 1166 3761 1228 ἐκεῖνος
3825 1162 3933 1227 ἐξ·

2305 1258 2578 1327 ηγήσατο·
2619 1276 2637 1308 ι
2690 1258 2784 1311 καὶ
2822 1256 2928 1327 μὴν
2961 1258 3053 1309 καὶ
3088 1256 3279 1326 ἐτέρου
3321 1256 3653 1327 Γράμματος
3696 1255 3877 1326 ἱεροῦ
3907 1271 3923 1283 ·

2310 1366 2330 1399 ι
2368 1350 2536 1402 Ὅταν
2572 1349 2628 1400 δὲ
2662 1350 2931 1418 εἰσαγάγῃ
2972 1348 3063 1401 τὸν
3090 1349 3445 1420 Πρωτότοκον
3470 1351 3553 1411 εἰς
3585 1348 3679 1419 τὴν
3708 1349 3930 1401 οἰκου-

2311 1440 2505 1511 μένην,
2558 1440 2735 1508 λέγει’
2774 1441 2883 1493 Καὶ
2910 1439 3453 1509 προσκυνησάτωσαν
3496 1439 3643 1508 αὑτῷ
3686 1438 3927 1499 πάντες

2304 1530 2525 1598 ἄγγελοι
2552 1530 2708 1583 Θεοῦ.
2739 1550 2756 1581 ι
2785 1530 3135 1601 Πρωτότοκος
3158 1528 3215 1583 δὲ
3242 1528 3420 1598 πάντη
3443 1545 3502 1581 τε
3528 1529 3622 1581 κα)⁸
3674 1530 3927 1589 πάντως

2305 1624 2390 1693 εἴη
2421 1624 2487 1677 ἂν
2520 1627 2548 1677 6
2572 1625 2630 1677 ιν
2668 1624 2880 1687 πολλοῖς
2922 1623 3193 1691 ἀδελφοῖς,
3220 1624 3319 1693 οὑχ
3362 1625 3390 1675 6
3427 1622 3583 1693 μόνος
3612 1623 3675 1675 ὲκ
3726 1621 3924 1689 μόνου

2305 1716 2700 1787 γεγεννημένος
2734 1715 2827 1768 τοῦ
2856 1712 2993 1767 Θεοῦ
3040 1715 3133 1767 καὶ
3183 1713 3417 1785 Πατρός.
3459 1713 3732 1784 Ἐψόμεθα
3791 1714 3927 1783 γάρ

2304 1809 2444 1871 τέως
2475 1811 2595 1870 ταῖς
2631 1810 2769 1871 σαῖς,
2801 1802 2847 1861 ῶ
2877 1799 3054 1869 οὗτος,
3086 1806 3426 1869 διαστολαῖς,
3458 1806 3925 1878 καραδοκοῦντες

622 1891 820 1947 tionem
862 1897 926 1947 ad
976 1898 1122 1951 initia
1164 1904 1468 1971 revocabo)
1509 1906 1597 1973 qui
1644 1906 1890 1961 humana:
1917 1911 2109 1965 animae
2149 1923 2192 1965 et

2305 1899 2666 1970 οἰκονομικῶς
2703 1901 2826 1952 ὅποι
2875 1899 3006 1952 ποτὲ
3039 1901 3170 1969 ἡμῖν
3210 1898 3583 1951 διεκπαίουσιν
3626 1899 3676 1950 οἱ
3715 1897 3919 1965 λόγοι.

615 1984 798 2039 carnis
824 1986 1223 2046 fraternitatem
1258 1995 1541 2048 nobiscum
1569 1999 1826 2067 suscepit,
1850 2008 1903 2053 et
1934 2008 2094 2056 natus
2115 2014 2201 2057 est

615 2086 681 2127 ex
723 2076 929 2131 semine
966 2082 1261 2147 Abraham,
1316 2085 1360 2138 is
1409 2088 1800 2153 primogenitus
1839 2091 1948 2145 erit
1991 2094 2195 2163 utique,

617 2174 673 2218 ut
704 2167 756 2220 in
790 2169 973 2224 multis
995 2171 1256 2229 fratribus
1293 2193 1307 2230 :
1337 2177 1425 2230 ille
1457 2193 1583 2231 vero
1614 2180 1665 2231 in
1711 2182 1831 2234 sinu
1877 2183 1967 2236 Dei
2000 2194 2054 2238 et
2093 2184 2196 2238 Pa—

616 2256 737 2321 tris,
776 2261 1083 2328 unigenitus
1136 2265 1277 2320 Deus
1328 2266 1587 2323 Verbum.
1647 2271 1809 2341 Atqui
1867 2290 1987 2329 cum
2041 2292 2195 2332 sacra

617 2346 892 2418 Scriptura
927 2353 1069 2407 dicat
1113 2356 1162 2409 in
1194 2355 1388 2411 Filium
1430 2358 1520 2413 Dei
1554 2361 1889 2429 unigenitum
1924 2381 2045 2422 esse
2074 2382 2194 2423 cre-

612 2435 871 2502 deuduin,
909 2454 1012 2507 qua
1047 2441 1114 2496 de
1148 2458 1309 2498 causa
1353 2446 1508 2503 nobis
1543 2461 1831 2519 cognatum
1865 2463 2027 2524 atque
2062 2473 2195 2514 con-

612 2525 1025 2583 substantialem
1066 2547 1188 2585 cum
1230 2540 1603 2606 proposueris,
1635 2543 1771 2599 dicis
1802 2560 1907 2601 non
1942 2560 2197 2617 oportere

611 2616 679 2710 ab
702 2616 820 2685 ejus
851 2619 1111 2710 dimoveri
1146 2624 1294 2680 tide'!
1331 2626 1472 2698 Ergo
1496 2646 1719 2689 necesse
1742 2648 1827 2692 est
1868 2616 2195 2710 conjungere

613 2706 665 2757 in
694 2721 856 2761 unum
891 2709 1175 2767 Dominum
1201 2724 1253 2769 et
1284 2714 1583 2786 Christum,
1613 2706 2001 2793 conjunctione
2027 2706 2193 2787 nimi-

611 2810 729 2848 rum
757 2802 1053 2857 secundum
1085 2804 1420 2875 liypostasin,
1459 2820 1515 2865 ut
1545 2812 1597 2867 in
1628 2818 1819 2872 eodem
1862 2820 2194 2893 intelligatur

610 2888 941 2957 unigenitus,
980 2903 1035 2947 et
1062 2896 1457 2966 primogenitus
1514 2904 1696 2972 idem;
1739 2922 1805 2964 eo
1839 2914 1978 2980 quod
2017 2888 2191 2983 ipsum

608 2993 673 3032 ex
717 2980 825 3036 Deo
872 2984 1030 3040 Patre
1063 2987 1296 3045 Verbum
1328 3008 1450 3049 eum
1500 3008 1645 3054 esset
1684 3014 1750 3055 ex
1800 3014 1992 3059 natura
2027 2980 2188 3073 heus,

610 3077 811 3133 factum
843 3092 924 3134 est
959 3084 1121 3139 homo
1153 3090 1324 3144 nostri
1351 3090 1567 3159 similis,
1599 3104 1655 3150 et
1686 3112 1750 3151 ex
1785 3100 1997 3157 semine
2016 3103 2188 3157 Abra-

608 3169 756 3274 ham.
809 3170 1022 3279 Etenim
1069 3189 1285 3234 acutum
1318 3185 1419 3238 sibi
1451 3189 1704 3255 quiddam
1738 3191 2012 3249 invenisse
2037 3198 2188 3251 viile-
2216 3221 2258 3282 ρ

611 3270 713 3325 tur,
745 3264 926 3335 itaque
949 3269 1029 3325 sic
1061 3287 1249 3328 rursus
1275 3276 1351 3328 ait
1382 3294 1396 3331 :

677 3532 939 3605 [Νεετοιι.
980 3538 1303 3598 Meministis
1346 3553 1526 3599 autem
1572 3562 1795 3617 prorsus
1842 3566 2027 3607 eorum
2066 3570 2186 3623 quas

604 3641 748 3694 szepe
775 3628 884 3681 dixi
910 3630 1080 3694 vobis,
1110 3645 1231 3686 cum
1262 3638 1394 3689 duas
1421 3636 1473 3690 in
1503 3637 1721 3694 Christo
1746 3651 1966 3697 naturas
1994 3645 2185 3701 distin-

603 3734 823 3788 guerent
856 3740 868 3775 :
901 3724 1018 3777 dua:
1040 3733 1170 3779 sunt
1197 3726 1363 3789 enim,
1397 3730 1440 3782 si
1468 3739 1715 3784 naturain
1750 3742 1991 3801 spectes;
2024 3736 2069 3791 si
2105 3740 2186 3793 di-

601 3812 881 3874 gnitatem,
912 3813 1136 3882 simplex
1165 3832 1181 3868 :
1216 3827 1534 3873 naturarum
1568 3821 1713 3874 enim
1742 3826 2045 3881 auctoritas
2077 3845 2181 3883 una

599 3914 683 3958 est
731 3915 949 3973 propter
993 3908 1473 3977 conjiinctionem,
1528 3913 1631 3983 91
1695 3917 1906 3972 naturis
1963 3922 2179 3984 quidem

600 4012 814 4066 semper
850 3999 901 4053 in
931 4016 1028 4055 suo
1055 4003 1245 4057 ordine
1288 4008 1751 4073 permanantibus,
1792 4011 1887 4064 sed
1921 4012 2184 4081 dignitate

600 4090 909 4160 conjuncta,
942 4101 999 4145 ut
1027 4093 1137 4157 jam
1182 4094 1315 4157 dixi,
1348 4095 1399 4148 in
1438 4099 1813 4153 auctoritatem
1842 4102 2077 4160 uuirant.
2107 4104 2124 4175 ]

1252 4231 1403 4287 CAP.
1443 4232 1531 4289 VI.

672 4358 778 4416 Sed
803 4358 959 4417 facile
979 4377 1201 4432 prorsus
1226 4366 1601 4431 iutellexisses,
1638 4370 1680 4423 si
1709 4371 1920 4426 divinas
1946 4372 2181 4430 Litteras

2304 1991 2512 2046 Οὐκοῦν
2546 1991 2889 2061 (ἀνακομίσω
2920 1990 3029 2061 γὰρ
3057 1990 3151 2043 τὸν
3179 1990 3337 2057 λόγον
3369 1990 3448 2051 εἰς
3471 1988 3529 2041 τὸ
3560 1989 3654 2042 ἀπ’
3684 1989 3917 2058 ἀρχῆς)

2301 2088 2329 2139 6
2356 2084 2539 2154 ψυχῆς
2572 2083 2920 2154 ἀνθρωπίνης
2965 2084 3059 2136 καὶ
3098 2082 3299 2153 σαρκὸς
3334 2080 3472 2152 πρὸς
3501 2082 3647 2151 ἡμᾶς
3688 2081 3919 2135 ἀναλα·

2302 2175 2413 2227 δὼν
2433 2174 2792 2245 ἀδελφότητα,
2821 2172 3063 2242 γεγονὼς
3088 2173 3145 2225 δὲ
3171 2175 3235 2225 ἐκ
3262 2172 3577 2241 σπέρματος
3614 2170 3916 2240 Ἀϐραὰμ,

2299 2266 2641 2338 πρωτότοκος
2669 2266 2754 2334 εῖη
2782 2264 2847 2318 ἂν
2878 2264 2954 2325 ὡς
2976 2265 3033 2316 ὲν
3066 2264 3283 2326 πολλοῖς
3314 2263 3566 2331 ἀδελφοῖς
3591 2278 3604 2292 ·
3629 2263 3657 2315 ὃ
3680 2279 3743 2330 γε
3791 2263 3918 2332 μὴν

2298 2357 2357 2410 ὲν
2387 2357 2571 2426 κόλπῳ
2598 2355 2693 2409 τοῦ
2722 2354 2858 2409 Θεοῦ
2887 2356 2982 2409 καὶ
3013 2355 3249 2425 Πατρός,
3287 2355 3582 2425 μονογενὴς
3614 2353 3749 2407 Θεοῦ
3789 2355 3915 2408 Δό-

2298 2466 2411 2517 γος.
2435 2443 2569 2500 Εἶτα
2600 2448 2697 2518 τῆς
2729 2445 3089 2500 θεοπνεύστου
3124 2445 3373 2516 Γραφῆς,
3403 2446 3485 2508 εἰς
3520 2445 3611 2498 τὸν
3642 2445 3776 2497 Υἰὸν
3802 2445 3914 2498 τοῦ

2296 2539 2431 2593 Θεοῦ
2458 2540 2548 2591 τὸν
2598 2536 2866 2609 μονογενῆ
2914 2537 3113 2607 χρῆναι
3150 2536 3417 2607 λεγούσης
3472 2536 3747 2589 ποιεῖσθαι
3795 2536 3916 2603 τὴν

2298 2634 2505 2695 πίστιν,
2538 2635 2627 2688 τὸν
2659 2630 2901 2700 συγγενῆ
2940 2648 2999 2684 τε
3028 2632 3125 2684 καὶ
3153 2632 3287 2701 ἡμῖν
3314 2629 3621 2700 ὁμοούσιον,
3656 2628 3914 2683 ἀνθότου

2295 2724 2637 2793 παρατιθεὶς,
2671 2725 2745 2794 μὴ
2772 2722 2838 2794 δὴ
2882 2723 3080 2793 χρῆναι
3118 2723 3226 2794 φὴς
3259 2722 3357 2792 τῆς
3395 2724 3477 2785 εἰς
3512 2721 3674 2775 αὑτὸν
3707 2737 3916 2790 παρα-

2293 2816 2594 2889 τρέπεσθαι
2632 2817 2902 2881 πίστεως;
2937 2814 3147 2869 Οὑκοῦν
3177 2815 3394 2885 ἀνάγκη
3429 2815 3637 2867 συνδεῖν
3671 2814 3750 2876 εἰς
3799 2812 3914 2864 ἕνα

2295 2908 2502 2980 Κύριον
2532 2909 2628 2963 καὶ
2676 2909 2942 2981 Χριστόν
2985 2910 3106 2963 κατ’
3137 2909 3353 2981 ἔνδησιν
3410 2908 3466 2961 δὲ
3510 2908 3753 2980 δηλονότι
3796 2908 3913 2979 τὴν

2294 3002 2417 3055 καθ’
2447 3003 2768 3063 ὑπόστασιν,
2803 3002 2893 3056 ’ἕνα
2920 3003 2976 3055 ὲν
3020 2999 3205 3071 ταυτῷ
3246 3002 3418 3053 νοοῖτο
3459 2998 3757 3070 μονογενὴς
3802 3002 3914 3052 καὶ

2291 3094 2636 3165 πρωτότοκος
2664 3095 2692 3146 6
2720 3093 2904 3159 αὑτὸς,
2945 3092 3080 3146 καθὸ
3107 3092 3267 3162 φύσει
3296 3092 3429 3156 Θεὸς
3470 3092 3734 3162 ὑπάρχων
3755 3094 3793 3145 ὁ
3839 3096 3913 3145 ἐκ

2292 3184 2429 3239 Θεοῦ
2463 3184 2675 3255 Πατρός
2714 3186 2909 3253 Λόγος,
2960 3184 3184 3254 γέγονεν
3226 3184 3512 3255 ἄνθρωπος
3537 3182 3657 3237 καθ’
3709 3184 3908 3252 ἡμᾶς,

2291 3279 2385 3331 κα)⁸
2418 3281 2483 3332 ἐκ
2531 3279 2844 3348 σπέρματος
2896 3278 3172 3349 Ἁϐραάμ.
3227 3278 3388 3331 Ἀλλά
3434 3277 3543 3347 γὰρ
3582 3276 3914 3347 ἐξηύρηταί

2292 3388 2342 3423 τι
2371 3370 2533 3440 σοφὸν
2562 3370 2734 3440 αὑτῷ,
2772 3370 3024 3441 καθάπερ
3065 3366 3157 3422 οὖν
3204 3368 3378 3423 οἴεται
3423 3367 3516 3421 καί
3549 3384 3711 3437 φησιν
3738 3367 3911 3420 οὕτω

2290 3460 2454 3514 πάλιν
2484 3475 2500 3490 ⁶

2360 3552 2691 3624 [Μέμνησθε
2722 3554 2779 3606 δέ
2829 3571 2932 3607 που
2967 3552 3183 3613 πάντως
3214 3550 3311 3606 καὶ
3359 3551 3428 3605 τὰ
3474 3549 3739 3611 πολλάκις
3788 3566 3905 3619 μοι

2286 3645 2426 3715 πρὸς
2455 3645 2601 3714 ὑμᾶς
2626 3645 2914 3715 εἰρημένα,
2945 3643 3045 3706 τὰς
3077 3643 3274 3705 διπλᾶς
3302 3642 3441 3713 πρὸς
3476 3642 3566 3695 τὸν
3594 3640 3908 3711 Δεσπότην

2286 3735 2525 3805 Χριστὸν
2557 3735 2888 3805 διακρίνοντι
2920 3733 3112 3801 φύσεις
3134 3748 3147 3761 ·
3181 3732 3369 3786 διπλαῖ
3400 3732 3498 3802 μὲν
3528 3732 3633 3803 γὰρ
3677 3734 3743 3801 τῇ
3786 3732 3907 3799 φύ-

2288 3836 2390 3883 σει,
2418 3824 2482 3891 τῇ
2517 3822 2574 3873 δὲ
2606 3821 2733 3890 ἀξίᾳ
2782 3821 3070 3891 μοναδικαί
3092 3836 3105 3850 ·
3141 3822 3174 3891 ἡ
3214 3821 3323 3892 γὰρ
3371 3821 3480 3874 τῶν
3512 3823 3727 3891 φύσεων
3779 3824 3904 3875 αὐ-

2287 3910 2492 3975 θεντία,
2521 3911 2611 3964 διὰ
2640 3913 2741 3983 τὴν
2773 3912 3091 3980 συνάφειαν,
3124 3912 3256 3981 μία’
3293 3912 3400 3965 τῶν
3433 3912 3532 3983 μὲν
3570 3913 3797 3980 φύσεων
3836 3918 3904 3968 ὲν

2287 4006 2353 4074 τῇ
2392 4004 2570 4075 οἰκείᾳ
2595 4004 2747 4070 τάξει
2778 4004 2865 4057 διὰ
2905 4003 3107 4066 παντὸς
3149 4003 3460 4073 μενουσῶν·
3486 4004 3584 4074 τῆς
3625 4003 3681 4055 δὲ
3717 4003 3907 4070 ἀξίας

2287 4096 2659 4166 συνημμένης,
2683 4096 2758 4159 ὡς
2789 4097 3070 4165 προεῖπον,
3106 4096 3188 4158 εἰς
3212 4094 3499 4150 αὑθεντίαν
3532 4094 3903 4169 μοναδικήν.]

2886 4233 3134 4285 κΕψΑΑ.
3180 4235 3271 4300 ς’.

2360 4369 2499 4423 Ἀλλ’
2530 4365 2673 4439 ἦσθά
2708 4387 2809 4423 που
2865 4369 3086 4433 πάντως
3125 4369 3393 4440 εὐμαθὴς,
3424 4376 3490 4441 τῇ
3531 4372 3903 4447 θεοπνεύστῳ

598 4454 749 4523 sequi
776 4455 1093 4521 statuisses,
1121 4473 1241 4526 quae
1272 4460 1647 4514 unuin'dicunt
1674 4460 1960 4517 Dominum
1992 4464 2177 4519 Jesum

2297 4460 2475 4529 Γραφῇ
2535 4457 2957 4513 κατακολουθεῖν
3005 4461 3299 4529 ᾑρημένος,
3342 4460 3438 4513 ἕνα
3485 4461 3719 4533 λεγούσῃ
3760 4463 3903 4517 Κύ-

596 4546 903 4613 Cliristum,
932 4563 1035 4601 non
1081 4548 1422 4618 sejungentes
1474 4551 1618 4605 illum
1652 4569 1715 4607 ex
1762 4558 1968 4610 semine
2004 4558 2173 4610 Abra-

2297 4568 2400 4603 DtOV
2448 4550 2655 4619 Ἰησοῦν
2696 4550 2950 4619 Χριστὸν,
2992 4551 3085 4603 καὶ
3135 4552 3235 4604 οὑκ
3286 4553 3391 4606 ἀνὰ
3447 4553 3612 4622 μέρος
3656 4554 3900 4628 τιθείσῃ

598 4639 743 4701 ham,
763 4648 816 4691 et
834 4638 960 4691 illud
976 4653 1038 4693 ex
1062 4642 1165 4693 Deo
1182 4640 1341 4695 Patre
1371 4640 1617 4696 Verbum.
1640 4645 1718 4696 Ad
1742 4645 1853 4697 hanc
1870 4646 1996 4699 illud
2015 4647 2177 4702 etiam

2297 4644 2383 4695 τὸν
2410 4644 2474 4695 ὲκ
2499 4643 2814 4712 σπέρματος
2861 4641 3135 4713 Ἀϐραὰμ,
3162 4642 3254 4695 καὶ
3286 4644 3375 4695 τὸν
3408 4646 3471 4698 ἐκ
3501 4644 3633 4697 Θεοῦ
3658 4647 3898 4717 Πατρὸς

593 4731 937 4785 considerare
959 4734 1230 4801 oportuit:
1264 4733 1363 4786 alia
1387 4746 1468 4787 est
1494 4736 1636 4788 enim
1668 4752 1751 4789 res
1768 4738 2042 4801 divinitas,
2071 4738 2173 4793 alia

593 4832 791 4875 nostrae
816 4823 1010 4877 similis
1036 4825 1374 4888 humanitas,
1403 4828 1545 4895 quod
1571 4828 1636 4880 ad
1672 4830 1935 4884 rationem
1977 4831 2175 4886 attinet

592 4928 711 4980 quae
730 4915 938 4969 naturis
966 4916 1102 4969 inest
1126 4934 1138 4970 :
1162 4933 1453 4986 congressu
1474 4928 1653 4972 autem
1675 4921 1968 4974 secundum
1987 4936 2172 4977 veram

595 5007 865 5069 unionem,
885 5023 1022 5061 unus
1048 5018 1125 5062 est
1156 5026 1219 5062 ex
1239 5012 1482 5079 utrisque
1497 5010 1769 5074 Christus,
1795 5023 1850 5064 ut
1872 5014 2174 5081 smpedixi-

596 5113 748 5152 mus:
777 5100 1155 5169 hypostasihus
1186 5116 1328 5165 veru,
1363 5114 1417 5155 ut
1449 5113 1501 5154 tu
1536 5103 1635 5160 ais.
1670 5103 1719 5154 in
1749 5102 1853 5157 duo
1887 5104 2093 5167 divisis,
2122 5113 2176 5159 et

594 5191 822 5244 seorsim
855 5206 920 5245 ac
949 5193 1195 5261 privatim
1245 5193 1509 5248 exsistere
1548 5194 1833 5249 intellectis
1855 5236 1868 5259 ,
1898 5196 2172 5264 quomodo

2284 4734 2481 4801 Λόγον.
2518 4733 2626 4785 Καὶ
2665 4732 2802 4801 πρός
2841 4749 2905 4799 γε
2939 4732 3005 4802 δὴ
3050 4733 3243 4802 τούτῳ,
3280 4734 3503 4785 κάκεῖνο
3540 4734 3896 4789 διανοεῖσθαι

2282 4829 2419 4896 χρη·
2448 4824 2636 4893 ἕτερον
2675 4823 2773 4889 μὲν
2810 4823 2919 4893 γάρ
2953 4841 3004 4876 τι
3030 4824 3222 4893 χρῆμα
3269 4823 3482 4893 θεότης,
3530 4825 3716 4894 ἕτερον
3745 4825 3816 4878 δὲ
3853 4832 3891 4899 ἡ

2284 4916 2405 4969 καθ’
2434 4917 2582 4983 ἡμᾶς
2612 4914 2988 4984 ἀνθρωπότης,
3014 4915 3157 4968 κατά
3192 4932 3255 4982 γε
3278 4917 3373 4967 τὸν
3398 4916 3586 4970 ἐνόντα
3610 4920 3731 4980 ταῖς
3761 4921 3891 4987 φύ-

2284 5022 2401 5059 σεσι
2431 5006 2620 5073 λόγον’
2673 5005 2943 5075 συμϐάσει
2975 5005 3032 5057 δὲ
3059 5008 3126 5076 τῇ
3166 5006 3289 5059 καθ’
3328 5007 3523 5060 ἕνωσιν
3558 5009 3755 5079 ἀληθῆ,
3790 5008 3894 5077 εἷς

2282 5094 2342 5158 ἐξ
2386 5096 2590 5164 ἀμφοῖν
2629 5096 2657 5148 6
2692 5095 2944 5165 Χριστὸς,
2974 5096 3117 5149 καθά
3164 5096 3482 5162 πλειστάκις
3530 5100 3850 5169 εἰρήκαμεν
3874 5123 3893 5136 ο

2280 5187 2389 5240 τῶν
2415 5204 2476 5255 γε
2516 5186 2620 5259 μὴν
2640 5187 3014 5252 ὑποστάσεων,
3043 5188 3118 5251 ὡς
3150 5190 3213 5241 σὺ
3238 5189 3366 5259 φὴς,
3400 5190 3747 5262 διῃρημένων
3789 5197 3893 5260 εἰς

597 5296 916 5351 congressus
937 5285 988 5338 iu
1009 5300 1170 5339 unam
1193 5301 1478 5355 personam
1509 5284 1620 5351 tiet,
1649 5286 1748 5338 nisi
1773 5302 1937 5341 unum
1959 5286 2180 5341 alterius

2297 5280 2392 5339 ἰύο,
2434 5281 2528 5333 καὶ
2568 5278 2877 5349 νοουμένων
2906 5279 3174 5349 ὑπάρχειν
3206 5280 3313 5335 ἀνὰ
3351 5280 3518 5352 μέρος
3559 5300 3617 5337 τε
3644 5284 3736 5340 καὶ
3771 5286 3893 5339 ἰδι-

595 5390 719 5429 esse
766 5378 1159 5446 quadamniodo
1212 5379 1484 5446 proprium
1526 5378 1735 5432 dicatur
1762 5418 1776 5441 ,
1811 5390 1870 5432 ut
1919 5380 2173 5435 nimirum

598 5465 849 5519 humanae
893 5466 1084 5519 anima:
1111 5469 1384 5536 prppriuiu
1436 5468 1752 5538 intelligitur
1795 5471 1913 5537 ejus
1958 5486 2177 5540 corpus,

595 5555 846 5624 quamvis
898 5556 1125 5611 diversa:
1175 5558 1244 5611 sit
1276 5558 1343 5611 ab
1392 5574 1453 5612 ca
1494 5568 1699 5613 natura:
1737 5577 1751 5613 :
1794 5576 1966 5629 neque
2033 5561 2177 5614 enim

601 5648 740 5700 idem
762 5658 839 5701 i-st
872 5651 1044 5700 anima
1071 5658 1121 5701 et
1144 5665 1359 5716 corpus.
1398 5650 1503 5705 Sed
1526 5652 1665 5705 dicet
1692 5650 1919 5705 fortasse
1950 5652 2140 5721 aliquis
2166 5670 2178 5706 :

2282 5371 2414 5435 κῶς,
2450 5372 2567 5435 πῶς
2602 5372 2666 5425 ἂν
2699 5371 2910 5439 γένοιτο
2950 5370 3222 5441 σύμϐασις
3264 5373 3344 5435 εἰς
3377 5374 3671 5443 πρόσωπον
3700 5376 3782 5439 ἓν,
3829 5382 3890 5432 εἰ

2285 5465 2360 5535 μὴ
2387 5464 2494 5535 ἀρα
2520 5481 2635 5527 πως
2669 5464 2801 5517 ἴδιον
2839 5464 2903 5515 ἓν
2939 5462 3056 5525 ἐνὸς
3085 5462 3329 5530 λέγοιτο’
3373 5464 3629 5536 καθάπερ
3673 5467 3893 5536 ἀμέλει,

2282 5558 2380 5625 τῆς
2411 5555 2698 5627 ἀνθρώπου
2728 5554 2907 5624 ψυχῆς
2941 5553 3070 5606 ἴδιον
3102 5553 3166 5606 ἂν
3196 5556 3367 5606 νοοῖτο
3394 5555 3455 5607 τὸ
3482 5556 3639 5626 σῶμα
3674 5558 3886 5628 αὐτῆς,

2288 5648 2465 5701 καίτοι
2499 5644 2633 5715 πρὸς
2670 5645 2836 5716 αὐτὴν
2865 5643 3106 5714 ὑπάρχον
3137 5644 3423 5713 ὲτεροφυές
3451 5662 3463 5673 ·
3502 5647 3560 5698 οὑ
3607 5648 3715 5717 γάρ
3761 5665 3886 5704 που

676 5828 695 5859 ⁵
733 5826 889 5883 Juan.
937 5845 1017 5894 tu,
1057 5828 1137 5883 l6.
1216 5830 1234 5861 ⁷
1278 5829 1405 5885 ibid.
1446 5830 1523 5885 l8.
1607 5831 1624 5860 δ
1666 5828 1821 5885 Juau.
1852 5846 1889 5896 ι,
1934 5829 2015 5884 18.
2099 5832 2115 5861 ’
2163 5829 2325 5885 llcbr.
2363 5845 2398 5894 t,
2432 5828 2486 5882 6.
