  <div class='ocr_page' id='page_1' title='image "/cluster/home/n/w/nwhite01/storage/ocr_20150623/76/hvd.32044019207943/088.png"; bbox 0 0 4088 6476; ppageno 0'>
   <div class='ocr_carea' id='block_1_1' title="bbox 174 371 276 425">
    <p class='ocr_par' dir='ltr' id='par_1_1' title="bbox 174 371 276 425">
     <span class='ocr_line' id='line_1_1' title="bbox 174 371 276 425; baseline 0 0"><span class='ocrx_word' id='word_1_1' title='bbox 174 371 276 425; x_wconf 69' lang='grc'><strong>161</strong></span> 
     </span>
    </p>
   </div>
   <div class='ocr_carea' id='block_1_2' title="bbox 1288 360 2415 418">
    <p class='ocr_par' dir='ltr' id='par_1_2' title="bbox 1288 360 2415 418">
     <span class='ocr_line' id='line_1_2' title="bbox 1288 360 2415 418; baseline 0.002 -3"><span class='ocrx_word' id='word_1_2' title='bbox 1288 360 1660 417; x_wconf 77' lang='lat' dir='ltr'><strong>ADVERSUS</strong></span> <span class='ocrx_word' id='word_1_3' title='bbox 1701 360 2109 418; x_wconf 78' lang='lat' dir='ltr'><strong>NESTORIUM</strong></span> <span class='ocrx_word' id='word_1_4' title='bbox 2151 361 2284 418; x_wconf 82' lang='lat' dir='ltr'><strong>LIB.</strong></span> <span class='ocrx_word' id='word_1_5' title='bbox 2327 361 2415 417; x_wconf 88' lang='grc' dir='ltr'><strong>ΙΙΙ.</strong></span> 
     </span>
    </p>
   </div>
   <div class='ocr_carea' id='block_1_3' title="bbox 3365 369 3471 424">
    <p class='ocr_par' dir='ltr' id='par_1_3' title="bbox 3365 369 3471 424">
     <span class='ocr_line' id='line_1_3' title="bbox 3365 369 3471 424; baseline 0.019 -2"><span class='ocrx_word' id='word_1_6' title='bbox 3365 369 3471 424; x_wconf 69' lang='grc'><strong>162</strong></span> 
     </span>
    </p>
   </div>
   <div class='ocr_carea' id='block_1_4' title="bbox 169 482 1789 559">
    <p class='ocr_par' dir='ltr' id='par_1_4' title="bbox 169 482 1781 559">
     <span class='ocr_line' id='line_1_4' title="bbox 169 482 1781 559; baseline -0.005 -14"><span class='ocrx_word' id='word_1_7' title='bbox 169 488 374 545; x_wconf 73' lang='grc' dir='ltr'>ταυτὸν</span> <span class='ocrx_word' id='word_1_8' title='bbox 425 487 493 543; x_wconf 82' lang='grc' dir='ltr'><strong>ἂν</strong></span> <span class='ocrx_word' id='word_1_9' title='bbox 526 487 612 559; x_wconf 82' lang='grc' dir='ltr'><strong>εἴη</strong></span> <span class='ocrx_word' id='word_1_10' title='bbox 642 484 790 557; x_wconf 69' lang='grc' dir='ltr'>ψυχή</span> <span class='ocrx_word' id='word_1_11' title='bbox 836 501 895 538; x_wconf 86' lang='grc' dir='ltr'><strong>τε</strong></span> <span class='ocrx_word' id='word_1_12' title='bbox 929 483 1025 538; x_wconf 74' lang='grc' dir='ltr'>καὶ</span> <span class='ocrx_word' id='word_1_13' title='bbox 1068 484 1250 555; x_wconf 86' lang='grc' dir='ltr'>σῶμα.</span> <span class='ocrx_word' id='word_1_14' title='bbox 1297 482 1440 537; x_wconf 78' lang='grc' dir='ltr'>Ἀλλ’</span> <span class='ocrx_word' id='word_1_15' title='bbox 1487 484 1620 546; x_wconf 76' lang='grc' dir='ltr'>ἴσως</span> <span class='ocrx_word' id='word_1_16' title='bbox 1664 484 1781 555; x_wconf 84' lang='grc' dir='ltr'>ὲρεῖ</span> 
     </span>
    </p>
   </div>
   <div class='ocr_carea' id='block_1_5' title="bbox 1892 482 3472 559">
    <p class='ocr_par' dir='ltr' id='par_1_5' title="bbox 1892 484 3472 552">
     <span class='ocr_line' id='line_1_5' title="bbox 1892 484 3472 552; baseline 0.004 -15"><span class='ocrx_word' id='word_1_17' title='bbox 1892 484 2164 552; x_wconf 77' lang='lat' dir='ltr'><strong>Quomodo</strong></span> <span class='ocrx_word' id='word_1_18' title='bbox 2201 484 2290 538; x_wconf 88' lang='lat' dir='ltr'><strong>ilia</strong></span> <span class='ocrx_word' id='word_1_19' title='bbox 2326 495 2512 539; x_wconf 85' lang='lat' dir='ltr'><strong>sancta</strong></span> <span class='ocrx_word' id='word_1_20' title='bbox 2545 494 2598 538; x_wconf 78' lang='lat' dir='ltr'><strong>rt</strong></span> <span class='ocrx_word' id='word_1_21' title='bbox 2649 486 2923 541; x_wconf 78' lang='lat' dir='ltr'><strong>adoranda</strong></span> <span class='ocrx_word' id='word_1_22' title='bbox 2972 486 3210 545; x_wconf 72' lang='lat' dir='ltr'><strong>Trinitas</strong></span> <span class='ocrx_word' id='word_1_23' title='bbox 3248 487 3304 544; x_wconf 87' lang='lat' dir='ltr'><strong>in</strong></span> <span class='ocrx_word' id='word_1_24' title='bbox 3358 497 3472 545; x_wconf 90' lang='lat' dir='ltr'><strong>tres</strong></span> 
     </span>
    </p>
   </div>
   <div class='ocr_carea' id='block_1_6' title="bbox 170 573 1768 648">
    <p class='ocr_par' dir='ltr' id='par_1_6' title="bbox 170 573 1768 648">
     <span class='ocr_line' id='line_1_6' title="bbox 170 573 1768 648; baseline -0.004 -15"><span class='ocrx_word' id='word_1_25' title='bbox 170 599 279 645; x_wconf 87' lang='grc' dir='ltr'>τις,</span> <span class='ocrx_word' id='word_1_26' title='bbox 312 578 441 641; x_wconf 84' lang='grc' dir='ltr'><strong>Πῶς</strong></span> <span class='ocrx_word' id='word_1_27' title='bbox 463 578 497 648; x_wconf 75' lang='grc' dir='ltr'>ἡ</span> <span class='ocrx_word' id='word_1_28' title='bbox 526 576 657 645; x_wconf 86' lang='grc' dir='ltr'>ἀγῖα</span> <span class='ocrx_word' id='word_1_29' title='bbox 681 578 774 630; x_wconf 79' lang='grc' dir='ltr'><strong>καὶ</strong></span> <span class='ocrx_word' id='word_1_30' title='bbox 796 574 1251 646; x_wconf 84' lang='grc' dir='ltr'>προσκυνουμένη</span> <span class='ocrx_word' id='word_1_31' title='bbox 1280 573 1451 646; x_wconf 82' lang='grc' dir='ltr'>Τριάς</span> <span class='ocrx_word' id='word_1_32' title='bbox 1470 575 1768 645; x_wconf 75' lang='grc' dir='ltr'>διορίζεται</span> 
     </span>
    </p>
   </div>
   <div class='ocr_carea' id='block_1_7' title="bbox 173 663 1772 743">
    <p class='ocr_par' dir='ltr' id='par_1_7' title="bbox 173 663 1772 743">
     <span class='ocr_line' id='line_1_7' title="bbox 173 663 1772 743; baseline -0.006 -19"><span class='ocrx_word' id='word_1_33' title='bbox 173 673 280 743; x_wconf 81' lang='grc' dir='ltr'><strong>μὲν</strong></span> <span class='ocrx_word' id='word_1_34' title='bbox 313 672 394 735; x_wconf 80' lang='grc' dir='ltr'><strong>είς</strong></span> <span class='ocrx_word' id='word_1_35' title='bbox 414 671 564 740; x_wconf 86' lang='grc' dir='ltr'>τρεῖς</span> <span class='ocrx_word' id='word_1_36' title='bbox 599 667 952 729; x_wconf 80' lang='grc' dir='ltr'><strong>ὑποστάσεις,</strong></span> <span class='ocrx_word' id='word_1_37' title='bbox 987 664 1118 734; x_wconf 88' lang='grc' dir='ltr'>μίαν</span> <span class='ocrx_word' id='word_1_38' title='bbox 1143 664 1200 718; x_wconf 77' lang='grc' dir='ltr'><strong>δὲ</strong></span> <span class='ocrx_word' id='word_1_39' title='bbox 1229 663 1483 735; x_wconf 76' lang='grc' dir='ltr'><strong>θεότητος</strong></span> <span class='ocrx_word' id='word_1_40' title='bbox 1515 663 1772 717; x_wconf 85' lang='grc' dir='ltr'>ἀποτελεῖ</span> 
     </span>
    </p>
   </div>
   <div class='ocr_carea' id='block_1_8' title="bbox 171 755 1773 835">
    <p class='ocr_par' dir='ltr' id='par_1_8' title="bbox 171 755 1773 835">
     <span class='ocr_line' id='line_1_8' title="bbox 171 755 1773 835; baseline -0.005 -17"><span class='ocrx_word' id='word_1_41' title='bbox 171 766 384 835; x_wconf 73' lang='grc' dir='ltr'>φύσινς</span> <span class='ocrx_word' id='word_1_42' title='bbox 417 762 561 826; x_wconf 86' lang='grc' dir='ltr'><strong>Ὅτι,</strong></span> <span class='ocrx_word' id='word_1_43' title='bbox 616 760 783 829; x_wconf 81' lang='grc' dir='ltr'>φαίην</span> <span class='ocrx_word' id='word_1_44' title='bbox 834 760 923 823; x_wconf 78' lang='grc' dir='ltr'>ἂν,</span> <span class='ocrx_word' id='word_1_45' title='bbox 954 758 1021 828; x_wconf 72' lang='grc' dir='ltr'>τῇ</span> <span class='ocrx_word' id='word_1_46' title='bbox 1070 755 1178 809; x_wconf 83' lang='grc' dir='ltr'><strong>τῶν</strong></span> <span class='ocrx_word' id='word_1_47' title='bbox 1209 756 1427 825; x_wconf 79' lang='grc' dir='ltr'>φύσεων</span> <span class='ocrx_word' id='word_1_48' title='bbox 1457 756 1567 828; x_wconf 83' lang='grc' dir='ltr'><strong>[ἵσ.</strong></span> <span class='ocrx_word' id='word_1_49' title='bbox 1601 773 1773 829; x_wconf 77' lang='grc' dir='ltr'>προσ-</span> 
     </span>
    </p>
   </div>
   <div class='ocr_carea' id='block_1_9' title="bbox 169 846 1772 919">
    <p class='ocr_par' dir='ltr' id='par_1_9' title="bbox 169 846 1772 919">
     <span class='ocr_line' id='line_1_9' title="bbox 169 846 1772 919; baseline -0.002 -15"><span class='ocrx_word' id='word_1_50' title='bbox 169 851 368 916; x_wconf 82' lang='grc' dir='ltr'>ὠπων,</span> <span class='ocrx_word' id='word_1_51' title='bbox 402 851 465 918; x_wconf 81' lang='grc' dir='ltr'>ἣ,</span> <span class='ocrx_word' id='word_1_52' title='bbox 485 846 861 919; x_wconf 82' lang='grc' dir='ltr'>ὑποστάσεων]</span> <span class='ocrx_word' id='word_1_53' title='bbox 875 847 1129 917; x_wconf 75' lang='grc' dir='ltr'>διαφορᾷ,</span> <span class='ocrx_word' id='word_1_54' title='bbox 1158 847 1219 900; x_wconf 88' lang='grc' dir='ltr'><strong>τὸ</strong></span> <span class='ocrx_word' id='word_1_55' title='bbox 1258 847 1456 902; x_wconf 86' lang='grc' dir='ltr'>ταυτὸν</span> <span class='ocrx_word' id='word_1_56' title='bbox 1489 848 1570 911; x_wconf 86' lang='grc' dir='ltr'><strong>είς</strong></span> <span class='ocrx_word' id='word_1_57' title='bbox 1585 847 1772 901; x_wconf 85' lang='grc' dir='ltr'>οὐσίαν</span> 
     </span>
    </p>
   </div>
   <div class='ocr_carea' id='block_1_10' title="bbox 170 938 1772 1011">
    <p class='ocr_par' dir='ltr' id='par_1_10' title="bbox 170 938 1772 1011">
     <span class='ocr_line' id='line_1_10' title="bbox 170 938 1772 1011; baseline -0.002 -15"><span class='ocrx_word' id='word_1_58' title='bbox 170 941 501 1010; x_wconf 75' lang='grc' dir='ltr'><strong>ἀναγκαίως</strong></span> <span class='ocrx_word' id='word_1_59' title='bbox 532 940 821 1011; x_wconf 78' lang='grc' dir='ltr'>ἑπόμενον,</span> <span class='ocrx_word' id='word_1_60' title='bbox 855 942 935 1003; x_wconf 85' lang='grc' dir='ltr'><strong>είς</strong></span> <span class='ocrx_word' id='word_1_61' title='bbox 967 940 1100 1009; x_wconf 88' lang='grc' dir='ltr'>μίαν</span> <span class='ocrx_word' id='word_1_62' title='bbox 1144 939 1410 1009; x_wconf 84' lang='grc' dir='ltr'>Θεότητος</span> <span class='ocrx_word' id='word_1_63' title='bbox 1449 938 1772 1011; x_wconf 77' lang='grc' dir='ltr'>ἀνακομίζει</span> 
     </span>
    </p>
   </div>
   <div class='ocr_carea' id='block_1_11' title="bbox 172 1028 1773 1101">
    <p class='ocr_par' dir='ltr' id='par_1_11' title="bbox 172 1028 1773 1101">
     <span class='ocr_line' id='line_1_11' title="bbox 172 1028 1773 1101; baseline -0.002 -16"><span class='ocrx_word' id='word_1_64' title='bbox 172 1034 346 1101; x_wconf 75' lang='grc' dir='ltr'>φύσιν</span> <span class='ocrx_word' id='word_1_65' title='bbox 373 1032 481 1085; x_wconf 82' lang='grc' dir='ltr'>τῶν</span> <span class='ocrx_word' id='word_1_66' title='bbox 505 1030 872 1084; x_wconf 79' lang='grc' dir='ltr'>πιστευόντων</span> <span class='ocrx_word' id='word_1_67' title='bbox 929 1029 1020 1083; x_wconf 82' lang='grc' dir='ltr'><strong>τὸν</strong></span> <span class='ocrx_word' id='word_1_68' title='bbox 1049 1028 1176 1083; x_wconf 90' lang='grc' dir='ltr'>νοῦν</span> <span class='ocrx_word' id='word_1_69' title='bbox 1201 1045 1214 1058; x_wconf 92' lang='grc'><strong>·</strong></span> <span class='ocrx_word' id='word_1_70' title='bbox 1241 1030 1335 1082; x_wconf 68' lang='grc' dir='ltr'>ἐπὶ</span> <span class='ocrx_word' id='word_1_71' title='bbox 1354 1030 1412 1084; x_wconf 83' lang='grc' dir='ltr'><strong>δέ</strong></span> <span class='ocrx_word' id='word_1_72' title='bbox 1446 1046 1509 1098; x_wconf 87' lang='grc' dir='ltr'><strong>γε</strong></span> <span class='ocrx_word' id='word_1_73' title='bbox 1561 1030 1773 1100; x_wconf 77' lang='grc' dir='ltr'>Ἑμμα·</span> 
     </span>
    </p>
   </div>
   <div class='ocr_carea' id='block_1_12' title="bbox 173 1120 1775 1196">
    <p class='ocr_par' dir='ltr' id='par_1_12' title="bbox 173 1120 1775 1196">
     <span class='ocr_line' id='line_1_12' title="bbox 173 1120 1775 1196; baseline -0.001 -20"><span class='ocrx_word' id='word_1_74' title='bbox 173 1125 365 1196; x_wconf 80' lang='grc' dir='ltr'>νουὴλ,</span> <span class='ocrx_word' id='word_1_75' title='bbox 386 1124 576 1194; x_wconf 76' lang='grc' dir='ltr'>ἐπειδὴ</span> <span class='ocrx_word' id='word_1_76' title='bbox 596 1122 787 1193; x_wconf 84' lang='grc' dir='ltr'>θεότης</span> <span class='ocrx_word' id='word_1_77' title='bbox 813 1122 899 1174; x_wconf 80' lang='grc' dir='ltr'>ἒτε</span> <span class='ocrx_word' id='word_1_78' title='bbox 910 1122 1000 1192; x_wconf 89' lang='grc' dir='ltr'><strong>ρόν</strong></span> <span class='ocrx_word' id='word_1_79' title='bbox 1020 1139 1073 1174; x_wconf 87' lang='grc' dir='ltr'><strong>τι</strong></span> <span class='ocrx_word' id='word_1_80' title='bbox 1090 1122 1243 1192; x_wconf 86' lang='grc' dir='ltr'>παρὰ</span> <span class='ocrx_word' id='word_1_81' title='bbox 1263 1121 1361 1191; x_wconf 76' lang='grc' dir='ltr'><strong>τὴν</strong></span> <span class='ocrx_word' id='word_1_82' title='bbox 1375 1120 1775 1192; x_wconf 85' lang='grc' dir='ltr'>ἀνθρωπότητά</span> 
     </span>
    </p>
   </div>
   <div class='ocr_carea' id='block_1_13' title="bbox 176 1210 1775 1287">
    <p class='ocr_par' dir='ltr' id='par_1_13' title="bbox 176 1210 1775 1287">
     <span class='ocr_line' id='line_1_13' title="bbox 176 1210 1775 1287; baseline -0.003 -16"><span class='ocrx_word' id='word_1_83' title='bbox 176 1221 355 1281; x_wconf 75' lang='grc' dir='ltr'>ἐστιν,</span> <span class='ocrx_word' id='word_1_84' title='bbox 398 1218 448 1269; x_wconf 85' lang='grc' dir='ltr'><strong>εί</strong></span> <span class='ocrx_word' id='word_1_85' title='bbox 475 1217 549 1287; x_wconf 87' lang='grc' dir='ltr'>μή</span> <span class='ocrx_word' id='word_1_86' title='bbox 580 1232 779 1286; x_wconf 86' lang='grc' dir='ltr'>φαμεν,</span> <span class='ocrx_word' id='word_1_87' title='bbox 821 1214 949 1267; x_wconf 80' lang='grc' dir='ltr'>ἴδιον</span> <span class='ocrx_word' id='word_1_88' title='bbox 974 1213 1230 1282; x_wconf 84' lang='grc' dir='ltr'>γενέσθαι</span> <span class='ocrx_word' id='word_1_89' title='bbox 1265 1213 1324 1266; x_wconf 84' lang='grc' dir='ltr'><strong>τὸ</strong></span> <span class='ocrx_word' id='word_1_90' title='bbox 1355 1213 1509 1284; x_wconf 80' lang='grc' dir='ltr'>σῶμα</span> <span class='ocrx_word' id='word_1_91' title='bbox 1538 1210 1632 1267; x_wconf 88' lang='grc' dir='ltr'><strong>τοῦ</strong></span> <span class='ocrx_word' id='word_1_92' title='bbox 1670 1213 1775 1267; x_wconf 87' lang='grc' dir='ltr'><strong>Λό-</strong></span> 
     </span>
    </p>
   </div>
   <div class='ocr_carea' id='block_1_14' title="bbox 176 1304 1776 1378">
    <p class='ocr_par' dir='ltr' id='par_1_14' title="bbox 176 1304 1776 1378">
     <span class='ocr_line' id='line_1_14' title="bbox 176 1304 1776 1378; baseline -0.003 -16"><span class='ocrx_word' id='word_1_93' title='bbox 176 1327 278 1378; x_wconf 85' lang='grc' dir='ltr'><strong>γου</strong></span> <span class='ocrx_word' id='word_1_94' title='bbox 311 1307 436 1362; x_wconf 88' lang='grc' dir='ltr'>καθ’</span> <span class='ocrx_word' id='word_1_95' title='bbox 453 1308 646 1360; x_wconf 71' lang='grc' dir='ltr'>ἕνωσιν</span> <span class='ocrx_word' id='word_1_96' title='bbox 673 1304 872 1376; x_wconf 78' lang='grc' dir='ltr'>ἀληθῆ,</span> <span class='ocrx_word' id='word_1_97' title='bbox 897 1307 1014 1369; x_wconf 80' lang='grc' dir='ltr'><strong>πῶς</strong></span> <span class='ocrx_word' id='word_1_98' title='bbox 1046 1305 1112 1359; x_wconf 82' lang='grc' dir='ltr'>ἂν</span> <span class='ocrx_word' id='word_1_99' title='bbox 1136 1305 1194 1358; x_wconf 82' lang='grc' dir='ltr'><strong>ἒν</strong></span> <span class='ocrx_word' id='word_1_100' title='bbox 1227 1306 1572 1359; x_wconf 82' lang='grc' dir='ltr'>ἀποτελεῖται</span> <span class='ocrx_word' id='word_1_101' title='bbox 1603 1306 1776 1375; x_wconf 84' lang='grc' dir='ltr'>πρόσ-</span> 
     </span>
    </p>
   </div>
   <div class='ocr_carea' id='block_1_15' title="bbox 178 1396 1777 1468">
    <p class='ocr_par' dir='ltr' id='par_1_15' title="bbox 178 1396 1777 1468">
     <span class='ocr_line' id='line_1_15' title="bbox 178 1396 1777 1468; baseline -0.004 -15"><span class='ocrx_word' id='word_1_102' title='bbox 178 1397 355 1463; x_wconf 87' lang='grc' dir='ltr'>ωπόν,</span> <span class='ocrx_word' id='word_1_103' title='bbox 403 1399 467 1451; x_wconf 89' lang='grc' dir='ltr'><strong>τὸ</strong></span> <span class='ocrx_word' id='word_1_104' title='bbox 529 1399 731 1468; x_wconf 80' lang='grc' dir='ltr'>ἀμφοῖν</span> <span class='ocrx_word' id='word_1_105' title='bbox 783 1397 1051 1467; x_wconf 77' lang='grc' dir='ltr'><strong>ἑκατέρας</strong></span> <span class='ocrx_word' id='word_1_106' title='bbox 1103 1398 1233 1466; x_wconf 82' lang='grc' dir='ltr'>ἡμῖν</span> <span class='ocrx_word' id='word_1_107' title='bbox 1279 1396 1631 1458; x_wconf 78' lang='grc' dir='ltr'>ὑποστάσεως</span> <span class='ocrx_word' id='word_1_108' title='bbox 1684 1412 1777 1463; x_wconf 77' lang='grc' dir='ltr'>φε-</span> 
     </span>
    </p>
   </div>
   <div class='ocr_carea' id='block_1_16' title="bbox 181 1485 1778 1562">
    <p class='ocr_par' dir='ltr' id='par_1_16' title="bbox 181 1485 1778 1562">
     <span class='ocr_line' id='line_1_16' title="bbox 181 1485 1778 1562; baseline -0.003 -19"><span class='ocrx_word' id='word_1_109' title='bbox 181 1491 391 1562; x_wconf 75' lang='grc' dir='ltr'>ρούσης</span> <span class='ocrx_word' id='word_1_110' title='bbox 435 1487 565 1541; x_wconf 81' lang='grc' dir='ltr'>ἴδιον</span> <span class='ocrx_word' id='word_1_111' title='bbox 598 1488 673 1552; x_wconf 84' lang='grc' dir='ltr'>ὡς</span> <span class='ocrx_word' id='word_1_112' title='bbox 723 1488 824 1540; x_wconf 87' lang='grc' dir='ltr'><strong>ἀνά</strong></span> <span class='ocrx_word' id='word_1_113' title='bbox 871 1487 1039 1558; x_wconf 80' lang='grc' dir='ltr'>μέρος</span> <span class='ocrx_word' id='word_1_114' title='bbox 1095 1487 1398 1557; x_wconf 85' lang='grc' dir='ltr'>κειμένης;</span> <span class='ocrx_word' id='word_1_115' title='bbox 1443 1487 1553 1540; x_wconf 78' lang='grc' dir='ltr'><strong>Καὶ</strong></span> <span class='ocrx_word' id='word_1_116' title='bbox 1606 1488 1655 1539; x_wconf 89' lang='grc' dir='ltr'><strong>εί</strong></span> <span class='ocrx_word' id='word_1_117' title='bbox 1704 1485 1778 1556; x_wconf 82' lang='grc' dir='ltr'>μὴ</span> 
     </span>
    </p>
   </div>
   <div class='ocr_carea' id='block_1_17' title="bbox 178 1577 1779 1651">
    <p class='ocr_par' dir='ltr' id='par_1_17' title="bbox 178 1577 1779 1651">
     <span class='ocr_line' id='line_1_17' title="bbox 178 1577 1779 1651; baseline -0.004 -15"><span class='ocrx_word' id='word_1_118' title='bbox 178 1582 413 1651; x_wconf 80' lang='grc' dir='ltr'>γέγονεν</span> <span class='ocrx_word' id='word_1_119' title='bbox 464 1581 594 1633; x_wconf 82' lang='grc' dir='ltr'>ίδιον</span> <span class='ocrx_word' id='word_1_120' title='bbox 649 1578 711 1631; x_wconf 78' lang='grc' dir='ltr'>τὸ</span> <span class='ocrx_word' id='word_1_121' title='bbox 767 1578 974 1649; x_wconf 83' lang='grc' dir='ltr'>ληφθὲν</span> <span class='ocrx_word' id='word_1_122' title='bbox 1028 1577 1122 1631; x_wconf 92' lang='grc' dir='ltr'><strong>τοῦ</strong></span> <span class='ocrx_word' id='word_1_123' title='bbox 1171 1578 1618 1649; x_wconf 85' lang='grc' dir='ltr'>προσειληφότος,</span> <span class='ocrx_word' id='word_1_124' title='bbox 1679 1579 1779 1629; x_wconf 74' lang='grc' dir='ltr'><strong>οὐκ</strong></span> 
     </span>
    </p>
   </div>
   <div class='ocr_carea' id='block_1_18' title="bbox 179 1669 1778 1743">
    <p class='ocr_par' dir='ltr' id='par_1_18' title="bbox 179 1669 1778 1743">
     <span class='ocr_line' id='line_1_18' title="bbox 179 1669 1778 1743; baseline -0.002 -17"><span class='ocrx_word' id='word_1_125' title='bbox 179 1674 415 1743; x_wconf 82' lang='grc' dir='ltr'>ἀρκέσει</span> <span class='ocrx_word' id='word_1_126' title='bbox 453 1674 722 1740; x_wconf 81' lang='grc' dir='ltr'>συνάφεια</span> <span class='ocrx_word' id='word_1_127' title='bbox 769 1669 913 1724; x_wconf 82' lang='grc' dir='ltr'><strong>κατά</strong></span> <span class='ocrx_word' id='word_1_128' title='bbox 959 1670 1177 1725; x_wconf 78' lang='grc' dir='ltr'>σύνοδον</span> <span class='ocrx_word' id='word_1_129' title='bbox 1230 1670 1437 1735; x_wconf 83' lang='grc' dir='ltr'>ἁπλῶς,</span> <span class='ocrx_word' id='word_1_130' title='bbox 1485 1671 1584 1740; x_wconf 84' lang='grc' dir='ltr'>τὴν</span> <span class='ocrx_word' id='word_1_131' title='bbox 1617 1670 1692 1732; x_wconf 85' lang='grc' dir='ltr'>ὡς</span> <span class='ocrx_word' id='word_1_132' title='bbox 1720 1671 1778 1723; x_wconf 83' lang='grc' dir='ltr'><strong>ὲν</strong></span> 
     </span>
    </p>
   </div>
   <div class='ocr_carea' id='block_1_19' title="bbox 179 1759 1778 1835">
    <p class='ocr_par' dir='ltr' id='par_1_19' title="bbox 179 1759 1778 1835">
     <span class='ocr_line' id='line_1_19' title="bbox 179 1759 1778 1835; baseline -0.002 -19"><span class='ocrx_word' id='word_1_133' title='bbox 179 1763 315 1835; x_wconf 74' lang='grc' dir='ltr'>ἀξίᾳ</span> <span class='ocrx_word' id='word_1_134' title='bbox 340 1780 400 1815; x_wconf 89' lang='grc' dir='ltr'><strong>τε</strong></span> <span class='ocrx_word' id='word_1_135' title='bbox 432 1763 567 1833; x_wconf 86' lang='grc' dir='ltr'>μόνῃ</span> <span class='ocrx_word' id='word_1_136' title='bbox 596 1761 689 1814; x_wconf 75' lang='grc' dir='ltr'>καὶ</span> <span class='ocrx_word' id='word_1_137' title='bbox 720 1759 999 1831; x_wconf 79' lang='grc' dir='ltr'>αὑθεντίᾳ,</span> <span class='ocrx_word' id='word_1_138' title='bbox 1048 1761 1139 1813; x_wconf 85' lang='grc' dir='ltr'><strong>τὸν</strong></span> <span class='ocrx_word' id='word_1_139' title='bbox 1176 1760 1273 1814; x_wconf 72' lang='grc' dir='ltr'><strong>ἕνα</strong></span> <span class='ocrx_word' id='word_1_140' title='bbox 1313 1762 1405 1815; x_wconf 76' lang='grc' dir='ltr'><strong>καὶ</strong></span> <span class='ocrx_word' id='word_1_141' title='bbox 1454 1762 1614 1830; x_wconf 90' lang='grc' dir='ltr'>μόνον</span> <span class='ocrx_word' id='word_1_142' title='bbox 1647 1762 1778 1831; x_wconf 76' lang='grc' dir='ltr'>ἡμῖν</span> 
     </span>
    </p>
   </div>
   <div class='ocr_carea' id='block_1_20' title="bbox 180 1835 1854 1924">
    <p class='ocr_par' dir='ltr' id='par_1_20' title="bbox 180 1835 1854 1924">
     <span class='ocr_line' id='line_1_20' title="bbox 180 1835 1854 1924; baseline -0.001 -17"><span class='ocrx_word' id='word_1_143' title='bbox 180 1854 519 1908; x_wconf 78' lang='grc' dir='ltr'>ἀποτελέσαι</span> <span class='ocrx_word' id='word_1_144' title='bbox 554 1854 811 1924; x_wconf 86' lang='grc' dir='ltr'>Χριστὸν,</span> <span class='ocrx_word' id='word_1_145' title='bbox 859 1852 951 1905; x_wconf 75' lang='grc' dir='ltr'>τὸν</span> <span class='ocrx_word' id='word_1_146' title='bbox 997 1853 1159 1905; x_wconf 82' lang='grc' dir='ltr'>αὑτὸν</span> <span class='ocrx_word' id='word_1_147' title='bbox 1208 1854 1338 1906; x_wconf 77' lang='grc' dir='ltr'>ὄντα</span> <span class='ocrx_word' id='word_1_148' title='bbox 1387 1853 1520 1906; x_wconf 82' lang='grc' dir='ltr'>Θεὸν</span> <span class='ocrx_word' id='word_1_149' title='bbox 1555 1853 1692 1923; x_wconf 84' lang='grc' dir='ltr'>ὁμοῦ</span> <span class='ocrx_word' id='word_1_150' title='bbox 1722 1871 1782 1907; x_wconf 89' lang='grc' dir='ltr'><strong>τε</strong></span> <span class='ocrx_word' id='word_1_151' title='bbox 1813 1835 1854 1890; x_wconf 76' lang='grc' dir='ltr'><strong><em>Β</em></strong></span> 
     </span>
    </p>
   </div>
   <div class='ocr_carea' id='block_1_21' title="bbox 181 1943 1779 2017">
    <p class='ocr_par' dir='ltr' id='par_1_21' title="bbox 181 1943 1779 2017">
     <span class='ocr_line' id='line_1_21' title="bbox 181 1943 1779 2017; baseline -0.002 -16"><span class='ocrx_word' id='word_1_152' title='bbox 181 1948 284 2001; x_wconf 76' lang='grc' dir='ltr'><strong>καὶ</strong></span> <span class='ocrx_word' id='word_1_153' title='bbox 317 1946 627 2017; x_wconf 81' lang='grc' dir='ltr'>ἄνθρωπον.</span> <span class='ocrx_word' id='word_1_154' title='bbox 659 1944 792 1998; x_wconf 83' lang='grc' dir='ltr'>Τότε</span> <span class='ocrx_word' id='word_1_155' title='bbox 838 1946 967 2015; x_wconf 79' lang='grc' dir='ltr'>γὰρ,</span> <span class='ocrx_word' id='word_1_156' title='bbox 997 1946 1116 1998; x_wconf 83' lang='grc' dir='ltr'>τότε</span> <span class='ocrx_word' id='word_1_157' title='bbox 1159 1947 1251 1998; x_wconf 75' lang='grc' dir='ltr'><strong>καὶ</strong></span> <span class='ocrx_word' id='word_1_158' title='bbox 1280 1944 1424 2013; x_wconf 80' lang='grc' dir='ltr'>μάλα</span> <span class='ocrx_word' id='word_1_159' title='bbox 1459 1943 1674 2017; x_wconf 74' lang='grc' dir='ltr'>[λείπει</span> <span class='ocrx_word' id='word_1_160' title='bbox 1702 1962 1779 2010; x_wconf 83' lang='grc' dir='ltr'><strong>τι,</strong></span> 
     </span>
    </p>
   </div>
   <div class='ocr_carea' id='block_1_22' title="bbox 184 2026 1783 2108">
    <p class='ocr_par' dir='ltr' id='par_1_22' title="bbox 184 2026 1783 2108">
     <span class='ocr_line' id='line_1_22' title="bbox 184 2026 1783 2108; baseline 0 -19"><span class='ocrx_word' id='word_1_161' title='bbox 184 2039 278 2092; x_wconf 84' lang='grc' dir='ltr'><strong>τσ.</strong></span> <span class='ocrx_word' id='word_1_162' title='bbox 334 2039 632 2103; x_wconf 83' lang='grc' dir='ltr'>ἀναγκαῖον</span> <span class='ocrx_word' id='word_1_163' title='bbox 663 2034 682 2107; x_wconf 62' lang='grc'><strong>1</strong></span> <span class='ocrx_word' id='word_1_164' title='bbox 711 2038 808 2107; x_wconf 81' lang='grc' dir='ltr'>τῆς</span> <span class='ocrx_word' id='word_1_165' title='bbox 853 2040 930 2100; x_wconf 86' lang='grc' dir='ltr'><strong>είς</strong></span> <span class='ocrx_word' id='word_1_166' title='bbox 979 2037 1140 2090; x_wconf 82' lang='grc' dir='ltr'>αὑτὸν</span> <span class='ocrx_word' id='word_1_167' title='bbox 1194 2026 1645 2108; x_wconf 74' lang='grc' dir='ltr'>παρατρέπεσθαι</span> <span class='ocrx_word' id='word_1_168' title='bbox 1696 2037 1783 2091; x_wconf 87' lang='grc' dir='ltr'>πί-</span> 
     </span>
    </p>
   </div>
   <div class='ocr_carea' id='block_1_23' title="bbox 184 2127 1784 2199">
    <p class='ocr_par' dir='ltr' id='par_1_23' title="bbox 184 2127 1784 2199">
     <span class='ocr_line' id='line_1_23' title="bbox 184 2127 1784 2199; baseline 0.001 -20"><span class='ocrx_word' id='word_1_169' title='bbox 184 2145 389 2191; x_wconf 83' lang='grc' dir='ltr'>στεως,</span> <span class='ocrx_word' id='word_1_170' title='bbox 422 2128 525 2180; x_wconf 76' lang='grc' dir='ltr'><strong>κᾶν</strong></span> <span class='ocrx_word' id='word_1_171' title='bbox 571 2129 619 2180; x_wconf 88' lang='grc' dir='ltr'><strong>εί</strong></span> <span class='ocrx_word' id='word_1_172' title='bbox 661 2130 727 2180; x_wconf 81' lang='grc' dir='ltr'><strong>ἐκ</strong></span> <span class='ocrx_word' id='word_1_173' title='bbox 763 2127 1079 2199; x_wconf 84' lang='grc' dir='ltr'>σπέρματος</span> <span class='ocrx_word' id='word_1_174' title='bbox 1128 2129 1376 2198; x_wconf 75' lang='grc' dir='ltr'>Ἀϐραὰμ</span> <span class='ocrx_word' id='word_1_175' title='bbox 1421 2130 1593 2182; x_wconf 88' lang='grc' dir='ltr'>νοοῖτο</span> <span class='ocrx_word' id='word_1_176' title='bbox 1642 2127 1784 2181; x_wconf 84' lang='grc' dir='ltr'><strong>κατά</strong></span> 
     </span>
    </p>
   </div>
   <div class='ocr_carea' id='block_1_24' title="bbox 182 2215 1785 2291">
    <p class='ocr_par' dir='ltr' id='par_1_24' title="bbox 182 2215 1785 2291">
     <span class='ocr_line' id='line_1_24' title="bbox 182 2215 1785 2291; baseline 0.001 -19"><span class='ocrx_word' id='word_1_177' title='bbox 182 2222 294 2289; x_wconf 82' lang='grc' dir='ltr'>τὴν</span> <span class='ocrx_word' id='word_1_178' title='bbox 328 2220 529 2290; x_wconf 85' lang='grc' dir='ltr'>σάρκα.</span> <span class='ocrx_word' id='word_1_179' title='bbox 560 2220 785 2289; x_wconf 82' lang='grc' dir='ltr'>Ἕτερον</span> <span class='ocrx_word' id='word_1_180' title='bbox 814 2220 870 2272; x_wconf 78' lang='grc' dir='ltr'>δὲ</span> <span class='ocrx_word' id='word_1_181' title='bbox 918 2221 1012 2273; x_wconf 77' lang='grc' dir='ltr'><strong>καὶ</strong></span> <span class='ocrx_word' id='word_1_182' title='bbox 1044 2220 1231 2291; x_wconf 75' lang='grc' dir='ltr'>ἕτερον</span> <span class='ocrx_word' id='word_1_183' title='bbox 1252 2216 1394 2273; x_wconf 70' lang='grc' dir='ltr'>εἶναι</span> <span class='ocrx_word' id='word_1_184' title='bbox 1420 2219 1616 2289; x_wconf 87' lang='grc' dir='ltr'>λέγων,</span> <span class='ocrx_word' id='word_1_185' title='bbox 1664 2215 1785 2274; x_wconf 75' lang='grc' dir='ltr'>εἶτα</span> 
     </span>
    </p>
   </div>
   <div class='ocr_carea' id='block_1_25' title="bbox 187 2308 1783 2382">
    <p class='ocr_par' dir='ltr' id='par_1_25' title="bbox 187 2308 1783 2382">
     <span class='ocr_line' id='line_1_25' title="bbox 187 2308 1783 2382; baseline 0 -18"><span class='ocrx_word' id='word_1_186' title='bbox 187 2311 317 2373; x_wconf 82' lang='grc' dir='ltr'>πῶς</span> <span class='ocrx_word' id='word_1_187' title='bbox 368 2310 478 2381; x_wconf 71' lang='grc' dir='ltr'>[ἴον.</span> <span class='ocrx_word' id='word_1_188' title='bbox 511 2308 608 2380; x_wconf 80' lang='grc' dir='ltr'><strong>τῷ]</strong></span> <span class='ocrx_word' id='word_1_189' title='bbox 642 2310 707 2363; x_wconf 80' lang='grc' dir='ltr'>ἐκ</span> <span class='ocrx_word' id='word_1_190' title='bbox 758 2310 1075 2382; x_wconf 84' lang='grc' dir='ltr'>σπέρματος</span> <span class='ocrx_word' id='word_1_191' title='bbox 1114 2310 1364 2381; x_wconf 78' lang='grc' dir='ltr'>’Δὸραάμ</span> <span class='ocrx_word' id='word_1_192' title='bbox 1412 2310 1783 2382; x_wconf 71' lang='grc' dir='ltr'>προσκομίζε-</span> 
     </span>
    </p>
   </div>
   <div class='ocr_carea' id='block_1_26' title="bbox 189 2400 1786 2472">
    <p class='ocr_par' dir='ltr' id='par_1_26' title="bbox 189 2400 1786 2472">
     <span class='ocr_line' id='line_1_26' title="bbox 189 2400 1786 2472; baseline 0.001 -19"><span class='ocrx_word' id='word_1_193' title='bbox 189 2402 319 2455; x_wconf 83' lang='grc' dir='ltr'>σθαι</span> <span class='ocrx_word' id='word_1_194' title='bbox 342 2401 454 2454; x_wconf 86' lang='grc' dir='ltr'>δεῖν</span> <span class='ocrx_word' id='word_1_195' title='bbox 488 2401 585 2471; x_wconf 78' lang='grc' dir='ltr'>τὴν</span> <span class='ocrx_word' id='word_1_196' title='bbox 636 2401 819 2463; x_wconf 84' lang='grc' dir='ltr'>πίστιν</span> <span class='ocrx_word' id='word_1_197' title='bbox 846 2400 1360 2472; x_wconf 77' lang='grc' dir='ltr'>διαϐεϐαιούμενος,</span> <span class='ocrx_word' id='word_1_198' title='bbox 1390 2401 1501 2455; x_wconf 78' lang='grc' dir='ltr'>ἴσθι</span> <span class='ocrx_word' id='word_1_199' title='bbox 1542 2418 1645 2467; x_wconf 88' lang='grc' dir='ltr'>τοι,</span> <span class='ocrx_word' id='word_1_200' title='bbox 1692 2402 1786 2455; x_wconf 56' lang='grc' dir='ltr'><strong>καλ⁸</strong></span> 
     </span>
    </p>
   </div>
   <div class='ocr_carea' id='block_1_27' title="bbox 192 2490 1786 2563">
    <p class='ocr_par' dir='ltr' id='par_1_27' title="bbox 192 2490 1786 2563">
     <span class='ocr_line' id='line_1_27' title="bbox 192 2490 1786 2563; baseline 0.003 -21"><span class='ocrx_word' id='word_1_201' title='bbox 192 2490 346 2562; x_wconf 76' lang='grc' dir='ltr'>μάλα</span> <span class='ocrx_word' id='word_1_202' title='bbox 379 2490 588 2559; x_wconf 81' lang='grc' dir='ltr'>σαφῶς,</span> <span class='ocrx_word' id='word_1_203' title='bbox 622 2492 721 2561; x_wconf 78' lang='grc' dir='ltr'><strong>τῆς</strong></span> <span class='ocrx_word' id='word_1_204' title='bbox 753 2490 947 2544; x_wconf 78' lang='grc' dir='ltr'>ἑαυτοῦ</span> <span class='ocrx_word' id='word_1_205' title='bbox 980 2493 1224 2563; x_wconf 80' lang='grc' dir='ltr'>κεφαλῆς</span> <span class='ocrx_word' id='word_1_206' title='bbox 1270 2493 1338 2545; x_wconf 79' lang='grc' dir='ltr'>τὰ</span> <span class='ocrx_word' id='word_1_207' title='bbox 1367 2492 1466 2563; x_wconf 80' lang='grc' dir='ltr'>τῆς</span> <span class='ocrx_word' id='word_1_208' title='bbox 1500 2493 1786 2563; x_wconf 70' lang='grc' dir='ltr'>ἅνθρωπος»</span> 
     </span>
    </p>
   </div>
   <div class='ocr_carea' id='block_1_28' title="bbox 188 2582 1786 2655">
    <p class='ocr_par' dir='ltr' id='par_1_28' title="bbox 188 2582 1786 2655">
     <span class='ocr_line' id='line_1_28' title="bbox 188 2582 1786 2655; baseline 0.001 -20"><span class='ocrx_word' id='word_1_209' title='bbox 188 2582 421 2653; x_wconf 80' lang='grc' dir='ltr'>λατρίας</span> <span class='ocrx_word' id='word_1_210' title='bbox 467 2584 752 2653; x_wconf 84' lang='grc' dir='ltr'>καταχέων</span> <span class='ocrx_word' id='word_1_211' title='bbox 785 2584 1141 2654; x_wconf 77' lang='grc' dir='ltr'>ἐγκλήματα·</span> <span class='ocrx_word' id='word_1_212' title='bbox 1183 2583 1359 2638; x_wconf 83' lang='grc' dir='ltr'>καίτοι</span> <span class='ocrx_word' id='word_1_213' title='bbox 1411 2584 1786 2655; x_wconf 81' lang='grc' dir='ltr'>παραιτούμε-</span> 
     </span>
    </p>
   </div>
   <div class='ocr_carea' id='block_1_29' title="bbox 187 2673 1777 2748">
    <p class='ocr_par' dir='ltr' id='par_1_29' title="bbox 187 2673 1777 2748">
     <span class='ocr_line' id='line_1_29' title="bbox 187 2673 1777 2748; baseline 0.003 -23"><span class='ocrx_word' id='word_1_214' title='bbox 187 2691 306 2738; x_wconf 86' lang='grc' dir='ltr'>νος,</span> <span class='ocrx_word' id='word_1_215' title='bbox 341 2675 437 2727; x_wconf 74' lang='grc' dir='ltr'><strong>καὶ</strong></span> <span class='ocrx_word' id='word_1_216' title='bbox 467 2674 585 2727; x_wconf 82' lang='grc' dir='ltr'>λίαν</span> <span class='ocrx_word' id='word_1_217' title='bbox 605 2674 803 2745; x_wconf 83' lang='grc' dir='ltr'>ὀρθῶς,</span> <span class='ocrx_word' id='word_1_218' title='bbox 835 2676 895 2729; x_wconf 81' lang='grc' dir='ltr'><strong>τὸ</strong></span> <span class='ocrx_word' id='word_1_219' title='bbox 925 2676 1389 2748; x_wconf 83' lang='grc' dir='ltr'>ἀνθρωπολάτρης</span> <span class='ocrx_word' id='word_1_220' title='bbox 1412 2673 1551 2730; x_wconf 75' lang='grc' dir='ltr'>εἶναι</span> <span class='ocrx_word' id='word_1_221' title='bbox 1575 2678 1777 2731; x_wconf 84' lang='grc' dir='ltr'>δοκεῖν.</span> 
     </span>
    </p>
   </div>
   <div class='ocr_carea' id='block_1_30' title="bbox 203 2763 1788 2838">
    <p class='ocr_par' dir='ltr' id='par_1_30' title="bbox 203 2763 1788 2838">
     <span class='ocr_line' id='line_1_30' title="bbox 203 2763 1788 2838; baseline 0.002 -22"><span class='ocrx_word' id='word_1_222' title='bbox 203 2764 353 2816; x_wconf 76' lang='grc' dir='ltr'>Ἀλλ’</span> <span class='ocrx_word' id='word_1_223' title='bbox 377 2763 535 2831; x_wconf 81' lang='grc' dir='ltr'>ὀλίγα</span> <span class='ocrx_word' id='word_1_224' title='bbox 566 2765 765 2837; x_wconf 79' lang='grc' dir='ltr'>κομιδῇ</span> <span class='ocrx_word' id='word_1_225' title='bbox 794 2765 888 2818; x_wconf 90' lang='grc' dir='ltr'><strong>τοῦ</strong></span> <span class='ocrx_word' id='word_1_226' title='bbox 912 2768 1110 2836; x_wconf 78' lang='grc' dir='ltr'>χρῆναι</span> <span class='ocrx_word' id='word_1_227' title='bbox 1139 2767 1354 2838; x_wconf 86' lang='grc' dir='ltr'>φρονεῖν</span> <span class='ocrx_word' id='word_1_228' title='bbox 1386 2766 1454 2820; x_wconf 76' lang='grc' dir='ltr'>τὰ</span> <span class='ocrx_word' id='word_1_229' title='bbox 1486 2765 1673 2819; x_wconf 85' lang='grc' dir='ltr'>εἰκότα</span> <span class='ocrx_word' id='word_1_230' title='bbox 1694 2783 1788 2819; x_wconf 85' lang='grc' dir='ltr'>πε-</span> 
     </span>
    </p>
   </div>
   <div class='ocr_carea' id='block_1_31' title="bbox 188 2854 1788 2927">
    <p class='ocr_par' dir='ltr' id='par_1_31' title="bbox 188 2854 1788 2927">
     <span class='ocr_line' id='line_1_31' title="bbox 188 2854 1788 2927; baseline 0.002 -21"><span class='ocrx_word' id='word_1_231' title='bbox 188 2854 512 2926; x_wconf 72' lang='grc' dir='ltr'>φροντικὼς,</span> <span class='ocrx_word' id='word_1_232' title='bbox 543 2858 872 2923; x_wconf 81' lang='grc' dir='ltr'>συκοφαντεῖ</span> <span class='ocrx_word' id='word_1_233' title='bbox 922 2859 1017 2909; x_wconf 75' lang='grc' dir='ltr'>καὶ</span> <span class='ocrx_word' id='word_1_234' title='bbox 1041 2856 1243 2927; x_wconf 77' lang='grc' dir='ltr'>ἑτέρως</span> <span class='ocrx_word' id='word_1_235' title='bbox 1283 2857 1344 2910; x_wconf 78' lang='grc' dir='ltr'>τὸ</span> <span class='ocrx_word' id='word_1_236' title='bbox 1380 2856 1524 2927; x_wconf 85' lang='grc' dir='ltr'>μέγα</span> <span class='ocrx_word' id='word_1_237' title='bbox 1554 2856 1653 2926; x_wconf 81' lang='grc' dir='ltr'>τῆς</span> <span class='ocrx_word' id='word_1_238' title='bbox 1693 2856 1788 2909; x_wconf 86' lang='grc' dir='ltr'>εὑ-</span> 
     </span>
    </p>
   </div>
   <div class='ocr_carea' id='block_1_32' title="bbox 190 2947 1789 3021">
    <p class='ocr_par' dir='ltr' id='par_1_32' title="bbox 190 2947 1789 3021">
     <span class='ocr_line' id='line_1_32' title="bbox 190 2947 1789 3021; baseline 0.001 -22"><span class='ocrx_word' id='word_1_239' title='bbox 190 2947 418 3009; x_wconf 77' lang='grc' dir='ltr'>σεὸείας</span> <span class='ocrx_word' id='word_1_240' title='bbox 448 2950 767 3018; x_wconf 78' lang='grc' dir='ltr'>μυστήριον.</span> <span class='ocrx_word' id='word_1_241' title='bbox 787 2947 1070 3020; x_wconf 86' lang='grc' dir='ltr'>Ἐπιφέρει</span> <span class='ocrx_word' id='word_1_242' title='bbox 1115 2950 1225 3021; x_wconf 87' lang='grc' dir='ltr'><strong>γὰρ</strong></span> <span class='ocrx_word' id='word_1_243' title='bbox 1264 2949 1455 3013; x_wconf 79' lang='grc' dir='ltr'><strong>εὑθὺς⁹</strong></span> <span class='ocrx_word' id='word_1_244' title='bbox 1484 2949 1654 3012; x_wconf 83' lang='grc' dir='ltr'>Αὑτὸς</span> <span class='ocrx_word' id='word_1_245' title='bbox 1679 2948 1789 3020; x_wconf 75' lang='grc' dir='ltr'><strong>γὰρ</strong></span> 
     </span>
    </p>
   </div>
   <div class='ocr_carea' id='block_1_33' title="bbox 186 3039 1788 3111">
    <p class='ocr_par' dir='ltr' id='par_1_33' title="bbox 186 3039 1788 3111">
     <span class='ocr_line' id='line_1_33' title="bbox 186 3039 1788 3111; baseline -0.014 -2"><span class='ocrx_word' id='word_1_246' title='bbox 186 3039 335 3109; x_wconf 70' lang='grc' dir='ltr'><strong>ἡμῖν</strong></span> <span class='ocrx_word' id='word_1_247' title='bbox 386 3039 485 3108; x_wconf 68' lang='grc' dir='ltr'><strong>τῆς</strong></span> <span class='ocrx_word' id='word_1_248' title='bbox 554 3040 973 3110; x_wconf 68' lang='grc' dir='ltr'>ἐπηγγελμένης</span> <span class='ocrx_word' id='word_1_249' title='bbox 1047 3041 1298 3109; x_wconf 80' lang='grc' dir='ltr'>εὐλογίας</span> <span class='ocrx_word' id='word_1_250' title='bbox 1356 3042 1421 3094; x_wconf 79' lang='grc' dir='ltr'>ἐκ</span> <span class='ocrx_word' id='word_1_251' title='bbox 1472 3042 1788 3111; x_wconf 79' lang='grc' dir='ltr'>σπέρματος</span> 
     </span>
    </p>
   </div>
   <div class='ocr_carea' id='block_1_34' title="bbox 219 3129 1788 3204">
    <p class='ocr_par' dir='ltr' id='par_1_34' title="bbox 219 3129 1788 3204">
     <span class='ocr_line' id='line_1_34' title="bbox 219 3129 1788 3204; baseline 0.001 -22"><span class='ocrx_word' id='word_1_252' title='bbox 219 3129 467 3199; x_wconf 75' lang='grc' dir='ltr'>Δδραάμ</span> <span class='ocrx_word' id='word_1_253' title='bbox 504 3132 810 3201; x_wconf 83' lang='grc' dir='ltr'>ἀπεστάλη,</span> <span class='ocrx_word' id='word_1_254' title='bbox 834 3132 909 3195; x_wconf 83' lang='grc' dir='ltr'><strong>ὡς</strong></span> <span class='ocrx_word' id='word_1_255' title='bbox 948 3132 1089 3204; x_wconf 84' lang='grc' dir='ltr'>ὑπὲρ</span> <span class='ocrx_word' id='word_1_256' title='bbox 1128 3132 1319 3187; x_wconf 82' lang='grc' dir='ltr'>ἑαυτοῦ</span> <span class='ocrx_word' id='word_1_257' title='bbox 1347 3134 1441 3186; x_wconf 74' lang='grc' dir='ltr'>καὶ</span> <span class='ocrx_word' id='word_1_258' title='bbox 1475 3132 1568 3186; x_wconf 93' lang='grc' dir='ltr'><strong>τοῦ</strong></span> <span class='ocrx_word' id='word_1_259' title='bbox 1595 3132 1788 3201; x_wconf 83' lang='grc' dir='ltr'>γένους</span> 
     </span>
    </p>
   </div>
   <div class='ocr_carea' id='block_1_35' title="bbox 191 3220 1789 3294">
    <p class='ocr_par' dir='ltr' id='par_1_35' title="bbox 191 3220 1789 3294">
     <span class='ocr_line' id='line_1_35' title="bbox 191 3220 1789 3294; baseline 0.001 -21"><span class='ocrx_word' id='word_1_260' title='bbox 191 3221 303 3288; x_wconf 78' lang='grc' dir='ltr'>τὴν</span> <span class='ocrx_word' id='word_1_261' title='bbox 322 3220 420 3273; x_wconf 85' lang='grc' dir='ltr'><strong>τοῦ</strong></span> <span class='ocrx_word' id='word_1_262' title='bbox 449 3220 697 3290; x_wconf 75' lang='grc' dir='ltr'>σώματος</span> <span class='ocrx_word' id='word_1_263' title='bbox 724 3222 916 3274; x_wconf 81' lang='grc' dir='ltr'>θυσίαν</span> <span class='ocrx_word' id='word_1_264' title='bbox 953 3223 1415 3293; x_wconf 80' lang='grc' dir='ltr'>συνεπαγόμενος.</span> <span class='ocrx_word' id='word_1_265' title='bbox 1451 3223 1574 3291; x_wconf 80' lang='grc' dir='ltr'><strong>Ὑφ’</strong></span> <span class='ocrx_word' id='word_1_266' title='bbox 1602 3224 1789 3294; x_wconf 85' lang='grc' dir='ltr'>ἀμαρ-</span> 
     </span>
    </p>
   </div>
   <div class='ocr_carea' id='block_1_36' title="bbox 192 3308 1793 3387">
    <p class='ocr_par' dir='ltr' id='par_1_36' title="bbox 192 3308 1793 3387">
     <span class='ocr_line' id='line_1_36' title="bbox 192 3308 1793 3387; baseline 0.004 -24"><span class='ocrx_word' id='word_1_267' title='bbox 192 3313 325 3368; x_wconf 67' lang='grc' dir='ltr'>τίαγ</span> <span class='ocrx_word' id='word_1_268' title='bbox 358 3309 450 3365; x_wconf 78' lang='grc' dir='ltr'>οὖν</span> <span class='ocrx_word' id='word_1_269' title='bbox 476 3308 583 3383; x_wconf 83' lang='grc' dir='ltr'>ἆρα</span> <span class='ocrx_word' id='word_1_270' title='bbox 618 3313 711 3365; x_wconf 75' lang='grc' dir='ltr'><strong>καὶ</strong></span> <span class='ocrx_word' id='word_1_271' title='bbox 740 3313 901 3377; x_wconf 78' lang='grc' dir='ltr'>αὐτὸς,</span> <span class='ocrx_word' id='word_1_272' title='bbox 946 3315 1172 3382; x_wconf 83' lang='grc' dir='ltr'>γέγονεν</span> <span class='ocrx_word' id='word_1_273' title='bbox 1200 3318 1228 3368; x_wconf 99' lang='lat'><strong>6</strong></span> <span class='ocrx_word' id='word_1_274' title='bbox 1268 3317 1522 3387; x_wconf 84' lang='grc' dir='ltr'>Χριστὸς,</span> <span class='ocrx_word' id='word_1_275' title='bbox 1554 3317 1620 3370; x_wconf 73' lang='grc' dir='ltr'>δι’</span> <span class='ocrx_word' id='word_1_276' title='bbox 1647 3311 1708 3370; x_wconf 81' lang='grc' dir='ltr'><strong>οῦ</strong></span> <span class='ocrx_word' id='word_1_277' title='bbox 1732 3319 1793 3371; x_wconf 84' lang='grc' dir='ltr'><strong>τὸ</strong></span> 
     </span>
    </p>
   </div>
   <div class='ocr_carea' id='block_1_37' title="bbox 194 3402 1791 3478">
    <p class='ocr_par' dir='ltr' id='par_1_37' title="bbox 194 3402 1791 3478">
     <span class='ocr_line' id='line_1_37' title="bbox 194 3402 1791 3478; baseline 0.001 -20"><span class='ocrx_word' id='word_1_278' title='bbox 194 3402 329 3458; x_wconf 74' lang='grc' dir='ltr'>καθ’</span> <span class='ocrx_word' id='word_1_279' title='bbox 381 3403 660 3473; x_wconf 59' lang='grc' dir='ltr'>ἡμᾶςβὶ)</span> <span class='ocrx_word' id='word_1_280' title='bbox 707 3405 805 3473; x_wconf 83' lang='grc' dir='ltr'>τῆς</span> <span class='ocrx_word' id='word_1_281' title='bbox 848 3405 1122 3476; x_wconf 85' lang='grc' dir='ltr'>ἁμαρτίας</span> <span class='ocrx_word' id='word_1_282' title='bbox 1170 3407 1542 3476; x_wconf 83' lang='grc' dir='ltr'>ὲμφράττεται</span> <span class='ocrx_word' id='word_1_283' title='bbox 1594 3408 1791 3478; x_wconf 87' lang='grc' dir='ltr'>στόμα,</span> 
     </span>
    </p>
   </div>
   <div class='ocr_carea' id='block_1_38' title="bbox 196 3494 1792 3569">
    <p class='ocr_par' dir='ltr' id='par_1_38' title="bbox 196 3494 1792 3569">
     <span class='ocr_line' id='line_1_38' title="bbox 196 3494 1792 3569; baseline 0.003 -21"><span class='ocrx_word' id='word_1_284' title='bbox 196 3496 351 3549; x_wconf 86' lang='grc' dir='ltr'><strong>κατά</strong></span> <span class='ocrx_word' id='word_1_285' title='bbox 389 3495 486 3565; x_wconf 80' lang='grc' dir='ltr'>τὴν</span> <span class='ocrx_word' id='word_1_286' title='bbox 513 3494 605 3547; x_wconf 89' lang='grc' dir='ltr'><strong>τοῦ</strong></span> <span class='ocrx_word' id='word_1_287' title='bbox 631 3495 941 3558; x_wconf 78' lang='grc' dir='ltr'>Ψάλλοντος</span> <span class='ocrx_word' id='word_1_288' title='bbox 980 3498 1196 3569; x_wconf 77' lang='grc' dir='ltr'>φωνήνς</span> <span class='ocrx_word' id='word_1_289' title='bbox 1223 3494 1335 3568; x_wconf 87' lang='grc' dir='ltr'>ἆρα</span> <span class='ocrx_word' id='word_1_290' title='bbox 1363 3500 1456 3552; x_wconf 55' lang='grc' dir='ltr'><strong>καὶ⁵</strong></span> <span class='ocrx_word' id='word_1_291' title='bbox 1499 3499 1664 3552; x_wconf 90' lang='grc' dir='ltr'>αὑτοῦ</span> <span class='ocrx_word' id='word_1_292' title='bbox 1697 3498 1792 3552; x_wconf 86' lang='grc' dir='ltr'><strong>τοῦ</strong></span> 
     </span>
    </p>
   </div>
   <div class='ocr_carea' id='block_1_39' title="bbox 198 3585 1796 3662">
    <p class='ocr_par' dir='ltr' id='par_1_39' title="bbox 198 3585 1796 3662">
     <span class='ocr_line' id='line_1_39' title="bbox 198 3585 1796 3662; baseline 0.004 -24"><span class='ocrx_word' id='word_1_293' title='bbox 198 3585 385 3654; x_wconf 75' lang='grc' dir='ltr'>φωτὸς</span> <span class='ocrx_word' id='word_1_294' title='bbox 418 3587 511 3639; x_wconf 90' lang='grc' dir='ltr'><strong>τοῦ</strong></span> <span class='ocrx_word' id='word_1_295' title='bbox 564 3586 821 3657; x_wconf 75' lang='grc' dir='ltr'>ἀληθινοῦ</span> <span class='ocrx_word' id='word_1_296' title='bbox 874 3587 935 3640; x_wconf 86' lang='grc' dir='ltr'><strong>τὸ</strong></span> <span class='ocrx_word' id='word_1_297' title='bbox 978 3587 1078 3658; x_wconf 80' lang='grc' dir='ltr'><strong>τῆς</strong></span> <span class='ocrx_word' id='word_1_298' title='bbox 1130 3588 1410 3660; x_wconf 79' lang='grc' dir='ltr'>ἑπαράτου</span> <span class='ocrx_word' id='word_1_299' title='bbox 1458 3591 1796 3662; x_wconf 84' lang='grc' dir='ltr'>φαυλότητος</span> 
     </span>
    </p>
   </div>
   <div class='ocr_carea' id='block_1_40' title="bbox 195 3675 1792 3752">
    <p class='ocr_par' dir='ltr' id='par_1_40' title="bbox 195 3675 1792 3752">
     <span class='ocr_line' id='line_1_40' title="bbox 195 3675 1792 3752; baseline -0.001 -19"><span class='ocrx_word' id='word_1_300' title='bbox 195 3679 387 3750; x_wconf 72' lang='grc' dir='ltr'>ἥψατο</span> <span class='ocrx_word' id='word_1_301' title='bbox 421 3680 639 3745; x_wconf 79' lang='grc' dir='ltr'>σκότος;</span> <span class='ocrx_word' id='word_1_302' title='bbox 683 3675 793 3750; x_wconf 79' lang='grc' dir='ltr'>ἄρα</span> <span class='ocrx_word' id='word_1_303' title='bbox 835 3679 954 3749; x_wconf 85' lang='grc' dir='ltr'>μεθ’</span> <span class='ocrx_word' id='word_1_304' title='bbox 995 3679 1151 3749; x_wconf 79' lang='grc' dir='ltr'>ἡμῶν</span> <span class='ocrx_word' id='word_1_305' title='bbox 1199 3681 1393 3751; x_wconf 79' lang='grc' dir='ltr'>ἐδεήθη</span> <span class='ocrx_word' id='word_1_306' title='bbox 1438 3681 1531 3734; x_wconf 85' lang='grc' dir='ltr'><strong>τοῦ</strong></span> <span class='ocrx_word' id='word_1_307' title='bbox 1563 3681 1792 3752; x_wconf 90' lang='grc' dir='ltr'>λυτρου-</span> 
     </span>
    </p>
   </div>
   <div class='ocr_carea' id='block_1_41' title="bbox 202 3766 1796 3842">
    <p class='ocr_par' dir='ltr' id='par_1_41' title="bbox 202 3766 1796 3842">
     <span class='ocr_line' id='line_1_41' title="bbox 202 3766 1796 3842; baseline 0.003 -20"><span class='ocrx_word' id='word_1_308' title='bbox 202 3771 383 3840; x_wconf 80' lang='grc' dir='ltr'>μένου</span> <span class='ocrx_word' id='word_1_309' title='bbox 412 3771 508 3823; x_wconf 73' lang='grc' dir='ltr'>καὶ</span> <span class='ocrx_word' id='word_1_310' title='bbox 532 3770 798 3834; x_wconf 76' lang='grc' dir='ltr'>σώζοντος</span> <span class='ocrx_word' id='word_1_311' title='bbox 833 3772 861 3823; x_wconf 91' lang='lat'><strong>6</strong></span> <span class='ocrx_word' id='word_1_312' title='bbox 888 3769 954 3823; x_wconf 85' lang='grc' dir='ltr'>δι’</span> <span class='ocrx_word' id='word_1_313' title='bbox 998 3766 1058 3825; x_wconf 81' lang='grc' dir='ltr'><strong>οῦ</strong></span> <span class='ocrx_word' id='word_1_314' title='bbox 1088 3773 1237 3825; x_wconf 83' lang='grc' dir='ltr'>πᾶσα</span> <span class='ocrx_word' id='word_1_315' title='bbox 1267 3768 1538 3842; x_wconf 82' lang='grc' dir='ltr'>λύτρωσις</span> <span class='ocrx_word' id='word_1_316' title='bbox 1565 3772 1662 3826; x_wconf 73' lang='grc' dir='ltr'><strong>καὶ</strong></span> <span class='ocrx_word' id='word_1_317' title='bbox 1691 3790 1796 3827; x_wconf 81' lang='grc' dir='ltr'>σω·</span> 
     </span>
    </p>
   </div>
   <div class='ocr_carea' id='block_1_42' title="bbox 193 3861 1793 3934">
    <p class='ocr_par' dir='ltr' id='par_1_42' title="bbox 193 3861 1793 3934">
     <span class='ocr_line' id='line_1_42' title="bbox 193 3861 1793 3934; baseline 0.002 -20"><span class='ocrx_word' id='word_1_318' title='bbox 193 3861 411 3932; x_wconf 85' lang='grc' dir='ltr'>τηρίας</span> <span class='ocrx_word' id='word_1_319' title='bbox 435 3862 615 3927; x_wconf 80' lang='grc' dir='ltr'>ἑλπῐς;</span> <span class='ocrx_word' id='word_1_320' title='bbox 660 3862 867 3933; x_wconf 79' lang='grc' dir='ltr'>Πρέποι</span> <span class='ocrx_word' id='word_1_321' title='bbox 897 3863 940 3917; x_wconf 83' lang='grc' dir='ltr'>δ’</span> <span class='ocrx_word' id='word_1_322' title='bbox 973 3862 1037 3915; x_wconf 80' lang='grc' dir='ltr'>ἂν</span> <span class='ocrx_word' id='word_1_323' title='bbox 1063 3863 1234 3934; x_wconf 78' lang='grc' dir='ltr'>αὐτῷ,</span> <span class='ocrx_word' id='word_1_324' title='bbox 1263 3866 1404 3918; x_wconf 84' lang='grc' dir='ltr'><strong>κατά</strong></span> <span class='ocrx_word' id='word_1_325' title='bbox 1440 3881 1504 3931; x_wconf 91' lang='grc' dir='ltr'><strong>γε</strong></span> <span class='ocrx_word' id='word_1_326' title='bbox 1531 3864 1592 3917; x_wconf 78' lang='grc' dir='ltr'>τὸ</span> <span class='ocrx_word' id='word_1_327' title='bbox 1622 3864 1793 3929; x_wconf 77' lang='grc' dir='ltr'>εἰκὸς,</span> 
     </span>
    </p>
   </div>
   <div class='ocr_carea' id='block_1_43' title="bbox 200 3954 1796 4027">
    <p class='ocr_par' dir='ltr' id='par_1_43' title="bbox 200 3954 1796 4027">
     <span class='ocr_line' id='line_1_43' title="bbox 200 3954 1796 4027; baseline 0.002 -21"><span class='ocrx_word' id='word_1_328' title='bbox 200 3954 335 4024; x_wconf 83' lang='grc' dir='ltr'>μεθ’</span> <span class='ocrx_word' id='word_1_329' title='bbox 366 3955 523 4024; x_wconf 77' lang='grc' dir='ltr'>ἡμῶν</span> <span class='ocrx_word' id='word_1_330' title='bbox 566 3955 858 4026; x_wconf 81' lang='grc' dir='ltr'>ἀναφέρειν</span> <span class='ocrx_word' id='word_1_331' title='bbox 888 3956 956 4008; x_wconf 85' lang='grc' dir='ltr'><strong>τά</strong></span> <span class='ocrx_word' id='word_1_332' title='bbox 990 3960 1341 4027; x_wconf 83' lang='grc' dir='ltr'>χαριστήρια,</span> <span class='ocrx_word' id='word_1_333' title='bbox 1377 3956 1513 4008; x_wconf 85' lang='grc' dir='ltr'>Θεοῦ</span> <span class='ocrx_word' id='word_1_334' title='bbox 1548 3955 1796 4023; x_wconf 83' lang='grc' dir='ltr'>λέγοντος</span> 
     </span>
    </p>
   </div>
   <div class='ocr_carea' id='block_1_44' title="bbox 196 4046 1796 4119">
    <p class='ocr_par' dir='ltr' id='par_1_44' title="bbox 196 4046 1796 4119">
     <span class='ocr_line' id='line_1_44' title="bbox 196 4046 1796 4119; baseline 0.001 -19"><span class='ocrx_word' id='word_1_335' title='bbox 196 4046 607 4117; x_wconf 81' lang='grc' dir='ltr'>ἀμνησικάκως</span> <span class='ocrx_word' id='word_1_336' title='bbox 631 4064 643 4076; x_wconf 89' lang='grc'><strong>·</strong></span> <span class='ocrx_word' id='word_1_337' title='bbox 678 4066 696 4098; x_wconf 80' lang='grc' dir='ltr'><strong>ι</strong></span> <span class='ocrx_word' id='word_1_338' title='bbox 732 4046 874 4114; x_wconf 83' lang='grc' dir='ltr'><strong>Ἐγώ</strong></span> <span class='ocrx_word' id='word_1_339' title='bbox 894 4050 1008 4117; x_wconf 78' lang='grc' dir='ltr'>εἰμι</span> <span class='ocrx_word' id='word_1_340' title='bbox 1032 4049 1060 4100; x_wconf 88' lang='lat'><strong>6</strong></span> <span class='ocrx_word' id='word_1_341' title='bbox 1082 4047 1377 4115; x_wconf 71' lang='grc' dir='ltr'>έξαλείφων</span> <span class='ocrx_word' id='word_1_342' title='bbox 1399 4047 1497 4110; x_wconf 74' lang='grc' dir='ltr'>τὰς</span> <span class='ocrx_word' id='word_1_343' title='bbox 1520 4048 1796 4119; x_wconf 85' lang='grc' dir='ltr'>ἁμαρτίας</span> 
     </span>
    </p>
   </div>
   <div class='ocr_carea' id='block_1_45' title="bbox 201 4139 1798 4212">
    <p class='ocr_par' dir='ltr' id='par_1_45' title="bbox 201 4139 1798 4212">
     <span class='ocr_line' id='line_1_45' title="bbox 201 4139 1798 4212; baseline 0.001 -21"><span class='ocrx_word' id='word_1_344' title='bbox 201 4156 331 4201; x_wconf 89' lang='grc' dir='ltr'>σου,</span> <span class='ocrx_word' id='word_1_345' title='bbox 365 4139 459 4191; x_wconf 75' lang='grc' dir='ltr'><strong>καὶ</strong></span> <span class='ocrx_word' id='word_1_346' title='bbox 482 4141 543 4192; x_wconf 89' lang='grc' dir='ltr'><strong>οὑ</strong></span> <span class='ocrx_word' id='word_1_347' title='bbox 581 4139 655 4209; x_wconf 81' lang='grc' dir='ltr'>μὴ</span> <span class='ocrx_word' id='word_1_348' title='bbox 690 4140 1107 4210; x_wconf 79' lang='grc' dir='ltr'>μνησθήσομαι·</span> <span class='ocrx_word' id='word_1_349' title='bbox 1145 4158 1162 4191; x_wconf 74' lang='grc' dir='ltr'><strong>ι</strong></span> <span class='ocrx_word' id='word_1_350' title='bbox 1204 4140 1677 4212; x_wconf 82' lang='grc' dir='ltr'>καταγορεύσειδὲ</span> <span class='ocrx_word' id='word_1_351' title='bbox 1701 4142 1798 4195; x_wconf 72' lang='grc' dir='ltr'><strong>καὶ</strong></span> 
     </span>
    </p>
   </div>
   <div class='ocr_carea' id='block_1_46' title="bbox 198 4228 1800 4305">
    <p class='ocr_par' dir='ltr' id='par_1_46' title="bbox 198 4228 1800 4305">
     <span class='ocr_line' id='line_1_46' title="bbox 198 4228 1800 4305; baseline 0.003 -23"><span class='ocrx_word' id='word_1_352' title='bbox 198 4228 405 4293; x_wconf 86' lang='grc' dir='ltr'>αὑτοῦ,</span> <span class='ocrx_word' id='word_1_353' title='bbox 438 4228 581 4283; x_wconf 84' lang='grc' dir='ltr'><strong>καθά</strong></span> <span class='ocrx_word' id='word_1_354' title='bbox 610 4232 704 4283; x_wconf 77' lang='grc' dir='ltr'><strong>καὶ</strong></span> <span class='ocrx_word' id='word_1_355' title='bbox 731 4231 910 4301; x_wconf 84' lang='grc' dir='ltr'>ἡμῶν,</span> <span class='ocrx_word' id='word_1_356' title='bbox 932 4232 961 4283; x_wconf 88' lang='lat'><strong>6</strong></span> <span class='ocrx_word' id='word_1_357' title='bbox 993 4232 1091 4302; x_wconf 81' lang='grc' dir='ltr'>τῆς</span> <span class='ocrx_word' id='word_1_358' title='bbox 1119 4232 1394 4303; x_wconf 83' lang='grc' dir='ltr'>ἁμαρτίας</span> <span class='ocrx_word' id='word_1_359' title='bbox 1425 4234 1627 4305; x_wconf 90' lang='grc' dir='ltr'>πατήρ.</span> <span class='ocrx_word' id='word_1_360' title='bbox 1666 4230 1800 4287; x_wconf 84' lang='grc' dir='ltr'>Εἶτα</span> 
     </span>
    </p>
   </div>
   <div class='ocr_carea' id='block_1_47' title="bbox 198 4318 1818 4395">
    <p class='ocr_par' dir='ltr' id='par_1_47' title="bbox 198 4318 1818 4395">
     <span class='ocr_line' id='line_1_47' title="bbox 198 4318 1818 4395; baseline 0.005 -25"><span class='ocrx_word' id='word_1_361' title='bbox 198 4320 333 4381; x_wconf 82' lang='grc' dir='ltr'>πῶς</span> <span class='ocrx_word' id='word_1_362' title='bbox 362 4319 425 4371; x_wconf 83' lang='grc' dir='ltr'><strong>οὑ</strong></span> <span class='ocrx_word' id='word_1_363' title='bbox 454 4318 837 4389; x_wconf 75' lang='grc' dir='ltr'>ψευδοεπήσει,</span> <span class='ocrx_word' id='word_1_364' title='bbox 865 4320 1060 4389; x_wconf 83' lang='grc' dir='ltr'>λέγων·</span> <span class='ocrx_word' id='word_1_365' title='bbox 1102 4340 1121 4371; x_wconf 74' lang='grc' dir='ltr'><strong>ι</strong></span> <span class='ocrx_word' id='word_1_366' title='bbox 1156 4321 1416 4394; x_wconf 85' lang='grc' dir='ltr'>Ἔρχεται</span> <span class='ocrx_word' id='word_1_367' title='bbox 1445 4324 1473 4374; x_wconf 92' lang='lat'><strong>6</strong></span> <span class='ocrx_word' id='word_1_368' title='bbox 1497 4324 1680 4395; x_wconf 85' lang='grc' dir='ltr'>ἄρχων</span> <span class='ocrx_word' id='word_1_369' title='bbox 1705 4323 1818 4381; x_wconf 88' lang='grc' dir='ltr'>τοῦ,</span> 
     </span>
    </p>
   </div>
   <div class='ocr_carea' id='block_1_48' title="bbox 198 4407 1799 4481">
    <p class='ocr_par' dir='ltr' id='par_1_48' title="bbox 198 4407 1799 4481">
     <span class='ocr_line' id='line_1_48' title="bbox 198 4407 1799 4481; baseline 0.003 -20"><span class='ocrx_word' id='word_1_370' title='bbox 198 4408 411 4470; x_wconf 77' lang='grc' dir='ltr'>αἰῶνος</span> <span class='ocrx_word' id='word_1_371' title='bbox 440 4407 653 4471; x_wconf 79' lang='grc' dir='ltr'>τούτου,</span> <span class='ocrx_word' id='word_1_372' title='bbox 690 4408 782 4460; x_wconf 79' lang='grc' dir='ltr'><strong>καὶ</strong></span> <span class='ocrx_word' id='word_1_373' title='bbox 821 4409 879 4461; x_wconf 81' lang='grc' dir='ltr'>ὲν</span> <span class='ocrx_word' id='word_1_374' title='bbox 906 4410 1031 4478; x_wconf 76' lang='grc' dir='ltr'>ἐμοὶ</span> <span class='ocrx_word' id='word_1_375' title='bbox 1057 4410 1281 4481; x_wconf 79' lang='grc' dir='ltr'>εὑρήσει</span> <span class='ocrx_word' id='word_1_376' title='bbox 1325 4411 1511 4479; x_wconf 85' lang='grc' dir='ltr'>οὑδέν;</span> <span class='ocrx_word' id='word_1_377' title='bbox 1548 4432 1567 4463; x_wconf 76' lang='grc' dir='ltr'><strong>ι</strong></span> <span class='ocrx_word' id='word_1_378' title='bbox 1602 4412 1799 4466; x_wconf 73' lang='grc' dir='ltr'>Δεδυσο</span> 
     </span>
    </p>
   </div>
   <div class='ocr_carea' id='block_1_49' title="bbox 1872 575 3473 647">
    <p class='ocr_par' dir='ltr' id='par_1_49' title="bbox 1872 575 3473 647">
     <span class='ocr_line' id='line_1_49' title="bbox 1872 575 3473 647; baseline 0.004 -17"><span class='ocrx_word' id='word_1_379' title='bbox 1872 577 2194 647; x_wconf 82' lang='lat' dir='ltr'><strong>hypostases</strong></span> <span class='ocrx_word' id='word_1_380' title='bbox 2266 575 2647 643; x_wconf 77' lang='lat' dir='ltr'><strong>distinguitur,</strong></span> <span class='ocrx_word' id='word_1_381' title='bbox 2700 587 2754 631; x_wconf 89' lang='lat' dir='ltr'><strong>et</strong></span> <span class='ocrx_word' id='word_1_382' title='bbox 2808 592 2969 632; x_wconf 89' lang='lat' dir='ltr'><strong>unam</strong></span> <span class='ocrx_word' id='word_1_383' title='bbox 3023 589 3198 634; x_wconf 88' lang='lat' dir='ltr'><strong>tamen</strong></span> <span class='ocrx_word' id='word_1_384' title='bbox 3253 581 3473 637; x_wconf 86' lang='lat' dir='ltr'><strong>deitatis</strong></span> 
     </span>
    </p>
   </div>
   <div class='ocr_carea' id='block_1_50' title="bbox 1872 666 3471 738">
    <p class='ocr_par' dir='ltr' id='par_1_50' title="bbox 1872 666 3471 738">
     <span class='ocr_line' id='line_1_50' title="bbox 1872 666 3471 738; baseline 0.003 -17"><span class='ocrx_word' id='word_1_385' title='bbox 1872 666 2101 721; x_wconf 83' lang='lat' dir='ltr'><strong>absolvit</strong></span> <span class='ocrx_word' id='word_1_386' title='bbox 2153 667 2660 734; x_wconf 71' lang='lat' dir='ltr'><strong>naturamiQuia,</strong></span> <span class='ocrx_word' id='word_1_387' title='bbox 2717 684 2831 724; x_wconf 90' lang='lat' dir='ltr'><strong>mea</strong></span> <span class='ocrx_word' id='word_1_388' title='bbox 2884 670 3101 738; x_wconf 80' lang='lat' dir='ltr'><strong>quidem</strong></span> <span class='ocrx_word' id='word_1_389' title='bbox 3159 674 3471 738; x_wconf 78' lang='lat' dir='ltr'><strong>sententia,</strong></span> 
     </span>
    </p>
   </div>
   <div class='ocr_carea' id='block_1_51' title="bbox 1874 759 3475 827">
    <p class='ocr_par' dir='ltr' id='par_1_51' title="bbox 1874 759 3475 827">
     <span class='ocr_line' id='line_1_51' title="bbox 1874 759 3475 827; baseline 0.001 -12"><span class='ocrx_word' id='word_1_390' title='bbox 1874 776 1995 815; x_wconf 90' lang='lat' dir='ltr'><strong>cum</strong></span> <span class='ocrx_word' id='word_1_391' title='bbox 2021 760 2209 815; x_wconf 87' lang='lat' dir='ltr'><strong>eadem</strong></span> <span class='ocrx_word' id='word_1_392' title='bbox 2236 760 2471 815; x_wconf 82' lang='lat' dir='ltr'><strong>essentia</strong></span> <span class='ocrx_word' id='word_1_393' title='bbox 2507 762 2813 815; x_wconf 87' lang='lat' dir='ltr'><strong>necessario</strong></span> <span class='ocrx_word' id='word_1_394' title='bbox 2837 776 3192 827; x_wconf 82' lang='lat' dir='ltr'><strong>personarum</strong></span> <span class='ocrx_word' id='word_1_395' title='bbox 3217 759 3475 817; x_wconf 78' lang='lat' dir='ltr'><strong>dill&#39;eren-</strong></span> 
     </span>
    </p>
   </div>
   <div class='ocr_carea' id='block_1_52' title="bbox 1876 852 3470 921">
    <p class='ocr_par' dir='ltr' id='par_1_52' title="bbox 1876 852 3470 921">
     <span class='ocr_line' id='line_1_52' title="bbox 1876 852 3470 921; baseline 0.002 -18"><span class='ocrx_word' id='word_1_396' title='bbox 1876 856 2004 906; x_wconf 86' lang='lat' dir='ltr'><strong>tiam</strong></span> <span class='ocrx_word' id='word_1_397' title='bbox 2036 862 2327 921; x_wconf 82' lang='lat' dir='ltr'><strong>sequatur,</strong></span> <span class='ocrx_word' id='word_1_398' title='bbox 2355 852 2691 905; x_wconf 83' lang='lat' dir='ltr'><strong>credentium</strong></span> <span class='ocrx_word' id='word_1_399' title='bbox 2742 852 3150 920; x_wconf 78' lang='lat' dir='ltr'><strong>intelligentiam</strong></span> <span class='ocrx_word' id='word_1_400' title='bbox 3198 852 3267 905; x_wconf 86' lang='lat' dir='ltr'><strong>ad</strong></span> <span class='ocrx_word' id='word_1_401' title='bbox 3306 868 3470 907; x_wconf 89' lang='lat' dir='ltr'><strong>uuam</strong></span> 
     </span>
    </p>
   </div>
   <div class='ocr_carea' id='block_1_53' title="bbox 1877 942 3472 1012">
    <p class='ocr_par' dir='ltr' id='par_1_53' title="bbox 1877 942 3472 1012">
     <span class='ocr_line' id='line_1_53' title="bbox 1877 942 3472 1012; baseline 0 -17"><span class='ocrx_word' id='word_1_402' title='bbox 1877 942 2184 997; x_wconf 81' lang='lat' dir='ltr'><strong>Divinitatis</strong></span> <span class='ocrx_word' id='word_1_403' title='bbox 2205 954 2452 997; x_wconf 87' lang='lat' dir='ltr'><strong>naturam</strong></span> <span class='ocrx_word' id='word_1_404' title='bbox 2484 944 2731 1012; x_wconf 81' lang='lat' dir='ltr'><strong>perducit</strong></span> <span class='ocrx_word' id='word_1_405' title='bbox 2764 960 2777 995; x_wconf 89' lang='lat'><strong>:</strong></span> <span class='ocrx_word' id='word_1_406' title='bbox 2811 945 2861 996; x_wconf 92' lang='lat' dir='ltr'><strong>in</strong></span> <span class='ocrx_word' id='word_1_407' title='bbox 2888 944 3239 998; x_wconf 86' lang='lat' dir='ltr'><strong>Emmauucle</strong></span> <span class='ocrx_word' id='word_1_408' title='bbox 3271 953 3472 1008; x_wconf 85' lang='lat' dir='ltr'><strong>autem,</strong></span> 
     </span>
    </p>
   </div>
   <div class='ocr_carea' id='block_1_54' title="bbox 1882 1037 3472 1106">
    <p class='ocr_par' dir='ltr' id='par_1_54' title="bbox 1882 1037 3472 1106">
     <span class='ocr_line' id='line_1_54' title="bbox 1882 1037 3472 1106; baseline 0.001 -17"><span class='ocrx_word' id='word_1_409' title='bbox 1882 1038 2009 1106; x_wconf 86' lang='lat' dir='ltr'><strong>quia</strong></span> <span class='ocrx_word' id='word_1_410' title='bbox 2047 1038 2221 1091; x_wconf 85' lang='lat' dir='ltr'><strong>deitas</strong></span> <span class='ocrx_word' id='word_1_411' title='bbox 2249 1037 2392 1089; x_wconf 84' lang='lat' dir='ltr'><strong>aliud</strong></span> <span class='ocrx_word' id='word_1_412' title='bbox 2436 1038 2691 1105; x_wconf 76' lang='lat' dir='ltr'><strong>quiddam</strong></span> <span class='ocrx_word' id='word_1_413' title='bbox 2741 1046 2823 1092; x_wconf 89' lang='lat' dir='ltr'><strong>est</strong></span> <span class='ocrx_word' id='word_1_414' title='bbox 2854 1038 2920 1092; x_wconf 85' lang='lat' dir='ltr'><strong>ab</strong></span> <span class='ocrx_word' id='word_1_415' title='bbox 2960 1038 3329 1102; x_wconf 76' lang='lat' dir='ltr'><strong>humanitate,</strong></span> <span class='ocrx_word' id='word_1_416' title='bbox 3372 1037 3472 1091; x_wconf 88' lang='lat' dir='ltr'><strong>nisi</strong></span> 
     </span>
    </p>
   </div>
   <div class='ocr_carea' id='block_1_55' title="bbox 1878 1128 3474 1199">
    <p class='ocr_par' dir='ltr' id='par_1_55' title="bbox 1878 1128 3474 1199">
     <span class='ocr_line' id='line_1_55' title="bbox 1878 1128 3474 1199; baseline 0.001 -20"><span class='ocrx_word' id='word_1_417' title='bbox 1878 1129 2176 1183; x_wconf 82' lang='lat' dir='ltr'><strong>dixerimus</strong></span> <span class='ocrx_word' id='word_1_418' title='bbox 2234 1133 2510 1199; x_wconf 88' lang='lat' dir='ltr'><strong>proprium</strong></span> <span class='ocrx_word' id='word_1_419' title='bbox 2570 1131 2771 1183; x_wconf 80' lang='lat' dir='ltr'><strong>factum</strong></span> <span class='ocrx_word' id='word_1_420' title='bbox 2821 1128 2990 1184; x_wconf 69' lang='lat' dir='ltr'><strong>fuisse</strong></span> <span class='ocrx_word' id='word_1_421' title='bbox 3045 1144 3244 1197; x_wconf 84' lang='lat' dir='ltr'><strong>corpus</strong></span> <span class='ocrx_word' id='word_1_422' title='bbox 3301 1130 3474 1197; x_wconf 83' lang='lat' dir='ltr'><strong>ipsius</strong></span> 
     </span>
    </p>
   </div>
   <div class='ocr_carea' id='block_1_56' title="bbox 1878 1217 3475 1289">
    <p class='ocr_par' dir='ltr' id='par_1_56' title="bbox 1878 1217 3475 1289">
     <span class='ocr_line' id='line_1_56' title="bbox 1878 1217 3475 1289; baseline 0 -17"><span class='ocrx_word' id='word_1_423' title='bbox 1878 1217 2038 1274; x_wconf 80' lang='lat' dir='ltr'><strong>Verbi</strong></span> <span class='ocrx_word' id='word_1_424' title='bbox 2065 1235 2161 1289; x_wconf 87' lang='lat' dir='ltr'><strong>per</strong></span> <span class='ocrx_word' id='word_1_425' title='bbox 2198 1236 2376 1274; x_wconf 78' lang='lat' dir='ltr'><strong>veram</strong></span> <span class='ocrx_word' id='word_1_426' title='bbox 2402 1220 2677 1281; x_wconf 86' lang='lat' dir='ltr'><strong>unionem,</strong></span> <span class='ocrx_word' id='word_1_427' title='bbox 2704 1221 2971 1286; x_wconf 85' lang='lat' dir='ltr'><strong>quomodo</strong></span> <span class='ocrx_word' id='word_1_428' title='bbox 3003 1235 3107 1272; x_wconf 89' lang='lat' dir='ltr'><strong>uua</strong></span> <span class='ocrx_word' id='word_1_429' title='bbox 3156 1222 3475 1274; x_wconf 85' lang='lat' dir='ltr'><strong>absolvetur</strong></span> 
     </span>
    </p>
   </div>
   <div class='ocr_carea' id='block_1_57' title="bbox 1880 1308 3477 1378">
    <p class='ocr_par' dir='ltr' id='par_1_57' title="bbox 1880 1308 3477 1378">
     <span class='ocr_line' id='line_1_57' title="bbox 1880 1308 3477 1378; baseline -0.001 -16"><span class='ocrx_word' id='word_1_430' title='bbox 1880 1324 1947 1362; x_wconf 76' lang='lat' dir='ltr'><strong>ex</strong></span> <span class='ocrx_word' id='word_1_431' title='bbox 1975 1320 2209 1378; x_wconf 90' lang='lat' dir='ltr'><strong>utroque</strong></span> <span class='ocrx_word' id='word_1_432' title='bbox 2241 1324 2468 1378; x_wconf 88' lang='lat' dir='ltr'><strong>persona</strong></span> <span class='ocrx_word' id='word_1_433' title='bbox 2494 1349 2508 1372; x_wconf 91' lang='lat'><strong>,</strong></span> <span class='ocrx_word' id='word_1_434' title='bbox 2541 1323 2661 1362; x_wconf 91' lang='lat' dir='ltr'><strong>cum</strong></span> <span class='ocrx_word' id='word_1_435' title='bbox 2699 1308 2957 1362; x_wconf 86' lang='lat' dir='ltr'><strong>alterutra</strong></span> <span class='ocrx_word' id='word_1_436' title='bbox 3010 1308 3311 1362; x_wconf 79' lang='lat' dir='ltr'><strong>substantia</strong></span> <span class='ocrx_word' id='word_1_437' title='bbox 3350 1322 3477 1376; x_wconf 90' lang='lat' dir='ltr'><strong>pro-</strong></span> 
     </span>
    </p>
   </div>
   <div class='ocr_carea' id='block_1_58' title="bbox 1881 1399 3476 1470">
    <p class='ocr_par' dir='ltr' id='par_1_58' title="bbox 1881 1399 3476 1470">
     <span class='ocr_line' id='line_1_58' title="bbox 1881 1399 3476 1470; baseline 0.001 -19"><span class='ocrx_word' id='word_1_438' title='bbox 1881 1399 2052 1469; x_wconf 85' lang='lat' dir='ltr'><strong>priam</strong></span> <span class='ocrx_word' id='word_1_439' title='bbox 2092 1402 2307 1468; x_wconf 88' lang='lat' dir='ltr'><strong>utrique</strong></span> <span class='ocrx_word' id='word_1_440' title='bbox 2353 1402 2524 1463; x_wconf 77' lang='lat' dir='ltr'><strong>ferat,</strong></span> <span class='ocrx_word' id='word_1_441' title='bbox 2556 1412 2740 1470; x_wconf 81' lang='lat' dir='ltr'><strong>utpue</strong></span> <span class='ocrx_word' id='word_1_442' title='bbox 2802 1399 3027 1454; x_wconf 90' lang='lat' dir='ltr'><strong>seorsim</strong></span> <span class='ocrx_word' id='word_1_443' title='bbox 3075 1399 3246 1468; x_wconf 89' lang='lat' dir='ltr'><strong>posita</strong></span> <span class='ocrx_word' id='word_1_444' title='bbox 3310 1408 3476 1467; x_wconf 87' lang='lat' dir='ltr'><strong>atque</strong></span> 
     </span>
    </p>
   </div>
   <div class='ocr_carea' id='block_1_59' title="bbox 1881 1491 3477 1563">
    <p class='ocr_par' dir='ltr' id='par_1_59' title="bbox 1881 1491 3477 1563">
     <span class='ocr_line' id='line_1_59' title="bbox 1881 1491 3477 1563; baseline 0 -18"><span class='ocrx_word' id='word_1_445' title='bbox 1881 1491 2172 1558; x_wconf 83' lang='lat' dir='ltr'><strong>sejuncta?</strong></span> <span class='ocrx_word' id='word_1_446' title='bbox 2225 1493 2336 1546; x_wconf 84' lang='lat' dir='ltr'><strong>Etsi</strong></span> <span class='ocrx_word' id='word_1_447' title='bbox 2386 1493 2435 1547; x_wconf 90' lang='lat' dir='ltr'><strong>id</strong></span> <span class='ocrx_word' id='word_1_448' title='bbox 2461 1493 2601 1563; x_wconf 87' lang='lat' dir='ltr'><strong>quod</strong></span> <span class='ocrx_word' id='word_1_449' title='bbox 2643 1502 2916 1561; x_wconf 89' lang='lat' dir='ltr'><strong>sumptum</strong></span> <span class='ocrx_word' id='word_1_450' title='bbox 2958 1502 3064 1556; x_wconf 88' lang='lat' dir='ltr'><strong>est,</strong></span> <span class='ocrx_word' id='word_1_451' title='bbox 3106 1507 3211 1545; x_wconf 89' lang='lat' dir='ltr'><strong>non</strong></span> <span class='ocrx_word' id='word_1_452' title='bbox 3240 1491 3311 1545; x_wconf 88' lang='lat' dir='ltr'><strong>sit</strong></span> <span class='ocrx_word' id='word_1_453' title='bbox 3352 1505 3477 1559; x_wconf 88' lang='lat' dir='ltr'><strong>pro-</strong></span> 
     </span>
    </p>
   </div>
   <div class='ocr_carea' id='block_1_60' title="bbox 1884 1582 3479 1654">
    <p class='ocr_par' dir='ltr' id='par_1_60' title="bbox 1884 1582 3479 1654">
     <span class='ocr_line' id='line_1_60' title="bbox 1884 1582 3479 1654; baseline -0.003 -15"><span class='ocrx_word' id='word_1_454' title='bbox 1884 1587 2060 1654; x_wconf 90' lang='lat' dir='ltr'><strong>prium</strong></span> <span class='ocrx_word' id='word_1_455' title='bbox 2103 1585 2433 1639; x_wconf 87' lang='lat' dir='ltr'><strong>assumentis</strong></span> <span class='ocrx_word' id='word_1_456' title='bbox 2465 1585 2665 1639; x_wconf 80' lang='lat' dir='ltr'><strong>factum</strong></span> <span class='ocrx_word' id='word_1_457' title='bbox 2694 1623 2709 1648; x_wconf 97' lang='lat'><strong>,</strong></span> <span class='ocrx_word' id='word_1_458' title='bbox 2739 1600 2841 1636; x_wconf 91' lang='lat' dir='ltr'><strong>non</strong></span> <span class='ocrx_word' id='word_1_459' title='bbox 2871 1586 3007 1637; x_wconf 80' lang='lat' dir='ltr'><strong>satis</strong></span> <span class='ocrx_word' id='word_1_460' title='bbox 3032 1584 3137 1638; x_wconf 88' lang='lat' dir='ltr'><strong>erit</strong></span> <span class='ocrx_word' id='word_1_461' title='bbox 3165 1582 3479 1649; x_wconf 78' lang='lat' dir='ltr'><strong>coniunctio</strong></span> 
     </span>
    </p>
   </div>
   <div class='ocr_carea' id='block_1_61' title="bbox 1881 1673 3482 1747">
    <p class='ocr_par' dir='ltr' id='par_1_61' title="bbox 1881 1673 3482 1747">
     <span class='ocr_line' id='line_1_61' title="bbox 1881 1673 3482 1747; baseline -0.002 -17"><span class='ocrx_word' id='word_1_462' title='bbox 1881 1691 1980 1744; x_wconf 90' lang='lat' dir='ltr'><strong>per</strong></span> <span class='ocrx_word' id='word_1_463' title='bbox 2040 1675 2340 1745; x_wconf 89' lang='lat' dir='ltr'><strong>simplicem</strong></span> <span class='ocrx_word' id='word_1_464' title='bbox 2433 1678 2714 1747; x_wconf 78' lang='lat' dir='ltr'><strong>dignitatis</strong></span> <span class='ocrx_word' id='word_1_465' title='bbox 2787 1675 2956 1729; x_wconf 88' lang='lat' dir='ltr'><strong>solius</strong></span> <span class='ocrx_word' id='word_1_466' title='bbox 3022 1686 3075 1727; x_wconf 92' lang='lat' dir='ltr'><strong>et</strong></span> <span class='ocrx_word' id='word_1_467' title='bbox 3143 1673 3482 1728; x_wconf 78' lang='lat' dir='ltr'><strong>auctoritatis</strong></span> 
     </span>
    </p>
   </div>
   <div class='ocr_carea' id='block_1_62' title="bbox 1884 1756 3482 1832">
    <p class='ocr_par' dir='ltr' id='par_1_62' title="bbox 1884 1756 3482 1832">
     <span class='ocr_line' id='line_1_62' title="bbox 1884 1756 3482 1832; baseline -0.002 -10"><span class='ocrx_word' id='word_1_468' title='bbox 1884 1756 2173 1822; x_wconf 75' lang='lat' dir='ltr'><strong>coitionem</strong></span> <span class='ocrx_word' id='word_1_469' title='bbox 2201 1807 2216 1832; x_wconf 98' lang='lat'><strong>,</strong></span> <span class='ocrx_word' id='word_1_470' title='bbox 2252 1768 2318 1822; x_wconf 89' lang='lat' dir='ltr'><strong>ad</strong></span> <span class='ocrx_word' id='word_1_471' title='bbox 2350 1783 2515 1822; x_wconf 88' lang='lat' dir='ltr'><strong>unum</strong></span> <span class='ocrx_word' id='word_1_472' title='bbox 2564 1783 2626 1822; x_wconf 88' lang='lat' dir='ltr'><strong>ac</strong></span> <span class='ocrx_word' id='word_1_473' title='bbox 2659 1766 2831 1821; x_wconf 88' lang='lat' dir='ltr'><strong>solum</strong></span> <span class='ocrx_word' id='word_1_474' title='bbox 2885 1766 3040 1819; x_wconf 83' lang='lat' dir='ltr'><strong>nobis</strong></span> <span class='ocrx_word' id='word_1_475' title='bbox 3071 1765 3346 1820; x_wconf 86' lang='lat' dir='ltr'><strong>Christum</strong></span> <span class='ocrx_word' id='word_1_476' title='bbox 3387 1766 3482 1819; x_wconf 86' lang='lat' dir='ltr'><strong>ab-</strong></span> 
     </span>
    </p>
   </div>
   <div class='ocr_carea' id='block_1_63' title="bbox 1885 1856 3483 1929">
    <p class='ocr_par' dir='ltr' id='par_1_63' title="bbox 1885 1856 3483 1929">
     <span class='ocr_line' id='line_1_63' title="bbox 1885 1856 3483 1929; baseline -0.001 -16"><span class='ocrx_word' id='word_1_477' title='bbox 1885 1858 2225 1925; x_wconf 86' lang='lat' dir='ltr'><strong>solvendum,</strong></span> <span class='ocrx_word' id='word_1_478' title='bbox 2263 1858 2358 1929; x_wconf 88' lang='lat' dir='ltr'><strong>qui</strong></span> <span class='ocrx_word' id='word_1_479' title='bbox 2391 1858 2531 1913; x_wconf 89' lang='lat' dir='ltr'><strong>idem</strong></span> <span class='ocrx_word' id='word_1_480' title='bbox 2565 1857 2725 1912; x_wconf 90' lang='lat' dir='ltr'><strong>simul</strong></span> <span class='ocrx_word' id='word_1_481' title='bbox 2756 1858 2896 1912; x_wconf 82' lang='lat' dir='ltr'><strong>Deus</strong></span> <span class='ocrx_word' id='word_1_482' title='bbox 2926 1858 2994 1911; x_wconf 90' lang='lat' dir='ltr'><strong>sit</strong></span> <span class='ocrx_word' id='word_1_483' title='bbox 3018 1867 3073 1911; x_wconf 91' lang='lat' dir='ltr'><strong>et</strong></span> <span class='ocrx_word' id='word_1_484' title='bbox 3097 1859 3279 1911; x_wconf 81' lang='lat' dir='ltr'><strong>homo.</strong></span> <span class='ocrx_word' id='word_1_485' title='bbox 3330 1856 3483 1912; x_wconf 81' lang='lat' dir='ltr'><strong>Tune</strong></span> 
     </span>
    </p>
   </div>
   <div class='ocr_carea' id='block_1_64' title="bbox 1886 1949 3479 2023">
    <p class='ocr_par' dir='ltr' id='par_1_64' title="bbox 1886 1949 3479 2023">
     <span class='ocr_line' id='line_1_64' title="bbox 1886 1949 3479 2023; baseline -0.004 -15"><span class='ocrx_word' id='word_1_486' title='bbox 1886 1954 2029 2008; x_wconf 90' lang='lat' dir='ltr'><strong>enim</strong></span> <span class='ocrx_word' id='word_1_487' title='bbox 2081 1952 2325 2023; x_wconf 81' lang='lat' dir='ltr'><strong>profecto</strong></span> <span class='ocrx_word' id='word_1_488' title='bbox 2376 1952 2443 2006; x_wconf 87' lang='lat' dir='ltr'><strong>ab</strong></span> <span class='ocrx_word' id='word_1_489' title='bbox 2485 1950 2603 2018; x_wconf 85' lang='lat' dir='ltr'><strong>ejus</strong></span> <span class='ocrx_word' id='word_1_490' title='bbox 2654 1950 2757 2004; x_wconf 69' lang='lat' dir='ltr'><strong>title</strong></span> <span class='ocrx_word' id='word_1_491' title='bbox 2785 1949 3047 2004; x_wconf 80' lang='lat' dir='ltr'><strong>dimoveri</strong></span> <span class='ocrx_word' id='word_1_492' title='bbox 3103 1964 3325 2004; x_wconf 84' lang='lat' dir='ltr'><strong>necesse</strong></span> <span class='ocrx_word' id='word_1_493' title='bbox 3372 1960 3479 2014; x_wconf 84' lang='lat' dir='ltr'><strong>est,</strong></span> 
     </span>
    </p>
   </div>
   <div class='ocr_carea' id='block_1_65' title="bbox 1885 2041 3475 2105">
    <p class='ocr_par' dir='ltr' id='par_1_65' title="bbox 1885 2041 3475 2105">
     <span class='ocr_line' id='line_1_65' title="bbox 1885 2041 3475 2105; baseline -0.005 -5"><span class='ocrx_word' id='word_1_494' title='bbox 1885 2046 2049 2105; x_wconf 90' lang='lat' dir='ltr'><strong>etiam</strong></span> <span class='ocrx_word' id='word_1_495' title='bbox 2113 2047 2159 2101; x_wconf 89' lang='lat' dir='ltr'><strong>si</strong></span> <span class='ocrx_word' id='word_1_496' title='bbox 2211 2061 2275 2099; x_wconf 80' lang='lat' dir='ltr'><strong>ex</strong></span> <span class='ocrx_word' id='word_1_497' title='bbox 2317 2043 2524 2098; x_wconf 90' lang='lat' dir='ltr'><strong>semine</strong></span> <span class='ocrx_word' id='word_1_498' title='bbox 2580 2042 2853 2096; x_wconf 81' lang='lat' dir='ltr'><strong>Abraham</strong></span> <span class='ocrx_word' id='word_1_499' title='bbox 2913 2041 3208 2096; x_wconf 90' lang='lat' dir='ltr'><strong>secundum</strong></span> <span class='ocrx_word' id='word_1_500' title='bbox 3251 2055 3475 2094; x_wconf 86' lang='lat' dir='ltr'><strong>carnem</strong></span> 
     </span>
    </p>
   </div>
   <div class='ocr_carea' id='block_1_66' title="bbox 1888 2132 3478 2207">
    <p class='ocr_par' dir='ltr' id='par_1_66' title="bbox 1888 2132 3478 2207">
     <span class='ocr_line' id='line_1_66' title="bbox 1888 2132 3478 2207; baseline -0.004 -16"><span class='ocrx_word' id='word_1_501' title='bbox 1888 2136 2242 2207; x_wconf 81' lang='lat' dir='ltr'><strong>intelligatur.</strong></span> <span class='ocrx_word' id='word_1_502' title='bbox 2301 2136 2438 2190; x_wconf 85' lang='lat' dir='ltr'><strong>Cum</strong></span> <span class='ocrx_word' id='word_1_503' title='bbox 2486 2148 2616 2188; x_wconf 84' lang='lat' dir='ltr'><strong>vero</strong></span> <span class='ocrx_word' id='word_1_504' title='bbox 2651 2133 2816 2188; x_wconf 78' lang='lat' dir='ltr'><strong>alium</strong></span> <span class='ocrx_word' id='word_1_505' title='bbox 2858 2142 2914 2187; x_wconf 90' lang='lat' dir='ltr'><strong>et</strong></span> <span class='ocrx_word' id='word_1_506' title='bbox 2945 2133 3108 2186; x_wconf 85' lang='lat' dir='ltr'><strong>alium</strong></span> <span class='ocrx_word' id='word_1_507' title='bbox 3136 2146 3257 2187; x_wconf 85' lang='lat' dir='ltr'><strong>esse</strong></span> <span class='ocrx_word' id='word_1_508' title='bbox 3308 2132 3478 2196; x_wconf 85' lang='lat' dir='ltr'><strong>dicas,</strong></span> 
     </span>
    </p>
   </div>
   <div class='ocr_carea' id='block_1_67' title="bbox 1887 2226 3480 2300">
    <p class='ocr_par' dir='ltr' id='par_1_67' title="bbox 1887 2226 3480 2300">
     <span class='ocr_line' id='line_1_67' title="bbox 1887 2226 3480 2300; baseline -0.003 -15"><span class='ocrx_word' id='word_1_509' title='bbox 1887 2230 2151 2285; x_wconf 87' lang='lat' dir='ltr'><strong>deindein</strong></span> <span class='ocrx_word' id='word_1_510' title='bbox 2185 2230 2334 2283; x_wconf 90' lang='lat' dir='ltr'><strong>illum</strong></span> <span class='ocrx_word' id='word_1_511' title='bbox 2369 2229 2567 2300; x_wconf 83' lang='lat' dir='ltr'><strong>quiest</strong></span> <span class='ocrx_word' id='word_1_512' title='bbox 2599 2242 2665 2282; x_wconf 79' lang='lat' dir='ltr'><strong>ex</strong></span> <span class='ocrx_word' id='word_1_513' title='bbox 2694 2228 2904 2283; x_wconf 83' lang='lat' dir='ltr'><strong>semine</strong></span> <span class='ocrx_word' id='word_1_514' title='bbox 2945 2228 3134 2289; x_wconf 86' lang='lat' dir='ltr'><strong>David,</strong></span> <span class='ocrx_word' id='word_1_515' title='bbox 3167 2226 3327 2282; x_wconf 77' lang='lat' dir='ltr'><strong>fidem</strong></span> <span class='ocrx_word' id='word_1_516' title='bbox 3355 2240 3480 2281; x_wconf 80' lang='lat' dir='ltr'><strong>esse</strong></span> 
     </span>
    </p>
   </div>
   <div class='ocr_carea' id='block_1_68' title="bbox 1889 2318 3480 2387">
    <p class='ocr_par' dir='ltr' id='par_1_68' title="bbox 1889 2318 3480 2387">
     <span class='ocr_line' id='line_1_68' title="bbox 1889 2318 3480 2387; baseline -0.003 -12"><span class='ocrx_word' id='word_1_517' title='bbox 1889 2320 2223 2376; x_wconf 81' lang='lat' dir='ltr'><strong>aﬂ‘erendam</strong></span> <span class='ocrx_word' id='word_1_518' title='bbox 2252 2319 2521 2383; x_wconf 78' lang='lat' dir='ltr'><strong>afﬁrmes,</strong></span> <span class='ocrx_word' id='word_1_519' title='bbox 2555 2331 2607 2375; x_wconf 90' lang='lat' dir='ltr'><strong>te</strong></span> <span class='ocrx_word' id='word_1_520' title='bbox 2640 2322 2691 2374; x_wconf 93' lang='lat' dir='ltr'><strong>in</strong></span> <span class='ocrx_word' id='word_1_521' title='bbox 2718 2328 2867 2374; x_wconf 87' lang='lat' dir='ltr'><strong>tuum</strong></span> <span class='ocrx_word' id='word_1_522' title='bbox 2904 2318 3070 2387; x_wconf 88' lang='lat' dir='ltr'><strong>ipsius</strong></span> <span class='ocrx_word' id='word_1_523' title='bbox 3090 2327 3251 2386; x_wconf 85' lang='lat' dir='ltr'><strong>caput</strong></span> <span class='ocrx_word' id='word_1_524' title='bbox 3275 2318 3480 2372; x_wconf 86' lang='lat' dir='ltr'><strong>crimen</strong></span> 
     </span>
    </p>
   </div>
   <div class='ocr_carea' id='block_1_69' title="bbox 1888 2407 3478 2478">
    <p class='ocr_par' dir='ltr' id='par_1_69' title="bbox 1888 2407 3478 2478">
     <span class='ocr_line' id='line_1_69' title="bbox 1888 2407 3478 2478; baseline -0.004 -12"><span class='ocrx_word' id='word_1_525' title='bbox 1888 2412 2126 2466; x_wconf 80' lang='lat' dir='ltr'><strong>hominis</strong></span> <span class='ocrx_word' id='word_1_526' title='bbox 2162 2411 2373 2465; x_wconf 89' lang='lat' dir='ltr'><strong>colendi</strong></span> <span class='ocrx_word' id='word_1_527' title='bbox 2411 2410 2781 2478; x_wconf 88' lang='lat' dir='ltr'><strong>adoraudique</strong></span> <span class='ocrx_word' id='word_1_528' title='bbox 2809 2409 3079 2473; x_wconf 87' lang='lat' dir='ltr'><strong>conjicere</strong></span> <span class='ocrx_word' id='word_1_529' title='bbox 3110 2415 3260 2461; x_wconf 87' lang='lat' dir='ltr'><strong>certo</strong></span> <span class='ocrx_word' id='word_1_530' title='bbox 3311 2407 3478 2473; x_wconf 85' lang='lat' dir='ltr'><strong>scias,</strong></span> 
     </span>
    </p>
   </div>
   <div class='ocr_carea' id='block_1_70' title="bbox 1888 2499 3486 2571">
    <p class='ocr_par' dir='ltr' id='par_1_70' title="bbox 1888 2499 3486 2571">
     <span class='ocr_line' id='line_1_70' title="bbox 1888 2499 3486 2571; baseline -0.005 -10"><span class='ocrx_word' id='word_1_531' title='bbox 1888 2508 2103 2561; x_wconf 87' lang='lat' dir='ltr'><strong>tametsi</strong></span> <span class='ocrx_word' id='word_1_532' title='bbox 2134 2513 2279 2561; x_wconf 88' lang='lat' dir='ltr'><strong>recte</strong></span> <span class='ocrx_word' id='word_1_533' title='bbox 2299 2506 2586 2560; x_wconf 84' lang='lat' dir='ltr'><strong>admodum</strong></span> <span class='ocrx_word' id='word_1_534' title='bbox 2614 2504 2853 2571; x_wconf 78' lang='lat' dir='ltr'><strong>refugias</strong></span> <span class='ocrx_word' id='word_1_535' title='bbox 2876 2517 2943 2556; x_wconf 90' lang='lat' dir='ltr'><strong>ne</strong></span> <span class='ocrx_word' id='word_1_536' title='bbox 2962 2499 3287 2556; x_wconf 85' lang='lat' dir='ltr'><strong>hominicola</strong></span> <span class='ocrx_word' id='word_1_537' title='bbox 3307 2500 3486 2555; x_wconf 83' lang='lat' dir='ltr'><strong>videa-</strong></span> 
     </span>
    </p>
   </div>
   <div class='ocr_carea' id='block_1_71' title="bbox 1888 2592 3482 2667">
    <p class='ocr_par' dir='ltr' id='par_1_71' title="bbox 1888 2592 3482 2667">
     <span class='ocr_line' id='line_1_71' title="bbox 1888 2592 3482 2667; baseline -0.008 -13"><span class='ocrx_word' id='word_1_538' title='bbox 1888 2599 1985 2655; x_wconf 84' lang='lat' dir='ltr'><strong>ris.</strong></span> <span class='ocrx_word' id='word_1_539' title='bbox 2016 2598 2120 2652; x_wconf 87' lang='lat' dir='ltr'><strong>Sed</strong></span> <span class='ocrx_word' id='word_1_540' title='bbox 2153 2612 2342 2667; x_wconf 84' lang='lat' dir='ltr'><strong>parum</strong></span> <span class='ocrx_word' id='word_1_541' title='bbox 2366 2596 2657 2651; x_wconf 89' lang='lat' dir='ltr'><strong>admodum</strong></span> <span class='ocrx_word' id='word_1_542' title='bbox 2689 2608 2886 2649; x_wconf 86' lang='lat' dir='ltr'><strong>curans</strong></span> <span class='ocrx_word' id='word_1_543' title='bbox 2916 2593 2980 2647; x_wconf 86' lang='lat' dir='ltr'><strong>de</strong></span> <span class='ocrx_word' id='word_1_544' title='bbox 3009 2603 3153 2647; x_wconf 88' lang='lat' dir='ltr'><strong>recta</strong></span> <span class='ocrx_word' id='word_1_545' title='bbox 3186 2592 3482 2655; x_wconf 86' lang='lat' dir='ltr'><strong>sententia,</strong></span> 
     </span>
    </p>
   </div>
   <div class='ocr_carea' id='block_1_72' title="bbox 1890 2683 3487 2757">
    <p class='ocr_par' dir='ltr' id='par_1_72' title="bbox 1890 2683 3487 2757">
     <span class='ocr_line' id='line_1_72' title="bbox 1890 2683 3487 2757; baseline -0.004 -16"><span class='ocrx_word' id='word_1_546' title='bbox 1890 2687 2049 2742; x_wconf 84' lang='lat' dir='ltr'><strong>aliter</strong></span> <span class='ocrx_word' id='word_1_547' title='bbox 2085 2702 2301 2757; x_wconf 89' lang='lat' dir='ltr'><strong>quoque</strong></span> <span class='ocrx_word' id='word_1_548' title='bbox 2351 2686 2716 2742; x_wconf 82' lang='lat' dir='ltr'><strong>calumniatur</strong></span> <span class='ocrx_word' id='word_1_549' title='bbox 2772 2683 2900 2737; x_wconf 88' lang='lat' dir='ltr'><strong>illud</strong></span> <span class='ocrx_word' id='word_1_550' title='bbox 2953 2697 3206 2750; x_wconf 74' lang='lat' dir='ltr'><strong>maguum</strong></span> <span class='ocrx_word' id='word_1_551' title='bbox 3264 2683 3487 2751; x_wconf 80' lang='lat' dir='ltr'><strong>pietatis</strong></span> 
     </span>
    </p>
   </div>
   <div class='ocr_carea' id='block_1_73' title="bbox 1889 2773 3487 2844">
    <p class='ocr_par' dir='ltr' id='par_1_73' title="bbox 1889 2773 3487 2844">
     <span class='ocr_line' id='line_1_73' title="bbox 1889 2773 3487 2844; baseline -0.004 -10"><span class='ocrx_word' id='word_1_552' title='bbox 1889 2788 2310 2834; x_wconf 87' lang='lat' dir='ltr'><strong>sacramentum.</strong></span> <span class='ocrx_word' id='word_1_553' title='bbox 2367 2776 2599 2844; x_wconf 89' lang='lat' dir='ltr'><strong>Subjicit</strong></span> <span class='ocrx_word' id='word_1_554' title='bbox 2658 2777 2801 2831; x_wconf 89' lang='lat' dir='ltr'><strong>enim</strong></span> <span class='ocrx_word' id='word_1_555' title='bbox 2845 2775 2990 2828; x_wconf 87' lang='lat' dir='ltr'><strong>illico</strong></span> <span class='ocrx_word' id='word_1_556' title='bbox 3030 2789 3045 2826; x_wconf 88' lang='lat'><strong>:</strong></span> <span class='ocrx_word' id='word_1_557' title='bbox 3086 2773 3202 2842; x_wconf 79' lang='lat' dir='ltr'><strong>Ipse</strong></span> <span class='ocrx_word' id='word_1_558' title='bbox 3254 2787 3487 2842; x_wconf 83' lang='lat' dir='ltr'><strong>namque</strong></span> 
     </span>
    </p>
   </div>
   <div class='ocr_carea' id='block_1_74' title="bbox 1890 2864 3486 2945">
    <p class='ocr_par' dir='ltr' id='par_1_74' title="bbox 1890 2864 3486 2945">
     <span class='ocr_line' id='line_1_74' title="bbox 1890 2864 3486 2945; baseline -0.006 -19"><span class='ocrx_word' id='word_1_559' title='bbox 1890 2870 2047 2926; x_wconf 85' lang='lat' dir='ltr'><strong>nobis</strong></span> <span class='ocrx_word' id='word_1_560' title='bbox 2075 2871 2355 2945; x_wconf 72' lang='lat' dir='ltr'><strong>promissae</strong></span> <span class='ocrx_word' id='word_1_561' title='bbox 2400 2867 2800 2925; x_wconf 87' lang='lat' dir='ltr'><strong>benedictionis</strong></span> <span class='ocrx_word' id='word_1_562' title='bbox 2830 2882 2897 2921; x_wconf 78' lang='lat' dir='ltr'><strong>ex</strong></span> <span class='ocrx_word' id='word_1_563' title='bbox 2930 2865 3139 2921; x_wconf 88' lang='lat' dir='ltr'><strong>semine</strong></span> <span class='ocrx_word' id='word_1_564' title='bbox 3165 2864 3274 2935; x_wconf 76' lang='lat'><strong>92</strong></span> <span class='ocrx_word' id='word_1_565' title='bbox 3306 2866 3486 2920; x_wconf 84' lang='lat' dir='ltr'><strong>Abra-</strong></span> 
     </span>
    </p>
   </div>
   <div class='ocr_carea' id='block_1_75' title="bbox 1892 2958 3489 3030">
    <p class='ocr_par' dir='ltr' id='par_1_75' title="bbox 1892 2958 3489 3030">
     <span class='ocr_line' id='line_1_75' title="bbox 1892 2958 3489 3030; baseline -0.006 -12"><span class='ocrx_word' id='word_1_566' title='bbox 1892 2964 2017 3018; x_wconf 87' lang='lat' dir='ltr'><strong>ham</strong></span> <span class='ocrx_word' id='word_1_567' title='bbox 2038 2974 2121 3018; x_wconf 84' lang='lat' dir='ltr'><strong>est</strong></span> <span class='ocrx_word' id='word_1_568' title='bbox 2152 2966 2353 3017; x_wconf 85' lang='lat' dir='ltr'><strong>missus</strong></span> <span class='ocrx_word' id='word_1_569' title='bbox 2376 3001 2393 3026; x_wconf 87' lang='lat'><strong>,</strong></span> <span class='ocrx_word' id='word_1_570' title='bbox 2436 2971 2692 3030; x_wconf 88' lang='lat' dir='ltr'><strong>tanquam</strong></span> <span class='ocrx_word' id='word_1_571' title='bbox 2743 2973 2842 3028; x_wconf 87' lang='lat' dir='ltr'><strong>pro</strong></span> <span class='ocrx_word' id='word_1_572' title='bbox 2872 2958 3050 3026; x_wconf 83' lang='lat' dir='ltr'><strong>seipse</strong></span> <span class='ocrx_word' id='word_1_573' title='bbox 3081 2968 3129 3012; x_wconf 88' lang='lat' dir='ltr'><strong>et</strong></span> <span class='ocrx_word' id='word_1_574' title='bbox 3162 2971 3359 3027; x_wconf 78' lang='lat' dir='ltr'><strong>genere</strong></span> <span class='ocrx_word' id='word_1_575' title='bbox 3388 2972 3489 3011; x_wconf 82' lang='lat' dir='ltr'><strong>suo</strong></span> 
     </span>
    </p>
   </div>
   <div class='ocr_carea' id='block_1_76' title="bbox 1893 3049 3488 3122">
    <p class='ocr_par' dir='ltr' id='par_1_76' title="bbox 1893 3049 3488 3122">
     <span class='ocr_line' id='line_1_76' title="bbox 1893 3049 3488 3122; baseline -0.004 -12"><span class='ocrx_word' id='word_1_576' title='bbox 1893 3054 2136 3122; x_wconf 88' lang='lat' dir='ltr'><strong>corporis</strong></span> <span class='ocrx_word' id='word_1_577' title='bbox 2182 3054 2263 3107; x_wconf 87' lang='lat' dir='ltr'><strong>sui</strong></span> <span class='ocrx_word' id='word_1_578' title='bbox 2304 3053 2577 3108; x_wconf 89' lang='lat' dir='ltr'><strong>victimam</strong></span> <span class='ocrx_word' id='word_1_579' title='bbox 2616 3053 2773 3106; x_wconf 88' lang='lat' dir='ltr'><strong>simul</strong></span> <span class='ocrx_word' id='word_1_580' title='bbox 2827 3051 3080 3105; x_wconf 76' lang='lat' dir='ltr'><strong>ail‘ereus.</strong></span> <span class='ocrx_word' id='word_1_581' title='bbox 3120 3049 3330 3119; x_wconf 72' lang='lat' dir='ltr'><strong>Ergone</strong></span> <span class='ocrx_word' id='word_1_582' title='bbox 3372 3049 3488 3118; x_wconf 81' lang='lat' dir='ltr'><strong>ipse</strong></span> 
     </span>
    </p>
   </div>
   <div class='ocr_carea' id='block_1_77' title="bbox 1894 3142 3486 3215">
    <p class='ocr_par' dir='ltr' id='par_1_77' title="bbox 1894 3142 3486 3215">
     <span class='ocr_line' id='line_1_77' title="bbox 1894 3142 3486 3215; baseline -0.004 -18"><span class='ocrx_word' id='word_1_583' title='bbox 1894 3158 2108 3215; x_wconf 89' lang='lat' dir='ltr'><strong>quoque</strong></span> <span class='ocrx_word' id='word_1_584' title='bbox 2134 3143 2383 3197; x_wconf 86' lang='lat' dir='ltr'><strong>Christus</strong></span> <span class='ocrx_word' id='word_1_585' title='bbox 2413 3142 2589 3196; x_wconf 81' lang='lat' dir='ltr'><strong>factus</strong></span> <span class='ocrx_word' id='word_1_586' title='bbox 2615 3152 2699 3196; x_wconf 89' lang='lat' dir='ltr'><strong>est</strong></span> <span class='ocrx_word' id='word_1_587' title='bbox 2742 3143 2842 3196; x_wconf 87' lang='lat' dir='ltr'><strong>sub</strong></span> <span class='ocrx_word' id='word_1_588' title='bbox 2885 3149 3107 3209; x_wconf 77' lang='lat' dir='ltr'><strong>peccato</strong></span> <span class='ocrx_word' id='word_1_589' title='bbox 3130 3178 3145 3201; x_wconf 95' lang='lat'><strong>,</strong></span> <span class='ocrx_word' id='word_1_590' title='bbox 3178 3152 3274 3207; x_wconf 87' lang='lat' dir='ltr'><strong>per</strong></span> <span class='ocrx_word' id='word_1_591' title='bbox 3322 3153 3486 3207; x_wconf 87' lang='lat' dir='ltr'><strong>quem</strong></span> 
     </span>
    </p>
   </div>
   <div class='ocr_carea' id='block_1_78' title="bbox 1895 3230 3492 3304">
    <p class='ocr_par' dir='ltr' id='par_1_78' title="bbox 1895 3230 3492 3304">
     <span class='ocr_line' id='line_1_78' title="bbox 1895 3230 3492 3304; baseline -0.006 -13"><span class='ocrx_word' id='word_1_592' title='bbox 1895 3251 1959 3291; x_wconf 86' lang='lat' dir='ltr'><strong>os</strong></span> <span class='ocrx_word' id='word_1_593' title='bbox 2008 3235 2178 3304; x_wconf 90' lang='lat' dir='ltr'><strong>ipsum</strong></span> <span class='ocrx_word' id='word_1_594' title='bbox 2237 3233 2441 3303; x_wconf 83' lang='lat' dir='ltr'><strong>peccati</strong></span> <span class='ocrx_word' id='word_1_595' title='bbox 2478 3234 2764 3287; x_wconf 76' lang='lat' dir='ltr'><strong>adversum</strong></span> <span class='ocrx_word' id='word_1_596' title='bbox 2800 3245 2899 3285; x_wconf 87' lang='lat' dir='ltr'><strong>nos</strong></span> <span class='ocrx_word' id='word_1_597' title='bbox 2940 3230 3278 3293; x_wconf 86' lang='lat' dir='ltr'><strong>obstruitur,</strong></span> <span class='ocrx_word' id='word_1_598' title='bbox 3306 3239 3365 3282; x_wconf 94' lang='lat' dir='ltr'><strong>ut</strong></span> <span class='ocrx_word' id='word_1_599' title='bbox 3407 3238 3492 3283; x_wconf 90' lang='lat' dir='ltr'><strong>cst</strong></span> 
     </span>
    </p>
   </div>
   <div class='ocr_carea' id='block_1_79' title="bbox 1899 3320 3488 3392">
    <p class='ocr_par' dir='ltr' id='par_1_79' title="bbox 1899 3320 3488 3392">
     <span class='ocr_line' id='line_1_79' title="bbox 1899 3320 3488 3392; baseline -0.006 -11"><span class='ocrx_word' id='word_1_600' title='bbox 1899 3329 1951 3381; x_wconf 95' lang='lat' dir='ltr'><strong>in</strong></span> <span class='ocrx_word' id='word_1_601' title='bbox 2007 3325 2239 3380; x_wconf 86' lang='lat' dir='ltr'><strong>Psalmis</strong></span> <span class='ocrx_word' id='word_1_602' title='bbox 2282 3323 2326 3356; x_wconf 79' lang='grc'>⁸⁸</span> <span class='ocrx_word' id='word_1_603' title='bbox 2361 3324 2384 3378; x_wconf 85' lang='lat'><strong>?</strong></span> <span class='ocrx_word' id='word_1_604' title='bbox 2419 3338 2623 3392; x_wconf 73' lang='lat' dir='ltr'><strong>ergone</strong></span> <span class='ocrx_word' id='word_1_605' title='bbox 2685 3323 3121 3391; x_wconf 72' lang='lat' dir='ltr'><strong>ipsamqnoquc</strong></span> <span class='ocrx_word' id='word_1_606' title='bbox 3176 3320 3350 3373; x_wconf 81' lang='lat' dir='ltr'><strong>lucem</strong></span> <span class='ocrx_word' id='word_1_607' title='bbox 3394 3334 3488 3372; x_wconf 81' lang='lat' dir='ltr'><strong>ve-</strong></span> 
     </span>
    </p>
   </div>
   <div class='ocr_carea' id='block_1_80' title="bbox 1897 3408 3492 3483">
    <p class='ocr_par' dir='ltr' id='par_1_80' title="bbox 1897 3408 3492 3483">
     <span class='ocr_line' id='line_1_80' title="bbox 1897 3408 3492 3483; baseline -0.005 -13"><span class='ocrx_word' id='word_1_608' title='bbox 1897 3433 2013 3470; x_wconf 80' lang='lat' dir='ltr'><strong>rant</strong></span> <span class='ocrx_word' id='word_1_609' title='bbox 2072 3417 2422 3470; x_wconf 79' lang='lat' dir='ltr'><strong>exsecranda:</strong></span> <span class='ocrx_word' id='word_1_610' title='bbox 2474 3415 2776 3483; x_wconf 88' lang='lat' dir='ltr'><strong>iniquitatis</strong></span> <span class='ocrx_word' id='word_1_611' title='bbox 2826 3412 3064 3469; x_wconf 66' lang='lat' dir='ltr'><strong>tenebrae</strong></span> <span class='ocrx_word' id='word_1_612' title='bbox 3097 3408 3492 3479; x_wconf 77' lang='lat' dir='ltr'><strong>contigerunt?</strong></span> 
     </span>
    </p>
   </div>
   <div class='ocr_carea' id='block_1_81' title="bbox 1897 3502 3491 3580">
    <p class='ocr_par' dir='ltr' id='par_1_81' title="bbox 1897 3502 3491 3580">
     <span class='ocr_line' id='line_1_81' title="bbox 1897 3502 3491 3580; baseline -0.006 -16"><span class='ocrx_word' id='word_1_613' title='bbox 1897 3524 2096 3580; x_wconf 75' lang='lat' dir='ltr'><strong>ergone</strong></span> <span class='ocrx_word' id='word_1_614' title='bbox 2147 3510 2428 3566; x_wconf 87' lang='lat' dir='ltr'><strong>uobiscum</strong></span> <span class='ocrx_word' id='word_1_615' title='bbox 2462 3508 2787 3577; x_wconf 43' lang='lat' dir='ltr'><strong>,redimeute</strong></span> <span class='ocrx_word' id='word_1_616' title='bbox 2854 3516 3019 3573; x_wconf 88' lang='lat' dir='ltr'><strong>atque</strong></span> <span class='ocrx_word' id='word_1_617' title='bbox 3078 3502 3321 3557; x_wconf 87' lang='lat' dir='ltr'><strong>salvaute</strong></span> <span class='ocrx_word' id='word_1_618' title='bbox 3355 3515 3491 3569; x_wconf 85' lang='lat' dir='ltr'><strong>opus</strong></span> 
     </span>
    </p>
   </div>
   <div class='ocr_carea' id='block_1_82' title="bbox 1898 3594 3491 3668">
    <p class='ocr_par' dir='ltr' id='par_1_82' title="bbox 1898 3594 3491 3668">
     <span class='ocr_line' id='line_1_82' title="bbox 1898 3594 3491 3668; baseline -0.006 -15"><span class='ocrx_word' id='word_1_619' title='bbox 1898 3599 2086 3653; x_wconf 87' lang='lat' dir='ltr'><strong>habuit</strong></span> <span class='ocrx_word' id='word_1_620' title='bbox 2125 3599 2232 3662; x_wconf 90' lang='lat' dir='ltr'><strong>ille,</strong></span> <span class='ocrx_word' id='word_1_621' title='bbox 2268 3615 2363 3668; x_wconf 81' lang='lat' dir='ltr'><strong>per</strong></span> <span class='ocrx_word' id='word_1_622' title='bbox 2403 3613 2562 3667; x_wconf 90' lang='lat' dir='ltr'><strong>quem</strong></span> <span class='ocrx_word' id='word_1_623' title='bbox 2607 3606 2687 3650; x_wconf 87' lang='lat' dir='ltr'><strong>est</strong></span> <span class='ocrx_word' id='word_1_624' title='bbox 2738 3595 2918 3651; x_wconf 90' lang='lat' dir='ltr'><strong>omnis</strong></span> <span class='ocrx_word' id='word_1_625' title='bbox 2960 3594 3259 3662; x_wconf 72' lang='lat' dir='ltr'><strong>redemptio</strong></span> <span class='ocrx_word' id='word_1_626' title='bbox 3289 3602 3342 3645; x_wconf 88' lang='lat' dir='ltr'><strong>et</strong></span> <span class='ocrx_word' id='word_1_627' title='bbox 3368 3606 3491 3661; x_wconf 88' lang='lat' dir='ltr'><strong>spes</strong></span> 
     </span>
    </p>
   </div>
   <div class='ocr_carea' id='block_1_83' title="bbox 1898 3687 3489 3758">
    <p class='ocr_par' dir='ltr' id='par_1_83' title="bbox 1898 3687 3489 3758">
     <span class='ocr_line' id='line_1_83' title="bbox 1898 3687 3489 3758; baseline -0.008 -9"><span class='ocrx_word' id='word_1_628' title='bbox 1898 3691 2087 3749; x_wconf 80' lang='lat' dir='ltr'><strong>salutis</strong></span> <span class='ocrx_word' id='word_1_629' title='bbox 2118 3692 2430 3748; x_wconf 83' lang='lat' dir='ltr'><strong>?Conveuit</strong></span> <span class='ocrx_word' id='word_1_630' title='bbox 2463 3689 2627 3758; x_wconf 74' lang='lat' dir='ltr'><strong>igitur</strong></span> <span class='ocrx_word' id='word_1_631' title='bbox 2655 3687 2831 3742; x_wconf 89' lang='lat' dir='ltr'><strong>eidem</strong></span> <span class='ocrx_word' id='word_1_632' title='bbox 2860 3727 2873 3749; x_wconf 93' lang='lat'><strong>,</strong></span> <span class='ocrx_word' id='word_1_633' title='bbox 2904 3695 2963 3740; x_wconf 93' lang='lat' dir='ltr'><strong>ut</strong></span> <span class='ocrx_word' id='word_1_634' title='bbox 2997 3695 3082 3740; x_wconf 87' lang='lat' dir='ltr'><strong>est</strong></span> <span class='ocrx_word' id='word_1_635' title='bbox 3128 3698 3489 3752; x_wconf 84' lang='lat' dir='ltr'><strong>consequens,</strong></span> 
     </span>
    </p>
   </div>
   <div class='ocr_carea' id='block_1_84' title="bbox 1901 3776 3491 3850">
    <p class='ocr_par' dir='ltr' id='par_1_84' title="bbox 1901 3776 3491 3850">
     <span class='ocr_line' id='line_1_84' title="bbox 1901 3776 3491 3850; baseline -0.006 -11"><span class='ocrx_word' id='word_1_636' title='bbox 1901 3784 2179 3839; x_wconf 90' lang='lat' dir='ltr'><strong>uobiscum</strong></span> <span class='ocrx_word' id='word_1_637' title='bbox 2229 3781 2428 3837; x_wconf 80' lang='lat' dir='ltr'><strong>oil‘erre</strong></span> <span class='ocrx_word' id='word_1_638' title='bbox 2487 3783 2783 3850; x_wconf 75' lang='lat' dir='ltr'><strong>gratiarum</strong></span> <span class='ocrx_word' id='word_1_639' title='bbox 2841 3780 3124 3842; x_wconf 85' lang='lat' dir='ltr'><strong>actiones,</strong></span> <span class='ocrx_word' id='word_1_640' title='bbox 3177 3793 3299 3831; x_wconf 91' lang='lat' dir='ltr'><strong>cum</strong></span> <span class='ocrx_word' id='word_1_641' title='bbox 3348 3776 3491 3831; x_wconf 85' lang='lat' dir='ltr'><strong>Deus</strong></span> 
     </span>
    </p>
   </div>
   <div class='ocr_carea' id='block_1_85' title="bbox 1898 3869 3491 3942">
    <p class='ocr_par' dir='ltr' id='par_1_85' title="bbox 1898 3869 3491 3942">
     <span class='ocr_line' id='line_1_85' title="bbox 1898 3869 3491 3942; baseline -0.006 -13"><span class='ocrx_word' id='word_1_642' title='bbox 1898 3875 2041 3930; x_wconf 85' lang='lat' dir='ltr'><strong>dicat</strong></span> <span class='ocrx_word' id='word_1_643' title='bbox 2074 3873 2273 3930; x_wconf 88' lang='lat' dir='ltr'><strong>oblitus</strong></span> <span class='ocrx_word' id='word_1_644' title='bbox 2310 3873 2517 3942; x_wconf 70' lang='lat' dir='ltr'><strong>iujurire</strong></span> <span class='ocrx_word' id='word_1_645' title='bbox 2548 3892 2560 3926; x_wconf 88' lang='lat'>:</span> <span class='ocrx_word' id='word_1_646' title='bbox 2606 3890 2624 3922; x_wconf 81' lang='grc' dir='ltr'><strong>ι</strong></span> <span class='ocrx_word' id='word_1_647' title='bbox 2674 3871 2782 3939; x_wconf 77' lang='lat' dir='ltr'><strong>Ego</strong></span> <span class='ocrx_word' id='word_1_648' title='bbox 2813 3885 2929 3923; x_wconf 90' lang='lat' dir='ltr'><strong>sum</strong></span> <span class='ocrx_word' id='word_1_649' title='bbox 2970 3869 3061 3937; x_wconf 90' lang='lat' dir='ltr'><strong>qui</strong></span> <span class='ocrx_word' id='word_1_650' title='bbox 3099 3869 3253 3923; x_wconf 87' lang='lat' dir='ltr'><strong>deleo</strong></span> <span class='ocrx_word' id='word_1_651' title='bbox 3289 3869 3491 3937; x_wconf 88' lang='lat' dir='ltr'><strong>iniqui-</strong></span> 
     </span>
    </p>
   </div>
   <div class='ocr_carea' id='block_1_86' title="bbox 1903 3962 3496 4031">
    <p class='ocr_par' dir='ltr' id='par_1_86' title="bbox 1903 3962 3496 4031">
     <span class='ocr_line' id='line_1_86' title="bbox 1903 3962 3496 4031; baseline -0.002 -11"><span class='ocrx_word' id='word_1_652' title='bbox 1903 3976 2041 4021; x_wconf 87' lang='lat' dir='ltr'><strong>tates</strong></span> <span class='ocrx_word' id='word_1_653' title='bbox 2113 3978 2263 4031; x_wconf 88' lang='lat' dir='ltr'><strong>tuas,</strong></span> <span class='ocrx_word' id='word_1_654' title='bbox 2320 3975 2375 4019; x_wconf 89' lang='lat' dir='ltr'><strong>et</strong></span> <span class='ocrx_word' id='word_1_655' title='bbox 2454 3980 2559 4019; x_wconf 92' lang='lat' dir='ltr'><strong>nou</strong></span> <span class='ocrx_word' id='word_1_656' title='bbox 2646 3962 3092 4026; x_wconf 84' lang='lat' dir='ltr'><strong>recordabor“;</strong></span> <span class='ocrx_word' id='word_1_657' title='bbox 3134 3979 3152 4013; x_wconf 73' lang='grc' dir='ltr'><strong>ι</strong></span> <span class='ocrx_word' id='word_1_658' title='bbox 3218 3964 3496 4017; x_wconf 85' lang='lat' dir='ltr'><strong>accusabit</strong></span> 
     </span>
    </p>
   </div>
   <div class='ocr_carea' id='block_1_87' title="bbox 1900 4053 3490 4126">
    <p class='ocr_par' dir='ltr' id='par_1_87' title="bbox 1900 4053 3490 4126">
     <span class='ocr_line' id='line_1_87' title="bbox 1900 4053 3490 4126; baseline -0.003 -14"><span class='ocrx_word' id='word_1_659' title='bbox 1900 4059 2063 4113; x_wconf 90' lang='lat' dir='ltr'><strong>etiam</strong></span> <span class='ocrx_word' id='word_1_660' title='bbox 2120 4057 2317 4126; x_wconf 87' lang='lat' dir='ltr'><strong>ipsum,</strong></span> <span class='ocrx_word' id='word_1_661' title='bbox 2381 4065 2439 4112; x_wconf 92' lang='lat' dir='ltr'><strong>ut</strong></span> <span class='ocrx_word' id='word_1_662' title='bbox 2484 4072 2583 4111; x_wconf 87' lang='lat' dir='ltr'><strong>nos</strong></span> <span class='ocrx_word' id='word_1_663' title='bbox 2619 4062 2859 4119; x_wconf 87' lang='lat' dir='ltr'><strong>accusat,</strong></span> <span class='ocrx_word' id='word_1_664' title='bbox 2907 4053 2995 4108; x_wconf 86' lang='lat' dir='ltr'><strong>ille</strong></span> <span class='ocrx_word' id='word_1_665' title='bbox 3055 4064 3207 4122; x_wconf 88' lang='lat' dir='ltr'><strong>pater</strong></span> <span class='ocrx_word' id='word_1_666' title='bbox 3261 4054 3490 4122; x_wconf 87' lang='lat' dir='ltr'><strong>peccati.</strong></span> 
     </span>
    </p>
   </div>
   <div class='ocr_carea' id='block_1_88' title="bbox 1901 4144 3491 4216">
    <p class='ocr_par' dir='ltr' id='par_1_88' title="bbox 1901 4144 3491 4216">
     <span class='ocr_line' id='line_1_88' title="bbox 1901 4144 3491 4216; baseline -0.001 -15"><span class='ocrx_word' id='word_1_667' title='bbox 1901 4149 2053 4216; x_wconf 79' lang='lat' dir='ltr'><strong>Quod</strong></span> <span class='ocrx_word' id='word_1_668' title='bbox 2077 4149 2123 4203; x_wconf 90' lang='lat' dir='ltr'><strong>si</strong></span> <span class='ocrx_word' id='word_1_669' title='bbox 2157 4150 2229 4203; x_wconf 90' lang='lat' dir='ltr'><strong>ita</strong></span> <span class='ocrx_word' id='word_1_670' title='bbox 2261 4159 2362 4214; x_wconf 85' lang='lat' dir='ltr'><strong>est,</strong></span> <span class='ocrx_word' id='word_1_671' title='bbox 2398 4148 2668 4216; x_wconf 89' lang='lat' dir='ltr'><strong>quomodo</strong></span> <span class='ocrx_word' id='word_1_672' title='bbox 2694 4162 2800 4201; x_wconf 88' lang='lat' dir='ltr'><strong>non</strong></span> <span class='ocrx_word' id='word_1_673' title='bbox 2844 4146 3133 4200; x_wconf 87' lang='lat' dir='ltr'><strong>mentietur</strong></span> <span class='ocrx_word' id='word_1_674' title='bbox 3161 4159 3283 4198; x_wconf 88' lang='lat' dir='ltr'><strong>cum</strong></span> <span class='ocrx_word' id='word_1_675' title='bbox 3312 4144 3444 4197; x_wconf 87' lang='lat' dir='ltr'><strong>dicit</strong></span> <span class='ocrx_word' id='word_1_676' title='bbox 3475 4162 3491 4200; x_wconf 91' lang='lat'><strong>:</strong></span> 
     </span>
    </p>
   </div>
   <div class='ocr_carea' id='block_1_89' title="bbox 1907 4233 3494 4308">
    <p class='ocr_par' dir='ltr' id='par_1_89' title="bbox 1907 4233 3494 4308">
     <span class='ocr_line' id='line_1_89' title="bbox 1907 4233 3494 4308; baseline -0.003 -16"><span class='ocrx_word' id='word_1_677' title='bbox 1907 4258 1927 4292; x_wconf 79' lang='grc' dir='ltr'><strong>ι</strong></span> <span class='ocrx_word' id='word_1_678' title='bbox 1965 4240 2125 4293; x_wconf 83' lang='lat' dir='ltr'><strong>Venit</strong></span> <span class='ocrx_word' id='word_1_679' title='bbox 2162 4240 2413 4308; x_wconf 86' lang='lat' dir='ltr'><strong>princeps</strong></span> <span class='ocrx_word' id='word_1_680' title='bbox 2463 4238 2647 4292; x_wconf 89' lang='lat' dir='ltr'><strong>mundi</strong></span> <span class='ocrx_word' id='word_1_681' title='bbox 2693 4237 2869 4303; x_wconf 81' lang='lat' dir='ltr'><strong>hujus,</strong></span> <span class='ocrx_word' id='word_1_682' title='bbox 2923 4246 2979 4289; x_wconf 93' lang='lat' dir='ltr'><strong>et</strong></span> <span class='ocrx_word' id='word_1_683' title='bbox 3022 4236 3072 4288; x_wconf 93' lang='lat' dir='ltr'><strong>in</strong></span> <span class='ocrx_word' id='word_1_684' title='bbox 3125 4250 3209 4289; x_wconf 88' lang='lat' dir='ltr'><strong>me</strong></span> <span class='ocrx_word' id='word_1_685' title='bbox 3254 4233 3494 4288; x_wconf 86' lang='lat' dir='ltr'><strong>inveniet</strong></span> 
     </span>
    </p>
   </div>
   <div class='ocr_carea' id='block_1_90' title="bbox 1902 4325 3496 4394">
    <p class='ocr_par' dir='ltr' id='par_1_90' title="bbox 1902 4325 3496 4394">
     <span class='ocr_line' id='line_1_90' title="bbox 1902 4325 3496 4394; baseline -0.003 -10"><span class='ocrx_word' id='word_1_686' title='bbox 1902 4330 2036 4384; x_wconf 89' lang='lat' dir='ltr'><strong>nihil</strong></span> <span class='ocrx_word' id='word_1_687' title='bbox 2066 4330 2106 4361; x_wconf 83' lang='lat'>&quot;</span> <span class='ocrx_word' id='word_1_688' title='bbox 2142 4330 2165 4385; x_wconf 85' lang='lat'><strong>?</strong></span> <span class='ocrx_word' id='word_1_689' title='bbox 2205 4349 2224 4381; x_wconf 75' lang='grc' dir='ltr'><strong>ι</strong></span> <span class='ocrx_word' id='word_1_690' title='bbox 2276 4329 2416 4384; x_wconf 83' lang='lat' dir='ltr'><strong>Olim</strong></span> <span class='ocrx_word' id='word_1_691' title='bbox 2451 4327 2809 4384; x_wconf 84' lang='lat' dir='ltr'><strong>contumelias</strong></span> <span class='ocrx_word' id='word_1_692' title='bbox 2860 4326 2913 4380; x_wconf 88' lang='lat' dir='ltr'><strong>itt</strong></span> <span class='ocrx_word' id='word_1_693' title='bbox 2967 4342 3089 4380; x_wconf 90' lang='lat' dir='ltr'><strong>eum</strong></span> <span class='ocrx_word' id='word_1_694' title='bbox 3145 4325 3496 4394; x_wconf 86' lang='lat' dir='ltr'><strong>conjeceruut</strong></span> 
     </span>
    </p>
   </div>
   <div class='ocr_carea' id='block_1_91' title="bbox 1903 4416 3494 4491">
    <p class='ocr_par' dir='ltr' id='par_1_91' title="bbox 1903 4416 3494 4491">
     <span class='ocr_line' id='line_1_91' title="bbox 1903 4416 3494 4491; baseline -0.002 -17"><span class='ocrx_word' id='word_1_695' title='bbox 1903 4422 2065 4475; x_wconf 86' lang='lat' dir='ltr'><strong>etiam</strong></span> <span class='ocrx_word' id='word_1_696' title='bbox 2146 4420 2219 4475; x_wconf 88' lang='lat' dir='ltr'><strong>illi</strong></span> <span class='ocrx_word' id='word_1_697' title='bbox 2302 4418 2606 4491; x_wconf 72' lang='lat' dir='ltr'><strong>Synagoga:</strong></span> <span class='ocrx_word' id='word_1_698' title='bbox 2668 4417 2976 4472; x_wconf 66' lang='lat' dir='ltr'><strong>Judzeorum</strong></span> <span class='ocrx_word' id='word_1_699' title='bbox 3028 4416 3285 4485; x_wconf 70' lang='lat' dir='ltr'><strong>praesides</strong></span> <span class='ocrx_word' id='word_1_700' title='bbox 3322 4433 3336 4469; x_wconf 92' lang='lat'><strong>:</strong></span> <span class='ocrx_word' id='word_1_701' title='bbox 3371 4433 3494 4471; x_wconf 88' lang='lat' dir='ltr'><strong>nam</strong></span> 
     </span>
    </p>
   </div>
   <div class='ocr_carea' id='block_1_92' title="bbox 200 4497 1789 4586">
    <p class='ocr_par' dir='ltr' id='par_1_92' title="bbox 200 4497 1789 4570">
     <span class='ocr_line' id='line_1_92' title="bbox 200 4497 1789 4570; baseline 0.005 -22"><span class='ocrx_word' id='word_1_702' title='bbox 200 4497 511 4568; x_wconf 77' lang='grc' dir='ltr'>φημήκασί</span> <span class='ocrx_word' id='word_1_703' title='bbox 542 4514 673 4550; x_wconf 85' lang='grc' dir='ltr'>ποτε</span> <span class='ocrx_word' id='word_1_704' title='bbox 722 4498 843 4550; x_wconf 81' lang='grc' dir='ltr'>κατ’</span> <span class='ocrx_word' id='word_1_705' title='bbox 887 4499 1076 4563; x_wconf 88' lang='grc' dir='ltr'>αὑτοῦ,</span> <span class='ocrx_word' id='word_1_706' title='bbox 1111 4501 1205 4553; x_wconf 84' lang='grc' dir='ltr'><strong>καὶ</strong></span> <span class='ocrx_word' id='word_1_707' title='bbox 1236 4504 1332 4570; x_wconf 77' lang='grc' dir='ltr'>τῆς</span> <span class='ocrx_word' id='word_1_708' title='bbox 1371 4501 1637 4555; x_wconf 83' lang='grc' dir='ltr'>Ἰουδαίων</span> <span class='ocrx_word' id='word_1_709' title='bbox 1678 4519 1789 4556; x_wconf 84' lang='grc' dir='ltr'>συν·</span> 
     </span>
    </p>
   </div>
   <div class='ocr_carea' id='block_1_93' title="bbox 1892 4497 3494 4586">
    <p class='ocr_par' dir='ltr' id='par_1_93' title="bbox 1906 4508 3494 4579">
     <span class='ocr_line' id='line_1_93' title="bbox 1906 4508 3494 4579; baseline -0.004 -11"><span class='ocrx_word' id='word_1_710' title='bbox 1906 4528 2026 4569; x_wconf 88' lang='lat' dir='ltr'><strong>cum</strong></span> <span class='ocrx_word' id='word_1_711' title='bbox 2088 4512 2305 4567; x_wconf 70' lang='lat' dir='ltr'><strong>invidiae</strong></span> <span class='ocrx_word' id='word_1_712' title='bbox 2362 4511 2565 4566; x_wconf 86' lang='lat' dir='ltr'><strong>aculeis</strong></span> <span class='ocrx_word' id='word_1_713' title='bbox 2621 4510 3126 4574; x_wconf 80' lang='lat' dir='ltr'><strong>exstimuiarentnr,</strong></span> <span class='ocrx_word' id='word_1_714' title='bbox 3168 4508 3311 4577; x_wconf 91' lang='lat' dir='ltr'><strong>quod</strong></span> <span class='ocrx_word' id='word_1_715' title='bbox 3353 4524 3494 4579; x_wconf 79' lang='lat' dir='ltr'><strong>pra:-</strong></span> 
     </span>
    </p>
   </div>
   <div class='ocr_carea' id='block_1_94' title="bbox 197 4587 1798 4664">
    <p class='ocr_par' dir='ltr' id='par_1_94' title="bbox 197 4587 1798 4664">
     <span class='ocr_line' id='line_1_94' title="bbox 197 4587 1798 4664; baseline 0.003 -23"><span class='ocrx_word' id='word_1_716' title='bbox 197 4587 446 4656; x_wconf 80' lang='grc' dir='ltr'>ἀγωγῆς</span> <span class='ocrx_word' id='word_1_717' title='bbox 496 4587 546 4639; x_wconf 86' lang='grc' dir='ltr'><strong>οί</strong></span> <span class='ocrx_word' id='word_1_718' title='bbox 575 4588 974 4658; x_wconf 83' lang='grc' dir='ltr'>προεστηκότες</span> <span class='ocrx_word' id='word_1_719' title='bbox 994 4605 1007 4619; x_wconf 86' lang='grc'><strong>·</strong></span> <span class='ocrx_word' id='word_1_720' title='bbox 1038 4590 1226 4663; x_wconf 73' lang='grc' dir='ltr'>ἐπειδὴ</span> <span class='ocrx_word' id='word_1_721' title='bbox 1264 4592 1371 4663; x_wconf 79' lang='grc' dir='ltr'>γὰρ</span> <span class='ocrx_word' id='word_1_722' title='bbox 1409 4596 1521 4655; x_wconf 88' lang='grc' dir='ltr'>τοῖς</span> <span class='ocrx_word' id='word_1_723' title='bbox 1545 4593 1639 4646; x_wconf 84' lang='grc' dir='ltr'><strong>τοῦ</strong></span> <span class='ocrx_word' id='word_1_724' title='bbox 1670 4593 1798 4664; x_wconf 85' lang='grc' dir='ltr'>φθό-</span> 
     </span>
    </p>
   </div>
   <div class='ocr_carea' id='block_1_95' title="bbox 200 4677 1800 4755">
    <p class='ocr_par' dir='ltr' id='par_1_95' title="bbox 200 4677 1800 4755">
     <span class='ocr_line' id='line_1_95' title="bbox 200 4677 1800 4755; baseline 0.004 -24"><span class='ocrx_word' id='word_1_725' title='bbox 200 4697 303 4731; x_wconf 82' lang='grc' dir='ltr'><strong>νου</strong></span> <span class='ocrx_word' id='word_1_726' title='bbox 341 4677 523 4747; x_wconf 75' lang='grc' dir='ltr'>βέλεσι</span> <span class='ocrx_word' id='word_1_727' title='bbox 559 4678 971 4748; x_wconf 86' lang='grc' dir='ltr'>κατετρὺχοντο,</span> <span class='ocrx_word' id='word_1_728' title='bbox 1007 4678 1475 4752; x_wconf 84' lang='grc' dir='ltr'>τεθεραπευμένον</span> <span class='ocrx_word' id='word_1_729' title='bbox 1521 4684 1800 4755; x_wconf 76' lang='grc' dir='ltr'>ἀδοκήτως</span> 
     </span>
    </p>
   </div>
   <div class='ocr_carea' id='block_1_96' title="bbox 200 4767 1797 4841">
    <p class='ocr_par' dir='ltr' id='par_1_96' title="bbox 200 4767 1797 4841">
     <span class='ocr_line' id='line_1_96' title="bbox 200 4767 1797 4841; baseline 0.004 -22"><span class='ocrx_word' id='word_1_730' title='bbox 200 4767 456 4837; x_wconf 83' lang='grc' dir='ltr'>ὁρῶντες</span> <span class='ocrx_word' id='word_1_731' title='bbox 506 4767 598 4820; x_wconf 82' lang='grc' dir='ltr'><strong>τὸν</strong></span> <span class='ocrx_word' id='word_1_732' title='bbox 622 4769 687 4819; x_wconf 85' lang='grc' dir='ltr'>ὲκ</span> <span class='ocrx_word' id='word_1_733' title='bbox 720 4767 945 4837; x_wconf 82' lang='grc' dir='ltr'>γενετῆς</span> <span class='ocrx_word' id='word_1_734' title='bbox 990 4769 1210 4837; x_wconf 80' lang='grc' dir='ltr'>τυφλὸν,</span> <span class='ocrx_word' id='word_1_735' title='bbox 1261 4772 1489 4835; x_wconf 76' lang='grc' dir='ltr'>ἀνοσίως</span> <span class='ocrx_word' id='word_1_736' title='bbox 1524 4773 1763 4841; x_wconf 75' lang='grc' dir='ltr'>ἔφασκον</span> <span class='ocrx_word' id='word_1_737' title='bbox 1784 4790 1797 4804; x_wconf 84' lang='lat'><strong><em>°</em></strong></span> 
     </span>
    </p>
   </div>
   <div class='ocr_carea' id='block_1_97' title="bbox 210 4858 1796 4931">
    <p class='ocr_par' dir='ltr' id='par_1_97' title="bbox 210 4858 1796 4931">
     <span class='ocr_line' id='line_1_97' title="bbox 210 4858 1796 4931; baseline 0.003 -19"><span class='ocrx_word' id='word_1_738' title='bbox 210 4879 230 4912; x_wconf 73' lang='grc' dir='ltr'><strong>ι</strong></span> <span class='ocrx_word' id='word_1_739' title='bbox 265 4860 378 4922; x_wconf 73' lang='grc' dir='ltr'><strong>Δὸς</strong></span> <span class='ocrx_word' id='word_1_740' title='bbox 420 4859 577 4923; x_wconf 82' lang='grc' dir='ltr'>δόξαν</span> <span class='ocrx_word' id='word_1_741' title='bbox 613 4858 691 4929; x_wconf 79' lang='grc' dir='ltr'>τῷ</span> <span class='ocrx_word' id='word_1_742' title='bbox 719 4858 867 4927; x_wconf 81' lang='grc' dir='ltr'>Θεῷ·</span> <span class='ocrx_word' id='word_1_743' title='bbox 910 4861 1073 4929; x_wconf 78' lang='grc' dir='ltr'>ἡμεῖς</span> <span class='ocrx_word' id='word_1_744' title='bbox 1120 4861 1361 4931; x_wconf 76' lang='grc' dir='ltr'>οἴδαμεν,</span> <span class='ocrx_word' id='word_1_745' title='bbox 1390 4864 1470 4916; x_wconf 82' lang='grc' dir='ltr'><strong>ὅτι</strong></span> <span class='ocrx_word' id='word_1_746' title='bbox 1500 4860 1652 4927; x_wconf 72' lang='grc' dir='ltr'>οὗτος</span> <span class='ocrx_word' id='word_1_747' title='bbox 1704 4864 1796 4917; x_wconf 82' lang='grc' dir='ltr'><strong>ἄν·</strong></span> 
     </span>
    </p>
   </div>
   <div class='ocr_carea' id='block_1_98' title="bbox 202 4950 1806 5027">
    <p class='ocr_par' dir='ltr' id='par_1_98' title="bbox 202 4950 1806 5027">
     <span class='ocr_line' id='line_1_98' title="bbox 202 4950 1806 5027; baseline 0.003 -23"><span class='ocrx_word' id='word_1_748' title='bbox 202 4952 440 5019; x_wconf 84' lang='grc' dir='ltr'>θρωπος</span> <span class='ocrx_word' id='word_1_749' title='bbox 490 4950 811 5022; x_wconf 83' lang='grc' dir='ltr'>ἁμαρτωλός</span> <span class='ocrx_word' id='word_1_750' title='bbox 841 4955 1008 5004; x_wconf 71' lang='grc' dir='ltr'>ἐστιν.</span> <span class='ocrx_word' id='word_1_751' title='bbox 1045 4972 1063 5004; x_wconf 84' lang='grc'><strong>›</strong></span> <span class='ocrx_word' id='word_1_752' title='bbox 1104 4956 1161 5007; x_wconf 85' lang='lat'><strong>&#39;0</strong></span> <span class='ocrx_word' id='word_1_753' title='bbox 1205 4955 1260 5007; x_wconf 89' lang='grc' dir='ltr'><strong>δέ</strong></span> <span class='ocrx_word' id='word_1_754' title='bbox 1306 4972 1371 5024; x_wconf 87' lang='grc' dir='ltr'><strong>γε</strong></span> <span class='ocrx_word' id='word_1_755' title='bbox 1428 4955 1627 5027; x_wconf 78' lang='grc' dir='ltr'>Κύριος</span> <span class='ocrx_word' id='word_1_756' title='bbox 1650 4957 1806 5027; x_wconf 80' lang='grc' dir='ltr'>ἡμῶν</span> 
     </span>
    </p>
   </div>
   <div class='ocr_carea' id='block_1_99' title="bbox 216 5041 1806 5120">
    <p class='ocr_par' dir='ltr' id='par_1_99' title="bbox 216 5041 1806 5120">
     <span class='ocr_line' id='line_1_99' title="bbox 216 5041 1806 5120; baseline 0.004 -25"><span class='ocrx_word' id='word_1_757' title='bbox 216 5041 441 5113; x_wconf 84' lang='grc' dir='ltr'>Ἰησοῦς</span> <span class='ocrx_word' id='word_1_758' title='bbox 469 5042 725 5113; x_wconf 82' lang='grc' dir='ltr'>Χριστὸς,</span> <span class='ocrx_word' id='word_1_759' title='bbox 766 5045 1273 5117; x_wconf 84' lang='grc' dir='ltr'>ἀθυροστομοῦντας</span> <span class='ocrx_word' id='word_1_760' title='bbox 1311 5047 1551 5118; x_wconf 85' lang='grc' dir='ltr'>ἐλέγχων</span> <span class='ocrx_word' id='word_1_761' title='bbox 1581 5047 1806 5120; x_wconf 77' lang='grc' dir='ltr'>διαρρή-</span> 
     </span>
    </p>
   </div>
   <div class='ocr_carea' id='block_1_100' title="bbox 204 5135 1803 5212">
    <p class='ocr_par' dir='ltr' id='par_1_100' title="bbox 204 5135 1803 5212">
     <span class='ocr_line' id='line_1_100' title="bbox 204 5135 1803 5212; baseline 0.004 -23"><span class='ocrx_word' id='word_1_762' title='bbox 204 5135 312 5206; x_wconf 77' lang='grc' dir='ltr'><strong>δην</strong></span> <span class='ocrx_word' id='word_1_763' title='bbox 346 5136 554 5205; x_wconf 76' lang='grc' dir='ltr'>ἔφασκε</span> <span class='ocrx_word' id='word_1_764' title='bbox 576 5156 588 5168; x_wconf 88' lang='grc'><strong>·</strong></span> <span class='ocrx_word' id='word_1_765' title='bbox 620 5158 638 5190; x_wconf 87' lang='grc'><strong>‹</strong></span> <span class='ocrx_word' id='word_1_766' title='bbox 676 5138 773 5202; x_wconf 89' lang='grc' dir='ltr'>Τίς</span> <span class='ocrx_word' id='word_1_767' title='bbox 816 5138 876 5205; x_wconf 78' lang='grc' dir='ltr'>ἐξ</span> <span class='ocrx_word' id='word_1_768' title='bbox 905 5142 1059 5211; x_wconf 83' lang='grc' dir='ltr'>ὑμῶν</span> <span class='ocrx_word' id='word_1_769' title='bbox 1103 5142 1317 5212; x_wconf 77' lang='grc' dir='ltr'>ἐλέγχει</span> <span class='ocrx_word' id='word_1_770' title='bbox 1348 5159 1416 5212; x_wconf 82' lang='grc' dir='ltr'><strong>με</strong></span> <span class='ocrx_word' id='word_1_771' title='bbox 1461 5141 1591 5212; x_wconf 76' lang='grc' dir='ltr'>περὶ</span> <span class='ocrx_word' id='word_1_772' title='bbox 1622 5142 1803 5212; x_wconf 86' lang='grc' dir='ltr'>ἀμαρ-</span> 
     </span>
    </p>
   </div>
   <div class='ocr_carea' id='block_1_101' title="bbox 206 5229 1803 5306">
    <p class='ocr_par' dir='ltr' id='par_1_101' title="bbox 206 5229 1803 5306">
     <span class='ocr_line' id='line_1_101' title="bbox 206 5229 1803 5306; baseline 0.004 -25"><span class='ocrx_word' id='word_1_773' title='bbox 206 5230 374 5295; x_wconf 83' lang='grc' dir='ltr'>τίας;</span> <span class='ocrx_word' id='word_1_774' title='bbox 405 5230 469 5283; x_wconf 85' lang='grc' dir='ltr'>Εί</span> <span class='ocrx_word' id='word_1_775' title='bbox 501 5229 556 5284; x_wconf 80' lang='grc' dir='ltr'><strong>δὲ</strong></span> <span class='ocrx_word' id='word_1_776' title='bbox 581 5231 840 5302; x_wconf 84' lang='grc' dir='ltr'>ἀλήθειαν</span> <span class='ocrx_word' id='word_1_777' title='bbox 874 5234 1037 5304; x_wconf 90' lang='grc' dir='ltr'>λέγω,</span> <span class='ocrx_word' id='word_1_778' title='bbox 1063 5234 1204 5289; x_wconf 89' lang='grc' dir='ltr'>διατί</span> <span class='ocrx_word' id='word_1_779' title='bbox 1241 5237 1397 5306; x_wconf 83' lang='grc' dir='ltr'>ὑμεῖς</span> <span class='ocrx_word' id='word_1_780' title='bbox 1423 5236 1485 5289; x_wconf 91' lang='grc' dir='ltr'><strong>οὑ</strong></span> <span class='ocrx_word' id='word_1_781' title='bbox 1514 5235 1803 5289; x_wconf 80' lang='grc' dir='ltr'>πιστεύετέ</span> 
     </span>
    </p>
   </div>
   <div class='ocr_carea' id='block_1_102' title="bbox 212 5323 1809 5399">
    <p class='ocr_par' dir='ltr' id='par_1_102' title="bbox 212 5323 1809 5399">
     <span class='ocr_line' id='line_1_102' title="bbox 212 5323 1809 5399; baseline 0.005 -25"><span class='ocrx_word' id='word_1_782' title='bbox 212 5338 345 5397; x_wconf 83' lang='grc' dir='ltr'>μοι;</span> <span class='ocrx_word' id='word_1_783' title='bbox 384 5340 402 5372; x_wconf 77' lang='grc' dir='ltr'><strong>ι</strong></span> <span class='ocrx_word' id='word_1_784' title='bbox 436 5323 645 5377; x_wconf 77' lang='grc' dir='ltr'>Οὐκοῦν</span> <span class='ocrx_word' id='word_1_785' title='bbox 667 5326 716 5378; x_wconf 85' lang='grc' dir='ltr'>εἰ</span> <span class='ocrx_word' id='word_1_786' title='bbox 765 5326 1170 5398; x_wconf 85' lang='grc' dir='ltr'>προσκεκόμικε</span> <span class='ocrx_word' id='word_1_787' title='bbox 1198 5327 1295 5398; x_wconf 71' lang='grc' dir='ltr'>τὴν</span> <span class='ocrx_word' id='word_1_788' title='bbox 1334 5328 1544 5393; x_wconf 88' lang='grc' dir='ltr'>θυσίαν,</span> <span class='ocrx_word' id='word_1_789' title='bbox 1576 5328 1719 5399; x_wconf 89' lang='grc' dir='ltr'>ὑπέρ</span> <span class='ocrx_word' id='word_1_790' title='bbox 1748 5346 1809 5382; x_wconf 90' lang='grc' dir='ltr'><strong>τε</strong></span> 
     </span>
    </p>
   </div>
   <div class='ocr_carea' id='block_1_103' title="bbox 288 5476 1366 5550">
    <p class='ocr_par' dir='ltr' id='par_1_103' title="bbox 288 5476 1366 5550">
     <span class='ocr_line' id='line_1_103' title="bbox 288 5476 1366 5550; baseline 0.006 -20"><span class='ocrx_word' id='word_1_791' title='bbox 288 5476 340 5508; x_wconf 84' lang='grc'><strong>¹⁶</strong></span> <span class='ocrx_word' id='word_1_792' title='bbox 386 5476 527 5532; x_wconf 84' lang='lat' dir='ltr'><strong>Psal.</strong></span> <span class='ocrx_word' id='word_1_793' title='bbox 561 5492 669 5543; x_wconf 73' lang='grc' dir='ltr'>ενι,</span> <span class='ocrx_word' id='word_1_794' title='bbox 704 5479 796 5534; x_wconf 69' lang='lat'><strong>42.</strong></span> <span class='ocrx_word' id='word_1_795' title='bbox 875 5482 917 5512; x_wconf 82' lang='lat'>“</span> <span class='ocrx_word' id='word_1_796' title='bbox 958 5480 1058 5539; x_wconf 87' lang='lat' dir='ltr'><strong>lsa.</strong></span> <span class='ocrx_word' id='word_1_797' title='bbox 1088 5497 1243 5550; x_wconf 83' lang='lat' dir='ltr'><strong>me,</strong></span> <span class='ocrx_word' id='word_1_798' title='bbox 1276 5482 1366 5537; x_wconf 74' lang='lat'><strong>25.</strong></span> 
     </span>
    </p>
   </div>
   <div class='ocr_carea' id='block_1_104' title="bbox 1446 5482 1949 5552">
    <p class='ocr_par' dir='ltr' id='par_1_104' title="bbox 1446 5482 1949 5552">
     <span class='ocr_line' id='line_1_104' title="bbox 1446 5482 1949 5552; baseline 0.008 -15"><span class='ocrx_word' id='word_1_799' title='bbox 1446 5484 1489 5514; x_wconf 82' lang='grc'><strong>¹²</strong></span> <span class='ocrx_word' id='word_1_800' title='bbox 1527 5482 1660 5539; x_wconf 81' lang='lat' dir='ltr'><strong>Joan</strong></span> <span class='ocrx_word' id='word_1_801' title='bbox 1697 5499 1807 5552; x_wconf 72' lang='grc' dir='ltr'>χεν,</span> <span class='ocrx_word' id='word_1_802' title='bbox 1837 5484 1949 5541; x_wconf 76' lang='grc'><strong>50..</strong></span> 
     </span>
    </p>
   </div>
   <div class='ocr_carea' id='block_1_105' title="bbox 1908 4600 3497 4674">
    <p class='ocr_par' dir='ltr' id='par_1_105' title="bbox 1908 4600 3497 4674">
     <span class='ocr_line' id='line_1_105' title="bbox 1908 4600 3497 4674; baseline -0.003 -14"><span class='ocrx_word' id='word_1_803' title='bbox 1908 4614 1991 4661; x_wconf 89' lang='lat' dir='ltr'><strong>ter</strong></span> <span class='ocrx_word' id='word_1_804' title='bbox 2022 4604 2328 4674; x_wconf 89' lang='lat' dir='ltr'><strong>opinionem</strong></span> <span class='ocrx_word' id='word_1_805' title='bbox 2356 4615 2602 4658; x_wconf 87' lang='lat' dir='ltr'><strong>curatqu</strong></span> <span class='ocrx_word' id='word_1_806' title='bbox 2655 4602 2909 4656; x_wconf 84' lang='lat' dir='ltr'><strong>videbant</strong></span> <span class='ocrx_word' id='word_1_807' title='bbox 2960 4600 3109 4654; x_wconf 91' lang='lat' dir='ltr'><strong>illum</strong></span> <span class='ocrx_word' id='word_1_808' title='bbox 3148 4615 3178 4653; x_wconf 88' lang='lat' dir='ltr'><strong>a</strong></span> <span class='ocrx_word' id='word_1_809' title='bbox 3216 4600 3497 4655; x_wconf 84' lang='lat' dir='ltr'><strong>nativitate</strong></span> 
     </span>
    </p>
   </div>
   <div class='ocr_carea' id='block_1_106' title="bbox 1910 4691 3497 4764">
    <p class='ocr_par' dir='ltr' id='par_1_106' title="bbox 1910 4691 3497 4764">
     <span class='ocr_line' id='line_1_106' title="bbox 1910 4691 3497 4764; baseline -0.003 -13"><span class='ocrx_word' id='word_1_810' title='bbox 1910 4710 2149 4761; x_wconf 67' lang='lat' dir='ltr'><strong>cereum,</strong></span> <span class='ocrx_word' id='word_1_811' title='bbox 2203 4695 2367 4764; x_wconf 87' lang='lat' dir='ltr'><strong>impie</strong></span> <span class='ocrx_word' id='word_1_812' title='bbox 2415 4694 2715 4750; x_wconf 85' lang='lat' dir='ltr'><strong>dicebant:</strong></span> <span class='ocrx_word' id='word_1_813' title='bbox 2760 4711 2779 4745; x_wconf 78' lang='grc' dir='ltr'><strong>ι</strong></span> <span class='ocrx_word' id='word_1_814' title='bbox 2823 4693 2896 4745; x_wconf 88' lang='lat' dir='ltr'><strong>Da</strong></span> <span class='ocrx_word' id='word_1_815' title='bbox 2949 4691 3173 4762; x_wconf 80' lang='lat' dir='ltr'><strong>gloriam</strong></span> <span class='ocrx_word' id='word_1_816' title='bbox 3212 4692 3321 4745; x_wconf 87' lang='lat' dir='ltr'><strong>Deo</strong></span> <span class='ocrx_word' id='word_1_817' title='bbox 3352 4708 3368 4758; x_wconf 90' lang='lat'><strong>;</strong></span> <span class='ocrx_word' id='word_1_818' title='bbox 3398 4707 3497 4747; x_wconf 88' lang='lat' dir='ltr'><strong>nos</strong></span> 
     </span>
    </p>
   </div>
   <div class='ocr_carea' id='block_1_107' title="bbox 1909 4783 3498 4855">
    <p class='ocr_par' dir='ltr' id='par_1_107' title="bbox 1909 4783 3498 4855">
     <span class='ocr_line' id='line_1_107' title="bbox 1909 4783 3498 4855; baseline -0.003 -13"><span class='ocrx_word' id='word_1_819' title='bbox 1909 4787 2132 4851; x_wconf 89' lang='lat' dir='ltr'><strong>scimus,</strong></span> <span class='ocrx_word' id='word_1_820' title='bbox 2179 4789 2303 4855; x_wconf 90' lang='lat' dir='ltr'><strong>quia</strong></span> <span class='ocrx_word' id='word_1_821' title='bbox 2358 4788 2460 4840; x_wconf 89' lang='lat' dir='ltr'><strong>istc</strong></span> <span class='ocrx_word' id='word_1_822' title='bbox 2509 4786 2670 4841; x_wconf 89' lang='lat' dir='ltr'><strong>homo</strong></span> <span class='ocrx_word' id='word_1_823' title='bbox 2714 4794 2965 4854; x_wconf 89' lang='lat' dir='ltr'><strong>peccator</strong></span> <span class='ocrx_word' id='word_1_824' title='bbox 2988 4795 3070 4839; x_wconf 90' lang='lat' dir='ltr'><strong>est</strong></span> <span class='ocrx_word' id='word_1_825' title='bbox 3102 4784 3144 4814; x_wconf 83' lang='grc'><strong>³³</strong></span> <span class='ocrx_word' id='word_1_826' title='bbox 3171 4820 3187 4836; x_wconf 93' lang='grc'><strong>.</strong></span> <span class='ocrx_word' id='word_1_827' title='bbox 3218 4800 3235 4833; x_wconf 76' lang='grc' dir='ltr'><strong>ι</strong></span> <span class='ocrx_word' id='word_1_828' title='bbox 3272 4783 3341 4837; x_wconf 86' lang='lat' dir='ltr'><strong>At</strong></span> <span class='ocrx_word' id='word_1_829' title='bbox 3367 4797 3498 4837; x_wconf 87' lang='lat' dir='ltr'><strong>vero</strong></span> 
     </span>
    </p>
   </div>
   <div class='ocr_carea' id='block_1_108' title="bbox 1911 4875 3494 4933">
    <p class='ocr_par' dir='ltr' id='par_1_108' title="bbox 1911 4875 3494 4933">
     <span class='ocr_line' id='line_1_108' title="bbox 1911 4875 3494 4933; baseline -0.003 -2"><span class='ocrx_word' id='word_1_830' title='bbox 1911 4877 2171 4933; x_wconf 89' lang='lat' dir='ltr'><strong>Dominus</strong></span> <span class='ocrx_word' id='word_1_831' title='bbox 2221 4886 2406 4932; x_wconf 89' lang='lat' dir='ltr'><strong>noster</strong></span> <span class='ocrx_word' id='word_1_832' title='bbox 2455 4876 2611 4933; x_wconf 85' lang='lat' dir='ltr'><strong>Jesus</strong></span> <span class='ocrx_word' id='word_1_833' title='bbox 2650 4878 2898 4933; x_wconf 86' lang='lat' dir='ltr'><strong>Christus</strong></span> <span class='ocrx_word' id='word_1_834' title='bbox 2944 4875 3287 4930; x_wconf 86' lang='lat' dir='ltr'><strong>ohlocutores</strong></span> <span class='ocrx_word' id='word_1_835' title='bbox 3336 4888 3494 4927; x_wconf 83' lang='lat' dir='ltr'><strong>coar-</strong></span> 
     </span>
    </p>
   </div>
   <div class='ocr_carea' id='block_1_109' title="bbox 1907 4962 3498 5041">
    <p class='ocr_par' dir='ltr' id='par_1_109' title="bbox 1907 4962 3498 5041">
     <span class='ocr_line' id='line_1_109' title="bbox 1907 4962 3498 5041; baseline -0.005 -20"><span class='ocrx_word' id='word_1_836' title='bbox 1907 4984 2098 5041; x_wconf 78' lang='lat' dir='ltr'><strong>gueus,</strong></span> <span class='ocrx_word' id='word_1_837' title='bbox 2131 4977 2316 5038; x_wconf 84' lang='lat' dir='ltr'><strong>aperte</strong></span> <span class='ocrx_word' id='word_1_838' title='bbox 2346 4968 2559 5023; x_wconf 82' lang='lat' dir='ltr'><strong>dicebat</strong></span> <span class='ocrx_word' id='word_1_839' title='bbox 2589 4984 2605 5021; x_wconf 77' lang='lat'><strong>2</strong></span> <span class='ocrx_word' id='word_1_840' title='bbox 2642 4985 2660 5018; x_wconf 80' lang='grc' dir='ltr'><strong>ι</strong></span> <span class='ocrx_word' id='word_1_841' title='bbox 2694 4966 2826 5033; x_wconf 79' lang='lat' dir='ltr'><strong>Quis</strong></span> <span class='ocrx_word' id='word_1_842' title='bbox 2876 4980 2942 5020; x_wconf 82' lang='lat' dir='ltr'><strong>ex</strong></span> <span class='ocrx_word' id='word_1_843' title='bbox 2986 4966 3136 5019; x_wconf 90' lang='lat' dir='ltr'><strong>vobis</strong></span> <span class='ocrx_word' id='word_1_844' title='bbox 3192 4962 3372 5033; x_wconf 78' lang='lat' dir='ltr'><strong>arguit</strong></span> <span class='ocrx_word' id='word_1_845' title='bbox 3414 4976 3498 5016; x_wconf 73' lang='lat' dir='ltr'><strong>me.</strong></span> 
     </span>
    </p>
   </div>
   <div class='ocr_carea' id='block_1_110' title="bbox 1907 5054 3498 5130">
    <p class='ocr_par' dir='ltr' id='par_1_110' title="bbox 1907 5054 3498 5130">
     <span class='ocr_line' id='line_1_110' title="bbox 1907 5054 3498 5130; baseline -0.006 -16"><span class='ocrx_word' id='word_1_846' title='bbox 1907 5062 1973 5114; x_wconf 87' lang='lat' dir='ltr'><strong>de</strong></span> <span class='ocrx_word' id='word_1_847' title='bbox 2020 5060 2289 5130; x_wconf 87' lang='lat' dir='ltr'><strong>peccato?</strong></span> <span class='ocrx_word' id='word_1_848' title='bbox 2334 5060 2389 5114; x_wconf 88' lang='lat' dir='ltr'><strong>Si</strong></span> <span class='ocrx_word' id='word_1_849' title='bbox 2448 5062 2731 5115; x_wconf 87' lang='lat' dir='ltr'><strong>veritatem</strong></span> <span class='ocrx_word' id='word_1_850' title='bbox 2789 5058 2931 5123; x_wconf 87' lang='lat' dir='ltr'><strong>dico,</strong></span> <span class='ocrx_word' id='word_1_851' title='bbox 2966 5071 3135 5126; x_wconf 83' lang='lat' dir='ltr'><strong>quare</strong></span> <span class='ocrx_word' id='word_1_852' title='bbox 3172 5070 3277 5110; x_wconf 94' lang='lat' dir='ltr'><strong>nou</strong></span> <span class='ocrx_word' id='word_1_853' title='bbox 3318 5054 3498 5109; x_wconf 89' lang='lat' dir='ltr'><strong>credi-</strong></span> 
     </span>
    </p>
   </div>
   <div class='ocr_carea' id='block_1_111' title="bbox 1907 5142 3495 5219">
    <p class='ocr_par' dir='ltr' id='par_1_111' title="bbox 1907 5142 3495 5219">
     <span class='ocr_line' id='line_1_111' title="bbox 1907 5142 3495 5219; baseline -0.006 -16"><span class='ocrx_word' id='word_1_854' title='bbox 1907 5149 1977 5203; x_wconf 84' lang='lat' dir='ltr'><strong>tis</strong></span> <span class='ocrx_word' id='word_1_855' title='bbox 2005 5150 2136 5203; x_wconf 87' lang='lat' dir='ltr'><strong>mihi</strong></span> <span class='ocrx_word' id='word_1_856' title='bbox 2178 5148 2222 5180; x_wconf 64' lang='grc'><strong>’³</strong></span> <span class='ocrx_word' id='word_1_857' title='bbox 2252 5151 2275 5204; x_wconf 69' lang='grc' dir='ltr'><em>ἲ</em></span> <span class='ocrx_word' id='word_1_858' title='bbox 2302 5168 2320 5201; x_wconf 76' lang='grc' dir='ltr'><strong>ι</strong></span> <span class='ocrx_word' id='word_1_859' title='bbox 2349 5149 2516 5219; x_wconf 78' lang='lat' dir='ltr'><strong>Igitur</strong></span> <span class='ocrx_word' id='word_1_860' title='bbox 2564 5149 2608 5204; x_wconf 90' lang='lat' dir='ltr'><strong>si</strong></span> <span class='ocrx_word' id='word_1_861' title='bbox 2643 5148 2841 5204; x_wconf 90' lang='lat' dir='ltr'><strong>obtulit</strong></span> <span class='ocrx_word' id='word_1_862' title='bbox 2885 5148 3116 5201; x_wconf 88' lang='lat' dir='ltr'><strong>hostiam</strong></span> <span class='ocrx_word' id='word_1_863' title='bbox 3170 5159 3276 5199; x_wconf 83' lang='lat' dir='ltr'><strong>non</strong></span> <span class='ocrx_word' id='word_1_864' title='bbox 3321 5142 3495 5197; x_wconf 89' lang='lat' dir='ltr'><strong>solum</strong></span> 
     </span>
    </p>
   </div>
   <div class='ocr_carea' id='block_1_112' title="bbox 1912 5239 3497 5310">
    <p class='ocr_par' dir='ltr' id='par_1_112' title="bbox 1912 5239 3497 5310">
     <span class='ocr_line' id='line_1_112' title="bbox 1912 5239 3497 5310; baseline -0.003 -17"><span class='ocrx_word' id='word_1_865' title='bbox 1912 5254 2009 5309; x_wconf 88' lang='lat' dir='ltr'><strong>pro</strong></span> <span class='ocrx_word' id='word_1_866' title='bbox 2043 5240 2232 5304; x_wconf 88' lang='lat' dir='ltr'><strong>nobis,</strong></span> <span class='ocrx_word' id='word_1_867' title='bbox 2265 5256 2450 5295; x_wconf 90' lang='lat' dir='ltr'><strong>verum</strong></span> <span class='ocrx_word' id='word_1_868' title='bbox 2478 5241 2640 5296; x_wconf 86' lang='lat' dir='ltr'><strong>etiam</strong></span> <span class='ocrx_word' id='word_1_869' title='bbox 2676 5255 2775 5310; x_wconf 91' lang='lat' dir='ltr'><strong>pro</strong></span> <span class='ocrx_word' id='word_1_870' title='bbox 2804 5254 2864 5295; x_wconf 88' lang='lat' dir='ltr'><strong>se</strong></span> <span class='ocrx_word' id='word_1_871' title='bbox 2896 5241 3035 5309; x_wconf 90' lang='lat' dir='ltr'><strong>ipso,</strong></span> <span class='ocrx_word' id='word_1_872' title='bbox 3070 5239 3256 5308; x_wconf 88' lang='lat' dir='ltr'><strong>utique</strong></span> <span class='ocrx_word' id='word_1_873' title='bbox 3309 5250 3497 5290; x_wconf 87' lang='lat' dir='ltr'><strong>neces-</strong></span> 
     </span>
    </p>
   </div>
   <div class='ocr_carea' id='block_1_113' title="bbox 1914 5325 3495 5403">
    <p class='ocr_par' dir='ltr' id='par_1_113' title="bbox 1914 5325 3495 5403">
     <span class='ocr_line' id='line_1_113' title="bbox 1914 5325 3495 5403; baseline -0.005 -19"><span class='ocrx_word' id='word_1_874' title='bbox 1914 5331 2060 5385; x_wconf 87' lang='lat' dir='ltr'><strong>sario</strong></span> <span class='ocrx_word' id='word_1_875' title='bbox 2085 5331 2172 5385; x_wconf 88' lang='lat' dir='ltr'><strong>illa</strong></span> <span class='ocrx_word' id='word_1_876' title='bbox 2199 5330 2426 5403; x_wconf 78' lang='lat' dir='ltr'><strong>indiguit</strong></span> <span class='ocrx_word' id='word_1_877' title='bbox 2446 5373 2461 5399; x_wconf 90' lang='lat'><strong>,</strong></span> <span class='ocrx_word' id='word_1_878' title='bbox 2493 5340 2550 5386; x_wconf 92' lang='lat' dir='ltr'><strong>ut</strong></span> <span class='ocrx_word' id='word_1_879' title='bbox 2571 5331 2733 5387; x_wconf 87' lang='lat' dir='ltr'><strong>etiam</strong></span> <span class='ocrx_word' id='word_1_880' title='bbox 2761 5345 2860 5386; x_wconf 92' lang='lat' dir='ltr'><strong>nos</strong></span> <span class='ocrx_word' id='word_1_881' title='bbox 2889 5330 2979 5401; x_wconf 92' lang='lat' dir='ltr'><strong>qui</strong></span> <span class='ocrx_word' id='word_1_882' title='bbox 3011 5330 3109 5384; x_wconf 88' lang='lat' dir='ltr'><strong>sub</strong></span> <span class='ocrx_word' id='word_1_883' title='bbox 3130 5329 3259 5399; x_wconf 79' lang='lat' dir='ltr'><strong>jugo</strong></span> <span class='ocrx_word' id='word_1_884' title='bbox 3286 5325 3495 5397; x_wconf 83' lang='lat' dir='ltr'><strong>peccati</strong></span> 
     </span>
    </p>
   </div>
   <div class='ocr_carea' id='block_1_114' title="bbox 2029 5484 3105 5557">
    <p class='ocr_par' dir='ltr' id='par_1_114' title="bbox 2029 5484 3105 5557">
     <span class='ocr_line' id='line_1_114' title="bbox 2029 5484 3105 5557; baseline 0.002 -17"><span class='ocrx_word' id='word_1_885' title='bbox 2029 5485 2073 5518; x_wconf 78' lang='lat'><strong>“</strong></span> <span class='ocrx_word' id='word_1_886' title='bbox 2110 5484 2268 5541; x_wconf 77' lang='lat' dir='ltr'><strong>Joan.</strong></span> <span class='ocrx_word' id='word_1_887' title='bbox 2297 5504 2373 5557; x_wconf 80' lang='lat' dir='ltr'><strong>ix,</strong></span> <span class='ocrx_word' id='word_1_888' title='bbox 2411 5487 2503 5543; x_wconf 71' lang='lat' dir='ltr'><strong>2i.</strong></span> <span class='ocrx_word' id='word_1_889' title='bbox 2583 5490 2627 5521; x_wconf 74' lang='lat'><strong>&quot;</strong></span> <span class='ocrx_word' id='word_1_890' title='bbox 2664 5487 2825 5544; x_wconf 83' lang='lat' dir='ltr'><strong>Joan.</strong></span> <span class='ocrx_word' id='word_1_891' title='bbox 2864 5504 2981 5553; x_wconf 87' lang='lat' dir='ltr'><strong>vut,</strong></span> <span class='ocrx_word' id='word_1_892' title='bbox 3013 5488 3105 5543; x_wconf 81' lang='grc'><strong>46.</strong></span> 
     </span>
    </p>
   </div>
   <div class='ocr_carea' id='block_1_115' title="bbox 1492 5639 2240 5701">
    <p class='ocr_par' dir='ltr' id='par_1_115' title="bbox 1492 5639 2240 5701">
     <span class='ocr_line' id='line_1_115' title="bbox 1492 5639 2240 5701; baseline 0.012 -10"><span class='ocrx_word' id='word_1_893' title='bbox 1492 5639 1648 5696; x_wconf 70' lang='lat' dir='ltr'><strong>ANT.</strong></span> <span class='ocrx_word' id='word_1_894' title='bbox 1690 5639 1965 5696; x_wconf 79' lang='lat' dir='ltr'><strong>AGELLII</strong></span> <span class='ocrx_word' id='word_1_895' title='bbox 2007 5641 2240 5701; x_wconf 66' lang='grc' dir='ltr'><strong>ΝΟΤᾸΞ.</strong></span> 
     </span>
    </p>
   </div>
   <div class='ocr_carea' id='block_1_116' title="bbox 294 5769 1463 5846">
    <p class='ocr_par' dir='ltr' id='par_1_116' title="bbox 294 5769 1463 5846">
     <span class='ocr_line' id='line_1_116' title="bbox 294 5769 1463 5846; baseline 0.003 -22"><span class='ocrx_word' id='word_1_896' title='bbox 294 5770 414 5843; x_wconf 71' lang='lat'><strong>(22)</strong></span> <span class='ocrx_word' id='word_1_897' title='bbox 451 5769 675 5827; x_wconf 72' lang='lat' dir='ltr'><strong>Videtur</strong></span> <span class='ocrx_word' id='word_1_898' title='bbox 705 5772 1006 5843; x_wconf 82' lang='lat' dir='ltr'><strong>legendum,</strong></span> <span class='ocrx_word' id='word_1_899' title='bbox 1041 5790 1102 5828; x_wconf 88' lang='grc' dir='ltr'><strong>το</strong></span> <span class='ocrx_word' id='word_1_900' title='bbox 1136 5773 1259 5829; x_wconf 75' lang='grc' dir='ltr'>καθ’</span> <span class='ocrx_word' id='word_1_901' title='bbox 1288 5774 1463 5846; x_wconf 72' lang='grc' dir='ltr'>ἡμῶν.</span> 
     </span>
    </p>
   </div>
  </div>
