  <div class='ocr_page' id='page_1' title='image "/cluster/home/n/w/nwhite01/storage/ocr_20150623/76/hvd.32044019207943/089.png"; bbox 0 0 4024 6462; ppageno 0'>
   <div class='ocr_carea' id='block_1_1' title="bbox 621 386 726 444">
    <p class='ocr_par' dir='ltr' id='par_1_1' title="bbox 621 386 726 444">
     <span class='ocr_line' id='line_1_1' title="bbox 621 386 726 444; baseline -0.01 0"><span class='ocrx_word' id='word_1_1' title='bbox 621 386 726 444; x_wconf 74' lang='grc'><strong>165</strong></span> 
     </span>
    </p>
   </div>
   <div class='ocr_carea' id='block_1_2' title="bbox 618 583 2195 652">
    <p class='ocr_par' dir='ltr' id='par_1_2' title="bbox 618 583 2195 652">
     <span class='ocr_line' id='line_1_2' title="bbox 618 583 2195 652; baseline -0.005 -7"><span class='ocrx_word' id='word_1_2' title='bbox 618 588 964 650; x_wconf 82' lang='lat' dir='ltr'><strong>sacriﬁcavit,</strong></span> <span class='ocrx_word' id='word_1_3' title='bbox 987 585 1213 640; x_wconf 98' lang='lat' dir='ltr'><strong>ostende</strong></span> <span class='ocrx_word' id='word_1_4' title='bbox 1242 584 1398 639; x_wconf 83' lang='lat' dir='ltr'><strong>simul</strong></span> <span class='ocrx_word' id='word_1_5' title='bbox 1427 583 1587 638; x_wconf 90' lang='lat' dir='ltr'><strong>etiam</strong></span> <span class='ocrx_word' id='word_1_6' title='bbox 1613 584 1891 638; x_wconf 88' lang='lat' dir='ltr'><strong>nobiscum</strong></span> <span class='ocrx_word' id='word_1_7' title='bbox 1921 597 2195 652; x_wconf 84' lang='lat' dir='ltr'><strong>peccasse.</strong></span> 
     </span>
    </p>
   </div>
   <div class='ocr_carea' id='block_1_3' title="bbox 620 672 2195 746">
    <p class='ocr_par' dir='ltr' id='par_1_3' title="bbox 620 672 2195 746">
     <span class='ocr_line' id='line_1_3' title="bbox 620 672 2195 746; baseline -0.008 -8"><span class='ocrx_word' id='word_1_8' title='bbox 620 685 811 737; x_wconf 79' lang='lat' dir='ltr'><strong>Pastor</strong></span> <span class='ocrx_word' id='word_1_9' title='bbox 829 679 917 733; x_wconf 92' lang='lat' dir='ltr'><strong>ille</strong></span> <span class='ocrx_word' id='word_1_10' title='bbox 938 679 1108 732; x_wconf 91' lang='lat' dir='ltr'><strong>honus</strong></span> <span class='ocrx_word' id='word_1_11' title='bbox 1133 692 1228 746; x_wconf 91' lang='lat' dir='ltr'><strong>pro</strong></span> <span class='ocrx_word' id='word_1_12' title='bbox 1245 690 1475 745; x_wconf 90' lang='lat' dir='ltr'><strong>quonam</strong></span> <span class='ocrx_word' id='word_1_13' title='bbox 1504 675 1680 743; x_wconf 91' lang='lat' dir='ltr'><strong>posuit</strong></span> <span class='ocrx_word' id='word_1_14' title='bbox 1706 674 1938 728; x_wconf 89' lang='lat' dir='ltr'><strong>animam</strong></span> <span class='ocrx_word' id='word_1_15' title='bbox 1962 672 2195 739; x_wconf 77' lang='lat' dir='ltr'><strong>suam“,</strong></span> 
     </span>
    </p>
   </div>
   <div class='ocr_carea' id='block_1_4' title="bbox 621 764 2197 841">
    <p class='ocr_par' dir='ltr' id='par_1_4' title="bbox 621 764 2197 841">
     <span class='ocr_line' id='line_1_4' title="bbox 621 764 2197 841; baseline -0.006 -15"><span class='ocrx_word' id='word_1_16' title='bbox 621 788 716 841; x_wconf 88' lang='lat' dir='ltr'><strong>pro</strong></span> <span class='ocrx_word' id='word_1_17' title='bbox 747 786 837 835; x_wconf 90' lang='lat' dir='ltr'><strong>se,</strong></span> <span class='ocrx_word' id='word_1_18' title='bbox 872 786 937 823; x_wconf 92' lang='lat' dir='ltr'><strong>an</strong></span> <span class='ocrx_word' id='word_1_19' title='bbox 971 783 1067 838; x_wconf 93' lang='lat' dir='ltr'><strong>pro</strong></span> <span class='ocrx_word' id='word_1_20' title='bbox 1103 768 1215 822; x_wconf 89' lang='lat' dir='ltr'><strong>suis</strong></span> <span class='ocrx_word' id='word_1_21' title='bbox 1243 767 1435 821; x_wconf 87' lang='lat' dir='ltr'><strong>ovibus</strong></span> <span class='ocrx_word' id='word_1_22' title='bbox 1462 765 1486 819; x_wconf 70' lang='grc' dir='ltr'><strong>’ἒ</strong></span> <span class='ocrx_word' id='word_1_23' title='bbox 1514 764 1694 819; x_wconf 85' lang='lat' dir='ltr'><strong>Audio</strong></span> <span class='ocrx_word' id='word_1_24' title='bbox 1731 765 1904 818; x_wconf 83' lang='lat' dir='ltr'><strong>tllum-</strong></span> <span class='ocrx_word' id='word_1_25' title='bbox 1930 765 2197 818; x_wconf 89' lang='lat' dir='ltr'><strong>dicentem</strong></span> 
     </span>
    </p>
   </div>
   <div class='ocr_carea' id='block_1_5' title="bbox 622 855 2193 926">
    <p class='ocr_par' dir='ltr' id='par_1_5' title="bbox 622 855 2193 926">
     <span class='ocr_line' id='line_1_5' title="bbox 622 855 2193 926; baseline -0.003 -15"><span class='ocrx_word' id='word_1_26' title='bbox 622 869 685 916; x_wconf 78' lang='lat' dir='ltr'><strong>de</strong></span> <span class='ocrx_word' id='word_1_27' title='bbox 717 861 871 915; x_wconf 91' lang='lat' dir='ltr'><strong>nobis</strong></span> <span class='ocrx_word' id='word_1_28' title='bbox 904 879 917 915; x_wconf 88' lang='lat'><strong>:</strong></span> <span class='ocrx_word' id='word_1_29' title='bbox 957 877 975 911; x_wconf 89' lang='grc' dir='ltr'><strong>ι</strong></span> <span class='ocrx_word' id='word_1_30' title='bbox 1002 857 1103 912; x_wconf 81' lang='lat' dir='ltr'><strong>Pro</strong></span> <span class='ocrx_word' id='word_1_31' title='bbox 1136 859 1264 926; x_wconf 82' lang='lat' dir='ltr'><strong>ipsis</strong></span> <span class='ocrx_word' id='word_1_32' title='bbox 1300 873 1401 925; x_wconf 74' lang='lat' dir='ltr'><strong>ego</strong></span> <span class='ocrx_word' id='word_1_33' title='bbox 1439 856 1717 911; x_wconf 80' lang='lat' dir='ltr'><strong>sanctifico</strong></span> <span class='ocrx_word' id='word_1_34' title='bbox 1758 856 2022 925; x_wconf 88' lang='lat' dir='ltr'><strong>meipsum</strong></span> <span class='ocrx_word' id='word_1_35' title='bbox 2051 855 2095 885; x_wconf 80' lang='grc'><strong>¹⁶</strong></span> <span class='ocrx_word' id='word_1_36' title='bbox 2123 870 2139 921; x_wconf 91' lang='lat'><strong>;</strong></span> <span class='ocrx_word' id='word_1_37' title='bbox 2175 873 2193 906; x_wconf 77' lang='grc' dir='ltr'><strong>ι</strong></span> 
     </span>
    </p>
   </div>
   <div class='ocr_carea' id='block_1_6' title="bbox 622 946 2201 1021">
    <p class='ocr_par' dir='ltr' id='par_1_6' title="bbox 622 946 2201 1021">
     <span class='ocr_line' id='line_1_6' title="bbox 622 946 2201 1021; baseline -0.006 -13"><span class='ocrx_word' id='word_1_38' title='bbox 622 968 706 1017; x_wconf 85' lang='lat' dir='ltr'><strong>et,</strong></span> <span class='ocrx_word' id='word_1_39' title='bbox 742 966 799 1006; x_wconf 87' lang='lat' dir='ltr'><strong>ut</strong></span> <span class='ocrx_word' id='word_1_40' title='bbox 825 953 997 1021; x_wconf 91' lang='lat' dir='ltr'><strong>inquit</strong></span> <span class='ocrx_word' id='word_1_41' title='bbox 1029 950 1427 1007; x_wconf 87' lang='lat' dir='ltr'><strong>beatusPaulus</strong></span> <span class='ocrx_word' id='word_1_42' title='bbox 1458 967 1471 1003; x_wconf 87' lang='lat'><strong>:</strong></span> <span class='ocrx_word' id='word_1_43' title='bbox 1503 968 1520 1001; x_wconf 90' lang='grc' dir='ltr'><strong>ι</strong></span> <span class='ocrx_word' id='word_1_44' title='bbox 1558 947 1743 1003; x_wconf 77' lang='lat' dir='ltr'><strong>Gratia</strong></span> <span class='ocrx_word' id='word_1_45' title='bbox 1779 948 1869 1002; x_wconf 94' lang='lat' dir='ltr'><strong>Dei</strong></span> <span class='ocrx_word' id='word_1_46' title='bbox 1901 964 1995 1017; x_wconf 89' lang='lat' dir='ltr'><strong>pro</strong></span> <span class='ocrx_word' id='word_1_47' title='bbox 2028 946 2201 1001; x_wconf 88' lang='lat' dir='ltr'><strong>omni-</strong></span> 
     </span>
    </p>
   </div>
   <div class='ocr_carea' id='block_1_7' title="bbox 623 1037 2203 1112">
    <p class='ocr_par' dir='ltr' id='par_1_7' title="bbox 623 1037 2203 1112">
     <span class='ocr_line' id='line_1_7' title="bbox 623 1037 2203 1112; baseline -0.006 -12"><span class='ocrx_word' id='word_1_48' title='bbox 623 1049 723 1100; x_wconf 91' lang='lat' dir='ltr'><strong>bus</strong></span> <span class='ocrx_word' id='word_1_49' title='bbox 774 1043 1009 1112; x_wconf 66' lang='lat' dir='ltr'><strong>gustavit</strong></span> <span class='ocrx_word' id='word_1_50' title='bbox 1048 1054 1273 1095; x_wconf 88' lang='lat' dir='ltr'><strong>mortem</strong></span> <span class='ocrx_word' id='word_1_51' title='bbox 1309 1042 1349 1072; x_wconf 85' lang='lat'>&quot;</span> <span class='ocrx_word' id='word_1_52' title='bbox 1385 1057 1399 1105; x_wconf 89' lang='lat'><strong>;</strong></span> <span class='ocrx_word' id='word_1_53' title='bbox 1440 1059 1458 1092; x_wconf 79' lang='grc' dir='ltr'><strong>ι</strong></span> <span class='ocrx_word' id='word_1_54' title='bbox 1508 1051 1556 1093; x_wconf 89' lang='lat' dir='ltr'><strong>et</strong></span> <span class='ocrx_word' id='word_1_55' title='bbox 1604 1040 1797 1093; x_wconf 87' lang='lat' dir='ltr'><strong>iterum</strong></span> <span class='ocrx_word' id='word_1_56' title='bbox 1835 1056 1848 1091; x_wconf 88' lang='lat'><strong>:</strong></span> <span class='ocrx_word' id='word_1_57' title='bbox 1893 1059 1911 1089; x_wconf 89' lang='grc' dir='ltr'><strong>ι</strong></span> <span class='ocrx_word' id='word_1_58' title='bbox 1949 1037 2203 1091; x_wconf 77' lang='lat' dir='ltr'><strong>Traditus</strong></span> 
     </span>
    </p>
   </div>
   <div class='ocr_carea' id='block_1_8' title="bbox 624 1130 2204 1203">
    <p class='ocr_par' dir='ltr' id='par_1_8' title="bbox 624 1130 2204 1203">
     <span class='ocr_line' id='line_1_8' title="bbox 624 1130 2204 1203; baseline -0.005 -15"><span class='ocrx_word' id='word_1_59' title='bbox 624 1144 707 1190; x_wconf 88' lang='lat' dir='ltr'><strong>est</strong></span> <span class='ocrx_word' id='word_1_60' title='bbox 758 1144 974 1203; x_wconf 85' lang='lat' dir='ltr'><strong>propter</strong></span> <span class='ocrx_word' id='word_1_61' title='bbox 1020 1132 1215 1186; x_wconf 89' lang='lat' dir='ltr'><strong>delicta</strong></span> <span class='ocrx_word' id='word_1_62' title='bbox 1268 1142 1489 1191; x_wconf 87' lang='lat' dir='ltr'><strong>nostra,</strong></span> <span class='ocrx_word' id='word_1_63' title='bbox 1522 1139 1577 1183; x_wconf 92' lang='lat' dir='ltr'><strong>et</strong></span> <span class='ocrx_word' id='word_1_64' title='bbox 1632 1130 1933 1183; x_wconf 82' lang='lat' dir='ltr'><strong>resurrexit</strong></span> <span class='ocrx_word' id='word_1_65' title='bbox 1984 1138 2204 1198; x_wconf 82' lang='lat' dir='ltr'><strong>prepter</strong></span> 
     </span>
    </p>
   </div>
   <div class='ocr_carea' id='block_1_9' title="bbox 619 1219 2203 1295">
    <p class='ocr_par' dir='ltr' id='par_1_9' title="bbox 619 1219 2203 1295">
     <span class='ocr_line' id='line_1_9' title="bbox 619 1219 2203 1295; baseline -0.004 -17"><span class='ocrx_word' id='word_1_66' title='bbox 619 1225 1059 1295; x_wconf 79' lang='lat' dir='ltr'><strong>justiﬁcationetn</strong></span> <span class='ocrx_word' id='word_1_67' title='bbox 1122 1231 1363 1275; x_wconf 85' lang='lat' dir='ltr'><strong>nostram</strong></span> <span class='ocrx_word' id='word_1_68' title='bbox 1406 1222 1447 1252; x_wconf 76' lang='grc'><strong>⁸³</strong></span> <span class='ocrx_word' id='word_1_69' title='bbox 1484 1238 1498 1285; x_wconf 89' lang='lat'><strong>;</strong></span> <span class='ocrx_word' id='word_1_70' title='bbox 1545 1240 1563 1272; x_wconf 73' lang='grc' dir='ltr'><strong>ι</strong></span> <span class='ocrx_word' id='word_1_71' title='bbox 1602 1231 1656 1274; x_wconf 90' lang='lat' dir='ltr'><strong>et</strong></span> <span class='ocrx_word' id='word_1_72' title='bbox 1685 1222 1822 1274; x_wconf 91' lang='lat' dir='ltr'><strong>sicut</strong></span> <span class='ocrx_word' id='word_1_73' title='bbox 1852 1220 1981 1273; x_wconf 86' lang='lat' dir='ltr'><strong>dicit</strong></span> <span class='ocrx_word' id='word_1_74' title='bbox 2037 1219 2203 1272; x_wconf 88' lang='lat' dir='ltr'><strong>Isaias</strong></span> 
     </span>
    </p>
   </div>
   <div class='ocr_carea' id='block_1_10' title="bbox 626 1312 2203 1385">
    <p class='ocr_par' dir='ltr' id='par_1_10' title="bbox 626 1312 2203 1385">
     <span class='ocr_line' id='line_1_10' title="bbox 626 1312 2203 1385; baseline -0.004 -15"><span class='ocrx_word' id='word_1_75' title='bbox 626 1318 884 1385; x_wconf 84' lang='lat' dir='ltr'><strong>propheta</strong></span> <span class='ocrx_word' id='word_1_76' title='bbox 919 1329 938 1367; x_wconf 91' lang='lat'><strong><em>:</em></strong></span> <span class='ocrx_word' id='word_1_77' title='bbox 974 1332 992 1364; x_wconf 85' lang='grc' dir='ltr'><strong>ι</strong></span> <span class='ocrx_word' id='word_1_78' title='bbox 1032 1312 1324 1380; x_wconf 86' lang='lat' dir='ltr'><strong>Disciplina</strong></span> <span class='ocrx_word' id='word_1_79' title='bbox 1375 1313 1521 1382; x_wconf 80' lang='lat' dir='ltr'><strong>pacis</strong></span> <span class='ocrx_word' id='word_1_80' title='bbox 1552 1324 1754 1366; x_wconf 67' lang='lat' dir='ltr'><strong>nostra:</strong></span> <span class='ocrx_word' id='word_1_81' title='bbox 1789 1327 1951 1379; x_wconf 88' lang='lat' dir='ltr'><strong>super</strong></span> <span class='ocrx_word' id='word_1_82' title='bbox 1974 1326 2119 1375; x_wconf 91' lang='lat' dir='ltr'><strong>eum,</strong></span> <span class='ocrx_word' id='word_1_83' title='bbox 2150 1321 2203 1364; x_wconf 87' lang='lat' dir='ltr'><strong>et</strong></span> 
     </span>
    </p>
   </div>
   <div class='ocr_carea' id='block_1_11' title="bbox 627 1401 2205 1472">
    <p class='ocr_par' dir='ltr' id='par_1_11' title="bbox 627 1401 2205 1472">
     <span class='ocr_line' id='line_1_11' title="bbox 627 1401 2205 1472; baseline -0.005 -12"><span class='ocrx_word' id='word_1_84' title='bbox 627 1406 797 1460; x_wconf 87' lang='lat' dir='ltr'><strong>livore</strong></span> <span class='ocrx_word' id='word_1_85' title='bbox 830 1404 949 1472; x_wconf 89' lang='lat' dir='ltr'><strong>ejus</strong></span> <span class='ocrx_word' id='word_1_86' title='bbox 982 1405 1158 1458; x_wconf 84' lang='lat' dir='ltr'><strong>sanati</strong></span> <span class='ocrx_word' id='word_1_87' title='bbox 1188 1418 1373 1457; x_wconf 91' lang='lat' dir='ltr'><strong>sumus</strong></span> <span class='ocrx_word' id='word_1_88' title='bbox 1406 1403 1449 1434; x_wconf 84' lang='grc'><strong>¹⁹</strong></span> <span class='ocrx_word' id='word_1_89' title='bbox 1483 1420 1497 1468; x_wconf 85' lang='grc'><strong>;</strong></span> <span class='ocrx_word' id='word_1_90' title='bbox 1542 1421 1559 1453; x_wconf 76' lang='grc' dir='ltr'><strong>ι</strong></span> <span class='ocrx_word' id='word_1_91' title='bbox 1599 1418 1704 1455; x_wconf 90' lang='lat' dir='ltr'><strong>non</strong></span> <span class='ocrx_word' id='word_1_92' title='bbox 1750 1404 1863 1471; x_wconf 83' lang='lat' dir='ltr'><strong>ipse</strong></span> <span class='ocrx_word' id='word_1_93' title='bbox 1897 1416 2007 1455; x_wconf 67' lang='lat' dir='ltr'><strong>suae</strong></span> <span class='ocrx_word' id='word_1_94' title='bbox 2037 1401 2205 1470; x_wconf 90' lang='lat' dir='ltr'><strong>ipsius</strong></span> 
     </span>
    </p>
   </div>
   <div class='ocr_carea' id='block_1_12' title="bbox 627 1493 2205 1567">
    <p class='ocr_par' dir='ltr' id='par_1_12' title="bbox 627 1493 2205 1567">
     <span class='ocr_line' id='line_1_12' title="bbox 627 1493 2205 1567; baseline -0.004 -16"><span class='ocrx_word' id='word_1_95' title='bbox 627 1497 802 1551; x_wconf 86' lang='lat' dir='ltr'><strong>carnis</strong></span> <span class='ocrx_word' id='word_1_96' title='bbox 863 1496 1113 1567; x_wconf 89' lang='lat' dir='ltr'><strong>passione</strong></span> <span class='ocrx_word' id='word_1_97' title='bbox 1173 1495 1348 1549; x_wconf 87' lang='lat' dir='ltr'><strong>obiter</strong></span> <span class='ocrx_word' id='word_1_98' title='bbox 1397 1506 1477 1549; x_wconf 88' lang='lat' dir='ltr'><strong>est</strong></span> <span class='ocrx_word' id='word_1_99' title='bbox 1521 1505 1764 1547; x_wconf 86' lang='lat' dir='ltr'><strong>curatus.</strong></span> <span class='ocrx_word' id='word_1_100' title='bbox 1813 1493 2069 1546; x_wconf 85' lang='lat' dir='ltr'><strong>Traditus</strong></span> <span class='ocrx_word' id='word_1_101' title='bbox 2124 1502 2205 1545; x_wconf 89' lang='lat' dir='ltr'><strong>est</strong></span> 
     </span>
    </p>
   </div>
   <div class='ocr_carea' id='block_1_13' title="bbox 626 1584 2206 1659">
    <p class='ocr_par' dir='ltr' id='par_1_13' title="bbox 626 1584 2206 1659">
     <span class='ocr_line' id='line_1_13' title="bbox 626 1584 2206 1659; baseline -0.004 -16"><span class='ocrx_word' id='word_1_102' title='bbox 626 1598 847 1659; x_wconf 90' lang='lat' dir='ltr'><strong>propter</strong></span> <span class='ocrx_word' id='word_1_103' title='bbox 894 1587 1091 1641; x_wconf 90' lang='lat' dir='ltr'><strong>delicta</strong></span> <span class='ocrx_word' id='word_1_104' title='bbox 1136 1597 1352 1648; x_wconf 86' lang='lat' dir='ltr'><strong>nostra,</strong></span> <span class='ocrx_word' id='word_1_105' title='bbox 1390 1602 1492 1639; x_wconf 90' lang='lat' dir='ltr'><strong>non</strong></span> <span class='ocrx_word' id='word_1_106' title='bbox 1546 1593 1762 1654; x_wconf 79' lang='lat' dir='ltr'><strong>prepter</strong></span> <span class='ocrx_word' id='word_1_107' title='bbox 1807 1600 1900 1638; x_wconf 90' lang='lat' dir='ltr'><strong>sua</strong></span> <span class='ocrx_word' id='word_1_108' title='bbox 1939 1601 1953 1649; x_wconf 92' lang='lat'><strong>;</strong></span> <span class='ocrx_word' id='word_1_109' title='bbox 1988 1584 2206 1636; x_wconf 90' lang='lat' dir='ltr'><strong>minime</strong></span> 
     </span>
    </p>
   </div>
   <div class='ocr_carea' id='block_1_14' title="bbox 626 1672 2207 1745">
    <p class='ocr_par' dir='ltr' id='par_1_14' title="bbox 626 1672 2207 1745">
     <span class='ocr_line' id='line_1_14' title="bbox 626 1672 2207 1745; baseline -0.005 -12"><span class='ocrx_word' id='word_1_110' title='bbox 626 1680 866 1733; x_wconf 90' lang='lat' dir='ltr'><strong>omnium</strong></span> <span class='ocrx_word' id='word_1_111' title='bbox 908 1699 919 1733; x_wconf 94' lang='lat'><strong>:</strong></span> <span class='ocrx_word' id='word_1_112' title='bbox 962 1688 1209 1732; x_wconf 86' lang='lat' dir='ltr'><strong>naturam</strong></span> <span class='ocrx_word' id='word_1_113' title='bbox 1248 1692 1477 1745; x_wconf 85' lang='lat' dir='ltr'><strong>namque</strong></span> <span class='ocrx_word' id='word_1_114' title='bbox 1506 1676 1739 1730; x_wconf 84' lang='lat' dir='ltr'><strong>hominis</strong></span> <span class='ocrx_word' id='word_1_115' title='bbox 1759 1690 1948 1728; x_wconf 87' lang='lat' dir='ltr'><strong>omnes</strong></span> <span class='ocrx_word' id='word_1_116' title='bbox 1972 1672 2207 1727; x_wconf 80' lang='lat' dir='ltr'><strong>fatemur</strong></span> 
     </span>
    </p>
   </div>
   <div class='ocr_carea' id='block_1_15' title="bbox 627 1766 2206 1833">
    <p class='ocr_par' dir='ltr' id='par_1_15' title="bbox 627 1766 2206 1833">
     <span class='ocr_line' id='line_1_15' title="bbox 627 1766 2206 1833; baseline -0.004 -11"><span class='ocrx_word' id='word_1_117' title='bbox 627 1783 694 1822; x_wconf 76' lang='lat' dir='ltr'><strong>ex</strong></span> <span class='ocrx_word' id='word_1_118' title='bbox 723 1768 811 1821; x_wconf 82' lang='lat' dir='ltr'><strong>illa</strong></span> <span class='ocrx_word' id='word_1_119' title='bbox 844 1766 897 1822; x_wconf 90' lang='lat' dir='ltr'><strong>in</strong></span> <span class='ocrx_word' id='word_1_120' title='bbox 940 1769 1110 1821; x_wconf 83' lang='lat' dir='ltr'><strong>Adam</strong></span> <span class='ocrx_word' id='word_1_121' title='bbox 1146 1768 1571 1833; x_wconf 85' lang='lat' dir='ltr'><strong>transgressione</strong></span> <span class='ocrx_word' id='word_1_122' title='bbox 1594 1769 1645 1819; x_wconf 92' lang='lat' dir='ltr'><strong>in</strong></span> <span class='ocrx_word' id='word_1_123' title='bbox 1682 1766 2110 1819; x_wconf 84' lang='lat' dir='ltr'><strong>maledictionetn</strong></span> <span class='ocrx_word' id='word_1_124' title='bbox 2142 1778 2206 1816; x_wconf 90' lang='lat' dir='ltr'><strong>ac</strong></span> 
     </span>
    </p>
   </div>
   <div class='ocr_carea' id='block_1_16' title="bbox 1613 374 2860 433">
    <p class='ocr_par' dir='ltr' id='par_1_16' title="bbox 1613 374 2860 433">
     <span class='ocr_line' id='line_1_16' title="bbox 1613 374 2860 433; baseline -0.002 0"><span class='ocrx_word' id='word_1_125' title='bbox 1613 378 1673 433; x_wconf 90' lang='lat' dir='ltr'><strong>S.</strong></span> <span class='ocrx_word' id='word_1_126' title='bbox 1712 374 1987 432; x_wconf 75' lang='lat' dir='ltr'><strong>CYRILLI</strong></span> <span class='ocrx_word' id='word_1_127' title='bbox 2030 374 2501 431; x_wconf 78' lang='lat' dir='ltr'><strong>ALEXANDRINI</strong></span> <span class='ocrx_word' id='word_1_128' title='bbox 2539 374 2860 431; x_wconf 79' lang='lat' dir='ltr'><strong>ARCHIEP.</strong></span> 
     </span>
    </p>
   </div>
   <div class='ocr_carea' id='block_1_17' title="bbox 618 492 2273 583">
    <p class='ocr_par' dir='ltr' id='par_1_17' title="bbox 618 492 2273 583">
     <span class='ocr_line' id='line_1_17' title="bbox 618 492 2273 583; baseline -0.008 -25"><span class='ocrx_word' id='word_1_129' title='bbox 618 514 823 558; x_wconf 83' lang='lat' dir='ltr'><strong>sumus.</strong></span> <span class='ocrx_word' id='word_1_130' title='bbox 856 498 1033 567; x_wconf 82' lang='lat' dir='ltr'><strong>Argue</strong></span> <span class='ocrx_word' id='word_1_131' title='bbox 1068 494 1232 565; x_wconf 80' lang='lat' dir='ltr'><strong>igitur</strong></span> <span class='ocrx_word' id='word_1_132' title='bbox 1263 492 1411 548; x_wconf 88' lang='lat' dir='ltr'><strong>illum</strong></span> <span class='ocrx_word' id='word_1_133' title='bbox 1441 493 1507 548; x_wconf 89' lang='lat' dir='ltr'><strong>de</strong></span> <span class='ocrx_word' id='word_1_134' title='bbox 1541 502 1761 563; x_wconf 88' lang='lat' dir='ltr'><strong>peccato</strong></span> <span class='ocrx_word' id='word_1_135' title='bbox 1798 511 1811 547; x_wconf 74' lang='grc' dir='ltr'>ε</span> <span class='ocrx_word' id='word_1_136' title='bbox 1847 493 1893 547; x_wconf 90' lang='lat' dir='ltr'><strong>si</strong></span> <span class='ocrx_word' id='word_1_137' title='bbox 1915 492 2196 547; x_wconf 87' lang='lat' dir='ltr'><strong>nobiscum</strong></span> <span class='ocrx_word' id='word_1_138' title='bbox 2225 526 2273 583; x_wconf 61' lang='grc' dir='ltr'><strong>Δ</strong></span> 
     </span>
    </p>
   </div>
   <div class='ocr_carea' id='block_1_18' title="bbox 3812 369 3941 425">
    <p class='ocr_par' dir='ltr' id='par_1_18' title="bbox 3812 369 3941 425">
     <span class='ocr_line' id='line_1_18' title="bbox 3812 369 3941 425; baseline -0.016 0"><span class='ocrx_word' id='word_1_139' title='bbox 3812 369 3941 425; x_wconf 72' lang='grc' dir='ltr'><strong>ιει</strong></span> 
     </span>
    </p>
   </div>
   <div class='ocr_carea' id='block_1_19' title="bbox 2302 492 3941 564">
    <p class='ocr_par' dir='ltr' id='par_1_19' title="bbox 2302 492 3941 564">
     <span class='ocr_line' id='line_1_19' title="bbox 2302 492 3941 564; baseline 0.004 -19"><span class='ocrx_word' id='word_1_140' title='bbox 2302 492 2459 564; x_wconf 75' lang='grc' dir='ltr'><strong>ἡμῶν</strong></span> <span class='ocrx_word' id='word_1_141' title='bbox 2490 492 2691 558; x_wconf 79' lang='grc' dir='ltr'>αὐτῶν,</span> <span class='ocrx_word' id='word_1_142' title='bbox 2732 493 2826 546; x_wconf 73' lang='grc' dir='ltr'><strong>καὶ</strong></span> <span class='ocrx_word' id='word_1_143' title='bbox 2860 494 3085 563; x_wconf 80' lang='grc' dir='ltr'><strong>προσέτι</strong></span> <span class='ocrx_word' id='word_1_144' title='bbox 3124 494 3218 547; x_wconf 71' lang='grc' dir='ltr'><strong>καὶ</strong></span> <span class='ocrx_word' id='word_1_145' title='bbox 3247 494 3463 557; x_wconf 77' lang='grc' dir='ltr'>ἑαυτοῦ,</span> <span class='ocrx_word' id='word_1_146' title='bbox 3500 494 3777 564; x_wconf 77' lang='grc' dir='ltr'>δεδέηταί</span> <span class='ocrx_word' id='word_1_147' title='bbox 3814 514 3941 551; x_wconf 67' lang='grc' dir='ltr'><strong>πω</strong></span> 
     </span>
    </p>
   </div>
   <div class='ocr_carea' id='block_1_20' title="bbox 2308 584 3941 656">
    <p class='ocr_par' dir='ltr' id='par_1_20' title="bbox 2308 584 3941 656">
     <span class='ocr_line' id='line_1_20' title="bbox 2308 584 3941 656; baseline 0.002 -20"><span class='ocrx_word' id='word_1_148' title='bbox 2308 584 2524 647; x_wconf 81' lang='grc' dir='ltr'>πάντως</span> <span class='ocrx_word' id='word_1_149' title='bbox 2570 585 2885 652; x_wconf 78' lang='grc' dir='ltr'><strong>ἀναγκαίως</strong></span> <span class='ocrx_word' id='word_1_150' title='bbox 2930 586 3121 655; x_wconf 84' lang='grc' dir='ltr'>αὐτῆς,</span> <span class='ocrx_word' id='word_1_151' title='bbox 3169 585 3311 638; x_wconf 85' lang='grc' dir='ltr'><strong>καθά</strong></span> <span class='ocrx_word' id='word_1_152' title='bbox 3363 590 3455 640; x_wconf 80' lang='grc' dir='ltr'><strong>καὶ</strong></span> <span class='ocrx_word' id='word_1_153' title='bbox 3490 589 3656 656; x_wconf 76' lang='grc' dir='ltr'>ἡμεῖς</span> <span class='ocrx_word' id='word_1_154' title='bbox 3704 590 3761 639; x_wconf 80' lang='grc' dir='ltr'>οἱ</span> <span class='ocrx_word' id='word_1_155' title='bbox 3814 591 3941 639; x_wconf 75' lang='grc' dir='ltr'>ὑπὸ</span> 
     </span>
    </p>
   </div>
   <div class='ocr_carea' id='block_1_21' title="bbox 2306 675 3941 749">
    <p class='ocr_par' dir='ltr' id='par_1_21' title="bbox 2306 675 3941 749">
     <span class='ocr_line' id='line_1_21' title="bbox 2306 675 3941 749; baseline 0.001 -22"><span class='ocrx_word' id='word_1_156' title='bbox 2306 675 2469 743; x_wconf 77' lang='grc' dir='ltr'>ζυγὸν</span> <span class='ocrx_word' id='word_1_157' title='bbox 2500 676 2796 747; x_wconf 85' lang='grc' dir='ltr'>ἁμαρτίας.</span> <span class='ocrx_word' id='word_1_158' title='bbox 2835 677 3094 743; x_wconf 80' lang='grc' dir='ltr'>Ἐλεγξον</span> <span class='ocrx_word' id='word_1_159' title='bbox 3127 677 3305 729; x_wconf 82' lang='grc' dir='ltr'><strong>τοίνυν</strong></span> <span class='ocrx_word' id='word_1_160' title='bbox 3344 678 3509 731; x_wconf 80' lang='grc' dir='ltr'>αὑτὸν</span> <span class='ocrx_word' id='word_1_161' title='bbox 3552 679 3689 749; x_wconf 70' lang='grc' dir='ltr'>περὶ</span> <span class='ocrx_word' id='word_1_162' title='bbox 3722 681 3941 747; x_wconf 80' lang='grc' dir='ltr'>ἀμαρ-</span> 
     </span>
    </p>
   </div>
   <div class='ocr_carea' id='block_1_22' title="bbox 2305 767 3937 839">
    <p class='ocr_par' dir='ltr' id='par_1_22' title="bbox 2305 767 3937 839">
     <span class='ocr_line' id='line_1_22' title="bbox 2305 767 3937 839; baseline 0.001 -19"><span class='ocrx_word' id='word_1_163' title='bbox 2305 768 2425 831; x_wconf 86' lang='grc' dir='ltr'>τίας</span> <span class='ocrx_word' id='word_1_164' title='bbox 2449 783 2460 796; x_wconf 94' lang='grc'><strong>·</strong></span> <span class='ocrx_word' id='word_1_165' title='bbox 2497 770 2544 820; x_wconf 88' lang='grc' dir='ltr'><strong>εί</strong></span> <span class='ocrx_word' id='word_1_166' title='bbox 2574 767 2769 821; x_wconf 80' lang='grc' dir='ltr'><strong>τέθυκε</strong></span> <span class='ocrx_word' id='word_1_167' title='bbox 2791 767 2846 820; x_wconf 74' lang='grc' dir='ltr'>δὲ</span> <span class='ocrx_word' id='word_1_168' title='bbox 2880 768 2999 838; x_wconf 79' lang='grc' dir='ltr'>μεθ’</span> <span class='ocrx_word' id='word_1_169' title='bbox 3029 768 3205 839; x_wconf 81' lang='grc' dir='ltr'>ἡμῶν.</span> <span class='ocrx_word' id='word_1_170' title='bbox 3243 769 3413 834; x_wconf 78' lang='grc' dir='ltr'>δεῖξον</span> <span class='ocrx_word' id='word_1_171' title='bbox 3444 772 3574 839; x_wconf 76' lang='grc' dir='ltr'>ἡμῖν</span> <span class='ocrx_word' id='word_1_172' title='bbox 3609 787 3937 839; x_wconf 69' lang='grc' dir='ltr'>συνημαρ-</span> 
     </span>
    </p>
   </div>
   <div class='ocr_carea' id='block_1_23' title="bbox 2306 858 3938 929">
    <p class='ocr_par' dir='ltr' id='par_1_23' title="bbox 2306 858 3938 929">
     <span class='ocr_line' id='line_1_23' title="bbox 2306 858 3938 929; baseline -0.001 -18"><span class='ocrx_word' id='word_1_173' title='bbox 2306 858 2534 928; x_wconf 86' lang='grc' dir='ltr'>τηκότα.</span> <span class='ocrx_word' id='word_1_174' title='bbox 2563 859 2777 929; x_wconf 85' lang='grc' dir='ltr'>Ποιμὴν</span> <span class='ocrx_word' id='word_1_175' title='bbox 2802 858 3061 929; x_wconf 82' lang='grc' dir='ltr'>ὑπάρχων</span> <span class='ocrx_word' id='word_1_176' title='bbox 3087 858 3309 926; x_wconf 76' lang='grc' dir='ltr'>ἀγαθὸς,</span> <span class='ocrx_word' id='word_1_177' title='bbox 3337 859 3477 928; x_wconf 83' lang='grc' dir='ltr'>ὑπὲρ</span> <span class='ocrx_word' id='word_1_178' title='bbox 3502 861 3651 921; x_wconf 86' lang='grc' dir='ltr'>τίνος</span> <span class='ocrx_word' id='word_1_179' title='bbox 3681 859 3825 911; x_wconf 85' lang='grc' dir='ltr'>τέθε</span> <span class='ocrx_word' id='word_1_180' title='bbox 3842 877 3938 911; x_wconf 78' lang='grc' dir='ltr'><strong>ικε</strong></span> 
     </span>
    </p>
   </div>
   <div class='ocr_carea' id='block_1_24' title="bbox 2309 949 3939 1022">
    <p class='ocr_par' dir='ltr' id='par_1_24' title="bbox 2309 949 3939 1022">
     <span class='ocr_line' id='line_1_24' title="bbox 2309 949 3939 1022; baseline -0.002 -19"><span class='ocrx_word' id='word_1_181' title='bbox 2309 949 2406 1020; x_wconf 75' lang='grc' dir='ltr'>τὴν</span> <span class='ocrx_word' id='word_1_182' title='bbox 2444 949 2578 1003; x_wconf 86' lang='grc' dir='ltr'>ίδίαν</span> <span class='ocrx_word' id='word_1_183' title='bbox 2616 950 2825 1021; x_wconf 54' lang='lat' dir='ltr'><strong>eum;</strong></span> <span class='ocrx_word' id='word_1_184' title='bbox 2856 951 2996 1019; x_wconf 76' lang='grc' dir='ltr'>ὑπὲρ</span> <span class='ocrx_word' id='word_1_185' title='bbox 3027 949 3218 1001; x_wconf 78' lang='grc' dir='ltr'>ἑαυτοῦ</span> <span class='ocrx_word' id='word_1_186' title='bbox 3267 951 3485 1018; x_wconf 83' lang='grc' dir='ltr'>μᾶλλον,</span> <span class='ocrx_word' id='word_1_187' title='bbox 3518 952 3549 1022; x_wconf 83' lang='grc' dir='ltr'>ἦ</span> <span class='ocrx_word' id='word_1_188' title='bbox 3583 953 3738 1020; x_wconf 79' lang='grc' dir='ltr'>ὑπὲρ</span> <span class='ocrx_word' id='word_1_189' title='bbox 3806 951 3939 1002; x_wconf 75' lang='grc' dir='ltr'><strong>τῶν</strong></span> 
     </span>
    </p>
   </div>
   <div class='ocr_carea' id='block_1_25' title="bbox 2311 1040 3938 1110">
    <p class='ocr_par' dir='ltr' id='par_1_25' title="bbox 2311 1040 3938 1110">
     <span class='ocr_line' id='line_1_25' title="bbox 2311 1040 3938 1110; baseline -0.002 -16"><span class='ocrx_word' id='word_1_190' title='bbox 2311 1042 2633 1110; x_wconf 73' lang='grc' dir='ltr'>προῦάτων;</span> <span class='ocrx_word' id='word_1_191' title='bbox 2666 1041 2875 1093; x_wconf 76' lang='grc' dir='ltr'>Ἀκούω</span> <span class='ocrx_word' id='word_1_192' title='bbox 2901 1040 3148 1108; x_wconf 85' lang='grc' dir='ltr'>λέγοντος</span> <span class='ocrx_word' id='word_1_193' title='bbox 3178 1042 3301 1109; x_wconf 79' lang='grc' dir='ltr'><strong>περὶ</strong></span> <span class='ocrx_word' id='word_1_194' title='bbox 3335 1040 3516 1109; x_wconf 76' lang='grc' dir='ltr'>ἡμῶν·</span> <span class='ocrx_word' id='word_1_195' title='bbox 3549 1059 3568 1092; x_wconf 84' lang='grc' dir='ltr'><strong>ι</strong></span> <span class='ocrx_word' id='word_1_196' title='bbox 3599 1041 3795 1110; x_wconf 80' lang='grc' dir='ltr'>’Υπὲρ</span> <span class='ocrx_word' id='word_1_197' title='bbox 3822 1042 3938 1093; x_wconf 69' lang='grc' dir='ltr'><strong>αὖ·</strong></span> 
     </span>
    </p>
   </div>
   <div class='ocr_carea' id='block_1_26' title="bbox 2308 1132 3938 1203">
    <p class='ocr_par' dir='ltr' id='par_1_26' title="bbox 2308 1132 3938 1203">
     <span class='ocr_line' id='line_1_26' title="bbox 2308 1132 3938 1203; baseline -0.002 -17"><span class='ocrx_word' id='word_1_198' title='bbox 2308 1135 2416 1187; x_wconf 82' lang='grc' dir='ltr'><strong>τῶν</strong></span> <span class='ocrx_word' id='word_1_199' title='bbox 2448 1133 2558 1201; x_wconf 78' lang='grc' dir='ltr'><strong>ἐγὼ</strong></span> <span class='ocrx_word' id='word_1_200' title='bbox 2586 1134 2796 1201; x_wconf 74' lang='grc' dir='ltr'>ἁγιάζω</span> <span class='ocrx_word' id='word_1_201' title='bbox 2842 1133 3074 1203; x_wconf 79' lang='grc' dir='ltr'>ἐμαυτόν</span> <span class='ocrx_word' id='word_1_202' title='bbox 3098 1150 3111 1165; x_wconf 70' lang='grc' dir='ltr'><strong>υ</strong></span> <span class='ocrx_word' id='word_1_203' title='bbox 3156 1152 3173 1183; x_wconf 75' lang='grc' dir='ltr'><strong>ι</strong></span> <span class='ocrx_word' id='word_1_204' title='bbox 3210 1132 3304 1185; x_wconf 72' lang='grc' dir='ltr'><strong>καὶ</strong></span> <span class='ocrx_word' id='word_1_205' title='bbox 3338 1132 3479 1185; x_wconf 88' lang='grc' dir='ltr'>καθά</span> <span class='ocrx_word' id='word_1_206' title='bbox 3531 1150 3703 1202; x_wconf 85' lang='grc' dir='ltr'>φησιν</span> <span class='ocrx_word' id='word_1_207' title='bbox 3752 1135 3787 1183; x_wconf 81' lang='lat'><strong>6</strong></span> <span class='ocrx_word' id='word_1_208' title='bbox 3834 1133 3938 1184; x_wconf 80' lang='grc' dir='ltr'>θε-</span> 
     </span>
    </p>
   </div>
   <div class='ocr_carea' id='block_1_27' title="bbox 2313 1222 3935 1293">
    <p class='ocr_par' dir='ltr' id='par_1_27' title="bbox 2313 1222 3935 1293">
     <span class='ocr_line' id='line_1_27' title="bbox 2313 1222 3935 1293; baseline -0.002 -15"><span class='ocrx_word' id='word_1_209' title='bbox 2313 1226 2529 1289; x_wconf 87' lang='grc' dir='ltr'>σπέσιος</span> <span class='ocrx_word' id='word_1_210' title='bbox 2583 1225 2812 1287; x_wconf 80' lang='grc' dir='ltr'>Παῦλος,</span> <span class='ocrx_word' id='word_1_211' title='bbox 2848 1244 2864 1274; x_wconf 89' lang='grc' dir='ltr'><strong>ι</strong></span> <span class='ocrx_word' id='word_1_212' title='bbox 2904 1224 3101 1293; x_wconf 89' lang='grc' dir='ltr'>Χάριτι</span> <span class='ocrx_word' id='word_1_213' title='bbox 3141 1223 3275 1275; x_wconf 83' lang='grc' dir='ltr'>Θεοῦ</span> <span class='ocrx_word' id='word_1_214' title='bbox 3308 1224 3448 1291; x_wconf 81' lang='grc' dir='ltr'>ὑπὲρ</span> <span class='ocrx_word' id='word_1_215' title='bbox 3490 1224 3696 1286; x_wconf 73' lang='grc' dir='ltr'>παντὸς</span> <span class='ocrx_word' id='word_1_216' title='bbox 3747 1222 3935 1290; x_wconf 72' lang='grc' dir='ltr'>ἐγεύ-</span> 
     </span>
    </p>
   </div>
   <div class='ocr_carea' id='block_1_28' title="bbox 2314 1314 3933 1384">
    <p class='ocr_par' dir='ltr' id='par_1_28' title="bbox 2314 1314 3933 1384">
     <span class='ocr_line' id='line_1_28' title="bbox 2314 1314 3933 1384; baseline -0.002 -15"><span class='ocrx_word' id='word_1_217' title='bbox 2314 1334 2445 1371; x_wconf 87' lang='grc' dir='ltr'>σατο</span> <span class='ocrx_word' id='word_1_218' title='bbox 2493 1316 2762 1370; x_wconf 88' lang='grc' dir='ltr'>θανάτου·</span> <span class='ocrx_word' id='word_1_219' title='bbox 2808 1336 2826 1367; x_wconf 77' lang='grc' dir='ltr'><strong>ι</strong></span> <span class='ocrx_word' id='word_1_220' title='bbox 2882 1316 2977 1368; x_wconf 77' lang='grc' dir='ltr'><strong>καὶ</strong></span> <span class='ocrx_word' id='word_1_221' title='bbox 3032 1314 3228 1378; x_wconf 82' lang='grc' dir='ltr'>πάλιν,</span> <span class='ocrx_word' id='word_1_222' title='bbox 3275 1335 3291 1365; x_wconf 85' lang='grc' dir='ltr'><strong>ι</strong></span> <span class='ocrx_word' id='word_1_223' title='bbox 3346 1315 3622 1384; x_wconf 82' lang='grc' dir='ltr'>Παρεδόθη</span> <span class='ocrx_word' id='word_1_224' title='bbox 3685 1315 3787 1367; x_wconf 70' lang='grc' dir='ltr'>διὰ</span> <span class='ocrx_word' id='word_1_225' title='bbox 3854 1315 3933 1366; x_wconf 70' lang='grc' dir='ltr'><strong>τά</strong></span> 
     </span>
    </p>
   </div>
   <div class='ocr_carea' id='block_1_29' title="bbox 2313 1403 3933 1477">
    <p class='ocr_par' dir='ltr' id='par_1_29' title="bbox 2313 1403 3933 1477">
     <span class='ocr_line' id='line_1_29' title="bbox 2313 1403 3933 1477; baseline -0.003 -19"><span class='ocrx_word' id='word_1_226' title='bbox 2313 1405 2735 1477; x_wconf 79' lang='grc' dir='ltr'>παραπτώματα</span> <span class='ocrx_word' id='word_1_227' title='bbox 2770 1404 2943 1475; x_wconf 83' lang='grc' dir='ltr'>ἡμῶν,</span> <span class='ocrx_word' id='word_1_228' title='bbox 2974 1405 3069 1457; x_wconf 65' lang='grc' dir='ltr'>καὶ</span> <span class='ocrx_word' id='word_1_229' title='bbox 3108 1404 3317 1474; x_wconf 73' lang='grc' dir='ltr'>ἠγέρθη</span> <span class='ocrx_word' id='word_1_230' title='bbox 3355 1403 3442 1456; x_wconf 90' lang='grc' dir='ltr'><strong>διά</strong></span> <span class='ocrx_word' id='word_1_231' title='bbox 3482 1406 3579 1473; x_wconf 76' lang='grc' dir='ltr'><strong>τὴν</strong></span> <span class='ocrx_word' id='word_1_232' title='bbox 3604 1403 3933 1456; x_wconf 75' lang='grc' dir='ltr'><strong>δικαίωσιν</strong></span> 
     </span>
    </p>
   </div>
   <div class='ocr_carea' id='block_1_30' title="bbox 2312 1494 3933 1565">
    <p class='ocr_par' dir='ltr' id='par_1_30' title="bbox 2312 1494 3933 1565">
     <span class='ocr_line' id='line_1_30' title="bbox 2312 1494 3933 1565; baseline -0.001 -18"><span class='ocrx_word' id='word_1_233' title='bbox 2312 1496 2467 1565; x_wconf 82' lang='grc' dir='ltr'>ήμῶν</span> <span class='ocrx_word' id='word_1_234' title='bbox 2486 1510 2500 1524; x_wconf 84' lang='lat'><strong><em>°</em></strong></span> <span class='ocrx_word' id='word_1_235' title='bbox 2542 1515 2558 1546; x_wconf 85' lang='grc' dir='ltr'><strong>ι</strong></span> <span class='ocrx_word' id='word_1_236' title='bbox 2592 1495 2685 1546; x_wconf 72' lang='grc' dir='ltr'><strong>καὶ</strong></span> <span class='ocrx_word' id='word_1_237' title='bbox 2711 1494 2853 1547; x_wconf 87' lang='grc' dir='ltr'>καθά</span> <span class='ocrx_word' id='word_1_238' title='bbox 2872 1511 3033 1562; x_wconf 87' lang='grc' dir='ltr'>φησιν</span> <span class='ocrx_word' id='word_1_239' title='bbox 3056 1496 3083 1544; x_wconf 99' lang='lat'><strong>6</strong></span> <span class='ocrx_word' id='word_1_240' title='bbox 3110 1498 3393 1564; x_wconf 76' lang='grc' dir='ltr'><strong>προφήτης</strong></span> <span class='ocrx_word' id='word_1_241' title='bbox 3428 1494 3679 1556; x_wconf 79' lang='grc' dir='ltr'>Ἡσαΐας,</span> <span class='ocrx_word' id='word_1_242' title='bbox 3717 1511 3736 1544; x_wconf 85' lang='grc' dir='ltr'><strong>ι</strong></span> <span class='ocrx_word' id='word_1_243' title='bbox 3784 1495 3933 1545; x_wconf 71' lang='lat' dir='ltr'><strong>Ila:-</strong></span> 
     </span>
    </p>
   </div>
   <div class='ocr_carea' id='block_1_31' title="bbox 2312 1583 3924 1655">
    <p class='ocr_par' dir='ltr' id='par_1_31' title="bbox 2312 1583 3924 1655">
     <span class='ocr_line' id='line_1_31' title="bbox 2312 1583 3924 1655; baseline -0.001 -17"><span class='ocrx_word' id='word_1_244' title='bbox 2312 1586 2428 1639; x_wconf 87' lang='grc' dir='ltr'>δεία</span> <span class='ocrx_word' id='word_1_245' title='bbox 2477 1587 2697 1655; x_wconf 76' lang='grc' dir='ltr'>εἰρήνης</span> <span class='ocrx_word' id='word_1_246' title='bbox 2734 1585 2888 1654; x_wconf 81' lang='grc' dir='ltr'>ἡμῶν</span> <span class='ocrx_word' id='word_1_247' title='bbox 2945 1586 3031 1636; x_wconf 73' lang='grc' dir='ltr'>ἐπ’</span> <span class='ocrx_word' id='word_1_248' title='bbox 3076 1585 3258 1647; x_wconf 77' lang='grc' dir='ltr'>αὑτὸν,</span> <span class='ocrx_word' id='word_1_249' title='bbox 3308 1583 3385 1653; x_wconf 81' lang='grc' dir='ltr'><strong>τῷ</strong></span> <span class='ocrx_word' id='word_1_250' title='bbox 3438 1583 3669 1653; x_wconf 87' lang='grc' dir='ltr'>μώλωπι</span> <span class='ocrx_word' id='word_1_251' title='bbox 3728 1586 3924 1636; x_wconf 68' lang='grc' dir='ltr'>αὑτοῦ</span> 
     </span>
    </p>
   </div>
   <div class='ocr_carea' id='block_1_32' title="bbox 2312 1674 3928 1747">
    <p class='ocr_par' dir='ltr' id='par_1_32' title="bbox 2312 1674 3928 1747">
     <span class='ocr_line' id='line_1_32' title="bbox 2312 1674 3928 1747; baseline 0 -20"><span class='ocrx_word' id='word_1_252' title='bbox 2312 1679 2473 1747; x_wconf 81' lang='grc' dir='ltr'>ἡμεῖς</span> <span class='ocrx_word' id='word_1_253' title='bbox 2519 1675 2783 1746; x_wconf 86' lang='grc' dir='ltr'>ίάθημεν·</span> <span class='ocrx_word' id='word_1_254' title='bbox 2826 1695 2843 1726; x_wconf 77' lang='grc' dir='ltr'><strong>ι</strong></span> <span class='ocrx_word' id='word_1_255' title='bbox 2886 1677 2985 1727; x_wconf 78' lang='grc' dir='ltr'><strong>οὐκ</strong></span> <span class='ocrx_word' id='word_1_256' title='bbox 3034 1676 3195 1737; x_wconf 60' lang='grc' dir='ltr'>αὐτὸς</span> <span class='ocrx_word' id='word_1_257' title='bbox 3225 1676 3284 1728; x_wconf 81' lang='grc' dir='ltr'><strong>τὸ</strong></span> <span class='ocrx_word' id='word_1_258' title='bbox 3314 1674 3422 1746; x_wconf 85' lang='grc' dir='ltr'><strong>[ἴσ.</strong></span> <span class='ocrx_word' id='word_1_259' title='bbox 3466 1674 3566 1745; x_wconf 79' lang='grc' dir='ltr'>τῷ]</span> <span class='ocrx_word' id='word_1_260' title='bbox 3621 1675 3728 1745; x_wconf 77' lang='grc' dir='ltr'>τῆς</span> <span class='ocrx_word' id='word_1_261' title='bbox 3766 1676 3928 1738; x_wconf 77' lang='grc' dir='ltr'>ἰδίας</span> 
     </span>
    </p>
   </div>
   <div class='ocr_carea' id='block_1_33' title="bbox 2317 1766 3931 1838">
    <p class='ocr_par' dir='ltr' id='par_1_33' title="bbox 2317 1766 3931 1838">
     <span class='ocr_line' id='line_1_33' title="bbox 2317 1766 3931 1838; baseline -0.001 -19"><span class='ocrx_word' id='word_1_262' title='bbox 2317 1767 2516 1838; x_wconf 76' lang='grc' dir='ltr'>σαρκὸς</span> <span class='ocrx_word' id='word_1_263' title='bbox 2539 1766 3057 1838; x_wconf 84' lang='grc' dir='ltr'>παραθεραπεύεται</span> <span class='ocrx_word' id='word_1_264' title='bbox 3089 1766 3270 1819; x_wconf 86' lang='grc' dir='ltr'>πάθει.</span> <span class='ocrx_word' id='word_1_265' title='bbox 3295 1766 3573 1837; x_wconf 86' lang='grc' dir='ltr'>Παρεδὸθη</span> <span class='ocrx_word' id='word_1_266' title='bbox 3595 1766 3685 1819; x_wconf 77' lang='grc' dir='ltr'>διὰ</span> <span class='ocrx_word' id='word_1_267' title='bbox 3708 1767 3786 1818; x_wconf 74' lang='grc' dir='ltr'>τὰ</span> <span class='ocrx_word' id='word_1_268' title='bbox 3816 1785 3931 1818; x_wconf 81' lang='grc' dir='ltr'>πα·</span> 
     </span>
    </p>
   </div>
   <div class='ocr_carea' id='block_1_34' title="bbox 628 1856 2209 1951">
    <p class='ocr_par' dir='ltr' id='par_1_34' title="bbox 628 1857 2204 1923">
     <span class='ocr_line' id='line_1_34' title="bbox 628 1857 2204 1923; baseline -0.003 -12"><span class='ocrx_word' id='word_1_269' title='bbox 628 1869 859 1912; x_wconf 87' lang='lat' dir='ltr'><strong>mortem</strong></span> <span class='ocrx_word' id='word_1_270' title='bbox 921 1858 1085 1912; x_wconf 85' lang='lat' dir='ltr'><strong>fuisse</strong></span> <span class='ocrx_word' id='word_1_271' title='bbox 1133 1858 1458 1923; x_wconf 90' lang='lat' dir='ltr'><strong>devolutam,</strong></span> <span class='ocrx_word' id='word_1_272' title='bbox 1491 1858 1557 1910; x_wconf 86' lang='lat' dir='ltr'><strong>ad</strong></span> <span class='ocrx_word' id='word_1_273' title='bbox 1592 1859 1705 1911; x_wconf 64' lang='lat' dir='ltr'><strong>haec</strong></span> <span class='ocrx_word' id='word_1_274' title='bbox 1737 1857 2011 1911; x_wconf 81' lang='lat' dir='ltr'><strong>laborasse</strong></span> <span class='ocrx_word' id='word_1_275' title='bbox 2043 1858 2204 1910; x_wconf 89' lang='lat' dir='ltr'><strong>etiam</strong></span> 
     </span>
    </p>
   </div>
   <div class='ocr_carea' id='block_1_35' title="bbox 2312 1856 3923 1951">
    <p class='ocr_par' dir='ltr' id='par_1_35' title="bbox 2319 1856 3923 1928">
     <span class='ocr_line' id='line_1_35' title="bbox 2319 1856 3923 1928; baseline -0.001 -19"><span class='ocrx_word' id='word_1_276' title='bbox 2319 1856 2660 1928; x_wconf 84' lang='grc' dir='ltr'>ραπτώματα</span> <span class='ocrx_word' id='word_1_277' title='bbox 2701 1857 2857 1926; x_wconf 80' lang='grc' dir='ltr'>ἡμῶν</span> <span class='ocrx_word' id='word_1_278' title='bbox 2880 1872 2893 1884; x_wconf 76' lang='grc'><strong><em>⁸</em></strong></span> <span class='ocrx_word' id='word_1_279' title='bbox 2923 1858 2980 1909; x_wconf 76' lang='grc' dir='ltr'><strong>οὐ</strong></span> <span class='ocrx_word' id='word_1_280' title='bbox 3011 1856 3099 1909; x_wconf 86' lang='grc' dir='ltr'><strong>διά</strong></span> <span class='ocrx_word' id='word_1_281' title='bbox 3131 1873 3191 1924; x_wconf 86' lang='grc' dir='ltr'><strong>γε</strong></span> <span class='ocrx_word' id='word_1_282' title='bbox 3224 1856 3293 1909; x_wconf 82' lang='grc' dir='ltr'><strong>τὰ</strong></span> <span class='ocrx_word' id='word_1_283' title='bbox 3336 1858 3529 1909; x_wconf 81' lang='grc' dir='ltr'>ἑαυτοῦ</span> <span class='ocrx_word' id='word_1_284' title='bbox 3549 1872 3563 1885; x_wconf 80' lang='grc'><strong><em>⁸</em></strong></span> <span class='ocrx_word' id='word_1_285' title='bbox 3598 1856 3818 1909; x_wconf 81' lang='grc' dir='ltr'>πολλοῦ</span> <span class='ocrx_word' id='word_1_286' title='bbox 3852 1875 3923 1923; x_wconf 86' lang='grc' dir='ltr'><strong>γε</strong></span> 
     </span>
    </p>
   </div>
   <div class='ocr_carea' id='block_1_36' title="bbox 626 1949 2211 2021">
    <p class='ocr_par' dir='ltr' id='par_1_36' title="bbox 626 1949 2211 2021">
     <span class='ocr_line' id='line_1_36' title="bbox 626 1949 2211 2021; baseline -0.001 -17"><span class='ocrx_word' id='word_1_287' title='bbox 626 1949 891 2005; x_wconf 78' lang='lat' dir='ltr'><strong>facilitate</strong></span> <span class='ocrx_word' id='word_1_288' title='bbox 957 1953 1211 2020; x_wconf 87' lang='lat' dir='ltr'><strong>peccandi</strong></span> <span class='ocrx_word' id='word_1_289' title='bbox 1275 1951 1328 2004; x_wconf 91' lang='lat' dir='ltr'><strong>in</strong></span> <span class='ocrx_word' id='word_1_290' title='bbox 1380 1964 1581 2013; x_wconf 88' lang='lat' dir='ltr'><strong>carne,</strong></span> <span class='ocrx_word' id='word_1_291' title='bbox 1614 1958 1672 2002; x_wconf 90' lang='lat' dir='ltr'><strong>ut</strong></span> <span class='ocrx_word' id='word_1_292' title='bbox 1718 1949 2035 2021; x_wconf 78' lang='lat' dir='ltr'><strong>justiﬁcatio</strong></span> <span class='ocrx_word' id='word_1_293' title='bbox 2080 1949 2211 2019; x_wconf 88' lang='lat' dir='ltr'><strong>legis</strong></span> 
     </span>
    </p>
   </div>
   <div class='ocr_carea' id='block_1_37' title="bbox 627 2042 2209 2114">
    <p class='ocr_par' dir='ltr' id='par_1_37' title="bbox 627 2042 2209 2114">
     <span class='ocr_line' id='line_1_37' title="bbox 627 2042 2209 2114; baseline -0.003 -16"><span class='ocrx_word' id='word_1_294' title='bbox 627 2042 735 2114; x_wconf 80' lang='lat'><strong><em>93</em></strong></span> <span class='ocrx_word' id='word_1_295' title='bbox 771 2043 1084 2113; x_wconf 89' lang='lat' dir='ltr'><strong>impleretur</strong></span> <span class='ocrx_word' id='word_1_296' title='bbox 1115 2044 1170 2096; x_wconf 88' lang='lat' dir='ltr'><strong>in</strong></span> <span class='ocrx_word' id='word_1_297' title='bbox 1221 2043 1399 2108; x_wconf 90' lang='lat' dir='ltr'><strong>nobis,</strong></span> <span class='ocrx_word' id='word_1_298' title='bbox 1449 2044 1539 2110; x_wconf 89' lang='lat' dir='ltr'><strong>qui</strong></span> <span class='ocrx_word' id='word_1_299' title='bbox 1596 2057 1700 2096; x_wconf 89' lang='lat' dir='ltr'><strong>nou</strong></span> <span class='ocrx_word' id='word_1_300' title='bbox 1742 2045 2037 2096; x_wconf 88' lang='lat' dir='ltr'><strong>secundum</strong></span> <span class='ocrx_word' id='word_1_301' title='bbox 2084 2057 2209 2096; x_wconf 85' lang='lat' dir='ltr'><strong>car-</strong></span> 
     </span>
    </p>
   </div>
   <div class='ocr_carea' id='block_1_38' title="bbox 630 2134 2208 2203">
    <p class='ocr_par' dir='ltr' id='par_1_38' title="bbox 630 2134 2208 2203">
     <span class='ocr_line' id='line_1_38' title="bbox 630 2134 2208 2203; baseline -0.003 -13"><span class='ocrx_word' id='word_1_302' title='bbox 630 2152 753 2190; x_wconf 80' lang='lat' dir='ltr'><strong>nem</strong></span> <span class='ocrx_word' id='word_1_303' title='bbox 791 2135 1154 2200; x_wconf 87' lang='lat' dir='ltr'><strong>ambulamus,</strong></span> <span class='ocrx_word' id='word_1_304' title='bbox 1199 2135 1291 2188; x_wconf 88' lang='lat' dir='ltr'><strong>sed</strong></span> <span class='ocrx_word' id='word_1_305' title='bbox 1339 2135 1635 2189; x_wconf 88' lang='lat' dir='ltr'><strong>secundum</strong></span> <span class='ocrx_word' id='word_1_306' title='bbox 1685 2134 1931 2203; x_wconf 88' lang='lat' dir='ltr'><strong>spiritum</strong></span> <span class='ocrx_word' id='word_1_307' title='bbox 1959 2135 2048 2185; x_wconf 75' lang='lat' dir='ltr'><strong>&quot;z</strong></span> <span class='ocrx_word' id='word_1_308' title='bbox 2086 2149 2208 2187; x_wconf 89' lang='lat' dir='ltr'><strong>nam</strong></span> 
     </span>
    </p>
   </div>
   <div class='ocr_carea' id='block_1_39' title="bbox 630 2226 2208 2295">
    <p class='ocr_par' dir='ltr' id='par_1_39' title="bbox 630 2226 2208 2295">
     <span class='ocr_line' id='line_1_39' title="bbox 630 2226 2208 2295; baseline 0 -17"><span class='ocrx_word' id='word_1_309' title='bbox 630 2238 916 2295; x_wconf 75' lang='lat' dir='ltr'><strong>propterea</strong></span> <span class='ocrx_word' id='word_1_310' title='bbox 974 2227 1301 2279; x_wconf 85' lang='lat' dir='ltr'><strong>novissimus</strong></span> <span class='ocrx_word' id='word_1_311' title='bbox 1352 2227 1520 2279; x_wconf 80' lang='lat' dir='ltr'><strong>Adam</strong></span> <span class='ocrx_word' id='word_1_312' title='bbox 1576 2236 1659 2279; x_wconf 91' lang='lat' dir='ltr'><strong>est</strong></span> <span class='ocrx_word' id='word_1_313' title='bbox 1717 2226 2045 2294; x_wconf 84' lang='lat' dir='ltr'><strong>appellatus,</strong></span> <span class='ocrx_word' id='word_1_314' title='bbox 2104 2240 2208 2278; x_wconf 89' lang='lat' dir='ltr'><strong>nou</strong></span> 
     </span>
    </p>
   </div>
   <div class='ocr_carea' id='block_1_40' title="bbox 632 2316 2209 2386">
    <p class='ocr_par' dir='ltr' id='par_1_40' title="bbox 632 2316 2209 2386">
     <span class='ocr_line' id='line_1_40' title="bbox 632 2316 2209 2386; baseline 0.001 -17"><span class='ocrx_word' id='word_1_315' title='bbox 632 2319 778 2386; x_wconf 88' lang='lat' dir='ltr'><strong>quod</strong></span> <span class='ocrx_word' id='word_1_316' title='bbox 811 2316 1011 2385; x_wconf 88' lang='lat' dir='ltr'><strong>prioris</strong></span> <span class='ocrx_word' id='word_1_317' title='bbox 1052 2316 1195 2370; x_wconf 90' lang='lat' dir='ltr'><strong>illius</strong></span> <span class='ocrx_word' id='word_1_318' title='bbox 1228 2318 1373 2370; x_wconf 87' lang='lat' dir='ltr'><strong>vitiis</strong></span> <span class='ocrx_word' id='word_1_319' title='bbox 1420 2317 1702 2382; x_wconf 88' lang='lat' dir='ltr'><strong>laborarit,</strong></span> <span class='ocrx_word' id='word_1_320' title='bbox 1732 2320 1824 2371; x_wconf 90' lang='lat' dir='ltr'><strong>sed</strong></span> <span class='ocrx_word' id='word_1_321' title='bbox 1854 2317 1998 2386; x_wconf 88' lang='lat' dir='ltr'><strong>quod</strong></span> <span class='ocrx_word' id='word_1_322' title='bbox 2036 2319 2087 2370; x_wconf 91' lang='lat' dir='ltr'><strong>in</strong></span> <span class='ocrx_word' id='word_1_323' title='bbox 2122 2334 2209 2371; x_wconf 80' lang='lat' dir='ltr'><strong>se-</strong></span> 
     </span>
    </p>
   </div>
   <div class='ocr_carea' id='block_1_41' title="bbox 634 2407 2211 2478">
    <p class='ocr_par' dir='ltr' id='par_1_41' title="bbox 634 2407 2211 2478">
     <span class='ocr_line' id='line_1_41' title="bbox 634 2407 2211 2478; baseline 0.001 -18"><span class='ocrx_word' id='word_1_324' title='bbox 634 2407 770 2476; x_wconf 76' lang='lat' dir='ltr'><strong>ipso,</strong></span> <span class='ocrx_word' id='word_1_325' title='bbox 806 2416 862 2460; x_wconf 91' lang='lat' dir='ltr'><strong>et</strong></span> <span class='ocrx_word' id='word_1_326' title='bbox 887 2408 1100 2475; x_wconf 86' lang='lat' dir='ltr'><strong>quidem</strong></span> <span class='ocrx_word' id='word_1_327' title='bbox 1131 2409 1325 2476; x_wconf 92' lang='lat' dir='ltr'><strong>primo,</strong></span> <span class='ocrx_word' id='word_1_328' title='bbox 1358 2409 1592 2462; x_wconf 87' lang='lat' dir='ltr'><strong>hominis</strong></span> <span class='ocrx_word' id='word_1_329' title='bbox 1614 2419 1862 2461; x_wconf 88' lang='lat' dir='ltr'><strong>naturam</strong></span> <span class='ocrx_word' id='word_1_330' title='bbox 1899 2418 2211 2478; x_wconf 87' lang='lat' dir='ltr'><strong>transgres-</strong></span> 
     </span>
    </p>
   </div>
   <div class='ocr_carea' id='block_1_42' title="bbox 634 2497 2211 2567">
    <p class='ocr_par' dir='ltr' id='par_1_42' title="bbox 634 2497 2211 2567">
     <span class='ocr_line' id='line_1_42' title="bbox 634 2497 2211 2567; baseline 0.001 -16"><span class='ocrx_word' id='word_1_331' title='bbox 634 2498 803 2551; x_wconf 90' lang='lat' dir='ltr'><strong>sionis</strong></span> <span class='ocrx_word' id='word_1_332' title='bbox 824 2497 969 2551; x_wconf 90' lang='lat' dir='ltr'><strong>illius</strong></span> <span class='ocrx_word' id='word_1_333' title='bbox 993 2500 1193 2551; x_wconf 78' lang='lat' dir='ltr'><strong>veteris</strong></span> <span class='ocrx_word' id='word_1_334' title='bbox 1217 2500 1444 2551; x_wconf 88' lang='lat' dir='ltr'><strong>crimine</strong></span> <span class='ocrx_word' id='word_1_335' title='bbox 1476 2498 1713 2551; x_wconf 89' lang='lat' dir='ltr'><strong>Iiberarit</strong></span> <span class='ocrx_word' id='word_1_336' title='bbox 1746 2516 1759 2552; x_wconf 91' lang='lat'><strong>:</strong></span> <span class='ocrx_word' id='word_1_337' title='bbox 1790 2500 2037 2567; x_wconf 85' lang='lat' dir='ltr'><strong>quamvis</strong></span> <span class='ocrx_word' id='word_1_338' title='bbox 2066 2500 2211 2553; x_wconf 89' lang='lat' dir='ltr'><strong>enim</strong></span> 
     </span>
    </p>
   </div>
   <div class='ocr_carea' id='block_1_43' title="bbox 634 2577 2212 2650">
    <p class='ocr_par' dir='ltr' id='par_1_43' title="bbox 634 2577 2212 2650">
     <span class='ocr_line' id='line_1_43' title="bbox 634 2577 2212 2650; baseline 0.001 -9"><span class='ocrx_word' id='word_1_339' title='bbox 634 2586 724 2641; x_wconf 85' lang='lat' dir='ltr'><strong>illa</strong></span> <span class='ocrx_word' id='word_1_340' title='bbox 753 2586 915 2641; x_wconf 83' lang='lat' dir='ltr'><strong>fuerit</strong></span> <span class='ocrx_word' id='word_1_341' title='bbox 952 2588 1001 2640; x_wconf 91' lang='lat' dir='ltr'><strong>in</strong></span> <span class='ocrx_word' id='word_1_342' title='bbox 1055 2577 1223 2640; x_wconf 77' lang='lat' dir='ltr'><strong>Adam</strong></span> <span class='ocrx_word' id='word_1_343' title='bbox 1280 2588 1556 2650; x_wconf 86' lang='lat' dir='ltr'><strong>damnata,</strong></span> <span class='ocrx_word' id='word_1_344' title='bbox 1608 2599 1663 2640; x_wconf 88' lang='lat' dir='ltr'><strong>at</strong></span> <span class='ocrx_word' id='word_1_345' title='bbox 1706 2598 1853 2642; x_wconf 82' lang='lat' dir='ltr'><strong>certe</strong></span> <span class='ocrx_word' id='word_1_346' title='bbox 1902 2589 1956 2641; x_wconf 91' lang='lat' dir='ltr'><strong>in</strong></span> <span class='ocrx_word' id='word_1_347' title='bbox 1993 2587 2212 2643; x_wconf 85' lang='lat' dir='ltr'><strong>Christo</strong></span> 
     </span>
    </p>
   </div>
   <div class='ocr_carea' id='block_1_44' title="bbox 634 2678 2211 2749">
    <p class='ocr_par' dir='ltr' id='par_1_44' title="bbox 634 2678 2211 2749">
     <span class='ocr_line' id='line_1_44' title="bbox 634 2678 2211 2749; baseline -0.001 -15"><span class='ocrx_word' id='word_1_348' title='bbox 634 2680 1019 2748; x_wconf 85' lang='lat' dir='ltr'><strong>probatissima</strong></span> <span class='ocrx_word' id='word_1_349' title='bbox 1042 2689 1094 2731; x_wconf 93' lang='lat' dir='ltr'><strong>et</strong></span> <span class='ocrx_word' id='word_1_350' title='bbox 1131 2678 1401 2748; x_wconf 86' lang='lat' dir='ltr'><strong>imprimis</strong></span> <span class='ocrx_word' id='word_1_351' title='bbox 1427 2680 1762 2734; x_wconf 83' lang='lat' dir='ltr'><strong>admirabilis</strong></span> <span class='ocrx_word' id='word_1_352' title='bbox 1806 2680 2076 2749; x_wconf 81' lang='lat' dir='ltr'><strong>apparuit.</strong></span> <span class='ocrx_word' id='word_1_353' title='bbox 2117 2680 2211 2735; x_wconf 88' lang='lat' dir='ltr'><strong>Est</strong></span> 
     </span>
    </p>
   </div>
   <div class='ocr_carea' id='block_1_45' title="bbox 633 2770 2207 2841">
    <p class='ocr_par' dir='ltr' id='par_1_45' title="bbox 633 2770 2207 2841">
     <span class='ocr_line' id='line_1_45' title="bbox 633 2770 2207 2841; baseline 0.001 -17"><span class='ocrx_word' id='word_1_354' title='bbox 633 2785 767 2841; x_wconf 86' lang='lat' dir='ltr'><strong>ergo</strong></span> <span class='ocrx_word' id='word_1_355' title='bbox 787 2771 878 2825; x_wconf 89' lang='lat' dir='ltr'><strong>ille</strong></span> <span class='ocrx_word' id='word_1_356' title='bbox 904 2770 1119 2840; x_wconf 84' lang='lat' dir='ltr'><strong>quidem</strong></span> <span class='ocrx_word' id='word_1_357' title='bbox 1144 2779 1412 2833; x_wconf 85' lang='lat' dir='ltr'><strong>terrenus,</strong></span> <span class='ocrx_word' id='word_1_358' title='bbox 1440 2772 1689 2824; x_wconf 80' lang='lat' dir='ltr'><strong>Christus</strong></span> <span class='ocrx_word' id='word_1_359' title='bbox 1717 2786 1842 2824; x_wconf 85' lang='lat' dir='ltr'><strong>vero</strong></span> <span class='ocrx_word' id='word_1_360' title='bbox 1868 2772 2107 2825; x_wconf 67' lang='lat' dir='ltr'><strong>cwlestis</strong></span> <span class='ocrx_word' id='word_1_361' title='bbox 2126 2772 2169 2802; x_wconf 82' lang='grc'>¹¹</span> <span class='ocrx_word' id='word_1_362' title='bbox 2192 2789 2207 2825; x_wconf 84' lang='lat'><strong>:</strong></span> 
     </span>
    </p>
   </div>
   <div class='ocr_carea' id='block_1_46' title="bbox 633 2860 2209 2931">
    <p class='ocr_par' dir='ltr' id='par_1_46' title="bbox 633 2860 2209 2931">
     <span class='ocr_line' id='line_1_46' title="bbox 633 2860 2209 2931; baseline -0.002 -13"><span class='ocrx_word' id='word_1_363' title='bbox 633 2872 688 2918; x_wconf 86' lang='lat' dir='ltr'><strong>et</strong></span> <span class='ocrx_word' id='word_1_364' title='bbox 712 2863 841 2918; x_wconf 91' lang='lat' dir='ltr'><strong>licet</strong></span> <span class='ocrx_word' id='word_1_365' title='bbox 870 2862 1016 2931; x_wconf 88' lang='lat' dir='ltr'><strong>lapsa</strong></span> <span class='ocrx_word' id='word_1_366' title='bbox 1047 2860 1119 2916; x_wconf 87' lang='lat' dir='ltr'><strong>sit</strong></span> <span class='ocrx_word' id='word_1_367' title='bbox 1149 2863 1200 2915; x_wconf 91' lang='lat' dir='ltr'><strong>in</strong></span> <span class='ocrx_word' id='word_1_368' title='bbox 1243 2862 1334 2915; x_wconf 94' lang='lat' dir='ltr'><strong>illo</strong></span> <span class='ocrx_word' id='word_1_369' title='bbox 1363 2863 1567 2931; x_wconf 87' lang='lat' dir='ltr'><strong>priore,</strong></span> <span class='ocrx_word' id='word_1_370' title='bbox 1601 2871 1655 2912; x_wconf 85' lang='lat' dir='ltr'><strong>et</strong></span> <span class='ocrx_word' id='word_1_371' title='bbox 1690 2864 1756 2915; x_wconf 90' lang='lat' dir='ltr'><strong>ad</strong></span> <span class='ocrx_word' id='word_1_372' title='bbox 1791 2863 2209 2915; x_wconf 84' lang='lat' dir='ltr'><strong>iuobedientiam</strong></span> 
     </span>
    </p>
   </div>
   <div class='ocr_carea' id='block_1_47' title="bbox 632 2953 2210 3023">
    <p class='ocr_par' dir='ltr' id='par_1_47' title="bbox 632 2953 2210 3023">
     <span class='ocr_line' id='line_1_47' title="bbox 632 2953 2210 3023; baseline -0.001 -15"><span class='ocrx_word' id='word_1_373' title='bbox 632 2953 865 3023; x_wconf 74' lang='lat' dir='ltr'><strong>deiecta,</strong></span> <span class='ocrx_word' id='word_1_374' title='bbox 891 2955 1035 3022; x_wconf 88' lang='lat' dir='ltr'><strong>quod</strong></span> <span class='ocrx_word' id='word_1_375' title='bbox 1063 2962 1148 3006; x_wconf 90' lang='lat' dir='ltr'><strong>est</strong></span> <span class='ocrx_word' id='word_1_376' title='bbox 1189 2962 1489 3021; x_wconf 88' lang='lat' dir='ltr'><strong>peccatum,</strong></span> <span class='ocrx_word' id='word_1_377' title='bbox 1524 2962 1701 3005; x_wconf 90' lang='lat' dir='ltr'><strong>tamen</strong></span> <span class='ocrx_word' id='word_1_378' title='bbox 1740 2961 1939 3006; x_wconf 90' lang='lat' dir='ltr'><strong>statum</strong></span> <span class='ocrx_word' id='word_1_379' title='bbox 1971 2969 1999 3004; x_wconf 88' lang='lat' dir='ltr'><strong>a</strong></span> <span class='ocrx_word' id='word_1_380' title='bbox 2034 2962 2210 3007; x_wconf 83' lang='lat' dir='ltr'><strong>trans-</strong></span> 
     </span>
    </p>
   </div>
   <div class='ocr_carea' id='block_1_48' title="bbox 634 3043 2208 3116">
    <p class='ocr_par' dir='ltr' id='par_1_48' title="bbox 634 3043 2208 3116">
     <span class='ocr_line' id='line_1_48' title="bbox 634 3043 2208 3116; baseline -0.001 -16"><span class='ocrx_word' id='word_1_381' title='bbox 634 3046 915 3116; x_wconf 86' lang='lat' dir='ltr'><strong>gressione</strong></span> <span class='ocrx_word' id='word_1_382' title='bbox 958 3044 1183 3099; x_wconf 89' lang='lat' dir='ltr'><strong>liberum</strong></span> <span class='ocrx_word' id='word_1_383' title='bbox 1222 3046 1273 3099; x_wconf 91' lang='lat' dir='ltr'><strong>in</strong></span> <span class='ocrx_word' id='word_1_384' title='bbox 1309 3043 1523 3099; x_wconf 88' lang='lat' dir='ltr'><strong>Christo</strong></span> <span class='ocrx_word' id='word_1_385' title='bbox 1556 3046 1831 3108; x_wconf 83' lang='lat' dir='ltr'><strong>servavit,</strong></span> <span class='ocrx_word' id='word_1_386' title='bbox 1863 3054 1918 3098; x_wconf 93' lang='lat' dir='ltr'><strong>et</strong></span> <span class='ocrx_word' id='word_1_387' title='bbox 1954 3056 2208 3115; x_wconf 88' lang='lat' dir='ltr'><strong>tanquam</strong></span> 
     </span>
    </p>
   </div>
   <div class='ocr_carea' id='block_1_49' title="bbox 634 3138 2213 3208">
    <p class='ocr_par' dir='ltr' id='par_1_49' title="bbox 634 3138 2213 3208">
     <span class='ocr_line' id='line_1_49' title="bbox 634 3138 2213 3208; baseline -0.002 -14"><span class='ocrx_word' id='word_1_388' title='bbox 634 3140 690 3194; x_wconf 89' lang='lat' dir='ltr'><strong>in</strong></span> <span class='ocrx_word' id='word_1_389' title='bbox 721 3138 891 3194; x_wconf 89' lang='lat' dir='ltr'><strong>altero</strong></span> <span class='ocrx_word' id='word_1_390' title='bbox 924 3138 1092 3192; x_wconf 89' lang='lat' dir='ltr'><strong>nostri</strong></span> <span class='ocrx_word' id='word_1_391' title='bbox 1122 3139 1336 3208; x_wconf 90' lang='lat' dir='ltr'><strong>generis</strong></span> <span class='ocrx_word' id='word_1_392' title='bbox 1377 3138 1535 3192; x_wconf 89' lang='lat' dir='ltr'><strong>initio</strong></span> <span class='ocrx_word' id='word_1_393' title='bbox 1563 3152 1593 3190; x_wconf 86' lang='lat' dir='ltr'><strong>a</strong></span> <span class='ocrx_word' id='word_1_394' title='bbox 1630 3138 1835 3206; x_wconf 90' lang='lat' dir='ltr'><strong>peccati</strong></span> <span class='ocrx_word' id='word_1_395' title='bbox 1873 3138 2093 3193; x_wconf 87' lang='lat' dir='ltr'><strong>vulnere</strong></span> <span class='ocrx_word' id='word_1_396' title='bbox 2128 3140 2213 3192; x_wconf 86' lang='lat' dir='ltr'><strong>iu—</strong></span> 
     </span>
    </p>
   </div>
   <div class='ocr_carea' id='block_1_50' title="bbox 2313 1948 3924 2019">
    <p class='ocr_par' dir='ltr' id='par_1_50' title="bbox 2313 1948 3924 2019">
     <span class='ocr_line' id='line_1_50' title="bbox 2313 1948 3924 2019; baseline -0.001 -18"><span class='ocrx_word' id='word_1_397' title='bbox 2313 1950 2405 2001; x_wconf 81' lang='grc' dir='ltr'><strong>καὶ</strong></span> <span class='ocrx_word' id='word_1_398' title='bbox 2427 1949 2505 2001; x_wconf 87' lang='grc' dir='ltr'>δεῖ</span> <span class='ocrx_word' id='word_1_399' title='bbox 2525 1965 2537 1977; x_wconf 86' lang='grc'>⁶</span> <span class='ocrx_word' id='word_1_400' title='bbox 2566 1950 2960 2018; x_wconf 73' lang='grc' dir='ltr'>κατενήνεκται</span> <span class='ocrx_word' id='word_1_401' title='bbox 2989 1949 3085 2018; x_wconf 84' lang='grc' dir='ltr'>μὲν</span> <span class='ocrx_word' id='word_1_402' title='bbox 3118 1949 3225 2019; x_wconf 85' lang='grc' dir='ltr'><strong>γάρ</strong></span> <span class='ocrx_word' id='word_1_403' title='bbox 3253 1948 3705 2018; x_wconf 80' lang='grc' dir='ltr'>ὁμολογουμένως</span> <span class='ocrx_word' id='word_1_404' title='bbox 3741 1951 3780 2018; x_wconf 78' lang='grc' dir='ltr'><strong>ή</strong></span> <span class='ocrx_word' id='word_1_405' title='bbox 3820 1952 3924 2001; x_wconf 78' lang='grc' dir='ltr'>ἀν·</span> 
     </span>
    </p>
   </div>
   <div class='ocr_carea' id='block_1_51' title="bbox 2313 2040 3921 2111">
    <p class='ocr_par' dir='ltr' id='par_1_51' title="bbox 2313 2040 3921 2111">
     <span class='ocr_line' id='line_1_51' title="bbox 2313 2040 3921 2111; baseline -0.001 -18"><span class='ocrx_word' id='word_1_406' title='bbox 2313 2041 2532 2110; x_wconf 86' lang='grc' dir='ltr'>θρώπου</span> <span class='ocrx_word' id='word_1_407' title='bbox 2563 2040 2722 2110; x_wconf 82' lang='grc' dir='ltr'>φύσις</span> <span class='ocrx_word' id='word_1_408' title='bbox 2747 2044 2807 2093; x_wconf 76' lang='grc' dir='ltr'>ἐκ</span> <span class='ocrx_word' id='word_1_409' title='bbox 2834 2044 2931 2111; x_wconf 77' lang='grc' dir='ltr'><strong>τῆς</strong></span> <span class='ocrx_word' id='word_1_410' title='bbox 2960 2043 3017 2094; x_wconf 81' lang='grc' dir='ltr'><strong>ὲν</strong></span> <span class='ocrx_word' id='word_1_411' title='bbox 3056 2042 3225 2110; x_wconf 73' lang='grc' dir='ltr'>Ἀδὰμ</span> <span class='ocrx_word' id='word_1_412' title='bbox 3255 2042 3617 2108; x_wconf 77' lang='grc' dir='ltr'>παραϐάσεως</span> <span class='ocrx_word' id='word_1_413' title='bbox 3646 2044 3728 2103; x_wconf 79' lang='grc' dir='ltr'>εἰς</span> <span class='ocrx_word' id='word_1_414' title='bbox 3758 2042 3921 2109; x_wconf 77' lang='grc' dir='ltr'>ἀράν</span> 
     </span>
    </p>
   </div>
   <div class='ocr_carea' id='block_1_52' title="bbox 2313 2132 3923 2204">
    <p class='ocr_par' dir='ltr' id='par_1_52' title="bbox 2313 2132 3923 2204">
     <span class='ocr_line' id='line_1_52' title="bbox 2313 2132 3923 2204; baseline 0 -19"><span class='ocrx_word' id='word_1_415' title='bbox 2313 2134 2406 2185; x_wconf 74' lang='grc' dir='ltr'><strong>καὶ</strong></span> <span class='ocrx_word' id='word_1_416' title='bbox 2436 2133 2665 2186; x_wconf 81' lang='grc' dir='ltr'>θάνατον</span> <span class='ocrx_word' id='word_1_417' title='bbox 2685 2148 2699 2162; x_wconf 75' lang='grc'><strong>⁸</strong></span> <span class='ocrx_word' id='word_1_418' title='bbox 2733 2132 3162 2204; x_wconf 75' lang='grc' dir='ltr'>κατηρρώστησε</span> <span class='ocrx_word' id='word_1_419' title='bbox 3189 2132 3244 2184; x_wconf 84' lang='grc' dir='ltr'>δὲ</span> <span class='ocrx_word' id='word_1_420' title='bbox 3282 2132 3419 2202; x_wconf 85' lang='grc' dir='ltr'>πρὸς</span> <span class='ocrx_word' id='word_1_421' title='bbox 3450 2132 3660 2193; x_wconf 79' lang='grc' dir='ltr'>τούτοις</span> <span class='ocrx_word' id='word_1_422' title='bbox 3714 2134 3821 2185; x_wconf 74' lang='grc' dir='ltr'><strong>καὶ</strong></span> <span class='ocrx_word' id='word_1_423' title='bbox 3854 2135 3923 2185; x_wconf 82' lang='grc' dir='ltr'><strong>τὸ</strong></span> 
     </span>
    </p>
   </div>
   <div class='ocr_carea' id='block_1_53' title="bbox 2311 2223 3919 2294">
    <p class='ocr_par' dir='ltr' id='par_1_53' title="bbox 2311 2223 3919 2294">
     <span class='ocr_line' id='line_1_53' title="bbox 2311 2223 3919 2294; baseline 0.001 -18"><span class='ocrx_word' id='word_1_424' title='bbox 2311 2223 2620 2285; x_wconf 72' lang='grc' dir='ltr'>εὕκολονείς</span> <span class='ocrx_word' id='word_1_425' title='bbox 2644 2225 2915 2293; x_wconf 83' lang='grc' dir='ltr'>ἁμαρτίαν</span> <span class='ocrx_word' id='word_1_426' title='bbox 2935 2225 2991 2275; x_wconf 82' lang='grc' dir='ltr'><strong>ἐν</strong></span> <span class='ocrx_word' id='word_1_427' title='bbox 3013 2227 3077 2293; x_wconf 78' lang='grc' dir='ltr'>τῇ</span> <span class='ocrx_word' id='word_1_428' title='bbox 3095 2225 3255 2294; x_wconf 89' lang='grc' dir='ltr'>σαρκί</span> <span class='ocrx_word' id='word_1_429' title='bbox 3276 2239 3288 2251; x_wconf 88' lang='grc'><strong>·</strong></span> <span class='ocrx_word' id='word_1_430' title='bbox 3315 2224 3401 2276; x_wconf 83' lang='grc' dir='ltr'><strong>ἴνα</strong></span> <span class='ocrx_word' id='word_1_431' title='bbox 3421 2224 3479 2276; x_wconf 77' lang='grc' dir='ltr'>τὸ</span> <span class='ocrx_word' id='word_1_432' title='bbox 3498 2224 3784 2293; x_wconf 80' lang='grc' dir='ltr'>δικαίωμα</span> <span class='ocrx_word' id='word_1_433' title='bbox 3813 2224 3919 2277; x_wconf 73' lang='grc' dir='ltr'>τοῦ</span> 
     </span>
    </p>
   </div>
   <div class='ocr_carea' id='block_1_54' title="bbox 2312 2314 3917 2385">
    <p class='ocr_par' dir='ltr' id='par_1_54' title="bbox 2312 2314 3917 2385">
     <span class='ocr_line' id='line_1_54' title="bbox 2312 2314 3917 2385; baseline 0.001 -18"><span class='ocrx_word' id='word_1_434' title='bbox 2312 2315 2479 2385; x_wconf 87' lang='grc' dir='ltr'>νόμου</span> <span class='ocrx_word' id='word_1_435' title='bbox 2508 2314 2772 2384; x_wconf 80' lang='grc' dir='ltr'>πληρωθῇ</span> <span class='ocrx_word' id='word_1_436' title='bbox 2800 2316 2857 2365; x_wconf 80' lang='grc' dir='ltr'>ὲν</span> <span class='ocrx_word' id='word_1_437' title='bbox 2879 2315 3010 2383; x_wconf 67' lang='grc' dir='ltr'>ἡμῖν</span> <span class='ocrx_word' id='word_1_438' title='bbox 3037 2318 3147 2376; x_wconf 85' lang='grc' dir='ltr'>τοῖς</span> <span class='ocrx_word' id='word_1_439' title='bbox 3175 2315 3249 2384; x_wconf 80' lang='grc' dir='ltr'>μὴ</span> <span class='ocrx_word' id='word_1_440' title='bbox 3279 2316 3421 2367; x_wconf 86' lang='grc' dir='ltr'>κατὰ</span> <span class='ocrx_word' id='word_1_441' title='bbox 3440 2317 3619 2385; x_wconf 89' lang='grc' dir='ltr'>σάρκα</span> <span class='ocrx_word' id='word_1_442' title='bbox 3656 2332 3917 2384; x_wconf 76' lang='grc' dir='ltr'>περιπαο</span> 
     </span>
    </p>
   </div>
   <div class='ocr_carea' id='block_1_55' title="bbox 2310 2405 3918 2478">
    <p class='ocr_par' dir='ltr' id='par_1_55' title="bbox 2310 2405 3918 2478">
     <span class='ocr_line' id='line_1_55' title="bbox 2310 2405 3918 2478; baseline -0.001 -18"><span class='ocrx_word' id='word_1_443' title='bbox 2310 2405 2666 2471; x_wconf 25' lang='grc' dir='ltr'>τοῠσιν,λάλλά</span> <span class='ocrx_word' id='word_1_444' title='bbox 2687 2406 2826 2458; x_wconf 86' lang='grc' dir='ltr'><strong>κατά</strong></span> <span class='ocrx_word' id='word_1_445' title='bbox 2852 2406 3487 2477; x_wconf 81' lang='grc' dir='ltr'>πνεῦμα.Κεχρημάτικε</span> <span class='ocrx_word' id='word_1_446' title='bbox 3508 2407 3616 2478; x_wconf 81' lang='grc' dir='ltr'><strong>γὰρ</strong></span> <span class='ocrx_word' id='word_1_447' title='bbox 3630 2408 3721 2460; x_wconf 80' lang='grc' dir='ltr'>διὰ</span> <span class='ocrx_word' id='word_1_448' title='bbox 3748 2409 3918 2461; x_wconf 71' lang='grc' dir='ltr'>τοῦτο</span> 
     </span>
    </p>
   </div>
   <div class='ocr_carea' id='block_1_56' title="bbox 2312 2497 3917 2567">
    <p class='ocr_par' dir='ltr' id='par_1_56' title="bbox 2312 2497 3917 2567">
     <span class='ocr_line' id='line_1_56' title="bbox 2312 2497 3917 2567; baseline 0.001 -17"><span class='ocrx_word' id='word_1_449' title='bbox 2312 2498 2405 2551; x_wconf 74' lang='grc' dir='ltr'>καὶ</span> <span class='ocrx_word' id='word_1_450' title='bbox 2434 2497 2660 2567; x_wconf 82' lang='grc' dir='ltr'>ἔσχατος</span> <span class='ocrx_word' id='word_1_451' title='bbox 2702 2497 2873 2567; x_wconf 83' lang='grc' dir='ltr'>Ἀδάμ</span> <span class='ocrx_word' id='word_1_452' title='bbox 2894 2513 2906 2525; x_wconf 95' lang='grc'>·</span> <span class='ocrx_word' id='word_1_453' title='bbox 2931 2499 2991 2548; x_wconf 75' lang='grc' dir='ltr'><strong>οὐ</strong></span> <span class='ocrx_word' id='word_1_454' title='bbox 3025 2500 3091 2549; x_wconf 78' lang='grc' dir='ltr'><strong>τα</strong></span> <span class='ocrx_word' id='word_1_455' title='bbox 3126 2497 3217 2549; x_wconf 81' lang='grc' dir='ltr'><strong>τοῦ</strong></span> <span class='ocrx_word' id='word_1_456' title='bbox 3255 2497 3470 2566; x_wconf 84' lang='grc' dir='ltr'>πρώτου</span> <span class='ocrx_word' id='word_1_457' title='bbox 3498 2501 3675 2551; x_wconf 82' lang='grc' dir='ltr'>νοσεῖν</span> <span class='ocrx_word' id='word_1_458' title='bbox 3708 2499 3917 2567; x_wconf 76' lang='grc' dir='ltr'>ἀνεχό-</span> 
     </span>
    </p>
   </div>
   <div class='ocr_carea' id='block_1_57' title="bbox 2315 2587 3916 2659">
    <p class='ocr_par' dir='ltr' id='par_1_57' title="bbox 2315 2587 3916 2659">
     <span class='ocr_line' id='line_1_57' title="bbox 2315 2587 3916 2659; baseline 0.002 -20"><span class='ocrx_word' id='word_1_459' title='bbox 2315 2605 2493 2657; x_wconf 82' lang='grc' dir='ltr'>μενος,</span> <span class='ocrx_word' id='word_1_460' title='bbox 2530 2587 2887 2641; x_wconf 84' lang='grc' dir='ltr'>ἀπαλλάττων</span> <span class='ocrx_word' id='word_1_461' title='bbox 2930 2587 2985 2639; x_wconf 86' lang='grc' dir='ltr'>δὲ</span> <span class='ocrx_word' id='word_1_462' title='bbox 3036 2588 3234 2657; x_wconf 79' lang='grc' dir='ltr'>μᾶλλον</span> <span class='ocrx_word' id='word_1_463' title='bbox 3281 2588 3357 2651; x_wconf 85' lang='grc' dir='ltr'>ὡς</span> <span class='ocrx_word' id='word_1_464' title='bbox 3400 2592 3457 2640; x_wconf 85' lang='grc' dir='ltr'><strong>ὲν</strong></span> <span class='ocrx_word' id='word_1_465' title='bbox 3485 2590 3663 2659; x_wconf 77' lang='grc' dir='ltr'>ἑαυτῷ</span> <span class='ocrx_word' id='word_1_466' title='bbox 3699 2607 3758 2641; x_wconf 88' lang='grc' dir='ltr'><strong>τε</strong></span> <span class='ocrx_word' id='word_1_467' title='bbox 3810 2594 3916 2643; x_wconf 76' lang='grc' dir='ltr'><strong>καὶ</strong></span> 
     </span>
    </p>
   </div>
   <div class='ocr_carea' id='block_1_58' title="bbox 2315 2678 3915 2751">
    <p class='ocr_par' dir='ltr' id='par_1_58' title="bbox 2315 2678 3915 2751">
     <span class='ocr_line' id='line_1_58' title="bbox 2315 2678 3915 2751; baseline 0.002 -21"><span class='ocrx_word' id='word_1_468' title='bbox 2315 2678 2513 2751; x_wconf 82' lang='grc' dir='ltr'>πρώτῳ</span> <span class='ocrx_word' id='word_1_469' title='bbox 2566 2678 2662 2749; x_wconf 82' lang='grc' dir='ltr'>τὴν</span> <span class='ocrx_word' id='word_1_470' title='bbox 2705 2678 2995 2750; x_wconf 86' lang='grc' dir='ltr'>ἀνθρώπου</span> <span class='ocrx_word' id='word_1_471' title='bbox 3045 2679 3206 2749; x_wconf 83' lang='grc' dir='ltr'>φύσιν</span> <span class='ocrx_word' id='word_1_472' title='bbox 3248 2681 3356 2732; x_wconf 84' lang='grc' dir='ltr'>τῶν</span> <span class='ocrx_word' id='word_1_473' title='bbox 3404 2682 3469 2732; x_wconf 85' lang='grc' dir='ltr'>ὲκ</span> <span class='ocrx_word' id='word_1_474' title='bbox 3520 2682 3915 2750; x_wconf 80' lang='grc' dir='ltr'>παραϐάσεως</span> 
     </span>
    </p>
   </div>
   <div class='ocr_carea' id='block_1_59' title="bbox 2311 2770 3915 2843">
    <p class='ocr_par' dir='ltr' id='par_1_59' title="bbox 2311 2770 3915 2843">
     <span class='ocr_line' id='line_1_59' title="bbox 2311 2770 3915 2843; baseline 0.001 -20"><span class='ocrx_word' id='word_1_475' title='bbox 2311 2770 2542 2840; x_wconf 82' lang='grc' dir='ltr'>ἀρχαίας</span> <span class='ocrx_word' id='word_1_476' title='bbox 2571 2770 2784 2839; x_wconf 76' lang='grc' dir='ltr'>ἐκείνης</span> <span class='ocrx_word' id='word_1_477' title='bbox 2818 2771 3157 2841; x_wconf 87' lang='grc' dir='ltr'>αίτιαμάτων</span> <span class='ocrx_word' id='word_1_478' title='bbox 3179 2787 3190 2801; x_wconf 83' lang='lat'>&#39;</span> <span class='ocrx_word' id='word_1_479' title='bbox 3239 2771 3597 2842; x_wconf 82' lang='grc' dir='ltr'>κατεγνώσθη</span> <span class='ocrx_word' id='word_1_480' title='bbox 3645 2774 3752 2842; x_wconf 82' lang='grc' dir='ltr'><strong>μὲν</strong></span> <span class='ocrx_word' id='word_1_481' title='bbox 3787 2774 3915 2843; x_wconf 73' lang='grc' dir='ltr'><strong>γὰρ</strong></span> 
     </span>
    </p>
   </div>
   <div class='ocr_carea' id='block_1_60' title="bbox 2314 2862 3913 2934">
    <p class='ocr_par' dir='ltr' id='par_1_60' title="bbox 2314 2862 3913 2934">
     <span class='ocr_line' id='line_1_60' title="bbox 2314 2862 3913 2934; baseline 0.003 -21"><span class='ocrx_word' id='word_1_482' title='bbox 2314 2862 2521 2931; x_wconf 82' lang='grc' dir='ltr'>Ἀδάμ·</span> <span class='ocrx_word' id='word_1_483' title='bbox 2586 2862 2701 2914; x_wconf 86' lang='grc' dir='ltr'>ἀλλ’</span> <span class='ocrx_word' id='word_1_484' title='bbox 2746 2862 2904 2932; x_wconf 80' lang='grc' dir='ltr'>ὤφθη</span> <span class='ocrx_word' id='word_1_485' title='bbox 2946 2863 3291 2934; x_wconf 83' lang='grc' dir='ltr'>δοκιμωτάτη</span> <span class='ocrx_word' id='word_1_486' title='bbox 3324 2865 3418 2917; x_wconf 74' lang='grc' dir='ltr'><strong>καὶ</strong></span> <span class='ocrx_word' id='word_1_487' title='bbox 3460 2865 3801 2932; x_wconf 80' lang='grc' dir='ltr'>ἁξιάγαστος</span> <span class='ocrx_word' id='word_1_488' title='bbox 3848 2868 3913 2918; x_wconf 76' lang='grc' dir='ltr'>ἐν</span> 
     </span>
    </p>
   </div>
   <div class='ocr_carea' id='block_1_61' title="bbox 2311 2950 3915 3029">
    <p class='ocr_par' dir='ltr' id='par_1_61' title="bbox 2311 2950 3915 3029">
     <span class='ocr_line' id='line_1_61' title="bbox 2311 2950 3915 3029; baseline 0.002 -23"><span class='ocrx_word' id='word_1_489' title='bbox 2311 2954 2556 3024; x_wconf 83' lang='grc' dir='ltr'>Χριστῷ.</span> <span class='ocrx_word' id='word_1_490' title='bbox 2589 2954 2784 3017; x_wconf 83' lang='grc' dir='ltr'>Χοῖκὸς</span> <span class='ocrx_word' id='word_1_491' title='bbox 2827 2950 2921 3009; x_wconf 78' lang='grc' dir='ltr'>οὖν</span> <span class='ocrx_word' id='word_1_492' title='bbox 2958 2958 3198 3021; x_wconf 80' lang='grc' dir='ltr'>ἐκεῖνος,</span> <span class='ocrx_word' id='word_1_493' title='bbox 3246 2957 3567 3026; x_wconf 73' lang='grc' dir='ltr'>ἐπουράνιος</span> <span class='ocrx_word' id='word_1_494' title='bbox 3604 2957 3660 3010; x_wconf 87' lang='grc' dir='ltr'>δὲ</span> <span class='ocrx_word' id='word_1_495' title='bbox 3695 2960 3725 3010; x_wconf 89' lang='lat'><strong>6</strong></span> <span class='ocrx_word' id='word_1_496' title='bbox 3760 2959 3810 3010; x_wconf 83' lang='grc' dir='ltr'><strong>Χ</strong></span> <span class='ocrx_word' id='word_1_497' title='bbox 3821 2977 3915 3029; x_wconf 81' lang='grc' dir='ltr'>ρι-</span> 
     </span>
    </p>
   </div>
   <div class='ocr_carea' id='block_1_62' title="bbox 2315 3044 3915 3120">
    <p class='ocr_par' dir='ltr' id='par_1_62' title="bbox 2315 3044 3915 3120">
     <span class='ocr_line' id='line_1_62' title="bbox 2315 3044 3915 3120; baseline 0.004 -24"><span class='ocrx_word' id='word_1_498' title='bbox 2315 3044 2457 3108; x_wconf 86' lang='grc' dir='ltr'>στός.</span> <span class='ocrx_word' id='word_1_499' title='bbox 2494 3046 2603 3097; x_wconf 74' lang='grc' dir='ltr'>Καὶ</span> <span class='ocrx_word' id='word_1_500' title='bbox 2647 3046 2917 3118; x_wconf 81' lang='grc' dir='ltr'>ἐνετράπη</span> <span class='ocrx_word' id='word_1_501' title='bbox 2972 3048 3070 3117; x_wconf 81' lang='grc' dir='ltr'>μὲν</span> <span class='ocrx_word' id='word_1_502' title='bbox 3114 3050 3169 3100; x_wconf 85' lang='grc' dir='ltr'><strong>ὲν</strong></span> <span class='ocrx_word' id='word_1_503' title='bbox 3214 3047 3291 3116; x_wconf 81' lang='grc' dir='ltr'>τῷ</span> <span class='ocrx_word' id='word_1_504' title='bbox 3325 3048 3544 3118; x_wconf 82' lang='grc' dir='ltr'>πρώτῳ,</span> <span class='ocrx_word' id='word_1_505' title='bbox 3588 3066 3915 3120; x_wconf 80' lang='grc' dir='ltr'>κατακομι-</span> 
     </span>
    </p>
   </div>
   <div class='ocr_carea' id='block_1_63' title="bbox 2316 3134 3913 3211">
    <p class='ocr_par' dir='ltr' id='par_1_63' title="bbox 2316 3134 3913 3211">
     <span class='ocr_line' id='line_1_63' title="bbox 2316 3134 3913 3211; baseline 0.004 -25"><span class='ocrx_word' id='word_1_506' title='bbox 2316 3134 2500 3187; x_wconf 88' lang='grc' dir='ltr'>σθεῖσα</span> <span class='ocrx_word' id='word_1_507' title='bbox 2534 3137 2669 3206; x_wconf 78' lang='grc' dir='ltr'>πρὸς</span> <span class='ocrx_word' id='word_1_508' title='bbox 2701 3138 3005 3209; x_wconf 83' lang='grc' dir='ltr'>παρακοὴν,</span> <span class='ocrx_word' id='word_1_509' title='bbox 3051 3139 3188 3208; x_wconf 79' lang='grc' dir='ltr'>ὅπερ</span> <span class='ocrx_word' id='word_1_510' title='bbox 3222 3140 3370 3191; x_wconf 73' lang='grc' dir='ltr'>ἐστὶν</span> <span class='ocrx_word' id='word_1_511' title='bbox 3419 3141 3661 3210; x_wconf 83' lang='grc' dir='ltr'>ἁμαρτία</span> <span class='ocrx_word' id='word_1_512' title='bbox 3684 3160 3698 3170; x_wconf 87' lang='grc'><strong>·</strong></span> <span class='ocrx_word' id='word_1_513' title='bbox 3736 3147 3913 3211; x_wconf 74' lang='grc' dir='ltr'>τετή-</span> 
     </span>
    </p>
   </div>
   <div class='ocr_carea' id='block_1_64' title="bbox 634 3226 2209 3301">
    <p class='ocr_par' dir='ltr' id='par_1_64' title="bbox 634 3230 2209 3301">
     <span class='ocr_line' id='line_1_64' title="bbox 634 3230 2209 3301; baseline -0.001 -15"><span class='ocrx_word' id='word_1_514' title='bbox 634 3241 785 3301; x_wconf 86' lang='lat' dir='ltr'><strong>tegra</strong></span> <span class='ocrx_word' id='word_1_515' title='bbox 818 3230 1101 3300; x_wconf 88' lang='lat' dir='ltr'><strong>apparuit,</strong></span> <span class='ocrx_word' id='word_1_516' title='bbox 1136 3239 1191 3284; x_wconf 92' lang='lat' dir='ltr'><strong>et</strong></span> <span class='ocrx_word' id='word_1_517' title='bbox 1234 3230 1610 3285; x_wconf 87' lang='lat' dir='ltr'><strong>maledictione</strong></span> <span class='ocrx_word' id='word_1_518' title='bbox 1654 3231 2110 3299; x_wconf 84' lang='lat' dir='ltr'><strong>damnatioueque</strong></span> <span class='ocrx_word' id='word_1_519' title='bbox 2155 3240 2209 3285; x_wconf 91' lang='lat' dir='ltr'><strong>et</strong></span> 
     </span>
    </p>
   </div>
   <div class='ocr_carea' id='block_1_65' title="bbox 2312 3226 3914 3301">
    <p class='ocr_par' dir='ltr' id='par_1_65' title="bbox 2317 3226 3914 3300">
     <span class='ocr_line' id='line_1_65' title="bbox 2317 3226 3914 3300; baseline -0.003 -22"><span class='ocrx_word' id='word_1_520' title='bbox 2317 3242 2454 3295; x_wconf 84' lang='grc' dir='ltr'>ρηκε</span> <span class='ocrx_word' id='word_1_521' title='bbox 2483 3226 2537 3279; x_wconf 86' lang='grc' dir='ltr'>δὲ</span> <span class='ocrx_word' id='word_1_522' title='bbox 2576 3228 2639 3280; x_wconf 84' lang='grc' dir='ltr'>τὸ</span> <span class='ocrx_word' id='word_1_523' title='bbox 2682 3228 3037 3298; x_wconf 81' lang='grc' dir='ltr'>ἀπαράὸατον</span> <span class='ocrx_word' id='word_1_524' title='bbox 3068 3230 3125 3281; x_wconf 83' lang='grc' dir='ltr'><strong>ὲν</strong></span> <span class='ocrx_word' id='word_1_525' title='bbox 3171 3229 3410 3300; x_wconf 84' lang='grc' dir='ltr'>Χριστῷ,</span> <span class='ocrx_word' id='word_1_526' title='bbox 3458 3230 3550 3282; x_wconf 76' lang='grc' dir='ltr'><strong>καὶ</strong></span> <span class='ocrx_word' id='word_1_527' title='bbox 3582 3229 3656 3293; x_wconf 85' lang='grc' dir='ltr'><strong>ὡς</strong></span> <span class='ocrx_word' id='word_1_528' title='bbox 3701 3232 3761 3285; x_wconf 80' lang='grc' dir='ltr'>ὲν</span> <span class='ocrx_word' id='word_1_529' title='bbox 3792 3235 3914 3284; x_wconf 77' lang='grc' dir='ltr'>ἀπ-</span> 
     </span>
    </p>
   </div>
   <div class='ocr_carea' id='block_1_66' title="bbox 637 3321 2205 3391">
    <p class='ocr_par' dir='ltr' id='par_1_66' title="bbox 637 3321 2205 3391">
     <span class='ocr_line' id='line_1_66' title="bbox 637 3321 2205 3391; baseline -0.003 -12"><span class='ocrx_word' id='word_1_530' title='bbox 637 3334 808 3379; x_wconf 87' lang='lat' dir='ltr'><strong>morte</strong></span> <span class='ocrx_word' id='word_1_531' title='bbox 833 3332 995 3391; x_wconf 89' lang='lat' dir='ltr'><strong>atque</strong></span> <span class='ocrx_word' id='word_1_532' title='bbox 1017 3322 1362 3391; x_wconf 89' lang='lat' dir='ltr'><strong>corruptione</strong></span> <span class='ocrx_word' id='word_1_533' title='bbox 1392 3322 1676 3376; x_wconf 89' lang='lat' dir='ltr'><strong>valentior.</strong></span> <span class='ocrx_word' id='word_1_534' title='bbox 1706 3321 2001 3375; x_wconf 76' lang='lat' dir='ltr'><strong>Confirmat</strong></span> <span class='ocrx_word' id='word_1_535' title='bbox 2025 3330 2205 3375; x_wconf 90' lang='lat' dir='ltr'><strong>autem</strong></span> 
     </span>
    </p>
   </div>
   <div class='ocr_carea' id='block_1_67' title="bbox 636 3413 2210 3482">
    <p class='ocr_par' dir='ltr' id='par_1_67' title="bbox 636 3413 2210 3482">
     <span class='ocr_line' id='line_1_67' title="bbox 636 3413 2210 3482; baseline -0.003 -11"><span class='ocrx_word' id='word_1_536' title='bbox 636 3429 738 3471; x_wconf 88' lang='lat' dir='ltr'><strong>nos</strong></span> <span class='ocrx_word' id='word_1_537' title='bbox 778 3419 968 3469; x_wconf 88' lang='lat' dir='ltr'><strong>beatus</strong></span> <span class='ocrx_word' id='word_1_538' title='bbox 1000 3413 1220 3477; x_wconf 81' lang='lat' dir='ltr'><strong>Paulus,</strong></span> <span class='ocrx_word' id='word_1_539' title='bbox 1253 3414 1344 3480; x_wconf 89' lang='lat' dir='ltr'><strong>qui</strong></span> <span class='ocrx_word' id='word_1_540' title='bbox 1390 3413 1468 3467; x_wconf 90' lang='lat' dir='ltr'><strong>sic</strong></span> <span class='ocrx_word' id='word_1_541' title='bbox 1519 3414 1780 3482; x_wconf 88' lang='lat' dir='ltr'><strong>scripsit:</strong></span> <span class='ocrx_word' id='word_1_542' title='bbox 1818 3431 1834 3463; x_wconf 88' lang='grc' dir='ltr'><strong>ι</strong></span> <span class='ocrx_word' id='word_1_543' title='bbox 1874 3413 2024 3466; x_wconf 84' lang='lat' dir='ltr'><strong>Sicut</strong></span> <span class='ocrx_word' id='word_1_544' title='bbox 2066 3415 2210 3467; x_wconf 89' lang='lat' dir='ltr'><strong>enim</strong></span> 
     </span>
    </p>
   </div>
   <div class='ocr_carea' id='block_1_68' title="bbox 636 3505 2213 3576">
    <p class='ocr_par' dir='ltr' id='par_1_68' title="bbox 636 3505 2213 3576">
     <span class='ocr_line' id='line_1_68' title="bbox 636 3505 2213 3576; baseline -0.002 -14"><span class='ocrx_word' id='word_1_545' title='bbox 636 3523 733 3576; x_wconf 89' lang='lat' dir='ltr'><strong>per</strong></span> <span class='ocrx_word' id='word_1_546' title='bbox 764 3506 1181 3560; x_wconf 87' lang='lat' dir='ltr'><strong>inobedieutiam</strong></span> <span class='ocrx_word' id='word_1_547' title='bbox 1212 3506 1370 3558; x_wconf 91' lang='lat' dir='ltr'><strong>unius</strong></span> <span class='ocrx_word' id='word_1_548' title='bbox 1405 3505 1638 3558; x_wconf 90' lang='lat' dir='ltr'><strong>hominis</strong></span> <span class='ocrx_word' id='word_1_549' title='bbox 1664 3515 1977 3574; x_wconf 90' lang='lat' dir='ltr'><strong>peccatores</strong></span> <span class='ocrx_word' id='word_1_550' title='bbox 2006 3506 2213 3559; x_wconf 81' lang='lat' dir='ltr'><strong>consti-</strong></span> 
     </span>
    </p>
   </div>
   <div class='ocr_carea' id='block_1_69' title="bbox 637 3597 2209 3667">
    <p class='ocr_par' dir='ltr' id='par_1_69' title="bbox 637 3597 2209 3667">
     <span class='ocr_line' id='line_1_69' title="bbox 637 3597 2209 3667; baseline 0 -16"><span class='ocrx_word' id='word_1_551' title='bbox 637 3599 735 3651; x_wconf 89' lang='lat' dir='ltr'><strong>tuti</strong></span> <span class='ocrx_word' id='word_1_552' title='bbox 768 3608 893 3652; x_wconf 89' lang='lat' dir='ltr'><strong>sunt</strong></span> <span class='ocrx_word' id='word_1_553' title='bbox 926 3597 1113 3651; x_wconf 89' lang='lat' dir='ltr'><strong>multi:</strong></span> <span class='ocrx_word' id='word_1_554' title='bbox 1148 3597 1219 3650; x_wconf 89' lang='lat' dir='ltr'><strong>ita</strong></span> <span class='ocrx_word' id='word_1_555' title='bbox 1250 3607 1304 3649; x_wconf 91' lang='lat' dir='ltr'><strong>et</strong></span> <span class='ocrx_word' id='word_1_556' title='bbox 1341 3612 1434 3666; x_wconf 89' lang='lat' dir='ltr'><strong>per</strong></span> <span class='ocrx_word' id='word_1_557' title='bbox 1462 3597 1626 3650; x_wconf 90' lang='lat' dir='ltr'><strong>unius</strong></span> <span class='ocrx_word' id='word_1_558' title='bbox 1682 3597 2044 3651; x_wconf 87' lang='lat' dir='ltr'><strong>obedientiam</strong></span> <span class='ocrx_word' id='word_1_559' title='bbox 2080 3598 2209 3667; x_wconf 86' lang='lat' dir='ltr'><strong>justi</strong></span> 
     </span>
    </p>
   </div>
   <div class='ocr_carea' id='block_1_70' title="bbox 635 3688 2213 3758">
    <p class='ocr_par' dir='ltr' id='par_1_70' title="bbox 635 3688 2213 3758">
     <span class='ocr_line' id='line_1_70' title="bbox 635 3688 2213 3758; baseline -0.001 -14"><span class='ocrx_word' id='word_1_560' title='bbox 635 3690 1039 3744; x_wconf 90' lang='lat' dir='ltr'><strong>constituentur</strong></span> <span class='ocrx_word' id='word_1_561' title='bbox 1074 3689 1226 3743; x_wconf 90' lang='lat' dir='ltr'><strong>multi</strong></span> <span class='ocrx_word' id='word_1_562' title='bbox 1266 3688 1332 3740; x_wconf 80' lang='lat'><strong>“.</strong></span> <span class='ocrx_word' id='word_1_563' title='bbox 1370 3707 1388 3738; x_wconf 78' lang='grc' dir='ltr'><strong>ι</strong></span> <span class='ocrx_word' id='word_1_564' title='bbox 1420 3688 1629 3756; x_wconf 90' lang='lat' dir='ltr'><strong>ludiget</strong></span> <span class='ocrx_word' id='word_1_565' title='bbox 1678 3689 1839 3756; x_wconf 90' lang='lat' dir='ltr'><strong>igitur</strong></span> <span class='ocrx_word' id='word_1_566' title='bbox 1887 3688 2063 3741; x_wconf 73' lang='lat' dir='ltr'><strong>hostia</strong></span> <span class='ocrx_word' id='word_1_567' title='bbox 2114 3704 2213 3758; x_wconf 90' lang='lat' dir='ltr'><strong>pro</strong></span> 
     </span>
    </p>
   </div>
   <div class='ocr_carea' id='block_1_71' title="bbox 636 3779 2212 3849">
    <p class='ocr_par' dir='ltr' id='par_1_71' title="bbox 636 3779 2212 3849">
     <span class='ocr_line' id='line_1_71' title="bbox 636 3779 2212 3849; baseline -0.001 -14"><span class='ocrx_word' id='word_1_568' title='bbox 636 3782 750 3836; x_wconf 90' lang='lat' dir='ltr'><strong>suis</strong></span> <span class='ocrx_word' id='word_1_569' title='bbox 808 3781 1018 3835; x_wconf 87' lang='lat' dir='ltr'><strong>delictis</strong></span> <span class='ocrx_word' id='word_1_570' title='bbox 1070 3780 1317 3849; x_wconf 87' lang='lat' dir='ltr'><strong>quisquis</strong></span> <span class='ocrx_word' id='word_1_571' title='bbox 1372 3779 1575 3848; x_wconf 91' lang='lat' dir='ltr'><strong>peccati</strong></span> <span class='ocrx_word' id='word_1_572' title='bbox 1640 3789 1788 3832; x_wconf 86' lang='lat' dir='ltr'><strong>reatu</strong></span> <span class='ocrx_word' id='word_1_573' title='bbox 1845 3788 2095 3833; x_wconf 87' lang='lat' dir='ltr'><strong>tenetur:</strong></span> <span class='ocrx_word' id='word_1_574' title='bbox 2154 3789 2212 3834; x_wconf 88' lang='lat' dir='ltr'><strong>et</strong></span> 
     </span>
    </p>
   </div>
   <div class='ocr_carea' id='block_1_72' title="bbox 635 3869 2212 3939">
    <p class='ocr_par' dir='ltr' id='par_1_72' title="bbox 635 3869 2212 3939">
     <span class='ocr_line' id='line_1_72' title="bbox 635 3869 2212 3939; baseline -0.003 -14"><span class='ocrx_word' id='word_1_575' title='bbox 635 3872 828 3927; x_wconf 90' lang='lat' dir='ltr'><strong>obtulit</strong></span> <span class='ocrx_word' id='word_1_576' title='bbox 852 3874 1086 3939; x_wconf 91' lang='lat' dir='ltr'><strong>seipsum</strong></span> <span class='ocrx_word' id='word_1_577' title='bbox 1122 3869 1372 3923; x_wconf 86' lang='lat' dir='ltr'><strong>Christus</strong></span> <span class='ocrx_word' id='word_1_578' title='bbox 1405 3882 1503 3936; x_wconf 91' lang='lat' dir='ltr'><strong>pro</strong></span> <span class='ocrx_word' id='word_1_579' title='bbox 1534 3882 1731 3938; x_wconf 88' lang='lat' dir='ltr'><strong>genere</strong></span> <span class='ocrx_word' id='word_1_580' title='bbox 1756 3869 2052 3923; x_wconf 87' lang='lat' dir='ltr'><strong>secundum</strong></span> <span class='ocrx_word' id='word_1_581' title='bbox 2086 3884 2212 3923; x_wconf 82' lang='lat' dir='ltr'><strong>car-</strong></span> 
     </span>
    </p>
   </div>
   <div class='ocr_carea' id='block_1_73' title="bbox 636 3962 2210 4030">
    <p class='ocr_par' dir='ltr' id='par_1_73' title="bbox 636 3962 2210 4030">
     <span class='ocr_line' id='line_1_73' title="bbox 636 3962 2210 4030; baseline -0.004 -10"><span class='ocrx_word' id='word_1_582' title='bbox 636 3980 777 4030; x_wconf 90' lang='lat' dir='ltr'><strong>nem,</strong></span> <span class='ocrx_word' id='word_1_583' title='bbox 835 3966 935 4019; x_wconf 93' lang='lat' dir='ltr'><strong>hoc</strong></span> <span class='ocrx_word' id='word_1_584' title='bbox 968 3974 1070 4027; x_wconf 91' lang='lat' dir='ltr'><strong>est,</strong></span> <span class='ocrx_word' id='word_1_585' title='bbox 1122 3978 1218 4030; x_wconf 88' lang='lat' dir='ltr'><strong>pro</strong></span> <span class='ocrx_word' id='word_1_586' title='bbox 1264 3964 1440 4026; x_wconf 89' lang='lat' dir='ltr'><strong>nobis,</strong></span> <span class='ocrx_word' id='word_1_587' title='bbox 1494 3979 1599 4018; x_wconf 85' lang='lat' dir='ltr'><strong>non</strong></span> <span class='ocrx_word' id='word_1_588' title='bbox 1651 3974 1830 4017; x_wconf 88' lang='lat' dir='ltr'><strong>autem</strong></span> <span class='ocrx_word' id='word_1_589' title='bbox 1867 3977 1963 4029; x_wconf 91' lang='lat' dir='ltr'><strong>pro</strong></span> <span class='ocrx_word' id='word_1_590' title='bbox 2008 3962 2210 4030; x_wconf 91' lang='lat' dir='ltr'><strong>scipso,</strong></span> 
     </span>
    </p>
   </div>
   <div class='ocr_carea' id='block_1_74' title="bbox 636 4051 2212 4124">
    <p class='ocr_par' dir='ltr' id='par_1_74' title="bbox 636 4051 2212 4124">
     <span class='ocr_line' id='line_1_74' title="bbox 636 4051 2212 4124; baseline -0.003 -13"><span class='ocrx_word' id='word_1_591' title='bbox 636 4073 757 4112; x_wconf 91' lang='lat' dir='ltr'><strong>cum</strong></span> <span class='ocrx_word' id='word_1_592' title='bbox 799 4065 1021 4124; x_wconf 90' lang='lat' dir='ltr'><strong>peccato</strong></span> <span class='ocrx_word' id='word_1_593' title='bbox 1058 4057 1305 4123; x_wconf 86' lang='lat' dir='ltr'><strong>superior</strong></span> <span class='ocrx_word' id='word_1_594' title='bbox 1339 4063 1517 4117; x_wconf 86' lang='lat' dir='ltr'><strong>esset,</strong></span> <span class='ocrx_word' id='word_1_595' title='bbox 1555 4064 1739 4122; x_wconf 89' lang='lat' dir='ltr'><strong>utpote</strong></span> <span class='ocrx_word' id='word_1_596' title='bbox 1777 4055 1917 4106; x_wconf 88' lang='lat' dir='ltr'><strong>Deus</strong></span> <span class='ocrx_word' id='word_1_597' title='bbox 1949 4069 1961 4102; x_wconf 84' lang='lat'>;</span> <span class='ocrx_word' id='word_1_598' title='bbox 2007 4068 2128 4105; x_wconf 83' lang='lat' dir='ltr'><strong>naut</strong></span> <span class='ocrx_word' id='word_1_599' title='bbox 2165 4051 2212 4106; x_wconf 89' lang='lat' dir='ltr'><strong>si</strong></span> 
     </span>
    </p>
   </div>
   <div class='ocr_carea' id='block_1_75' title="bbox 637 4136 2213 4214">
    <p class='ocr_par' dir='ltr' id='par_1_75' title="bbox 637 4136 2213 4214">
     <span class='ocr_line' id='line_1_75' title="bbox 637 4136 2213 4214; baseline -0.004 -15"><span class='ocrx_word' id='word_1_600' title='bbox 637 4153 854 4214; x_wconf 89' lang='lat' dir='ltr'><strong>propter</strong></span> <span class='ocrx_word' id='word_1_601' title='bbox 900 4158 957 4198; x_wconf 90' lang='lat' dir='ltr'><strong>se</strong></span> <span class='ocrx_word' id='word_1_602' title='bbox 1005 4154 1089 4197; x_wconf 91' lang='lat' dir='ltr'><strong>est</strong></span> <span class='ocrx_word' id='word_1_603' title='bbox 1123 4142 1464 4207; x_wconf 83' lang='lat' dir='ltr'><strong>immolatus,</strong></span> <span class='ocrx_word' id='word_1_604' title='bbox 1505 4155 1633 4214; x_wconf 88' lang='lat' dir='ltr'><strong>ergo</strong></span> <span class='ocrx_word' id='word_1_605' title='bbox 1674 4155 1778 4193; x_wconf 88' lang='lat' dir='ltr'><strong>non</strong></span> <span class='ocrx_word' id='word_1_606' title='bbox 1820 4138 1919 4193; x_wconf 88' lang='lat' dir='ltr'><strong>soli</strong></span> <span class='ocrx_word' id='word_1_607' title='bbox 1962 4153 2059 4192; x_wconf 91' lang='lat' dir='ltr'><strong>nos</strong></span> <span class='ocrx_word' id='word_1_608' title='bbox 2094 4136 2213 4205; x_wconf 88' lang='lat' dir='ltr'><strong>ejus</strong></span> 
     </span>
    </p>
   </div>
   <div class='ocr_carea' id='block_1_76' title="bbox 637 4213 2213 4305">
    <p class='ocr_par' dir='ltr' id='par_1_76' title="bbox 637 4213 2213 4305">
     <span class='ocr_line' id='line_1_76' title="bbox 637 4213 2213 4305; baseline -0.004 -15"><span class='ocrx_word' id='word_1_609' title='bbox 637 4213 898 4305; x_wconf 83' lang='lat' dir='ltr'><strong>sanguine</strong></span> <span class='ocrx_word' id='word_1_610' title='bbox 929 4234 1093 4301; x_wconf 90' lang='lat' dir='ltr'><strong>empti</strong></span> <span class='ocrx_word' id='word_1_611' title='bbox 1121 4248 1306 4287; x_wconf 90' lang='lat' dir='ltr'><strong>sumus</strong></span> <span class='ocrx_word' id='word_1_612' title='bbox 1329 4234 1397 4299; x_wconf 83' lang='grc'>⁸³,</span> <span class='ocrx_word' id='word_1_613' title='bbox 1432 4213 1726 4287; x_wconf 78' lang='lat' dir='ltr'><strong>secundum</strong></span> <span class='ocrx_word' id='word_1_614' title='bbox 1757 4230 2088 4299; x_wconf 87' lang='lat' dir='ltr'><strong>Scripturas,</strong></span> <span class='ocrx_word' id='word_1_615' title='bbox 2117 4230 2213 4284; x_wconf 80' lang='lat' dir='ltr'><strong>sed</strong></span> 
     </span>
    </p>
   </div>
   <div class='ocr_carea' id='block_1_77' title="bbox 638 4321 2211 4403">
    <p class='ocr_par' dir='ltr' id='par_1_77' title="bbox 638 4321 2211 4403">
     <span class='ocr_line' id='line_1_77' title="bbox 638 4321 2211 4403; baseline -0.003 -23"><span class='ocrx_word' id='word_1_616' title='bbox 638 4330 915 4403; x_wconf 69' lang='lat' dir='ltr'><strong>nobiscum</strong></span> <span class='ocrx_word' id='word_1_617' title='bbox 945 4327 1049 4381; x_wconf 90' lang='lat' dir='ltr'><strong>erit</strong></span> <span class='ocrx_word' id='word_1_618' title='bbox 1080 4325 1241 4379; x_wconf 87' lang='lat' dir='ltr'><strong>simul</strong></span> <span class='ocrx_word' id='word_1_619' title='bbox 1283 4326 1398 4395; x_wconf 90' lang='lat' dir='ltr'><strong>ipse</strong></span> <span class='ocrx_word' id='word_1_620' title='bbox 1451 4326 1793 4394; x_wconf 87' lang='lat' dir='ltr'><strong>redemptus;</strong></span> <span class='ocrx_word' id='word_1_621' title='bbox 1841 4336 2016 4390; x_wconf 89' lang='lat' dir='ltr'><strong>neque</strong></span> <span class='ocrx_word' id='word_1_622' title='bbox 2055 4321 2211 4390; x_wconf 81' lang='lat' dir='ltr'><strong>juxta</strong></span> 
     </span>
    </p>
   </div>
   <div class='ocr_carea' id='block_1_78' title="bbox 638 4415 2214 4486">
    <p class='ocr_par' dir='ltr' id='par_1_78' title="bbox 638 4415 2214 4486">
     <span class='ocr_line' id='line_1_78' title="bbox 638 4415 2214 4486; baseline -0.004 -13"><span class='ocrx_word' id='word_1_623' title='bbox 638 4419 787 4473; x_wconf 76' lang='lat' dir='ltr'><strong>Isaia:</strong></span> <span class='ocrx_word' id='word_1_624' title='bbox 810 4433 1022 4482; x_wconf 87' lang='lat' dir='ltr'><strong>vocem,</strong></span> <span class='ocrx_word' id='word_1_625' title='bbox 1060 4417 1315 4471; x_wconf 87' lang='lat' dir='ltr'><strong>Dominus</strong></span> <span class='ocrx_word' id='word_1_626' title='bbox 1354 4416 1577 4471; x_wconf 88' lang='lat' dir='ltr'><strong>tradidit</strong></span> <span class='ocrx_word' id='word_1_627' title='bbox 1624 4417 1796 4486; x_wconf 89' lang='lat' dir='ltr'><strong>ipsum</strong></span> <span class='ocrx_word' id='word_1_628' title='bbox 1830 4415 2067 4484; x_wconf 87' lang='lat' dir='ltr'><strong>peccatis</strong></span> <span class='ocrx_word' id='word_1_629' title='bbox 2116 4428 2214 4467; x_wconf 87' lang='lat' dir='ltr'><strong>no-</strong></span> 
     </span>
    </p>
   </div>
   <div class='ocr_carea' id='block_1_79' title="bbox 2314 3315 3910 3393">
    <p class='ocr_par' dir='ltr' id='par_1_79' title="bbox 2314 3315 3910 3393">
     <span class='ocr_line' id='line_1_79' title="bbox 2314 3315 3910 3393; baseline 0.006 -27"><span class='ocrx_word' id='word_1_630' title='bbox 2314 3317 2456 3385; x_wconf 83' lang='grc' dir='ltr'>αρχῇ</span> <span class='ocrx_word' id='word_1_631' title='bbox 2483 3315 2714 3388; x_wconf 75' lang='grc' dir='ltr'>δευτέρᾳ</span> <span class='ocrx_word' id='word_1_632' title='bbox 2750 3317 2844 3369; x_wconf 76' lang='grc' dir='ltr'><strong>τοῦ</strong></span> <span class='ocrx_word' id='word_1_633' title='bbox 2878 3320 3091 3385; x_wconf 85' lang='grc' dir='ltr'>γένους,</span> <span class='ocrx_word' id='word_1_634' title='bbox 3125 3318 3280 3388; x_wconf 78' lang='grc' dir='ltr'>ὤφθη</span> <span class='ocrx_word' id='word_1_635' title='bbox 3325 3338 3384 3372; x_wconf 86' lang='grc' dir='ltr'><strong>τε</strong></span> <span class='ocrx_word' id='word_1_636' title='bbox 3419 3320 3665 3389; x_wconf 78' lang='grc' dir='ltr'>ἄτρωτος</span> <span class='ocrx_word' id='word_1_637' title='bbox 3711 3324 3910 3393; x_wconf 79' lang='grc' dir='ltr'>ἀμαρ-</span> 
     </span>
    </p>
   </div>
   <div class='ocr_carea' id='block_1_80' title="bbox 2314 3404 3912 3479">
    <p class='ocr_par' dir='ltr' id='par_1_80' title="bbox 2314 3404 3912 3479">
     <span class='ocr_line' id='line_1_80' title="bbox 2314 3404 3912 3479; baseline 0.005 -22"><span class='ocrx_word' id='word_1_638' title='bbox 2314 3404 2479 3468; x_wconf 87' lang='grc' dir='ltr'>τίαις,</span> <span class='ocrx_word' id='word_1_639' title='bbox 2516 3407 2610 3458; x_wconf 63' lang='grc' dir='ltr'><strong>καὶ⁸</strong></span> <span class='ocrx_word' id='word_1_640' title='bbox 2638 3407 2903 3474; x_wconf 86' lang='grc' dir='ltr'>κρείττων</span> <span class='ocrx_word' id='word_1_641' title='bbox 2930 3410 3070 3479; x_wconf 81' lang='grc' dir='ltr'>ἀρᾶς</span> <span class='ocrx_word' id='word_1_642' title='bbox 3094 3410 3187 3460; x_wconf 83' lang='grc' dir='ltr'><strong>καὶ</strong></span> <span class='ocrx_word' id='word_1_643' title='bbox 3224 3409 3379 3479; x_wconf 85' lang='grc' dir='ltr'>δίκης</span> <span class='ocrx_word' id='word_1_644' title='bbox 3410 3412 3503 3461; x_wconf 74' lang='grc' dir='ltr'>καὶ</span> <span class='ocrx_word' id='word_1_645' title='bbox 3533 3411 3769 3464; x_wconf 86' lang='grc' dir='ltr'>θανάτου</span> <span class='ocrx_word' id='word_1_646' title='bbox 3804 3416 3912 3465; x_wconf 69' lang='grc' dir='ltr'><strong>καὶ</strong></span> 
     </span>
    </p>
   </div>
   <div class='ocr_carea' id='block_1_81' title="bbox 2316 3498 3907 3572">
    <p class='ocr_par' dir='ltr' id='par_1_81' title="bbox 2316 3498 3907 3572">
     <span class='ocr_line' id='line_1_81' title="bbox 2316 3498 3907 3572; baseline 0.006 -24"><span class='ocrx_word' id='word_1_647' title='bbox 2316 3498 2542 3568; x_wconf 83' lang='grc' dir='ltr'>φθορᾶς.</span> <span class='ocrx_word' id='word_1_648' title='bbox 2578 3501 2953 3571; x_wconf 85' lang='grc' dir='ltr'>Προσεμπεδοῖ</span> <span class='ocrx_word' id='word_1_649' title='bbox 2986 3501 3040 3554; x_wconf 84' lang='grc' dir='ltr'>δὲ</span> <span class='ocrx_word' id='word_1_650' title='bbox 3071 3503 3217 3572; x_wconf 77' lang='grc' dir='ltr'>ἡμᾶς</span> <span class='ocrx_word' id='word_1_651' title='bbox 3244 3505 3271 3556; x_wconf 93' lang='lat'><strong>6</strong></span> <span class='ocrx_word' id='word_1_652' title='bbox 3307 3503 3617 3571; x_wconf 82' lang='grc' dir='ltr'>σοφώτατος</span> <span class='ocrx_word' id='word_1_653' title='bbox 3644 3504 3869 3567; x_wconf 75' lang='grc' dir='ltr'>Παῦλος</span> <span class='ocrx_word' id='word_1_654' title='bbox 3893 3548 3907 3567; x_wconf 87' lang='grc'><strong>,</strong></span> 
     </span>
    </p>
   </div>
   <div class='ocr_carea' id='block_1_82' title="bbox 2314 3588 3908 3666">
    <p class='ocr_par' dir='ltr' id='par_1_82' title="bbox 2314 3588 3908 3666">
     <span class='ocr_line' id='line_1_82' title="bbox 2314 3588 3908 3666; baseline 0.006 -27"><span class='ocrx_word' id='word_1_655' title='bbox 2314 3588 2411 3640; x_wconf 76' lang='grc' dir='ltr'><strong>ὡδὶ</strong></span> <span class='ocrx_word' id='word_1_656' title='bbox 2438 3590 2732 3659; x_wconf 84' lang='grc' dir='ltr'>γεγραφώς</span> <span class='ocrx_word' id='word_1_657' title='bbox 2754 3606 2767 3619; x_wconf 82' lang='grc'><em>’</em></span> <span class='ocrx_word' id='word_1_658' title='bbox 2808 3610 2826 3642; x_wconf 89' lang='grc' dir='ltr'><strong>ι</strong></span> <span class='ocrx_word' id='word_1_659' title='bbox 2862 3591 3075 3663; x_wconf 77' lang='grc' dir='ltr'>Ὠσπερ</span> <span class='ocrx_word' id='word_1_660' title='bbox 3104 3593 3211 3663; x_wconf 83' lang='grc' dir='ltr'><strong>γάρ</strong></span> <span class='ocrx_word' id='word_1_661' title='bbox 3240 3593 3326 3645; x_wconf 84' lang='grc' dir='ltr'><strong>διά</strong></span> <span class='ocrx_word' id='word_1_662' title='bbox 3358 3594 3457 3663; x_wconf 85' lang='grc' dir='ltr'>τῆς</span> <span class='ocrx_word' id='word_1_663' title='bbox 3486 3597 3778 3666; x_wconf 82' lang='grc' dir='ltr'>παρακοῆς</span> <span class='ocrx_word' id='word_1_664' title='bbox 3799 3598 3908 3650; x_wconf 78' lang='grc' dir='ltr'>τοῦ</span> 
     </span>
    </p>
   </div>
   <div class='ocr_carea' id='block_1_83' title="bbox 2314 3681 3906 3756">
    <p class='ocr_par' dir='ltr' id='par_1_83' title="bbox 2314 3681 3906 3756">
     <span class='ocr_line' id='line_1_83' title="bbox 2314 3681 3906 3756; baseline 0.005 -23"><span class='ocrx_word' id='word_1_665' title='bbox 2314 3681 2431 3745; x_wconf 81' lang='grc' dir='ltr'>ἐνὸς</span> <span class='ocrx_word' id='word_1_666' title='bbox 2461 3681 2750 3754; x_wconf 83' lang='grc' dir='ltr'>ἀνθρώπου</span> <span class='ocrx_word' id='word_1_667' title='bbox 2803 3685 3122 3754; x_wconf 73' lang='grc' dir='ltr'>ἁμαρτωλοὶ</span> <span class='ocrx_word' id='word_1_668' title='bbox 3168 3688 3579 3756; x_wconf 87' lang='grc' dir='ltr'>κατεστάθησαν</span> <span class='ocrx_word' id='word_1_669' title='bbox 3607 3689 3657 3739; x_wconf 89' lang='grc' dir='ltr'><strong>οί</strong></span> <span class='ocrx_word' id='word_1_670' title='bbox 3684 3688 3906 3756; x_wconf 80' lang='grc' dir='ltr'>πολλοὶ,</span> 
     </span>
    </p>
   </div>
   <div class='ocr_carea' id='block_1_84' title="bbox 2312 3772 3911 3847">
    <p class='ocr_par' dir='ltr' id='par_1_84' title="bbox 2312 3772 3911 3847">
     <span class='ocr_line' id='line_1_84' title="bbox 2312 3772 3911 3847; baseline 0.007 -24"><span class='ocrx_word' id='word_1_671' title='bbox 2312 3772 2455 3825; x_wconf 75' lang='grc' dir='ltr'>οὕτω</span> <span class='ocrx_word' id='word_1_672' title='bbox 2483 3777 2579 3829; x_wconf 76' lang='grc' dir='ltr'><strong>καὶ</strong></span> <span class='ocrx_word' id='word_1_673' title='bbox 2631 3774 2720 3828; x_wconf 90' lang='grc' dir='ltr'><strong>διά</strong></span> <span class='ocrx_word' id='word_1_674' title='bbox 2768 3776 2865 3847; x_wconf 82' lang='grc' dir='ltr'>τῆς</span> <span class='ocrx_word' id='word_1_675' title='bbox 2899 3778 3145 3847; x_wconf 76' lang='grc' dir='ltr'>ὑπακοῆς</span> <span class='ocrx_word' id='word_1_676' title='bbox 3190 3776 3281 3830; x_wconf 81' lang='grc' dir='ltr'>τοῦ</span> <span class='ocrx_word' id='word_1_677' title='bbox 3327 3779 3464 3844; x_wconf 81' lang='grc' dir='ltr'>ἑνὸς,</span> <span class='ocrx_word' id='word_1_678' title='bbox 3499 3779 3691 3832; x_wconf 87' lang='grc' dir='ltr'>δίκαιοι</span> <span class='ocrx_word' id='word_1_679' title='bbox 3726 3799 3911 3835; x_wconf 79' lang='grc' dir='ltr'>κατα.-</span> 
     </span>
    </p>
   </div>
   <div class='ocr_carea' id='block_1_85' title="bbox 2315 3866 3909 3946">
    <p class='ocr_par' dir='ltr' id='par_1_85' title="bbox 2315 3866 3909 3946">
     <span class='ocr_line' id='line_1_85' title="bbox 2315 3866 3909 3946; baseline 0.006 -28"><span class='ocrx_word' id='word_1_680' title='bbox 2315 3866 2672 3938; x_wconf 80' lang='grc' dir='ltr'>σταθήσονται</span> <span class='ocrx_word' id='word_1_681' title='bbox 2714 3870 2761 3920; x_wconf 88' lang='grc' dir='ltr'><strong>οί</strong></span> <span class='ocrx_word' id='word_1_682' title='bbox 2797 3870 3003 3926; x_wconf 84' lang='grc' dir='ltr'>πολλοί.</span> <span class='ocrx_word' id='word_1_683' title='bbox 3039 3891 3056 3922; x_wconf 77' lang='grc' dir='ltr'><strong>ι</strong></span> <span class='ocrx_word' id='word_1_684' title='bbox 3093 3874 3275 3925; x_wconf 86' lang='grc' dir='ltr'>Δείται</span> <span class='ocrx_word' id='word_1_685' title='bbox 3314 3871 3377 3943; x_wconf 82' lang='grc' dir='ltr'>δὴ</span> <span class='ocrx_word' id='word_1_686' title='bbox 3411 3868 3504 3926; x_wconf 83' lang='grc' dir='ltr'><strong>οὖν</strong></span> <span class='ocrx_word' id='word_1_687' title='bbox 3540 3874 3753 3939; x_wconf 83' lang='grc' dir='ltr'>θυσίας,</span> <span class='ocrx_word' id='word_1_688' title='bbox 3797 3877 3909 3946; x_wconf 79' lang='grc' dir='ltr'>τῆς</span> 
     </span>
    </p>
   </div>
   <div class='ocr_carea' id='block_1_86' title="bbox 2315 3958 3908 4034">
    <p class='ocr_par' dir='ltr' id='par_1_86' title="bbox 2315 3958 3908 4034">
     <span class='ocr_line' id='line_1_86' title="bbox 2315 3958 3908 4034; baseline 0.007 -25"><span class='ocrx_word' id='word_1_689' title='bbox 2315 3958 2453 4029; x_wconf 84' lang='grc' dir='ltr'>ὑπέρ</span> <span class='ocrx_word' id='word_1_690' title='bbox 2483 3976 2545 4028; x_wconf 89' lang='grc' dir='ltr'><strong>γε</strong></span> <span class='ocrx_word' id='word_1_691' title='bbox 2571 3961 2677 4012; x_wconf 83' lang='grc' dir='ltr'><strong>τῶν</strong></span> <span class='ocrx_word' id='word_1_692' title='bbox 2709 3961 2854 4015; x_wconf 84' lang='grc' dir='ltr'>ίδίων</span> <span class='ocrx_word' id='word_1_693' title='bbox 2878 3962 3395 4034; x_wconf 86' lang='grc' dir='ltr'>πλημμελημάτων,</span> <span class='ocrx_word' id='word_1_694' title='bbox 3416 3967 3522 4028; x_wconf 80' lang='grc' dir='ltr'><strong>πᾶς</strong></span> <span class='ocrx_word' id='word_1_695' title='bbox 3544 3966 3597 4017; x_wconf 80' lang='grc' dir='ltr'><strong>εί</strong></span> <span class='ocrx_word' id='word_1_696' title='bbox 3619 3982 3703 4029; x_wconf 87' lang='grc' dir='ltr'><strong>τις</strong></span> <span class='ocrx_word' id='word_1_697' title='bbox 3737 3968 3908 4034; x_wconf 86' lang='grc' dir='ltr'>γέγο-</span> 
     </span>
    </p>
   </div>
   <div class='ocr_carea' id='block_1_87' title="bbox 2312 4052 3909 4129">
    <p class='ocr_par' dir='ltr' id='par_1_87' title="bbox 2312 4052 3909 4129">
     <span class='ocr_line' id='line_1_87' title="bbox 2312 4052 3909 4129; baseline 0.004 -27"><span class='ocrx_word' id='word_1_698' title='bbox 2312 4068 2401 4103; x_wconf 89' lang='grc' dir='ltr'>νεν</span> <span class='ocrx_word' id='word_1_699' title='bbox 2433 4052 2712 4123; x_wconf 82' lang='grc' dir='ltr'>ἁμαρτίας</span> <span class='ocrx_word' id='word_1_700' title='bbox 2744 4053 2924 4123; x_wconf 75' lang='grc' dir='ltr'>ἔνοχος</span> <span class='ocrx_word' id='word_1_701' title='bbox 2949 4071 2962 4085; x_wconf 80' lang='lat'>&#39;</span> <span class='ocrx_word' id='word_1_702' title='bbox 2996 4057 3087 4108; x_wconf 77' lang='grc' dir='ltr'><strong>καὶ</strong></span> <span class='ocrx_word' id='word_1_703' title='bbox 3130 4057 3537 4129; x_wconf 85' lang='grc' dir='ltr'>προσκεκόμικε</span> <span class='ocrx_word' id='word_1_704' title='bbox 3571 4061 3671 4127; x_wconf 85' lang='grc' dir='ltr'><strong>μὲν</strong></span> <span class='ocrx_word' id='word_1_705' title='bbox 3701 4059 3909 4110; x_wconf 72' lang='grc' dir='ltr'>ἑαυτὸν</span> 
     </span>
    </p>
   </div>
   <div class='ocr_carea' id='block_1_88' title="bbox 2312 4143 3907 4220">
    <p class='ocr_par' dir='ltr' id='par_1_88' title="bbox 2312 4143 3907 4220">
     <span class='ocr_line' id='line_1_88' title="bbox 2312 4143 3907 4220; baseline 0.005 -25"><span class='ocrx_word' id='word_1_706' title='bbox 2312 4145 2339 4196; x_wconf 92' lang='lat'><strong>6</strong></span> <span class='ocrx_word' id='word_1_707' title='bbox 2369 4143 2600 4213; x_wconf 83' lang='grc' dir='ltr'>Χριστὸς</span> <span class='ocrx_word' id='word_1_708' title='bbox 2629 4145 2768 4216; x_wconf 86' lang='grc' dir='ltr'>ὑπὲρ</span> <span class='ocrx_word' id='word_1_709' title='bbox 2801 4146 2895 4199; x_wconf 80' lang='grc' dir='ltr'>τοῦ</span> <span class='ocrx_word' id='word_1_710' title='bbox 2942 4147 3087 4200; x_wconf 89' lang='grc' dir='ltr'><strong>κατά</strong></span> <span class='ocrx_word' id='word_1_711' title='bbox 3120 4149 3301 4220; x_wconf 85' lang='grc' dir='ltr'>σάρκα</span> <span class='ocrx_word' id='word_1_712' title='bbox 3328 4150 3520 4217; x_wconf 84' lang='grc' dir='ltr'>γένους</span> <span class='ocrx_word' id='word_1_713' title='bbox 3545 4189 3559 4213; x_wconf 82' lang='grc'><strong>,</strong></span> <span class='ocrx_word' id='word_1_714' title='bbox 3589 4152 3907 4215; x_wconf 89' lang='grc' dir='ltr'>τουτέστιν,</span> 
     </span>
    </p>
   </div>
   <div class='ocr_carea' id='block_1_89' title="bbox 2313 4234 3907 4310">
    <p class='ocr_par' dir='ltr' id='par_1_89' title="bbox 2313 4234 3907 4310">
     <span class='ocr_line' id='line_1_89' title="bbox 2313 4234 3907 4310; baseline 0.004 -23"><span class='ocrx_word' id='word_1_715' title='bbox 2313 4234 2454 4305; x_wconf 83' lang='grc' dir='ltr'>ὑπὲρ</span> <span class='ocrx_word' id='word_1_716' title='bbox 2512 4236 2702 4305; x_wconf 58' lang='grc' dir='ltr'><strong>ἡμῶν</strong></span> <span class='ocrx_word' id='word_1_717' title='bbox 2776 4237 2917 4307; x_wconf 79' lang='grc' dir='ltr'>ὑπὲρ</span> <span class='ocrx_word' id='word_1_718' title='bbox 2984 4236 3181 4290; x_wconf 82' lang='grc' dir='ltr'>ἑαυτοῦ</span> <span class='ocrx_word' id='word_1_719' title='bbox 3244 4238 3320 4302; x_wconf 86' lang='grc' dir='ltr'>δὲ,</span> <span class='ocrx_word' id='word_1_720' title='bbox 3368 4240 3573 4301; x_wconf 78' lang='grc' dir='ltr'>οὐκέτι,</span> <span class='ocrx_word' id='word_1_721' title='bbox 3626 4240 3907 4310; x_wconf 85' lang='grc' dir='ltr'>κρείττων</span> 
     </span>
    </p>
   </div>
   <div class='ocr_carea' id='block_1_90' title="bbox 2304 4326 3906 4402">
    <p class='ocr_par' dir='ltr' id='par_1_90' title="bbox 2304 4326 3906 4402">
     <span class='ocr_line' id='line_1_90' title="bbox 2304 4326 3906 4402; baseline 0.002 -23"><span class='ocrx_word' id='word_1_722' title='bbox 2304 4326 2588 4399; x_wconf 78' lang='grc' dir='ltr'>ἁμαρτίας</span> <span class='ocrx_word' id='word_1_723' title='bbox 2635 4329 2917 4399; x_wconf 81' lang='grc' dir='ltr'>ὑπάρχων,</span> <span class='ocrx_word' id='word_1_724' title='bbox 2965 4329 3039 4393; x_wconf 87' lang='grc' dir='ltr'>ὡς</span> <span class='ocrx_word' id='word_1_725' title='bbox 3100 4329 3253 4394; x_wconf 83' lang='grc' dir='ltr'>Θεός.</span> <span class='ocrx_word' id='word_1_726' title='bbox 3300 4331 3361 4383; x_wconf 78' lang='lat' dir='ltr'><strong>Ei</strong></span> <span class='ocrx_word' id='word_1_727' title='bbox 3398 4333 3521 4402; x_wconf 40' lang='grc' dir='ltr'>»γάρ</span> <span class='ocrx_word' id='word_1_728' title='bbox 3560 4332 3783 4385; x_wconf 73' lang='grc' dir='ltr'>τέθυται</span> <span class='ocrx_word' id='word_1_729' title='bbox 3830 4332 3906 4383; x_wconf 83' lang='grc' dir='ltr'>δι’</span> 
     </span>
    </p>
   </div>
   <div class='ocr_carea' id='block_1_91' title="bbox 2313 4420 3907 4495">
    <p class='ocr_par' dir='ltr' id='par_1_91' title="bbox 2313 4420 3907 4495">
     <span class='ocr_line' id='line_1_91' title="bbox 2313 4420 3907 4495; baseline 0.004 -24"><span class='ocrx_word' id='word_1_730' title='bbox 2313 4420 2527 4487; x_wconf 79' lang='grc' dir='ltr'>ἑαυτὸν,</span> <span class='ocrx_word' id='word_1_731' title='bbox 2581 4420 2680 4490; x_wconf 84' lang='grc' dir='ltr'><strong>οὐχ</strong></span> <span class='ocrx_word' id='word_1_732' title='bbox 2730 4423 2891 4491; x_wconf 75' lang='grc' dir='ltr'>ἡμεῖς</span> <span class='ocrx_word' id='word_1_733' title='bbox 2942 4421 3331 4493; x_wconf 77' lang='grc' dir='ltr'>ἠγοράσθημεν</span> <span class='ocrx_word' id='word_1_734' title='bbox 3383 4423 3534 4495; x_wconf 81' lang='grc' dir='ltr'>μόνοι</span> <span class='ocrx_word' id='word_1_735' title='bbox 3577 4423 3652 4493; x_wconf 85' lang='grc' dir='ltr'><strong>τῷ</strong></span> <span class='ocrx_word' id='word_1_736' title='bbox 3698 4424 3907 4492; x_wconf 80' lang='grc' dir='ltr'>αἵματι</span> 
     </span>
    </p>
   </div>
   <div class='ocr_carea' id='block_1_92' title="bbox 639 4505 2209 4586">
    <p class='ocr_par' dir='ltr' id='par_1_92' title="bbox 639 4505 2209 4577">
     <span class='ocr_line' id='line_1_92' title="bbox 639 4505 2209 4577; baseline -0.003 -14"><span class='ocrx_word' id='word_1_737' title='bbox 639 4510 771 4563; x_wconf 88' lang='lat' dir='ltr'><strong>stris</strong></span> <span class='ocrx_word' id='word_1_738' title='bbox 798 4509 875 4575; x_wconf 77' lang='lat'><strong>“,</strong></span> <span class='ocrx_word' id='word_1_739' title='bbox 909 4510 1000 4563; x_wconf 84' lang='lat' dir='ltr'><strong>sed</strong></span> <span class='ocrx_word' id='word_1_740' title='bbox 1032 4524 1128 4577; x_wconf 90' lang='lat' dir='ltr'><strong>pro</strong></span> <span class='ocrx_word' id='word_1_741' title='bbox 1161 4509 1271 4563; x_wconf 88' lang='lat' dir='ltr'><strong>suis</strong></span> <span class='ocrx_word' id='word_1_742' title='bbox 1301 4507 1460 4563; x_wconf 89' lang='lat' dir='ltr'><strong>etiam</strong></span> <span class='ocrx_word' id='word_1_743' title='bbox 1494 4515 1579 4563; x_wconf 88' lang='lat' dir='ltr'><strong>est</strong></span> <span class='ocrx_word' id='word_1_744' title='bbox 1608 4509 1783 4561; x_wconf 89' lang='lat' dir='ltr'><strong>datus.</strong></span> <span class='ocrx_word' id='word_1_745' title='bbox 1820 4505 1925 4562; x_wconf 92' lang='lat' dir='ltr'><strong>Ubi</strong></span> <span class='ocrx_word' id='word_1_746' title='bbox 1954 4505 2096 4561; x_wconf 86' lang='lat' dir='ltr'><strong>enim</strong></span> <span class='ocrx_word' id='word_1_747' title='bbox 2131 4514 2209 4559; x_wconf 89' lang='lat' dir='ltr'><strong>est</strong></span> 
     </span>
    </p>
   </div>
   <div class='ocr_carea' id='block_1_93' title="bbox 2312 4505 3905 4586">
    <p class='ocr_par' dir='ltr' id='par_1_93' title="bbox 2316 4513 3905 4586">
     <span class='ocr_line' id='line_1_93' title="bbox 2316 4513 3905 4586; baseline 0.002 -20"><span class='ocrx_word' id='word_1_748' title='bbox 2316 4513 2503 4575; x_wconf 72' lang='grc' dir='ltr'>αὑτοῦ,</span> <span class='ocrx_word' id='word_1_749' title='bbox 2556 4514 2696 4566; x_wconf 87' lang='grc' dir='ltr'><strong>κατά</strong></span> <span class='ocrx_word' id='word_1_750' title='bbox 2730 4513 2828 4577; x_wconf 80' lang='grc' dir='ltr'>τὰς</span> <span class='ocrx_word' id='word_1_751' title='bbox 2876 4514 3099 4586; x_wconf 84' lang='grc' dir='ltr'>Γραφάς</span> <span class='ocrx_word' id='word_1_752' title='bbox 3119 4531 3133 4545; x_wconf 88' lang='grc'><strong>·</strong></span> <span class='ocrx_word' id='word_1_753' title='bbox 3165 4515 3279 4567; x_wconf 71' lang='grc' dir='ltr'>ἀλλ’</span> <span class='ocrx_word' id='word_1_754' title='bbox 3314 4514 3401 4585; x_wconf 77' lang='grc' dir='ltr'><strong>εἴη</strong></span> <span class='ocrx_word' id='word_1_755' title='bbox 3429 4516 3473 4567; x_wconf 79' lang='grc' dir='ltr'>δ’</span> <span class='ocrx_word' id='word_1_756' title='bbox 3500 4515 3565 4570; x_wconf 83' lang='grc' dir='ltr'><strong>ἂν</strong></span> <span class='ocrx_word' id='word_1_757' title='bbox 3596 4517 3689 4569; x_wconf 77' lang='grc' dir='ltr'>καὶ</span> <span class='ocrx_word' id='word_1_758' title='bbox 3729 4519 3905 4580; x_wconf 75' lang='grc' dir='ltr'>αὐτὸς</span> 
     </span>
    </p>
   </div>
   <div class='ocr_carea' id='block_1_94' title="bbox 638 4574 2209 4677">
    <p class='ocr_par' dir='ltr' id='par_1_94' title="bbox 638 4599 2209 4669">
     <span class='ocr_line' id='line_1_94' title="bbox 638 4599 2209 4669; baseline -0.004 -13"><span class='ocrx_word' id='word_1_759' title='bbox 638 4602 813 4656; x_wconf 82' lang='lat' dir='ltr'><strong>hostia</strong></span> <span class='ocrx_word' id='word_1_760' title='bbox 838 4611 891 4655; x_wconf 90' lang='lat' dir='ltr'><strong>et</strong></span> <span class='ocrx_word' id='word_1_761' title='bbox 918 4600 1142 4665; x_wconf 89' lang='lat' dir='ltr'><strong>oblatio,</strong></span> <span class='ocrx_word' id='word_1_762' title='bbox 1179 4599 1248 4655; x_wconf 88' lang='lat' dir='ltr'><strong>ibi</strong></span> <span class='ocrx_word' id='word_1_763' title='bbox 1291 4614 1514 4669; x_wconf 90' lang='lat' dir='ltr'><strong>prorsus</strong></span> <span class='ocrx_word' id='word_1_764' title='bbox 1559 4600 1811 4655; x_wconf 82' lang='lat' dir='ltr'><strong>remissio</strong></span> <span class='ocrx_word' id='word_1_765' title='bbox 1840 4607 2209 4668; x_wconf 86' lang='lat' dir='ltr'><strong>peccatorum.</strong></span> 
     </span>
    </p>
   </div>
   <div class='ocr_carea' id='block_1_95' title="bbox 2312 4574 3904 4677">
    <p class='ocr_par' dir='ltr' id='par_1_95' title="bbox 2318 4605 3904 4677">
     <span class='ocr_line' id='line_1_95' title="bbox 2318 4605 3904 4677; baseline 0.003 -21"><span class='ocrx_word' id='word_1_766' title='bbox 2318 4607 2449 4675; x_wconf 69' lang='grc' dir='ltr'>ἡμῖν</span> <span class='ocrx_word' id='word_1_767' title='bbox 2480 4605 2954 4675; x_wconf 80' lang='grc' dir='ltr'>συνηγορασμένος</span> <span class='ocrx_word' id='word_1_768' title='bbox 2973 4645 2985 4669; x_wconf 95' lang='grc'><strong>,</strong></span> <span class='ocrx_word' id='word_1_769' title='bbox 3014 4606 3197 4659; x_wconf 82' lang='grc' dir='ltr'>οὐκέτι</span> <span class='ocrx_word' id='word_1_770' title='bbox 3233 4607 3373 4659; x_wconf 90' lang='grc' dir='ltr'><strong>κατά</strong></span> <span class='ocrx_word' id='word_1_771' title='bbox 3407 4608 3506 4677; x_wconf 74' lang='grc' dir='ltr'>τὴν</span> <span class='ocrx_word' id='word_1_772' title='bbox 3531 4607 3623 4661; x_wconf 80' lang='grc' dir='ltr'>τοῦ</span> <span class='ocrx_word' id='word_1_773' title='bbox 3669 4608 3904 4661; x_wconf 79' lang='grc' dir='ltr'>Ἡσαΐου</span> 
     </span>
    </p>
   </div>
   <div class='ocr_carea' id='block_1_96' title="bbox 640 4688 2211 4763">
    <p class='ocr_par' dir='ltr' id='par_1_96' title="bbox 640 4688 2211 4763">
     <span class='ocr_line' id='line_1_96' title="bbox 640 4688 2211 4763; baseline -0.004 -16"><span class='ocrx_word' id='word_1_774' title='bbox 640 4694 860 4763; x_wconf 82' lang='lat' dir='ltr'><strong>Derepit</strong></span> <span class='ocrx_word' id='word_1_775' title='bbox 892 4692 1059 4763; x_wconf 88' lang='lat' dir='ltr'><strong>igitur</strong></span> <span class='ocrx_word' id='word_1_776' title='bbox 1097 4702 1263 4747; x_wconf 90' lang='lat' dir='ltr'><strong>totum</strong></span> <span class='ocrx_word' id='word_1_777' title='bbox 1306 4694 1491 4747; x_wconf 90' lang='lat' dir='ltr'><strong>orbem</strong></span> <span class='ocrx_word' id='word_1_778' title='bbox 1533 4701 1799 4747; x_wconf 86' lang='lat' dir='ltr'><strong>terrarum</strong></span> <span class='ocrx_word' id='word_1_779' title='bbox 1843 4691 2033 4744; x_wconf 83' lang='lat' dir='ltr'><strong>beatus</strong></span> <span class='ocrx_word' id='word_1_780' title='bbox 2068 4688 2211 4742; x_wconf 81' lang='lat' dir='ltr'><strong>Pau-</strong></span> 
     </span>
    </p>
   </div>
   <div class='ocr_carea' id='block_1_97' title="bbox 638 4782 2214 4854">
    <p class='ocr_par' dir='ltr' id='par_1_97' title="bbox 638 4782 2214 4854">
     <span class='ocr_line' id='line_1_97' title="bbox 638 4782 2214 4854; baseline -0.003 -15"><span class='ocrx_word' id='word_1_781' title='bbox 638 4786 743 4851; x_wconf 90' lang='lat' dir='ltr'><strong>lus,</strong></span> <span class='ocrx_word' id='word_1_782' title='bbox 768 4785 859 4854; x_wconf 93' lang='lat' dir='ltr'><strong>qni</strong></span> <span class='ocrx_word' id='word_1_783' title='bbox 893 4788 959 4840; x_wconf 85' lang='lat' dir='ltr'><strong>de</strong></span> <span class='ocrx_word' id='word_1_784' title='bbox 990 4784 1082 4839; x_wconf 89' lang='lat' dir='ltr'><strong>illo</strong></span> <span class='ocrx_word' id='word_1_785' title='bbox 1105 4784 1321 4854; x_wconf 89' lang='lat' dir='ltr'><strong>scripsit</strong></span> <span class='ocrx_word' id='word_1_786' title='bbox 1351 4800 1365 4836; x_wconf 90' lang='lat'><strong>:</strong></span> <span class='ocrx_word' id='word_1_787' title='bbox 1410 4802 1429 4835; x_wconf 83' lang='grc' dir='ltr'><strong>ι</strong></span> <span class='ocrx_word' id='word_1_788' title='bbox 1460 4782 1606 4838; x_wconf 89' lang='lat' dir='ltr'><strong>Talis</strong></span> <span class='ocrx_word' id='word_1_789' title='bbox 1636 4784 1779 4837; x_wconf 89' lang='lat' dir='ltr'><strong>enim</strong></span> <span class='ocrx_word' id='word_1_790' title='bbox 1808 4784 1963 4837; x_wconf 91' lang='lat' dir='ltr'><strong>nobis</strong></span> <span class='ocrx_word' id='word_1_791' title='bbox 1988 4782 2214 4837; x_wconf 86' lang='lat' dir='ltr'><strong>decebat</strong></span> 
     </span>
    </p>
   </div>
   <div class='ocr_carea' id='block_1_98' title="bbox 638 4868 2208 4947">
    <p class='ocr_par' dir='ltr' id='par_1_98' title="bbox 638 4868 2208 4947">
     <span class='ocr_line' id='line_1_98' title="bbox 638 4868 2208 4947; baseline -0.001 -17"><span class='ocrx_word' id='word_1_792' title='bbox 638 4889 698 4931; x_wconf 92' lang='lat' dir='ltr'><strong>ut</strong></span> <span class='ocrx_word' id='word_1_793' title='bbox 728 4888 871 4932; x_wconf 88' lang='lat' dir='ltr'><strong>esset</strong></span> <span class='ocrx_word' id='word_1_794' title='bbox 918 4868 1211 4947; x_wconf 74' lang='lat' dir='ltr'><strong>pontifex,</strong></span> <span class='ocrx_word' id='word_1_795' title='bbox 1242 4885 1486 4940; x_wconf 89' lang='lat' dir='ltr'><strong>sanctus,</strong></span> <span class='ocrx_word' id='word_1_796' title='bbox 1546 4876 1825 4940; x_wconf 88' lang='lat' dir='ltr'><strong>innocens,</strong></span> <span class='ocrx_word' id='word_1_797' title='bbox 1877 4873 2208 4942; x_wconf 90' lang='lat' dir='ltr'><strong>impollutus,</strong></span> 
     </span>
    </p>
   </div>
   <div class='ocr_carea' id='block_1_99' title="bbox 639 4962 2207 5039">
    <p class='ocr_par' dir='ltr' id='par_1_99' title="bbox 639 4962 2207 5039">
     <span class='ocr_line' id='line_1_99' title="bbox 639 4962 2207 5039; baseline -0.001 -17"><span class='ocrx_word' id='word_1_798' title='bbox 639 4978 951 5039; x_wconf 84' lang='lat' dir='ltr'><strong>segregatus</strong></span> <span class='ocrx_word' id='word_1_799' title='bbox 974 4986 999 5021; x_wconf 91' lang='lat' dir='ltr'><strong>a</strong></span> <span class='ocrx_word' id='word_1_800' title='bbox 1028 4970 1426 5038; x_wconf 88' lang='lat' dir='ltr'><strong>peccatoribus,</strong></span> <span class='ocrx_word' id='word_1_801' title='bbox 1451 4979 1505 5022; x_wconf 93' lang='lat' dir='ltr'><strong>et</strong></span> <span class='ocrx_word' id='word_1_802' title='bbox 1532 4962 1975 5023; x_wconf 48' lang='lat' dir='ltr'><strong>excelsior&#39;cmlis</strong></span> <span class='ocrx_word' id='word_1_803' title='bbox 2000 4966 2207 5030; x_wconf 85' lang='lat' dir='ltr'><strong>factus;</strong></span> 
     </span>
    </p>
   </div>
   <div class='ocr_carea' id='block_1_100' title="bbox 639 5059 2208 5130">
    <p class='ocr_par' dir='ltr' id='par_1_100' title="bbox 639 5059 2208 5130">
     <span class='ocr_line' id='line_1_100' title="bbox 639 5059 2208 5130; baseline 0.002 -21"><span class='ocrx_word' id='word_1_804' title='bbox 639 5061 727 5127; x_wconf 91' lang='lat' dir='ltr'><strong>qui</strong></span> <span class='ocrx_word' id='word_1_805' title='bbox 762 5076 867 5113; x_wconf 91' lang='lat' dir='ltr'><strong>non</strong></span> <span class='ocrx_word' id='word_1_806' title='bbox 919 5062 1080 5113; x_wconf 87' lang='lat' dir='ltr'><strong>habet</strong></span> <span class='ocrx_word' id='word_1_807' title='bbox 1122 5061 1362 5130; x_wconf 83' lang='lat' dir='ltr'><strong>quotidie</strong></span> <span class='ocrx_word' id='word_1_808' title='bbox 1412 5061 1809 5126; x_wconf 88' lang='lat' dir='ltr'><strong>necessitatem,</strong></span> <span class='ocrx_word' id='word_1_809' title='bbox 1856 5059 2208 5129; x_wconf 89' lang='lat' dir='ltr'><strong>quemadmo-</strong></span> 
     </span>
    </p>
   </div>
   <div class='ocr_carea' id='block_1_101' title="bbox 639 5150 2209 5221">
    <p class='ocr_par' dir='ltr' id='par_1_101' title="bbox 639 5150 2209 5221">
     <span class='ocr_line' id='line_1_101' title="bbox 639 5150 2209 5221; baseline 0.001 -18"><span class='ocrx_word' id='word_1_810' title='bbox 639 5150 764 5203; x_wconf 87' lang='lat' dir='ltr'><strong>dum</strong></span> <span class='ocrx_word' id='word_1_811' title='bbox 811 5152 1139 5213; x_wconf 85' lang='lat' dir='ltr'><strong>sacerdotes,</strong></span> <span class='ocrx_word' id='word_1_812' title='bbox 1177 5151 1326 5220; x_wconf 90' lang='lat' dir='ltr'><strong>prius</strong></span> <span class='ocrx_word' id='word_1_813' title='bbox 1362 5168 1456 5221; x_wconf 90' lang='lat' dir='ltr'><strong>pro</strong></span> <span class='ocrx_word' id='word_1_814' title='bbox 1491 5153 1605 5206; x_wconf 84' lang='lat' dir='ltr'><strong>suis</strong></span> <span class='ocrx_word' id='word_1_815' title='bbox 1635 5151 1844 5206; x_wconf 89' lang='lat' dir='ltr'><strong>delictis</strong></span> <span class='ocrx_word' id='word_1_816' title='bbox 1880 5151 2081 5205; x_wconf 90' lang='lat' dir='ltr'><strong>hostias</strong></span> <span class='ocrx_word' id='word_1_817' title='bbox 2125 5152 2209 5204; x_wconf 86' lang='lat' dir='ltr'><strong>of-</strong></span> 
     </span>
    </p>
   </div>
   <div class='ocr_carea' id='block_1_102' title="bbox 641 5242 2209 5313">
    <p class='ocr_par' dir='ltr' id='par_1_102' title="bbox 641 5242 2209 5313">
     <span class='ocr_line' id='line_1_102' title="bbox 641 5242 2209 5313; baseline 0.003 -19"><span class='ocrx_word' id='word_1_818' title='bbox 641 5243 801 5307; x_wconf 88' lang='lat' dir='ltr'><strong>ferre,</strong></span> <span class='ocrx_word' id='word_1_819' title='bbox 838 5242 1029 5295; x_wconf 85' lang='lat' dir='ltr'><strong>deinde</strong></span> <span class='ocrx_word' id='word_1_820' title='bbox 1058 5252 1153 5310; x_wconf 86' lang='lat' dir='ltr'><strong>pro</strong></span> <span class='ocrx_word' id='word_1_821' title='bbox 1183 5245 1360 5313; x_wconf 77' lang='lat' dir='ltr'><strong>populi</strong></span> <span class='ocrx_word' id='word_1_822' title='bbox 1393 5263 1405 5296; x_wconf 86' lang='lat'><strong>:</strong></span> <span class='ocrx_word' id='word_1_823' title='bbox 1446 5246 1545 5298; x_wconf 87' lang='lat' dir='ltr'><strong>huc</strong></span> <span class='ocrx_word' id='word_1_824' title='bbox 1573 5246 1716 5298; x_wconf 90' lang='lat' dir='ltr'><strong>enim</strong></span> <span class='ocrx_word' id='word_1_825' title='bbox 1747 5244 1874 5297; x_wconf 83' lang='lat' dir='ltr'><strong>fecit</strong></span> <span class='ocrx_word' id='word_1_826' title='bbox 1907 5244 2073 5299; x_wconf 89' lang='lat' dir='ltr'><strong>semel</strong></span> <span class='ocrx_word' id='word_1_827' title='bbox 2121 5260 2209 5299; x_wconf 87' lang='lat' dir='ltr'><strong>se-</strong></span> 
     </span>
    </p>
   </div>
   <div class='ocr_carea' id='block_1_103' title="bbox 640 5334 2213 5402">
    <p class='ocr_par' dir='ltr' id='par_1_103' title="bbox 640 5334 2213 5402">
     <span class='ocr_line' id='line_1_103' title="bbox 640 5334 2213 5402; baseline 0.003 -14"><span class='ocrx_word' id='word_1_828' title='bbox 640 5334 813 5402; x_wconf 88' lang='lat' dir='ltr'><strong>ipsum</strong></span> <span class='ocrx_word' id='word_1_829' title='bbox 840 5335 1094 5388; x_wconf 82' lang='lat' dir='ltr'><strong>olfereus.</strong></span> <span class='ocrx_word' id='word_1_830' title='bbox 1128 5336 1236 5389; x_wconf 80' lang='lat' dir='ltr'><strong>Lex</strong></span> <span class='ocrx_word' id='word_1_831' title='bbox 1258 5337 1397 5390; x_wconf 89' lang='lat' dir='ltr'><strong>enim</strong></span> <span class='ocrx_word' id='word_1_832' title='bbox 1427 5338 1671 5392; x_wconf 84' lang='lat' dir='ltr'><strong>homines</strong></span> <span class='ocrx_word' id='word_1_833' title='bbox 1702 5338 1987 5393; x_wconf 90' lang='lat' dir='ltr'><strong>constituit</strong></span> <span class='ocrx_word' id='word_1_834' title='bbox 2013 5352 2213 5392; x_wconf 86' lang='lat' dir='ltr'><strong>sacer-</strong></span> 
     </span>
    </p>
   </div>
   <div class='ocr_carea' id='block_1_104' title="bbox 638 5426 2213 5498">
    <p class='ocr_par' dir='ltr' id='par_1_104' title="bbox 638 5426 2213 5498">
     <span class='ocr_line' id='line_1_104' title="bbox 638 5426 2213 5498; baseline 0.003 -20"><span class='ocrx_word' id='word_1_835' title='bbox 638 5427 790 5479; x_wconf 88' lang='lat' dir='ltr'><strong>dotes</strong></span> <span class='ocrx_word' id='word_1_836' title='bbox 821 5426 1189 5480; x_wconf 88' lang='lat' dir='ltr'><strong>inlirmitatem</strong></span> <span class='ocrx_word' id='word_1_837' title='bbox 1226 5429 1488 5482; x_wconf 71' lang='lat' dir='ltr'><strong>habentes</strong></span> <span class='ocrx_word' id='word_1_838' title='bbox 1520 5445 1533 5480; x_wconf 91' lang='lat'>:</span> <span class='ocrx_word' id='word_1_839' title='bbox 1565 5444 1743 5484; x_wconf 89' lang='lat' dir='ltr'><strong>sermo</strong></span> <span class='ocrx_word' id='word_1_840' title='bbox 1777 5440 1958 5484; x_wconf 89' lang='lat' dir='ltr'><strong>autem</strong></span> <span class='ocrx_word' id='word_1_841' title='bbox 1983 5427 2213 5498; x_wconf 83' lang='lat' dir='ltr'><strong>jurisju-</strong></span> 
     </span>
    </p>
   </div>
   <div class='ocr_carea' id='block_1_105' title="bbox 639 5516 2215 5589">
    <p class='ocr_par' dir='ltr' id='par_1_105' title="bbox 639 5516 2215 5589">
     <span class='ocr_line' id='line_1_105' title="bbox 639 5516 2215 5589; baseline 0.003 -19"><span class='ocrx_word' id='word_1_842' title='bbox 639 5516 791 5570; x_wconf 90' lang='lat' dir='ltr'><strong>randi</strong></span> <span class='ocrx_word' id='word_1_843' title='bbox 824 5518 965 5584; x_wconf 86' lang='lat' dir='ltr'><strong>quod</strong></span> <span class='ocrx_word' id='word_1_844' title='bbox 997 5526 1117 5583; x_wconf 89' lang='lat' dir='ltr'><strong>post</strong></span> <span class='ocrx_word' id='word_1_845' title='bbox 1151 5517 1321 5586; x_wconf 87' lang='lat' dir='ltr'><strong>legem</strong></span> <span class='ocrx_word' id='word_1_846' title='bbox 1360 5530 1463 5584; x_wconf 88' lang='lat' dir='ltr'><strong>est,</strong></span> <span class='ocrx_word' id='word_1_847' title='bbox 1494 5518 1688 5575; x_wconf 81' lang='lat' dir='ltr'><strong>Filium</strong></span> <span class='ocrx_word' id='word_1_848' title='bbox 1718 5521 1771 5575; x_wconf 90' lang='lat' dir='ltr'><strong>in</strong></span> <span class='ocrx_word' id='word_1_849' title='bbox 1800 5532 2060 5575; x_wconf 74' lang='lat' dir='ltr'><strong>:eternum</strong></span> <span class='ocrx_word' id='word_1_850' title='bbox 2090 5534 2215 5589; x_wconf 87' lang='lat' dir='ltr'><strong>per-</strong></span> 
     </span>
    </p>
   </div>
   <div class='ocr_carea' id='block_1_106' title="bbox 710 5714 1154 5779">
    <p class='ocr_par' dir='ltr' id='par_1_106' title="bbox 710 5714 1154 5779">
     <span class='ocr_line' id='line_1_106' title="bbox 710 5714 1154 5779; baseline 0 -9"><span class='ocrx_word' id='word_1_851' title='bbox 710 5716 753 5747; x_wconf 78' lang='lat'>&quot;</span> <span class='ocrx_word' id='word_1_852' title='bbox 790 5714 943 5770; x_wconf 83' lang='lat' dir='ltr'><strong>Joan.</strong></span> <span class='ocrx_word' id='word_1_853' title='bbox 982 5734 1033 5779; x_wconf 71' lang='grc' dir='ltr'><strong>κ,</strong></span> <span class='ocrx_word' id='word_1_854' title='bbox 1070 5719 1154 5773; x_wconf 74' lang='lat' dir='ltr'><strong>i5.</strong></span> 
     </span>
    </p>
   </div>
   <div class='ocr_carea' id='block_1_107' title="bbox 637 5787 1616 5857">
    <p class='ocr_par' dir='ltr' id='par_1_107' title="bbox 637 5787 1616 5857">
     <span class='ocr_line' id='line_1_107' title="bbox 637 5787 1616 5857; baseline 0.003 -15"><span class='ocrx_word' id='word_1_855' title='bbox 637 5787 793 5843; x_wconf 77' lang='lat' dir='ltr'><strong>Rom.</strong></span> <span class='ocrx_word' id='word_1_856' title='bbox 836 5804 949 5855; x_wconf 77' lang='lat' dir='ltr'><strong>vui,</strong></span> <span class='ocrx_word' id='word_1_857' title='bbox 986 5791 1032 5843; x_wconf 63' lang='grc' dir='ltr'>ί.</span> <span class='ocrx_word' id='word_1_858' title='bbox 1114 5792 1153 5819; x_wconf 88' lang='grc'><strong>¹¹</strong></span> <span class='ocrx_word' id='word_1_859' title='bbox 1199 5791 1212 5843; x_wconf 96' lang='lat' dir='ltr'><strong>l</strong></span> <span class='ocrx_word' id='word_1_860' title='bbox 1253 5791 1377 5844; x_wconf 81' lang='lat' dir='ltr'><strong>Cor.</strong></span> <span class='ocrx_word' id='word_1_861' title='bbox 1409 5810 1495 5857; x_wconf 66' lang='grc' dir='ltr'>λγ,</span> <span class='ocrx_word' id='word_1_862' title='bbox 1531 5794 1616 5845; x_wconf 70' lang='grc'><strong>47.</strong></span> 
     </span>
    </p>
   </div>
   <div class='ocr_carea' id='block_1_108' title="bbox 1235 5719 2499 5847">
    <p class='ocr_par' dir='ltr' id='par_1_108' title="bbox 1235 5719 2499 5847">
     <span class='ocr_line' id='line_1_108' title="bbox 1235 5719 2499 5786; baseline 0.001 -14"><span class='ocrx_word' id='word_1_863' title='bbox 1235 5720 1276 5751; x_wconf 79' lang='grc'><strong>¹⁶</strong></span> <span class='ocrx_word' id='word_1_864' title='bbox 1314 5719 1467 5776; x_wconf 80' lang='lat' dir='ltr'><strong>Joau.</strong></span> <span class='ocrx_word' id='word_1_865' title='bbox 1506 5739 1633 5783; x_wconf 71' lang='lat' dir='ltr'><strong>xvn,</strong></span> <span class='ocrx_word' id='word_1_866' title='bbox 1670 5721 1750 5774; x_wconf 73' lang='lat' dir='ltr'><strong>l9.</strong></span> <span class='ocrx_word' id='word_1_867' title='bbox 1831 5721 1873 5754; x_wconf 80' lang='lat'>”</span> <span class='ocrx_word' id='word_1_868' title='bbox 1917 5720 2078 5775; x_wconf 85' lang='lat' dir='ltr'><strong>llcbt‘.</strong></span> <span class='ocrx_word' id='word_1_869' title='bbox 2125 5737 2183 5786; x_wconf 89' lang='lat' dir='ltr'><strong>It,</strong></span> <span class='ocrx_word' id='word_1_870' title='bbox 2217 5721 2270 5776; x_wconf 83' lang='lat'><strong>9.</strong></span> <span class='ocrx_word' id='word_1_871' title='bbox 2353 5722 2396 5751; x_wconf 77' lang='lat'>”</span> <span class='ocrx_word' id='word_1_872' title='bbox 2438 5719 2499 5773; x_wconf 81' lang='lat' dir='ltr'><strong>Is:</strong></span> 
     </span>
     <span class='ocr_line' id='line_1_109' title="bbox 1253 5791 2499 5847; baseline 0.002 -4"><span class='ocrx_word' id='word_1_873' title='bbox 1253 5791 1377 5844; x_wconf 81' lang='lat' dir='ltr'><strong>Cor.</strong></span> <span class='ocrx_word' id='word_1_874' title='bbox 1409 5810 1495 5847; x_wconf 66' lang='grc' dir='ltr'>λγ,</span> <span class='ocrx_word' id='word_1_875' title='bbox 1531 5794 1616 5845; x_wconf 69' lang='grc'><strong>47.</strong></span> <span class='ocrx_word' id='word_1_876' title='bbox 1696 5796 1737 5822; x_wconf 81' lang='grc'><strong>²’</strong></span> <span class='ocrx_word' id='word_1_877' title='bbox 1779 5792 1933 5845; x_wconf 79' lang='lat' dir='ltr'><strong>lium.</strong></span> <span class='ocrx_word' id='word_1_878' title='bbox 1972 5806 2021 5847; x_wconf 88' lang='lat' dir='ltr'><strong>v.</strong></span> <span class='ocrx_word' id='word_1_879' title='bbox 2060 5792 2141 5846; x_wconf 77' lang='grc' dir='ltr'><strong>ω.</strong></span> <span class='ocrx_word' id='word_1_880' title='bbox 2220 5792 2264 5822; x_wconf 77' lang='grc'><strong>’³</strong></span> <span class='ocrx_word' id='word_1_881' title='bbox 2306 5791 2435 5847; x_wconf 84' lang='lat' dir='ltr'><strong>ibid.</strong></span> <span class='ocrx_word' id='word_1_882' title='bbox 2468 5794 2499 5845; x_wconf 83' lang='lat'><strong>9</strong></span> 
     </span>
    </p>
   </div>
   <div class='ocr_carea' id='block_1_109' title="bbox 1722 5796 2520 5856">
    <p class='ocr_par' dir='ltr' id='par_1_109' title="bbox 1722 5796 2520 5856">
     <span class='ocr_line' id='line_1_110' title="bbox 1722 5796 2520 5856; baseline -0.001 -11"><span class='ocrx_word' id='word_1_883' title='bbox 1722 5796 1737 5821; x_wconf 83' lang='grc'><strong><em>’</em></strong></span> <span class='ocrx_word' id='word_1_884' title='bbox 1779 5796 1933 5845; x_wconf 77' lang='lat' dir='ltr'><strong>lium.</strong></span> <span class='ocrx_word' id='word_1_885' title='bbox 1972 5806 2021 5856; x_wconf 84' lang='lat' dir='ltr'><strong>v,</strong></span> <span class='ocrx_word' id='word_1_886' title='bbox 2060 5796 2141 5846; x_wconf 71' lang='lat'><strong>19.</strong></span> <span class='ocrx_word' id='word_1_887' title='bbox 2220 5796 2264 5822; x_wconf 75' lang='grc'><strong>’³</strong></span> <span class='ocrx_word' id='word_1_888' title='bbox 2306 5796 2435 5847; x_wconf 84' lang='lat' dir='ltr'><strong>ibid.</strong></span> <span class='ocrx_word' id='word_1_889' title='bbox 2468 5796 2520 5845; x_wconf 79' lang='grc' dir='ltr'><strong>υ.</strong></span> 
     </span>
    </p>
   </div>
   <div class='ocr_carea' id='block_1_110' title="bbox 2317 4696 3904 4768">
    <p class='ocr_par' dir='ltr' id='par_1_110' title="bbox 2317 4696 3904 4768">
     <span class='ocr_line' id='line_1_111' title="bbox 2317 4696 3904 4768; baseline 0.001 -19"><span class='ocrx_word' id='word_1_890' title='bbox 2317 4700 2523 4765; x_wconf 74' lang='grc' dir='ltr'>φωνὴν,</span> <span class='ocrx_word' id='word_1_891' title='bbox 2575 4715 2592 4746; x_wconf 87' lang='grc' dir='ltr'><strong>ι</strong></span> <span class='ocrx_word' id='word_1_892' title='bbox 2625 4696 2828 4765; x_wconf 82' lang='grc' dir='ltr'>Κύριος</span> <span class='ocrx_word' id='word_1_893' title='bbox 2882 4696 3195 4767; x_wconf 86' lang='grc' dir='ltr'>παρέδωκεν</span> <span class='ocrx_word' id='word_1_894' title='bbox 3244 4698 3406 4751; x_wconf 85' lang='grc' dir='ltr'>αὑτὸν</span> <span class='ocrx_word' id='word_1_895' title='bbox 3446 4703 3560 4760; x_wconf 88' lang='grc' dir='ltr'>ταῖς</span> <span class='ocrx_word' id='word_1_896' title='bbox 3594 4700 3904 4768; x_wconf 78' lang='grc' dir='ltr'>ἁμαρτίαις</span> 
     </span>
    </p>
   </div>
   <div class='ocr_carea' id='block_1_111' title="bbox 2316 4786 3899 4860">
    <p class='ocr_par' dir='ltr' id='par_1_111' title="bbox 2316 4786 3899 4860">
     <span class='ocr_line' id='line_1_112' title="bbox 2316 4786 3899 4860; baseline 0.001 -19"><span class='ocrx_word' id='word_1_897' title='bbox 2316 4790 2473 4859; x_wconf 83' lang='grc' dir='ltr'>ἡμῶν</span> <span class='ocrx_word' id='word_1_898' title='bbox 2495 4808 2507 4819; x_wconf 74' lang='grc' dir='ltr'><strong>ο</strong></span> <span class='ocrx_word' id='word_1_899' title='bbox 2548 4807 2567 4841; x_wconf 73' lang='grc' dir='ltr'><strong>ι</strong></span> <span class='ocrx_word' id='word_1_900' title='bbox 2602 4787 2810 4841; x_wconf 84' lang='grc' dir='ltr'>δέδοται</span> <span class='ocrx_word' id='word_1_901' title='bbox 2836 4787 2893 4841; x_wconf 83' lang='grc' dir='ltr'>δὲ</span> <span class='ocrx_word' id='word_1_902' title='bbox 2924 4788 3125 4857; x_wconf 82' lang='grc' dir='ltr'>μᾶλλον</span> <span class='ocrx_word' id='word_1_903' title='bbox 3152 4790 3246 4843; x_wconf 62' lang='grc' dir='ltr'><strong>καλ⁵</strong></span> <span class='ocrx_word' id='word_1_904' title='bbox 3276 4790 3415 4860; x_wconf 80' lang='grc' dir='ltr'>ὑπὲρ</span> <span class='ocrx_word' id='word_1_905' title='bbox 3447 4791 3558 4842; x_wconf 83' lang='grc' dir='ltr'>τῶν</span> <span class='ocrx_word' id='word_1_906' title='bbox 3596 4791 3771 4844; x_wconf 83' lang='grc' dir='ltr'>ἰδίων.</span> <span class='ocrx_word' id='word_1_907' title='bbox 3818 4786 3899 4843; x_wconf 75' lang='grc' dir='ltr'>Οὗ</span> 
     </span>
    </p>
   </div>
   <div class='ocr_carea' id='block_1_112' title="bbox 2315 4880 3901 4952">
    <p class='ocr_par' dir='ltr' id='par_1_112' title="bbox 2315 4880 3901 4952">
     <span class='ocr_line' id='line_1_113' title="bbox 2315 4880 3901 4952; baseline 0.003 -20"><span class='ocrx_word' id='word_1_908' title='bbox 2315 4881 2424 4951; x_wconf 87' lang='grc' dir='ltr'>γὰρ</span> <span class='ocrx_word' id='word_1_909' title='bbox 2452 4880 2587 4944; x_wconf 76' lang='grc' dir='ltr'>ὅλως</span> <span class='ocrx_word' id='word_1_910' title='bbox 2632 4881 2791 4933; x_wconf 86' lang='grc' dir='ltr'>θυσία</span> <span class='ocrx_word' id='word_1_911' title='bbox 2837 4883 2933 4934; x_wconf 76' lang='grc' dir='ltr'><strong>καὶ</strong></span> <span class='ocrx_word' id='word_1_912' title='bbox 2968 4881 3303 4952; x_wconf 81' lang='grc' dir='ltr'>προσαγωγὴ</span> <span class='ocrx_word' id='word_1_913' title='bbox 3331 4923 3345 4945; x_wconf 93' lang='grc'><strong>,</strong></span> <span class='ocrx_word' id='word_1_914' title='bbox 3383 4884 3498 4934; x_wconf 79' lang='grc' dir='ltr'>ἐκεῖ</span> <span class='ocrx_word' id='word_1_915' title='bbox 3538 4901 3639 4935; x_wconf 88' lang='grc' dir='ltr'><strong>που</strong></span> <span class='ocrx_word' id='word_1_916' title='bbox 3674 4884 3901 4947; x_wconf 90' lang='grc' dir='ltr'>πάντως</span> 
     </span>
    </p>
   </div>
   <div class='ocr_carea' id='block_1_113' title="bbox 2315 4971 3900 5045">
    <p class='ocr_par' dir='ltr' id='par_1_113' title="bbox 2315 4971 3900 5045">
     <span class='ocr_line' id='line_1_114' title="bbox 2315 4971 3900 5045; baseline 0.001 -20"><span class='ocrx_word' id='word_1_917' title='bbox 2315 4973 2409 5025; x_wconf 74' lang='grc' dir='ltr'>καὶ</span> <span class='ocrx_word' id='word_1_918' title='bbox 2436 4974 2629 5041; x_wconf 76' lang='grc' dir='ltr'>ἄφεσις</span> <span class='ocrx_word' id='word_1_919' title='bbox 2652 4973 2957 5045; x_wconf 82' lang='grc' dir='ltr'>ἁμαρτιῶν.</span> <span class='ocrx_word' id='word_1_920' title='bbox 2985 4975 3357 5043; x_wconf 86' lang='grc' dir='ltr'>Πεφενάκικεν</span> <span class='ocrx_word' id='word_1_921' title='bbox 3382 4971 3474 5028; x_wconf 80' lang='grc' dir='ltr'><strong>οὖν</strong></span> <span class='ocrx_word' id='word_1_922' title='bbox 3503 4976 3610 5043; x_wconf 82' lang='grc' dir='ltr'>ἄρα</span> <span class='ocrx_word' id='word_1_923' title='bbox 3639 4978 3765 5037; x_wconf 71' lang='grc' dir='ltr'>τοὺς</span> <span class='ocrx_word' id='word_1_924' title='bbox 3792 4976 3900 5028; x_wconf 83' lang='grc' dir='ltr'><strong>άνά</strong></span> 
     </span>
    </p>
   </div>
   <div class='ocr_carea' id='block_1_114' title="bbox 2317 5063 3899 5136">
    <p class='ocr_par' dir='ltr' id='par_1_114' title="bbox 2317 5063 3899 5136">
     <span class='ocr_line' id='line_1_115' title="bbox 2317 5063 3899 5136; baseline -0.002 -16"><span class='ocrx_word' id='word_1_925' title='bbox 2317 5068 2499 5120; x_wconf 79' lang='grc' dir='ltr'>πᾶσαν</span> <span class='ocrx_word' id='word_1_926' title='bbox 2542 5066 2642 5136; x_wconf 82' lang='grc' dir='ltr'>τὴν</span> <span class='ocrx_word' id='word_1_927' title='bbox 2673 5067 2763 5119; x_wconf 78' lang='grc' dir='ltr'>ὑπ’</span> <span class='ocrx_word' id='word_1_928' title='bbox 2804 5065 3032 5135; x_wconf 85' lang='grc' dir='ltr'>οὐρανὸν</span> <span class='ocrx_word' id='word_1_929' title='bbox 3076 5068 3103 5119; x_wconf 89' lang='lat'><strong>6</strong></span> <span class='ocrx_word' id='word_1_930' title='bbox 3150 5064 3438 5128; x_wconf 86' lang='grc' dir='ltr'>θεσπέσιος</span> <span class='ocrx_word' id='word_1_931' title='bbox 3484 5063 3727 5126; x_wconf 81' lang='grc' dir='ltr'>Παῦλος,</span> <span class='ocrx_word' id='word_1_932' title='bbox 3765 5066 3899 5133; x_wconf 77' lang='grc' dir='ltr'>περὶ</span> 
     </span>
    </p>
   </div>
   <div class='ocr_carea' id='block_1_115' title="bbox 2318 5153 3897 5227">
    <p class='ocr_par' dir='ltr' id='par_1_115' title="bbox 2318 5153 3897 5227">
     <span class='ocr_line' id='line_1_116' title="bbox 2318 5153 3897 5227; baseline -0.004 -16"><span class='ocrx_word' id='word_1_933' title='bbox 2318 5156 2483 5212; x_wconf 80' lang='grc' dir='ltr'>αὐτοῦ</span> <span class='ocrx_word' id='word_1_934' title='bbox 2512 5156 2837 5227; x_wconf 80' lang='grc' dir='ltr'>γεγραφώς’</span> <span class='ocrx_word' id='word_1_935' title='bbox 2877 5176 2894 5206; x_wconf 85' lang='grc' dir='ltr'><strong>ι</strong></span> <span class='ocrx_word' id='word_1_936' title='bbox 2932 5155 3185 5217; x_wconf 80' lang='grc' dir='ltr'>Τοιοῦτος</span> <span class='ocrx_word' id='word_1_937' title='bbox 3213 5155 3321 5225; x_wconf 84' lang='grc' dir='ltr'><strong>γάρ</strong></span> <span class='ocrx_word' id='word_1_938' title='bbox 3356 5156 3487 5225; x_wconf 80' lang='grc' dir='ltr'>ἡμῖν</span> <span class='ocrx_word' id='word_1_939' title='bbox 3526 5153 3763 5222; x_wconf 78' lang='grc' dir='ltr'>ἔπρεπεν</span> <span class='ocrx_word' id='word_1_940' title='bbox 3795 5155 3897 5223; x_wconf 85' lang='grc' dir='ltr'>ἀρ-</span> 
     </span>
    </p>
   </div>
   <div class='ocr_carea' id='block_1_116' title="bbox 2315 5245 3902 5318">
    <p class='ocr_par' dir='ltr' id='par_1_116' title="bbox 2315 5245 3902 5318">
     <span class='ocr_line' id='line_1_117' title="bbox 2315 5245 3902 5318; baseline -0.002 -18"><span class='ocrx_word' id='word_1_941' title='bbox 2315 5248 2552 5318; x_wconf 75' lang='grc' dir='ltr'>χιερεὺς,</span> <span class='ocrx_word' id='word_1_942' title='bbox 2583 5250 2748 5314; x_wconf 80' lang='grc' dir='ltr'>ὅσιος,</span> <span class='ocrx_word' id='word_1_943' title='bbox 2782 5248 3009 5310; x_wconf 80' lang='grc' dir='ltr'>ἄκακος,</span> <span class='ocrx_word' id='word_1_944' title='bbox 3041 5247 3327 5317; x_wconf 85' lang='grc' dir='ltr'>ἀμίαντος,</span> <span class='ocrx_word' id='word_1_945' title='bbox 3358 5245 3760 5315; x_wconf 82' lang='grc' dir='ltr'>κεχωρισμένος</span> <span class='ocrx_word' id='word_1_946' title='bbox 3789 5246 3902 5297; x_wconf 77' lang='grc' dir='ltr'><strong>ἀπὸ</strong></span> 
     </span>
    </p>
   </div>
   <div class='ocr_carea' id='block_1_117' title="bbox 2314 5336 3899 5412">
    <p class='ocr_par' dir='ltr' id='par_1_117' title="bbox 2314 5336 3899 5412">
     <span class='ocr_line' id='line_1_118' title="bbox 2314 5336 3899 5412; baseline -0.004 -19"><span class='ocrx_word' id='word_1_947' title='bbox 2314 5341 2423 5393; x_wconf 87' lang='grc' dir='ltr'><strong>τῶν</strong></span> <span class='ocrx_word' id='word_1_948' title='bbox 2464 5340 2825 5412; x_wconf 79' lang='grc' dir='ltr'>ἁμαρτωλῶν,</span> <span class='ocrx_word' id='word_1_949' title='bbox 2855 5341 2949 5394; x_wconf 79' lang='grc' dir='ltr'>καὶ</span> <span class='ocrx_word' id='word_1_950' title='bbox 2977 5340 3308 5409; x_wconf 79' lang='grc' dir='ltr'>ὑψηλότερος</span> <span class='ocrx_word' id='word_1_951' title='bbox 3337 5337 3444 5390; x_wconf 85' lang='grc' dir='ltr'><strong>τῶν</strong></span> <span class='ocrx_word' id='word_1_952' title='bbox 3466 5336 3711 5407; x_wconf 79' lang='grc' dir='ltr'>οὐρανῶν</span> <span class='ocrx_word' id='word_1_953' title='bbox 3743 5337 3899 5405; x_wconf 80' lang='grc' dir='ltr'>γενό-</span> 
     </span>
    </p>
   </div>
   <div class='ocr_carea' id='block_1_118' title="bbox 2321 5425 3895 5500">
    <p class='ocr_par' dir='ltr' id='par_1_118' title="bbox 2321 5425 3895 5500">
     <span class='ocr_line' id='line_1_119' title="bbox 2321 5425 3895 5500; baseline -0.004 -17"><span class='ocrx_word' id='word_1_954' title='bbox 2321 5446 2507 5499; x_wconf 90' lang='grc' dir='ltr'>μενος·</span> <span class='ocrx_word' id='word_1_955' title='bbox 2534 5431 2591 5494; x_wconf 84' lang='grc' dir='ltr'>ὃς</span> <span class='ocrx_word' id='word_1_956' title='bbox 2614 5432 2715 5483; x_wconf 80' lang='grc' dir='ltr'><strong>οὐκ</strong></span> <span class='ocrx_word' id='word_1_957' title='bbox 2746 5429 2860 5500; x_wconf 78' lang='grc' dir='ltr'>ἔχει</span> <span class='ocrx_word' id='word_1_958' title='bbox 2903 5429 3023 5483; x_wconf 83' lang='grc' dir='ltr'>καθ’</span> <span class='ocrx_word' id='word_1_959' title='bbox 3065 5428 3275 5499; x_wconf 80' lang='grc' dir='ltr'>ἡμέραν</span> <span class='ocrx_word' id='word_1_960' title='bbox 3306 5428 3571 5497; x_wconf 85' lang='grc' dir='ltr'>ἀνάγκην,</span> <span class='ocrx_word' id='word_1_961' title='bbox 3616 5425 3809 5495; x_wconf 82' lang='grc' dir='ltr'>ὥσπερ</span> <span class='ocrx_word' id='word_1_962' title='bbox 3845 5427 3895 5477; x_wconf 81' lang='lat' dir='ltr'><strong>oi</strong></span> 
     </span>
    </p>
   </div>
   <div class='ocr_carea' id='block_1_119' title="bbox 2315 5515 3895 5591">
    <p class='ocr_par' dir='ltr' id='par_1_119' title="bbox 2315 5515 3895 5591">
     <span class='ocr_line' id='line_1_120' title="bbox 2315 5515 3895 5591; baseline -0.003 -18"><span class='ocrx_word' id='word_1_963' title='bbox 2315 5520 2627 5591; x_wconf 83' lang='grc' dir='ltr'>ἀρχιερεῖς,</span> <span class='ocrx_word' id='word_1_964' title='bbox 2659 5519 2923 5589; x_wconf 87' lang='grc' dir='ltr'>πρότερον</span> <span class='ocrx_word' id='word_1_965' title='bbox 2956 5519 3095 5589; x_wconf 82' lang='grc' dir='ltr'>ὑπὲρ</span> <span class='ocrx_word' id='word_1_966' title='bbox 3124 5517 3233 5570; x_wconf 85' lang='grc' dir='ltr'>τῶν</span> <span class='ocrx_word' id='word_1_967' title='bbox 3286 5517 3430 5568; x_wconf 81' lang='grc' dir='ltr'>ἰδίων</span> <span class='ocrx_word' id='word_1_968' title='bbox 3480 5515 3895 5587; x_wconf 80' lang='grc' dir='ltr'>ἁμαρτημάτων</span> 
     </span>
    </p>
   </div>
   <div class='ocr_carea' id='block_1_120' title="bbox 2353 5716 3718 5783">
    <p class='ocr_par' dir='ltr' id='par_1_120' title="bbox 2353 5716 3718 5783">
     <span class='ocr_line' id='line_1_121' title="bbox 2353 5716 3718 5783; baseline -0.002 -11"><span class='ocrx_word' id='word_1_969' title='bbox 2353 5722 2396 5751; x_wconf 68' lang='grc'><strong>’⁸</strong></span> <span class='ocrx_word' id='word_1_970' title='bbox 2438 5719 2542 5776; x_wconf 82' lang='lat' dir='ltr'><strong>lsa.</strong></span> <span class='ocrx_word' id='word_1_971' title='bbox 2575 5737 2691 5775; x_wconf 85' lang='lat' dir='ltr'><strong>LIII.</strong></span> <span class='ocrx_word' id='word_1_972' title='bbox 2727 5719 2981 5783; x_wconf 72' lang='grc' dir='ltr'>5ς1ὶυιιι.</span> <span class='ocrx_word' id='word_1_973' title='bbox 3023 5736 3095 5781; x_wconf 87' lang='lat' dir='ltr'><strong>tv,</strong></span> <span class='ocrx_word' id='word_1_974' title='bbox 3134 5719 3222 5771; x_wconf 60' lang='lat'><strong>‘25.</strong></span> <span class='ocrx_word' id='word_1_975' title='bbox 3305 5720 3345 5748; x_wconf 83' lang='lat'>”</span> <span class='ocrx_word' id='word_1_976' title='bbox 3388 5720 3487 5771; x_wconf 82' lang='lat' dir='ltr'><strong>lsa.</strong></span> <span class='ocrx_word' id='word_1_977' title='bbox 3523 5734 3635 5781; x_wconf 83' lang='lat' dir='ltr'><strong>LIII,</strong></span> <span class='ocrx_word' id='word_1_978' title='bbox 3661 5716 3718 5770; x_wconf 76' lang='grc'><strong>5.</strong></span> 
     </span>
    </p>
   </div>
   <div class='ocr_carea' id='block_1_121' title="bbox 2605 5789 3517 5858">
    <p class='ocr_par' dir='ltr' id='par_1_121' title="bbox 2605 5789 3517 5858">
     <span class='ocr_line' id='line_1_122' title="bbox 2605 5789 3517 5858; baseline -0.005 -12"><span class='ocrx_word' id='word_1_979' title='bbox 2605 5793 2649 5823; x_wconf 68' lang='grc'>³⁵</span> <span class='ocrx_word' id='word_1_980' title='bbox 2684 5792 2788 5846; x_wconf 80' lang='lat' dir='ltr'><strong>lsa.</strong></span> <span class='ocrx_word' id='word_1_981' title='bbox 2818 5805 2932 5855; x_wconf 88' lang='lat' dir='ltr'><strong>Llll,</strong></span> <span class='ocrx_word' id='word_1_982' title='bbox 2979 5790 3071 5858; x_wconf 54' lang='lat' dir='ltr'><strong>lii;</strong></span> <span class='ocrx_word' id='word_1_983' title='bbox 3120 5791 3133 5843; x_wconf 99' lang='lat' dir='ltr'><strong>l</strong></span> <span class='ocrx_word' id='word_1_984' title='bbox 3183 5792 3286 5843; x_wconf 74' lang='lat' dir='ltr'><strong>Cor</strong></span> <span class='ocrx_word' id='word_1_985' title='bbox 3346 5806 3432 5852; x_wconf 74' lang='grc' dir='ltr'><strong>λγ,</strong></span> <span class='ocrx_word' id='word_1_986' title='bbox 3466 5789 3517 5841; x_wconf 80' lang='lat'><strong>5.</strong></span> 
     </span>
    </p>
   </div>
  </div>
