4088 6466
214 363 319 418 165

1281 363 1650 421 ADVERSUS
1687 365 2093 425 NESTORIUM
2129 370 2257 427 LIB.
2302 369 2387 427 Ill.

3356 383 3461 438 166

210 480 403 545 θυσίας
434 480 750 552 ἀναφέρειν,
778 481 970 535 ἔπειτα
1006 480 1117 535 τῶν
1158 483 1252 537 τοῦ
1282 484 1410 538 λαοῦ
1431 502 1445 515 ·
1485 485 1643 539 τοῦτο
1678 486 1788 559 γὰρ

1893 488 2088 545 fectum
2117 492 2183 544 ³⁸.
2224 510 2243 544 ι
2288 490 2569 557 Quomodo
2618 493 2782 563 igitur
2825 506 3048 552 sanctus
3092 508 3175 555 est
3220 502 3457 569 pontifex

210 573 469 643 ἐποίησεν
503 573 722 641 ἐφάπαξ
749 572 941 627 ἐαυτὸν
966 574 1358 645 προσενέγκας.
1398 576 1456 629 '0
1486 576 1647 646 νόμος
1680 577 1788 647 γὰρ

209 665 541 736 ἀνθρώπους
569 664 893 739 καθίστησιν
919 666 1193 735 ἀρχιερεῖς
1223 665 1443 736 ἔχοντας
1470 668 1751 731 ἀσθενείας
1771 685 1786 701 ⁸

210 758 238 809 6
266 756 433 825 λόγος
464 757 520 810 δὲ
551 756 651 827 τῆς
680 755 1029 827 ὁρκωμοσίας
1058 757 1158 827 τῆς
1186 758 1324 827 μετά
1349 759 1438 811 τὸν
1468 759 1789 830 νόμον,Υἱὸν

208 849 291 912 εἰς
337 848 431 902 τὸν
481 846 655 901 αἰῶνα
691 847 1129 917 τετελειωμένον.
1169 867 1187 899 ι
1219 848 1341 913 Πῶς
1378 846 1470 904 οὖν
1515 851 1657 914 ὅσιος
1685 854 1786 923 ἀρ-

209 939 433 1010 χιερεὺς
459 941 487 992 ὁ
520 939 756 1007 Χριστός
784 954 798 1003 ;
832 938 865 1008 ἢ
896 938 1036 991 κατά
1064 939 1185 991 τίνα
1210 941 1410 1011 τρόπον
1440 941 1646 1005 ἄκακος
1695 944 1789 996 καὶ

207 1031 494 1102 ἀμίαντος,
527 1032 575 1083 εἰ
604 1031 781 1083 δέεται
816 1029 935 1100 μεθ’
962 1030 1119 1100 ἡμῶν
1140 1031 1238 1101 τῆς
1270 1031 1456 1096 θυσίας
1491 1051 1789 1105 προσκεκο⁹

200 1122 458 1193 μημένος
509 1121 631 1193 [Ian
680 1121 1272 1195 προσκεκομισμένης]
1316 1126 1395 1187 εἰς
1442 1126 1635 1194 ἄφεσιν
1680 1126 1788 1179 τῶν

211 1212 732 1284 πλημμελημάτων,
779 1212 874 1266 καὶ
922 1214 1003 1275 εἰς
1035 1213 1316 1267 δικαίωσιν
1342 1215 1450 1267 τῶν
1476 1217 1789 1287 ᾑμαρτηκὸ-

210 1321 356 1370 των,
385 1303 510 1367 Πῶς
539 1303 868 1374 κεχώρισται
887 1303 993 1357 τῶν
1023 1304 1380 1376 ἁμαρτωλῶν,
1408 1308 1455 1359 εί
1485 1307 1785 1361 δικαιοῦται

214 1399 315 1452 σὺν
350 1397 557 1462 αὐτοῖς,
589 1398 688 1467 οὐχ
720 1398 907 1469 ἐτέρου
937 1414 1032 1449 του
1092 1398 1252 1469 χάριν
1274 1400 1373 1469 τῆς
1398 1399 1587 1463 θυσίας
1615 1416 1785 1470 προσ-

212 1487 623 1559 κεκομισμένης
650 1528 665 1552 ,
714 1487 747 1557 ἢ
790 1488 998 1543 τούτων
1031 1490 1239 1557 αὐτῶν;
1275 1493 1547 1563 θαυμάζω
1589 1493 1667 1557 δὲ,
1703 1494 1786 1546 ὅτι

210 1580 641 1651 διακεκραγότος
680 1581 775 1633 τοῦ
826 1582 1065 1647 Παύλου,
1112 1584 1205 1636 καὶ
1241 1584 1385 1655 μάλα
1436 1584 1642 1651 σαφῶς,
1687 1586 1786 1637 οὐκ

212 1666 357 1722 εἶναι
398 1670 781 1741 παραπλήσιον
818 1673 933 1735 τοῖς
965 1672 1104 1744 ὑπὲρ
1140 1674 1249 1726 τῶν
1291 1674 1436 1727 ἰδίων
1469 1675 1785 1745 πλημμελη-

215 1760 405 1831 μάτων
431 1762 825 1832 προσκομίζειν
848 1763 1316 1835 κεκελευσμένοις,
1343 1766 1531 1819 ἔπειτα
1556 1767 1664 1820 τῶν
1687 1767 1781 1819 τοῦ

1889 579 2174 637 Christus?
2215 582 2298 636 vel
2330 584 2598 651 quomodo
2642 584 2902 641 innocens
2938 596 2991 641 et
3028 588 3373 657 impollutus,
3418 597 3461 645 si

1890 672 2174 727 nobiscum
2205 672 2407 743 indiget
2432 675 2607 730 hostia
2640 692 2735 746 pro
2762 679 2997 746 peccatis
3034 681 3368 736 remittemlis
3412 698 3457 734 et

1892 761 1955 815 ad
2001 773 2313 830 peccatores
2346 764 2722 831 justiflcandos
2763 766 3011 821 oblatus?
3053 767 3333 834 Quomodo
3378 786 3462 824 se-

1891 860 2141 920 gregatus
2167 868 2195 905 a
2229 855 2622 921 peccatoribus,
2652 856 2696 910 si
2726 871 2829 908 una
2857 872 2977 910 cum
3009 860 3135 926 ipsis
3171 859 3280 930 94
3304 861 3432 927 justi

1891 941 2161 1008 ficagbitur,
2201 958 2323 997 cum
2374 945 2550 1000 hostia
2578 961 2683 999 non
2729 947 2830 1000 alia
2877 951 2941 1002 de
2971 963 3131 1003 causa
3181 950 3461 1018 offeratur,

1888 1048 2047 1101 quam
2070 1050 2167 1103 pro
2204 1035 2319 1089 isuis
2355 1037 2525 1103 ipsis?
2567 1037 2733 1091 Miror
2771 1046 2951 1094 autem
2990 1043 3154 1110 quod,
3196 1044 3463 1097 clamante

1888 1123 2074 1188 Paulo,
2102 1134 2154 1178 et
2180 1127 2395 1194 quidem
2428 1130 2793 1195 apertissime,
2827 1145 2932 1184 non
2965 1146 3084 1185 esse
3112 1133 3257 1186 illum
3289 1135 3461 1202 persi-

1890 1215 2068 1269 milem
2131 1216 2214 1270 his
2256 1218 2450 1286 quibus
2489 1234 2586 1287 pro
2628 1221 2743 1274 suis
2783 1221 2992 1276 delictis
3030 1222 3233 1277 hostias
3269 1224 3461 1280 offerre

1888 1308 1960 1361 sit
1983 1308 2223 1376 jussum,
2279 1312 2473 1365 deinde
2504 1327 2601 1380 pro
2630 1313 2844 1368 delictis
2883 1315 3098 1384 populi,
3137 1331 3240 1369 non
3272 1317 3461 1370 timeas

1886 1397 2157 1451 contraria
2180 1399 2475 1464 praedicare
2507 1398 2571 1451 iis
2600 1414 2717 1467 quae
2758 1399 2847 1453 ille
2886 1401 3040 1464 dixit,
3072 1402 3163 1453 sed
3216 1415 3462 1454 asserere

1887 1486 2108 1550 audeas,
2136 1500 2231 1555 pro
2264 1485 2474 1539 illorum
2511 1487 2866 1540 similitudine
2912 1489 3001 1555 qui
3054 1488 3349 1540 secundum
3386 1485 3462 1539 le-

1887 1591 2005 1646 gem
2035 1575 2252 1630 fuerunt
2274 1577 2601 1641 sacerdotes,
2625 1578 2785 1631 etiam
2818 1578 2987 1646 ipsum
3018 1592 3112 1644 pro
3140 1593 3200 1632 se
3230 1577 3458 1631 hostiam

1886 1667 2099 1721 olferre.
2145 1666 2213 1720 Et
2264 1668 2310 1720 si
2348 1682 2531 1720 verum
2562 1679 2643 1722 est
2676 1669 2788 1737 lege
2840 1668 3097 1722 constitui
3149 1671 3460 1722 sacerdotes

1890 1757 2148 1812 habentes
2183 1754 2571 1817 infirmitatem,
2613 1772 2862 1811 sermone
2893 1768 3070 1810 autem
3104 1755 3461 1827 jurisjurandi

209 1850 346 1905 λαοῦ
373 1850 719 1920 πρεσϐεύειν,
758 1854 819 1906 ού
847 1854 1023 1917 δέδιας
1047 1894 1062 1918 ,
1093 1851 1173 1919 οἷς
1199 1855 1302 1927 ἔφη
1332 1858 1587 1911 τάναντία
1618 1859 1783 1926 φάναι

1893 1848 2026 1915 quod
2058 1856 2177 1915 post
2209 1844 2380 1914 legem
2409 1855 2514 1908 est,
2542 1844 2736 1899 Filium
2762 1846 2814 1901 iu
2842 1856 3106 1900 aeternum
3136 1846 3457 1914 perfectum,

210 1958 273 1994 τε
305 1942 514 2013 τολμᾷς
559 1941 695 2014 [τοῦ
725 1943 878 2007 λαοῦ,
925 1946 1249 2016 πρεσϐεύειν
1274 1949 1332 2000 ού
1359 1948 1533 2011 δέδιας
1560 1944 1642 2012 οἱς
1679 1951 1781 2022 ἔφη

209 2034 475 2086 τάναντία
499 2072 515 2097 ,
555 2035 721 2103 φάναι
755 2052 813 2087 τε
847 2036 1052 2107 τολμᾷς
1077 2037 1125 2109 ],
1179 2038 1302 2093 καθ’
1351 2041 1644 2111 ὁμοιότητα
1685 2043 1785 2113 τὴν

211 2123 466 2187 ἐκείνων,
499 2124 548 2177 οἳ
593 2124 732 2178 κατά
757 2124 919 2195 νόμον
961 2128 1248 2195 γεγόνασιν
1279 2130 1463 2200 ἱερεῖς,
1503 2133 1592 2184 καὶ
1621 2132 1786 2186 αὐτὸν

212 2214 361 2284 ὑπὲρ
410 2215 599 2267 ἐαυτου
646 2216 947 2284 προσάγειν
1008 2217 1218 2273 θυσίαν.
1278 2221 1388 2272 Καὶ
1435 2221 1592 2289 είπερ
1639 2223 1784 2275 ἐστὶν

213 2303 437 2375 ἀληθὲς,
454 2303 529 2367 ὡς
552 2306 581 2357 ὁ
602 2305 763 2375 νόμος
793 2307 893 2377 μὲν
920 2308 1240 2380 καθίστησιν
1261 2312 1538 2384 ἀρχιερεῖς
1562 2314 1785 2384 ἔχοντας

215 2394 499 2457 ἀσθενείας
517 2412 531 2426 ο
562 2396 591 2447 ὁ
613 2394 771 2463 λόγος
808 2396 864 2450 δέ
892 2398 994 2468 τῆς
1026 2401 1371 2471 ὁρκωμοσίας
1400 2404 1497 2472 τῆς
1534 2404 1671 2475 μετά
1696 2406 1786 2458 τὸν

214 2486 405 2556 νόμον,
435 2486 564 2539 raw
610 2487 691 2549 εἰς
739 2487 829 2541 τὸν
872 2488 1042 2543 αἰῶνα
1086 2491 1531 2563 τετελειωμένον
1582 2495 1635 2547 τί
1675 2498 1787 2558 τοῖς

213 2574 461 2627 ἀσθενεῖν
488 2574 705 2659 εἰωθόσι
735 2579 909 2630 ποιεῖν
938 2576 1046 2648 [ίσ.
1086 2579 1281 2649 ποιεῖς]
1309 2582 1660 2652 συναρίθμιον
1697 2582 1787 2636 τὸν

211 2665 314 2737 τῆς
346 2665 568 2720 ἐκείνων
613 2665 852 2737 πληθύος
882 2668 1241 2741 ἐξῃρημένον,
1272 2673 1366 2725 καὶ
1400 2672 1498 2743 τὴν
1532 2673 1670 2746 ὑπὲρ
1705 2676 1788 2729 νό-

212 2774 320 2828 μον
362 2758 554 2827 ἐχοντα
581 2759 881 2824 τελείωσιν,
931 2762 1143 2816 οἴκοθέν
1184 2782 1243 2817 τε
1293 2766 1558 2821 καὶκατὰ
1603 2768 1785 2837 φύσιν,

209 2846 378 2918 εἴπερ
407 2849 553 2901 ἐστὶν
578 2849 708 2912 Υἱὸς
739 2849 974 2919 ἀληθῶς,
1008 2853 1101 2905 καὶ
1127 2852 1214 2907 διὰ
1246 2854 1404 2908 τοῦτο
1440 2856 1603 2923 Θεός;
1641 2859 1791 2911 Ἴδω-

213 2954 324 3006 μεν
352 2937 411 2992 δὲ
432 2938 525 2990 καὶ
556 2939 620 2991 ἐκ
647 2938 740 2991 τοῦ
773 2941 1001 3011 νομικοῦ
1031 2944 1124 2997 καὶ
1144 2945 1499 3018 ἀρχαιοτέρου
1529 2940 1791 3020 γράμμα-

208 3044 333 3094 τος,
370 3028 492 3082 τίνα
526 3029 590 3099 δὴ
629 3030 830 3099 τρόπον
877 3032 969 3085 καὶ
1015 3034 1155 3104 ὑπὲρ
1204 3036 1365 3089 τίνων
1409 3039 1790 3109 εἰσκεκόμικεν

211 3120 413 3173 ἐαυτὸν
435 3122 463 3172 ὁ
502 3120 850 3193 Ἐμμανουὴλ
873 3126 950 3186 εἱς
977 3124 1151 3196 ὁσμὴν
1179 3127 1402 3191 εὐωδίας
1432 3128 1509 3199 τῷ
1555 3122 1671 3201 Θέῷ
1697 3134 1789 3184 καὶ

212 3209 418 3279 Πατρί.
459 3210 593 3262 Σκιά
636 3212 734 3281 μὲν
788 3213 897 3282 γὰρ
938 3215 1379 3286 ὁμολογουμένως
1425 3222 1453 3272 ὁ
1499 3221 1661 3289 νόμος
1700 3218 1788 3293 ἦν,

212 3298 361 3367 πλὴν
392 3297 740 3368 ὑποτύπωσιν
768 3301 881 3372 ἔχει
909 3304 1210 3375 μυστηρίου
1245 3307 1337 3359 τοῦ
1373 3309 1515 3371 κατά
1535 3312 1789 3382 Χριστὸν,

213 3387 319 3440 καὶ
349 3388 449 3457 τῆς
472 3388 725 3459 ἀληθείας
750 3391 928 3444 ὼδίνει
954 3394 1053 3464 τὴν
1085 3396 1384 3464 μόρφωσιν.
1402 3400 1508 3451 Καὶ
1533 3402 1661 3469 γοῦν
1688 3403 1790 3475 ἔφη

216 3495 327 3531 που
376 3480 610 3549 Χριστὸς
658 3484 767 3545 τοῖς
802 3483 1077 3548 Ἰουδαίοις
1129 3488 1448 3558 προσλαλῶν
1470 3508 1484 3522 ·
1524 3511 1541 3541 ι
1571 3492 1633 3546 El
1669 3494 1792 3547 ἐπι-

217 3568 443 3623 στεύετε
471 3572 641 3641 Μωσῇ
669 3616 687 3637 ,
732 3574 1045 3627 ἐπιστεύετε
1085 3576 1149 3629 ἂν
1176 3579 1297 3647 ἐμοί
1318 3594 1331 3606 ο
1364 3580 1490 3651 περὶ
1519 3582 1627 3654 γάρ
1657 3585 1790 3655 ἐμοῦ

215 3664 432 3725 ἐκεῖνος
475 3662 697 3732 ἔγραψε.
728 3684 744 3715 ι
780 3664 905 3728 Πῶς
930 3662 1020 3719 οὖν
1046 3665 1155 3738 ἄρα
1191 3669 1449 3724 τεθύκασι
1478 3673 1568 3725 τὸν
1599 3675 1789 3744 ἀμνὸν,

217 3750 511 3821 μέλλοντες
562 3754 660 3823 τῆς
705 3756 1017 3823 Αἰγυπτίων
1063 3758 1319 3829 ἀπαίρειν
1359 3764 1406 3814 οἱ
1455 3763 1513 3829 ἐξ
1564 3765 1793 3835 αἵματος

229 3842 491 3912 Ἰσραήλ;
539 3843 679 3914 ὑπὲρ
707 3845 918 3901 ἑαυτῶν
956 3843 1065 3917 ἆρα
1095 3849 1189 3901 καὶ
1221 3850 1418 3919 μόνων,
1470 3853 1502 3923 ἢ
1532 3856 1623 3907 καὶ
1654 3857 1791 3928 ὑπὲρ

215 3935 471 4010 [ε]αύτοῦ
492 3938 584 3991 τοῦ
604 3938 777 4007 ἀμνοῦ
795 3956 808 4005 ;
831 3941 993 4004 Τίνας
1013 3932 1404 4013 ἐλυτροῦτοδιὰ
1420 3946 1512 3999 τοῦ
1533 3948 1790 4018 αἴματος;

212 4022 329 4097 ἆρα
354 4026 483 4089 τοὺς
512 4027 617 4079 ὑπὸ
643 4028 805 4097 ζυγὸν
833 4029 1095 4094 δουλείας,
1136 4034 1227 4086 καὶ
1254 4034 1531 4088 δύσοιστον
1557 4038 1793 4111 ἀνατλᾷν

214 4112 331 4186 [τον.
368 4115 728 4188 ἀνατλάντας]
762 4116 858 4187 τὴν
886 4120 949 4171 ἐκ
971 4120 1079 4172 τῶν
1109 4120 1422 4189 Αἱγυπτίων
1456 4124 1789 4193 πλεονεξίαν,

211 4204 246 4275 ἦ
281 4206 378 4259 καὶ
410 4206 638 4271 ἐαυτόν;
672 4206 815 4271 τίνος
847 4209 1108 4263 ἀπεσόϐει
1130 4211 1222 4264 τὸν
1255 4212 1616 4287 ὁλοθρευτήν;
1652 4217 1793 4271 τίσιν

211 4294 459 4364 ἔφασκεν
499 4299 527 4349 ὁ
563 4296 669 4349 τῶν
722 4297 859 4352 ὅλων
897 4300 1029 4365 Θεὸς
1051 4341 1065 4365 ,
1103 4320 1121 4354 ι
1160 4305 1269 4357 Καὶ
1305 4306 1505 4378 ὄψομαι
1534 4310 1595 4363 τὸ
1630 4307 1789 4383 αἷμα,

212 4386 309 4440 καὶ
342 4388 607 4441 σκεπάσω
630 4389 807 4459 Opis;
840 4408 858 4441 ι
887 4387 994 4462 ἆρα
1026 4394 1137 4457 τοῖς
1170 4393 1506 4468 δεδεημένοις
1537 4403 1636 4473 τῆς
1664 4407 1792 4475 παρ’

1886 1952 1983 1991 cur
2012 1937 2064 1990 in
2104 1951 2290 1991 eorum
2335 1953 2559 1991 numero
2606 1937 2697 2006 qui
2751 1938 2947 1991 inlirmi
3001 1952 3120 1992 esse
3163 1952 3458 1992 consueve-

1888 2039 2033 2096 runt,
2064 2045 2317 2085 recenses
2346 2031 2516 2096 illum,
2544 2034 2611 2085 ab
2643 2047 2833 2086 eorum
2871 2033 3024 2086 turba
3050 2042 3332 2101 exceptum
3355 2068 3370 2094 ,
3403 2039 3458 2084 et

1884 2121 2217 2191 perfectione
2260 2137 2381 2191 quae
2412 2137 2575 2191 supra
2619 2123 2789 2192 legent
2836 2132 2919 2177 est
2957 2131 3011 2176 et
3064 2123 3351 2178 iutriuseca
3405 2128 3461 2174 et

1887 2214 2181 2268 secundum
2221 2224 2466 2268 naturam
2516 2214 2677 2267 insita
2732 2214 3047 2282 praeditum,
3079 2227 3200 2267 cum
3234 2212 3304 2266 sit
3332 2225 3462 2265 vere

1887 2303 2076 2368 Filius,
2114 2314 2169 2359 et
2218 2306 2287 2358 ob
2340 2320 2459 2360 eam
2506 2318 2725 2358 causam
2780 2303 2957 2359 Deus?
3007 2304 3113 2359 Sed
3177 2304 3458 2359 videamus

1887 2396 2050 2449 etiam
2085 2411 2149 2450 ex
2178 2395 2331 2464 legali
2360 2404 2413 2449 et
2451 2396 2616 2449 veteri
2649 2395 2855 2463 scripto
2876 2436 2890 2461 ,
2926 2396 3376 2463 quemadmodum
3407 2405 3463 2448 et

1889 2501 1985 2556 pro
2018 2488 2213 2554 quibus
2253 2487 2360 2541 Deo
2387 2496 2441 2540 et
2472 2486 2616 2559 liatri
2660 2485 2896 2552 seipsum
2944 2485 3201 2555 obtulerit
3245 2486 3463 2537 Emma-

1890 2578 2012 2632 nuel
2066 2579 2119 2632 in
2166 2581 2384 2632 odorem
2426 2578 2707 2631 suavitatis
2729 2579 2794 2631 ".
2845 2576 3046 2631 Umbra
3094 2591 3326 2645 namque
3374 2575 3461 2629 lex

1889 2679 2005 2725 erat
2044 2671 2229 2738 procul
2262 2670 2444 2734 dubio,
2479 2671 2570 2724 sed
2618 2679 2796 2722 tamen
2842 2666 3043 2722 Christi
3093 2667 3332 2738 mysterii
3380 2667 3462 2720 in-

1890 2761 2265 2817 formationem
2321 2759 2482 2813 habet
2526 2759 2605 2821 ",
2663 2773 2726 2812 ac
2780 2758 3021 2811 veritatis
3079 2757 3457 2810 formationem

1891 2856 2139 2924 parturit.
2172 2853 2355 2920 Itaque
2381 2850 2654 2911 Christus,
2687 2866 2808 2902 cum
2840 2849 3053 2904 Judams
3076 2850 3460 2917 alloqucretur,

1890 2943 2026 2998 dixit
2059 2962 2074 2996 :
2110 2959 2129 2991 ι
2167 2940 2222 2993 Si
2250 2939 2547 2993 crederetis
2577 2938 2729 2999 Mosi,
2760 2938 3053 2992 crederetis
3087 2938 3249 2991 etiam
3285 2938 3415 2991 tnihi
3445 2955 3458 2991 :

1892 3037 1956 3089 de
1986 3049 2069 3088 me
2091 3034 2236 3088 enim
2274 3032 2359 3086 ille
2380 3032 2599 3102 scripsit
2628 3030 2694 3083 ".
2728 3049 2746 3081 ι
2780 3031 3058 3094 Quomodo
3096 3028 3258 3097 igitur
3292 3026 3464 3082 Israe-

1895 3127 1999 3180 lita:
2028 3127 2094 3178 de
2118 3124 2495 3194 {Egyptiorunt
2526 3122 2686 3177 terris
2719 3121 2997 3190 migratnri
3037 3135 3235 3189 agnum
3270 3122 3463 3173 immo-

1897 3217 2182 3272 laverunt?
2226 3233 2349 3270 num
2381 3231 2476 3283 pro
2507 3230 2563 3269 se
2613 3214 2742 3280 ipsis
2780 3223 3006 3278 tantum,
3043 3229 3108 3265 an
3160 3214 3321 3266 etiam
3369 3226 3465 3278 pro

1894 3309 2009 3378 ipso
2038 3308 2219 3377 agno?
2248 3322 2508 3375 quosnam
2558 3305 2857 3359 redimebat
2900 3321 2994 3374 per
3042 3319 3197 3357 suum
3247 3303 3467 3371 sangui-

1896 3399 2055 3453 nem?
2084 3414 2210 3451 num
2238 3412 2330 3452 eos
2355 3398 2445 3466 qui
2480 3398 2578 3450 sub
2602 3396 2732 3465 jugo
2761 3396 3040 3450 servitutis
3063 3405 3237 3460 erant,
3265 3403 3320 3449 et
3345 3399 3469 3464 'gra-

1894 3490 2115 3544 vissimo
2142 3488 2530 3558 premebantur
2558 3486 2937 3557 Aigyptiorum
2972 3488 3269 3553 dominatu,
3305 3502 3372 3539 an
3408 3501 3468 3540 se

1894 3581 2069 3651 ipsum
2095 3580 2259 3635 etiam
2280 3580 2303 3633 ?
2328 3594 2357 3632 a
2379 3594 2616 3647 quonam
2643 3578 2918 3633 avertebat
2942 3578 3469 3648 fexterminatorem?

1894 3672 2155 3741 quibusve
2193 3670 2327 3724 dixit
2358 3670 2446 3723 ille
2484 3669 2624 3723 Deus
2665 3671 3040 3723 universorum
3071 3687 3085 3722 :
3129 3687 3148 3720 ι
3178 3668 3242 3723 Ει
3273 3670 3467 3723 videbo

1895 3763 2232 3833 sanguinem,
2262 3772 2316 3816 et
2348 3769 2623 3830 protegam
2654 3774 2751 3813 vos
2776 3761 2860 3813 ”?
2895 3780 2911 3812 ι
2947 3759 3083 3814 Νυιη
3116 3761 3199 3814 his
3226 3762 3313 3829 qui
3345 3776 3469 3828 pro-

1898 3858 2130 3911 tectione
2177 3854 2507 3921 indigebant,
2557 3867 2622 3905 an
2669 3852 2768 3919 ipsi
2817 3852 2980 3905 etiam
3032 3852 3213 3921 agno?
3249 3851 3465 3904 Hostias

1895 3948 2036 4002 enim
2074 3960 2169 4015 pro
2196 3955 2416 4013 peccato
2446 3942 2822 4007 immolandas,
2856 3941 2909 3995 in
2952 3942 3066 4011 lege
3112 3951 3365 4010 tanquam
3412 3944 3462 3996 in
3560 3968 3561 3971 η

1898 4038 2074 4094 tabula
2104 4034 2418 4105 designabat
2447 4033 2586 4088 Deus
2617 4049 2678 4087 ac
2708 4033 2889 4097 Pater,
2927 4034 3101 4088 adhuc
3134 4034 3463 4087 adumbrans

1896 4129 2098 4185 Christi
2132 4126 2487 4198 mysterium;
2526 4124 2660 4178 dixit
2699 4134 2877 4178 autem
2928 4124 3006 4179 sic
3040 4125 3106 4178 ad
3153 4124 3334 4179 Mosen
3380 4139 3468 4177 sa-

1896 4234 2110 4274 crorum
2140 4220 2486 4287 interpretem
2522 4230 2537 4269 :
2575 4234 2593 4267 ι
2630 4215 2686 4270 Si
2724 4230 2851 4269 vero
2882 4217 3131 4270 universa
3169 4230 3468 4286 congrega-

1898 4311 1973 4365 tio
2004 4309 2229 4363 filiurum
2260 4308 2424 4363 Israel
2462 4308 2789 4378 ignoraverit
2819 4321 2921 4361 non
2951 4316 3139 4376 sponte
3161 4347 3177 4373 ,
3207 4317 3260 4360 et
3293 4307 3469 4360 latue-

1897 4402 1969 4456 rit
2019 4400 2241 4456 verbum
2283 4400 2467 4455 oculos
2501 4399 2815 4469 Synagogae,
2849 4407 2903 4453 et
2932 4398 3161 4452 fecerint
3202 4413 3365 4451 unum
3402 4399 3470 4453 ah

210 4479 386 4533 αὐτοῦ
432 4479 660 4552 σκέπης,
706 4481 873 4551 ἤγουν
898 4484 991 4537 καὶ
1019 4485 1168 4557 αὐτῷ
1199 4489 1277 4559 τῷ
1306 4492 1497 4563 ἀμνῷ;
1531 4496 1788 4551 Διετύπου

1898 4493 2148 4547 omnibus
2193 4489 2458 4545 mandatis
2506 4488 2719 4543 Domini
2762 4488 2902 4556 quod
2947 4501 3049 4541 non
3082 4486 3203 4551 fiet,
3246 4497 3300 4541 et
3339 4487 3471 4541 deli-

190 4570 316 4640 μὲν
346 4570 461 4639 γὰρ
488 4571 587 4635 τὰς
621 4573 760 4645 ὑπὲρ
805 4579 913 4629 τῶν
952 4577 1241 4651 ἁμαρτιῶν
1284 4584 1553 4639 ποιεῖσθαι
1582 4586 1791 4653 θυσίας,

211 4660 473 4732 καθάπερ
518 4663 576 4713 ἐν
619 4662 807 4716 πίνακι
852 4663 931 4735 τῷ
980 4667 1150 4738 νόμῳ,
1199 4672 1554 4741 σκιαγραφῶν
1608 4674 1687 4727 ἔτι
1732 4677 1795 4729 τδ

210 4749 460 4819 Χριστοῦ
498 4752 795 4823 μυστήριον
821 4756 849 4807 6
879 4755 1013 4820 Θεὸς
1038 4758 1133 4811 καὶ
1168 4762 1357 4833 Πατήρ
1377 4778 1392 4793 ο
1432 4762 1534 4833 ἔφη
1569 4764 1624 4817 δὲ
1653 4766 1795 4819 οὓτω

213 4840 354 4911 πρὸς
391 4840 483 4893 τὸν
531 4842 856 4915 ἱεροφάντην
898 4847 1135 4900 Μωσὲα·
1175 4867 1193 4900 ι
1246 4850 1373 4903 Ἐἀν
1406 4853 1463 4905 δὲ
1495 4856 1643 4908 πᾶσα
1671 4874 1796 4910 συν-

214 4929 417 5002 αγωγὴ
451 4932 583 4985 υἱῶν
632 4933 847 5006 Ἰσραὴλ
895 4938 1139 5012 ἀγνοήσῃ
1184 4941 1452 5007 ἀκουσίως
1476 4984 1490 5009 ,
1532 4948 1624 4999 καὶ
1655 4947 1791 5020 λάθῃ

215 5027 376 5097 ῥῆμα
412 5026 471 5092 ἐξ
502 5026 801 5097 ὀφθαλμῶν
842 5032 939 5102 τῆς
985 5034 1346 5107 Συναγωγῆς,
1383 5041 1474 5093 καὶ
1523 5044 1794 5113 ποιήσωσι

218 5116 349 5185 μίαν
379 5116 490 5169 ἀπὸ
520 5118 710 5171 πασῶν
735 5119 843 5172 τῶν
871 5123 1101 5177 ἐντολῶν
1136 5127 1231 5179 τοῦ
1262 5129 1486 5201 Κυρίου,
1521 5132 1553 5202 ἣ
1591 5131 1701 5203 [ἴσ.

215 5208 276 5260 οὐ
326 5207 712 5279 ποιηθήσεται,
779 5213 875 5265 καὶ
924 5213 1379 5287 πλημμελήσωσι,
1435 5222 1529 5273 καὶ
1578 5224 1792 5295 γνωσθῇ

216 5296 405 5358 αὐτοῖς
436 5297 469 5366 ἡ
502 5297 765 5367 ἁμαρτία,
795 5299 862 5369 ἣν
893 5301 1137 5372 ἥμαρτον
1158 5305 1295 5377 αὐτῇ
1318 5322 1331 5335 '
1363 5309 1457 5361 καὶ
1480 5311 1791 5383 προσάξειή

219 5387 518 5457 συναγωγὴ
545 5388 745 5458 μόσχον
773 5391 836 5443 ἐκ
865 5390 1001 5459 βοῶν
1032 5394 1262 5466 ἄμωμον
1291 5400 1419 5469 περὶ
1440 5401 1734 5471 ἁμαρτίας.
1773 5421 1791 5455 ι

216 5480 355 5534 Τίνα
407 5478 464 5531 δὲ
512 5482 712 5548 τρόπον
757 5480 827 5534 τὰ
868 5482 969 5553 τῆς
1016 5483 1208 5551 θυσίας
1252 5489 1611 5546 ἐπιτελεῖσθαι
1665 5495 1792 5566 χρὴ,

1896 4582 2133 4654 querint,
2165 4590 2216 4635 et
2250 4589 2432 4634 notum
2464 4579 2664 4633 factum
2698 4577 2859 4633 fuerit
2889 4579 2994 4633 illis
3016 4588 3294 4647 peccatum
3328 4584 3469 4647 quod

1897 4682 2282 4743 peccaverunt;
2338 4680 2391 4725 et
2445 4669 2675 4724 adducet
2740 4669 3088 4738 congregatio
3128 4668 3353 4722 vitulum
3405 4684 3471 4722 ex

1897 4765 2070 4819 bobus
2142 4761 2548 4816 immaculatum
2604 4776 2704 4830 pro
2730 4769 2958 4830 peccato
2992 4759 3062 4814 ³⁸.
3102 4777 3120 4809 ι
3163 4759 3268 4814 Sed
3323 4769 3469 4828 post-

1896 4870 2122 4925 eaquam
2174 4856 2423 4923 exposuit
2466 4869 2699 4922 quonam
2752 4853 2911 4906 modo
2957 4852 3132 4905 hostia
3186 4851 3258 4905 sit
3336 4866 3469 4904 con-

1903 4945 2243 5010 summanda,
2300 4947 2576 5015 subiungit
2636 4952 2688 4999 et
2736 4944 2847 4997 ait:
2915 4960 2936 4994 ι
2971 4940 3038 4995 Ει
3091 4941 3473 5011 propitiabitur

1898 5039 2006 5110 95
2063 5053 2161 5108 pro
2216 5038 2345 5107 ipsis
2390 5038 2668 5098 sacerdos,
2703 5045 2757 5089 et
2810 5034 3116 5089 remittetur
3152 5034 3231 5087 eis
3281 5049 3473 5102 pecco--

1902 5141 2013 5186 tum
2042 5131 2107 5184 ³¹.
2152 5148 2170 5181 ι
2206 5128 2325 5183 Jam
2373 5143 2502 5197 ergo
2527 5128 2837 5181 consideres
2879 5125 3075 5192 velim,
3120 5124 3298 5178 aﬂerri
3348 5125 3471 5195 qui-

1904 5226 2023 5279 dem
2066 5222 2292 5276 vitulum
2333 5223 2385 5274 in
2427 5230 2551 5290 typo
2588 5218 2790 5273 Christi
2828 5217 2970 5272 illius
3011 5216 3382 5279 mundissimi,
3418 5224 3473 5269 et

1903 5315 2166 5370 maculam
2199 5314 2399 5368 nullam
2424 5314 2696 5375 habentis,
2729 5312 2822 5366 sed
2862 5310 3150 5366 afferentes
3180 5325 3207 5362 a
3233 5310 3343 5363 suis
3364 5308 3473 5362 cri-

1905 5404 2141 5459 tninibus
2173 5403 2423 5468 liberari,
2469 5418 2574 5457 non
2610 5401 2834 5456 vitulum
2877 5416 3115 5470 prorsus.
3148 5397 3470 5475 immolatus

1905 5510 2138 5566 namque
2165 5505 2249 5551 est
2279 5511 2383 5551 non
2424 5509 2522 5566 pro
2560 5509 2642 5558 se,
2675 5503 2733 5548 ut
2768 5502 2823 5547 tu
2856 5493 3020 5557 dicis,’
3049 5492 3140 5547 sed
3187 5505 3283 5558 pro
3322 5488 3471 5543 inlir-

290 5674 903 5759 ³³,ξίθδτλνῖξιῗδλὲδο
982 5679 1029 5712 ³⁸
1069 5680 1266 5749 ΕΡΙιεε.
1301 5698 1351 5749 v,
1381 5685 1434 5739 2.
1477 5688 1521 5719 ¹⁷
1564 5687 1728 5745 Hebr.
1758 5705 1810 5756 χ,
1846 5688 1896 5743 l.
1973 5692 2017 5722 “
2058 5688 2215 5747 Juan.
2257 5707 2307 5759 ν,
2358 5690 2444 5747 66.
2523 5689 2567 5723 ”
2603 5687 2777 5746 Exod.
2813 5702 2915 5754 xu,
2946 5686 3029 5740 l5.
3109 5684 3152 5716 ³ο
3194 5683 3365 5739 chil.
3389 5697 3465 5750 tv,

225 5749 311 5811 li,
351 5747 433 5799 tt.
525 5746 569 5776 δι
620 5746 753 5800 ibid.
784 5746 875 5799 ει).
