3956 6460
604 352 704 407 167

1603 349 1661 401 S.
1705 345 1983 403 CYRILLI
2023 340 2493 399 ALEXANDBINI
2532 340 2851 398 ARCHIEP.

3812 329 3923 381 168

604 469 727 533 mis,
755 480 855 535 pro
896 463 1095 535 quibus
1134 462 1327 532 legalis
1370 462 1460 519 ille
1508 463 1752 532 pontifex
1803 461 2032 517 faciebat
2070 475 2192 531 pre-

2315 459 2516 513 ἰιειπὼν
2566 454 2629 512 εῦ
2683 457 2866 529 μάλα,
2915 453 3293 527 προσεπάγει,
3339 451 3435 504 καί
3483 465 3657 520 φησί’
3723 466 3745 495 ς
3800 445 3926 497 Καὶ

602 572 737 614 ces:
789 566 846 611 ut
876 571 1068 611 rursus
1107 556 1509 610 animadvertas
1539 554 1860 609 advocatum
1900 554 2047 608 illum
2090 567 2186 622 pro

2321 552 2601 617 ξιλάσεται
2626 550 2757 621 περί
2790 548 2973 603 αὐτῶν
3001 550 3030 601 ό
3059 547 3257 619 ἱερεὺς,
3288 545 3385 598 καὶ
3408 541 3780 612 ἀφεθήσεται
3818 538 3925 589 αὑ-

604 648 761 705 nobis
788 646 989 702 factum
1014 648 1081 711 ³²,
1116 647 1574 715 innocentemque
1617 655 1672 700 et
1715 655 1964 699 sanctum
2011 643 2189 713 ponti-

2289 645 2400 707 τοῖς
2438 644 2472 713 ἡ
2504 640 2768 713 ἁμαρτία.
2806 660 2825 692 ι
2860 639 3052 709 ’Δθρει
3169 633 3284 699 οὖν,
3314 635 3399 688 ὅτι
3436 627 3928 704 προσεκομίζετο

604 742 798 801 lit-em,
838 746 1178 805 segregatum
1231 753 1260 791 a
1314 736 1688 806 peccatoribus
1734 735 1801 792 ⁸³.
1850 733 2016 805 Igitur
2063 748 2186 789 cum

2315 734 2394 788 ιὲν
2432 736 2461 787 ό
2514 733 2716 803 μόσχος
2749 733 2808 785 ὲν
2838 730 2997 799 τύπῳ
3026 727 3262 801 Χριστοῦ
3306 725 3400 778 τοῦ
3441 722 3780 791 πανάγνου,
3819 718 3926 770 xz‘:

603 845 787 882 sermo
816 828 1115 883 adversarii
1166 829 1403 896 undique
1448 826 1786 881 absurditate
1822 826 2049 890 laboret,
2093 838 2190 879 nos

606 919 920 987 pontificem
944 930 999 974 et
1035 920 1339 989 apostolum
1368 918 1729 973 confessionis
1757 929 1955 972 nostra)
1988 916 2189 970 factum

606 1028 728 1066 esse
758 1012 990 1065 dicimus
1020 1011 1199 1079 ipsum
1234 1026 1300 1065 ex
1345 1011 1455 1064 Deo
1502 1009 1663 1063 Patre
1698 1008 1933 1065 Verbum
1961 1006 2027 1072 “,
2062 1023 2188 1062 cum

610 1103 786 1157 factus
826 1103 1007 1164 homo,
1046 1117 1106 1157 se
1129 1103 1196 1156 ad
1229 1102 1656 1156 exituanitionem
1694 1100 1892 1170 dejecit
1919 1100 1985 1163 ³⁸,
2014 1107 2067 1153 et
2097 1114 2192 1152 no-

609 1204 721 1249 stra
756 1195 1070 1264 assumpsit,
1106 1205 1164 1249 ut
1190 1194 1427 1264 seipsum
1463 1196 1625 1249 etiam
1658 1210 1756 1262 pro
1786 1192 2038 1247 erunibus
2070 1191 2195 1246 olfe-

608 1303 735 1342 rens
764 1286 912 1342 Patri
953 1289 1005 1342 in
1045 1288 1269 1343 odorem
1319 1289 1607 1344 suavitatis
1637 1288 1706 1351 ³⁸,
1755 1286 2061 1356 acquireret
2104 1300 2196 1339 or—

609 1380 732 1435 hem
787 1392 1074 1445 terrarum,
1130 1382 1397 1437 eximeret
1434 1382 1712 1435 veteribus
1766 1379 1961 1449 culpis,
2023 1377 2194 1448 gratia

606 1472 935 1539 jnstifiraret
970 1489 1064 1542 per
1098 1474 1257 1527 fidem
1290 1476 1359 1535 ³⁷,
1403 1474 1593 1527 mortis
1632 1484 1794 1541 atque
1831 1469 2196 1540 corruptionis

613 1565 851 1619 victores
877 1565 1138 1629 ediceret,
1180 1582 1368 1621 sacros
1407 1571 1569 1629 etiam
1608 1577 1771 1635 atque
1808 1565 2193 1627 sanctificatos,

2293 826 2486 897 μῶμον
2523 825 2617 879 τοῦ
2655 823 2767 895 (ἳὸ)
2823 821 2900 894 μὴ
2947 820 3194 893 ἔχοντος·
3229 810 3647 888 ἀπηλλάττοντο
3682 811 3754 864 δὲ
3802 808 3927 860 τῶν

2294 914 2443 969 ἰδίων
2489 913 2827 982 αἰτιαμάτων
2858 913 2907 965 οἱ
2937 906 3435 982 προσχομίζοντες,
3474 905 3569 957 καὶ
3621 901 3756 954 οὔτι
3808 916 3923 950 που

2295 1007 2443 1078 μάλα
2486 1007 2516 1059 ὁ
2562 1006 2782 1076 μόσχος.
2814 1003 3048 1056 Τέθυται
3077 1001 3186 1071 γὰρ
3233 1000 3334 1066 οὐχ
3375 998 3517 1067 ὑπέρ
3558 1012 3631 1063 γε
3688 992 3924 1062 μᾶλλον

2293 1099 2512 1163 ἑαυτοῦ,
2529 1098 2671 1153 καθά
2701 1098 2765 1150 σὺ
2794 1094 3050 1166 φὴς,ἀλλῗ
3076 1093 3215 1163 ὑπέρ
3242 1109 3305 1160 γε
3327 1090 3440 1143 τῶν
3467 1087 3920 1159 ἡσθενηκότων,

2295 1194 2435 1264 ὑπὲρ
2457 1186 2532 1247 ὧν
2558 1193 2794 1246 ἐποιεῖτο
2817 1191 2914 1253 τὰς
2934 1189 3087 1251 λιτὰς
3118 1187 3146 1238 ό
3176 1185 3316 1239 κατὰ
3343 1183 3543 1252 νόμους
3558 1178 3918 1252 ἀρχιερεύς.

2297 1289 2386 1342 ἵνα
2440 1285 2602 1340 πάλιν
2644 1286 2832 1353 ὲννοῇς
2872 1282 2963 1336 τὸν
3011 1280 3154 1350 ὑπὲρ
3187 1277 3346 1348 ἡμῶν
3389 1272 3669 1343 γεγονότα
3717 1270 3922 1339 παρά-

2296 1380 2516 1449 κλητον,
2535 1377 2767 1448 ἄμωμόν
2788 1392 2848 1428 τε
2871 1374 2968 1428 καὶ
2993 1374 3140 1427 ὅσιον
3168 1369 3451 1441 ἀρχιερέα,
3470 1363 3921 1437 κεχωρισμένον

2297 1472 2407 1526 τῶν
2436 1468 2802 1541 ἁμαρτωλῶν.
2834 1465 3180 1535 Πανταχόθεν
3214 1459 3503 1531 τοιγαροῦν
3527 1459 3919 1529 ὴῤῥωστηκό-

2298 1578 2389 1626 τος
2426 1562 2521 1614 τοῦ
2546 1562 2707 1628 λόγου
2750 1559 2811 1611 τὸ
2848 1556 3084 1620 ἀκαλλὲς
3116 1555 3193 1624 τῷ
3225 1553 3291 1607 δι’
3315 1551 3586 1613 ἐναντίας,
3622 1546 3920 1617 ἀρχιερέα

614 1667 667 1709 et
700 1658 751 1711 in
783 1660 929 1710 omni
967 1660 1185 1713 virtutis
1223 1676 1419 1730 genere
1450 1659 1720 1728 perfectos
1755 1658 2024 1721 redderet,
2049 1655 2196 1709 illum

2315 1650 2398 1704 ιιαὶ
2446 1647 2746 1702 ἀπόστολον
2775 1646 2875 1715 τῆς
2906 1643 3195 1714 ὁμολογίας
3221 1639 3379 1710 ἡμῶν
3420 1636 3680 1706 γενέσθαι
3713 1634 3920 1704 φαμὲν

615 1748 955 1819 salvatorem
989 1767 1051 1803 ac
1082 1749 1504 1819 Redemptorem
1538 1752 1881 1811 confitentes,
1908 1762 2006 1819 per
2036 1761 2196 1814 quem

2315 1740 2467 1794 ιὺτδν
2511 1740 2603 1793 τὸν
2649 1740 2714 1791 ὲκ
2742 1736 2876 1790 Θεοῦ
2919 1734 3135 1804 Πατρὸς
3180 1732 3375 1800 Λόγον,
3405 1730 3494 1782 ὅτε
3523 1728 3771 1796 γέγονεν
3816 1726 3921 1819 ἁν-

615 1851 670 1894 et
696 1857 816 1894 cum
845 1856 951 1909 quo
991 1843 1099 1896 Deo
1126 1852 1181 1898 et
1210 1843 1357 1899 Patri
1399 1845 1568 1914 gloria
1601 1857 1723 1897 cum
1760 1852 1949 1897 sancto
1990 1840 2193 1910 Spiritu

2315 1834 2542 1906 lpumoc,
2576 1830 2764 1892 καθεὶς
2794 1828 2986 1882 ἑαυτὸν
3016 1828 3097 1889 εἰς
3127 1825 3383 1884 κένωσιν,
3407 1822 3500 1875 καί
3530 1821 3590 1872 ὲν
3624 1820 3749 1880 τοῖς
3786 1811 3918 1869 καθ’

615 1930 668 1985 iu
691 1931 906 1988 saecula.
953 1935 1149 1992 Amen.
2035 1908 2047 1910 _

2315 1928 2473 1997 ἡμᾶς,
2504 1925 2592 1978 ἵνα
2618 1923 2711 1976 καὶ
2735 1922 2876 1992 ὑπὲρ
2902 1919 3120 1974 πάντων
3140 1917 3218 1981 εἰς
3244 1912 3420 1986 ὀσμὴν
3440 1912 3671 1975 εὐωδίας
3698 1908 3914 1963 ἑαυτὸν

614 2028 834 2096 ἀναθεὶς
862 2032 938 2103 τῷ
972 2034 1180 2103 Πατρὶ,
1213 2029 1631 2101 κατακτήσηται
1679 2028 1780 2099 τὴν
1824 2028 1917 2081 ὑπ’
1968 2024 2220 2097 οὐρανὸν,
2264 2022 2519 2092 ἐξέληται
2556 2020 2667 2073 τῶν
2699 2016 2944 2089 ἀρχαίων
3007 2005 3671 2103 αἰτιαμάτωνηδικαιὼσῃ
3814 2001 3919 2103 χά-

619 2136 726 2189 ριτι
773 2093 864 2178 δέά
911 2093 1177 2188 πίστεως,
1235 2093 1469 2179 θανάτου
1523 2093 1620 2176 οιαὶ
1676 2093 1882 2193 φθορᾶς
1938 2093 2194 2190 ἀποφήνῃ
2271 2113 2585 2186 κρείττονας
2615 2152 2630 2176 ς
2682 2109 2860 2182 ἱερούς
2906 2124 2967 2161 τε
3019 2107 3117 2161 καὶ
3161 2101 3552 2193 ἡγιασμένοιξςν
3630 2096 3734 2149 καὶ
3772 2093 3913 2193 ita:

617 2178 757 2279 εῐδος
800 2218 1000 2287 ἀρετῆς
1037 2178 1110 2271 εὖ
1137 2178 1293 2287 ,μάλα
1327 2178 1796 2287 κατωρθωκόταςί
1841 2178 2074 2282 έωτῆροί
2112 2178 2241 2264 ’δὲἓιι
2311 2178 2619 2277 λυτρωτὴν
2665 2178 3061 2273 ὁμολογοῦντας
3092 2197 3291 2252 αὐτόν’
3332 2195 3401 2249 δι’
3442 2186 3504 2246 οῦ
3547 2192 3646 2245 καὶ
3681 2189 3816 2260 μεθ’
3850 2178 3914 2238 οὗ

615 2309 695 2378 τῷ
731 2309 851 2379 (θεῷ
882 2310 977 2361 καὶ
1012 2310 1183 2379 Πατρὶ
1220 2309 1254 2379 ἡ
1281 2306 1430 2374 δόξα,
1482 2309 1579 2361 σὺν
1615 2306 1758 2377 ἁγίῳ
1804 2304 2084 2375 Πνεῦματι
2123 2305 2201 2367 εἰς
2239 2302 2367 2363 τοὺς
2394 2298 2615 2360 αἰῶνας.
2662 2295 2855 2366 Ἀμήν.

867 2458 1271 2551 TOMUS
1355 2457 1943 2560 QUARTUS.

691 2634 886 2687 Beatus
916 2631 1113 2684 Paulus
1157 2644 1278 2684 eum
1309 2628 1446 2699 legis
1477 2642 1725 2684 umoram
1776 2627 1915 2682 haud
1956 2626 2201 2682 inutilem

624 2723 935 2780 hominibus
970 2723 1055 2789 pie
1083 2722 1267 2776 vivere
1311 2720 1723 2775 instituentibus
1769 2720 2115 2781 ostenderet.
2148 2730 2204 2771 et

620 2834 683 2873 ea
714 2833 834 2886 quae
881 2816 1009 2869 olim
1059 2814 1252 2885 priscis
1294 2814 1605 2868 hominibus
1650 2814 2023 2884 contigissent,
2058 2811 2204 2865 velut

626 2908 861 2964 tabulam
903 2905 1193 2977 quamdam
1234 2915 1289 2958 et
1338 2921 1515 2959 rerum
1555 2905 1825 2960 veriorum
1882 2904 2205 2972 descriptio-

2569 2434 2956 2524 TOMOZ
3028 2427 3622 2518 ΤΕΤΑΡΤΟΣ.

2389 2622 2451 2675 ὐ
2482 2617 2769 2679 Θεσπέσιος
2813 2612 3049 2676 Παῦλος.
3101 2612 3203 2664 οὐκ
3231 2607 3495 2676 ἀσυντελῆ
3537 2603 3676 2674 πρὸς
3706 2603 3908 2673 ὄνησιν

2306 2716 2419 2778 τοῖς
2462 2712 2708 2766 εὐσεϐεῖν
2735 2707 3055 2780 ᾑρημένοις,
3098 2704 3195 2774 τὴν
3231 2701 3288 2755 ἔν
3321 2717 3383 2769 γε
3427 2698 3504 2770 τῷ
3548 2697 3704 2767 νόμῳ
3737 2697 3905 2749 σκιὰν

2312 2805 2654 2873 ἀποφαίνων.
2706 2801 2800 2853 καὶ
2849 2797 2956 2867 μὴν
3008 2795 3103 2849 καὶ
3147 2793 3215 2847 τὰ
3262 2791 3432 2845 πάλαι
3479 2790 3590 2851 τοῖς
3641 2787 3905 2858 ἀρχαίοις

2314 2894 2719 2964 συμϐεῆηκότα,
2749 2888 3001 2957 καθάπερ
3027 2886 3147 2939 τινὰ
3189 2884 3393 2937 πίνακα
3416 2882 3508 2934 καὶ
3535 2878 3759 2951 γραφὴν
3795 2878 3905 2931 τῶν

623 3015 747 3054 nem
820 2999 1061 3054 omnium
1130 2998 1326 3051 animis
1398 2997 1744 3066 apertissime
1817 3004 2202 3066 proponeret:

2315 2989 2690 3059 άληίιεστέρων
2721 2986 2839 3046 ταῖς
2873 2981 3128 3034 ἁπάντων
3154 2975 3412 3037 διανοίαις
3454 2968 3511 3026 εῦ
3540 2972 3689 3042 μάλα
3718 2987 3907 3040 παρα·

629 3110 649 3143 ι
691 3092 835 3156 Haec,
880 3091 1075 3159 inquit,
1103 3090 1285 3143 omnia
1325 3091 1374 3144 in
1426 3090 1593 3160 figura
1641 3089 2034 3158 contingebant
2076 3088 2203 3153 illis,

625 3185 826 3253 scripta
876 3192 1001 3237 sunt
1042 3192 1219 3235 autem
1275 3181 1343 3234 ad
1396 3179 1789 3249 correptionem
1842 3188 2105 3244 nostram,
2152 3178 2205 3230 in

625 3292 763 3347 quos
800 3278 933 3329 lines
975 3274 1295 3328 saeculorum
1340 3274 1672 3325 devenerunt
1701 3270 1765 3322 ³⁸.
1804 3289 1822 3320 ι
1865 3270 1977 3337 Age
2022 3269 2205 3339 igitur,

626 3387 691 3425 ex
730 3368 985 3437 legalibus
1025 3365 1244 3419 Litteris
1274 3365 1558 3432 desumpto
1598 3363 1714 3417 loco
1754 3360 2033 3425 dicamus,
2067 3362 2208 3415 lilios

628 3460 791 3516 Israel
815 3458 944 3511 «lim
975 3473 1039 3511 ex
1071 3454 1449 3525 Egyptiorum
1485 3452 1645 3508 terris
1690 3452 2016 3507 excedentes
2037 3490 2053 3515 ,
2085 3465 2206 3504 cum

630 3553 684 3605 in
726 3563 923 3605 terram
958 3546 1336 3617 promissionis
1378 3552 1764 3615 properarent,
1807 3541 1859 3596 iu
1895 3555 2079 3595 eremo
2129 3540 2209 3593 di-

630 3652 877 3699 versatos
912 3640 1078 3695 fuisse
1105 3658 1118 3693 :
1150 3652 1386 3709 cumque
1432 3648 1708 3707 gestorum
1744 3637 1795 3689 in
1842 3633 2073 3705 (Egypto
2111 3635 2213 3686 mi-

630 3734 938 3788 raculorum
970 3731 1215 3785 infelices
1237 3729 1412 3794 obliti,
1444 3739 1501 3783 et
1537 3729 1800 3782 memoria
1835 3726 2121 3781 charitatis
2156 3726 2208 3778 iu

632 3825 800 3879 Deum
848 3824 1053 3893 abjecta
1096 3821 1259 3892 impie
1291 3828 1717 3883 murmurarent,
1762 3833 1791 3871 a
1841 3818 2209 3887 serpentibus,

630 3924 691 3971 ut
724 3918 982 3985 scriptum
1020 3924 1126 3977 est,
1166 3914 1443 3983 perierunt
1470 3911 1536 3964 “.
1575 3910 1681 3965 Sed
1727 3924 1939 3964 morsus
1972 3924 2211 3964 venena-

632 4018 806 4062 tarum
833 4006 1067 4059 ferarum
1092 4002 1442 4072 effugiebant,
1476 4014 1599 4053 cum
1636 3998 1727 4053 Dei
1752 3999 1993 4051 omnium
2023 3998 2211 4050 Salva-

633 4098 768 4151 toris
793 4095 1014 4151 oraculo
1061 4097 1297 4148 monitus
1330 4092 1504 4145 Moses
1528 4097 1833 4158 serpentem
1867 4087 1971 4141 illis
2000 4101 2211 4141 aeneum

632 4187 829 4242 erexit.
852 4184 963 4254 96
988 4201 1004 4233 ι
1038 4182 1147 4237 Fac
1175 4183 1291 4245 tibi,
1349 4181 1547 4249 inquit,
1610 4189 1941 4248 serpentem,
1987 4190 2041 4234 et
2074 4194 2214 4248 pone

636 4278 782 4333 illum
832 4276 883 4330 in
928 4276 1187 4343 signum:
1237 4281 1293 4327 et
1341 4274 1469 4335 erit,
1509 4270 1552 4324 si
1610 4271 1963 4324 momorderit
1990 4282 2215 4337 serpens

637 4368 934 4429 hominem,
972 4366 1222 4434 quisquis
1250 4378 1464 4418 morsus
1499 4363 1679 4422 fuerit,
1718 4360 1907 4414 videns
1947 4360 2094 4415 illum
2135 4362 2214 4413 vi-
2250 4389 2295 4444 ο

636 4457 811 4513 vet“.
847 4475 865 4507 ι
898 4453 1025 4509 Haac
1074 4469 1204 4524 ergo
1249 4453 1420 4523 ﬁgura
1472 4453 1788 4522 mysterium
1836 4450 2037 4505 Christi
2076 4458 2215 4507 erat.

634 4550 769 4601 tium
800 4546 945 4600 enim
985 4547 1125 4600 Deus
1173 4554 1323 4599 esset
1351 4542 1684 4611 unigenitum
1732 4540 1822 4594 Dei
1865 4541 2093 4596 Verbum
2116 4581 2131 4607 ,
2164 4552 2219 4595 et

635 4650 730 4701 per
769 4646 1020 4688 naturam
1053 4635 1253 4687 bonum
1307 4648 1371 4687 ex
1410 4633 1550 4685 bono
1594 4632 1790 4695 Patre,
1825 4631 2095 4700 particeps
2140 4631 2219 4684 la-

635 4738 779 4779 etum
830 4734 914 4780 est
960 4725 1244 4794 sanguinis
1271 4734 1327 4779 et
1377 4727 1579 4788 carnis,
1617 4725 1719 4778 hoc
1758 4734 1857 4786 est,
1900 4724 2101 4778 factum
2139 4735 2221 4780 est

639 4821 819 4884 homo,
853 4832 907 4873 et
941 4819 1097 4873 nobis
1126 4819 1217 4888 qui
1250 4819 1373 4873 mali
1407 4835 1653 4884 eramus,
1686 4817 1859 4873 amnis
1886 4860 1902 4884 ,
1950 4830 2221 4889 quatenus

638 4923 786 4963 certe
824 4914 985 4965 homo
1021 4911 1194 4965 nostri
1227 4910 1423 4965 similis
1459 4909 1561 4964 fuit
1590 4929 1605 4965 :
1649 4913 1881 4978 positum
1927 4920 2013 4965 est
2053 4911 2218 4966 etiam

640 5000 692 5054 in
742 5002 993 5066 sublime,
1048 5003 1152 5056 hoc
1190 5012 1297 5067 est,
1352 5017 1569 5058 crucem
1624 5003 1837 5070 pertulit
1890 5004 1941 5057 in
1973 5003 2139 5072 ligno,
2166 5012 2224 5058 et

642 5100 868 5144 mortem
909 5096 1208 5147 secundum
1241 5108 1485 5160 carnem,
1528 5094 1629 5149 etsi
1675 5095 1870 5149 revixit
1910 5092 1999 5148 die
2036 5090 2219 5161 tertia,

640 5182 849 5237 calcato
886 5186 1073 5241 mortis
1106 5188 1333 5256 imperio
1361 5188 1427 5242 “.
1469 5186 1604 5241 Cum
1634 5188 1798 5258 igitur
1821 5190 2084 5246 adversus
2112 5190 2223 5246 dis-

641 5277 1013 5342 pensationem
1066 5281 1249 5335 carnis
1307 5282 1635 5337 stultissime
1707 5281 2093 5351 obloquimur,
2167 5290 2223 5339 et

712 5416 756 5489 ⁸Α¹
794 5416 953 5471 Juan.
985 5433 1044 5480 ιι,
1080 5419 1128 5475 l.
1207 5419 1253 5450 ³³
1296 5418 1457 5474 llebr.
1501 5434 1595 5484 vn,
1622 5419 1715 5475 26.
1792 5420 1836 5451 ³⁸
1880 5418 2045 5475 llebr.
2078 5436 2160 5489 ιιι,
2194 5423 2244 5477 l.

2314 3078 2516 3139 τιθεῖς’
2582 3094 2599 3125 ι
2626 3072 2809 3125 Ταῦτα
2854 3070 2910 3123 δὲ
2952 3066 3083 3140 [ἵσ.
3129 3065 3346 3125 λείπει,
3395 3058 3591 3130 φησ“ι,]
3649 3056 3906 3115 τυπικῶς

2318 3168 2634 3223 συνέϐαινεν
2702 3162 2963 3225 ἐκείνοιςο
3013 3156 3233 3229 ἐγράφη
3297 3152 3352 3205 δὲ
3415 3151 3549 3221 πρὸς
3610 3148 3908 3201 νουθεσίαν

2316 3258 2493 3334 ἡμῶν,
2534 3261 2614 3319 εἰς
2661 3255 2754 3320 οὓς
2795 3253 2863 3307 τὰ
2909 3252 3037 3321 τέλη
3085 3250 3194 3302 τῶν
3240 3246 3451 3300 αἰώνων
3505 3246 3850 3312 κατήντηκε.
3884 3259 3900 3288 ι

2314 3328 2451 3423 φέρε
2478 3350 2543 3420 δὴ
2574 3344 2667 3401 οῦν
2707 3348 2771 3399 ὲκ
2811 3339 3052 3414 νομικῶν
3079 3336 3430 3409 Γραμμάτων
3458 3333 3694 3396 ἑλόντες,
3727 3328 3907 3399 λέγω·

2318 3443 2531 3515 μεν,ὼς
2555 3438 2943 3509 κατηυλίζοντο
2973 3434 3072 3505 μὲν
3094 3432 3193 3503 ὲρή
3204 3448 3287 3501 μῳ
3311 3426 3441 3481 ποτὲ
3462 3425 3562 3496 τῆς
3580 3424 3906 3491 Αἰγυπτίων

2318 3537 2651 3606 ἀπαίροντες
2680 3534 2729 3585 οἰ
2756 3530 2817 3594 ἐξ
2852 3526 3093 3599 Ἰσραὴλ,
3141 3524 3236 3578 καὶ
3265 3525 3345 3586 εἰς
3389 3520 3488 3590 τὴν
3517 3518 3619 3590 τῆς
3660 3521 3907 3587 ἐπαγγε-

2317 3630 2436 3691 λίας
2472 3623 2884 3683 διασπεύδοντες
2920 3619 3053 3689 γῆνο
3085 3614 3273 3685 ἐπειδὴ
3304 3614 3361 3667 δὲ
3390 3611 3498 3665 τῶν
3534 3613 3592 3664 ὲν
3635 3610 3905 3679 Αἰγύπτῳ

2321 3722 2613 3793 θαυμάτων
2648 3712 3090 3787 ἀμνημονοῦντες
3137 3709 3187 3762 οἰ
3231 3707 3496 3767 τάλανες,
3544 3704 3642 3757 καὶ
3683 3703 3787 3773 τῆς
3829 3705 3904 3763 είς

2319 3815 2454 3869 Θεὸν
2490 3815 2712 3881 ἀγάπης
2740 3803 3252 3878 άμνημονήσαντες,
3271 3795 3620 3864 διεγόγγυζον
3645 3795 3901 3853 άνοσιως.

2321 3908 2426 3961 ὑπὸ
2454 3905 2564 3958 τῶν
2597 3904 2773 3972 ὅτεων
2808 3896 3125 3951 ἀπώλλυντο
3152 3934 3166 3958 ,
3202 3888 3346 3944 κατὰ
3394 3889 3455 3941 τὸ
3491 3888 3901 3958 γεγραμμένον.

2323 3997 2558 4064 Διέδρων
2588 4011 2651 4060 γε
2683 3992 2790 4062 μὴν
2823 3989 2892 4042 τὰ
2935 3988 3042 4040 τῶν
3078 3984 3299 4038 ἰοϐόλων
3327 3982 3618 4050 δήγματα,
3652 3979 3747 4030 τὸν
3781 3978 3904 4045 ὅφιν

2323 4088 2503 4148 αὐτοῖς
2549 4085 2640 4137 τὸν
2693 4079 2927 4152 χαλκοῦν
2968 4072 3450 4144 ἀναστηλώσαντος
3499 4070 3593 4124 τοῦ
3634 4069 3902 4131 Μωσέως,

2321 4180 2415 4233 τοῦ
2442 4180 2660 4233 πάντων
2682 4177 2936 4245 Σωτῆρος
2958 4170 3092 4224 Θεοῦ
3115 4165 3668 4240 κεχρησμιρδηκότος·
3698 4183 3715 4214 ι
3742 4164 3905 4231 Ποίη-

2326 4290 2417 4325 σον
2448 4269 2630 4340 σαυτῷ
2656 4268 2800 4337 ὅιριν,
2823 4267 2918 4319 καὶ
2940 4264 3030 4327 θὲς
3062 4260 3224 4314 αὑτὸν
3253 4259 3345 4311 ἐπὶ
3373 4261 3615 4328 σημεῖον·
3634 4256 3731 4308 καὶ
3753 4256 3903 4307 ἔσται

2321 4363 2415 4416 ἐὰν
2442 4362 2583 4432 δάκῃ
2608 4361 2731 4430 ὄφις
2761 4357 3071 4429 ἄνθρωπον,
3105 4354 3211 4416 πᾶς
3246 4353 3274 4404 ὁ
3303 4348 3629 4420 δεδηγμένος
3661 4347 3789 4399 ἰδὼν
3814 4349 3905 4399 αὐ-

2322 4454 2414 4508 τὸν
2445 4453 2692 4524 ζήσεται.
2736 4470 2754 4502 ι
2788 4448 3103 4518 Μυστήριον
3128 4441 3184 4497 δὲ
3212 4443 3322 4513 ἄρα
3351 4441 3410 4493 τὸ
3438 4440 3578 4493 κατὰ
3608 4438 3848 4509 Χριστὸν
3874 4439 3903 4506 ἡ

2321 4547 2567 4609 τύπωσις
2591 4540 2677 4614 ἦν.
2697 4540 2829 4607 Θεὸς
2852 4545 2961 4616 γὰρ
2988 4545 3248 4616 ὑπάρχων
3276 4545 3303 4596 ό
3334 4541 3629 4613 μονογενὴς
3649 4540 3747 4593 τοῦ
3771 4539 3906 4592 Θεοῦ

2323 4638 2519 4708 Λόγος,
2563 4638 2659 4691 καὶ
2707 4637 2766 4703 ἐξ
2805 4634 3011 4706 ἀγαθοῦ
3043 4635 3257 4707 Πατρός
3304 4633 3507 4702 ἀγαθὸς
3547 4632 3691 4686 κατά
3722 4633 3903 4701 φύσιν,

2326 4728 2593 4800 μετέσχεν
2616 4729 2851 4797 αἵματος
2877 4729 2973 4782 καὶ
2999 4728 3220 4800 σαρκὸς,
3267 4726 3534 4789 τουτέστι,
3567 4725 3795 4792 γέγονεν
3819 4725 3906 4777 ἄνα

2325 4822 2563 4893 θρωπος,
2592 4823 2722 4892 ἡμῖν
2751 4840 2810 4875 τε
2841 4825 2952 4884 τοῖς
2984 4824 3239 4891 πονηροῖς
3260 4819 3663 4890 παραπλήσιος,
3682 4818 3828 4870 κατά
3848 4832 3903 4882 γε

2323 4914 2384 4967 τὸ
2408 4909 2548 4967 εἶναι
2575 4913 2699 4967 καθ’
2731 4915 2879 4984 ἡμᾶς
2925 4912 3211 4983 ἄνθρωπος
3254 4911 3519 4981 δηλονότι.
3562 4909 3815 4962 Τέθειται
3853 4909 3903 4960 δὲ

2325 5008 2419 5061 καὶ
2446 5007 2531 5078 ἐφ’
2563 5006 2771 5079 ὑψηλοῦ
2793 5026 2806 5038 ·
2845 5009 3115 5073 τουτέστι,
3146 5006 3384 5077 σταυρὸν
3428 5003 3624 5073 ἀνέτλη
3674 5002 3768 5055 τὸν
3815 5003 3902 5054 ἐπὶ

2327 5100 2507 5166 ξύλου,
2538 5102 2634 5156 καὶ
2678 5101 2770 5156 τὸν
2801 5102 2943 5157 κατὰ
2994 5100 3173 5172 σάρκα
3204 5100 3455 5161 θάνατον,
3483 5099 3533 5151 εἰ
3579 5096 3673 5151 καὶ
3706 5095 3903 5149 ἀνεϐίω

2324 5193 2625 5264 τριήμερος
2649 5233 2664 5258 ,
2692 5193 2754 5247 τὸ
2788 5193 2881 5247 τοῦ
2909 5192 3145 5247 θανάτου
3180 5192 3432 5262 πατήσας
3484 5189 3705 5260 κράτος,
3738 5188 3902 5240 Ὅταν

2325 5286 2507 5341 τοίνυν
2540 5288 2605 5341 ἐκ
2636 5287 2838 5359 πολλῆς
2865 5286 3006 5357 ἄγαν
3032 5286 3327 5349 ἀσυνεσίας
3346 5323 3362 5348 ,
3404 5286 3503 5353 τῆς
3539 5281 3679 5354 μετά
3704 5279 3901 5352 σαρκὸς

2326 5424 2372 5496 ³⁸ί
2411 5425 2644 5496 Philipp.
2677 5441 2737 5491 tt,
2767 5426 2796 5478 7
2896 5428 2942 5457 ⁸³
2983 5425 3182 5496 Ephes.
3216 5440 3271 5486 ν,
3299 5424 3356 5476 2.
3434 5420 3486 5496 fl
3524 5420 3701 5490 Ephes
3761 5433 3820 5487 tl,
3851 5415 3899 5471 8-

641 5487 686 5518 ³⁸
729 5487 744 5540 Ι
789 5489 913 5542 Cor.
958 5504 1010 5554 χ,
1050 5489 1134 5543 Η,
1211 5490 1255 5521 ⁸³
1297 5488 1456 5545 Num.
1491 5506 1603 5555 va,
1642 5493 1894 5560 (iseqq.;
1932 5492 1948 5545 l
1987 5492 2113 5551 Cor.
2147 5487 2199 5558 tt,

2362 5495 2409 5527 ’⁸⁰
2450 5487 2609 5550 Num:
2651 5487 2763 5563 xxi,
2801 5497 2856 5565 8,
2894 5496 2948 5553 9.
3026 5487 3068 5528 δ’
3111 5493 3276 5551 llebr.
3326 5510 3386 5559 ll,
3428 5490 3515 5547 Η.

1903 5646 2062 5703 ΛΝΤ.
2104 5646 2381 5704 AGELLII
2423 5648 2631 5705 ΝΟΤᾹΖ

713 5778 824 5851 (25)
850 5778 1009 5836 Forte
1043 5780 1233 5852 μῶμόν
1260 5797 1359 5833 που
