4088 6470
267 294 373 353 169

1345 297 1711 357 ADVERSUS
1752 297 2151 358 NESTORIUM
2188 303 2315 358 LIB.
2358 304 2444 360 IV.
3100 380 3104 384 θ
3402 311 3504 369 170

265 413 578 484 οἰκονομίας
614 413 1152 483 καταγογγύζοντες,
1192 414 1284 468 καὶ
1322 416 1379 469 τὸ
1404 417 1637 480 ἀκαλλὲς
1673 418 1842 489 αὐτῆς

1949 429 2157 488 turpem
2192 421 2336 476 illam
2366 429 2616 491 putantes
2656 422 3026 479 erubescimus
3057 432 3149 478 ant
3181 424 3380 479 sentire
3418 412 3508 480 aut

265 503 673 576 καθορίζοντες,
697 502 1083 574 αἰσχυνώμεθα
1114 507 1329 575 φρονεῖν
1359 506 1392 575 ἢ
1418 506 1842 577 λέγειν,ἄνθρω-

266 612 369 648 πον
417 592 670 664 γενέσθαι
708 594 831 648 καθ⁴
878 596 1024 665 ημᾶς
1059 594 1150 646 τὸν
1200 595 1293 649 τοῦ
1337 596 1471 648 Θεοῦ
1516 596 1707 665 Λόγον,
1749 599 1843 650 καὶ

265 686 535 755 ἐνωθῆναι
581 686 745 757 σαρκὶ
796 686 938 739 κατά
996 684 1283 756 ἀλήθειαν,
1320 686 1442 740 τότε
1489 690 1581 742 καλ⁸
1627 687 1842 760 δράκων

266 779 417 848 ἡμᾶς
440 778 470 830 6
491 776 798 849 ἀρχέκακος
832 777 1142 840 ἀποκτενεῖ,
1160 776 1259 846 τῆς
1291 777 1486 833 ἑαυτοῦ
1516 779 1843 845 δυστροπίας

266 869 350 921 ίὸν
384 868 575 938 ὥσπερ
598 866 722 921 τινὰ
748 868 870 929 ταῖς
911 866 1212 936 ἡμετέραις
1240 867 1499 932 διανοίαις
1542 868 1705 931 ἐνιεὶς
1743 869 1841 939 τὴν

267 957 569 1027 πλάνησιν·
610 952 1013 1023 διαφευξόμεθα
1064 951 1159 1018 δὲ,
1210 953 1303 1007 καὶ
1356 953 1426 1006 τὰ
1480 954 1581 1023 τῆς
1634 954 1840 1007 ἐκείνου

269 1048 593 1119 σκαιότητος
627 1042 1064 1116 διακρουσόμεθα
1094 1043 1291 1115 βλάϐη,
1336 1046 1444 1107 τοῖς
1490 1044 1587 1116 τῆς
1617 1044 1842 1115 καρδίας

265 1140 514 1210 ὃμμασιν
558 1136 854 1207 ἐνορῶντες
885 1133 965 1205 τῷ
989 1134 1148 1202 δφει·
1182 1134 1452 1198 τουτέστι,
1500 1136 1563 1187 τὸ
1604 1134 1841 1204 Χριστοῦ

267 1232 573 1302 μυστήριον
620 1226 839 1302 ἀκριϐεῖ
879 1226 1090 1297 διανοίᾳ
1143 1226 1666 1296 κατασκεπτόμενοι.
1706 1225 1841 1278 Τότε

267 1325 398 1395 γὰρ,
429 1321 551 1375 τότε
580 1320 904 1392 φρονοῦντες
924 1317 1082 1389 ὀρθὰ,
1109 1316 1499 1379 ἀνενδοιάστως
1521 1315 1843 1387 δμολογήσο⁴

269 1432 373 1485 μεν
393 1415 475 1467 ὅτι
506 1412 696 1480 γέγονε
728 1410 868 1481 σὰρξ
894 1411 923 1463 6
950 1408 1045 1462 τοῦ
1072 1408 1207 1463 Θεοῦ
1229 1407 1421 1476 Λόγος,
1445 1408 1541 1460 καὶ
1562 1405 1834 1478 προῆλθεν

267 1506 335 1557 ἐκ
371 1502 631 1572 γυναικὸς
662 1499 804 1571 μετά
826 1498 921 1554 τοῦ
958 1502 1137 1569 μεῖναι
1160 1499 1314 1564 Θεὸς,
1342 1500 1436 1552 καὶ
1457 1498 1602 1551 ἔστιν
1624 1500 1652 1551 6
1682 1497 1843 1560 αὐτὸς

263 1594 402 1659 Θεός
428 1610 488 1647 τε
526 1592 664 1664 ὁμοῦ
710 1593 804 1646 καὶ
836 1590 1117 1663 ἄνθρωπος
1138 1606 1151 1620 ·
1202 1590 1328 1644 οῦτε
1354 1591 1465 1653 τοῖς
1495 1589 1597 1659 τῆς
1630 1588 1841 1659 ἀνθρω-

267 1685 504 1755 πὸτητος
542 1682 765 1754 μέτροις
791 1681 1133 1752 ἐπερυθριῶν
1178 1681 1267 1737 διά
1301 1698 1361 1734 τε
1396 1680 1514 1754 [ῖσ.
1549 1681 1639 1735 διά
1663 1680 1748 1752 γε]
1783 1680 1845 1733 τὸ

1944 511 2126 566 dicere
2162 512 2333 581 ipsum
2367 512 2458 567 Dei
2483 511 2718 566 Verbum
2762 512 2960 567 factum
2993 525 3115 568 esse
3153 514 3321 569 nostri
3359 515 3510 569 simi-

1945 600 2048 654 lem
2081 600 2377 663 hominem,
2412 607 2465 653 et
2513 600 2664 655 carni
2720 600 3012 653 secundum
3069 600 3353 655 veritatem
3389 603 3509 656 uni-

1946 699 2081 752 tum.
2129 702 2240 745 tum
2283 691 2513 761 denique
2555 693 2717 746 draco
2761 691 2848 745 ille
2899 690 3162 745 malorum
3209 692 3363 761 origo
3411 704 3510 745 nos

1943 779 2174 843 occidet,
2207 780 2264 834 in
2316 789 2531 835 nostros
2570 780 2778 834 animos
2824 778 3175 848 malignitatis
3202 794 3313 833 suae
3351 779 3511 833 sedn-

1944 869 2180 923 ctionem
2210 868 2361 936 quasi
2394 882 2659 924 venenum
2701 867 3028 933 infundens;
3057 866 3378 937 effugiemus
3415 881 3513 920 au-

1946 965 2076 1024 tem,
2134 966 2190 1012 et
2240 956 2443 1012 illatam
2498 958 2569 1012 ab
2623 958 2766 1013 iilius
2806 958 3165 1028 perversitate
3218 957 3507 1026 perniciem

1943 1048 2282 1113 amoliemur,
2317 1047 2363 1103 si
2393 1047 2572 1104 cordis
2600 1049 2784 1104 oculos
2817 1048 2871 1102 in
2919 1055 3223 1119 serpentem
3260 1046 3512 1115 coniece-

1946 1141 2135 1206 rimus,
2168 1142 2271 1197 hoc
2300 1150 2402 1205 est,
2419 1141 2464 1197 si
2487 1141 2689 1196 Christi
2713 1140 3027 1211 mysterium
3061 1139 3305 1210 diligenti
3332 1140 3509 1194 anim-

1944 1234 2260 1289 adversione
2298 1234 2859 1301 consideraverimus.,
2886 1231 3023 1285 Tum
3066 1231 3301 1300 denique
3360 1240 3511 1284 recte

1945 1328 2246 1383 sentientes
2303 1327 2451 1382 omni
2504 1328 2843 1381 dubitatione
2897 1334 3102 1379 remota
3137 1323 3512 1379 conﬁtebimur

1945 1417 2120 1487 ipsum
2162 1416 2253 1471 Dei
2287 1415 2522 1470 Verbum
2564 1415 2763 1470 factum
2795 1428 2918 1470 esse
2954 1427 3200 1477 carnem,
3230 1422 3286 1466 et
3327 1412 3398 1466 ita
3441 1426 3507 1466 ex

1944 1506 2169 1561 muliere
2211 1506 2496 1575 prodiisse,
2527 1516 2585 1559 ut
2643 1515 2888 1561 maneret
2945 1504 3109 1567 Deus,
3153 1504 3512 1571 enmdemque

1945 1595 2114 1650 Deum
2145 1596 2303 1650 simul
2329 1604 2384 1651 et
2417 1596 2691 1654 hom’nem
2722 1610 2863 1660 esse,
2892 1609 3066 1663 neque
3101 1594 3168 1648 de
3198 1594 3508 1649 humanita-

1946 1686 2015 1739 tis
2048 1687 2315 1741 mensuris
2348 1687 2757 1741 ernbescentem
2795 1694 3013 1755 propter
3053 1684 3389 1739 excellentia:
3431 1685 3511 1740 di-

266 1780 368 1851 τῆς
413 1778 687 1849 ὑπεροχῆς
734 1775 979 1848 ἀξίωμα·
1028 1775 1154 1829 οὕτε
1200 1777 1307 1847 μὴν
1350 1776 1450 1849 τῆς
1506 1776 1842 1847 θεοπρεποῦς

1947 1776 2225 1847 gnitatem,
2259 1790 2431 1846 neque
2462 1792 2649 1831 rursus
2690 1777 2889 1831 divinas
2934 1776 3078 1831 illius
3129 1776 3414 1845 potestatis
3455 1788 3511 1830 et

267 1868 542 1935 ἐξουσίας,
593 1868 687 1921 καὶ
732 1867 1042 1939 ὑπερτάτης
1072 1868 1320 1931 εὐκλείας
1364 1868 1723 1939 ἐστερημένος
1754 1867 1842 1920 διά

266 1963 332 2016 τὸ
362 1960 724 2029 ἀνθρώπινον.
771 1960 835 2014 0!
882 1959 939 2013 δὲ
986 1958 1051 2031 δὴ
1092 1959 1161 2013 τὰ
1209 1958 1387 2012 τοιάδε
1436 1958 1734 2031 διακρίνειν
1779 1951 1839 2009 εὖ

270 2052 421 2123 μάλα
462 2049 870 2122 κατηοισμένοι,
896 2048 964 2102 δι’
987 2050 1191 2120 ἀμφοῖν
1237 2049 1331 2103 τὸν
1372 2047 1491 2112 ἕνα,
1517 2048 1613 2101 καὶ
1656 2046 1716 2099 τὸ
1753 2047 1839 2099 ἐπ’

268 2144 425 2214 αὐτῷ
464 2144 755 2214 μυστήριον
789 2141 984 2211 ἰσχνῶς
1018 2142 1110 2193 καὶ
1133 2138 1515 2210 ἐξητασμένως
1548 2139 1837 2202 συνιέντες,

266 2235 555 2303 λέγουσιν·
592 2251 611 2283 ι
644 2233 707 2284 Ὦ
739 2231 901 2302 βάθος
946 2230 1178 2283 πλούτου
1214 2229 1307 2283 καὶ
1336 2228 1529 2299 σοφίας
1578 2228 1670 2281 καὶ¹
1705 2226 1841 2295 γνὼ-

270 2343 414 2388 σεως
442 2323 595 2391 Θεοῦ,
626 2323 702 2387 ὡς
726 2320 1126 2393 άνεξερεύνητα
1154 2319 1223 2375 τὰ
1248 2320 1490 2393 κρίματα
1522 2316 1709 2383 αὐτοῦ,
1749 2316 1845 2372 καὶ

269 2414 673 2485 ἀνεξιχνίαστοι
696 2414 753 2466 αἱ
777 2412 889 2465 ὁδοὶ
916 2410 1106 2467 αὑτοῦ.
1142 2411 1239 2473 Τίς
1269 2408 1378 2483 γὰρ
1406 2409 1546 2478 έγνω
1579 2406 1704 2462 νοῦν
1725 2410 1843 2462 Κυ-

271 2506 426 2576 ρίου;
461 2523 480 2555 ι
527 2503 665 2557 Ἀλλ’
718 2502 817 2556 οὐκ
860 2497 957 2555 οἷδ’
1006 2502 1154 2565 ὅπως
1202 2500 1276 2564 ὡς
1324 2500 1594 2568 ἀνέφικτά
1640 2514 1701 2550 τε
1752 2498 1846 2551 καὶ

269 2596 485 2666 ἀκαλλῆ
519 2596 679 2649 ταυτὶ
726 2590 1082 2664 διωθούμενος
1103 2632 1118 2658 ,
1152 2592 1253 2663 τῆς
1284 2590 1376 2644 τοῦ
1404 2590 1653 2660 Σωτῆρος
1688 2588 1844 2660 ἡμῶν

269 2690 527 2751 εὐκλείας
547 2688 643 2745 καὶ
677 2688 975 2758 ὑπεροχῆς,
1003 2686 1065 2738 οῦ
1102 2683 1337 2756 μετρίως
1364 2682 1546 2737 οὐτοσὶ
1574 2680 1845 2734 ποιεῖσθαι

270 2781 590 2852 κατατολμᾷ
628 2778 729 2850 τὴν
773 2778 1109 2849 κατάρῤυσιν
1141 2775 1269 2848 [Ζσ.
1303 2771 1678 2846 κατάρῤησιν]
1701 2790 1713 2802 ·
1751 2772 1846 2825 καὶ

272 2876 473 2945 μέτρον
512 2872 703 2942 ὥσπερ
755 2869 901 2939 αὐτῷ
946 2868 1008 2922 τὸ
1052 2868 1171 2922 καθ’
1218 2868 1367 2940 ἡμᾶς
1410 2865 1716 2938 ἀπονέμων,
1754 2862 1847 2918 καὶ

268 2966 459 3037 ἕτερον
480 2964 650 3028 οὐδὲν,
678 2958 995 3026 δεδοξάσθαι
1025 2959 1188 3030 φησὶν
1208 2957 1370 3011 αὐτὸν
1397 2955 1547 3031 παρά
1576 2955 1668 3008 τοῦ
1693 2955 1844 3023 ἁγίου

269 3056 611 3126 Πνεύματος,
658 3054 756 3123 οὐχ
794 3053 869 3117 ὡς
920 3051 1029 3123 ίδίᾳ
1079 3050 1303 3121 δυνάμει
1346 3046 1844 3151 χρώμενον,.τῇ⁸δι’
1871 3090 1919 3151 c

267 3148 464 3211 αὑτοῦ,
494 3147 588 3201 καὶ
621 3144 858 3214 πληροῦν
883 3142 952 3196 τά
978 3143 1077 3213 τῆς
1113 3140 1459 3211 θεοσημείας,
1505 3138 1619 3192 ἀλλ’
1648 3135 1845 3202 ἔξωθεν

270 3240 372 3294 καὶ
400 3235 830 3307 είσκεκριμένως
862 3233 1243 3304 κερδαίνοντα,
1268 3231 1329 3284 τὸ
1356 3230 1654 3302 κατορθοῦν
1686 3230 1847 3284 δύνα-

272 3329 404 3385 σθαί
440 3346 494 3381 τι
531 3328 640 3380 τῶν
688 3324 1180 3397 τεθαυμασμένων·
1223 3323 1313 3379 ἵνα
1344 3322 1409 3393 δὴ
1444 3322 1686 3392 φαίνοιτο
1726 3321 1849 3376 καθ’

269 3423 425 3492 ἡμᾶς
467 3419 709 3490 ἰαμάτων
741 3436 840 3470 που
874 3417 1012 3488 τάχα
1056 3415 1303 3488 χάρισμα
1348 3414 1549 3478 λαϐὼν,
1591 3413 1757 3483 φάναι
1788 3430 1848 3466 τε

272 3511 527 3580 ὀφείλων,
572 3508 712 3560 κατά
761 3507 851 3559 τὸν
906 3505 1174 3577 μακάριον
1212 3504 1453 3558 Παῦλοψ
1501 3522 1519 3555 ι
1557 3504 1751 3573 Χάριτι
1791 3502 1849 3554 δέ

272 3600 414 3653 Θεοῦ
445 3603 559 3670 εἰμι
590 3599 619 3654 δ
642 3600 776 3667 είμι.
815 3616 833 3649 r
871 3592 966 3659 Οἷς
990 3595 1097 3666 γὰρ
1130 3594 1366 3647 ἐπακτὸν
1400 3594 1494 3646 καὶ
1528 3592 1759 3662 θύραθεν
1789 3594 1848 3644 τὸ

272 3688 423 3745 εἷναί
463 3709 515 3744 τι
546 3691 638 3743 καὶ
675 3689 934 3743 δύνασθαι
966 3686 1284 3758 κατορθοῦν,
1316 3682 1462 3740 οὗτοι
1494 3688 1652 3755 φαῖεν
1686 3684 1752 3737 ἂν
1783 3684 1851 3735 είς

275 3785 460 3847 κότως
476 3783 565 3835 καὶ
592 3782 690 3855 τὴν
707 3780 915 3835 τοιάνδε
946 3781 1152 3850 φωνήν.
1190 3778 1369 3842 Δεῖξαι
1408 3778 1535 3850 γὰρ,
1563 3776 1637 3840 ὡς
1654 3776 1850 3837 οίεται,

275 3874 566 3946 βουληθεὶς
606 3871 859 3941 ίσουργὺν
890 3872 969 3935 εἰς
1016 3871 1230 3923 ἅπαντα
1284 3869 1382 3941 τὴν
1413 3866 1575 3936 ἁγίαν
1618 3864 1847 3937 Τριάδα,

276 3966 446 4019 πάλιν
476 3958 578 4017 ὦδέ
612 3980 794 4033 φησιν·

353 4054 461 4126 [Ὁ
485 4053 616 4117 Θεὸς
661 4052 831 4122 Λόγος
875 4051 1089 4119 ἐγένετο
1140 4048 1296 4121 σὰρξ,
1336 4047 1429 4101 καὶ
1454 4047 1761 4115 ἐσκήνωσεν
1792 4044 1850 4096 ἐν

272 4148 435 4217 ἡμῖν.
460 4144 824 4199 -Συνεκάθισεν
848 4142 1025 4212 ἐαυτῷ
1046 4141 1141 4212 τὴν
1172 4138 1574 4210 ἀναληφθεῖσαν
1603 4140 1630 4189 6
1660 4135 1850 4205 Πατὴρ

272 4242 693 4310 ἀ-θθρωπιίτητα.
728 4257 747 4289 ι
790 4235 919 4291 Εἶπε
948 4238 1075 4306 γὰρ,
1118 4236 1301 4306 φησὶν,
1333 4236 1361 4287 6
1394 4232 1596 4303 Κύριος
1633 4230 1709 4301 τῷ
1734 4229 1848 4283 Κυ-

1944 1880 2166 1920 summa:
2196 1866 2379 1937 gloria:
2407 1877 2683 1937 expertem
2720 1876 2938 1937 propter
2967 1867 3377 1921 humanitatem.
3405 1866 3511 1936 Qui

1945 1956 2107 2025 igitur
2131 1955 2395 2024 eiusmodi
2422 1973 2507 2013 res
2529 1958 2697 2027 probe
2734 1958 3049 2014 discernere
3085 1970 3506 2025 consueverunt,

1943 2055 2003 2099 ut
2026 2060 2122 2115 per
2152 2057 2439 2117 utrumque
2466 2064 2654 2113 unum,
2685 2059 2739 2103 et
2774 2049 2892 2114 ejus
2937 2048 3251 2119 mysterium
3300 2048 3510 2103 subtili-

1947 2142 2027 2187 ter
2052 2144 2106 2188 ct
2136 2146 2389 2189 accurate
2420 2136 2747 2206 intelligant,
2776 2137 2962 2191 dicunt
2992 2155 3005 2190 :
3048 2154 3067 2188 ι
3103 2134 3149 2190 0
3177 2136 3405 2192 altitudo
3428 2137 3510 2191 di-

1943 2222 2193 2278 vitiarum
2218 2234 2272 2279 et
2294 2226 2570 2296 sapientia:
2599 2236 2654 2281 et
2681 2227 2917 2283 scientia:
2944 2226 3038 2282 Dei
3066 2239 3082 2280 :
3113 2241 3277 2297 quam
3307 2227 3513 2281 incum.-

1944 2314 2323 2383 prehensibilia
2386 2325 2511 2372 sunt
2551 2316 2757 2386 judicia
2807 2317 2946 2385 ejus,
2999 2326 3054 2373 et
3108 2316 3511 2385 investigabiles

1944 2405 2043 2459 vim
2072 2405 2219 2474 ejus!
2258 2405 2389 2472 Quis
2417 2407 2564 2462 enim
2597 2408 2848 2478 cognovit
2877 2423 3094 2464 sensum
3140 2407 3445 2463 Domini"?
3486 2427 3506 2462 ι

1944 2495 2052 2552 Sed
2079 2498 2258 2552 nescio
2282 2512 2388 2565 qua
2414 2498 2481 2551 de
2504 2511 2667 2554 causa
2693 2499 2796 2554 iste
2824 2499 2984 2553 homo
3014 2499 3097 2554 his
3132 2500 3291 2554 rebus
3310 2539 3326 2563 ,
3357 2500 3513 2569 quasi

1944 2589 2303 2660 impossibiles
2326 2590 2501 2645 sintet
2516 2591 2785 2658 absurdae,
2804 2590 3038 2661 rejectis,
3065 2593 3297 2660 superbe
3317 2592 3514 2648 audeat

1946 2682 2243 2736 Salvatoris
2265 2682 2438 2736 nostri
2474 2682 2661 2751 gloria
2691 2692 2745 2738 et
2766 2682 3099 2738 excellentia:
3124 2683 3433 2745 detrahere,
3456 2691 3515 2736 et

1947 2786 2254 2826 mensuram
2289 2771 2364 2826 illi
2401 2781 2645 2826 nostram
2675 2772 2939 2837 tribuens,
2972 2781 3029 2827 et
3055 2780 3319 2842 prazlerea
3354 2772 3512 2837 nihil,

1945 2862 2303 2930 glorilicaIum
2328 2876 2451 2916 eum
2479 2861 2673 2917 dicata
2705 2860 2910 2935 Spiritu
2931 2872 3141 2927 sancto,
3169 2862 3288 2933 ejus
3314 2863 3515 2917 virtute

1946 2969 2050 3008 non
2083 2963 2141 3006 ut
2169 2954 2386 3023 propria
2410 2962 2669 3018 utentem,
2704 2962 2760 3008 et
2790 2954 2970 3009 divina
3010 2953 3162 3022 signa
3189 2952 3388 3021 facere,
3418 2957 3513 3009 sed

1947 3045 2013 3099 ad
2070 3045 2329 3100 miracula
2390 3046 2617 3111 edenda,
2669 3045 2974 3102 extrinseca
3012 3055 3069 3100 et
3114 3046 3409 3100 adventitia
3456 3047 3512 3101 vi

1949 3134 2257 3205 praeditum,
2291 3146 2350 3189 ut
2386 3134 2495 3203 jam
2525 3136 2773 3191 videatur
2804 3145 2991 3193 nostro
3016 3135 3125 3209 97
3167 3149 3316 3190 more
3348 3149 3512 3191 cura-

1950 3227 2153 3282 tionum
2181 3225 2409 3293 gratiam
2451 3226 2751 3296 accepisse,
2792 3235 2847 3280 et
2874 3239 2996 3281 cum
3028 3226 3186 3280 beato
3230 3224 3399 3280 Paulo
3432 3224 3515 3279 di-

1947 3331 2073 3372 cere
2102 3317 2299 3370 debere
2323 3333 2336 3369 :
2360 3335 2378 3367 ι
2399 3315 2584 3371 Gratia
2622 3317 2710 3371 Dei
2734 3332 2854 3372 sum
2888 3317 2941 3371 id
2972 3318 3117 3387 quod
3154 3332 3274 3372 sum
3306 3316 3445 3372 “°“.
3490 3335 3508 3368 ι

1946 3406 2153 3472 Quibus
2197 3405 2343 3460 enim
2378 3406 2730 3461 adventitium
2764 3414 2934 3461 estet
2980 3406 3133 3476 quasi
3177 3407 3515 3462 extrinsecus

1948 3496 2281 3564 impertitum
2310 3506 2367 3550 ut
2398 3496 2595 3563 aliquid
2636 3498 2765 3563 sint,
2809 3511 2873 3551 ac
2904 3497 3164 3567 perlicere
3203 3497 3439 3567 possint,
3476 3497 3516 3553 ii

1949 3588 2142 3643 merito
2182 3590 2318 3642 hanc
2341 3603 2526 3643 vocem
2558 3590 2808 3643 emittere
2838 3599 3107 3658 poterunt.
3141 3589 3341 3645 Volens
3363 3590 3510 3645 enim

1950 3680 2256 3743 ostendere,
2286 3688 2344 3731 ut
2371 3688 2543 3747 putat,
2593 3680 2658 3732 ad
2699 3679 2879 3733 omnia
2924 3680 3072 3748 paris
3118 3692 3240 3734 esse
3264 3678 3517 3735 elﬁcacia

1950 3777 2193 3823 sanctam
2245 3767 2563 3823 Trinitatem
2593 3806 2609 3835 ,
2641 3783 2832 3823 rursus
2872 3769 2923 3822 in
2974 3770 3118 3822 hunc
3171 3769 3388 3823 modum
3436 3771 3519 3825 di-

1951 3859 2058 3913 cit:

2021 4037 2257 4093 Nesron.
2292 4035 2459 4107 [Deus
2489 4035 2719 4090 Verbum
2771 4036 2969 4089 factum
3016 4044 3100 4111 est
3141 4049 3289 4099 caro,
3320 4044 3377 4090 et
3421 4038 3521 4092 ha-

1954 4131 2145 4186 bitavit
2180 4132 2231 4184 in
2263 4128 2417 4183 nobis
2438 4128 2504 4182 ".
2536 4128 2731 4183 Secum
2760 4128 3045 4181 considere
3075 4126 3200 4180 fecit
3242 4126 3400 4182 Pater
3428 4143 3514 4181 as-

1954 4230 2223 4289 sumptam
2254 4219 2643 4272 humanitatem
2679 4234 2690 4269 :
2729 4238 2747 4267 ι
2786 4217 2930 4271 Dixit
2960 4219 3103 4271 enim
3128 4257 3142 4281 ,
3171 4217 3384 4287 inquit,
3416 4217 3517 4271 Do-

273 4305 397 4402 Fid?-
408 4347 529 4400 μον
547 4305 728 4383 Κάθου
751 4328 815 4380 ἐκ
829 4327 882 4380 δε
892 4305 1159 4395 ξιῶνίμου.
1187 4344 1205 4375 ι
1226 4324 1335 4393 Τὴν
1347 4322 1440 4374 τοῦ
1453 4319 1845 4391 ἀναληφθέντος

1956 4312 2133 4366 minus
2162 4308 2388 4363 Domino
2415 4323 2537 4362 meo
2567 4330 2576 4361 :
2610 4308 2753 4361 Sede
2787 4322 2816 4360 a
2845 4309 3051 4362 dextris
3079 4308 3212 4361 meis
3232 4308 3300 4362 δ’.
3336 4326 3356 4359 ι
3389 4305 3518 4363 Glo-

271 4398 364 4475 τὸ*
392 4398 614 4491 Πνεῦμα
663 4417 933 4471 κατελθὼν
990 4415 1349 4486 συνεκρότησε
1402 4412 1581 4476 δόξαν.
1631 4430 1649 4461 ι
1688 4410 1845 4462 Ὅταν

1959 4404 2093 4457 riam
2144 4402 2404 4469 assutnpti
2463 4398 2699 4466 Spiritus
2751 4399 3084 4451 descendens
3145 4398 3518 4463 comparavit:

272 4516 410 4583 γὰρ,
450 4486 634 4580 φησὶν,
668 4510 795 4580 ἔλθῃ
835 4509 897 4561 τὸ
935 4508 1156 4577 Πνεῦμα
1196 4507 1294 4575 τῆς
1328 4503 1605 4576 ἀληθείας,
1646 4502 1845 4562 ἐκεῖνος

1964 4518 1979 4546 ι
2011 4496 2147 4549 Cum
2176 4493 2406 4556 Venerit,
2448 4492 2640 4560 inquit,
2690 4488 2923 4556 Spiritus
2970 4488 3235 4551 veritatis,
3293 4486 3381 4541 ille
3438 4504 3522 4541 me

273 4606 380 4673 ἐμὲ
407 4604 641 4669 δοξάσει.
680 4621 698 4653 ι
739 4600 923 4654 Βούλει
963 4600 1055 4651 καὶ
1092 4598 1258 4669 ἄλλην
1284 4596 1377 4650 ἐπὶ
1423 4594 1634 4657 τούτοις
1666 4593 1845 4653 αὐτοῖς

1957 4584 2365 4657 gloriﬁcabit".
2407 4602 2425 4634 ι
2464 4582 2628 4636 Visne
2675 4582 2838 4633 etiam
2872 4579 3030 4631 aliam
3066 4580 3131 4631 ad
3157 4578 3269 4632 hac
3303 4579 3521 4645 adjicia-

272 4669 373 4765 τῆς
401 4694 629 4763 Τριάδος
663 4693 977 4763 ἐνέργειαν;
1006 4690 1307 4760 Ἐνῴκησεν
1337 4691 1365 4741 6
1394 4689 1515 4751 Υἱὸς
1546 4689 1601 4738 ἐν
1637 4684 1715 4755 τῷ
1743 4682 1845 4736 σώ-

1960 4694 2078 4733 mus
2100 4676 2384 4730 Trinitatis
2413 4672 2793 4729 efﬁcientiam?
2816 4670 3085 4724 Habitavit
3116 4669 3283 4724 Filius
3314 4670 3367 4723 in
3397 4685 3521 4725 cor-

274 4757 414 4855 ματι
435 4757 464 4812 ·-
487 4757 813 4855 συνέστησεν
838 4786 864 4837 6
894 4783 1082 4853 Πατὴρ
1109 4757 1499 4851 θαπτιζόμενον
1520 4796 1529 4805 ·
1566 4776 1845 4829 διέπλασεν

1959 4783 2127 4838 pore:
2165 4765 2561 4822 commendavit
2608 4763 2931 4831 baptizatum
2978 4759 3172 4825 Pater;
3220 4757 3524 4812 eﬂ‘ormavit

270 4878 336 4926 ἐν
359 4876 622 4944 Παρθένῳ
640 4876 700 4927 τὸ
721 4873 991 4946 Πνεῦμα.]
1024 4870 1165 4927 Εἶτα
1191 4871 1376 4924 πάλιν
1398 4869 1545 4939 φησὶ
1573 4866 1701 4934 περὶ
1726 4865 1841 4919 τῶν

274 4968 466 5037 ἁγίων
498 4968 853 5019 ἀποστόλων
877 4982 889 4996 ⁸
920 4965 1011 5038 [Ὀ
1034 4965 1159 5028 Υἱὸς
1179 4962 1479 5028 ἐξελέξατο.
1506 4984 1522 5011 ι
1548 4960 1686 5028 Ἐγὼ
1717 4959 1841 5029 γὰρ,

275 5059 470 5128 φησὶν,
493 5060 634 5128 ὑμᾶς
653 5057 1004 5130 ἐξελεξάμην.
1040 5078 1057 5109 ι
1093 5060 1148 5109 ’0
1168 5056 1352 5126 Πατὴρ
1370 5054 1561 5125 ήγίασε
1584 5072 1595 5082 ο
1624 5072 1639 5103 ι
1667 5053 1848 5123 Πάτερ

276 5153 413 5220 γὰρ,
450 5152 633 5218 φησὶν,
675 5149 898 5218 ἁγίασον
932 5150 1128 5211 αὐτοὺς
1156 5150 1212 5201 ἐν
1240 5151 1307 5218 τῇ
1338 5147 1562 5217 ἀληθείᾳ
1587 5162 1696 5197 σου,
1727 5164 1743 5192 ι
1782 5143 1852 5194 T6

276 5239 511 5310 Πνεῦμα
545 5236 911 5293 κατεσκεύασε
946 5235 1228 5309 ῥήτορας]

883 5351 1131 5405 ΚΕΦΑΛ.
1174 5351 1255 5403 A’.

351 5464 476 5518 Ὀτι
510 5464 607 5534 μὲν
630 5458 721 5517 οὖν
744 5464 943 5531 άσοφός
967 5478 1024 5514 τε
1054 5464 1148 5513 καὶ
1172 5460 1414 5531 ἀτερπὴς
1446 5459 1471 5510 6
1510 5456 1725 5528 σύμπας
1754 5453 1850 5507 αῦ-

1959 4875 2078 4914 eutn
2110 4860 2161 4912 in
2195 4856 2410 4926 Virgine
2441 4852 2723 4922 Spiritus.|
2752 4850 2945 4904 Deinde
2979 4864 3162 4901 rursus
3198 4850 3271 4900 ait
3302 4849 3365 4902 de
3394 4865 3520 4903 san—

1956 4954 2053 5006 ctis
2081 4950 2369 5019 apostolis:
2401 4946 2594 5018 [Filius
2627 4944 2788 5012 elegit
2817 4957 2833 4995 :
2870 4960 2889 4993 ι
2928 4942 3039 5010 Ego
3086 4942 3230 4994 enim
3253 4981 3267 5005 ,
3309 4941 3520 5012 inquit,

1957 5042 2091 5110 elegi
2113 5055 2206 5093 vos
2228 5039 2273 5070 ‘3
2293 5076 2306 5089 .
2335 5057 2352 5088 ι
2379 5036 2538 5089 Pater
2562 5032 2944 5087 sanctilicavit:
2970 5028 3385 5099 «Pater,inquit,
3404 5047 3527 5085 san.

1960 5133 2138 5187 ctitica
2171 5146 2265 5184 eos
2293 5131 2345 5183 in
2378 5130 2601 5182 veritate
2631 5135 2716 5178 tua
2749 5124 2814 5179 “.
2854 5143 2872 5174 ι
2914 5121 3154 5191 Spiritus
3193 5121 3371 5177 eliecit
3404 5140 3527 5178 ora.

1963 5237 2123 5279 tores.
2148 5221 2166 5292 ]

2625 5325 2778 5381 CAP.
2820 5325 2862 5381 Ι.

2030 5448 2225 5503 Tutum
2286 5444 2501 5516 quidem
2564 5454 2871 5498 sermonem
2909 5438 2977 5495 ab
3031 5454 3096 5495 co
3144 5435 3423 5499 habitum,
3469 5440 3525 5487 et

347 5624 393 5653 “
437 5619 595 5674 Rom.
627 5633 699 5679 xt,
732 5618 819 5674 35.
898 5619 1014 5649 ‘3'“
1054 5618 1070 5670 l
1110 5620 1234 5673 Cor.
1277 5634 1366 5681 xv,
1403 5616 1482 5670 10.
1566 5616 1605 5646 ³⁵
1644 5612 1797 5670 Joan.
1841 5628 1878 5677 ι,
1916 5610 1996 5663 Η.
2077 5606 2120 5639 ⁸⁸
2160 5603 2299 5660 l'sal.
2337 5619 2442 5668 cux,
2476 5604 2521 5656 l.
2602 5600 2644 5635 "
2684 5598 2837 5654 Joan.
2872 5609 2983 5659 XVI.
3020 5592 3102 5657 15,
3128 5590 3209 5644 Ηο
3290 5587 3331 5619 ⁸⁸
3369 5585 3525 5647 10am.

593 5692 632 5719 ⁸³
679 5689 825 5743 loan.
861 5703 989 5753 μνη,
1027 5688 1109 5741 Π.

521 5783 796 5846 Ριῑιιοι..
843 5781 961 5842 Gtt.
1002 5779 1275 5842 LXXVI.

297 5708 393 5755 xv,
434 5692 515 5745 lli.

3068 5772 3071 5773 ί
3100 5746 3135 5823 6
