3956 6468
570 347 672 405 171

1603 338 1659 393 S.
1701 332 1981 392 CYRILLI
2022 324 2494 387 ALEXANDRIN!
2535 323 2854 380 ARCHIEP.

3758 313 3791 367 1
3810 311 3895 365 72

570 464 883 536 imperitum
910 478 1030 520 esse
1083 472 1139 519 et
1178 463 1509 528 molestum,
1562 460 1875 515 iacillimum
1922 467 2003 512 est
2048 471 2139 511 os-

2250 453 2322 523 τῷ
2351 450 2649 521 πεποίηται
2673 447 2851 514 λόγος,
2883 440 3195 504 καταδεῖξαι
3238 439 3386 536 ρᾷον·
3428 429 3775 536 stipare-{st
3818 428 3890 483 δὲ

570 555 843 611 tendere:
888 555 986 610 sed
1011 553 1067 608 in
1122 567 1189 608 eo
1241 552 1510 623 quomodo
1556 550 1725 607 etiam
1771 550 2004 604 insaniat
2044 563 2138 601 cx-

569 660 794 715 ponam.
832 645 952 702 Una
973 654 1057 702 est
1086 645 1231 700 enim
1264 643 1563 700 divinitatis
1594 651 1810 706 natura,
1845 640 1939 695 sed
1964 639 2138 693 subsi-

570 737 668 793 stit
697 737 918 806 proprie
951 751 1015 791 ac
1046 734 1392 805 singulariter
1412 732 1598 799 Pater,
1618 740 1675 788 et
1701 730 1894 794 Filius,
1928 730 2139 785 itidem-

573 844 681 899 que
711 827 952 898 Spiritus
982 846 996 882 :
1022 827 1330 883 eliiciuntur
1355 833 1539 881 autem
1573 824 1759 880 omnia
1786 838 1817 877 a
1865 821 2049 887 Patre,
2087 829 2144 874 et

573 933 674 988 per
697 918 894 974 Filium
940 919 995 973 in
1040 917 1281 987 Spiritu;
1329 924 1385 973 et
1424 916 1549 971 dum
1576 913 1737 971 Pater
1786 920 2035 967 movetur
2073 907 2143 964 ad

574 1005 1252 1077 eliieientiamaliquorum,
1275 1004 1466 1074 procul
1498 1003 1660 1060 dubio
1691 1000 1851 1058 eﬂicit
1890 999 2060 1055 Filius
2089 998 2143 1052 in

578 1096 785 1166 Spiritu
825 1113 838 1150 :
867 1104 923 1151 et
946 1095 993 1151 si
1020 1096 1149 1166 quid
1174 1095 1345 1152 Filius
1369 1095 1642 1165 complere
1662 1093 1861 1149 dicitur
1898 1100 1990 1146 aut
2021 1090 2144 1160 Spi-

576 1186 738 1252 ritus,
773 1186 874 1241 hoc
906 1199 1038 1241 sane
1066 1200 1290 1255 prorsus
1316 1194 1402 1242 est
1424 1200 1493 1241 ex
1518 1185 1696 1250 Patre,
1745 1198 1809 1238 ac
1849 1197 1945 1253 per
1976 1191 2143 1238 totam

578 1274 756 1344 pergit
792 1283 1038 1330 sanctam
1071 1284 1127 1331 et
1174 1275 1691 1331 consubstantialem
1731 1274 2050 1329 Trinitatem
2088 1273 2143 1327 in

574 1380 959 1435 quamcunque
994 1382 1110 1422 rem
1142 1368 1367 1423 tendens
1395 1367 1638 1437 Operatio
1669 1376 1833 1437 atque
1873 1366 2143 1422 voluntas.

575 1454 963 1512 Verumtamen
992 1457 1048 1511 in
1080 1457 1167 1512 his
1202 1457 1331 1512 illud
1363 1458 1651 1513 dicendum
1697 1465 1801 1513 est.
1846 1454 1982 1513 Vide
2026 1470 2146 1510 rur—

574 1560 695 1599 sum
730 1555 790 1600 ut
820 1555 1008 1615 aperte
1056 1554 1110 1601 et
1140 1548 1442 1614 evidenter,
1476 1548 1726 1636 (“iamvis
1772 1547 1902 1601 illud
1925 1562 1992 1601 ex
2038 1545 2147 1600 Deo

574 1635 735 1689 Patre
764 1636 1000 1691 Verbum
1055 1637 1256 1693 factum
1310 1653 1433 1694 esse
1476 1635 1693 1694 carnem
1739 1640 1919 1704 dicat,
1968 1647 2145 1692 tamen

576 1734 890 1794 corrumpat
936 1726 1043 1780 vim
1098 1728 1491 1784 sententiarum
1548 1739 1605 1784 et
1654 1744 1686 1783 a
1733 1739 1883 1784 recto
1932 1730 2148 1785 tramite

2242 548 2344 602 κάν
2378 543 2575 611 τούτῳ,
2616 539 2710 592 καὶ
2739 539 2909 601 ὅπως,
2945 529 3226 621 ἐρῶ.νῐίίῗία
3257 527 3371 621 Δμὲν
3412 526 3520 621 γαρ
3572 523 3892 621 θεότητος

2240 635 2423 705 φύσις,
2456 629 2730 699 ὑφέστηκε
2760 626 2816 678 δέ
2856 621 3037 684 ίδικῶς
3073 620 3101 671 ὁ
3132 617 3345 687 Πατὴρ,
3373 614 3470 668 καὶ
3518 612 3730 705 μέντοι
3772 612 3892 705 θεαὶ

2241 698 2269 780 ό
2296 698 2443 788 Υἱὸς,
2482 698 2683 791 ὁμοίως
2710 716 2767 769 δέ
2796 712 2891 767 καὶ
2918 712 2981 765 τὸ
3009 708 3252 778 Πνεῦμα.
3288 702 3602 777 Πρὰττεταί
3630 717 3704 770 γε
3748 698 3891 769 μὴν

2241 816 2312 871 τὰ
2343 814 2519 869 πάντα
2553 807 2705 881 παρὰ
2749 804 2986 875 Πατρός,
3014 801 3109 855 καὶ
3143 800 3211 852 δι’
3243 796 3375 852 Υίοῦ
3422 793 3887 895 ἐνΠνεύματτθ

2244 906 2338 960 καὶ
2371 899 2482 957 οἷον
2532 897 2898 968 κεκινημένου
2929 893 3025 947 τοῦ
3060 888 3275 960 Πατρδς
3304 888 3384 950 είς
3420 885 3723 955 ἐνέργειαν
3757 885 3891 948 τὴν

2245 999 2337 1053 ἐπί
2373 1012 2538 1062 τισιν,
2582 992 2797 1062 ἐνεργεῖ
2831 989 2886 1042 δέ
2927 986 3143 1049 πάντως
3184 982 3213 1035 ὁ
3245 979 3370 1043 Υίδς
3411 979 3468 1032 ἐν
3502 975 3832 1045 Πνεύματι
3864 988 3883 1003 ⁸

2242 1091 2348 1147 κᾶν
2394 1088 2448 1141 ετ
2494 1103 2551 1139 τι
2593 1082 2805 1152 λέγοιτο
2840 1077 3084 1152 πληροῦν
3136 1076 3165 1128 6
3200 1073 3333 1135 Υἱὸς
3377 1071 3411 1141 ἦ
3459 1070 3521 1123 τὸ
3578 1067 3885 1136 Πνεῦμα,

2245 1454 2455 1516 τούτοις
2493 1450 2670 1505 ἐκεῖνό
2714 1465 2915 1519 φαμεν.
2953 1446 3143 1517 ’Λθρει
3183 1445 3247 1515 δὴ
3276 1442 3474 1506 πάλιν,
3519 1439 3599 1501 ὡς
3643 1436 3877 1503 σαφῶς

2245 1563 2306 1598 τε
2350 1545 2444 1597 καὶ⁵
2486 1540 2767 1612 ἐναργῶς,
2806 1539 2983 1592 καίτοι
3020 1536 3198 1606 σάρκα
3240 1534 3414 1602 λέγων
3458 1530 3547 1585 τὸν
3594 1530 3662 1580 ἐκ
3697 1525 3878 1579 Θεοῦ

2249 1632 2577 1702 γεγενῆσθαι
2623 1629 2815 1697 Λόγον,
2846 1627 2946 1697 τὴν
2982 1625 3091 1679 τῶν
3144 1623 3361 1678 ἐννοιῶν
3415 1618 3877 1691 παρασημαίνει

2249 1726 2498 1797 δύναμιν,
2525 1721 2739 1792 καὶτῆς
2761 1718 3051 1790 ὀρθότητος
3078 1714 3345 1785 ἀποφέρει
3376 1712 3615 1784 μακράν*
3652 1710 3874 1777 dic-Ev-

576 1815 790 1885 longius
839 1816 1111 1882 abducat,
1157 1817 1283 1873 dum
1330 1818 1501 1888 ipsam
1544 1818 1978 1875 incarnationem
2024 1835 2145 1877 esse

2250 1816 2643 1890 έργειαναὺτοῦ
2660 1813 2756 1885 τὴν
2776 1812 3050 1883 σάρκωσιν
3067 1807 3402 1876 ἀποφαίνων.
3420 1802 3711 1873 Ἐπιφέρει
3728 1801 3819 1869 γᾶ
3828 1816 3873 1871 ρ

574 1914 831 1975 tanquam
859 1906 975 1975 ejus
1008 1905 1353 1962 eﬂicientiam
1380 1908 1723 1977 pronuntiat;
1755 1908 1975 1979 subjicit
1999 1910 2144 1965 enim

574 1996 719 2052 illico
751 2015 766 2050 :
804 2015 823 2048 ι
856 1995 1017 2052 Visne
1045 1997 1209 2052 etiam
1240 1998 1403 2053 aliam
1428 2001 1495 2054 ad
1536 2000 1652 2056 haec
1680 2000 1853 2071 ipsius
1867 2001 2149 2058 Trinitatis

574 2086 1251 2157 eﬂicientiambquasijam
1267 2090 1503 2158 priorem
1517 2090 1774 2148 DeiVerbi
1791 2090 1955 2148 fuisse
1968 2103 2149 2149 osten-

574 2179 715 2233 derit
749 2177 1122 2244 efﬁcientiam,
1150 2180 1203 2234 id
1231 2180 1408 2249 ipsum
1451 2181 1595 2252 quod
1650 2196 1780 2238 caro
1813 2182 2014 2237 factum
2041 2192 2144 2252 est,

576 2271 873 2326 secundum
892 2271 1203 2339 Scripturas
1224 2286 1238 2324 :
1260 2281 1314 2326 et
1337 2287 1588 2342 quaenam
1613 2275 1684 2329 sit
1716 2274 1803 2328 illa
1825 2275 1995 2329 altera
2028 2285 2150 2344 post

578 2359 723 2414 illam
761 2361 998 2429 priorem
1026 2361 1338 2427 eliicientia,
1368 2363 1727 2433 demonstrat,
1756 2376 1813 2420 ut
1835 2367 1949 2437 ipse
1972 2379 2145 2436 putat,

577 2464 644 2506 ac
675 2450 826 2506 dicit:
848 2467 867 2500 ι
904 2450 1177 2506 Habitavit
1203 2452 1372 2510 Filius
1400 2455 1457 2509 in
1487 2468 1734 2526 corpore.
1764 2475 1784 2508 ι
1810 2457 1950 2527 Ergo
1971 2458 2151 2514 Deifer

579 2542 740 2597 homo
780 2541 886 2597 erit
925 2541 1221 2599 Christus:
1256 2545 1450 2602 deinde
1496 2546 1551 2601 id
1605 2547 1780 2603 solum
1824 2550 1879 2605 in
1931 2551 2150 2611 homine

575 2632 822 2688 eﬂecisse
849 2631 942 2687 Dei
971 2633 1255 2704 Patrisque
1286 2633 1527 2693 Verbum
1551 2678 1567 2703 ,
1622 2640 1967 2710 perspicuum
2000 2644 2103 2697 erit
2130 2660 2147 2710 ;

572 2724 760 2793 itaque
782 2725 1030 2792 quamvis
1058 2725 1200 2781 dicat
1230 2726 1419 2784 beatus
1439 2730 1804 2800 evangelista:
1827 2732 1940 2803 98
1970 2752 1990 2785 ι
2020 2732 2151 2789 Ver-

576 2811 704 2867 bum
739 2828 867 2869 caro
903 2815 1102 2870 factum
1138 2826 1246 2885 est,
1302 2828 1360 2873 et
1408 2819 1673 2876 habitavit
1724 2821 1778 2877 in
1807 2824 1983 2887 nobis,
2016 2844 2036 2877 ι
2075 2825 2149 2880 nil

577 2905 722 2961 aliud
748 2905 957 2962 indicat
977 2907 1082 2964 nisi
1116 2909 1247 2965 illud
1265 2909 1463 2977 solum,
1496 2912 1754 2969 nimirum
1785 2915 1958 2986 ipsum
1982 2916 2146 2975 Deum

576 2996 818 3052 Verbum
861 2997 915 3051 in
960 2999 1185 3056 homine
1237 3001 1535 3072 habitasse,
1581 3013 1643 3060 ut
1678 3006 1840 3062 etiam
1892 3009 1947 3063 in
1991 3010 2149 3067 nobis

577 3084 733 3154 ipsis.
790 3086 1011 3156 Templa
1061 3103 1296 3159 namque
1351 3106 1541 3149 sumus
1595 3093 1686 3149 Dei
1722 3096 1951 3153 viventis
1977 3098 2064 3165 ⁸ος
2094 3108 2142 3156 et

2248 1906 2429 1972 εὐθύςο
2442 1926 2458 1959 t
2471 1905 2660 1959 Βούλει
2672 1905 2767 1957 καὶ
2778 1902 2943 1970 ἄλλην
2958 1900 3047 1953 ἐπὶ¹
3061 1898 3272 1961 τούτοις
3289 1896 3471 1957 αὐτοῖς
3484 1894 3583 1963 τῆς
3596 1892 3872 1964 Τριὰδῡς

2248 1999 2560 2069 ἐνέργειαν;
2604 2016 2621 2048 ι
2651 1995 2725 2058 ὡς
2754 1993 2857 2064 ήδη
2889 1991 3112 2063 πρώτην
3155 1986 3509 2058 ἀποδεδειχὼς
3543 1986 3868 2055 ἐνέργειαν

2247 2090 2341 2142 τοῦ
2363 2089 2496 2142 Θεοῦ
2518 2088 2714 2153 Λόγου,
2736 2084 2796 2138 τὸ
2814 2084 2990 2154 σάρκα
3014 2080 3292 2150 γενέσθαι,
3310 2077 3448 2131 κατὰ
3463 2077 3561 2140 τὰς
3576 2077 3861 2147 Γραφάς.

2249 2179 2360 2232 Καὶ
2376 2180 2458 2242 τίς
2492 2180 2525 2248 ἡ
2555 2176 2718 2247 ἑτέρα
2753 2173 2892 2245 μετὰ
2913 2172 3011 2243 τὴν
3035 2170 3259 2243 πρώτην
3276 2167 3863 2239 ἐνέργειανδιαδείκ-

2248 2287 2403 2324 νυσιν
2426 2269 2538 2341 [Ion
2562 2265 2822 2337 δεικνύς],
2845 2264 3031 2335 ὥσπερ
3054 2264 3245 2326 οἴεται,
3276 2260 3459 2331 φησίν·
3479 2278 3498 2310 ι
3520 2258 3861 2328 Ἐνῴκησεν

2248 2363 2276 2416 6
2294 2363 2420 2425 Υἱὸς
2441 2363 2498 2415 ἐν
2513 2360 2590 2431 τῷ
2612 2360 2844 2429 σώματι.
2879 2377 2897 2408 ι
2923 2356 3191 2426 Θεοφόρος
3214 2351 3308 2407 οὖν
3338 2352 3625 2423 ἄνθρωπος
3644 2352 3673 2403 6
3694 2352 3857 2421 Χρι-

2250 2454 2392 2517 στός.
2416 2448 2550 2505 Εἶτα
2571 2450 2665 2504 καὶ
2689 2450 2849 2519 μόνον
2883 2446 3042 2499 τοῦτο
3074 2444 3377 2515 ἐνεργήσας
3416 2443 3496 2505 είς
3538 2440 3856 2511 ἄνθρωπον

2248 2544 2277 2595 6
2300 2541 2393 2597 τοῦ
2420 2539 2556 2595 Θεοῦ
2586 2538 2681 2592 καὶ
2712 2536 2923 2608 Πατρδς
2942 2532 3281 2604 διαφαίνεται
3312 2531 3503 2600 Λόγος·
3526 2529 3692 2593 ὥστε,
3724 2533 3856 2583 κᾶν

2250 2635 2298 2687 εί
2327 2632 2474 2701 λέγοι
2508 2629 2669 2701 τυχὸν
2695 2629 2724 2681 6
2765 2626 3034 2699 μακάριος
3066 2621 3476 2693 εὐαγγελιστὴς,
3511 2640 3530 2672 ι
3567 2620 3625 2673 Ὁ
3655 2621 3855 2689 Λόγος

2252 2722 2389 2795 σὰρξ
2409 2721 2646 2791 ἐγένετο,
2684 2718 2777 2771 καὶ
2799 2717 3109 2787 ἐσκήνωσεν
3143 2716 3201 2767 ἐν
3246 2715 3401 2784 ἡμῖν,
3435 2731 3454 2764 ι
3487 2711 3855 2781 καταδηλοῦν

2249 2815 2382 2885 ἡμῖν
2418 2813 2608 2883 ἓτερον
2639 2810 2811 2875 οὐδὲν,
2840 2806 2981 2877 πλὴν
3014 2807 3191 2858 ἐκεῖνο
3240 2802 3335 2857 καὶ
3372 2803 3551 2874 μόνον,
3579 2802 3662 2855 ὃτι
3692 2818 3851 2855 κατ-

2249 2904 2466 2975 ᾤκησεν
2495 2903 2554 2956 ἐν
2572 2899 2844 2973 ἀνθρώπῳ
2877 2898 3009 2961 Θεὸς
3040 2896 3116 2950 ὣν
3148 2897 3176 2949 6
3213 2894 3407 2962 Λόγος,
3448 2894 3591 2949 καθὰ
3631 2894 3724 2947 καὶ
3778 2895 3851 2947 ἐν

2250 2998 2383 3069 ἡμῖν
2434 2995 2637 3057 αὐτοῖς.
2675 2990 2815 3047 Ναοὶ
2845 2988 2956 3061 γάρ
2992 2990 3160 3058 ἐσμεν
3192 2984 3328 3039 Θεοῦ
3374 2983 3613 3049 ζῶντος,
3648 2986 3750 3037 καὶ
3781 2986 3852 3038 ἐν

2250 3087 2429 3156 τούτῳ
2479 3084 2823 3156 γινώσκομεν
2868 3082 2949 3135 ὅτι
3002 3081 3061 3133 ἐν
3107 3080 3241 3149 ἡμῖν
3276 3078 3443 3143 ἐστιν,
3474 3076 3557 3130 ὅτι
3608 3076 3675 3130 ἐκ
3732 3075 3851 3129 τοῦ

579 3175 637 3230 in
664 3177 768 3231 hoc
793 3180 1178 3245 cognoscimus
1200 3182 1343 3249 quod
1372 3184 1423 3236 in
1447 3183 1604 3241 nobis
1634 3194 1737 3250 est,
1765 3189 1893 3257 quia
1923 3204 1989 3244 ex
2024 3190 2146 3260 Spi-

2251 3177 2569 3249 Πνεύματος
2622 3173 2787 3228 αὑτοῦ
2831 3169 3235 3226 ἐδωκεν.¹’Λλλ’
3264 3168 3325 3222 οὐ
3357 3168 3516 3224 τοῦτο
3556 3168 3659 3260 μὲν
3700 3167 3853 3232 ἴσως

579 3265 690 3319 ritu
744 3281 844 3321 suo
882 3268 1029 3322 dedit
1084 3269 1243 3325 nobis
1299 3272 1366 3327 “.
1405 3271 1510 3328 Sed
1564 3273 1619 3329 id
1657 3275 1889 3333 fortasse
1931 3280 2151 3337 minime

578 3356 770 3423 dices,
830 3359 1229 3429 blaSphemiam
1274 3363 1639 3422 reformidans
1689 3386 1705 3421 :
1746 3384 1812 3424 ac
1868 3372 2149 3427 nobiseum

579 3448 929 3504 conﬁteberis
965 3452 1137 3520 ipsum
1170 3453 1264 3508 Dei
1303 3454 1539 3510 Verhum
1578 3459 1853 3515 hominem
1887 3461 2090 3517 factum
2133 3482 2147 3518 :

580 3538 742 3606 idque
770 3555 892 3596 esse
923 3542 1351 3600 incarnationem
1397 3564 1412 3602 :
1458 3551 1764 3606 consenties
1794 3554 1959 3607 etiam
2000 3571 2152 3611 man-

580 3631 719 3685 sisse
746 3632 941 3698 Deum,
975 3640 1028 3687 et
1060 3648 1171 3690 suae
1199 3645 1405 3693 natura:
1435 3640 1602 3696 decus
1653 3656 1923 3709 servasse,
1958 3660 2151 3715 quam-

578 3721 664 3776 vis
698 3723 1002 3791 appellatus
1030 3725 1101 3779 sit
1128 3720 1301 3783 Filius
1347 3729 1604 3798 hominis,
1650 3732 1809 3804 idque
1854 3738 2149 3792 secundum

579 3812 862 3867 veritatem
892 3813 1075 3868 fuerit.
1110 3816 1249 3881 Quid
1279 3818 1569 3887 igiturjam
1605 3820 1697 3876 tibi
1734 3824 1953 3892 accidit,
1987 3836 2045 3881 ut
2070 3825 2152 3881 di-

579 3917 733 3959 ceres
764 3903 935 3973 ipsum
966 3903 1184 3962 Patrem
1216 3908 1378 3963 simul
1407 3924 1592 3966 secum
1627 3914 1913 3971 considere
1953 3915 2151 3972 fecisse

578 3993 973 4049 humanitatem
1018 4007 1395 4068 assumptam,
1432 4017 1497 4056 ac
1550 4019 1659 4058 non
1707 4006 1885 4074 potius
1931 4006 1985 4062 in
2040 4023 2153 4063 sua:

576 4084 747 4153 ipsiua
777 4086 1078 4141 divinitatis
1110 4088 1335 4144 sedibus
1377 4093 1686 4149 constitisse
1730 4110 1795 4149 ex
1830 4097 1919 4151 Dei
1949 4098 2152 4155 Patris-

578 4189 683 4242 que
706 4175 1064 4242 beneplacito,
1096 4188 1277 4231 ortum
1300 4193 1366 4233 ex
1392 4194 1457 4235 eo
1491 4182 1722 4238 Verbum
1747 4186 1910 4239 etiam
1936 4200 2154 4257 postea-

577 4274 741 4328 quam
779 4258 980 4313 t‘actutn
1011 4272 1095 4315 est
1124 4263 1285 4318 homo
1310 4301 1326 4327 ,
1359 4279 1429 4319 ne
1468 4266 1637 4335 ipsius
1674 4270 1985 4328 humanitas
2033 4284 2153 4328 tant

578 4365 743 4419 quam
771 4352 838 4405 ab
856 4367 919 4406 eo
944 4353 1155 4409 diversa
1188 4355 1523 4427 intelligatur
1546 4370 1641 4414 aut
1670 4361 1889 4417 dicatur
1914 4380 1943 4419 a
1970 4367 2147 4431 nobis,

577 4456 699 4495 cum
740 4456 865 4497 vera
897 4445 1028 4499 unio
1057 4455 1110 4501 et
1150 4462 1312 4502 unum
1341 4463 1462 4505 esse
1500 4450 1652 4505 illum
1700 4455 1952 4509 ostendat
1996 4458 2151 4511 nobis

2252 3270 2415 3338 ἐρεῖς,
2460 3266 2885 3336 καταναρκήσας
2937 3262 3039 3333 τὴν
3078 3260 3432 3332 δυσφημίαν·
3466 3258 3850 3330 ὁμολογήσεις

2250 3358 2306 3411 δὲ
2340 3358 2459 3429 μεθ’
2479 3358 2659 3429 ἡμῶν,
2689 3359 2771 3413 ὄτι
2798 3358 3023 3428 γέγονεν
3051 3356 3336 3428 ἄνθρωπος
3363 3355 3390 3406 6
3420 3353 3514 3407 τοῦ
3545 3352 3685 3406 Θεοῦ
3723 3353 3848 3405 A6-

2250 3464 2345 3515 γος
2368 3463 2381 3476 ⁸
2412 3450 2505 3501 καὶ
2564 3448 2721 3502 τοῦτό
2762 3450 2970 3519 ἐστινὴ
3009 3448 3308 3519 σάρκωσις.
3351 3444 3602 3515 Συνθήσῃ
3640 3444 3719 3509 δὲ,
3746 3446 3849 3497 ὅτι

2254 3538 2534 3609 μεμένηκε
2565 3538 2719 3603 Θεὸς,
2751 3541 2844 3594 καὶ
2875 3539 2937 3592 τὸ
2968 3540 3069 3610 τῆς
3115 3538 3252 3600 ίδίας
3290 3537 3505 3606 φύσεως
3530 3535 3848 3589 διεσώσατο

2252 3628 2480 3693 κάλλος·
2516 3630 2621 3683 κᾶν
2662 3632 2711 3682 εἰ
2762 3631 3169 3701 κεχρημάτικεν
3215 3629 3345 3691 Υἱὸς
3386 3625 3702 3698 ἀνθρώπου,
3734 3626 3845 3693 γέ-

2251 3720 2375 3787 γονέ
2402 3738 2461 3774 τε
2483 3720 2641 3774 τοῦτο
2660 3722 2801 3775 κατὰ
2821 3716 3249 3792 ἁλήθειαν.Εἴτα
3281 3719 3334 3772 τί
3365 3717 3553 3789 μαθὼν
3581 3717 3693 3790 lla.
3720 3735 3845 3769 πα-

2253 3807 2407 3880 θὼν],
2447 3810 2774 3879 συγκαθίσαι
2810 3810 2917 3881 φὴς
2949 3809 3128 3880 ἐαυτῷ
3168 3810 3260 3862 τὸν
3296 3808 3536 3880 Πατέρα,
3566 3808 3667 3877 τὴν
3698 3810 3846 3861 ἀνα-

2251 3896 2550 3966 ληφθεῖσαν
2591 3899 3006 3970 ἀνθρωπότητα,
3043 3901 3139 3953 καὶ
3188 3899 3308 3969 οὐχὶ
3342 3899 3405 3970 δὴ
3438 3898 3658 3968 μᾶλλον,
3714 3903 3846 3963 τοῖς

2251 3989 2348 4057 τῆς
2383 3988 2516 4051 ιδίας
2547 3989 2802 4059 Θεότητος
2823 3989 3130 4061 ἐνιδρύσθαι
3161 3988 3379 4052 θώκοις,
3407 3989 3464 4040 ἐν
3486 3988 3709 4059 εὐδοκία
3731 3990 3842 4043 τοῦ

2252 4076 2387 4129 Θεοῦ
2442 4080 2534 4131 καὶ
2570 4078 2781 4149 Πατρὸς
2806 4119 2821 4143 ,
2859 4081 2951 4132 καὶ
2988 4079 3277 4149 ἄνθρωπον
3317 4078 3574 4146 γεγονότα
3626 4078 3723 4131 τὸν
3771 4081 3842 4145 ἐξ

2254 4168 2420 4221 αὑτοῦ
2446 4168 2620 4237 φύντα
2652 4169 2845 4238 Λόγον,
2881 4170 2966 4223 ἵνα
3002 4170 3077 4241 μὴ
3102 4169 3177 4233 ώς
3201 4169 3364 4240 ἐτέρα
3392 4185 3475 4231 τις
3504 4171 3634 4238 παρ’
3661 4171 3843 4223 αὑτὸν

2253 4258 2286 4328 ἡ
2313 4258 2668 4329 ἀνθρωπότης
2692 4259 2857 4312 αὐτοῦ
2897 4260 3034 4332 πρὸς
3074 4258 3229 4330 ήμῶν
3263 4258 3433 4314 νοοῖτο
3466 4260 3557 4313 καὶ
3591 4260 3839 4328 λέγοιτο,

2252 4347 2427 4401 καίτοι
2447 4348 2546 4419 τῆς
2568 4350 2709 4403 κατὰ
2743 4351 3002 4421 ἀλήθειαν
3037 4351 3300 4414 ἐνώσεως,
3330 4352 3427 4405 ἕνα
3448 4367 3508 4403 τε
3533 4352 3664 4421 ἡμῖν
3692 4352 3843 4406 ἁπο-

2253 4438 2549 4511 φαινούσης
2573 4441 2755 4504 αὐτὸν,
2780 4441 2875 4495 καὶ
2897 4441 2996 4494 οὐκ
3018 4440 3300 4512 ἀλλότριον
3331 4441 3496 4494 αὑτοῦ
3526 4442 3625 4513 τὴν
3646 4443 3841 4514 σάρκα

576 4541 632 4586 et
664 4531 781 4600 ejus
819 4548 1037 4590 carnem
1069 4552 1175 4593 non
1219 4554 1339 4594 esse
1372 4542 1440 4596 ab
1468 4557 1534 4597 eo
1580 4544 1861 4605 alienam?
1908 4548 2145 4603 Convin-

2255 4530 2450 4598 αρύτοῦ;
2486 4530 2807 4602 Ψευδοεπὴς
2831 4527 2924 4585 οὖν
2968 4532 3099 4602 ἄρα,
3132 4533 3227 4586 καὶ
3265 4531 3528 4603 λογισμοῦ
3565 4531 3662 4584 τοῦ
3693 4534 3841 4587 καθ-

578 4622 719 4679 ceris
747 4638 876 4693 ergo
906 4625 957 4679 in
983 4628 1083 4681 hoc
1111 4642 1331 4699 quoque
1364 4634 1622 4699 mendax,
1655 4644 1712 4691 et
1738 4651 1767 4689 a
1800 4647 1948 4692 recta
1980 4641 2150 4693 ratio-

577 4712 851 4770 cinatione
900 4731 1006 4770 non
1047 4733 1237 4788 parum
1284 4722 1567 4778 aberrans.
1608 4724 1688 4780 Ae
1731 4726 1777 4781 si
1825 4728 1961 4782 nihil
2004 4728 2147 4784 aliud

576 4812 658 4858 est
690 4806 873 4860 dicere
902 4806 1135 4863 Verbum
1176 4809 1375 4865 factum
1421 4829 1543 4869 esse
1566 4829 1786 4871 carnem
1811 4858 1828 4883 ,
1873 4820 1977 4874 nisi
2007 4824 2147 4890 quod

580 4896 780 4951 factum
810 4909 892 4953 est
941 4902 1099 4956 homo
1128 4940 1144 4965 ,
1198 4914 1410 4958 servata
1465 4908 1785 4963 excellentia
1829 4911 2146 4978 divinitatis,

579 4998 910 5054 manensque
936 4990 1078 5056 quod
1108 5000 1245 5054 erat,
1281 5008 1513 5061 quanam
1547 5006 1771 5051 externa
1802 4999 1971 5065 gloria
2008 5015 2144 5070 OpIIS

580 5074 784 5138 habuit,
805 5093 927 5131 cum
957 5080 1070 5147 ipse
1098 5081 1356 5136 Dominus
1384 5095 1527 5139 esset
1548 5086 1730 5153 gloria:
1750 5089 1772 5140 ?
1793 5089 2144 5145 Glorilicaba-

582 5176 669 5218 tur
688 5167 830 5221 enim
863 5170 978 5223 sine
1005 5171 1188 5237 dubio,
1216 5174 1423 5241 Spiritu
1452 5177 1631 5232 divina
1659 5180 1925 5237 ellieiente
1960 5186 2141 5254 signa,

580 5270 686 5310 non
722 5267 778 5312 ut
814 5260 991 5315 Deifer
1024 5264 1204 5327 homo,
1240 5267 1308 5319 ab
1343 5276 1571 5323 externa
1613 5273 2003 5342 superioreque
2051 5290 2143 5326 na-

581 5361 702 5403 tura
731 5366 795 5407 co
827 5367 1054 5407 munere
1100 5365 1409 5425 comparato
1438 5402 1453 5427 ,
1491 5371 1548 5415 ut
1594 5362 1751 5418 nobis
1791 5365 2015 5429 accidit,
2054 5370 2147 5419 sed

583 5437 786 5507 Spiritu
818 5450 1068 5509 tanquam
1103 5447 1319 5514 proprio
1343 5464 1494 5504 usus.
1549 5452 1687 5505 Deus
1739 5454 1881 5508 enim
1919 5465 2038 5509 erat
2081 5473 2147 5510 ex

583 5538 803 5595 natura;
831 5532 1058 5602 ideoque
1088 5536 1317 5603 Spiritus
1349 5540 1462 5608 ejus
1497 5546 1560 5596 ab
1591 5560 1655 5598 eo
1700 5562 1805 5600 non
1850 5558 1966 5601 erat
2010 5548 2143 5602 alie-

650 5687 697 5720 ”
734 5688 753 5742 l
791 5688 914 5758 Cor.
942 5707 1015 5759 vr,
1041 5694 1125 5748 16.
1202 5697 1242 5727 ⁵³
1286 5694 1304 5749 l
1338 5697 1491 5753 Joan.
1519 5716 1589 5767 IV,
1625 5701 1712 5754 15.

2251 4622 2479 4691 ήκοντος
2499 4623 2560 4675 ού
2595 4623 2832 4693 μετρίως
2856 4621 3219 4693 ἡμαρτηκὼς,
3259 4623 3457 4693 ἁλίσκῃ
3490 4624 3594 4676 κάν
3624 4622 3832 4694 τούτῳ.

2250 4712 2360 4766 Καὶ
2388 4716 2437 4766 εί
2482 4714 2651 4783 μηδὲν
2682 4713 2868 4785 ἕτερόν
2907 4716 3024 4766 ἐστι
3065 4714 3127 4766 τὸ
3173 4714 3340 4782 φάναι
3356 4713 3419 4784 δὴ
3455 4714 3631 4783 σάρκα
3660 4730 3838 4782 γεγε-

2250 4806 2444 4875 νῆσθαι
2469 4806 2560 4859 τὸν
2595 4805 2788 4873 Λόγον,
2819 4807 2853 4876 ἢ
2881 4806 2963 4859 ὅτι
2995 4806 3221 4875 γέγονεν
3250 4805 3537 4877 ἄνθρωπος
3563 4808 3620 4859 ἐν
3650 4807 3835 4878 ὑπερ-

2249 4900 2348 4968 οχῇ
2373 4898 2623 4966 θεότητος
2649 4897 2747 4961 ὣν,
2778 4898 2871 4950 καὶ
2913 4896 3241 4969 μεμενηκὼς
3286 4898 3424 4968 ὅπερ
3450 4892 3539 4967 ἦν,
3565 4898 3728 4960 ποίας
3762 4899 3835 4953 ἂν

2254 4986 2446 5056 ἐδεήθη
2485 4987 2582 5056 τῆς
2615 4986 2813 5052 ἔξωθεν
2855 4987 3031 5058 δόξης,
3073 4986 3247 5039 καίτοι
3299 4987 3399 5055 τῆς
3430 4987 3587 5057 δόξης
3620 4987 3832 5057 Κύριος

2254 5073 2328 5127 ὢν
2357 5074 2551 5139 αὐτός;
2582 5075 2889 5141 Ἐδοξάςετο
2915 5076 3011 5145 μὲν
3040 5076 3148 5145 γὰρ
3185 5076 3650 5146 ὁμολογουμένως,
3673 5078 3832 5146 svsp-

2254 5164 2476 5232 γοῦντος
2502 5165 2594 5217 τοῦ
2636 5166 2951 5236 Πνεύματος
2978 5166 3075 5228 τὰς
3110 5164 3437 5235 θεοσημίας·
3473 5166 3586 5218 ἀλλ’
3618 5167 3715 5235 οὐχ
3751 5167 3830 5230 rb;

2256 5254 2536 5324 ἅνθρωπος
2565 5258 2839 5327 θεοφόρος,
2876 5257 2935 5321 ἐξ
2967 5258 3178 5321 ὸθνείας
3204 5273 3262 5310 τε
3294 5259 3385 5308 καὶ
3422 5258 3833 5328 ὑπερκειμένης

2258 5345 2471 5414 φύσεως
2509 5347 2570 5399 τὸ
2613 5348 2801 5419 χρῆμα
2858 5347 3173 5418 κερδαίνων,
3229 5348 3369 5400 καθὰ
3401 5349 3492 5401 καὶ
3527 5349 3715 5418 ἡμεῖς·
3753 5350 3833 5411 ὡς

2260 5437 2374 5508 ἰδίῳ
2401 5437 2457 5489 δέ
2498 5439 2697 5509 μᾶλλον
2729 5439 3071 5511 κεχρημένος
3109 5440 3184 5509 τῷ
3223 5440 3526 5508 Πνεύματι.
3557 5440 3689 5502 Θεὸς
3719 5440 3831 5509 γὰρ

2256 5525 2322 5599 ἦν
2371 5529 2571 5599 φύσει,
2636 5532 2731 5586 καὶ
2772 5534 2869 5586 οὐκ
2921 5533 3199 5604 ἀλλότριον
3258 5533 3423 5585 αὑτοῦ
3481 5533 3539 5585 τὸ
3600 5530 3832 5586 Πνεῦμα
