4088 6470
220 373 330 431 ηε

1318 369 1690 425 ΛΒἾΕῐὶδυό
1729 369 2131 429 NESTORIUM
2168 372 2303 427 LIB.
2347 373 2434 428 ιν.

3361 385 3465 442 174

217 488 411 543 αὐτοῦ.
444 484 655 541 Οὐκοῦν
687 486 787 540 οὐκ
810 484 1032 551 ἔξωθεν,
1059 486 1179 539 οὐδὲ
1205 486 1514 556 εἰσποίητον
1541 485 1689 557 αύτῷ
1714 486 1786 538 δε-

1908 505 2027 544 nus.
2055 489 2168 543 Non
2191 490 2355 560 igitur
2381 491 2739 559 extrinsecus,
2778 508 2953 563 neque
2995 501 3215 556 ascitant
3248 505 3465 564 aliunde

215 579 410 634 δόσθαι
448 578 629 649 φαμὲν
666 576 761 629 τοῦ
793 575 1112 646 Πνεύματος
1157 576 1256 647 τὴν
1304 576 1615 646 ἐνέργειαν,
1656 576 1797 629 καθὰ

216 671 317 723 καὶ
348 671 485 739 ἡμῖν
536 668 744 731 αὐτοῖς,
773 668 942 737 ἧγουν
973 669 1087 729 τοῖς
1119 668 1295 735 ἁγίοις
1326 667 1663 729 ἀποστόλοις.
1701 670 1795 721 Δε-

217 762 460 832 δώρηται
493 761 601 831 γὰρ
630 760 815 821 αὐτοῖς
837 758 1087 823 ἐξουσίαν
1114 760 1143 811 ὁ
1174 757 1407 828 Χριστὸς
1446 756 1588 811 κατὰ
1628 774 1794 811 πνευ-

222 853 412 922 μάτων
435 848 939 920 άκαθάρτων,ὧστε
966 847 1249 901 ἐκϐάλλειν
1270 848 1438 902 αὑτά·
1463 848 1795 917 προστέταχε

217 943 279 996 δὲ
320 940 665 1014 θεραπεύειν,
706 940 801 994 καὶ
841 940 1023 993 πᾶσαν
1050 939 1237 1005 νόσον,
1274 939 1370 993 καὶ
1410 941 1591 992 πᾶσαν
1626 939 1798 1010 μαλα-

220 1034 352 1086 κίαν
381 1034 441 1085 ἐν
466 1031 547 1102 τῷ
572 1030 710 1102 λαῷ.
743 1029 969 1084 Οἴκοθεν
992 1024 1087 1084 οὖν
1116 1028 1226 1100 ἄρα
1252 1030 1347 1084 καὶ
1377 1030 1506 1099 παρ’
1540 1029 1707 1082 αὐτοῦ
1734 1029 1796 1083 τὸ

220 1123 453 1193 Πνεῦμα
483 1122 672 1178 αὐτοῦ.
700 1121 812 1175 Καὶ
839 1120 1031 1175 τούτου
1068 1119 1246 1191 σαφὴς
1269 1118 1541 1186 ἀπόδειξις
1589 1120 1675 1189 εῐη
1702 1121 1792 1182 ἂν,

218 1214 285 1267 τδ
313 1214 410 1266 καὶ
435 1212 643 1283 ἑτέροις
691 1210 953 1267 δύνασθαι
984 1212 1241 1283 χορηγεῖν
1274 1209 1426 1273 αὐτὸ,
1463 1210 1559 1263 καὶ
1595 1210 1698 1262 οὐκ
1729 1211 1794 1263 ἐκ

222 1306 450 1377 μέτρου,
480 1302 626 1357 καθά
660 1319 826 1373 φησιν
860 1303 890 1356 ὁ
926 1300 1195 1373 μακάριος
1236 1298 1661 1369 εὐαγγελιστής’
1698 1301 1795 1352 ἐπ-

219 1395 498 1466 εμέτρησε
526 1394 630 1464 μὲν
661 1393 770 1463 γὰρ
794 1394 908 1455 τοῖς
922 1390 1099 1460 ἁγίοις
1113 1389 1212 1460 τὴν
1244 1389 1331 1443 διὰ
1358 1388 1451 1442 τοῦ
1475 1389 1793 1459 Πνεύματος

220 1484 385 1555 χάριν
402 1485 440 1536 ’ὁ
464 1482 574 1534 τῶν
594 1482 734 1535 ὅλων
755 1479 890 1544 Θεός
911 1496 926 1511 ·
955 1479 1052 1533 καὶ
1078 1473 1123 1546 ᾧ
1163 1479 1259 1548 μὲν
1297 1478 1465 1533 ἔδωκε
1509 1478 1666 1547 λόγον
1705 1496 1793 1532 σο-

221 1576 381 1645 φίας·
424 1574 570 1644 ἄλλῳ
609 1573 667 1625 δὲ
712 1572 871 1641 λόγον
906 1569 1195 1641 γνώσεως·
1232 1569 1405 1640 ἑτέρῳ
1437 1568 1494 1622 δὲ
1545 1570 1792 1641 χάρισμα

223 1665 474 1735 ἰαμάτων
499 1679 514 1695 ο
538 1662 633 1717 καὶ
657 1658 835 1726 τοῦτο,
861 1657 1039 1732 οἶμαι,
1062 1660 1177 1714 ἐστι
1200 1659 1364 1725 τὸ,ὡς
1393 1661 1458 1712 ἐκ
1485 1660 1684 1730 μέτρου
1700 1660 1792 1713 δύ-

218 1756 418 1810 νασθαι
438 1757 564 1817 τοὺς
586 1753 806 1824 ἔχοντας
833 1752 1134 1823 ἐνέργειαν»
1150 1752 1209 1805 ’0
1231 1750 1288 1803 δέ
1314 1767 1378 1819 γε
1401 1750 1604 1821 Κύριος
1631 1752 1664 1821 ἡ
1673 1751 1789 1823 μῶν

1904 578 2132 633 dicimus
2177 580 2277 648 ipsi
2327 581 2506 636 datam
2549 582 2787 651 Spiritus
2825 585 3165 644 eﬂicicntiam
3215 596 3466 653 similiter

1903 678 1967 719 ac
1998 666 2152 720 nobis
2204 666 2352 734 ipsis,
2408 677 2501 722 aut
2543 671 2704 725 etiam
2752 674 2956 728 sanctis
2992 681 3270 745 apostolis.
3307 684 3466 741 Dedit

1901 750 2044 802 enim
2074 750 2182 805 illis
2213 753 2462 808 Christus
2487 765 2807 823 potestatem
2828 761 3086 820 adversus
3122 768 3346 834 spiritus
3372 773 3468 828 im-

1904 841 2132 896 mundos
2180 853 2237 895 ut
2282 857 2376 898 eos
2403 843 2662 912 ejicerent
2693 866 2707 902 :
2735 849 2896 918 jussit
2926 855 3091 910 etiam
3124 868 3183 912 ut
3206 874 3467 922 curarent

1902 944 2117 986 omnem
2160 933 2526 991 inﬁrmitatem
2556 947 2612 993 et
2632 955 2847 997 omnem
2906 944 3220 1019 languorem
3270 953 3323 1008 in
3368 972 3467 1026 po-

1900 1026 2026 1095 pulo
2055 1027 2121 1081 ⁵².
2154 1027 2485 1087 lntrinsecus
2514 1032 2678 1101 igitur
2716 1043 2779 1089 et
2829 1036 2899 1091 ab
2949 1040 3065 1108 ipso
3101 1054 3188 1098 est
3227 1043 3467 1115 Spiritus

1899 1115 2015 1184 ejus
2042 1136 2056 1172 :
2090 1118 2244 1189 cujus
2275 1121 2351 1175 rei
2381 1123 2735 1193 perspicuum
2776 1138 2864 1184 est
2891 1144 3290 1203 argumentum,
3319 1145 3462 1208 quod

1898 1208 2063 1263 etiam
2092 1209 2213 1265 aliis
2253 1211 2401 1266 illum
2426 1213 2666 1271 tribuere
2697 1225 2896 1286 potest,
2949 1232 3005 1277 et
3046 1239 3150 1280 non
3191 1242 3258 1283 ex
3307 1246 3465 1288 men-

1898 1311 2048 1366 sura,
2085 1309 2144 1355 ut
2187 1303 2266 1357 ait
2309 1303 2499 1359 beatus
2557 1310 2884 1379 evangelista
2910 1314 2997 1380 ⁸³;
3053 1332 3176 1374 nam
3214 1319 3303 1377 ille
3349 1338 3467 1378 om.

1902 1389 2050 1443 nium
2072 1392 2211 1448 Deus
2233 1395 2298 1449 ad
2314 1410 2617 1452 mensuram
2641 1401 2857 1467 quidem
2887 1405 3072 1462 tribuit
3097 1414 3300 1469 sanctis
3325 1416 3462 1473 viris

1903 1480 2138 1548 Spiritus
2167 1486 2339 1540 sancti
2363 1488 2615 1555 gratiam,
2643 1499 2697 1544 et
2718 1490 2810 1546 alii
2845 1495 3061 1563 quidem
3082 1499 3228 1557 dedit
3246 1518 3460 1563 sermo-

1899 1585 2018 1624 nem
2036 1573 2326 1640 sapientiae,
2348 1575 2439 1629 alii
2456 1589 2756 1633 sermonem
2772 1580 3031 1649 scientiae,
3049 1585 3203 1642 alteri
3224 1592 3458 1660 gratiam

1895 1659 2235 1716 curationum
2265 1663 2313 1695 ”
2360 1662 2581 1734 :idque
2606 1676 2709 1733 est,
2766 1678 2825 1724 ut
2881 1673 3093 1743 opinor,
3145 1659 3289 1748 quod
3342 1691 3463 1737 tan.

1896 1764 2056 1818 quam
2083 1766 2149 1807 ex
2167 1766 2418 1809 mensura
2438 1767 2663 1824 possunt
2693 1759 2731 1815 ii
2756 1762 2850 1830 qui
2874 1762 3074 1820 habent
3095 1768 3458 1830 etiicientiatn.

233 1845 447 1916 Ἰησοῦς
486 1844 746 1916 Χριστὸς,
799 1842 863 1908 ἐξ
914 1842 1043 1897 ἰδίου
1078 1839 1447 1912 πληρώματος
1481 1842 1693 1912 προῖεὶς
1732 1842 1786 1895 τὸ

1892 1840 2004 1912 99
2031 1842 2098 1897 At
2126 1858 2255 1899 vero
2288 1844 2550 1904 Dominus
2579 1860 2763 1906 noster
2789 1853 2947 1910 Jesus
2975 1856 3229 1917 Christus
3250 1877 3316 1916 ex
3363 1879 3465 1921 sua

218 1936 468 2007 Πνεῦμα,
492 1934 637 1989 καθά
669 1934 764 1988 καὶ
785 1931 947 1995 αὐτὸς
977 1932 1007 1984 ό
1038 1930 1250 2001 Πατὴρ,
1276 1931 1375 2001 οὐχ
1406 1931 1480 1994 ὡς
1501 1932 1567 1985 ἐκ
1593 1932 1792 2003 μέτρου

215 2027 437 2081 δίδωσιν
464 2027 598 2080 αὐτὸ
630 2028 745 2089 τοῖς
792 2024 965 2089 ἀξίοις
1013 2022 1174 2077 ἐλεῖν.
1213 2023 1461 2077 Ἀνθότου
1492 2022 1556 2095 δὴ
1592 2020 1709 2089 οῦν,
1748 2018 1795 2078 ὦ

218 2120 493 2190 βέλτιστε,
520 2119 614 2171 τὸν
644 2118 745 2171 οὐκ
775 2119 841 2171 ἐκ
873 2118 1074 2187 μέτρου
1103 2114 1314 2169 διδόντα
1332 2115 1392 2168 τὸ
1424 2115 1649 2185 Πνεῦμα
1680 2119 1795 2181 τοῖς

220 2213 641 2283 μεμετρημένον
664 2211 882 2283 ἔχουσιν
914 2211 1047 2266 αὐτὸ
1079 2213 1252 2273 ποιεῖς
1283 2208 1637 2280 ἐναρίθμιον;
1665 2224 1796 2276 συγ-

217 2299 590 2368 κεκρατῆσθαι
619 2299 793 2367 λέγων
826 2300 978 2369 παρὰ
1010 2297 1103 2353 τοῦ
1144 2297 1464 2368 Πνεύματος
1492 2298 1593 2368 τὴν
1633 2298 1795 2364 δόξαν

219 2390 415 2451 αὐτοῦ,
432 2390 528 2443 καὶ
551 2389 889 2461 ἐνηργῆσθαι
913 2389 1132 2459 μᾶλλον,
1146 2388 1221 2452 ὡς
1239 2388 1335 2442 ἕνα
1356 2387 1463 2442 τῶν
1484 2388 1604 2443 καθ’
1624 2389 1790 2459 ἡμᾶς,

221 2482 286 2534 ἐν
315 2480 540 2550 χάριτος
583 2480 737 2545 τάξει
780 2480 1014 2533 λαϐόντα
1050 2479 1152 2549 τὴν
1190 2478 1321 2549 παρ’
1351 2477 1518 2531 αὐτοῦ
1557 2478 1793 2548 συγκρό-

220 2588 404 2642 τησιν,
438 2572 608 2641 ἧγουν
646 2572 941 2642 ἐνεργῆσαι
984 2570 1182 2641 μᾶλλον
1209 2569 1285 2634 ὡς
1335 2569 1401 2622 δι’
1438 2569 1573 2622 ἰδίου
1617 2567 1797 2623 Πνεύο

223 2678 397 2732 ματος
424 2662 524 2727 τὰς
553 2661 883 2732 θεοσημίας.’
922 2661 1167 2715 Ἰουδαῖοι
1204 2660 1304 2731 μὲν
1343 2659 1454 2729 γὰρ
1488 2660 1535 2713 οί
1561 2659 1793 2715 πάντολ-

220 2768 337 2821 μοι,
372 2752 577 2821 πικράν
609 2753 699 2805 ἐπ’
738 2751 887 2823 αύτῷ
932 2753 1331 2825 καταθήγοντες
1364 2753 1629 2819 γλῶτταν,
1670 2754 1794 2806 ἀνοο

216 2842 356 2905 σίως
388 2841 660 2910 ἔφασκονο
688 2860 716 2897 ,ι
744 2838 910 2906 Οὗτος
940 2845 1041 2897 οὐκ
1065 2843 1319 2898 ἐκϐάλλει
1342 2843 1412 2897 τὰ
1436 2844 1711 2915 δαιμόνια,
1741 2844 1792 2898 εἰ

217 2930 302 3000 μὴ
324 2930 384 2983 ἐν
405 2929 484 3000 τῷ
523 2930 852 2996 Βεελζεὸοὺλ
879 2932 1100 3003 ἄρχοντι
1132 2933 1240 2986 τῶν
1269 2933 1586 3003 δαιμονίων·
1622 2954 1641 2986 ι
1676 2936 1705 2987 ό
1736 2933 1792 2988 δέ

215 3037 285 3089 γε
311 3020 517 3090 Κύριος
537 3021 568 3091 ὴ
579 3021 696 3091 μῶν
729 3018 937 3093 Ἰησοῦς
965 3026 993 3075 ό
1017 3022 1273 3093 Χριστὸς,
1305 3022 1702 3093 ὰμαθαίνοντας
1729 3026 1789 3077 οὑ

212 3112 455 3183 μικρῶς,
497 3110 699 3181 μᾶλλον
730 3112 787 3166 δέ
828 3114 922 3166 καὶ
961 3113 1353 3178 δυσσεὸοῦντας
1395 3114 1649 3186 ἐλέγχων,
1682 3134 1702 3167 ι
1727 3117 1790 3169 Εἰ

1895 1934 2227 2001 plenitudine
2243 1938 2577 2007 profundens
2595 1942 2880 2012 Spiritum,
2896 1957 2955 2001 ut
2980 1949 3146 2003 etiam
3178 1952 3253 2022 (l)
3278 1951 3346 2008 Pa
3359 1964 3460 2020 ter,

1894 2039 2002 2080 non
2031 2025 2177 2080 illum
2211 2030 2304 2082 dat
2350 2037 2602 2099 tanquam
2662 2049 2728 2088 ex
2769 2051 3020 2094 mensura
3070 2040 3138 2097 iis
3173 2045 3263 2113 qui
3314 2048 3461 2117 digni

1893 2124 2019 2169 sunt
2046 2116 2312 2185 accipere.
2340 2118 2581 2185 Quanam
2611 2122 2776 2193 igitur
2800 2129 2868 2183 de
2896 2143 3082 2196 causa,
3106 2133 3190 2187 vir
3219 2116 3459 2208 egregie,

1892 2217 2015 2257 eum
2041 2206 2131 2274 qui
2166 2220 2270 2260 non
2301 2222 2369 2261 ex
2415 2224 2668 2266 mensura
2714 2214 2808 2269 dat
2852 2215 3137 2286 Spiritum,
3191 2206 3458 2281 ineorum

1894 2308 2175 2349 numerum
2209 2297 2382 2354 refers
2411 2300 2501 2368 qui
2538 2301 2841 2361 dimensum
2876 2306 3028 2364 illum
3058 2311 3299 2381 habent,
3330 2316 3457 2372 dum

1894 2397 2261 2455 comparatam
2300 2404 2332 2444 a
2370 2390 2577 2460 Spiritu
2609 2394 2726 2462 ejus
2752 2396 2979 2465 gloriam
3014 2401 3173 2469 dicis,
3223 2415 3279 2459 et
3313 2407 3459 2462 illius

1892 2475 2192 2533 eﬂicientiae
2243 2480 2542 2551 subjectum
2565 2485 2763 2552 potius,
2798 2497 2857 2542 ut
2883 2505 3047 2545 unum
3096 2507 3126 2547 c
3149 2496 3304 2552 nobis
3331 2514 3459 2568 gra-

1895 2565 1985 2621 tiae
2013 2567 2131 2622 loco
2152 2569 2267 2638 ejus
2312 2573 2747 2640 cooperationem
2786 2580 3061 2648 accepisse
3087 2623 3103 2650 ,
3142 2600 3303 2655 quam
3332 2565 3457 2658 pro.

1892 2656 2012 2723 prio
2042 2656 2243 2726 Spiritu
2276 2661 2453 2715 divina
2490 2663 2644 2733 signa
2680 2665 2963 2725 effecisse?
2997 2670 3165 2729 Judaei
3196 2656 3454 2749 namque.

1891 2745 1959 2799 ad
1985 2748 2167 2803 omnia
2201 2750 2551 2807 audacissimi
2584 2768 2708 2810 cum
2737 2771 3057 2818 venenatam
3087 2764 3323 2836 linguam
3341 2745 3456 2823 vad-

1893 2850 2084 2894 versus
2117 2838 2264 2893 illum
2280 2853 2634 2910 exacuerent,
2662 2846 2827 2918 impie
2847 2851 3132 2909 dicebant:
3162 2875 3182 2909 ι
3220 2856 3316 2914 llic
3351 2876 3455 2916 non

1892 2926 2042 2997 ejicit
2098 2931 2362 2988 daemonia
2402 2932 2505 2988 nisi
2529 2937 2582 2990 in
2619 2935 2941 3009 Beelzebub,
2971 2945 3215 3016 principe
3258 2950 3453 3006 daamo-

1893 3018 2108 3073 nierum
2140 3021 2205 3076 ⁸⁵.
2248 3042 2268 3075 ι
2302 3025 2564 3085 Dominus
2602 3044 2734 3085 vero
2782 3041 2967 3088 noster
3011 3033 3166 3093 Jesus
3208 3038 3455 3099 Christus

1892 3107 2014 3164 illos
2044 3125 2149 3166 non
2179 3114 2388 3170 modica
2422 3116 2660 3185 inscitia,
2693 3121 2803 3177 imo
2828 3137 2959 3179 vero
2983 3127 3147 3182 etiam
3175 3129 3455 3200 impietate

212 3197 354 3272 ἐγὼ,
381 3204 567 3274 φησὶν,
602 3205 661 3257 ἐν
712 3203 1039 3268 Βεελςεσοὺλ
1077 3204 1298 3275 ἄρχοντι
1345 3204 1454 3259 τῶν
1496 3183 1786 3276 δαιμονίων

1892 3199 2139 3258 laborare
2169 3219 2470 3275 coarguens
2496 3227 2510 3263 :
2546 3227 2565 3262 ι
2605 3183 2664 3267 Si
2691 3227 2811 3284 ego,
2846 3214 3041 3285 inquit,
3072 3218 3126 3273 in
3148 3183 3455 3281 Beelaebuh

210 3293 467 3349 ἐκϐάλλω
510 3295 579 3349 τά
622 3294 896 3366 δαιμόνια,
940 3298 989 3349 οἱ
1022 3297 1126 3349 υίοί
1173 3296 1327 3367 ὑμῶν
1376 3299 1434 3350 ἐν
1473 3297 1578 3352 τίνι
1624 3297 1787 3351 ἐκδα-

210 3384 406 3451 λοῦσι;
437 3405 455 3437 ι
481 3382 866 3455 Τεθαύμασται
892 3385 1001 3457 γὰρ
1022 3388 1050 3439 ὁ
1070 3385 1322 3461 λαμπρὸς
1352 3388 1446 3442 καὶ
1479 3387 1652 3458 μέγας
1678 3388 1786 3442 τῶν

209 3470 391 3541 ἁγίων
419 3471 730 3528 ἀποστόλων
775 3474 958 3548 χορὸς,
989 3477 1048 3529 ἐν
1074 3475 1300 3546 ὀνόματι
1341 3477 1515 3548 Ἰησοῦ
1545 3478 1785 3547 Χριστοῦ

208 3564 310 3617 τοῦ
332 3564 658 3636 Ναζωραίου
686 3564 907 3636 πληρῶν
932 3566 1001 3620 τὰ
1052 3566 1359 3637 παράδοξαο
1402 3567 1497 3621 καὶ
1528 3567 1656 3636 γοῦν
1685 3568 1786 3621 ὑπ-

208 3656 480 3724 έστρεφον
504 3657 788 3727 χαίροντές
814 3674 873 3709 τε
906 3658 996 3710 καὶ
1022 3658 1271 3727 λέγοντες
1291 3675 1304 3688 ·
1331 3676 1349 3709 t
1372 3657 1567 3728 Κύριε,
1596 3660 1690 3712 καὶ
1715 3660 1783 3715 τὰ

202 3745 474 3814 δαιμόνια
515 3747 644 3816 ἡμῖν
684 3748 1053 3803 ὑποτάσσεται
1091 3747 1183 3800 ἐπὶ⁸
1219 3747 1298 3818 τῷ
1339 3748 1563 3818 ὀνόματί
1609 3766 1724 3804 σου.
1758 3769 1777 3803 ι

219 3832 369 3887 Ἀλλ’
395 3835 551 3907 εἴπερ
576 3837 723 3890 ἐστὶν
751 3838 974 3906 ἐφικτὸν
998 3841 1055 3891 ὲν
1081 3839 1306 3908 ὀνόματί
1332 3854 1476 3901 τινος
1498 3839 1607 3893 τῶν
1632 3842 1784 3913 ἐνερ-

204 3924 517 3996 γουμένων,
556 3929 651 3982 καὶ
692 3928 919 3999 ἐτέρους
960 3929 1221 3984 δύνασθαι
1265 3930 1333 3984 τὰ
1383 3932 1475 3983 ῐσα
1514 3932 1778 4003 πληροῦν,

200 4017 394 4087 ἡκέτω
414 4033 429 4047 ·
458 4016 711 4086 φραζέτω
754 4017 843 4073 διὰ
868 4018 1025 4071 ποίαν
1056 4018 1233 4070 αἰτίαν
1264 4017 1441 4081 οὐδεὶς
1469 4020 1527 4072 ἐν
1554 4018 1778 4089 ὀνόματι

201 4108 316 4162 τῶν
340 4108 514 4175 ἁγίων
546 4109 708 4172 τινὸς,
738 4105 772 4180 ἢ
804 4108 1135 4179 ἀκαθάρτοις
1155 4108 1426 4178 πνεύμασι
1448 4111 1778 4181 ἐπιτιμήσας

201 4193 575 4264 θαυμάζεται,
612 4196 782 4266 ἤγουν
810 4196 997 4267 ἕτερόν
1026 4214 1080 4249 τι
1104 4195 1213 4249 τῶν
1254 4197 1396 4267 πέρα
1437 4196 1595 4266 λόγου
1623 4215 1777 4253 τετε-

198 4286 403 4350 λεκὼς.
439 4286 578 4339 Ἀλλ’
610 4288 660 4340 οἱ
708 4288 807 4357 μὲν
842 4286 1169 4359 ἐνήργηνται
1200 4286 1353 4357 παρὰ
1399 4287 1492 4340 τοῦ
1524 4287 1778 4359 Πνεῦμα-

1889 3292 2049 3361 ejicio
2079 3294 2363 3367 diemonia,
2399 3300 2494 3355 lilii
2542 3303 2705 3358 vestri
2748 3304 2804 3359 in
2860 3320 2967 3376 quo
3018 3308 3244 3378 ejiciunt
3284 3313 3386 3370 ἰτ
3423 3333 3445 3368 ›

1888 3380 2016 3435 Erat
2055 3384 2199 3438 enim
2248 3386 2301 3440 in
2350 3388 2707 3447 admiratione
2753 3393 2932 3450 clarus
2980 3397 3069 3453 ille
3118 3408 3170 3454 et
3222 3418 3449 3475 magnus

1886 3482 2193 3529 sanctorum
2242 3479 2610 3546 apostolorum
2662 3484 2884 3553 chorus,
2931 3502 3054 3543 cum
3116 3491 3169 3546 in
3232 3496 3453 3552 nomine

1887 3562 2016 3619 Jesu
2047 3565 2250 3621 Christi
2282 3567 2545 3626 Nazareni
2576 3573 2761 3629 ederet
2806 3577 3065 3633 miracula
3101 3598 3114 3634 :
3150 3583 3333 3654 itaque
3366 3602 3452 3642 re-

1886 3656 2238 3710 vertebantur
2264 3660 2564 3727 gaudentes
2612 3677 2675 3717 ac
2705 3663 2991 3721 dicentes:
3031 3686 3050 3720 ι
3097 3668 3343 3738 Domine,
3396 3676 3451 3730 in

1884 3745 2100 3798 nomine
2131 3754 2221 3800 tuo
2253 3750 2416 3804 etiam
2447 3752 2711 3808 daemonia
2741 3756 3108 3825 subjiciuntur
3140 3765 3298 3820 nobis
3325 3767 3391 3820 ⁸⁷.
3425 3786 3444 3817 ι

1894 3831 2000 3887 Sed
2035 3834 2080 3887 si
2113 3835 2228 3889 ﬁeri
2261 3847 2441 3906 potest
2466 3850 2525 3894 ut
2559 3843 2611 3895 in
2641 3845 2859 3899 nomine
2885 3846 3118 3917 alicujus
3142 3867 3333 3909 eorum
3358 3859 3447 3926 qui

1881 3922 2292 3981 ademciendum
2310 3928 2379 3983 ab
2395 3928 2501 3985 alio
2514 3943 2816 4000 moventur,
2830 3937 2993 3992 etiam
3010 3940 3097 3994 alii
3119 3942 3315 3998 similia
3333 3922 3451 4015 pos-

1879 4014 1986 4068 sint
2013 4014 2241 4081 eﬂicere,
2260 4020 2482 4086 prodeat
2508 4036 2573 4077 ac
2598 4022 2763 4093 dicat,
2785 4040 2945 4097 quam
2963 4030 3031 4085 ob
3053 4046 3267 4089 causam
3290 4014 3450 4094 nemo

1878 4104 2178 4161 celebretur
2199 4109 2341 4176 quod
2360 4111 2411 4165 in
2426 4110 2566 4168 illius
2580 4116 2750 4171 sancti
2768 4118 2869 4172 viri
2888 4121 3104 4179 nomine
3123 4124 3205 4179 vel
3223 4126 3451 4196 spiritus

1878 4194 2118 4265 impuros
2139 4198 2449 4269 increparit,
2471 4203 2553 4258 vel
2574 4204 2716 4261 aliud
2735 4208 3006 4279 quidpiam
3033 4217 3175 4283 quod
3192 4194 3351 4286 supra
3370 4236 3450 4274 ra-

1879 4289 2075 4345 tionem
2106 4291 2197 4358 sit,
2236 4294 2538 4363 perfecerit.
2581 4296 2686 4354 Sed
2735 4300 2813 4357 illi
2852 4303 3070 4373 quidem
3101 4322 3130 4361 a
3155 4306 3354 4378 Spiritu
3385 4315 3450 4369 ad

196 4393 314 4440 τος,
347 4378 447 4429 καὶ
479 4376 903 4447 μεμετρημένην
945 4378 1130 4447 έχουσι
1160 4376 1349 4446 χάριν·
1372 4379 1400 4429 ό
1424 4376 1501 4440 δὲ,
1526 4377 1603 4441 ὡς
1642 4378 1776 4444 Θεὸς

1889 4395 2009 4450 ψιιε
2029 4381 2365 4441 elIiciendum
2423 4387 2786 4459 impelluntur,
2832 4393 2886 4449 e't
2911 4376 3209 4454 dimensam
3253 4402 3450 4459 habent

197 4467 440 4536 ἐνεργεῖ,
486 4464 579 4517 καὶ
611 4465 686 4527 ὡς
713 4465 778 4517 δι’
813 4465 941 4518 ἰδίου
974 4465 1291 4534 Πνεύματος
1315 4465 1552 4535 ἀμογητὶ
1579 4483 1775 4538 κατορ-

1889 4473 2136 4541 gratiam;
2157 4476 2247 4530 hic
2272 4491 2399 4533 vero
2425 4488 2485 4534 ut
2510 4480 2651 4537 Deus
2681 4493 2956 4552 operatur,
2980 4497 3036 4543 et
3070 4499 3322 4561 tanquam
3356 4509 3449 4563 per

196 4556 283 4609 θοί
314 4557 386 4609 τὰ
412 4555 478 4608 δι’
502 4549 576 4609 ὧν
600 4555 960 4626 θαυμάζεται.
993 4556 1102 4610 Καὶ
1136 4555 1265 4625 γοῦν
1295 4559 1328 4628 ἡ
1356 4558 1454 4628 τὴν
1479 4557 1571 4611 τοῦ
1602 4558 1770 4628 αἵμα-

194 4663 287 4708 τος
338 4645 503 4715 ῥύσιν
555 4645 959 4716 ἀρῤωστήσασα
1018 4647 1157 4717 γυνὴ
1218 4647 1595 4717 προσελθοῦσά
1640 4664 1773 4701 ποτε

194 4736 506 4808 λεληθότως
532 4737 639 4789 ἀπὸ
659 4736 881 4790 ὄπισθεν
901 4738 1087 4804 αὐτοῦ,
1128 4738 1435 4809 γέγραπται
1462 4740 1575 4804 ὡδὶ,
1598 4740 1774 4811 ἥψατο

192 4829 287 4883 τοῦ
332 4829 648 4900 κρασπέδου
696 4827 790 4882 τοῦ
846 4829 1059 4899 ἱματίου
1088 4829 1275 4894 αὑτοῦ,
1302 4831 1398 4883 καὶ
1429 4833 1773 4903 παραχρῆμα

192 4923 325 4993 ἔστη
362 4922 400 4991 ἡ
446 4920 602 4991 ῥύσις
642 4921 737 4974 τοῦ
778 4921 1011 4992 αἵματος
1041 4921 1234 4990 αὐτῆς.
1282 4924 1349 4974 Ὃ
1394 4922 1460 4992 δὴ
1510 4924 1604 4977 καὶ
1651 4941 1773 4978 συν-

193 5018 295 5081 ιεὶς
349 5018 381 5069 ὁ
427 5015 662 5087 Χριστὸς
688 5056 702 5079 ,
749 5036 766 5069 ι
804 5016 902 5080 Τίς
943 5018 972 5069 ὁ
1021 5017 1299 5087 ἁψάμενός
1337 5035 1477 5087 μου;
1515 5037 1533 5070 ι
1586 5021 1771 5090 φησιν,

204 5104 433 5177 Ἐπειδὴ
458 5106 594 5176 πρὸς
623 5106 779 5159 τοῦτο
813 5106 1052 5177 ἔφασκον
1099 5107 1147 5160 οί
1184 5107 1465 5162 θεσπέσιοι
1498 5110 1769 5181 μαθηταίο

194 5216 214 5249 ι
246 5197 577 5260 Ἐπιστάτα,
609 5197 848 5267 βλέπεις,
877 5199 925 5251 οἱ
951 5198 1099 5268 ὄχλοι
1121 5199 1404 5270 συνέχουσι
1428 5219 1486 5254 σε
1517 5202 1613 5255 καὶ
1634 5203 1772 5255 ἀπο-

191 5286 468 5339 θλίϐουσι*
496 5306 515 5337 ι
543 5287 707 5339 πάλιν
729 5288 966 5356 ἔφασκεν
991 5290 1151 5353 αὐτός
1170 5306 1185 5320 ⁶
1214 5309 1233 5342 ι
1260 5290 1476 5360 Ἥψατό
1500 5292 1602 5362 μού
1654 5310 1737 5355 τις
1754 5307 1767 5320 ⁸

190 5377 300 5447 ἐγὼ
322 5378 438 5446 γὰρ
470 5378 640 5446 ἔγνων
666 5378 896 5449 δύναμιν
928 5381 1248 5446 ἐξελθοῦσαν
1285 5382 1378 5435 ἀπ’
1406 5384 1563 5453 ἐμοῦ.
1596 5403 1614 5436 ι
1649 5386 1771 5438 Συν-

1880 4565 2152 4634 proprium
2169 4567 2429 4639 Spiritum
2452 4572 2567 4627 sine
2586 4573 2771 4631 labore
2799 4576 3057 4633 miracula
3087 4583 3314 4648 perﬁcit.
3342 4587 3449 4641 De-

1879 4657 2041 4726 nique
2064 4658 2151 4713 illa
2172 4660 2365 4716 mulier
2389 4677 2507 4733 qua:
2527 4665 2804 4733 sanguinis
2826 4665 2973 4723 ﬂuxu
2998 4671 3298 4742 laborabat,
3326 4691 3448 4733 cum

1881 4751 2198 4807 accessisset
2223 4753 2360 4808 clam
2390 4770 2419 4809 a
2443 4763 2614 4825 tergo,
2640 4746 2780 4813 sicut
2806 4761 3065 4830 scriptum
3087 4766 3247 4830 est",
3273 4769 3449 4838 tetigit

1882 4840 2149 4896 ﬁmbriam
2175 4845 2476 4900 vestimenti
2505 4846 2621 4915 ejus
2655 4864 2668 4900 :
2697 4857 2750 4903 et
2783 4852 3040 4905 continuo
3073 4855 3221 4908 stetit
3270 4854 3448 4913 ﬂuxus

1881 4932 2158 4998 sanguinis
2201 4932 2335 5001 ejus.
2363 4936 2480 5003 Quo
2521 4939 2739 5008 cognito
2778 4940 3026 4997 Christus
3060 4960 3074 4996 ι
3126 4963 3145 4997 ι
3171 4945 3302 5012 Quis
3340 4964 3446 5015 me,

1864 5021 2093 5090 inquit,
2142 5026 2363 5095 tetigit?
2409 5045 2429 5078 ι
2476 5042 2707 5098 cumque
2754 5032 2822 5085 ad
2870 5033 2920 5086 id
2977 5035 3222 5092 dicerent
3271 5045 3446 5097 sancti

1880 5114 2105 5180 apostoli
2134 5132 2147 5167 :
2185 5134 2204 5165 ι
2229 5116 2553 5187 Praeceptor,
2589 5121 2758 5186 vides,
2791 5124 2961 5178 turba
2994 5135 3046 5181 te
3077 5132 3443 5198 comprimunt

1878 5213 1931 5256 et
1964 5205 2244 5273 atiligunt;
2282 5227 2301 5261 ι
2339 5225 2552 5264 rursum
2594 5212 2708 5280 ipse
2733 5212 2912 5268 dixit:
2950 5234 2969 5267 ι
3006 5218 3206 5289 Tetigit
3241 5238 3326 5278 me
3351 5226 3445 5275 nli-

1877 5294 2023 5363 quis,
2049 5311 2148 5364 ego
2177 5299 2319 5353 enim
2354 5301 2475 5355 novi
2508 5302 2762 5359 virtutem
2796 5321 2826 5360 a
2878 5322 2963 5362 me
3007 5311 3158 5365 exire
3197 5313 3261 5365 ⁵⁸.
3314 5332 3333 5364 ι
3372 5314 3444 5365 ln-

1881 5387 2080 5457 telligis
2117 5404 2246 5459 ergo
2292 5394 2748 5461 quemadmodum
2797 5412 2902 5453 non
2943 5401 3049 5455 vim
3100 5404 3437 5459 extrinsecus

256 5539 303 5627 ξ’
348 5536 629 5627 Μειιιιὶητ,
663 5537 816 5627 εὸιῃ
844 5537 972 5594 Luc.
1004 5541 1177 5627 ιμ’-’1.
1202 5610 1217 5627 '
1238 5542 1300 5627 ,⁵³
1336 5540 1780 5627 Ιιιοιιιιηιμιηζξόκη

1889 5543 1899 5598 l
1937 5546 2059 5601 Cor.
2099 5564 2197 5614 xu,
2223 5549 2375 5605 8-10.
2454 5553 2498 5586 ³⁸
2523 5554 2706 5612 Matth.
2733 5573 2830 5627 xu,
2860 5558 2949 5614 Ἡ.
3036 5561 3083 5592 ⁸⁸
3110 5560 3239 5617 ibid.
3266 5561 3360 5619 27.

189 5606 230 5638 ⁸⁷
262 5607 404 5664 Luc.
444 5622 499 5674 ι,
528 5608 615 5660 l7.
688 5608 733 5639 ⁸⁸
759 5607 891 5663 Luc.
920 5625 1038 5675 vul,
1066 5610 1156 5675 45,
1190 5610 1279 5665 44.
1360 5613 1404 5644 ⁵⁵
1438 5612 1568 5667 ibid.
1592 5612 1680 5679 45,
1714 5612 1802 5667 46.

259 5761 336 5831 (ἰ)
376 5762 439 5817 Et
471 5763 559 5819 hic
596 5762 745 5820 locus
773 5773 956 5834 aperte
986 5764 1225 5821 declarat
1252 5766 1512 5836 Spiritum
1538 5780 1601 5823 ex
1629 5764 1763 5822 Filio
1803 5767 1964 5822 etiam
2002 5768 2314 5837 procedere.
