4088 6462
223 347 345 403 ιη.

1272 348 1660 409 ΑὒνΕῐὶὸῐῖό
1696 350 2103 419 NESTORIUM
2144 351 2268 408 LIB.
2318 350 2406 407 IV.

3390 358 3489 415 178

222 468 318 522 καὶ
368 466 496 538 είκῆ
542 466 913 539 παραῤῥίπτει
944 466 1156 536 λόγους,
1187 472 1279 523 καὶ
1325 471 1422 542 τῆς
1469 472 1578 526 τῶν
1625 471 1800 542 φωνῶι

1921 480 2111 542 sponte
2146 485 2309 528 carne
2344 484 2534 540 passus
2566 477 2667 525 est.
2703 469 2869 525 Porro
2905 470 3049 524 illum
3087 478 3291 529 temere
3327 477 3486 531 verba

223 560 458 625 ἀτοπίας
499 560 660 629 ὀλίγα
694 558 1093 629 πεφροντικὼς,
1136 561 1382 632 σημείοις
1418 562 1552 632 φησὶ
1587 565 1697 626 τοῖς
1725 563 1812 617 διὰ

223 648 323 703 τοῦ
364 650 683 721 Πνεύματος
714 649 1219 721 κατασεμνύνεσθαι
1251 652 1342 706 τὸν
1370 653 1624 724 Χριστὸν,
1658 655 1688 706 6
1719 671 1811 722 γε-

224 741 403 810 γονὼς
420 743 552 812 ἡμῖν
579 741 831 812 ἔναγχος,
857 742 953 797 καὶ
976 742 1242 815 διαρκῶς,
1271 743 1347 808 ὥς
1364 761 1427 813 γε
1444 739 1618 815 οἶμαι,
1643 744 1811 810 ἔδειξε

224 832 414 902 λόγοςζ·
454 833 861 903 βασανίζωμεν,
891 836 940 888 εἰ
966 833 1133 900 δοκεῖ,
1159 834 1257 899 τὰς
1285 835 1481 906 ἐτέρας
1506 836 1672 891 αὑτοῦ
1701 854 1811 906 φω-

224 928 345 991 νάς.
373 946 393 979 ι
434 928 494 980 Ὀ
518 927 728 998 Πατὴρ,
762 929 918 998 φησὶ,
950 926 1246 997 συνέστησε
1265 944 1278 957 ·
1309 946 1327 980 ι
1354 929 1416 981 τὸ
1440 929 1539 998 μὲν
1554 923 1669 994 οὖν,
1690 946 1812 982 συν-

226 1019 479 1088 έστησεν,
507 1019 537 1073 ὅ
565 1019 619 1073 τί
644 1018 779 1072 ποτέ
823 1019 974 1073 ἐστιν
1015 1019 1074 1072 ἐν
1112 1019 1321 1083 τούτοις
1362 1021 1464 1073 οὐκ
1513 1018 1580 1073 ἂν
1630 1019 1810 1090 ἔχοιμι

223 1110 395 1159 νοεῖν
428 1106 524 1160 καὶ
546 1110 658 1180 γάρ
684 1109 829 1162 ἐστιν
854 1108 1304 1180 ὁμολογουμένως
1357 1111 1591 1181 ἀγοραία
1626 1128 1687 1164 τε
1715 1111 1809 1164 καὶ

224 1196 569 1268 ἀγυρτώδης,
617 1199 712 1252 καὶ
753 1198 1042 1270 τερθρείας
1101 1200 1376 1272 ἰδιωτικῆς
1424 1201 1727 1272 ἀνάμεστος
1775 1202 1807 1271 ἡ

224 1288 378 1358 φωνή
400 1304 413 1318 ·
444 1289 585 1359 πλὴν
613 1284 768 1360 οἶμαι
788 1289 985 1361 δηλοῦν
1022 1290 1232 1344 ἐθέλειν
1252 1292 1405 1359 αὐτὸ,
1421 1292 1502 1359 τὸ,
1522 1292 1804 1363 παρέθετο,

224 1377 361 1447 φέρε
387 1379 585 1442 είπεῖν,
615 1380 784 1448 ἤγουν
814 1380 1232 1452 μεμαρτύρηκε.
1256 1381 1380 1445 Πῶς
1403 1378 1518 1447 οὖν,
1547 1382 1667 1435 εἰπέ
1694 1400 1803 1452 μοι,

227 1468 554 1539 συνέστησεν
582 1472 611 1523 ό
639 1469 853 1539 Πατὴρ,
882 1470 1207 1541 ἐνοικήσεως
1234 1471 1383 1535 Θείας
1416 1471 1745 1541 ὴξιωμένονς
1772 1472 1803 1540 ἢ

224 1557 385 1613 τοῦτο
416 1559 515 1629 μὲν
538 1560 741 1630 ἥκιστά
772 1577 837 1629 γε
858 1576 872 1592 ο
908 1560 1181 1625 κατέδειξε
1217 1560 1272 1614 δὲ
1308 1562 1508 1631 μᾶλλον
1544 1562 1807 1633 ἐνανθρω-

225 1651 475 1720 πήσαντα
502 1650 592 1704 τὸν
623 1652 750 1705 ἴδιον
772 1652 921 1715 Υίὸν,
949 1653 1299 1723 μεμενηκότα
1326 1654 1383 1707 δὲ
1414 1653 1508 1707 καὶ
1534 1656 1591 1706 ἐν
1618 1654 1803 1720 σαρκὶ,

222 1738 371 1793 τοῦθ’
405 1742 545 1811 ὅπερ
586 1737 656 1811 ἦν
694 1758 777 1805 τε,
814 1741 909 1795 καὶ
945 1743 1079 1807 ἔστι,
1117 1744 1211 1796 καί
1243 1744 1421 1805 ἔσται.
1454 1744 1588 1799 Θεὸν
1617 1745 1803 1815 δηλον-

1914 565 2141 633 jactare,
2166 572 2222 618 et
2245 563 2312 617 de
2337 576 2525 621 vocum
2552 560 2888 617 absurditate
2911 576 3099 629 parum
3126 578 3341 627 curare,
3367 580 3486 619 cum

1916 657 2067 720 dicit,
2089 655 2257 725 signis
2284 669 2379 724 per
2402 654 2663 721 Spiritum
2687 652 2847 709 editis
2871 653 3145 708 honestari
3173 653 3483 723 Christum;

1916 746 2159 812 proximo
2193 744 2457 815 superiori
2494 757 2745 799 sermone
2777 743 2935 805 satis,
2969 751 3027 797 ut
3059 745 3272 812 Opinor,
3308 754 3487 801 osten-

1914 837 2090 891 dimus
2128 853 2142 889 :
2182 836 2362 903 itaque
2396 834 2632 903 reliquas
2665 835 2781 904 ejus
2817 849 3001 901 voces,
3040 835 3083 890 si
3121 836 3326 904 placet,
3361 852 3487 892 exa-

1915 924 2419 994 iuiuemus.iPater,
2444 927 2640 995 inquit,
2658 928 3088 993 commendavit;
3114 946 3133 979 ι
3166 942 3229 983 ac
3260 930 3482 984 verbum

1913 1021 2344 1087 commendandi,
2374 1020 2630 1089 quidnam
2657 1022 2760 1077 huc
2785 1022 2904 1077 loco
2930 1022 3022 1087 sit,
3052 1023 3353 1092 intelligere
3380 1040 3481 1078 non

1913 1124 2128 1178 possum
2164 1126 2177 1163 :
2212 1124 2332 1163 nam
2366 1123 2428 1165 ea
2459 1124 2563 1165 vox
2593 1124 2625 1164 e
2657 1110 2848 1165 mediis
2886 1112 3137 1167 nundinis
3168 1122 3280 1175 est,
3313 1123 3366 1168 et
3394 1114 3483 1169 vili

1914 1200 2172 1256 concione
2210 1212 2267 1256 et
2329 1200 2540 1271 plebeia
2595 1203 2886 1272 nugatione
2927 1202 3118 1271 plena;
3165 1207 3258 1261 sed
3302 1215 3481 1260 tamen

1911 1299 2038 1358 puto
2068 1290 2398 1360 significare,
2430 1291 2700 1361 deposuit,
2728 1292 2881 1346 verbi
2904 1293 3096 1361 gratia,
3128 1295 3231 1359 vel,
3257 1304 3484 1350 testatus

1910 1390 2012 1436 est.
2050 1381 2330 1448 Quomodo
2371 1382 2553 1453 igitur,
2596 1398 2726 1454 rogo
2769 1394 2843 1447 te.
2883 1387 3285 1441 commendavit
3324 1387 3484 1441 Pater

1909 1471 2181 1528 hominem
2213 1473 2600 1531 iuhabitatione
2627 1474 2807 1530 divina
2836 1475 3154 1546 dignatum?
3180 1492 3247 1532 an
3275 1492 3401 1533 vero
3431 1478 3481 1531 id

1909 1563 2153 1628 minimc,
2180 1564 2274 1618 sed
2301 1566 2541 1620 ostendit
2570 1567 2751 1635 potius
2779 1568 3057 1638 preprium
3085 1566 3278 1621 Filium
3307 1568 3481 1622 homi-

1908 1666 2027 1706 nem
2073 1652 2304 1717 factum,
2347 1663 2653 1711 manentem
2700 1664 2874 1712 tamen
2919 1657 3083 1712 etiam
3127 1656 3180 1710 in
3226 1670 3391 1711 carne
3431 1657 3481 1710 id

1908 1740 2083 1808 ipsum
2123 1742 2264 1809 quod
2305 1752 2456 1806 erat,
2501 1752 2552 1799 et
2597 1754 2712 1811 est,
2756 1754 2811 1799 et
2856 1745 2992 1808 erit,
3040 1758 3232 1812 nempe
3276 1744 3481 1798 Deum?

221 1833 334 1885 ότι.
365 1851 386 1885 ι
412 1832 618 1902 Ἰησοῦς
667 1833 777 1904 γὰρ
814 1835 1048 1904 Χριστὸς
1089 1838 1116 1890 6
1163 1836 1309 1907 χθὲς,
1351 1836 1445 1890 καὶ
1493 1813 1800 1908 σήμερον,ό

1912 1850 1931 1884 ι
1962 1832 2122 1889 Iesus
2148 1834 2397 1890 Christus
2427 1835 2572 1889 enim
2604 1836 2718 1891 heri
2747 1844 2801 1890 et
2835 1834 3015 1901 hodie,
3047 1834 3186 1889 idem
3215 1842 3271 1888 et
3297 1832 3349 1887 in
3378 1846 3481 1887 sae-

222 1924 387 1987 αὐτὸς
413 1924 506 1978 καὶ
534 1925 613 1988 εἰς
636 1925 762 1988 τοὺς
781 1926 1001 1990 αἰῶνας.
1026 1946 1044 1979 ι
1070 1929 1204 1998 Φέρε
1228 1928 1408 1982 τοίνυν
1434 1928 1530 1992 τὰς
1556 1931 1805 2001 ὲπάύτῷ

222 2014 775 2087 πολυπραγμονῶμεν
804 2020 1007 2087 φωνάς.
1041 2020 1106 2074 Τί
1140 2038 1304 2092 φησιν
1328 2023 1355 2075 6
1376 2023 1799 2095 εύαγγελιστήςς

225 2123 245 2154 ι
278 2105 392 2158 Καὶ
420 2106 803 2178 ἐμαρτύρησεν
825 2111 854 2162 6
879 2110 1131 2180 ‘detw‘q;
1160 2112 1364 2181 λέγων·
1391 2116 1514 2168 Ὅτι
1538 2115 1803 2186 τεθέαμαι

218 2196 286 2247 τὸ
320 2195 545 2267 Πνεῦμα
578 2198 907 2253 καταϐαῖνον
947 2200 1080 2254 ώσεὶ
1114 2203 1441 2274 περιστερὰν
1469 2204 1527 2271 ἐξ
1549 2206 1800 2276 ούρανοῦ,

219 2287 320 2339 καὶ
374 2286 537 2357 μένον
585 2288 671 2341 ἐπ’
699 2290 888 2371 αὐτόν·
939 2286 1092 2357 οὗτός
1137 2294 1286 2347 ἐστιν
1335 2297 1364 2349 6
1420 2296 1694 2366 βαπτίζων
1746 2299 1803 2352 ἐν

221 2375 506 2446 Πνεύματι
550 2379 727 2450 ἁγίῳ·
776 2382 934 2451 κάγὼ
982 2383 1204 2455 ἑώρακα
1251 2386 1345 2440 καὶ
1373 2388 1798 2461 μεμαρτύρηκα,

219 2469 307 2520 ὅτι
340 2462 496 2534 οὗτός
521 2472 671 2525 ἐστιν
695 2474 725 2526 6
756 2474 882 2538 Υίὸς
907 2475 1001 2529 τοῦ
1029 2476 1187 2533 Θεοῦ.
1214 2497 1234 2532 ι
1263 2480 1362 2551 Είη
1396 2482 1494 2551 μὲν
1524 2482 1632 2553 γὰρ
1661 2484 1803 2536 οίκο-

223 2558 465 2627 νομικῶς
506 2560 752 2628 ἁγιὰσων
778 2563 869 2616 τὸν
904 2564 1175 2637 Ἰορδάνην
1207 2568 1237 2620 ό
1263 2569 1468 2638 Κύριος
1495 2570 1655 2639 ἡμῶν
1697 2571 1801 2641 Ἰη-

220 2648 350 2712 σοῦς
378 2650 406 2700 6
435 2651 672 2721 Χριστός
692 2669 707 2684 ·
746 2655 1001 2724 κατηξίου
1027 2657 1084 2712 δὲ
1117 2659 1212 2712 σὺν
1257 2662 1390 2731 ἡμῖν
1422 2660 1799 2730 βαπτίζεσθαι,

217 2740 321 2811 τῆς
366 2742 508 2797 κατὰ
559 2743 740 2812 σάρκα
772 2747 1086 2818 οἰκονομίας
1129 2748 1190 2803 τὸ
1234 2753 1537 2822 μυστήριον
1574 2752 1663 2807 διὰ
1693 2753 1800 2807 τῶν

217 2831 358 2901 αὐτῇ
390 2833 707 2902 πρεπόντων
751 2836 1121 2909 διοικούμενος
1148 2841 1543 2911 τρόπων.Ἔδει
1571 2843 1681 2914 γὰρ
1709 2845 1802 2899 ἄν·

215 2921 439 2991 θρωπον
476 2927 738 2994 γεγονότα
770 2928 1132 2996 γινώσκεσθαι
1166 2931 1256 2987 τὸν
1306 2934 1371 2987 ἐκ
1410 2933 1545 2987 Θεοῦ
1590 2936 1800 3006 Πατρδς

213 3013 392 3081 Λόγον
415 3031 431 3045 ο
458 3015 574 3068 ἀλλ’
602 3016 923 3082 ἐϐαπτίζετο
953 3020 1073 3091 μὲν,
1104 3022 1179 3086 ὼς
1204 3023 1509 3095 ἄνθρωπος,
1541 3026 1799 3092 ἐϐάπτιζε

1907 1926 2024 1980 cula
2045 1926 2112 1980 ⁸³.
2148 1946 2166 1977 ι
2195 1929 2307 1997 Age
2334 1928 2517 1994 igitur,
2544 1941 2702 1983 voces
2727 1928 2795 1981 de
2819 1941 2885 1980 eo
2909 1926 3082 1982 dictas
3109 1924 3473 1993 exquiramus.

1906 2016 2044 2083 Quid
2075 2031 2205 2084 ergo
2235 2018 2312 2071 ait
2337 2016 2699 2086 evangelista?
2735 2034 2751 2067 ι
2793 2013 2859 2068 Et
2891 2013 3261 2069 testiinonium
3294 2013 3477 2082 perhi-

1906 2108 2020 2163 buit
2048 2110 2300 2174 Joannes,
2350 2110 2569 2173 dicens,
2621 2125 2639 2159 ι
2674 2107 2793 2161 Vidi
2838 2106 3097 2177 Spiritum
3147 2103 3478 2159 descenden-

1908 2208 2013 2255 tem
2062 2200 2201 2255 sicut
2245 2201 2550 2255 columbam
2598 2214 2630 2254 e
2672 2199 2830 2264 coelo,
2877 2207 2934 2252 et
2973 2203 3280 2251 manentem
3313 2208 3477 2262 super

1905 2308 2027 2349 eum
2059 2310 2072 2347 :
2104 2293 2193 2347 hic
2222 2300 2305 2347 est
2332 2292 2425 2362 qui
2456 2291 2695 2360 baptizat
2726 2292 2778 2346 iu
2813 2290 3019 2359 Spiritu
3050 2294 3271 2353 sancto;
3301 2295 3353 2339 et
3378 2300 3477 2355 ego

1905 2384 2036 2447 vidi,
2074 2393 2130 2438 et
2168 2383 2537 2438 testimonium
2580 2381 2852 2451 perhibui,
2893 2383 3020 2449 quia
3062 2378 3149 2433 hic
3188 2386 3273 2431 est
3311 2375 3479 2429 Filius

1906 2475 1997 2530 Dei
2022 2477 2087 2530 ⁸³.
2136 2494 2154 2526 ι
2200 2475 2318 2529 Ibat
2353 2475 2497 2528 enim
2537 2471 2928 2542 dispensatoria
2973 2470 3180 2549 ratione
3218 2468 3477 2522 Dominus

1904 2572 2087 2619 uoster
2114 2562 2273 2619 Jesus
2299 2562 2549 2618 Christus
2578 2569 2638 2616 ut
2663 2560 2952 2616 Iordanem
2985 2558 3371 2620 sanctiﬁcaret,
3397 2556 3476 2610 di-

1904 2664 2205 2726 gnatusque
2230 2662 2313 2710 est
2339 2654 2600 2724 baptizari
2634 2652 2937 2716 nobiscum,
2967 2659 3027 2705 ut
3058 2648 3375 2721 mysterium
3410 2646 3474 2700 il-

1903 2747 2008 2805 lius
2033 2749 2326 2804 secundum
2353 2761 2575 2802 carnem
2600 2744 3021 2815 dispensationis
3047 2742 3219 2798 modis
3246 2740 3318 2795 illi
3347 2756 3475 2794 con-

1903 2840 2246 2897 venientibus
2280 2846 2671 2907 exsequeretur
2710 2855 2723 2891 :
2759 2836 3042 2906 oportebat
3075 2835 3219 2889 enim
3256 2841 3313 2886 ut
3346 2831 3474 2887 illud

1903 2948 1969 2989 ex
2003 2932 2113 2988 Deo
2145 2931 2306 2986 Patre
2332 2931 2568 2986 Verbum
2580 2929 2879 2988 Jtomiuem
2913 2940 3034 2981 esse
3069 2925 3267 2980 factum
3304 2937 3471 2994 agno-

1903 3034 2149 3081 sccretur
2178 3043 2192 3079 :
2222 3024 2315 3079 sed
2343 3020 2722 3090 baptizabatur
2748 3018 2966 3087 quidem
2997 3026 3054 3072 ut
3083 3017 3267 3081 homo,
3297 3016 3471 3084 bapti-

212 3104 271 3200 δὲ
309 3105 506 3170 θεῖκῶς
535 3109 593 3161 ἐν
622 3109 765 3180 ἁγίῳ
794 3110 1092 3181 Πνεύματι.
1134 3113 1245 3167 Καὶ
1272 3114 1332 3167 οὐ
1361 3115 1425 3185 δή
1463 3115 1565 3170 πού
1601 3134 1798 3187 φαμεν,

1907 3118 2063 3172 zabat
2092 3125 2268 3171 autem
2301 3124 2362 3169 ut
2394 3113 2535 3168 Deus
2569 3112 2622 3166 in
2657 3109 2861 3180 Spiritu
2895 3120 3106 3166 sancto.
3138 3107 3321 3177 Neque
3349 3123 3475 3162 vero

213 3194 248 3268 ἦ
286 3195 661 3270 ὑπουργικῶς,
694 3198 727 3269 ἢ
752 3198 827 3264 ὡς
860 3201 991 3274 παρ’
1017 3202 1205 3273 ἐτέρου
1233 3204 1378 3268 τινὸς
1410 3207 1522 3270 τοῖς
1552 3206 1801 3275 βαπτιζο-

215 3288 407 3354 μένοις
438 3285 537 3357 τὴν
564 3287 659 3341 τοῦ
692 3289 849 3357 ἁγίου
874 3290 1186 3361 Πνεύματος
1213 3293 1515 3364 διηκονεῖτο
1543 3296 1760 3367 μέθεξιν
1784 3314 1795 3327 ο

210 3374 469 3429 ἀπετέλει
497 3376 551 3431 δὲ
589 3379 789 3448 μᾶλλον
831 3383 1219 3453 ήγιασμένους,
1249 3384 1325 3450 ὡς
1354 3384 1516 3454 φύσει
1546 3387 1681 3451 Θεὸς
1711 3388 1798 3441 ἐν-

215 3465 323 3531 ιεὶς
352 3468 517 3531 αὐτὸς
541 3469 602 3534 ἐξ
633 3470 765 3524 ίδίου
798 3472 1184 3544 πληρώματος.
1223 3476 1346 3541 Πῶς
1378 3473 1472 3531 οὖν
1502 3479 1798 3550 ἀφειδήσας

212 3558 327 3611 τῶν
366 3559 447 3623 είς
493 3558 763 3635 ὀρθότητα
810 3562 1007 3633 λόγων,
1038 3566 1135 3619 καὶ
1178 3567 1281 3636 μέν
1313 3586 1394 3622 τοι
1429 3569 1523 3622 καὶ
1556 3571 1798 3635 ἐννοιῶν,

213 3650 551 3720 ἐνηργῆσθαι
581 3652 688 3726 φὴς
720 3654 779 3706 ἐν
801 3654 1071 3728 ἀνθρώπῳ
1098 3657 1196 3729 τὴν
1221 3658 1496 3729 ἐνοίκησιν
1528 3661 1680 3732 παρὰ
1707 3662 1799 3714 τοῦ

206 3733 360 3788 Θεοῦ
390 3736 593 3805 Λόγους
631 3740 807 3795 καίτοι
850 3742 1121 3799 πλείστων
1155 3763 1215 3801 τε
1256 3747 1397 3802 ὅσων
1423 3749 1616 3818 ἁγίων,
1649 3749 1706 3805 ἐν
1737 3768 1799 3820 γε

212 3826 283 3896 δὴ
338 3826 520 3897 σφίσιν
559 3830 741 3896 αὐτοῖς
786 3834 1099 3905 ἐσχηκότων
1144 3838 1352 3894 ἐνοικον
1399 3840 1490 3896 τὸν
1523 3842 1633 3896 τῶν
1665 3843 1799 3897 ὅλων

211 3918 384 3971 (θεόν’
432 3918 793 3989 βαι-πείσαντος
845 3926 903 3980 δὲ
958 3926 1171 3993 οὐδενὸς
1220 3931 1279 3985 ἐν
1330 3931 1444 4001 ἰδίῳ
1494 3934 1795 4004 πνεύματι,

209 4011 389 4079 ἤγουν
418 4012 615 4078 θεῖκῶς
639 4017 921 4089 ἐνοικῆσαί
949 4038 1088 4076 τισιν
1118 4025 1414 4096 εἰρημένου
1466 4029 1560 4082 καὶ
1587 4030 1797 4101 ἐνῳκη-

213 4101 373 4165 κότος
390 4119 404 4132 ’
434 4105 526 4157 καὶ
547 4106 707 4171 αὐτὸς
734 4109 763 4162 6
789 4110 1023 4179 Χριστὸς
1052 4114 1111 4167 ἐν
1138 4116 1273 4186 ἡμῖν
1295 4117 1575 4183 αὐλίζεται
1597 4120 1684 4174 διὰ
1706 4122 1799 4175 τοῦ

210 4192 378 4261 ἁγίου
411 4194 748 4266 Πνεύματος,
771 4200 908 4272 ὅπερ
934 4203 1051 4256 ἐστὶ
1076 4205 1169 4258 καὶ
1192 4206 1321 4260 ἴδιον
1347 4208 1531 4274 αὐτοῦ,
1552 4210 1799 4284 καθάπερ

205 4289 413 4359 ἀμέλει
461 4290 554 4344 τοῦ
599 4292 736 4346 Θεοῦ
782 4295 874 4349 καὶ
922 4298 1168 4367 Πατρός;
1211 4301 1322 4355 Kal
1359 4301 1494 4372 πρός
1540 4320 1603 4371 γε
1647 4304 1802 4359 τοῦτο

212 4382 377 4450 ἡμᾶς
406 4382 635 4453 ἐμπεδοῖ
667 4385 844 4454 λέγων
867 4388 1029 4450 αὐτός
1047 4407 1059 4418 ·
1093 4392 1293 4447 «Ὅταν
1318 4392 1375 4446 δὲ
1413 4394 1542 4466 ἔλθῃ
1565 4396 1594 4447 ὁ
1618 4396 1799 4467 Παρά-

1903 3205 2135 3261 dieimus
2165 3204 2248 3260 vel
2288 3217 2438 3259 more
2471 3200 2961 3264 subservientium,
3000 3197 3080 3252 vel
3117 3207 3371 3266 tanquam
3406 3198 3472 3250 ab

1905 3298 2010 3352 alio
2047 3298 2299 3367 quopiam
2344 3295 2582 3366 Spiritus
2622 3292 2796 3350 sancti
2835 3291 3306 3363 participationem
3348 3290 3471 3344 sub-

1905 3389 2260 3455 ministrasse,
2304 3387 2398 3443 sed
2440 3386 2621 3457 potius
2664 3395 2917 3455 tanquam
2961 3399 3026 3439 ex
3072 3391 3262 3438 natura
3305 3382 3472 3437 Deum

1902 3494 1966 3532 ex
1996 3478 2323 3548 plenitudine
2352 3492 2450 3533 sua
2480 3476 2873 3541 inl‘undentem,
2902 3472 3268 3530 sar’ietiﬂcatos
3296 3472 3471 3528 reddi-

1903 3570 2065 3625 disse.
2089 3569 2199 3624 Cur
2219 3584 2351 3637 ergo
2380 3570 2541 3623 rectis
2566 3567 2745 3624 verbis
2769 3567 3162 3635 sententiisque
3188 3564 3472 3635 neglectis,

1902 3660 2143 3728 enectam
2179 3674 2298 3715 esse
2333 3659 2534 3715 asseris
2570 3657 3018 3714 inhabitationem
3063 3658 3115 3711 in
3157 3658 3373 3713 homine
3404 3656 3472 3709 ah

1904 3754 2017 3822 ipso
2062 3753 2150 3807 Dei
2194 3751 2399 3816 Verbo;
2448 3749 2695 3819 quamvis
2733 3748 3116 3820 quamplurimi
3161 3747 3336 3803 sancti
3371 3746 3470 3801 viri

1905 3845 2294 3899 inhabitantem
2332 3843 2386 3896 in
2424 3856 2486 3897 se
2524 3842 2655 3912 ipsis
2689 3840 2976 3896 habuerint
3009 3839 3156 3895 illum
3196 3838 3473 3893 universo-

1904 3952 2019 3991 rum
2053 3936 2238 3998 Deum,
2268 3943 2322 3988 et
2348 3948 2414 3987 ex
2445 3932 2512 3989 iis
2540 3947 2703 3987 nemo
2731 3932 2784 3986 in
2816 3947 2915 3987 suo
2942 3931 3134 4000 spiritu
3165 3930 3474 4000 baptizave‘

1904 4028 2002 4092 rit,
2038 4036 2127 4081 aut
2171 4026 2353 4081 divino
2395 4039 2544 4080 more
2584 4024 2637 4079 in
2678 4023 2949 4093 aliquibus
2987 4023 3340 4088 habitaverit,
3378 4030 3473 4075 aut

1904 4119 2236 4175 inhabitasse
2276 4117 2455 4172 dictus
2494 4116 2588 4183 sit,
2622 4129 2743 4171 eum
2785 4116 2898 4185 ipse
2939 4114 3190 4169 Christus
3226 4113 3381 4183 102
3419 4113 3471 4168 in

1903 4210 2059 4265 nobis
2100 4208 2305 4264 habitet
2343 4223 2441 4277 per
2476 4218 2724 4263 sanctum
2768 4206 3060 4275 Spiritum,
3100 4204 3191 4274 qui
3233 4214 3318 4259 est
3355 4204 3471 4271 ejus

1876 4296 1877 4299 “
1902 4312 2116 4368 quoque
2145 4299 2418 4367 proprius,
2450 4306 2511 4352 ut
2540 4297 2704 4353 etiam
2738 4296 2924 4367 procul
2952 4296 3115 4351 dubio
3144 4295 3240 4351 Dei
3274 4309 3338 4350 ac
3367 4293 3471 4348 Pa-

1906 4390 2039 4445 tris?
2061 4390 2127 4444 Et
2151 4390 2204 4444 in
2229 4390 2329 4444 hac
2350 4389 2615 4444 sententia
2643 4388 2760 4459 ipse
2786 4403 2884 4445 nos
2909 4388 3216 4452 conﬁrmat,
3243 4387 3428 4442 dicens
3456 4402 3469 4437 :

210 4472 438 4541 κλητος,
463 4473 524 4526 δν
569 4474 681 4542 ἐγὼ
732 4476 935 4547 πέμψω
972 4480 1099 4549 ύμῖν
1129 4482 1282 4552 παρὰ
1325 4484 1419 4537 τοῦ
1473 4486 1707 4556 Πατρὸς,
1738 4487 1797 4539 τὸ

1909 4500 1926 4532 ι
1953 4482 2089 4536 Cum
2112 4481 2322 4536 venerit
2350 4479 2684 4544 Paraeletus,
2714 4493 2873 4549 quem
2902 4493 3002 4549 ego
3030 4478 3234 4533 mittam
3263 4478 3414 4533 vobis
3442 4492 3471 4532 a

210 4563 449 4633 Πνεῦμα
469 4565 564 4634 τῆς
598 4565 877 4637 ἀληθείας,
902 4568 930 4621 ὃ
959 4570 1109 4641 παρά
1132 4572 1225 4625 τοῦ
1256 4574 1469 4645 Πατρός
1501 4578 1793 4647 ἐκπορεύε-

206 4671 329 4719 ται,
356 4655 564 4718 ἐκεῖνος
611 4660 952 4729 μαρτυρήσει
988 4662 1118 4731 περὶ
1156 4663 1315 4732 ἐμοῦ.
1355 4665 1577 4735 ιἈθρει
1604 4666 1670 4737 δὴ
1699 4662 1791 4720 οὖν

205 4746 366 4807 ὅπως
412 4745 476 4798 τὸ
523 4746 674 4815 παρὰ
705 4746 801 4801 τοῦ
834 4747 969 4802 Θεοῦ
1002 4751 1095 4804 καὶ
1125 4752 1337 4823 Πατρὸς
1364 4754 1795 4825 ἐκπορευόμενον

209 4836 469 4903 Πνεῦμα,
502 4838 663 4892 τοῦτο
688 4840 783 4893 καὶ
810 4842 907 4912 τῆς
934 4842 1190 4912 ἀληθείας
1226 4845 1355 4899 ἴδιον
1383 4842 1519 4900 εἶναι
1549 4848 1656 4917 φής
1685 4847 1792 4918 [ῖσ.

207 4924 431 4997 φησίν].
467 4928 640 4993 Αὐτὸς
666 4929 724 4983 δέ
762 4948 864 4984 που
898 4933 1115 4999 πάντως
1142 4936 1289 4990 ἐστὶν
1323 4938 1356 5007 ἡ
1389 4937 1633 5009 ἀλήθεια.
1666 4934 1796 4993 Εἶτα

209 5017 360 5081 πῶς,
387 5018 546 5089 εἴπερ
595 5020 744 5075 ἐστὶν
790 5022 1005 5092 ἀληθῶς
1038 5026 1138 5079 ούκ
1174 5028 1599 5102 ἐνανθρωπήσας
1640 5030 1793 5098 Θεὸς,

207 5108 506 5178 ἄνθρωπος
545 5110 602 5164 δὲ
638 5112 858 5181 μᾶλλον,
888 5115 988 5186 τὴν
1028 5115 1176 5172 θείαν
1209 5120 1504 5190 ἐνοίκησιν,
1533 5121 1608 5186 ὼς
1643 5123 1795 5193 ἐνέρ-

208 5216 372 5267 γειαν
400 5198 655 5270 ἔχων,ώς
680 5202 807 5258 ἴδιον
836 5205 1059 5277 Πνεῦμα
1081 5208 1142 5262 τὸ
1167 5209 1260 5263 τοῦ
1290 5210 1423 5263 Θεοῦ
1453 5213 1546 5265 καὶ
1560 5214 1792 5284 Πατρδς,

207 5294 331 5352 τοῖς
355 5291 702 5347 πιστεύουσιν
740 5296 817 5359 εἰς
854 5296 1017 5353 αὑτὸν
1053 5301 1433 5372 καταπέμψειν
1470 5305 1798 5374 ἐπαγγέλλεσ

205 5398 299 5433 ται
327 5399 341 5444 ;
388 5379 552 5436 ’Λλλὰ
577 5381 708 5455 γὰρ,
737 5382 813 5448 ὡς
853 5385 1010 5455 ἔφην,
1037 5388 1135 5458 τὴν
1170 5390 1263 5443 τοῦ
1312 5394 1610 5462 μυστηρίου
1640 5394 1795 5459 δόξαν

207 5474 495 5527 κατασείει
533 5474 669 5545 πρὸς
701 5477 763 5528 τὸ
794 5478 983 5548 μηδὲν,
1015 5481 1252 5553 μερίζων
1281 5484 1471 5555 ὥσπερ
1499 5486 1592 5555 τῆς
1637 5488 1793 5554 ἁγίας

210 5566 444 5635 Τριαδος
473 5567 571 5635 τὴν
612 5568 703 5620 ἐπί
733 5586 836 5622 τισι
868 5571 974 5626 τῶν
1006 5574 1296 5646 δρωμένων
1332 5578 1629 5648 ἐνέργειαν,
1669 5580 1795 5631 ἐκάο

285 5742 327 5770 ⁵³
357 5741 523 5797 llcbr.
559 5759 680 5808 Jun,
713 5745 762 5803 8.
844 5750 885 5779 ⁵³
915 5749 1069 5805 Joan.
1099 5768 1133 5815 ι,
1168 5754 1255 5818 ⁸55,
1278 5754 1360 5808 ὖί.

1444 5756 1485 5787 ει
1516 5754 1668 5811 Joan.
1716 5773 1801 5824 xv,
1839 5757 1923 5813 ενι.

1902 4572 2088 4637 Patre,
2123 4570 2357 4641 Spiritus
2384 4572 2659 4636 veritatis,
2695 4571 2785 4639 qui
2819 4584 2849 4624 a
2883 4571 3044 4624 Patre
3078 4569 3350 4638 procedit,
3383 4568 3473 4621 ille

1909 4664 2275 4720 testimonium
2308 4662 2615 4732 perhibebit
2645 4661 2713 4718 de
2740 4662 2906 4717 me“.
2941 4681 2959 4714 ι
2986 4662 3281 4717 Considera
3313 4662 3473 4730 igitur

1898 4757 2351 4826 quemadmodum
2385 4756 2645 4827 Spiritum
2679 4771 2707 4810 a
2746 4755 2858 4810 Deo
2886 4764 2941 4810 et
2975 4754 3135 4809 Patre
3173 4756 3468 4822 proceden-

1901 4855 2043 4913 tem,
2077 4847 2323 4902 eumdem
2356 4847 2520 4901 etiam
2555 4846 2800 4901 veritatis
2833 4844 3107 4915 proprium
3145 4858 3267 4898 esse
3300 4842 3465 4907 dicit;

1899 4938 2013 5008 ipse
2050 4947 2226 4994 autem
2271 4952 2494 5008 prorsus
2533 4948 2616 4993 est
2657 4939 2858 4993 veritas
2879 4936 2946 4990 “.
2988 4934 3150 5004 Atqui
3193 4934 3238 4989 si
3282 4948 3467 4990 revera

1898 5044 2005 5084 non
2037 5029 2178 5085 Deus
2208 5030 2369 5087 homo
2401 5030 2580 5088 laetus
2604 5038 2685 5086 est
2704 5070 2718 5097 ,
2748 5029 2842 5084 sed
2876 5030 3036 5084 homo
3067 5028 3246 5099 potius
3274 5036 3359 5082 est
3388 5029 3465 5083 dio

1896 5122 2077 5177 vinam
2105 5121 2550 5179 inhabitationem
2577 5132 2838 5192 tanquam
2866 5121 3236 5191 operationem
3260 5134 3365 5188 qua
3393 5120 3469 5172 ci-

1898 5223 2053 5269 eatur
2106 5214 2333 5282 habens,
2365 5215 2634 5284 quomodo
2672 5214 2725 5270 in
2764 5228 2823 5269 se
2857 5212 3203 5269 credentibus
3243 5211 3333 5266 Dei
3372 5210 3471 5265 Pa-

1900 5304 2101 5374 trisque
2142 5304 2402 5376 Spiritum
2451 5314 2704 5376 tanquam
2750 5306 3026 5375 proprium
3072 5319 3131 5360 se
3174 5303 3466 5357 missurum

1897 5395 2215 5465 pollicetur?
2244 5395 2379 5463 Sed,
2412 5406 2469 5452 ut
2492 5396 2604 5465 jam
2633 5398 2770 5463 dixi,
2807 5397 2943 5453 tanti
2976 5395 3217 5467 mysterii
3252 5392 3461 5461 magni-

1899 5488 2137 5543 tudinem
2173 5488 2239 5543 ad
2275 5489 2503 5545 nihilum
2542 5491 2721 5560 dcjicit
2747 5532 2759 5556 ,
2795 5490 3037 5546 dividens
3072 5483 3463 5556 quodammodo

1900 5595 1990 5649 per
2022 5582 2265 5651 quindam
2300 5597 2458 5651 opera
2498 5584 2639 5638 illam
2681 5592 2881 5641 sancta:
2915 5578 3194 5637 Trinitatis
3227 5574 3462 5634 elﬁcien-

2007 5756 2048 5786 ⁸⁵
2074 5755 2225 5812 Jom.
2266 5773 2373 5823 λιν,
2407 5759 2455 5811 G.
