4088 6472
546 360 656 417 179

1580 361 1639 420 S.
1683 361 1960 419 CYRILLI
1996 361 2467 422 ALEXANDRINI
2508 361 2828 420 ARCHIEP.

3704 363 3842 419 l'80

547 478 698 539 liam,
737 481 790 528 et
830 473 1026 542 cuique
1063 471 1340 544 hy-post-asi
1383 472 1635 541 privatim
1683 476 1946 542 tribuens,
1983 477 2112 544 quod

2233 492 2332 547 στῃ
2365 493 2422 528 τε
2461 477 2569 531 τῶν
2601 473 2950 529 ὑποστάσεων
2983 469 3271 542 ἀπονέμων
3305 470 3505 536 ίδικῶς,
3539 473 3567 525 ὃ
3608 473 3681 546 μὴ
3709 477 3831 529 πέ-

546 581 651 618 uon
695 563 824 620 fecit
868 564 1060 618 altera.
1101 564 1310 619 Rursus
1349 564 1423 618 ita
1464 566 1600 620 dixit
1635 583 1650 619 :
1691 565 1882 636 [Filius
1920 566 2113 635 elegit;

549 672 567 702 ο
601 652 712 721 Ego
737 653 904 715 enim,
930 651 1128 721 inquit,
1155 667 1254 708 vos
1282 652 1440 722 elegi.
1474 672 1494 706 ι
1525 654 1686 710 Pater
1709 655 2070 710 sanctificavit
2098 673 2111 708 :

547 741 779 809 Spiritus
800 741 976 796 eﬂ‘eeit
998 743 1290 815 oratores.j
1315 743 1358 801 0
1383 744 1728 801 immodicam
1755 755 1943 802 emota:
1967 761 2116 802 men-

547 831 618 884 tis
652 831 951 885 insaniam!
991 831 1048 885 Si
1081 833 1261 888 omnia
1299 833 1438 890 facta
1475 845 1604 890 sunt
1637 851 1670 891 a
1703 835 1864 891 Patre
1898 851 1994 905 per
2023 837 2116 892 Fi-

545 920 674 974 lium
707 922 766 976 in
795 922 998 992 Spiritu
1017 961 1034 988 ,
1063 938 1242 994 neque
1269 925 1472 995 aliquid
1505 925 1624 982 ﬁeri
1657 929 1919 997 contingit
1948 945 1980 984 a
2007 929 2118 985 Deo

544 1021 601 1064 et
623 1011 806 1078 Patre,
837 1012 944 1066 nisi
967 1013 1071 1069 hoc
1098 1014 1218 1082 ipso
1246 1016 1425 1083 modo,
1450 1017 1540 1084 qui
1573 1016 1688 1072 fieri
1719 1026 1896 1086 potest
1921 1027 1980 1072 ut
2009 1034 2114 1074 non

544 1103 615 1156 sit
644 1103 804 1172 plane
827 1103 1103 1172 stupidus,
1127 1105 1218 1174 qui
1245 1107 1568 1162 immortalis
1600 1108 1742 1162 illius
1767 1118 1822 1162 et
1851 1109 2008 1164 unius
2035 1110 2116 1164 di-

544 1194 792 1250 vinitatis
815 1195 1140 1265 quibusdam
1167 1196 1221 1252 in
1250 1199 1412 1253 rebus
1436 1197 1784 1266 operationes
1811 1199 2115 1269 hypostasi-

544 1284 646 1340 bus
680 1285 934 1354 privatim
969 1301 1034 1341 ac
1068 1288 1286 1357 proprie
1321 1288 1649 1358 impertitur,
1684 1303 1784 1344 nec
1816 1290 1996 1358 potius
2030 1287 2112 1343 af-

546 1376 730 1432 ﬁrmat
757 1379 966 1448 singula
997 1393 1124 1448 quae-
1147 1390 1430 1449 geruntur,
1459 1395 1489 1434 a
1522 1381 1684 1437 Patre
1711 1396 1805 1449 per
1832 1380 2026 1436 Filium
2062 1382 2114 1436 in

546 1467 751 1536 Spiritu
784 1482 910 1523 esse—
937 1467 1076 1523 facta
1096 1470 1127 1523 ?r
1151 1469 1284 1525 Nam
1319 1472 1364 1526 si
1399 1480 1484 1526 est
1516 1472 1685 1528 Filius
1715 1481 1770 1527 et
1803 1473 2112 1538 consilium,

542 1564 598 1609 et
623 1556 909 1624 sapientia,
933 1567 987 1613 et
1010 1557 1180 1614 virtus
1205 1558 1384 1615 Patris
1403 1561 1470 1627 “,
1500 1576 1722 1632 prorsus
1745 1563 1928 1617 omnia
1957 1562 2116 1618 Pater

544 1659 642 1713 per
670 1647 867 1703 Filium
902 1658 1158 1719 tanquam
1189 1667 1286 1722 per
1313 1653 1594 1708 consilium
1627 1662 1680 1710 et
1710 1655 2030 1722 Sapientiam
2062 1662 2116 1709 et

543 1736 800 1793 virtutem
839 1741 1175 1809 operabitur.
1204 1739 1296 1797 Sic
1327 1745 1653 1812 eptimorum
1691 1745 1871 1798 habita
1907 1747 2116 1800 ratione

545 1825 837 1896 discipulos
863 1827 1044 1899 elegit,
1073 1830 1152 1884 sic
1172 1830 1282 1898 jam
1313 1831 1514 1888 eleetos
1540 1832 1769 1888 dicimus
1798 1832 1964 1888 fuisse
1989 1847 2114 1888 san-
2145 1819 2185 1873 Β

545 1917 834 1981 ctilicatos,
860 1918 937 1972 sic
966 1919 1135 1974 factos
1158 1931 1424 1986 oratores,
1455 1930 1708 1991 tanquam
1737 1937 1800 1977 ex
1830 1937 1935 1976 una
1961 1922 2115 1976 vide-

543 2004 669 2060 licet
695 2007 926 2072 dcitatc,
950 2023 980 2062 a
1011 2008 1172 2065 Patre
1197 2024 1292 2078 per
1316 2009 1508 2065 Filium
1537 2013 1588 2065 in
1619 2012 1845 2080 Spiritu.
1881 2030 1899 2063 ι
1932 2011 2112 2078 Pater,

544 2098 746 2166 inquit,
791 2109 1006 2166 sancte,
1050 2101 1328 2157 sanctifica
1381 2102 1502 2157 illos
1550 2103 1604 2157 in
1649 2105 1876 2157 veritate
1924 2112 2034 2161 tua.
2086 2121 2108 2155 ι

543 2186 858 2245 Sattctiﬁcat
890 2206 1021 2262 ergo
1057 2193 1172 2263 ipsa
1203 2191 1438 2260 Veritas,
1476 2195 1578 2249 hoc
1610 2203 1713 2258 est,
1749 2193 1921 2250 Filius
1956 2210 1973 2251 :
2010 2195 2112 2248 im-

544 2277 708 2332 mittit
748 2279 912 2334 etiam
955 2291 1204 2336 sanctum
1246 2281 1507 2351 Spiritum
1553 2284 1824 2349 similiter,
1859 2293 1915 2339 et
1949 2284 2114 2339 edicit

543 2371 845 2438 sapientes,
879 2385 942 2425 ac
974 2386 1070 2441 per
1100 2374 1274 2428 sancti
1311 2373 1545 2443 Spiritus
1577 2375 1946 2442 operationem
1984 2373 2112 2429 reli-

541 2459 693 2525 giose
720 2461 1051 2530 eloquentes.
1082 2463 1266 2532 Itaque
1297 2464 1351 2517 in
1385 2463 1623 2519 Matthaai
1653 2465 1947 2534 Evangelio
1977 2465 2114 2520 dixit

542 2548 822 2618 discipulis
852 2551 965 2605 suis
995 2570 1011 2608 :
1047 2569 1066 2602 ι
1099 2551 1234 2607 Cum
1266 2554 1586 2609 tradiderint
1613 2568 1739 2619 vos,
1771 2555 1936 2610 nolite
1963 2557 2112 2626 cogi-

545 2649 658 2692 tare
677 2643 946 2709 quomodo
967 2653 1061 2698 aut
1081 2644 1207 2714 quid
1231 2645 1555 2714 loquamini;
1576 2646 1791 2702 dabitur
1802 2649 1944 2703 enim
1963 2648 2114 2703 vobis

544 2729 601 2782 in
631 2729 715 2783 illa
750 2731 879 2786 liora
908 2734 1037 2802 quid
1069 2735 1384 2804 loquamini.
1411 2735 1526 2792 Non
1559 2738 1705 2793 enim
1732 2754 1828 2794 vos
1857 2740 1990 2796 estis
2017 2740 2111 2809 qui

546 2820 864 2890 loquimini,
893 2827 986 2879 sed
1017 2827 1252 2894 Spiritus
1283 2827 1458 2884 Patris
1482 2832 1645 2886 vestri
1676 2833 1765 2901 qui
1799 2831 2031 2901 loquitur
2058 2836 2111 2887 in

547 2914 702 2983 103
729 2915 877 2970 vobis
893 2917 959 2970 ⁸⁷.
989 2935 1009 2970 ι
1038 2918 1092 2972 ln
1123 2918 1280 2974 Luca:
1307 2931 1484 2976 autem
1517 2921 1807 2994 Evangelia
1832 2942 1846 2979 :
1874 2944 1892 2976 ι
1924 2924 2114 2980 Ponite

542 3007 758 3074 ergo-in
795 3008 1048 3064 cordibus
1085 3014 1277 3067 veStris
1315 3029 1421 3068 non
1459 3017 1818 3085 praemeditari
1852 3022 2112 3088 quemad-

541 3097 758 3152 modum
789 3101 1180 3168 respondeatis.
1205 3103 1317 3175 Ego
1341 3105 1483 3160 enim
1513 3107 1651 3164 dabo
1673 3109 1826 3164 vobis
1854 3125 1915 3166 os
1940 3120 1995 3165 et
2021 3126 2111 3166 sa-

540 3187 818 3255 pientiam,
845 3191 928 3244 cui
961 3208 1065 3248 non
1095 3204 1344 3262 poterunt
1372 3200 1748 3256 contradicere
1775 3212 1829 3256 et
1858 3202 2111 3258 resistere

539 3294 726 3334 omnes
768 3282 1062 3338 adversarii
1105 3287 1269 3340 vestri
1294 3287 1359 3342 ⁸⁸.
1416 3307 1434 3340 ι
1479 3290 1718 3346 Audisue
1758 3294 2110 3359 quemadmo-

541 3371 688 3435 dum,
725 3371 977 3460 loquente
1012 3375 1062 3429 in
1101 3377 1230 3446 ipsis
1264 3389 1454 3435 sancto
1490 3381 1718 3450 Spiritu,
1747 3385 1859 3453 ipse
1891 3387 1981 3439 dat
2013 3387 2113 3440 os?

2139 3158 2179 3215 C

2225 586 2434 639 πραχεν
2466 571 2499 640 ἡ
2536 571 2718 636 ἑτέρα.
2743 566 2913 621 Πάλιν
2938 559 3040 620 ὧδέ
3069 581 3254 634 φησιν.
3271 565 3328 617 '0
3354 564 3479 629 Υίδς
3501 565 3828 633 ἐξελέξατοο

2225 660 2410 728 «Ἐγὼ
2461 660 2592 732 γὰρ,
2639 659 2826 730 φησιν,
2869 659 3013 728 ὑμᾶς
3065 655 3427 726 ἐξελεξάμην·
3461 675 3480 708 ι
3535 658 3567 708 6
3618 658 3832 726 Πατὴρ

2219 754 2451 824 ἡγίασεο
2501 751 2564 804 τὸ
2611 749 2835 820 Πνεῦμα
2881 748 3253 802 κατεσκεύασε
3303 748 3558 819 ῥήτορας.
3587 750 3651 801 Ὢ
3703 750 3830 818 τῆς

2221 846 2462 915 ἀμέτρου
2499 841 2942 913 φρενοὸλαδείας.
2979 841 3044 893 Ei
3077 840 3258 894 πάντα
3288 838 3482 907 γέγονε
3516 839 3670 909 παρά
3706 838 3826 892 τοῦ

2222 935 2434 1005 Πατρὸς
2470 934 2538 986 δι’
2571 932 2702 987 Υίοῦ
2733 934 2790 985 ἐν
2828 931 3130 999 Πνεύματι,
3164 931 3263 984 καὶ
3290 931 3391 983 οὑκ
3434 929 3500 983 ἀν
3534 947 3588 982 τι
3629 930 3829 1001 ὁρῷτο

2223 1025 2379 1098 παρά
2419 1024 2514 1078 τοῦ
2557 1024 2693 1078 Θεοῦ
2739 1024 2834 1076 καὶ
2876 1021 3113 1092 Πατρδς,
3150 1021 3294 1092 πλὴν
3320 1021 3402 1074 ὅτι
3445 1020 3586 1074 κατά
3615 1023 3824 1074 τοῦτον

2221 1117 2384 1172 αὑτὸν
2411 1117 2518 1170 τὸν⁹
2541 1115 2764 1187 τρόπον,
2791 1115 2910 1178 πῶς
2943 1115 3048 1167 οῦκ
3090 1113 3441 1184 ἀπόπληκτος
3480 1114 3564 1184 εἴη
3606 1113 3675 1166 ἂν
3704 1112 3822 1166 καὶ

2219 1211 2364 1282 μάλα
2389 1210 2633 1273 εἰκότως,
2655 1210 2683 1262 6
2707 1210 2825 1271 ταῖς
2853 1207 3181 1260 ὑποστάσεσι
3207 1223 3344 1259 κατα
3353 1205 3588 1276 μερίζων
3613 1204 3821 1268 ίδικῶς

2214 1301 2314 1362 τὰς
2343 1298 2438 1351 ἐπί·
2464 1298 2528 1366 γέ
2555 1314 2695 1349 τισιν
2725 1295 3022 1366 ἐνεργείας,
3057 1294 3159 1363 τῆς
3205 1294 3486 1365 ἀκηράτου
3531 1295 3622 1346 καὶ
3669 1294 3819 1363 μιᾶς

2217 1387 2466 1456 θεότητος
2486 1399 2500 1413 ’
2538 1387 2627 1439 καὶ
2663 1386 2784 1454 οὐχὶ
2803 1385 2868 1456 δὴ
2905 1383 3103 1453 μᾶλλον
3130 1383 3340 1435 ἕκαστα
3373 1383 3481 1434 τῶν
3503 1382 3818 1452 δρωμένων

2215 1476 2527 1550 πεπράχθαι
2560 1475 3040 1546 διαϐεϐαιούμενος
3078 1474 3226 1545 παρά
3249 1473 3465 1544 [ἰατρὸς
3488 1473 3555 1525 δι’
3584 1472 3718 1526 Υίοῦ
3747 1474 3818 1525 ἐν

2216 1568 2530 1638 Πνεύματι;
2567 1568 2630 1621 Ei
2658 1567 2768 1635 γάρ
2798 1567 2943 1619 ἐστιν
2981 1566 3012 1618 6
3046 1565 3176 1626 Υἱὸς
3203 1564 3296 1616 καὶ
3329 1562 3492 1633 βουλὴ
3517 1564 3608 1616 καὶ
3637 1560 3817 1631 σοφία

2215 1659 2310 1712 καὶ
2343 1658 2570 1729 δύναμις
2599 1657 2693 1710 τοῦ
2728 1657 2959 1728 Πατρὸς,
2996 1656 3176 1709 πάντα
3206 1671 3308 1706 που
3343 1653 3580 1715 πάντως,
3605 1652 3685 1716 ὡς
3711 1651 3818 1704 διὰ

2219 1749 2413 1819 βουλῆς
2439 1749 2533 1802 καὶ
2566 1747 2756 1817 σοφίας
2785 1748 2880 1800 καὶ
2908 1746 3192 1816 δυνάμεως
3223 1745 3251 1796 ὁ
3285 1743 3472 1814 Πατὴρ
3503 1743 3816 1813 ἐργάσεται

2215 1845 2281 1897 δι’
2307 1843 2458 1896 Υἱοῦ.
2484 1841 2670 1905 Οὑτως
2715 1840 2976 1913 ἀριστίνδ⁹
3021 1838 3355 1901 ἀπολέκτους
3399 1837 3633 1889 ἐποιεῖτο
3672 1838 3817 1900 τοὺς

2220 1933 2465 2005 μαθητάς
2482 1947 2496 1962 °
2525 1931 2698 1996 οὑτως
2726 1929 2985 2000 ἡγιάσθαι
3006 1929 3186 1999 φαμὲν
3207 1929 3332 1990 τοὺς
3354 1927 3811 1997 ἐξειλεγμένους·

2213 2025 2358 2079 οὑτω
2383 2023 2709 2094 γεγενῆσθαι
2743 2022 2998 2093 ῥήτορας,
3029 2019 3105 2083 ὡς
3136 2022 3200 2072 ὲκ
3237 2021 3366 2089 μιᾶς
3400 2018 3648 2088 δηλονότι
3679 2018 3816 2072 θεό-

2213 2135 2396 2188 τητος,
2425 2114 2575 2186 παρά
2605 2113 2817 2185 Πατρὸς
2860 2112 2927 2166 δι’
2955 2105 3088 2165 Υίοῦ
3128 2113 3186 2164 ὲν
3228 2111 3528 2182 Πνεύματι.
3567 2130 3584 2162 ι
3616 2110 3819 2181 Πάτερ

2214 2208 2323 2279 γὰρ
2351 2207 2499 2274 ἅγιε,
2525 2205 2712 2277 φησὶν,
2733 2203 2959 2272 ἁγίασον
2985 2203 3184 2266 αὑτοὺς
3214 2202 3272 2255 ὲν
3292 2205 3358 2273 τῇ
3382 2201 3608 2272 ἀληθείᾳ
3634 2219 3753 2254 σου.
3785 2219 3813 2252 ι

2225 2298 2467 2368 Ἀγιάζει
2505 2298 2684 2351 τοίνυν
2711 2299 2746 2367 ἡ
2785 2295 3035 2366 ἀλήθεια,
3071 2294 3346 2349 τουτέστιν
3377 2297 3405 2348 6
3433 2293 3593 2357 Υἱός’
3623 2293 3817 2364 ἐνίησι

2213 2391 2272 2444 δὲ
2300 2392 2394 2445 καὶ
2419 2389 2618 2460 ὁμοίως
2647 2388 2742 2442 καὶ
2771 2386 3062 2455 ἀποφαίνει
3099 2385 3318 2454 σοφοὺς,
3350 2386 3443 2438 καὶ
3473 2385 3561 2438 διὰ
3581 2385 3680 2455 τῆς
3707 2383 3818 2436 τοῦ

2213 2482 2369 2551 ἀγίου
2400 2480 2714 2551 Πνεύματος
2761 2477 2872 2550 [ιον.
2900 2477 2963 2529 τὸ
3006 2477 3160 2545 ἅγιον
3187 2476 3436 2549 Πνεῦμα]
3494 2477 3811 2546 ἐνεργείας,

2213 2571 2476 2640 θεοφιλῶς
2511 2567 3082 2640 κατεγλωττισμένους
3131 2566 3260 2640 [ἵσ.
3297 2567 3817 2638 κατευγλωττισμέ-

2213 2663 2540 2737 νους].”Εφη
2567 2664 2697 2732 γοῦν
2733 2665 2791 2717 ὲν
2826 2662 2926 2732 μὲν
2953 2662 3021 2732 τῇ
3061 2659 3155 2714 τοῦ
3181 2660 3461 2715 Ματθαίου
3503 2663 3810 2732 συγγραφῇ

2213 2757 2351 2828 πρὸς
2376 2756 2502 2820 τοὺς
2531 2755 2731 2810 ἑαυτοῦ
2764 2752 3036 2826 μαθητὰς,
3079 2773 3098 2805 ι
3121 2754 3294 2807 Ὅταν
3331 2753 3389 2806 δὲ
3431 2752 3814 2823 παραδίδωσιν

2216 2848 2326 2902 ῖῖσ.
2361 2846 2758 2919 παραδιδῶσιν]
2811 2847 2987 2917 ὑμᾶς,
3027 2845 3100 2916 μὴ
3148 2845 3523 2916 μεριμνήσητε
3571 2842 3717 2909 πῶς,
3767 2843 3810 2914 ἦ

2213 2941 2270 2994 τί
2292 2940 2596 3012 λαλήσητε·
2632 2940 2915 3012 δοθήσεται
2946 2939 3056 3009 γὰρ
3087 2940 3214 3009 ὑμῖν
3251 2938 3309 2990 ὲν
3346 2937 3527 3007 ἐκείνῃ
3558 2940 3621 3008 τῇ
3650 2936 3807 3006 ὥρᾳ,

2212 3035 2267 3087 τί
2298 3033 2593 3105 λαλήσετεο
2625 3034 2684 3086 οὑ
2719 3033 2828 3104 γὰρ
2859 3033 3014 3104 ὑμεῖς
3060 3035 3183 3085 ὲστε
3225 3033 3274 3084 οἱ
3320 3029 3624 3094 λαλοῦντες,
3657 3029 3808 3082 ἀλλὰ

2213 3123 2274 3178 τὸ
2322 3125 2545 3196 Πνεῦμα
2590 3125 2682 3178 τοῦ
2730 3123 2940 3195 Πατρὺς
2987 3123 3140 3194 ὑμῶν
3181 3121 3242 3176 τὸ
3284 3120 3476 3176 λαλοῦν
3503 3121 3560 3174 ὲν
3585 3121 3740 3190 ὑμῖν.
3777 3139 3802 3171 ι

2216 3216 2314 3268 Διὰ
2344 3216 2402 3269 δέ
2439 3233 2503 3283 γε
2545 3217 2642 3286 τῆς
2673 3214 2768 3268 τοῦ
2802 3215 3014 3268 Λουκᾶ·
3048 3233 3066 3266 ι
3095 3213 3266 3268 Θὲσθε
3297 3209 3391 3267 οῦν
3423 3214 3479 3264 ὲν
3507 3214 3624 3276 ταῖς
3652 3229 3808 3282 καρ-

2213 3307 2352 3370 δίαις
2386 3304 2541 3377 ὑμῶν
2593 3305 2666 3378 μὴ
2699 3305 3038 3376 προμελετᾷν
3075 3304 3476 3376 ἀπολογηθῆναι
3498 3322 3514 3336 ο
3543 3303 3652 3373 ἐγὼ
3687 3304 3807 3372 γὰρ

2213 3397 2368 3451 δώσω
2399 3400 2526 3469 ὑμῖν
2557 3400 2730 3469 στόμα
2772 3399 2866 3451 καὶ
2904 3397 3116 3465 σοφίαν,
3210 3399 3271 3450 οὑ
3316 3397 3630 3468 δυνήσονται
3667 3397 3806 3449 ἀντ-

539 3473 620 3515 cst
654 3464 798 3517 enim
832 3466 1098 3521 sermonis
1132 3468 1288 3523 dator
1322 3480 1507 3539 utpote
1553 3472 1790 3528 Verbum
1837 3484 1894 3528 et
1933 3474 2110 3545 Spiri-

2215 3492 2410 3554 ειπεῖν,
2441 3492 2474 3561 ἢ
2511 3492 2829 3561 ἀντιστῆναι
2867 3490 3065 3553 πάντες
3108 3490 3157 3543 οἱ
3188 3489 3549 3559 ἀντικείμενοι
3586 3489 3741 3558 ὑμῖν.
3777 3504 3800 3538 ι

541 3562 627 3607 tus
668 3553 921 3620 tributor,
959 3566 1017 3608 ut
1052 3557 1141 3625 qui
1180 3557 1326 3612 illum
1364 3563 1636 3628 proprium
1661 3565 1981 3619 naturaliter
2015 3567 2109 3619 ha-

2227 3582 2471 3644 Ἀκούεις
2499 3583 2646 3644 ὅπως
2677 3582 2963 3646 λαλοῦντος
2999 3585 3054 3635 ἐν
3081 3583 3263 3645 αὐτοῖς
3297 3579 3390 3634 τοῦ
3434 3581 3587 3649 ἁγίου
3618 3579 3805 3634 Πνεύ-

540 3645 684 3710 heat,
719 3645 859 3699 sicut
890 3647 1050 3702 etiam
1083 3648 1197 3716 ipse
1229 3649 1408 3705 Pater.
1439 3651 1638 3707 Eadem
1671 3655 1831 3722 igitur
1856 3667 2111 3725 operatur

2217 3690 2406 3742 ματος,
2442 3673 2602 3735 αὑτὸς
2631 3672 2814 3726 δίδωσι
2849 3673 2908 3726 τὸ
2935 3645 3140 3742 dedita;
3174 3672 3335 3740 λόγου
3361 3645 3608 3742 γάρ-ἐστι
3629 3669 3804 3740 δοτὴρ

537 3743 727 3790 sancta
759 3735 1019 3801 Trinitas,
1054 3748 1106 3794 et
1137 3755 1474 3810 quaecunque
1525 3747 1754 3811 gesserit
1787 3762 1850 3801 ac
1883 3748 2110 3803 voluerit

2215 3735 2289 3825 ib;
2326 3763 2517 3832 Λόγος,
2555 3764 2648 3816 καὶ
2698 3765 3009 3834 Πνεύματος
3034 3735 3305 3834 χορηγὸς,
3335 3763 3412 3826 ὡς
3465 3763 3592 3816 ἴδιον
3651 3761 3803 3831 ἔχων

538 3824 698 3880 Pater
729 3827 1194 3893 ellicere,ocadem
1230 3843 1286 3886 et
1320 3831 1489 3888 Filius
1524 3836 1712 3890 eodem
1753 3839 1909 3893 modo
1942 3839 2071 3895 facit
2093 3880 2108 3905 ,

2215 3824 2343 3906 αὑτὸ
2370 3824 2637 3922 φυσικῶς,
2670 3855 2810 3909 καθὰ
2842 3824 2936 3909 καὶ
3161 3824 3806 3926 όυΠατήρ.Ταυτοεργεῖ

537 3917 895 3989 similiterque
937 3920 1173 3989 Spiritus
1212 3935 1457 3980 sanctus.
1498 3929 1733 3998 Singulis
1770 3945 1898 3986 vero
1941 3933 2111 4002 hypo-

2215 3945 2316 4014 μὲν
2350 3917 2442 3998 οῦν
2486 3949 2518 4016 ὴ
2566 3917 2697 4014 ἁγία
2729 3948 2919 4017 Τριὰς,
2951 3949 3044 4001 καὶ
3070 3947 3213 4018 ἅπερ
3250 3946 3318 4000 ἂν
3342 3917 3490 4017 δ’ρὼῃ
3535 3945 3627 3998 καὶ⁹
3661 3917 3802 4013 ῥόο-

535 4009 773 4064 stasibus
815 4011 1053 4068 tribuere
1094 4017 1322 4070 scorsim
1367 4020 1710 4086 operationes
1751 4023 1947 4092 cuique
1985 4040 2110 4094 pro-

2215 4009 2354 4088 λοιτο
2381 4009 2680 4107 κατορθοῦν
2713 4040 2741 4090 6
2770 4009 2980 4108 ὴατῆρ,
3010 4009 3307 4090 ταῦτα’καὶ
3337 4009 3512 4098 δ’Υίδς
3531 4009 3677 4088 κατά
3703 4033 3802 4087 τὸν

535 4099 706 4166 prias,
738 4101 873 4158 nihil
907 4111 990 4157 est
1021 4105 1167 4160 aliud
1199 4122 1360 4174 quam
1396 4119 1504 4164 tres
1539 4114 1765 4168 scorsim
1799 4124 1854 4170 et
1888 4130 2111 4184 prorsus

2215 4128 2326 4181 ἴσον
2369 4099 2599 4198 τρόπον·
2635 4129 2836 4198 ὁμοίως
2871 4099 2936 4182 δέ.
2957 4099 3050 4182 καὶ
3079 4129 3139 4182 τὸ
3169 4127 3412 4198 Πνεῦμα.
3444 4127 3516 4180 Τό
3564 4143 3626 4192 γε
3683 4127 3802 4196 μὴν

537 4189 676 4244 inter
704 4205 764 4246 se
797 4191 1089 4260 disjunctos
1119 4196 1248 4251 deos
1275 4202 1642 4266 pronuntiare.
1675 4203 1810 4258 Nam
1839 4206 1890 4259 iu
1922 4216 2108 4262 sancta

2215 4221 2314 4274 ἀνὰ
2365 4189 2529 4293 μέρος
2558 4189 2756 4275 διδόναι
2789 4189 2888 4284 τὰς
2923 4220 3202 4291 ἐνεργείας
3247 4189 3452 4291 ἑκαστῃ
3501 4189 3608 4271 τῶν
3655 4189 3802 4270 ὑπο-

536 4280 825 4347 Trinitate,
857 4283 946 4337 illa
978 4286 1242 4343 naturalis
1271 4289 1496 4348 unitatis
1525 4293 1663 4347 ratio
1691 4310 1849 4349 unam
1883 4311 2108 4365 prorsus

2215 4315 2456 4368 στάσεων
2490 4314 2689 4378 ίδικῶς,
2717 4313 2868 4367 οὐδὲν
2899 4312 3088 4382 ἔτερόν
3115 4314 3285 4375 ἐστιν,
3313 4312 3346 4382 ἢ
3377 4314 3526 4381 τρεῖς
3551 4308 3654 4366 ἀνὰ
3692 4309 3798 4378 μὲ-

537 4373 589 4425 in
619 4374 870 4431 omnibus
896 4377 1150 4444 operibus
1177 4380 1468 4439 motionem
1497 4387 1751 4442 ostendit.
1776 4388 1928 4454 Quod
1953 4390 1998 4444 si
2028 4390 2111 4443 di-

2214 4421 2304 4473 ρος
2329 4403 2421 4457 καὶ
2450 4403 2754 4474 ὁλοτρόπως
2796 4403 3042 4474 ἀλλήλων
3067 4403 3437 4472 διεστηκότας,
3465 4401 3802 4470 ἀποφαίνειν

536 4479 741 4529 camus,
773 4481 895 4521 cum
935 4483 1038 4522 una
1075 4470 1376 4540 hypostasis
1412 4487 1655 4531 movetur
1685 4480 1751 4532 ad
1786 4495 1941 4548 opus,
1980 4479 2104 4535 reli-

2215 4470 2384 4556 θεούς.
2415 4495 2472 4548 Ὀ
2509 4470 2607 4564 μὲν
2652 4494 2759 4564 γὰρ
2799 4470 3175 4563 τῆςγφυσικῆς
3219 4470 3466 4564 ένότητος
3497 4493 3650 4560 λόγος
3698 4491 3805 4552 ἐπὶ,

535 4571 678 4620 quas.
701 4559 830 4611 duas
859 4558 992 4613 nihil
1018 4574 1196 4630 agere,
1229 4567 1498 4633 quomodo
1531 4569 1715 4637 negari
1749 4572 1946 4638 poterit
1975 4572 2102 4638 quin

2215 4587 2312 4655 τῆς
2336 4558 2777 4655 ἁγίαςΤριάδος,
2803 4558 2931 4653 μίαν
2953 4558 3028 4654 δή
3066 4558 3167 4637 που
3204 4585 3304 4655 τὴν
3344 4558 3430 4653 ἐφ’
3464 4558 3631 4638 ἅπασι
3676 4592 3800 4652 τοῖς

534 4661 794 4717 corporea
810 4649 1098 4707 inducatur
1113 4656 1302 4723 sectio,
1320 4661 1704 4727 propemodum
1725 4660 1901 4716 locum
1921 4677 2108 4731 quem-

534 4741 654 4792 dam
701 4741 923 4808 singulis
967 4743 1349 4813 hypostasibus
1395 4750 1660 4817 tribuens,
1701 4767 1766 4807 eo
1809 4753 1924 4822 ipso
1965 4755 2106 4823 quod

531 4842 685 4885 extra
729 4833 964 4902 reliquas
1003 4846 1057 4891 et
1097 4837 1345 4907 abjuncta
1387 4845 1672 4912 cogitatur,
1712 4860 1817 4899 nou
1854 4859 1921 4900 eo
1963 4847 2103 4914 quod

534 4923 748 4990 proprie
777 4925 1050 4992 subsistit,
1083 4929 1135 4983 id
1165 4931 1308 4997 enim
1337 4948 1462 4988 vere
1493 4935 1713 5003 dicitur,
1747 4935 1840 4991 sed
1874 4939 2016 5005 quod
2049 4938 2101 4990 in

534 5010 790 5082 cujusque
818 5015 891 5068 rei
920 5017 1250 5087 diversitate,
1279 5025 1542 5080 rationem
1571 5041 1688 5094 quae
1711 5028 1779 5081 ad
1805 5027 2104 5081 naturalem

536 5105 795 5159 unitatem
826 5107 1042 5180 colligat
1087 5127 1194 5168 non
1227 5117 1464 5184 patitur?
1494 5117 1605 5173 Una
1637 5121 1778 5173 enim
1807 5120 2106 5176 divinitatis

537 5205 728 5251 natura
760 5198 811 5253 in
843 5211 1030 5256 saneta
1059 5213 1116 5258 et
1145 5206 1587 5262 consubstantiali
1614 5209 1882 5264 'l‘rinitate
1913 5210 2104 5264 intelli-

532 5287 695 5355 gitur.
724 5289 823 5345 llic
856 5301 1034 5347 autem
1074 5296 1248 5351 bonus
1279 5298 1358 5352 vir
1386 5299 1555 5355 Deum
1584 5298 1818 5355 Verbum
1857 5301 1965 5357 Deo
2001 5302 2104 5357 Pa-

535 5381 712 5449 trique
747 5385 1208 5444 consubstantiale
1247 5391 1470 5458 perinde
1501 5408 1564 5448 ac
1599 5394 1642 5448 si
1675 5394 1948 5463 ignoraret
1984 5410 2104 5451 esse

533 5469 730 5524 factum
759 5474 1053 5542 hominem,
1083 5493 1187 5533 non
1217 5480 1519 5550 abjicicndo
1547 5486 1687 5553 quod
1719 5486 1855 5540 Deus
1881 5495 1984 5552 est,
2010 5488 2102 5542 sed

532 5559 705 5636 potius
740 5566 1064 5627 assumenda
1099 5569 1240 5638 quod
1276 5585 1378 5626 non
1419 5583 1556 5641 erat,
1590 5575 1752 5630 audet
1787 5585 2100 5632 extenuare.

607 5736 648 5769 ”
682 5739 698 5799 ἰ
739 5740 860 5799 Cur.
899 5757 934 5810 ι,
977 5743 1064 5798 Ἦ,
1147 5749 1184 5778 ετ
1224 5745 1404 5803 Matth.
1450 5765 1499 5812 tt,
1545 5750 1626 5814 19,
1661 5751 1748 5803 ‘20.

1830 5751 1872 5783 θ’
1907 5750 2035 5809 Luc.
2071 5767 2184 5814 xxx,

2212 4676 2509 4746 δρωμένοις
2539 4677 2826 4745 ἀποφαίνει
2855 4677 3087 4746 κίνησιν.
3127 4678 3187 4730 Ei
3217 4677 3275 4730 δὲ
3309 4677 3374 4748 δὴ
3401 4677 3674 4748 λέγοιμεν,
3709 4681 3798 4733 ὅτι

2214 4768 2344 4836 μιᾶς
2376 4767 2746 4832 ὑποστάσεως,
2777 4765 2886 4820 οἷον
2917 4771 2997 4831 εἰς
3024 4767 3161 4837 ἔργα
3195 4770 3580 4839 κεκινημένης,
3607 4770 3797 4840 ἀπρα-

2211 4857 2460 4926 κτήσειεν
2491 4855 2558 4909 ἆν
2595 4857 2648 4908 αἱ
2679 4855 2792 4919 δύο,
2829 4855 2946 4918 πῶς
2972 4857 3032 4909 οὑ
3065 4859 3262 4927 παχεῖα
3291 4858 3431 4928 τομὴ
3468 4860 3798 4928 παρεισκρί-

2210 4963 2382 5009 νεται,
2416 4945 2580 4999 τόπον
2619 4945 2808 5016 ὥσπερ
2855 4948 2978 5002 τινὰ
3025 4947 3133 5001 τῶν
3180 4948 3531 5001 ὑποστάσεων
3582 4949 3798 5022 ἑκάστῃ

2216 5037 2478 5108 νέμουσα,
2507 5039 2586 5103 τὸ,
2622 5037 2726 5102 ἔξω
2763 5057 2823 5092 τε
2871 5040 2965 5093 καὶ
3005 5039 3504 5108 ἀπεσχοινισμένως
3552 5039 3794 5093 νοεῖσθαι

2216 5129 2324 5182 τῶν
2376 5129 2571 5194 ἀλλων,
2610 5130 2671 5182 ού
2724 5131 2865 5184 κατά
2909 5148 2973 5199 γε
3021 5132 3081 5184 τὸ
3127 5131 3396 5200 ὑπάρχειν
3454 5130 3790 5195 ίόιοστὰτως,

2211 5216 2370 5271 τοῦτο
2391 5217 2495 5289 γὰρ
2521 5219 2749 5288 ἀληθές·
2776 5220 2891 5273 ἀλλ’
2917 5221 2992 5284 ὡς
3021 5221 3079 5272 ὲν
3100 5222 3165 5290 τῇ
3189 5220 3330 5273 κατά
3354 5219 3461 5272 πᾶν
3484 5219 3790 5289 ἑτερότητι,

2214 5309 2289 5379 μὴ
2327 5310 2628 5381 ἀνεχομένη
2671 5311 2826 5380 λόγου
2871 5312 2964 5365 τοῦ
3001 5312 3412 5383 συναγείροντος
3453 5313 3531 5374 είς
3561 5313 3795 5382 ἑνότητα

2212 5401 2446 5471 φυσικήν
2469 5419 2483 5466 ;
2507 5403 2620 5455 Μία
2639 5403 2748 5473 γὰρ
2773 5403 3023 5473 θεότητος
3054 5402 3216 5471 φύσις
3239 5404 3296 5453 ἐν
3325 5401 3455 5471 ἁγίᾳ
3483 5401 3574 5454 καὶ
3602 5402 3793 5468 ὁμοου·

2213 5489 2314 5558 σίῳ
2345 5492 2543 5542 νοεῖται
2577 5491 2620 5541 Τ
2626 5492 2786 5560 ριάδι.
2804 5493 2862 5545 Ὀ
2889 5490 2944 5542 δὲ
2973 5489 3207 5560 χρηστὸς
3233 5488 3436 5551 οὑτοσὶ,
3472 5486 3562 5539 τὸν
3590 5486 3792 5552 ὁμοού-

2213 5593 2325 5630 σιον
2363 5577 2442 5647 τῷ
2468 5577 2587 5649 Θεῷ
2611 5580 2702 5632 καὶ
2731 5581 2905 5651 Πατρὶ
2930 5581 3065 5634 Θεὸν
3091 5580 3280 5648 Λόγον,
3306 5577 3381 5642 ὡς
3409 5577 3509 5630 οὐκ
3529 5574 3679 5638 εἰδὼς
3706 5576 3790 5629 ὅτι

2229 5751 2313 5819 li,
2345 5753 2428 5808 15.
