4088 6460
233 354 326 399 un
1257 355 1629 413 aovansus
1667 355 2070 416 NESTORIUM
2110 361 2240 415 Lm.
2281 324 2395 416 ιν(

3372 367 3480 423 182

228 459 454 525 γέγονεν
491 459 794 532 ἄνθρωπος,
826 464 887 517 οὐ
932 466 993 518 rb
1030 462 1168 522 εἶναι
1206 468 1339 533 Θεὸς
1385 470 1797 542 ἀποϐεϐληκὼς,

1907 472 2035 528 Nam
2069 489 2191 529 cum
2220 482 2408 529 sancto
2438 472 2684 543 Spiritui,
2719 481 2778 529 ut
2804 475 3005 531 dictum
3035 486 3138 541 est,
3169 478 3475 546 patrocine-

228 549 612 621 προσειληφὼς
631 553 689 605 δὲ
719 554 919 624 μᾶλλον
943 559 1079 630 ὅπερ
1103 559 1204 613 οὐκ
1228 555 1318 631 ἦν,
1342 562 1805 633 κατασμικρύνειν

225 639 533 711 ἀποτολμᾷ.
587 642 946 715 Συναγορεύει
994 646 1095 716 μὲν
1144 648 1285 719 γὰρ,
1338 649 1414 713 ὠς
1470 650 1703 721 εἴρηται,
1730 650 1808 720 τῷ

225 729 372 800 ἁγίῳ
400 731 694 802 Πνεῦματι,
727 736 1069 808 περιυϐρίζει
1098 739 1155 793 δὲ
1183 740 1274 793 τὸν
1293 741 1445 808 Υίὸν,
1466 741 1607 796 οὕτω
1635 743 1807 811 λέγων

226 836 249 868 7
275 819 369 900 (.65
398 837 548 884 τινας
574 822 680 876 τῶν
709 823 777 878 τά
809 826 1020 896 Ἀρείου
1051 832 1265 900 φρονεῖν
1295 832 1603 903 ᾑρημένων.

303 908 575 979 [Πλείονα,
625 914 780 982 φησὶ,
833 915 931 986 τὴν
979 918 1059 980 είς
1101 919 1264 972 αὑτὸν
1305 922 1805 990 κατασκευάζοντες

229 997 414 1070 ὓϐριν,
431 1001 523 1053 καὶ
544 1002 604 1054 τὸ
621 1003 844 1075 Πνεῦμα
863 1007 962 1077 τῆς
982 1008 1129 1074 θείας
1150 1011 1545 1083 ἀποτέμνοντες
1568 1016 1804 1085 φύσεως,

225 1089 293 1141 rb
320 1089 419 1161 τὴν
460 1092 851 1168 ἀνθρωπότητα
876 1100 1041 1152 αὐτοῦ
1080 1101 1379 1158 διαπλάσαν
1405 1121 1419 1136 ·
1457 1123 1477 1156 ι
1507 1106 1582 1160 Τὸ
1614 1108 1722 1177 γὰρ
1749 1109 1807 1162 ἐν

226 1183 296 1249 τῇ
319 1182 525 1252 Μαρίᾳ,
542 1185 691 1253 φησι,
718 1188 994 1258 γεννηθὲν,
1010 1192 1073 1245 ἐκ
1088 1192 1403 1263 Πνεῦματός
1424 1196 1571 1258 ἐστιν
1591 1197 1801 1265 ἁγίου·»

228 1272 373 1324 κατὰ
406 1270 515 1343 [ἵσ.
551 1275 612 1326 τὸ
644 1276 807 1347 κατὰ]
846 1278 1186 1351 δικαιοσύνην
1213 1282 1275 1335 τὸ
1298 1283 1534 1339 πλασθέν
1570 1286 1805 1340 ἀνέπλα-

232 1377 325 1414 σεν
371 1362 481 1433 εἶσί.
507 1364 843 1439 ἀναπλάσαν]
868 1387 881 1402 ·
924 1370 1313 1442 «Ἐθφανερὼθη
1357 1376 1485 1445 γὰρ,
1516 1378 1700 1447 φησὶν,
1748 1379 1807 1433 ἐν

232 1450 399 1518 σαρκί
422 1451 743 1524 ’ἐδικαιώθη
776 1456 832 1507 ἐν
858 1456 1163 1528 Πνεῦματιο
1208 1477 1226 1511 ι
1262 1460 1322 1512 rb
1338 1458 1555 1530 δαίμοσι
1576 1462 1807 1533 φοϐερὸν

229 1540 610 1611 ἐργασάμενον
631 1559 645 1573 ·
688 1561 708 1595 ι
730 1544 871 1612 Ἐγὼ
898 1546 1027 1617 γὰρ,
1056 1548 1238 1617 φησιν,
1274 1550 1331 1601 ἐν
1362 1549 1636 1621 Πνεῦματι
1669 1551 1807 1608 Θεοῦ

228 1630 478 1685 ἐκϐάλλω
508 1632 577 1687 τά
604 1633 875 1704 δαιμόνια·
909 1655 928 1689 ι
959 1637 1025 1691 rb
1050 1638 1149 1710 τὴν
1177 1639 1340 1699 αὑτοῦ
1369 1642 1548 1711 σάρκα
1578 1660 1806 1715 πεποιη-

232 1720 395 1786 μένον
419 1722 571 1775 ναόνε
604 1742 623 1775 t
651 1724 926 1796 Τεθέαμαι
960 1728 1088 1798 γὰρ,
1118 1728 1270 1800 φησὶ,
1296 1729 1357 1783 rb
1385 1718 1608 1801 Πνεῦμα
1635 1749 1805 1786 κατα-

1910 572 2016 631 tur,
2055 566 2247 620 Filium
2284 564 2445 621 allicit
2475 563 2705 635 injuria,
2736 565 2827 623 ubi
2862 566 3118 624 adversus
3148 568 3265 625 Arii
3302 580 3479 627 secta-

1907 661 2053 712 tores
2083 656 2154 712 ita
2188 656 2341 713 dicit.

1987 919 2247 991 [Νεετοιι.
2284 917 2563 988 Majoretn,
2591 917 2784 986 inquit,
2813 919 2866 973 in
2894 917 3068 988 ipsum
3097 926 3371 975 struentes
3398 919 3477 975 in-

1901 1009 2125 1079 juriam.
2151 1018 2207 1064 et
2234 1009 2494 1078 Spiritum
2523 1022 2553 1061 a
2585 1009 2764 1064 divina
2795 1018 2985 1064 natura
3015 1019 3354 1079 separantes,
3378 1009 3473 1079 qui

1908 1100 2297 1155 humanitatem
2323 1100 2441 1169 ejus
2470 1101 2721 1158 formavit
2750 1118 2765 1155 :
2799 1119 2820 1152 ι
2853 1101 3005 1168 Quod
3029 1102 3174 1155 enim
3203 1102 3255 1156 in
3285 1101 3471 1166 Maria,

1906 1188 2105 1258 inquit,
2134 1198 2315 1245 natum
2348 1198 2453 1253 est,
2487 1189 2555 1243 de
2583 1189 2788 1258 Spiritu
2818 1199 3005 1244 sancto
3034 1197 3117 1244 est
3139 1190 3183 1223 ‘9
3203 1189 3353 1259 ;iqui
3382 1202 3473 1244 se-

1905 1277 2138 1333 cundum
2168 1276 2435 1348 justitiam
2465 1278 2607 1346 quod
2637 1276 2926 1332 formatum
2960 1287 3081 1332 erat
3112 1278 3425 1334 reformavit
3453 1290 3471 1332 :

1912 1386 1932 1422 ι
1964 1368 2363 1425 Manifestatum
2394 1369 2538 1425 enim
2566 1375 2670 1433 est,
2700 1367 2896 1437 inquit,
2925 1368 2977 1423 in
3006 1382 3191 1432 carne,
3212 1368 3476 1440 justiiica-

1906 1468 2018 1515 tum
2050 1468 2133 1515 est
2161 1459 2215 1515 in
2239 1458 2443 1530 Spiritu
2466 1458 2541 1525 '°;
2570 1459 2660 1529 qui
2693 1466 2753 1515 ut
2782 1459 3235 1516 daamoniisesset
3262 1457 3474 1514 terribi-

1906 1551 1971 1606 lis
1997 1549 2177 1609 effecit
2207 1570 2220 1606 :
2255 1567 2275 1602 ι
2305 1550 2419 1621 Ego
2447 1551 2616 1615 enim,
2644 1548 2840 1617 inquit,
2870 1549 2924 1605 in
2955 1550 3160 1618 Spiritu
3191 1548 3287 1604 Dei
3316 1547 3477 1616 ejicio

1906 1641 2274 1704 daemonia";
2318 1659 2337 1694 ι
2377 1641 2469 1710 qui
2508 1640 2655 1695 illius
2693 1655 2913 1697 carnem
2948 1640 3125 1707 eﬂ‘ecit
3162 1638 3417 1711 templum
3458 1656 3474 1693 :

1911 1748 1931 1782 ι
1955 1730 2074 1785 Vidi
2100 1731 2270 1796 enim,
2300 1730 2495 1799 inquit,
2519 1729 2778 1798 Spiritum
2794 1730 3205 1787 descendentem
3234 1731 3476 1786 sicutco-

227 1806 417 1861 ϐαῖνον
448 1808 581 1863 ὡσεὶ
614 1814 964 1884 περιστεράν,
995 1816 1090 1870 καὶ
1117 1816 1423 1888 μεμένηκεν
1451 1820 1538 1871 ἐπ’
1570 1820 1754 1874 αὐτόν·
1778 1839 1797 1873 ι

1907 1822 2167 1886 lumbam,
2196 1830 2251 1876 et
2282 1818 2478 1876 mansit
2509 1834 2670 1889 super
2697 1834 2819 1876 eum
2843 1821 2924 1887 7';
2962 1838 2983 1875 ι
3016 1820 3111 1892 qui
3144 1820 3474 1890 assumptio-

228 1898 289 1950 τὸ
315 1900 418 1968 τὴν
451 1901 718 1973 ἀνάληψιν
748 1905 897 1983 αὐτῷ
924 1908 1288 1978 χαρισάμενον
1308 1925 1323 1941 '
1358 1926 1377 1961 ι
1400 1910 1806 1982 Ἐντειλάμενος

225 1987 361 2059 γὰρ,
402 1994 558 2062 φησι,
606 1997 717 2058 τοῖς
764 1996 942 2064 ἁγίοις
986 1998 1323 2063 ἀποστόλοις,
1355 2000 1450 2063 οὓς
1500 2002 1801 2069 ἐξελέξατο,

222 2078 320 2130 διὰ
346 2079 662 2149 Πνεῦματος
690 2085 869 2153 ἁγίου,
895 2085 1192 2158 ἀνελήφθη.
1215 2105 1234 2138 ι
1270 2087 1439 2142 Τοῦτο
1462 2089 1524 2161 δὴ
1557 2090 1618 2143 τὸ
1655 2092 1807 2162 τηλι-

225 2168 445 2241 καύτην
486 2173 702 2245 Χριστῷ
748 2179 1116 2251 χαρισάμενον
1161 2176 1336 2245 δόξαν,
1375 2180 1611 2253 Χριστοῦ
1638 2200 1805 2246 κατα-

226 2259 555 2326 σκευάζουσι
591 2265 819 2342 ὄοῦλον.]

829 2408 1077 2467 ΚΕΦΑΛ.
1132 2413 1209 2467 I".

295 2535 370 2588 Tb
395 2536 491 2605 μὲν
511 2530 604 2591 οῦν
630 2538 731 2607 τῆς
757 2536 905 2603 θείας
930 2558 988 2594 τε
1017 2542 1109 2595 καὶ
1134 2543 1412 2615 ἀκηράτου
1439 2546 1654 2615 φύσεως
1678 2547 1805 2601 ἀπο-

221 2625 440 2697 τέμνειν
459 2627 519 2680 rb
540 2629 765 2698 Πνεῦμα
794 2632 1159 2704 κατατολμᾷν,
1181 2634 1465 2707 μοχθηρᾶς
1494 2632 1635 2691 εἷναί
1657 2655 1801 2709 φημι

222 2719 320 2771 καὶ
367 2719 647 2792 ἀλιτηρίου
696 2721 911 2793 φρενὸς,
946 2724 1042 2778 καὶ
1075 2725 1211 2780 πολὺ
1247 2726 1340 2781 τοῦ
1372 2728 1579 2793 εἰκότος
1616 2729 1806 2801 ἐξῳκι-

223 2811 786 2883 σμένης.’ομοούσιον
812 2813 920 2885 γάρ
957 2816 1072 2869 ἐστι
1102 2815 1182 2887 τῷ
1210 2817 1328 2888 Θεῷ
1356 2818 1451 2872 καὶ
1489 2818 1685 2889 Πατρὶ,
1710 2820 1804 2873 καὶ

223 2902 337 2973 μὴν
364 2903 457 2956 καὶ
482 2903 633 2974 αὐτῷ
664 2904 743 2974 τῷ
768 2905 914 2975 Υἱῷ*
960 2906 1053 2960 καὶ
1099 2907 1233 2971 Θεὸς
1262 2906 1422 2975 εἶναι,
1450 2909 1545 2963 καὶ⁸
1573 2910 1637 2963 ἐκ
1668 2910 1802 2964 Θεοῦ

220 2994 559 3049 πιστεύεται.
600 2996 811 3068 Χρῆναι
858 2996 914 3049 δὲ
961 2992 1115 3068 οἶμαι
1154 3000 1311 3053 ταυτὶ
1344 2999 1605 3069 μεθέντας
1637 3001 1717 3064 είς
1744 3000 1805 3053 rb

226 3084 427 3154 παρὸν,
461 3086 551 3138 τὸν
574 3087 631 3138 ἐν
660 3087 844 3157 χερσὶν
878 3088 1027 3155 ἡμῖν,
1064 3086 1589 3160 πολυπραγμονῆσαι
1622 3090 1800 3157 λόγον,

222 3173 320 3226 καὶ
334 3175 457 3227 ὅποι
478 3175 605 3228 ποτὲ
626 3174 827 3244 βλέπει,
843 3176 1236 3247 νουνεχέστατα
1259 3178 1515 3233 κατιδεῖν.
1529 3196 1548 3231 ι
1573 3178 1805 3233 Πλείονα

222 3267 358 3336 γὰρ,
405 3268 560 3337 φησι,
596 3267 693 3338 τὴν
726 3268 806 3330 είς
846 3267 1009 3321 αὐτὸν
1054 3267 1556 3333 κατασκευάζοντες
1605 3269 1799 3341 ὕϐρινο

222 3359 259 3410 δ
268 3358 420 3425 ἧλον
436 3359 503 3411 δὲ
516 3358 603 3412 ὅτι
620 3360 725 3412 τὸν
737 3359 804 3412 ἐκ
822 3359 969 3414 Θεοῦ
983 3360 1211 3429 Πατρός
1227 3361 1440 3429 Λόγον
1459 3361 1627 3414 καὶτὸ
1642 3362 1806 3413 Πνεῦ-

228 3467 308 3517 μα
341 3448 441 3518 τῆς
484 3449 633 3513 θείας
669 3450 1068 3520 ἀποτέμνοντες
1102 3449 1334 3519 φύσεως,
1368 3451 1429 3503 τὸ
1463 3451 1564 3521 τὴν
1592 3451 1803 3523 ἀνθρω-

224 3540 439 3609 πὸτητα
468 3539 629 3592 αὐτοῦ
646 3536 964 3594 ὅιαπλάσαν.
990 3559 1008 3593 ι
1036 3540 1145 3611 Τὴν
1179 3536 1401 3608 τίνος,ὧ
1421 3542 1681 3612 βέλτιστε,
1700 3544 1805 3615 φὴς

221 3628 625 3682 διαπεπλάσθαι
649 3630 1038 3700 ἀνθρωπότητα
1057 3630 1145 3684 διὰ
1169 3632 1264 3684 τοῦ
1294 3632 1432 3685 Πνεύ
1441 3651 1607 3703 ματος
1628 3650 1641 3698 ;
1666 3636 1804 3687 Καί-

223 3738 314 3771 τοι
346 3720 474 3782 reb;
505 3719 691 3787 λόγους
716 3722 847 3790 ἡμῖν
877 3720 1080 3789 ἀρτίως
1109 3721 1195 3773 ἐπ’
1221 3722 1370 3791 αὑτῷ
1400 3723 1696 3793 πεποίησαι
1726 3724 1803 3794 τῷ

224 3814 547 3881 Μονογενεῖ,
577 3815 669 3866 καὶ
697 3815 760 3867 ἐκ
789 3813 924 3866 Θεοῦ
960 3813 1172 3885 [ἰατρὸς
1201 3814 1528 3888 ἀπορῤήτως
1550 3832 1806 3886 γεγεννη-

228 3904 417 3973 μένῳν
455 3904 603 3957 θείαν
634 3905 743 3975 γὰρ
779 3905 843 3975 δὴ
888 3905 1046 3973 φύσιν
1090 3904 1370 3976 ὠνόμαζες
1416 3907 1610 3961 αὐτόν’
1638 3908 1803 3962 αὑτοῦ

223 3993 284 4046 δὲ
313 3990 467 4063 οἶμαι
498 3995 592 4047 καὶ
616 3994 713 4064 οὐχ
742 3995 927 4065 ἐτέρου
955 3995 1052 4066 τὴν
1088 3996 1485 4067 ἀνθρωπότητα
1510 3999 1634 4068 φής.
1660 3999 1804 4051 Οὐκ-

223 4084 322 4138 οῦν
348 4084 687 4155 διαμέμνησο
724 4083 834 4137 τῶν
866 4084 1090 4137 σεαυτοῦ
1122 4086 1346 4154 φωνῶνο
1377 4087 1512 4142 ίδίαν
1532 4088 1640 4159 γὰρ
1666 4084 1802 4142 εἶναι

225 4173 338 4242 φὴς
380 4173 475 4226 τοῦ
514 4174 689 4241 Λόγου
728 4174 824 4244 τὴν
857 4174 1034 4245 σάρκα
1061 4174 1237 4246 ψυχῆς
1270 4177 1496 4249 ἐνούσης
1523 4179 1660 4249 αὐτῇ
1705 4179 1803 4250 τῆς

226 4263 454 4334 λογικῆς
509 4264 749 4334 δηλονότι
775 4282 789 4296 ⁶
826 4265 980 4319 ἔσται
1009 4265 1121 4335 γὰρ
1169 4266 1341 4329 οὕτως
1376 4268 1409 4338 ἡ
1450 4268 1802 4339 ἀνθρωπότης

222 4354 414 4409 αὐτοῦ.
445 4350 577 4410 Εἶτα
607 4355 744 4420 πῶς,
774 4355 928 4426 εἴπερ
961 4357 1108 4409 ἐστὶν
1134 4356 1193 4410 ἒν
1224 4358 1362 4426 μετά
1386 4361 1483 4429 τῆς
1514 4358 1646 4423 ίδίας
1673 4376 1803 4428 σαρ-

224 4447 322 4509 κὸς
365 4448 395 4499 ὀ
437 4448 502 4499 ἐκ
548 4446 682 4500 Θεοῦ
712 4448 925 4518 Πατρὸς
958 4449 1148 4516 Λόγος,
1182 4449 1363 4518 ίσχύος
1395 4445 1534 4502 εἶναι
1562 4449 1801 4519 νομίζεις

223 4536 393 4589 αὐτὸν
421 4536 519 4607 τῆς
542 4537 874 4607 θεοπρεποῦς
896 4538 1103 4602 ἐπιδεᾶ,
1137 4538 1229 4590 καὶ
1255 4537 1483 4608 φοϐερὸν
1508 4537 1669 4591 αὐτὸν
1694 4538 1804 4609 είρο

222 4627 430 4694 γάσθαι
460 4630 571 4689 τοῖς
602 4627 817 4698 δαίμοσι
842 4628 902 4680 rb
942 4628 1166 4697 Πνεῦμα
1190 4628 1253 4679 rb
1290 4628 1463 4696 ἅγιον,
1497 4628 1572 4692 ὡς
1600 4628 1707 4682 ἀπό
1737 4646 1798 4697 γε

221 4718 329 4787 τῆς
359 4718 497 4780 ἰδίας
525 4718 736 4786 φύσεως
764 4718 863 4771 οὐκ
910 4718 1101 4788 ἔχοντα
1144 4718 1302 4772 τοῦτο
1349 4719 1507 4789 δρᾷψ
1554 4718 1649 4772 καὶ
1693 4718 1798 4790 μὴν

224 4809 324 4861 καὶ
357 4807 442 4871 τὸ,
472 4807 727 4861 δύνασθαι
773 4809 1075 4878 συντρίϐειν
1106 4809 1199 4862 τὸν
1243 4809 1507 4871 Σατανᾶν,
1538 4808 1614 4871 ὡς
1653 4808 1803 4862 ϐοτὸν

224 4900 361 4967 παρ’
384 4898 612 4969 ἐτέρου,
665 4898 760 4952 καὶ
810 4899 961 4969 μόλις
1010 4899 1425 4969 ἐρανιζόμενον;
1455 4898 1518 4950 El
1566 4898 1664 4967 μὲν
1707 4893 1801 4951 οῦν

222 4984 385 5040 οἶσθα
413 4988 495 5039 ὃτι
527 4988 589 5040 rb
615 4987 941 5058 ἀποτέμνειν
970 4988 1032 5041 rb
1060 4986 1284 5057 Πνεῦμα
1312 4987 1414 5057 τῆς
1454 4986 1602 5049 θείας
1636 4987 1799 5040 αὐτοῦ

224 5077 466 5146 φύσεως,
504 5078 862 5150 ἐγκλημάτων
891 5079 1166 5150 αἴσχιστον
1199 5079 1281 5148 εἴη
1311 5078 1397 5145 ἂν,
1424 5078 1518 5131 καὶ
1549 5078 1692 5148 μαλα
1716 5078 1799 5130 εί-

1906 1926 2029 1965 nem
2062 1910 2136 1965 illi
2166 1909 2391 1979 largitus
2418 1916 2500 1964 est
2530 1925 2545 1963 :
2584 1927 2603 1961 ι
2639 1908 2998 1979 Praecipiens,
3030 1910 3240 1980 inquit,
3269 1910 3484 1967 sanctis.

1905 2000 2183 2069 apostolis,
2216 2014 2350 2068 quos
2374 1999 2558 2067 elegit.
2595 2015 2690 2067 per
2724 1999 2986 2068 Spiritum
3022 2008 3290 2068 sanctum,
3318 1999 3479 2072 1,οᾷ

1906 2099 2211 2160 assumptus
2244 2098 2327 2145 est
2350 2089 2417 2143 ⁷³.
2456 2106 2476 2141 ›
2516 2086 2668 2144 llune
2703 2091 2867 2157 igitur
2896 2091 2989 2161 qui
3024 2098 3226 2146 tantam
3258 2090 3477 2147 Christo

1905 2181 2130 2249 gloriam
2159 2180 2383 2252 largitus
2413 2189 2517 2248 cst,
2546 2179 2747 2239 Christi
2779 2195 2995 2239 servum
3024 2180 3309 2254 elﬁciuntJ

2552 2405 2707 2460 CAP.
2742 2402 2825 2460 Ill.

1974 2543 2191 2599 Audere
2220 2541 2437 2611 quidem
2463 2554 2495 2596 a
2524 2540 2707 2596 divina
2737 2539 2825 2593 illa
2858 2538 3258 2609 immortalique
3285 2546 3478 2596 natura

1906 2634 2169 2705 Spiritum
2200 2633 2546 2698 abscindere,
2575 2630 2808 2699 improbi
2836 2644 2961 2687 esse
2988 2639 3043 2687 et
3071 2630 3283 2687 scelesti
3312 2630 3480 2685 animi

1904 2740 2124 2791 censeo,
2146 2733 2201 2781 et
2229 2725 2388 2795 longo
2418 2722 2701 2779 intervallo
2729 2722 2797 2778 ab
2824 2736 2891 2777 eo
2920 2722 3061 2792 quod
3089 2720 3343 2776 convenit
3391 2732 3480 2773 re-

1904 2817 2058 2872 moti.
2091 2813 2579 2872 Consubstantialis
2614 2820 2697 2870 est
2728 2812 2875 2867 enim
2913 2814 3021 2869 Deo
3057 2821 3111 2868 ct
3143 2811 3313 2877 Patri,
3346 2800 3480 2879 quin

1904 2908 2068 2964 etiam
2094 2907 2196 2974 ipsi
2221 2921 2434 2976 quoque
2458 2905 2617 2971 Filio,
2646 2914 2701 2963 et
2725 2907 2867 2962 Deus
2892 2920 3012 2962 esse
3037 2914 3093 2959 et
3120 2918 3188 2959 ex
3217 2902 3329 2956 Deo
3354 2913 3477 2956 cre-

1905 2998 2069 3053 ditur.
2096 2994 2202 3051 Sed
2224 3005 2478 3065 oportere
2503 2995 2759 3061 arbitror,
2788 2996 2854 3051 iis
2881 2996 2945 3049 ad
2973 3004 3212 3062 praesens
3236 2987 3478 3052 omissis,

1906 3088 2068 3144 verba
2108 3101 2226 3158 qum
2269 3101 2413 3142 nunc
2454 3095 2582 3142 sunt
2620 3086 2674 3141 in
2718 3085 2997 3149 manibus,
3040 3080 3379 3145 examinare,
3426 3088 3480 3134 et

1910 3193 2016 3246 quo
2062 3186 2307 3245 spectent
2341 3184 2594 3231 accurate
2640 3174 2969 3244 perspicere.
3006 3190 3025 3223 ι
3059 3170 3345 3237 Majorem,
3398 3169 3478 3223 in-

1909 3270 2047 3340 quit,
2072 3270 2125 3324 in
2153 3268 2325 3337 ipsum
2355 3274 2658 3323 statuentes
2684 3264 2935 3334 injuriam
2962 3262 3235 3334 (nimirum
3268 3261 3321 3314 in
3344 3259 3479 3315 illud

1908 3376 1973 3415 ea:
2004 3360 2109 3414 Deo
2143 3357 2304 3413 Patre
2333 3356 2604 3427 Verbum),
2632 3366 2687 3411 et
2715 3355 2975 3422 Spiritum
3005 3369 3035 3408 a
3065 3353 3246 3407 divina
3279 3362 3479 3406 natura

1910 3448 2353 3519 separantes,qui
2388 3447 2505 3517 ejus
2537 3446 2922 3501 humanitatem
2943 3443 3215 3498 formavit.
3239 3461 3258 3495 ι
3280 3441 3476 3509 Cujus-

1909 3552 2066 3605 nam,
2110 3538 2195 3591 vir
2236 3536 2477 3605 optime,
2521 3535 2724 3592 asseris
2768 3533 3158 3589 humanitatem
3202 3546 3232 3586 a
3277 3530 3489 3599 Spiritu,

1911 3626 2236 3682 formatam?
2273 3627 2438 3695 Atqui
2481 3625 2682 3681 dudum
2722 3625 2788 3680 de
2827 3625 2945 3693 ipso
2987 3622 3274 3692 Unigenito
3316 3630 3371 3676 et
3411 3633 3479 3675 ex

1914 3717 2021 3771 Deo
2061 3716 2224 3772 Patre
2266 3716 2607 3773 inell‘ahiliter
2639 3725 2768 3772 nato
2800 3714 2962 3769 verba
3004 3713 3215 3769 feceras
3252 3729 3267 3767 :
3306 3713 3478 3781 ipsum

1910 3806 2054 3862 enim
2089 3806 2327 3862 divinam
2361 3814 2609 3861 naturam
2643 3804 2953 3875 appellabas
2985 3823 2999 3859 :
3034 3804 3204 3872 ipsius
3238 3817 3388 3872 ergo,
3421 3809 3480 3855 ut

1910 3898 2125 3967 opinor,
2161 3911 2268 3952 non
2303 3896 2527 3952 alterius
2561 3895 2949 3951 humanitatem
2984 3896 3142 3949 dicis.
3174 3892 3479 3947 Recordare

1911 3990 2075 4059 igitur
2097 3989 2384 4045 verborum
2414 3996 2627 4043 tuorum
2658 4005 2672 4041 :
2701 3988 2973 4056 propriam
3001 3985 3144 4040 enim
3173 3998 3292 4039 esse
3318 3982 3487 4038 Verbi

1911 4080 2059 4133 illam
2091 4094 2311 4134 carnem
2336 4078 2495 4143 dicis,
2518 4078 2695 4132 anima
2732 4075 2981 4130 rationali
3017 4074 3292 4146 praeditam
3326 4070 3478 4128 scili-

1909 4177 1995 4223 cet
2030 4186 2044 4223 :
2079 4168 2158 4223 sic
2195 4181 2429 4236 namque
2462 4167 2566 4221 erit
2598 4167 2716 4231 ejus
2749 4164 3076 4219 humanitas.
3113 4162 3277 4232 Atqui
3311 4160 3356 4217 si
3392 4159 3477 4229 ip-

1910 4273 2025 4313 sum
2050 4272 2114 4313 ex
2143 4258 2252 4313 Deo
2278 4257 2440 4312 Patre
2462 4254 2694 4312 Verbum
2719 4271 2885 4312 unum
2912 4260 2996 4310 est
3022 4269 3142 4310 cum
3169 4267 3267 4308 sua
3291 4266 3478 4315 carne,

1910 4352 2180 4421 quomodo
2206 4350 2400 4407 divinis
2423 4350 2632 4406 viribus
2661 4365 2783 4405 eum
2815 4348 3055 4418 indigere
3082 4356 3258 4416 putas,
3287 4353 3341 4400 et
3371 4352 3479 4398 ter-

1913 4443 2121 4498 ribilem
2152 4443 2431 4498 daemoniis
2458 4456 2489 4496 a
2520 4441 2725 4511 Spiritu
2755 4448 2945 4497 sancto
2978 4440 3199 4501 factum,
3231 4445 3291 4491 ut
3322 4435 3413 4505 qui
3446 4449 3478 4488 a

1909 4547 2005 4588 sua
2035 4543 2225 4588 natura
2252 4533 2305 4588 id
2334 4548 2440 4589 non
2469 4542 2654 4603 posset
2678 4531 2921 4596 efﬁcere;
2948 4528 3133 4584 adha‘c
3159 4527 3345 4591 etiam,
3378 4525 3479 4580 hoc

1910 4626 2087 4695 ipsum
2122 4638 2283 4693 posse
2315 4635 2598 4680 conterere
2633 4622 2915 4685 Satanam,
2948 4620 3102 4689 quasi
3137 4620 3203 4674 ab
3240 4618 3345 4673 alio
3378 4616 3476 4671 da—

1907 4725 2040 4780 tum,
2073 4715 2268 4785 vixque
2299 4714 2439 4769 dono
2468 4711 2776 4782 acceptum?
2808 4711 2867 4767 Si
2901 4712 3067 4782 igitur
3099 4724 3204 4765 non
3236 4710 3478 4780 ignoras,

1907 4820 2165 4875 separare
2205 4804 2465 4875 Spiritum
2507 4820 2539 4859 a
2578 4804 2761 4860 divina
2803 4803 2921 4873 ejus
2964 4812 3188 4865 natura,
3232 4797 3479 4867 turpissi-

1911 4912 2058 4950 mum
2086 4896 2391 4951 habendum
2420 4909 2540 4951 esse
2566 4895 2794 4960 crimen,
2819 4902 2874 4949 et
2898 4892 3116 4962 quidem
3138 4889 3281 4959 jure,
3310 4888 3479 4959 ipsius

1906 4985 2093 5056 procul
2123 4987 2283 5042 dubio
2315 4985 2551 5057 Spiritus
2580 4994 2683 5051 est,
2711 4994 2772 5041 ut
2801 4985 2891 5054 qui
2920 4999 3017 5055 per
3041 4982 3367 5041 ineffabilem
3395 4980 3476 5050 ip-

1907 5078 2021 5132 sius
2054 5086 2300 5132 naturam
2337 5077 2611 5145 procedat,
2647 5083 2703 5132 et
2735 5075 2836 5146 ipsi
2869 5074 2941 5131 sit
2973 5070 3475 5138 consubstantialis,

296 5260 343 5291 "
376 5258 568 5314 Matth.
600 5273 637 5321 ι,
665 5260 753 5313 20.
831 5260 878 5292 ⁷⁰
910 5259 926 5313 l
959 5259 1099 5313 Tim.
1137 5274 1220 5325 ιιι,
1250 5258 1332 5312 lli.
1409 5258 1450 5288 ⁷¹
1484 5256 1671 5310 Matth.
1704 5270 1803 5321 ιιι,

1908 5294 1922 5309 .
2000 5257 2044 5288 τ’
2078 5255 2232 5311 Joan.
2267 5273 2304 5324 ι,
2330 5256 2418 5313 52.
2498 5254 2543 5289 ⁷³
2569 5253 2689 5311 Act.
2726 5270 2767 5322 ι,
2802 5256 2857 5311 2.

1484 5429 1645 5486 ANT.
1686 5429 1959 5487 AGELLII
1999 5430 2225 5488 NOTAE.

299 5593 436 5666 (24)_
458 5590 550 5666 Sic
576 5588 984 5666 distinguendus
1015 5588 1227 5644 videtur
1255 5586 1422 5666 locus.
1454 5593 1514 5638 ut
1556 5592 1678 5665 apte
1706 5600 1798 5666 ea:

224 5657 321 5715 dat
371 5657 437 5714 a'd
472 5657 705 5714 Nestorii
751 5657 1072 5713 Sententiam
1107 5672 1122 5708 :
1157 5657 1404 5720 quamvis
1447 5657 1680 5720 pessima
1730 5657 1801 5710 sit

227 5728 537 5794 distinctio,
567 5738 621 5785 ct
656 5737 843 5785 contra
873 5742 1029 5783 usum
1072 5723 1360 5787 Ecclesiae;
1404 5737 1563 5791 quam
1608 5723 1797 5780 distin-

1905 5590 2137 5644 ctionem
2165 5588 2434 5656 improbat
2473 5586 2705 5657 Cyrillus
2737 5601 2858 5658 pag.
2900 5585 3022 5652 105,
3054 5592 3108 5642 et
3132 5580 3473 5642 ecclesiasti-

1905 5672 2021 5714 cam
2054 5673 2116 5716 ac
2144 5658 2417 5728 vulgatam
2456 5657 2717 5727 sequitur.
