3956 6496
527 397 626 461 485

524 527 577 571 et
607 518 677 572 ita
712 517 934 572 minime
965 515 1197 588 indiguit
1228 517 1431 572 virtute
1459 518 1527 572 ab
1556 531 1621 572 eo
1651 518 1808 582 data,
1841 527 2090 588 tanquam
2121 519 2166 577 Α

520 620 747 663 externa
786 621 840 664 et
881 610 1098 664 aliunde
1136 609 1307 665 ascita
1345 627 1361 665 :
1400 609 1497 664 sed
1533 617 1718 664 utetur
1752 611 1929 678 potius
1969 620 2091 665 tan-

522 713 683 767 quam
727 701 945 769 proprio
990 700 1212 769 Spiritu,
1254 710 1308 754 et
1347 716 1443 769 per
1477 700 1649 769 ipsum
1696 700 1989 757 terribilem
2032 717 2093 758 se

527 792 807 846 daamoniis
832 793 1097 847 ostendet.
1126 792 1219 846 Sin
1251 793 1343 845 tibi
1374 792 1550 860 placet
1573 808 1667 849 eos
1694 795 1784 863 qui
1814 804 2089 863 separant,

528 884 823 951 impietatis
856 883 1083 938 crimine
1114 884 1379 939 immunes
1410 884 1762 951 pronuntiare
1794 885 2094 952 :quomodo

528 975 686 1030 nobis
712 974 912 1030 dudum
942 989 1035 1031 eos
1064 972 1291 1043 injurias
1317 973 1621 1043 appellans,
1651 983 1834 1042 postea
1865 974 2092 1043 teipsum

531 1064 583 1120 in
608 1079 795 1121 eorum
819 1078 1099 1120 numerum
1120 1064 1322 1119 referre
1337 1078 1445 1120 non
1466 1065 1669 1119 sentis?
1691 1066 1956 1133 siquidem
1979 1065 2098 1121 uni-

530 1165 644 1210 tum
667 1157 817 1212 earni
842 1156 968 1211 illud
988 1170 1053 1211 ex
1078 1156 1186 1210 Deo
1209 1154 1366 1209 Patre
1384 1153 1619 1211 Verbum
1644 1157 1789 1211 velut
1813 1171 1977 1212 unum
2000 1158 2097 1212 ali-

531 1260 687 1314 quem
715 1260 746 1299 e
771 1255 955 1301 nostro
979 1260 1228 1311 numero,
1252 1255 1305 1301 et
1327 1245 1600 1316 vulgarem
1628 1260 1870 1315 prorsus,
1898 1246 2097 1303 auxilio

531 1338 705 1392 sancti
734 1336 968 1405 Spiritus
994 1337 1285 1408 indiguisse
1311 1337 1466 1400 dicis,
1501 1345 1560 1391 ut
1586 1338 1841 1393 terribilis
1866 1338 2099 1394 immun-

533 1429 615 1483 dis
674 1424 830 1499 105
889 1428 1169 1498 spiritibus
1220 1426 1549 1483 videretur:
1614 1443 1736 1482 nam
1787 1430 1999 1485 etiamsi
2044 1430 2098 1485 in

535 1520 737 1588 Spiritu
778 1521 869 1575 Dei
896 1520 1029 1575 dicit
1056 1534 1116 1575 se
1146 1519 1348 1590 ejicere
1401 1520 1686 1585 daemonia,
1719 1538 1897 1577 annon
1932 1522 2099 1590 ipsam

535 1612 804 1667 sermonis
831 1613 1280 1680 dispensationem
1320 1613 1453 1668 satis
1491 1614 1860 1669 admirabilem
1919 1615 2102 1671 videre

535 1702 821 1770 oportuit?
852 1701 1156 1757 Iudaeorum
1190 1704 1331 1757 enim
1368 1704 1534 1758 duces
1563 1719 1684 1758 cum
1715 1703 1898 1773 gloriae
1934 1706 2101 1760 nostri

540 1788 838 1847 Salvatoris
869 1793 1192 1860 inviderent,
1224 1804 1277 1847 et
1307 1793 1359 1847 in
1396 1809 1516 1847 eum
1543 1808 1605 1848 os
1630 1792 1948 1848 el'i'renntum
1977 1811 2099 1865 ape-

537 1883 730 1943 rirent,
784 1881 1163 1937 obtrectabant
1205 1880 1469 1946 infelices,
1520 1891 1827 1935 asserentes
1876 1896 1998 1937 eum
2048 1883 2100 1935 in

539 1966 837 2024 Beelzebub
879 1970 1121 2039 principe
1153 1970 1536 2024 dannoniorum
1578 1970 1779 2039 ejicere
1819 1971 2101 2027 dmnmnia.

543 2058 637 2114 Ille
673 2075 822 2125 vero,
862 2061 1021 2115 insita
1055 2075 1184 2131 erga
1224 2075 1413 2116 omnes
1453 2074 1581 2116 usus
1605 2062 2011 2131 tranquillitate,
2049 2071 2106 2115 ut

539 2163 804 2217 errantes,
829 2161 987 2221 atque
1017 2152 1116 2221 ipsi
1147 2152 1403 2207 dicaciler
1434 2152 1721 2207 detrahere
1744 2150 2002 2217 volentes,
2039 2153 2107 2207 ad

542 2243 819 2297 meliorem
867 2258 1085 2297 sensum
1140 2258 1204 2298 ac
1245 2244 1532 2297 veritatem
1569 2245 1739 2313 ipsam
1779 2245 2103 2309 traduceret,

541 2330 766 2401 gloriam
802 2341 1011 2400 partam
1050 2348 1117 2386 ex
1157 2332 1209 2385 vi
1259 2334 1571 2389 conterendi
1611 2332 1867 2388 Satanam
1910 2333 1985 2387 illi
2024 2348 2108 2387 se-

543 2425 778 2479 cundum
811 2432 1057 2477 naturam
1090 2423 1200 2479 Deo
1246 2424 1426 2491 potius
1456 2422 1753 2489 tribuebat,
1801 2426 1854 2479 in
1902 2425 2105 2494 Spiritu

544 2515 636 2569 Dei
690 2515 875 2568 dicens
935 2528 993 2568 se
1038 2512 1313 2582 improbos
1375 2514 1596 2583 spiritus
1645 2514 1880 2583 ejicere;
1938 2529 2110 2583 neque

540 2603 776 2672 seipsum
827 2600 1099 2671 abnegans
1136 2599 1303 2656 Deum
1344 2614 1466 2656 esse
1497 2603 1794 2656 secundum
1836 2611 2104 2668 naturam,

542 2704 598 2747 et
642 2694 904 2763 Spiritum
948 2703 1195 2748 sanctum
1263 2694 1540 2764 proprium
1588 2693 1788 2747 habere
1837 2708 2106 2748 asserens.

544 2780 650 2840 Sed
697 2784 823 2854 quia
864 2784 1219 2853 congruebat,
1267 2794 1325 2839 et
1381 2783 1563 2838 divino
1607 2781 1840 2838 artiiicio
1889 2783 2108 2854 dignum

544 2886 661 2929 erat
705 2875 1102 2942 parricidarum
1148 2875 1245 2930 ira:
1284 2878 1498 2939 cedere,
1531 2882 1586 2931 et
1619 2874 1895 2930 hominum
1928 2873 2019 2945 qui
2056 2874 2110 2928 in

545 2977 612 3023 eo
658 2964 1108 3032 oliondebantur,
1159 2966 1476 3023 occasiones
1524 2965 1852 3035 prmcidere;
1903 2966 2113 3021 adorie-

544 3060 740 3116 bantur
781 3060 948 3125 enim,
981 3060 1224 3115 dicentes
1256 3078 1271 3114 :
1304 3077 1323 3111 ι
1353 3059 1431 3115 De
1464 3059 1605 3117 bono
1633 3073 1796 3129 opere
1838 3076 1945 3116 non
1978 3060 2114 3131 lapi-

545 3155 734 3209 damus
768 3162 840 3218 te,
873 3153 968 3208 sed
1020 3155 1085 3207 de
1127 3152 1487 3222 blasphemia,
1523 3153 1650 3222 quia
1697 3160 1753 3207 tu
1795 3153 1957 3208 homo
1985 3168 2107 3207 cum
2135 3174 2182 3237 ο

548 3245 643 3309 sis,
674 3242 809 3297 facis
851 3244 1080 3313 teipsum
1122 3242 1291 3298 Deum
1311 3240 1397 3308 τις
1437 3261 1456 3294 ι
1494 3241 1633 3298 hanc
1661 3243 1731 3297 ob
1768 3258 1989 3298 emrsam
2020 3244 2113 3298 be-

548 3334 709 3405 nigne
760 3334 1049 3389 admodum
1101 3336 1168 3388 ad
1224 3335 1500 3389 hominum
1550 3335 1726 3388 adhuc
1778 3336 2114 3399 inﬁrmorum

548 3441 765 3482 sensum
810 3442 871 3484 se
920 3440 1269 3496 componens,
1305 3426 1397 3482 Dei
1431 3425 1691 3496 Spiritum
1726 3426 1922 3495 inquit,
1969 3428 2120 3480 novit

549 3518 692 3571 enim
728 3519 917 3587 probe,
968 3526 1026 3571 ut
1051 3517 1161 3586 jam
1193 3518 1325 3583 dixi,
1373 3518 1630 3588 seipsnm'
1656 3531 1778 3573 esse
1814 3533 1879 3573 ex
1924 3525 2117 3571 natura

551 3602 718 3664 Deum
755 3606 914 3664 simul
961 3622 1082 3663 cum
1109 3604 1292 3671 Patre,
1325 3614 1380 3663 et
1425 3606 1607 3663 omnia
1638 3622 1759 3678 quae
1791 3606 1933 3662 illius
1971 3613 2113 3670 sunt,

552 3715 611 3755 se
651 3698 871 3763 habere,
911 3709 1270 3769 praeterquam
1322 3700 1374 3753 id
1429 3696 1599 3754 solum
1633 3697 1776 3768 quod
1810 3708 1893 3753 est
1933 3697 2114 3752 Pater.

553 3791 740 3863 Itaque
775 3793 938 3849 etiam
976 3793 1190 3848 dicebat
1228 3792 1295 3849 ad
1332 3792 1480 3847 illum
1515 3812 1528 3848 :
1564 3814 1581 3843 ‹
1613 3793 1803 3847 Omnia
1846 3805 1987 3855 mea,
2032 3803 2117 3845 tua

553 3893 697 3949 sunt,
731 3893 785 3939 et
820 3894 907 3938 tua
945 3897 1087 3952 mea,
1125 3893 1179 3938 et
1209 3883 1538 3953 gloriﬁcatus
1572 3898 1692 3937 sum
1727 3883 1778 3936 in
1822 3882 1956 3951 ipsis
1978 3882 2061 3947 ⁷⁶;
2096 3902 2114 3933 ο

554 3987 609 4033 et
641 3977 706 4031 ad
745 3991 843 4032 nos
876 3977 1020 4046 ipsos
1062 3990 1182 4030 cum
1211 3976 1277 4030 de
1311 3972 1513 4045 Spiritu
1555 3983 1742 4029 sancto
1772 3975 1935 4029 verba
1970 3974 2119 4027 iace-

554 4079 638 4122 ret
668 4087 681 4122 :
722 4085 741 4120 ι
770 4066 984 4131 Omnia,
1019 4068 1217 4137 inquit,
1243 4083 1361 4137 quae
1389 4068 1552 4122 liabet
1581 4066 1766 4129 Pater,
1803 4080 1920 4120 mea
1946 4075 2072 4119 sunt
2104 4084 2115 4118 :

555 4167 838 4227 propterea
872 4155 982 4211 dixi
1019 4158 1170 4211 vobis
1203 4158 1330 4226 quia
1374 4155 1443 4211 de
1486 4171 1606 4211 meo
1633 4156 1882 4225 accipiet,
1936 4165 1990 4210 et
2034 4171 2123 4209 an-

557 4248 825 4303 nuntiabit
852 4242 1088 4302 vobis“.
1124 4266 1141 4298 ι
1178 4244 1246 4301 Ut
1273 4248 1416 4301 enim
1450 4247 1689 4315 procedit
1720 4260 1783 4301 ex
1814 4244 1976 4301 Patre
1999 4246 2124 4314 Spi-

558 4344 691 4395 ritus
738 4351 978 4405 sanctus,
1022 4354 1143 4393 cum
1192 4339 1264 4393 sit
1298 4340 1469 4409 ipsius
1499 4338 1795 4395 secundum
1846 4346 2119 4402 naturam,

558 4435 744 4488 eodem
777 4447 990 4503 quoque
1015 4432 1171 4486 modo
1196 4446 1291 4501 per
1317 4433 1488 4501 ipsum
1517 4432 1734 4498 Filium,
1764 4446 1885 4486 cum
1911 4431 1981 4486 sit
2002 4431 2121 4499 ejus

559 4499 1145 4591 naturaliter,—ipsique
1175 4499 1671 4578 consu—bstanlialis.
1706 4522 1847 4589 Ergo
1873 4522 2120 4590 quamvis
2155 4499 2198 4553 D

559 4631 654 4683 per
685 4610 946 4683 Spiritum
970 4610 1327 4681 gloriﬁcetur,
1361 4614 1475 4681 ipse
1524 4624 1704 4667 tamen
1733 4613 1968 4682 seipsum
1999 4620 2123 4665 tan—

558 4721 717 4774 quam
755 4719 852 4775 per
890 4706 1163 4774 proprium
1218 4702 1476 4773 Spiritum
1515 4704 1823 4771 gloriﬁcare
1870 4700 2125 4770 intelligi-

561 4803 683 4862 tur;
716 4811 891 4866 neque
934 4812 998 4851 ea
1052 4811 1140 4851 res
1174 4795 1248 4849 illi
1291 4795 1630 4850 extrinsecus
1681 4792 1920 4856 advenit,
1961 4792 2123 4846 etiam

442 4885 448 4891 ’
559 4887 602 4940 si
636 4884 828 4940 factus.
848 4884 1010 4939 homo
1039 4883 1212 4940 nostri
1240 4882 1435 4938 similis
1462 4882 1728 4937 videatur.
1756 4880 2124 4937 Periculosum

562 4983 643 5029 est
670 4982 847 5030 autem
876 4976 942 5029 ad
976 4976 1078 5029 hoc
1103 4974 1265 5028 etiam
1305 4970 1434 5026 illud
1469 4972 1651 5027 dicere
1677 4972 1743 5027 de
1778 4980 1971 5026 sancto
2002 4970 2121 5040 Spi-

561 5069 691 5131 ritu,
720 5067 811 5133 qui
840 5081 1058 5120 carnem
1094 5065 1264 5135 ipsius
1293 5060 1470 5119 eﬂecit
1505 5064 1760 5130 templum
1791 5081 1806 5117 :
1841 5072 1960 5117 erat
1982 5066 2126 5118 enim

562 5168 690 5210 caro
720 5156 934 5223 propria
963 5151 1145 5218 Verbi,
1200 5156 1360 5224 idque
1391 5152 1552 5224 paulo
1581 5164 1708 5208 ante
1755 5154 1872 5223 ipse
1916 5154 2129 5209 confes—
2170 5150 2173 5151 ⁷

564 5262 654 5298 sus
694 5260 787 5309 es;
828 5245 995 5313 ipsius
1038 5246 1182 5299 enim
1228 5261 1351 5301 esse
1398 5246 1787 5299 humanitatem
1829 5244 2037 5310 dixisti,
2074 5254 2129 5300 et

564 5337 822 5405 templum
854 5336 1022 5403 ipsius
1050 5335 1146 5390 fuit
1180 5347 1427 5390 sanctum
1458 5336 1585 5391 illud
1619 5351 1817 5405 corpus
1842 5351 1905 5392 ex
1939 5347 2127 5392 sancta

567 5426 787 5497 Virgine
832 5435 1126 5496 sumptum.
1161 5423 1320 5498 106
1344 5426 1599 5497 Proprius
1639 5427 1770 5483 item
1819 5429 1994 5498 ipsius
2042 5429 2131 5483 ille

565 5524 683 5589 rius
711 5518 966 5589 Spiritus,
1000 5534 1172 5589 neque
1198 5534 1435 5588 unquam
1468 5519 1598 5576 illud
1624 5521 1721 5577 Dei
1753 5520 1989 5577 Verbum
2016 5521 2131 5576 sine

569 5629 665 5672 suo
697 5616 904 5684 Spiritu
938 5613 1273 5684 intelligitur.
1307 5612 1533 5669 Praestat
1559 5613 1723 5684 igitur
1745 5627 1809 5670 ac
1836 5612 2132 5683 sapientius

640 5786 685 5823 "
718 5785 872 5847 Joan.
910 5805 964 5857 ι,
1008 5790 1095 5844 55.
1130 5790 1174 5823 ⁷⁵
1211 5787 1361 5845 Juan.
1401 5804 1534 5856 xvu,
1574 5789 1657 5843 10.
1735 5790 1778 5822 ⁷⁸
1814 5788 1966 5845 Joan.
2006 5804 2115 5855 xvi,
2149 5789 2229 5869 l5.

1507 400 1563 457 S.
1606 396 1878 457 CYBILLI
1915 396 2385 456 ALEXANDRINI
2423 398 2746 456 ARCHlEP.

3666 405 3833 462 186

2198 518 2387 583 κότως,
2424 516 2589 571 αὐτοῦ
2619 516 2861 587 δηλονότι
2890 516 2951 569 τὸ
2974 515 3198 586 Πνεῦμά
3219 517 3387 583 ἐστιν,
3416 518 3491 581 ὡς
3516 518 3582 571 δι’
3605 521 3827 590 αὐτῆς

2194 606 2380 677 προϊὸν
2411 606 2507 675 τῆς
2555 606 2871 676 ἀπορρήτου
2904 604 3118 673 φύσεως
3148 605 3336 669 αὐτοῦ,
3365 607 3461 660 καὶ
3489 608 3831 677 όμοούσιον

2193 699 2359 769 αὐτῷ,
2390 700 2483 752 καὶ
2513 698 2611 751 οὐκ
2640 697 2706 751 ἂν
2731 698 2926 768 ἐδεήθη
2961 697 3210 768 καθάπερ
3256 698 3402 763 τινὸς
3438 699 3541 768 τῆς
3573 698 3823 766 ἐξωθέν

2192 806 2251 842 τε
2286 790 2373 843 καὶ
2401 789 2645 857 ἐπακτῆς
2678 788 2961 859 δυνάμεως
2989 787 3089 857 τῆς
3115 789 3244 859 παρ’
3274 790 3440 844 αὐτοῦ
3458 806 3472 820 ·
3507 791 3824 861 χρήσεται

2193 880 2248 933 δὲ
2277 881 2477 950 μᾶλλον
2497 878 2570 943 ὡς
2600 880 2715 950 ἰδίῳ
2743 879 3044 949 Πνεύματι,
3073 880 3167 933 καὶ
3193 879 3425 950 φοὸερὸν
3448 880 3644 935 ἑαυτὸν
3661 883 3816 941 τοῖς

2195 971 2446 1042 δαίμοσιν
2477 973 2749 1040 ἀποφανεῖ
2770 969 2836 1022 δι’
2864 968 3050 1023 αὐτοῦ.
3083 969 3150 1024 Et
3179 969 3235 1023 δέ
3268 988 3349 1024 σοι
3375 970 3527 1023 δοκεῖ
3555 970 3669 1024 τῶν
3693 974 3814 1033 εὶς

2196 1064 2513 1119 δυσσέϐειαν
2535 1061 2896 1133 ἐγκλημάτων
2920 1062 3241 1130 ἀποφαίνειν
3256 1062 3629 1132 ἦμοιρηκότας
3646 1062 3809 1124 τοὺς

2198 1155 2620 1225 ἀποτέμνοντας,
2658 1153 2775 1217 πῶς
2808 1154 2940 1223 ἡμῖν
2971 1153 3172 1224 ἀρτίως
3202 1152 3465 1224 ὑϐριστὰς
3485 1153 3810 1223 ὀνομάζεις

2200 1246 2309 1318 Ila.
2336 1239 2641 1316 ὠνόμαζες]
2686 1242 2915 1311 αὐτούς;
2953 1239 3083 1296 Εἶτα
3111 1240 3324 1307 τούτοις
3362 1244 3561 1297 σαυτὸν
3588 1242 3805 1314 ἐναρε-

2200 1341 2358 1412 θμιον
2390 1341 2489 1392 οὐκ
2518 1325 2749 1409 αἰσθάνῃ
2783 1336 2973 1402 ποιῶν,
3011 1336 3168 1407 ειπερ
3196 1336 3461 1391 ἑνωθέντα
3492 1337 3662 1407 σαρκὶ
3686 1336 3808 1387 τὸν

2200 1433 2264 1485 ὲκ
2295 1430 2430 1484 Θεοῦ
2458 1429 2671 1500 Πατρὸς
2700 1429 2891 1495 Λόγον,
2929 1426 3179 1498 καθάπερ
3207 1428 3302 1481 ἕνα
3343 1428 3465 1481 τινά
3498 1428 3612 1479 τῶν
3642 1425 3766 1479 καθ
3791 1426 3810 1446 ‘

2201 1523 2368 1592 ἡμᾶς,
2396 1520 2491 1573 καὶ
2514 1516 2691 1573 κοινὸν
2730 1517 2934 1581 ἁπλῶς,
2960 1516 3057 1587 τῆς
3085 1515 3180 1570 τοῦ
3209 1517 3523 1586 Πνεύματος
3552 1518 3805 1568 ἐπικου-

2204 1615 2325 1689 ρίας
2372 1612 2653 1683 δεδεῆσθαι
2700 1612 2826 1682 φὴς,
2862 1611 2948 1663 ἵνα
3006 1609 3234 1680 φοϐερὸς
3282 1611 3395 1672 τοῖς
3439 1609 3803 1678 ἀκαθάρτοις

2203 1710 2375 1777 ὀρῳτο
2408 1702 2729 1774 πνεύμασιν.
2755 1704 2819 1754 Ei
2848 1702 2956 1770 γὰρ
2984 1702 3075 1754 καὶ
3102 1702 3158 1753 ὲν
3188 1700 3464 1770 Πνεύματι
3494 1700 3634 1752 Θεοῦ
3668 1716 3801 1768 φη-

2207 1821 2292 1855 σιν
2329 1798 2521 1854 ἑαυτὸν
2548 1798 2829 1852 ἐκϐάλλειν
2853 1797 2922 1850 τὰ
2957 1796 3232 1866 δαιμόνια,
3269 1795 3384 1857 πῶς
3407 1795 3508 1847 οὐκ
3540 1792 3651 1845 ἔδει
3688 1789 3803 1843 τοῦ

2205 1894 2362 1963 λόγου
2389 1890 2485 1961 τὴν
2511 1888 2822 1959 οἰκονομίαν
2846 1887 3171 1955 ἀξιάγαστον
3197 1880 3360 1937 οὖσαν
3385 1883 3514 1935 ἰδεῖν
3535 1898 3549 1946 ;
3579 1882 3646 1934 Οἱ
3682 1881 3800 1949 μὲν

2206 1985 2313 2056 γὰρ
2337 1984 2447 2039 τῶν
2479 1980 2744 2036 Ἰουδαίων
2772 1978 3103 2048 καθηγηταὶ,
3129 1978 3196 2047 τῇ
3224 1975 3317 2028 τοῦ
3340 1974 3592 2043 Σωτῆρικ
3623 1969 3802 2041 ἡμῶν

2208 2074 2424 2145 εὐκλείᾳ
2456 2071 2889 2142 διεφθονηκότες,
2920 2068 3013 2121 καὶ
3044 2067 3324 2120 ἀπύλωτον
3362 2066 3448 2117 ἐπ’
3471 2061 3623 2130 αὐτῷ
3655 2061 3800 2113 διοι-

2207 2168 2429 2236 γνύντες
2457 2162 2650 2234 στόμα,
2680 2160 3087 2230 κατεφλυάρουν
3119 2159 3169 2210 οί
3200 2157 3444 2217 δείλαιοι,
3475 2154 3800 2221 φάσκοντες

2209 2259 2265 2310 ὲν
2296 2252 2625 2317 Βεελζεϐοὺλ
2664 2252 2883 2322 ἄρχοντι
2917 2245 3027 2300 τῶν
3060 2244 3352 2315 δαιμονίων
3397 2240 3687 2294 ἐκϐάλλειν
3720 2239 3799 2291 τὰ

2208 2346 2477 2413 δαιμόνια.
2518 2343 2576 2395 '0
2608 2342 2663 2394 δὲ
2708 2344 2774 2410 τῇ
2822 2337 3046 2409 ὲμφύτῳ
3080 2336 3217 2407 πρὸς
3265 2335 3510 2395 ἅπαντας
3546 2330 3799 2400 γαληνόο

2211 2454 2329 2507 τητι
2362 2432 2718 2504 κεχρημένος,
2751 2432 2842 2483 καὶ
2874 2427 3133 2498 μεθιστὰς
3158 2429 3282 2488 τοὺς
3308 2421 3795 2491 πεπλανημένους,

2211 2528 2374 2599 ἦγουν
2423 2525 2812 2595 ἀθυροστομεῖν
2855 2520 3137 2582 ἐθέλοντας
3180 2517 3266 2571 ἐπ’
3312 2515 3491 2584 αὐτῷ,
3528 2514 3669 2584 πρὸς
3731 2510 3803 2563 τὸ

2211 2619 2433 2689 ἄμεινόν
2464 2633 2526 2669 τε
2554 2614 2648 2667 καὶ
2675 2611 2895 2682 ἀληθὲς,
2922 2610 3042 2680 Θεῴ
3067 2608 3131 2679 δὴ
3174 2606 3372 2678 μᾶλλον
3406 2603 3485 2675 τῷ
3512 2602 3656 2654 κατὰ
3687 2600 3800 2667 φύ-

2214 2730 2316 2774 σιν,
2341 2709 2439 2779 τὴν
2478 2707 2570 2761 ὲπί
2602 2720 2664 2774 γε
2692 2704 2771 2774 τῷ
2796 2701 3055 2757 δύνασθαι
3086 2696 3391 2769 συντρίϐειν
3414 2693 3506 2747 τὸν
3534 2692 3797 2746 Σατανᾶν

2213 2799 2446 2857 ἀνετίθει
2470 2797 2659 2862 δόξαν,
2688 2797 2749 2848 ὲν
2774 2792 3056 2861 Πνεύματι
3081 2788 3217 2843 Θεοῦ
3254 2787 3428 2856 λέγων
3457 2785 3525 2838 τὰ
3570 2782 3799 2852 πονηρά

2212 2892 2426 2948 διώκειν
2460 2890 2778 2960 πνεύματα⁹
2812 2887 2905 2939 καὶ
2945 2885 3046 2937 οὐκ
3094 2882 3201 2946 ἔξω
3246 2880 3413 2943 τιθεὶς
3448 2875 3642 2929 ἑαυτὸν
3691 2871 3798 2925 τοῦ

2216 2984 2357 3040 κατά
2385 2982 2546 3053 φύσιν
2572 2977 2709 3034 εἶναι
2737 2978 2889 3041 Θεὸν,
2918 2975 3012 3028 καὶ
3045 2975 3174 3027 ίδιον
3202 2972 3345 3042 ἔχειν
3369 2970 3431 3022 τὸ
3467 2966 3697 3035 Πνεῦμα
3734 2962 3803 3015 τὸ

2218 3075 2390 3145 ἅγιον.
2425 3072 2645 3142 Ἐπειδὴ
2670 3071 2727 3124 δὲ
2752 3066 2819 3139 ἦν
2853 3066 3166 3130 ἀκόλουθον,
3198 3065 3295 3117 καὶ
3330 3057 3672 3130 θεοπρεποῦς
3702 3056 3801 3107 εύ-

2213 3167 2425 3238 τεχνίας
2454 3164 2625 3228 ἀξιον,
2651 3161 2748 3223 τὰς
2780 3160 2886 3213 τῶν
2925 3156 3209 3228 φονώντων
3232 3151 3553 3221 ὑποτρέχειν
3585 3146 3797 3238 ὀργὰς,

2219 3237 2313 3313 καὶ
2347 3258 2442 3320 τὰς
2474 3256 2582 3308 τῶν
2612 3253 2697 3306 ἐπ’
2718 3249 2868 3320 αὑτῷ
2899 3244 3396 3315 σκανδαλιζομὲνων
3436 3237 3801 3310 περικόπτειν

2218 3347 2504 3419 ἀφορμάς·
2539 3342 2839 3411 ἐπεφύοντο
2892 3340 3000 3410 γὰρ
3056 3337 3337 3405 λέγοντες’
3385 3350 3403 3382 ι
3432 3329 3567 3399 Περὶ
3616 3324 3799 3379 καλοῦ

2220 3418 2380 3512 ἔργου
2407 3440 2468 3493 οὐ
2503 3432 2791 3506 λιθάζομέν
2827 3446 2908 3496 σε,
2950 3429 3087 3485 ἀλλὰ
3131 3428 3256 3498 περὶ
3293 3420 3675 3495 βλασφημίαςο
3706 3418 3800 3512 ὅτι

2222 3509 2306 3598 σὺ,
2330 3532 2610 3603 ἄνθρωπος
2630 3527 2727 3589 ὢν,
2751 3526 2920 3587 ποιεῖς
2948 3520 3171 3577 σεαυτὸν
3191 3518 3343 3571 Θεόνο
3358 3534 3376 3567 ι
3395 3513 3564 3582 ταύτῃ
3588 3528 3674 3564 τοι
3697 3509 3800 3562 καὶ

2222 3623 2360 3692 ἄγαν
2383 3620 2635 3685 ἀστείως,
2661 3622 2775 3681 τοῖς
2803 3612 3121 3669 ἀσθενοῦσιν
3143 3610 3223 3664 ἔτι
3258 3605 3796 3677 συγκαθιστάμενος,

2220 3712 2354 3766 Θεοῦ
2377 3712 2437 3764 τὸ
2460 3707 2677 3778 πνεῦμά
2701 3722 2863 3776 φησιν
2881 3722 2894 3734 ο
2923 3701 3032 3756 οἶδε
3063 3700 3174 3771 γὰρ
3196 3695 3355 3785 οἶδεν,
3376 3697 3450 3761 ὡς
3478 3696 3635 3764 ἔφην,
3663 3694 3797 3745 ἐαυ-

2219 3805 2314 3858 τὸν
2366 3804 2497 3857 ὄντα
2544 3800 2703 3870 φύσει
2760 3798 2891 3849 Θεὸν
2937 3793 3074 3863 ὁμοῦ
3123 3792 3202 3861 τῷ
3258 3789 3651 3859 γεγεννηκότι,
3696 3785 3799 3837 καὶ

2222 3898 2400 3951 πάντα
2438 3894 2630 3963 ἔχοντα
2660 3889 2844 3955 αὑτοῦ,
2890 3888 3009 3956 δίχα
3057 3884 3220 3954 μόνου
3256 3881 3351 3935 τοῦ
3394 3877 3530 3932 εἶναι
3573 3877 3793 3946 Πατήρ.

2222 3989 2512 4058 Τοιγάρτοι
2553 3985 2647 4037 καὶ
2679 3983 2883 4051 ἔφασκε
2941 3978 3076 4050 πρὸς
3111 3976 3304 4037 αὐτὸν,
3344 3993 3363 4026 ι
3394 3974 3474 4027 ὅτι
3510 3970 3694 4025 Πάντα
3720 3968 3799 4020 τὰ

2223 4080 2352 4150 ὲμά,
2378 4078 2447 4131 σά
2474 4079 2615 4137 ἐστι,
2647 4074 2740 4126 καὶ
2764 4072 2836 4124 τὰ
2863 4070 2950 4131 σὰ,
2976 4068 3110 4138 ἐμά·
3140 4066 3231 4119 καὶ
3256 4063 3578 4150 δεδόξασμαι
3607 4061 3665 4150 ὲν
3695 4060 3799 4150 αὑ-

2221 4148 2352 4234 τοῖς.
2385 4188 2402 4219 ι
2446 4167 2554 4220 Καὶ
2594 4164 2730 4236 πρός
2775 4179 2838 4230 γε
2884 4161 3029 4230 ἡμᾶς
3069 4156 3263 4218 αὐτοὺς
3313 4152 3441 4221 περὶ
3485 4148 3581 4204 τοῦ
3633 4148 3795 4216 ἁγίου

2224 4259 2539 4329 Πνεῦματος
2569 4256 2694 4317 τοὺς
2721 4250 2911 4321 λόγους
2940 4247 3278 4316 ποιούμενος,
3316 4261 3336 4294 ι
3368 4242 3573 4329 Πάντα,
3601 4237 3795 4307 φησιν,

2223 4351 2323 4403 ὅσα
2352 4326 2463 4417 ἔχει
2496 4346 2526 4398 ό
2570 4343 2778 4414 Πατὴρ,
2813 4340 2923 4410 ἐμά
2949 4342 3099 4392 ἐστι·
3130 4336 3218 4388 διὰ
3250 4333 3406 4388 τοῦτο
3439 4326 3593 4383 εἶπον
3636 4329 3793 4396 ὑμῖν,

2224 4442 2305 4494 ὅτι
2332 4441 2397 4492 ἐκ
2425 4436 2520 4490 τοῦ
2549 4434 2683 4506 ἐμοῦ
2725 4431 2954 4503 λήψεται
2980 4429 3074 4482 καὶ
3115 4425 3404 4495 ἀναγγελεῖ
3434 4424 3579 4493 ὑμῖν.
3610 4440 3627 4470 ι
3661 4419 3797 4470 ’Ὡσ-

2226 4544 2332 4602 περ
2360 4530 2471 4600 γὰρ
2497 4527 2742 4599 πρόεισιν
2770 4527 2835 4577 ὲκ
2863 4522 2955 4576 τοῦ
2980 4520 3191 4591 Πατρὸς
3219 4518 3280 4571 τὸ
3310 4516 3533 4583 Πνεῦμα
3554 4513 3616 4565 τὸ
3636 4512 3796 4579 ἅγιον

2225 4622 2389 4676 αὐτοῦ
2416 4619 2556 4674 κατά
2587 4617 2747 4686 φύσιν
2776 4614 3046 4684 ὑπάρχον·
3075 4611 3169 4665 καὶ
3199 4608 3342 4663 κατὰ
3364 4607 3456 4661 τὸν
3480 4606 3593 4659 ίσον
3617 4602 3794 4669 τούτῳ

2224 4714 2423 4785 τρόπον
2460 4711 2555 4763 καλ⁹
2582 4710 2649 4762 δι’
2689 4705 2854 4761 αὑτοῦ
2890 4704 2984 4758 τοῦ
3020 4701 3174 4767 Υίοῦ,
3220 4699 3462 4769 φυσικῶς
3505 4696 3564 4749 ὃν
3598 4694 3790 4758 αὑτοῦ,

2228 4802 2320 4856 καὶ
2345 4800 2629 4872 όμοούσιον
2676 4795 2845 4866 αὐτῷ.
2870 4792 3080 4848 Οὐκοῦν
3108 4790 3210 4846 κᾶν
3246 4788 3535 4858 δοξάζηται
3570 4785 3660 4838 διὰ
3697 4785 3794 4837 τοῦ

2228 4891 2575 4961 Πνεύματος,
2614 4886 2776 4949 αὐτὸς
2825 4883 3034 4948 ἑαυτὸν,
3070 4882 3145 4945 ὡς
3191 4880 3259 4934 δι’
3304 4879 3433 4932 ἰδίου
3479 4875 3794 4946 Πνεύματος

2228 4984 2424 5035 νοεῖται
2446 4977 2705 5043 δοξάζων,
2730 4976 2825 5029 καὶ
2848 4976 2946 5045 οὐχ
2971 4974 3046 5037 ὼς
3069 4971 3301 5043 θύραθεν
3322 4970 3384 5023 τὸ
3407 4969 3598 5040 χρῆμα
3626 4967 3790 5036 αὐτῷ,

2233 5071 2339 5124 κᾶν
2368 5071 2418 5123 εί
2448 5068 2621 5139 ὁρῷτο
2671 5064 2913 5134 γεγονὼς
2944 5062 3229 5134 ἄνθρωπος
3274 5059 3399 5114 καθ’
3426 5059 3594 5129 ἡμᾶς.
3638 5055 3792 5109 Ἀνα-

2235 5159 2458 5229 σφαλεὶς
2490 5159 2602 5230 [ίσ.
2642 5154 2993 5227 Ἀνασφαλὲς]
3028 5154 3083 5207 δὲ
3109 5154 3243 5224 πρὸς
3271 5151 3445 5221 τούτῳ
3474 5151 3694 5204 κάκεῖνο
3720 5150 3792 5200 εί-

2234 5252 2352 5304 πεῐν
2381 5247 2510 5319 περὶ
2537 5248 2630 5301 τοῦ
2664 5246 3009 5317 Πνεύματος,
3048 5243 3130 5309 τὸ,
3160 5243 3261 5314 τὴν
3288 5242 3466 5313 σάρκα
3494 5242 3591 5311 τὴν
3636 5239 3794 5292 αὑτοῦ

2232 5338 2596 5410 πεποιημένον
2634 5338 2793 5391 ναόν⁸
2836 5332 2906 5406 ἦν
2951 5335 3049 5405 μὲν
3078 5333 3184 5405 γὰρ
3208 5334 3241 5403 ἡ
3269 5331 3407 5404 σὰρξ
3434 5331 3540 5385 ίδία
3576 5326 3670 5385 τοῦ
3696 5330 3785 5382 Δόο

2235 5446 2353 5497 γου,
2387 5429 2484 5483 καὶ
2528 5426 2685 5481 τοῦτο
2726 5428 2858 5496 ἡμῖν
2905 5424 3106 5495 ἀρτίως
3143 5423 3555 5494 διωμολόγηκας
3603 5421 3789 5483 αὑτός·

2234 5518 2398 5572 αὐτοῦ
2442 5518 2550 5588 γὰρ
2593 5517 2727 5587 ἔφης
2759 5512 3028 5585 εἶναιτὴν
3077 5514 3503 5584 ἁνθρωπότητα,
3538 5514 3629 5566 καὶ
3677 5512 3789 5576 ναὸς

2234 5609 2395 5664 αὑτοῦ
2432 5609 2831 5680 κεχρημάτικεν
2880 5607 2936 5660 τὸ
2971 5608 3035 5662 ὲκ
3070 5608 3163 5677 τῆς
3194 5605 3354 5675 ἁγίας
3402 5604 3676 5674 Παρθένου
3706 5602 3768 5674 λη
