4088 6474
242 413 361 468 ἰδὸ

1290 411 1661 468 ADVERSUS
1694 410 2095 467 NESTORIUM
2135 411 2259 468 LIB.
2302 412 2391 468 IV.

3403 388 3503 476 186

242 526 386 594 φθὲν
430 526 587 594 ἆγιον
632 527 815 595 σῶμα·
852 526 983 578 ἴδιον
1014 524 1071 577 δὲ
1109 524 1270 578 πάλιν
1308 527 1473 580 αὐτοῦ
1516 528 1577 580 τὸ
1616 531 1836 599 Πνεῦμα

1942 538 2023 582 est
2056 528 2258 593 dicere,
2313 542 2509 597 corpus
2552 530 2765 597 quidem
2805 531 3059 599 templum
3092 546 3211 586 esse
3246 534 3401 588 Verbi
3449 545 3505 589 et

239 616 457 679 αὑτοῦ,
507 616 601 670 καὶ
646 615 745 669 οὐκ
798 614 865 669 ἂν
898 617 1069 668 νοοῖτο
1108 615 1325 669 πώποτε
1380 617 1500 687 δίχα
1556 618 1649 671 τοῦ
1703 620 1832 671 ίδίου

244 705 571 775 ιΙνεῦματος
597 706 626 759 ὁ
668 710 733 761 ἐκ
769 706 903 760 Θεοῦ
960 706 1170 776 Πατρδς
1208 707 1396 775 Λόγος.
1428 709 1687 779 ’Ἄμεινον
1739 705 1834 763 οὖν

239 800 359 867 ἄρα
400 800 495 851 καὶ
538 797 866 867 σοφώτερον,
912 799 1040 852 ναὸν
1076 797 1175 869 μὲν
1221 798 1314 852 τοῦ
1364 799 1536 869 Λόγου
1570 800 1630 853 τὸ
1675 801 1833 870 σῶμα

238 887 455 956 λέγειν,
486 889 583 943 καὶ
618 889 754 942 ἰδίαν
787 887 954 941 αὑτοῦ
985 889 1081 960 τὴν
1107 888 1319 959 σάρκα·
1351 889 1627 942 πιστεύειν
1666 889 1722 942 δὲ
1750 890 1831 944 ὅτι

244 980 505 1033 σύνεστιν
549 980 637 1033 ἀεὶ
674 978 752 1051 τῷ
783 980 942 1048 Λόγῳ
970 978 1032 1032 τὸ
1082 977 1305 1049 Πνεῦμα
1341 980 1527 1044 αὑτοῦ,
1579 979 1833 1051 καθάπερ

238 1072 449 1141 ἀμέλει
495 1071 587 1125 καὶ
617 1069 764 1140 αὐτῷ
790 1070 869 1141 τῷ
904 1070 1098 1141 Πατρί.
1125 1070 1239 1123 οὐκ
1272 1069 1571 1141 ἀμώμητον
1601 1071 1658 1124 δὲ
1694 1071 1831 1143 πρὸς

236 1160 425 1229 τούτῳ
475 1161 643 1230 φαίην
683 1161 770 1227 διν,
810 1158 891 1226 τὸ,
933 1160 1008 1223 ὼς
1051 1160 1139 1211 ἐπ’
1180 1157 1467 1229 ἀνθρώπου
1513 1158 1693 1214 κοινοῦ
1732 1160 1830 1231 τὴν

237 1252 519 1322 ἀνάληψιν
566 1251 716 1323 αὐτῷ
743 1252 843 1322 τὴν
873 1253 953 1315 είς
1002 1249 1231 1323 οὐρανὸν
1276 1250 1614 1322 δεδωρῆσθαι
1646 1251 1829 1319 λέγειν

238 1343 400 1414 παρὰ
428 1342 524 1396 τοῦ
570 1341 918 1413 Πνεῦματοςο
950 1342 1266 1406 ἐπιλέκτους
1308 1342 1407 1412 μὲν
1442 1342 1549 1413 γὰρ
1595 1344 1830 1396 ἐποιεῖτο

235 1436 371 1505 τοὺς
404 1432 653 1505 μαθητὰς
680 1434 768 1487 διὰ
799 1433 895 1486 τοῦ
941 1434 1100 1501 ἁγίου
1149 1434 1466 1503 Πνεῦματος
1486 1474 1502 1497 ,
1551 1433 1826 1506 ἀνελήφθη

236 1544 308 1595 γε
345 1529 453 1597 μὴν
480 1528 555 1592 ὡς
578 1526 710 1590 Θεός
727 1544 741 1559 ο
768 1528 866 1597 οὐχ
897 1527 972 1590 ὡς
1003 1527 1134 1597 παρ’
1162 1528 1350 1597 ἑτέρου
1376 1526 1526 1580 δοτὸν
1552 1527 1614 1580 τὸ
1640 1526 1827 1597 χρῆμα

233 1616 428 1672 λαϐὼν
453 1634 467 1647 ·
524 1618 685 1682 αὐτὸς
732 1616 791 1671 δὲ
827 1617 891 1687 δὴ
934 1616 1133 1688 μᾶλλον
1185 1617 1510 1688 πρωτόλειον
1544 1619 1733 1688 ὥσπερ
1774 1636 1826 1671 τι

233 1709 342 1779 τῆς
392 1709 743 1780 ἀνθρωπίνης
789 1709 1003 1777 φύσεως
1048 1709 1445 1778 ἀνανεωθείσης
1488 1712 1565 1773 είς
1608 1710 1821 1783 ἀφθαρ.

236 1804 368 1857 σίαν
401 1801 540 1873 (25),
563 1800 881 1872 ὲμφανὶσων
910 1801 1102 1854 ἑαυτὸν
1130 1799 1208 1870 τῷ
1233 1800 1351 1870 Θεῷ
1378 1800 1473 1852 καὶ
1504 1801 1698 1871 Πατρὶ,
1733 1802 1823 1853 καὶ

1937 618 2204 688 propriam
2248 618 2415 687 ipsius
2456 633 2673 672 carnem
2708 637 2721 672 :
2764 622 2988 675 credere
3029 622 3156 674 item
3191 624 3289 691 ipsi
3327 625 3502 680 Verbo

1934 722 2146 776 semper
2203 708 2395 762 adesse
2447 707 2706 777 Spiritum
2751 708 2941 778 ipsius,
2989 720 3045 764 ut
3099 712 3260 764 etiam
3320 715 3501 782 procul

1935 796 2100 851 dubio
2146 795 2316 852 Patri.
2369 798 2450 853 Ad
2495 800 2610 855 lttec
2659 815 2833 869 neque
2875 799 3006 856 illud
3053 802 3263 867 quidem
3312 818 3504 858 vacare

1934 887 2087 956 culpa
2126 887 2377 953 dixerim,
2425 889 2571 958 quod
2607 896 2861 958 tanquam
2916 890 2982 946 de
3016 891 3287 946 communi
3321 892 3502 961 vulga-

1934 978 2090 1047 rique
2113 979 2330 1034 homine
2345 978 2442 1044 ait,
2470 980 2897 1049 assumptionem
2920 982 2971 1035 in
2997 983 3191 1035 emtum
3216 982 3316 1051 ipsi
3338 982 3501 1036 fuisse

1933 1069 2073 1123 dono
2100 1071 2280 1124 datam
2310 1085 2339 1123 a
2378 1070 2584 1140 Spiritu
2621 1088 2634 1125 :
2668 1086 2791 1125 nam
2820 1072 2982 1143 elegit
3013 1074 3229 1143 quidem
3259 1074 3499 1144 discipu-

1933 1158 2013 1214 los
2044 1173 2140 1228 per
2181 1157 2445 1229 Spiritum
2481 1168 2730 1216 sanetum
2753 1161 2822 1226 ⁷⁷,
2866 1163 2960 1216 sed
2990 1173 3302 1231 assumptus
3332 1173 3412 1219 cst
3445 1172 3503 1217 ut

1932 1249 2096 1316 Deus,
2125 1266 2230 1304 non
2261 1250 2414 1319 quasi
2461 1264 2580 1305 eam
2618 1265 2730 1306 rem
2759 1252 2827 1305 ab
2852 1251 2956 1306 alio
2987 1252 3167 1307 datam
3213 1254 3498 1323 acceperit,

1930 1342 2027 1395 sed
2054 1347 2113 1393 ut
2141 1339 2257 1408 ipse
2294 1339 2474 1409 potius
2502 1339 2664 1394 veluti
2693 1340 2946 1409 primitia:
2973 1342 3215 1412 quaedam
3250 1343 3501 1398 humanae

1930 1442 2136 1486 naturae
2166 1432 2219 1486 in
2255 1430 2716 1500 incorruptionem
2745 1442 3012 1487 renovatae
3050 1435 3287 1504 seipsum
3320 1444 3499 1489 osten-

1928 1523 2079 1578 deret
2119 1522 2229 1579 Deo
2259 1533 2313 1579 et
2346 1520 2513 1588 Patri,
2558 1531 2614 1578 et
2657 1523 2813 1578 nobis
2840 1524 3080 1579 initiaret
3117 1525 3258 1579 viam
3302 1541 3497 1580 novam

1926 1624 1980 1670 et
2032 1616 2340 1681 viventem,
2399 1613 2791 1685 ingredientem
2858 1616 2910 1669 in
2969 1617 3223 1669 interiora
3276 1616 3500 1671 velami-

1927 1709 2012 1764 nis
2032 1708 2102 1773 ’⁸,
2132 1725 2151 1759 ι
2185 1721 2291 1777 quo
2327 1719 2631 1776 prmcursor
2653 1719 2749 1775 pro
2777 1705 2927 1759 nobis
2970 1706 3244 1776 ingressus
3269 1721 3392 1762 esse
3420 1708 3497 1761 di-

1926 1801 2105 1866 citur,
2153 1796 2448 1854 secundum
2511 1797 2756 1851 ordinem
2811 1795 3200 1852 Melchisedech
3250 1797 3495 1867 pontifex

233 1895 373 1965 ἡμῖν
400 1862 727 1961 ἐγκαινίζων
750 1892 869 1945 ὁδὸν
900 1862 1210 1962 πρόσφατον
1236 1862 1334 1943 καί
1360 1889 1563 1955 ζῶσαν,
1592 1862 1693 1943 καὶ,
1716 1892 1823 1943 εἰσ·

1928 1889 2103 1944 t‘actus
2147 1889 2200 1944 in
2250 1899 2511 1942 aeternum
2535 1888 2602 1941 '9.
2638 1907 2657 1940 ι
2710 1888 2765 1943 ln
2814 1889 3089 1957 superiora
3132 1898 3312 1943 autem
3346 1890 3495 1946 eunti

232 1984 545 2055 ερχομένην
580 1983 660 2046 είς
704 1981 764 2034 τὸ
821 1980 1087 2051 ἐσώτερον
1145 1981 1238 2033 τοῦ
1291 1981 1821 2051 καταπετάσματος,

238 2093 259 2127 ι
287 2077 424 2129 ὅπου
455 2074 762 2145 πρόδρομος
786 2073 922 2142 ὑπὲρ
945 2072 1102 2142 ἡμῶν
1125 2071 1386 2124 είσελθεϊν
1413 2072 1651 2140 λέγεται,
1682 2072 1821 2125 κατὰ

230 2166 337 2237 τὴν
365 2166 521 2230 τάξιν
548 2164 878 2233 Μελχισεδὲκ
917 2164 1208 2234 ἀρχιερεὺς
1247 2162 1539 2232 γενόμενος
1567 2163 1646 2225 είς
1691 2163 1817 2225 τοὺς

232 2258 461 2320 αίῶνας.
489 2275 507 2308 ι
539 2257 661 2309 Ὀτι
689 2256 746 2308 δὲ
777 2256 912 2326 πρὸς
939 2256 1008 2309 τὰ
1034 2254 1147 2308 ἄνω
1178 2254 1445 2324 βαδίζοντι
1472 2253 1549 2322 τῷ
1577 2252 1818 2324 Χριστῷ,

232 2349 407 2402 πάλιν
431 2348 735 2418 ὲνυπῆρχεν
756 2348 830 2410 ῶς
860 2346 992 2399 ἴδιον
1017 2345 1181 2400 αὐτοῦ
1212 2345 1272 2398 τὸ
1299 2344 1523 2412 Πνεῦμα
1554 2344 1615 2397 τὸ
1642 2345 1819 2412 ἅγιον,

231 2437 337 2489 οὐκ
375 2437 441 2489 ἂν
472 2434 761 2488 ὲνδοιάσειέ
793 2452 898 2497 τις.
925 2433 1049 2497 Πῶς
1081 2431 1174 2486 οὖν
1210 2434 1271 2486 οῦ
1317 2433 1514 2497 δέδιας,
1545 2434 1663 2486 είπέ
1707 2450 1818 2503 μοι,

233 2528 418 2595 λέγειν
433 2525 661 2580 ’(Τοῦτο
686 2526 750 2597 δὴ
775 2525 835 2578 τὺ
859 2525 1190 2596 τηλικαύτην
1213 2524 1433 2596 Χριστῷ
1456 2525 1822 2596 χαρισάμενον

231 2621 418 2685 δόξαν,
438 2616 674 2688 Χριστοῦ
704 2618 1170 2681 κατασκευάζουσι
1200 2616 1437 2671 δοῦλον.»
1472 2619 1533 2671 Ol
1569 2617 1667 2687 μὲν
1702 2615 1822 2670 δοῦ-

235 2712 330 2764 λον
360 2709 493 2764 αὐτὸ
520 2709 1021 2774 κατασκευάζοντες
1058 2708 1152 2761 τοῦ
1181 2707 1438 2779 Χριστοῦ,
1469 2707 1820 2762 δυσσεϐοῦσιν

231 2798 707 2869 ὁμολογουμένως,
731 2798 826 2850 καὶ
854 2796 1015 2849 αὑτὸν
1044 2794 1372 2866 ἀτιμάζουσι
1412 2794 1503 2848 τὸν
1532 2794 1820 2864 ὁμοούσιον

234 2890 391 2962 αὐτῷ
433 2890 554 2961 Θεῷ
597 2890 790 2957 Λόγον,
830 2890 944 2951 τοῖς
975 2886 1367 2956 δουλοπρεπέσι
1402 2885 1817 2956 περιϐάλλοντες

237 2981 462 3051 ἰιέτροις
504 2977 565 3032 τὸ
598 2978 731 3049 παρ’
754 2975 921 3031 αὐτοῦ
961 2993 1022 3030 τε
1074 2976 1168 3029 καὶ
1206 2976 1265 3027 ἐν
1290 2973 1438 3045 αὐτῷ
1468 2976 1608 3028 κατὰ
1636 2974 1816 3044 φύσιν,

232 3073 334 3125 καὶ
373 3072 505 3124 ἴδιον
536 3069 734 3125 αὐτοῦ’
762 3068 905 3122 τὸδὲ
951 3068 1270 3138 κεχαρίσθαι
1312 3067 1491 3136 λέγειν
1532 3068 1681 3138 αὐτῷ
1719 3069 1821 3138 τὴν

1925 1983 2143 2037 Christo
2171 1982 2355 2034 itidem
2397 1979 2636 2034 adfuisse
2663 1979 2924 2048 Spiritum
2959 1988 3203 2034 sanctum
3237 1989 3493 2050 tanquam

1926 2072 2095 2142 ipsius
2123 2072 2420 2140 proprium,
2455 2086 2612 2125 nemo
2648 2084 2882 2138 unquam
2914 2071 3170 2141 ambigat.
3202 2071 3313 2125 Cur
3339 2086 3490 2139 ergo,

1923 2165 2011 2219 die
2038 2162 2187 2227 mihi,
2213 2175 2320 2216 non
2359 2161 2595 2215 metuisti
2629 2161 2809 2215 dicere
2844 2178 2857 2214 :
2888 2178 2905 2210 ι
2929 2159 3080 2214 llune
3113 2175 3242 2229 ergo
3263 2162 3351 2229 qui
3378 2170 3495 2214 tan-

1928 2268 2033 2310 tam
2082 2256 2303 2310 Christo
2336 2254 2560 2323 largitus
2607 2264 2690 2308 est
2738 2253 2983 2322 gloriam,
3019 2252 3225 2308 Christi
3275 2266 3492 2306 servum

1923 2346 2197 2401 ellieiuut?
2238 2365 2257 2397 ι
2293 2344 2427 2399 Nam
2457 2345 2546 2414 qui
2584 2345 2731 2399 illum
2771 2344 2976 2401 Christi
3026 2358 3238 2399 servum
3269 2343 3492 2409 faciunt,

1925 2456 2028 2492 non
2061 2439 2280 2493 dubium
2329 2447 2410 2492 est
2452 2436 2579 2506 quin
2615 2436 2725 2491 sint
2765 2436 2938 2506 impii,
2974 2445 3029 2490 ct
3072 2436 3245 2505 ipsum
3279 2450 3494 2505 quoque

1925 2530 1998 2584 illi
2052 2528 2515 2585 eonsubslantiale
2551 2526 2647 2581 Dei
2698 2525 2932 2580 Verbum
2978 2526 3328 2592 dedecorent,
3368 2542 3492 2580 cum

1923 2622 2072 2677 illum
2100 2622 2190 2691 qui
2223 2629 2306 2675 est
2328 2621 2396 2675 ab
2427 2621 2564 2688 ipso,
2596 2628 2648 2674 et
2678 2619 2730 2672 in
2756 2619 2872 2687 ipso
2901 2620 3195 2673 secundum
3222 2628 3493 2681 naturam,

1921 2723 1977 2769 et
2028 2714 2199 2782 ipsius
2250 2712 2523 2782 proprius,
2582 2710 2764 2767 servili
2811 2725 3064 2766 mensura
3112 2709 3491 2765 cireumdent:

1922 2815 2291 2862 verumtamen
2329 2805 2429 2873 ipsi
2470 2819 2499 2857 a
2528 2803 2737 2874 Spiritu
2774 2803 2914 2856 dono
2951 2801 3132 2855 datam
3177 2799 3343 2856 fuisse
3381 2802 3495 2868 glo-

1922 2900 2056 2954 riam
2106 2897 2310 2961 dicere,
2361 2907 2618 2953 extrema:
2656 2895 2901 2950 stultitia:
2941 2895 3198 2949 indicium
3244 2903 3325 2948 est
3377 2894 3491 2947 evi-
3550 2896 3564 2903 ”

1920 2988 2074 3042 deus.
2117 2987 2195 3039 Ae
2234 2985 2592 3055 nequidquam
2633 2984 2689 3037 in
2717 2984 2819 3037 hoc
2853 2990 3082 3045 nugatus
3112 2996 3230 3037 esse
3265 2983 3493 3051 depren-

1924 3078 2090 3143 deris,
2134 3085 2189 3132 ct
2226 3076 2343 3145 ejus
2384 3076 2461 3129 rei
2501 3076 2816 3146 mysterium
2868 3074 3092 3127 minime
3140 3072 3491 3136 intellexisse,

230 3164 394 3228 δόξαν
418 3162 568 3233 παρὰ
588 3161 681 3215 τοῦ
704 3160 1039 3231 Πνεῦματος,
1055 3159 1380 3230 ἀϐελτηρίας
1403 3160 1520 3212 ἐστὶ
1541 3159 1643 3228 τῆς
1662 3160 1820 3230 ἐσχά-

1926 3172 2036 3225 ἱιηο
2069 3185 2200 3224 vero
2231 3169 2325 3224 tibi
2368 3168 2467 3238 ipsi
2503 3177 2558 3224 et
2607 3167 2833 3229 sentire,
2885 3174 2938 3220 et
2981 3164 3163 3220 dicere
3195 3165 3489 3218 contraria.

229 3271 334 3325 της
366 3252 639 3317 ἀπόδειξις
669 3252 921 3324 ἐναργής.
953 3252 1088 3321 Εἰκῆ
1116 3251 1172 3303 δὲ
1200 3250 1383 3321 ἀλώσῃ
1412 3250 1815 3321 πεφλυαρηκὼς

1924 3263 2054 3316 Nam
2109 3261 2154 3316 si
2202 3260 2379 3315 credis
2418 3260 2593 3329 ipsum
2650 3259 2911 3324 Verbum,
2958 3272 3080 3312 cum
3136 3256 3278 3311 Deus
3322 3263 3488 3319 esset,

233 3350 296 3400 ὲν
324 3346 519 3415 τούτῳ.
563 3345 657 3397 καὶ
688 3343 749 3397 τὸ
778 3342 865 3396 ἐπ’
887 3342 1035 3412 αὐτῷ
1069 3344 1366 3414 μυστήριον
1397 3343 1459 3395 οὐ
1508 3342 1778 3413 νενοηκὼς
1799 3361 1811 3373 ο

148 3478 153 3483 η
238 3438 443 3508 μᾶλλον
463 3437 518 3491 δὲ
536 3435 717 3507 σαυτῷ
737 3437 832 3489 καὶ
853 3434 1063 3505 φρονῶν
1088 3436 1180 3488 καὶ
1208 3434 1382 3503 λέγων
1403 3435 1472 3488 τὰ
1493 3435 1730 3488 ἐναντία.
1753 3436 1814 3488 Ei

234 3530 347 3600 γὰρ
391 3529 761 3591 πεπίστευκας
787 3528 867 3580 ὅτι
902 3525 1034 3589 Θεὸς
1066 3525 1144 3578 ὦν
1173 3530 1201 3579 ὁ
1232 3526 1399 3594 Λόγος
1430 3526 1619 3595 γέγονε
1650 3525 1811 3594 σάρξ·

235 3620 406 3676 αὑτοῦ
440 3622 548 3692 γὰρ
577 3619 714 3690 ἔφης
742 3613 883 3672 εἶναι
910 3619 1011 3689 τὴν
1040 3618 1468 3688 ἀνθρωπότητα·
1498 3617 1550 3670 τί
1584 3618 1676 3671 τὸν
1715 3618 1816 3687 τῆς

234 3713 395 3782 δόξης
432 3711 651 3781 Κύριον,
678 3709 753 3773 ῶς
787 3711 887 3763 οῦκ
918 3710 1111 3780 ἔχοντα
1141 3708 1299 3773 δόξαν
1335 3708 1495 3771 ἰδίαν,
1534 3709 1630 3777 τῆς
1664 3707 1815 3778 παρὰ

233 3803 334 3857 τοῦ
368 3802 674 3871 Πνεῦματος
706 3801 989 3873 δεδεῆσθαι
1023 3802 1127 3871 φὴς
1147 3840 1162 3863 ,
1206 3799 1302 3854 καὶ
1339 3800 1400 3851 ὲν
1437 3803 1549 3862 τοῖς
1579 3800 1677 3869 τῆς
1704 3800 1818 3852 κτί-

236 3912 376 3958 σεως
416 3892 746 3963 καταλογίζῃ
783 3892 1023 3962 μέτροις,
1115 3892 1291 3945 πάντα
1321 3890 1471 3942 ἐστὶν
1504 3888 1707 3953 ἔξωθεν
1750 3890 1817 3943 τὰ

236 3983 346 4055 [Ῐσ.
378 3980 579 4049 ἔξωθέν
603 3980 687 4053 τε]
724 3982 816 4033 καὶ
844 3981 1005 4047 δοτά;
1038 3998 1056 4030 ι
1088 3981 1153 4033 Τί
1186 3980 1294 4051 γὰρ
1329 3980 1495 4050 ἔχεις,
1520 3979 1548 4032 ὃ
1572 3980 1671 4032 οὐκ
1696 3979 1819 4033 ἔλα·

233 4076 349 4138 ὗες,
380 4093 399 4124 ι
429 4075 630 4143 πρέποι
653 4072 718 4126 ἂν
741 4072 972 4125 ἀκοῦσαι
994 4075 1060 4143 τῇ
1085 4071 1279 4125 κτίσει.
1306 4070 1468 4123 Ἀλλὰ
1490 4071 1601 4136 ναὶ,
1631 4072 1816 4140 φησὶν,

236 4168 475 4237 εὑρίσκω
502 4156 730 4233 λέγοντα
772 4165 863 4217 τὸν
899 4163 1271 4235 Ἐμμανουήλ·
1301 4182 1320 4216 ι
1358 4164 1566 4233 Πάτερ,
1595 4163 1819 4231 δόξασόν

236 4279 331 4312 σου
366 4260 457 4312 τδν
492 4259 638 4311 Υίόν.
670 4279 687 4309 ο
723 4258 954 4323 Οὐκοῦν,
986 4256 1271 4329 προστίθει
1309 4256 1370 4309 τὸ
1412 4257 1622 4309 λεῖπον⁵
1661 4255 1819 4308 τοῦτο

233 4352 287 4404 δὲ
310 4354 487 4414 ἐστιν,
524 4370 542 4402 ι
570 4350 690 4403 Ἵνα
728 4351 820 4403 καὶ
847 4352 875 4402 ό
904 4349 1029 4412 Υἱός
1071 4366 1166 4401 σου
1203 4345 1403 4418 δοξάσῃ
1440 4364 1520 4400 σε.
1549 4367 1568 4399 ι
1621 4349 1682 4400 Ei
1720 4348 1819 4417 μὲν

234 4442 309 4504 ὡς
350 4441 509 4509 δόξης
552 4441 741 4494 ἐπιδεᾶ
784 4440 883 4509 τῆς
919 4439 1071 4510 παρὰ
1108 4440 1317 4511 Πατρὸς
1366 4438 1613 4507 ἐφίεσθαι
1659 4438 1815 4506 δόξης

1920 3355 2117 3409 factum
2146 3367 2271 3408 esse
2295 3367 2514 3406 carnem
2546 3350 2736 3421 (ipsius
2766 3350 2905 3403 enim
2949 3364 3070 3403 esse
3101 3348 3490 3402 humanitatem

1918 3442 2162 3512 dixisti),
2217 3456 2316 3495 cur
2374 3440 2519 3493 illum
2570 3439 2753 3509 gloria:
2804 3437 3128 3502 Dominum,
3179 3437 3331 3505 quasi
3382 3452 3489 3489 non

1920 3534 2115 3589 habeat
2146 3548 2319 3597 suam,
2345 3532 2516 3600 gloria
2546 3548 2574 3583 a
2607 3531 2812 3600 Spiritu
2840 3531 2962 3584 data
2985 3530 3121 3585 dicis
3155 3529 3452 3598 indiguisse
3472 3570 3487 3590 ,

1918 3636 1971 3681 et
2011 3641 2133 3680 eum
2188 3625 2331 3678 intra
2383 3636 2668 3678 mensuras
2715 3630 2996 3690 computas
3034 3633 3317 3685 creaturae,
3366 3636 3489 3688 qua:

1919 3713 2100 3768 omnia
2140 3712 2485 3766 extrinsecus
2526 3712 2713 3777 habet,
2742 3722 2903 3778 atque
2934 3710 3172 3764 donata?
3209 3710 3489 3765 Crcaturze

1920 3820 2152 3875 namque
2181 3804 2370 3858 audire
2408 3802 2666 3856 convenit
2693 3818 2710 3858 :
2746 3819 2765 3853 ι
2796 3802 2937 3869 Quid
2969 3802 3113 3855 enim
3157 3802 3323 3855 habes
3343 3802 3488 3869 quod

1919 3911 2025 3949 non
2063 3895 2315 3963 accepisti
2334 3894 2423 3947 “°?
2449 3912 2467 3944 ι
2510 3895 2581 3947 At
2609 3894 2777 3957 enim,
2817 3893 3013 3963 inquit,
3064 3894 3273 3959 reperio
3313 3893 3485 3960 ipsum

1918 3984 2234 4040 Emmanuel
2288 3984 2559 4039 dicentem
2619 4000 2633 4035 :
2691 4000 2709 4033 ι
2744 3981 2942 4048 Pater,
2997 3982 3236 4051 gloriﬁea
3296 3982 3488 4036 Filium

1922 4089 2067 4133 tuum
2097 4095 2111 4144 ;
2144 4096 2162 4128 ι
2218 4090 2348 4145 ergo
2401 4074 2571 4142 adiice
2620 4074 2910 4139 reliquum,
2962 4075 3066 4128 hoe
3106 4083 3188 4127 est
3220 4092 3231 4124 :
3269 4092 3287 4123 ς
3326 4073 3393 4127 Ut
3437 4084 3493 4127 et

1919 4170 2085 4225 Filius
2136 4179 2257 4222 tuus
2302 4165 2566 4237 gloriﬁeet
2611 4175 2660 4221 te
2682 4166 2750 4220 ⁸³.
2785 4185 2803 4218 ι
2840 4166 2994 4235 ιθῚ
3024 4164 3155 4218 Nam
3204 4167 3247 4219 si
3296 4164 3490 4218 Filium

1918 4262 2070 4333 quasi
2113 4261 2295 4329 gloria:
2343 4260 2695 4327 indigentem,
2743 4275 2772 4311 τι
2828 4258 2989 4311 Patre
3028 4266 3218 4324 optare
3264 4257 3489 4323 gloriam

1920 4355 2180 4415 atlirmas,
2223 4352 2352 4422 quid
2395 4352 2608 4405 tandem
2641 4351 2790 4405 dices
2823 4365 2943 4404 eum
2989 4350 3320 4419 gloriﬁcatur
3347 4348 3488 4402 idem

1921 4449 2079 4503 l’ater
2118 4464 2147 4500 a
2202 4446 2375 4500 Filio?
2405 4445 2540 4499 Num
2587 4446 2658 4498 ita
2698 4443 3053 4514 gloriﬁcatur,
3081 4442 3233 4511 quasi
3263 4443 3488 4512 glorianti

233 4532 545 4602 διισχυρίζῃ
592 4530 683 4583 τὸν
715 4530 863 4596 Υίὸν,
916 4529 969 4582 τί
1029 4548 1157 4582 ποτε
1193 4530 1300 4599 ἄρα
1334 4529 1461 4599 φὴς,
1488 4530 1614 4582 ὅταν
1664 4528 1817 4592 δοξά-

1924 4558 2026 4594 nou
2062 4538 2281 4602 habeat,
2311 4546 2403 4591 aut
2432 4538 2500 4591 ab
2535 4536 2642 4589 alio
2667 4535 2771 4590 sibi
2803 4534 2966 4589 tribui
3007 4533 3284 4601 indigeat?
3309 4532 3492 4601 Apage

240 4638 397 4690 σηται
432 4620 527 4672 καὶ
550 4617 712 4683 αὐτὸς
744 4621 772 4673 ό
804 4620 992 4692 Πατὴρ
1019 4620 1169 4693 παρὰ
1198 4620 1290 4674 τοῦ
1324 4620 1477 4684 Υἱοῦ,
1506 4616 1596 4691 ἆρ’
1622 4620 1698 4681 ῶς
1729 4619 1814 4671 δό-

238 4708 331 4774 ξαν
359 4711 459 4762 οὐκ
497 4707 659 4779 ἔχων,
692 4709 724 4781 ἢ
756 4710 852 4781 τῆς
885 4710 1013 4781 παρ’
1035 4712 1220 4783 ἑτέρου
1249 4712 1601 4784 δεδεημένος;
1635 4712 1814 4781 ἄπαγε

234 4804 333 4874 τῆς
367 4802 721 4866 δυσϐουλίας·
763 4802 1016 4874 τερθρεία
1067 4804 1176 4875 γὰρ
1217 4804 1317 4875 ἤδη
1360 4807 1518 4858 ταυτὶ
1551 4804 1645 4859 καὶ
1692 4806 1816 4857 ἀνο-

239 4893 422 4962 σιότης
450 4893 693 4961 ἐννοιῶν,
724 4895 816 4947 καὶ
840 4895 1029 4965 ἕτερον
1051 4895 1224 4950 οὐδέν.
1262 4895 1325 4949 Ἦ
1354 4897 1452 4966 μὲν
1476 4897 1583 4967 γὰρ
1609 4896 1728 4949 θεία
1754 4913 1813 4948 τε

240 4984 329 5036 καὶ
352 4985 458 5039 τῶν
480 4985 617 5038 ὅλων
641 4986 899 5040 ἐπέκεινα
927 4986 1163 5056 φύσεων,
1194 4988 1307 5058 φῶς
1332 4990 1624 5061 ἀπρόσιτον
1651 4990 1812 5053 οἰκεῖ,

238 5075 328 5127 καὶ
363 5075 772 5141 κατεξουσιὰζει
796 5077 906 5132 τῶν
946 5080 1103 5143 ὅλων,
1138 5080 1414 5147 καὶδόξαν
1445 5081 1682 5150 ἀνῆπται
1715 5080 1813 5151 τὴν

234 5166 372 5237 αὐτῇ
396 5186 454 5220 τε
482 5168 576 5221 καὶ
604 5168 744 5241 μόνῃ
772 5171 1228 5243 πρεπωδεστάτην
1250 5189 1263 5204 ·
1291 5172 1477 5245 ἐπειδὴ
1501 5174 1558 5226 δὲ
1590 5172 1810 5241 γέγονεν

301 5344 486 5418 "ﬁet.
509 5363 545 5412 Ι,
574 5348 608 5400 ‘2
658 5366 807 5418 seqq,

885 5350 928 5381 ⁷⁸
958 5350 1119 5406 llebr.
1157 5368 1210 5419 π,
1241 5352 1310 5408 9.0
1341 5366 1491 5421 seqq.

236 5430 316 5481 rt,
344 5416 428 5469 16.

1568 5354 1615 5382 ὀ
1646 5351 1808 5406 Hebr.
1854 5368 1927 5411 \‘l,
1957 5351 2045 5406 20.
2130 5350 2175 5380 ⁸⁰
2206 5348 2225 5403 Ι
2253 5349 2375 5404 Cor.
2417 5365 2488 5415 tv,
2524 5350 2570 5402 7.
2650 5350 2691 5380 ³¹
2724 5347 2877 5405 Joan.
2919 5365 3052 5415 xvn,
3086 5350 3133 5402 l.

1922 4632 1989 4683 ab
2026 4629 2130 4683 isto
2173 4627 2314 4680 malo
2351 4626 2579 4680 consilio
2614 4642 2626 4677 :
2659 4638 2814 4692 nugae
2844 4633 2972 4678 sunt
3023 4624 3155 4687 haec,
3190 4631 3244 4677 et
3288 4622 3491 4687 cogita-

1925 4724 2127 4775 tionmn
2163 4718 2433 4787 impietas,
2465 4717 2609 4770 aliud
2644 4726 2907 4784 praeterea
2946 4714 3100 4767 nihil.
3136 4713 3264 4766 Nam
3308 4713 3491 4766 divina

1926 4810 2015 4864 illa
2054 4818 2111 4862 et
2162 4809 2305 4861 ultra
2352 4821 2540 4861 omnes
2616 4806 2750 4860 alias
2793 4815 3018 4858 naturas
3062 4803 3233 4857 lucem
3273 4803 3491 4870 quidem

1928 4900 2135 4955 habitat
2181 4894 2702 4959 iuaceessibilem",
2751 4904 2805 4949 et
2854 4894 3164 4948 dominatur
3201 4892 3489 4956 universis,

1918 4998 1973 5043 et
2004 4987 2172 5057 gloria
2207 4995 2293 5041 est
2320 4985 2516 5039 amicta
2554 4984 2654 5052 ipsi
2694 4999 2756 5038 ac
2802 4981 2899 5036 soli
2930 4981 3310 5036 decentissima
3342 4996 3358 5034 :
3396 4980 3490 5034 sed

1918 5080 2043 5149 quia
2078 5077 2411 5145 unigenitum
2443 5076 2537 5131 Dei
2572 5075 2804 5130 Verbum
2846 5073 3051 5129 factum
3095 5082 3179 5126 est
3217 5072 3398 5138 homo,
3438 5080 3493 5123 et

1920 5171 2090 5235 gratia
2124 5170 2215 5223 Dei
2247 5183 2339 5238 per
2368 5180 2587 5223 carnem
2635 5181 2784 5221 suam
2821 5181 2917 5236 pro
2965 5165 3216 5219 erunibus
3264 5175 3489 5215 mortem

3214 5348 3256 5378 ⁸²
3286 5344 3306 5398 l
3347 5342 3489 5398 Tim.

1496 5573 1657 5634 ANT.
1698 5575 1969 5633 AGELLll
2006 5576 2238 5634 ΝΟΪᾸΕ.

302 5732 420 5801 (25)
454 5730 816 5801 FereAiisdem
853 5732 1032 5788 verbis
1058 5732 1247 5789 Latine
1290 5734 1425 5789 dixit
1463 5736 1654 5791 beatus
1680 5734 1807 5787 Am-

261 5798 475 5861 brosius
508 5818 520 5854 :
575 5798 795 5855 Sacrum
825 5818 1008 5856 munus
1048 5821 1142 5872 pro
1190 5807 1442 5875 omnibus,
1473 5816 1519 5861 et
1550 5808 1696 5876 quasi
1734 5821 1817 5860 re-

1918 5744 2116 5816 parato:
2141 5735 2380 5805 quadam
2409 5736 2516 5793 lilm
2559 5742 2780 5789 naturae.
2808 5732 2972 5790 Libro
3008 5734 3067 5787 de
3108 5732 3212 5802 ﬁde
3258 5745 3494 5786 rmore-

1924 5814 2130 5860 CUOMS.

2700 5950 2735 5963 ‘-
