4088 6476
583 348 684 404 187

1572 354 1631 409 S.
1675 353 1947 411 CYRILLI
2000 357 2473 415 ALEXANDRINI
2510 359 2829 419 ARClllEP.

3724 378 3829 435 188

582 470 699 513 erat
724 470 1083 531 gustaturnm,
1116 477 1169 521 et
1201 468 1455 536 templum
1505 486 1658 526 suum
1700 483 1757 528 ιιι
1787 473 1927 530 Deus
1962 477 2139 530 viviﬁ—

2260 477 2523 547 ἱνθρωπος
2560 481 2587 533 ὁ
2621 480 2917 551 μονογενὴς
2964 482 3059 536 τοῦ
3107 484 3245 540 Θεοῦ
3297 488 3472 558 Λόγος
3494 531 3508 556 ,
3540 492 3733 563 ἔμελλὲ
3762 515 3829 549 τε

583 549 777 615 ca’ndo,
821 555 1010 609 mortis
1046 556 1461 628 inexpugnabile
1496 564 1657 616 robur
1681 579 2014 631 cversurum,
2053 568 2151 621 oh-

584 643 756 696 tendit
780 644 998 712 quidem
1035 660 1250 714 precem
1288 657 1346 702 ut
1386 649 1567 715 homo,
1607 660 1661 704 ct
1709 655 2014 709 consentire
2046 655 2147 709 sibi

588 729 800 787 Patrem
829 742 1000 802 optat,
1029 750 1178 791 suam
1216 738 1384 807 ipsius
1421 749 1667 795 naturam
1712 744 1764 796 in
1796 757 1917 797 eum
1949 752 2148 799 statum

586 821 988 879 transformanti
1018 843 1124 897 quo
1162 831 1310 898 prius
1336 842 1474 893 erat,
1507 841 1561 885 et
1594 833 1660 885 ad
1686 833 2148 900 incorruptionem

589 915 887 976 renovanti,
928 928 982 972 et
1012 921 1199 975 mortis
1239 922 1449 991 laqueis
1479 926 1839 991 p0tentiorem
1884 926 2145 992 reddenti,

586 1004 761 1058 soluta
792 1007 999 1063 scilicet
1035 1013 1201 1067 veteri
1241 1014 1642 1079 maledictione,
1673 1017 2019 1086 vindictaque
2061 1018 2147 1072 illa

586 1110 705 1160 quae
738 1096 967 1163 primum
1013 1100 1243 1156 formato
1287 1105 1489 1159 homini
1533 1106 1709 1160 fuerat
1752 1108 2007 1177 irrOgata.
2043 1109 2149 1178 lgi-

589 1193 675 1236 tur
707 1186 829 1253 quia
867 1190 1027 1244 etiam
1060 1193 1182 1245 dum
1221 1195 1507 1250 videturin
1543 1212 1725 1262 carne,
1771 1208 1963 1253 natura
1997 1214 2150 1254 vere-

586 1289 690 1341 que
720 1275 889 1333 Filius
919 1280 1008 1334 Dei
1040 1298 1160 1337 esse
1197 1287 1518 1353 praedicatur
1545 1306 1561 1344 :
1592 1306 1611 1340 (
1641 1289 1916 1355 Glorilica,
1953 1291 2146 1360 inquit,

587 1375 756 1432 tuum,
788 1385 819 1423 ο
850 1370 1026 1437 Pater,
1070 1374 1281 1441 Filium,
1311 1395 1327 1428 ι
1367 1386 1619 1447 tanquam
1654 1381 1945 1449 hominem,
1974 1391 2149 1438 morte

584 1462 1037 1531 corruptioncque
1083 1467 1438 1535 potentiorem
1478 1468 1730 1537 reddens,
1763 1482 1824 1528 ut
1863 1482 1984 1530 tuus
2027 1490 2148 1529 esse

582 1550 861 1617 credatur,
895 1568 1015 1608 cum
1060 1558 1131 1611 sit
1168 1559 1273 1611 vita
1308 1574 1404 1627 per
1437 1571 1685 1618 naturam
1717 1574 1775 1619 ut
1813 1565 1973 1630 Deus,
2003 1568 2146 1636 quod

584 1635 649 1688 ad
696 1639 926 1707 propriae
977 1655 1182 1711 natura:
1234 1649 1495 1703 rationem
1548 1654 1743 1707 attinet
1787 1671 1803 1709 :
1849 1663 1958 1709 tttm
2003 1635 2146 1712 enim

586 1725 699 1792 ipse
725 1744 936 1800 quoque
967 1733 1132 1791 Filius
1170 1748 1220 1792 te
1254 1740 1596 1807 gloriﬁcabit.
1629 1744 1826 1801 Gloriae
1855 1761 2043 1802 revera
2065 1757 2149 1803 est

2250 569 2432 640 χάριτι
2468 570 2601 623 Θεοῦ
2635 572 2722 625 διὰ
2747 574 2845 641 τῆς
2882 574 3016 639 ίδίας
3048 580 3257 650 ,σαρκὸς
3286 582 3427 654 ὑπὲρ
3459 588 3661 650 παντὸς
3693 589 3827 655 γεύο

2250 658 2444 713 σασθαι
2486 660 2735 725 θανάτου,
2778 664 2873 716 καί
2923 665 3254 739 δυσάντητον
3301 673 3463 727 αὑτοῦ
3528 677 3831 747 παραλύειν

2250 750 2468 820 κράτος,
2501 752 2841 823 ζωοποιήσας
2870 755 2945 819 ὼς
2971 756 3102 821 Θεὸς
3130 759 3221 813 τὸν
3253 762 3379 817 ἴδιον
3409 765 3555 829 ναὸν,
3585 770 3831 838 σκήπτε-

2246 859 2335 893 ται
2372 842 2470 912 τὴν
2513 842 2675 913 εὐχὴν
2725 845 2797 907 ὡς
2838 846 3157 918 ἄνθρωπος,
3207 853 3300 906 καὶ
3341 857 3725 929 συνευδοκῆσαι
3772 860 3828 911 οἱ

2250 932 2499 1001 βούλεται
2530 934 2618 987 τὸν
2667 936 2906 1006 Πατέρα,
2948 939 3046 1010 τὴν
3078 941 3243 996 αὑτοῦ
3280 943 3440 1013 φύσιν
3485 951 3827 1017 μετασκευά-

2248 1023 2393 1088 ζοντι
2418 1026 2553 1093 πρὸς
2575 1028 2635 1080 τὸ
2661 1029 2753 1081 ἀπ’
2775 1029 2970 1099 ἀρχῆς,
2996 1031 3091 1084 καὶ
3119 1033 3437 1089 ἀνανεοῦντι
3464 1039 3598 1109 πρὸς
3615 1040 3828 1111 ἀφθαρ-

2249 1115 2391 1181 σίαν,
2414 1119 2506 1170 καὶ
2532 1118 2638 1171 τῶν
2659 1120 2751 1172 τοῦ
2775 1120 3007 1173 θανάτου
3034 1122 3249 1194 βρόχων
3271 1127 3622 1195 ἀποφαίνοντι
3650 1131 3828 1201 κρείτ-

2247 1224 2374 1261 τονα
2394 1225 2406 1237 ·
2437 1208 2735 1280 λελυμένης
2759 1210 3001 1280 δηλονότι
3033 1214 3130 1285 τῆς
3158 1216 3391 1286 ἀρχαίας
3417 1219 3635 1289 ἐκείνης
3663 1221 3832 1291 ἀρᾶς,

2249 1297 2343 1350 καὶ
2371 1297 2472 1366 τῆς
2500 1300 2592 1351 ἐπὶ
2616 1299 2692 1369 τῷ
2727 1301 3143 1372 πρωτοπλάστῳ
3168 1303 3344 1375 δίκης.
3376 1308 3581 1360 Οὐκοῦν
3616 1310 3828 1380 ἒπειδή-

2249 1402 2355 1457 περ
2397 1388 2491 1440 καὶ
2537 1390 2595 1442 ὲν
2637 1389 2801 1460 σαρκὶ
2855 1391 3279 1462 καθορώμενος,
3327 1395 3454 1460 Υἱὸς
3498 1392 3635 1451 εἶναι
3686 1398 3829 1451 Θεοῦ

2250 1476 2576 1546 κηρύττεται
2626 1479 2785 1547 φύσει
2832 1497 2893 1533 τε
2950 1481 3041 1533 καὶ
3075 1483 3337 1553 ἀληθείᾳ,
3384 1503 3404 1536 ι
3435 1486 3666 1553 Δόξασόν
3705 1489 3825 1551 σου,

2249 1570 2434 1637 φησὶν,
2472 1565 2515 1621 ὧ
2547 1570 2746 1640 Πάτερ,
2795 1570 2885 1624 τὸν
2920 1572 3065 1638 Υἱὸν,
3086 1591 3104 1624 ι
3147 1574 3222 1638 ὡς
3254 1576 3557 1649 ἄνθρωπον,
3594 1578 3691 1631 καὶ
3724 1577 3826 1631 θα-

2247 1659 2404 1713 νάτου
2438 1661 2741 1731 κρείττονα,
2773 1664 2865 1717 καὶ
2894 1665 3096 1735 φθορᾶς
3118 1666 3427 1738 ἀποφήνας,
3456 1670 3541 1723 ἴνα
3571 1670 3658 1733 σὸς
3682 1665 3825 1722 εἶναι.

2251 1751 2592 1821 πιστεύηται,
2618 1753 2732 1824 ζωὴ
2762 1756 2902 1809 κατά
2927 1756 3086 1825 φύσιν
3116 1758 3375 1829 ὑπάρχων
3398 1760 3473 1824 th;
3499 1761 3651 1826 Θεὸς,
3679 1764 3824 1814 κατα

586 1817 693 1871 Deo
740 1835 803 1875 ac
853 1821 1021 1892 Patri,
1067 1829 1191 1882 dum
1243 1848 1271 1885 a
1322 1833 1475 1887 nobis
1535 1836 1775 1891 creditur
1824 1840 1968 1906 quod
2020 1854 2143 1894 cum

2260 1858 2312 1910 γε
2340 1843 2431 1895 τὸν
2466 1817 2574 1913 ⁷τῆς
2608 1817 2746 1909 ἰδίας
2792 1817 3007 1914 φύσεως
3038 1849 3196 1917 λόγον
3218 1817 3243 1880 ο.
3266 1817 3388 1903 τότε
3426 1817 3535 1921 γνάρ
3571 1817 3762 1905 σε’καὶ
3796 1855 3833 1911 ὁ,

586 1907 723 1963 Deus
758 1911 830 1965 sit
871 1929 1049 1979 verus,
1092 1929 1141 1973 ct
1174 1922 1278 1975 vita
1320 1932 1374 1976 et
1405 1925 1698 1990 viviﬁcans,
1734 1942 1920 1995 parem
1948 1928 2046 1983 sibi
2080 1943 2145 1984 ac

583 2011 680 2064 per
708 2003 884 2055 omnia
916 2006 1173 2074 similem,
1201 2012 1646 2083 ineli‘ahilitcrque
1665 2024 1720 2071 et
1740 2032 1902 2086 supra
1929 2032 2143 2072 omnem

585 2088 995 2159 intelligentiam
1039 2102 1224 2169 genuit
1273 2102 1491 2169 Filium,
1536 2106 1627 2176 qui
1676 2121 1783 2161 non
1822 2108 1925 2162 fuit
1970 2110 2146 2164 minor

581 2180 743 2235 etiam
784 2199 904 2240 cum
948 2188 1000 2243 in
1039 2205 1206 2245 carne
1238 2204 1393 2249 natus
1428 2206 1531 2261 est,
1564 2196 1657 2252 sed
1692 2206 2035 2266 praestantem
2077 2196 2145 2252 il-

584 2270 686 2324 lant
730 2277 1104 2349 egregiamque
1159 2286 1417 2340 naturalis
1466 2288 1760 2342 nobilitatis
1817 2288 1921 2343 sibi
1971 2288 2149 2344 insita:

585 2363 1038 2430 pulchritudinem
1086 2373 1349 2445 integram
1402 2378 1622 2432 omnino
1659 2378 1919 2445 servavit,
1965 2380 2040 2433 ita
2092 2388 2152 2435 ut

586 2455 700 2521 ipse
735 2472 947 2527 quoque
979 2463 1050 2516 sit
1086 2464 1219 2529 vita,
1255 2475 1439 2534 utpote
1465 2482 1529 2522 ex
1560 2469 1691 2535 vita,
1719 2478 1775 2524 et
1803 2470 1987 2525 omnia
2024 2486 2150 2541 pos-

585 2546 678 2609 sit,
723 2557 777 2602 et
818 2549 934 2602 sine
981 2552 1163 2608 labore
1191 2556 1455 2625 perﬁciat,
1503 2567 1555 2613 et
1587 2560 1669 2613 his
1699 2562 1789 2630 qui
1831 2570 1955 2615 sunt
1988 2563 2149 2617 morti

588 2637 1028 2710 rorrnptioniquc
1064 2646 1305 2709 obnoxii,
1349 2648 1807 2717 incorruptionem
1838 2652 2023 2706 donet.
2050 2651 2151 2721 lgi-

590 2736 674 2780 tnr
703 2729 861 2782 etiam
909 2734 952 2785 si
983 2734 1274 2801 gloriﬁcari
1317 2738 1531 2793 dicatur
1574 2757 1603 2795 a
1635 2741 1794 2797 Patre
1830 2741 2018 2808 Filius,
2053 2743 2151 2797 hu-

585 2818 863 2879 prauitatis
915 2838 1218 2879 mensuram
1267 2837 1497 2897 reputa:
1534 2844 1601 2883 ne
1644 2839 1764 2899 post
1799 2831 2051 2886 unionem
2099 2831 2150 2885 in

589 2911 693 2962 duo
720 2910 929 2966 dividas
970 2929 1134 2968 unum
1180 2916 1478 2982 Christum,
1526 2929 1578 2974 et
1612 2921 1829 2989 Filium,
1866 2932 1920 2979 et
1964 2925 2151 2980 Domi-

591 3015 751 3065 nttut;
804 3004 897 3057 sed
952 3020 1115 3058 unum
1165 3007 1519 3078 eutudemque
1575 3012 1826 3067 similiter
1868 3026 1921 3070 et
1968 3017 2153 3085 gloriae

594 3087 873 3145 Dominum
905 3104 958 3147 et
992 3093 1157 3149 Deum
1207 3097 1466 3167 intelligc,
1500 3109 1549 3155 et
1582 3102 1806 3171 gloriam
1844 3107 2152 3164 humanitus

593 3182 967 3252 accipientem.
999 3187 1183 3256 Cogita
1217 3191 1358 3244 enim
1394 3192 1540 3246 illum
1569 3195 1669 3248 etsi
1704 3207 1893 3251 natura
1923 3215 2157 3270 vereque
2182 3166 2224 3222 Ο

595 3274 735 3329 Deus
781 3277 871 3338 sit,
920 3289 974 3333 ct
1018 3296 1114 3334 rex
1162 3282 1533 3340 universorum
1566 3303 1629 3343 ac
1656 3287 1934 3358 Dominus,
1979 3303 2155 3349 tamen

594 3370 947 3424 constitutum
1008 3387 1129 3428 esse
1183 3390 1358 3445 regem
1411 3379 1555 3443 dici,
1605 3396 1728 3435 eum
1777 3382 1953 3441 factus
2000 3388 2161 3443 homo

595 3461 764 3514 nostri
822 3464 1013 3518 similis
1063 3466 1360 3522 humiliavit
1406 3471 1679 3541 scipsum,
1710 3476 1871 3546 108
1889 3484 1943 3531 et
1986 3477 2161 3535 factus

595 3561 679 3605 est
706 3554 962 3611 obediens
994 3556 1102 3612 Deo
1130 3567 1184 3613 et
1212 3557 1355 3614 Patri
1380 3561 1448 3629 ⁸³,
1485 3571 1538 3617 et
1575 3564 1854 3620 uobiscum
1896 3569 1996 3622 sub
2023 3569 2160 3639 lege.

598 3644 754 3701 Nullo
790 3648 955 3718 igitur
985 3651 1143 3706 modo
1177 3668 1296 3721 quae
1322 3653 1709 3711 exinanitionis
1737 3672 2004 3714 mensura:
2029 3675 2162 3715 con-

600 3738 837 3804 veniunt,
897 3741 1167 3808 sapientes
1221 3744 1467 3800 homines
1512 3756 1568 3801 et
1615 3748 1820 3818 peritos
1869 3758 1924 3804 et
1964 3751 2016 3805 in
2058 3753 2164 3808 [ide

598 3830 946 3888 conﬁrmatos
972 3836 1398 3902 conturbabunt,
1435 3840 1529 3893 sed
1561 3854 1627 3895 ex
1660 3840 1725 3896 iis
1758 3842 1889 3911 ipsis
1922 3853 1975 3899 et
2001 3844 2162 3899 simul

598 3936 660 3974 ex
705 3923 786 3976 his
816 3940 935 3993 qua:
970 3927 1165 3981 dirinre
1215 3938 1421 3984 natura:
1461 3932 1814 3999 conveniunt,
1866 3936 2036 4003 ipsum
2078 3935 2167 3990 Fi-

601 4014 725 4065 lium
761 4015 922 4069 Deum
968 4031 1089 4072 esse
1139 4020 1385 4074 eumdem
1426 4030 1481 4074 et
1530 4023 1801 4079 hominem
1846 4038 2164 4095 agnoscent.

603 4105 709 4158 Sed
761 4106 907 4159 sanis
953 4108 1134 4162 verbis
1178 4124 1281 4163 non
1325 4113 1620 4178 acquiescit
1644 4113 1713 4179 ⁸⁸,
1744 4124 1800 4170 et
1843 4117 1909 4169 ad
1936 4116 2170 4172 eiirena-

605 4206 715 4247 tum
748 4196 1005 4266 impetum
1049 4201 1334 4254 admodum
1373 4218 1595 4271 pronus,
1632 4206 1797 4261 stulte
1831 4207 1932 4262 sibi
1966 4208 2167 4277 placet,

603 4294 657 4337 et
686 4302 803 4354 qum
832 4287 948 4356 ipse
978 4299 1029 4343 et
1056 4290 1270 4358 quidem
1297 4298 1441 4349 solus
1459 4297 1671 4364 probat,
1690 4298 1786 4353 scd
1807 4308 1951 4354 recte
1971 4302 2171 4357 habere

604 4378 895 4445 existimat,
928 4396 990 4433 ea
1027 4383 1303 4438 sentieuda
1341 4396 1526 4441 censet
1558 4405 1571 4442 :
1605 4389 1783 4457 perdit
1816 4392 1977 4445 etiam
2010 4393 2166 4460 alios,

2251 1933 2379 1998 Υίὸς
2417 1934 2651 2001 δοξάσει.
2681 1936 2819 2001 Δόξα
2857 1939 3071 2010 ἀληθῶς
3108 1939 3185 2011 τῷ
3224 1940 3341 2011 Θεῷ
3373 1943 3467 1996 καὶ
3504 1944 3704 2015 Πατρὶ,
3740 1945 3825 2011 τὸ,

2252 2024 2603 2080 πιστεύεσθαι
2631 2027 2766 2097 πρὸς
2790 2028 2970 2099 ἡμῶν,
2994 2030 3077 2082 ὃτι
3102 2030 3234 2094 Θεὸς
3262 2032 3524 2104 ὑπάρχων
3550 2034 3825 2105 ἀληθινὸς,

2253 2116 2347 2169 καὶ
2381 2116 2525 2185 ζωὴ,
2570 2118 2663 2170 καὶ
2705 2117 2985 2182 ζωοποιὸς,
3031 2119 3144 2195 ἴσον
3187 2141 3247 2175 τε
3288 2124 3379 2177 καὶ
3423 2126 3605 2193 ὅμοιον
3650 2125 3828 2195 ἑαυτῴ

2254 2204 2395 2258 κατά
2428 2207 2535 2259 πᾶν
2566 2206 2764 2272 ὁτιοῦν,
2810 2208 3133 2279 exossam,-
3163 2228 3223 2263 τε
3259 2215 3352 2267 καὶ
3382 2214 3520 2284 ὑπὲρ
3550 2214 3697 2279 νοῦν,
3732 2217 3827 2267 ὲκ-

2253 2296 2442 2350 τέτοκε
2480 2296 2571 2351 τὸν
2605 2299 2750 2362 Υἰὸν,
2782 2300 2841 2363 ὃς
2869 2296 2936 2371 ἦν
2965 2304 3065 2355 οὐκ
3097 2304 3153 2355 ὲν
3190 2304 3366 2374 μείοσι
3386 2344 3401 2367 ,
3452 2306 3547 2358 καὶ
3577 2307 3635 2358 ὲν
3665 2308 3832 2377 σαρκὶ

2256 2385 2364 2457 [ῑσ.
2393 2386 2486 2439 καὶ
2519 2386 2601 2439 ὅτι
2648 2390 2704 2441 ὲν
2757 2389 2945 2461 σαρκὶ]
2997 2390 3223 2459 γέγονεν
3247 2408 3261 2422 ’
3295 2392 3431 2446 ἀλλά
3460 2393 3559 2462 τῆς
3600 2393 3831 2463 ἐνούσης

2256 2478 2403 2548 αὑτῷ
2433 2481 2663 2550 φυσικῆς
2693 2481 2969 2548 εὐγενείας
2989 2523 3004 2547 ,
3053 2482 3423 2554 ἀδιαλώϐητον
3457 2484 3741 2546 παντελῶς
3769 2486 3831 2537 τὸ

2257 2570 2531 2640 ὑπερφυὲς
2560 2571 2655 2623 καὶ
2688 2571 2961 2643 ἐξαίρετον
2991 2572 3290 2627 διεσώσατο
3332 2574 3550 2642 κάλλος,
3581 2574 3696 2644 ζωὴ
3736 2578 3835 2628 καὶ

2258 2660 2417 2723 αὑτὸς
2448 2662 2707 2731 ὑπάρχων
2744 2662 2819 2724 ὼς
2863 2664 2927 2715 ἐκ
2961 2662 3125 2732 ζωῆς,
3170 2664 3349 2717 πάντα
3382 2681 3441 2716 τε
3491 2664 3689 2734 ἰσχύων
3737 2666 3834 2717 καὶ

2257 2750 2491 2821 ἀμογητὶ
2523 2751 2822 2822 κατορθῶν,
2847 2753 2938 2805 κα)⁵
2964 2755 3075 2815 τοῖς
3101 2753 3204 2805 ὑπὸ
3236 2753 3464 2809 θάνατον
3495 2755 3590 2807 καὶ
3616 2755 3830 2826 φθορὰν

2256 2843 2354 2912 τὴν
2372 2842 2673 2913 ἀφθαρσίαν
2689 2843 3049 2915 δωρούμενος.
3076 2845 3287 2899 Οὐκοῦν
3307 2846 3410 2899 κᾶν
3432 2847 3483 2899 εί
3504 2845 3833 2913 δοξάζεσθαι

2259 2934 2468 3003 λέγοιτο
2496 2935 2646 3005 παρά
2686 2934 2780 2991 τοῦ
2814 2937 3025 3007 Πατρὸς
3062 2938 3091 2989 ὁ
3120 2937 3276 3003 Υἱὸς,
3312 2937 3373 2991 τὸ
3404 2938 3503 3004 τῆς
3548 2938 3836 3009 ἀνθρωπό-

2257 3042 2419 3095 τητος
2448 3024 2762 3093 ἀναλογίζου
2798 3025 3025 3095 μέτρον’
3059 3025 3133 3097 μὴ
3161 3026 3421 3098 διατέμῃς
3455 3029 3532 3090 εἰς
3560 3027 3654 3080 δύο
3696 3028 3838 3098 μετά

2259 3116 2357 3187 τὴν
2393 3116 2607 3181 ἕνωσιν,
2649 3117 2739 3169 τὸν
2773 3118 2871 3170 ἕνα
2910 3117 3144 3186 Χριστὸν
3170 3118 3263 3173 καὶ
3305 3119 3431 3173 Υίὸν
3472 3119 3566 3179 καὶ
3592 3118 3834 3190 Κύριον·

2259 3207 2372 3261 ἀλλ’
2399 3208 2494 3261 ἕνα
2529 3209 2623 3262 καὶ
2654 3207 2744 3261 τὸν
2777 3206 2941 3266 αὑτὸν
2970 3208 3171 3278 ὁμοίως
3219 3208 3331 3278 (26)
3352 3249 3367 3275 ,
3415 3210 3508 3262 καὶ
3544 3210 3641 3280 τῆς
3674 3210 3836 3281 δόξης

2259 3296 2461 3368 Κύριον
2503 3298 2598 3351 καὶ
2640 3298 2793 3362 Θεὸν,
2823 3299 2917 3350 καὶ
2943 3298 3100 3364 δόξαν
3131 3298 3421 3368 δεχόμενον
3453 3299 3831 3369 ἀνθρωπίνως.

2272 3390 2473 3444 Ἐννόει
2504 3393 2611 3462 γάρ
2656 3390 2758 3455 ὅτι,
2806 3390 2986 3442 καίτοι
3026 3390 3184 3458 φύσει
3237 3408 3297 3444 τε
3331 3390 3579 3461 ἀληθείᾳ,
3613 3389 3749 3453 Θεός
3778 3407 3838 3443 τε

2264 3480 2356 3535 καὶ
2388 3480 2636 3551 βασιλεὺς
2660 3480 2768 3533 τῶν
2798 3480 2934 3533 ὅλων
2965 3479 3229 3550 ὑπάρχων
3272 3480 3368 3533 καὶ
3396 3480 3623 3551 Κύριος,
3656 3498 3838 3550 κεχει-

2267 3573 2595 3644 ροτονεῖσθαι
2633 3572 2852 3639 λέγεται
2887 3572 3161 3641 βασιλεὺς,
3206 3572 3295 3624 ὅτε
3332 3570 3453 3625 καθ’
3498 3572 3646 3640 ἡμᾶς
3678 3569 3838 3636 γενό-

2267 3681 2425 3734 μενος
2469 3665 2755 3735 ἄνθρωπος
2801 3663 3199 3717 τεταπείνωκεν
3233 3661 3444 3727 ἑαυτὸν,
3492 3662 3586 3714 καί
3618 3659 3840 3727 γέγονεν

2266 3756 2506 3826 ὑπήκοος
2536 3755 2614 3826 τῷ
2649 3754 2767 3825 Θεῴ
2798 3755 2894 3807 καὶ
2927 3754 3119 3823 Πατρὶ,
3150 3754 3246 3806 καὶ
3296 3751 3412 3822 μεθ’
3438 3750 3593 3821 ἡμῶν
3621 3750 3727 3803 ὑπὸ
3759 3750 3842 3803 νό-

2269 3866 2387 3917 μον.
2417 3847 2717 3917 Θορυϐήσει
2748 3846 2811 3916 δὴ
2838 3839 2930 3903 οὖν
2974 3846 3096 3898 κατ’
3120 3845 3312 3897 οὐδένα
3344 3843 3543 3913 τρόπον
3584 3841 3712 3904 τοὺς
3757 3858 3842 3893 σο-

2267 3938 2399 4008 φούς
2427 3954 2488 3989 τε
2519 3934 2612 3988 καὶ
2646 3936 3036 4004 ἐπιστήμονας,
3069 3933 3164 3986 καὶ
3196 3931 3518 4003 ἱδρυμένους
3549 3930 3606 3981 ὲν
3633 3928 3839 3991 πίστει,

2266 4029 2335 4082 τά
2369 4030 2482 4092 τοῖς
2526 4028 2625 4098 τῆς
2670 4026 2951 4088 κενώσεως
2993 4024 3272 4096 πρέποντα
3326 4022 3579 4094 μέτροις·
3623 4019 3743 4074 ἀλλ’
3786 4019 3844 4084 ἐξ

2268 4118 2444 4172 αὐτῶν
2485 4135 2545 4170 τε
2573 4116 2731 4187 ὁμοῦ,
2761 4116 2855 4170 καὶ
2898 4115 3006 4169 τῶν
3043 4117 3108 4185 τῇ
3141 4114 3261 4183 θεία
3296 4112 3611 4184 πρεπόντων
3658 4111 3843 4179 φύσει,

2268 4207 2401 4260 Θεὸν
2445 4207 2573 4260 ὅντα
2606 4207 2697 4259 τὸν
2748 4206 2908 4260 αὑτὸν
2946 4206 3040 4258 καὶ
3078 4203 3362 4274 ἄνθρωπον
3414 4201 3844 4271 ὲπιγινώσκουσι

2269 4301 2359 4353 τὸν
2390 4300 2536 4353 Υἱόν.
2576 4297 2732 4351 Ἀλλά
2768 4296 2875 4367 γὰρ
2925 4295 3222 4363 ὑγιαίνουσι
3260 4294 3358 4364 μὲν
3391 4294 3451 4346 οὑ
3478 4293 3846 4364 προσέρχεται

2270 4389 2445 4455 λόγοις
2463 4404 2475 4417 ·
2498 4385 2875 4447 ἀπονενευκὼς
2896 4384 2952 4436 δὲ
2978 4383 3094 4435 λίαν
3119 4383 3197 4444 εἰς
3224 4381 3284 4434 τὸ
3310 4381 3544 4451 ὲξήνιον,
3570 4381 3847 4443 ἀσυνέτως

605 4483 728 4520 cum
774 4482 970 4537 praeter
1013 4472 1099 4525 illa
1144 4489 1263 4542 quae
1313 4476 1471 4543 dixit,
1526 4494 1687 4533 unum
1745 4481 2025 4535 Dominum
2079 4499 2157 4537 no

2276 4478 2712 4550 περιαυτίζεται,
2757 4476 2851 4528 καὶ
2879 4475 2948 4528 τὰ
2980 4474 3127 4544 αὑτῷ
3160 4472 3256 4527 καὶ
3303 4473 3449 4542 μόνῳ
3481 4471 3744 4526 δοκοῦντά
3788 4488 3845 4523 τε

606 4572 776 4612 strqu
803 4560 987 4615 Jcsutn
1019 4563 1291 4619 Christum
1334 4568 1386 4621 in
1418 4570 1522 4623 duo
1566 4570 1833 4637 dividens,
1881 4573 2040 4626 etiam
2075 4590 2171 4627 no-

606 4657 776 4702 strum
804 4651 977 4720 ipsum
1004 4654 1242 4709 divinum
1271 4658 1587 4727 mysterium
1611 4661 1994 4728 calumniatur,
2028 4663 2079 4715 in
2105 4678 2170 4718 eo

606 4742 747 4809 quod
778 4753 987 4797 recusat
1014 4747 1290 4802 nobiscum
1321 4750 1590 4815 conﬁteri,
1629 4751 1904 4807 Christum
1946 4769 2050 4807 nou
2092 4755 2169 4808 si-

608 4834 809 4890 militer
861 4844 1023 4903 atque
1066 4854 1229 4893 unum
1265 4857 1295 4895 e
1337 4844 1545 4897 sanctis
1589 4844 1866 4911 prophetis
1914 4855 2004 4899 aut
2037 4860 2168 4915 apu-

606 4922 761 4975 stolis
786 4932 838 4976 ct
866 4928 1209 4996 evangelistis
1240 4929 1513 4984 Deiferunt
1546 4931 1819 4985 hominem
1851 4931 2041 4997 fuisse,
2077 4936 2169 4988 sed

611 5010 773 5063 Deuut
818 5013 1085 5069 hominem
1128 5018 1351 5087 factum,
1383 5036 1446 5074 ac
1477 5034 1603 5076 vere
1650 5022 2004 5091 participasse
2050 5038 2169 5077 car-

610 5116 731 5153 neut
783 5111 837 5156 et
869 5107 1207 5173 sanguinem.
1246 5107 1336 5163 Sic
1378 5120 1559 5165 autem
1608 5126 1821 5165 rursum
1854 5111 2012 5178 dixit,
2047 5127 2168 5166 cum

612 5200 858 5260 tanquam
893 5209 956 5247 ex
988 5209 1215 5264 persona
1255 5199 1455 5254 Christi
1488 5204 1646 5253 verba
1680 5210 2023 5269 proponeret:

2273 4571 2365 4623 ml.
2394 4565 2450 4623 εὖ
2480 4568 2622 4639 ἔχειν
2650 4565 3037 4636 ὑπειλημμένα
3072 4566 3288 4635 φρονεῖν
3318 4562 3482 4627 ἀξιοῖ.
3516 4563 3767 4616 Διόλλυσι
3791 4561 3847 4614 δὲ

2272 4663 2367 4717 καὶ
2396 4661 2617 4731 ἐτέρους
2643 4657 2777 4729 πρὸς
2801 4653 2882 4720 οἷς
2909 4656 3015 4727 ἔφη
3043 4655 3249 4717 διῖστάς
3275 4657 3355 4718 εἰς
3377 4654 3471 4707 δύο
3496 4654 3587 4705 τὸν
3613 4654 3707 4706 ἕνα
3738 4651 3850 4706 Κύ-

2275 4769 2387 4821 ριον
2422 4750 2627 4820 Ἰησοῦν
2649 4750 2738 4803 τὸν
2767 4749 3021 4820 Χριστὸν,
3069 4748 3164 4800 καὶ
3210 4746 3343 4801 αὐτὸ
3388 4746 3450 4799 τὸ
3500 4745 3642 4798 θεῖον
3690 4745 3850 4814 ἡμῶν

2276 4838 2624 4907 συκοφαντῶν
2667 4837 2985 4908 μυστήριον,
3034 4835 3142 4889 ἀπό
3176 4852 3239 4902 γε
3292 4832 3385 4887 τοῦ
3440 4832 3515 4903 μὴ
3558 4831 3849 4901 ἀνέχεσθαι

2281 4932 2399 5002 μεθ’
2426 4931 2580 5002 ἡμῶν
2626 4930 2927 5000 ὁμολογεῖν,
2975 4928 3058 4981 ὅτι
3094 4927 3218 4979 καθ’
3244 4924 3342 4977 ἕνα
3374 4924 3483 4995 [ῖσ.
3512 4923 3596 4976 ὅτι
3629 4924 3690 4975 οὑ
3728 4921 3849 4975 καθ’

2277 5022 2397 5094 ἕνα]
2443 5021 2551 5075 τῶν
2591 5022 2764 5089 ἁγίων
2816 5018 3131 5089 προφητῶν,
3182 5017 3350 5086 ἦγουν
3397 5014 3712 5068 ἀποστόλων
3757 5011 3849 5066 καὶ

2276 5112 2674 5182 εὐαγγελιστῶν
2701 5111 2955 5181 θεοφόρος
2976 5107 3044 5180 ἦν
3070 5107 3164 5163 ἄνθ
3175 5123 3353 5178 ρωπος
3375 5106 3403 5157 ὁ
3430 5104 3663 5175 Χριστός
3684 5121 3696 5135 ·
3719 5102 3849 5164 Θεὸς

2276 5203 2331 5255 δὲ
2369 5203 2567 5273 μᾶλλον
2603 5202 2893 5272 γενόμενος
2939 5199 3243 5270 ἄνθρωπος,
3279 5195 3586 5267 μετέσχηκε
3615 5213 3676 5249 τε
3709 5192 3849 5248 κατά

609 5285 867 5359 ἀλήθειαν
892 5291 1123 5360 αἵματος
1168 5295 1260 5347 καὶ
1301 5296 1519 5367 σαρκός.
1549 5298 1695 5365 Ἔφη
1721 5295 1777 5349 δὲ
1809 5296 1950 5349 οὕτω
1978 5297 2163 5365 πάλιν,
2202 5298 2277 5362 ὡς
2305 5300 2369 5350 ὲκ
2396 5298 2690 5370 προσώπου
2719 5294 2953 5369 Χριστοῦ
2982 5291 3299 5364 παρατιθεὶς
3330 5289 3389 5343 τὸ
3416 5288 3599 5362 ῥητόν·

703 5445 725 5477 ³
752 5445 983 5517 Philipp.
1023 5464 1083 5515 tt,
1108 5447 1159 5503 8.
1238 5449 1281 5481 ⁸⁸
1309 5448 1326 5502 l
1360 5449 1499 5504 Tim.
1521 5465 1594 5515 vr,
1621 5449 1674 5503 5.

1866 5583 2027 5639 ANT.
2068 5579 2341 5638 AGELLll
2380 5578 2609 5635 NOTAE.

690 5739 800 5811 (‘26)
838 5740 996 5799 Deest
1035 5744 1279 5810 verbum,
1311 5750 1436 5812 puta
1484 5742 1613 5808 νόει,
1640 5741 1724 5797 vel
1778 5740 2054 5811 ὁμολόγει,
2085 5737 2157 5793 νοῒ

2264 5734 2406 5805 iquid
2455 5731 2646 5788 simile.
