4088 6470
241 412 348 470 189

1285 396 1650 458 ADVEllSUS
1688 391 2086 450 NESTORIUM
2129 389 2259 446 LIB.
2301 387 2392 445 Ν.

3395 364 3498 420 190

309 524 376 598 [ι
419 526 478 579 '0
517 523 745 595 τρώγων
779 541 880 595 μου
918 522 1016 593 τὴν
1051 521 1230 592 σάρκα
1278 521 1370 574 καὶ
1403 519 1572 572 πίνων
1610 534 1712 587 μου
1760 513 1813 566 τδ

1994 510 2267 580 [Νεετοιι.
2314 524 2334 558 ι
2365 502 2464 570 Qui
2493 497 2786 554 manducat
2810 504 2988 546 meam
3017 501 3257 548 carnem,
3282 493 3334 536 et
3359 481 3493 534 bibit

2012 578 2014 580 V
2316 597 2324 598 ί
2518 592 2531 598 -
2873 591 2910 598 κ-
2972 589 3012 598 Αι
3050 593 3136 598 ---
3168 579 3218 598 ξ--
3267 574 3485 598 Δ.ιιι.,

235 615 404 685 αίμα,
446 618 506 669 ὲν
539 616 663 688 ἐμοὶ⁸
699 616 871 687 μένει,
903 613 1058 681 κάγὼ
1089 615 1147 666 ὲν
1184 613 1351 682 αὐτῷ.
1381 632 1399 665 ι
1434 609 1821 680 Μνημόνευσον

235 708 320 760 δτι
347 706 598 778 περὶτῆς
622 705 823 776 σαρκὸς
847 703 908 756 τὸ
928 704 1238 774 λεγόμενον.
1267 721 1286 755 t
1315 699 1512 764 Καθὼς
1534 695 1822 752 ἀπέστειλέ

241 813 310 865 με
337 797 368 847 ὁ
405 794 513 860 ζῶν
547 794 758 865 Πατὴρ,
779 813 799 845 ι
837 793 939 862 ἐμὲ
966 793 1058 846 τὸν
1091 791 1438 861 φαινόμενον.
1473 789 1615 842 Ἀλλ’
1648 787 1822 840 ἐνίοτε

237 885 669 956 παρεομηνεύω.
711 883 1062 954 ’Λκούσωμεν
1113 886 1178 937 ἐκ
1228 883 1337 935 τῶν
1388 881 1536 951 ἑξῆς.
1574 897 1593 930 ι
1624 876 1823 940 Καθὼς

239 976 532 1033 ἀπέστειλέ
567 994 634 1048 με
656 977 686 1028 6
716 976 824 1040 ζῶν
858 976 1070 1046 Πατήρ⁶
1096 993 1115 1025 ι
1150 976 1355 1036 ἐκεῖνος
1385 971 1536 1040 λέγει
1572 969 1672 1040 τὴν
1704 969 1823 1022 θεό-

235 1081 398 1134 τητα,
444 1064 556 1133 ἐγὼ
587 1064 686 1135 τὴν
723 1063 1142 1134 ἀνθρωπότητα.
1178 1062 1405 1131 Ἰδωμεν
1437 1060 1520 1123 τίς
1547 1061 1576 1113 ό
1607 1075 1818 1128 παρερο

240 1155 518 1225 μηνεύων.
549 1155 714 1223 Λέγει
753 1156 782 1207 ὁ
811 1154 1086 1225 αἱρετικδς
1126 1153 1362 1206 ἐνταῦθα
1404 1152 1504 1222 τὴν
1551 1150 1818 1219 θεότητα’

235 1247 562 1303 ἀπέστειλεν
590 1247 690 1317 ἐμὲ
722 1245 814 1299 τὸν
843 1245 976 1301 Θεδν
1011 1245 1213 1313 Λόγον·
1249 1263 1269 1296 ι
1293 1243 1495 1307 Καθὼς
1531 1239 1818 1296 ἀπέστειλέ

240 1357 309 1409 με
334 1342 364 1392 6
402 1337 513 1403 ζῶν
556 1338 768 1409 Πατὴρ,
799 1356 820 1390 ι
848 1340 967 1392 κατ’
997 1339 1202 1392 ἐκεῖνον
1237 1355 1255 1389 t
1280 1335 1435 1404 κάγὼ
1455 1334 1552 1401 ζῶ,
1579 1353 1598 1385 ι
1633 1335 1661 1386 6
1688 1332 1820 1395 Θεὸς

237 1428 414 1496 Λόγος
449 1447 468 1480 ι
499 1428 590 1482 διὰ
617 1429 707 1481 τὸν
749 1428 986 1498 Πατέρα.
1022 1447 1041 1480 ι
1067 1423 1202 1481 Εἶτα
1226 1427 1363 1498 μετά
1387 1426 1575 1480 τοῦτο·
1611 1443 1629 1476 ι
1655 1424 1765 1476 Καὶ
1790 1424 1819 1476 6

237 1521 468 1591 τρώγων
501 1539 589 1592 με,
619 1522 873 1584 κάκεῖνος
915 1521 1160 1586 ζήσεται.
1186 1539 1206 1572 ›
1251 1519 1383 1572 Τίνα
1417 1517 1689 1586 ἐσθίομεν,
1717 1515 1816 1587 τὴν

237 1610 489 1680 θεότητα,
522 1612 554 1682 ἢ
583 1613 683 1682 τὴν
717 1609 969 1682 σάρκα;]

838 1915 1090 1972 ΚΕΦΛΛ.
1123 1918 1196 1972 Δ’.

307 2052 497 2120 Μόνην
520 2049 584 2122 δὴ
612 2042 704 2102 οὖν
734 2047 1070 2102 ἀπεστάλθαι
1102 2046 1200 2118 τὴν
1232 2047 1410 2117 σάρκα
1445 2045 1570 2115 ςὴς,
1602 2044 1695 2099 καὶ
1717 2045 1814 2100 αὖ·

231 2142 337 2212 τὴν
372 2136 515 2193 εἶναι
557 2138 883 2202 διαϐεϐαιοῖς
931 2139 1022 2192 τίον
1074 2139 1434 2207 φαινόμενον
1488 2137 1702 2208 ἀπόχρη
1749 2137 1814 2206 δὴ

232 2230 334 2287 οὖν
383 2233 480 2286 καὶ
523 2232 682 2294 μόνον
735 2231 867 2301 ἡμῖν
913 2232 991 2294 είς
1023 2230 1084 2283 τὸ
1127 2228 1385 2283 δύνασθαι
1430 2229 1715 2292 ζωοποιεῖν
1755 2228 1816 2282 τὸ

235 2324 459 2394 θανάτῳ
494 2322 947 2394 τυραννούμενον.
972 2321 1038 2374 Τί
1076 2315 1169 2374 οὖν
1207 2320 1263 2373 αί
1305 2319 1648 2374 θεόπνευστοι
1672 2320 1816 2390 Γρα-

234 2415 335 2483 φαὶ
389 2411 698 2483 ραψωδούσι
735 2413 913 2483 μάτην
955 2410 1134 2481 σάρκα
1167 2408 1418 2478 γενέσθαι
1447 2408 1539 2462 τὸν
1567 2409 1632 2462 ὲκ
1677 2408 1813 2463 Θεοῦ

237 2505 452 2574 Πατρὸς
479 2503 674 2570 Λόγον,
723 2503 835 2556 ἀνω
875 2518 936 2554 τε
973 2500 1069 2554 καὶ
1117 2502 1266 2554 κάτω
1315 2497 1811 2568 διισχυριζόμεναις

235 2593 374 2647 Ποία
413 2593 520 2662 γὰρ
552 2593 690 2655 ὅλως
727 2591 924 2660 γένοιτ’
949 2589 1015 2643 ἂν
1047 2589 1139 2643 τοῦ
1170 2589 1345 2656 Λόγου
1379 2587 1560 2658 χρεία,
1588 2587 1690 2657 τῆς
1718 2587 1814 2640 ἁν-

234 2683 515 2754 θρωπίνης
567 2681 783 2750 φύσεως
832 2679 1163 2751 ἀποχρώσης
1199 2681 1353 2750 ἡμῖν,
1400 2679 1504 2733 κᾶν
1545 2678 1594 2732 εί
1641 2680 1815 2732 νοοῖτο

236 2775 377 2846 μόνη
408 2773 504 2827 καὶ
535 2771 658 2826 καθ’
701 2773 922 2844 ἑαυτὴν,
957 2771 1036 2835 εἷς
1076 2788 1139 2841 γε
1161 2772 1222 2824 τὸ
1241 2769 1499 2824 δύνασθαι
1531 2771 1812 2842 καταργῆο

234 2883 331 2918 σαι
372 2864 618 2926 θάνατον,
651 2864 744 2917 καὶ
772 2863 833 2916 τὸ
867 2863 964 2931 τῆς
996 2862 1201 2932 φθορᾶς
1236 2859 1545 2931 παραλῦσαι
1574 2862 1810 2930 κράτος;

233 2950 350 3002 Καὶ
381 2949 540 3019 εἴπερ
569 2950 734 3014 ἐστὶν,
765 2949 953 3020 ὥσπερ
980 2947 1072 3002 οὖν
1096 2950 1197 3002 οἴει
1227 2948 1321 3000 καὶ
1351 2947 1594 3013 δοξάζειν
1619 2946 1810 3013 ἀξιοῖς,

231 3041 335 3109 οὐχ
362 3043 391 3093 6
420 3041 553 3103 Θεὸς
595 3041 766 3110 Λόγος
795 3041 824 3094 6
854 3040 1268 3110 ἀπεσταλμένος
1299 3038 1388 3090 διὰ
1425 3036 1518 3091 τοῦ
1561 3039 1813 3106 γενέσθαι

234 3131 360 3184 καθ’
383 3133 552 3201 ἡμᾶς,
592 3133 726 3202 μόνη
763 3133 839 3198 δὲ,
870 3133 946 3196 ὼς
977 3132 1135 3203 ἔφης,
1171 3130 1508 3186 ἀπέσταλται
1537 3130 1688 3201 παρά
1717 3130 1810 3186 τοῦ

233 3223 452 3294 ῐΙατρδς
476 3225 509 3291 ἠ
542 3224 839 3294 φαινομένη
869 3223 1025 3293 σάρξ,
1058 3225 1174 3286 πῶς
1202 3225 1301 3294 οὐχ
1329 3223 1531 3278 ἅπασιν
1559 3222 1805 3294 ἐναργὲς,

231 3315 315 3366 ὅτι
359 3313 612 3384 σώματος
660 3315 1025 3384 ἀνθρωπίνου,
1076 3317 1170 3368 καὶ
1214 3316 1321 3368 τῶν
1371 3315 1656 3387 ἡμετέρων
1689 3319 1809 3369 κατ’

232 3405 425 3458 οὐδένα
453 3404 732 3466 παντελῶς
762 3405 962 3473 τρόπον
995 3405 1052 3458 ἐν
1089 3405 1301 3476 μεθέξει
1333 3407 1639 3475 γεγόναμεν
1671 3407 1805 3476 (27);

237 3496 362 3559 Πῶς
395 3491 488 3549 οὗν
513 3497 570 3548 ἐν
599 3494 806 3566 ἑτέροις
835 3495 1086 3566 διαγελᾷς
1115 3498 1238 3560 τοὺς
1265 3490 1366 3550 ὧδε
1397 3499 1807 3573 διακειμένουςς

231 3590 371 3658 ἔφης
404 3588 511 3658 γάρ
546 3589 708 3642 πάλιν
733 3604 751 3620 ·

304 3680 484 3751 [Ἐρῶ
515 3680 571 3732 δὲ
588 3680 684 3734 καὶ
714 3679 808 3734 τοῦ
833 3680 1128 3734 σκανδάλου
1167 3679 1236 3734 τά
1269 3685 1517 3753 ρἠατσν
1549 3685 1677 3753 περὶ
1709 3685 1808 3754 τῆς

226 3767 446 3832 οἰκείας
493 3769 688 3839 σαρκὸς
733 3769 762 3820 6
805 3769 1080 3840 Δεσπότης
1127 3770 1370 3841 Χριστὸς
1415 3772 1552 3842 πρὸς
1609 3772 1809 3836 αὐτοὺς

226 3859 536 3928 διελέγετο·
579 3877 598 3911 ι
622 3859 747 3913 Ἐὰν
779 3859 854 3930 μὴ
886 3860 1116 3930 φάγητε,
1149 3862 1303 3931 φησὶ,
1350 3862 1449 3931 τὴν
1492 3861 1671 3933 σάρκα
1714 3863 1806 3915 τοῦ

229 3951 365 4004 Υίοῦ
408 3951 501 4005 τοῦ
535 3951 844 4022 ἀνθρώπου,
888 3953 983 4006 καὶ
1029 3953 1189 4023 πίητε
1215 3952 1380 4006 αὐτοῦ
1413 3954 1474 4006 τὸ
1505 3949 1661 4024 αἷμα,
1708 3955 1808 4008 οὐκ

226 4043 381 4113 ἔχετε
413 4043 557 4112 ζωὴν
581 4043 639 4097 ὲν
669 4043 881 4105 ἑαυτοῖς
902 4059 918 4073 ’
942 4062 962 4095 ι
1009 4043 1110 4096 οὐκ
1137 4044 1373 4113 ἤνεγκαν
1412 4043 1473 4096 τὸ
1515 4043 1626 4097 τῶν
1650 4043 1806 4112 λεγο-

229 4136 413 4204 μένων
445 4134 650 4205 ὑψηλὸν
691 4136 739 4187 οἱ
769 4133 1120 4198 ἀκούσαντες,
1155 4132 1403 4203 ἐνόμιζον
1436 4134 1540 4188 ὑπὸ
1568 4133 1809 4204 ἀμαθίας

224 4225 689 4296 ἀνθρωποφαγίαν
729 4223 1034 4293 εἰσάγειν.]

825 4357 1077 4412 ΚΕΦΑΛ.
1129 4358 1169 4410 E
1190 4397 1203 4411 .

303 4468 438 4525 Εἶτα
459 4471 578 4534 πῶς
598 4471 658 4524 τὸ
684 4470 873 4542 χρῆμά
888 4471 1035 4523 ἐστιν
1059 4470 1160 4523 οὐκ
1184 4469 1420 4541 ἐναργὴς
1449 4470 1807 4542 ἀνθρωποφα-

225 4563 360 4628 yria;
408 4560 532 4613 τίνα
555 4561 611 4612 δὲ
633 4561 833 4630 τρόπον
867 4559 1068 4628 ὑψηλὸν
1097 4558 1264 4612 ἔτιτὸ
1295 4560 1613 4632 μυστήριον,
1650 4561 1699 4613 εί
1730 4561 1806 4632 μὴ

224 4649 569 4704 ἀπεστάλθαι
597 4651 776 4720 φαμὲν
802 4649 890 4702 τὸν
912 4650 976 4702 ὲκ
1001 4647 1135 4701 Θεοῦ
1155 4649 1366 4720 Πατρὸς
1393 4649 1583 4717 Λόγον,
1607 4650 1699 4703 καὶ
1718 4650 1810 4704 τόν

224 4759 294 4809 γε
350 4742 443 4810 τῆς
485 4740 790 4809 ἀποστολῆς
841 4740 1042 4809 τρόπον
1088 4738 1456 4809 ὁμολογοῦμεν
1518 4735 1659 4793 εἶναι
1713 4741 1812 4812 τὴν

223 4830 682 4902 ἐνανθρώπησιν;
719 4830 853 4883 Τότε
892 4830 1003 4900 γάρ
1043 4831 1166 4883 τότε
1211 4830 1628 4901 καταθρήσομεν
1678 4831 1813 4896 ζωο-

227 4925 414 4975 ποιεῖν
439 4922 727 4991 ἰσχύουσαν
758 4921 858 4992 τὴν
881 4919 1175 4974 ἐνωθεῖσαν
1203 4919 1352 4991 αὐτῷ
1374 4921 1576 4993 σάρκα,
1595 4921 1691 4975 καὶ
1715 4920 1813 4992 οὐχ

223 5013 425 5082 ἑτέρου
461 5013 661 5083 σάρκα,
711 5012 852 5082 πλὴν
886 5011 969 5064 ὅτι
1007 5013 1231 5079 γέγονεν
1271 5012 1374 5065 ίδία
1405 5012 1500 5066 τοῦ
1528 5013 1594 5065 τά
1634 5013 1813 5067 πάντα

225 5108 517 5172 ζωοποιεῖν
575 5104 869 5176 ἰσχύοντος.
920 5105 984 5157 Εἰ
1031 5103 1140 5174 γὰρ
1179 5103 1243 5157 τὸ
1294 5105 1406 5176 πῦρ
1432 5105 1496 5174 δὴ
1547 5103 1706 5158 τοῦτο
1751 5103 1812 5156 τὸ

223 5196 491 5268 αἴσθητὸν
521 5197 620 5268 τῆς
660 5195 886 5267 ἐνούσης
931 5195 1080 5265 αὐτῷ
1123 5195 1358 5267 φυσικῆς
1396 5193 1678 5266 ἐνεργείας
1715 5192 1813 5265 τὴν

298 5345 526 5405 “Joan.
567 5364 649 5416 νε,
683 5347 773 5404 57.
846 5348 893 5382 ⁸⁸
929 5347 1064 5416 ibid,
1089 5347 1180 5404 58.
1255 5348 1300 5381 ⁸⁷
1339 5347 1450 5405 ibid
1493 5393 1503 5403 .
1549 5348 1594 5380 ⁸³⁸
1628 5347 1758 5404 ibid.
1799 5347 1889 5403 54.

1925 574 2104 657 meum
2140 597 2482 669 sanguinem,
2518 592 2572 647 in
2621 601 2706 642 me
2733 591 2937 647 manet,
2964 589 3018 633 et
3044 593 3144 648 ego
3168 579 3222 630 in
3264 589 3330 628 eo
3347 574 3434 669 :‘l:
3469 591 3488 624 ι

1923 700 2194 747 memento
2227 664 2294 744 de
2334 686 2476 740 illius
2519 694 2687 738 carne
2731 689 2853 731 esse
2906 681 3233 728 sermonem.
3289 683 3309 716 ι
3343 664 3494 718 Sicut

1923 783 2071 839 misit
2105 795 2190 836 me
2227 779 2416 833 vivens
2450 775 2611 830 Pater
2630 771 2702 835 ⁸⁸,
2734 792 2753 821 ι
2799 780 2886 821 me
2922 759 3210 816 visibilem.
3254 758 3322 810 At
3347 754 3492 809 enim

1923 885 2308 940 nonnunquam
2337 875 2533 939 praeter
2558 859 2882 920 sententiam
2919 854 3278 919 interpretor;
3307 845 3495 899 audia-

1922 980 2044 1020 mus
2090 937 2372 1031 sequentia
2405 977 2417 1013 :
2455 975 2475 1009 ι
2504 956 2657 1010 Sicut
2694 949 2843 1004 misit
2890 958 2975 998 me
3007 943 3194 996 vivens
3239 937 3431 1001 Pater;
3465 951 3488 985 ι

1922 1057 2012 1112 ille
2063 1030 2458 1124 interpretatur
2507 1045 2865 1104 divinitatem,
2915 1051 3014 1104 ego
3067 1030 3487 1088 humanitatem.

1919 1123 2226 1201 Videamus,
2255 1143 2504 1212 quisnam
2548 1144 2744 1206 praitcr
2787 1126 3114 1185 sententiam
3167 1123 3490 1212 interprete-

1923 1247 2028 1292 tur.
2086 1235 2230 1290 Dicit
2271 1207 2572 1302 :liaereticus
2623 1227 2725 1280 hoc
2801 1216 3325 1288 loco,diviuitatem.
3384 1207 3486 1261 hli-

1917 1327 1989 1382 sit
2032 1342 2140 1391 me,
2187 1326 2361 1394 ipsum
2411 1320 2582 1377 Deum
2636 1315 2889 1372 Verbum.
2948 1328 2968 1361 ι
3001 1307 3154 1362 Sicut
3200 1303 3348 1358 misit
3402 1314 3490 1354 me

1920 1420 2109 1475 vivens
2147 1417 2328 1481 Pater,
2363 1433 2383 1468 ι
2417 1410 2643 1484 perinde
2675 1416 2839 1476 atque
2885 1403 2974 1458 ille
3001 1409 3054 1456 et
3108 1416 3126 1450 ι
3158 1411 3257 1466 ego
3287 1394 3430 1459 vivo,
3463 1408 3483 1443 ι

1921 1512 2064 1567 Deus
2117 1508 2382 1570 Verbum,
2426 1521 2446 1556 t
2485 1509 2704 1571 propter
2747 1496 2982 1551 Patrem.
3016 1511 3036 1544 ι
3088 1488 3289 1544 Deinde
3335 1492 3488 1556 post-

1917 1605 2076 1660 lttec:
2113 1618 2132 1654 ι
2163 1598 2228 1654 Et
2271 1596 2361 1666 qui
2411 1591 2702 1649 manducat
2745 1601 2871 1652 me,
2929 1594 2985 1640 et
3030 1583 3143 1653 ipse
3191 1579 3336 1633 vivet
3354 1577 3430 1642 ⁸⁷;
3457 1593 3479 1628 ι

1917 1705 2080 1764 quem
2125 1688 2343 1744 tandem
2385 1681 2797 1746 manducamus,
2842 1673 3200 1735 divinitatem,
3243 1683 3311 1724 an
3361 1681 3486 1722 car-

1915 1797 2038 1839 ncm
2057 1777 2120 1852 ί]

2565 1905 2718 1965 CAP.
2762 1902 2853 1961 Ν.

1986 2053 2166 2111 Solam
2201 2065 2330 2123 ergo
2356 2048 2578 2105 missam
2605 2045 2773 2102 fuisse
2805 2054 3022 2098 carnem
3043 2039 3199 2104 dicis,
3227 2046 3281 2092 et
3310 2037 3482 2105 ipsam

1914 2159 2035 2200 esse
2063 2143 2269 2199 asseris
2300 2157 2424 2196 cum
2460 2141 2554 2210 qui
2587 2134 2840 2192 videtur?
2876 2131 3021 2188 Satis
3045 2139 3128 2186 est
3160 2140 3288 2198 ergo
3318 2127 3480 2181 etiam

1917 2237 1970 2292 id
2005 2235 2177 2291 solum
2207 2232 2362 2288 nobis
2394 2231 2460 2286 ad
2496 2224 2874 2284 viviﬁcandam
2917 2231 3162 2276 naturam
3202 2217 3486 2289 tyrannide

1915 2327 2104 2382 mortis
2142 2335 2481 2393 oliprcssam.
2531 2319 2670 2386 Quid
2714 2331 2844 2387 ergo
2891 2312 3085 2368 divinae
3123 2309 3340 2363 Litterae
3372 2307 3485 2359 fru-

1913 2429 2025 2473 stra
2069 2414 2342 2480 occinunt,
2383 2413 2509 2468 dum
2551 2423 2769 2464 carnem
2826 2406 3030 2460 factum
3074 2402 3246 2470 ipsum
3278 2413 3340 2451 ex
3375 2396 3485 2450 Deo

1913 2507 2075 2563 Patre
2125 2505 2387 2568 Verbum,
2433 2515 2647 2556 sursum
2691 2501 2944 2554 deorsum
2998 2490 3309 2548 aﬂirmaut‘l
3354 2489 3485 2554 Quis

1913 2594 2058 2651 enim
2103 2608 2329 2664 prorsus
2375 2590 2539 2646 Verbi
2575 2588 2740 2644 fuerit
2779 2602 2929 2651 usus,
2971 2585 3016 2640 si
3056 2583 3210 2638 nobis
3251 2583 3482 2635 humana

1912 2694 2129 2749 natura,
2155 2680 2370 2736 etiamsi
2403 2680 2515 2734 sola
2547 2688 2601 2734 et
2627 2693 2722 2748 per
2747 2693 2805 2732 se
2829 2676 3117 2745 COgitctur,
3148 2672 3280 2726 satis
3304 2680 3386 2725 est
3416 2670 3482 2722 ad

1912 2786 2140 2832 mortem
2191 2771 2573 2828 destruendam
2648 2779 2702 2824 et
2779 2766 3145 2835 corruptionis
3196 2761 3480 2832 imperium

1911 2865 2258 2922 evertendam
2278 2863 2302 2917 ?
2323 2864 2401 2917 Ac
2425 2861 2503 2927 si,
2536 2871 2594 2915 ut
2629 2870 2814 2929 putas,
2833 2867 2887 2913 et
2913 2859 3254 2912 sentiendum
3272 2869 3481 2919 censes,

1912 2959 2111 3012 missus
2157 2964 2240 3010 cst
2290 2969 2399 3009 non
2450 2955 2565 3023 ipse
2614 2951 2756 3006 Deus
2799 2950 3056 3012 Verbum,
3099 2963 3163 3002 eo
3209 2949 3351 3016 quod
3399 2953 3485 3000 est

1913 3049 2084 3103 nostri
2115 3048 2289 3101 simile
2313 3046 2534 3110 factum,
2560 3044 2653 3099 sed
2676 3041 2812 3105 sola,
2838 3049 2898 3095 ut
2921 3039 3129 3102 dixisti,
3161 3039 3324 3092 missa
3347 3048 3431 3091 est
3451 3052 3482 3090 a

1920 3141 2079 3210 109
2114 3139 2277 3193 Patre
2315 3151 2444 3192 caro
2480 3133 2731 3199 visibilis,
2772 3132 3040 3201 quomodo
3065 3145 3170 3185 non
3205 3131 3276 3184 sit
3301 3129 3482 3183 omni-

1917 3238 2013 3288 lius
2040 3234 2407 3304 perspicuum,
2456 3229 2675 3283 humani
2707 3225 2953 3296 corporis
2983 3225 3482 3295 proprietatuinque

1914 3330 2216 3376 nostrarum
2251 3319 2397 3372 nullo
2427 3331 2646 3388 prorsus
2677 3316 2837 3369 modo
2871 3313 3332 3384 participationem
3368 3311 3482 3363 lia—

1912 3411 2266 3467 lmiSSe?Cur
2313 3424 2442 3480 ergo
2478 3407 2604 3462 alibi
2658 3407 2854 3461 irrides
2886 3420 2980 3460 eos
3021 3407 3113 3474 qui
3166 3403 3218 3457 in
3257 3415 3321 3457 ea
3355 3407 3483 3455 sunt

1909 3503 2206 3573 opinione?
2232 3518 2355 3556 nam
2393 3499 2573 3556 dixisti
2609 3513 2820 3554 rursum
2859 3515 2873 3552 :

1980 3678 2264 3750 [Νεετοιι.
2297 3677 2477 3732 Dicam
2527 3678 2687 3731 etiam
2743 3673 2882 3729 illius
2911 3670 3146 3727 scandali
3192 3669 3386 3734 verba;
3413 3671 3481 3724 de

1909 3785 2004 3823 sua
2040 3785 2201 3824 carne
2253 3771 2509 3823 Dominus
2541 3767 2786 3821 Christus
2821 3779 2945 3818 cum
2992 3761 3095 3816 illis
3128 3761 3427 3815 disserebat
3459 3778 3477 3816 :

1914 3878 1934 3911 ‹
1969 3859 2078 3913 Nisi
2112 3857 2585 3919 manducaveritis,
2610 3856 2801 3925 inquit,
2837 3868 3056 3910 carnem
3079 3851 3198 3906 Filii
3221 3852 3478 3920 hominis,

1907 3956 1962 4002 et
2010 3947 2253 4002 biberitis
2305 3947 2422 4017 ejus
2466 3946 2820 4018 sanguinem,
2854 3957 2959 3996 non
3009 3940 3272 3995 habebitis
3313 3941 3478 3994 vitam

1909 4039 1963 4092 in
1990 4038 2142 4093 vobis
2162 4037 2230 4091 ⁸⁸.
2272 4055 2291 4090 ι
2326 4037 2626 4093 Verborum
2654 4036 3032 4092 sublimitatem
3059 4031 3147 4100 qui
3177 4031 3478 4097 audierant,

1908 4145 2014 4183 non
2054 4129 2332 4183 tulerunt:
2366 4131 2625 4197 putabant
2649 4142 2718 4182 ex
2748 4125 2958 4183 inscitia
2981 4163 2996 4179 .
3033 4121 3180 4178 illum
3240 4124 3470 4178 autbro-

1907 4219 2231 4290 popltagiam
2257 4219 2504 4275 suadere.
2545 4218 2566 4291 ]

2568 4352 2720 4410 CAP.
2757 4351 2817 4409 V.

1979 4466 2142 4536 Atqui
2165 4481 2226 4521 ea
2263 4480 2349 4521 res
2375 4467 2644 4535 quomodo
2675 4482 2780 4522 non
2817 4476 2962 4522 certa
2989 4468 3058 4523 sit
3081 4466 3480 4538 antliropopba-

1910 4560 1993 4630 gia
2016 4559 2039 4612 2
2065 4573 2173 4627 quo
2200 4571 2329 4612 vero
2359 4557 2517 4613 modo
2545 4557 2775 4614 sublime
2799 4559 2976 4614 adhuc
2997 4557 3102 4613 erit
3123 4558 3249 4612 illud
3280 4567 3480 4628 mystc-

1907 4651 2082 4713 rium,
2121 4650 2166 4705 si
2213 4665 2318 4704 non
2373 4651 2542 4718 ipsum
2603 4663 2666 4706 ex
2707 4650 2818 4705 Deo
2867 4649 3030 4706 Patre
3085 4648 3321 4706 Verbum
3357 4664 3481 4705 esse

1908 4743 2131 4796 missum
2181 4740 2512 4805 dixerimus,
2553 4749 2608 4797 et
2653 4741 2924 4796 missionis
2977 4741 3192 4796 modum
3245 4739 3478 4795 confessi

1921 4834 2181 4890 fuerimus
2217 4849 2338 4889 esse
2401 4834 2572 4903 ipsam
2631 4833 3070 4889 humanationem
3107 4832 3130 4884 ?
3161 4828 3296 4883 Tum
3334 4829 3478 4884 enim

1906 4924 2208 4979 videbimus
2246 4923 2554 4979 viviﬁcandi
2596 4925 2702 4978 vim
2757 4925 2958 4980 habere
2992 4922 3196 4976 unitam
3229 4919 3330 4989 ipsi
3354 4933 3478 4973 ear-

1908 5028 2067 5079 nem,
2111 5024 2166 5070 et
2209 5029 2313 5068 non
2367 5015 2596 5072 alterius
2658 5028 2915 5080 carnem,
2947 5013 3040 5068 sed
3093 5011 3288 5066 factam
3336 5010 3482 5064 illius

1908 5103 2218 5173 propriam,
2255 5105 2344 5174 qui
2409 5104 2588 5159 omnia
2652 5104 2926 5160 viviﬁcare
2990 5111 3186 5171 potest.
3247 5101 3380 5155 Nam
3433 5102 3480 5156 si

1909 5194 2051 5264 ignis
2087 5194 2177 5251 hic
2221 5195 2492 5252 sensibilis
2532 5196 2637 5251 vim
2677 5209 2789 5251 suae
2839 5195 3098 5251 naturalis
3146 5193 3478 5265 operationis

1486 5498 1645 5555 ANT.
1687 5498 1960 5554 AGELLII
1998 5498 2228 5556 NOTA'J.

296 5651 414 5719 (ειη
463 5647 811 5716 Coujeceram
866 5647 1119 5716 γέγονεν;
1162 5646 1256 5701 sed
1307 5645 1516 5719 videtur
1576 5643 1796 5719 mutilus

220 5714 482 5776 loetis'et
531 5714 1094 5786 cerruptttsadeesse
1145 5720 1286 5771 enim
1340 5714 1795 5786 vide_tur_aliquid

218 5792 370 5864 quod
415 5782 785 5856 pertineat'ad
809 5786 966 5844 Verbi
1007 5794 1352 5854 naturam,ut
1390 5784 1478 5836 καί
1520 5782 1627 5838 τῶν
1661 5784 1781 5852 ἡμε-

1901 5645 2097 5720 τέρων,
2130 5642 2322 5720 τῶν.δέ
2350 5647 2635 5720 θειοτέρων
2664 5650 2784 5703 κατ’
2811 5649 3000 5720 οὐδένα
3048 5648 3324 5720 παντελῷς
3352 5649 3476 5720 τρό-

1903 5717 2094 5801 πον’ὲν
2111 5715 2347 5838 μεθέξει
2395 5715 2696 5790 γεγόναμεν
2721 5738 2734 5751 ·
2776 5720 2860 5778 vel
2910 5718 3005 5774 τοῦ
3047 5719 3103 5776 δὲ
3131 5718 3267 5774 Θεοῦ
3298 5715 3474 5791 Λόγου

1903 5802 2002 5838 κατ
2045 5801 2250 5838 ουοενα.
2282 5803 2310 5838 e
2337 5801 2384 5838 c.

1903 5802 2002 5838 κατ
2045 5801 2250 5852 auos-nt,
2282 5801 2384 5842 etc.
