4088 6462
588 342 687 402 191
730 350 733 353 ‘

1575 331 1634 386 S.
1676 328 1953 387 CYRILLI
1991 323 2462 388 ALEXANDRINI
2498 324 2817 382 ARClllEi‘.

3742 327 3839 383 I92

588 459 640 511 in
697 447 953 505 materias
998 444 1238 502 immittit
1287 444 1353 499 ad
1386 424 1520 514 quas
1559 446 1882 508 accesserit,
1933 444 2067 499 adeo
2106 451 2166 496 ut

2280 440 2493 511 Ξύναμιν
2521 441 2641 503 ταῖς
2675 438 2827 502 ’ὑλαις
2855 438 3061 509 ἐνίησιν
3085 434 3172 501 αἶς
3199 440 3263 493 ἄν
3290 440 3533 507 φαίνοιτο
3576 457 3839 509 προσομι·

586 556 778 614 aquam
812 542 984 609 ipsam
1037 537 1249 594 tametsi
1299 551 1364 591 ex
1397 546 1588 592 natura
1640 550 1739 590 sua
1785 535 2034 606 frigidam
2059 577 2073 601 ,
2099 534 2166 588 ad

583 633 901 704 qualitatem
932 644 1053 698 qua:
1096 637 1287 697 prmter
1315 639 1558 683 naturam
1591 627 1756 696 ipsius
1780 634 1863 681 est
1883 664 1898 690 ,
1936 623 2165 678 transfe-

587 732 693 789 rat,
721 732 778 778 et
819 720 1051 777 calidam
1095 719 1260 775 faciat
1289 736 1308 784 ;
1342 719 1471 787 quid
1508 717 1735 782 mirum,
1777 730 1952 787 quove
2008 713 2165 769 modo

588 812 902 868 incredibile
935 810 1213 872 videatur,
1237 808 1282 863 si
1305 812 1476 873 ipsum
1507 822 1574 862 ex
1603 806 1714 863 Deo
1742 805 1901 860 Patre
1933 804 2166 860 Verbum

590 922 717 961 eum
752 905 824 960 sit
847 904 962 972 ipsa
1012 902 1121 957 vita
1152 900 1445 956 secundum
1493 908 1762 965 naturam,
1797 911 2017 952 carnem
2065 896 2165 950 sibi

592 996 797 1051 inritam
818 993 1084 1048 viviﬁcam
1118 990 1349 1047 reddidit
1378 992 1402 1044 ἲ
1430 990 1642 1060 pr0pria
1668 1004 1899 1059 namque
1923 988 2040 1058 ejus
2062 997 2164 1052 est,

589 1094 647 1140 et
679 1098 786 1138 non
808 1082 1034 1138 alterius
1058 1079 1355 1150 cuiuspiam
1385 1081 1452 1136 ab
1470 1094 1535 1136 eo
1558 1080 1778 1144 diversi,
1816 1079 1907 1149 qui
1935 1079 2161 1134 seorsim

594 1176 921 1245 intelligatur
942 1212 958 1237 ,
987 1182 1044 1231 et
1071 1173 1471 1228 uniusenostro
1500 1187 1723 1227 numero
1746 1171 1999 1226 hominis.
2032 1169 2164 1224 Cum

593 1274 772 1319 autem
810 1264 877 1319 ab
916 1262 1001 1318 illa
1032 1278 1153 1318 cum
1184 1275 1409 1332 corpore
1442 1262 1668 1332 mystica
1705 1276 1939 1330 veraque
1969 1261 2169 1314 unione

594 1358 864 1412 viviiicum
888 1354 979 1411 Dei
998 1352 1229 1408 Verbum
1251 1353 1571 1423 segregaris,
1594 1360 1648 1407 ct
1667 1352 1886 1407 omnino
1900 1351 2169 1421 disjunxc-

597 1449 694 1513 ris,
712 1447 981 1517 quomodo
1004 1447 1177 1515 ipsum
1200 1458 1394 1510 corpus
1412 1441 1586 1496 adhuc
1604 1440 1872 1494 viviﬁcum
1899 1440 2172 1495 ostendes?

597 1538 730 1605 Quis
760 1553 919 1608 porro
950 1538 1036 1592 ille
1062 1544 1145 1590 est
1174 1535 1265 1604 qui
1298 1534 1430 1589 dicit
1458 1547 1472 1583 :
1510 1550 1529 1583 ι
1564 1532 1664 1598 Qui
1691 1532 1977 1587 manducat
1997 1548 2168 1585 meam

597 1644 848 1695 carnem,
879 1638 934 1684 et
958 1627 1092 1683 bibit
1126 1640 1302 1681 meum
1353 1624 1668 1692 sanguinem
1696 1666 1711 1691 ,
1750 1623 1802 1676 in
1836 1637 1921 1677 me
1967 1633 2169 1686 manet,

597 1728 653 1773 et
692 1734 791 1788 ego
842 1720 892 1774 in
938 1719 1041 1775 eo?
1075 1737 1093 1770 ι
1134 1716 1266 1771 Nam
1309 1716 1355 1771 si
1401 1716 1563 1770 homo
1615 1715 1880 1785 quispiam
1920 1714 2167 1778 seorsim,

2268 528 2391 583 λοῦν
2419 548 2432 561 ·
2481 531 2578 584 καὶ
2623 529 2755 584 αὐτὸ
2803 529 2859 582 δὲ
2904 528 2966 581 τὸ
3013 528 3182 600 ὕδωρ,
3235 530 3413 584 καίτοι
3458 530 3664 601 ψυχρὸν
3705 531 3840 584 κατά

2269 621 2429 688 φύσιν
2462 620 2725 690 ὑπάρχον,
2774 619 3058 689 μεθίστησι
3093 618 3230 689 πρὸς
3270 619 3330 671 τὸ
3356 619 3510 690 παρά
3542 620 3724 689 φύσιν,
3751 622 3841 673 καὶ

2270 710 2469 782 θερμὸν
2495 709 2784 763 ἀποτελεῖ·
2809 708 2863 761 τί
2892 708 2954 761 τὸ
2989 708 3292 777 παράδοξον
3314 748 3329 773 ,
3372 709 3676 763 ἀπιστείτω
3710 709 3836 781 [ισ.

2278 800 2594 871 ἀπιστοῐτο]
2618 801 2663 854 δ’
2694 800 2761 854 ἂν
2794 798 2936 855 κατά
2966 800 3089 855 τίνα
3141 800 3343 871 τρόπον
3366 802 3400 870 ἡ
3436 799 3559 871 [ισ,
3602 800 3689 871 εί]
3730 799 3841 869 ζωὴ

2270 894 2410 947 κατά
2438 892 2600 962 φύσιν
2626 891 2888 962 ὑπάρχων
2928 893 2957 945 6
3001 891 3067 946 ὲκ
3113 892 3250 946 Θεοῦ
3294 892 3507 963 Πατρὸς
3535 892 3706 960 Λόγος
3742 892 3841 960 τήν

2270 983 2564 1038 ένωθείσαν
2604 980 2754 1052 αὐτῷ
2800 980 3003 1051 σάρκα,
3059 979 3321 1044 ζωοποιδν
3352 970 3665 1051 ἀπέφηνεν;
3737 976 3840 1031 ίδία

2269 1075 2377 1145 γάρ
2402 1075 2549 1126 ἐστιν
2580 1071 2747 1127 αὐτοῦ
2795 1071 2892 1126 καὶ
2941 1072 3042 1141 οὐχ
3078 1070 3266 1141 ἐτέρου
3310 1069 3457 1133 τινὸς
3504 1069 3636 1139 παρ’
3680 1068 3840 1122 αὐτὸν

2271 1166 2374 1220 ἁ·ιά
2404 1165 2565 1236 μέρος
2594 1180 2653 1217 τε
2682 1162 3000 1233 νοουμένου,
3052 1162 3147 1217 καὶ
3183 1161 3296 1218 τῶν
3333 1162 3458 1216 καθ’
3504 1163 3653 1232 ἡμᾶς
3700 1161 3835 1225 ἑνός.

2282 1257 2624 1325 ’Λποστήσας
2648 1254 2704 1308 δὲ
2736 1253 2839 1324 τῆς
2873 1254 3009 1325 πρὸς
3037 1254 3098 1308 τὸ
3129 1253 3290 1326 σῶμα
3322 1256 3591 1325 μυστικῆς
3637 1271 3697 1307 τε
3748 1253 3841 1307 καὶ

2272 1347 2503 1418 ἀληθοῦς
2533 1346 2781 1410 ένὼσεως
2816 1345 2910 1400 τὸν
2933 1345 3199 1411 ζωοποιδν
3228 1345 3323 1399 τοῦ
3362 1344 3499 1400 Θεοῦ
3529 1346 3723 1413 Λόγον,
3752 1345 3844 1398 καὶ

2271 1439 2478 1505 διιστὰς
2514 1438 2844 1510 ὁλοτρόπως,
2896 1437 3015 1501 πῶς
3056 1438 3124 1492 ἂν
3169 1436 3301 1490 αὐτὸ
3349 1436 3719 1501 καταδείξειας
3762 1437 3843 1489 ἔτι

2274 1533 2535 1597 ζωοπυιόν
2560 1550 2574 1597 ;
2602 1531 2699 1594 Τίς
2723 1530 2779 1583 δὲ
2806 1526 2874 1601 ἦν
2903 1532 2931 1583 6
2960 1530 3154 1598 λέγων,
3198 1550 3215 1581 ι
3249 1529 3307 1582 ὐ
3334 1528 3561 1600 τρώγων
3603 1546 3707 1599 μου
3745 1529 3845 1599 τὴν

2276 1624 2472 1695 σάρκα,
2506 1623 2598 1677 καὶ
2630 1622 2798 1677 πίνων
2826 1639 2927 1691 μου
2962 1620 3022 1675 τὸ
3050 1617 3211 1691 αἷμα,
3250 1621 3308 1673 ὲν
3335 1621 3458 1691 ἐμοὶ
3486 1620 3657 1689 μένει,
3690 1619 3845 1686 κάγὼ

2274 1718 2331 1769 ὲν
2359 1715 2507 1784 αὐτῷ
2531 1732 2545 1781 ;
2577 1734 2594 1766 ι
2630 1717 2680 1768 εί
2706 1714 2803 1784 μὲν
2830 1709 2921 1767 οῦν
2947 1713 3232 1784 ἄνθρωπός
3255 1730 3341 1776 τις
3372 1712 3574 1776 ίδικῶς,
3605 1711 3699 1765 καὶ
3722 1710 3842 1779 οὐχὶ

599 1820 779 1863 etnon
819 1810 997 1880 potius
1030 1810 1203 1878 ipsum
1236 1807 1327 1862 Dei
1362 1807 1592 1862 Verbum
1638 1806 1837 1860 factum
1877 1815 1959 1861 est
1999 1805 2172 1860 simile

2280 1808 2338 1879 δὴ
2394 1775 2593 1878 μᾶλλον
2644 1775 2836 1875 γέγονε
2904 1775 3219 1875 καθ’-ημᾶς
3268 1805 3296 1855 6
3326 1775 3432 1857 τοῦ
3469 1775 3605 1855 Θεοῦ
3649 1775 3841 1869 Λόγος.

601 1902 774 1965 nobis,
814 1917 899 1957 res
931 1902 1043 1970 ipsa
1077 1916 1195 1970 quae
1218 1900 1441 1970 geritur,
1477 1898 1941 1969 anthrOpophagia
1965 1899 2088 1962 erit,
2121 1907 2171 1951 et

601 1989 803 2043 inutilis
834 1990 1056 2044 omnino
1093 1990 1180 2042 illa
1217 1987 1577 2056 participatio.
1627 1986 1801 2057 Ipsum
1833 1988 1975 2042 enim
2016 1986 2173 2041 Chri-

599 2090 740 2134 stum
763 2080 1027 2135 dicentem
1045 2079 1205 2134 audio
1233 2098 1248 2135 :
1277 2096 1296 2130 ι
1319 2078 1459 2134 Caro
1486 2094 1591 2133 non
1616 2078 1834 2147 prodest
1853 2077 2170 2147 quidquam,

602 2173 822 2241 spiritus
840 2180 921 2227 est
958 2171 1050 2241 qui
1074 2170 1310 2226 viviﬁcat
1336 2169 1380 2201 ⁸⁹
1408 2171 1475 2224 ⁸ο.
1518 2188 1536 2220 ι
1578 2169 1733 2236 Quod
1780 2170 1921 2225 enim
1954 2170 2021 2225 ad
2058 2170 2174 2239 ejus

600 2273 847 2319 naturam
893 2262 1510 2332 attinet,corruptibilis
1556 2260 1772 2333 quidem
1816 2270 1898 2317 est
1926 2276 2054 2317 caro
2078 2301 2095 2328 ,
2122 2271 2177 2316 et

602 2353 750 2409 nullo
780 2354 937 2408 modo
966 2353 1258 2409 viviﬁcabit
1290 2353 1452 2417 alios,
1488 2368 1611 2409 cum
1667 2352 1990 2410 intrinsecus
2024 2354 2174 2426 (9.8)

603 2447 963 2515 corruptionis
1014 2448 1200 2501 morbo
1261 2447 1489 2502 laboret.
1549 2446 1699 2514 Quod
1728 2447 1772 2503 si
1805 2463 1999 2519 corpus
2049 2465 2174 2520 pro-

609 2537 785 2604 prium
827 2552 945 2592 esse
999 2537 1168 2606 ipsius
1224 2536 1379 2592 Verbi
1418 2537 1738 2606 dicis,quid
1770 2547 2074 2606 portcntose
2115 2556 2176 2595 ac

606 2635 812 2683 temere
844 2630 1080 2699 loqueris
1102 2670 1118 2697 ,
1159 2640 1320 2699 atque
1348 2630 1629 2687 contendis
1654 2646 1763 2687 non
1789 2646 1910 2688 esse
1954 2633 2175 2688 missum

608 2720 779 2787 ipsum
830 2737 893 2776 ex
941 2721 1048 2776 Deo
1098 2721 1258 2778 Patre
1291 2720 1565 2789 Verbum,
1598 2725 1692 2780 sed
1726 2724 1876 2780 illum
1911 2725 2174 2781 visibilem

608 2824 665 2866 nt
690 2812 759 2867 ab
787 2829 851 2868 eo
874 2814 1165 2879 diversum,
1193 2829 1287 2870 seu
1321 2828 1540 2870 carnem
1572 2814 1715 2871 illius
1744 2816 1907 2885 110
1932 2817 2177 2885 quamvis

607 2921 772 2958 unum
807 2904 1076 2959 Christum
1114 2907 1291 2961 divina
1344 2906 1622 2977 Scriptura
1655 2907 1852 2978 ubique
1901 2908 2177 2977 prmdiccl,

607 3008 663 3053 et
713 2999 983 3053 hominem
1030 2999 1198 3053 nostri
1250 2999 1479 3057 similem
1542 2999 1740 3055 factum
1777 3014 1900 3055 esse
1946 2999 2178 3055 Verbum

2273 1900 2707 1972 ἀνθρωποφαγία
2742 1899 2803 1953 τὸ
2824 1898 3124 1970 δρώμενον,
3160 1898 3256 1951 καὶ
3282 1896 3538 1966 ἀνόνητος
3569 1893 3843 1955 παντελῶς

2276 1995 2309 2062 ἡ
2339 1992 2572 2063 μέθεξις.
2606 1990 2781 2043 Αὑτοῦ
2806 1989 2913 2062 γάρ
2940 1990 3125 2044 ἀκούω
3158 1989 3410 2061 λέγοντος
3446 1988 3541 2041 τοῦ
3568 1984 3805 2057 Χριστοῦ
3828 2002 3839 2012 ·

2283 2106 2299 2135 ι
2324 2084 2387 2137 Ἡ
2417 2083 2553 2155 σάρξ
2577 2084 2677 2137 οὐκ
2707 2081 2908 2151 ὠφελεῖ
2940 2081 3095 2136 οὐδέν
3117 2099 3129 2111 ·
3157 2080 3219 2135 τὸ
3242 2080 3461 2151 πνεῦμά
3492 2080 3609 2131 ἐστι
3632 2078 3693 2130 τὸ
3714 2077 3844 2141 ζωο-

2277 2175 2483 2230 ποιοῦν.
2516 2194 2533 2227 ι
2558 2177 2681 2230 ὅσον
2707 2177 2814 2246 γάρ
2836 2170 2970 2247 ἧκεν
2996 2176 3074 2238 είς
3107 2174 3246 2228 ίδίαν
3275 2174 3460 2241 φύσιν,
3497 2170 3715 2239 φθαρτὴ
3746 2166 3844 2237 μὲν

2278 2270 2311 2339 ή
2340 2268 2504 2338 σάρξσ
2553 2268 2880 2338 ζωοποιήσει
2918 2267 2973 2321 δὲ
3004 2268 3123 2320 κατ’
3152 2266 3346 2319 οὐδένα
3375 2264 3572 2333 τρόπον
3604 2262 3844 2332 ἐτέρους,

2276 2355 2489 2411 οἴκοθεν
2526 2357 2670 2427 αὑτὴ
2702 2356 2933 2410 νοσοῦσα
2970 2355 3067 2427 τὴν
3102 2355 3330 2427 φθοράν.
3363 2356 3425 2408 Ei
3465 2354 3521 2407 δὲ
3561 2352 3728 2406 αὑτοῦ
3754 2351 3846 2403 τοῦ

2277 2448 2451 2517 Λόγου
2484 2448 2546 2503 τὸ
2592 2448 2752 2518 σῶμα
2803 2449 2935 2502 ἴδιον
2985 2444 3123 2500 εἶναι
3172 2445 3301 2518 φὴς,
3347 2446 3400 2499 τί
3448 2443 3713 2517 τερατεῦῃ
3757 2444 3849 2495 καὶ

2278 2541 2669 2610 είκαιομυοεῖς,
2723 2540 2825 2592 οὐκ
2878 2538 3042 2592 αὐτὸν
3094 2536 3432 2593 ἀπεστάλθαι
3475 2536 3566 2590 τὸν
3609 2537 3673 2589 ἐκ
3715 2534 3848 2587 Θεοῦ

2279 2631 2490 2701 Πατρὸς
2530 2630 2702 2699 Λόγον
2752 2630 3174 2701 διατεινόμενον,
3227 2627 3342 2682 ἀλλ’
3390 2628 3463 2692 ὡς
3511 2626 3698 2697 ἕτερόν
3732 2644 3851 2678 τινα

2278 2722 2407 2793 παρ’
2434 2720 2619 2787 αὐτὸν,
2654 2720 2748 2775 τὸν
2775 2720 3071 2791 ὁρώμενον,
3118 2721 3235 2791 ἤτοι
3280 2719 3380 2790 τὴν
3423 2718 3607 2787 σάρκα
3642 2716 3809 2769 αὐτοῦ
3836 2731 3847 2743 ’

2280 2814 2455 2869 καίτοι
2496 2812 2733 2883 Χριστὸν
2778 2812 2873 2866 ἕνα
2926 2816 3023 2883 τῆς
3062 2811 3420 2866 θεοπνεύστου
3472 2811 3697 2882 Γραφῆς
3739 2809 3853 2862 δια⁹

2281 2904 2492 2976 ϐοώσης
2520 2904 2820 2975 πανταχοῦ,
2856 2904 2949 2959 καὶ
2975 2906 3260 2976 ἄνθρωπον
3282 2904 3401 2958 καθ’
3425 2906 3569 2974 ἡμᾶς
3600 2904 3853 2971 γενέσθαι

2280 2996 2371 3050 τὸν
2402 2996 2595 3065 Λόγον,
2622 2992 2683 3050 εὖ
2724 2995 2871 3065 μάλα
2901 2996 3410 3066 διαϐεϐαιουμένης,
3447 2994 3659 3065 καὶτῆς
3688 2992 3852 3063 ὀρθῆς

610 3104 827 3157 prorsus
851 3088 1081 3142 allirmct
1104 3127 1119 3154 ,
1149 3103 1213 3143 ac
1258 3099 1415 3145 recta:
1456 3090 1577 3143 [idei
1622 3091 1839 3145 traditio
1863 3091 1947 3146 bis
1972 3091 2171 3147 ﬁnibus

2281 3088 2520 3152 πίστεως
2544 3086 2642 3158 τὴν
2671 3088 2969 3157 παράδοσιν
2992 3087 3323 3159 ὁριζομένης
3345 3088 3404 3141 ὲν
3434 3086 3679 3152 τούτοις;
3717 3084 3854 3138 Ἀλλ’

607 3180 948 3235 contineatur
975 3180 998 3232 ?
1034 3180 1138 3235 Sed
1172 3180 1334 3236 nimia
1358 3182 1643 3237 admodum
1680 3180 1939 3251 religione
1968 3197 2182 3251 permo-

609 3283 695 3326 tus
746 3271 1047 3337 erubescit,
1094 3283 1151 3326 ut
1199 3272 1491 3327 verisimile
1542 3282 1649 3337 est,
1677 3273 1742 3330 de
1794 3275 2181 3331 exinanitionis

608 3377 892 3429 mensura,
926 3374 981 3417 et
1010 3364 1119 3417 Deo
1167 3373 1222 3419 et
1271 3362 1415 3418 Patri
1468 3373 1791 3419 comternum
1856 3364 2087 3431 Filium,
2126 3365 2181 3421 in

608 3454 796 3508 eadem
820 3469 940 3508 cum
964 3454 1220 3510 Genitore
1241 3455 1407 3509 forma
1433 3466 1489 3511 et
1519 3458 1757 3512 omnium
1790 3473 1969 3514 rerum
1999 3474 2181 3529 aequa-

608 3546 791 3612 litate,
819 3546 1111 3600 demissum
1148 3548 1214 3601 ad
1246 3547 1598 3602 humilitatem
1636 3549 1819 3604 videre
1862 3566 1965 3605 non
2020 3553 2183 3606 susti-

611 3644 737 3702 net;
774 3646 991 3691 accusat
1036 3645 1215 3690 autem
1268 3636 1756 3706 dispensationem,
1832 3651 1887 3697 et
1940 3642 2181 3695 divinum

610 3723 841 3780 fortasse
902 3724 1409 3796 consilium,atque
1461 3729 1841 3796 cogitationem
1891 3732 2181 3801 reprehen-

609 3814 762 3868 sione
792 3829 981 3869 vacare
1016 3829 1119 3870 non
1152 3815 1373 3884 patitur.
1423 3817 1650 3874 Simulat
1688 3822 1829 3875 enim
1858 3824 1965 3878 vim
1994 3826 2181 3879 verbo-

609 3921 726 3961 rum
792 3906 990 3962 Christi
1052 3921 1110 3961 se
1166 3909 1490 3978 exquirere,
1545 3928 1610 3967 ac
1664 3914 1825 3969 veluti
1897 3916 2178 3971 ruminans

607 3996 1027 4063 profunditatem
1078 4001 1466 4056 sententiarum
1492 4041 1508 4067 ,
1547 4003 1742 4061 deinde
1786 4005 1929 4073 quod
1970 4021 1999 4061 a
2027 4007 2182 4065 nobis

609 4088 804 4144 dicitur
843 4106 909 4145 eo
936 4092 1237 4159 perducens
1260 4132 1277 4159 ,
1308 4093 1450 4149 sicut
1488 4094 1603 4162 ipse
1653 4105 1840 4166 putat,
1873 4106 1931 4152 ut
1952 4099 2183 4157 absurde

607 4188 663 4230 et
720 4180 967 4248 imperite
1002 4182 1205 4237 dictum
1238 4184 1502 4241 videatur.
1539 4203 1562 4239 ι
1600 4185 1927 4255 Videamus,
1975 4190 2176 4260 inquit,

609 4269 855 4337 quisnam
890 4282 1085 4338 prmter
1135 4276 1459 4331 sententiam
1499 4276 1928 4349 interpretetur:
1970 4298 1990 4332 ι
2030 4280 2181 4338 Sicut

618 4382 636 4412 σ
666 4362 809 4416 misit
834 4379 919 4417 me
950 4364 1135 4419 vivens
1170 4366 1361 4432 Pater;
1396 4387 1417 4421 ο
1453 4383 1579 4422 nam
1603 4369 1852 4426 similiter
1880 4379 2043 4442 atque
2068 4373 2178 4439 ille,

2269 3183 2349 3236 ,ὲκ
2380 3182 2581 3253 πολλῆς
2606 3182 2747 3251 ἄγαν
2778 3181 3066 3245 εὐλαϐείας
3092 3180 3417 3252 ὲπερυθριᾷ,
3437 3179 3578 3234 κατά
3604 3180 3664 3233 τὸ
3689 3177 3855 3242 είκδς,

2283 3275 2394 3337 τοῖς
2422 3274 2523 3343 τῆς
2550 3275 2834 3337 κενώσεως
2866 3274 3109 3345 μέτροις,
3142 3275 3235 3328 καὶ
3259 3274 3359 3327 οὐκ
3392 3274 3644 3343 ἀνέχεται
3666 3272 3757 3326 τὸν
3783 3272 3858 3341 τῷ

2282 3365 2403 3437 Θεῷ
2437 3368 2532 3421 καὶ
2569 3366 2745 3438 Πατρὶ
2794 3366 3066 3421 συναῖδιον
3104 3368 3254 3433 Υἰὺν,
3302 3366 3392 3420 τὸν
3439 3368 3497 3419 ἐν
3538 3369 3722 3437 μορφῇ
3764 3366 3856 3420 καὶ

2287 3457 2491 3529 ἰσότητι
2529 3460 2595 3529 τῇ
2638 3459 2781 3512 κατά
2818 3460 2927 3513 πᾶν
2974 3459 3155 3513 ὁτιοῦν
3188 3459 3267 3529 τῷ
3318 3461 3695 3530 γεγεννηκότι,
3728 3460 3860 3513 καθ-

2286 3550 2509 3620 ιγμένον
2534 3551 2663 3604 ἰδεῖν
2694 3553 2775 3615 είς
2802 3551 3132 3605 ταπείνωσιν
3156 3566 3168 3576 ·
3210 3551 3481 3621 γράφεται
3504 3552 3561 3607 δὲ
3586 3553 3684 3624 τὴν
3718 3554 3860 3607 οἰκο-

2284 3639 2498 3709 νομίαν,
2546 3641 2639 3695 καὶ
2683 3640 2783 3711 τὴν
2830 3641 2982 3695 θείαν
3044 3641 3185 3710 τάχα
3234 3657 3338 3694 που
3394 3640 3594 3711 βουλήν
3645 3658 3704 3693 τε
3767 3643 3860 3695 καὶ

2287 3732 2486 3803 σκῆψιν
2515 3732 2626 3804 (‘29)
2654 3733 3042 3787 ἀκαταιτίατον
3060 3733 3161 3787 οὐκ
3186 3734 3271 3805 ἐᾷ.
3291 3733 3598 3802 Σκήπτεται
3625 3732 3725 3801 μὲν
3751 3733 3860 3802 γάρ

2284 3824 2758 3896 πολυπραγμονεῖν
2789 3824 2899 3878 τῶν
2944 3825 3254 3896 εἰρημένων
3294 3824 3445 3897 παρά
3485 3824 3723 3894 Χριστοῦ
3762 3825 3862 3899 τὴν

2282 3915 2528 3985 δύναμιν,
2580 3917 2672 3969 καὶ
2716 3911 2827 3969 οἷον
2866 3917 3337 3989 ἁναμασσὼμενος
3380 3916 3442 3970 τὺ
3487 3917 3596 3969 τῶν
3639 3917 3861 3969 ἐννοιῶν

2285 4006 2480 4076 βάθοςο
2520 4001 2640 4060 εἶτα
2685 4007 2993 4078 περιιστὰς,
3032 4008 3109 4073 ὡς
3147 4008 3339 4074 οἴεται,
3388 4008 3478 4062 τὸν
3530 4009 3662 4078 παρ’
3705 4008 3862 4077 ήμῶν

2284 4098 2460 4167 λόγον,
2507 4100 2587 4163 είς
2632 4099 2692 4153 τὺ
2737 4100 2983 4164 ἐκτόπως
3026 4101 3209 4155 τεκαὶ
3255 4100 3482 4171 ἀμαθῶς
3530 4100 3861 4169 πεποιῆσθαι

2282 4191 2781 4263 δοκεῖν.ιἹδωμεν,
2810 4192 2964 4262 φησι,
2994 4192 3075 4254 τίς
3106 4193 3135 4244 6
3160 4192 3641 4263 παρερμηνεύωνί
3660 4190 3860 4253 Καθὼς

2289 4303 2307 4335 ι
2342 4283 2632 4337 ἀπέστειλέ
2662 4300 2729 4353 με
2760 4285 2789 4336 6
2819 4283 2928 4348 ζῶν
2960 4283 3148 4353 Πατήρ
3172 4299 3221 4336 ἰ
3259 4284 3381 4336 κατ’
3414 4283 3670 4347 ὲκεῖνον,ι
3705 4279 3862 4348 κάγὼ

2290 4392 2307 4425 ι
2344 4372 2439 4439 ζῶ,
2471 4392 2489 4425 ι
2511 4373 2539 4424 6
2565 4373 2695 4437 Θεὸς
2726 4372 2948 4442 Λόγος,«
2975 4371 3061 4425 διὰ
3079 4371 3171 4424 τὸν
3192 4371 3435 4442 Πατέρασ
3455 4372 3547 4425 καὶ
3579 4372 3608 4422 6
3630 4370 3861 4441 τρώγων

617 4470 634 4500 ι
664 4465 762 4518 ego
792 4453 917 4508 vivo
953 4472 973 4506 ι
1026 4454 1166 4511 Deus
1209 4454 1444 4513 Verbum
1488 4476 1508 4510 ι
1546 4466 1769 4529 propter
1808 4459 2021 4519 Patrem
2054 4478 2069 4515 :
2126 4474 2175 4519 et

2297 4482 2313 4514 ι
2343 4479 2431 4533 με,
2458 4462 2710 4526 κάκεῖνος
2734 4462 3014 4531 ζήσεται.»
3042 4460 3177 4515 Τίνα
3201 4460 3587 4532 ἑσθίομεν.τὴν
3604 4460 3859 4529 θεότητα,

618 4562 635 4594 ι
665 4543 753 4611 qui
776 4545 1062 4602 manducat
1101 4562 1205 4612 me.
1236 4558 1293 4605 et
1317 4549 1407 4605 ille
1428 4551 1604 4619 vivet;
1646 4571 1666 4604 ι
1697 4567 1856 4623 quem
1885 4556 2178 4611 manduca-

614 4648 753 4696 mus,
776 4634 1129 4703 divinitatem,
1152 4652 1220 4692 an
1241 4643 1507 4698 carnem?
1528 4660 1547 4695 ο
1582 4641 1719 4698 Num
1750 4644 1962 4700 tandem
1987 4647 2174 4712 sentis,

612 4740 722 4793 quo
746 4741 898 4781 mens
924 4735 1012 4782 tua
1039 4728 1112 4783 sit
1150 4731 1270 4786 loco
1303 4732 1328 4786 ’ἒ
1354 4748 1478 4788 nam
1509 4748 1567 4790 se
1590 4736 1810 4792 missum
1844 4750 1965 4792 esse
1994 4737 2179 4793 dicens

613 4818 787 4883 ipsum
818 4817 908 4873 Dei
948 4819 1203 4887 Verbum,
1237 4842 1258 4875 ι
1290 4823 1356 4879 Ει
1386 4825 1481 4894 qui
1510 4826 1797 4883 manducat
1847 4843 1952 4896 me,
1982 4829 2175 4900 inquit,

611 4917 667 4957 ct
707 4906 797 4962 ille
824 4909 985 4965 vivet.
1040 4928 1061 4962 ν
1091 4911 1477 4971 Manducanms
1516 4926 1695 4974 autem
1741 4933 1872 4986 nos,
1902 4935 2005 4976 non
2041 4921 2181 4989 quod

685 5060 734 5091 "
773 5061 819 5092 ’°
858 5062 1010 5119 Joan.
1046 5082 1118 5131 vr,
1156 5067 1242 5121 64.

2287 4553 2322 4623 ἢ
2341 4554 2438 4625 τὴν
2468 4554 2679 4625 σάρκα;
2712 4570 2731 4607 ι
2770 4549 2896 4625 Ἆρ’
2929 4549 3022 4607 οὗν
3046 4551 3277 4624 αἰσθάνῃ
3302 4552 3486 4607 λοιπὸν
3503 4553 3625 4606 ὅποι
3659 4568 3785 4604 ποτε
3813 4547 3867 4603 εἴ

2286 4644 2541 4714 φρενῶν;
2588 4644 2927 4699 ἀπεστάλθαι
2966 4645 3076 4715 γάρ
3120 4644 3291 4713 λέγων
3334 4642 3522 4697 ἑαυτὸν
3547 4644 3575 4696 6
3602 4642 3695 4695 τοῦ
3722 4642 3860 4695 Θεοῦ

2286 4736 2484 4803 Λόγος,
2519 4755 2538 4787 ι
2561 4737 2673 4790 Καὶ
2697 4738 2727 4790 6
2748 4736 2977 4807 τρώγων
3004 4753 3093 4805 με,
3112 4736 3268 4805 φησι,
3296 4735 3545 4796 κάκεῖνος
3574 4733 3820 4802 ζήσεται.
3839 4752 3855 4783 ι

2299 4828 2585 4899 Ἐσθίομεν
2631 4829 2690 4882 δὲ
2727 4830 2908 4899 ἡμεῖς,
2957 4828 3023 4879 οὐ
3073 4828 3171 4897 τήν
3208 4826 3439 4897 θεότητα
3486 4822 3859 4885 δαπανῶντες,

2296 4922 2473 4991 ἄπαγε
2524 4923 2622 4992 τῆς
2671 4920 3011 4984 δυτϐουλίας,
3046 4917 3181 4972 ἀλλά
3213 4918 3313 4988 τὴν
3358 4916 3489 4970 ἰδίαν
3540 4914 3636 4968 τοῦ
3682 4912 3859 4981 Λόγου

1868 5201 2024 5255 ΛΝΤ.
2067 5203 2155 5257 AG
2167 5200 2337 5255 ELLll
2381 5203 2605 5259 NOTJJ.

690 5362 805 5431 (ἐκ)
860 5362 1185 5437 Intrinscciu
1256 5366 1438 5434 putavi
1482 5367 1801 5437 commode,
1840 5365 1973 5418 verti
2048 5379 2175 5431 quor

2292 5365 2456 5437 αὑτοῦ
2482 5368 2542 5419 τὸ
2570 5368 2810 5437 ἐνεργεῖν
2835 5367 3123 5429 δύνασθαι,
3153 5369 3462 5421 intrinsecus
3486 5377 3533 5420 et
3561 5382 3623 5420 ex
3654 5368 3716 5421 ’σε
3748 5366 3866 5435 ipso

617 5431 806 5484 Gratce
858 5444 961 5496 est,
1001 5431 1381 5503 otxoOsquno
1420 5434 1677 5487 adverbio
1730 5436 1899 5486 ntitnr
1942 5449 2190 5487 nonnun-

620 5516 782 5564 quam
814 5512 1003 5555 auctor
1032 5504 1082 5556 in
1132 5504 1229 5556 liae
1276 5506 1318 5557 si
1363 5503 1688 5567 nitieatione,
1719 5514 1776 5555 nt
1813 5504 1906 5555 lib.
1946 5518 2019 5566 tv,
2069 5518 2188 5570 pag.

620 5570 691 5622 98
717 5583 730 5621 :
754 5569 964 5623 οἴκοθεν
994 5567 1087 5624 οὖν
1124 5574 1231 5625 ἄρα
1265 5521 1358 5625 κάξ
1403 5574 1529 5625 παρ’
1564 5572 1728 5625 αὑτοῦ
1766 5573 1825 5625 τὸ
1857 5571 2068 5625 πνεῦμα
2096 5574 2188 5624 αὺ-

620 5570 730 5642 98]
754 5570 964 5642 οἴκοθεν
994 5570 1087 5624 οὖν
1124 5574 1231 5642 ἄρα
1265 5591 1333 5625 κα

626 5639 743 5711 τοῦ,
768 5640 1079 5711 intrinsecus
1110 5639 1258 5693 et'nb
1303 5644 1413 5709 ipso
1451 5639 1522 5695 eat
1577 5641 1802 5711 Spiritus
1839 5639 2057 5709 rjus,“et
2086 5642 2186 5694 99:

1403 5574 1529 5642 παρ’
1564 5572 1728 5642 αὐτοῦ
1766 5573 1825 5625 τὸ
1857 5571 2068 5641 πνεῦμα
2096 5574 2190 5624 αὑο

2294 5435 2445 5504 habet
2488 5447 2541 5490 ut
2580 5435 2785 5502 operari
2817 5448 2864 5489 et
2894 5437 3102 5504 efﬁcere
3126 5438 3306 5504 possit.

2364 5503 2479 5573 (29)
2505 5506 2665 5560 Forte
2695 5505 2905 5574 σκέψιν,
2953 5503 3323 5573 cogitationem
3364 5516 3516 5573 atque
3562 5507 3861 5559 considam

2293 5576 2504 5638 tionem,
2536 5586 2593 5628 ut
2624 5575 2761 5630 libro
2786 5577 3031 5645 sequenti
3060 5590 3180 5640 pag.
3202 5575 3330 5645 7120,
3359 5575 3547 5645 ἐπειδὴ
3569 5575 3625 5627 δὲ
3652 5576 3863 5644 χρηστά

2298 5644 2422 5712 περὶ
2447 5646 2603 5713 ἡμῶν
2634 5646 2662 5697 6
2690 5644 3024 5715 Δημιουργὸς
3055 5644 3339 5712 ἐσκέψατο,
3364 5644 3634 5713 νοδιηιιαηι
3676 5646 3739 5697 dc
3767 5662 3861 5698 no-

624 5709 724 5762 οὑκ
769 5709 1176 5778 είσκεκριμένον
1226 5712 1440 5777 ἔξωθεν,
1477 5713 1589 5765 ἀλλ’
1619 5709 1830 5767 οἴκοθεν
1866 5714 1975 5781 ἔχει
2016 5712 2103 5764 καὶ
2136 5713 2175 5765 ti

2297 5709 2378 5766 bis
2406 5709 2498 5767 me
2515 5709 2782 5770 Conditor"
2798 5709 3008 5769 meliora
3037 5709 3280 5783 cogitarit
