4088 6468
303 377 409 431 193

1335 378 1702 436 ADVERSUS
1743 379 2157 440 NESTORIUM‘
2193 383 2319 439 LIB.
2356 387 2445 443 IV.

3464 396 3567 452 ιω

303 496 485 568 σάρκα
525 493 1244 572 ζωοποιὸνγεγενημένην,
1306 502 1385 555 ὅτι
1448 503 1669 573 γέγονεν
1722 506 1868 560 αὐτοὶ

1995 506 2164 576 ipsam
2200 508 2534 564 divinitatem
2566 524 2948 568 consumamus
2976 514 2994 583 (
3029 529 3195 585 apage
3229 518 3294 573 ab
3323 518 3424 574 ista
3460 519 3561 573 im-

300 589 505 652 ζῶντος
534 588 624 642 διὰ
641 589 734 642 τὸν
764 589 986 661 Πατέρα
1010 608 1025 622 ο
1056 593 1153 645 καὶ
1178 594 1276 665 οὐχ
1306 596 1389 648 ὅτι
1420 595 1545 666 [τον.
1574 600 1666 651 καὶ
1699 598 1884 669 οὗτοι]

302 677 408 730 πού
438 694 620 749 φαμεν
642 678 788 732 κατὰ
815 679 1036 749 μέθεξιν
1075 682 1177 753 τὴν
1215 682 1434 751 ἔξωθεν,
1475 688 1569 740 καὶ
1611 690 1886 761 είσκεκρι-

306 768 486 836 μένως
528 768 920 832 ζωοποιεῖσθαι
970 771 1062 825 τὸν
1103 773 1278 842 Λόγον
1321 779 1473 848 παρὰ
1509 779 1605 831 τοῦ
1650 781 1881 850 Πατρῦς,

304 858 450 929 ζωὴν
480 859 539 912 δὲ
584 859 789 926 μᾶλλον
826 862 967 916 κατὰ
1008 861 1172 933 φύσιν
1212 859 1353 920 εἶναι
1389 868 1878 941 διαϐεϐαιούμεθα·

302 951 755 1023 γεγέννηταιγὰρ
786 952 863 1017 ὡς
895 954 959 1006 ὲκ
987 954 1134 1026 ζωῆς
1153 956 1248 1012 τοῦ
1271 958 1500 1030 Πατρός.
1530 962 1738 1033 Ὂνπερ
1776 962 1882 1036 γὰρ

301 1041 506 1111 τρόπον
532 1041 593 1093 τὸ
628 1042 724 1095 τοῦ
763 1041 919 1113 ἡλίου
976 1046 1329 1118 πεμπόμενον
1370 1050 1550 1116 σέλας,
1593 1053 1641 1104 εί
1674 1053 1883 1123 λέγοιτο

302 1131 467 1202 τυχὸν
494 1132 745 1205 λαμπρὸν
772 1130 911 1189 εἶναι
937 1137 1027 1190 διὰ
1058 1137 1152 1192 τὸν
1190 1141 1538 1212 πεπομφότα,
1570 1145 1756 1214 ἤγουν,
1791 1147 1880 1202 τὸν

298 1223 362 1288 ἐξ
399 1218 461 1277 οὗ
491 1224 779 1295 πάρεστιν,
805 1227 869 1280 ού
908 1228 1049 1282 κατὰ
1082 1230 1303 1299 μέθεξιν
1334 1232 1450 1303 ἔχει
1480 1234 1542 1288 τὸ
1567 1232 1706 1290 εἶναι
1738 1237 1879 1309 λαμ-

299 1314 459 1385 πρὸν,
492 1315 610 1369 ἀλλ’
641 1311 757 1370 οἷον
781 1318 847 1371 ὲκ
876 1320 1114 1390 φυσικῆς
1138 1321 1440 1391 εὐγενείας,
1466 1326 1527 1380 τὸ
1546 1326 1642 1382 τοῦ
1673 1348 1881 1402 πεπομ-

296 1405 481 1474 φότος,
541 1407 707 1477 ἤγουν
753 1410 1214 1482 ἀωστράψαντος
1255 1414 1634 1489 πλεονέκτημα
1683 1424 1873 1493 φορεῖ*

294 1496 440 1550 κατὰ
463 1497 557 1550 τὸν
587 1499 720 1564 ἴσον,
745 1494 923 1569 οἶμαι,
954 1502 1133 1575 τούτῳ
1154 1504 1357 1576 τρόπον
1381 1522 1441 1561 τε
1464 1510 1561 1563 καὶ
1574 1510 1754 1580 λόγον,
1775 1512 1876 1567 κᾶν

294 1590 344 1642 εί
371 1588 520 1659 λέγοι
548 1590 648 1662 ζῇν
677 1591 873 1646 ἑαυτὸν
894 1594 924 1647 ὀ
952 1595 1079 1659 Υἱὸς
1100 1592 1189 1650 διὰ
1209 1598 1300 1653 τὸν
1322 1600 1565 1673 Πατέρα,
1595 1607 1876 1679 μαρτυρή-

292 1698 440 1736 σειεν
467 1683 535 1737 ἄν
559 1684 735 1756 ἑαυτῷ
760 1686 860 1759 τὴν
889 1688 953 1741 ὲκ
983 1688 1197 1758 [ἰατρὸς
1223 1691 1526 1761 εὐγένειαν,
1560 1695 1653 1750 καὶ
1679 1698 1741 1750 ού
1763 1701 1874 1761 τοῖς

290 1773 475 1839 ἄλλοις
528 1776 824 1848 κτίσμασιν
879 1779 1104 1851 ἀναμὶξ,
1157 1783 1403 1855 ὲπακτήν
1441 1803 1502 1841 τε
1548 1789 1642 1842 καὶ
1675 1789 1872 1856 ἔξωθεν

286 1866 438 1936 ἔχειν
466 1846 791 1940 ὁμολογήσει
816 1870 919 1942 τὴν
953 1846 1121 1945 ζωήν.
1159 1846 1368 1947 Ὠσπερ
1396 1877 1454 1931 δὲ
1496 1879 1556 1933 τὸ
1582 1846 1747 1935 αὐτοῦ
1774 1882 1869 1936 τοῦ
1906 1846 1946 1901 Β

289 1958 469 2026 Λόγου
520 1958 679 2029 σῶμα
722 1962 987 2025 ζωοποιόν
1037 1965 1203 2031 ἐστιν,
1250 1967 1382 2022 ἴδιον
1426 1971 1592 2026 αὑτοῦ
1637 1990 1871 2046 ποιησα-

291 2047 459 2117 μένου
489 2050 609 2104 καθ’
631 2052 825 2106 ἕνωσιν
852 2053 1031 2125 ἀληθῆ
1057 2056 1157 2126 τὴν
1184 2058 1327 2131 ὑπὲρ
1347 2059 1471 2116 νοῦν
1494 2080 1555 2117 τε
1579 2065 1673 2118 καὶ
1694 2065 1867 2137 λόγον·

288 2140 435 2194 οὕτω
483 2144 576 2195 καὶ
621 2146 781 2215 ἡμεῖς
810 2145 863 2200 οί
903 2147 966 2200 ἐν
1008 2146 1226 2217 μεθέξει
1255 2154 1551 2225 γενοίμεθα
1582 2158 1682 2227 τῆς
1709 2160 1872 2229 ἁγίας

291 2233 518 2301 σαρκὸς,
560 2234 656 2287 καὶ
687 2236 924 2306 αἵματος
953 2239 1147 2306 αὑτοῦ,
1196 2243 1375 2317 πάντῃ
1418 2263 1478 2300 τε
1513 2249 1609 2302 καὶ
1655 2250 1873 2316 πάντως

288 2322 722 2396 ζωοποιούμεθα,
754 2330 1009 2399 μένοντος
1049 2333 1107 2386 ἐν
1148 2335 1283 2405 ἡμῖν
1331 2337 1425 2390 τοῦ
1464 2339 1638 2411 Λόγου
1675 2341 1873 2408 θεῖκῶς

294 2416 416 2485 μὲν,
454 2418 543 2472 διὰ
574 2420 668 2473 τοῦ
697 2422 853 2491 ἁγίου
893 2423 1230 2495 Πνεύματος,
1279 2429 1637 2501 ἀνθρωπίνως
1676 2434 1734 2488 δὲ
1779 2432 1870 2502 αὖ,

289 2507 381 2560 διὰ
405 2510 505 2578 τῆς
528 2510 692 2578 ἁγίας
716 2512 921 2583 σαρκὸς
949 2516 1044 2568 καὶ
1077 2516 1172 2570 τοῦ
1201 2520 1383 2590 τιμίου
1426 2521 1679 2593 αἵματος.
1723 2527 1869 2581 Ἑπι-

289 2599 577 2668 ψηφιεῖται
602 2602 658 2655 δὲ
694 2599 775 2667 οἷς
801 2604 938 2677 ἔφην
965 2606 1026 2660 τὺ
1054 2607 1253 2680 ἀληθὲς
1270 2611 1299 2663 ὁ
1324 2611 1615 2682 ἱερώτατος
1640 2617 1869 2684 Παῦλος,

289 2690 391 2743 ὡδὶ
436 2693 731 2763 γεγραφὼς
777 2698 890 2761 τοῖς
930 2698 990 2750 ὲν
1039 2699 1293 2773 Κορίνθῳ
1340 2708 1761 2763 πεπιστευκόσιν
1795 2714 1872 2775 είς

290 2782 384 2874 τόν
418 2784 621 2854 Κύριον
655 2786 812 2856 ἡμῶν
870 2788 1079 2860 Ἰησοῦν
1117 2791 1211 2846 τὸν
1238 2794 1474 2866 Χριστόν
1498 2814 1510 2825 ⁸
1546 2816 1564 2850 ι
1605 2799 1693 2867 Ὠς
1739 2820 1871 2874 φρο-

290 2873 477 2968 νίμοις
498 2875 663 2944 λέγω,
694 2879 919 2950 κρίνατε
947 2879 1107 2953 ὑμεῖς
1130 2884 1159 2938 ὃ
1184 2903 1326 2957 φημι
1348 2903 1361 2918 ’
1389 2888 1450 2942 τὸ
1484 2893 1743 2963 ποτήριον
1775 2873 1873 2968 τῆς

291 2965 546 3057 εὐλογίας
572 2968 601 3019 ὅ
624 2969 979 3043 εὐλογοῦμεν,
1012 2974 1135 3045 οὐχὶ
1166 2979 1422 3032 κοινωνία
1450 2982 1563 3035 ἐστὶ
1586 2984 1679 3038 τοῦ
1709 2965 1873 3057 αἵμα-

288 3071 383 3117 τος
404 3056 500 3109 τοῦ
526 3057 764 3129 Χριστοῦ
785 3076 798 3125 ;
833 3062 925 3117 τὸν
953 3062 1120 3136 ἄρτον
1142 3064 1201 3120 ὃν
1227 3066 1464 3140 κλῶμεν,
1486 3072 1605 3143 οὐχὶ
1622 3056 1873 3133 κοινωνία

286 3144 381 3248 τοῦ
415 3145 667 3248 σώματος
690 3149 785 3203 τοῦ
811 3152 1051 3223 Χριστοῦ
1096 3155 1274 3225 tactv;
1310 3158 1392 3213 ὅτι
1426 3156 1507 3226 εἷς
1544 3163 1729 3234 ἄρτος,
1776 3169 1869 3223 καὶ
1895 3191 1938 3248 c

282 3235 345 3289 ἒν
385 3238 547 3309 σῶμα
588 3242 640 3294 οί
690 3242 875 3297 πολλοί
914 3246 1111 3315 ἔσμεν⁶
1154 3248 1205 3303 οί
1251 3250 1361 3323 γὰρ
1404 3254 1604 3320 πάντες
1655 3260 1717 3311 ὲκ
1774 3260 1866 3313 τοῦ

283 3328 407 3393 ἑνὸς
452 3330 621 3402 ἄρτου
666 3334 986 3407 μετέχομεν.
1019 3357 1039 3390 ι
1097 3340 1414 3413 Πνεύματος
1466 3345 1566 3416 μὲν
1622 3348 1731 3420 γὰρ
1772 3352 1865 3404 τοῦ

282 3423 444 3516 ἐγίου
473 3428 914 3516 μετεσχηκότες,
973 3430 1125 3501 αὐτῷ
1160 3451 1219 3487 τε
1266 3435 1344 3506 τῷ
1392 3438 1607 3493 πάντων
1652 3442 1866 3516 Σωτῆρι

280 3512 524 3585 Χριστῷ,
557 3518 651 3571 καὶ
693 3518 946 3590 ἀλλήλοις
972 3523 1240 3595 ἐνούμεθα
1265 3546 1279 3559 ·
1318 3528 1594 3602 σύσσωλμοι
1624 3534 1680 3588 δὲ
1727 3512 1865 3591 κατὰ

280 3604 481 3698 τοῦτόν
510 3608 677 3678 ἐσμεν
701 3609 793 3665 τὸν
825 3613 1050 3684 τρόπον,
1101 3632 1121 3667 ι
1147 3616 1230 3672 ὅτι
1275 3614 1356 3684 εἷς
1388 3620 1571 3692 ἄρτος,
1606 3625 1665 3678 ἓν
1705 3628 1864 3698 σῶμα

280 3696 335 3748 οἱ
369 3696 553 3751 πολλοί
588 3701 788 3771 ἐσμεν·
831 3703 883 3755 οἱ
925 3706 1035 3776 γὰρ
1072 3708 1275 3773 πάντες
1306 3711 1372 3765 ὲκ
1416 3712 1511 3765 τοῦ
1554 3715 1670 3780 ἐνὸς
1699 3696 1863 3788 ἄρτου

283 3789 641 3859 μετέχομεν.»
682 3791 872 3847 Συνδεῖ
898 3795 1008 3867 γὰρ
1028 3797 1185 3868 ἡμᾶς
1210 3802 1288 3865 είς
1308 3802 1534 3874 ἑνότητα
1561 3802 1622 3859 τὸ
1643 3807 1700 3861 ἐν
1734 3809 1863 3879 ἡμῖν

281 3879 445 3948 σῶμα
474 3881 734 3953 Χριστοῦ,
774 3886 1106 3957 μεμέρισται
1150 3888 1207 3944 δὲ
1246 3893 1368 3946 κατ’
1411 3894 1599 3950 οὐδένα
1640 3898 1859 3969 τρόπον.

281 3973 409 4064 ’Ὁτι
436 3972 491 4027 δὲ
523 3976 611 4029 διὰ
642 3976 740 4030 τοῦ
779 3979 1035 4049 σώματος
1058 3982 1153 4036 τοῦ
1181 3985 1421 4057 Χριστοῦ
1458 3988 1595 4059 πρὸς
1636 3990 1862 4064 ἑνότητα

273 4062 380 4133 τὴν
417 4064 552 4135 πρὸς
586 4065 769 4133 αὐτὸν,
801 4068 896 4122 καὶ
916 4069 1058 4139 πρός
1092 4087 1155 4139 γε
1184 4075 1285 4144 τὴν
1312 4076 1392 4138 είς
1420 4076 1682 4148 ἀλλήλους
1731 4062 1854 4133 συν-

273 4153 579 4223 ενήγμεθα,
607 4154 938 4211 πιστώσεται
974 4161 1203 4230 γράφων
1227 4163 1256 4216 ὁ
1294 4165 1564 4236 μακάριος
1604 4168 1815 4236 Παῦλος
1843 4187 1855 4201 ·

280 4263 299 4295 ι
319 4245 527 4300 Τούτου
555 4247 718 4319 χάριν
746 4248 858 4318 ἐγὼ
875 4251 1089 4317 Παῦλος
1108 4254 1136 4307 ὁ
1162 4254 1383 4326 δέσμιος
1422 4260 1597 4331 Ἰησοῦ
1614 4263 1857 4334 ’Χριστοῦ

276 4335 422 4408 ὑπὲρ
451 4338 604 4407 ὑμῶν
642 4339 753 4393 τῶν
780 4340 970 4405 ἐθνῶν,
1017 4343 1157 4414 εἴγε
1188 4346 1463 4416 ⁴1³γκούσατε
1508 4351 1608 4424 τὴν
1649 4355 1857 4411 οἰκονο-

273 4428 412 4495 μίαν
452 4429 550 4498 τῆς
606 4430 830 4502 χάριτος
868 4433 964 4487 τοῦ
1008 4435 1145 4490 Θεοῦ
1193 4438 1294 4510 τῆς
1335 4440 1584 4515 δοθείσης
1628 4462 1727 4517 μοι
1778 4450 1857 4512 εἰς

1991 600 2272 671 pietate),
2307 602 2401 657 sed
2449 601 2592 656 illam
2644 603 2918 673 propriam
2969 604 3129 660 Verbi
3172 622 3393 664 carnem
3450 610 3564 680 jam

1988 690 2255 744 viviﬁeam
2293 689 2536 747 elTeetam
2564 734 2579 757 ,
2609 694 2733 763 quia
2764 694 2883 764 ejus
2911 696 3048 751 faeta
3079 704 3180 763 est,
3212 699 3303 766 qui
3346 710 3566 767 propter

1990 779 2200 835 Patrem
2258 783 2389 836 vivit
2434 803 2446 837 :
2484 795 2537 838 et
2590 796 2742 839 certe
2794 802 2898 840 non
2967 788 3197 842 dicimus
3257 790 3562 844 cxtriuseca

1986 872 2394 940 participatione
2426 886 2483 929 et
2515 875 2808 931 adventitia
2845 878 3106 934 viviﬁcari
3134 878 3369 935 Verbum
3404 896 3433 933 a
3457 880 3563 933 Pa-

1987 968 2090 1024 tre,
2113 962 2207 1015 sed
2243 962 2405 1016 vitam
2446 965 2623 1032 potius
2653 981 2748 1033 per
2773 975 3023 1021 naturam
3048 982 3170 1024 esse
3191 968 3522 1025 allirmamus
3548 990 3563 1037 ;

1983 1050 2196 1119 genitus
2236 1063 2319 1107 est
2372 1054 2516 1109 enim
2562 1057 2628 1111 de
2674 1058 2835 1113 Patre
2892 1065 3151 1129 tanquam
3191 1059 3259 1115 de
3304 1061 3435 1115 vita.
3496 1060 3565 1117 Ut

1983 1143 2125 1196 enim
2162 1142 2336 1214 l‘ulgo‘r
2365 1159 2394 1198 a
2428 1145 2541 1200 sole
2576 1147 2807 1213 missus,
2848 1146 3061 1203 si‘forte
3089 1149 3404 1218 splendidus
3442 1165 3565 1206 esse

1984 1234 2193 1287 dicatur
2222 1246 2443 1306 propter
2475 1236 2798 1303 mittentem,
2825 1240 2907 1294 vel
2948 1250 3172 1309 propter
3202 1256 3324 1296 eum
3357 1255 3423 1296 ex
3452 1256 3565 1311 quo

1982 1324 2259 1391 provenit,
2292 1339 2396 1381 non
2418 1340 2493 1381 ex
2522 1328 2932 1397 participatione
2983 1330 3143 1385 habet
3170 1340 3225 1385 nt
3249 1330 3555 1399 splendeat,

1981 1418 2074 1471 sed
2098 1418 2493 1487 quodammodo
2523 1434 2587 1471 ex
2618 1420 2846 1475 naturali
2889 1421 3171 1481 nobilitate
3218 1422 3368 1476 illam
3396 1422 3560 1476 emit-

1982 1510 2141 1564 tentis
2185 1523 2280 1564 seu
2318 1508 2639 1579 fulgurantis
2678 1512 3051 1569 excellentiam
3086 1514 3294 1581 defert;
3335 1514 3561 1579 eodem,

1978 1602 2192 1670 opinor,
2224 1602 2405 1667 modo,
2434 1600 2741 1673 eademque
2780 1606 2993 1660 ratione
3032 1606 3247 1661 etiamsi
3292 1606 3474 1661 vivere
3503 1620 3565 1661 se

1979 1695 2123 1747 dicat
2175 1694 2344 1749 Filius
2385 1705 2607 1764 propter
2660 1695 2911 1762 Patrem,
2946 1697 3049 1752 sibi
3085 1697 3231 1752 illam
3276 1712 3344 1753 ex
3396 1696 3561 1752 Patre

1978 1784 2310 1838 nobilitatem
2342 1800 2441 1839 suo
2470 1786 2778 1840 testimonio
2799 1787 3039 1843 vindicat
3062 1829 3078 1854 ,
3100 1803 3203 1843 non
3238 1789 3399 1859 vulgo
3424 1788 3557 1843 alia-

1977 1891 2095 1930 rum
2131 1886 2501 1931 creaturarum
2545 1879 2808 1935 admistus
2847 1880 3110 1934 invectam
3139 1890 3195 1936 et
3216 1872 3557 1937 extrinsecus

1972 1976 2180 2038 partam
2202 1967 2404 2023 habere
2423 1981 2482 2024 se
2503 1967 2665 2023 vitam
2690 1970 2907 2024 fatetur.
2933 1971 3398 2037 Quemadmodum
3420 1986 3550 2025 vero

1972 2058 2242 2114 viviﬁcum
2270 2068 2351 2115 est
2371 2058 2498 2115 illud
2527 2060 2694 2128 ipsius
2717 2060 2873 2115 Verbi
2888 2075 3109 2130 corpus,
3134 2063 3277 2132 quod
3295 2062 3395 2117 sibi
3420 2076 3552 2132 pro-

1974 2152 2149 2220 prium
2180 2149 2309 2206 fecit
2343 2166 2439 2221 per
2479 2164 2659 2205 veram
2699 2154 2949 2207 unionem
2971 2194 2986 2220 ,
3006 2168 3125 2222 quae
3144 2162 3198 2208 et
3240 2153 3546 2222 intelligen-

1974 2244 2102 2296 tiam
2120 2253 2173 2297 et
2197 2256 2501 2298 sermonem
2527 2251 2744 2312 superat
2765 2283 2781 2309 ,
2813 2242 2893 2297 sic
2911 2259 3009 2299 nos
3033 2259 3246 2314 quoque
3281 2245 3373 2313 qui
3401 2244 3545 2299 illius

1974 2343 2173 2389 sancta:
2211 2335 2394 2390 carnis
2430 2343 2484 2388 et
2519 2334 2798 2404 sanguinis
2827 2335 2944 2405 ejus
2977 2336 3385 2404 participatione
3418 2334 3553 2390 frui-

1975 2442 2116 2489 mur,
2150 2428 2369 2481 omnino
2394 2426 2755 2491 vivilieamur,
2776 2440 2899 2480 eum
2924 2426 2976 2481 in
3003 2427 3158 2482 nobis
3182 2438 3396 2482 maneat
3421 2425 3551 2487 Vero

1974 2519 2099 2573 bum
2125 2524 2226 2571 non
2249 2517 2423 2573 solum
2452 2516 2636 2572 divino
2664 2516 2825 2572 modo
2856 2532 2953 2587 per
2974 2529 3223 2573 sanctum
3267 2517 3551 2588 Spiritum,

1979 2610 2132 2680 ιιι
2157 2623 2342 2663 verum
2379 2606 2542 2662 etiam
2575 2608 2832 2675 humano,
2864 2623 2962 2677 per
2977 2619 3219 2664 sanetam
3250 2608 3397 2664 illam
3428 2623 3547 2664 cur-

1978 2716 2099 2757 nem
2158 2702 2566 2772 pretiosumque
2590 2701 2708 2771 ejus
2734 2702 3073 2773 sanguinem.
3101 2700 3226 2756 Haec
3261 2717 3381 2772 quae
3418 2701 3551 2764 dixi,

1972 2806 2100 2847 vera
2128 2806 2250 2848 esse
2286 2792 2475 2847 beatus
2506 2789 2701 2846 Paulus
2738 2807 2837 2848 suo
2858 2791 3114 2863 suﬂ‘ragio
3142 2795 3450 2857 conﬁrmat,
3475 2792 3554 2845 sic

1974 2888 2218 2943 scribens
2248 2888 2313 2941 ad
2332 2900 2426 2941 eos
2457 2888 2548 2957 qui
2589 2885 2835 2941 Corinthi
2881 2885 2934 2939 in
2990 2884 3274 2939 Dominum
3309 2893 3549 2938 nostrum

1974 2978 2156 3033 Jesnm
2180 2974 2455 3032 Christum
2484 2978 2835 3033 conﬁdebant
2871 2988 2887 3031 ξ
2922 2996 2940 3029 ι
2979 2976 3258 3046 Tanquam
3318 2976 3553 3045 pruden-

1978 3069 2119 3123 tibus
2145 3068 2287 3134 dico,
2321 3066 2560 3135 judicate
2586 3081 2686 3122 vos
2726 3067 2869 3137 quod
2901 3066 3063 3121 dico?
3114 3066 3265 3121 Calix
3328 3065 3553 3121 benedi-

1976 3160 2174 3217 ctionis
2195 3159 2279 3214 cui
2310 3158 2704 3223 benetlicimns,
2739 3172 2918 3213 nonne
2972 3157 3390 3212 comumnicatio
3420 3171 3545 3211 san-

1972 3254 2146 3323 guinis
2194 3251 2393 3307 Christi
2446 3251 2571 3307 est?
2620 3250 2773 3320 panis
2796 3265 2953 3319 quem
3004 3249 3325 3318 frangimus,
3377 3262 3553 3303 nonne

1970 3344 2400 3400 communicatio
2429 3343 2676 3413 corporis
2716 3342 2921 3398 Christi
2950 3341 3362 3407 est?Quoniam
3415 3356 3551 3393 unus

1970 3435 2125 3506 panis
2154 3445 2203 3490 et
2235 3451 2398 3490 unum
2423 3449 2620 3505 corpus
2655 3433 2806 3488 multi
2840 3448 3051 3496 sumus,
3088 3446 3279 3487 omnes
3304 3431 3447 3486 enim
3484 3434 3549 3484 de

1970 3544 2075 3585 uno
2099 3542 2238 3599 pane
2257 3528 2643 3599 participamns
2671 3527 2740 3581 ⁹¹.
2777 3546 2795 3579 ι
2840 3526 3137 3595 Participes
3161 3538 3395 3593 namque
3423 3539 3548 3580 san-

1969 3622 2039 3677 cti
2070 3620 2309 3689 Spiritus
2332 3619 2533 3684 eﬂ'eeli,
2575 3628 2630 3674 et
2669 3617 2773 3689 ipsi
2815 3618 3054 3673 onmium
3090 3615 3359 3671 Salvatori
3390 3612 3548 3671 Chri-

1968 3723 2072 3780 sto,
2111 3725 2164 3769 et
2187 3716 2327 3768 inter
2356 3728 2454 3769 nos
2484 3713 2736 3767 unimur:
2774 3710 3195 3780 concorporales
3246 3710 3409 3763 etiam
3439 3709 3542 3762 hoc

1965 3805 2129 3859 modo
2154 3819 2339 3860 sumus
2360 3843 2375 3868 ,
2408 3822 2427 3856 ι
2470 3804 2725 3874 quoniam
2751 3818 2890 3857 unus
2943 3805 3096 3873 panis
3157 3818 3319 3855 unum
3352 3816 3548 3868 corpus

1968 3896 2121 3949 multi
2180 3910 2423 3950 sumus:
2484 3908 2674 3949 omnes
2739 3894 2883 3949 enim
2925 3895 2991 3948 de
3059 3906 3167 3946 uno
3244 3905 3384 3961 pane
3425 3905 3547 3960 par—

1967 3988 2267 4056 tieipamus.
2317 4006 2336 4038 ι
2370 3986 2623 4056 Conligat
2652 3994 2886 4056 namque
2918 3999 3014 4039 nos
3041 3984 3106 4037 ad
3140 3984 3399 4036 unitatem
3423 3997 3544 4035 cor-

1965 4095 2065 4150 pus
2096 4078 2295 4135 Christi
2319 4080 2459 4148 quod
2490 4088 2575 4133 est
2605 4078 2657 4133 in
2688 4079 2862 4144 nobis,
2894 4088 3071 4146 neque
3104 4085 3183 4129 est
3234 4074 3343 4127 ullo
3382 4074 3545 4127 nimio

1965 4172 2217 4228 divisum.
2252 4170 2423 4226 I‘orro
2456 4186 2550 4241 per
2582 4170 2784 4226 Christi
2810 4185 3006 4239 corpus
3035 4170 3101 4223 ad
3155 4168 3414 4223 unitatem
3445 4182 3542 4236 per

1962 4277 2124 4335 quam
2149 4273 2203 4320 et
2236 4279 2359 4319 cum
2395 4264 2514 4333 ipso
2561 4274 2615 4319 et
2637 4250 2778 4319 inter
2807 4277 2905 4317 nos
2937 4261 3236 4332 iungimur,
3284 4262 3545 4317 collectos

1962 4370 2082 4411 esse
2110 4357 2396 4410 conﬁrmat
2422 4356 2615 4411 beatus
2638 4354 2861 4419 Paulus,
2890 4368 3012 4408 cum
3042 4353 3230 4407 scribit
3258 4370 3271 4406 :
3307 4371 3327 4405 ‹
3369 4351 3541 4422 llujus

1964 4450 2038 4503 rei
2068 4449 2239 4518 gratia
2266 4463 2364 4517 ego
2380 4447 2579 4503 Paulus
2607 4448 2819 4501 vinctus
2845 4446 3045 4501 Christi
3079 4443 3204 4499 Jesu
3232 4458 3330 4512 pro
3386 4444 3541 4497 vobis

270 4519 445 4587 ὑμᾶς,
473 4520 554 4611 ὅτι
594 4524 715 4575 κατ’
752 4524 1095 4597 ἀποκάλυψιν
1121 4530 1423 4604 ἐγνωρίσθη
1453 4550 1545 4605 μοι
1567 4536 1626 4589 τὸ
1652 4542 1857 4611 μυστή-

1971 4540 2237 4610 gentibus,
2272 4539 2318 4595 si
2352 4549 2529 4594 tamen
2568 4539 2802 4594 audistis
2853 4537 3311 4608 dispensationem
3348 4536 3538 4604 gratia:

272 4627 414 4679 ριον,
462 4610 645 4677 καθὼς
702 4617 1026 4688 προέγραψα
1067 4621 1124 4673 ὲν
1165 4621 1351 4693 ὀλίγῳ,
1395 4626 1532 4697 πρὸς
1572 4628 1600 4681 ὃ
1625 4610 1853 4686 δύνασθε

267 4701 738 4771 ἀναγινώσκοντες
762 4707 954 4779 νοῆσαι
985 4708 1085 4782 τὴν
1120 4711 1335 4766 σύνεσίν
1360 4730 1461 4786 μου
1478 4718 1536 4770 ὲν
1555 4718 1630 4790 τῷ
1654 4738 1854 4793 μυστηο

268 4791 375 4886 ρίιρ
404 4793 497 4847 τοῦ
524 4796 795 4867 Χριστοῦ·
842 4800 870 4854 ὃ
906 4802 1121 4872 ἑτέραις
1147 4807 1363 4873 γενεαῖς
1412 4808 1512 4862 οὐκ
1545 4791 1849 4886 ἐγνωρίσθη

264 4885 384 4947 τοῖς
411 4886 547 4949 υἱοῖς
587 4889 695 4941 τῶν
735 4889 1056 4961 ἀνθρώπων,
1098 4895 1175 4958 ὡς
1210 4895 1306 4950 νῦν
1351 4899 1708 4975 ἀπεκαλύφθη
1740 4906 1851 4968 τοῖς

269 4973 448 5066 ἁγίοις
470 4977 786 5043 ἀποστόλοις
814 4981 977 5035 αὐτοῦ
1010 4984 1106 5038 καὶ
1136 4989 1447 5059 προφήταις
1466 4992 1524 5045 ὲν
1547 4973 1848 5066 Πνεύματι,

266 5062 415 5120 εἶναι
449 5068 515 5120 τὰ
548 5068 675 5141 ἔθνη
704 5072 1124 5146 συγκληρονόμα
1152 5079 1248 5130 καὶ
1281 5080 1564 5152 σύσσωμα,
1584 5086 1677 5139 καὶ
1698 5062 1849 5156 ’συμέ-

269 5159 480 5230 μέτοχα
509 5160 607 5229 τῆς
637 5164 967 5232 ἐπαγγελίας
993 5168 1049 5219 ὲν
1084 5168 1326 5241 Χριστῷ.
1356 5190 1375 5223 ι
1428 5174 1641 5247 Ἐπειδὴ
1677 5178 1733 5231 δὲ
1754 5179 1850 5250 τὴν

264 5250 362 5302 τοῦ
403 5254 705 5323 μυστηρίου
745 5256 1045 5327 παράδοσιν
1069 5277 1127 5312 τε
1158 5262 1252 5315 καὶ
1275 5262 1501 5335 δύναμιν
1521 5268 1849 5339 ἠγνοηκότες

263 5341 327 5392 ὲν
355 5342 499 5411 ἀρχῇ
530 5343 640 5396 τῶν
668 5347 1071 5402 πιστευσάντων
1100 5351 1265 5418 τινὲς,
1298 5354 1402 5420 ἔξω
1425 5357 1721 5427 τρέπεσθαι
1754 5360 1849 5415 τοῦ

262 5433 478 5496 εἰκότος
514 5433 723 5504 ἤθελον,
754 5438 1072 5504 πανδαισίας
1096 5460 1155 5496 τε
1191 5443 1283 5497 καὶ
1324 5446 1672 5517 δημοθοινίας
1707 5451 1848 5524 πλη-

264 5525 489 5593 ροῦντες
537 5529 593 5579 ἑν
650 5528 985 5600 ἐκκλησίαις,
1038 5536 1150 5598 τοῖς
1199 5536 1353 5591 τοῦτο
1398 5539 1529 5611 δρᾷν
1578 5542 1845 5611 εἰωθόσιν,

257 5614 503 5683 ἐπετίμα
553 5618 778 5687 γράφων
827 5624 853 5673 ὁ
908 5626 1175 5693 μακάριος
1228 5628 1477 5692 Παῦλος·
1528 5652 1543 5682 ε
1578 5635 1667 5706 Μὴ
1738 5637 1844 5707 γὰρ

332 5793 373 5823 ’⁸
416 5791 587 5850 lCor.
628 5810 704 5862 XI,
742 5796 822 5862 l0,
854 5799 932 5852 i7.
1014 5802 1054 5832 υ
1097 5801 1293 5867 Ephcs.
1346 5822 1424 5863 ιιι.
1473 5806 1586 5863 5-6.

1963 4632 2079 4697 Dei,
2112 4646 2232 4702 qua:
2251 4632 2373 4685 data
2406 4641 2503 4692 est,
2532 4631 2662 4685 mihi
2696 4631 2749 4684 in
2787 4645 2907 4692 vos,
2943 4628 3199 4698 quoniam
3242 4626 3536 4680 secundum

1961 4723 2351 4779 revelationem
2381 4732 2566 4777 notum
2600 4723 2729 4778 mihi
2768 4719 2968 4776 factum
2994 4727 3077 4775 est
3112 4726 3535 4777 sacramentum,

1959 4816 2102 4870 sicut
2128 4831 2289 4885 supra
2325 4816 2517 4884 scripsi
2550 4815 2600 4868 in
2622 4814 2795 4880 brevi,
2829 4823 2987 4884 prout
3032 4809 3262 4882 potestis
3299 4808 3538 4876 legentes

1960 4905 2265 4975 intelligere
2315 4906 2657 4975 prudentiam
2704 4920 2879 4959 meam
2926 4902 2979 4957 in
3027 4899 3284 4971 mysterio
3310 4897 3534 4959 Christi,

1960 4997 2101 5067 quod
2126 4997 2247 5052 aliis
2277 4997 2716 5067 generationibus
2752 5011 2854 5049 non
2873 5003 2955 5049 est
3002 4993 3241 5064 agnitum
3287 4988 3409 5043 ﬁliis
3438 4989 3533 5040 ho-

1960 5091 2188 5156 minum,
2222 5090 2381 5144 sicuti
2414 5105 2561 5144 nunc
2588 5087 2885 5143 revelatum
2910 5094 2995 5140 est
3037 5083 3242 5140 sanctis
3274 5079 3534 5151 apostolis

1958 5182 2075 5253 ejus
2108 5192 2162 5237 et
2189 5183 2467 5254 pr0pbetis
2494 5182 2545 5235 in
2580 5179 2808 5252 Spiritu,
2836 5187 3024 5250 gentes
3047 5192 3167 5233 esse
3201 5173 3529 5231 cohaeredes.

1958 5272 2392 5343 concorporales,
2422 5282 2476 5328 et
2504 5269 2917 5340 comparticipes
2935 5266 3315 5339 promissionis
3339 5260 3454 5332 ejus
3480 5262 3532 5313 in

1954 5364 2173 5421 Christo
2200 5365 2266 5419 ".
2303 5382 2323 5417 ι
2363 5364 2631 5433 Quoniam
2679 5378 2811 5420 vero
2838 5377 2869 5417 a
2910 5363 3178 5432 principio
3209 5355 3530 5414 nonnulliex

1952 5459 2018 5515 iis
2048 5458 2529 5529 quieredidcrant,
2556 5456 2717 5527 hujus
2752 5456 2999 5528 mysterii
3059 5452 3399 5509 traditionem
3467 5464 3530 5501 ac

1952 5550 2058 5603 vim
2090 5550 2423 5621 ignorantes,
2458 5550 2525 5603 ab
2558 5564 2621 5605 eo
2657 5549 2801 5618 quod
2841 5544 3199 5604 conveniebat
3260 5541 3534 5597 divertere

1951 5642 2217 5708 volebant,
2248 5653 2296 5697 et
2332 5643 2579 5699 omnibus
2606 5642 2848 5713 exposita
2906 5639 3151 5697 convivia
3185 5646 3238 5693 ct
3283 5632 3530 5706 publicas
