4088 6466
617 358 723 415 195

1604 356 1663 412 S.
1704 357 1978 415 CYRILLI
2009 354 2479 413 ALEXANDRINI
2518 352 2837 410 ARCIIIEP.

3763 350 3853 407 196

615 473 806 543 epulas
840 472 893 528 in
929 472 1173 529 ecclesiis
1201 471 1563 540 instruebant,
1594 476 1841 531 homines
1886 476 1976 544 qui
2012 476 2062 530 id
2103 475 2168 529 fat

2282 472 2455 535 οίκίας
2506 472 2606 525 οὐκ
2643 471 2795 540 ἔχετε
2841 467 2920 532 είς
2960 465 3021 519 r6
3063 465 3265 519 ἐσθίειν
3307 464 3401 520 καὶ
3447 465 3658 534 πίνειν;
3700 468 3734 537 ἢ
3766 468 3856 539 τὴν

616 579 743 620 cere
768 572 1183 627 consueverant,
1236 564 1487 634 obiurgat
1540 566 1729 621 beatus
1774 566 1989 631 Paulus,
2041 568 2179 620 scri-

616 656 801 711 bens:
848 674 865 707 ι
907 654 1155 723 Nunquid
1211 657 1399 708 domos
1448 671 1554 710 non
1616 655 1828 710 habetis
1857 658 1923 710 ad
1955 657 2181 710 mandu-

614 746 848 799 candum
866 755 919 799 et
951 744 1276 799 bibendum?
1302 754 1397 799 aut
1428 745 1713 799 ecclesiam
1749 745 1841 798 Dei
1875 746 2180 800 contemni-

617 837 709 901 tis,
739 846 791 889 et
817 835 1145 890 confunditis
1173 850 1265 891 eos
1291 837 1380 905 qui
1406 852 1509 892 non
1540 836 1779 891 habent?
1808 837 1945 902 Quid
1996 836 2174 889 dicam

615 926 801 981 vobis?
822 925 1057 979 Laudem
1084 925 1246 980 vosin
1271 926 1409 980 hoc?
1434 940 1539 979 non
1562 925 1739 981 laudo.
1772 925 1884 994 Ego
1913 925 2055 979 enim
2082 939 2177 977 ac-

613 1017 731 1085 cepi
760 1032 791 1069 a
821 1016 1064 1083 Domino,
1086 1017 1230 1086 quod
1262 1026 1316 1071 et
1340 1016 1532 1072 tradidi
1563 1017 1717 1072 vobis
1752 1032 1767 1069 :
1795 1017 2049 1086 quoniam
2073 1016 2177 1069 Do-

614 1107 793 1161 minus
821 1105 976 1161 Jesus
1008 1106 1257 1161 Christus
1286 1106 1341 1161 in
1372 1122 1476 1175 qua
1505 1115 1663 1161 nocte
1692 1105 1917 1160 traditus
1947 1114 2054 1170 est,
2080 1119 2177 1159 ac-

610 1196 753 1265 cepit
782 1212 995 1265 panem,
1024 1208 1081 1252 et
1103 1200 1303 1266 gratias
1340 1212 1504 1268 agens
1533 1196 1716 1266 fregit,
1760 1204 1814 1251 et
1842 1196 1980 1250 dixit
2008 1211 2023 1247 :
2053 1197 2173 1250 Hoc

607 1294 693 1339 est
724 1300 917 1354 corpus
939 1299 1140 1350 meum,
1176 1285 1318 1356 quod
1348 1299 1446 1355 pro
1498 1285 1649 1340 vobis
1695 1302 1711 1339 :
1753 1287 1855 1339 hoc
1916 1284 2078 1339 facite
2113 1285 2175 1340 in

612 1390 783 1431 meam
811 1376 1672 1431 commemorationennSimiliter
1695 1384 1751 1430 et
1779 1376 2001 1430 calicem
2028 1384 2177 1445 post-

607 1483 768 1536 quam
801 1469 957 1536 112
989 1468 1249 1533 coenavit,
1273 1468 1458 1523 dicens
1487 1482 1503 1522 :
1540 1466 1639 1523 llic
1670 1466 1807 1522 calix
1844 1483 2039 1523 novum
2071 1469 2174 1525 Te-

607 1569 933 1615 stamentum
967 1568 1053 1615 est
1106 1559 1162 1614 in
1190 1574 1309 1615 meo
1338 1559 1598 1629 sanguine
1633 1577 1648 1614 :
1681 1560 1785 1615 hoc
1829 1558 2013 1626 facite,
2040 1574 2175 1629 quo-

607 1651 926 1720 tiescunque
975 1652 1184 1715 facitis,
1229 1651 1286 1705 in
1348 1665 1525 1706 meam
1582 1652 2171 1708 commemorationem.

606 1741 1041 1811 Quotiescunque
1071 1741 1465 1797 manducahitis
1504 1755 1694 1810 panem
1731 1742 1899 1806 hunc,
1952 1752 2007 1797 et
2044 1741 2175 1796 cali-

2280 561 2576 631 ἐκκλησίαν
2604 559 2698 613 τοῦ
2724 557 2857 612 Θεοῦ
2894 559 3307 625 καταφρονεῖτε,
3348 556 3441 610 καὶ
3475 558 3855 627 καταισχύνετε

2282 653 2406 714 τοὺς
2439 653 2516 720 μὴ
2548 651 2798 720 ἕχοντας;
2844 650 2896 702 τί
2936 650 3074 701 εἴπω
3110 649 3267 717 ύμίν;
3304 649 3579 702 ἐπαινέσω
3629 650 3774 718 ὑμᾶς
3803 650 3857 700 ἐν

2280 740 2483 808 τούτῳς
2530 740 2628 793 οὐκ
2669 739 2896 791 ἐπαινῶ.
2953 737 3095 805 Ἐγὼ
3140 738 3251 808 γὰρ
3286 738 3591 809 παρέλαϐον
3630 740 3739 792 ἀπὸ
3768 740 3855 792 τοῦ

2282 833 2508 900 Κυρίου,
2543 832 2571 884 ὃ
2595 830 2688 884 καὶ
2718 831 3013 900 παρέδωκα
3043 830 3171 899 ὑμῖν
3190 846 3204 860 ο
3254 832 3335 883 ὅτι
3364 832 3391 883 6
3417 830 3619 900 Κύριος
3657 829 3855 900 Ἰησοῦς

2280 923 2512 993 Χριστὸς
2540 924 2599 975 ἐν
2634 924 2698 993 τῇ
2727 922 2884 974 νυκτὶ
2985 920 3278 992 παρεδόθη,
3321 920 3511 974 ἔλαϐεν
3538 922 3721 991 ἄρτον,
3745 924 3858 999 ,καὶ

2279 1013 2679 1083 εὐχαριστήσας
2720 1011 2939 1076 ἔκλασε,
2972 1012 3065 1064 καὶ
3099 1008 3222 1064 εἷπε
3244 1027 3262 1045 ο
3298 1011 3469 1064 Τοῦτό
3501 1012 3601 1082 μού
3626 1014 3763 1078 ,ἐστι
3797 1013 3857 1066 τὸ

2281 1104 2442 1174 σῶμα
2473 1104 2534 1156 τὸ
2563 1104 2704 1174 ύπέρ
2751 1102 2943 1172 ἡμῶν·
2993 1101 3152 1155 τοῦτο
3202 1104 3407 1157 ποιεῖτε
3456 1104 3535 1167 είς
3574 1104 3674 1175 τὴν
3718 1106 3855 1176 ἐμὴν

2278 1194 2605 1266 ἀνάμνησιν,
2664 1193 2939 1257 Ὡσαύτως
2973 1195 3067 1247 καὶ
3104 1194 3164 1247 τὸ
3206 1196 3464 1265 ποτήριον
3496 1195 3631 1266 μετά
3664 1196 3726 1249 τὸ
3750 1197 3852 1250 δει-

2282 1287 2505 1357 πνῆσαι,
2546 1286 2722 1354 λέγων
2744 1302 2757 1317 ·
2789 1285 2959 1339 Τοῦτο
2982 1286 3041 1339 τὸ
3073 1287 3329 1357 ποτήριον
3357 1287 3389 1356 ή
3425 1286 3587 1357 καινὴ
3613 1287 3853 1357 Διαθήκη

2276 1378 2445 1439 ἐστὶν,
2473 1378 2531 1431 ἐν
2557 1376 2633 1447 τῷ
2654 1378 2846 1447 αἵματι
2870 1378 2946 1447 τῷ
2973 1378 3092 1447 ἐμῷ
3109 1392 3121 1405 ·
3152 1376 3307 1430 τοῦτο
3330 1379 3553 1439 ποιεῖτε,
3582 1378 3769 1438 ὁσάκις
3790 1379 3855 1429 ἂν

2277 1470 2499 1530 ποιεῖτε,
2533 1469 2610 1533 είς
2635 1469 2735 1539 τὴν
2764 1468 2907 1539 ἐμὴν
2941 1469 3269 1536 ἀνάμνησιν.
3299 1465 3521 1530 Ὁσάκις
3548 1466 3614 1518 ἄν
3640 1465 3855 1536 ἐσθίητε

2275 1561 2367 1615 τὸν
2400 1562 2564 1632 ἄρτον
2592 1562 2802 1629 τοῦτον,
2836 1562 2932 1615 καὶ
2967 1560 3027 1614 τὸ
3056 1560 3316 1629 ποτήριον
3336 1558 3547 1627 πίνητε,
3571 1558 3664 1610 τὸν
3692 1558 3849 1611 θάνα-

2274 1672 2366 1708 τον
2399 1654 2492 1707 τοῦ
2519 1654 2726 1723 Κυρίου
2764 1652 3187 1721 καταγγέλλετε,
3225 1650 3385 1722 ἄχρις
3414 1645 3474 1704 οὗ
3516 1651 3703 1723 ἔλθῃ.»
3746 1652 3857 1705 Καὶ

2259 1746 2421 1811 ,θεῖον
2455 1747 2554 1816 μὲν
2587 1745 2750 1799 ὅτιτὸ
2782 1745 3101 1816 μυστήριον,
3140 1743 3234 1797 καὶ
3262 1742 3523 1808 ζωοποιὸς
3548 1744 3582 1812 ἡ
3618 1740 3855 1812 μέθεξις,

605 1847 724 1887 cem
770 1833 985 1897 bibetis,
1016 1843 1245 1889 mortem
1295 1832 1507 1888 Domini
1562 1832 1950 1889 annuntiabitis
2003 1833 2168 1887 donec

2274 1838 2369 1892 καὶ
2398 1836 2498 1908 τὴς
2523 1836 2862 1907 ἀναιμάκτου
2894 1835 3125 1905 ταυτησὶ
3167 1833 3355 1897 Θυσίας
3381 1833 3414 1905 ἡ
3438 1832 3666 1901 δύναμις
3701 1832 3856 1901 παρὰ

603 1922 867 1975 veniat”.
907 1942 926 1975 ι
958 1922 1035 1977 Ac
1055 1924 1295 1977 divinum
1326 1923 1544 1993 quidem
1574 1922 1675 1977 hoc
1706 1937 1827 1978 esse
1856 1923 2168 1993 mysterium

602 2012 1180 2083 participationemque
1202 2014 1318 2081 ejus
1349 2014 1643 2080 viviﬁcam,
1680 2024 1733 2070 et
1762 2015 2057 2070 incruente
2078 2015 2171 2070 hu-

595 2103 686 2170 jus
712 2105 900 2160 hosna:
923 2109 1027 2159 vim
1050 2106 1205 2173 longe
1229 2105 1317 2161 illo
1345 2106 1499 2175 legali
1531 2107 1679 2161 cultu
1710 2108 2164 2177 praestantiorem,

601 2195 863 2262 perfacile
907 2206 988 2251 est
1012 2198 1195 2251 videre
1220 2196 1303 2251 vel
1333 2197 1398 2252 ab
1424 2211 1489 2251 eo
1515 2196 1652 2266 ipso,
1689 2198 1832 2268 quod
1861 2197 1947 2251 illa
1978 2198 2169 2266 priscis

602 2286 913 2343 hominibus
961 2290 1166 2343 sancita
1210 2304 1307 2359 per
1360 2288 1565 2354 Mosen,
1627 2289 1817 2344 umbra
1896 2289 2167 2357 dicuntur,

601 2377 853 2433 Christus
899 2393 1027 2433 vero
1052 2379 1274 2448 ejusque
1304 2379 1509 2443 omnia,
1559 2380 1767 2434 veritas
1798 2380 2165 2449 appellantur;

602 2467 670 2520 ad
694 2481 922 2536 eamque
947 2484 1062 2523 rem
1088 2471 1512 2524 conﬁrmandam
1542 2471 1696 2524 nobis
1721 2472 1826 2525 erit
1864 2471 2169 2539 adiumento

604 2558 796 2610 beatus
817 2557 1035 2624 Paulus,
1066 2559 1157 2628 qui
1190 2559 1272 2613 sic
1310 2560 1566 2627 scripsit:
1615 2578 1634 2610 ι
1672 2559 1883 2614 lrritam
1934 2562 2056 2631 quis
2089 2561 2168 2615 ia-

600 2647 755 2701 ciens
776 2647 944 2717 legem
973 2647 1123 2713 Mosi,
1150 2648 1268 2703 sine
1298 2649 1403 2702 ulla
1438 2650 1791 2705 miseratione
1843 2652 2054 2707 duobus
2081 2653 2166 2708 vel

603 2738 773 2793 trilms
805 2740 1027 2795 testibus
1054 2742 1281 2794 moritur
1306 2758 1319 2794 :
1344 2749 1545 2809 quanto
1563 2743 1733 2811 magis
1787 2744 1989 2813 putatis
2025 2745 2169 2800 dete-

605 2830 746 2883 riora
782 2832 975 2886 mereri
1004 2832 1287 2902 snpplicia,
1317 2832 1408 2901 qui
1436 2830 1630 2887 Filium
1678 2833 1771 2888 Dei
1821 2835 2168 2893 conculcave-

601 2921 689 2982 rit,
728 2930 782 2974 ct
804 2922 1120 2990 sanguinem
1151 2922 1483 2978 Testamenti
1531 2924 1793 2993 pollutum
1838 2926 2069 2992 duxerit,
2116 2928 2169 2983 in

599 3026 707 3079 quo
734 3012 1099 3067 sanctiﬁcatus
1122 3023 1224 3079 est,
1241 3023 1295 3069 et
1324 3014 1549 3084 Spiritui
1573 3018 1757 3085 gratiae
1784 3017 2168 3073 contumeliam

598 3101 787 3157 fecerit
814 3103 903 3157 9‘?
953 3121 973 3155 ι
1037 3104 1280 3161 Edebant
1330 3109 1476 3163 enim
1542 3108 1620 3164 illi
1656 3117 1867 3164 veteres
1924 3109 2171 3164 homines

2273 1918 2548 1996 πολὺτῆς
2576 1927 2636 1980 tv
2664 1928 2815 1997 νόμῳ
2860 1925 3115 1995 λατρείας
3158 1924 3421 1994 ἀμείνων,
3473 1923 3858 1991 ἀταλαίπωρον

2276 2018 2423 2083 ἰδεῖν,
2464 2018 2559 2071 καὶ
2586 2017 2661 2079 ὡς
2691 2017 2800 2070 ἀπό
2838 2033 2901 2085 γε
2929 2016 3023 2068 τοῦ
3063 2014 3315 2083 λέγεσθαι
3344 2014 3503 2067 σκιὰν
3536 2014 3636 2083 μὲν
3670 2015 3856 2067 ἐκεῖνα

2273 2109 2342 2163 τὰ
2393 2109 2482 2163 διά
2538 2110 2782 2174 Μωσέως
2835 2112 2946 2173 τοῖς
2997 2110 3375 2180 ἀρχαιοτέροις
3429 2106 3854 2176 τεθεσπισμένα,

2274 2200 2510 2271 Χριστόν
2542 2217 2606 2269 γε
2651 2200 2757 2271 μὴν
2794 2194 2935 2253 εἶναι
2970 2201 3063 2253 καὶ
3103 2199 3174 2253 τὰ
3215 2198 3381 2252 αὐτοῦ
3418 2197 3519 2268 τὴν
3552 2196 3813 2266 ἀλήθειαν
3836 2211 3853 2226 ο

2277 2290 2602 2362 συλλήψεται
2652 2290 2709 2343 δέ
2754 2290 2892 2360 πρὸς
2934 2289 3093 2343 τοῦτο
3143 2290 3275 2360 ἡμῖν
3323 2289 3418 2342 καὶ
3469 2289 3498 2341 ὁ
3545 2286 3855 2355 σοφώτατος

2276 2378 2504 2444 Παῦλος,
2535 2378 2631 2432 ὡδὶ
2656 2378 2948 2449 γεγραφώς
2967 2395 2981 2409 ·
3012 2399 3030 2431 ι
3072 2379 3371 2447 ’Λθετήσας
3398 2396 3481 2442 τις
3517 2378 3678 2447 νόμον
3720 2378 3855 2430 Μω-

2276 2470 2435 2535 σέως,
2477 2472 2647 2543 χωρὶς
2685 2470 2988 2541 οἰκτιρμῶν
3024 2471 3116 2524 ἐπὶ
3145 2470 3361 2541 δυσὶνῆ
3402 2471 3549 2542 τρισὶ
3589 2470 3856 2539 μάρτυσιν

2274 2560 2645 2632 ἀποθνήσκει·
2706 2560 2860 2630 πόσῳ
2917 2560 3126 2613 δοκεῖτε
3190 2560 3433 2631 χείρονος
3485 2558 3853 2630 ἀξιωθήσεται

2273 2650 2567 2722 τιμωρίας,
2598 2650 2626 2702 6
2657 2648 2749 2703 τὸν
2787 2649 2915 2703 Υἱὺν
2940 2648 3031 2702 τοῦ
3062 2648 3198 2702 Θεοῦ
3232 2649 3645 2719 καταπατήσας,
3667 2648 3761 2702 καὶ
3788 2648 3856 2701 τὸ

2274 2738 2415 2814 αἷμα
2433 2743 2533 2812 τῆς
2557 2741 2829 2813 Διαθήκης
2852 2740 3030 2794 κοινὸν
3053 2742 3418 2812 ήγησάμενος,
3438 2742 3496 2795 ἐν
3524 2735 3568 2808 ᾧ
3591 2740 3851 2809 ἡγιάσθη,

2279 2832 2373 2885 καὶ
2400 2831 2461 2884 r6
2491 2831 2717 2900 Πνεῦμα
2744 2830 2844 2900 τῆς
2875 2830 3096 2900 χάριτος
3123 2830 3443 2900 ἐνυϐρίσας;
3464 2848 3483 2881 ι
3508 2829 3732 2882 Ἤσθιον
3753 2829 3856 2899 μὲν

2276 2924 2382 2996 γάρ
2408 2924 2458 2977 oi
2482 2922 2651 2977 πάλαι
2679 2921 3042 2985 καταθύοντες
3083 2919 3177 2974 τὸν
3218 2921 3419 2991 ἀμνόν·
3466 2923 3499 2992 ἠ
3544 2921 3602 2974 δέ
3649 2938 3712 2989 γε
3752 2921 3857 2990 τῆς

2277 3013 2531 3087 βρώσεως
2583 3013 2852 3084 δύναμις,
2910 3013 3011 3066 οὐκ
3068 3014 3148 3078 είς
3201 3013 3363 3085 κόρον
3414 3012 3601 3077 ἁπλῶς
3653 3010 3856 3083 ἐχώρει

2276 3106 2531 3176 γαστρὸς,
2572 3105 2688 3159 ἀλλ’
2726 3106 2849 3159 οὐδὲ
2884 3106 3085 3177 ταύτης
3114 3107 3276 3160 ἕνεκα
3299 3106 3397 3176 τῆς
3426 3105 3605 3168 αίτίας
3639 3105 3708 3157 τὰ
3746 3103 3855 3173 τῆς

599 3209 795 3263 agnum
833 3196 1167 3253 immolatum
1199 3215 1213 3253 :
1240 3200 1335 3256 sed
1358 3200 1445 3256 illa
1475 3202 1558 3257 vis
1611 3200 1727 3269 ejus
1755 3214 1892 3257 escae
1945 3216 2051 3256 non
2100 3203 2167 3257 ad

2272 3197 2462 3262 θυσίας
2506 3197 2865 3267 ἐπετηδεύετο
2910 3199 3051 3255 κατὰ
3090 3200 3288 3269 νόμονο
3330 3197 3445 3253 ἀλλ’
3493 3198 3580 3250 ἵνα
3614 3195 3850 3251 θανάτου

598 3287 902 3344 satietatem
933 3291 1136 3346 ventris
1165 3296 1537 3349 tantummodo
1587 3294 1831 3360 cedebat,
1891 3308 2067 3365 neque
2104 3309 2169 3349 ea

599 3377 666 3432 de
691 3392 853 3435 causa
883 3383 1219 3439 sacrificandi
1252 3384 1389 3440 ritus
1447 3386 1750 3441 secundum
1784 3387 1955 3457 legem
1984 3401 2170 3442 serva-

601 3470 786 3533 batur;
810 3472 903 3525 sed
940 3482 993 3525 ut
1023 3484 1249 3529 mortem
1280 3476 1332 3528 in
1360 3475 1498 3531 alios
1521 3476 1865 3533 invadentem
1926 3477 2030 3547 ipsi
2076 3492 2168 3532 su-

597 3571 869 3628 perarent,
930 3574 982 3616 et
1038 3566 1509 3621 exterminatorem
1582 3566 1925 3637 eli‘ngerent:
1985 3570 2168 3638 itaque

599 3659 754 3704 nocte
779 3666 881 3703 una
916 3652 1194 3707 interfecta
1230 3653 1744 3725 suntA-Igyptiorum
1775 3657 2162 3725 primogenita:

598 3739 819 3794 illivero
845 3744 981 3796 nuda
1016 3742 1181 3813 ﬁgura
1211 3745 1423 3808 muniti,
1452 3745 1640 3800 soliab
1677 3760 1741 3801 ea
1784 3748 2160 3814 servabantur,

594 3840 651 3884 et
675 3832 917 3886 umbram
946 3834 1145 3888 auxilio
1177 3835 1459 3902 habentes,
1483 3838 1642 3891 etiam
1686 3838 1800 3908 ipsa
1839 3849 2009 3894 morte
2072 3856 2164 3895 su-

594 3924 833 3991 periores
864 3935 1173 3981 evaserunt.
1198 3926 1340 3996 Ergo
1368 3930 1762 3983 conservabant
1810 3930 1939 3998 ipsa:
1982 3931 2165 4001 ﬁgura:

593 4029 686 4069 eos
708 4016 798 4085 qui
826 4026 953 4071 ante
982 4032 1082 4072 nos
1107 4016 1345 4073 luerunt.
1375 4018 1587 4085 Quanto
1621 4019 1790 4090 igitur
1855 4036 1942 4075 res
1968 4031 2164 4076 nostra:

593 4115 721 4159 sunt
742 4107 1174 4174 excellentiores,
1199 4110 1393 4178 quibus
1419 4110 1533 4180 ipsa
1564 4113 1782 4175 veritas,
1814 4112 1864 4166 id
1887 4121 1969 4167 est
2002 4112 2162 4169 Chri-

594 4205 733 4262 stus,
767 4197 969 4264 illuxit,
997 4208 1352 4270 sanctamque
1377 4216 1531 4257 suam
1570 4216 1790 4257 carnem
1841 4204 1907 4258 ad
1940 4205 2165 4274 partici-

595 4288 827 4357 pandum
861 4291 1142 4361 apposuit?
1188 4295 1457 4364 quomodo
1517 4295 1569 4350 id
1618 4310 1723 4351 non
1788 4296 1859 4351 sit
1912 4300 2163 4353 omnibus

594 4377 981 4447 perspicuum?
1014 4380 1180 4438 Multo
1207 4400 1439 4454 namque
1469 4395 1593 4441 sunt
1622 4385 1809 4457 procul
1832 4388 1994 4443 dubio
2026 4403 2163 4457 prte-

2270 3289 2382 3351 τοῖς
2438 3287 2619 3351 ἄλλοις
2666 3288 3106 3351 ἐκπεπτωκότος,
3160 3288 3440 3355 κρείττους
3481 3303 3541 3339 τε
3591 3280 3702 3338 εἷεν
3749 3284 3851 3337 τοῦ

2270 3376 2462 3430 παθεῖν
2491 3378 2665 3442 αὐτοὶ,
2698 3376 2793 3430 καὶ
2811 3376 3235 3447 διαδιδράσκοιεν
3254 3376 3343 3428 τὸν
3358 3376 3705 3445 ὁλοθρευτήν.
3736 3374 3851 3427 Καὶ

2269 3465 2400 3535 γοῦν
2448 3466 2719 3537 ἀνῄρηται
2778 3465 2877 3536 μὲν
2933 3467 2993 3517 ἐν
3049 3466 3147 3534 μιᾷ
3201 3467 3355 3518 νυκτὶ
3402 3464 3471 3518 τὰ
3527 3465 3851 3536 πρωτότοκα

2267 3558 2614 3626 Αἰγυπτίωνο
2664 3558 2715 3609 ol
2764 3557 2820 3611 δὲ
2864 3558 2959 3611 καὶ
2989 3556 3129 3626 ψιλῷ
3172 3556 3249 3626 τῷ
3283 3558 3431 3627 τόπῳ
3475 3555 3606 3628 [τον.
3648 3554 3845 3627 τύπῳ]

2266 3649 2680 3720 τετειχισμέναι,
2743 3650 2892 3718 μόνοι
2942 3650 3070 3719 παρ’
3119 3649 3326 3703 ἐκείνου
3385 3648 3686 3713 ἐσώζοντο,
3750 3649 3848 3701 καὶ

2267 3739 2527 3794 σύνοπλον
2570 3740 2785 3810 ἔχοντες
2838 3740 2937 3809 τὴν
3006 3738 3187 3805 σκιὰν,
3248 3740 3343 3793 καὶ
3398 3738 3563 3793 αὑτοῦ
3614 3739 3845 3793 θανάτου

2266 3830 2794 3901 κατευμεγεθοῦντες
2838 3832 3139 3900 ἐφαίνοντο.
3177 3830 3391 3885 Οὐκοῦν
3417 3830 3621 3895 ἔσωζον
3661 3832 3758 3901 μὲν
3790 3829 3851 3883 οἱ

2264 3924 2425 3976 τύποι
2454 3924 2581 3986 τοὺς
2604 3923 2710 3993 πρὸ
2734 3923 2912 3994 ήμῶν.
2954 3924 3041 3976 Ἐν
3066 3923 3177 3978 τίσι
3216 3923 3272 3976 δὲ
3293 3923 3402 3994 ἄρα
3425 3922 3494 3976 τά
3519 3922 3641 3975 καθ’
3674 3924 3846 3991 ἡμᾶς,

2263 4010 2346 4078 οἷς
2392 4014 2529 4086 αὐτὴ
2578 4013 2760 4069 λοιπὸν
2809 4014 3125 4085 ἐπέλαμψεν
3173 4016 3208 4085 ὴ
3262 4013 3531 4080 ἀλήθεια,
3595 4014 3851 4065 τουτέστι

2263 4105 2518 4178 Χριστος,
2558 4107 2657 4177 τὴν
2686 4105 2946 4172 ζωοποιὸν
2974 4105 3170 4160 ἐαυτοῦ
3201 4105 3379 4177 σάρκα
3410 4103 3733 4176 παρατιθεὶς
3759 4104 3847 4165 εἰς

2266 4198 2515 4272 μέθεξιν;
2549 4198 2667 4263 πῶς
2691 4200 2791 4270 οὐχ
2812 4200 3018 4254 ἅπασιν
3047 4198 3307 4269 ἐναργές;
3336 4196 3479 4251 Πολὺ
3504 4197 3613 4267 γάρ
3635 4195 3698 4266 δὴ
3727 4195 3851 4247 λίαν

2263 4294 2321 4345 tv
2345 4291 2615 4361 ἀμείνοσι,
2638 4290 2734 4343 καὶ
2764 4290 2823 4343 tv
2850 4294 2963 4353 τοῖς
2981 4290 3120 4357 ἄγαν
3144 4289 3583 4360 ὑπερκειμένοις.
3608 4287 3718 4340 Καὶ
3745 4287 3851 4355 τήν

2262 4400 2326 4452 γε
2358 4382 2453 4436 τοῦ
2480 4382 2781 4454 μυστηρίου
2806 4381 3038 4452 δύναμιν
3069 4380 3275 4451 ἐναργῆ
3304 4377 3568 4441 καθιστάς
3593 4379 3621 4430 ὁ
3641 4378 3849 4446 Κύριος

594 4468 958 4525 stantioresac
987 4474 1315 4541 superiores.
1344 4476 1522 4540 Atque
1544 4476 1704 4546 hujus
1759 4480 2001 4551 mysterii
2051 4480 2158 4533 vim

2272 4473 2420 4544 ἡμῶν
2466 4471 2673 4542 Ἰησοῦς
2702 4473 2730 4524 6
2759 4472 2993 4543 Χριστός
3012 4487 3026 4500 ’
3058 4490 3077 4523 ι
3100 4471 3292 4541 ’Δμὴν,
3334 4471 3489 4541 φησὶ,
3520 4470 3664 4539 λέγω
3690 4469 3844 4537 ὑμῖν,

595 4559 964 4615 utdeclararet
992 4562 1248 4620 Dominus
1303 4577 1487 4621 noster
1532 4565 1688 4622 Jesus
1736 4568 1999 4633 Christus,
2039 4569 2158 4622 ait:

600 4667 620 4701 ι
651 4651 820 4707 Amen
862 4653 984 4709 dico
1014 4655 1191 4722 vobis,
1221 4658 1311 4727 qui
1333 4659 1506 4714 credit
1534 4660 1585 4714 in
1622 4674 1728 4727 me,
1783 4662 1948 4716 habet
1999 4654 2161 4716 vitam

593 4752 872 4797 :eternam.
898 4744 1007 4815 Ego
1036 4761 1153 4802 sum
1180 4749 1337 4818 panis
1360 4749 1501 4805 vitta.
1539 4750 1728 4807 Patres
1784 4752 1949 4807 vestri
2007 4768 2163 4807 man-

595 4830 1143 4888 ducaveruntmanna
1174 4838 1227 4889 in
1248 4837 1487 4903 deserto,
1521 4848 1574 4893 et
1625 4841 1818 4894 mortui
1874 4852 1999 4895 sunt
2028 4860 2042 4895 :
2076 4842 2165 4897 hic

595 4926 679 4972 est
701 4919 853 4987 panis
886 4920 951 4974 de
978 4922 1114 4977 caelo
1159 4924 1513 4989 descendens,
1562 4937 1620 4981 ut
1657 4928 1703 4981 si
1756 4928 1879 4995 quis
1930 4943 1993 4982 ex
2051 4930 2165 4998 ipso

596 5008 901 5076 manducet,
934 5027 1037 5065 non
1074 5015 1353 5069 moriatur.
1392 5016 1501 5085 Ego
1528 5032 1644 5070 sum
1700 5020 1855 5087 panis
1888 5020 2038 5074 vivus
2071 5020 2161 5088 qui

596 5100 661 5152 de
695 5098 1131 5158 cmlodcscendi.
1191 5105 1246 5159 Si
1300 5109 1421 5176 quis
1479 5109 1882 5164 manducavcrit
1934 5126 2001 5165 ex
2064 5112 2165 5167 hoc

596 5205 753 5258 pane,
787 5191 929 5247 vivet
968 5196 1020 5248 in
1053 5206 1353 5250 aeternum:
1394 5208 1447 5251 ct
1468 5200 1622 5267 panis
1674 5215 1831 5267 quem
1863 5216 1961 5271 ego
2004 5202 2161 5267 dabo,

594 5295 722 5335 caro
756 5297 869 5336 mea
904 5293 985 5338 est
1017 5302 1112 5355 pro
1139 5288 1323 5342 mundi
1351 5288 1460 5342 vita
1488 5289 1557 5344 ".
1596 5309 1614 5341 ι
1647 5290 1777 5342 Nam
1811 5294 1933 5361 quia
1957 5307 2024 5343 ex
2075 5308 2167 5361 ge-

598 5387 723 5424 nere
753 5374 916 5428 lsrael
952 5377 1059 5430 nati
1086 5378 1149 5431 dc
1181 5393 1377 5433 manna
1405 5380 1833 5449 suppeditationc
1862 5380 2043 5435 Mosen
2072 5383 2166 5435 ad-

598 5459 953 5527 mirabantur,
991 5465 1146 5535 113
1177 5470 1321 5535 quod
1392 5485 1513 5527 cum
1561 5484 1655 5538 per
1706 5472 1979 5525 desertum
2048 5472 2166 5541 ejus

598 5555 851 5621 temporis
875 5558 1179 5616 hominibus
1215 5560 1504 5617 demissum
1531 5561 1743 5629 fuisset,
1780 5572 1959 5634 typum
1998 5565 2166 5633 gessit

670 5729 762 5784 "1
791 5732 914 5786 Cor.
950 5750 1022 5801 XI,
1052 5734 1237 5791 22-96.

2271 4569 2300 4620 6
2321 4566 2593 4619 πιστεύων
2620 4567 2699 4629 εἰς
2724 4566 2845 4635 ἐμὲ,
2887 4566 3002 4636 ἔχει
3042 4563 3188 4637 ζωὴν
3223 4562 3461 4618 αἰώνιον.
3502 4562 3645 4632 Ἐγὼ
3670 4564 3785 4633 ειμι
3813 4564 3850 4617 ὁ

2269 4656 2433 4726 ἄρτος
2469 4658 2567 4728 τῆς
2594 4656 2759 4725 ζωῆς.
2792 4658 2854 4709 Οἱ
2886 4656 3127 4726 πατέρες
3166 4655 3321 4725 ὑμῶν
3352 4655 3551 4725 ἔφαγον
3579 4656 3640 4709 τὺ
3668 4656 3845 4725 μάννα

2264 4751 2322 4803 ὲν
2349 4752 2417 4820 τῇ
2448 4750 2640 4820 ἐρήμῳ
2668 4749 2761 4801 καὶ
2786 4747 3055 4801 ἀπέθανον
3076 4764 3090 4777 ⁸
3135 4742 3287 4810 οὗτός
3317 4749 3463 4802 ἐστιν
3490 4748 3517 4799 6
3547 4746 3709 4818 ἄρτος
3731 4749 3758 4799 6
3780 4748 3847 4799 ἐκ

2264 4841 2358 4895 τοῦ
2388 4841 2615 4912 ούρανοῦ
2640 4840 3002 4904 καταϐαίνων,
3030 4841 3119 4893 ἵνα
3160 4857 3243 4903 τις
3272 4840 3329 4906 ἐξ
3358 4837 3523 4893 αὐτοῦ
3556 4840 3728 4911 φάγῃ,
3752 4839 3848 4889 καὶ

2269 4933 2344 5003 μὴ
2393 4933 2663 5005 ἀποθάνῃ.
2719 4931 2860 5000 Ἐγὼ
2900 4932 3017 5001 είμι
3056 4933 3085 4984 6
3139 4932 3303 5003 ἄρτος
3346 4933 3374 4984 6
3424 4931 3533 4995 ζῶν
3567 4932 3595 4983 6
3633 4933 3696 4983 ἐκ
3747 4928 3844 4982 τοῦ

2264 5024 2493 5095 ούρανοῦ
2548 5024 2814 5087 καταϐάς.
2886 5023 3015 5078 Ἐάν
3060 5041 3144 5087 τις
3185 5025 3251 5076 ἐκ
3301 5024 3491 5077 τούτου
3533 5024 3626 5077 τοῦ
3677 5024 3845 5092 ἄρτου

2267 5114 2437 5187 φάγῃ,
2478 5113 2704 5184 ζήσεται
2738 5115 2816 5176 εἰς
2836 5114 2928 5166 τὸν
2957 5113 3129 5165 αίῶνα
3151 5129 3164 5141 ·
3189 5114 3283 5167 καὶ
3312 5115 3340 5167 6
3364 5116 3528 5185 ἄρτος
3557 5116 3613 5168 δὲ
3644 5116 3703 5168 ὃν
3732 5117 3846 5182 ἐγὼ

2265 5204 2441 5269 δώσω,
2492 5207 2525 5274 ή
2575 5205 2710 5273 σάρξ
2756 5204 2856 5273 μού
2910 5205 3124 5274 ἐστινὴ
3175 5204 3313 5276 ὑπὲρ
3358 5207 3456 5274 τῆς
3491 5207 3587 5259 τοῦ
3637 5207 3843 5276 κόσμου

2274 5295 2438 5367 ζωῆς.
2465 5316 2482 5349 ι
2539 5299 2756 5368 Ἐπειδὴ
2802 5299 2911 5367 γάρ
2940 5299 2987 5350 oi
3016 5296 3076 5362 ἐξ
3110 5298 3337 5367 αἵματος
3389 5299 3601 5368 Ἰσραὴλ
3641 5300 3845 5353 Munia

2273 5389 2649 5459 κατεθήπεσαν
2692 5392 2781 5443 ἐπὶ
2810 5392 2875 5461 τῇ
2907 5388 3000 5442 τοῦ
3036 5389 3211 5458 μάννα
3244 5390 3497 5460 χορηγίᾳ,
3521 5388 3844 5457 καθιεμένου

2278 5480 2374 5548 μὲν
2412 5483 2523 5543 τοῖς
2550 5481 2806 5551 τηνικάδε
2861 5479 3002 5532 κατά
3047 5478 3145 5549 τὴν
3190 5478 3423 5549 ἔρημονο
3459 5477 3843 5547 ἀποπληροῦν-

2272 5585 2362 5631 τες
2399 5567 2518 5639 [Ion
2547 5565 3023 5642 ἀποπληροῦντος]
3083 5567 3140 5620 δὲ
3200 5566 3371 5620 τύπον
3421 5565 3519 5636 τῆς
3574 5562 3843 5634 μυστικῆς

1314 5744 1359 5775 ⁹¹⁸
1390 5739 1551 5796 Hebr.
1598 5740 1759 5807 x,“.-.8,
1784 5740 1870 5796 29.
1950 5742 1993 5772 ’⁵
2027 5741 2179 5797 Joan.
2212 5757 2279 5805 vt
2327 5742 2514 5797 67-52.
