4088 6498
267 364 373 421 1ὶῖ

1327 363 1696 419 ADVERSUS
1731 362 2130 420 NESTORIUM
2173 363 2297 419 LIII.
2338 362 2426 419 iV.

3414 363 3518 421 198

262 479 561 548 εὐλογίας·
620 478 749 532 σκιὰ
804 478 913 551 γάρ
956 481 984 533 6
1038 481 1201 552 νόμος
1232 500 1244 512 ’
1298 484 1555 556 ταύτῃτοι
1598 487 1693 539 καὶ
1736 484 1842 538 λίαι

1962 486 2201 555 tnysticm
2231 483 2654 540 benedictionis:
2712 481 2897 535 umbra
2952 466 3180 553 namque
3245 492 3363 539 erat
3400 485 3520 553 lex;

263 568 539 640 εὐτέχνως
577 570 606 621 6
636 568 843 640 Κύριος
871 571 1029 642 ήμῶν
1075 572 1282 643 Ἰησοῦς
1314 576 1549 646 Χριστὸς
1579 592 1850 645 κατασμι-

263 660 454 732 κρύνει
495 660 587 712 τὸν
617 659 809 724 τύπον,
853 662 1170 731 μετασοὸῶν
1209 666 1288 727 είς
1323 664 1602 735 ἀλήθειαν.
1637 666 1712 718 Οὐ
1744 667 1851 737 γάρ

263 750 348 805 τοί
375 768 542 822 φησιν
582 750 792 814 ἐκεῖνος
824 748 965 804 εἶναι
996 752 1117 824 [τσ.
1148 749 1250 826 ἦν]
1284 755 1313 807 6
1340 757 1440 824 τῆς
1482 754 1629 823 ζωῆς
1666 755 1849 824 ἄρτος,

264 844 384 897 ἀλλ’
428 843 541 911 ἐγὼ
591 842 792 913 μᾶλλον
840 845 870 896 6
913 844 973 908 ἐξ
1023 845 1273 916 οὐρανοῦ,
1316 847 1409 899 καὶ
1463 845 1742 909 ζωοποιῶν
1784 846 1852 899 τὰ

264 937 473 998 πάντα,
512 935 609 989 καὶ
662 937 773 999 τοῖς
804 936 1076 990 ἐσθίουσιν
1117 938 1357 1008 ἐμαυτὸν
1395 938 1579 1004 ἐνιεὶς,
1623 938 1718 991 καὶ
1763 938 1853 991 διὰ

262 1028 367 1097 τῆς
415 1026 711 1097 ἐνωθείσης
753 1026 878 1096 ἐμοὶ
919 1028 1151 1099 σαρκός·
1203 1029 1231 1081 ὃ
1271 1029 1334 1099 δὴ
1377 1030 1472 1081 καὶ
1517 1028 1851 1100 σαφέστερον

263 1116 443 1169 ἐποίει
482 1118 688 1186 λέγων’
748 1136 767 1169 ι
803 1117 974 1188 Ἀμὴν
1021 1119 1165 1187 λέγω
1212 1120 1361 1190 ὑμῖν,
1410 1121 1503 1174 ἐὰν
1535 1119 1609 1191 μὴ
1638 1120 1850 1189 φάγητε

263 1207 367 1274 τὴν
406 1208 583 1278 σάρκα
606 1208 699 1261 τοῦ
737 1207 864 1261 Υἱοῦ
898 1208 993 1261 τοῦ
1020 1209 1331 1281 ἀνθρώπου,
1369 1212 1463 1265 καὶ
1496 1212 1654 1282 πίητε
1684 1210 1850 1264 αὐτοῦ

262 1297 327 1349 τὸ
358 1292 520 1367 αἷμα,
547 1299 647 1351 οὐκ
680 1298 833 1368 ἔχετε
864 1298 1010 1371 ζωὴν
1047 1302 1105 1354 ἐν
1144 1301 1354 1365 ἑαυτοῖς
1379 1320 1394 1334 ο
1438 1305 1466 1356 6
1493 1301 1718 1373 τρώγων
1748 1320 1848 1373 μου

262 1385 365 1457 τὴν
392 1388 592 1457 σάρκα,
613 1388 707 1440 κα)⁵
722 1388 894 1441 πίνων
914 1405 1018 1460 μου
1040 1390 1102 1442 τὸ
1123 1385 1281 1460 αἷμα,
1306 1391 1419 1461 ἔχει
1439 1390 1586 1461 ζωὴν
1611 1391 1846 1457 αίώνιον,

262 1475 423 1543 κάγὼ
451 1478 739 1546 ἀναστήσω
780 1479 944 1534 αὐτὸν
985 1481 1043 1533 ἐν
1081 1484 1147 1551 τῇ
1177 1482 1382 1555 ἐσχάτῃ
1410 1482 1613 1554 ἡμέρᾳ.
1650 1483 1715 1535 Ἠ
1744 1484 1849 1555 γὰρ

263 1566 404 1636 σάρξ
454 1584 558 1636 μου
609 1567 818 1640 ἀληθής
861 1570 980 1623 ἐστι
1023 1569 1259 1640 βρῶσιςο
1308 1574 1402 1626 καὶ
1441 1572 1503 1625 τὸ
1542 1569 1683 1643 αἷμά
1724 1591 1845 1644 μου,

260 1657 473 1728 ἀληθής
511 1659 628 1711 ἐστι
658 1660 836 1725 πόσις.
881 1661 939 1715 '0
971 1662 1202 1733 τρώγων
1236 1682 1338 1735 μου
1372 1666 1471 1737 τὴν
1512 1666 1721 1736 σάρκα,
1754 1666 1849 1720 καὶ

260 1748 435 1801 πίνων
470 1766 571 1820 μου
598 1750 658 1804 τὺ
688 1745 848 1821 αἷμα,
892 1752 953 1806 ἐν
993 1754 1117 1823 ἐμοὶ
1168 1756 1339 1824 μένει,
1380 1755 1536 1824 κάγὼ
1570 1758 1628 1809 ἐν
1672 1756 1843 1828 αὐτῷ.

1958 574 2077 627 ideo
2103 575 2395 643 prudenter
2451 572 2737 626 admodum
2796 571 3053 625 Dominus
3121 582 3305 627 noster
3366 572 3524 627 Jesus

1954 662 2201 719 Christus
2224 673 2407 735 typum
2431 671 2769 727 extenuat,ut
2795 662 2859 715 ad
2886 663 3168 716 veritatem
3201 666 3522 718 transferat.

1954 753 2139 823 Neque
2167 756 2333 819 enim,
2361 755 2553 823 inquit,
2587 753 2676 807 ille
2702 752 2799 806 fuit
2853 755 3009 821 panis
3068 753 3212 817 vitm,
3271 755 3363 807 sed
3426 772 3526 823 ego

1956 846 2131 913 potius
2161 846 2250 911 qui
2284 845 2348 900 de
2374 845 2509 899 etelo
2540 859 2681 909 sum,
2710 852 2763 897 et
2798 845 2976 896 omnia
3014 843 3245 908 vivitico,
3278 853 3331 897 et
3364 862 3447 897 me
3474 848 3524 898 in

1956 938 2342 993 manducautes
2362 936 2522 992 etiam
2557 951 2652 1005 per
2683 936 2887 990 unitam
2910 935 3040 989 mihi
3062 950 3280 989 carnem
3312 936 3522 990 insero:

1953 1029 2099 1097 quod
2139 1029 2300 1081 etiam
2332 1028 2531 1083 clarius
2571 1026 2822 1092 reddidit,
2856 1025 3041 1079 dicens
3080 1042 3094 1078 :
3138 1041 3157 1074 ι
3189 1025 3361 1078 Amen
3401 1025 3524 1077 dico

1953 1119 2129 1186 vobis,
2167 1119 2266 1172 nisi
2288 1118 2737 1172 manducaveritis
2767 1132 2984 1170 carnem
3041 1114 3159 1169 Filii
3192 1116 3447 1178 hominis,
3472 1125 3528 1169 et

1953 1208 2200 1264 biberitis
2241 1208 2358 1276 ejus
2410 1208 2746 1277 sanguinem,
2780 1221 2885 1260 non
2944 1205 3211 1260 habebitis
3258 1206 3423 1259 vitam
3470 1208 3525 1259 iu

1953 1301 2126 1356 vobis.
2147 1300 2247 1366 Qui
2276 1302 2750 1354 manducatmeam
2782 1313 3024 1364 carnem,
3066 1307 3124 1351 et
3168 1297 3302 1351 bibit
3346 1310 3523 1350 meum

1950 1391 2287 1462 sanguinem,
2318 1391 2480 1446 habet
2508 1391 2671 1444 vitam
2719 1401 3001 1453 aeternam,
3033 1399 3089 1444 et
3146 1404 3246 1460 ego
3293 1389 3525 1442 resusci-

1954 1483 2078 1538 tabo
2099 1497 2219 1537 eum
2252 1484 2304 1536 in
2334 1484 2625 1538 novissimo
2646 1483 2751 1537 die.
2791 1481 2923 1535 Nam
2952 1496 3079 1536 caro
3117 1497 3234 1536 mea
3256 1496 3380 1536 vere
3438 1489 3526 1536 est

1950 1576 2124 1642 cibus,
2151 1586 2204 1630 et
2230 1576 2452 1645 sanguis
2481 1590 2632 1630 meus
2654 1589 2780 1629 vere
2808 1582 2895 1629 est
2921 1586 3097 1644 potus.
3140 1574 3242 1641 Qui
3295 1575 3521 1628 mandu-

1950 1677 2038 1723 cat
2066 1682 2238 1722 meam
2264 1682 2505 1733 carnem,
2538 1677 2588 1721 et
2610 1667 2746 1720 bibit
2775 1680 2951 1719 meum
2981 1666 3321 1734 sanguinem,
3355 1664 3407 1717 in
3439 1678 3525 1718 me

1950 1766 2155 1825 manet,
2183 1768 2236 1813 et
2269 1773 2367 1829 ego
2391 1759 2444 1812 in
2468 1774 2554 1812 eo.
2594 1757 2747 1812 Sicut
2775 1759 2921 1811 misit
2947 1772 3031 1811 me
3056 1759 3238 1810 vivens
3273 1756 3451 1820 Pater,
3470 1764 3525 1808 et

260 1838 462 1903 Καθὼς
499 1841 784 1896 ἀπέστειλέ
814 1861 880 1914 με
913 1846 941 1897 6
967 1843 1075 1908 ζῶν
1102 1845 1309 1918 Πατὴρ,
1338 1846 1493 1915 κάγὼ
1524 1847 1602 1911 ζῶ
1627 1848 1715 1902 διὰ
1752 1849 1841 1902 τὸν

1945 1863 2044 1918 ego
2068 1848 2189 1902 vivo
2222 1856 2442 1917 propter
2466 1848 2712 1915 Patrem;
2749 1856 2805 1901 et
2853 1848 2942 1915 qui
2977 1849 3265 1901 manducat
3313 1862 3420 1908 me,
3469 1856 3524 1899 et

259 1930 503 2002 Πατέρα,
533 1933 628 1986 καὶ
654 1934 682 1985 6
700 1934 928 2004 τρώγων
951 1953 1040 2006 με,
1070 1937 1321 2000 κάκεῖνος
1343 1937 1621 2008 ζήσεται.»
1658 1938 1847 2008 Ἀθρει

257 2020 324 2092 δὴ
370 2017 466 2074 οὖν
508 2023 658 2086 ὅπως
690 2025 747 2076 ἐν
780 2027 913 2095 ἡμῖν
956 2026 1129 2097 μένει,
1164 2029 1258 2081 καὶ
1305 2027 1513 2100 φθορᾶς
1554 2029 1849 2097 ἀποφαίνει

256 2112 598 2182 κρείττονας,
628 2116 739 2177 τοῖς
763 2116 1055 2187 ἡμετέροις
1076 2117 1321 2188 σώμασιν
1337 2118 1608 2187 ἐγκαθιεὶς
1631 2120 1845 2185 ἐαυτὸν,

254 2202 335 2266 ὡς
366 2204 524 2275 ἔφην,
572 2205 667 2258 καὶ
715 2206 801 2259 διὰ
843 2208 943 2277 τῆς
985 2209 1119 2273 ίδίας
1156 2210 1378 2280 σαρκὸς,
1428 2212 1462 2281 ἦ
1509 2211 1601 2264 καὶ
1643 2210 1848 2281 ἀληθής

254 2294 378 2347 ἐστι
409 2294 634 2364 βρῶσις,
667 2297 766 2367 τῆς
793 2298 850 2349 ἐν
886 2299 1037 2369 νόμῳ
1070 2302 1248 2365 σκιᾶς,
1292 2302 1388 2353 καὶ
1408 2301 1509 2369 τῆς
1533 2303 1652 2354 κατ’
1676 2301 1850 2372 αὐτὴν

255 2384 516 2454 λατρείας
544 2387 646 2441 οὐκ
678 2389 908 2458 ἐχούσης
945 2390 1042 2462 τὴν
1074 2392 1355 2461 ἀλήθειαν.
1400 2393 1511 2447 Καὶ
1557 2395 1586 2446 6
1627 2393 1724 2463 μὲν
1749 2393 1846 2446 τοῦ

253 2478 562 2548 μυστηρίου
586 2479 766 2548 λόγος,
795 2482 1001 2546 ἁπλοῦς
1036 2500 1097 2536 τε
1123 2484 1220 2537 καὶ
1249 2483 1477 2555 ἀληθὴς,
1504 2485 1566 2537 οὐ
1587 2486 1850 2549 ποικίλοις

254 2568 475 2621 ἐννοιῶν
513 2571 819 2641 εὑρήμασιν
848 2574 929 2636 είς
964 2574 1289 2646 ἀνοσιότητα
1334 2577 1845 2648 περιειργασμένος,

253 2659 469 2724 ἁπλοῦς
495 2660 572 2726 δὲ,
602 2663 677 2725 ὡς
711 2662 868 2735 ἔφην.
908 2666 1245 2737 Πιστεύομεν
1262 2667 1371 2739 γὰρ
1395 2669 1472 2733 ὡς
1499 2669 1577 2741 τῷ
1605 2670 1849 2740 τεχθέντι

252 2750 345 2804 διὰ
372 2751 470 2822 τῆς
497 2753 659 2820 ἁγίας
689 2754 974 2825 Παρθένου
1021 2757 1256 2828 σώματι,
1293 2759 1473 2831 ψυχὴν
1499 2760 1675 2831 ἔχοντι
1707 2765 1853 2831 λογι-

250 2841 381 2913 κὴν,
414 2843 621 2909 ένώσας
661 2846 851 2899 ἑαυτὸν
877 2848 906 2901 6
936 2849 1002 2901 ἐκ
1023 2848 1160 2903 Θεοῦ
1193 2850 1407 2921 Πατρὸς
1429 2851 1601 2920 Λόγος
1620 2870 1635 2884 ο
1669 2854 1848 2926 ἀπόρ-

251 2939 423 3007 ῥητος
461 2937 521 2990 δέ
552 2954 678 3004 που,
726 2939 820 2992 καὶ
857 2940 1097 3012 μυστικὴ
1142 2940 1361 3005 πάντως
1392 2943 1427 3013 ή
1466 2942 1660 3008 ἕνωσις
1711 2947 1849 3009 ζωο-

252 3024 413 3078 ποιὸν
440 3025 722 3097 ἀπέφηνεν
752 3028 905 3094 αὐτὸ,
938 3029 1052 3100 ζωὴ
1087 3030 1230 3084 κατὰ
1263 3031 1425 3099 φύσιν
1472 3032 1735 3104 ὑπάρχων
1772 3035 1849 3101 ὡς

1948 1938 2065 2007 ipse
2093 1940 2235 1993 vivet
2265 1940 2332 1993 ".
2372 1959 2391 1992 ι
2428 1938 2564 1994 Vide
2580 1939 2743 2009 igitur
2768 1937 3219 2008 quemadmodum
3278 1939 3329 1991 in
3368 1937 3523 1991 nobis

1947 2039 2129 2085 manet
2163 2039 2217 2084 et
2238 2032 2598 2099 corruptionis
2628 2031 2858 2084 victores
2880 2029 3063 2093 eﬂicit,
3098 2030 3221 2083 dum
3250 2044 3307 2083 se
3342 2029 3394 2082 in
3426 2044 3522 2081 no-

1948 2124 2061 2168 stra
2081 2115 2317 2169 demittit
2337 2132 2586 2184 corpora,
2617 2128 2676 2171 ut
2709 2117 2841 2181 dixi,
2870 2117 3031 2171 etiam
3057 2130 3153 2185 per
3198 2132 3352 2171 suam
3396 2132 3520 2170 car—

1946 2222 2092 2271 nem,
2119 2222 2238 2276 qute
2263 2222 2423 2262 verus
2442 2218 2526 2263 est
2556 2210 2735 2273 cibus,
2762 2223 2884 2263 cum
2910 2208 2995 2261 illa
3023 2208 3207 2277 legalis
3239 2208 3448 2270 umbra,
3466 2219 3522 2261 et

1947 2300 2126 2355 cultus
2156 2302 2440 2370 peripsam
2470 2302 2771 2364 institutus,
2810 2317 2914 2356 non
2967 2300 3165 2354 habeat
3209 2300 3517 2353 veritatem.

1938 2391 2013 2446 Et
2042 2393 2284 2463 mysterii
2317 2394 2530 2461 quidem
2552 2394 2689 2448 ratio
2723 2392 2950 2463 simplex
2978 2402 3060 2446 est
3108 2406 3173 2445 ac
3230 2406 3381 2455 vera,
3412 2407 3517 2444 non

1945 2482 2113 2537 variis
2136 2483 2521 2553 cogitationum
2536 2484 2858 2537 commentis
2874 2484 2940 2537 ad
2972 2483 3305 2553 impietatem
3323 2485 3484 2553 eani
3500 2513 3517 2523 -

1944 2573 2050 2629 site
2070 2575 2389 2643 composita,
2406 2575 2520 2636 sed,
2552 2582 2611 2628 ut
2638 2573 3036 2643 dixi,simplex.
3061 2572 3345 2629 Credimus
3366 2589 3518 2627 nam-

1945 2679 2052 2734 que
2083 2664 2209 2720 illud
2238 2679 2306 2719 ex
2342 2665 2452 2719 Deo
2483 2665 2642 2720 Patre
2668 2662 3063 2727 Verbum,cum
3095 2678 3154 2719 se
3182 2665 3393 2733 corpori
3422 2680 3519 2733 per

1945 2764 2189 2811 sanctam
2216 2755 2492 2825 Virginem
2522 2754 2686 2822 edito,
2708 2755 3037 2823 habentique
3054 2755 3368 2809 rationalem
3399 2756 3517 2808 ani-

1947 2862 2094 2901 mam
2125 2847 2374 2913 uniisset,
2405 2846 2674 2914 quaeunio
2710 2845 2996 2900 inelIabills
3043 2861 3264 2916 prorsus
3304 2861 3365 2902 ac
3404 2861 3519 2916 my-

1945 2937 2079 2993 stica
2096 2936 2220 3003 fuit,
2248 2937 2421 3006 ipsum
2454 2952 2649 3005 corpus
2672 2935 2971 2991 reddidisse
3000 2937 3296 3003 viviﬁcum,
3321 2939 3519 3006 quippe

1946 3042 2068 3084 cum
2096 3030 2358 3092 Verbum,
2380 3039 2565 3099 utpote
2588 3028 2754 3093 Deus,
2796 3028 2904 3082 vita
2926 3029 2995 3083 sit
3015 3031 3315 3084 secundum
3346 3042 3514 3084 natu-

252 3113 411 3178 Θεὸς,
439 3114 530 3168 ἴνα
558 3117 708 3186 ήμᾶς
738 3118 933 3171 ἑαυτοῦ
961 3118 1223 3190 μετόχους
1253 3120 1556 3189 ἀποτελῶν,
1602 3142 1842 3198 πνευμα-

1951 3135 2089 3186 ram,
2112 3128 2171 3174 ut
2204 3136 2306 3176 nos
2337 3137 2442 3175 non
2471 3118 2696 3189 spiritdi
2722 3127 2956 3184 tantum,
2989 3134 3172 3174 vermn
3206 3121 3368 3174 etiam
3396 3135 3513 3175 eor-

252 3204 427 3268 τικῶς
470 3222 530 3258 τε
560 3206 678 3276 ἅμα
707 3209 804 3261 καὶ
835 3211 1184 3279 σωματικῶς,
1226 3212 1320 3265 καὶ
1351 3213 1560 3286 φθορᾶς
1588 3216 1841 3291 ἀποφήνῃ

254 3296 594 3367 κρείττονας,
630 3298 725 3352 καὶ⁸
752 3299 853 3369 τῆς
886 3300 1159 3371 ἁμαρτίας
1193 3301 1285 3355 τὸν
1327 3304 1491 3376 νόμον
1522 3307 1613 3361 τὸν
1645 3309 1703 3363 ἐν
1730 3313 1843 3374 τοῖς

257 3387 449 3456 μέλεσι
474 3388 573 3459 τῆς
611 3392 812 3460 σαρκὸς
836 3394 1160 3463 καταργήσῃ
1200 3394 1270 3447 δι’
1306 3397 1522 3462 ἑαυτοῦ,
1555 3402 1841 3472 κατέκρινε

254 3478 358 3546 τὴν
386 3479 663 3551 ἁμαρτίαν
704 3484 763 3534 ἐν
812 3483 995 3553 σαρκὶ,
1051 3484 1193 3537 καθὰ
1221 3487 1547 3557 γέγραπται.
1603 3493 1841 3547 Ἀνδάνει

255 3569 336 3635 δὲ,
367 3567 544 3641 οἶμαι,
570 3575 730 3627 ταυτὶ
761 3575 881 3628 κατ’
902 3576 1093 3629 οὐδένα
1120 3576 1321 3646 τρόπον
1342 3580 1420 3649 τῷ
1436 3582 1543 3634 τῶν
1560 3583 1694 3636 νέων
1710 3585 1841 3654 ἡμῖν

255 3659 586 3730 εὑρημάτων
612 3662 972 3736 δογματιστῇ.
989 3665 1046 3729 ὃς
1069 3660 1158 3719 οἷά
1177 3683 1263 3730 τις
1285 3668 1484 3739 μόσχος
1505 3671 1841 3741 άτιμαγέλας

254 3752 355 3803 ἐπὶ
388 3753 543 3823 μόνον
573 3756 711 3809 ἵεται
740 3757 798 3810 τὸ
828 3756 971 3810 κατά
1014 3757 1243 3828 γνώμην
1277 3760 1446 3829 αὐτῷ,
1498 3762 1590 3815 καὶ
1611 3764 1711 3834 τὴν
1745 3766 1839 3818 τοῦ

256 3846 568 3915 μυστηρίου
590 3847 821 3919 δύναμιν
849 3850 1306 3922 κατασμικρύνει,
1344 3852 1518 3920 λέγων
1543 3871 1559 3885 ·

329 4022 623 4092 ἱἈκουσον
670 4026 765 4080 καὶ
801 4028 884 4092 τὸ,
914 4028 1139 4100 Κύριος,
1175 4031 1307 4084 ποτὲ
1344 4031 1465 4101 μὲν,
1497 4032 1592 4086 ἐπὶ
1617 4033 1717 4105 τῆς
1742 4036 1837 4089 ἀν-

251 4116 608 4188 θρωπότητος
642 4119 734 4170 τοῦ
760 4120 1002 4190 Χριστοῦ
1020 4133 1036 4148 ⁸
1070 4123 1200 4176 ποτὲ
1225 4124 1305 4191 δέ,
1340 4125 1433 4176 ἐπὶ
1457 4125 1555 4195 τῆς
1585 4124 1838 4197 θεότητος

251 4208 426 4260 αὑτοῦ
450 4224 464 4237 ο
504 4210 635 4261 ποτέ
665 4210 742 4274 δὲ,
768 4211 855 4262 ἐπ’
888 4212 1217 4283 ἀμφοτέρων
1251 4215 1521 4285 κείμενον·
1562 4235 1581 4267 ι
1616 4218 1838 4283 Ὁσάκις

250 4299 323 4352 ἂν
352 4299 573 4369 ἐσθίητε
602 4301 695 4353 τὸν
725 4303 888 4372 ἄρτον
914 4303 1129 4370 τοῦτον,
1160 4308 1255 4359 καὶ
1284 4307 1346 4361 τὺ
1391 4309 1653 4379 ποτήριον
1678 4311 1837 4365 τοῦτο

251 4392 473 4463 πίνητε,
523 4393 615 4446 τὸν
662 4393 890 4449 θάνατον
943 4396 1037 4450 τοῦ
1088 4399 1295 4470 Κυρίου
1348 4402 1770 4470 καταγγέλλετε.
1812 4424 1830 4457 ι

1946 3211 2118 3279 porali
2149 3211 2309 3266 modo
2339 3211 2421 3265 sui
2443 3212 2732 3280 participes
2748 3209 2992 3273 etl'ectos,
3014 3210 3360 3280 corruptione
3387 3225 3521 3279 pra:-

1945 3300 2236 3355 stantiores
2324 3301 2596 3363 redderet,
2668 3309 2722 3353 et
2796 3309 3054 3355 evacuata
3113 3315 3207 3368 per
3282 3300 3517 3367 seipsum

1945 3393 2148 3460 peccati
2180 3392 2294 3461 lege
2312 3392 2363 3445 iu
2384 3391 2641 3446 membris
2671 3391 2851 3445 carnis
2871 3391 3067 3459 posita,
3089 3394 3370 3444 damnaret
3392 3405 3516 3460 pec-

1944 3494 2122 3536 catum
2155 3483 2206 3535 in
2233 3497 2418 3546 carne,
2451 3484 2591 3537 sicut
2621 3483 2883 3551 scriptum
2915 3491 2998 3535 est
3022 3482 3215 3536 °'.Sed
3248 3482 3377 3544 haec,
3413 3483 3518 3536 nisi

1942 3571 2119 3638 fallor,
2158 3582 2346 3627 nostro
2403 3587 2663 3627 novorum
2696 3582 3125 3628 commcntorum
3182 3574 3518 3643 dogmatistm

1945 3663 2089 3717 nullo
2109 3664 2266 3718 modo
2293 3662 2623 3733 placent,qui
2659 3673 2912 3735 tauquam
2945 3664 3145 3718 vitulus
3175 3674 3518 3733 contemptor

1941 3757 2291 3824 desertorque
2346 3756 2548 3826 gregis,
2623 3757 2782 3811 inid
2854 3756 3029 3811 solum
3112 3757 3288 3825 pergit
3373 3758 3516 3826 quod

1942 3845 2044 3899 sibi
2102 3845 2301 3914 placet,
2348 3856 2403 3901 et
2441 3845 2602 3914 hujus
2648 3847 2888 3917 mysterii
2949 3846 3055 3900 vim
3108 3847 3399 3911 imminuit,
3429 3847 3514 3901 di-

1942 3950 2071 3991 εειιε
2103 3954 2118 3991 Ξ

2015 4025 2283 4097 [Νεετοιι.
2320 4027 2458 4083 Audi
2486 4029 2646 4083 etiam
2676 4029 2777 4083 hoc
2830 4042 3049 4091 nomen,
3110 4026 3354 4091 Domine,
3410 4030 3513 4082 ali--

1940 4119 2158 4188 quando
2188 4119 2256 4173 de
2288 4120 2621 4175 humanitate
2651 4118 2875 4186 Christi,
2908 4119 3199 4188 aliquando
3230 4120 3295 4173 de
3320 4122 3515 4175 divini-

1939 4225 2050 4270 tate
2064 4215 2203 4284 ejus,
2234 4217 2525 4287 aliquando
2555 4217 2621 4271 de
2651 4226 2887 4285 utroque
2916 4215 3174 4284 positum.
3214 4233 3233 4266 ι
3262 4214 3514 4282 Quoties-

1939 4322 2156 4378 cunque
2211 4307 2606 4363 manducabitis
2629 4307 3012 4376 pauemhunc,
3069 4314 3125 4360 et
3177 4306 3402 4360 calicem
3436 4309 3516 4361 Ιιί⁴

1943 4401 2099 4465 betis,
2128 4411 2354 4455 mortem
2389 4399 2596 4454 Domini
2635 4396 3024 4452 annuntiabitis
3040 4396 3108 4450 ⁸⁸.
3144 4415 3163 4447 ι
3192 4397 3353 4468 114
3378 4398 3510 4451 Audi

254 4484 529 4536 Ἄκουσον
572 4487 636 4538 ἐκ
682 4485 789 4539 τῶν
840 4490 1271 4560 προηγουμένων
1310 4492 1409 4563 τὴν
1453 4493 1693 4563 ἀμαθίαν
1724 4496 1836 4552 τῶν

1945 4506 2006 4545 ex
2057 4491 2484 4558 przecedeutibus
2535 4489 2859 4558 imperitiam
2914 4487 3311 4556 objicientium,
3370 4493 3511 4556 quod

247 4574 658 4642 ἀντιτιθέντων,
710 4576 785 4638 ὡς
819 4577 1050 4648 ίσχυρὰν
1100 4579 1535 4647 ἀναγινώσκουσι
1582 4580 1677 4635 τοῦ
1732 4602 1835 4655 μυ-

249 4664 482 4734 στηρίου
536 4665 635 4735 τήν
688 4666 976 4734 ὠφέλειαν,
1031 4667 1128 4720 καὶ
1171 4668 1315 4732 τίνος
1366 4672 1480 4733 τοῖς
1525 4672 1835 4744 ἀνθρώποις

248 4756 557 4827 παρέχεται
604 4759 703 4825 τὴν
746 4760 1086 4831 ἀνάμνησιν·
1144 4762 1238 4814 καὶ
1295 4763 1528 4819 ἄκουσον
1574 4766 1649 4838 μὴ
1700 4767 1833 4837 ἐμοῦ

242 4847 426 4901 ταῦτα
452 4849 723 4918 λέγοντος,
757 4851 893 4905 άλλὰ
924 4852 1021 4905 τοῦ
1058 4855 1337 4926 μακαρίου
1367 4856 1583 4910 Παύλου
1601 4875 1614 4889 ·
1644 4878 1661 4909 ι
1686 4860 1837 4914 Ὁσά-

244 4956 339 5002 κις
371 4939 585 5010 ἐσθίητε
626 4941 717 4994 τὸν
750 4944 916 5013 ἄρτον
940 4944 1151 4999 τοῦτον.
1189 4963 1207 4997 ι
1248 4946 1363 4999 Οὐκ
1394 4942 1568 5013 εἶπεν,
1601 4949 1832 5015 ’Ὁσάκις

243 5030 315 5083 ἂν
348 5031 567 5101 ἐσθίητε
596 5032 693 5103 τὴν
739 5034 969 5105 θεότητα
998 5036 1235 5106 ταύτην·
1268 5038 1457 5100 ὁσάκις
1500 5039 1567 5091 ἂν
1614 5040 1830 5111 ἐσθίητε

242 5121 341 5173 τὸν
374 5123 538 5191 ἄρτον
566 5123 774 5177 τοῦτον.
800 5125 976 5178 Βλέπε
1004 5128 1134 5196 περὶ
1164 5127 1259 5181 τοῦ
1297 5128 1546 5199 σώματος
1566 5131 1715 5200 αὐτῷ
1737 5133 1829 5184 τοῦ

242 5215 569 5268 δεσποτικοῦ
615 5217 677 5269 τὸ
724 5219 1109 5289 προκείμενον.
1162 5235 1182 5272 ι
1230 5222 1454 5285 Ὁσάκις
1505 5222 1571 5276 ἂν
1613 5224 1828 5294 ἐσθίητε

241 5305 340 5356 τὸν
383 5304 548 5374 ἄρτον
594 5306 816 5371 τοῦτον,
856 5327 874 5357 ι
916 5300 977 5361 οῦ
1026 5312 1144 5362 ἐστι
1195 5310 1256 5363 τὸ
1304 5310 1465 5380 σῶμα
1511 5313 1824 5366 ἀντίτυπον.

245 5395 480 5465 Ἷδωμεν
510 5394 605 5450 οὖν
636 5399 778 5462 τίνος
808 5402 835 5452 6
863 5400 1122 5462 θάνατος’
1160 5421 1177 5453 ι
1227 5403 1447 5468 Ὁσάκις
1499 5403 1564 5456 ἂν
1610 5404 1826 5475 ἐσθίητε

239 5486 336 5539 τὸν
363 5487 527 5557 ἄρτον
557 5488 771 5551 τοῦτον,
804 5493 899 5545 καὶ
923 5493 984 5545 τὸ
1013 5493 1273 5563 ποτήριον
1305 5492 1468 5546 τοῦτο
1493 5493 1708 5563 πίνητε,
1734 5496 1825 5547 τὸν

238 5579 479 5631 θάνατον
522 5581 617 5633 τοῦ
664 5581 870 5652 Κυρίου
921 5583 1345 5652 καταγγέλλετε.
1377 5604 1395 5635 ι
1432 5586 1696 5639 Ἀκουσον
1730 5587 1823 5638 καὶ

1944 4566 2235 4634 inaximam
2254 4596 2376 4635 esse
2405 4580 2761 4649 leganthujus
2794 4580 3037 4647 mysterii
3092 4580 3405 4643 utilitatem,
3457 4592 3512 4635 et

1944 4671 2098 4740 cujus
2117 4674 2687 4727 commemorationem
2720 4671 3027 4726 hominibus
3083 4670 3313 4724 aﬂ‘erat:
3350 4679 3513 4739 atque

1941 4763 2067 4817 audi
2098 4778 2203 4817 non
2233 4778 2318 4817 me
2351 4765 2463 4817 lucc
2493 4764 2785 4827 dicentem,
2829 4764 2920 4815 sed
2968 4761 3185 4814 beatum
3240 4760 3463 4814 Paulum
3490 4780 3508 4818 :

1948 4870 1968 4903 ι
2004 4854 2439 4920 Quotiescunque
2470 4851 2859 4906 manducabitis
2886 4864 3075 4918 panem
3101 4850 3263 4902 hunc.
3320 4866 3339 4899 ι
3390 4848 3505 4905 Non

1941 4945 2078 4998 dixit
2116 4943 2788 5010 :Quotiesmauducabitis
2804 4941 3135 4995 divinitatem
3164 4940 3333 5003 hanc;
3370 4957 3507 5011 quo-

1940 5038 2039 5091 ties
2067 5036 2462 5091 manducabitis
2488 5050 2677 5102 panem
2708 5035 2870 5088 hunc.
2897 5032 3028 5086 Vide
3049 5032 3115 5087 de
3153 5048 3378 5101 corpore
3406 5034 3506 5088 Do-

1937 5128 2137 5182 minico
2161 5129 2233 5182 illi
2265 5143 2385 5182 esse
2415 5128 2748 5196 propositum
2778 5143 2796 5180 :
2828 5142 2847 5176 ι
2885 5124 3327 5195 Quotiescunque
3352 5143 3505 5179 man-

1933 5221 2201 5276 ducabitis
2232 5235 2423 5289 panem
2481 5222 2645 5283 hunc,
2695 5236 2713 5268 ι
2754 5218 2908 5287 cujus
2952 5226 3034 5271 est
3086 5218 3258 5286 ipsum
3308 5232 3503 5284 corpus

1931 5314 2250 5384 antitypum.
2295 5314 2581 5367 Videamus
2609 5324 2740 5381 ergo
2769 5310 2929 5378 cujus
2977 5325 3157 5363 mors:
3187 5327 3204 5359 ι
3250 5308 3502 5374 Quoties-

1931 5420 2143 5476 cunque
2161 5404 2560 5459 manducabitis
2590 5417 2780 5471 panem
2810 5403 2976 5465 hunc,
3005 5410 3059 5454 et
3084 5400 3307 5453 calicem
3361 5399 3503 5452 hunc

1930 5499 2149 5563 biltetis,
2173 5508 2396 5552 mortem
2433 5496 2637 5551 Domini
2674 5495 3081 5548 annuntialiitis.
3116 5512 3133 5543 ι
3170 5492 3304 5544 Audi
3331 5492 3383 5544 in
3410 5506 3499 5546 se-

1929 5592 2218 5659 quentibus
2253 5593 2523 5660 apertius:
2567 5606 2583 5639 ι
2614 5588 2790 5644 lloncc
2822 5589 2997 5642 veniat
3026 5587 3125 5640 9°.»
3161 5584 3289 5650 Quis
3322 5593 3499 5639 autem

312 5758 362 5789 “
387 5757 546 5814 Joan.
580 5774 652 5822 vi,
693 5758 887 5815 54-58.
965 5761 1007 5793 ⁸⁷
1036 5759 1191 5817 Rom.
1226 5776 1341 5830 vm,
1374 5763 1427 5820 5.
1505 5764 1552 5797 ’³
1585 5762 1601 5817 Ι
1634 5762 1759 5820 Cor.
1788 5779 1842 5817 ιιι

1945 5763 1988 5821 θ.
2064 5766 2108 5798 ⁸⁸
2132 5766 2262 5823 ibid.
