4088 6462
647 324 750 383 199

1646 314 1704 370 S.
1741 313 2018 372 CYRILLI
2059 308 2527 370 ALEXANDRINI
2562 310 2883 369 ARCHIEP.

3792 323 3897 378 300

647 432 1338 495 venit?\'idebuntFilium
1367 432 1600 489 hominis
1652 433 1954 489 venientem
2024 433 2075 485 in
2122 444 2217 482 nu-

2327 429 2382 479 ἐν
2408 431 2520 493 τοῖς
2552 430 2748 500 ἐφεξῆς
2776 431 3147 503 φανερώτερον
3168 448 3213 484 ἰ
3249 432 3440 505 ’Άχρις
3459 425 3520 488 οὗ
3550 433 3712 506 ἔλθῃ.
3750 453 3769 486 ι
3798 436 3893 499 Τίς

648 531 803 586 bibus
832 527 954 584 εαξὶί
984 542 1106 582 cum
1140 526 1310 595 gloria
1342 524 1508 579 multa
1538 526 1552 555 ¹
1578 540 1594 577 :
1630 532 1686 577 et
1713 523 1856 591 quod
1900 522 2075 590 majus
2115 529 2218 583 est,

648 630 772 677 ante
840 618 1113 690 apostolos
1165 616 1430 688 propheta
1505 614 1845 670 manifestius
1913 611 2220 668 venientem

647 712 903 776 ostendit,
931 720 985 765 et
1013 710 1231 773 clamat,
1265 711 1330 761 de
1356 705 1555 762 Judaeis
1618 704 1805 757 dicens
1836 718 1849 755 :
1883 719 1902 753 ι
1955 699 2223 775 Videbunt

650 804 703 857 in
731 816 893 872 quem
931 805 1363 868 compuuxerunt
1398 797 1440 849 ¹.
1488 812 1505 845 ι
1567 793 1706 859 Quid
1749 789 2051 862 igiturillud
2079 803 2223 844 com-

650 901 905 962 punctum
932 888 1051 943 est?
1082 886 1276 951 Latus;
1311 883 1450 940 latus
1487 898 1614 938 vero
1676 880 1919 951 corporis
1976 887 2081 946 est,
2116 893 2219 932 non

649 980 944 1036 divinitatis
974 977 994 1049 ]

1323 1239 1475 1296 CAP.
1507 1238 1593 1296 Vl.

719 1389 926 1444 Rursus
954 1400 1083 1456 ergo
1116 1398 1217 1439 nos
1256 1391 1472 1453 oportet
1521 1380 1768 1434 veritatis
1814 1376 2083 1444 dogmatis
2124 1388 2221 1442 pa-

651 1481 861 1535 troeina
875 1478 944 1544 ri,
965 1488 1019 1532 ct
1035 1478 1163 1542 tuis,
1196 1477 1280 1530 vir
1310 1474 1551 1546 egregie,
1584 1472 1764 1526 verbis
1813 1470 2099 1532 obsistere,
2167 1477 2221 1522 et

650 1585 777 1629 ante
802 1583 997 1627 caetera
1016 1568 1271 1625 studiosis
1295 1568 1424 1622 illud
1450 1565 1687 1637 przufari,
1738 1563 1833 1617 tibi
1890 1560 2220 1630 propositum

649 1677 793 1727 esse,
821 1664 873 1716 in
898 1662 1061 1729 idque
1093 1670 1144 1713 te
1171 1658 1457 1712 admorlum
1480 1656 1604 1721 niti,
1640 1664 1700 1709 ut
1724 1653 1862 1708 duos
1914 1666 2103 1707 rursus
2134 1664 2221 1706 as-

2324 515 2380 569 δέ
2405 517 2435 569 ὁ
2464 519 2789 590 ἐρχόμενος;
2827 540 2846 573 ι
2879 520 3137 593 Ὄψονται
3172 523 3263 576 τὸν
3298 523 3424 577 Υίδν
3458 523 3552 577 τοῦ
3605 524 3894 596 ἀνθρώπου

2324 609 2618 681 ἐρχόμενον
2648 612 2743 665 ἐπὶ
2770 613 2879 667 τῶν
2911 612 3151 683 νεφελῶν
3187 613 3284 668 τοῦ
3313 615 3547 688 οὐρανοῦ
3573 616 3715 686 μετά
3740 616 3895 687 δόξης

2325 700 2548 773 πολλῆς’
2564 703 2687 755 »καὶ
2711 702 2772 757 τὸ
2794 704 2860 774 δὴ
2885 704 3089 776 μεῖζον,
3107 706 3215 777 πρὸ
3240 706 3349 760 τῶν
3374 706 3686 761 ἀποστόλων
3710 708 3739 759 ὀ
3767 724 3897 779 προ-
3986 758 3989 759 ,

2326 793 2503 864 φήτης
2532 794 2863 867 σαφέστερον
2902 797 2992 853 τὸν
3035 798 3328 870 ἐρχόμενον
3359 798 3621 863 δείκνυσι,
3671 800 3767 852 καὶ
3803 799 3896 851 κέ-

2325 897 2500 950 κραγε
2546 882 2674 953 περὶ
2714 884 2981 939 Ἰουδαίων
3027 886 3199 955 βοῶν·
3232 907 3253 938 ι
3286 885 3547 957 Ὄψονται
3592 888 3671 950 είς
3704 886 3764 940 ὃν
3805 887 3894 951 ὲξσ

2326 972 2643 1044 εκὲντησαν.
2683 995 2701 1026 ιι
2738 976 2833 1040 Τίς
2876 972 2968 1029 οὗν
3000 979 3149 1031 ἐστιν
3177 979 3205 1031 ὁ
3232 978 3545 1047 κεντηθείς·
3587 981 3621 1052 ὴ
3654 979 3892 1051 πλευρά’

2326 1063 2536 1138 πλευρά
2569 1064 2647 1133 δὲ,
2685 1066 2955 1137 σώματος,
2984 1068 3045 1122 οὐ
3078 1068 3333 1139 θεότητός
3360 1069 3500 1123 ἐστι.
3527 1067 3549 1140 ]

2911 1248 3162 1303 ΚΕΦΑΛ.
3207 1250 3299 1317 ς’.

2394 1380 2485 1433 Δεῖ
2507 1379 2573 1449 δὴ
2595 1379 2757 1435 πάλιν
2786 1381 2933 1451 ἡμᾶς
2958 1382 3072 1445 τοῖς
3098 1381 3200 1452 τῆς
3228 1380 3485 1452 ἀληθείας
3508 1382 3741 1453 δόγμασι
3772 1400 3896 1436 συν-

2323 1472 2520 1539 ειπεῖν,
2547 1473 2645 1526 καὶ
2670 1476 2784 1537 τοῖς
2807 1475 2944 1539 σοῖς,
2989 1467 3038 1527 ὦ
3063 1466 3237 1539 οὗτος,
3261 1473 3647 1546 ἀντιφέρεσθαι
3681 1475 3856 1543 λόγοις
3876 1492 3889 1504 ’

2325 1581 2423 1619 και
2458 1565 2567 1637 πρό
2613 1581 2679 1634 γε
2720 1564 2829 1619 τῶν
2876 1565 3053 1620 ἀλλων
3080 1567 3193 1629 τοῖς
3233 1566 3692 1639 φιλακροάμοσιν,
3718 1567 3895 1620 ἐκεῖνο

2323 1659 2536 1723 εἰπεῖν,
2581 1659 2663 1713 ὅτι
2714 1674 2794 1711 σοι
2843 1658 3043 1721 σκοπὸς
3068 1697 3083 1721 ,
3131 1657 3229 1711 καὶ
3259 1657 3347 1711 διὰ
3375 1656 3615 1726 σπουδῆς
3656 1658 3895 1710 τέθειται

652 1769 801 1809 seras
816 1752 1085 1815 Chrislos,
1109 1749 1304 1818 quibus
1332 1749 1561 1803 seorsim
1585 1744 1873 1802 conveniat
1898 1742 2221 1798 dominatio-

2333 1750 2567 1821 πολλῆς,
2610 1749 2705 1801 δύο
2730 1748 2798 1819 δὴ
2824 1747 2987 1803 πάλιν
3032 1748 3313 1819 ἀποφῆναι
3355 1749 3658 1818 Χριστοὺς,
3694 1742 3776 1811 οἷς
3806 1749 3896 1801 καὶ

653 1848 737 1900 nis
788 1843 1097 1913 appellatio.
1148 1840 1302 1907 Quod
1377 1847 1556 1895 autem
1607 1834 2013 1907 imperitissime
2073 1832 2219 1887 inid

651 1937 966 2000 contendas,
1005 1948 1111 1989 non
1144 1932 1526 1987 multolahore
1574 1946 1606 1985 a
1662 1929 1819 1984 nobis
1883 1927 2217 1982 ostendetur.

653 2029 785 2081 Nam
833 2028 1082 2097 agedum,
1111 2039 1344 2095 expone,
1392 2038 1595 2092 quaeso,
1659 2034 1948 2092 quemnam
1995 2017 2223 2073 definias

650 2121 948 2183 Christum,
978 2119 1133 2188 cujus
1149 2127 1205 2172 et
1262 2115 1651 2172 humanitatem
1720 2124 1777 2168 et
1812 2112 2070 2167 deitatem
2100 2123 2221 2164 esse

650 2213 785 2267 dicis
811 2230 826 2265 :
857 2209 1125 2280 siquidem
1164 2208 1293 2262 illud
1315 2221 1381 2261 ex
1406 2207 1513 2261 Deo
1544 2204 1700 2260 Patre
1749 2202 2007 2269 Verbum,
2030 2209 2221 2271 aperte

653 2303 909 2358 fateberis
936 2301 1185 2356 eumdem
1206 2314 1329 2355 esse
1350 2300 1514 2353 etiam
1544 2298 1816 2352 hominem
1845 2294 2048 2364 :ipsius
2070 2292 2218 2347 enim

650 2410 770 2449 esse
799 2392 1185 2448 humanitatem
1212 2390 1397 2445 dixisti
1439 2405 1454 2441 :
1494 2389 1579 2443 sin
1605 2388 1753 2443 illum
1798 2400 1866 2442 ex
1903 2384 2223 2454 Virgine,ut

655 2487 767 2555 ipse
796 2483 1019 2548 asseris,
1045 2482 1296 2538 eumdem
1319 2479 1668 2534 nihilominus
1713 2491 1835 2532 esse
1854 2476 2020 2530 etiam
2055 2473 2221 2529 Deum

654 2576 1033 2647 pronuntiasse
1060 2572 1400 2627 convinceris
1428 2585 1447 2624 :
1480 2570 1648 2638 ipsius
1694 2568 1845 2623 enim
1879 2579 2004 2621 esse
2038 2564 2222 2618 dixisti

651 2666 815 2720 etiam
838 2665 1117 2719 deitatem.
1170 2658 1422 2729 Undique
1481 2659 1647 2728 igitur
1692 2656 2006 2726 compulsus
2056 2655 2222 2710 etiam

654 2756 850 2811 invitus
910 2755 977 2809 ad
1025 2753 1337 2817 veritatem,
1390 2764 1558 2804 unum
1620 2750 1902 2803 nobiscum
1960 2746 2224 2801 conﬁtere

649 2845 922 2899 Christum
956 2851 1011 2897 et
1040 2842 1359 2907 Dominum;
1396 2839 1476 2895 sic
1491 2851 1726 2910 namque
1754 2835 2220 2893 dicere-desines:

658 2954 677 2985 ο
698 2934 1021 2989 Audi'etiam
1040 2934 1141 2987 hoc
1164 2946 1383 2995 nomen,
1406 2931 1684 2995 Dominus,
1708 2931 1999 3001 aliquando
2018 2931 2094 2985 de
2122 2931 2217 2984 bu-

655 3028 914 3081 manitate
941 3025 1168 3089 Christi,
1226 3022 1518 3093 aliquando
1576 3024 1644 3077 de
1696 3023 1981 3076 divinitate
2032 3021 2222 3090 ipsius,

2326 1842 2432 1896 ἀνά
2477 1840 2643 1911 μέρος
2674 1840 2966 1911 ἀρμόσειεν
3013 1838 3083 1893 ἂν
3112 1840 3150 1910 ἡ
3180 1839 3281 1910 τῆς
3331 1839 3651 1909 κυριότητος
3681 1839 3893 1907 κλῆσις.

2337 1928 2715 2000 Ἀμαθέστατα
2758 1927 2819 1981 δὲ
2856 1928 2955 1982 καὶ
3018 1928 3159 1999 πρός
3205 1944 3270 1996 γε
3313 1926 3473 1982 τοῦτο
3520 1926 3640 1990 ίὼν,
3687 1927 3753 1982 οὗ
3804 1928 3900 1977 σὺν

2325 2020 2512 2093 ίδρῶτι
2554 2018 2755 2093 μακρῷ
2791 2001 2930 2090 πρὸς
2976 2018 3134 2090 ἡμῶν
3181 2017 3541 2089 δειχθήσεται.
3582 2017 3722 2087 Φέρε
3770 2016 3897 2086 γὰρ,

2324 2113 2587 2184 ἐρωμένῳ
2612 2112 2839 2182 φράσον,
2872 2112 3025 2167 ποῖον
3054 2112 3165 2182 ἄρα
3189 2110 3398 2181 διορίζῃ
3425 2109 3680 2181 Χριστὸν,
3714 2104 3779 2163 οὗ
3806 2110 3901 2163 καὶ

2322 2206 2427 2275 τὴν
2454 2202 2856 2275 ἀνθρωπὸτητα
2881 2202 2977 2254 καὶ
3008 2201 3111 2271 μέν
3138 2218 3219 2254 τοι
3250 2200 3347 2254 καὶ
3372 2200 3471 2271 τὴν
3501 2198 3732 2269 θεότητα
3761 2195 3901 2251 εἶναι

2323 2297 2461 2365 φής’
2490 2295 2540 2347 εί
2570 2294 2673 2363 μέν
2724 2293 2814 2347 τὸν
2842 2294 2906 2347 ἐκ
2932 2292 3066 2345 Θεοῦ
3094 2290 3308 2362 Πατρός
3339 2290 3534 2357 Λόγον,
3568 2289 3905 2359 διωμολόγη-

2325 2403 2426 2449 κας
2466 2384 2712 2457 ἐναργῶς
2744 2385 2836 2438 τὸν
2867 2383 3033 2437 αὐτὸν
3063 2379 3204 2436 εἶναι
3245 2383 3340 2436 καὶ
3380 2381 3667 2453 ἄνθρωπον
3688 2397 3700 2408 ·
3732 2381 3900 2434 αὐτοῦ

2324 2478 2435 2548 γὰρ
2462 2477 2599 2547 ἔφης
2624 2476 2723 2548 τὴν
2756 2476 3154 2547 ἀνθρωπότητα
3174 2490 3189 2505 °
3225 2476 3276 2528 εί
3319 2475 3377 2528 δέ
3404 2474 3497 2528 τὸν
3526 2476 3593 2527 ἐκ
3620 2474 3723 2544 τῆς
3756 2474 3903 2545 [Iap-

2325 2570 2480 2623 θένου
2532 2569 2677 2622 κατά
2724 2569 2784 2621 σὲ
2808 2609 2823 2633 ,
2861 2568 2955 2621 τὸν
2996 2567 3160 2621 αὑτὸν
3202 2568 3356 2622 οὐδὲν
3391 2562 3554 2637 ἦττον
3586 2565 3771 2635 ἀλώσῃ
3809 2568 3903 2618 καὶ

2323 2660 2456 2714 Θεὸν
2488 2660 2774 2729 ἀποφήνας
2792 2676 2810 2693 ο
2856 2660 3022 2713 αὐτοῦ
3050 2660 3158 2732 γάρ
3186 2658 3324 2730 ἔφης
3352 2653 3493 2712 εἶναι
3525 2658 3620 2710 καὶ
3651 2656 3753 2726 τὴν
3781 2656 3903 2708 θεό-

2324 2766 2482 2821 τητα.
2507 2749 2850 2821 Πανταχόθεν
2870 2749 2941 2820 δὴ
2962 2747 3061 2804 οὖν
3086 2748 3514 2818 συνωθούμενος,
3542 2747 3639 2800 καὶ
3661 2746 3903 2819 ἀϐουλήο

2325 2843 2545 2907 τωςτίς
2568 2840 2852 2912 ἀλήθειαν,
2884 2842 2979 2895 ἱνα
3004 2840 3128 2912 μεθ’
3168 2841 3326 2911 ἡμῶν
3368 2840 3618 2910 ὁμολόγει
3663 2839 3904 2908 Χριστὸν

2328 2936 2426 2989 καὶ
2459 2936 2684 3007 Κύριον.
2718 2933 2992 3004 Πεπαύσῃ
3018 2932 3125 3003 γὰρ
3150 2931 3294 2986 οὕτω
3322 2931 3519 3000 λέγων*
3550 2933 3830 2984 ιΑκουσον
3848 2931 3904 2984 δὲ

2328 3029 2421 3082 καὶ
2445 3029 2529 3095 τὸ,
2556 3025 2784 3097 Κύριος,
2808 3026 2945 3079 ποτέ
2970 3026 3092 3096 μὲν,
3120 3026 3215 3077 ἐπὶ
3234 3025 3331 3096 τῆς
3359 3023 3781 3097 ἀνθρωπότητος
3810 3023 3903 3079 τοῦ

654 3122 942 3191 aliquando
973 3120 1039 3174 de
1066 3128 1295 3183 utroque
1320 3117 1561 3183 positum
1590 3134 1604 3169 :
1629 3136 1647 3168 ι
1698 3132 1823 3172 nam
1855 3117 1945 3171 ubi
1974 3130 2116 3171 unus
2136 3125 2223 3170 est

2333 3120 2601 3190 Χριστοῦ·
2635 3120 2766 3174 ποτέ
2794 3119 2873 3183 δὲ,
2902 3120 2997 3180 ἐπὶ
3020 3119 3118 3189 τῆς
3150 3117 3404 3188 θεότητος
3422 3117 3597 3171 ἀὐτοῦ
3615 3134 3632 3150 ο
3665 3118 3797 3171 ποτέ
3825 3118 3901 3183 δὲ,

657 3213 843 3277 Filius,
878 3211 1148 3280 quomodo
1177 3209 1355 3263 locum
1384 3210 1608 3275 habeat,
1637 3212 1701 3263 de
1732 3217 1961 3277 utroque
1999 3207 2221 3262 dicere?

655 3304 793 3370 Quid
822 3314 1000 3357 autem
1029 3310 1112 3356 est
1137 3301 1279 3370 quod
1306 3300 1451 3355 rides
1512 3314 1606 3355 eos
1647 3300 1739 3369 qui
1788 3300 2030 3354 divinum
2090 3298 2217 3352 illud

656 3393 971 3464 mysterium
1002 3401 1243 3446 nostrum
1270 3390 1628 3454 admirantur,
1648 3390 1967 3459 impiissime
1984 3389 2218 3444 dicens:

661 3506 679 3537 ι
718 3486 1159 3554 Quotiescunque
1193 3484 1587 3538 manducabitis
1609 3498 1800 3552 panem
1829 3484 1993 3547 hunc,
2014 3489 2069 3536 et
2085 3482 2220 3535 cali-

664 3597 681 3627 ι
719 3591 834 3631 cem
854 3576 995 3630 hunc
1036 3575 1250 3641 bibetis,
1272 3585 1500 3629 mortem
1524 3573 1732 3629 Domini
1762 3572 2171 3629 annuntiabitis.
2194 3591 2214 3624 ι

661 3666 818 3737 115
849 3667 1070 3720 Audies
1104 3665 1533 3735 prmcedcutibus
1584 3664 1910 3734 imperitiam
1958 3664 2221 3732 objicien-

658 3756 958 3826 tium,quod
974 3757 1394 3811 maximamesse
1406 3756 1584 3825 legant
1597 3754 2223 3826 mysterii‘lmjusutilita-

656 3860 785 3913 tem,
798 3850 1017 3917 etcujus
1040 3848 1348 3903 hominibus
1365 3849 1935 3905 commemorationem
1954 3847 2169 3903 afferat.
2196 3866 2214 3897 ›

655 3941 794 3995 Nihil
827 3954 956 4010 ergo
984 3939 1186 4009 egregii
1228 3938 1392 3992 habet
1436 3938 1717 3993 incruenta
1770 3939 1855 3992 illa
1892 3939 2134 4003 victima,
2167 3948 2221 3992 et

652 4034 900 4101 exiguam
931 4029 1219 4084 admodum
1242 4028 1528 4083 utilitatem
1552 4028 1730 4094 affert,
1760 4040 1814 4083 et
1843 4030 2088 4083 utilitatis
2109 4030 2219 4081 vim

651 4124 951 4179 continebit
983 4135 1151 4190 usque
1180 4135 1245 4176 eo
1273 4121 1555 4186 duntaxat,
1587 4132 1644 4177 ut
1672 4123 2051 4175 annuntiemus
2080 4136 2222 4174 mor-

655 4225 760 4271 tem
791 4215 1047 4279 hominis,
1080 4224 1137 4268 et
1164 4214 1324 4268 unius
1355 4228 1387 4268 e
1410 4222 1600 4269 nostro
1630 4226 1854 4267 numero
1886 4226 2219 4266 conn-temo-

655 4309 917 4361 rationem
946 4305 1233 4359 faciamus.
1263 4303 1521 4359 Mentitur
1548 4318 1679 4375 ergo
1710 4304 1839 4358 dum
1877 4305 2005 4358 illud
2043 4303 2218 4356 viviti-

652 4413 773 4452 cum
806 4396 934 4451 dicit
965 4396 1055 4464 qui
1089 4396 1306 4450 mentiri
1340 4410 1444 4449 non
1482 4394 1650 4461 novit,
1684 4396 1787 4448 hoc
1820 4404 1905 4449 est
1925 4392 2171 4449 Christus
2203 4411 2214 4445 :

2327 3214 2416 3267 ἐπ’
2447 3213 2774 3283 ἀμφοτέρων
2810 3211 3090 3281 κείμενον·
3125 3228 3144 3261 ι
3171 3209 3300 3263 ἐνθα
3325 3212 3433 3279 γὰρ
3454 3208 3581 3272 Tib;
3615 3204 3719 3273 εἷς,
3753 3212 3905 3262 ποῖον

2327 3303 2395 3358 ἂν
2439 3302 2553 3373 ἔχοι
2591 3303 2758 3356 τόπον
2806 3302 2889 3369 τὸ,
2914 3301 3007 3354 ἐπ’
3042 3302 3245 3371 ἀμφοῖν
3290 3302 3495 3367 είπείν;
3527 3302 3906 3372 Καταμειδιᾷς

2326 3395 2385 3449 δὲ
2438 3394 2667 3451 ἀνθότου
2711 3393 2824 3447 τῶν
2864 3393 2927 3447 τὸ
2961 3393 3103 3446 θεῖον
3146 3392 3303 3465 ἡμῶν
3333 3391 3758 3461 τεθαυμακότων
3806 3410 3908 3462 μυ-

2332 3487 2575 3559 στήριον,
2614 3485 2959 3540 ἀνοσιώτατα
3004 3484 3207 3553 λέγων·
3247 3501 3267 3535 ι
3306 3484 3531 3545 Ὁσάκις
3572 3482 3640 3537 ἀν
3686 3483 3905 3553 ἐσθίητε

2334 3596 2353 3629 ι
2379 3578 2471 3631 τὸν
2483 3577 2649 3647 ἄρτον
2665 3577 2875 3641 τοῦτον,
2905 3576 2998 3630 καὶ
3026 3575 3088 3627 τὸ
3109 3575 3369 3645 ποτήριον
3398 3574 3558 3629 τοῦτο
3574 3574 3785 3645 πίνητε,
3813 3575 3907 3629 τὸν

2334 3690 2353 3719 ‹
2366 3670 2598 3723 θάνατον
2613 3668 2709 3723 τοῦ
2727 3668 2935 3739 Κυρίου
2954 3668 3348 3738 καταγγέλλετε
3369 3685 3417 3733 ;ι
3430 3668 3695 3720 Ἄκουσον
3711 3669 3774 3722 ἐκ
3794 3668 3908 3720 τῶν

2330 3762 2758 3835 προηγουμένων
2796 3761 2902 3831 τὴν
2958 3761 3199 3830 ἀμαθίαν
3249 3759 3358 3813 τῶν
3419 3758 3765 3825 ἀντιθέντων,
3830 3759 3909 3820 ὡς

2332 3853 2577 3924 ἰσχυρὰν
2620 3851 3053 3921 ἀναγινώσκουσι
3098 3849 3192 3904 τοῦ
3250 3848 3555 3922 μυστηρίου
3610 3849 3713 3921 τὴν
3760 3848 3908 3917 ὠφέ-

2328 3946 2498 4008 λειαν,
2553 3944 2648 3997 καὶ
2714 3944 2859 4005 τίνος
2909 3944 3023 4005 τοῖς
3085 3942 3395 4013 ἀνθρώποις
3453 3941 3752 4011 παρέχεται
3800 3941 3906 4010 τὴν

2328 4038 2658 4107 ἀνάμνησιν.
2695 4053 2714 4087 ι
2749 4034 2922 4088 Οὐδὲν
2950 4031 3044 4089 οὖν
3068 4035 3175 4107 ἄρα
3203 4034 3266 4087 τὸ
3295 4031 3574 4104 ἐξαίρετον
3601 4033 3701 4101 τῆς
3742 4034 3907 4085 ἀναι-

2332 4130 2541 4199 μάκτου
2587 4128 2778 4190 Θυσίας
2799 4128 3031 4198 ,ὄνησις
3061 4127 3118 4180 δὲ
3165 4126 3361 4198 κομιδῆ
3410 4125 3640 4197 σμικρὰ,
3670 4126 3765 4177 καὶ
3800 4128 3907 4193 τῆς

2328 4221 2596 4290 ὡφελείας
2625 4221 2724 4292 τὴν
2766 4221 2997 4291 δύναμιν
3052 4220 3397 4292 περιποιήσει
3424 4220 3565 4289 τάχα
3598 4235 3701 4270 που
3737 4217 3907 4287 μέχρι

2328 4313 2392 4384 δὴ
2440 4313 2605 4383 μόνου
2648 4313 2742 4366 τοῦ
2787 4311 3142 4380 καταγγεῖλαι
3189 4311 3281 4365 τὸν
3326 4308 3616 4381 ἀνθρώπου
3652 4308 3904 4371 θάνατον,

2332 4405 2427 4456 καὶ⁵
2457 4404 2566 4457 τῶν
2593 4403 2717 4458 καθ’
2741 4405 2891 4476 ἡμᾶς
2933 4404 3051 4467 ἐνὸς
3082 4402 3408 4474 ποιήσασθαι
3450 4402 3548 4472 τὴν
3575 4401 3902 4470 ἀνάμνησιν.

653 4491 858 4559 decepti
885 4504 981 4543 nos
1012 4490 1175 4543 etiam
1206 4503 1414 4552 sumus,
1444 4503 1636 4542 vanam
1680 4490 1745 4543 do
1788 4487 1880 4543 illo
1911 4488 2219 4555 opinionem

2335 4495 2544 4551 Οὐκοῦν
2579 4473 2921 4564 διαψεύδεται
2955 4473 3219 4560 ζωοποιὸν
3261 4494 3391 4546 αὐτὸ
3434 4493 3626 4560 λέγων,
3656 4493 3684 4544 ό
3710 4491 3906 4559 ψεύδε-

653 4584 943 4648 habeutes;
975 4596 1117 4636 nunc
1155 4582 1318 4635 etiam
1354 4596 1477 4636 sero
1512 4582 1598 4634 vix
1634 4582 1848 4636 tandem
1888 4584 1961 4635 ad
1983 4582 2226 4637 veritatis

654 4677 1015 4731 inventionem
1047 4677 1289 4745 perducti
1308 4690 1515 4740 sumus,
1539 4674 1626 4729 ubi
1661 4677 1712 4729 in
1742 4686 1867 4731 tuos
1897 4677 1993 4730 bos
2017 4689 2226 4729 sermo-

651 4784 749 4824 nes
797 4768 1106 4821 incidimus.
1157 4765 1263 4819 Sed
1318 4767 1413 4820 tibi
1458 4768 1597 4821 hanc
1644 4769 1971 4822 sententiam
2008 4768 2229 4835 eligetrti

650 4861 1025 4931 prOphcticum
1074 4859 1201 4912 illud
1236 4872 1265 4911 a
1313 4858 1469 4914 nobis
1507 4860 1774 4916 referetur
1822 4880 1834 4914 :
1873 4880 1891 4912 ι
1934 4860 2070 4916 Ecce
2121 4875 2227 4916 non

650 4966 774 5009 sunt
801 4955 943 5009 oculi
968 4956 1047 5009 tui
1080 4971 1255 5025 neque
1287 4970 1381 5011 eor
1407 4966 1556 5009 tuum
1582 4955 1780 5008 bonum
1805 4953 1845 5007 ³.
1882 4971 1899 5004 ι
1930 4952 2043 5007 Non
2079 4953 2221 5006 enim

654 5042 923 5112 intelligit,
959 5043 1082 5097 dttm
1120 5044 1505 5096 aununtiamus
1532 5042 1734 5096 Christi
1775 5053 2024 5107 mortem,
2058 5051 2114 5095 et
2144 5043 2223 5094 in-

652 5148 813 5202 super
852 5134 970 5202 ejus
1005 5135 1456 5189 resurrectionem
1501 5134 1844 5199 confitemur,
1873 5144 1927 5188 et
1963 5150 2028 5187 ex
2060 5149 2121 5187 ea
2166 5150 2223 5188 re

652 5224 1036 5295 perfectionem
1070 5226 1191 5281 fidei
1216 5228 1621 5296 consequimur,
1646 5227 1841 5280 deinde
1862 5226 2055 5281 divina:
2084 5228 2228 5280 illius

650 5326 855 5373 natura:
883 5317 1176 5389 participes
1210 5318 1387 5374 ell‘ecti
1410 5320 1457 5385 ⁸,
1485 5320 1818 5374 consortium
1853 5321 2080 5375 unitatis
2112 5320 2228 5390 ejus

650 5411 1021 5479 adipiscimur,
1074 5411 1390 5479 spiritaliter
1435 5411 1595 5465 simul
1626 5422 1680 5466 et
1715 5413 2075 5482 corporaliter
2103 5428 2230 5467 san-

649 5502 874 5557 ctificari
944 5517 1003 5556 ac
1042 5501 1321 5556 vivificari.
1370 5521 1386 5553 ι
1431 5502 1656 5573 Oportet
1692 5504 1832 5559 cnim
1878 5504 2228 5573 corruptibile

726 5733 738 5761 ί
774 5729 961 5784 Matth.
1000 5745 1143 5796 un,
1168 5730 1253 5785 3t).

2332 4590 2456 4644 σθαι
2489 4588 2564 4660 μὴ
2598 4587 2775 4654 εἰδὼς,
2808 4587 3055 4640 τουτέστι
3079 4587 3311 4657 Χριστός
3330 4602 3345 4617 ⁸
3371 4583 3817 4653 πεφενακίσμεθα
3846 4584 3904 4637 δὲ

2330 4684 2424 4736 καὶ
2450 4683 2632 4753 ἡμεῖς,
2662 4680 2877 4734 εἰκαίαν
2918 4678 3136 4748 ἔχοντες
3161 4678 3249 4730 ἐπ’
3276 4676 3424 4745 αὐτῷ
3452 4674 3551 4745 τὴν
3575 4674 3729 4738 δόξαν
3746 4692 3759 4705 ’
3796 4692 3905 4726 περ

2332 4773 2684 4845 ποδηγήμεθα
2710 4772 2764 4825 δέ
2797 4773 2893 4826 νῦν
2924 4770 3024 4840 ὀψέ
3053 4787 3179 4823 ποτε
3207 4770 3301 4821 καὶ
3327 4768 3481 4839 μόλις
3508 4768 3590 4829 είς
3641 4765 3906 4836 ἀληθείας

2333 4866 2580 4938 εὕρεσιν,
2636 4864 2875 4917 τουτοισὶ
2928 4866 3042 4926 τοῖς
3094 4864 3205 4923 σοῖς
3264 4860 3646 4931 περιτυχόντες
3698 4858 3901 4923 λόγοις.

2345 4958 2508 5011 Ἀλλά
2537 4976 2619 5012 σοι
2652 4958 2806 5013 ’ταυτί⁵
2837 4957 3057 5027 φρονείν
3084 4954 3365 5026 ᾑρημένῳ,
3400 4948 3536 5021 π’ρδς
3561 4949 3717 5021 ἡμῶν
3747 4950 3902 5017 είρηο

2331 5069 2418 5104 ται
2446 5050 2507 5103 τὺ
2530 5050 2617 5103 ’διά
2648 5049 2748 5120 τῆς
2779 5050 3055 5119 προφήτου
3085 5045 3269 5115 φωνῆς
3291 5061 3303 5073 ’
3348 5063 3365 5095 ι
3390 5044 3519 5096 Ἰδοὺ
3552 5044 3651 5095 οὐκ
3680 5040 3820 5094 εἰσὶν
3854 5042 3903 5092 οἱ

2331 5142 2597 5212 ὀφθαλμοί
2646 5158 2762 5206 σου,
2812 5138 2932 5195 οὐδὲ
2972 5141 3005 5207 ἡ
3038 5136 3232 5207 καρδία
3278 5151 3372 5188 σου
3411 5134 3568 5203 καλή.
3609 5153 3627 5184 ι
3674 5132 3903 5200 Συνίησι

2325 5238 2434 5308 γὰρ
2461 5236 2732 5306 οὐδαμῶς,
2783 5236 2864 5287 ὅτι
2916 5232 3007 5287 τὸν
3042 5231 3271 5286 θάνατον
3308 5228 3764 5295 καταγγέλλοντες
3799 5226 3899 5277 τοῦ

2328 5328 2585 5399 Χριστοῦ,
2636 5326 3163 5398 προσομολογοὖντες
3209 5324 3267 5376 δέ
3313 5324 3410 5392 τὴν
3446 5320 3762 5381 ἀνάστασιν,
3803 5320 3903 5370 καὶ

2327 5420 2425 5492 τὴν
2476 5422 2534 5471 ὲν
2583 5420 2763 5473 πίστει
2813 5417 3089 5470 τελείωσιν
3132 5414 3218 5469 διὰ
3266 5414 3455 5466 τούτου
3504 5410 3899 5481 κερδαίνοντες,

2331 5504 2447 5561 εἶτα
2479 5511 2570 5579 τῆς
2603 5509 2751 5570 θείας
2786 5508 2946 5559 αὑτοῦ
2973 5506 3183 5576 φύσεως
3213 5504 3451 5559 κοινωνοῖ
3482 5499 3784 5569 γεγονότες,
3807 5496 3901 5549 καὶ

1333 5734 1347 5761 ²
1382 5732 1607 5787 Zachar.
1651 5747 1742 5794 an,
1782 5732 1862 5789 l0.
1944 5733 2182 5793 3Jerem.
2217 5736 2462 5805 nimii.
2542 5733 2561 5765 ³
2593 5733 2633 5790 ΙΙ
2662 5732 2777 5790 [‘et.
2811 5748 2850 5799 ι,
2887 5733 2941 5787 ί.
