4088 6470
650 366 770 433 *ξοό

1689 374 1745 429 s.
1788 358 2053 430 CYBILLI
2090 366 2561 431 ALEXANDRINI
2598 360 2915 429 ARCHIEP.

3803 374 3900 430 904

665 487 939 558 quietiam
961 484 1251 542 ineli'abilis
1272 485 1492 543 deitatis
1512 497 1738 559 augusta
1769 487 2064 545 decoratur
2083 488 2224 552 sedel

2336 488 2483 550 τίνος
2517 490 2545 541 6
2578 487 2829 551 θάνατος.
2878 505 2896 539 ι
2930 488 3123 559 Ἀχρις
3146 482 3213 543 ὀῦ
3247 480 3404 562 ἔλθῃ.
3443 508 3464 543 ι
3494 482 3588 555 Τίς
3609 489 3668 544 δέ
3697 491 3845 544 ἐστιν
3872 492 3902 542 6

662 590 717 636 et
763 594 885 636 cum
932 577 1095 636 Patre
1134 578 1404 645 considet,
1448 578 1931 636 circumstantibus
1975 579 2230 635 nimirum

662 670 971 741 Seraphim,
991 680 1046 727 et
1069 669 1339 740 supremis
1392 669 1500 726 illis
1546 668 1870 737 Virtutibus,
1923 684 2232 725 mensuram

654 778 773 821 sua:
801 761 1100 829 servitutis,
1131 777 1236 833 qua
1268 760 1340 816 illi
1374 760 1604 831 subjecti
1621 768 1764 825 sunt,
1797 774 1903 816 non
1936 758 2233 831 ignoranti-

660 856 783 921 bus,
814 853 1067 910 omnibus
1089 853 1254 907 etiam
1288 851 1653 907 Potestatihus
1680 850 1829 906 illum
1860 850 2228 915 adorantihus,

660 944 966 1001 Virtutibus
1011 943 1175 998 etiam
1222 958 1287 998 ac
1332 942 1794 998 Dominationibus
1834 959 1850 996 :
1900 959 1920 994 ι
1955 941 2054 1009 ipsi
2085 942 2231 995 enim

657 1051 821 1092 omne
837 1050 973 1105 genu
994 1033 1260 1098 ﬂectetur,
1274 1043 1328 1089 et
1342 1034 1517 1088 omnis
1530 1034 1707 1102 lingua
1725 1032 2084 1097 conﬁtebitur,
2104 1032 2231 1102 quia

659 1126 920 1181 Dominus
950 1124 1128 1191 Jesus,
1157 1124 1209 1178 in
1234 1123 1454 1194 gloriam
1480 1124 1573 1179 Dei
1595 1123 1770 1179 Patris
1799 1123 1872 1189 “;
1899 1141 1918 1175 ι
1952 1132 2006 1178 et
2031 1122 2227 1189 veniet,

658 1224 720 1269 ut
752 1214 888 1279 dixi,
918 1228 1023 1267 non
1051 1214 1104 1267 in
1136 1221 1319 1267 nostra
1346 1212 1649 1267 humilitate
1676 1221 2023 1282 conspectus,
2053 1210 2147 1265 sed
2177 1211 2230 1264 in

658 1305 828 1377 gloria
854 1303 1174 1369 divinitatis,
1208 1302 1345 1357 cmlo
1405 1303 1722 1371 superisque
1776 1300 2060 1370 spiritibus
2106 1315 2230 1355 eum

658 1394 1002 1464 stipantibus,
1032 1402 1086 1446 et
1108 1392 1206 1461 ipsi
1234 1400 1291 1444 ut
1318 1392 1447 1455 Deo,
1491 1404 1554 1444 ac
1582 1389 1740 1459 Regi,
1777 1390 2230 1444 etuniversorum

657 1485 888 1540 Domino
934 1483 1326 1539 assistentibus.
1378 1481 1435 1536 Si
1492 1481 1657 1553 igitur
1689 1496 1792 1536 non
1838 1490 1920 1537 est
1950 1481 2002 1536 in
2046 1496 2229 1547 carne,

652 1578 765 1634 hoc
794 1586 898 1642 est,
927 1591 1033 1631 non
1066 1577 1226 1629 homo
1258 1574 1459 1629 factum
1499 1583 1584 1628 est
1628 1574 1719 1629 Dei
1754 1573 1935 1629 Patris
1970 1573 2231 1639 Verbum,

658 1668 752 1724 sed
816 1668 976 1722 homo
1030 1665 1243 1731 Deil'er,
1311 1665 1452 1719 latus
1504 1679 1821 1734 corporeum
1880 1665 2122 1731 habens,
2177 1674 2233 1719 et

654 1758 821 1828 .117
876 1756 1348 1825 compunctionem
1395 1755 1578 1811 lateris
1611 1771 1822 1826 passus,
1866 1761 2135 1827 quomodo
2178 1759 2231 1811 in

2335 579 2660 649 ἐρχόμενοςς
2700 598 2718 629 ι
2759 577 3017 649 Ὄψονται
3048 580 3128 643 εἰς
3172 579 3232 634 ὃν
3279 580 3655 652 ἐξεκέντησαν.
3696 601 3716 632 ι
3752 581 3903 645 Ἥξει

2333 673 2535 738 τοίνυν,
2584 674 2612 724 6
2658 670 2943 734 πεπονθὼς
2980 671 3080 741 μὲν
3118 671 3210 725 τὸν
3258 671 3487 725 θάνατον
3524 672 3901 742 ἀνθρωπίνως,

2335 762 2703 834 ἐγηγερμένος
2736 761 2793 815 δὲ
2825 760 3017 825 θεῖκῶς
3037 778 3052 793 ·
3093 762 3461 832 ἀναφοιτήσας
3487 761 3545 815 δὲ
3576 764 3674 815 καὶ
3708 765 3791 825 είς
3812 763 3904 814 οὑ-

2339 852 2537 922 ρανοῦς
2558 892 2572 916 ,
2595 851 2653 915 ὃς
2690 854 2783 905 καὶ
2810 854 2923 914 τοῖς
2945 851 3046 921 τῆς
3072 852 3315 922 ἀρρήτου
3341 850 3594 922 θεότητος
3620 851 3905 921 ἑναὸρύνε-

2334 959 2424 995 ται
2452 940 2669 1005 θώκοις,
2705 942 2798 993 καὶ
2830 939 3139 1011 συνεδρεύει
3172 939 3251 1010 τῷ
3286 938 3484 1010 Πατρὶ,
3524 937 3904 1009 περιεστώτων

2334 1034 2393 1087 ὲν
2425 1033 2609 1104 κύκλῳ
2639 1033 2879 1103 δηλονότι
2910 1033 3017 1086 τῶν
3044 1033 3296 1103 Σεραφὶμ
3318 1073 3333 1097 ,
3367 1032 3460 1085 καὶ
3505 1030 3615 1083 τῶν
3643 1031 3904 1084 ἀνωτάτω

2332 1123 2647 1192 Δυνάμεων,
2674 1122 2775 1174 οὑκ
2795 1120 3103 1189 ἀγνωυσῶν
3124 1120 3224 1189 τῆς
3254 1118 3346 1171 ὑπ’
3378 1116 3557 1170 αὐτῶν
3574 1115 3825 1179 δουλείας
3848 1116 3906 1168 τὸ

2336 1213 2558 1283 μέτρον·
2583 1210 2993 1283 προσκυνούσης
3015 1227 3074 1264 τε
3101 1208 3251 1280 αὑτῷ
3276 1207 3661 1273 καὶἚξουσίας
3687 1207 3906 1273 ἀπάσης

2332 1302 2627 1373 Δυνάμεώς
2664 1320 2724 1355 τε
2759 1302 2854 1355 καὶ
2902 1301 3272 1372 κυριότητοςο
3314 1318 3334 1351 ι
3371 1298 3582 1370 κάμψει
3615 1298 3726 1368 γάρ
3754 1296 3904 1367 αὐτῷ

2334 1396 2442 1448 πᾶν
2480 1393 2631 1462 γόνυ,
2688 1392 2785 1446 καὶ
2830 1393 2982 1446 πᾶσα
3020 1390 3241 1460 γλῶσσα
3291 1390 3785 1461 ἐξομολογήσεται,
3822 1389 3904 1441 ὅτι

2334 1487 2540 1558 Κύριος
2556 1484 2780 1557 Ἰησοῦς,
2806 1487 2886 1548 είς
2914 1484 3070 1551 δόξαν
3097 1482 3232 1537 Θεοῦ
3254 1481 3695 1553 Πατρός-,ι”Ηξει
3717 1480 3797 1546 δὲ,
3829 1480 3905 1544 ὡς

2333 1578 2492 1649 ἔφην,
2519 1579 2617 1630 οὑκ
2644 1576 2701 1630 ἕν
2726 1593 2791 1644 γε
2814 1578 2881 1646 τῇ
2914 1574 3036 1629 καθ’
3072 1576 3221 1645 ἡμᾶς
3255 1572 3701 1645 σμικροπρεπεία
3724 1571 3905 1642 φαινό-

2339 1687 2517 1741 μενος,
2550 1670 2621 1720 ὲν-
2648 1667 2869 1738 εὐκλείᾳ
2896 1667 2953 1719 δὲ
2994 1666 3195 1737 μᾶλλον
3224 1669 3291 1737 τῇ
3322 1663 3796 1736 θεοπρεπεστάτῃ,
3819 1663 3905 1715 66-

2339 1760 2702 1833 ρυφοροῦντος
2732 1756 2968 1829 ούρανοῦ
3000 1758 3095 1812 καὶ
3138 1758 3248 1811 τῶν
3296 1758 3408 1812 ἀνω
3461 1756 3784 1826 πνευμάτων

658 1852 787 1907 sede
829 1863 1093 1918 suprema:
1147 1846 1445 1902 divinitatis
1489 1847 1844 1916 conspicitur,
1876 1848 2023 1901 velut
2070 1864 2224 1917 quar-

2333 1851 2452 1921 Θεῷ
2483 1866 2539 1903 τε
2566 1849 2660 1903 καλ⁵
2687 1847 2926 1910 Βασιλεῖ,
2956 1848 3048 1900 καὶ
3074 1845 3153 1915 τῷ
3182 1846 3290 1899 τῶν
3317 1844 3456 1899 ὅλων
3480 1846 3727 1917 Δεσπότῃ
3755 1861 3900 1914 παρ-

659 1951 747 1997 tus
796 1941 950 1995 nobis
1005 1939 1148 1992 Deus
1185 1938 1404 2004 quidam
1459 1952 1650 1992 recens
1690 1948 1809 2008 post
1834 1950 2078 1993 sanctam
2109 1939 2229 1993 Tri~

641 2033 878 2089 'nitatcm
943 2028 1163 2086 eli’ectus
1194 2028 1359 2083 ?Non
1428 2028 1619 2083 horres
1691 2028 1871 2084 dicere
1956 2029 2227 2098 vulgarem

655 2124 951 2188 hominem,
978 2131 1243 2177 creaturze
1269 2119 1471 2175 cultum
1497 2119 1859 2175 exhibendum
1882 2120 2230 2190 excogitans?

655 2210 875 2285 Ergone
925 2211 1199 2267 veteribus
1243 2210 1453 2281 laqueis
1486 2211 1789 2266 detinemur
1817 2212 1841 2264 ?
1873 2226 2073 2282 ergone
2119 2211 2228 2265 Deo

654 2307 907 2377 iniuriam
956 2303 1141 2358 intulit
1190 2310 1245 2355 et
1292 2302 1574 2358 nobiscum
1623 2317 1809 2356 errore
1863 2302 2086 2357 seducta
2144 2310 2229 2356 est

645 2405 838 2453 sancta
885 2393 973 2448 illa
1035 2390 1323 2445 multitudo
1374 2405 1728 2460 supernorum
1788 2392 2129 2462 spirituum?
2168 2393 2224 2446 Si

652 2487 826 2543 veteri
878 2499 1063 2540 errore
1115 2482 1328 2537 liberati
1384 2498 1571 2537 sumus
1616 2483 1672 2537 in
1729 2498 1795 2538 eo
1843 2484 1983 2553 quod
2023 2485 2229 2540 servire

642 2586 922 2633 creatum;
953 2583 1207 2643 tanquam
1267 2586 1381 2626 rem
1437 2571 1657 2642 impiam
1694 2574 2080 2639 recusavimus,
2131 2588 2230 2629 cur

654 2680 755 2721 nos
800 2665 852 2718 in
888 2672 1066 2717 vetera
1112 2662 1339 2716 crimina
1372 2660 1626 2729 ‘conjicis,
1658 2671 1715 2716 et
1740 2664 2226 2720 emcishominico-

655 2758 772 2813 las?
792 2755 900 2811 Nos
923 2756 1066 2809 enim
1093 2755 1294 2809 scimus
1320 2763 1373 2808 et
1390 2754 1663 2810 credimus
1684 2754 1813 2809 illud
1842 2768 1909 2810 ex
1934 2756 2041 2810 Deo
2066 2754 2227 2810 Patre

654 2847 888 2903 Verbum
945 2860 1160 2900 carnem
1219 2855 1277 2899 et
1321 2843 1641 2915 sanguinem
1674 2846 2043 2915 assumpsisse
2078 2863 2092 2900 :
2128 2848 2225 2901 sed

652 2939 780 3009 quia
835 2937 1135 3008 permansit
1184 2935 1352 3000 idem,
1402 2950 1594 3005 nempe
1637 2935 1808 3001 Deus,
1857 2950 2010 2991 suam
2061 2952 2225 3008 supra

653 3031 834 3088 omnia
864 3026 1375 3084 excellentissimam
1427 3027 1743 3098 dignitatem
1786 3029 2023 3082 servavit
2058 3031 2223 3084 etiam

2330 1938 2662 2010 εστηκότων.
2701 1937 2873 2007 Εἴπερ
2918 1931 3033 1991 οὖν
3060 1936 3208 1988 εστιν
3255 1936 3355 1989 οὑκ
3385 1936 3444 1988 ὲν
3479 1935 3643 2005 σαρκὶ
3676 1933 3899 2004 μᾶλλον,

2329 2031 2498 2101 ἤγουν
2528 2028 2816 2100 ἄνθρωπος
2842 2025 3080 2096 γεγονὼς
3104 2030 3134 2080 6
3160 2026 3256 2080 τοῦ
3293 2025 3430 2080 Θεοῦ
3462 2026 3680 2097 Πατρὸς
3707 2024 3899 2091 Δόγος,

2328 2123 2614 2195 ἄνθρωπος
2654 2122 2713 2174 δὲ
2739 2122 3007 2192 Θεοφόρος
3042 2120 3285 2192 πλευρὰν
3327 2120 3466 2191 ἔχων
3493 2119 3781 2190 σώματος,
3809 2118 3902 2173 καὶ

2330 2214 2628 2284 ὑπομείνας
2660 2212 2759 2283 τὴν
2792 2211 3152 2280 διακέντησιν,
3203 2210 3320 2273 πῶς
3349 2212 3407 2262 ὲν
3440 2210 3651 2281 θρόνοις
3680 2211 3898 2281 ὁρᾶταε,

2328 2308 2426 2377 τῆς
2444 2305 2707 2359 ἀνωτάτω
2733 2302 2982 2371 θεότητος
3006 2301 3264 2371 τέταρτος
3282 2301 3471 2373 ὥσπερ
3498 2316 3577 2364 τις
3604 2303 3738 2372 ἡμῖν
3762 2300 3901 2370 μετά

2327 2400 2427 2468 τήν
2474 2396 2634 2466 ἁγίαν
2668 2394 2873 2465 Τριάδα
2920 2394 3231 2464 πρόσφατος
3259 2394 3391 2456 Θεὸς
3419 2393 3897 2465 ἀναδεδειγμένοςς

2329 2488 2403 2540 Οὐ
2456 2484 2880 2553 καταπέφρικας
2934 2482 3113 2537 κοινὸν
3161 2482 3472 2555 ἄνθρωπον,
3503 2485 3568 2554 τῇ
3615 2484 3794 2538 κτίσει
3839 2484 3900 2535 τὸ

2330 2578 2494 2640 σέϐας
2519 2574 2780 2641 ὲπινοῶν;
2814 2571 2926 2646 ἄρα
2950 2576 3063 2638 τοῖς
3108 2575 3360 2646 ἀρχαίοις
3409 2574 3744 2646 ὲνισχήμεθα
3778 2573 3900 2645 βρό-

2325 2686 2471 2740 χοις;
2509 2664 2620 2738 ἀρα
2648 2665 3049 2736 πεπαρῴνηκεν
3092 2667 3171 2728 είς
3220 2666 3376 2729 Θεὸν,
3413 2666 3509 2720 καὶ
3556 2665 3899 2734 πεπλάνηται

2329 2758 2451 2829 μεθ’
2480 2755 2661 2828 ήμῶν,
2692 2757 2726 2826 ή
2756 2756 2888 2823 άγία
2916 2754 3026 2807 τῶν
3055 2754 3169 2809 ἄνω
3194 2756 3526 2826 πνευμάτων
3552 2755 3768 2825 πληθύς
3789 2772 3806 2820 ;
3827 2755 3902 2823 εΕί

2323 2850 2425 2918 τῆς
2458 2848 2690 2920 ἀρχαίας
2732 2847 2949 2916 ἀπάτης
2981 2846 3436 2918 ὲκλελυτρώμεθα
3460 2886 3476 2913 ,
3511 2847 3572 2900 τὸ
3604 2848 3672 2916 τῇ
3723 2845 3899 2900 κτίσει

2324 2938 2609 3009 λατρεύειν
2633 2937 2709 3001 ὡς
2729 2936 2988 3000 δυσσεϐὲς
3012 2936 3465 3008 παραιτούμενοι,
3496 2937 3548 2989 τί
3570 2935 3734 2991 πάλιν
3755 2936 3901 3007 ἡμᾶς

2324 3033 2436 3093 τοῖς
2479 3029 2729 3100 ἀρχαίοις
2773 3029 3115 3099 ἐγκλήμασιν
3147 3028 3311 3092 ὲνιεὶς
3342 3029 3664 3099 ἀποφαίνεις
3695 3027 3902 3097 ἀνθρω-

653 3138 776 3178 cum
796 3120 1017 3191 perinde
1038 3133 1100 3172 ac
1132 3132 1229 3173 nos
1278 3125 1424 3173 esset
1467 3116 1524 3170 in
1569 3131 1756 3174 carne.
1805 3117 1975 3174 Porro
1999 3136 2120 3175 cum
2153 3120 2224 3176 sit

2328 3121 2640 3190 πολάτρας;
2688 3120 2881 3190 Ἡμεῖς
2914 3120 3015 3189 μὲν
3049 3119 3160 3191 γάρ
3193 3121 3354 3189 ίσμεν
3404 3119 3497 3173 καὶ
3528 3117 3902 3172 πεπιστεύκα-

653 3214 797 3269 Deus
852 3209 1202 3266 nihilominus
1233 3210 1332 3264 hoc
1363 3219 1603 3278 tempore
1660 3225 1823 3280 quam
1857 3210 2024 3266 fuerit
2069 3211 2220 3280 ollm,

2330 3229 2449 3281 μεν,
2477 3211 2559 3264 ὅτι
2592 3210 2815 3279 γέγονεν
2840 3212 2899 3264 ὲν
2927 3212 3231 3283 προσλήψει
3269 3212 3472 3282 σαρκός
3512 3228 3574 3264 τε
3604 3211 3700 3265 καὶ
3730 3211 3899 3280 αἵμα-

648 3305 901 3376 quamvis
949 3304 1108 3357 homo
1162 3301 1358 3365 factus,
1394 3308 1574 3356 tamen
1608 3302 1852 3358 serviens
1879 3303 1983 3357 sibi
2022 3304 2221 3358 caelum

2327 3320 2415 3366 τος
2442 3304 2470 3355 6
2499 3304 2563 3355 ὲκ
2595 3302 2730 3356 Θεοῦ
2763 3301 2975 3373 Πατρός
3006 3304 3177 3371 Λόγος
3198 3319 3211 3331 ·
3258 3304 3447 3375 ἐπειδὴ
3496 3303 3555 3357 δὲ
3589 3302 3901 3373 μεμένηκεν

652 3396 839 3462 habet,
878 3396 1306 3461 adorantemque
1338 3402 1537 3447 terram
1566 3410 1581 3460 ;
1620 3394 1884 3463 scriptum
1914 3405 2001 3449 est
2027 3396 2169 3449 enim
2207 3412 2220 3448 :

2327 3396 2354 3447 6
2384 3396 2549 3457 αὑτὸς
2611 3394 2856 3465 δηλονότι
2896 3395 3048 3457 Θεὸς,
3095 3395 3195 3466 τῆς
3241 3394 3467 3465 ἐνούσης
3508 3395 3652 3449 κατὰ
3681 3394 3901 3448 πάντων

652 3503 678 3537 η
711 3484 895 3541 Laude
952 3482 1165 3537 Domini
1199 3482 1359 3551 plena
1416 3491 1500 3537 est
1552 3490 1747 3548 terra;
1785 3484 2003 3552 operuit
2056 3484 2224 3539 co:los

2327 3482 2601 3554 ὑπεροχῆς
2630 3482 2690 3536 τὸ
2716 3482 2937 3552 ἀξίωμα
2963 3482 3288 3537 διεσώσατο*
3344 3483 3547 3555 καίπερ
3595 3482 3671 3537 ὢν
3720 3483 3903 3553 σάρκα

653 3578 821 3647 gloria
863 3586 971 3640 tua,
1008 3574 1235 3630 Domine
1265 3574 1332 3626 ¹¹.
1372 3592 1391 3625 ι
1434 3571 1516 3628 Tu
1544 3588 1675 3629 vero
1706 3588 1737 3629 ο
1794 3576 2065 3630 contrario
2098 3591 2223 3631 eum

2327 3572 2407 3645 [ὲν
2434 3572 2621 3645 σαρκὶ]
2653 3573 2773 3627 καθ’
2800 3575 2972 3643 ἡμᾶς.
3005 3574 3137 3638 Θεὸς
3159 3574 3214 3627 δὲ
3237 3574 3517 3645 ὑπάρχων,
3536 3574 3688 3628 οὐδὲν
3711 3570 3899 3647 ἦττον,

650 3669 745 3738 qui
799 3674 945 3720 tanta
976 3674 1058 3719 est
1107 3674 1160 3719 et
1195 3671 1406 3718 naturae
1437 3672 1493 3719 et
1526 3662 1714 3733 gloria:
1752 3663 2123 3732 amplitudine,
2157 3678 2224 3719 ex

652 3759 817 3814 nimia
868 3756 1083 3812 inst-ilia
1141 3771 1249 3810 non
1310 3754 1496 3821 vides;
1526 3756 1711 3810 dixisti
1750 3755 1892 3811 enim
1929 3774 1941 3810 :
1971 3755 2103 3822 Quis
2140 3765 2225 3812 est

649 3850 740 3920 qui
780 3850 930 3905 venit
957 3848 981 3901 ?
1012 3866 1030 3900 t
1057 3846 1325 3903 Videbunt
1352 3846 1545 3901 Filium
1574 3846 1807 3902 hominis
1834 3848 2135 3903 venientem
2170 3848 2222 3901 in

648 3943 882 3999 nubibus
906 3942 1029 3997 co-li
1059 3942 1151 4006 ἰς
1200 3960 1219 3993 ι
1283 3950 1537 4010 tanquam
1590 3941 1798 3997 scilicet
1862 3952 2108 3997 metuens
2157 3955 2224 3995 ne

648 4035 770 4103 quis
818 4032 1088 4088 diuideret
1150 4032 1351 4086 dicenti
1390 4031 1588 4086 Filium
1641 4032 1879 4087 hominis
1930 4046 2055 4087 eum
2102 4047 2224 4088 esse

649 4126 743 4195 qui
769 4125 950 4189 venit,
982 4135 1033 4176 et
1057 4124 1371 4193 prophetico
1399 4124 1710 4180 testimonio
1737 4126 2032 4180 confirmas
2064 4140 2225 4195 argu-

650 4225 913 4270 mentum.
941 4213 1221 4283 Scriptum
1275 4228 1399 4269 esse
1448 4228 1682 4283 namque
1730 4215 1811 4270 ais
1842 4232 1853 4267 :
1884 4232 1905 4267 t
1953 4213 2223 4270 Videbunt

650 4308 705 4362 in
735 4319 893 4377 quem
917 4313 1356 4374 compunxerunt
1384 4304 1429 4335 ¹³
1457 4321 1474 4372 ;
1521 4322 1541 4356 ι
1568 4314 1624 4358 et
1652 4306 1792 4373 quod
1826 4305 2221 4375 praeterca'ipse

649 4397 849 4466 putasti
898 4411 1019 4452 esse
1070 4396 1136 4449 ad
1183 4395 1584 4463 coarguendqu
1646 4394 1870 4461 ﬁrmius,
1905 4395 2218 4465 impruden-

2325 3666 2359 3736 ἢ
2390 3666 2557 3721 πάλαι
2604 3667 2698 3719 καὶ⁸
2728 3666 2843 3730 νῦν,
2893 3668 2995 3721 κᾶν
3024 3669 3074 3720 εἰ
3107 3668 3330 3736 γέγονεν
3356 3668 3664 3737 ἄνθρωπος,
3694 3667 3901 3739 λάτρην

2323 3758 2437 3828 ἔχει
2468 3761 2559 3811 τὸν
2580 3758 2809 3828 οὐρανὸν
2838 3758 2933 3811 καὶ
2965 3758 3379 3828 προσκυνοῦσαν
3402 3758 3498 3829 τὴν
3528 3759 3634 3829 γῆν
3654 3774 3668 3789 ⁸
3696 3760 3902 3829 γέγρα-

2326 3864 2459 3902 πται
2484 3849 2611 3920 γὰρ,
2646 3852 2729 3903 ὃτι
2764 3870 2782 3903 ι
2822 3852 2933 3922 Τῆς
2964 3853 3227 3916 αἰνέσεως
3252 3852 3459 3923 Κυρίου
3491 3854 3705 3924 πλήρης
3735 3856 3768 3924 ή
3798 3854 3895 3924 γῆ⁶

2324 3940 2595 4009 ἐκάλυψεν
2643 3942 2965 4012 οὑρανοὺςή
2998 3943 3166 4014 ἀρετή
3199 3960 3315 4008 σου,
3354 3943 3549 4015 Κύριε.
3588 3963 3607 3995 ι
3641 3944 3716 3997 Σὶι
3745 3944 3804 3996 δὲ
3833 3944 3899 4013 δὴ

2326 4032 2487 4086 πάλιν
2522 4032 2612 4085 τὸν
2641 4032 2814 4095 οὑτως
2864 4034 3057 4103 ἔχοντα
3105 4034 3319 4103 φύσεώς
3361 4052 3421 4088 τε
3463 4036 3556 4089 καὶ
3600 4035 3791 4104 δόξης,
3837 4038 3901 4088 ὲκ

2324 4122 2527 4194 πολλῆς
2557 4124 2697 4191 άγαν
2720 4123 3070 4195 ἀϐελτηρίας,
3103 4126 3201 4195 οὐχ
3232 4128 3385 4196 ὁρᾷς.
3419 4126 3597 4195 Ἔφης
3624 4126 3736 4195 γὰρ
3761 4124 3848 4186 τίς
3872 4126 3899 4177 ὁ

2323 4213 2643 4284 ὲρχόμενος;
2696 4232 2714 4265 ι
2748 4216 3007 4284 Ὄψονται
3056 4216 3147 4269 τὸν
3181 4217 3310 4269 Υίὸν
3339 4216 3432 4270 τοῦ
3472 4216 3767 4287 ἀνθρώπου
3808 4218 3900 4287 ἐρ-

2323 4306 2550 4375 χόμενον
2580 4306 2670 4359 ἐπὶ
2698 4305 2808 4359 τῶν
2834 4307 3073 4376 νεφελῶν
3102 4307 3197 4361 τοῦ
3231 4307 3462 4377 ούρανοῦ
3483 4323 3497 4339 ο
3533 4326 3552 4359 ι
3585 4306 3777 4375 ὥσπερ
3812 4306 3899 4359 δε-

2322 4395 2451 4459 διὼς
2480 4397 2556 4467 μὴ
2585 4397 2697 4468 ἀρα
2714 4415 2798 4461 τις
2827 4399 3182 4470 ἀπιστήσειεν
3213 4400 3340 4452 Υίὸν
3369 4398 3657 4469 ἀνθρώπου
3685 4397 3899 4465 λέγοντι

648 4490 861 4545 tissime
892 4487 1151 4557 adjiciens
1181 4505 1194 4541 :
1221 4486 1485 4554 Quidnam
1525 4496 1630 4554 est,
1687 4486 1890 4556 inquis,
1918 4487 2048 4542 illud
2072 4502 2217 4542 com-

2327 4487 2414 4541 τὸν
2448 4489 2762 4558 ἐρχόμενον.
2805 4491 2913 4543 Καὶ
2968 4494 3283 4563 προφητικῇ
3339 4492 3612 4562 μαρτυρίᾳ
3654 4490 3897 4561 βεσαιοῖς

648 4589 909 4651 punctum
940 4577 964 4631 ‘i
992 4576 1154 4632 Latus
1182 4576 1359 4641 ;latus
1402 4591 1531 4632 vero
1582 4576 1827 4645 corporis
1852 4586 1955 4639 cst,
1992 4590 2059 4629 an
2082 4576 2218 4631 divi-

647 4670 876 4727 uitatis?
903 4668 1007 4723 Sed
1035 4668 1079 4723 si
1106 4668 1399 4737 quiessent
1447 4666 1537 4736 qui
1564 4667 1827 4732 dicerent,
1852 4666 1948 4719 Dei
1978 4663 2213 4721 Verbum

648 4776 753 4817 non
809 4758 1017 4814 factum
1073 4756 1243 4812 fuisse
1297 4758 1566 4812 hominem
1628 4756 1800 4811 nostri
1834 4755 2087 4819 similem,
2121 4757 2213 4810 sed

646 4853 714 4907 ad
737 4852 983 4908 homines
999 4850 1087 4919 qui
1120 4857 1246 4904 sunt
1281 4849 1333 4903 in
1357 4850 1519 4903 terris
1578 4848 1861 4904 advenisse
1888 4846 2025 4901 nuda
2059 4862 2213 4902 usum

647 4944 971 5009 divinitate,
1002 4951 1094 4996 aut
1146 4944 1211 4995 ad
1244 4942 1416 4996 visum
1473 4956 1536 4996 ac
1558 4941 1820 5011 speciem,
1863 4949 1919 4995 et
1961 4946 2212 5009 tanquam

646 5038 701 5091 in
734 5036 944 5098 umbra,
980 5041 1038 5088 ut
1082 5034 1405 5102 quibusdam
1465 5032 1644 5099 impiis
1686 5032 1960 5086 ha‘reticis
2013 5033 2215 5087 sentire

646 5123 822 5177 visum
884 5131 991 5187 est,
1024 5122 1251 5176 haberes
1313 5121 1546 5189 aiiquam
1607 5120 1869 5189 ejusmodi
1930 5121 2216 5175 ratiocina-

648 5214 810 5267 tionis
867 5210 1240 5265 construendm
1288 5209 1626 5264 occasionem
1684 5208 1823 5262 haud
1878 5208 2212 5262 absurdam:

639 5306 751 5374 jam
810 5320 937 5359 vero
984 5317 1104 5357 cum
1164 5300 1470 5370 praedicatio
1530 5299 1770 5353 veritatis
1823 5299 2108 5368 perspicue
2162 5308 2218 5353 et

643 5398 922 5452 evidenter
954 5395 1128 5465 ipsum
1156 5392 1255 5447 Dei
1288 5390 1521 5446 Verbum
1551 5405 1767 5444 carnem
1806 5389 2011 5445 factum
2048 5391 2212 5456 dicat,

640 5496 697 5542 et
722 5486 886 5541 fuisse
914 5483 1083 5540 nostri
1113 5482 1364 5547 similem,
1396 5480 1662 5535 etFilium
1691 5481 1946 5545 hominis.
1974 5492 2030 5536 et
2053 5498 2216 5537 carne

641 5588 862 5648 propter
892 5591 991 5631 nos
1022 5591 1257 5647 passum,
1292 5574 1476 5643 sicque
1502 5582 1782 5628 venturum
1829 5583 1885 5628 ut
1920 5575 1972 5629 in
2015 5575 2211 5629 coelum

2322 4578 2423 4648 τὴν
2459 4579 2759 4646 ἀπόδειξιν·
2792 4581 3103 4652 γεγράφθαι
3142 4583 3250 4654 γὰρ
3283 4584 3425 4653 φής’
3462 4600 3481 4634 ι
3518 4584 3779 4651 Ὄψονται
3815 4584 3896 4646 είς

2327 4662 2386 4715 ὃν
2434 4664 2828 4736 ἐξεκέντησαν·
2864 4688 2882 4719 ι
2941 4671 3037 4723 καὶ
3068 4671 3129 4723 τὸ
3161 4672 3253 4723 ἐπὶ
3291 4670 3518 4735 τούτων,
3568 4671 3764 4745 ὥσπερ
3800 4668 3896 4726 οὖν

2321 4755 2535 4827 ᾠήθης,
2593 4759 2674 4821 είς
2727 4761 2982 4831 ἐλέγχους
3040 4762 3455 4835 εὑσθενέστερον
3507 4763 3895 4819 ἀσυνετώτατα

2324 4848 2671 4917 προστιθείς·
2706 4852 2801 4915 Τίς
2831 4849 2924 4906 οὖν
2960 4855 3113 4919 ἐστι,
3166 4855 3349 4925 φησὶν,
3392 4858 3421 4909 6
3470 4855 3783 4927 κεντηθείς;
3834 4858 3893 4910 Ἦ

2322 4937 2560 5008 πλευρά”
2615 4940 2825 5010 πλευρά
2876 4943 2935 4995 δὲ
2988 4943 3238 5014 σώματός
3300 4949 3470 5012 ἐστιν,
3523 4947 3555 5015 ἢ
3601 4946 3891 5016 θεότητοςς

2332 5030 2469 5083 Ἀλλ’
2506 5034 2554 5084 εί
2604 5033 2701 5102 μὲν
2746 5031 2887 5104 ἦσαν
2931 5038 3073 5100 τινὲς
3101 5041 3149 5091 oi
3181 5038 3450 5106 λέγοντες,
3499 5041 3574 5103 ὡς
3598 5042 3659 5094 οὐ
3697 5042 3891 5108 γέγονε

2320 5122 2442 5175 καθ’
2491 5125 2637 5193 ἡμᾶς
2665 5125 2952 5195 ἄνθρωπος
2989 5130 3017 5180 ό
3046 5130 3140 5181 τοῦ
3171 5131 3306 5184 Θεοῦ
3330 5132 3503 5199 Λόγος
3522 5146 3535 5160 ⁶
3562 5133 3893 5202 ἐπεφοίτησε

2319 5212 2375 5264 δὲ
2407 5216 2520 5277 τοῖς
2548 5216 2638 5266 ἐπὶ
2665 5215 2788 5283 γῆς,
2831 5221 3013 5289 γυμνῇ
3040 5222 3104 5289 τῇ
3137 5219 3349 5292 θεότητι
3392 5220 3692 5292 χρώμενος,
3723 5224 3892 5293 ἤγουν

2319 5306 2375 5355 ὲν
2403 5304 2618 5375 δοκήσει
2646 5307 2739 5358 καὶ
2774 5305 2849 5371 ὡς
2886 5310 2944 5361 ὲν
2979 5312 3124 5379 σκιᾷ,
3175 5311 3315 5365 καθὰ
3346 5316 3564 5381 φρονεῖν
3598 5312 3743 5379 ἔδοξέ
3779 5329 3892 5365 τισι

2316 5396 2425 5447 τῶν
2478 5397 2707 5449 ἀνοσίων
2750 5400 3063 5468 αἱρετικῶν,
3112 5398 3179 5473 ἧν
3227 5404 3291 5457 ἀν
3345 5420 3427 5456 σοι
3475 5406 3744 5473 πρόφασις
3792 5408 3891 5475 τῆς

2316 5488 2529 5540 τοιᾶσδε
2567 5488 2673 5540 τῶν
2720 5488 2895 5556 λόγων
2942 5494 3309 5564 κατασκευῆς,
3347 5496 3447 5547 οὑκ
3477 5496 3581 5562 ἔξω
3621 5499 3889 5567 τρέχουσα

2316 5576 2408 5629 τοῦ
2458 5579 2697 5640 εἰκότος·
2750 5580 2934 5651 ἐπειδὴ
2969 5581 3023 5634 δὲ
3074 5583 3133 5635 τὸ
3170 5585 3270 5654 τῆς
3316 5586 3572 5659 ἀληθείας
3604 5590 3886 5659 κήρυγμα,

674 5750 721 5783 ⁸³
752 5750 1075 5819 Philipp.'tt,
1111 5748 1307 5817 10,11.
1387 5751 1426 5782 "
1459 5748 1762 5817 llabac.t’tt,
1793 5751 1845 5806 5.
1926 5754 1967 5786 ¹¹
1998 5751 2187 5808 Matth.

2329 5770 2376 5819 ν,
2415 5755 2502 5810 50.
2586 5756 2627 5787 ¹³
2651 5755 2880 5813 Zacltnr.
2908 5774 3011 5827 XII,
3048 5760 3131 5816 l0.
