  <div class='ocr_page' id='page_1' title='image "/cluster/home/n/w/nwhite01/storage/ocr_20150623/76/hvd.32044019207943/110.png"; bbox 0 0 4088 6472; ppageno 0'>
   <div class='ocr_carea' id='block_1_1' title="bbox 227 403 339 460">
    <p class='ocr_par' dir='ltr' id='par_1_1' title="bbox 227 403 339 460">
     <span class='ocr_line' id='line_1_1' title="bbox 227 403 339 460; baseline -0.027 0"><span class='ocrx_word' id='word_1_1' title='bbox 227 403 339 460; x_wconf 66' lang='lat'><strong>205</strong></span> 
     </span>
    </p>
   </div>
   <div class='ocr_carea' id='block_1_2' title="bbox 1292 401 2374 461">
    <p class='ocr_par' dir='ltr' id='par_1_2' title="bbox 1292 401 2374 461">
     <span class='ocr_line' id='line_1_2' title="bbox 1292 401 2374 461; baseline 0.004 -4"><span class='ocrx_word' id='word_1_2' title='bbox 1292 401 1663 459; x_wconf 71' lang='lat' dir='ltr'><strong>ADVERSUS</strong></span> <span class='ocrx_word' id='word_1_3' title='bbox 1700 401 2101 459; x_wconf 81' lang='lat' dir='ltr'><strong>NESTORIUM</strong></span> <span class='ocrx_word' id='word_1_4' title='bbox 2136 401 2263 460; x_wconf 84' lang='lat' dir='ltr'><strong>LIB.</strong></span> <span class='ocrx_word' id='word_1_5' title='bbox 2307 403 2374 461; x_wconf 68' lang='grc' dir='ltr'>ν.</span> 
     </span>
    </p>
   </div>
   <div class='ocr_carea' id='block_1_3' title="bbox 3364 406 3471 465">
    <p class='ocr_par' dir='ltr' id='par_1_3' title="bbox 3364 406 3471 465">
     <span class='ocr_line' id='line_1_3' title="bbox 3364 406 3471 465; baseline 0.047 -5"><span class='ocrx_word' id='word_1_6' title='bbox 3364 406 3471 465; x_wconf 73' lang='grc'><strong>206</strong></span> 
     </span>
    </p>
   </div>
   <div class='ocr_carea' id='block_1_4' title="bbox 233 515 1799 593">
    <p class='ocr_par' dir='ltr' id='par_1_4' title="bbox 233 515 1799 592">
     <span class='ocr_line' id='line_1_4' title="bbox 233 515 1799 592; baseline 0.004 -24"><span class='ocrx_word' id='word_1_7' title='bbox 233 515 422 585; x_wconf 80' lang='grc' dir='ltr'>σαφῶς</span> <span class='ocrx_word' id='word_1_8' title='bbox 452 532 511 568; x_wconf 86' lang='grc' dir='ltr'><strong>τε</strong></span> <span class='ocrx_word' id='word_1_9' title='bbox 542 517 637 571; x_wconf 79' lang='grc' dir='ltr'><strong>καὶ</strong></span> <span class='ocrx_word' id='word_1_10' title='bbox 669 516 915 588; x_wconf 79' lang='grc' dir='ltr'>ἐναργῶς</span> <span class='ocrx_word' id='word_1_11' title='bbox 942 516 1033 571; x_wconf 80' lang='grc' dir='ltr'>τὸν</span> <span class='ocrx_word' id='word_1_12' title='bbox 1054 517 1149 571; x_wconf 76' lang='grc' dir='ltr'><strong>τοῦ</strong></span> <span class='ocrx_word' id='word_1_13' title='bbox 1170 517 1305 572; x_wconf 81' lang='grc' dir='ltr'>Θεοῦ</span> <span class='ocrx_word' id='word_1_14' title='bbox 1336 521 1508 589; x_wconf 83' lang='grc' dir='ltr'>Λόγον</span> <span class='ocrx_word' id='word_1_15' title='bbox 1542 522 1720 592; x_wconf 82' lang='grc' dir='ltr'>σάρκα</span> <span class='ocrx_word' id='word_1_16' title='bbox 1743 535 1799 574; x_wconf 88' lang='grc' dir='ltr'><strong>τε</strong></span> 
     </span>
    </p>
   </div>
   <div class='ocr_carea' id='block_1_5' title="bbox 1904 515 3469 593">
    <p class='ocr_par' dir='ltr' id='par_1_5' title="bbox 1910 522 3469 593">
     <span class='ocr_line' id='line_1_5' title="bbox 1910 522 3469 593; baseline 0.001 -17"><span class='ocrx_word' id='word_1_17' title='bbox 1910 522 2172 589; x_wconf 86' lang='lat' dir='ltr'><strong>ascendit,</strong></span> <span class='ocrx_word' id='word_1_18' title='bbox 2204 533 2262 576; x_wconf 94' lang='lat' dir='ltr'><strong>ut</strong></span> <span class='ocrx_word' id='word_1_19' title='bbox 2295 522 2469 593; x_wconf 82' lang='lat' dir='ltr'><strong>angeli</strong></span> <span class='ocrx_word' id='word_1_20' title='bbox 2510 535 2641 576; x_wconf 85' lang='lat' dir='ltr'><strong>voce</strong></span> <span class='ocrx_word' id='word_1_21' title='bbox 2692 529 2945 577; x_wconf 94' lang='lat' dir='ltr'><strong>testatum</strong></span> <span class='ocrx_word' id='word_1_22' title='bbox 2985 530 3068 577; x_wconf 89' lang='lat' dir='ltr'><strong>est</strong></span> <span class='ocrx_word' id='word_1_23' title='bbox 3098 522 3162 589; x_wconf 76' lang='lat'><strong>“,</strong></span> <span class='ocrx_word' id='word_1_24' title='bbox 3207 537 3469 592; x_wconf 87' lang='lat' dir='ltr'><strong>quosnam</strong></span> 
     </span>
    </p>
   </div>
   <div class='ocr_carea' id='block_1_6' title="bbox 225 605 1799 684">
    <p class='ocr_par' dir='ltr' id='par_1_6' title="bbox 225 605 1799 682">
     <span class='ocr_line' id='line_1_6' title="bbox 225 605 1799 682; baseline 0.005 -23"><span class='ocrx_word' id='word_1_25' title='bbox 225 605 507 675; x_wconf 71' lang='grc' dir='ltr'>γενέσθαι,</span> <span class='ocrx_word' id='word_1_26' title='bbox 543 608 713 677; x_wconf 79' lang='grc' dir='ltr'>φησὶ,</span> <span class='ocrx_word' id='word_1_27' title='bbox 750 608 1089 679; x_wconf 89' lang='grc' dir='ltr'>χρηματίσαι</span> <span class='ocrx_word' id='word_1_28' title='bbox 1133 609 1190 663; x_wconf 80' lang='grc' dir='ltr'>δὲ</span> <span class='ocrx_word' id='word_1_29' title='bbox 1220 611 1344 665; x_wconf 84' lang='grc' dir='ltr'>καθ’</span> <span class='ocrx_word' id='word_1_30' title='bbox 1376 613 1523 682; x_wconf 79' lang='grc' dir='ltr'>ἡμᾶς</span> <span class='ocrx_word' id='word_1_31' title='bbox 1551 613 1644 666; x_wconf 80' lang='grc' dir='ltr'>καὶ</span> <span class='ocrx_word' id='word_1_32' title='bbox 1676 613 1799 667; x_wconf 79' lang='grc' dir='ltr'>Υίδν</span> 
     </span>
    </p>
   </div>
   <div class='ocr_carea' id='block_1_7' title="bbox 1904 605 3471 684">
    <p class='ocr_par' dir='ltr' id='par_1_7' title="bbox 1907 608 3471 684">
     <span class='ocr_line' id='line_1_7' title="bbox 1907 608 3471 684; baseline 0.001 -19"><span class='ocrx_word' id='word_1_33' title='bbox 1907 626 2205 681; x_wconf 87' lang='lat' dir='ltr'><strong>oppugnas,</strong></span> <span class='ocrx_word' id='word_1_34' title='bbox 2261 614 2348 667; x_wconf 84' lang='lat' dir='ltr'><strong>dic</strong></span> <span class='ocrx_word' id='word_1_35' title='bbox 2396 608 2547 678; x_wconf 85' lang='lat' dir='ltr'><strong>milii,</strong></span> <span class='ocrx_word' id='word_1_36' title='bbox 2604 614 2825 684; x_wconf 87' lang='lat' dir='ltr'><strong>cujusve</strong></span> <span class='ocrx_word' id='word_1_37' title='bbox 2867 613 3171 680; x_wconf 77' lang='lat' dir='ltr'><strong>opinionem</strong></span> <span class='ocrx_word' id='word_1_38' title='bbox 3217 624 3471 683; x_wconf 86' lang='lat' dir='ltr'><strong>tanquam</strong></span> 
     </span>
    </p>
   </div>
   <div class='ocr_carea' id='block_1_8' title="bbox 224 696 1805 771">
    <p class='ocr_par' dir='ltr' id='par_1_8' title="bbox 224 696 1805 771">
     <span class='ocr_line' id='line_1_8' title="bbox 224 696 1805 771; baseline 0.004 -23"><span class='ocrx_word' id='word_1_39' title='bbox 224 696 546 767; x_wconf 79' lang='grc' dir='ltr'>ἀνθρώπου,</span> <span class='ocrx_word' id='word_1_40' title='bbox 572 698 667 750; x_wconf 79' lang='grc' dir='ltr'>καὶ</span> <span class='ocrx_word' id='word_1_41' title='bbox 698 696 891 753; x_wconf 82' lang='grc' dir='ltr'><strong>παθεῖν</strong></span> <span class='ocrx_word' id='word_1_42' title='bbox 922 698 1063 769; x_wconf 81' lang='grc' dir='ltr'>ὑπὲρ</span> <span class='ocrx_word' id='word_1_43' title='bbox 1088 700 1119 768; x_wconf 77' lang='grc' dir='ltr'><strong>η</strong></span> <span class='ocrx_word' id='word_1_44' title='bbox 1130 698 1243 769; x_wconf 85' lang='grc' dir='ltr'><strong>μῶν</strong></span> <span class='ocrx_word' id='word_1_45' title='bbox 1275 700 1438 771; x_wconf 87' lang='grc' dir='ltr'>σαρκί</span> <span class='ocrx_word' id='word_1_46' title='bbox 1462 716 1476 730; x_wconf 87' lang='grc'><strong>·</strong></span> <span class='ocrx_word' id='word_1_47' title='bbox 1514 700 1805 771; x_wconf 72' lang='grc' dir='ltr'><strong>ἀφίξεσθαι</strong></span> 
     </span>
    </p>
   </div>
   <div class='ocr_carea' id='block_1_9' title="bbox 222 770 1801 864">
    <p class='ocr_par' dir='ltr' id='par_1_9' title="bbox 222 770 1801 864">
     <span class='ocr_line' id='line_1_9' title="bbox 222 770 1801 864; baseline 0.003 -23"><span class='ocrx_word' id='word_1_48' title='bbox 222 788 286 841; x_wconf 75' lang='grc' dir='ltr'>δὲ</span> <span class='ocrx_word' id='word_1_49' title='bbox 314 790 410 842; x_wconf 72' lang='grc' dir='ltr'>καὶ</span> <span class='ocrx_word' id='word_1_50' title='bbox 436 788 611 853; x_wconf 76' lang='grc' dir='ltr'>οὕτως</span> <span class='ocrx_word' id='word_1_51' title='bbox 642 789 831 853; x_wconf 83' lang='grc' dir='ltr'>αὑτὸν,</span> <span class='ocrx_word' id='word_1_52' title='bbox 851 790 927 855; x_wconf 86' lang='grc' dir='ltr'>ὼς</span> <span class='ocrx_word' id='word_1_53' title='bbox 955 790 1295 861; x_wconf 85' lang='grc' dir='ltr'>ἀναϐέϐηκεν</span> <span class='ocrx_word' id='word_1_54' title='bbox 1319 770 1400 855; x_wconf 81' lang='grc' dir='ltr'><strong>είς</strong></span> <span class='ocrx_word' id='word_1_55' title='bbox 1430 792 1521 845; x_wconf 84' lang='grc' dir='ltr'>τὸν</span> <span class='ocrx_word' id='word_1_56' title='bbox 1552 770 1801 864; x_wconf 68' lang='grc' dir='ltr'>οὗρανόψ</span> 
     </span>
    </p>
   </div>
   <div class='ocr_carea' id='block_1_10' title="bbox 228 878 1803 954">
    <p class='ocr_par' dir='ltr' id='par_1_10' title="bbox 228 878 1803 954">
     <span class='ocr_line' id='line_1_10' title="bbox 228 878 1803 954; baseline 0.004 -23"><span class='ocrx_word' id='word_1_57' title='bbox 228 878 375 951; x_wconf 74' lang='grc' dir='ltr'>[καὶ]</span> <span class='ocrx_word' id='word_1_58' title='bbox 410 881 552 934; x_wconf 88' lang='grc' dir='ltr'><strong>κατά</strong></span> <span class='ocrx_word' id='word_1_59' title='bbox 583 880 682 951; x_wconf 83' lang='grc' dir='ltr'>τὴν</span> <span class='ocrx_word' id='word_1_60' title='bbox 714 879 809 934; x_wconf 82' lang='grc' dir='ltr'>τοῦ</span> <span class='ocrx_word' id='word_1_61' title='bbox 837 881 1073 949; x_wconf 77' lang='grc' dir='ltr'><strong>ἀγγέλου</strong></span> <span class='ocrx_word' id='word_1_62' title='bbox 1104 883 1308 952; x_wconf 82' lang='grc' dir='ltr'>φωνὴν,</span> <span class='ocrx_word' id='word_1_63' title='bbox 1340 883 1477 954; x_wconf 85' lang='grc' dir='ltr'>πρὸς</span> <span class='ocrx_word' id='word_1_64' title='bbox 1506 883 1657 947; x_wconf 90' lang='grc' dir='ltr'>τίνας</span> <span class='ocrx_word' id='word_1_65' title='bbox 1686 884 1803 938; x_wconf 79' lang='grc' dir='ltr'>δια-</span> 
     </span>
    </p>
   </div>
   <div class='ocr_carea' id='block_1_11' title="bbox 222 971 1806 1045">
    <p class='ocr_par' dir='ltr' id='par_1_11' title="bbox 222 971 1806 1045">
     <span class='ocr_line' id='line_1_11' title="bbox 222 971 1806 1045; baseline 0.004 -22"><span class='ocrx_word' id='word_1_66' title='bbox 222 973 562 1041; x_wconf 83' lang='grc' dir='ltr'>τεινόμενος,</span> <span class='ocrx_word' id='word_1_67' title='bbox 595 971 717 1025; x_wconf 84' lang='grc' dir='ltr'>είπέ</span> <span class='ocrx_word' id='word_1_68' title='bbox 746 988 858 1042; x_wconf 89' lang='grc' dir='ltr'>μοι,</span> <span class='ocrx_word' id='word_1_69' title='bbox 886 973 981 1025; x_wconf 72' lang='grc' dir='ltr'>καὶ</span> <span class='ocrx_word' id='word_1_70' title='bbox 1000 973 1100 1042; x_wconf 77' lang='grc' dir='ltr'>τὴν</span> <span class='ocrx_word' id='word_1_71' title='bbox 1124 973 1266 1036; x_wconf 88' lang='grc' dir='ltr'>τίνος</span> <span class='ocrx_word' id='word_1_72' title='bbox 1294 973 1454 1040; x_wconf 79' lang='grc' dir='ltr'>δόξαν</span> <span class='ocrx_word' id='word_1_73' title='bbox 1477 975 1806 1045; x_wconf 81' lang='grc' dir='ltr'>κατακιϐδη-</span> 
     </span>
    </p>
   </div>
   <div class='ocr_carea' id='block_1_12' title="bbox 223 1062 1807 1135">
    <p class='ocr_par' dir='ltr' id='par_1_12' title="bbox 223 1062 1807 1135">
     <span class='ocr_line' id='line_1_12' title="bbox 223 1062 1807 1135; baseline 0.003 -21"><span class='ocrx_word' id='word_1_74' title='bbox 223 1063 403 1116; x_wconf 82' lang='grc' dir='ltr'>λεύων</span> <span class='ocrx_word' id='word_1_75' title='bbox 433 1063 508 1126; x_wconf 86' lang='grc' dir='ltr'><strong>ὡς</strong></span> <span class='ocrx_word' id='word_1_76' title='bbox 539 1062 727 1133; x_wconf 81' lang='grc' dir='ltr'>ἀμαθῆ</span> <span class='ocrx_word' id='word_1_77' title='bbox 756 1064 852 1115; x_wconf 75' lang='grc' dir='ltr'>καὶ</span> <span class='ocrx_word' id='word_1_78' title='bbox 879 1062 1175 1134; x_wconf 81' lang='grc' dir='ltr'>ἀσύφηλον,</span> <span class='ocrx_word' id='word_1_79' title='bbox 1204 1063 1490 1135; x_wconf 78' lang='grc' dir='ltr'>ἄνθρωπον</span> <span class='ocrx_word' id='word_1_80' title='bbox 1516 1067 1647 1135; x_wconf 74' lang='grc' dir='ltr'>ἡμῖν</span> <span class='ocrx_word' id='word_1_81' title='bbox 1668 1067 1807 1118; x_wconf 82' lang='grc' dir='ltr'>ἀποο</span> 
     </span>
    </p>
   </div>
   <div class='ocr_carea' id='block_1_13' title="bbox 224 1153 1805 1227">
    <p class='ocr_par' dir='ltr' id='par_1_13' title="bbox 224 1153 1805 1227">
     <span class='ocr_line' id='line_1_13' title="bbox 224 1153 1805 1227; baseline 0.004 -22"><span class='ocrx_word' id='word_1_82' title='bbox 224 1154 397 1224; x_wconf 76' lang='grc' dir='ltr'>φῆναι</span> <span class='ocrx_word' id='word_1_83' title='bbox 445 1153 769 1221; x_wconf 85' lang='grc' dir='ltr'>φιλονεικεῖς</span> <span class='ocrx_word' id='word_1_84' title='bbox 807 1153 898 1206; x_wconf 75' lang='grc' dir='ltr'><strong>τὸν</strong></span> <span class='ocrx_word' id='word_1_85' title='bbox 943 1155 1274 1224; x_wconf 77' lang='grc' dir='ltr'>ἐρχόμενον,</span> <span class='ocrx_word' id='word_1_86' title='bbox 1318 1156 1560 1227; x_wconf 83' lang='grc' dir='ltr'>πλευρὰν</span> <span class='ocrx_word' id='word_1_87' title='bbox 1608 1158 1805 1227; x_wconf 77' lang='grc' dir='ltr'>ἔχοντα</span> 
     </span>
    </p>
   </div>
   <div class='ocr_carea' id='block_1_14' title="bbox 226 1244 1804 1318">
    <p class='ocr_par' dir='ltr' id='par_1_14' title="bbox 226 1244 1804 1318">
     <span class='ocr_line' id='line_1_14' title="bbox 226 1244 1804 1318; baseline 0.004 -21"><span class='ocrx_word' id='word_1_88' title='bbox 226 1245 585 1315; x_wconf 78' lang='grc' dir='ltr'>σωματικὴν,</span> <span class='ocrx_word' id='word_1_89' title='bbox 615 1245 713 1313; x_wconf 85' lang='grc' dir='ltr'>τὴν</span> <span class='ocrx_word' id='word_1_90' title='bbox 745 1247 812 1316; x_wconf 72' lang='grc' dir='ltr'>τῇ</span> <span class='ocrx_word' id='word_1_91' title='bbox 845 1244 1015 1317; x_wconf 84' lang='grc' dir='ltr'><strong>λόγχῃ</strong></span> <span class='ocrx_word' id='word_1_92' title='bbox 1042 1246 1500 1318; x_wconf 85' lang='grc' dir='ltr'>διανενυγμένην;</span> <span class='ocrx_word' id='word_1_93' title='bbox 1534 1248 1694 1303; x_wconf 80' lang='grc' dir='ltr'>Ἀ).λά</span> <span class='ocrx_word' id='word_1_94' title='bbox 1723 1266 1804 1303; x_wconf 91' lang='grc' dir='ltr'><strong>σοι</strong></span> 
     </span>
    </p>
   </div>
   <div class='ocr_carea' id='block_1_15' title="bbox 226 1334 1805 1410">
    <p class='ocr_par' dir='ltr' id='par_1_15' title="bbox 226 1334 1805 1410">
     <span class='ocr_line' id='line_1_15' title="bbox 226 1334 1805 1410; baseline 0.004 -23"><span class='ocrx_word' id='word_1_95' title='bbox 226 1335 455 1397; x_wconf 77' lang='grc' dir='ltr'>σκοπὸς,</span> <span class='ocrx_word' id='word_1_96' title='bbox 496 1335 572 1399; x_wconf 86' lang='grc' dir='ltr'>ὡς</span> <span class='ocrx_word' id='word_1_97' title='bbox 604 1334 758 1407; x_wconf 76' lang='grc' dir='ltr'>ἔφην,</span> <span class='ocrx_word' id='word_1_98' title='bbox 787 1336 1072 1407; x_wconf 75' lang='grc' dir='ltr'>ἄνθρωπον</span> <span class='ocrx_word' id='word_1_99' title='bbox 1104 1340 1234 1407; x_wconf 75' lang='grc' dir='ltr'>ἡμῖν</span> <span class='ocrx_word' id='word_1_100' title='bbox 1255 1337 1545 1409; x_wconf 86' lang='grc' dir='ltr'>Θεοφόρον,</span> <span class='ocrx_word' id='word_1_101' title='bbox 1565 1340 1659 1393; x_wconf 77' lang='grc' dir='ltr'><strong>καὶ</strong></span> <span class='ocrx_word' id='word_1_102' title='bbox 1682 1341 1805 1410; x_wconf 77' lang='grc' dir='ltr'>οὐχὶ</span> 
     </span>
    </p>
   </div>
   <div class='ocr_carea' id='block_1_16' title="bbox 222 1427 1803 1500">
    <p class='ocr_par' dir='ltr' id='par_1_16' title="bbox 222 1427 1803 1500">
     <span class='ocr_line' id='line_1_16' title="bbox 222 1427 1803 1500; baseline 0.003 -21"><span class='ocrx_word' id='word_1_103' title='bbox 222 1428 289 1498; x_wconf 78' lang='grc' dir='ltr'>δὴ</span> <span class='ocrx_word' id='word_1_104' title='bbox 339 1427 544 1497; x_wconf 79' lang='grc' dir='ltr'>μᾶλλον</span> <span class='ocrx_word' id='word_1_105' title='bbox 587 1427 719 1481; x_wconf 80' lang='grc' dir='ltr'>Θεὸν</span> <span class='ocrx_word' id='word_1_106' title='bbox 747 1427 1205 1497; x_wconf 68' lang='grc' dir='ltr'>ἔνηνθρωπηκότα</span> <span class='ocrx_word' id='word_1_107' title='bbox 1234 1469 1248 1494; x_wconf 95' lang='grc'><strong>,</strong></span> <span class='ocrx_word' id='word_1_108' title='bbox 1287 1430 1686 1500; x_wconf 76' lang='grc' dir='ltr'><strong>παρακομίζειν</strong></span> <span class='ocrx_word' id='word_1_109' title='bbox 1724 1434 1803 1494; x_wconf 87' lang='grc' dir='ltr'><strong>είς</strong></span> 
     </span>
    </p>
   </div>
   <div class='ocr_carea' id='block_1_17' title="bbox 224 1519 1801 1593">
    <p class='ocr_par' dir='ltr' id='par_1_17' title="bbox 224 1519 1801 1593">
     <span class='ocr_line' id='line_1_17' title="bbox 224 1519 1801 1593; baseline 0.003 -22"><span class='ocrx_word' id='word_1_110' title='bbox 224 1520 395 1589; x_wconf 82' lang='grc' dir='ltr'>μέσον</span> <span class='ocrx_word' id='word_1_111' title='bbox 427 1519 521 1572; x_wconf 81' lang='grc' dir='ltr'>τὸν</span> <span class='ocrx_word' id='word_1_112' title='bbox 562 1519 929 1590; x_wconf 79' lang='grc' dir='ltr'>Ἐμμανουήλ.</span> <span class='ocrx_word' id='word_1_113' title='bbox 965 1520 1160 1588; x_wconf 80' lang='grc' dir='ltr'>Γέγονε</span> <span class='ocrx_word' id='word_1_114' title='bbox 1194 1520 1302 1593; x_wconf 87' lang='grc' dir='ltr'>γὰρ</span> <span class='ocrx_word' id='word_1_115' title='bbox 1334 1521 1617 1592; x_wconf 84' lang='grc' dir='ltr'>ἄνθρωπος</span> <span class='ocrx_word' id='word_1_116' title='bbox 1649 1526 1678 1575; x_wconf 79' lang='grc' dir='ltr'><strong>ό</strong></span> <span class='ocrx_word' id='word_1_117' title='bbox 1708 1522 1801 1576; x_wconf 81' lang='grc' dir='ltr'><strong>τοῦ</strong></span> 
     </span>
    </p>
   </div>
   <div class='ocr_carea' id='block_1_18' title="bbox 219 1607 1803 1681">
    <p class='ocr_par' dir='ltr' id='par_1_18' title="bbox 219 1607 1803 1681">
     <span class='ocr_line' id='line_1_18' title="bbox 219 1607 1803 1681; baseline 0.003 -22"><span class='ocrx_word' id='word_1_118' title='bbox 219 1608 362 1661; x_wconf 78' lang='grc' dir='ltr'>Θεοῦ</span> <span class='ocrx_word' id='word_1_119' title='bbox 389 1608 559 1676; x_wconf 85' lang='grc' dir='ltr'>Λόγος</span> <span class='ocrx_word' id='word_1_120' title='bbox 579 1623 595 1637; x_wconf 84' lang='grc'><em>’</em></span> <span class='ocrx_word' id='word_1_121' title='bbox 622 1607 717 1660; x_wconf 78' lang='grc' dir='ltr'>καὶ</span> <span class='ocrx_word' id='word_1_122' title='bbox 748 1608 932 1671; x_wconf 77' lang='grc' dir='ltr'><strong>πίστις</strong></span> <span class='ocrx_word' id='word_1_123' title='bbox 951 1608 1043 1678; x_wconf 78' lang='grc' dir='ltr'>ἥδε</span> <span class='ocrx_word' id='word_1_124' title='bbox 1072 1612 1192 1672; x_wconf 87' lang='grc' dir='ltr'>ταῖς</span> <span class='ocrx_word' id='word_1_125' title='bbox 1223 1612 1393 1681; x_wconf 80' lang='grc' dir='ltr'>ἱεραῖς</span> <span class='ocrx_word' id='word_1_126' title='bbox 1413 1628 1473 1664; x_wconf 84' lang='grc' dir='ltr'><strong>τε</strong></span> <span class='ocrx_word' id='word_1_127' title='bbox 1502 1611 1598 1664; x_wconf 72' lang='grc' dir='ltr'>καὶ</span> <span class='ocrx_word' id='word_1_128' title='bbox 1628 1612 1803 1675; x_wconf 78' lang='grc' dir='ltr'>θείαις</span> 
     </span>
    </p>
   </div>
   <div class='ocr_carea' id='block_1_19' title="bbox 223 1695 1801 1768">
    <p class='ocr_par' dir='ltr' id='par_1_19' title="bbox 223 1695 1801 1768">
     <span class='ocr_line' id='line_1_19' title="bbox 223 1695 1801 1768; baseline 0.003 -21"><span class='ocrx_word' id='word_1_129' title='bbox 223 1695 606 1766; x_wconf 76' lang='grc' dir='ltr'>συμϐαίνουσα</span> <span class='ocrx_word' id='word_1_130' title='bbox 637 1696 880 1766; x_wconf 85' lang='grc' dir='ltr'>Γραφαῖς</span> <span class='ocrx_word' id='word_1_131' title='bbox 901 1735 915 1759; x_wconf 93' lang='grc'><strong>,</strong></span> <span class='ocrx_word' id='word_1_132' title='bbox 964 1697 1058 1749; x_wconf 78' lang='grc' dir='ltr'>καὶ</span> <span class='ocrx_word' id='word_1_133' title='bbox 1084 1697 1188 1768; x_wconf 83' lang='grc' dir='ltr'><strong>τῆς</strong></span> <span class='ocrx_word' id='word_1_134' title='bbox 1216 1698 1580 1767; x_wconf 84' lang='grc' dir='ltr'>ἀποστολικῆς</span> <span class='ocrx_word' id='word_1_135' title='bbox 1608 1717 1670 1753; x_wconf 90' lang='grc' dir='ltr'><strong>τε</strong></span> <span class='ocrx_word' id='word_1_136' title='bbox 1709 1701 1801 1752; x_wconf 83' lang='grc' dir='ltr'>καὶ</span> 
     </span>
    </p>
   </div>
   <div class='ocr_carea' id='block_1_20' title="bbox 219 1785 1800 1857">
    <p class='ocr_par' dir='ltr' id='par_1_20' title="bbox 219 1785 1800 1857">
     <span class='ocr_line' id='line_1_20' title="bbox 219 1785 1800 1857; baseline 0.001 -18"><span class='ocrx_word' id='word_1_137' title='bbox 219 1788 593 1857; x_wconf 60' lang='grc' dir='ltr'>εὺαῃελικῆς</span> <span class='ocrx_word' id='word_1_138' title='bbox 654 1785 1001 1856; x_wconf 81' lang='grc' dir='ltr'>παραδόσεως</span> <span class='ocrx_word' id='word_1_139' title='bbox 1054 1787 1275 1849; x_wconf 84' lang='grc' dir='ltr'>σκοπὸς,</span> <span class='ocrx_word' id='word_1_140' title='bbox 1331 1788 1410 1849; x_wconf 86' lang='grc' dir='ltr'><strong>είς</strong></span> <span class='ocrx_word' id='word_1_141' title='bbox 1458 1788 1591 1840; x_wconf 78' lang='grc' dir='ltr'>αὐτὸ</span> <span class='ocrx_word' id='word_1_142' title='bbox 1642 1787 1800 1842; x_wconf 81' lang='grc' dir='ltr'>τοῦτο</span> 
     </span>
    </p>
   </div>
   <div class='ocr_carea' id='block_1_21' title="bbox 1908 703 3469 772">
    <p class='ocr_par' dir='ltr' id='par_1_21' title="bbox 1908 703 3469 772">
     <span class='ocr_line' id='line_1_21' title="bbox 1908 703 3469 772; baseline 0 -15"><span class='ocrx_word' id='word_1_143' title='bbox 1908 704 2125 758; x_wconf 81' lang='lat' dir='ltr'><strong>stultam</strong></span> <span class='ocrx_word' id='word_1_144' title='bbox 2152 712 2210 758; x_wconf 91' lang='lat' dir='ltr'><strong>et</strong></span> <span class='ocrx_word' id='word_1_145' title='bbox 2239 704 2475 771; x_wconf 79' lang='lat' dir='ltr'><strong>ineptam</strong></span> <span class='ocrx_word' id='word_1_146' title='bbox 2511 703 2805 772; x_wconf 88' lang='lat' dir='ltr'><strong>improbas,</strong></span> <span class='ocrx_word' id='word_1_147' title='bbox 2836 718 2958 757; x_wconf 78' lang='lat' dir='ltr'><strong>cum</strong></span> <span class='ocrx_word' id='word_1_148' title='bbox 3006 717 3128 757; x_wconf 90' lang='lat' dir='ltr'><strong>eum</strong></span> <span class='ocrx_word' id='word_1_149' title='bbox 3174 703 3266 771; x_wconf 86' lang='lat' dir='ltr'><strong>qui</strong></span> <span class='ocrx_word' id='word_1_150' title='bbox 3299 703 3469 766; x_wconf 83' lang='lat' dir='ltr'><strong>venit,</strong></span> 
     </span>
    </p>
   </div>
   <div class='ocr_carea' id='block_1_22' title="bbox 1910 793 3475 865">
    <p class='ocr_par' dir='ltr' id='par_1_22' title="bbox 1910 793 3475 865">
     <span class='ocr_line' id='line_1_22' title="bbox 1910 793 3475 865; baseline -0.003 -14"><span class='ocrx_word' id='word_1_151' title='bbox 1910 796 2182 851; x_wconf 83' lang='lat' dir='ltr'><strong>hominem</strong></span> <span class='ocrx_word' id='word_1_152' title='bbox 2202 810 2329 850; x_wconf 85' lang='lat' dir='ltr'><strong>esse</strong></span> <span class='ocrx_word' id='word_1_153' title='bbox 2363 795 2519 849; x_wconf 89' lang='lat' dir='ltr'><strong>nobis</strong></span> <span class='ocrx_word' id='word_1_154' title='bbox 2573 794 2734 865; x_wconf 77' lang='lat'><strong>118</strong></span> <span class='ocrx_word' id='word_1_155' title='bbox 2787 794 3074 850; x_wconf 90' lang='lat' dir='ltr'><strong>ostendere</strong></span> <span class='ocrx_word' id='word_1_156' title='bbox 3103 793 3309 857; x_wconf 89' lang='lat' dir='ltr'><strong>niteris,</strong></span> <span class='ocrx_word' id='word_1_157' title='bbox 3348 808 3475 847; x_wconf 85' lang='lat' dir='ltr'><strong>cor-</strong></span> 
     </span>
    </p>
   </div>
   <div class='ocr_carea' id='block_1_23' title="bbox 1908 882 3476 955">
    <p class='ocr_par' dir='ltr' id='par_1_23' title="bbox 1908 882 3476 955">
     <span class='ocr_line' id='line_1_23' title="bbox 1908 882 3476 955; baseline 0 -16"><span class='ocrx_word' id='word_1_158' title='bbox 1908 901 2129 955; x_wconf 88' lang='lat' dir='ltr'><strong>poreum</strong></span> <span class='ocrx_word' id='word_1_159' title='bbox 2152 885 2296 940; x_wconf 90' lang='lat' dir='ltr'><strong>latus</strong></span> <span class='ocrx_word' id='word_1_160' title='bbox 2331 886 2616 941; x_wconf 84' lang='lat' dir='ltr'><strong>habentem</strong></span> <span class='ocrx_word' id='word_1_161' title='bbox 2663 887 2848 941; x_wconf 82' lang='lat' dir='ltr'><strong>lancea</strong></span> <span class='ocrx_word' id='word_1_162' title='bbox 2904 896 3279 955; x_wconf 80' lang='lat' dir='ltr'><strong>compunctum</strong></span> <span class='ocrx_word' id='word_1_163' title='bbox 3308 885 3331 938; x_wconf 73' lang='lat' dir='ltr'><strong>l</strong></span> <span class='ocrx_word' id='word_1_164' title='bbox 3367 882 3476 939; x_wconf 90' lang='lat' dir='ltr'><strong>Sed</strong></span> 
     </span>
    </p>
   </div>
   <div class='ocr_carea' id='block_1_24' title="bbox 1914 977 3476 1046">
    <p class='ocr_par' dir='ltr' id='par_1_24' title="bbox 1914 977 3476 1046">
     <span class='ocr_line' id='line_1_24' title="bbox 1914 977 3476 1046; baseline -0.001 -16"><span class='ocrx_word' id='word_1_165' title='bbox 1914 977 2007 1031; x_wconf 85' lang='lat' dir='ltr'><strong>tibi</strong></span> <span class='ocrx_word' id='word_1_166' title='bbox 2044 978 2376 1046; x_wconf 85' lang='lat' dir='ltr'><strong>propositum</strong></span> <span class='ocrx_word' id='word_1_167' title='bbox 2410 986 2513 1041; x_wconf 90' lang='lat' dir='ltr'><strong>est,</strong></span> <span class='ocrx_word' id='word_1_168' title='bbox 2541 985 2599 1030; x_wconf 90' lang='lat' dir='ltr'><strong>ut</strong></span> <span class='ocrx_word' id='word_1_169' title='bbox 2644 977 2777 1041; x_wconf 78' lang='lat' dir='ltr'><strong>dixi,</strong></span> <span class='ocrx_word' id='word_1_170' title='bbox 2815 978 2987 1046; x_wconf 88' lang='lat' dir='ltr'><strong>ipsum</strong></span> <span class='ocrx_word' id='word_1_171' title='bbox 3023 977 3338 1031; x_wconf 79' lang='lat' dir='ltr'><strong>Emmanuel</strong></span> <span class='ocrx_word' id='word_1_172' title='bbox 3376 977 3476 1029; x_wconf 90' lang='lat' dir='ltr'><strong>bo-</strong></span> 
     </span>
    </p>
   </div>
   <div class='ocr_carea' id='block_1_25' title="bbox 1909 1070 3472 1138">
    <p class='ocr_par' dir='ltr' id='par_1_25' title="bbox 1909 1070 3472 1138">
     <span class='ocr_line' id='line_1_25' title="bbox 1909 1070 3472 1138; baseline -0.001 -15"><span class='ocrx_word' id='word_1_173' title='bbox 1909 1070 2108 1123; x_wconf 88' lang='lat' dir='ltr'><strong>minem</strong></span> <span class='ocrx_word' id='word_1_174' title='bbox 2142 1070 2297 1123; x_wconf 90' lang='lat' dir='ltr'><strong>uobis</strong></span> <span class='ocrx_word' id='word_1_175' title='bbox 2332 1070 2597 1123; x_wconf 87' lang='lat' dir='ltr'><strong>Deiferum</strong></span> <span class='ocrx_word' id='word_1_176' title='bbox 2626 1070 2679 1123; x_wconf 92' lang='lat' dir='ltr'><strong>in</strong></span> <span class='ocrx_word' id='word_1_177' title='bbox 2712 1070 2948 1123; x_wconf 90' lang='lat' dir='ltr'><strong>medium</strong></span> <span class='ocrx_word' id='word_1_178' title='bbox 2994 1070 3309 1138; x_wconf 85' lang='lat' dir='ltr'><strong>producere,</strong></span> <span class='ocrx_word' id='word_1_179' title='bbox 3365 1083 3472 1121; x_wconf 91' lang='lat' dir='ltr'><strong>nou</strong></span> 
     </span>
    </p>
   </div>
   <div class='ocr_carea' id='block_1_26' title="bbox 1908 1160 3475 1231">
    <p class='ocr_par' dir='ltr' id='par_1_26' title="bbox 1908 1160 3475 1231">
     <span class='ocr_line' id='line_1_26' title="bbox 1908 1160 3475 1231; baseline 0.001 -17"><span class='ocrx_word' id='word_1_180' title='bbox 1908 1160 2073 1215; x_wconf 84' lang='lat' dir='ltr'><strong>Deum</strong></span> <span class='ocrx_word' id='word_1_181' title='bbox 2123 1162 2395 1216; x_wconf 88' lang='lat' dir='ltr'><strong>hominem</strong></span> <span class='ocrx_word' id='word_1_182' title='bbox 2441 1162 2682 1217; x_wconf 86' lang='lat' dir='ltr'><strong>factum:</strong></span> <span class='ocrx_word' id='word_1_183' title='bbox 2717 1179 2839 1216; x_wconf 91' lang='lat' dir='ltr'><strong>nam</strong></span> <span class='ocrx_word' id='word_1_184' title='bbox 2892 1164 3065 1231; x_wconf 88' lang='lat' dir='ltr'><strong>ipsum</strong></span> <span class='ocrx_word' id='word_1_185' title='bbox 3100 1162 3191 1218; x_wconf 91' lang='lat' dir='ltr'><strong>Dei</strong></span> <span class='ocrx_word' id='word_1_186' title='bbox 3240 1161 3475 1216; x_wconf 85' lang='lat' dir='ltr'><strong>Verbum</strong></span> 
     </span>
    </p>
   </div>
   <div class='ocr_carea' id='block_1_27' title="bbox 1907 1249 3469 1322">
    <p class='ocr_par' dir='ltr' id='par_1_27' title="bbox 1907 1249 3469 1322">
     <span class='ocr_line' id='line_1_27' title="bbox 1907 1249 3469 1322; baseline 0.004 -20"><span class='ocrx_word' id='word_1_187' title='bbox 1907 1249 2107 1304; x_wconf 86' lang='lat' dir='ltr'><strong>factum</strong></span> <span class='ocrx_word' id='word_1_188' title='bbox 2160 1262 2241 1305; x_wconf 89' lang='lat' dir='ltr'><strong>est</strong></span> <span class='ocrx_word' id='word_1_189' title='bbox 2297 1252 2458 1305; x_wconf 83' lang='lat' dir='ltr'><strong>homo</strong></span> <span class='ocrx_word' id='word_1_190' title='bbox 2488 1270 2502 1306; x_wconf 90' lang='lat'><strong>:</strong></span> <span class='ocrx_word' id='word_1_191' title='bbox 2536 1254 2755 1322; x_wconf 64' lang='lat' dir='ltr'><strong>haecque</strong></span> <span class='ocrx_word' id='word_1_192' title='bbox 2791 1253 2921 1309; x_wconf 83' lang='lat' dir='ltr'><strong>[ides</strong></span> <span class='ocrx_word' id='word_1_193' title='bbox 2958 1268 3083 1307; x_wconf 87' lang='lat' dir='ltr'><strong>cum</strong></span> <span class='ocrx_word' id='word_1_194' title='bbox 3129 1252 3299 1307; x_wconf 85' lang='lat' dir='ltr'><strong>sacris</strong></span> <span class='ocrx_word' id='word_1_195' title='bbox 3329 1253 3469 1309; x_wconf 59' lang='lat' dir='ltr'><strong>divP</strong></span> 
     </span>
    </p>
   </div>
   <div class='ocr_carea' id='block_1_28' title="bbox 1908 1338 3473 1411">
    <p class='ocr_par' dir='ltr' id='par_1_28' title="bbox 1908 1338 3473 1411">
     <span class='ocr_line' id='line_1_28' title="bbox 1908 1338 3473 1411; baseline 0.001 -18"><span class='ocrx_word' id='word_1_196' title='bbox 1908 1340 2099 1409; x_wconf 88' lang='lat' dir='ltr'><strong>nisque</strong></span> <span class='ocrx_word' id='word_1_197' title='bbox 2121 1338 2343 1396; x_wconf 85' lang='lat' dir='ltr'><strong>Litteris</strong></span> <span class='ocrx_word' id='word_1_198' title='bbox 2372 1342 2642 1410; x_wconf 83' lang='lat' dir='ltr'><strong>congruit,</strong></span> <span class='ocrx_word' id='word_1_199' title='bbox 2676 1351 2731 1396; x_wconf 92' lang='lat' dir='ltr'><strong>et</strong></span> <span class='ocrx_word' id='word_1_200' title='bbox 2779 1343 3088 1411; x_wconf 67' lang='lat' dir='ltr'><strong>apostolica:</strong></span> <span class='ocrx_word' id='word_1_201' title='bbox 3114 1341 3473 1410; x_wconf 72' lang='lat' dir='ltr'><strong>evangelica:-</strong></span> 
     </span>
    </p>
   </div>
   <div class='ocr_carea' id='block_1_29' title="bbox 1908 1428 3474 1501">
    <p class='ocr_par' dir='ltr' id='par_1_29' title="bbox 1908 1428 3474 1501">
     <span class='ocr_line' id='line_1_29' title="bbox 1908 1428 3474 1501; baseline 0.003 -21"><span class='ocrx_word' id='word_1_202' title='bbox 1908 1443 2013 1496; x_wconf 92' lang='lat' dir='ltr'><strong>que</strong></span> <span class='ocrx_word' id='word_1_203' title='bbox 2064 1428 2365 1485; x_wconf 84' lang='lat' dir='ltr'><strong>traditionis</strong></span> <span class='ocrx_word' id='word_1_204' title='bbox 2412 1445 2606 1500; x_wconf 90' lang='lat' dir='ltr'><strong>scopus</strong></span> <span class='ocrx_word' id='word_1_205' title='bbox 2658 1431 2711 1486; x_wconf 88' lang='lat' dir='ltr'><strong>in</strong></span> <span class='ocrx_word' id='word_1_206' title='bbox 2770 1433 2870 1486; x_wconf 85' lang='lat' dir='ltr'><strong>hoc</strong></span> <span class='ocrx_word' id='word_1_207' title='bbox 2917 1434 3090 1501; x_wconf 89' lang='lat' dir='ltr'><strong>ipsum</strong></span> <span class='ocrx_word' id='word_1_208' title='bbox 3147 1432 3339 1487; x_wconf 88' lang='lat' dir='ltr'><strong>tendit.</strong></span> <span class='ocrx_word' id='word_1_209' title='bbox 3392 1429 3474 1485; x_wconf 88' lang='lat' dir='ltr'><strong>Tu</strong></span> 
     </span>
    </p>
   </div>
   <div class='ocr_carea' id='block_1_30' title="bbox 1907 1522 3477 1594">
    <p class='ocr_par' dir='ltr' id='par_1_30' title="bbox 1907 1522 3477 1594">
     <span class='ocr_line' id='line_1_30' title="bbox 1907 1522 3477 1594; baseline 0.004 -23"><span class='ocrx_word' id='word_1_210' title='bbox 1907 1533 2037 1574; x_wconf 86' lang='lat' dir='ltr'><strong>vero</strong></span> <span class='ocrx_word' id='word_1_211' title='bbox 2073 1535 2265 1577; x_wconf 82' lang='lat' dir='ltr'><strong>rursus</strong></span> <span class='ocrx_word' id='word_1_212' title='bbox 2308 1522 2415 1577; x_wconf 89' lang='lat' dir='ltr'><strong>alio</strong></span> <span class='ocrx_word' id='word_1_213' title='bbox 2460 1538 2675 1592; x_wconf 87' lang='lat' dir='ltr'><strong>quoque</strong></span> <span class='ocrx_word' id='word_1_214' title='bbox 2701 1525 2859 1579; x_wconf 84' lang='lat' dir='ltr'><strong>modo</strong></span> <span class='ocrx_word' id='word_1_215' title='bbox 2891 1525 3047 1579; x_wconf 89' lang='lat' dir='ltr'><strong>nobis</strong></span> <span class='ocrx_word' id='word_1_216' title='bbox 3074 1532 3322 1594; x_wconf 84' lang='lat' dir='ltr'><strong>portenta</strong></span> <span class='ocrx_word' id='word_1_217' title='bbox 3353 1537 3477 1578; x_wconf 89' lang='lat' dir='ltr'><strong>ver-</strong></span> 
     </span>
    </p>
   </div>
   <div class='ocr_carea' id='block_1_31' title="bbox 1908 1609 3473 1685">
    <p class='ocr_par' dir='ltr' id='par_1_31' title="bbox 1908 1609 3473 1685">
     <span class='ocr_line' id='line_1_31' title="bbox 1908 1609 3473 1685; baseline 0.003 -21"><span class='ocrx_word' id='word_1_218' title='bbox 1908 1609 2102 1664; x_wconf 91' lang='lat' dir='ltr'><strong>borum</strong></span> <span class='ocrx_word' id='word_1_219' title='bbox 2133 1626 2343 1666; x_wconf 87' lang='lat' dir='ltr'><strong>narras.</strong></span> <span class='ocrx_word' id='word_1_220' title='bbox 2394 1611 2630 1668; x_wconf 88' lang='lat' dir='ltr'><strong>Simulas</strong></span> <span class='ocrx_word' id='word_1_221' title='bbox 2654 1615 2798 1668; x_wconf 89' lang='lat' dir='ltr'><strong>enim</strong></span> <span class='ocrx_word' id='word_1_222' title='bbox 2840 1631 2937 1671; x_wconf 88' lang='lat' dir='ltr'><strong>eos</strong></span> <span class='ocrx_word' id='word_1_223' title='bbox 2970 1615 3363 1685; x_wconf 80' lang='lat' dir='ltr'><strong>reprehendere</strong></span> <span class='ocrx_word' id='word_1_224' title='bbox 3380 1615 3473 1683; x_wconf 86' lang='lat' dir='ltr'><strong>qui</strong></span> 
     </span>
    </p>
   </div>
   <div class='ocr_carea' id='block_1_32' title="bbox 1906 1704 3477 1775">
    <p class='ocr_par' dir='ltr' id='par_1_32' title="bbox 1906 1704 3477 1775">
     <span class='ocr_line' id='line_1_32' title="bbox 1906 1704 3477 1775; baseline 0.002 -20"><span class='ocrx_word' id='word_1_225' title='bbox 1906 1704 2090 1757; x_wconf 87' lang='lat' dir='ltr'><strong>carnis</strong></span> <span class='ocrx_word' id='word_1_226' title='bbox 2130 1704 2537 1773; x_wconf 80' lang='lat' dir='ltr'><strong>divinitatisque</strong></span> <span class='ocrx_word' id='word_1_227' title='bbox 2599 1716 2849 1760; x_wconf 90' lang='lat' dir='ltr'><strong>naturam</strong></span> <span class='ocrx_word' id='word_1_228' title='bbox 2877 1707 3114 1759; x_wconf 91' lang='lat' dir='ltr'><strong>iuunam</strong></span> <span class='ocrx_word' id='word_1_229' title='bbox 3148 1707 3477 1775; x_wconf 86' lang='lat' dir='ltr'><strong>permiscent</strong></span> 
     </span>
    </p>
   </div>
   <div class='ocr_carea' id='block_1_33' title="bbox 1906 1791 3475 1865">
    <p class='ocr_par' dir='ltr' id='par_1_33' title="bbox 1906 1791 3475 1865">
     <span class='ocr_line' id='line_1_33' title="bbox 1906 1791 3475 1865; baseline 0.003 -20"><span class='ocrx_word' id='word_1_230' title='bbox 1906 1791 2464 1857; x_wconf 85' lang='lat' dir='ltr'><strong>essentiam,tametsi</strong></span> <span class='ocrx_word' id='word_1_231' title='bbox 2498 1808 2655 1847; x_wconf 90' lang='lat' dir='ltr'><strong>nemo</strong></span> <span class='ocrx_word' id='word_1_232' title='bbox 2698 1794 2792 1859; x_wconf 85' lang='lat' dir='ltr'><strong>sit,</strong></span> <span class='ocrx_word' id='word_1_233' title='bbox 2839 1804 2898 1848; x_wconf 93' lang='lat' dir='ltr'><strong>ut</strong></span> <span class='ocrx_word' id='word_1_234' title='bbox 2951 1796 3167 1865; x_wconf 89' lang='lat' dir='ltr'><strong>opinor,</strong></span> <span class='ocrx_word' id='word_1_235' title='bbox 3231 1796 3323 1864; x_wconf 87' lang='lat' dir='ltr'><strong>qui</strong></span> <span class='ocrx_word' id='word_1_236' title='bbox 3370 1797 3475 1849; x_wconf 87' lang='lat' dir='ltr'><strong>ista</strong></span> 
     </span>
    </p>
   </div>
   <div class='ocr_carea' id='block_1_34' title="bbox 222 1875 1799 1955">
    <p class='ocr_par' dir='ltr' id='par_1_34' title="bbox 222 1876 1797 1948">
     <span class='ocr_line' id='line_1_34' title="bbox 222 1876 1797 1948; baseline 0.001 -19"><span class='ocrx_word' id='word_1_237' title='bbox 222 1879 584 1933; x_wconf 86' lang='grc' dir='ltr'>συντείνεται.</span> <span class='ocrx_word' id='word_1_238' title='bbox 635 1878 706 1929; x_wconf 82' lang='grc' dir='ltr'><strong>Σὺ</strong></span> <span class='ocrx_word' id='word_1_239' title='bbox 740 1876 797 1930; x_wconf 75' lang='grc' dir='ltr'>δὲ</span> <span class='ocrx_word' id='word_1_240' title='bbox 831 1876 895 1947; x_wconf 82' lang='grc' dir='ltr'>δὴ</span> <span class='ocrx_word' id='word_1_241' title='bbox 935 1876 1120 1942; x_wconf 80' lang='grc' dir='ltr'>πάλιν,</span> <span class='ocrx_word' id='word_1_242' title='bbox 1155 1877 1251 1929; x_wconf 78' lang='grc' dir='ltr'>καὶ</span> <span class='ocrx_word' id='word_1_243' title='bbox 1283 1876 1406 1930; x_wconf 86' lang='grc' dir='ltr'>καθ’</span> <span class='ocrx_word' id='word_1_244' title='bbox 1451 1877 1636 1947; x_wconf 72' lang='grc' dir='ltr'>ἕτερον</span> <span class='ocrx_word' id='word_1_245' title='bbox 1664 1878 1797 1948; x_wconf 74' lang='grc' dir='ltr'>ἡμῖν</span> 
     </span>
    </p>
   </div>
   <div class='ocr_carea' id='block_1_35' title="bbox 1904 1875 3403 1955">
    <p class='ocr_par' dir='ltr' id='par_1_35' title="bbox 1904 1880 3403 1955">
     <span class='ocr_line' id='line_1_35' title="bbox 1904 1880 3403 1955; baseline 0.001 -18"><span class='ocrx_word' id='word_1_246' title='bbox 1904 1880 2207 1945; x_wconf 88' lang='lat' dir='ltr'><strong>confundat,</strong></span> <span class='ocrx_word' id='word_1_247' title='bbox 2248 1894 2343 1938; x_wconf 91' lang='lat' dir='ltr'><strong>aut</strong></span> <span class='ocrx_word' id='word_1_248' title='bbox 2364 1885 2506 1939; x_wconf 86' lang='lat' dir='ltr'><strong>inter</strong></span> <span class='ocrx_word' id='word_1_249' title='bbox 2528 1899 2587 1939; x_wconf 87' lang='lat' dir='ltr'><strong>se</strong></span> <span class='ocrx_word' id='word_1_250' title='bbox 2611 1887 2981 1941; x_wconf 88' lang='lat' dir='ltr'><strong>commisceat.</strong></span> <span class='ocrx_word' id='word_1_251' title='bbox 3008 1886 3193 1955; x_wconf 78' lang='lat' dir='ltr'><strong>itaque</strong></span> <span class='ocrx_word' id='word_1_252' title='bbox 3221 1888 3358 1942; x_wconf 89' lang='lat' dir='ltr'><strong>dicis</strong></span> <span class='ocrx_word' id='word_1_253' title='bbox 3388 1905 3403 1939; x_wconf 90' lang='lat'><strong>:</strong></span> 
     </span>
    </p>
   </div>
   <div class='ocr_carea' id='block_1_36' title="bbox 218 1970 3470 2050">
    <p class='ocr_par' dir='ltr' id='par_1_36' title="bbox 218 1970 3470 2050">
     <span class='ocr_line' id='line_1_36' title="bbox 218 1970 3470 2050; baseline 0.003 -28"><span class='ocrx_word' id='word_1_254' title='bbox 218 1970 493 2041; x_wconf 79' lang='grc' dir='ltr'>τερατεύῃ</span> <span class='ocrx_word' id='word_1_255' title='bbox 539 1970 776 2041; x_wconf 88' lang='grc' dir='ltr'>τρόπον·</span> <span class='ocrx_word' id='word_1_256' title='bbox 812 1970 1029 2041; x_wconf 82' lang='grc' dir='ltr'>σκήπτῃ</span> <span class='ocrx_word' id='word_1_257' title='bbox 1080 1971 1181 2041; x_wconf 79' lang='grc' dir='ltr'>μὲν</span> <span class='ocrx_word' id='word_1_258' title='bbox 1227 1972 1335 2041; x_wconf 89' lang='grc' dir='ltr'><strong>γάρ</strong></span> <span class='ocrx_word' id='word_1_259' title='bbox 1385 1973 1643 2043; x_wconf 73' lang='grc' dir='ltr'>ἐπιτιμᾷν</span> <span class='ocrx_word' id='word_1_260' title='bbox 1674 1975 1787 2036; x_wconf 85' lang='grc' dir='ltr'>τοῖς</span> <span class='ocrx_word' id='word_1_261' title='bbox 1827 1974 1908 2037; x_wconf 87' lang='grc' dir='ltr'><strong>είς</strong></span> <span class='ocrx_word' id='word_1_262' title='bbox 1953 1975 2085 2044; x_wconf 88' lang='grc' dir='ltr'>μίαν</span> <span class='ocrx_word' id='word_1_263' title='bbox 2148 1993 2549 2048; x_wconf 85' lang='grc' dir='ltr'>κατακιρνωσιν</span> <span class='ocrx_word' id='word_1_264' title='bbox 2598 1979 2808 2046; x_wconf 77' lang='grc' dir='ltr'>οὐσίαν,</span> <span class='ocrx_word' id='word_1_265' title='bbox 2868 1981 2966 2050; x_wconf 85' lang='grc' dir='ltr'>τήν</span> <span class='ocrx_word' id='word_1_266' title='bbox 2995 1997 3054 2031; x_wconf 85' lang='grc' dir='ltr'><strong>τε</strong></span> <span class='ocrx_word' id='word_1_267' title='bbox 3085 1979 3187 2049; x_wconf 81' lang='grc' dir='ltr'>τῆς</span> <span class='ocrx_word' id='word_1_268' title='bbox 3233 1978 3470 2049; x_wconf 87' lang='grc' dir='ltr'>σαρκὸς,</span> 
     </span>
    </p>
   </div>
   <div class='ocr_carea' id='block_1_37' title="bbox 221 2064 3475 2143">
    <p class='ocr_par' dir='ltr' id='par_1_37' title="bbox 221 2064 3475 2143">
     <span class='ocr_line' id='line_1_37' title="bbox 221 2064 3475 2143; baseline 0.002 -25"><span class='ocrx_word' id='word_1_269' title='bbox 221 2066 321 2119; x_wconf 78' lang='grc' dir='ltr'>καὶ</span> <span class='ocrx_word' id='word_1_270' title='bbox 364 2065 465 2134; x_wconf 81' lang='grc' dir='ltr'>τὴν</span> <span class='ocrx_word' id='word_1_271' title='bbox 506 2066 605 2135; x_wconf 83' lang='grc' dir='ltr'>τῆς</span> <span class='ocrx_word' id='word_1_272' title='bbox 637 2064 889 2136; x_wconf 88' lang='grc' dir='ltr'>θεότητος</span> <span class='ocrx_word' id='word_1_273' title='bbox 920 2065 1115 2134; x_wconf 77' lang='grc' dir='ltr'>φύσιν·</span> <span class='ocrx_word' id='word_1_274' title='bbox 1153 2066 1327 2119; x_wconf 82' lang='grc' dir='ltr'>καίτοι</span> <span class='ocrx_word' id='word_1_275' title='bbox 1397 2066 1629 2137; x_wconf 81' lang='grc' dir='ltr'>μηδενὸς</span> <span class='ocrx_word' id='word_1_276' title='bbox 1671 2067 1823 2131; x_wconf 71' lang='grc' dir='ltr'>ὄντος</span> <span class='ocrx_word' id='word_1_277' title='bbox 1860 2068 1999 2123; x_wconf 84' lang='grc' dir='ltr'>ὥστε</span> <span class='ocrx_word' id='word_1_278' title='bbox 2039 2066 2214 2140; x_wconf 76' lang='grc' dir='ltr'>οἶμαι,</span> <span class='ocrx_word' id='word_1_279' title='bbox 2261 2071 2420 2124; x_wconf 76' lang='grc' dir='ltr'>ταυτὶ</span> <span class='ocrx_word' id='word_1_280' title='bbox 2467 2072 2807 2140; x_wconf 80' lang='grc' dir='ltr'>συγχέοντος,</span> <span class='ocrx_word' id='word_1_281' title='bbox 2854 2074 2992 2143; x_wconf 83' lang='grc' dir='ltr'>μήτε</span> <span class='ocrx_word' id='word_1_282' title='bbox 3051 2072 3158 2143; x_wconf 80' lang='grc' dir='ltr'>μὴν</span> <span class='ocrx_word' id='word_1_283' title='bbox 3222 2071 3475 2143; x_wconf 83' lang='grc' dir='ltr'>ἀλλήλοις</span> 
     </span>
    </p>
   </div>
   <div class='ocr_carea' id='block_1_38' title="bbox 223 2162 1174 2234">
    <p class='ocr_par' dir='ltr' id='par_1_38' title="bbox 223 2162 1174 2234">
     <span class='ocr_line' id='line_1_38' title="bbox 223 2162 1174 2234; baseline 0.006 -22"><span class='ocrx_word' id='word_1_284' title='bbox 223 2162 607 2234; x_wconf 80' lang='grc' dir='ltr'>συμφύροντος</span> <span class='ocrx_word' id='word_1_285' title='bbox 628 2178 642 2193; x_wconf 76' lang='grc' dir='ltr'><strong><em>ο</em></strong></span> <span class='ocrx_word' id='word_1_286' title='bbox 679 2162 773 2214; x_wconf 72' lang='grc' dir='ltr'>καὶ</span> <span class='ocrx_word' id='word_1_287' title='bbox 804 2162 868 2231; x_wconf 85' lang='grc' dir='ltr'>δὴ</span> <span class='ocrx_word' id='word_1_288' title='bbox 902 2165 997 2217; x_wconf 63' lang='grc' dir='ltr'><strong>κα)⁵</strong></span> <span class='ocrx_word' id='word_1_289' title='bbox 1026 2164 1133 2234; x_wconf 81' lang='grc' dir='ltr'>φής</span> <span class='ocrx_word' id='word_1_290' title='bbox 1152 2172 1174 2195; x_wconf 67' lang='grc'><strong>⁷·</strong></span> 
     </span>
    </p>
   </div>
   <div class='ocr_carea' id='block_1_39' title="bbox 298 2253 1792 2328">
    <p class='ocr_par' dir='ltr' id='par_1_39' title="bbox 298 2253 1792 2328">
     <span class='ocr_line' id='line_1_39' title="bbox 298 2253 1792 2328; baseline 0.001 -20"><span class='ocrx_word' id='word_1_291' title='bbox 298 2255 476 2328; x_wconf 81' lang='grc' dir='ltr'>[Διατί</span> <span class='ocrx_word' id='word_1_292' title='bbox 512 2256 589 2319; x_wconf 84' lang='grc' dir='ltr'>δὲ,</span> <span class='ocrx_word' id='word_1_293' title='bbox 643 2256 737 2307; x_wconf 76' lang='grc' dir='ltr'>καὶ</span> <span class='ocrx_word' id='word_1_294' title='bbox 781 2253 857 2318; x_wconf 81' lang='grc' dir='ltr'>ὡς</span> <span class='ocrx_word' id='word_1_295' title='bbox 895 2254 1096 2324; x_wconf 82' lang='grc' dir='ltr'>ἀρτίως</span> <span class='ocrx_word' id='word_1_296' title='bbox 1126 2256 1417 2324; x_wconf 74' lang='grc' dir='ltr'>ἠκούομεν,</span> <span class='ocrx_word' id='word_1_297' title='bbox 1468 2257 1792 2327; x_wconf 76' lang='grc' dir='ltr'>ἀμφοτέρων</span> 
     </span>
    </p>
   </div>
   <div class='ocr_carea' id='block_1_40' title="bbox 1970 2251 3471 2323">
    <p class='ocr_par' dir='ltr' id='par_1_40' title="bbox 1970 2251 3471 2323">
     <span class='ocr_line' id='line_1_40' title="bbox 1970 2251 3471 2323; baseline 0.004 -17"><span class='ocrx_word' id='word_1_298' title='bbox 1970 2251 2210 2309; x_wconf 78' lang='grc' dir='ltr'>Νεετοιι.</span> <span class='ocrx_word' id='word_1_299' title='bbox 2242 2252 2264 2323; x_wconf 77' lang='grc' dir='ltr'>Ῐ</span> <span class='ocrx_word' id='word_1_300' title='bbox 2284 2252 2392 2308; x_wconf 88' lang='lat' dir='ltr'><strong>Cur</strong></span> <span class='ocrx_word' id='word_1_301' title='bbox 2420 2262 2599 2309; x_wconf 89' lang='lat' dir='ltr'><strong>autem</strong></span> <span class='ocrx_word' id='word_1_302' title='bbox 2633 2254 2818 2320; x_wconf 90' lang='lat' dir='ltr'><strong>etiam,</strong></span> <span class='ocrx_word' id='word_1_303' title='bbox 2848 2262 2907 2308; x_wconf 91' lang='lat' dir='ltr'><strong>ut</strong></span> <span class='ocrx_word' id='word_1_304' title='bbox 2937 2254 3095 2322; x_wconf 74' lang='lat' dir='ltr'><strong>paulo</strong></span> <span class='ocrx_word' id='word_1_305' title='bbox 3127 2264 3252 2309; x_wconf 84' lang='lat' dir='ltr'><strong>ante</strong></span> <span class='ocrx_word' id='word_1_306' title='bbox 3285 2258 3471 2311; x_wconf 85' lang='lat' dir='ltr'><strong>audie-</strong></span> 
     </span>
    </p>
   </div>
   <div class='ocr_carea' id='block_1_41' title="bbox 221 2341 1799 2418">
    <p class='ocr_par' dir='ltr' id='par_1_41' title="bbox 221 2344 1793 2418">
     <span class='ocr_line' id='line_1_41' title="bbox 221 2344 1793 2418; baseline -0.001 -16"><span class='ocrx_word' id='word_1_307' title='bbox 221 2347 371 2401; x_wconf 80' lang='grc' dir='ltr'><strong>κατά</strong></span> <span class='ocrx_word' id='word_1_308' title='bbox 403 2346 462 2399; x_wconf 77' lang='grc' dir='ltr'>σὲ</span> <span class='ocrx_word' id='word_1_309' title='bbox 492 2344 849 2415; x_wconf 84' lang='grc' dir='ltr'>κεκραμένων</span> <span class='ocrx_word' id='word_1_310' title='bbox 869 2384 883 2409; x_wconf 90' lang='grc'><strong>,</strong></span> <span class='ocrx_word' id='word_1_311' title='bbox 915 2344 943 2396; x_wconf 84' lang='grc' dir='ltr'><strong>ὁ</strong></span> <span class='ocrx_word' id='word_1_312' title='bbox 978 2344 1183 2416; x_wconf 78' lang='grc' dir='ltr'>Κύριος</span> <span class='ocrx_word' id='word_1_313' title='bbox 1217 2346 1314 2417; x_wconf 82' lang='grc' dir='ltr'>τὴν</span> <span class='ocrx_word' id='word_1_314' title='bbox 1357 2346 1450 2399; x_wconf 78' lang='grc' dir='ltr'><strong>τοῦ</strong></span> <span class='ocrx_word' id='word_1_315' title='bbox 1496 2349 1793 2418; x_wconf 76' lang='grc' dir='ltr'>μυστηρίου</span> 
     </span>
    </p>
   </div>
   <div class='ocr_carea' id='block_1_42' title="bbox 1904 2341 3470 2418">
    <p class='ocr_par' dir='ltr' id='par_1_42' title="bbox 1904 2341 3470 2412">
     <span class='ocr_line' id='line_1_42' title="bbox 1904 2341 3470 2412; baseline 0.005 -19"><span class='ocrx_word' id='word_1_316' title='bbox 1904 2341 2112 2407; x_wconf 86' lang='lat' dir='ltr'><strong>bamus,</strong></span> <span class='ocrx_word' id='word_1_317' title='bbox 2157 2341 2205 2396; x_wconf 88' lang='lat' dir='ltr'><strong>si</strong></span> <span class='ocrx_word' id='word_1_318' title='bbox 2235 2352 2484 2412; x_wconf 84' lang='lat' dir='ltr'><strong>utraque,</strong></span> <span class='ocrx_word' id='word_1_319' title='bbox 2517 2352 2574 2395; x_wconf 92' lang='lat' dir='ltr'><strong>ut</strong></span> <span class='ocrx_word' id='word_1_320' title='bbox 2625 2352 2678 2395; x_wconf 91' lang='lat' dir='ltr'><strong>tu</strong></span> <span class='ocrx_word' id='word_1_321' title='bbox 2705 2342 2968 2411; x_wconf 88' lang='lat' dir='ltr'><strong>opinaris,</strong></span> <span class='ocrx_word' id='word_1_322' title='bbox 2998 2344 3283 2398; x_wconf 86' lang='lat' dir='ltr'><strong>commista</strong></span> <span class='ocrx_word' id='word_1_323' title='bbox 3314 2354 3470 2411; x_wconf 86' lang='lat' dir='ltr'><strong>sunt,</strong></span> 
     </span>
    </p>
   </div>
   <div class='ocr_carea' id='block_1_43' title="bbox 221 2435 1800 2508">
    <p class='ocr_par' dir='ltr' id='par_1_43' title="bbox 221 2435 1800 2508">
     <span class='ocr_line' id='line_1_43' title="bbox 221 2435 1800 2508; baseline -0.001 -15"><span class='ocrx_word' id='word_1_324' title='bbox 221 2438 460 2508; x_wconf 76' lang='grc' dir='ltr'>δύναμιν</span> <span class='ocrx_word' id='word_1_325' title='bbox 493 2440 605 2502; x_wconf 81' lang='grc' dir='ltr'>τοῖς</span> <span class='ocrx_word' id='word_1_326' title='bbox 641 2435 913 2507; x_wconf 82' lang='grc' dir='ltr'>μαθηταῖς</span> <span class='ocrx_word' id='word_1_327' title='bbox 940 2436 1283 2507; x_wconf 78' lang='grc' dir='ltr'>παραδιδοὺς,</span> <span class='ocrx_word' id='word_1_328' title='bbox 1329 2436 1471 2491; x_wconf 81' lang='grc' dir='ltr'>οὓτω</span> <span class='ocrx_word' id='word_1_329' title='bbox 1495 2439 1658 2508; x_wconf 84' lang='grc' dir='ltr'>φησί;</span> <span class='ocrx_word' id='word_1_330' title='bbox 1710 2439 1800 2491; x_wconf 87' lang='grc' dir='ltr'>λα-</span> 
     </span>
    </p>
   </div>
   <div class='ocr_carea' id='block_1_44' title="bbox 222 2525 1795 2598">
    <p class='ocr_par' dir='ltr' id='par_1_44' title="bbox 222 2525 1795 2598">
     <span class='ocr_line' id='line_1_44' title="bbox 222 2525 1795 2598; baseline 0.001 -19"><span class='ocrx_word' id='word_1_331' title='bbox 222 2527 340 2580; x_wconf 85' lang='grc' dir='ltr'>ϐὼν</span> <span class='ocrx_word' id='word_1_332' title='bbox 370 2528 462 2579; x_wconf 80' lang='grc' dir='ltr'>τὸν</span> <span class='ocrx_word' id='word_1_333' title='bbox 497 2528 681 2595; x_wconf 79' lang='grc' dir='ltr'>ἄρτον,</span> <span class='ocrx_word' id='word_1_334' title='bbox 710 2526 805 2578; x_wconf 75' lang='grc' dir='ltr'>καὶ</span> <span class='ocrx_word' id='word_1_335' title='bbox 829 2526 1251 2596; x_wconf 82' lang='grc' dir='ltr'>εὐχαριστήσας,</span> <span class='ocrx_word' id='word_1_336' title='bbox 1283 2525 1447 2580; x_wconf 78' lang='grc' dir='ltr'>ἔδωκε</span> <span class='ocrx_word' id='word_1_337' title='bbox 1476 2530 1591 2591; x_wconf 89' lang='grc' dir='ltr'>τοῖς</span> <span class='ocrx_word' id='word_1_338' title='bbox 1619 2528 1795 2598; x_wconf 90' lang='grc' dir='ltr'>μαθη-</span> 
     </span>
    </p>
   </div>
   <div class='ocr_carea' id='block_1_45' title="bbox 218 2616 1797 2687">
    <p class='ocr_par' dir='ltr' id='par_1_45' title="bbox 218 2616 1797 2687">
     <span class='ocr_line' id='line_1_45' title="bbox 218 2616 1797 2687; baseline 0 -15"><span class='ocrx_word' id='word_1_339' title='bbox 218 2621 347 2681; x_wconf 84' lang='grc' dir='ltr'>ταῖς</span> <span class='ocrx_word' id='word_1_340' title='bbox 381 2616 567 2681; x_wconf 79' lang='grc' dir='ltr'>αὑτοῦ,</span> <span class='ocrx_word' id='word_1_341' title='bbox 594 2617 770 2685; x_wconf 81' lang='grc' dir='ltr'>λέγων</span> <span class='ocrx_word' id='word_1_342' title='bbox 790 2633 803 2647; x_wconf 89' lang='grc'><strong>·</strong></span> <span class='ocrx_word' id='word_1_343' title='bbox 836 2636 853 2668; x_wconf 80' lang='grc' dir='ltr'><strong>ι</strong></span> <span class='ocrx_word' id='word_1_344' title='bbox 887 2616 1114 2678; x_wconf 84' lang='grc' dir='ltr'>Λάϐετε,</span> <span class='ocrx_word' id='word_1_345' title='bbox 1148 2617 1350 2687; x_wconf 78' lang='grc' dir='ltr'>φάγετε</span> <span class='ocrx_word' id='word_1_346' title='bbox 1378 2618 1613 2681; x_wconf 83' lang='grc' dir='ltr'>πάντες·</span> <span class='ocrx_word' id='word_1_347' title='bbox 1640 2619 1797 2672; x_wconf 76' lang='grc' dir='ltr'>τοῦτο</span> 
     </span>
    </p>
   </div>
   <div class='ocr_carea' id='block_1_46' title="bbox 222 2706 1799 2779">
    <p class='ocr_par' dir='ltr' id='par_1_46' title="bbox 222 2706 1799 2779">
     <span class='ocr_line' id='line_1_46' title="bbox 222 2706 1799 2779; baseline 0 -17"><span class='ocrx_word' id='word_1_348' title='bbox 222 2710 345 2779; x_wconf 81' lang='grc' dir='ltr'>γάρ</span> <span class='ocrx_word' id='word_1_349' title='bbox 380 2708 481 2778; x_wconf 87' lang='grc' dir='ltr'>μού</span> <span class='ocrx_word' id='word_1_350' title='bbox 511 2709 629 2760; x_wconf 71' lang='grc' dir='ltr'>ἐστι</span> <span class='ocrx_word' id='word_1_351' title='bbox 657 2708 718 2760; x_wconf 83' lang='grc' dir='ltr'>τὸ</span> <span class='ocrx_word' id='word_1_352' title='bbox 746 2707 958 2777; x_wconf 73' lang='grc' dir='ltr'>σῶμα.»</span> <span class='ocrx_word' id='word_1_353' title='bbox 992 2708 1143 2763; x_wconf 80' lang='grc' dir='ltr'>Διατί</span> <span class='ocrx_word' id='word_1_354' title='bbox 1177 2708 1251 2779; x_wconf 89' lang='grc' dir='ltr'>μὴ</span> <span class='ocrx_word' id='word_1_355' title='bbox 1280 2706 1422 2773; x_wconf 83' lang='grc' dir='ltr'>εἷπε,</span> <span class='ocrx_word' id='word_1_356' title='bbox 1452 2709 1622 2762; x_wconf 80' lang='grc' dir='ltr'>Τοῦτό</span> <span class='ocrx_word' id='word_1_357' title='bbox 1651 2711 1799 2763; x_wconf 76' lang='grc' dir='ltr'>ἐστιν</span> 
     </span>
    </p>
   </div>
   <div class='ocr_carea' id='block_1_47' title="bbox 220 2798 1801 2869">
    <p class='ocr_par' dir='ltr' id='par_1_47' title="bbox 220 2798 1801 2869">
     <span class='ocr_line' id='line_1_47' title="bbox 220 2798 1801 2869; baseline 0.002 -18"><span class='ocrx_word' id='word_1_358' title='bbox 220 2800 258 2869; x_wconf 79' lang='grc' dir='ltr'>ἠ</span> <span class='ocrx_word' id='word_1_359' title='bbox 296 2798 494 2869; x_wconf 88' lang='grc' dir='ltr'>θεότης</span> <span class='ocrx_word' id='word_1_360' title='bbox 535 2815 637 2869; x_wconf 90' lang='grc' dir='ltr'><strong>μου</strong></span> <span class='ocrx_word' id='word_1_361' title='bbox 663 2800 696 2868; x_wconf 82' lang='grc' dir='ltr'><strong>ή</strong></span> <span class='ocrx_word' id='word_1_362' title='bbox 726 2798 866 2869; x_wconf 79' lang='grc' dir='ltr'>ὑπὲρ</span> <span class='ocrx_word' id='word_1_363' title='bbox 899 2798 1052 2869; x_wconf 79' lang='grc' dir='ltr'>ὑμῶν</span> <span class='ocrx_word' id='word_1_364' title='bbox 1078 2798 1362 2869; x_wconf 86' lang='grc' dir='ltr'>κλωμένη;</span> <span class='ocrx_word' id='word_1_365' title='bbox 1399 2800 1510 2853; x_wconf 72' lang='grc' dir='ltr'><strong>Καὶ</strong></span> <span class='ocrx_word' id='word_1_366' title='bbox 1550 2801 1710 2854; x_wconf 78' lang='grc' dir='ltr'>πάλιν</span> <span class='ocrx_word' id='word_1_367' title='bbox 1739 2802 1801 2854; x_wconf 83' lang='grc' dir='ltr'>τὸ</span> 
     </span>
    </p>
   </div>
   <div class='ocr_carea' id='block_1_48' title="bbox 221 2888 1803 2960">
    <p class='ocr_par' dir='ltr' id='par_1_48' title="bbox 221 2888 1803 2960">
     <span class='ocr_line' id='line_1_48' title="bbox 221 2888 1803 2960; baseline 0.003 -18"><span class='ocrx_word' id='word_1_368' title='bbox 221 2890 490 2960; x_wconf 81' lang='grc' dir='ltr'>ποτήριον</span> <span class='ocrx_word' id='word_1_369' title='bbox 538 2888 647 2941; x_wconf 81' lang='grc' dir='ltr'><strong>τῶν</strong></span> <span class='ocrx_word' id='word_1_370' title='bbox 696 2888 1012 2959; x_wconf 81' lang='grc' dir='ltr'>μυστηρίων</span> <span class='ocrx_word' id='word_1_371' title='bbox 1055 2888 1249 2955; x_wconf 78' lang='grc' dir='ltr'>διδοὺς,</span> <span class='ocrx_word' id='word_1_372' title='bbox 1292 2890 1391 2943; x_wconf 76' lang='grc' dir='ltr'>οὐκ</span> <span class='ocrx_word' id='word_1_373' title='bbox 1441 2888 1597 2945; x_wconf 75' lang='grc' dir='ltr'>εἷπε·</span> <span class='ocrx_word' id='word_1_374' title='bbox 1633 2893 1803 2946; x_wconf 81' lang='grc' dir='ltr'>Τοῦτό</span> 
     </span>
    </p>
   </div>
   <div class='ocr_carea' id='block_1_49' title="bbox 218 2979 1802 3051">
    <p class='ocr_par' dir='ltr' id='par_1_49' title="bbox 218 2979 1802 3051">
     <span class='ocr_line' id='line_1_49' title="bbox 218 2979 1802 3051; baseline 0.003 -19"><span class='ocrx_word' id='word_1_375' title='bbox 218 2981 375 3033; x_wconf 77' lang='grc' dir='ltr'>ἐστιν</span> <span class='ocrx_word' id='word_1_376' title='bbox 396 2982 429 3049; x_wconf 79' lang='grc' dir='ltr'><strong>ἠ</strong></span> <span class='ocrx_word' id='word_1_377' title='bbox 455 2979 697 3051; x_wconf 82' lang='grc' dir='ltr'>θεότηςή</span> <span class='ocrx_word' id='word_1_378' title='bbox 728 2981 866 3050; x_wconf 82' lang='grc' dir='ltr'>ὑπὲρ</span> <span class='ocrx_word' id='word_1_379' title='bbox 896 2980 1049 3050; x_wconf 79' lang='grc' dir='ltr'>ὑμῶν</span> <span class='ocrx_word' id='word_1_380' title='bbox 1076 2981 1396 3051; x_wconf 78' lang='grc' dir='ltr'>ὲκχεομένη·</span> <span class='ocrx_word' id='word_1_381' title='bbox 1418 2982 1572 3046; x_wconf 82' lang='grc' dir='ltr'>ἀλλὰ,</span> <span class='ocrx_word' id='word_1_382' title='bbox 1595 3003 1612 3034; x_wconf 76' lang='grc' dir='ltr'><strong>ι</strong></span> <span class='ocrx_word' id='word_1_383' title='bbox 1634 2984 1802 3038; x_wconf 84' lang='grc' dir='ltr'>Τοῦτό</span> 
     </span>
    </p>
   </div>
   <div class='ocr_carea' id='block_1_50' title="bbox 219 3064 1803 3145">
    <p class='ocr_par' dir='ltr' id='par_1_50' title="bbox 219 3064 1803 3145">
     <span class='ocr_line' id='line_1_50' title="bbox 219 3064 1803 3145; baseline 0.002 -20"><span class='ocrx_word' id='word_1_384' title='bbox 219 3072 342 3125; x_wconf 63' lang='grc' dir='ltr'>ἔστι</span> <span class='ocrx_word' id='word_1_385' title='bbox 376 3070 438 3123; x_wconf 83' lang='grc' dir='ltr'>τὸ</span> <span class='ocrx_word' id='word_1_386' title='bbox 469 3064 608 3141; x_wconf 76' lang='grc' dir='ltr'><strong>αῖμά</strong></span> <span class='ocrx_word' id='word_1_387' title='bbox 659 3089 760 3141; x_wconf 88' lang='grc' dir='ltr'><strong>μου</strong></span> <span class='ocrx_word' id='word_1_388' title='bbox 804 3072 865 3123; x_wconf 79' lang='grc' dir='ltr'>τὸ</span> <span class='ocrx_word' id='word_1_389' title='bbox 906 3072 1043 3143; x_wconf 82' lang='grc' dir='ltr'>ὑπὲρ</span> <span class='ocrx_word' id='word_1_390' title='bbox 1090 3070 1244 3142; x_wconf 81' lang='grc' dir='ltr'>ὑμῶν</span> <span class='ocrx_word' id='word_1_391' title='bbox 1288 3073 1682 3145; x_wconf 80' lang='grc' dir='ltr'>ἑκχυνόμενον,</span> <span class='ocrx_word' id='word_1_392' title='bbox 1724 3077 1803 3139; x_wconf 82' lang='grc' dir='ltr'><strong>είς</strong></span> 
     </span>
    </p>
   </div>
   <div class='ocr_carea' id='block_1_51' title="bbox 220 3162 849 3235">
    <p class='ocr_par' dir='ltr' id='par_1_51' title="bbox 220 3162 849 3235">
     <span class='ocr_line' id='line_1_51' title="bbox 220 3162 849 3235; baseline -0.002 -20"><span class='ocrx_word' id='word_1_393' title='bbox 220 3163 426 3230; x_wconf 73' lang='grc' dir='ltr'>ἄφεσιν</span> <span class='ocrx_word' id='word_1_394' title='bbox 456 3162 761 3233; x_wconf 81' lang='grc' dir='ltr'>ἁμαρτιῶν.</span> <span class='ocrx_word' id='word_1_395' title='bbox 801 3162 849 3235; x_wconf 74' lang='grc' dir='ltr'>ι]</span> 
     </span>
    </p>
   </div>
   <div class='ocr_carea' id='block_1_52' title="bbox 827 3276 1198 3334">
    <p class='ocr_par' dir='ltr' id='par_1_52' title="bbox 827 3276 1198 3334">
     <span class='ocr_line' id='line_1_52' title="bbox 827 3276 1198 3334; baseline 0.008 -6"><span class='ocrx_word' id='word_1_396' title='bbox 827 3276 1080 3334; x_wconf 80' lang='grc' dir='ltr'><strong>ΚΕΦΑΛ.</strong></span> <span class='ocrx_word' id='word_1_397' title='bbox 1122 3276 1198 3331; x_wconf 79' lang='lat' dir='ltr'><strong>Z&#39;.</strong></span> 
     </span>
    </p>
   </div>
   <div class='ocr_carea' id='block_1_53' title="bbox 298 3401 1800 3484">
    <p class='ocr_par' dir='ltr' id='par_1_53' title="bbox 298 3401 1800 3484">
     <span class='ocr_line' id='line_1_53' title="bbox 298 3401 1800 3484; baseline 0.007 -26"><span class='ocrx_word' id='word_1_398' title='bbox 298 3407 425 3458; x_wconf 79' lang='grc' dir='ltr'>’Ὁτι</span> <span class='ocrx_word' id='word_1_399' title='bbox 456 3407 556 3476; x_wconf 82' lang='grc' dir='ltr'>μὲν</span> <span class='ocrx_word' id='word_1_400' title='bbox 573 3401 888 3477; x_wconf 28' lang='grc' dir='ltr'>οὖνιεῠηθες</span> <span class='ocrx_word' id='word_1_401' title='bbox 908 3408 1110 3479; x_wconf 84' lang='grc' dir='ltr'>κομιδῆ</span> <span class='ocrx_word' id='word_1_402' title='bbox 1133 3410 1195 3463; x_wconf 83' lang='grc' dir='ltr'>τὸ</span> <span class='ocrx_word' id='word_1_403' title='bbox 1216 3411 1597 3484; x_wconf 77' lang='grc' dir='ltr'>ἀντιτετάχθαι</span> <span class='ocrx_word' id='word_1_404' title='bbox 1624 3414 1800 3468; x_wconf 84' lang='grc' dir='ltr'>δοκεῖν</span> 
     </span>
    </p>
   </div>
   <div class='ocr_carea' id='block_1_54' title="bbox 219 3492 1803 3572">
    <p class='ocr_par' dir='ltr' id='par_1_54' title="bbox 219 3492 1803 3572">
     <span class='ocr_line' id='line_1_54' title="bbox 219 3492 1803 3572; baseline 0.004 -24"><span class='ocrx_word' id='word_1_405' title='bbox 219 3499 339 3558; x_wconf 77' lang='grc' dir='ltr'>τοῖς</span> <span class='ocrx_word' id='word_1_406' title='bbox 374 3496 474 3549; x_wconf 85' lang='grc' dir='ltr'>οὐκ</span> <span class='ocrx_word' id='word_1_407' title='bbox 504 3492 656 3550; x_wconf 82' lang='grc' dir='ltr'>οὖσιν</span> <span class='ocrx_word' id='word_1_408' title='bbox 692 3496 829 3561; x_wconf 84' lang='grc' dir='ltr'>ὅλως</span> <span class='ocrx_word' id='word_1_409' title='bbox 848 3539 863 3563; x_wconf 90' lang='grc'><strong>,</strong></span> <span class='ocrx_word' id='word_1_410' title='bbox 902 3499 996 3551; x_wconf 61' lang='grc' dir='ltr'><strong>καὶ⁵</strong></span> <span class='ocrx_word' id='word_1_411' title='bbox 1026 3496 1344 3567; x_wconf 80' lang='grc' dir='ltr'>ἁντεξάγειν</span> <span class='ocrx_word' id='word_1_412' title='bbox 1375 3500 1496 3569; x_wconf 84' lang='grc' dir='ltr'>είκὶ</span> <span class='ocrx_word' id='word_1_413' title='bbox 1524 3541 1540 3565; x_wconf 96' lang='grc'><strong>,</strong></span> <span class='ocrx_word' id='word_1_414' title='bbox 1578 3501 1803 3572; x_wconf 69' lang='grc' dir='ltr'>δεχομέο</span> 
     </span>
    </p>
   </div>
   <div class='ocr_carea' id='block_1_55' title="bbox 221 3587 1799 3662">
    <p class='ocr_par' dir='ltr' id='par_1_55' title="bbox 221 3587 1799 3662">
     <span class='ocr_line' id='line_1_55' title="bbox 221 3587 1799 3662; baseline 0.002 -21"><span class='ocrx_word' id='word_1_415' title='bbox 221 3604 354 3649; x_wconf 82' lang='grc' dir='ltr'>νους</span> <span class='ocrx_word' id='word_1_416' title='bbox 380 3588 461 3650; x_wconf 85' lang='grc' dir='ltr'><strong>είς</strong></span> <span class='ocrx_word' id='word_1_417' title='bbox 485 3588 805 3640; x_wconf 87' lang='grc' dir='ltr'>ἀντίστασιν</span> <span class='ocrx_word' id='word_1_418' title='bbox 860 3587 923 3640; x_wconf 84' lang='grc' dir='ltr'>τὸ</span> <span class='ocrx_word' id='word_1_419' title='bbox 963 3587 1154 3659; x_wconf 82' lang='grc' dir='ltr'>μηδενί</span> <span class='ocrx_word' id='word_1_420' title='bbox 1199 3605 1302 3641; x_wconf 91' lang='grc' dir='ltr'><strong>που</strong></span> <span class='ocrx_word' id='word_1_421' title='bbox 1334 3590 1478 3659; x_wconf 88' lang='grc' dir='ltr'><strong>τάχα</strong></span> <span class='ocrx_word' id='word_1_422' title='bbox 1520 3590 1732 3657; x_wconf 76' lang='grc' dir='ltr'>δοκοῦν,</span> <span class='ocrx_word' id='word_1_423' title='bbox 1766 3592 1799 3662; x_wconf 83' lang='grc' dir='ltr'><strong>ἢ</strong></span> 
     </span>
    </p>
   </div>
   <div class='ocr_carea' id='block_1_56' title="bbox 222 3676 1801 3752">
    <p class='ocr_par' dir='ltr' id='par_1_56' title="bbox 222 3676 1801 3752">
     <span class='ocr_line' id='line_1_56' title="bbox 222 3676 1801 3752; baseline 0.004 -25"><span class='ocrx_word' id='word_1_424' title='bbox 222 3679 470 3745; x_wconf 79' lang='grc' dir='ltr'>φρονεῖν,</span> <span class='ocrx_word' id='word_1_425' title='bbox 498 3677 532 3745; x_wconf 82' lang='grc' dir='ltr'>ἢ</span> <span class='ocrx_word' id='word_1_426' title='bbox 557 3676 761 3745; x_wconf 82' lang='grc' dir='ltr'>λέγειν,</span> <span class='ocrx_word' id='word_1_427' title='bbox 795 3677 912 3741; x_wconf 83' lang='grc' dir='ltr'><strong>πῶς</strong></span> <span class='ocrx_word' id='word_1_428' title='bbox 941 3679 1039 3749; x_wconf 74' lang='grc' dir='ltr'>οὐχ</span> <span class='ocrx_word' id='word_1_429' title='bbox 1071 3680 1276 3734; x_wconf 83' lang='grc' dir='ltr'>ἀπασιν</span> <span class='ocrx_word' id='word_1_430' title='bbox 1301 3681 1564 3751; x_wconf 78' lang='grc' dir='ltr'>ὲναργέςς</span> <span class='ocrx_word' id='word_1_431' title='bbox 1596 3683 1658 3734; x_wconf 78' lang='lat' dir='ltr'><strong>EI</strong></span> <span class='ocrx_word' id='word_1_432' title='bbox 1691 3682 1801 3752; x_wconf 87' lang='grc' dir='ltr'><strong>γάρ</strong></span> 
     </span>
    </p>
   </div>
   <div class='ocr_carea' id='block_1_57' title="bbox 220 3765 1801 3840">
    <p class='ocr_par' dir='ltr' id='par_1_57' title="bbox 220 3765 1801 3840">
     <span class='ocr_line' id='line_1_57' title="bbox 220 3765 1801 3840; baseline 0.004 -23"><span class='ocrx_word' id='word_1_433' title='bbox 220 3765 292 3834; x_wconf 80' lang='grc' dir='ltr'>δή</span> <span class='ocrx_word' id='word_1_434' title='bbox 342 3782 426 3829; x_wconf 85' lang='grc' dir='ltr'><strong>τις</strong></span> <span class='ocrx_word' id='word_1_435' title='bbox 466 3766 634 3819; x_wconf 76' lang='grc' dir='ltr'>ἕλοιτο</span> <span class='ocrx_word' id='word_1_436' title='bbox 664 3768 1018 3835; x_wconf 86' lang='grc' dir='ltr'>φιλονεικεῖν,</span> <span class='ocrx_word' id='word_1_437' title='bbox 1071 3772 1152 3823; x_wconf 85' lang='grc' dir='ltr'>ὅτι</span> <span class='ocrx_word' id='word_1_438' title='bbox 1193 3770 1270 3840; x_wconf 81' lang='grc' dir='ltr'>μὴ</span> <span class='ocrx_word' id='word_1_439' title='bbox 1304 3770 1468 3832; x_wconf 76' lang='grc' dir='ltr'>ἵππος</span> <span class='ocrx_word' id='word_1_440' title='bbox 1511 3772 1627 3824; x_wconf 78' lang='grc' dir='ltr'>ἐστὶ</span> <span class='ocrx_word' id='word_1_441' title='bbox 1659 3770 1801 3823; x_wconf 85' lang='grc' dir='ltr'><strong>κατά</strong></span> 
     </span>
    </p>
   </div>
   <div class='ocr_carea' id='block_1_58' title="bbox 223 3856 1801 3930">
    <p class='ocr_par' dir='ltr' id='par_1_58' title="bbox 223 3856 1801 3930">
     <span class='ocr_line' id='line_1_58' title="bbox 223 3856 1801 3930; baseline 0.004 -22"><span class='ocrx_word' id='word_1_442' title='bbox 223 3856 395 3925; x_wconf 73' lang='grc' dir='ltr'>φύσιν</span> <span class='ocrx_word' id='word_1_443' title='bbox 421 3856 451 3908; x_wconf 91' lang='grc' dir='ltr'><strong>ό</strong></span> <span class='ocrx_word' id='word_1_444' title='bbox 484 3856 609 3924; x_wconf 78' lang='grc' dir='ltr'>βοῦς</span> <span class='ocrx_word' id='word_1_445' title='bbox 630 3895 646 3920; x_wconf 91' lang='grc'><strong>,</strong></span> <span class='ocrx_word' id='word_1_446' title='bbox 685 3858 821 3928; x_wconf 81' lang='grc' dir='ltr'>μήτε</span> <span class='ocrx_word' id='word_1_447' title='bbox 853 3858 961 3929; x_wconf 84' lang='grc' dir='ltr'><strong>μὴν</strong></span> <span class='ocrx_word' id='word_1_448' title='bbox 1000 3861 1028 3912; x_wconf 85' lang='grc' dir='ltr'><strong>ό</strong></span> <span class='ocrx_word' id='word_1_449' title='bbox 1065 3859 1350 3930; x_wconf 77' lang='grc' dir='ltr'>ἄνθρωπος</span> <span class='ocrx_word' id='word_1_450' title='bbox 1409 3861 1606 3927; x_wconf 77' lang='grc' dir='ltr'>ἵππος,</span> <span class='ocrx_word' id='word_1_451' title='bbox 1645 3860 1801 3914; x_wconf 84' lang='grc' dir='ltr'>τοῦτο</span> 
     </span>
    </p>
   </div>
   <div class='ocr_carea' id='block_1_59' title="bbox 221 3946 1801 4021">
    <p class='ocr_par' dir='ltr' id='par_1_59' title="bbox 221 3946 1801 4021">
     <span class='ocr_line' id='line_1_59' title="bbox 221 3946 1801 4021; baseline 0.006 -24"><span class='ocrx_word' id='word_1_452' title='bbox 221 3948 469 4016; x_wconf 78' lang='grc' dir='ltr'>φρονεῖν,</span> <span class='ocrx_word' id='word_1_453' title='bbox 497 3948 529 4017; x_wconf 73' lang='grc' dir='ltr'>ἦ</span> <span class='ocrx_word' id='word_1_454' title='bbox 560 3946 738 4014; x_wconf 82' lang='grc' dir='ltr'>λέγειν</span> <span class='ocrx_word' id='word_1_455' title='bbox 769 3948 1099 4018; x_wconf 84' lang='grc' dir='ltr'>ἀνεχομένου</span> <span class='ocrx_word' id='word_1_456' title='bbox 1124 3950 1374 4021; x_wconf 83' lang='grc' dir='ltr'>μηδενὸς,</span> <span class='ocrx_word' id='word_1_457' title='bbox 1403 3951 1522 4015; x_wconf 84' lang='grc' dir='ltr'><strong>πῶς</strong></span> <span class='ocrx_word' id='word_1_458' title='bbox 1549 3954 1610 4005; x_wconf 82' lang='grc' dir='ltr'>οὐ</span> <span class='ocrx_word' id='word_1_459' title='bbox 1638 3969 1801 4007; x_wconf 87' lang='grc' dir='ltr'>κατα-</span> 
     </span>
    </p>
   </div>
   <div class='ocr_carea' id='block_1_60' title="bbox 218 4038 1799 4115">
    <p class='ocr_par' dir='ltr' id='par_1_60' title="bbox 218 4038 1799 4115">
     <span class='ocr_line' id='line_1_60' title="bbox 218 4038 1799 4115; baseline 0.004 -26"><span class='ocrx_word' id='word_1_460' title='bbox 218 4038 517 4106; x_wconf 82' lang='grc' dir='ltr'>γέλαστος,</span> <span class='ocrx_word' id='word_1_461' title='bbox 550 4039 644 4092; x_wconf 79' lang='grc' dir='ltr'>καὶ</span> <span class='ocrx_word' id='word_1_462' title='bbox 674 4042 807 4111; x_wconf 86' lang='grc' dir='ltr'>πρός</span> <span class='ocrx_word' id='word_1_463' title='bbox 834 4057 899 4108; x_wconf 90' lang='grc' dir='ltr'><strong>γε</strong></span> <span class='ocrx_word' id='word_1_464' title='bbox 928 4040 1101 4112; x_wconf 82' lang='grc' dir='ltr'>τούτῳ</span> <span class='ocrx_word' id='word_1_465' title='bbox 1134 4042 1506 4113; x_wconf 83' lang='grc' dir='ltr'>είκαιόμυθος,</span> <span class='ocrx_word' id='word_1_466' title='bbox 1551 4044 1631 4106; x_wconf 81' lang='grc' dir='ltr'><strong>είς</strong></span> <span class='ocrx_word' id='word_1_467' title='bbox 1658 4044 1799 4115; x_wconf 85' lang='grc' dir='ltr'>ἀέρα</span> 
     </span>
    </p>
   </div>
   <div class='ocr_carea' id='block_1_61' title="bbox 219 4128 1799 4203">
    <p class='ocr_par' dir='ltr' id='par_1_61' title="bbox 219 4128 1799 4203">
     <span class='ocr_line' id='line_1_61' title="bbox 219 4128 1799 4203; baseline 0.004 -21"><span class='ocrx_word' id='word_1_468' title='bbox 219 4128 445 4201; x_wconf 74' lang='grc' dir='ltr'>δαίρων,</span> <span class='ocrx_word' id='word_1_469' title='bbox 488 4129 582 4183; x_wconf 78' lang='grc' dir='ltr'>καὶ</span> <span class='ocrx_word' id='word_1_470' title='bbox 626 4130 912 4185; x_wconf 74' lang='grc' dir='ltr'>πυκτεύων</span> <span class='ocrx_word' id='word_1_471' title='bbox 954 4132 1041 4184; x_wconf 64' lang='grc' dir='ltr'><strong>ἔπ’</strong></span> <span class='ocrx_word' id='word_1_472' title='bbox 1072 4132 1325 4203; x_wconf 86' lang='grc' dir='ltr'>ἀδήλοις,</span> <span class='ocrx_word' id='word_1_473' title='bbox 1377 4134 1470 4187; x_wconf 75' lang='grc' dir='ltr'>καὶ</span> <span class='ocrx_word' id='word_1_474' title='bbox 1503 4134 1590 4187; x_wconf 68' lang='grc' dir='ltr'><strong>ἐπ’</strong></span> <span class='ocrx_word' id='word_1_475' title='bbox 1624 4135 1799 4188; x_wconf 78' lang='grc' dir='ltr'>οὐδενὶ</span> 
     </span>
    </p>
   </div>
   <div class='ocr_carea' id='block_1_62' title="bbox 218 4220 1791 4295">
    <p class='ocr_par' dir='ltr' id='par_1_62' title="bbox 218 4220 1791 4295">
     <span class='ocr_line' id='line_1_62' title="bbox 218 4220 1791 4295; baseline 0.003 -21"><span class='ocrx_word' id='word_1_476' title='bbox 218 4220 334 4274; x_wconf 85' lang='grc' dir='ltr'><strong>τῶν</strong></span> <span class='ocrx_word' id='word_1_477' title='bbox 382 4221 757 4291; x_wconf 75' lang='grc' dir='ltr'>προκειμένων</span> <span class='ocrx_word' id='word_1_478' title='bbox 791 4222 1023 4294; x_wconf 76' lang='grc' dir='ltr'>ἱδρῶτας</span> <span class='ocrx_word' id='word_1_479' title='bbox 1072 4225 1249 4295; x_wconf 78' lang='grc' dir='ltr'>ἐαυτῷ</span> <span class='ocrx_word' id='word_1_480' title='bbox 1295 4226 1391 4280; x_wconf 73' lang='grc' dir='ltr'>καὶ</span> <span class='ocrx_word' id='word_1_481' title='bbox 1439 4226 1631 4289; x_wconf 88' lang='grc' dir='ltr'>πόνους</span> <span class='ocrx_word' id='word_1_482' title='bbox 1674 4227 1791 4279; x_wconf 77' lang='grc' dir='ltr'>ἐπι-</span> 
     </span>
    </p>
   </div>
   <div class='ocr_carea' id='block_1_63' title="bbox 216 4312 1799 4386">
    <p class='ocr_par' dir='ltr' id='par_1_63' title="bbox 216 4312 1799 4386">
     <span class='ocr_line' id='line_1_63' title="bbox 216 4312 1799 4386; baseline 0.004 -22"><span class='ocrx_word' id='word_1_483' title='bbox 216 4312 400 4378; x_wconf 80' lang='grc' dir='ltr'>νοῶν;</span> <span class='ocrx_word' id='word_1_484' title='bbox 430 4314 641 4383; x_wconf 79' lang='grc' dir='ltr'>Χρῆναι</span> <span class='ocrx_word' id='word_1_485' title='bbox 671 4313 779 4384; x_wconf 88' lang='grc' dir='ltr'><strong>γάρ</strong></span> <span class='ocrx_word' id='word_1_486' title='bbox 807 4313 986 4383; x_wconf 75' lang='grc' dir='ltr'>ἔγωγέ</span> <span class='ocrx_word' id='word_1_487' title='bbox 1011 4331 1154 4385; x_wconf 83' lang='grc' dir='ltr'>φημι</span> <span class='ocrx_word' id='word_1_488' title='bbox 1208 4315 1639 4386; x_wconf 78' lang='grc' dir='ltr'>προϋποκεῖσθαι</span> <span class='ocrx_word' id='word_1_489' title='bbox 1662 4334 1713 4370; x_wconf 91' lang='grc' dir='ltr'><strong>τι</strong></span> <span class='ocrx_word' id='word_1_490' title='bbox 1738 4316 1799 4369; x_wconf 82' lang='grc' dir='ltr'>τὸ</span> 
     </span>
    </p>
   </div>
   <div class='ocr_carea' id='block_1_64' title="bbox 217 4403 1798 4477">
    <p class='ocr_par' dir='ltr' id='par_1_64' title="bbox 217 4403 1798 4477">
     <span class='ocr_line' id='line_1_64' title="bbox 217 4403 1798 4477; baseline 0.004 -23"><span class='ocrx_word' id='word_1_491' title='bbox 217 4403 649 4473; x_wconf 77' lang='grc' dir='ltr'>ὡμολογημένον</span> <span class='ocrx_word' id='word_1_492' title='bbox 669 4419 683 4433; x_wconf 71' lang='grc' dir='ltr'><strong><em>ο</em></strong></span> <span class='ocrx_word' id='word_1_493' title='bbox 721 4404 786 4456; x_wconf 79' lang='grc' dir='ltr'><strong>ἵν’</strong></span> <span class='ocrx_word' id='word_1_494' title='bbox 817 4407 875 4458; x_wconf 79' lang='grc' dir='ltr'>ὲν</span> <span class='ocrx_word' id='word_1_495' title='bbox 908 4406 1100 4475; x_wconf 80' lang='grc' dir='ltr'>κόσμῳ</span> <span class='ocrx_word' id='word_1_496' title='bbox 1132 4405 1197 4477; x_wconf 76' lang='grc' dir='ltr'>δὴ</span> <span class='ocrx_word' id='word_1_497' title='bbox 1232 4406 1351 4459; x_wconf 86' lang='grc' dir='ltr'>τότε</span> <span class='ocrx_word' id='word_1_498' title='bbox 1377 4407 1446 4459; x_wconf 79' lang='grc' dir='ltr'>τὰ</span> <span class='ocrx_word' id='word_1_499' title='bbox 1477 4409 1607 4477; x_wconf 81' lang='grc' dir='ltr'>παρ’</span> <span class='ocrx_word' id='word_1_500' title='bbox 1639 4408 1798 4477; x_wconf 83' lang='grc' dir='ltr'>ἡμῶν</span> 
     </span>
    </p>
   </div>
   <div class='ocr_carea' id='block_1_65' title="bbox 214 4495 1796 4571">
    <p class='ocr_par' dir='ltr' id='par_1_65' title="bbox 214 4495 1796 4571">
     <span class='ocr_line' id='line_1_65' title="bbox 214 4495 1796 4571; baseline 0.003 -25"><span class='ocrx_word' id='word_1_501' title='bbox 214 4495 606 4562; x_wconf 80' lang='grc' dir='ltr'>ἀντεπάγοιτο.</span> <span class='ocrx_word' id='word_1_502' title='bbox 638 4495 784 4565; x_wconf 79' lang='grc' dir='ltr'>Πλὴν</span> <span class='ocrx_word' id='word_1_503' title='bbox 815 4497 990 4549; x_wconf 75' lang='grc' dir='ltr'>έκεῖνο</span> <span class='ocrx_word' id='word_1_504' title='bbox 1019 4496 1190 4567; x_wconf 75' lang='grc' dir='ltr'>ἴωμεν</span> <span class='ocrx_word' id='word_1_505' title='bbox 1238 4497 1359 4569; x_wconf 85' lang='grc' dir='ltr'><strong>[ἷσ.</strong></span> <span class='ocrx_word' id='word_1_506' title='bbox 1391 4498 1675 4571; x_wconf 73' lang='grc' dir='ltr'>εἴπωμεν]</span> <span class='ocrx_word' id='word_1_507' title='bbox 1704 4515 1717 4528; x_wconf 85' lang='grc'><strong>·</strong></span> <span class='ocrx_word' id='word_1_508' title='bbox 1747 4501 1796 4551; x_wconf 84' lang='grc' dir='ltr'>εἰ</span> 
     </span>
    </p>
   </div>
   <div class='ocr_carea' id='block_1_66' title="bbox 217 4581 1795 4661">
    <p class='ocr_par' dir='ltr' id='par_1_66' title="bbox 217 4581 1795 4661">
     <span class='ocr_line' id='line_1_66' title="bbox 217 4581 1795 4661; baseline 0.006 -25"><span class='ocrx_word' id='word_1_509' title='bbox 217 4584 323 4653; x_wconf 76' lang='grc' dir='ltr'>μὲν</span> <span class='ocrx_word' id='word_1_510' title='bbox 352 4585 461 4654; x_wconf 86' lang='grc' dir='ltr'>γάρ</span> <span class='ocrx_word' id='word_1_511' title='bbox 489 4602 573 4648; x_wconf 87' lang='grc' dir='ltr'><strong>τις</strong></span> <span class='ocrx_word' id='word_1_512' title='bbox 602 4581 670 4655; x_wconf 82' lang='grc' dir='ltr'>ἧν</span> <span class='ocrx_word' id='word_1_513' title='bbox 700 4587 729 4638; x_wconf 84' lang='grc' dir='ltr'><strong>ό</strong></span> <span class='ocrx_word' id='word_1_514' title='bbox 756 4587 921 4655; x_wconf 79' lang='grc' dir='ltr'>φάναι</span> <span class='ocrx_word' id='word_1_515' title='bbox 952 4586 1187 4657; x_wconf 84' lang='grc' dir='ltr'>τολμῶν,</span> <span class='ocrx_word' id='word_1_516' title='bbox 1235 4590 1317 4653; x_wconf 87' lang='grc' dir='ltr'><strong>είς</strong></span> <span class='ocrx_word' id='word_1_517' title='bbox 1361 4589 1460 4660; x_wconf 83' lang='grc' dir='ltr'>τὴν</span> <span class='ocrx_word' id='word_1_518' title='bbox 1508 4588 1651 4644; x_wconf 87' lang='grc' dir='ltr'><strong>κατά</strong></span> <span class='ocrx_word' id='word_1_519' title='bbox 1682 4589 1795 4661; x_wconf 76' lang='grc'>(51)</span> 
     </span>
    </p>
   </div>
   <div class='ocr_carea' id='block_1_67' title="bbox 212 4672 1794 4746">
    <p class='ocr_par' dir='ltr' id='par_1_67' title="bbox 212 4672 1794 4746">
     <span class='ocr_line' id='line_1_67' title="bbox 212 4672 1794 4746; baseline 0.003 -20"><span class='ocrx_word' id='word_1_520' title='bbox 212 4672 315 4727; x_wconf 77' lang='grc' dir='ltr'>τοῦ</span> <span class='ocrx_word' id='word_1_521' title='bbox 368 4672 620 4743; x_wconf 83' lang='grc' dir='ltr'>σώματος</span> <span class='ocrx_word' id='word_1_522' title='bbox 669 4675 1137 4746; x_wconf 64' lang='grc' dir='ltr'>μεταπεπιῆσθαι</span> <span class='ocrx_word' id='word_1_523' title='bbox 1188 4676 1350 4745; x_wconf 76' lang='grc' dir='ltr'>φύσιν</span> <span class='ocrx_word' id='word_1_524' title='bbox 1405 4678 1495 4732; x_wconf 85' lang='grc' dir='ltr'>τὸν</span> <span class='ocrx_word' id='word_1_525' title='bbox 1546 4679 1611 4730; x_wconf 81' lang='grc' dir='ltr'>ὲκ</span> <span class='ocrx_word' id='word_1_526' title='bbox 1659 4675 1794 4730; x_wconf 72' lang='grc' dir='ltr'>Θεοῖ</span> 
     </span>
    </p>
   </div>
   <div class='ocr_carea' id='block_1_68' title="bbox 212 4764 1794 4840">
    <p class='ocr_par' dir='ltr' id='par_1_68' title="bbox 212 4764 1794 4840">
     <span class='ocr_line' id='line_1_68' title="bbox 212 4764 1794 4840; baseline 0.003 -23"><span class='ocrx_word' id='word_1_527' title='bbox 212 4764 419 4830; x_wconf 84' lang='grc' dir='ltr'>Λόγον,</span> <span class='ocrx_word' id='word_1_528' title='bbox 469 4765 761 4833; x_wconf 83' lang='grc' dir='ltr'>ὲπαιτιῷτό</span> <span class='ocrx_word' id='word_1_529' title='bbox 786 4783 870 4829; x_wconf 86' lang='grc' dir='ltr'><strong>τις</strong></span> <span class='ocrx_word' id='word_1_530' title='bbox 915 4767 981 4820; x_wconf 83' lang='grc' dir='ltr'>ἂν</span> <span class='ocrx_word' id='word_1_531' title='bbox 1015 4768 1109 4820; x_wconf 72' lang='grc' dir='ltr'>καὶ</span> <span class='ocrx_word' id='word_1_532' title='bbox 1141 4766 1286 4837; x_wconf 84' lang='grc' dir='ltr'>μάλα</span> <span class='ocrx_word' id='word_1_533' title='bbox 1320 4768 1565 4834; x_wconf 85' lang='grc' dir='ltr'>είκότως,</span> <span class='ocrx_word' id='word_1_534' title='bbox 1599 4769 1682 4821; x_wconf 83' lang='grc' dir='ltr'>ὅτι</span> <span class='ocrx_word' id='word_1_535' title='bbox 1718 4769 1794 4840; x_wconf 79' lang='grc' dir='ltr'>μὴ</span> 
     </span>
    </p>
   </div>
   <div class='ocr_carea' id='block_1_69' title="bbox 214 4854 1793 4927">
    <p class='ocr_par' dir='ltr' id='par_1_69' title="bbox 214 4854 1793 4927">
     <span class='ocr_line' id='line_1_69' title="bbox 214 4854 1793 4927; baseline 0.004 -23"><span class='ocrx_word' id='word_1_536' title='bbox 214 4854 426 4917; x_wconf 76' lang='grc' dir='ltr'>μᾶλλον</span> <span class='ocrx_word' id='word_1_537' title='bbox 457 4854 561 4923; x_wconf 74' lang='grc' dir='ltr'>ἔφη</span> <span class='ocrx_word' id='word_1_538' title='bbox 588 4854 647 4906; x_wconf 78' lang='grc' dir='ltr'><strong>τδ</strong></span> <span class='ocrx_word' id='word_1_539' title='bbox 679 4854 837 4925; x_wconf 82' lang='grc' dir='ltr'>σῶμα</span> <span class='ocrx_word' id='word_1_540' title='bbox 869 4856 1073 4919; x_wconf 70' lang='grc' dir='ltr'>διδοῦς’</span> <span class='ocrx_word' id='word_1_541' title='bbox 1105 4857 1339 4923; x_wconf 75' lang='grc' dir='ltr'>Λάϐετε,</span> <span class='ocrx_word' id='word_1_542' title='bbox 1377 4858 1602 4927; x_wconf 80' lang='grc' dir='ltr'>φάγετε,</span> <span class='ocrx_word' id='word_1_543' title='bbox 1636 4859 1793 4911; x_wconf 83' lang='grc' dir='ltr'>τοῦτὸ</span> 
     </span>
    </p>
   </div>
   <div class='ocr_carea' id='block_1_70' title="bbox 215 4945 1793 5021">
    <p class='ocr_par' dir='ltr' id='par_1_70' title="bbox 215 4945 1793 5021">
     <span class='ocr_line' id='line_1_70' title="bbox 215 4945 1793 5021; baseline 0.006 -25"><span class='ocrx_word' id='word_1_544' title='bbox 215 4945 325 5013; x_wconf 85' lang='grc' dir='ltr'>μού</span> <span class='ocrx_word' id='word_1_545' title='bbox 352 4946 501 4997; x_wconf 82' lang='grc' dir='ltr'>ἐστιν</span> <span class='ocrx_word' id='word_1_546' title='bbox 523 4946 557 5015; x_wconf 81' lang='grc' dir='ltr'>ἠ</span> <span class='ocrx_word' id='word_1_547' title='bbox 582 4945 772 5017; x_wconf 87' lang='grc' dir='ltr'>θεότης</span> <span class='ocrx_word' id='word_1_548' title='bbox 802 4950 835 5018; x_wconf 82' lang='grc' dir='ltr'>ἡ</span> <span class='ocrx_word' id='word_1_549' title='bbox 866 4949 1005 5018; x_wconf 79' lang='grc' dir='ltr'>ὑπὲρ</span> <span class='ocrx_word' id='word_1_550' title='bbox 1033 4949 1190 5019; x_wconf 82' lang='grc' dir='ltr'>ὑμῶν</span> <span class='ocrx_word' id='word_1_551' title='bbox 1215 4950 1495 5021; x_wconf 81' lang='grc' dir='ltr'>κλωμένη,</span> <span class='ocrx_word' id='word_1_552' title='bbox 1515 4954 1606 5005; x_wconf 72' lang='grc' dir='ltr'>καὶ</span> <span class='ocrx_word' id='word_1_553' title='bbox 1634 4951 1793 5004; x_wconf 81' lang='grc' dir='ltr'>τοῦτό</span> 
     </span>
    </p>
   </div>
   <div class='ocr_carea' id='block_1_71' title="bbox 211 5032 1793 5111">
    <p class='ocr_par' dir='ltr' id='par_1_71' title="bbox 211 5032 1793 5111">
     <span class='ocr_line' id='line_1_71' title="bbox 211 5032 1793 5111; baseline 0.002 -22"><span class='ocrx_word' id='word_1_554' title='bbox 211 5038 371 5090; x_wconf 76' lang='grc' dir='ltr'>ἐστιν</span> <span class='ocrx_word' id='word_1_555' title='bbox 402 5037 464 5090; x_wconf 79' lang='grc' dir='ltr'>οὐ</span> <span class='ocrx_word' id='word_1_556' title='bbox 494 5038 554 5090; x_wconf 87' lang='grc' dir='ltr'>τὸ</span> <span class='ocrx_word' id='word_1_557' title='bbox 580 5032 721 5107; x_wconf 75' lang='grc' dir='ltr'>αἷμα</span> <span class='ocrx_word' id='word_1_558' title='bbox 747 5055 848 5108; x_wconf 91' lang='grc' dir='ltr'><strong>μου</strong></span> <span class='ocrx_word' id='word_1_559' title='bbox 884 5039 1107 5108; x_wconf 79' lang='grc' dir='ltr'>μᾶλλον,</span> <span class='ocrx_word' id='word_1_560' title='bbox 1139 5037 1256 5092; x_wconf 83' lang='grc' dir='ltr'>ἀλλ’</span> <span class='ocrx_word' id='word_1_561' title='bbox 1290 5041 1323 5111; x_wconf 81' lang='grc' dir='ltr'><strong>η</strong></span> <span class='ocrx_word' id='word_1_562' title='bbox 1364 5039 1555 5111; x_wconf 88' lang='grc' dir='ltr'>θεότης</span> <span class='ocrx_word' id='word_1_563' title='bbox 1582 5043 1614 5111; x_wconf 77' lang='grc' dir='ltr'>ἡ</span> <span class='ocrx_word' id='word_1_564' title='bbox 1654 5040 1793 5110; x_wconf 82' lang='grc' dir='ltr'>ὑπὲρ</span> 
     </span>
    </p>
   </div>
   <div class='ocr_carea' id='block_1_72' title="bbox 212 5127 1796 5201">
    <p class='ocr_par' dir='ltr' id='par_1_72' title="bbox 212 5127 1796 5201">
     <span class='ocr_line' id='line_1_72' title="bbox 212 5127 1796 5201; baseline 0.003 -20"><span class='ocrx_word' id='word_1_565' title='bbox 212 5127 376 5198; x_wconf 70' lang='grc' dir='ltr'>ὑμῶν</span> <span class='ocrx_word' id='word_1_566' title='bbox 408 5131 729 5200; x_wconf 85' lang='grc' dir='ltr'>ὲκχεομένη.</span> <span class='ocrx_word' id='word_1_567' title='bbox 771 5131 983 5201; x_wconf 78' lang='grc' dir='ltr'>Ἐπειδὴ</span> <span class='ocrx_word' id='word_1_568' title='bbox 1018 5132 1075 5184; x_wconf 82' lang='grc' dir='ltr'>δὲ</span> <span class='ocrx_word' id='word_1_569' title='bbox 1102 5132 1235 5195; x_wconf 84' lang='grc' dir='ltr'>Θεὸς</span> <span class='ocrx_word' id='word_1_570' title='bbox 1269 5131 1347 5185; x_wconf 84' lang='grc' dir='ltr'>ὢν</span> <span class='ocrx_word' id='word_1_571' title='bbox 1377 5134 1406 5184; x_wconf 86' lang='grc' dir='ltr'>ὁ</span> <span class='ocrx_word' id='word_1_572' title='bbox 1438 5133 1635 5201; x_wconf 86' lang='grc' dir='ltr'>Λόγος,</span> <span class='ocrx_word' id='word_1_573' title='bbox 1664 5133 1796 5186; x_wconf 73' lang='grc' dir='ltr'>ἴδιον</span> 
     </span>
    </p>
   </div>
   <div class='ocr_carea' id='block_1_73' title="bbox 212 5220 1796 5294">
    <p class='ocr_par' dir='ltr' id='par_1_73' title="bbox 212 5220 1796 5294">
     <span class='ocr_line' id='line_1_73' title="bbox 212 5220 1796 5294; baseline 0.003 -23"><span class='ocrx_word' id='word_1_574' title='bbox 212 5221 516 5290; x_wconf 75' lang='grc' dir='ltr'>ἐποιήσατο</span> <span class='ocrx_word' id='word_1_575' title='bbox 544 5220 705 5291; x_wconf 83' lang='grc' dir='ltr'>σῶμα</span> <span class='ocrx_word' id='word_1_576' title='bbox 739 5222 798 5274; x_wconf 81' lang='grc' dir='ltr'>τὸ</span> <span class='ocrx_word' id='word_1_577' title='bbox 827 5223 888 5273; x_wconf 81' lang='grc' dir='ltr'>ὲκ</span> <span class='ocrx_word' id='word_1_578' title='bbox 914 5220 1190 5289; x_wconf 78' lang='grc' dir='ltr'>γυναικὸς,</span> <span class='ocrx_word' id='word_1_579' title='bbox 1251 5223 1559 5288; x_wconf 89' lang='grc' dir='ltr'>ἀλλοίωσιν,</span> <span class='ocrx_word' id='word_1_580' title='bbox 1594 5223 1627 5294; x_wconf 76' lang='grc' dir='ltr'>ἢ</span> <span class='ocrx_word' id='word_1_581' title='bbox 1668 5239 1796 5293; x_wconf 82' lang='grc' dir='ltr'>τρο-</span> 
     </span>
    </p>
   </div>
   <div class='ocr_carea' id='block_1_74' title="bbox 213 5312 1797 5385">
    <p class='ocr_par' dir='ltr' id='par_1_74' title="bbox 213 5312 1797 5385">
     <span class='ocr_line' id='line_1_74' title="bbox 213 5312 1797 5385; baseline 0.002 -22"><span class='ocrx_word' id='word_1_582' title='bbox 213 5312 328 5381; x_wconf 76' lang='grc' dir='ltr'>τεὴν</span> <span class='ocrx_word' id='word_1_583' title='bbox 382 5312 640 5383; x_wconf 76' lang='grc' dir='ltr'>οὐδεμίαν</span> <span class='ocrx_word' id='word_1_584' title='bbox 689 5313 1160 5383; x_wconf 80' lang='grc' dir='ltr'>ὑπομεμενηκὼς,</span> <span class='ocrx_word' id='word_1_585' title='bbox 1208 5314 1323 5379; x_wconf 86' lang='grc' dir='ltr'>πῶς</span> <span class='ocrx_word' id='word_1_586' title='bbox 1371 5316 1469 5368; x_wconf 79' lang='grc' dir='ltr'>οὐκ</span> <span class='ocrx_word' id='word_1_587' title='bbox 1514 5314 1620 5367; x_wconf 73' lang='grc' dir='ltr'>ἔδει</span> <span class='ocrx_word' id='word_1_588' title='bbox 1660 5314 1797 5385; x_wconf 83' lang='grc' dir='ltr'>πρὸς</span> 
     </span>
    </p>
   </div>
   <div class='ocr_carea' id='block_1_75' title="bbox 290 5468 1697 5532">
    <p class='ocr_par' dir='ltr' id='par_1_75' title="bbox 290 5468 1697 5532">
     <span class='ocr_line' id='line_1_75' title="bbox 290 5468 1697 5532; baseline 0.001 -10"><span class='ocrx_word' id='word_1_589' title='bbox 290 5472 335 5502; x_wconf 74' lang='grc'><strong><em>³⁵</em></strong></span> <span class='ocrx_word' id='word_1_590' title='bbox 365 5468 489 5523; x_wconf 83' lang='lat' dir='ltr'><strong>Act.</strong></span> <span class='ocrx_word' id='word_1_591' title='bbox 518 5469 667 5532; x_wconf 85' lang='lat' dir='ltr'><strong>t,Il.</strong></span> <span class='ocrx_word' id='word_1_592' title='bbox 740 5470 783 5501; x_wconf 78' lang='lat'>&quot;</span> <span class='ocrx_word' id='word_1_593' title='bbox 812 5469 999 5525; x_wconf 82' lang='lat' dir='ltr'><strong>Matth.</strong></span> <span class='ocrx_word' id='word_1_594' title='bbox 1040 5469 1298 5529; x_wconf 69' lang='lat' dir='ltr'><strong>xxvt.26.</strong></span> <span class='ocrx_word' id='word_1_595' title='bbox 1377 5471 1420 5501; x_wconf 82' lang='lat'>“</span> <span class='ocrx_word' id='word_1_596' title='bbox 1454 5470 1582 5525; x_wconf 85' lang='lat' dir='ltr'><strong>ibid.</strong></span> <span class='ocrx_word' id='word_1_597' title='bbox 1607 5469 1697 5524; x_wconf 77' lang='lat'><strong>27.</strong></span> 
     </span>
    </p>
   </div>
   <div class='ocr_carea' id='block_1_76' title="bbox 1900 2434 3474 2505">
    <p class='ocr_par' dir='ltr' id='par_1_76' title="bbox 1900 2434 3474 2505">
     <span class='ocr_line' id='line_1_76' title="bbox 1900 2434 3474 2505; baseline 0.004 -19"><span class='ocrx_word' id='word_1_598' title='bbox 1900 2434 2164 2488; x_wconf 88' lang='lat' dir='ltr'><strong>Dominus</strong></span> <span class='ocrx_word' id='word_1_599' title='bbox 2195 2443 2384 2488; x_wconf 87' lang='lat' dir='ltr'><strong>noster</strong></span> <span class='ocrx_word' id='word_1_600' title='bbox 2425 2450 2546 2488; x_wconf 91' lang='lat' dir='ltr'><strong>cum</strong></span> <span class='ocrx_word' id='word_1_601' title='bbox 2583 2434 2826 2503; x_wconf 85' lang='lat' dir='ltr'><strong>mysterii</strong></span> <span class='ocrx_word' id='word_1_602' title='bbox 2886 2435 2990 2487; x_wconf 87' lang='lat' dir='ltr'><strong>vim</strong></span> <span class='ocrx_word' id='word_1_603' title='bbox 3039 2436 3318 2505; x_wconf 89' lang='lat' dir='ltr'><strong>discipulis</strong></span> <span class='ocrx_word' id='word_1_604' title='bbox 3364 2447 3474 2493; x_wconf 79' lang='lat' dir='ltr'><strong>tra-</strong></span> 
     </span>
    </p>
   </div>
   <div class='ocr_carea' id='block_1_77' title="bbox 1900 2525 3473 2593">
    <p class='ocr_par' dir='ltr' id='par_1_77' title="bbox 1900 2525 3473 2593">
     <span class='ocr_line' id='line_1_77' title="bbox 1900 2525 3473 2593; baseline 0.002 -13"><span class='ocrx_word' id='word_1_605' title='bbox 1900 2527 2070 2589; x_wconf 87' lang='lat' dir='ltr'><strong>deret,</strong></span> <span class='ocrx_word' id='word_1_606' title='bbox 2117 2526 2196 2579; x_wconf 87' lang='lat' dir='ltr'><strong>sic</strong></span> <span class='ocrx_word' id='word_1_607' title='bbox 2242 2525 2373 2579; x_wconf 90' lang='lat' dir='ltr'><strong>dicit</strong></span> <span class='ocrx_word' id='word_1_608' title='bbox 2406 2544 2421 2580; x_wconf 87' lang='lat'><strong>:</strong></span> <span class='ocrx_word' id='word_1_609' title='bbox 2457 2544 2475 2576; x_wconf 76' lang='grc' dir='ltr'><strong>ι</strong></span> <span class='ocrx_word' id='word_1_610' title='bbox 2510 2526 2771 2593; x_wconf 86' lang='lat' dir='ltr'><strong>Accipite,</strong></span> <span class='ocrx_word' id='word_1_611' title='bbox 2796 2526 3061 2580; x_wconf 87' lang='lat' dir='ltr'><strong>comedite</strong></span> <span class='ocrx_word' id='word_1_612' title='bbox 3104 2541 3293 2582; x_wconf 90' lang='lat' dir='ltr'><strong>omnes</strong></span> <span class='ocrx_word' id='word_1_613' title='bbox 3326 2550 3338 2582; x_wconf 88' lang='lat'>:</span> <span class='ocrx_word' id='word_1_614' title='bbox 3373 2529 3473 2583; x_wconf 86' lang='lat' dir='ltr'><strong>hoc</strong></span> 
     </span>
    </p>
   </div>
   <div class='ocr_carea' id='block_1_78' title="bbox 1904 2613 3473 2688">
    <p class='ocr_par' dir='ltr' id='par_1_78' title="bbox 1904 2613 3473 2688">
     <span class='ocr_line' id='line_1_78' title="bbox 1904 2613 3473 2688; baseline 0.004 -22"><span class='ocrx_word' id='word_1_615' title='bbox 1904 2622 1987 2666; x_wconf 92' lang='lat' dir='ltr'><strong>est</strong></span> <span class='ocrx_word' id='word_1_616' title='bbox 2015 2613 2159 2666; x_wconf 89' lang='lat' dir='ltr'><strong>enim</strong></span> <span class='ocrx_word' id='word_1_617' title='bbox 2187 2626 2383 2688; x_wconf 83' lang='lat' dir='ltr'><strong>corpus</strong></span> <span class='ocrx_word' id='word_1_618' title='bbox 2407 2628 2581 2667; x_wconf 87' lang='lat' dir='ltr'><strong>meum</strong></span> <span class='ocrx_word' id='word_1_619' title='bbox 2607 2614 2695 2667; x_wconf 80' lang='lat'><strong>&quot;?</strong></span> <span class='ocrx_word' id='word_1_620' title='bbox 2726 2632 2746 2665; x_wconf 73' lang='grc' dir='ltr'><strong>ι</strong></span> <span class='ocrx_word' id='word_1_621' title='bbox 2771 2628 2870 2668; x_wconf 87' lang='lat' dir='ltr'><strong>cur</strong></span> <span class='ocrx_word' id='word_1_622' title='bbox 2904 2629 3009 2669; x_wconf 89' lang='lat' dir='ltr'><strong>non</strong></span> <span class='ocrx_word' id='word_1_623' title='bbox 3036 2615 3166 2671; x_wconf 77' lang='lat' dir='ltr'><strong>dixit</strong></span> <span class='ocrx_word' id='word_1_624' title='bbox 3196 2633 3211 2670; x_wconf 87' lang='lat'><strong>:</strong></span> <span class='ocrx_word' id='word_1_625' title='bbox 3254 2616 3365 2671; x_wconf 83' lang='lat' dir='ltr'><strong>Hoc</strong></span> <span class='ocrx_word' id='word_1_626' title='bbox 3389 2628 3473 2673; x_wconf 87' lang='lat' dir='ltr'><strong>est</strong></span> 
     </span>
    </p>
   </div>
   <div class='ocr_carea' id='block_1_79' title="bbox 1904 2697 3473 2777">
    <p class='ocr_par' dir='ltr' id='par_1_79' title="bbox 1904 2697 3473 2777">
     <span class='ocr_line' id='line_1_79' title="bbox 1904 2697 3473 2777; baseline 0.006 -22"><span class='ocrx_word' id='word_1_627' title='bbox 1904 2702 2157 2756; x_wconf 82' lang='lat' dir='ltr'><strong>divinitas</strong></span> <span class='ocrx_word' id='word_1_628' title='bbox 2188 2717 2305 2757; x_wconf 88' lang='lat' dir='ltr'><strong>mea</strong></span> <span class='ocrx_word' id='word_1_629' title='bbox 2338 2716 2457 2772; x_wconf 67' lang='lat' dir='ltr'><strong>quae</strong></span> <span class='ocrx_word' id='word_1_630' title='bbox 2483 2716 2581 2770; x_wconf 93' lang='lat' dir='ltr'><strong>pro</strong></span> <span class='ocrx_word' id='word_1_631' title='bbox 2609 2703 2761 2758; x_wconf 82' lang='lat' dir='ltr'><strong>vobis</strong></span> <span class='ocrx_word' id='word_1_632' title='bbox 2785 2697 3055 2772; x_wconf 75' lang='lat' dir='ltr'><strong>frangitur</strong></span> <span class='ocrx_word' id='word_1_633' title='bbox 3081 2706 3104 2759; x_wconf 87' lang='lat'><strong>?</strong></span> <span class='ocrx_word' id='word_1_634' title='bbox 3132 2707 3473 2777; x_wconf 77' lang='lat' dir='ltr'><strong>Rursumque</strong></span> 
     </span>
    </p>
   </div>
   <div class='ocr_carea' id='block_1_80' title="bbox 1904 2791 3473 2865">
    <p class='ocr_par' dir='ltr' id='par_1_80' title="bbox 1904 2791 3473 2865">
     <span class='ocr_line' id='line_1_80' title="bbox 1904 2791 3473 2865; baseline 0.003 -16"><span class='ocrx_word' id='word_1_635' title='bbox 1904 2809 2027 2849; x_wconf 90' lang='lat' dir='ltr'><strong>cum</strong></span> <span class='ocrx_word' id='word_1_636' title='bbox 2078 2794 2327 2863; x_wconf 88' lang='lat' dir='ltr'><strong>poculum</strong></span> <span class='ocrx_word' id='word_1_637' title='bbox 2379 2791 2764 2865; x_wconf 86' lang='lat' dir='ltr'><strong>mysteriorum</strong></span> <span class='ocrx_word' id='word_1_638' title='bbox 2802 2794 2977 2860; x_wconf 85' lang='lat' dir='ltr'><strong>daret,</strong></span> <span class='ocrx_word' id='word_1_639' title='bbox 3003 2810 3109 2851; x_wconf 94' lang='lat' dir='ltr'><strong>non</strong></span> <span class='ocrx_word' id='word_1_640' title='bbox 3138 2796 3273 2851; x_wconf 82' lang='lat' dir='ltr'><strong>dixit</strong></span> <span class='ocrx_word' id='word_1_641' title='bbox 3308 2816 3320 2851; x_wconf 90' lang='lat'><strong>:</strong></span> <span class='ocrx_word' id='word_1_642' title='bbox 3361 2797 3473 2853; x_wconf 87' lang='lat' dir='ltr'><strong>Hoc</strong></span> 
     </span>
    </p>
   </div>
   <div class='ocr_carea' id='block_1_81' title="bbox 1905 2884 3470 2954">
    <p class='ocr_par' dir='ltr' id='par_1_81' title="bbox 1905 2884 3470 2954">
     <span class='ocr_line' id='line_1_81' title="bbox 1905 2884 3470 2954; baseline 0.002 -14"><span class='ocrx_word' id='word_1_643' title='bbox 1905 2895 1989 2940; x_wconf 87' lang='lat' dir='ltr'><strong>cst</strong></span> <span class='ocrx_word' id='word_1_644' title='bbox 2017 2886 2271 2940; x_wconf 83' lang='lat' dir='ltr'><strong>divinitas</strong></span> <span class='ocrx_word' id='word_1_645' title='bbox 2300 2898 2420 2954; x_wconf 70' lang='lat' dir='ltr'><strong>quae</strong></span> <span class='ocrx_word' id='word_1_646' title='bbox 2462 2897 2561 2954; x_wconf 90' lang='lat' dir='ltr'><strong>pro</strong></span> <span class='ocrx_word' id='word_1_647' title='bbox 2606 2884 2759 2939; x_wconf 82' lang='lat' dir='ltr'><strong>vobis</strong></span> <span class='ocrx_word' id='word_1_648' title='bbox 2781 2884 3095 2952; x_wconf 83' lang='lat' dir='ltr'><strong>ell&#39;uuditur,</strong></span> <span class='ocrx_word' id='word_1_649' title='bbox 3129 2887 3228 2941; x_wconf 89' lang='lat' dir='ltr'><strong>sed</strong></span> <span class='ocrx_word' id='word_1_650' title='bbox 3264 2905 3277 2941; x_wconf 92' lang='lat'>:</span> <span class='ocrx_word' id='word_1_651' title='bbox 3319 2904 3337 2938; x_wconf 80' lang='grc' dir='ltr'><strong>ι</strong></span> <span class='ocrx_word' id='word_1_652' title='bbox 3370 2886 3470 2943; x_wconf 88' lang='lat' dir='ltr'><strong>llic</strong></span> 
     </span>
    </p>
   </div>
   <div class='ocr_carea' id='block_1_82' title="bbox 1906 2974 3472 3046">
    <p class='ocr_par' dir='ltr' id='par_1_82' title="bbox 1906 2974 3472 3046">
     <span class='ocr_line' id='line_1_82' title="bbox 1906 2974 3472 3046; baseline 0.003 -15"><span class='ocrx_word' id='word_1_653' title='bbox 1906 2988 1990 3031; x_wconf 90' lang='lat' dir='ltr'><strong>est</strong></span> <span class='ocrx_word' id='word_1_654' title='bbox 2029 2976 2249 3046; x_wconf 76' lang='lat' dir='ltr'><strong>sanguis</strong></span> <span class='ocrx_word' id='word_1_655' title='bbox 2272 2990 2423 3031; x_wconf 90' lang='lat' dir='ltr'><strong>meus</strong></span> <span class='ocrx_word' id='word_1_656' title='bbox 2446 2976 2536 3044; x_wconf 88' lang='lat' dir='ltr'><strong>qui</strong></span> <span class='ocrx_word' id='word_1_657' title='bbox 2564 2990 2662 3045; x_wconf 89' lang='lat' dir='ltr'><strong>pro</strong></span> <span class='ocrx_word' id='word_1_658' title='bbox 2689 2975 2841 3032; x_wconf 84' lang='lat' dir='ltr'><strong>vobis</strong></span> <span class='ocrx_word' id='word_1_659' title='bbox 2880 2974 3177 3033; x_wconf 83' lang='lat' dir='ltr'><strong>ell‘unditur</strong></span> <span class='ocrx_word' id='word_1_660' title='bbox 3196 2979 3249 3032; x_wconf 87' lang='lat' dir='ltr'><strong>in</strong></span> <span class='ocrx_word' id='word_1_661' title='bbox 3280 2979 3472 3034; x_wconf 86' lang='lat' dir='ltr'><strong>remis-</strong></span> 
     </span>
    </p>
   </div>
   <div class='ocr_carea' id='block_1_83' title="bbox 1906 3066 2661 3139">
    <p class='ocr_par' dir='ltr' id='par_1_83' title="bbox 1906 3066 2661 3139">
     <span class='ocr_line' id='line_1_83' title="bbox 1906 3066 2661 3139; baseline -0.003 -17"><span class='ocrx_word' id='word_1_662' title='bbox 1906 3069 2109 3125; x_wconf 89' lang='lat' dir='ltr'><strong>sionem</strong></span> <span class='ocrx_word' id='word_1_663' title='bbox 2136 3077 2476 3139; x_wconf 87' lang='lat' dir='ltr'><strong>peccatorum</strong></span> <span class='ocrx_word' id='word_1_664' title='bbox 2511 3068 2575 3123; x_wconf 82' lang='lat'><strong>&quot;.</strong></span> <span class='ocrx_word' id='word_1_665' title='bbox 2606 3066 2661 3139; x_wconf 79' lang='grc' dir='ltr'>ι]</span> 
     </span>
    </p>
   </div>
   <div class='ocr_carea' id='block_1_84' title="bbox 2585 3265 2884 3325">
    <p class='ocr_par' dir='ltr' id='par_1_84' title="bbox 2585 3265 2884 3325">
     <span class='ocr_line' id='line_1_84' title="bbox 2585 3265 2884 3325; baseline -0.01 0"><span class='ocrx_word' id='word_1_666' title='bbox 2585 3266 2737 3325; x_wconf 84' lang='lat' dir='ltr'><strong>CAP.</strong></span> <span class='ocrx_word' id='word_1_667' title='bbox 2774 3265 2884 3324; x_wconf 83' lang='lat' dir='ltr'><strong>VII.</strong></span> 
     </span>
    </p>
   </div>
   <div class='ocr_carea' id='block_1_85' title="bbox 1971 3400 3472 3472">
    <p class='ocr_par' dir='ltr' id='par_1_85' title="bbox 1971 3400 3472 3472">
     <span class='ocr_line' id='line_1_85' title="bbox 1971 3400 3472 3472; baseline 0.003 -16"><span class='ocrx_word' id='word_1_668' title='bbox 1971 3400 2239 3472; x_wconf 86' lang='lat' dir='ltr'><strong>Perquam</strong></span> <span class='ocrx_word' id='word_1_669' title='bbox 2274 3401 2497 3458; x_wconf 88' lang='lat' dir='ltr'><strong>stultum</strong></span> <span class='ocrx_word' id='word_1_670' title='bbox 2547 3416 2679 3459; x_wconf 90' lang='lat' dir='ltr'><strong>sane</strong></span> <span class='ocrx_word' id='word_1_671' title='bbox 2729 3417 2851 3460; x_wconf 82' lang='lat' dir='ltr'><strong>esse</strong></span> <span class='ocrx_word' id='word_1_672' title='bbox 2879 3402 2961 3458; x_wconf 76' lang='lat' dir='ltr'><strong>iis</strong></span> <span class='ocrx_word' id='word_1_673' title='bbox 3013 3404 3286 3459; x_wconf 87' lang='lat' dir='ltr'><strong>adversari</strong></span> <span class='ocrx_word' id='word_1_674' title='bbox 3335 3405 3472 3462; x_wconf 87' lang='lat' dir='ltr'><strong>velle</strong></span> 
     </span>
    </p>
   </div>
   <div class='ocr_carea' id='block_1_86' title="bbox 1902 3494 3469 3567">
    <p class='ocr_par' dir='ltr' id='par_1_86' title="bbox 1902 3494 3469 3567">
     <span class='ocr_line' id='line_1_86' title="bbox 1902 3494 3469 3567; baseline 0.004 -20"><span class='ocrx_word' id='word_1_675' title='bbox 1902 3494 1990 3565; x_wconf 89' lang='lat' dir='ltr'><strong>qui</strong></span> <span class='ocrx_word' id='word_1_676' title='bbox 2009 3494 2137 3548; x_wconf 89' lang='lat' dir='ltr'><strong>nulli</strong></span> <span class='ocrx_word' id='word_1_677' title='bbox 2174 3504 2319 3559; x_wconf 87' lang='lat' dir='ltr'><strong>sunt,</strong></span> <span class='ocrx_word' id='word_1_678' title='bbox 2344 3502 2396 3549; x_wconf 91' lang='lat' dir='ltr'><strong>et</strong></span> <span class='ocrx_word' id='word_1_679' title='bbox 2420 3494 2614 3551; x_wconf 79' lang='lat' dir='ltr'><strong>frustra</strong></span> <span class='ocrx_word' id='word_1_680' title='bbox 2638 3496 2980 3561; x_wconf 88' lang='lat' dir='ltr'><strong>contendere,</strong></span> <span class='ocrx_word' id='word_1_681' title='bbox 3010 3495 3171 3566; x_wconf 90' lang='lat' dir='ltr'><strong>idque</strong></span> <span class='ocrx_word' id='word_1_682' title='bbox 3204 3497 3270 3552; x_wconf 87' lang='lat' dir='ltr'><strong>ad</strong></span> <span class='ocrx_word' id='word_1_683' title='bbox 3298 3511 3469 3567; x_wconf 88' lang='lat' dir='ltr'><strong>oppu-</strong></span> 
     </span>
    </p>
   </div>
   <div class='ocr_carea' id='block_1_87' title="bbox 1902 3587 3465 3660">
    <p class='ocr_par' dir='ltr' id='par_1_87' title="bbox 1902 3587 3465 3660">
     <span class='ocr_line' id='line_1_87' title="bbox 1902 3587 3465 3660; baseline 0.004 -20"><span class='ocrx_word' id='word_1_684' title='bbox 1902 3588 2172 3656; x_wconf 87' lang='lat' dir='ltr'><strong>gnandum</strong></span> <span class='ocrx_word' id='word_1_685' title='bbox 2206 3600 2421 3642; x_wconf 88' lang='lat' dir='ltr'><strong>sumere</strong></span> <span class='ocrx_word' id='word_1_686' title='bbox 2466 3589 2609 3657; x_wconf 90' lang='lat' dir='ltr'><strong>quod</strong></span> <span class='ocrx_word' id='word_1_687' title='bbox 2668 3587 2899 3643; x_wconf 89' lang='lat' dir='ltr'><strong>fortasse</strong></span> <span class='ocrx_word' id='word_1_688' title='bbox 2956 3588 3162 3645; x_wconf 91' lang='lat' dir='ltr'><strong>nemini</strong></span> <span class='ocrx_word' id='word_1_689' title='bbox 3224 3604 3465 3660; x_wconf 89' lang='lat' dir='ltr'><strong>unquam</strong></span> 
     </span>
    </p>
   </div>
   <div class='ocr_carea' id='block_1_88' title="bbox 1902 3678 3472 3749">
    <p class='ocr_par' dir='ltr' id='par_1_88' title="bbox 1902 3678 3472 3749">
     <span class='ocr_line' id='line_1_88' title="bbox 1902 3678 3472 3749; baseline 0.004 -18"><span class='ocrx_word' id='word_1_690' title='bbox 1902 3688 1996 3733; x_wconf 89' lang='lat' dir='ltr'><strong>aut</strong></span> <span class='ocrx_word' id='word_1_691' title='bbox 2016 3680 2241 3743; x_wconf 85' lang='lat' dir='ltr'><strong>sentire,</strong></span> <span class='ocrx_word' id='word_1_692' title='bbox 2276 3688 2371 3734; x_wconf 84' lang='lat' dir='ltr'><strong>aut</strong></span> <span class='ocrx_word' id='word_1_693' title='bbox 2399 3678 2574 3749; x_wconf 88' lang='lat' dir='ltr'><strong>eloqui</strong></span> <span class='ocrx_word' id='word_1_694' title='bbox 2636 3679 2807 3734; x_wconf 89' lang='lat' dir='ltr'><strong>visum</strong></span> <span class='ocrx_word' id='word_1_695' title='bbox 2840 3688 2945 3745; x_wconf 91' lang='lat' dir='ltr'><strong>est,</strong></span> <span class='ocrx_word' id='word_1_696' title='bbox 2976 3680 3323 3749; x_wconf 87' lang='lat' dir='ltr'><strong>perspicuum</strong></span> <span class='ocrx_word' id='word_1_697' title='bbox 3354 3696 3472 3737; x_wconf 90' lang='lat' dir='ltr'><strong>om-</strong></span> 
     </span>
    </p>
   </div>
   <div class='ocr_carea' id='block_1_89' title="bbox 1903 3768 3473 3838">
    <p class='ocr_par' dir='ltr' id='par_1_89' title="bbox 1903 3768 3473 3838">
     <span class='ocr_line' id='line_1_89' title="bbox 1903 3768 3473 3838; baseline 0.004 -16"><span class='ocrx_word' id='word_1_698' title='bbox 1903 3769 2060 3824; x_wconf 88' lang='lat' dir='ltr'><strong>nibus</strong></span> <span class='ocrx_word' id='word_1_699' title='bbox 2104 3782 2226 3823; x_wconf 87' lang='lat' dir='ltr'><strong>esse</strong></span> <span class='ocrx_word' id='word_1_700' title='bbox 2258 3768 2379 3837; x_wconf 87' lang='lat' dir='ltr'><strong>quis</strong></span> <span class='ocrx_word' id='word_1_701' title='bbox 2410 3768 2616 3838; x_wconf 87' lang='lat' dir='ltr'><strong>neget?</strong></span> <span class='ocrx_word' id='word_1_702' title='bbox 2651 3768 2783 3822; x_wconf 83' lang='lat' dir='ltr'><strong>Nam</strong></span> <span class='ocrx_word' id='word_1_703' title='bbox 2828 3770 2874 3823; x_wconf 92' lang='lat' dir='ltr'><strong>si</strong></span> <span class='ocrx_word' id='word_1_704' title='bbox 2909 3773 3033 3838; x_wconf 85' lang='lat' dir='ltr'><strong>quis</strong></span> <span class='ocrx_word' id='word_1_705' title='bbox 3078 3770 3209 3825; x_wconf 90' lang='lat' dir='ltr'><strong>velit</strong></span> <span class='ocrx_word' id='word_1_706' title='bbox 3245 3780 3473 3828; x_wconf 85' lang='lat' dir='ltr'><strong>conten-</strong></span> 
     </span>
    </p>
   </div>
   <div class='ocr_carea' id='block_1_90' title="bbox 1905 3855 3471 3930">
    <p class='ocr_par' dir='ltr' id='par_1_90' title="bbox 1905 3855 3471 3930">
     <span class='ocr_line' id='line_1_90' title="bbox 1905 3855 3471 3930; baseline 0.004 -21"><span class='ocrx_word' id='word_1_707' title='bbox 1905 3856 2047 3912; x_wconf 89' lang='lat' dir='ltr'><strong>tiose</strong></span> <span class='ocrx_word' id='word_1_708' title='bbox 2088 3855 2331 3911; x_wconf 76' lang='lat' dir='ltr'><strong>refutare</strong></span> <span class='ocrx_word' id='word_1_709' title='bbox 2358 3858 2550 3912; x_wconf 89' lang='lat' dir='ltr'><strong>bovem</strong></span> <span class='ocrx_word' id='word_1_710' title='bbox 2596 3872 2700 3911; x_wconf 89' lang='lat' dir='ltr'><strong>non</strong></span> <span class='ocrx_word' id='word_1_711' title='bbox 2751 3872 2873 3911; x_wconf 87' lang='lat' dir='ltr'><strong>esse</strong></span> <span class='ocrx_word' id='word_1_712' title='bbox 2918 3873 2982 3912; x_wconf 76' lang='lat' dir='ltr'><strong>ex</strong></span> <span class='ocrx_word' id='word_1_713' title='bbox 3018 3868 3208 3913; x_wconf 87' lang='lat' dir='ltr'><strong>natura</strong></span> <span class='ocrx_word' id='word_1_714' title='bbox 3245 3874 3471 3930; x_wconf 88' lang='lat' dir='ltr'><strong>equum,</strong></span> 
     </span>
    </p>
   </div>
   <div class='ocr_carea' id='block_1_91' title="bbox 1903 3946 3472 4017">
    <p class='ocr_par' dir='ltr' id='par_1_91' title="bbox 1903 3946 3472 4017">
     <span class='ocr_line' id='line_1_91' title="bbox 1903 3946 3472 4017; baseline 0.003 -17"><span class='ocrx_word' id='word_1_715' title='bbox 1903 3961 2075 4016; x_wconf 87' lang='lat' dir='ltr'><strong>neque</strong></span> <span class='ocrx_word' id='word_1_716' title='bbox 2104 3946 2377 4002; x_wconf 87' lang='lat' dir='ltr'><strong>hominem</strong></span> <span class='ocrx_word' id='word_1_717' title='bbox 2435 3961 2654 4017; x_wconf 89' lang='lat' dir='ltr'><strong>equum,</strong></span> <span class='ocrx_word' id='word_1_718' title='bbox 2712 3948 2924 4002; x_wconf 89' lang='lat' dir='ltr'><strong>nemine</strong></span> <span class='ocrx_word' id='word_1_719' title='bbox 2965 3948 3018 4002; x_wconf 92' lang='lat' dir='ltr'><strong>id</strong></span> <span class='ocrx_word' id='word_1_720' title='bbox 3063 3949 3333 4005; x_wconf 88' lang='lat' dir='ltr'><strong>sentiente</strong></span> <span class='ocrx_word' id='word_1_721' title='bbox 3375 3961 3472 4005; x_wconf 83' lang='lat' dir='ltr'><strong>aut</strong></span> 
     </span>
    </p>
   </div>
   <div class='ocr_carea' id='block_1_92' title="bbox 1900 4039 3471 4114">
    <p class='ocr_par' dir='ltr' id='par_1_92' title="bbox 1900 4039 3471 4114">
     <span class='ocr_line' id='line_1_92' title="bbox 1900 4039 3471 4114; baseline 0.006 -22"><span class='ocrx_word' id='word_1_722' title='bbox 1900 4039 2133 4103; x_wconf 86' lang='lat' dir='ltr'><strong>dicente,</strong></span> <span class='ocrx_word' id='word_1_723' title='bbox 2168 4054 2349 4095; x_wconf 90' lang='lat' dir='ltr'><strong>nonne</strong></span> <span class='ocrx_word' id='word_1_724' title='bbox 2393 4040 2464 4094; x_wconf 92' lang='lat' dir='ltr'><strong>sit</strong></span> <span class='ocrx_word' id='word_1_725' title='bbox 2500 4040 2779 4105; x_wconf 89' lang='lat' dir='ltr'><strong>ridiculus,</strong></span> <span class='ocrx_word' id='word_1_726' title='bbox 2834 4052 2889 4096; x_wconf 90' lang='lat' dir='ltr'><strong>et</strong></span> <span class='ocrx_word' id='word_1_727' title='bbox 2939 4052 3198 4114; x_wconf 85' lang='lat' dir='ltr'><strong>praeterea</strong></span> <span class='ocrx_word' id='word_1_728' title='bbox 3242 4056 3471 4112; x_wconf 87' lang='lat' dir='ltr'><strong>nugator</strong></span> 
     </span>
    </p>
   </div>
   <div class='ocr_carea' id='block_1_93' title="bbox 1900 4130 3464 4203">
    <p class='ocr_par' dir='ltr' id='par_1_93' title="bbox 1900 4130 3464 4203">
     <span class='ocr_line' id='line_1_93' title="bbox 1900 4130 3464 4203; baseline 0.004 -20"><span class='ocrx_word' id='word_1_729' title='bbox 1900 4145 2091 4195; x_wconf 88' lang='lat' dir='ltr'><strong>vanus,</strong></span> <span class='ocrx_word' id='word_1_730' title='bbox 2122 4143 2302 4184; x_wconf 86' lang='lat' dir='ltr'><strong>aerem</strong></span> <span class='ocrx_word' id='word_1_731' title='bbox 2362 4130 2678 4195; x_wconf 84' lang='lat' dir='ltr'><strong>verberans,</strong></span> <span class='ocrx_word' id='word_1_732' title='bbox 2717 4142 2772 4187; x_wconf 90' lang='lat' dir='ltr'><strong>et</strong></span> <span class='ocrx_word' id='word_1_733' title='bbox 2808 4148 3050 4203; x_wconf 87' lang='lat' dir='ltr'><strong>pugnans</strong></span> <span class='ocrx_word' id='word_1_734' title='bbox 3090 4135 3143 4189; x_wconf 90' lang='lat' dir='ltr'><strong>in</strong></span> <span class='ocrx_word' id='word_1_735' title='bbox 3173 4135 3464 4203; x_wconf 88' lang='lat' dir='ltr'><strong>incertum,</strong></span> 
     </span>
    </p>
   </div>
   <div class='ocr_carea' id='block_1_94' title="bbox 1900 4222 3470 4291">
    <p class='ocr_par' dir='ltr' id='par_1_94' title="bbox 1900 4222 3470 4291">
     <span class='ocr_line' id='line_1_94' title="bbox 1900 4222 3470 4291; baseline 0.004 -13"><span class='ocrx_word' id='word_1_736' title='bbox 1900 4234 1956 4278; x_wconf 92' lang='lat' dir='ltr'><strong>et</strong></span> <span class='ocrx_word' id='word_1_737' title='bbox 1980 4222 2125 4277; x_wconf 90' lang='lat' dir='ltr'><strong>nulla</strong></span> <span class='ocrx_word' id='word_1_738' title='bbox 2191 4236 2251 4276; x_wconf 92' lang='lat' dir='ltr'><strong>re</strong></span> <span class='ocrx_word' id='word_1_739' title='bbox 2306 4224 2580 4291; x_wconf 89' lang='lat' dir='ltr'><strong>proposita</strong></span> <span class='ocrx_word' id='word_1_740' title='bbox 2637 4223 2741 4278; x_wconf 83' lang='lat' dir='ltr'><strong>sibi</strong></span> <span class='ocrx_word' id='word_1_741' title='bbox 2794 4225 3073 4281; x_wconf 86' lang='lat' dir='ltr'><strong>molestias</strong></span> <span class='ocrx_word' id='word_1_742' title='bbox 3129 4241 3193 4281; x_wconf 90' lang='lat' dir='ltr'><strong>ac</strong></span> <span class='ocrx_word' id='word_1_743' title='bbox 3252 4227 3470 4284; x_wconf 85' lang='lat' dir='ltr'><strong>labores</strong></span> 
     </span>
    </p>
   </div>
   <div class='ocr_carea' id='block_1_95' title="bbox 1900 4310 3471 4386">
    <p class='ocr_par' dir='ltr' id='par_1_95' title="bbox 1900 4310 3471 4386">
     <span class='ocr_line' id='line_1_95' title="bbox 1900 4310 3471 4386; baseline 0.005 -21"><span class='ocrx_word' id='word_1_744' title='bbox 1900 4326 2179 4366; x_wconf 86' lang='lat' dir='ltr'><strong>assumens</strong></span> <span class='ocrx_word' id='word_1_745' title='bbox 2204 4312 2227 4365; x_wconf 90' lang='lat'><strong>?</strong></span> <span class='ocrx_word' id='word_1_746' title='bbox 2252 4310 2512 4380; x_wconf 89' lang='lat' dir='ltr'><strong>Oporterc</strong></span> <span class='ocrx_word' id='word_1_747' title='bbox 2535 4314 2676 4367; x_wconf 90' lang='lat' dir='ltr'><strong>enim</strong></span> <span class='ocrx_word' id='word_1_748' title='bbox 2704 4315 2951 4384; x_wconf 87' lang='lat' dir='ltr'><strong>equidem</strong></span> <span class='ocrx_word' id='word_1_749' title='bbox 2986 4326 3137 4386; x_wconf 90' lang='lat' dir='ltr'><strong>puto,</strong></span> <span class='ocrx_word' id='word_1_750' title='bbox 3172 4318 3322 4386; x_wconf 87' lang='lat' dir='ltr'><strong>prius</strong></span> <span class='ocrx_word' id='word_1_751' title='bbox 3351 4333 3471 4386; x_wconf 88' lang='lat' dir='ltr'><strong>pro-</strong></span> 
     </span>
    </p>
   </div>
   <div class='ocr_carea' id='block_1_96' title="bbox 1901 4403 3469 4473">
    <p class='ocr_par' dir='ltr' id='par_1_96' title="bbox 1901 4403 3469 4473">
     <span class='ocr_line' id='line_1_96' title="bbox 1901 4403 3469 4473; baseline 0.004 -16"><span class='ocrx_word' id='word_1_752' title='bbox 1901 4404 2136 4473; x_wconf 91' lang='lat' dir='ltr'><strong>positum</strong></span> <span class='ocrx_word' id='word_1_753' title='bbox 2189 4417 2308 4459; x_wconf 88' lang='lat' dir='ltr'><strong>esse</strong></span> <span class='ocrx_word' id='word_1_754' title='bbox 2366 4403 2567 4473; x_wconf 88' lang='lat' dir='ltr'><strong>aliquid</strong></span> <span class='ocrx_word' id='word_1_755' title='bbox 2600 4406 2652 4459; x_wconf 93' lang='lat' dir='ltr'><strong>iu</strong></span> <span class='ocrx_word' id='word_1_756' title='bbox 2680 4406 2952 4471; x_wconf 85' lang='lat' dir='ltr'><strong>confesso,</strong></span> <span class='ocrx_word' id='word_1_757' title='bbox 3007 4416 3065 4461; x_wconf 90' lang='lat' dir='ltr'><strong>ut</strong></span> <span class='ocrx_word' id='word_1_758' title='bbox 3121 4409 3225 4463; x_wconf 90' lang='lat' dir='ltr'><strong>rite</strong></span> <span class='ocrx_word' id='word_1_759' title='bbox 3287 4420 3397 4462; x_wconf 90' lang='lat' dir='ltr'><strong>tum</strong></span> <span class='ocrx_word' id='word_1_760' title='bbox 3438 4425 3469 4463; x_wconf 93' lang='lat' dir='ltr'><strong>a</strong></span> 
     </span>
    </p>
   </div>
   <div class='ocr_carea' id='block_1_97' title="bbox 1906 4493 3471 4565">
    <p class='ocr_par' dir='ltr' id='par_1_97' title="bbox 1906 4493 3471 4565">
     <span class='ocr_line' id='line_1_97' title="bbox 1906 4493 3471 4565; baseline 0.004 -18"><span class='ocrx_word' id='word_1_761' title='bbox 1906 4493 2060 4547; x_wconf 77' lang='lat' dir='ltr'><strong>nobis</strong></span> <span class='ocrx_word' id='word_1_762' title='bbox 2120 4493 2375 4548; x_wconf 87' lang='lat' dir='ltr'><strong>refutatio</strong></span> <span class='ocrx_word' id='word_1_763' title='bbox 2458 4495 3259 4565; x_wconf 85' lang='lat' dir='ltr'><strong>subjungatur;verutntamen</strong></span> <span class='ocrx_word' id='word_1_764' title='bbox 3339 4500 3471 4554; x_wconf 89' lang='lat' dir='ltr'><strong>illud</strong></span> 
     </span>
    </p>
   </div>
   <div class='ocr_carea' id='block_1_98' title="bbox 1903 4584 3469 4658">
    <p class='ocr_par' dir='ltr' id='par_1_98' title="bbox 1903 4584 3469 4658">
     <span class='ocr_line' id='line_1_98' title="bbox 1903 4584 3469 4658; baseline 0.006 -22"><span class='ocrx_word' id='word_1_765' title='bbox 1903 4584 2187 4638; x_wconf 90' lang='lat' dir='ltr'><strong>dicendum</strong></span> <span class='ocrx_word' id='word_1_766' title='bbox 2252 4586 2466 4639; x_wconf 89' lang='lat' dir='ltr'><strong>videtur</strong></span> <span class='ocrx_word' id='word_1_767' title='bbox 2498 4605 2511 4640; x_wconf 88' lang='lat'><strong>:</strong></span> <span class='ocrx_word' id='word_1_768' title='bbox 2544 4603 2667 4641; x_wconf 90' lang='lat' dir='ltr'><strong>nam</strong></span> <span class='ocrx_word' id='word_1_769' title='bbox 2704 4588 2747 4642; x_wconf 91' lang='lat' dir='ltr'><strong>si</strong></span> <span class='ocrx_word' id='word_1_770' title='bbox 2775 4597 2917 4643; x_wconf 89' lang='lat' dir='ltr'><strong>esset</strong></span> <span class='ocrx_word' id='word_1_771' title='bbox 2949 4590 3038 4658; x_wconf 88' lang='lat' dir='ltr'><strong>qui</strong></span> <span class='ocrx_word' id='word_1_772' title='bbox 3076 4589 3259 4645; x_wconf 90' lang='lat' dir='ltr'><strong>dicere</strong></span> <span class='ocrx_word' id='word_1_773' title='bbox 3300 4593 3469 4645; x_wconf 87' lang='lat' dir='ltr'><strong>aude—</strong></span> 
     </span>
    </p>
   </div>
   <div class='ocr_carea' id='block_1_99' title="bbox 1903 4674 3472 4751">
    <p class='ocr_par' dir='ltr' id='par_1_99' title="bbox 1903 4674 3472 4751">
     <span class='ocr_line' id='line_1_99' title="bbox 1903 4674 3472 4751; baseline 0.006 -22"><span class='ocrx_word' id='word_1_774' title='bbox 1903 4683 2004 4741; x_wconf 90' lang='lat' dir='ltr'><strong>ret,</strong></span> <span class='ocrx_word' id='word_1_775' title='bbox 2034 4676 2206 4746; x_wconf 90' lang='lat' dir='ltr'><strong>ipsum</strong></span> <span class='ocrx_word' id='word_1_776' title='bbox 2233 4674 2330 4732; x_wconf 86' lang='lat' dir='ltr'><strong>Dei</strong></span> <span class='ocrx_word' id='word_1_777' title='bbox 2370 4675 2607 4735; x_wconf 86' lang='lat' dir='ltr'><strong>Verbum</strong></span> <span class='ocrx_word' id='word_1_778' title='bbox 2660 4682 2712 4735; x_wconf 92' lang='lat' dir='ltr'><strong>in</strong></span> <span class='ocrx_word' id='word_1_779' title='bbox 2770 4681 3014 4751; x_wconf 87' lang='lat' dir='ltr'><strong>corporis</strong></span> <span class='ocrx_word' id='word_1_780' title='bbox 3068 4693 3313 4735; x_wconf 87' lang='lat' dir='ltr'><strong>naturant</strong></span> <span class='ocrx_word' id='word_1_781' title='bbox 3348 4698 3472 4738; x_wconf 87' lang='lat' dir='ltr'><strong>esse</strong></span> 
     </span>
    </p>
   </div>
   <div class='ocr_carea' id='block_1_100' title="bbox 1903 4773 3471 4843">
    <p class='ocr_par' dir='ltr' id='par_1_100' title="bbox 1903 4773 3471 4843">
     <span class='ocr_line' id='line_1_100' title="bbox 1903 4773 3471 4843; baseline 0.005 -23"><span class='ocrx_word' id='word_1_782' title='bbox 1903 4778 2188 4834; x_wconf 88' lang='lat' dir='ltr'><strong>mutatum,</strong></span> <span class='ocrx_word' id='word_1_783' title='bbox 2223 4781 2503 4826; x_wconf 88' lang='lat' dir='ltr'><strong>accusaret</strong></span> <span class='ocrx_word' id='word_1_784' title='bbox 2524 4773 2806 4843; x_wconf 86' lang='lat' dir='ltr'><strong>quispiam,</strong></span> <span class='ocrx_word' id='word_1_785' title='bbox 2837 4784 2891 4827; x_wconf 86' lang='lat' dir='ltr'><strong>et</strong></span> <span class='ocrx_word' id='word_1_786' title='bbox 2919 4774 3131 4842; x_wconf 90' lang='lat' dir='ltr'><strong>quidem</strong></span> <span class='ocrx_word' id='word_1_787' title='bbox 3151 4773 3293 4842; x_wconf 82' lang='lat' dir='ltr'><strong>jure,</strong></span> <span class='ocrx_word' id='word_1_788' title='bbox 3326 4774 3471 4841; x_wconf 85' lang='lat' dir='ltr'><strong>quod</strong></span> 
     </span>
    </p>
   </div>
   <div class='ocr_carea' id='block_1_101' title="bbox 1906 4862 3472 4931">
    <p class='ocr_par' dir='ltr' id='par_1_101' title="bbox 1906 4862 3472 4931">
     <span class='ocr_line' id='line_1_101' title="bbox 1906 4862 3472 4931; baseline 0 -16"><span class='ocrx_word' id='word_1_789' title='bbox 1906 4876 2014 4915; x_wconf 90' lang='lat' dir='ltr'><strong>non</strong></span> <span class='ocrx_word' id='word_1_790' title='bbox 2051 4862 2277 4915; x_wconf 82' lang='lat' dir='ltr'><strong>dixisset</strong></span> <span class='ocrx_word' id='word_1_791' title='bbox 2317 4878 2434 4916; x_wconf 90' lang='lat' dir='ltr'><strong>cum</strong></span> <span class='ocrx_word' id='word_1_792' title='bbox 2493 4877 2689 4929; x_wconf 86' lang='lat' dir='ltr'><strong>corpus</strong></span> <span class='ocrx_word' id='word_1_793' title='bbox 2735 4864 2886 4917; x_wconf 78' lang='lat' dir='ltr'><strong>daret</strong></span> <span class='ocrx_word' id='word_1_794' title='bbox 2918 4879 2932 4916; x_wconf 87' lang='lat'><strong>:</strong></span> <span class='ocrx_word' id='word_1_795' title='bbox 2962 4864 3221 4931; x_wconf 83' lang='lat' dir='ltr'><strong>Accipite,</strong></span> <span class='ocrx_word' id='word_1_796' title='bbox 3245 4864 3472 4918; x_wconf 88' lang='lat' dir='ltr'><strong>mandu-</strong></span> 
     </span>
    </p>
   </div>
   <div class='ocr_carea' id='block_1_102' title="bbox 1902 4950 3472 5021">
    <p class='ocr_par' dir='ltr' id='par_1_102' title="bbox 1902 4950 3472 5021">
     <span class='ocr_line' id='line_1_102' title="bbox 1902 4950 3472 5021; baseline 0 -16"><span class='ocrx_word' id='word_1_797' title='bbox 1902 4962 2043 5016; x_wconf 88' lang='lat' dir='ltr'><strong>cate,</strong></span> <span class='ocrx_word' id='word_1_798' title='bbox 2068 4952 2169 5005; x_wconf 89' lang='lat' dir='ltr'><strong>boc</strong></span> <span class='ocrx_word' id='word_1_799' title='bbox 2197 4962 2280 5006; x_wconf 89' lang='lat' dir='ltr'><strong>est</strong></span> <span class='ocrx_word' id='word_1_800' title='bbox 2309 4967 2423 5005; x_wconf 86' lang='lat' dir='ltr'><strong>mea</strong></span> <span class='ocrx_word' id='word_1_801' title='bbox 2467 4950 2724 5005; x_wconf 90' lang='lat' dir='ltr'><strong>divinitas</strong></span> <span class='ocrx_word' id='word_1_802' title='bbox 2757 4967 2877 5020; x_wconf 66' lang='lat' dir='ltr'><strong>quas</strong></span> <span class='ocrx_word' id='word_1_803' title='bbox 2943 4967 3041 5021; x_wconf 84' lang='lat' dir='ltr'><strong>pro</strong></span> <span class='ocrx_word' id='word_1_804' title='bbox 3072 4952 3227 5007; x_wconf 88' lang='lat' dir='ltr'><strong>vobis</strong></span> <span class='ocrx_word' id='word_1_805' title='bbox 3269 4951 3472 5021; x_wconf 87' lang='lat' dir='ltr'><strong>frangi-</strong></span> 
     </span>
    </p>
   </div>
   <div class='ocr_carea' id='block_1_103' title="bbox 1907 5041 3471 5110">
    <p class='ocr_par' dir='ltr' id='par_1_103' title="bbox 1907 5041 3471 5110">
     <span class='ocr_line' id='line_1_103' title="bbox 1907 5041 3471 5110; baseline 0.001 -15"><span class='ocrx_word' id='word_1_806' title='bbox 1907 5052 2011 5106; x_wconf 88' lang='lat' dir='ltr'><strong>tur,</strong></span> <span class='ocrx_word' id='word_1_807' title='bbox 2046 5043 2218 5097; x_wconf 87' lang='lat' dir='ltr'><strong>ethoc</strong></span> <span class='ocrx_word' id='word_1_808' title='bbox 2242 5052 2323 5097; x_wconf 90' lang='lat' dir='ltr'><strong>est</strong></span> <span class='ocrx_word' id='word_1_809' title='bbox 2348 5057 2451 5096; x_wconf 91' lang='lat' dir='ltr'><strong>non</strong></span> <span class='ocrx_word' id='word_1_810' title='bbox 2480 5042 2699 5110; x_wconf 88' lang='lat' dir='ltr'><strong>sanguis</strong></span> <span class='ocrx_word' id='word_1_811' title='bbox 2742 5056 2915 5106; x_wconf 90' lang='lat' dir='ltr'><strong>meus,</strong></span> <span class='ocrx_word' id='word_1_812' title='bbox 2950 5042 3041 5097; x_wconf 87' lang='lat' dir='ltr'><strong>sed</strong></span> <span class='ocrx_word' id='word_1_813' title='bbox 3065 5041 3320 5095; x_wconf 91' lang='lat' dir='ltr'><strong>divinitas</strong></span> <span class='ocrx_word' id='word_1_814' title='bbox 3350 5056 3471 5110; x_wconf 74' lang='lat' dir='ltr'><strong>qua:</strong></span> 
     </span>
    </p>
   </div>
   <div class='ocr_carea' id='block_1_104' title="bbox 1902 5130 3471 5200">
    <p class='ocr_par' dir='ltr' id='par_1_104' title="bbox 1902 5130 3471 5200">
     <span class='ocr_line' id='line_1_104' title="bbox 1902 5130 3471 5200; baseline 0 -17"><span class='ocrx_word' id='word_1_815' title='bbox 1902 5146 2001 5200; x_wconf 87' lang='lat' dir='ltr'><strong>pro</strong></span> <span class='ocrx_word' id='word_1_816' title='bbox 2055 5132 2209 5186; x_wconf 88' lang='lat' dir='ltr'><strong>vobis</strong></span> <span class='ocrx_word' id='word_1_817' title='bbox 2270 5130 2562 5186; x_wconf 82' lang='lat' dir='ltr'><strong>ell‘unditur</strong></span> <span class='ocrx_word' id='word_1_818' title='bbox 2589 5148 2602 5185; x_wconf 93' lang='lat'>:</span> <span class='ocrx_word' id='word_1_819' title='bbox 2630 5146 2773 5185; x_wconf 90' lang='lat' dir='ltr'><strong>nunc</strong></span> <span class='ocrx_word' id='word_1_820' title='bbox 2815 5145 2944 5186; x_wconf 90' lang='lat' dir='ltr'><strong>vero</strong></span> <span class='ocrx_word' id='word_1_821' title='bbox 2980 5146 3101 5186; x_wconf 90' lang='lat' dir='ltr'><strong>cum</strong></span> <span class='ocrx_word' id='word_1_822' title='bbox 3132 5131 3305 5200; x_wconf 89' lang='lat' dir='ltr'><strong>ipsum</strong></span> <span class='ocrx_word' id='word_1_823' title='bbox 3336 5130 3471 5184; x_wconf 84' lang='lat' dir='ltr'><strong>Ver-</strong></span> 
     </span>
    </p>
   </div>
   <div class='ocr_carea' id='block_1_105' title="bbox 1904 5221 3471 5293">
    <p class='ocr_par' dir='ltr' id='par_1_105' title="bbox 1904 5221 3471 5293">
     <span class='ocr_line' id='line_1_105' title="bbox 1904 5221 3471 5293; baseline 0.003 -18"><span class='ocrx_word' id='word_1_824' title='bbox 1904 5222 2051 5285; x_wconf 90' lang='lat' dir='ltr'><strong>bum,</strong></span> <span class='ocrx_word' id='word_1_825' title='bbox 2090 5224 2233 5291; x_wconf 87' lang='lat' dir='ltr'><strong>quod</strong></span> <span class='ocrx_word' id='word_1_826' title='bbox 2274 5222 2410 5277; x_wconf 86' lang='lat' dir='ltr'><strong>Deus</strong></span> <span class='ocrx_word' id='word_1_827' title='bbox 2437 5231 2575 5287; x_wconf 89' lang='lat' dir='ltr'><strong>erat,</strong></span> <span class='ocrx_word' id='word_1_828' title='bbox 2604 5222 2881 5293; x_wconf 90' lang='lat' dir='ltr'><strong>proprium</strong></span> <span class='ocrx_word' id='word_1_829' title='bbox 2918 5222 3026 5277; x_wconf 88' lang='lat' dir='ltr'><strong>sibi</strong></span> <span class='ocrx_word' id='word_1_830' title='bbox 3067 5222 3260 5277; x_wconf 89' lang='lat' dir='ltr'><strong>fecerit</strong></span> <span class='ocrx_word' id='word_1_831' title='bbox 3311 5221 3471 5293; x_wconf 80' lang='grc'>119</span> 
     </span>
    </p>
   </div>
   <div class='ocr_carea' id='block_1_106' title="bbox 1902 5314 3469 5387">
    <p class='ocr_par' dir='ltr' id='par_1_106' title="bbox 1902 5314 3469 5387">
     <span class='ocr_line' id='line_1_106' title="bbox 1902 5314 3469 5387; baseline 0 -20"><span class='ocrx_word' id='word_1_832' title='bbox 1902 5328 2101 5383; x_wconf 89' lang='lat' dir='ltr'><strong>corpus</strong></span> <span class='ocrx_word' id='word_1_833' title='bbox 2132 5325 2312 5368; x_wconf 89' lang='lat' dir='ltr'><strong>uatum</strong></span> <span class='ocrx_word' id='word_1_834' title='bbox 2334 5329 2399 5369; x_wconf 74' lang='lat' dir='ltr'><strong>ex</strong></span> <span class='ocrx_word' id='word_1_835' title='bbox 2449 5315 2694 5382; x_wconf 89' lang='lat' dir='ltr'><strong>muliere,</strong></span> <span class='ocrx_word' id='word_1_836' title='bbox 2736 5330 2911 5387; x_wconf 83' lang='lat' dir='ltr'><strong>neque</strong></span> <span class='ocrx_word' id='word_1_837' title='bbox 2937 5315 3100 5372; x_wconf 89' lang='lat' dir='ltr'><strong>ullam</strong></span> <span class='ocrx_word' id='word_1_838' title='bbox 3142 5325 3232 5371; x_wconf 89' lang='lat' dir='ltr'><strong>aut</strong></span> <span class='ocrx_word' id='word_1_839' title='bbox 3271 5314 3469 5369; x_wconf 82' lang='lat' dir='ltr'><strong>altera-</strong></span> 
     </span>
    </p>
   </div>
   <div class='ocr_carea' id='block_1_107' title="bbox 1479 5620 2220 5679">
    <p class='ocr_par' dir='ltr' id='par_1_107' title="bbox 1479 5620 2220 5679">
     <span class='ocr_line' id='line_1_107' title="bbox 1479 5620 2220 5679; baseline 0 -4"><span class='ocrx_word' id='word_1_840' title='bbox 1479 5620 1639 5677; x_wconf 84' lang='lat' dir='ltr'><strong>ANT.</strong></span> <span class='ocrx_word' id='word_1_841' title='bbox 1681 5620 1952 5678; x_wconf 80' lang='lat' dir='ltr'><strong>AGELLII</strong></span> <span class='ocrx_word' id='word_1_842' title='bbox 1991 5620 2220 5679; x_wconf 60' lang='lat' dir='ltr'><strong>NOTAL.</strong></span> 
     </span>
    </p>
   </div>
   <div class='ocr_carea' id='block_1_108' title="bbox 282 5776 1545 5851">
    <p class='ocr_par' dir='ltr' id='par_1_108' title="bbox 282 5776 1545 5851">
     <span class='ocr_line' id='line_1_108' title="bbox 282 5776 1545 5851; baseline -0.002 -19"><span class='ocrx_word' id='word_1_843' title='bbox 282 5778 400 5851; x_wconf 77' lang='lat' dir='ltr'><strong>(5t)</strong></span> <span class='ocrx_word' id='word_1_844' title='bbox 426 5776 749 5849; x_wconf 64' lang='lat' dir='ltr'><strong>Praepositio</strong></span> <span class='ocrx_word' id='word_1_845' title='bbox 779 5777 915 5833; x_wconf 84' lang='grc' dir='ltr'>κατὰ</span> <span class='ocrx_word' id='word_1_846' title='bbox 953 5777 1165 5833; x_wconf 86' lang='lat' dir='ltr'><strong>videtur</strong></span> <span class='ocrx_word' id='word_1_847' title='bbox 1192 5789 1545 5847; x_wconf 85' lang='lat' dir='ltr'><strong>supervacua.</strong></span> 
     </span>
    </p>
   </div>
  </div>
