4088 6462
623 374 719 429 2H

1607 364 1664 421 s.
1706 361 1979 421 evntem
2019 343 2485 418 ALnxmuntNt
2526 363 2844 424 ARCHIEP.

3766 352 3869 406 ειξ

624 508 722 561 pro
771 489 1022 544 omnibus
1052 487 1236 543 datum
1281 488 1538 551 dicimus,
1584 494 1645 541 ut
1699 487 1813 556 ipse
1864 485 2025 555 plane
2064 482 2184 537 ait:

2307 486 2457 540 ιύτοῦ
2489 487 2627 551 Θεὸς
2661 488 2856 556 Λόγος,
2892 486 2987 540 καὶ
3018 485 3108 538 ὅτε
3151 482 3343 552 γέγονε
3374 476 3529 549 σάρξ·
3569 472 3729 529 οὕτω
3761 471 3871 541 γὰρ

629 601 650 633 ι
684 581 772 635 Sic
802 581 943 635 Deus
974 579 1162 635 dilexit
1189 578 1470 642 mundum,
1498 583 1559 631 ut
1583 575 1778 631 Filium
1808 590 1964 630 suum
1998 574 2189 641 unige-

625 672 797 727 nitum
849 671 1024 734 daret,
1067 678 1124 724 ut
1172 670 1352 725 omnis
1385 670 1475 739 qui
1524 668 1701 724 credit
1743 668 1796 721 in
1839 666 2037 735 ipsum,
2084 679 2190 719 non

626 769 834 830 pereat,
876 760 968 814 sed
1009 760 1207 814 habeat
1238 761 1405 814 vitam
1429 768 1685 814 aeternam
1711 759 1776 811 ³⁸μ.
1807 774 1829 810 ι
1873 756 2194 826 Unigenitus

628 861 710 906 est
748 868 875 921 ergo
907 852 1000 906 ille
1027 853 1187 907 datus
1218 870 1232 906 :
1265 867 1386 905 nam
1420 851 1594 907 solum
1622 859 1707 906 est
1744 865 1809 904 ex
1860 848 1954 902 Dei
1988 846 2195 901 Patris-

629 958 735 1011 que
763 951 944 996 natutn
992 943 1229 997 essentia
1261 941 1389 996 illud
1423 956 1487 996 ex
1515 956 1580 996 eo
1616 949 1669 995 et
1718 940 1770 994 in
1818 953 1886 994 eo
1932 938 2193 994 Verbum.

632 1032 739 1087 Sed
772 1034 893 1101 quia
934 1032 1137 1087 factum
1185 1041 1268 1088 est
1310 1034 1492 1097 homo,
1542 1047 1606 1087 ea
1659 1032 1727 1087 de
1780 1045 1943 1085 causa
1990 1029 2043 1084 in
2072 1042 2195 1084 eum

632 1124 928 1186 credimus.
952 1124 1095 1178 illius
1119 1125 1414 1180 secundum
1464 1138 1683 1179 carnem
1730 1122 1935 1177 obitant
1966 1129 2196 1175 mortem

632 1214 1122 1278 annuntiantes,et
1156 1215 1313 1270 simul
1348 1215 1797 1270 resurrectionem
1825 1213 2144 1268 conﬁtentes
2178 1227 2196 1278 ;

633 1305 881 1360 eumdem
929 1305 1164 1360 scientes
1192 1316 1244 1360 et
1293 1315 1419 1360 ante
1467 1306 1662 1359 saecula
1694 1303 2199 1369 Filium,etextre-

633 1395 739 1450 mis
769 1396 1100 1463 temporibus
1134 1397 1529 1465 dispensatorie
1562 1396 2201 1465 bominem,passumque

634 1495 855 1555 propter
878 1501 977 1541 nos
1014 1496 1237 1542 mortem
1272 1502 1455 1554 carne,
1482 1496 1538 1543 et
1566 1488 1858 1541 excitatum
1886 1500 1916 1540 a
1946 1485 2198 1541 mortuis.

638 1576 745 1633 Sed
792 1578 976 1634 nescio
997 1580 1265 1647 quomodo
1295 1579 1383 1634 h‘ic
1416 1577 1725 1635 Judaeorum
1754 1578 1995 1633 stultitiae
2020 1588 2203 1648 patro-

636 1683 739 1724 nus
768 1671 968 1727 nostris
1006 1671 1191 1727 verbis
1229 1671 1578 1742 indignatur;
1614 1687 1741 1726 nam
1772 1684 1987 1727 rursum
2028 1668 2200 1725 dixit:

705 1933 942 1991 Nssron.
974 1936 1148 2007 [Quod
1185 1937 1238 1992 in
1286 1937 1568 1993 nativitate
1608 1951 1672 1991 ex
1703 1934 1902 1991 Christi
1943 1932 2206 2004 genitrice

636 2022 859 2092 Virgine
889 2025 1072 2080 divina
1102 2026 1383 2095 Scriptura
1412 2037 1579 2097 ponat
1608 2026 1730 2080 Filii
1772 2040 1990 2089 nomen,
2021 2022 2205 2078 decla-

636 2114 894 2169 ravimus.
922 2115 1059 2169 Audi
1086 2116 1219 2185 jam,
1253 2117 1379 2171 etin
1421 2127 1618 2181 morte,
1658 2115 1828 2170 sicubi
1865 2114 2077 2170 tandem
2114 2112 2207 2167 Dei

638 2217 833 2257 nomen
857 2212 939 2258 est
962 2204 1216 2273 positum,
1246 2212 1303 2258 ut
1327 2204 1635 2274 passibilem
1659 2204 1824 2259 Deum
1848 2204 2165 2259 inducamus
2191 2218 2206 2256 :

643 2310 669 2345 ι
698 2292 831 2348 Cum
872 2293 1075 2352 inimici
1106 2308 1367 2359 essemus,
1413 2295 1604 2366 inquit,
1646 2293 1979 2349 reconciliati
2021 2307 2210 2349 sumus

642 2382 750 2437 Deo
777 2397 873 2452 per
902 2394 1127 2438 mortem
1153 2385 1276 2440 Filii
1299 2385 1413 2456 ejus
1435 2387 1499 2439 ³².
1540 2405 1560 2439 ι
1596 2385 1713 2441 Non
1754 2387 1909 2452 dixit,
1942 2401 2040 2457 per
2065 2401 2210 2442 mor-

643 2482 749 2530 tem
779 2473 883 2531 Dei.
903 2473 1113 2545 νυνδὴ]

1306 2615 1459 2675 CAP.
1501 2616 1542 2672 ι.

713 2724 911 2781 Verum
938 2741 1071 2783 sane
1106 2727 1364 2798 scriptum
1401 2728 1532 2784 illud
1559 2736 1680 2784 est:
1713 2746 1734 2781 ι
1772 2726 1959 2784 Justus
1989 2727 2129 2799 perit
2156 2727 2213 2783 in

636 2816 843 2886 iustitia
871 2834 966 2873 sua
990 2819 1055 2872 ³³.
1093 2836 1113 2869 ι
1152 2818 1287 2875 Nam
1312 2818 1475 2873 etiam
1510 2820 1726 2873 ﬁrmum
1753 2818 2074 2889 quandoque
2103 2818 2214 2872 ani-

641 2924 814 2976 mum,
849 2910 916 2963 ab
950 2924 1023 2965 eo.
1042 2910 1185 2979 quod
1212 2924 1424 2978 mquum
1458 2918 1561 2976 est,
1593 2909 1789 2964 avertit
1822 2910 1987 2965 homo
2020 2910 2084 2964 ad
2116 2922 2213 2963 no-

642 3004 871 3058 cendum
888 3003 1220 3071 compositus
1233 3002 1501 3072 (34),cum
1519 3001 1765 3057 utilitatis
1785 3002 2015 3072 speciem
2035 3002 2212 3056 laten-

642 3105 727 3149 ter
756 3095 951 3149 induit.
990 3094 1148 3149 Putat
1189 3095 1333 3148 enim
1370 3095 1511 3149 haud
1555 3095 1900 3150 mediocriter
1940 3109 1999 3149 se
2042 3094 2212 3164 pieta-

640 3197 751 3245 tem
793 3186 988 3253 colere,
1025 3187 1148 3241 dum
1180 3186 1232 3241 id
1266 3186 1587 3242 conﬁrmare
1615 3186 1807 3240 nititur
1834 3187 1975 3255 quod
2022 3199 2210 3241 omnes

643 3281 970 3343 conﬁtentur
1003 3295 1017 3333 :
1045 3288 1099 3335 et
1130 3280 1232 3334 hac
1263 3282 1329 3334 de
1359 3292 1521 3333 causa
1549 3276 1679 3333 dicit
1709 3276 1856 3331 illum
1880 3290 1948 3330 ex
1973 3276 2081 3330 Deo
2109 3276 2210 3329 Pa-

643 3382 727 3427 tre
779 3370 977 3431 Filium
1039 3388 1105 3425 ex
1158 3380 1347 3425 natura
1408 3384 1504 3425 sua
1565 3369 1723 3439 longe
1782 3382 1812 3421 a
1869 3366 2213 3437 passionibus

642 3467 853 3531 abesse,
892 3464 1051 3535 122
1072 3474 1126 3518 et
1156 3464 1359 3519 tentari,
1384 3472 1555 3518 morte
1583 3473 1642 3516 ut
1673 3463 1836 3518 Deum
1870 3461 2018 3515 nullo
2050 3460 2210 3515 modo

644 3574 827 3627 posse,
854 3574 975 3612 nam
1006 3560 1123 3628 ipsa
1144 3558 1259 3611 vita
1285 3558 1471 3627 utique
1497 3556 1678 3626 aliquo
1706 3555 1866 3610 modo
1892 3562 2209 3608 moreretur.
2242 3568 2255 3595 κ

646 3652 751 3707 Sed
792 3660 1054 3721 repugnat
1086 3659 1261 3705 tamen
1291 3650 1451 3703 etiam
1478 3662 1620 3703 nunc
1645 3646 1897 3701 Ecclesiae
1927 3644 2211 3714 dogmatis,

644 3742 789 3796 illam
819 3741 1092 3810 Unigeniti
1133 3755 1253 3794 cum
1290 3754 1456 3794 carne
1489 3738 1944 3808 dispensationem
1990 3736 2214 3805 omnino

644 3843 1020 3897 contenmens,
1056 3841 1108 3887 et
1139 3832 1271 3886 tanti
1321 3831 1566 3902 mysterii
1612 3829 2029 3899 profunditatem
2064 3826 2214 3881 nullo

643 3921 803 3975 modo
832 3920 1203 3975 considerans.
1247 3919 1408 3974 Certe
1452 3919 1495 3974 si
1541 3918 1625 3973 vel
1658 3917 1758 3987 ipsi
1803 3917 2215 3986 exquireremus

641 4012 945 4081 qualisnam
987 4013 1056 4066 sit
1086 4011 1173 4064 illa
1218 4008 1377 4065 Verbi
1424 4018 1638 4076 natura,
1671 4008 1752 4062 vel
1784 4010 1827 4061 si
1869 4008 1991 4061 aliis
2020 4020 2215 4076 rogan-

643 4103 787 4157 tibus
833 4118 895 4155 ac
950 4101 1162 4155 discere
1222 4098 1560 4167 cupientibus
1608 4111 2024 4166 exponeremus,
2072 4103 2218 4149 esset

644 4188 839 4261 procul
894 4188 1055 4243 dubio
1123 4203 1460 4258 consequens
1524 4202 1588 4243 ac
1641 4186 2055 4249 necessarium,
2121 4200 2218 4255 per

644 4295 834 4335 omnes
873 4280 1148 4347 sapientes
1182 4294 1445 4350 verasque
1482 4278 1780 4334 sententias
1818 4277 2059 4333 studiose
2092 4291 2217 4345 per-

644 4370 932 4431 currendo.
972 4370 1174 4423 nullum
1206 4385 1325 4425 esse
1351 4370 1507 4425 morti
1535 4369 1601 4422 ad
1636 4368 1782 4423 illam
1810 4382 2124 4432 accessum,
2160 4377 2217 4421 et

2291 575 2454 628 αὑτὸν
2493 578 2589 629 καὶ
2630 575 2771 647 ὑπὲρ
2804 577 3022 630 πάντων
3047 571 3291 627 δεδόσθαι
3344 568 3545 639 φαμὲν,
3585 562 3734 618 καθά
3778 560 3871 612 καὶ

2293 668 2455 732 αὐτός
2486 669 2590 722 πού
2619 684 2783 739 φησιν
2806 683 2819 697 ⁸
2857 686 2877 719 ι
2914 665 3069 719 υῦτω
3098 663 3206 734 γάρ
3235 659 3521 731 ἠγάπησεν
3554 657 3584 708 6
3616 653 3753 716 Θεὸς
3782 650 3871 703 τὸν

2294 761 2519 830 κόσμον,
2550 760 2691 814 ὥστε
2733 759 2825 813 τὸν
2854 757 2983 811 Υἰδν
3022 753 3316 820 αὐτοῦκτδν
3354 750 3613 821 μονογενῆ
3645 746 3869 803 ἔδωκεν.

2295 851 2383 904 ἵνα
2415 853 2522 914 πᾶς
2549 852 2578 904 6
2609 849 2879 903 πιστεύων
2904 849 2983 911 εἰς
3012 846 3173 901 αὐτὸν
3205 845 3280 915 μὴ
3309 842 3597 911 ἀπόληται,
3630 837 3748 891 ἀλλ’
3774 834 3871 904 ἔχῃ

2297 940 2443 1012 ζωὴν
2475 940 2711 995 αἰώνιον.
2752 959 2771 992 ›
2809 938 3120 1008 Μονογενὴς
3153 935 3251 1007 μὲν
3272 930 3365 987 οῦν
3393 934 3421 986 6
3455 931 3632 993 δοθείς
3653 944 3668 958 ο
3696 926 3870 993 ἀνέφυ

2297 1033 2406 1104 γὰρ
2440 1033 2599 1104 μόνος
2632 1035 2697 1086 ἐκ
2739 1033 2839 1103 τῆς
2864 1030 2957 1084 τοῦ
2989 1030 3124 1083 Θεοῦ
3163 1028 3258 1081 καὶ
3281 1025 3496 1096 [ἰατρὸς
3530 1021 3721 1085 ούσίας
3755 1021 3786 1071 6
3816 1017 3873 1083 ἐξ

2297 1123 2460 1178 αὐτοῦ
2489 1140 2547 1176 τε
2577 1123 2672 1175 καὶ
2698 1123 2757 1175 ὲν
2785 1120 2935 1191 αύτῷ
2970 1119 3161 1189 Λόγος.
3204 1115 3425 1186 Ἐπειδὴ
3447 1114 3506 1167 δὲ
3532 1111 3763 1181 γέγονεν
3786 1107 3876 1162 ἀν-

2300 1216 2539 1287 θρωπος,
2561 1212 2736 1286 ταύτῃ
2764 1230 2844 1267 τοι
2872 1211 2971 1283 τὴν
3008 1213 3089 1274 εἰς
3124 1209 3289 1264 αὑτὸν
3321 1203 3625 1275 ποιούμεθα
3668 1200 3874 1264 πίστιν,

2298 1307 2391 1362 τὸν
2424 1304 2567 1359 κατὰ
2597 1303 2776 1375 σάρκα
2807 1303 3037 1358 θάνατον
3065 1299 3229 1355 αὑτοῦ
3266 1295 3753 1365 καταγγέλλοντες,
3784 1292 3876 1343 καὶ

2301 1395 2686 1468 ὁμολογοῦντες
2730 1393 2828 1465 τὴν
2862 1394 3159 1448 ἀνάστασιν
3180 1406 3194 1419 ⁸
3223 1389 3314 1444 τὸν
3350 1387 3511 1442 αὑτὸν
3549 1385 3754 1446 εἰδότες
3785 1380 3876 1434 καὶ

2301 1484 2629 1557 προαιὼνιον
2661 1484 2811 1548 Υίδν,
2841 1483 2937 1537 καὶ¹
2966 1483 3025 1537 ὲν
3067 1482 3317 1552 ἐσχάτοις
3348 1478 3561 1549 καιροῖς
3587 1473 3877 1544 ἄνθρωπον

2301 1577 2682 1648 οἰκονομικῶς,
2725 1576 2965 1630 παθόντα
3008 1591 3069 1627 τε
3111 1573 3275 1644 σαρκί
3316 1571 3383 1624 δι’
3413 1570 3561 1639 ἡμᾶς
3590 1567 3685 1619 τὸν
3711 1564 3876 1619 θάνα-

2302 1687 2413 1734 τον,
2445 1668 2540 1722 καὶ
2560 1666 2928 1738 ἐγηγερμένον
2954 1668 3018 1719 ὲκ
3037 1664 3266 1735 νεκρῶν.
3304 1661 3447 1715 Ἀλλ·
3480 1661 3582 1713 οὐκ
3607 1652 3706 1710 οἷδ’
3729 1657 3875 1717 ὅπως

2234 1809 2279 1867 Β
2305 1765 2417 1824 τοῖς
2448 1762 2579 1833 παρ’
2613 1761 2769 1832 ἡμῶν
2813 1758 3143 1830 ὲπασχάλλει
3171 1756 3352 1824 λόγοις
3388 1755 3418 1808 6
3461 1754 3561 1823 τῆς
3604 1749 3876 1804 Ἰουδαίων

2308 1853 2549 1925 ἀμαθίας
2579 1853 2877 1923 συνήγορος
2895 1867 2911 1882 ο
2939 1850 3046 1921 ἔφη
3083 1847 3193 1918 γὰρ
3222 1846 3383 1901 πάλιν
3404 1861 3420 1874 ο

2312 1978 2315 1979 ,
2379 1944 2524 2017 [~0ﬂ
2564 1944 2661 2014 μὲν
2686 1938 2778 1998 οὖν
2802 1941 2895 1996 ἐπὶ
2923 1941 3026 2010 τῆς
3065 1939 3369 2009 γεννήσεως
3393 1934 3494 2005 τῆς
3523 1933 3589 1986 ὲκ
3619 1932 3723 2000 τῆς
3744 1930 3878 1999 xm-

2308 2036 2562 2091 στοτόκου
2608 2033 2882 2106 Παρθένου
2908 2031 3090 2103 τίθησι
3131 2029 3212 2095 τὸ,
3247 2028 3399 2091 Υἱός,
3432 2028 3465 2096 ή
3499 2020 3621 2078 θεία
3666 2021 3878 2093 Γραφὴ.

2306 2128 2707 2200 δεδηλώκαμεν.
2742 2125 3009 2180 Ἀκουσον
3050 2122 3108 2176 δὲ
3141 2120 3237 2174 καὶ
3284 2118 3377 2173 ἐπὶ
3402 2114 3496 2170 τοῦ
3536 2113 3795 2176 θανάτου,
3833 2112 3879 2162 εί

2307 2222 2426 2275 ἐστι
2468 2218 2599 2273 ποτὲ
2634 2216 2886 2287 κείμενος
2928 2215 2963 2267 6
2988 2212 3140 2276 Θεός,
3185 2210 3274 2263 ἵνα
3322 2204 3564 2275 παθητὸν
3606 2203 3700 2256 τὸν
3750 2201 3881 2254 Θεὸν

2308 2309 2690 2379 εἰσαγάγωμεν
2710 2324 2724 2339 ·
2759 2323 2778 2358 ι
2828 2303 3068 2375 Ἐχθροὶ,
3101 2300 3303 2371 φησιν,
3348 2297 3499 2360 ὖντες
3538 2291 3881 2365 κατηλλάγη-

2314 2415 2412 2470 μεν
2437 2397 2517 2468 τῷ
2539 2378 2657 2468 Θεῷ
2680 2393 2769 2449 διὰ
2792 2392 2889 2448 τοῦ
2922 2391 3153 2446 θανάτου
3183 2387 3278 2442 τοῦ
3310 2383 3441 2439 Υἱαῦ
3475 2381 3665 2439 αὐτοῦ.
3712 2400 3739 2434 ι
3772 2378 3884 2433 Ούκ

2311 2489 2454 2558 εἷπε,
2478 2489 2570 2544 διὰ
2592 2487 2684 2543 τοῦ
2721 2485 2950 2542 θανάτου
2974 2482 3069 2538 τοῦ
3097 2481 3232 2535 Θεοῦ
3266 2475 3501 2548 Λόγου.]

2905 2620 3155 2677 ΚΕΦᾹΛ.
3197 2619 3278 2672 A’.

2394 2741 2620 2813 Ἀληθὲς
2650 2740 2731 2793 ὅτι
2757 2737 2898 2792 κατά
2925 2736 2986 2789 τὸ
3018 2729 3404 2807 γεγραμμένον
3431 2724 3574 2779 ὲστί·
3609 2742 3627 2775 ι
3669 2722 3887 2813 Δίκαιος

2312 2811 2686 2905 ἀπολλύμενος
2732 2834 2788 2884 ὲν
2837 2827 3028 2898 δικαίῳ
3075 2822 3263 2879 αὐτοῦ.
3302 2840 3323 2875 ι
3364 2816 3656 2889 Ἀποφέρει
3704 2815 3764 2867 δὲ
3794 2811 3886 2905 τοῦ

2312 2904 2540 2992 εἰκότος,
2572 2925 2667 2978 καὶ
2692 2923 2783 2977 τὸν
2823 2917 2883 2975 εὖ
2925 2918 3198 2989 βεϐηκότα
3243 2913 3390 2977 νοῦν,
3414 2912 3514 2981 τὴν
3555 2907 3647 2962 τοῦ
3685 2904 3891 2975 συμφέ-

2315 3035 2499 3092 ροντος
2532 3017 2750 3086 δόκησιν
2777 3011 3088 3083 ὑποτρέχων
3124 3006 3235 3061 ἐσθ’
3260 3008 3369 3066 ὅτε.
3401 3003 3462 3057 τὸ
3488 2999 3737 3092 πεφυκὸς
3770 2996 3885 3092 ἀδι-

2238 3141 2280 3199 C
2315 3088 2451 3165 κεῖν.
2484 3108 2668 3161 Οίεται
2703 3105 2800 3175 μὲν
2828 3102 2937 3173 γὰρ
2965 3101 3024 3154 οὐ
3067 3092 3596 3199 μετρίωςηεύσεὸοείν,
3629 3088 3710 3199 τδὶ
3724 3088 3890 3199 πᾶσιν

2314 3196 2741 3271 ὁμολογούμενον
2764 3192 3053 3266 κρατύνειν
3074 3187 3385 3259 ἐπιχειρῶνο
3404 3184 3576 3253 ταύτῃ
3589 3197 3672 3235 τοι
3690 3179 3887 3271 λέγων,

2312 3269 2393 3349 ὅτι
2420 3289 2562 3344 κατά
2611 3286 2773 3358 φύσιν
2824 3284 2958 3338 ἰδίαν
2989 3279 3246 3335 ὲπέκεινά
3275 3278 3334 3331 τέ
3358 3279 3497 3357 ’ἐστι
3552 3271 3769 3333 παθῶν,
3799 3269 3892 3322 καὶ

2314 3381 2545 3437 θανάτου
2575 3378 2841 3449 κρείττων
2868 3375 2941 3439 ὡς
2971 3374 3102 3437 Θεὸς
3130 3375 3159 3426 6
3191 3373 3255 3426 ὲκ
3283 3366 3415 3423 Θεοῦ
3456 3364 3666 3435 Πατρός
3694 3362 3889 3429 Λόγος

2312 3471 2531 3541 τεθναίη
2559 3470 2666 3540 γὰρ
2689 3467 2755 3522 ἂν
2781 3466 2924 3520 κατά
2951 3482 3071 3519 τινα
3095 3463 3294 3534 τρόπον
3319 3463 3353 3530 ἡ
3386 3458 3497 3527 ζωή
3522 3476 3535 3489 ·
3562 3451 3893 3527 προσκρούει

2314 3579 2378 3631 γε
2411 3561 2514 3633 μὴν
2536 3560 2691 3615 οὐδὲν
2719 3553 2883 3629 ἦττον
2912 3555 3005 3610 καί
3048 3553 3142 3607 νῦν
3170 3556 3282 3617 τοῖς
3322 3552 3421 3621 τῆς
3456 3546 3784 3617 Ἐκκλησίας
3811 3544 3896 3597 δός

2313 3671 2511 3723 γμασι,
2538 3651 2637 3723 τῆς
2670 3651 2807 3720 μετά
2837 3647 3038 3719 σαρκὸς
3069 3644 3378 3717 οἰκονομίας
3411 3640 3503 3694 τοῦ
3552 3636 3895 3706 Μονογενοῦς

2314 3747 2393 3809 εἰς
2424 3746 2570 3799 ἆπαν
2617 3739 2950 3813 ἠφειδηκὼς,
3004 3736 3222 3793 καὶτοῦ
3265 3733 3565 3807 μυστηρίου
3603 3731 3665 3784 τὸ
3728 3729 3891 3799 βάθος

2314 3838 2436 3890 κατ’
2470 3836 2659 3889 ούδένα
2702 3833 2902 3904 τρόπον
2930 3830 3145 3885 ἐννοῶν.
3179 3829 3241 3881 Εἰ
3280 3830 3375 3898 μὲν
3398 3822 3707 3891 ἐξετάζοιτο
3753 3819 3892 3891 πρὸς

2315 3924 2474 3996 ἡμῶν
2506 3922 2666 3977 ὁποία
2684 3921 2767 3984 τίς
2800 3921 2946 3973 ἐστιν
2977 3921 3009 3990 ἡ
3035 3916 3129 3971 τοῦ
3152 3916 3323 3984 Λόγου
3353 3913 3533 3982 φύσις,
3558 3913 3729 3982 ἤγουν
3756 3911 3893 3979 ἐρω-

2319 4016 2499 4088 μένοις
2539 4014 2634 4068 καί
2682 4012 2981 4082 ἀναμαθείν
3028 4008 3300 4063 ἐθέλουσιν
3340 4006 3566 4075 ἑτέροις,
3609 4003 3757 4072 ἡμᾶς
3810 4000 3892 4062 ἐξ-

2317 4103 2566 4177 ηγεῖσθαι
2596 4103 2699 4174 χρή
2724 4118 2738 4132 ο
2780 4099 2847 4172 ἦν
2877 4101 2941 4171 δή
2978 4116 3080 4153 που
3113 4098 3328 4160 πάντως
3356 4094 3644 4149 ἀκόλουθόν
3688 4110 3750 4145 τε
3803 4092 3900 4145 καὶ

2318 4197 2635 4267 ἀναγκαῖον,
2673 4193 2761 4247 διὰ
2795 4194 2975 4264 πάσης
3004 4190 3209 4252 ἐννοίας
3249 4186 3419 4256 σοφῆς
3448 4203 3507 4238 τε
3540 4184 3633 4237 καὶ
3659 4179 3901 4251 ἀληθοῦς

2321 4289 2458 4342 ἰέναι
2506 4283 2926 4349 σπουδάζοντας,
2981 4281 3273 4352 ἀπρόσιτον
3322 4275 3489 4346 αὐτὴν
3540 4272 3620 4344 τῷ
3677 4270 3901 4341 θανάτῳ

2317 4378 2601 4441 δεικνύειν,
2633 4377 2726 4430 καὶ
2753 4373 2940 4429 παθῶν
2970 4373 3049 4436 εἰς
3076 4372 3220 4425 ἅπαν
3259 4365 3705 4439 ἀπηλλαγμένην.
3744 4361 3901 4415 Ἐπεὶ

647 4461 698 4512 in
722 4461 1030 4513 universum
1056 4475 1083 4512 a
1108 4459 1449 4529 passionibus
1469 4472 1588 4514 esse
1610 4467 1875 4513 remotam
1900 4458 2206 4518 ostendere.

2317 4474 2371 4527 δὲ
2400 4474 2433 4526 6
2451 4472 2549 4542 τῆς
2587 4469 3054 4541 ὲνανθρωπήσεως
3083 4464 3284 4536 τρόπος
3317 4462 3530 4515 δίδωσιν
3558 4457 3705 4527 αύτῷ
3733 4456 3796 4509 τό
3836 4472 3899 4523 γε

646 4550 917 4617 Quoniam
954 4565 1081 4607 vero
1112 4552 1300 4605 modus
1325 4565 1430 4619 quo
1454 4550 1546 4604 ille
1573 4548 1748 4603 laetus
1779 4558 1861 4603 est
1890 4548 2071 4614 homo,
2102 4546 2215 4601 elli-

645 4644 755 4706 cit,
810 4642 953 4711 quod
1010 4640 1077 4697 ad
1127 4641 1364 4697 rationes
1407 4639 1826 4710 dispensationis
1874 4639 2099 4702 attinet,
2159 4645 2216 4691 ut

643 4732 857 4786 etiamsi
900 4745 1064 4785 carne
1116 4732 1251 4786 mori
1281 4731 1432 4799 velit,
1487 4731 1622 4786 nihil
1668 4732 1720 4785 in
1757 4730 1972 4800 propria
2026 4738 2214 4783 natura

646 4824 883 4893 patiatur
907 4840 925 4889 ;
955 4838 1052 4878 cur
1085 4839 1182 4878 nos
1209 4824 1408 4893 spolias
1437 4824 1818 4895 pulcherrimis
1842 4822 2218 4894 ornamentis?

643 4916 853 4973 Audisti
890 4931 1125 4986 namque
1154 4918 1417 4977 dicentem
1448 4932 1462 4969 :
1505 4934 1524 4968 ι
1554 4914 1748 4972 Pastor
1776 4916 1951 4973 bonus
1980 4915 2214 4969 animam

644 5022 801 5062 suam
840 5008 995 5076 ponit
1036 5023 1134 5078 pro
1163 5010 1355 5063 ovibus
1387 5008 1453 5063 “.
1494 5027 1513 5059 ι
1549 5006 1717 5077 Igitur
1772 5008 1983 5062 etiamsi
2029 5021 2219 5076 passus

644 5115 767 5156 esse
795 5100 1028 5164 dicatur,
1056 5100 1453 5169 impassibilem.
1477 5101 1724 5155 novimus
1764 5106 1825 5155 ut
1875 5098 2063 5166 Deum,
2096 5112 2220 5169 pas-

650 5206 768 5245 sum
808 5205 929 5245 vero
966 5206 1084 5246 esse
1126 5200 1351 5246 mortem
1389 5189 1781 5260 dispensatorie
1810 5204 1904 5245 sua
1945 5204 2110 5245 carne
2139 5190 2221 5245 di-

641 5284 948 5349 cimus,.ut,
1009 5295 1182 5340 morte
1249 5282 1478 5348 calcata.
1520 5291 1575 5337 et
1620 5296 1907 5352 resurgens
1950 5291 2221 5355 quatenus

2317 4558 2451 4634 ἧκον
2477 4563 2555 4625 εἰς
2580 4560 2706 4622 τοὺς
2731 4558 2831 4629 τῆς
2857 4553 3169 4625 οἰκονομίας
3192 4552 3405 4619 λόγους,
3430 4548 3492 4601 τὸ
3519 4547 3624 4600 κᾶν
3649 4548 3699 4598 εἰ
3723 4545 3903 4605 ἕλοιτο

2318 4638 2570 4706 τεθνάναι
2618 4647 2801 4720 σαρκὶ,
2839 4645 3002 4717 μηδὲν
3052 4645 3128 4707 εἰς
3180 4641 3314 4695 ἰδίαν
3351 4639 3641 4708 ὑπομεῖναι
3693 4634 3898 4703 φύσιν·

2318 4744 2372 4797 τί
2400 4743 2508 4795 τῶν
2535 4739 2836 4794 καλλίστων
2866 4737 3014 4808 ἡμᾶς
3067 4732 3401 4804 αὐχημάτων
3435 4728 3785 4803 ἀποστερεῖς;
3815 4726 3904 4779 Δι-

2325 4832 2533 4894 επύθου
2566 4831 2674 4902 γάρ
2695 4828 2963 4897 λέγοντος,
2994 4845 3011 4877 ι
3033 4825 3092 4877 Ὀ
3119 4824 3322 4894 ποιμὴν
3348 4822 3375 4874 6
3405 4819 3568 4883 καλὸς
3594 4817 3690 4891 τὴν
3721 4816 3904 4885 ψυχὴν

2323 4923 2520 4986 ἑαυτοῦ
2569 4922 2783 4991 τίθησιν
2825 4917 2966 4989 ὑπὲρ
3000 4915 3110 4969 τῶν
3150 4913 3458 4986 προϐάτων.
3494 4929 3512 4961 ι
3554 4906 3764 4964 Οὐκοῦν
3796 4906 3903 4959 κᾶν

2321 5017 2370 5070 εἰ
2400 5013 2611 5081 λέγοιτο
2642 5010 2855 5072 παθεῖν,
2884 5006 3067 5077 ἀπαθῆ
3100 5006 3197 5077 μὲν
3222 5007 3379 5075 ίσμεν
3400 5003 3476 5066 ὡς
3515 5000 3669 5063 Θεὸν,
3696 5015 3903 5051 πεπον-

2323 5104 2478 5159 θέναι
2509 5102 2565 5157 δέ
2592 5120 2770 5172 φαμεν
2803 5097 3161 5170 οἰκονομικῶς
3196 5096 3303 5167 ἰδίᾳ
3335 5095 3502 5165 σαρκί
3529 5092 3620 5145 τὸν
3649 5090 3901 5151 θάνατον,

2323 5197 2415 5251 ἶνα
2448 5195 2695 5265 πατήσας
2726 5192 2907 5256 αὑτὸν,
2938 5190 3030 5244 καὶ
3060 5185 3450 5258 ἐγηγερμένος,
3483 5182 3618 5237 καθὸ
3655 5180 3905 5249 πέφυκεν

2324 5280 2460 5341 εἶναι
2488 5283 2717 5359 ζωὴκαί
2744 5280 3026 5347 ζωοποιδς,
3049 5270 3674 5352 μεταστοιχειώσῃήπρὺς
3699 5267 3906 5347 ἀφθαρ-

713 5438 757 5473 ⁸-¹
793 5436 953 5494 Joan.
988 5453 1074 5505 tu,
1116 5437 1211 5495 16.
1283 5437 1327 5469 ³⁸
1357 5438 1515 5493 Rom.
1548 5451 1603 5506 v,
1633 5437 1721 5499 to.
1802 5437 1847 5471 ³³
1888 5439 2068 5497 Eccle.
2111 5455 2209 5508 vn,
2241 5439 2331 5495 16.
2406 5436 2698 5505 “Joana,
2727 5438 2825 5501 ll.

1912 5593 2072 5655 ANI.
2103 5592 2373 5650 AGELLII
2407 5592 2641 5649 NOTAE.

716 5754 827 5828 ('56)
858 5754 1044 5812 Melius
1096 5754 1323 5812 fortasse
1365 5762 1689 5823 verteretur,
1719 5754 1856 5822 quod
1893 5763 2076 5813 suam
2112 5762 2302 5809 natura
2334 5754 2549 5810 noxium
2579 5759 2679 5811 est.
