4088 6470
279 318 391 374 ἳέὅ

1335 313 1709 372 ADVERSUS
1745 313 2148 371 NESTORIUM
2188 315 2320 369 LIB.
2361 316 2430 370 ν.

3409 323 3470 376 Ξτι
3484 322 3519 375 ι

280 434 408 488 σίαν
440 432 498 485 τὸ
527 431 742 502 θανάτῳ
792 431 1245 503 τυραννούμενον,
1276 433 1541 498 τουτέστι,
1577 434 1638 486 τὸ
1670 432 1851 502 σῶμα.

1965 442 2148 503 suapte
2184 443 2375 489 natura
2414 434 2522 489 vita
2554 443 2637 492 est
2664 450 2725 491 ac
2754 435 3061 501 vivificaris,
3097 435 3416 492 rel‘ormaret
3449 440 3517 492 ad

277 524 443 578 Οῦτω
470 539 528 577 τε
562 524 657 575 καὶ
700 526 779 586 είς
808 526 953 593 ἡμᾶς
982 525 1014 594 ἡ
1048 522 1141 577 τοῦ
1183 524 1602 595 κατορθώματος
1641 522 1857 593 διατρέ-

276 633 364 686 χει
398 615 649 686 δύναμις,
696 616 777 677 είς
819 615 963 669 ἆπαν
1012 616 1359 685 ἐκτεινομένη
1412 615 1469 667 τὸ
1516 614 1694 683 γένος.
1744 613 1854 667 Καὶ

275 708 415 776 γοῦν
450 710 477 760 ό
511 706 797 769 θεσπέσιος
839 705 1084 769 Παῦλος-
1123 724 1141 757 ι
1190 705 1331 774 Ἐγὼ
1357 706 1444 761 διὰ
1480 706 1666 777 νόμου,
1699 707 1851 777 φησὶ,

273 798 434 868 νόμῳ
474 795 766 857 ἀπέθανον,
800 796 890 850 ἴνα
914 794 1032 866 Θεῷ
1079 797 1228 864 ζήσω
1254 814 1266 826 ·
1298 796 1518 867 Χριστῷ
1563 796 1855 851 συνεσταύ-

277 899 487 957 ρωμαι.
517 882 602 938 Ζῶ
621 882 698 944 δὲ,
724 883 906 941 οὐκέτι
946 882 1076 951 ἐγὼ,
1114 884 1180 954 ζῇ
1211 884 1266 937 δὲ
1290 886 1348 937 ἐν
1374 886 1497 955 ἐμοὶ
1522 885 1550 937 ό
1582 885 1816 957 Χριστός
1837 902 1851 917 ο

275 968 324 1047 ᾧ
358 975 419 1027 δὲ
472 973 567 1028 νῦν
598 973 698 1039 ζῶ,
734 976 792 1027 ἐν
840 975 1021 1027 πίστει
1064 974 1160 1041 ζῶ,
1192 976 1249 1031 ἐν
1284 976 1447 1047 σαρκὶ
1474 979 1541 1046 τῇ
1588 977 1681 1030 τοῦ
1720 976 1859 1030 Υἱοῦ

276 1045 375 1125 ⁸έοῦ
404 1064 539 1119 Θεοῦ
564 1065 657 1117 τοῦ
687 1066 1072 1134 ἀγαπήσαντός
1112 1083 1199 1136 με,
1232 1068 1326 1121 καὶ
1356 1045 1688 1138 παραδόντος
1722 1068 1853 1122 ἐαυ-

274 1156 371 1210 τὸν
414 1158 551 1229 ὑπὲρ
578 1155 735 1228 ἐμοῦ.
764 1158 875 1210 Οὐκ
902 1158 1080 1211 ἀθετῶ
1106 1157 1203 1229 τὴν
1232 1159 1390 1229 χάριν
1408 1159 1502 1212 τοῦ
1532 1160 1689 1214 Θεοῦ.
1726 1179 1744 1212 ι
1779 1161 1854 1213 Ού

274 1246 389 1319 γὰρ
438 1246 517 1299 ἑτι
550 1246 649 1317 τὴν
700 1247 835 1299 ἰδίαν
876 1247 1150 1319 διαζῶμεν
1182 1246 1346 1321 ζωὴν,
1380 1250 1479 1321 τὴν
1524 1251 1761 1323 Χριστοῦ
1798 1252 1855 1305 δὲ

279 1336 510 1406 μᾶλλον,
556 1336 650 1389 καὶ
704 1336 850 1390 ἔστιν
896 1338 1116 1410 ἀληθὲς,
1146 1340 1221 1404 ὼς
1255 1360 1272 1392 ι
1302 1335 1397 1406 Εἷς
1445 1342 1584 1415 ὑπὲρ
1639 1343 1857 1397 πάντων

276 1427 578 1492 ἀπέθανεν,
615 1428 701 1480 ἵνα
728 1428 779 1481 oi
809 1428 1009 1492 ζῶντες
1040 1432 1236 1500 μηκέτι
1262 1432 1472 1495 ἑαυτοῖς
1502 1432 1685 1499 ζῶσιν,
1721 1434 1857 1490 ἀλλὰ

275 1520 358 1589 τῷ
396 1521 537 1591 ὑπὲρ
566 1520 747 1574 αὐτῶν
790 1520 1141 1587 ἀποθανόντι,
1185 1524 1279 1578 καὶ
1324 1525 1620 1595 ἐγερθέντι.
1660 1546 1678 1578 ι
1722 1528 1858 1598 Πρὶν

280 1610 385 1679 μὲν
408 1614 517 1682 γὰρ
539 1613 669 1681 ἡμῖν
707 1612 1011 1681 ἐπιλάμψαι
1036 1612 1128 1666 τὸν
1170 1616 1430 1686 μονογενῆ
1461 1614 1556 1669 τοῦ
1595 1616 1729 1671 Θεοῦ
1764 1616 1859 1671 Λό-

1959 524 2413 592 incorruptionem
2443 526 2494 580 id
2527 526 2668 596 quod
2695 528 2883 581 mortis
2911 528 3191 598 tyrannide
3213 527 3516 592 tenebatur,

1957 613 2008 667 id
2039 624 2121 670 est
2154 629 2369 685 corpus.
2399 613 2477 671 Ita
2511 616 2563 670 in
2593 630 2692 671 nos
2723 616 2866 687 ipsos
2895 630 3106 686 quoque
3128 618 3209 672 vis
3236 617 3353 689 ejus
3389 633 3519 689 ope-

1957 706 2034 759 ris
2063 707 2322 771 recurrit,
2365 708 2486 762 dum
2523 707 2576 762 in
2626 707 2934 763 universum
2980 722 3149 777 genus
3192 709 3517 763 extenditur.

1956 798 2024 853 Et
2071 808 2220 855 certe
2262 799 2452 855 beatus
2487 798 2685 855 Paulus
2716 800 2792 854 ait
2824 815 2839 853 :
2872 817 2890 852 ι
2917 799 3029 868 Ego
3068 813 3167 869 per
3199 800 3370 870 legem
3417 800 3521 870 legi

1956 901 2201 945 mortuus
2231 907 2373 957 sum,
2412 900 2472 945 ut
2512 892 2687 945 vivam
2719 893 2827 947 Deo
2856 907 2870 944 :
2919 892 3135 947 Christo
3176 891 3337 947 simul
3371 893 3521 947 cruci

1956 982 2198 1037 conﬁxus
2229 997 2370 1037 sum.
2414 980 2540 1037 Vivo
2564 990 2762 1050 autem,
2784 982 2892 1053 jam
2926 997 3031 1036 non
3058 996 3190 1051 ego,
3225 982 3355 1037 vivit
3393 996 3524 1038 vero

1957 1072 2015 1133 in
2045 1087 2129 1128 me
2153 1073 2420 1130 Christus.
2450 1072 2602 1140 Quod
2626 1087 2753 1129 vero
2795 1088 2934 1127 nunc
2967 1072 3107 1139 vivo,
3146 1072 3203 1129 in
3246 1073 3350 1128 (ide
3376 1073 3521 1138 vivo,

1958 1163 2011 1221 in
2043 1178 2209 1219 carne
2247 1163 2334 1218 illa
2362 1164 2483 1220 Filii
2516 1164 2647 1229 Dei,
2682 1165 2776 1233 qui
2826 1164 3017 1219 dilexit
3060 1178 3174 1228 me,
3208 1174 3263 1219 et
3308 1165 3527 1219 tradidit

1957 1256 2304 1324 semetipsum
2347 1270 2445 1325 pro
2482 1270 2588 1313 me.
2621 1255 2736 1310 Non
2776 1254 2970 1321 abjicio
3007 1256 3234 1326 gratiam
3282 1254 3373 1310 Dei
3394 1255 3459 1307 ³⁸.
3498 1274 3517 1307 ι

1956 1345 2071 1402 Non
2096 1348 2240 1402 enim
2262 1348 2372 1418 jam
2396 1349 2612 1418 propria
2643 1348 2870 1402 vivimus
2894 1348 3023 1411 vita,
3060 1346 3165 1409 sed~
3185 1346 3404 1411 Christi,
3434 1361 3525 1401 ve-

1958 1453 2184 1507 rumque
2228 1438 2352 1493 illud
2392 1447 2497 1503 est,
2528 1456 2547 1490 ι
2584 1439 2761 1498 Unum
2796 1453 2895 1508 pro
2942 1438 3191 1493 omnibus
3218 1437 3521 1505 :mortuum,

1958 1536 2017 1583 ut
2054 1528 2145 1598 qui
2174 1528 2382 1592 vivunt,
2414 1544 2518 1584 non
2544 1528 2656 1599 jam
2697 1529 2797 1587 sibi
2840 1530 3037 1593 vivant,
3080 1527 3173 1583 sed
3220 1527 3269 1583 ei
3300 1526 3389 1596 qui
3427 1541 3527 1596 pro

1959 1616 2090 1682 ipsis
2129 1624 2372 1671 mortuus
2426 1626 2535 1683 est,
2563 1626 2617 1672 et
2664 1618 3050 1675 resurrexit“.
3100 1635 3121 1670 ι
3170 1615 3329 1671 Prius
3380 1616 3523 1670 enim

276 1716 401 1771 γον,
437 1700 649 1773 ἀμαθία
679 1701 775 1757 καὶ
816 1702 992 1773 σκότῳ
1036 1706 1457 1777 κεκρατημένοι,
1494 1707 1709 1761 καὶτὸν
1752 1709 1855 1779 τῆς

281 1794 555 1819 sua,“
588 1794 800 1819 ..._..__-
836 1793 996 1819 ν,.,,ι,,
1042 1796 1129 1819 --.Α
1165 1797 1489 1819 ι,,ι---..μ-
1526 1800 1548 1819 »κ
1592 1817 1604 1819 -
1628 1801 1670 1819 Α
1819 1803 1845 1819 -

1965 1723 2120 1777 quam
2156 1707 2437 1778 aﬂ'ulgeret
2496 1710 2650 1765 nobis
2698 1709 2825 1763 illud
2868 1709 3203 1779 unigenitum
3258 1708 3350 1763 Dei
3390 1706 3525 1762 Ver-

275 1794 555 1863 ἁμαρτίας
587 1794 800 1864 ἔχοντες
832 1793 1015 1863 ζυγὸν,
1042 1796 1134 1849 καὶ
1159 1797 1489 1863 άνάπτοντες
1518 1800 1749 1865 ἀνοσίως
1783 1803 1848 1870 τῇ

1958 1800 2123 1864 bum,
2174 1799 2386 1855 inscitia
2438 1810 2493 1855 et
2549 1800 2785 1855 tenebris
2824 1801 3173 1866 tenebamur,
3217 1807 3271 1853 et
3318 1799 3523 1869 peccati

276 1884 459 1938 κτίσει
487 1887 548 1937 τὸ
580 1884 763 1951 σέόας,
796 1885 946 1957 παρὰ
974 1886 1065 1939 τὸν
1094 1888 1319 1960 κτίστην
1346 1890 1442 1944 καὶ
1470 1892 1721 1963 ποιητὴν,
1758 1894 1853 1945 καὶ

1965 1891 2083 1961 iugo
2114 1891 2307 1961 pressi.
2357 1899 2412 1946 et
2442 1900 2704 1946 creatura:
2749 1890 2951 1945 cultum
2989 1890 3148 1958 impie
3193 1888 3520 1953 tribuentes,

279 1976 392 2028 πᾶν
416 1972 557 2039 εἶδος
588 1975 920 2047 φαυλότητος
960 1976 1378 2051 ἀνεπιπλήκτως
1424 1982 1851 2049 ἐπιτηδεύοντες,

275 2066 339 2117 ἐν
390 2066 669 2121 διαστάσει
728 2067 1067 2137 διετελοῦμεν
1114 2071 1161 2122 oi
1210 2070 1461 2135 τάλανες,
1509 2072 1679 2144 ἐχθρὰ
1720 2090 1854 2145 φρο-

278 2158 504 2220 νοῦντες
548 2157 716 2228 αὐτῷ.
769 2157 1209 2230 Κατηλλάγμεθα
1257 2161 1313 2214 δὲ
1353 2162 1439 2215 διὰ
1479 2163 1572 2216 τοῦ
1621 2164 1852 2218 θανάτου

276 2248 375 2301 τοῦ
437 2248 568 2301 Υίοῦ
636 2249 837 2311 αὑτοῦ,
899 2250 1040 2304 καθὰ
1094 2251 1424 2322 γέγραπται.
1475 2256 1548 2309 Σὺ
1585 2255 1641 2307 δὲ
1696 2256 1855 2309 πάλιν

278 2342 338 2392 ἐν
394 2341 611 2410 σμικρῷ
660 2340 951 2409 πεποίησαι
997 2341 1158 2413 λόγῳ,
1207 2344 1267 2397 τὸ
1310 2345 1540 2417 ἀληθές’
1578 2347 1671 2399 καὶ
1722 2348 1857 2417 ἀχά-ο

278 2430 429 2490 λινον
486 2434 564 2493 εἰς
617 2431 889 2501 ἐξιτηλίαν
937 2434 1252 2503 ἀποφαίνων
1300 2438 1432 2507 ἡμῖν
1485 2436 1576 2490 τὸν
1628 2437 1854 2491 σεαυτοῦ

282 2522 481 2591 λόγον,
548 2522 916 2593 κατηλλάχθαι
979 2524 1084 2597 φὴς
1153 2527 1228 2598 τῷ
1298 2528 1415 2598 Θεῷ
1462 2530 1554 2582 τὸν
1619 2530 1855 2600 κόσμον,

279 2615 345 2667 ού
379 2614 471 2668 διά
511 2632 573 2683 γε
603 2614 698 2667 τοῦ
726 2616 1081 2684 Μονογενοῦς,
1127 2618 1392 2684 τουτέστι,
1428 2620 1519 2673 τοῦ
1554 2622 1618 2673 ἐκ
1648 2622 1858 2693 Πατρδς

282 2705 495 2779 φύντος*
520 2706 710 2780 Λόγου.
756 2707 993 2761 ’Δκούων
1032 2708 1089 2766 δὲ
1138 2709 1369 2765 θάνατον
1400 2711 1491 2764 τοῦ
1544 2711 1695 2777 Υἱοῦ,
1742 2708 1860 2765 εἶτα

285 2797 620 2868 βασανίζων,
658 2799 733 2862 ὡς
774 2799 896 2863 οἴει,
944 2798 1155 2863 λεπτῶς
1201 2801 1302 2864 τὰς
1332 2800 1424 2859 τοῦ
1456 2801 1718 2876 θεηγόρου
1749 2822 1861 2873 φω-

283 2890 408 2954 νὰς,
448 2889 511 2941 ού
545 2890 861 2954 κατέδεισας
899 2893 1105 2944 εἰπεῖν’
1144 2889 1279 2963 [Οὐκ
1328 2891 1452 2963 ἔφη,
1501 2893 1589 2947 διά
1629 2893 1723 2947 τοῦ
1763 2893 1863 2947 Θα-

285 2981 454 3034 νόιτου
482 2980 574 3033 τοῦ
607 2980 741 3035 Θεοῦ
780 2981 1002 3052 Λόγου.]
1037 2978 1169 3035 Εἶτα
1198 2981 1314 3046 πῶς
1340 2978 1429 3053 ἦν,
1465 2983 1586 3036 είπέ
1625 3001 1737 3056 μοι,
1772 3002 1858 3038 σοι

1960 1980 2147 2035 relicto
2170 1990 2415 2037 creatore
2443 1990 2602 2049 atque
2636 1979 2848 2048 Opiﬁce,
2884 1988 2936 2034 et
2964 1994 3126 2034 omne
3164 1976 3523 2046 improbitatis

1960 2089 2128 2143 genus
2157 2073 2325 2127 libere
2355 2081 2643 2138 sectantes,
2678 2074 2730 2126 in
2766 2071 3035 2127 discordia
3068 2069 3250 2125 miseri
3290 2068 3525 2139 degeba-

1962 2180 2103 2229 mus,
2137 2179 2255 2234 quae
2293 2164 2366 2219 illi
2402 2164 2619 2218 inimica
2648 2171 2803 2219 erant
2832 2169 3181 2231 expetentes;
3212 2158 3305 2215 sed
3334 2172 3526 2213 recon-

1962 2255 2127 2310 ciliati
2168 2270 2355 2309 sumus
2392 2269 2489 2324 per
2536 2262 2761 2309 mortem
2812 2251 2931 2307 Filii
2980 2253 3117 2322 ejus,
3167 2260 3225 2305 ut
3266 2250 3523 2319 scriptum

1962 2358 2045 2403 est
2068 2349 2133 2403 ³⁷.
2170 2347 2250 2402 Tu
2293 2363 2421 2402 vero
2448 2356 2667 2410 contra,
2706 2346 2909 2401 minimi
2952 2344 3086 2400 facis
3118 2344 3436 2407 veritatem,
3471 2350 3527 2395 et

1966 2451 2111 2496 tuum
2141 2455 2443 2496 sermonem
2476 2438 2539 2491 ad
2578 2438 2867 2492 vanitatem
2897 2436 3158 2491 eil‘rcnato
3193 2450 3352 2490 cursu
3390 2447 3527 2502 prse-

1963 2532 2177 2601 cipitem
2210 2530 2507 2598 proferens,
2543 2528 2795 2582 mundum
2831 2541 2949 2583 esse
2987 2528 3096 2582 Deo
3128 2526 3526 2581 reconciliatum

1966 2624 2186 2688 asseris,
2220 2621 2375 2692 123
2410 2635 2515 2675 non
2544 2630 2723 2675 tamen
2752 2634 2847 2688 per
2886 2617 3252 2687 Unigenitum,
3279 2618 3378 2671 hoc
3410 2626 3491 2671 est
3511 2656 3527 2681 ,

1965 2729 2062 2783 per
2093 2712 2326 2767 Verbum
2349 2725 2418 2765 ex
2440 2708 2600 2764 Patre
2630 2710 2888 2779 genitum.
2916 2706 3022 2762 Sed
3051 2706 3274 2761 audiens
3302 2714 3527 2759 mortem

1966 2803 2108 2870 Filii,
2135 2802 2326 2858 deinde
2356 2800 2537 2856 verbis
2580 2799 2817 2868 Apostoli
2852 2798 3149 2862 subtiliter,
3180 2806 3239 2851 ut
3282 2797 3397 2866 ipse
3434 2811 3532 2865 pu—

1971 2905 2072 2958 tas,
2106 2890 2450 2956 examinatis,
2483 2905 2588 2943 non
2614 2904 2672 2943 es
2706 2888 2908 2943 veritus
2938 2887 3119 2942 dicere
3149 2903 3163 2938 :
3206 2885 3343 2957 [Non
3374 2885 3528 2950 dixit,

1969 3000 2065 3055 per
2102 2994 2328 3038 mortem
2374 2980 2465 3036 Dei
2511 2978 2719 3050 Verbi.]
2752 2979 2908 3048 Atqui
2956 2975 3223 3046 quomodo
3267 2975 3530 3046 ejusmodi

288 3071 422 3137 ιεὸς,
485 3070 683 3139 μᾶλλον
748 3070 805 3124 δὲ
869 3072 986 3136 πῶς
1038 3073 1135 3142 οὐχ
1194 3074 1410 3145 ἁπάσης
1470 3076 1861 3149 ἐμόροντησίας

1970 3076 2146 3130 oratio
2173 3074 2465 3143 prudenter
2492 3070 2671 3126 efferri
2716 3068 3017 3140 potuisset?
3065 3068 3174 3122 imo
3222 3082 3349 3121 vero
3394 3082 3530 3137 quo-

288 3161 599 3237 ἔμπλεωςτὸ
634 3164 845 3227 τοιόσδε
871 3164 1060 3237 λόγος;
1087 3164 1313 3231 Θανάτῳ
1343 3165 1451 3236 γὰρ
1475 3167 1703 3237 κάτοχον
1733 3169 1864 3221 arro-

289 3252 466 3322 φῆναι
506 3252 603 3325 τὴν
633 3251 798 3325 ζωὴν,
836 3254 953 3318 πῶς
988 3250 1057 3325 ἦν
1090 3255 1409 3323 ἀκόλουθον;
1444 3242 1572 3310 είπέ
1604 3275 1694 3328 μοι
1721 3275 1735 3290 ο
1772 3259 1865 3311 καὶ

288 3345 395 3412 τῆς
422 3344 489 3407 τά
513 3344 690 3397 πάντα
720 3346 1089 3417 ζωογονούσης
1120 3348 1335 3417 φύσεως
1368 3350 1740 3419 κατηγορῆσαι
1768 3349 1865 3419 τὴν

292 3434 527 3506 φθορὰν,
563 3436 679 3498 πῶς
724 3437 823 3489 οὐκ
869 3437 1214 3509 ἀπόπληκτον
1250 3439 1464 3515 κομιδῇ,
1507 3440 1600 3494 καὶ
1648 3440 1743 3510 τῆς
1786 3442 1865 3503 είς

290 3526 448 3596 λῆξιν
476 3527 714 3598 ἡκούσης
745 3528 1055 3599 δυσφημίας
1099 3530 1375 3599 ἐπίϐλημα
1405 3530 1516 3599 (55)
1552 3531 1747 3599 γένοιτ’
1775 3532 1863 3598 ἂν,

292 3619 396 3669 καὶ
429 3618 573 3687 μάλα
605 3619 859 3684 είκότως;
893 3619 1097 3674 Ούκοῦν
1129 3621 1327 3691 ἥκιστα
1358 3621 1457 3692 μὲν
1487 3622 1604 3683 ταῖς
1643 3624 1760 3685 σαῖς
1788 3623 1865 3686 είς

292 3708 462 3761 τοῦτο
484 3711 870 3781 περιεργείαις,
900 3712 1071 3781 ἡγουν
1091 3712 1490 3782 είκαιομυθίαις
1511 3714 1538 3764 ὁ
1565 3713 1675 3765 τῶν
1697 3713 1867 3781 ἁγίων

292 3802 491 3855 ἕπεται
522 3804 674 3867 νοῦς·
709 3801 815 3858 οἶδε
845 3805 921 3869 δὲ,
958 3801 1065 3857 οἶδε
1120 3805 1357 3859 παθόντα
1408 3806 1573 3875 σαρκὶ⁸
1616 3804 1681 3856 δι’
1722 3806 1867 3873 ἡμᾶς

291 3892 393 3946 τόν
419 3895 513 3947 τοῦ
570 3895 701 3948 Θεοῦ
742 3897 933 3965 Λόγον,
980 3898 1075 3950 καὶ
1117 3897 1195 3967 τῷ
1229 3898 1442 3967 θανάτῳ
1470 3897 1564 3950 τοῦ
1601 3898 1730 3951 ίδίου
1765 3895 1868 3949 σώ-

295 3997 472 4049 ματος
510 3982 809 4053 κεκληκότα
833 3984 921 4037 τὸν
952 3985 1152 4055 κόσμον
1178 3988 1257 4047 είς
1287 3985 1579 4053 διαλλαγὰς
1610 3986 1708 4048 τὰς
1732 3987 1867 4057 πρός

293 4070 363 4138 γέ
395 4087 536 4139 φημι
562 4071 651 4124 τὸν
676 4073 732 4124 ἐν
753 4075 861 4135 τοῖς
883 4074 1129 4143 οὐρανοῖς
1162 4075 1398 4146 Πατέρα.
1437 4077 1544 4128 Kal
1585 4076 1715 4144 γοῦν
1762 4076 1865 4145 ἔφη

294 4177 408 4223 που
440 4162 572 4242 πρὸς
601 4161 697 4217 ἕνα
726 4163 834 4218 τῶν
857 4163 1026 4231 ἁγίων
1046 4165 1301 4235 μαθητῶν
1323 4166 1449 4229 τοὺς
1466 4165 1654 4232 λόγους
1682 4164 1867 4219 ποιού-

295 4268 492 4320 μενοςο
543 4269 563 4303 ι
618 4251 756 4320 Ἐγὼ
806 4257 921 4324 είμι
967 4255 1169 4324 ήόδὸς,
1214 4255 1308 4309 καὶ
1356 4257 1389 4325 ἡ
1438 4255 1664 4325 ἀλήθεια
1707 4255 1865 4324 καὶὴ

293 4342 437 4411 ζωὴ,
471 4342 563 4395 καὶ
594 4342 767 4405 οὐδεὶς
795 4342 1010 4413 ἔρχεται
1057 4344 1191 4413 πρὸς
1226 4345 1317 4396 τὸν
1344 4344 1563 4415 Πατέρα
1593 4346 1641 4396 εί
1682 4343 1757 4413 μὴ
1800 4342 1866 4395 δι’

1969 3165 2126 3221 modo
2174 3178 2277 3217 non
2322 3177 2545 3216 summa:
2600 3161 2786 3215 fuisset
2832 3159 3055 3213 insaniae
3099 3158 3296 3228 plena?
3360 3158 3534 3227 Ipsam

1965 3257 2109 3312 enim
2147 3256 2310 3310 vitam
2343 3254 2501 3308 morti
2538 3253 2826 3307 olmoxiam
2851 3252 3052 3315 dicere,
3099 3249 3367 3320 quomodo
3398 3248 3534 3303 fuis-

1965 3356 2069 3412 set,
2103 3361 2231 3417 rogo
2262 3354 2335 3408 te,
2363 3343 2741 3412 consequens?
2779 3349 2832 3396 et
2880 3341 2947 3395 de
2994 3350 3184 3395 natura
3227 3340 3537 3395 viviﬁcante

1964 3439 2165 3505 omnia,
2182 3435 2577 3506 corruptionem
2593 3433 2895 3495 enuntiare,
2909 3432 3178 3501 quomodo
3192 3447 3296 3486 non
3313 3446 3536 3486 summa:

1966 3528 2245 3585 dementiae
2268 3526 2436 3583 fuisse
2471 3534 2526 3581 et
2552 3539 2776 3579 summae
2806 3522 3150 3593 blasphemiae
3191 3522 3393 3577 crimen
3417 3520 3539 3591 jure

1966 3617 2317 3674 censeretur?
2336 3614 2451 3670 Non
2470 3629 2599 3686 ergo
2626 3613 2735 3669 tuis
2753 3613 2806 3667 in
2826 3613 2925 3667 hac.
2950 3628 3008 3667 re
3030 3612 3436 3676 subtilitatibus,
3456 3610 3537 3665 vel

1967 3709 2120 3764 vanis
2148 3707 2531 3778 nugationibus
2552 3746 2572 3772 ,
2602 3715 2911 3760 sanctorum
2943 3704 3182 3757 virorum
3212 3702 3424 3757 animus
3453 3715 3542 3756 as-

1967 3800 2218 3862 seutitur,
2231 3798 2326 3859 sed
2354 3795 2605 3867 intelligit
2630 3810 2853 3865 prorsus
2872 3794 2964 3849 Dei
2987 3793 3220 3851 Verbum
3238 3806 3401 3848 carne
3416 3805 3541 3860 pro-

1967 3900 2087 3963 pter
2111 3904 2207 3944 nos
2235 3902 2487 3957 passum;
2507 3898 2560 3942 et
2581 3895 2753 3942 morte
2790 3886 2989 3955 proprii
3014 3884 3258 3954 corporis
3280 3881 3537 3937 mundum

1967 3984 2035 4037 ad
2064 3977 2514 4034 reconciliandam
2547 3991 2668 4031 cum
2699 3976 2857 4030 Patre
2894 3975 2985 4043 qui
3034 3975 3087 4029 in
3136 3972 3287 4028 caelis
3322 3980 3405 4027 est
3444 3985 3539 4039 pa-

1967 4088 2105 4136 cem,
2138 4082 2380 4125 vocasse.
2406 4067 2591 4137 Itaque
2620 4082 2743 4121 cum
2773 4065 3055 4136 quemdam
3085 4078 3115 4119 e
3145 4063 3342 4119 sanctis
3383 4061 3540 4117 disci-

1968 4162 2105 4233 pulis
2139 4160 2522 4230 alloqueretur,
2552 4156 2686 4211 dixit
2714 4174 2727 4212 :
2774 4174 2793 4208 ι
2826 4155 2938 4226 Ego
2967 4170 3083 4209 sum
3114 4154 3228 4217 via,
3256 4152 3456 4207 veritas
3484 4160 3540 4205 et

1967 4255 2075 4307 vita
2105 4260 2159 4307 ct
2180 4266 2336 4305 nemo
2351 4249 2579 4303 venitad
2610 4246 2823 4302 Patrem
2850 4245 2952 4302 nisi
2975 4260 3071 4314 per
3091 4259 3175 4299 me
3194 4243 3260 4296 ⁸⁸.
3288 4242 3538 4298 »γετίιοε

1972 4352 2153 4397 autem
2179 4349 2231 4393 et
2256 4340 2363 4393 vita
2398 4349 2452 4393 et
2484 4339 2584 4406 ,via
2636 4339 2884 4408 quisnam
2931 4336 3003 4390 sit
3049 4334 3207 4399 alius,
3245 4333 3350 4388 nisi
3406 4332 3539 4387 illud

292 4431 457 4501 ἐμοῦ.
502 4450 520 4483 ι
572 4432 821 4503 Ἀλήθεια
852 4434 928 4496 δὲ,
960 4434 1051 4487 καὶ
1086 4434 1219 4506 ζωὴ,
1249 4436 1341 4488 καὶ
1368 4435 1503 4499 ὁδὸς,
1538 4434 1620 4496 τίς
1660 4433 1727 4486 ἂν
1756 4434 1861 4485 ἓτε-

1978 4433 2212 4487 Verbum
2244 4444 2309 4484 ex
2335 4428 2494 4483 Patre
2519 4432 2783 4499 genitum,
2823 4426 3036 4481 tametsi
3069 4424 3238 4480 nostri
3265 4421 3438 4477 simile
3469 4424 3543 4476 sit

292 4540 396 4592 ρος
422 4523 527 4591 εἴη,
566 4523 714 4592 παρά
757 4540 820 4590 γε
848 4524 938 4577 τὸν
982 4527 1047 4577 ἐκ
1087 4525 1219 4579 Θεοῦ
1248 4526 1419 4595 φύντα
1464 4527 1654 4594 Λόγον,
1693 4527 1740 4577 εί
1780 4526 1873 4577 καὶ

292 4614 492 4681 γέγονε
525 4613 644 4666 καθ’
677 4616 821 4684 ἡμᾶς
854 4616 1066 4687 μορφὴν
1095 4616 1279 4669 δούλου
1319 4615 1517 4669 λαϐὼν.
1557 4618 1675 4669 Ὅτι
1705 4615 1760 4668 δὲ
1804 4614 1871 4666 δι’

289 4702 464 4759 αὐτοῦ
496 4702 643 4767 θείας
690 4704 903 4773 φύσεως
950 4707 1375 4778 ἀποδεδείγμεθα
1405 4707 1670 4770 κοινωνοὶ,
1702 4707 1796 4759 καὶ
1822 4708 1871 4757 ol

292 4793 435 4847 ποτέ
489 4794 639 4856 ὄντες
691 4796 941 4867 μακρὰν,
998 4798 1301 4869 γεγόναμεν
1348 4800 1535 4867 ἐγγὺς,
1596 4798 1873 4867 ἐνούμενοι

290 4979 380 5039 ὡς
430 4980 487 5028 ἐν
525 4977 703 5029 πίστει
752 4979 848 5047 μιᾷ
894 4977 987 5029 καὶ
1026 4976 1295 5047 ὁμοψυχίᾳ
1341 4975 1429 5028 διὰ
1472 4977 1531 5028 τὸ
1580 4975 1697 5038 ἐνὸς
1744 4992 1873 5044 μετ-

291 5068 593 5137 εσχηκέναι
624 5068 952 5139 πνεύματος,
985 5066 1145 5129 αὐτὸς
1178 5065 1526 5129 πιστώσεται,
1547 5065 1718 5133 λέγων
1740 5066 1874 5135 πρὸς

1978 4523 2177 4577 factum
2218 4522 2361 4576 servi
2410 4519 2578 4573 forma
2612 4518 2906 4589 suscepta?
2942 4516 3074 4571 Esse
3106 4523 3283 4568 autem
3320 4526 3418 4567 nos
3446 4527 3543 4581 per

1979 4616 2154 4685 ipsum
2185 4612 2405 4667 effectos
2434 4612 2627 4666 divina:
2651 4619 2860 4665 natura:
2892 4615 3170 4662 consortes
3198 4604 3263 4668 ³⁹,
3291 4612 3346 4658 et
3370 4601 3543 4656 factos

1979 4720 2147 4775 prope
2184 4706 2274 4774 qui
2314 4704 2471 4773 longe
2501 4702 2629 4756 olim
2676 4714 2912 4763 eramus,
2947 4698 3071 4751 dum
3103 4708 3199 4764 per
3230 4694 3404 4762 ipsum
3436 4688 3542 4746 Pa-

1980 4797 2046 4850 tri
2074 4811 2170 4865 per
2199 4796 2449 4851 allectum
2478 4802 2532 4846 et
2560 4791 2929 4846 habitudinem
2951 4826 2967 4851 ,
2999 4796 3159 4854 atque
3199 4784 3362 4837 etiam
3404 4780 3546 4835 inter

1980 4902 2077 4942 nos
2103 4902 2198 4955 per
2226 4901 2388 4940 uuam
2420 4884 2578 4939 [idem
2601 4893 2655 4938 et
2680 4880 3024 4935 concordiam
3048 4875 3285 4939 unimur,
3309 4885 3375 4927 eo
3400 4871 3566 4954 quod.

1979 4993 2167 5033 sumus
2205 4978 2364 5031 unius
2392 4975 2613 5045 spiritus
2648 4972 2774 5026 iacti
2807 4967 3113 5045 participes,
3144 4965 3257 5036 ipse
3279 4962 3437 5018 [idem
3464 4959 3545 5015 fa-

1984 5068 2108 5131 ciet,
2134 5066 2320 5121 dicens
2351 5065 2415 5119 ad
2455 5064 2667 5119 Patrem
2709 5076 2774 5121 ac
2807 5059 2971 5112 Deum
2999 5056 3089 5125 qui
3133 5062 3218 5109 est
3260 5052 3315 5108 in
3346 5050 3497 5107 cmlis
3528 5065 3542 5101 :

383 5247 424 5276 ³⁵
461 5244 633 5303 Galat.
680 5260 740 5310 tt,
780 5244 964 5299 1921.
1040 5244 1085 5273 ³⁵
1117 5242 1159 5297 ll
1199 5243 1324 5299 Cor.
1355 5260 1406 5309 v,
1453 5242 1531 5298 15.
1601 5245 1641 5274 ³⁷
1684 5243 1841 5297 llum.

1965 5242 2051 5296 10.
2128 5242 2171 5273 ³⁸
2211 5241 2368 5298 Joau.
2397 5257 2509 5307 xw,
2542 5240 2593 5294 6.
2674 5238 2717 5269 ³⁹
2749 5235 2971 5299 ΙΙΡειτ.
3008 5252 3045 5301 ι,
3084 5235 3139 5290 4.

1574 5395 1727 5449 ANP.
1771 5393 2044 5451 ACELLII
2085 5392 2317 5448 NOT/E.

384 5557 497 5624 (55)
530 5555 689 5609 Forte
735 5554 1031 5625 ἐπίκλημα,
1065 5554 1165 5608 hoc
1208 5564 1291 5607 est
1335 5554 1569 5625 ﬁcrimett;
1602 5553 1758 5625 haud
1786 5552 1869 5604 in-

302 5622 703 5683 sueta’auctori
732 5640 857 5688 vox,
887 5622 991 5693 qua
1038 5626 1205 5693 utitur
1241 5625 1299 5693 iu
1333 5624 1431 5693 hac
1475 5622 1870 5693 signiﬁcatione

305 5676 637 5755 inberetidietu
661 5676 857 5761 libro;
1060 5676 1176 5761 13:2,
1209 5692 1486 5764 ἐπίκλημα
1524 5676 1583 5745 ’δὲ
1641 5691 1868 5751 ποιεῖταί

1976 5569 2116 5604 τισιν
2142 5552 2216 5615 ὡς
2242 5551 2342 5619 τῆς
2388 5549 2645 5621 ἀληθείας
2696 5548 3066 5619 κατειρηκόσι,
3098 5544 3544 5621 ᾳιιὶίνριεάᾳηιηριο

1977 5614 2205 5676 crimich
2229 5614 2406 5691 objicit
2433 5614 2585 5691 quasi
2612 5614 2868 5674 adversus
2888 5614 3153 5673 veritatem
3176 5614 3428 5673 dixerint.
