4088 6482
574 361 682 417 219

1608 356 1669 413 S.
1711 357 1984 414 CYRILLI
2023 356 2490 414 ALEXANDRINI
2528 357 2849 415 ARCHIEP.

3723 350 3833 404 220

577 484 865 530 remotum.
908 468 1113 529 Deinde
1158 488 1280 528 cum
1316 488 1471 543 passa
1506 484 1653 528 esset
1680 475 1778 544 ipsi
1811 477 1958 530 unita
2003 491 2155 540 caro,

2263 474 2445 545 θείσης
2475 474 2624 544 αὐτῷ
2653 474 2876 545 σαρκὸς,
2912 472 3093 543 χάριτι
3122 470 3281 534 Θεοῦ,
3325 469 3466 524 κατὰ
3497 466 3558 521 τὸ
3586 483 3833 537 γεγραμ-

576 567 747 636 gratia
777 565 895 631 Dei,
920 567 1058 620 sicut
1088 564 1349 635 scriptum
1376 573 1478 627 est,
1507 580 1603 633 pro
1630 565 1883 620 omnibus
1919 569 2154 637 gustavit

576 670 805 715 mortem
835 659 881 690 ’⁵⁸
911 678 925 714 :
963 667 1020 713 ut
1053 674 1173 712 cum
1208 656 1465 725 templum
1499 671 1655 711 suum
1683 667 1856 711 morte
1880 674 2000 727 qua:
2038 674 2152 711 om-

577 765 673 804 nes
699 750 790 818 qui
824 749 876 803 iu
910 748 1069 802 terris
1109 756 1235 801 sunt
1277 748 1503 810 vicerat,
1543 745 1740 801 fortius
1779 763 1843 802 ac
1884 750 2153 817 potentius

577 840 923 903 reddidisset,
965 839 1217 908 primitiae
1250 837 1630 892 dormientium
1655 848 1799 893 esset
1824 838 1914 905 δί’,
1942 849 1995 894 et
2039 840 2152 908 pri-

578 932 882 1000 mogenitus
923 946 994 984 ex.
1027 928 1253 982 mortuis
1277 928 1363 993 ιτς
1418 929 1835 984 transmittendo
1876 938 2055 984 autem
2100 931 2152 985 in

577 1034 676 1072 nos
724 1033 939 1088 quoque
982 1033 1098 1071 eam
1150 1018 1380 1085 gratiam
1429 1028 1686 1083 tanquam
1735 1035 1873 1074 unus
1912 1035 1977 1074 ac
2008 1019 2153 1075 solus

576 1106 746 1162 Filius
770 1117 823 1162 et
846 1117 1136 1175 antequam
1161 1116 1306 1161 esset
1332 1108 1490 1160 homo
1514 1107 1709 1172 factus,
1730 1119 1784 1162 et
1806 1119 2154 1180 posteaquam

576 1206 661 1250 est
701 1197 893 1259 factus,
936 1195 1185 1250 Salvator
1231 1196 1618 1264 appellaretur,
1669 1207 1724 1254 et
1780 1199 2153 1255 universorum

576 1286 839 1342 liberator
880 1306 893 1341 :
931 1303 1162 1356 eumque
1208 1303 1236 1341 a
1283 1297 1537 1357 peccato,
1578 1297 1636 1343 ut
1681 1290 1814 1355 dixi,
1867 1290 2157 1347 liberasset

574 1392 763 1432 omnes
788 1379 879 1446 qui
904 1379 956 1432 in
979 1394 1102 1433 eum
1130 1379 1439 1445 crederent,
1464 1395 1571 1449 pax
1596 1380 1747 1434 ﬁeret
1770 1380 1837 1435 iis
1858 1381 1946 1450 qui
1977 1381 2155 1451 longe,

574 1476 632 1522 et
662 1468 726 1522 iis
749 1469 840 1538 qui
880 1484 1068 1539 prope,
1115 1470 1479 1526 reconciliatis
1513 1486 1610 1540 per
1642 1485 1701 1526 se
1731 1471 1905 1540 ipsum
1952 1471 2061 1526 Deo
2092 1487 2159 1526 ac

576 1558 722 1611 Patri
753 1559 819 1614 iis
850 1560 941 1629 qui
977 1560 1105 1613 olim
1139 1568 1410 1615 creatura:
1450 1562 1774 1626 servierant,
1815 1572 1868 1617 et
1908 1577 2001 1632 per
2028 1578 2155 1632 pec-

577 1660 759 1702 catum
797 1651 905 1703 Deo
927 1650 1169 1703 omnium
1202 1652 1408 1719 Optimo
1432 1661 1587 1705 erant
1613 1650 1923 1707 initnici.At
1951 1668 2078 1708 vero
2102 1654 2153 1708 in

579 1738 715 1793 duos
747 1739 939 1794 iterum
990 1740 1127 1794 ﬁlios
1161 1741 1409 1796 dividens
1438 1757 1602 1795 unum
1653 1741 1937 1797 Dominum
1970 1740 2155 1800 Iesum

580 1828 880 1895 Christum,
912 1830 994 1885 sic
1028 1830 1142 1885 fere
1171 1830 1302 1886 dicit
1333 1850 1347 1886 :

649 1939 887 1994 NESTOR.
922 1942 1093 2010 [Audi
1125 1943 1285 1996 etiam
1309 1941 1452 1996 aliud
1477 1941 1716 2010 ipsorum
1750 1944 2156 1999 testimonium:

584 2047 604 2080 ε
639 2027 694 2083 Si
728 2030 871 2082 enim
907 2033 1302 2099 cognovissent,
1340 2050 1615 2104 nunquam
1644 2037 1931 2091 Dominum
1973 2039 2161 2109 gloriae

578 2121 975 2176 cruciﬁxissent
997 2122 1064 2175 “‘.
1097 2142 1114 2174 ι
1149 2124 1286 2177 Ecce
1319 2124 1604 2180 Dominum
1642 2126 1826 2196 gloriae
1856 2129 2004 2183 dicit.
2038 2128 2159 2183 Non

578 2214 659 2267 sic
697 2213 929 2283 appellat
958 2213 1369 2283 humanitatem,
1396 2217 1490 2270 sed
1526 2218 1881 2273 divinitatem.
1918 2219 2031 2274 Hoc
2063 2235 2161 2274 au-

578 2313 687 2359 tem
712 2315 796 2359 est
833 2304 1112 2360 hominum
1146 2322 1410 2362 summam
1445 2307 1589 2381 illam
1613 2308 2014 2378 copulationem
2047 2310 2160 2367 dis-

582 2394 932 2448 trahentium.
975 2395 1109 2449 Cum
1152 2397 1296 2451 enim
1334 2395 1490 2461 dicis,
1525 2397 1668 2450 hunc
1695 2411 1800 2451 non
1827 2411 1948 2451 esse
1978 2396 2160 2451 Domi-

581 2500 731 2552 num,
757 2485 904 2539 illum
927 2500 1072 2551 esse,
1096 2495 1149 2539 tu
1174 2486 1373 2539 nudum
1404 2486 1677 2541 hominem
1704 2485 1838 2542 facis
1860 2486 2155 2542 Christum.

581 2577 719 2642 Quid
744 2589 874 2645 ergo
890 2576 990 2632 sub
1006 2575 1380 2631 ecclesiastica
1410 2591 1639 2646 persona
1672 2577 1829 2639 dicis.
1868 2577 2159 2633 haeretice?

581 2666 916 2721 Dominnsne
952 2676 1037 2722 est
1065 2667 1232 2721 etiam
1265 2667 1383 2736 ipse
1414 2669 1596 2734 homo,
1632 2681 1700 2722 an
1736 2668 2009 2722 secusisi
2039 2668 2160 2736 qui-

581 2760 703 2816 dem
734 2758 1013 2827 Dominus,
1044 2759 1456 2816 coutmunicant
1483 2760 1697 2815 interse
1726 2775 1847 2830 qum
1864 2761 2155 2829 dicuntur;

582 2852 668 2906 sin
697 2850 897 2917 minus,
930 2850 1037 2905 noli
1070 2861 1125 2905 tu
1156 2866 1280 2906 cum
1329 2856 1528 2907 nudum
1565 2868 1630 2907 ac
1652 2852 1953 2924 simplicem
1982 2852 2157 2906 homi-

583 2955 706 2995 nem
733 2937 1005 2996 Christum
1039 2939 1227 3008 facias,
1267 2941 1398 2996 mihi
1432 2943 1532 2998 hoc
1558 2943 2154 3015 prohrumimpingere.

584 3030 789 3086 Deinde
814 3032 943 3086 dicit
970 3052 986 3087 :
1013 3032 1309 3088 Audiamus
1335 3033 1553 3088 beatum
1577 3033 1805 3089 Paulum
1839 3044 2025 3105 aperte
2049 3035 2158 3090 cla-

2258 565 2435 634 μὲνον,
2462 564 2597 637 ὑπὲρ
2623 564 2823 627 παντὸς
2843 563 3104 631 ἐγεύσατο
3135 563 3366 617 θανάτου
3386 578 3399 591 ⁸
3426 562 3533 626 ἵνα,
3564 556 3659 612 τοῦ
3696 556 3835 609 πάνυ

2253 673 2350 719 τας
2400 655 2738 722 νενικηκότος
2780 654 2906 718 τοὺς
2949 655 3041 707 ἐπὶ
3068 654 3165 725 τῆς
3214 653 3318 723 γῆς
3349 652 3441 705 τὸν
3484 648 3680 703 ἐαυτοῦ
3703 649 3835 701 ναὸν

2254 748 2537 818 ἀποφήνας
2590 745 2896 817 κρείττονα,
2948 745 3262 817 χρηματίσῃ
3315 743 3415 815 μὲν
3462 739 3685 811 ἀπαρχὴ
3722 740 3836 792 τῶν

2255 837 2687 909 κεκοιμημένων,
2703 838 2796 889 καὶ
2828 835 3168 907 πρωτότοκος
3190 834 3255 886 ἐκ
3282 833 3519 900 νεκρῶψ
3542 827 3836 900 παραπέμ-

2255 947 2370 983 πων
2395 929 2452 982 δὲ
2478 928 2572 981 καὶ
2608 929 2688 991 εἰς
2710 928 2856 997 ἡμᾶς
2888 926 2986 997 τὴν
3020 926 3203 995 χάριν,
3242 923 3317 986 ώς
3339 916 3419 984 εἷς
3452 939 3512 974 τε
3540 921 3636 973 καὶ
3673 919 3836 989 μόνος

2257 1020 2514 1091 ὑπάρχων
2537 1019 2664 1082 Υίὸς
2691 1018 2785 1071 καὶ
2816 1017 2923 1088 πρὸ
2956 1017 3052 1085 τῆς
3080 1015 3561 1085 ἐνανθρωπήσεως,
3592 1011 3685 1065 καί
3712 1010 3832 1081 μετ’

2263 1112 2431 1181 αὐτὴν
2481 1111 2559 1164 ἔτι
2606 1110 2794 1183 Σωτὴρ
2848 1108 3211 1180 ὀνομάζηται,
3259 1107 3352 1161 καὶ
3398 1103 3677 1175 λυτρωτὴς
3722 1101 3836 1154 τῶν

2255 1205 2392 1258 ὅλων
2412 1220 2424 1233 ·
2452 1197 2572 1257 εἶτα
2595 1203 2692 1273 τῆς
2726 1202 3016 1272 ἁμαρτίας,
3044 1200 3119 1264 ὡς
3161 1200 3318 1269 ἔφην,
3340 1195 3640 1265 ἐλευθερῶν
3659 1194 3837 1247 ᾶπαν-

2253 1312 2351 1359 τας
2398 1295 2522 1358 τοὺς
2570 1296 2651 1359 εἰς
2703 1293 2865 1347 αὐτὸν
2921 1291 3295 1354 πιστεύοντας.
3354 1290 3544 1360 εἰρήνη
3603 1286 3835 1355 γένηται

2255 1390 2366 1451 τοῖς
2404 1385 2639 1456 μακρὰν,
2676 1384 2911 1447 καὶτοῖς
2956 1383 3143 1451 ἐγγὺς,
3180 1380 3558 1435 καταλλάττων
3591 1377 3659 1430 δι’
3703 1378 3835 1429 ἐαυ-

2254 1480 2348 1533 τοῦ
2394 1479 2473 1549 τῷ
2501 1479 2621 1550 Θεῷ
2663 1480 2757 1533 καὶ
2794 1478 2968 1549 Πατρὶ
3004 1478 3135 1541 τοὺς
3176 1476 3343 1530 πάλαι
3380 1475 3447 1545 τῇ
3475 1472 3655 1525 κτίσει
3678 1469 3836 1523 λελα-

2255 1572 2571 1640 τρευκότας,
2621 1572 2714 1624 καὶ
2763 1570 2851 1623 διά
2899 1570 3000 1640 τῆς
3038 1568 3305 1639 ἁμαρτίας
3354 1563 3707 1637 ἐχθρεύοντας
3754 1560 3835 1630 τῷ

2258 1662 2558 1731 παναγάθῳ
2598 1661 2743 1731 Θεῷ.
2802 1659 2943 1714 Ἀλλ’
2981 1660 3060 1722 εἰς
3099 1657 3265 1712 δυάδα
3309 1656 3471 1709 πάλιν
3504 1653 3634 1707 υἰῶν
3663 1669 3838 1707 κατα-

2262 1751 2498 1823 μερίζων
2527 1752 2618 1805 τὸν
2655 1751 2753 1806 ἕνα
2794 1751 3000 1823 Κύριον
3050 1748 3257 1821 Ἰησοῦν
3290 1746 3545 1819 Χριστὸν,
3580 1738 3684 1798 ὧδέ
3728 1743 3836 1797 πού

2261 1860 2423 1914 φησιν
2444 1861 2459 1875 ο

2332 1954 2619 2025 [Ἄκουσον
2662 1954 2757 2007 καὶ
2795 1953 2895 2024 τὴν
2928 1952 3096 2023 ἄλλην
3126 1950 3306 2004 αὐτῶν
3353 1948 3676 2021 μαρτυρίαν.
3713 1966 3733 1998 ι
3770 1948 3834 2000 Εἰ

2259 2046 2368 2117 γὰρ
2403 2044 2664 2114 ἔγνωσαν,
2704 2045 2805 2098 οῦκ
2840 2043 2907 2098 ἂν
2942 2045 3031 2097 τὸν
3080 2042 3283 2112 Κύριον
3313 2044 3411 2111 τῆς
3439 2040 3594 2109 δόξης
3635 2039 3834 2093 ἐσταύ-

2262 2153 2465 2210 ρωσαν.
2505 2155 2523 2187 ι
2564 2137 2694 2190 Ἰδοὺ
2720 2135 2923 2205 Κύριον
2947 2134 3046 2204 τῆς
3070 2132 3227 2203 δόξης
3250 2133 3417 2200 λέγει.
3451 2131 3525 2185 Οὐ
3554 2130 3715 2184 καλεῖ
3736 2128 3837 2199 τὴν

2260 2227 2677 2298 ἀνθρωπότητα,
2713 2225 2848 2279 ἀλλὰ
2882 2224 2981 2295 τὴν
3028 2223 3278 2292 θεότητα.
3310 2222 3478 2275 Τοῦτο
3505 2222 3563 2274 δέ
3594 2223 3707 2275 ἐστι
3739 2223 3837 2275 καὶ

2258 2318 2612 2371 διασπώντων
2658 2317 2757 2388 τὴν
2805 2316 3103 2386 συνάφειαν
3146 2313 3246 2385 τὴν
3283 2313 3517 2384 ἀκριϐῆ·
3566 2314 3839 2382 ὅτανγὰρ

2258 2410 2436 2477 λέγεις
2479 2410 2561 2462 ὃτι
2604 2402 2756 2471 οὗτος
2797 2408 2895 2478 μὲν
2941 2408 3045 2459 οὐκ
3089 2403 3205 2457 ἔστι
3255 2403 3479 2476 Κύριος,
3529 2405 3737 2466 ἐκεῖνος
3781 2401 3839 2455 δὲ

2259 2499 2486 2568 Κύριος,
2523 2501 2587 2553 σὺ
2630 2498 2785 2569 ψιλὸν
2812 2496 3100 2568 ἄνθρωπον
3129 2497 3301 2559 ποιεῖς
3343 2494 3432 2548 τὸν
3467 2492 3721 2564 Χριστόν.
3775 2490 3845 2543 Τί

2257 2584 2351 2643 οῦν
2384 2589 2561 2657 λέγεις
2600 2590 2659 2642 ἐν
2701 2584 3136 2658 ἐκκλησιαστικῷ
3174 2584 3525 2656 προσωπείῳ,
3562 2579 3840 2652 cipe-ruﬁ;

2258 2679 2462 2753 Κύριος
2493 2680 2588 2733 καὶ
2616 2680 2645 2732 ό
2686 2678 2991 2750 ἄνθρωπος,
3027 2676 3061 2746 ἢ
3093 2674 3153 2728 οῦ
3180 2692 3195 2741 ;
3247 2675 3308 2728 Ei
3356 2674 3456 2744 μὲν
3492 2667 3584 2727 οὖν
3613 2669 3841 2740 Κύριος,

2260 2773 2507 2825 κοινωνεί
2538 2769 2608 2824 τὰ
2635 2769 2903 2841 λεγόμενα
2934 2768 3046 2839 (56)
3068 2783 3082 2796 ’
3123 2769 3172 2820 εἰ
3210 2766 3267 2820 δὲ
3308 2767 3369 2819 ού
3401 2764 3625 2835 Κύριος,
3666 2761 3740 2831 μὴ
3778 2761 3842 2813 σὺ

2258 2862 2412 2930 ψιλὸν
2438 2861 2721 2932 ἄνθρωπον
2748 2860 2840 2913 τὸν
2872 2859 3106 2932 Χριστὸν
3140 2858 3330 2921 ποιῶν,
3372 2858 3495 2925 ἐμοὶ
3539 2851 3843 2925 πρόπριὸε

2257 2956 2349 3009 τὸν
2379 2951 2700 3024 ὀνειδισμὸν.
2733 2946 2869 3005 Εἶτά
2909 2966 3076 3019 φησιν
3099 2966 3114 2979 ·
3156 2949 3499 3017 ’Δκούσωμεν
3524 2944 3618 2997 τοῦ
3661 2959 3841 3014 μακα-

2262 3047 2377 3117 ρίου
2404 3044 2620 3098 Παύλου
2650 3040 2900 3113 φανερῶς
2932 3040 3287 3115 κεκραγότος,
3322 3038 3405 3101 τίς
3443 3038 3590 3089 ἐστιν
3613 3034 3644 3086 ὁ
3678 3050 3844 3086 σταυ-

587 3133 844 3188 ntantem,
893 3124 1138 3192 quisnam
1186 3126 1257 3179 sit
1303 3125 1395 3180 ille
1448 3125 1761 3181 cruciﬁxus.
1813 3127 1950 3181 Audi
1998 3127 2161 3196 igitur

2266 3136 2479 3209 ρωθείς.
2536 3137 2801 3190 Ἀκουσον
2851 3134 3032 3189 τοίνυν
3081 3129 3435 3204 φανερώτατα
3479 3127 3580 3194 τῆς
3622 3126 3840 3195 φωνῆς’

586 3214 929 3282 apertissime
957 3215 1073 3284 ejus
1102 3230 1290 3271 vocem
1322 3237 1335 3272 :
1368 3234 1386 3268 ι
1421 3216 1634 3271 Etenim
1665 3216 1959 3271 cruciﬁxus
1997 3224 2164 3271 estex

588 3305 925 3369 inﬁrmitate,
959 3306 1053 3360 sed
1089 3306 1220 3361 vivit
1264 3322 1333 3362 ex
1380 3308 1582 3361 virtute
1625 3307 1718 3362 Dei
1745 3307 1812 3360 ⁸ο.
1848 3326 1866 3357 ι
1906 3306 1960 3361 Si
1991 3308 2165 3362 cruci-

588 3396 729 3450 ﬁxus
750 3404 916 3451 estex
938 3397 1270 3462 inﬁrmitate,
1289 3398 1412 3467 quis
1432 3397 1737 3453 inﬁrmatus
1758 3408 1858 3464 εει,
1883 3397 2167 3453 hznrctice?

590 3486 749 3543 illene
779 3487 922 3543 Deus
954 3487 1263 3562 Verbum?]

1253 3671 1403 3727 CAP.
1444 3672 1506 3728 ll.

660 3824 857 3881 Fertur
888 3825 941 3881 in
978 3826 1243 3882 absurdas
1290 3828 1612 3892 sententias,
1660 3836 1713 3883 et
1765 3827 1817 3882 in
1864 3828 2167 3900 improbum

590 3932 828 3984 sensum,
874 3918 983 3971 vim
1034 3918 1279 3989 mysterii
1330 3918 1477 3973 nullo
1530 3921 1690 3974 modo
1741 3920 2065 3992 intelligens,
2111 3930 2171 3976 ut

589 4008 719 4063 mihi
748 4008 980 4073 videtur,
1015 4010 1108 4064 sed
1139 4024 1233 4063 sua
1263 4019 1568 4064 commenta
1600 4011 1797 4080 ubique
1827 4026 2081 4081 sequens,
2108 4026 2170 4066 ac

590 4098 819 4156 fortasse
873 4110 1141 4167 metuens,
1195 4116 1263 4156 ne
1311 4102 1584 4171 quidpiam
1636 4104 1777 4172 quod
1824 4112 2027 4159 rectum
2074 4115 2169 4158 aut

590 4206 776 4245 verum
808 4192 900 4255 sit,
935 4191 1015 4245 vel
1047 4191 1269 4253 sentire,
1304 4192 1386 4246 vel
1414 4193 1590 4262 eloqui
1621 4195 1992 4251 convincatur.
2026 4194 2171 4265 Ohji-

590 4282 661 4334 cit
691 4281 836 4335 enim
861 4282 988 4345 sibi,
1008 4290 1064 4335 ut
1094 4280 1210 4349 ipse
1242 4281 1416 4351 ﬁngit,
1436 4284 1864 4339 orthodoxorum
1894 4285 2170 4341 hominum

590 4387 751 4427 voces
792 4387 808 4425 :
853 4373 949 4427 sed
997 4375 1177 4428 denuo
1225 4373 1314 4427 illa
1357 4390 1556 4443 ponere
1596 4377 2017 4446 deprehenditur
2052 4393 2171 4445 qum

2271 3246 2291 3281 ι
2326 3229 2437 3281 Καὶ
2464 3228 2573 3299 γὰρ
2597 3227 2937 3299 ἐσταυρώθη,
2967 3229 3153 3298 φησὶν,
3186 3227 3243 3293 ἐξ
3274 3222 3576 3284 ἀσθενείας,
3612 3216 3752 3273 ἀλλά
3777 3214 3843 3287 ζῇ

2265 3321 2329 3373 ἐκ
2372 3320 2652 3389 δυνάμεως
2696 3320 2854 3373 Θεοῦ.
2901 3339 2918 3369 ι
2964 3321 3026 3372 Εἰ
3067 3315 3385 3387 ἐσταυρώθη
3435 3314 3493 3381 ἐξ
3535 3310 3851 3377 ἀσθενείας,

2264 3411 2349 3474 τίς
2379 3410 2695 3481 ἠσθένησεν,
2728 3411 3005 3468 αἰοετικέε
3039 3412 3068 3464 ό
3100 3409 3230 3473 Θεὸς
3258 3407 3425 3476 Λόγος
3445 3404 3497 3477 ;]τ

2876 3675 3125 3729 ΚΕΦΑΛ.
3169 3674 3238 3730 B'.

2351 3829 2771 3902 Ἀποκομίζεται
2833 3830 2913 3891 εἰς
2973 3828 3180 3890 ἐννοίας
3247 3825 3545 3890 ἐκτύπους,
3614 3825 3708 3877 καὶ
3767 3825 3846 3887 εἰς

2268 3922 2521 3992 ἀδόκιμον
2577 3920 2725 3987 νοῦν,
2782 3919 2882 3990 τὴν
2932 3917 3024 3972 τοῦ
3090 3917 3386 3988 μυστηρίου
3445 3915 3677 3986 δύναμιν
3723 3917 3844 3969 κατ’

2268 4013 2457 4069 οὐδένα
2493 4013 2692 4083 τρόπον
2732 4013 2955 4076 συνιεὶς,
3014 4009 3090 4073 ὥς
3132 4026 3195 4077 γε
3252 4025 3344 4079 μοι
3384 4009 3654 4077 φαίνεται,
3705 4007 3844 4076 μᾶλ-

2269 4105 2357 4158 λον
2404 4104 2462 4158 δέ
2508 4119 2590 4156 τοι
2647 4102 2794 4164 ἰδίοις
2849 4100 3160 4170 σκέμμασιν
3227 4098 3494 4167 ἑπόμενος
3542 4097 3843 4167 πανταχοῦ,

2270 4196 2362 4249 καὶ
2408 4194 2548 4264 τάχα
2598 4210 2698 4245 που
2753 4192 2959 4255 δεδιὼς,
3021 4190 3094 4261 μὴ
3147 4190 3255 4257 ἄρα
3306 4206 3359 4242 τι
3408 4188 3517 4241 τῶν
3566 4190 3645 4251 εἰς
3688 4187 3847 4257 ὀρθό-

2270 4302 2438 4355 τητα,
2483 4285 2516 4355 ἢ
2560 4282 2836 4353 ἀλήθειαν,
2882 4281 2915 4352 ἢ
2965 4280 3344 4351 πεφρονηκὼς,
3392 4278 3423 4348 ἦ
3464 4278 3658 4346 λέγων,
3710 4277 3844 4347 ἁλῷ.

2284 4374 2658 4445 ’Λντανίστησι
2712 4374 2811 4444 μὲν
2851 4373 2960 4443 γάρ
3008 4371 3203 4442 ἐαυτῷ,
3246 4370 3493 4437 καθάπερ
3529 4364 3623 4420 οὖν
3653 4366 3843 4428 οἴεται,

594 4477 752 4517 nemo
786 4472 930 4517 recte
979 4464 1125 4519 circa
1178 4465 1336 4520 ﬁdem
1373 4466 1680 4531 ingrediens
1727 4469 1953 4521 alterum
1988 4468 2161 4522 dicere

2269 4463 2366 4525 τὰς
2420 4462 2528 4515 τῶν
2576 4462 2872 4534 ὀρθοδόξων
2924 4460 3128 4529 φωνὰς,
3189 4458 3577 4527 καταφιιιρᾶται
3630 4455 3687 4507 δέ
3737 4454 3843 4506 πά-

593 4562 888 4622 pateretur.
935 4553 1070 4608 Nam
1106 4556 1389 4610 Dominum
1424 4559 1608 4628 gloriae
1653 4558 1810 4628 127
1854 4558 2003 4612 illum
2043 4573 2167 4612 cru-

592 4643 813 4697 ciﬁxum
841 4657 961 4698 esse
1002 4645 1252 4711 dicimus,
1284 4656 1341 4701 et
1374 4656 1455 4701 est
1490 4651 1784 4702 secundum
1819 4648 2099 4701 veritatem
2150 4664 2164 4700 :

593 4734 688 4789 sed
716 4749 836 4787 cum
870 4733 1203 4789 individuum
1245 4745 1297 4792 et
1328 4752 1493 4791 unum
1527 4752 1649 4792 cum
1686 4737 1832 4794 unita
1874 4737 1975 4791 sibi
2003 4751 2169 4792 carne

592 4824 772 4877 anima
813 4825 1059 4881 rationali
1102 4827 1325 4894 praedita
1358 4828 1535 4897 ipsum
1584 4829 1675 4882 Dei
1722 4828 1956 4882 Verbum
2004 4842 2172 4897 agno-

594 4929 846 4979 scamus,
886 4914 1059 4984 ipsum
1099 4930 1220 4970 esse
1266 4917 1493 4972 dicimus
1536 4918 1627 4986 qui
1681 4918 1880 4988 proprii
1928 4918 2170 4985 corporis

598 5013 855 5072 tanquam
899 5006 1305 5060 immaculatum
1362 5008 1710 5070 sacriﬁcium,
1759 5016 1814 5060 et
1856 5006 2171 5061 odoratissi-

598 5105 741 5145 mam
780 5091 1013 5146 hostiam
1044 5106 1103 5147 se
1138 5092 1314 5163 ipsum
1362 5096 1471 5149 Deo
1501 5103 1554 5149 et
1591 5093 1738 5147 Patri
1767 5093 1980 5155 obtulit,
2013 5109 2076 5148 ac
2115 5093 2174 5146 li-

601 5200 705 5255 gno
731 5184 869 5255 quod
901 5184 1183 5240 adversum
1208 5201 1305 5240 nos
1326 5195 1441 5240 erat
1467 5185 1884 5256 chirographum
1918 5183 2169 5240 afﬁxit”.

599 5278 760 5335 Certe
787 5290 884 5346 per
913 5290 1099 5331 vocem
1133 5276 1302 5333 David
1334 5291 1456 5331 eum
1493 5277 1758 5331 dicentem
1787 5278 1972 5330 audire
2003 5275 2126 5331 licet
2154 5294 2166 5329 :

2270 4551 2353 4605 λιν
2398 4554 2583 4607 ἐκεῖνα
2631 4552 2824 4617 τιθεὶς,
2878 4551 2913 4605 δι
2963 4551 3152 4622 μηδεὶς
3200 4549 3419 4603 πώποτε
3466 4548 3575 4600 τῶν
3620 4546 3845 4616 ὀρθοπο-

2271 4644 2379 4697 δεῖν
2426 4644 2692 4697 εἰωθότων
2751 4644 2880 4715 περί
2922 4644 3021 4715 τὴν
3078 4642 3280 4706 πίστιν,
3332 4640 3434 4694 κᾶν
3474 4640 3604 4706 γοῦν
3660 4637 3845 4707 ἑτέρου

2272 4735 2519 4804 λέγοντος
2551 4734 2840 4803 ἀνάσχοιτο
2884 4734 2971 4787 ἄν.
3024 4732 3227 4803 Κύριον
3279 4732 3379 4801 μὲν
3410 4732 3515 4801 γὰρ
3549 4732 3650 4799 τῆς
3692 4728 3846 4798 δόξης

2272 4826 2362 4879 τὸν
2406 4825 2821 4896 ἐσταυρωμένον
2863 4820 3001 4877 εἷναί
3029 4839 3228 4893 φαμεν,
3262 4821 3354 4875 καί
3389 4821 3506 4873 ἔστι
3546 4818 3690 4872 κατὰ
3718 4819 3844 4888 ἀλή-

2276 4915 2455 4968 θειανο
2502 4915 2809 4986 ἀδιαίρετον
2853 4915 2909 4967 δὲ
2944 4915 3038 4967 καὶ
3079 4914 3175 4966 ἕνα
3221 4911 3364 4983 μετὰ
3409 4910 3509 4980 τῆς
3552 4908 3844 4977 ἐνωθείσης

2277 5004 2427 5076 αὐτῷ
2456 5005 2658 5076 σαρκὸς
2699 5005 2880 5075 ψυχὴν
2919 5004 3149 5074 ἐχούσης
3199 5002 3298 5074 τὴν
3343 5001 3569 5071 λογικὴν
3614 5000 3708 5053 τὸν
3755 4999 3844 5052 τοῦ

2277 5095 2412 5148 Θεοῦ
2458 5094 2629 5164 Λόγον
2657 5093 3139 5163 ἐπιγινώσκοντες,
3180 5093 3341 5146 αὑτὸν
3375 5086 3514 5144 εἷναί
3542 5108 3729 5160 φαμεν
3762 5090 3843 5143 τὸν

2276 5185 2368 5238 τοῦ
2411 5186 2539 5239 ἰδίου
2566 5185 2818 5255 σώματος
2850 5184 2926 5248 ὡς
2957 5184 3187 5255 ἄμωμον
3219 5186 3435 5254 ἱερεῖον,
3474 5183 3568 5235 καὶ
3606 5180 3845 5251 ειῖωσμώ⁴

2278 5292 2439 5329 τατον
2464 5275 2631 5346 θῦμα,
2654 5276 3103 5347 προσκομίσαντα
3134 5274 3232 5344 μέν
3267 5274 3479 5337 ἑαυτὸν,
3502 5272 3579 5341 τῷ
3607 5271 3730 5340 Θεῷ
3760 5272 3844 5324 καὶ

638 5429 688 5463 ⁸⁸
728 5430 894 5486 ilebr.
921 5446 982 5498 ιι,
1016 5433 1072 5488 9.
1150 5432 1217 5463 ’⁸⁸⁸
1248 5431 1266 5486 1
1297 5431 1422 5486 Cor.
1453 5445 1543 5497 xv,
1570 5429 1661 5485 ‘20.
1732 5431 1776 5463 ⁸⁷
1808 5431 2014 5486 Coloss.
2060 5445 2098 5498 ι,
2141 5430 2161 5483 1

2304 5428 2384 5483 ⁸⁸1
2417 5429 2540 5484 Cor.
2573 5443 2636 5495 Il,
2663 5429 2715 5483 8.
2792 5429 2836 5462 ⁸³
2869 5429 2911 5485 ll
2937 5430 3061 5485 Cor.
3090 5428 3284 5495 xtn,4.
3359 5426 3408 5459 '°
3432 5426 3643 5483 Coloss.
3675 5440 3739 5491 ιι,
3764 5423 3840 5478 Η.

1866 5582 2026 5637 ANT.
2070 5579 2343 5638 AGELlJl
2383 5581 2619 5637 NOTAE.

685 5742 797 5813 (56)
837 5741 1059 5799 Inferius
1105 5755 1227 5814 pag.
1285 5739 1382 5798 ηρ
1431 5738 1585 5805 dixit,
1642 5739 1850 5812 συνᾴδει
1910 5738 1974 5793 τὰ
2024 5738 2161 5810 λεγόι

2263 5756 2310 5804 ιι,
2336 5738 2667 5796 consentiunt
2697 5754 2813 5810 qum
2842 5737 3112 5793 dicuntur.
