4088 6490
297 369 401 424 121

1357 369 1743 429 ADVEREUS
1782 370 2189 429 NESTORIUM
2229 374 2359 430 LIB.
2406 374 2467 431 V.

3454 379 3566 436 22¢

303 480 519 549 Πατρί·
561 477 993 549 προσηλώσαντα
1044 480 1101 532 δὲ
1136 480 1214 550 τῷ
1243 480 1418 552 ξύλῳ,
1465 483 1527 536 τὸ
1556 483 1680 537 καθ’
1724 484 1882 553 ήμῶν

1990 504 2010 537 ι
2046 486 2387 543 Sacriﬁcium
2424 498 2478 545 et
2510 490 2833 547 oblationem
2882 494 3125 559 noluisti,
3158 510 3353 565 corpus
3380 506 3561 552 autem

302 570 692 639 χειρόγραφον.
722 568 879 622 Ἔστι
918 569 1050 638 γοῦν
1086 571 1314 625 ἀκοῦσαι
1355 572 1605 643 λέγοντος
1643 574 1734 627 διὰ
1767 592 1880 643 φω-

301 661 406 728 νῆς
434 660 530 712 τοῦ
562 660 727 713 Δαϐίδ
744 676 759 691 ·
803 679 823 712 ι
849 662 1052 715 Θυσίαν
1079 663 1174 716 καὶ
1207 664 1522 737 προσφορὰν
1553 667 1654 719 οὐκ
1682 665 1879 737 ἠθέλη-

305 766 428 815 σας,
468 750 627 821 σῶμα
655 752 714 805 δὲ
765 753 1085 824 κατηρτίσω
1135 771 1259 824 μοι·
1304 756 1737 827 ὁλοκαυτώματα
1784 756 1880 810 καὶ

304 844 434 914 περὶ
494 844 773 915 ἁμαρτίας
814 846 916 898 οὑκ
961 845 1293 916 ηὑδόκησας,
1333 849 1455 902 τότε
1495 846 1681 902 εἷπον·
1739 849 1873 902 Ἰδοὺ

302 934 456 1003 ήκωο
486 936 545 986 ὲν
571 935 819 1002 κεφαλίδι
849 934 1055 1004 βιϐλίου
1086 935 1395 1007 γέγραπται
1422 938 1552 1009 περὶ
1594 937 1752 1007 ἐμοῦ,
1781 938 1878 991 τοῦ

303 1027 556 1095 ποιῆσαι,
577 1028 607 1081 6
627 1026 781 1091 Θεὸς,
819 1027 882 1079 τὸ
911 1026 1126 1097 θέλημά
1156 1045 1306 1082 σου.»
1327 1029 1743 1101 ’Δπρακτούσης
1774 1030 1877 1100 ἤδη

300 1115 408 1185 τῆς
447 1116 590 1171 κατά
620 1116 786 1185 νόμον
819 1116 1059 1186 ἐντολῆς,
1100 1117 1196 1171 καὶ
1237 1118 1550 1189 τελειοὺσης
1579 1119 1750 1181 οὐδὲν,
1783 1118 1882 1172 καὶ

301 1206 663 1278 ἁνεθελήτους
713 1207 929 1278 ἔχοντος
969 1207 1063 1261 τοῦ
1106 1208 1243 1261 Θεοῦ
1288 1209 1382 1263 καὶ
1416 1210 1631 1281 Πατρὸς
1668 1209 1768 1272 τὰς
1809 1209 1878 1262 δι’

304 1298 559 1367 αἱμάτων
587 1298 811 1363 Θυσίας,
848 1299 1011 1369 σῶμα
1052 1300 1415 1371 κατηρτίσθαι
1469 1301 1633 1369 φησὶν
1678 1299 1875 1370 ἐαυτῷ,

304 1388 398 1442 ῐνα
436 1388 539 1457 τῆς
590 1390 845 1443 ἁπάντων
875 1390 1149 1459 σωτηρίας
1197 1391 1293 1443 καὶ
1326 1391 1471 1461 ζωῆς
1519 1391 1878 1460 ἀντάλλαγμα

300 1480 431 1543 δοὺς
456 1478 626 1549 αὐτῷ,
660 1481 871 1542 πάντας
919 1480 1190 1550 ἐξέληται,
1220 1482 1313 1534 καὶ
1351 1481 1582 1535 θανάτου
1612 1481 1708 1535 καὶ
1749 1482 1878 1552 φθο-

302 1572 429 1641 ρᾶς,
472 1571 564 1624 καὶ
615 1571 750 1641 πρός
779 1587 843 1639 γε
888 1570 1066 1642 τούτῳ
1092 1572 1187 1624 καὶ
1219 1572 1525 1642 ἁμαρτιῶν.
1568 1573 1742 1626 Αὑτὸν
1782 1571 1876 1627 οὖν

300 1664 416 1734 ἀρα
450 1664 627 1734 φαμὲν
655 1664 746 1716 τὸν
775 1665 840 1717 ἐκ
869 1663 1007 1717 Θεοῦ
1041 1663 1256 1735 Πατρὸς
1301 1665 1473 1733 Λόγον
1519 1664 1735 1718 ἑλέσθαι
1781 1667 1876 1719 καὶ

300 1754 502 1807 παθεῖν
539 1754 682 1823 ὑπὲρ
706 1752 862 1824 ἡμῶν
892 1753 1075 1824 σαρκὶ,
1114 1754 1258 1807 κατά
1284 1754 1385 1818 τὰς
1410 1755 1654 1825 Γραφάς.
1684 1755 1873 1820 Οὕτως

299 1850 452 1917 ἡμᾶς
486 1845 994 1918 μεμυσταγώγηκεν
1025 1848 1053 1900 6
1083 1845 1371 1917 ἱερώτατος
1395 1847 1626 1911 Παῦλοςο
1646 1866 1665 1899 ι
1694 1846 1793 1911 ⁸ος
1818 1850 1876 1901 ὲν

302 1943 489 2010 μορφῇ
539 1938 676 1992 Θεοῦ
731 1939 1013 2010 ὑπάρχων,
1047 1940 1149 1994 οὑκ
1188 1941 1481 2011 ἁρπαγμὸν
1532 1941 1779 2012 ήγήσατο
1815 1941 1876 1994 τὸ

296 2027 440 2084 εἶναι
480 2029 574 2084 ῐσα
597 2030 749 2101 Θεῷ·
781 2030 897 2084 ἀλλ’
936 2032 1127 2085 ἑαυτὸν
1161 2031 1419 2099 ὲκένωσε,
1454 2032 1670 2103 μορφὴν
1691 2032 1874 2085 δούλου

296 2123 504 2189 λαϐὼν,
531 2126 590 2177 ὲν
617 2123 925 2195 ὁμοιώματι
956 2124 1259 2196 ἀνθρώπων
1283 2126 1598 2195 γενόμενος,
1624 2126 1718 2177 καὶ
1747 2126 1874 2195 σχή-

302 2232 436 2285 ματι
484 2214 727 2285 εὑρεθεὶς
759 2215 835 2279 ὡς
887 2216 1194 2286 ἄνθρωπος.
1245 2217 1638 2272 Ἐταπεὶνωσεν
1686 2218 1876 2271 ἑαυτὸν

298 2308 593 2377 γενόμενος
624 2308 865 2378 ὑπήκοος
892 2308 1054 2379 μέχρι
1082 2310 1337 2373 θανάτου,
1369 2311 1602 2366 θανάτου
1626 2311 1684 2365 δὲ
1716 2330 1877 2366 σταυο

300 2398 399 2468 pot:
422 2414 437 2429 ο
461 2398 541 2451 διὸ
561 2400 656 2452 καὶ
683 2401 712 2452 6
741 2398 874 2463 Θεὸς
895 2400 1059 2455 αὑτὸν
1088 2401 1472 2472 ὑπερύψωσεν.
1508 2421 1529 2454 ι
1565 2402 1757 2474 Ἀθρει
1787 2403 1873 2473 δὴ,

295 2492 448 2554 ὅπως
470 2490 500 2542 6
534 2492 593 2543 έν
624 2493 807 2562 μορφῇ
832 2490 927 2543 τοῦ
957 2491 1093 2544 Θεοῦ
1125 2492 1221 2545 καὶ
1255 2492 1469 2564 Πατρὸς
1502 2493 1767 2565 ὑπάρχων
1798 2494 1875 2558 ὼς

295 2581 451 2645 Θεὸς,
486 2582 515 2635 6
553 2581 841 2651 χαρακτὴρ
874 2581 973 2650 τῆς
1005 2582 1357 2646 ὑποστάσεως
1392 2582 1579 2647 αὑτοῦ,
1616 2585 1710 2637 καὶ
1751 2584 1873 2637 κατ’

292 2673 490 2728 οὐδένα
518 2673 723 2741 τρόπον
748 2673 1249 2743 μειονεκτούμενος,
1278 2675 1484 2746 ἰσότητι
1505 2678 1572 2747 τῇ
1594 2676 1735 2731 κατά
1764 2678 1876 2731 πᾶν

292 2763 498 2828 ὁτιοῦν,
524 2764 786 2834 ὑπάρχων
818 2780 877 2817 τε
922 2763 1017 2816 καὶ
1051 2762 1361 2835 νοούμενος,
1392 2766 1704 2819 κεκένωκεν
1743 2767 1875 2820 ea»-

292 2856 415 2917 τὸν,
444 2855 540 2908 καὶ
582 2853 818 2923 καθῆκεν
850 2854 1043 2908 ἑαυτὸν
1081 2854 1225 2908 ἑκὼν
1250 2856 1331 2918 είς
1359 2856 1709 2910 ταπείνωσιν.
1739 2853 1877 2913 Εἶτα

291 2944 385 3008 τίς
416 2944 484 2998 ἂν
509 2944 594 3015 εἴη
623 2945 828 3017 φράσον
868 2947 897 2999 6
927 2947 1028 3016 τῆς
1058 2948 1341 3009 κενώσεως
1372 2946 1595 3017 τρόπος,
1620 2948 1876 3002 τεταπεί-

290 3052 466 3087 νωται
507 3034 562 3088 δὲ
598 3036 766 3100 ὅπως,
823 3036 1040 3106 μορφὴν
1084 3036 1273 3089 δούλου
1305 3035 1511 3103 λασὼν,
1565 3038 1662 3091 καὶ
1712 3039 1873 3111 μέχρι

1982 578 2257 650 pcrfecisti
2311 581 2442 636 mihi
2500 601 2513 637 :
2564 583 2872 640 holocausta
2920 594 2975 641 ct
3030 602 3128 656 pro
3174 598 3397 656 peccato
3456 604 3562 644 non

1979 672 2295 741 placuerunt
2338 674 2456 737 tibi,
2494 685 2622 730 tunc
2664 676 2773 730 dixi
2817 693 2834 731 :
2876 677 3014 732 Ecce
3063 678 3243 741 venio,
3282 678 3333 732 in
3387 680 3563 747 capite

1979 761 2099 816 libri
2126 763 2386 833 scriptum
2412 774 2496 819 est
2519 768 2584 820 de
2601 782 2707 831 mc,
2725 776 2779 820 nt
2810 766 3024 832 faciam,
3045 767 3209 832 Deus,
3233 766 3560 822 voluntatem

1983 860 2125 906 tuam
2154 855 2223 907 δι.
2263 872 2283 906 ι
2321 853 2461 908 Nihil
2496 868 2690 925 agente
2727 856 2837 924 jam
2898 856 3030 927 legis
3070 857 3325 912 mandato
3352 865 3406 911 et
3428 834 3563 911 nihil

1981 944 2315 1013 perﬁciente,
2352 956 2408 1000 et
2450 945 2557 1000 Deo
2588 961 2651 1000 ac
2684 945 2846 1001 Patre
2886 948 2997 1016 jam
3042 947 3257 1001 nolente
3304 953 3561 1001 cruentas

1980 1033 2206 1100 hostias,
2256 1050 2451 1104 corpus
2496 1034 2597 1090 sibi
2634 1036 2935 1103 perfectum
2972 1036 3125 1101 dicit,
3169 1046 3250 1102 ut,
3281 1037 3461 1105 seipso
3505 1036 3557 1090 in

1977 1125 2217 1195 pretium
2250 1125 2442 1179 salutis
2473 1139 2539 1181 ac
2582 1126 2708 1180 vita:
2753 1126 3133 1181 universorum
3175 1126 3321 1191 dato,
3366 1139 3557 1181 omnes

1979 1227 2035 1272 et
2060 1233 2089 1270 a
2124 1218 2315 1271 mortis
2341 1217 2715 1287 corruptione,
2765 1227 2819 1273 et
2855 1218 3081 1286 insuper
3112 1233 3141 1272 a
3173 1218 3411 1288 peccatis
3444 1216 3556 1272 eri-

1979 1317 2151 1376 peret.
2198 1306 2378 1376 Ipsum
2413 1306 2578 1376 igitur
2606 1307 2843 1361 dicimus
2881 1320 2949 1360 ex
2991 1306 3102 1360 Dco
3133 1305 3293 1360 Patre
3325 1303 3557 1359 Verbum

1980 1399 2216 1453 voluisse
2241 1400 2400 1453 etiam
2425 1413 2522 1467 pro
2552 1398 2708 1455 uobis
2731 1412 2894 1453 carne
2916 1398 3051 1467 pati,
3076 1398 3378 1453 secundum
3406 1396 3558 1451 Scri-

1977 1498 2164 1558 pturas
2191 1490 2257 1543 ⁸¹.
2288 1488 2381 1544 Sic
2438 1505 2535 1546 nos
2561 1488 2752 1543 imbuit
2779 1488 3122 1543 beatissimus
3140 1488 3337 1543 Paulus
3368 1506 3382 1542 :
3406 1505 3426 1538 ι
3450 1486 3555 1554 Qui

1979 1594 2101 1634 cum
2136 1578 2193 1633 in
2238 1578 2407 1632 forma
2445 1578 2535 1633 Dei
2581 1587 2750 1642 esset,
2798 1591 2904 1632 non
2954 1578 3198 1649 rapinam
3252 1578 3552 1632 arhitratns

1977 1681 2061 1725 est
2092 1684 2211 1726 esse
2236 1686 2297 1726 se
2336 1669 2595 1739 aequalem
2635 1671 2745 1724 Deo
2784 1687 2799 1724 :
2846 1671 2941 1725 sed
2977 1669 3327 1739 semetipsum
3370 1670 3558 1723 exina—

1977 1762 2137 1827 nivit,
2168 1761 2394 1815 formam
2424 1761 2565 1816 servi
2597 1762 2892 1831 accipiens,
2930 1762 2983 1815 in
3015 1760 3421 1816 similitudinem
3453 1759 3554 1813 ho-

1978 1856 2184 1909 minum
2219 1854 2412 1917 factus,
2445 1862 2501 1908 et
2535 1853 2720 1907 hahitu
2764 1855 3016 1909 iuventus
3056 1861 3114 1907 ut
3146 1854 3324 1907 homo.
3366 1849 3558 1906 Humi-

1979 1943 2130 1999 liavit
2150 1944 2499 2014 semetipsum
2527 1944 2702 1999 factus
2728 1945 2985 2000 obediens
3011 1959 3181 2014 usque
3206 1944 3272 1997 ad
3298 1953 3553 2006 mortem,

1979 2045 2210 2090 mortem
2242 2044 2421 2091 autem
2452 2037 2649 2091 crucis.
2680 2036 2907 2104 Propter
2930 2036 3073 2106 quod
3104 2045 3158 2089 et
3182 2033 3324 2089 Deus
3348 2032 3556 2089 exalta-
3622 2034 3649 2058 ⁸

1978 2128 2055 2181 vit
2082 2127 2231 2181 illum
2253 2128 2323 2181 ⁸³.
2361 2145 2379 2179 ι
2410 2126 2706 2183 Considera
2724 2127 2909 2197 igitur,
2929 2136 2985 2181 ut
3003 2128 3049 2181 is
3066 2127 3155 2195 qui
3184 2125 3236 2179 iu
3260 2124 3428 2179 forma
3456 2123 3554 2179 Dei

1977 2227 2033 2271 et
2064 2216 2241 2271 Patris
2262 2224 2382 2271 erat
2412 2225 2595 2285 utpote
2621 2216 2784 2282 Deus,
2815 2216 2902 2270 ille
2934 2217 3218 2270 character
3251 2229 3346 2268 seu
3383 2214 3555 2283 ﬁgura

1977 2308 2294 2363 substantiae
2338 2307 2454 2377 ejus
2494 2309 2563 2371 5‘,
2599 2314 2654 2362 et
2692 2308 2783 2376 qui
2827 2306 2971 2361 nullo
3013 2307 3173 2361 modo
3206 2307 3382 2361 minor
3415 2318 3555 2375 erat,

1976 2415 2099 2455 cum
2140 2413 2238 2469 per
2264 2400 2443 2455 omnia
2478 2400 2549 2454 sit
2579 2408 2634 2455 et
2668 2398 3003 2468 intelligatur
3032 2397 3280 2467 a‘qualis,
3305 2398 3554 2452 exinani—

1977 2490 2112 2545 verit
2143 2490 2512 2558 semetipsum,
2540 2499 2596 2544 et
2628 2489 2681 2543 in
2716 2489 3077 2543 humilitatem
3106 2497 3297 2558 sponte
3316 2488 3551 2544 demise-

1977 2582 2071 2637 rit.
2098 2580 2218 2636 Jam
2254 2582 2502 2650 quisnam
2543 2581 2614 2636 sit
2656 2580 3044 2635 exinanitionis
3078 2580 3292 2643 modus,
3319 2594 3552 2649 expone,

1975 2673 2247 2744 quomodo
2271 2673 2435 2728 etiam
2484 2673 2555 2728 sit
2596 2671 2913 2727 humiliatus
2957 2670 3189 2725 formam
3224 2672 3365 2727 servi
3409 2673 3557 2727 accl-

1975 2770 2149 2836 piens,
2173 2773 2229 2819 et
2262 2778 2434 2833 usque
2459 2764 2526 2818 ad
2558 2771 2788 2818 mortem
2821 2761 2999 2816 factus
3017 2761 3294 2826 obediens,
3324 2769 3551 2815 mortem

1975 2867 2154 2911 autem
2192 2856 2390 2911 crucis.
2428 2854 2619 2909 Annon
2679 2862 2767 2909 est
2806 2852 3056 2907 omnibus
3086 2853 3328 2919 evidens,
3373 2851 3425 2907 id
3455 2851 3555 2907 hu-

1973 2948 2171 3005 miliari
2205 2948 2350 3017 quod
2391 2946 2624 3001 sublime
2665 2945 2758 3011 sit,
2805 2962 2910 3001 non
2946 2946 3089 3014 quod
3127 2945 3455 3000 intrinsecus
3496 2952 3554 3001 et

1972 3056 2039 3095 ex
2070 3048 2263 3095 natura
2286 3038 2616 3092 submissum
2644 3046 2699 3091 et
2740 3036 2985 3091 humile?
3010 3036 3083 3100 id,
3116 3036 3217 3090 nisi
3249 3036 3425 3101 fallor,
3458 3051 3553 3091 ex-

291 3124 528 3181 θανάτου
562 3124 804 3194 γεγονὼς
836 3126 1077 3197 ὑπήκοος
1100 3167 1115 3189 ,
1153 3126 1384 3182 θανάτου
1418 3127 1476 3180 δὲ
1516 3127 1775 3199 σταυροῦ,
1800 3130 1871 3181 Ἣ

1975 3132 2192 3195 inaniri,
2229 3130 2371 3199 quod
2416 3130 2629 3199 plenum
2672 3128 2761 3193 sit,
2814 3138 2868 3184 et
2912 3128 3111 3183 nullius
3152 3127 3228 3181 rei
3277 3128 3556 3198 indigeat?

290 3218 395 3288 οὑχ
427 3217 629 3271 ἅπασιν
664 3218 913 3288 ἐναργὲς,
947 3218 1028 3271 ὄτι
1059 3219 1413 3272 ταπεινοῦται
1444 3218 1506 3271 τὸ
1543 3219 1768 3289 ὑψηλὸν,
1806 3220 1865 3273 οὑ

291 3307 357 3359 τὸ
380 3306 593 3360 οἴκοθέν
640 3323 701 3359 τε
749 3307 846 3360 καὶ
881 3308 1128 3376 φυσικῶς
1177 3310 1235 3362 ὲν
1291 3309 1481 3377 ὑφέσει
1515 3325 1574 3362 τε
1625 3309 1869 3379 ὑπάρχον

291 3399 391 3453 καὶ
412 3398 920 3469 τεταπεινωμένον;
948 3398 1200 3453 κενοῦται
1244 3400 1322 3465 δὲ,
1358 3394 1533 3471 οἶμαι,
1564 3400 1626 3454 τὸ
1665 3399 1870 3470 πλῆρες

292 3490 560 3561 ὑπάρχον,
592 3492 688 3543 καὶ
715 3490 1039 3561 δεδεημένον
1067 3490 1218 3543 οὐδέν
1245 3507 1257 3520 ⁸
1298 3490 1514 3560 δέχεται
1547 3491 1641 3545 καὶ
1681 3491 1868 3546 δούλου

294 3581 535 3652 μορφὴν,
566 3581 629 3633 τὺ
664 3582 770 3651 πρὸ
796 3581 969 3650 αὑτῆς
1002 3580 1283 3652 ἐλεύθερον
1309 3583 1452 3636 κατὰ
1490 3582 1687 3651 φύσιν·
1722 3582 1870 3654 εὑρί-

292 3691 491 3730 σκεται
524 3674 578 3727 δὲ
624 3673 719 3727 καὶ
752 3673 1037 3743 ἅνθρωπος
1071 3675 1099 3726 6
1135 3674 1209 3744 μὴ
1242 3675 1399 3727 τοῦτο
1443 3675 1705 3746 ὑπάρχων
1738 3677 1869 3747 πρὶν

290 3768 389 3820 ὅτε
421 3766 518 3818 οὑκ
544 3762 608 3836 ἦν
628 3764 892 3836 εὑρεθείς.
912 3765 1008 3829 Τίς
1029 3761 1120 3819 οὖν
1150 3767 1256 3837 ἄρα
1276 3767 1421 3820 ἐστὶν
1443 3770 1471 3821 6
1498 3766 1699 3837 ὑψηλὸς
1726 3767 1870 3822 κατά

291 3858 462 3928 φύσιν
506 3859 599 3911 καὶ
648 3858 837 3921 καθεὶς
881 3858 1071 3911 ἑαυτὸν
1104 3860 1184 3921 εἰς
1224 3858 1595 3922 ταπείνωσιν;
1626 3859 1711 3922 τίς
1750 3860 1809 3913 δὲ
1842 3862 1870 3914 6

288 3952 531 4021 πλήρης,
560 3949 646 4004 ἵνα
667 3949 853 4019 νοῆται
885 3949 1294 4019 κεκενωμένοςς
1322 3950 1405 4013 τίς
1434 3952 1463 4004 6
1490 3950 1600 4003 τῶν
1628 3952 1729 4024 τῆς
1748 3951 1870 4005 δου-

288 4044 446 4106 λείας
474 4044 734 4097 ἐπέκεινα
767 4042 1001 4113 μέτρων,
1038 4044 1125 4095 ἵνα
1157 4043 1384 4113 λέγηται
1431 4044 1646 4116 μορφὴν
1679 4046 1867 4099 δούλου

288 4134 508 4199 λαϐεῖνς
551 4135 636 4198 τίς
682 4136 783 4188 οὑκ
812 4134 886 4187 ὢν
909 4134 1198 4205 πρότερον,
1244 4135 1366 4188 καθ’
1409 4137 1556 4207 ἡμᾶς
1585 4136 1870 4208 ἄνθρωπος

287 4225 453 4280 τοῦτο
491 4225 755 4298 εὑρῆσθαι
778 4226 1030 4294 Mys-rut;
1064 4227 1221 4279 τςιυτ)⁸
1263 4226 1370 4296 γὰρ
1395 4222 1553 4298 οἶμαι
1598 4228 1706 4281 τῶν
1744 4228 1868 4282 καθ’

288 4318 326 4386 ἡ
334 4316 445 4385 μᾶς
476 4316 557 4368 ἐνὶ
578 4315 669 4368 καὶ
689 4314 958 4386 ἀνθρώπῳ
978 4315 1143 4385 κοινῷ
1176 4315 1503 4387 προσνέμειν
1531 4318 1865 4388 ἀποτολμᾷν,

288 4406 493 4476 εὔηθες
529 4406 595 4459 ἂν
639 4406 745 4477 εἴη,
773 4407 866 4459 καὶ
896 4406 995 4475 τῆς
1040 4407 1266 4461 ἀπασῶν
1315 4408 1550 4478 ἐσχάτης
1579 4409 1871 4471 ἀσυνεσίας

1975 3223 2104 3278 illud
2134 3221 2298 3276 etiam
2336 3221 2582 3289 accipere
2610 3220 2750 3274 servi
2788 3218 3040 3284 formam,
3070 3220 3214 3288 quod
3244 3228 3370 3274 ante
3405 3219 3550 3273 illam

1973 3316 2138 3371 fuerit
2168 3315 2464 3371 secundum
2500 3323 2749 3370 naturam
2779 3315 3048 3370 liberum?
3075 3315 3225 3369 illum
3253 3314 3416 3370 etiam
3454 3314 3554 3369 lio-

1974 3403 2173 3457 minem
2222 3402 2473 3461 inveniri.
2509 3403 2599 3473 qui
2650 3402 2703 3457 ld
2751 3418 2857 3459 non
2888 3412 3006 3459 erat
3052 3404 3362 3474 priusquam
3408 3410 3553 3459 esset

1973 3492 2264 3547 inventus?
2289 3492 2421 3560 Quis
2447 3507 2577 3565 ergo
2611 3494 2702 3549 ille
2728 3504 2812 3551 est
2844 3495 3138 3550 secundum
3181 3505 3429 3550 naturam
3460 3510 3551 3550 su-

1973 3585 2174 3649 blimis,
2208 3585 2299 3656 qui
2340 3601 2399 3642 se
2444 3586 2616 3656 ipsum
2654 3587 2721 3640 ad
2766 3586 3128 3642 humilitatem
3167 3587 3399 3654 dejecit?
3429 3587 3551 3657 quis

1972 3676 2135 3732 etiam
2187 3676 2396 3745 plenus,
2428 3684 2485 3729 ut
2513 3676 2820 3731 exinanitus
2872 3691 2991 3731 esse
3024 3676 3395 3746 intelligatur?
3429 3677 3552 3746 quis

1975 3768 2116 3822 ultra
2156 3767 2434 3822 servitutis
2472 3766 2634 3836 128
2682 3780 2991 3830 mensuras,
3040 3776 3098 3821 ut
3148 3768 3360 3822 dicatur
3405 3767 3549 3822 servi

1974 3860 2203 3914 formam
2235 3856 2549 3926 accepisse?
2574 3858 2698 3926 quis
2732 3872 2851 3911 cum
2886 3856 3046 3910 homo
3080 3857 3230 3925 prius
3264 3857 3431 3911 nostri
3471 3856 3549 3909 si-

1974 3951 2120 4006 milis
2152 3962 2255 4004 non
2286 3956 2450 4015 esset,
2488 3948 2539 4003 id
2570 3949 2821 4003 inventus
2849 3961 2969 4002 esse
3003 3947 3240 4002 dicitur?
3266 3948 3379 4002 haec
3403 3947 3548 4002 cnim

1976 4045 2066 4098 uni
2101 4058 2167 4098 ex
2202 4053 2390 4097 nostro
2418 4056 2645 4097 numero
2672 4052 2725 4097 et
2757 4043 2960 4111 vulgari
2996 4042 3197 4096 homini
3231 4041 3429 4098 audere
3452 4042 3550 4097 tri-

1976 4136 2161 4197 buere,
2214 4138 2437 4190 stultum
2490 4136 2580 4198 sit,
2619 4144 2673 4189 et
2716 4143 2973 4189 extrema:
3009 4136 3249 4189 omnium
3299 4134 3550 4189 amentia:

1974 4244 2164 4283 revera
2214 4228 2427 4297 plenum
2474 4246 2487 4282 :
2535 4227 2856 4282 convenient
2899 4236 3077 4281 autem
3135 4227 3412 4297 aptissime
3470 4226 3549 4280 illi

1975 4334 2241 4388 supremae
2278 4326 2504 4374 natum.
2547 4318 2653 4374 Sed
2688 4318 2818 4373 illud
2850 4318 2943 4375 Dei
2976 4320 3213 4375 Verbum
3261 4334 3325 4375 ex
3378 4319 3550 4375 nimia

1976 4425 2105 4480 erga
2155 4426 2252 4465 nos
2300 4411 2633 4480 benignitate
2663 4420 2827 4480 atque
2879 4411 3165 4467 clementia
3212 4411 3550 4484 obtulit'pro

286 4500 592 4568 ἑπίμεστον
628 4498 870 4567 ἀληθῶς⁸
903 4499 1136 4568 ἁρμόσει
1162 4498 1206 4551 δ’
1242 4500 1308 4552 ἂν
1346 4502 1439 4553 καὶ
1466 4501 1609 4570 μάλα
1646 4500 1871 4564 εἰκότως

1976 4502 2130 4555 uohis
2170 4502 2444 4571 praprium
2476 4515 2698 4571 corpus,
2733 4510 2788 4556 et
2828 4512 3049 4573 accepta
3088 4502 3229 4557 servi
3263 4503 3436 4557 t‘orma
3470 4502 3550 4557 fa-

285 4592 359 4659 τῇ
390 4589 679 4658 ὑπερτάτῳ
714 4588 894 4655 φύσει.
936 4588 1077 4641 Ἀλλ’
1101 4591 1129 4642 6
1167 4591 1265 4660 μὲν
1287 4589 1379 4642 τοῦ
1404 4590 1537 4644 Θεοῦ
1572 4590 1762 4658 Λόγος,
1801 4590 1866 4644 ὲκ

285 4680 497 4749 πολλῆς
523 4682 662 4747 ἄγαν
685 4680 782 4747 τῆς
804 4682 882 4743 είς
909 4682 1058 4750 ἡμᾶς
1081 4682 1416 4751 ἡμερότητος
1436 4682 1531 4735 καὶ
1557 4681 1865 4753 φιλανθρω-

286 4772 426 4835 πίας
455 4772 895 4842 προσκεκόμικεν
925 4773 1063 4844 ὑπὲρ
1097 4773 1254 4845 ἡμῶν
1287 4774 1348 4826 τὸ
1381 4774 1511 4828 ἴδιον
1544 4775 1700 4845 σῶμα
1721 4816 1736 4840 ,
1773 4775 1867 4828 καὶ

287 4864 512 4935 μορφὴν
550 4864 737 4917 δούλου
768 4863 969 4929 λαϐὼν,
1004 4865 1225 4934 γέγονεν
1257 4866 1496 4936 ὑπήκοος
1514 4866 1591 4937 τῷ
1616 4866 1736 4937 Θεῷ
1772 4867 1866 4919 καὶ

285 4954 469 5025 Πατρὶ
503 4954 665 5024 μέχρι
700 4953 956 5018 θανάτου,
983 4956 1077 5007 καὶ
1106 4956 1205 5007 οὑκ
1234 4954 1539 5026 ἀπόϐλητον
1567 4956 1865 5026 ἐποιήσατο

278 5046 347 5099 τὸ
382 5043 575 5096 παθεῖν
610 5043 827 5097 ἑλέσθαι
862 5044 1045 5114 σαρκὶ,
1078 5044 1255 5097 καίτοι
1295 5044 1391 5115 τὴν
1419 5043 1579 5113 φύσιν
1604 5046 1865 5115 ὑπάρχων

278 5138 509 5209 ἀπαθὴς
531 5137 606 5201 ὡς
639 5137 771 5199 Θεός
796 5152 810 5167 ·
836 5137 1137 5207 ὲπερυθριᾷ
1161 5152 1225 5204 γε
1256 5136 1360 5207 μὴν
1386 5136 1659 5198 ἀσυνέτως
1681 5136 1865 5188 aii-coci.

276 5232 402 5292 τοῖς
433 5230 574 5297 ὑπὲρ
626 5227 785 5299 ήμῶν
829 5226 1319 5296 θεοπρεπεστάτοις
1348 5225 1513 5279 αὑτοῦ
1554 5226 1859 5295 σκέμμασι,

272 5323 387 5383 καὶ
418 5322 585 5390 τιμᾷν
617 5320 893 5389 οἰόμενος,
927 5316 1130 5371 ἀδικεῖ·
1180 5318 1444 5389 ἀποφέρει
1485 5317 1583 5383 μὲν
1612 5315 1721 5387 γὰρ
1767 5315 1861 5367 τοῦ

269 5412 483 5466 παθεῖν
508 5410 692 5475 αὑτὸν,
721 5410 898 5463 καίτοι
923 5409 1149 5479 μηδενὸς
1176 5409 1364 5481 ἐτέρου
1389 5409 1581 5462 παθεῖν
1609 5408 1863 5475 λέγοντος

267 5507 366 5566 εἰς
402 5502 538 5555 ἰδίαν
573 5500 735 5569 φύσιν
758 5516 770 5529 ο
813 5501 913 5554 οὑκ
960 5500 1271 5554 αἰσθάνεται
1295 5501 1353 5553 δὲ
1391 5501 1473 5553 ὃτι
1506 5500 1734 5570 Σωτῆρα
1766 5499 1861 5551 καὶ

269 5592 586 5663 Λυτρωτὴν
612 5591 712 5644 οὑκ
735 5592 954 5662 ἐφίησιν
978 5591 1140 5644 αὑτὸν
1166 5589 1543 5662 ὁμολογεῖσθαι
1569 5590 1677 5646 τῶν
1698 5589 1857 5655 ὅλων,

384 5769 424 5800 υ
454 5751 599 5823 Psal.
628 5782 820 5835 xxxix,
855 5768 955 5823 7-9
984 5786 997 5835 ;
1025 5766 1186 5823 llehr.
1230 5783 1284 5831 κ.
1322 5766 1434 5823 5-7.

1972 4603 2091 4649 ctus
2124 4602 2207 4647 est
2250 4593 2360 4647 Deo
2387 4603 2443 4647 et
2488 4591 2633 4646 Patri
2665 4592 2923 4648 obediens
2956 4608 3128 4662 usque
3166 4594 3231 4647 ad
3273 4602 3498 4649 mortem
3528 4610 3545 4648 :

1973 4698 2071 4738 nec
2105 4681 2477 4749 relngiendum
2510 4681 2720 4736 censuit
2748 4682 3037 4751 quominus
3067 4694 3228 4735 carne
3259 4696 3355 4750 pro
3390 4680 3548 4735 nobis

1972 4774 2082 4843 pati
2140 4773 2317 4838 vellet,
2350 4773 2598 4841 quamvis
2625 4779 2685 4825 ut
2719 4772 2859 4826 Deus
2888 4778 3032 4826 esset
3062 4769 3357 4825 secundum
3388 4777 3547 4824 natu-

1976 4879 2088 4917 ram
2128 4862 2493 4932 impassibilis.
2552 4862 2658 4916 Iste
2705 4875 2833 4916 vero
2865 4860 3031 4915 stulte
3075 4859 3140 4913 de
3186 4857 3385 4912 divinis
3430 4855 3546 4925 eius

1970 4965 2192 5026 propter
2235 4969 2334 5009 nos
2364 4952 2607 5009 consiliis
2634 4951 2925 5017 erubescit,
2977 4958 3031 5005 et
3073 4963 3233 5016 quem
3279 4948 3547 5002 honorare

1967 5061 2029 5102 se
2057 5045 2354 5111 existimat,
2390 5043 2554 5099 afﬁcit
2603 5043 2798 5113 injuria
2833 5061 2848 5096 :
2882 5057 3004 5096 nam
3037 5056 3068 5095 a
3099 5040 3350 5111 passione
3396 5039 3542 5095 illum

1969 5138 2180 5203 eximit,
2216 5136 2429 5191 tametsi
2480 5148 2641 5190 nemo
2688 5134 2837 5188 illum
2874 5133 2926 5188 in
2963 5147 3059 5187 sua
3095 5144 3286 5185 natura
3324 5144 3541 5200 passum

1970 5232 2150 5287 dicat:
2182 5243 2283 5284 nec
2313 5228 2477 5283 sentit
2515 5241 2573 5281 se
2606 5224 2891 5295 prohibere
2924 5238 2993 5279 ne
3023 5222 3174 5277 illum
3205 5220 3541 5277 Salvatorem

1969 5333 2023 5378 et
2050 5320 2461 5388 Redemptorem
2486 5317 2857 5371 universorum
2893 5315 3269 5378 conltteamur,
3294 5310 3338 5365 si
3377 5310 3423 5364 is
3448 5322 3546 5376 per

1971 5427 2130 5481 quem
2164 5409 2377 5475 salvati,
2408 5419 2463 5463 et
2492 5421 2588 5477 per
2617 5409 2771 5475 cujus
2798 5402 3162 5460 venerandam
3204 5414 3419 5457 crucem
3458 5412 3545 5453 re-

1969 5502 2168 5573 dempti
2213 5516 2420 5565 sumus,
2451 5499 2589 5555 alter
2620 5498 2689 5553 ab
2720 5495 2811 5552 illo
2846 5497 2918 5552 sit
2954 5494 3171 5566 preprie
3198 5506 3262 5547 ac
3309 5488 3542 5547 seorsim

1968 5591 2137 5648 Filius
2169 5602 2225 5649 et
2250 5592 2527 5647 Dominus.
2560 5588 2638 5646 Ac
2660 5588 2706 5644 si
2732 5595 2815 5644 est
2842 5588 3004 5643 homo
3045 5582 3297 5656 simplex,
3330 5588 3384 5638 et
3426 5593 3542 5636 non

1532 5766 1576 5794 ³·
1612 5764 1798 5822 ll‘ctr.
1837 5780 1913 5829 iv.
1952 5766 2000 5822 ι.
2076 5766 2121 5799 ³³
2146 5765 2379 5831 Philipo.
2410 5781 2476 5831 ιι,
2507 5764 2624 5823 6ου.
2702 5764 2749 5799 ⁸³
2779 5760 2943 5820 Hebr.
2979 5775 3017 5823 l,
3049 5761 3107 5815 5.
