4088 6462
622 344 729 402 223
1621 339 1988 399 S..CYRILLI
2026 340 2495 398 ALEXANDRINI
2527 344 2856 401 ABCHlEl‘.
3767 347 3881 402 126

621 458 678 516 in
713 460 947 515 humana
977 458 1150 515 forma
1184 457 1360 528 ipsum
1392 470 1459 511 ex
1493 455 1601 511 Deo
1636 456 1797 513 Pat're
1833 456 2062 514 Verbum
2095 470 2176 529 ap

2298 458 2455 530 εἴπερ
2486 460 2636 529 ἐστὶν
2660 461 2847 531 ἕτερος
2872 458 3003 530 παρ’
3031 457 3195 513 αὑτὸν
3228 456 3430 521 ίδικῶς,
3465 456 3557 511 καὶ
3579 457 3680 511 ἀνά
3708 460 3877 529 μέρος

621 552 822 619 paruit,
849 551 1096 620 prodeat,
1130 546 1382 603 ostendat
1406 556 1464 602 et
1499 547 1555 602 in
1582 548 1754 603 forma
1783 550 1957 619 ipsum
1989 561 2109 604 esse
2142 565 2173 605 e

2306 552 2427 614 Υίὸς
2450 552 2543 605 καὶ
2569 552 2793 621 Κύριος,
2814 554 2841 605 ὁ
2861 552 2927 603 δι’
2961 542 3021 603 οὗ
3050 549 3389 620 σεσώσμεθα,
3420 550 3516 602 καὶ
3540 549 3876 621 δκλελυτρὼ-

619 642 931 710 ωςυοιὶιιιε
958 639 1137 695 Patris
1159 639 1177 710 (
1199 654 1305 694 non
1335 638 1479 693 enim
1505 638 1749 709 rapinam
1780 639 2077 696 arbitratus
2112 655 2174 695 es

2301 643 2440 712 μεθα
2473 644 2562 697 διὰ
2606 643 2704 697 τοῦ
2737 643 2923 713 τιμίου
2960 639 3220 712 σταυροῦ.
3259 641 3373 693 Καὶ
3413 640 3572 709 εἴπερ
3603 641 3748 693 ἐστὶν
3780 641 3877 695 ἀνθ

616 748 745 789 esse
786 749 845 789 se
876 733 1138 802 aequalem
1181 729 1352 800 Deo),
1380 738 1433 784 et
1488 740 1746 797 praeterea
1795 730 1933 784 servi
1967 729 2194 785 formam

618 827 915 895 accepisse,
942 835 1196 895 tanquam
1224 838 1330 877 non
1372 820 1622 876 habuerit
1664 821 1976 888 aliquando,
2025 831 2079 876 et
2101 837 2197 876 ει-

618 915 886 970 inanitum
948 915 1138 979 fuisse,
1174 924 1231 967 ut
1277 913 1367 981 qui
1419 912 1473 965 in
1513 911 1727 979 propria
1768 919 1957 964 natura
2020 911 2194 977 pleni-

620 1006 860 1061 tudinem
907 1005 1180 1061 habuerit.
1225 1002 1357 1057 Nam
1392 1003 1581 1058 beatus
1616 1000 1813 1056 Paulus
1842 1003 1989 1056 illum
2021 1003 2111 1071 qui
2140 1003 2193 1057 in

614 1094 788 1150 forma
827 1097 959 1151 etin
1009 1097 1320 1165 mqualitate
1370 1094 1545 1148 Patris
1580 1104 1721 1160 erat,
1768 1093 1970 1149 factum
2025 1094 2194 1150 fuisse

614 1188 691 1244 illi
726 1188 1062 1242 obedientem
1097 1188 1226 1241 dicit
1255 1188 1416 1242 etiam
1462 1201 1630 1255 usque
1659 1187 1726 1239 ad
1759 1192 2005 1251 mortem,
2047 1203 2192 1241 mor-

617 1290 724 1334 tem
755 1286 934 1332 antem
970 1280 1168 1332 crucis.
1202 1281 1283 1332 An
1327 1292 1434 1332 non
1477 1277 1755 1346 perspicua
1787 1286 1867 1329 est
1899 1277 2195 1331 sententia-

614 1385 733 1425 rum
758 1371 874 1439 ejus
898 1370 1250 1424 absurditas?
1275 1369 1406 1423 Cum
1430 1381 1556 1422 vero
1582 1367 1772 1421 beatus
1796 1367 1990 1422 Paulus
2017 1369 2193 1437 ipsum

614 1461 931 1515 cruciﬁxum
954 1460 1139 1530 gloriae
1174 1459 1456 1513 Dominum
1484 1456 1795 1526 appellet",
1824 1470 1981 1510 neruo
2010 1457 2193 1525 utique

613 1560 837 1614 asseret,
873 1564 981 1604 non
1016 1548 1166 1603 illum
1202 1547 1385 1601 dicere
1415 1545 1830 1607 humanitatem,
1868 1546 1966 1599 sed
1990 1545 2189 1599 divini-

615 1649 800 1696 tatem.
830 1639 1005 1696 Unum
1029 1638 1173 1694 enim
1206 1637 1438 1693 fatemur
1469 1638 1767 1703 Christum,
1798 1647 1851 1691 et
1881 1636 2097 1703 Filium,
2138 1647 2193 1693 et

617 1732 904 1787 Dominum
931 1731 1117 1800 gloria:
1148 1730 1319 1798 ipsum
1351 1742 1419 1784 ex
1452 1730 1560 1783 Deo
1603 1729 1760 1783 Patre
1789 1727 2025 1783 Ver-hum
2065 1744 2192 1797 pro-

2298 736 2515 805 θρωπος
2549 735 2759 799 ἁπλῶς,
2798 736 2894 788 καὶ
2942 734 3060 803 οὐχὶ
3105 731 3170 803 δὴ
3216 732 3416 801 μᾶλλον
3462 733 3521 786 ἐν
3560 731 3878 804 ἀνθρωπεία

2300 827 2479 896 μορφῇ
2521 825 2781 897 πεφηνὼς
2817 828 2845 878 6
2895 827 2959 879 ὲκ
3002 822 3139 877 Θεοῦ
3188 823 3400 894 Πατρὸς
3446 824 3637 892 Λόγος,
3666 825 3872 896 ἡκέτω,

2294 915 2579 980 δεικνύτω,
2609 916 2706 969 καὶ
2738 918 2796 968 ὲν
2829 917 3009 986 μορφῇ
3047 912 3145 966 τοῦ
3178 913 3392 985 Πατρδς
3430 914 3739 982 ὑπάρχοντα
3768 915 3872 967 αὺ-

2295 1005 2405 1069 τὸν,
2454 1008 2546 1059 καὶ
2588 1008 2773 1076 μέντοι.
2823 1007 2918 1060 καὶ
2966 1006 3025 1057 ὲν
3058 1004 3265 1073 ἰσότητι
3289 1020 3305 1036 ο
3337 1003 3400 1055 οὐ
3435 1002 3546 1074 γὰρ
3578 1003 3873 1074 ἁρπαγμὸν

2293 1099 2540 1167 ἡγήσατο
2573 1099 2636 1151 τὸ
2669 1095 2809 1151 εἶναι
2840 1095 2935 1151 ἶσα
2981 1096 3101 1167 Θεῷ
3121 1113 3136 1129 ο
3165 1096 3261 1149 καὶ
3307 1095 3536 1166 προσέτι
3567 1095 3741 1165 τούτῳ
3771 1095 3874 1167 τὴν

2292 1187 2387 1241 τοῦ
2415 1190 2603 1242 δούλου
2630 1187 2867 1243 λαϐόντα
2887 1186 3123 1258 μορφὴν,
3140 1186 3217 1248 ὡς
3237 1185 3338 1239 οὐκ
3363 1185 3559 1255 ἔχοντά
3582 1202 3713 1240 ποτε
3736 1204 3750 1217 ·
3777 1188 3873 1240 καὶ

2296 1284 2354 1335 ὲν
2377 1280 2605 1335 κενώσει
2630 1280 3017 1350 γεγενημένον,
3043 1278 3119 1343 ὡς
3148 1279 3207 1333 ὲν
3234 1278 3341 1349 ἰδίᾳ
3367 1278 3525 1347 φύσει
3548 1279 3784 1350 λαχόντα
3809 1280 3872 1333 τὸ

2293 1372 2518 1441 πλῆρες.
2558 1372 2615 1425 '0
2643 1372 2836 1440 γάρτοι
2881 1370 3173 1432 θεσπέσιος
3204 1369 3438 1434 Παῦλος,
3480 1370 3575 1425 τὸν
3602 1373 3657 1424 ὲν
3681 1373 3867 1443 μορφῇ

2294 1462 2387 1515 καὶ
2416 1462 2620 1531 ἰσότητι
2666 1462 2761 1516 τοῦ
2815 1461 2952 1515 Θεοῦ
3018 1461 3115 1515 καὶ
3150 1461 3385 1533 Πατρδς,
3410 1461 3661 1529 γενέσθαι
3700 1461 3869 1531 φησιν

2293 1555 2533 1624 ὑπήκοον
2561 1554 2708 1624 αύτῴ
2741 1554 2835 1606 καὶ
2870 1553 3032 1624 μέχρι
3065 1552 3318 1617 θανάτου,
3349 1553 3581 1608 θανάτου
3613 1552 3668 1607 δὲ
3700 1570 3867 1607 σταυ-

2293 1645 2407 1715 ροῦ.
2441 1641 2565 1715 ’Ἆρ’
2612 1647 2713 1698 οὐκ
2746 1628 2979 1716 ἐναργὴς
3013 1646 3045 1714 ἡ
3082 1644 3193 1698 τῶν
3238 1643 3458 1699 ἐννοιῶν
3486 1644 3722 1709 ἀτοπίας
3752 1639 3873 1699 Κύέ

2293 1752 2406 1806 ριον
2444 1735 2501 1789 δὲ
2537 1736 2636 1806 τῆς
2661 1736 2822 1806 δόξης
2874 1736 3236 1805 ὀνομάζοντος
3263 1737 3400 1806 ἡμῖν
3447 1734 3543 1789 τοῦ
3592 1735 3865 1806 μακαρίου

613 1830 731 1892 pter
755 1836 853 1877 nos
875 1822 1149 1877 hominem
1177 1822 1402 1888 factum,
1436 1829 1489 1875 et
1512 1832 1673 1875 carne
1696 1830 1915 1890 propter
1945 1836 2045 1876 nos
2067 1836 2176 1888 pas-

2292 1827 2506 1881 Παύλου
2543 1828 2636 1881 τὸν
2662 1827 3100 1899 ἐσταυρωμένον,
3125 1824 3260 1898 φαίη
3292 1826 3359 1880 ἂν
3383 1826 3578 1890 οὐδείς’
3608 1825 3681 1879 Οὐ
3712 1824 3865 1894 λέγει

611 1928 752 1979 sum,
802 1912 1096 1967 secundum
1139 1909 1469 1979 Scripturas.
1510 1911 1890 1966 Verumtamen
1931 1912 2073 1965 haud
2114 1911 2191 1966 le.

522 2008 545 2027 ⁸
611 2000 750 2054 viter
779 2001 1104 2055 criminatus
1138 2014 1234 2056 eos
1280 2001 1370 2069 qui
1428 2001 1533 2055 Deo
1581 2001 1760 2056 Verbo
1807 2001 2187 2058 dominationis

611 2101 806 2142 nomen
844 2088 1108 2153 tribuunt,
1138 2098 1193 2142 et
1216 2089 1282 2143 ab
1314 2091 1651 2146 humanitate
1674 2091 1805 2145 illud
1835 2091 2106 2155 auferunt,
2130 2102 2187 2148 ut

609 2181 702 2248 qui
729 2196 1019 2247 summam,
1058 2194 1119 2237 ut
1141 2183 1253 2251 ipse
1290 2183 1440 2246 dicit,
1465 2182 1857 2251 copulatiouem
1883 2183 2187 2238 distrahere

610 2269 807 2345 velint;
828 2270 981 2336 quasi
1005 2284 1192 2325 eorum
1223 2284 1344 2338 quae
1363 2269 1496 2322 dixit
1514 2268 1736 2334 oblitus,
1759 2268 1907 2322 illum
1929 2285 2094 2325 unum
2130 2271 2187 2325 in

609 2362 716 2414 duo
746 2361 1049 2416 distrahere
1089 2361 1513 2431 deprehenditur
1544 2362 1709 2416 etiam
1750 2361 1817 2416 de
1853 2361 1941 2417 illa
1973 2377 2183 2419 summa

613 2450 773 2520 129
804 2452 1161 2518 copulatione,
1190 2463 1245 2506 ut
1273 2453 1386 2520 ipse
1413 2452 1564 2515 dicit,
1600 2466 1788 2521 parum
1825 2468 2032 2509 curare.
2048 2452 2184 2510 Nam

610 2541 859 2611 imperite
888 2552 1041 2610 rogat
1066 2561 1079 2596 :
1108 2544 1439 2597 Dominusne
1488 2552 1575 2598 est
1597 2544 1757 2598 etiam
1782 2543 1962 2609 homo,
1994 2560 2061 2598 an
2091 2560 2180 2600 se-

609 2646 710 2687 cus
729 2632 752 2686 τ
774 2632 817 2687 si
845 2634 1063 2702 quidem
1098 2645 1179 2690 est
1207 2635 1485 2699 Dominus,
1518 2650 1636 2705 qua:
1665 2635 1918 2690 dicuntur
1948 2652 2182 2692 consen-

614 2717 775 2771 tiunt.
800 2718 939 2789 Ergo
962 2718 1032 2784 si,
1071 2731 1127 2775 ut
1161 2732 1247 2775 tua
1282 2722 1445 2777 habet
1478 2722 1669 2777 inscita
1727 2725 2044 2790 sciscitatio,
2074 2726 2180 2781 Do-

608 2808 789 2862 minus
812 2818 896 2863 est
922 2809 1092 2879 ipsum
1118 2810 1354 2866 Verbum
1377 2814 1608 2867 seorsim
1651 2828 1713 2867 ac
1732 2816 1971 2885 proprie,
1996 2817 2179 2872 Domi-

606 2915 709 2955 nus
729 2902 891 2956 etiam
923 2902 1036 2970 ipse
1069 2903 1358 2968 humo,duo
1384 2904 1570 2972 procul
1597 2905 1758 2960 dubio
1782 2916 1945 2960 erunt
1973 2908 2175 2964 domini

606 3007 671 3047 ac
690 2992 802 3046 ﬁlii.
832 2992 988 3048 Nullo
1012 3009 1139 3063 ergo
1161 2996 1317 3050 modo
1348 2996 1426 3049 vis
1455 3005 1561 3052 tum
1606 2998 1765 3053 istius
1821 3013 2048 3053 summa:
2083 3016 2175 3055 co-

606 3080 899 3148 pulatiouis
942 3080 1286 3135 credentibus
1315 3084 1557 3153 proderit
1596 3095 1746 3140 certe
1776 3087 1839 3139 ad
1870 3086 2174 3158 intelligen-

612 3174 738 3227 dum
772 3188 936 3227 unum
992 3172 1265 3229 Christum
1328 3184 1382 3230 et
1438 3178 1722 3232 Dominum
1755 3179 2033 3235 et‘Filium
2055 3198 2175 3237 cum

606 3262 757 3317 unita
782 3264 885 3317 sibi
916 3278 1097 3319 carne.
1133 3263 1417 3335 Pr0posita
1471 3283 1701 3338 namque
1762 3278 1817 3325 et
1853 3271 1904 3325 in
1942 3273 2176 3326 medium

606 3352 816 3424 prolata
845 3354 1215 3411 Emmanuclis
1270 3371 1523 3425 persona,
1594 3360 1708 3414 sive
1738 3361 1860 3428 quis
1899 3362 2175 3418 hominem

607 3445 771 3512 dicat,
808 3445 982 3515 ipsum
1017 3461 1081 3500 ex
1114 3447 1219 3501 Deo
1266 3447 1428 3503 Patre
1458 3447 1689 3503 Verbum
1749 3450 1974 3506 formam
2036 3456 2176 3510 servi

608 3537 909 3604 sumpsisse
934 3536 1371 3605 inlelligitntts,et
1394 3553 1459 3593 ex
1497 3544 1767 3597 mensuris
1792 3544 2178 3601 exinanitionis

606 3626 875 3682 declarari
906 3627 1166 3693 dicimus;
1203 3629 1316 3684 sive
1367 3631 1528 3684 etiam
1587 3633 1753 3686 Deum
1815 3634 2173 3703 unigenitum,

605 3719 852 3772 eumdem
884 3734 1006 3774 esse
1031 3721 1303 3776 credimus
1323 3723 1593 3775 hominem
1619 3724 1729 3793 jam
1771 3725 1969 3779 factum
2010 3737 2063 3781 et
2088 3728 2170 3781 iu-

604 3817 906 3863 carnatum.
941 3809 1046 3862 Sed
1083 3811 1250 3873 enim,
1282 3811 1494 3878 utdixi,
1533 3814 1621 3866 uni
1670 3829 1734 3869 ac
1788 3815 1886 3871 soli
1942 3817 2171 3883 homini,

605 3907 659 3952 et
692 3898 960 3953 intellecto
980 3900 1203 3954 seorsim
1235 3903 1303 3954 ab
1337 3902 1426 3955 illo
1442 3918 1504 3956 ex
1526 3902 1685 3958 Patre
1715 3903 1890 3961 Verbo
1926 3909 2172 3967 tribuens

602 3987 744 4043 illius
769 4004 890 4043 cum
908 4004 1074 4045 carne
1120 3991 1536 4062 dispensationis
1560 4010 1746 4063 opera,
1800 4006 1852 4051 ct
1883 3999 2054 4069 ipsum
2078 4017 2171 4055 su-

602 4080 861 4135 stinuisse
890 4096 987 4150 pro
1042 4083 1198 4137 nobis
1252 4099 1468 4140 crucem
1496 4088 1707 4152 asserit,
1755 4098 1809 4143 et
1837 4106 1958 4146 esse
1988 4093 2175 4163 gloriae

604 4171 885 4225 Dominum
919 4170 1167 4237 alﬁrmat,
1192 4182 1247 4227 et
1278 4190 1540 4244 suprema:
1570 4177 1809 4231 omnium
1844 4189 2049 4236 naturae
2081 4200 2171 4238 or-

601 4271 852 4314 namenta
896 4262 1053 4317 nuda:
1105 4273 1371 4317 creatura:
1418 4266 1800 4335 circumponit.
1850 4271 1939 4325 Ait
1986 4276 2165 4329 enim:

600 4347 919 4420 [Audiamus
994 4353 1208 4407 beatum
1271 4352 1493 4408 Paulum
1572 4366 1753 4426 aperte
1818 4360 2169 4429 clamantem,

2289 1918 2390 1990 τὴν
2418 1918 2834 1990 ἀνθρωπότητα,
2859 1918 2995 1972 ἀλλά
3018 1918 3117 1989 τὴν
3139 1918 3388 1987 θεότητα.
3421 1917 3557 1970 Ἕνα
3582 1915 3690 1986 γὰρ
3727 1917 3860 1986 ὁμο-

2290 2010 2558 2080 λογοῦμεν
2604 2010 2845 2081 Χριστὸν
2880 2011 2975 2064 καὶ
3010 2010 3162 2073 Υίὺν,
3194 2010 3288 2063 καὶ
3325 2010 3425 2079 τῆς
3454 2007 3613 2077 δόξης
3656 2006 3862 2079 Κύριον

2288 2102 2378 2156 τὸν
2399 2104 2461 2155 ὲκ
2478 2101 2613 2155 Θεοῦ
2644 2102 2855 2173 Πατρὸς
2874 2102 3044 2169 Λόγον
3070 2100 3226 2155 ὲνανθ
3237 2101 3394 2171 ρωπή
3404 2116 3571 2154 σαντα
3598 2099 3664 2153 δι’
3687 2101 3860 2171 ἡμᾶς,

2288 2191 2528 2245 παθόντα
2548 2208 2607 2243 τε
2638 2190 2780 2261 ὑπὲρ
2800 2190 2956 2261 ἡμῶν
2981 2191 3076 2244 καὶ
3100 2189 3286 2261 σαρκὶ,
3317 2190 3458 2244 κατά
3485 2190 3586 2252 τὰς
3615 2189 3654 2242 Γ
3660 2190 3859 2260 ραφάς.

2287 2282 2432 2353 Πλὴν
2460 2283 2521 2335 οὐ
2553 2282 2786 2353 μετρίως
2807 2281 3259 2350 καταιτιώμενος,
3289 2279 3361 2343 ὡς
3386 2279 3485 2350 τὴν
3514 2278 3714 2350 ἀκριϐῆ
3739 2296 3864 2332 συν-

2286 2374 2497 2440 άφειαν,
2530 2371 2675 2425 καθά
2703 2388 2869 2441 φησιν
2898 2370 3085 2433 αὐτὸς,
3123 2370 3356 2440 διασπᾷν
3398 2367 3696 2430 ἐθέλοντας,
3734 2368 3860 2429 τοὺς

2285 2461 2659 2533 ἀπονέμοντας
2693 2462 2791 2531 μὲν
2823 2460 2904 2531 τῷ
2947 2459 3066 2530 Θεῷ
3108 2460 3269 2529 Λόγῳ
3298 2459 3358 2511 τὸ
3394 2460 3493 2530 τῆς
3536 2456 3859 2530 κυριότητος

2283 2548 2474 2621 δνομα,
2498 2552 2598 2621 τῆς
2620 2568 2684 2620 γε
2719 2551 2824 2622 μὴν
2857 2549 3273 2621 ἀνθρωπότητος
3303 2549 3672 2621 ἀποφέροντας
3704 2548 3858 2618 αὐτῷ

2285 2642 2393 2714 [ισ.
2421 2641 2598 2714 attito],
2639 2641 2891 2710 καθάπερ
2917 2641 2998 2703 είς
3043 2638 3213 2710 λήθην
3244 2633 3318 2693 ὧν
3359 2638 3466 2708 ἔφη
3493 2638 3693 2706 πεσὼν,
3736 2638 3856 2693 δια⁴

2285 2735 2426 2804 σπᾷν
2454 2735 2533 2796 εις
2563 2732 2657 2785 δύο
2684 2732 3079 2802 καταφωρᾶται
3104 2730 3194 2783 τὸν
3222 2731 3338 2797 ἕνα,
3360 2730 3573 2799 καὶτῆς
3594 2729 3857 2799 ἀκριϐοῦς

2282 2829 2402 2879 κατ’
2448 2826 2608 2881 αὑτὸν
2650 2824 2942 2893 συναφείας
2994 2824 3148 2893 ὀλίγα
3198 2824 3595 2895 πεφροντικώς.
3648 2824 3861 2894 Ἐρωτᾷ

2282 2916 2392 2987 γὰρ
2420 2915 2676 2985 ἀμαθῶς·
2713 2914 2918 2984 Κύριος
2951 2915 3044 2967 καὶ
3079 2916 3108 2968 6
3138 2913 3443 2986 ἄνθρωπος,
3477 2913 3511 2981 ἦ
3538 2911 3633 2978 οῦς
3669 2913 3719 2965 εί
3761 2912 3859 2981 μὲν

2281 3000 2373 3059 οῦν
2400 3006 2623 3074 Κύριος,
2665 3004 2881 3074 συνᾴδει
2933 3002 3003 3056 τά
3042 3002 3333 3074 λεγόμενα.
3367 3000 3596 3067 Οὐκοῦν,
3632 3004 3681 3055 εἰ
3713 3001 3859 3055 κατά

2281 3092 2378 3163 τὴν
2402 3092 2498 3163 σὴν
2524 3091 2780 3146 ἀσύνετον
2804 3090 3018 3157 πεῦσιν,
3041 3089 3242 3162 Κύριος
3277 3091 3374 3161 μὲν
3401 3091 3430 3142 6
3450 3090 3617 3155 Λόγος
3649 3089 3857 3154 ίδικῶς.

2280 3183 2483 3255 Κύριος
2516 3183 2572 3235 δὲ
2614 3183 2708 3236 καὶ
2738 3184 2766 3236 6
2798 3179 3105 3253 ἄνθρωπος,
3133 3179 3223 3234 δύο
3255 3197 3356 3233 που
3398 3180 3613 3243 πάντως
3651 3178 3700 3232 oi
3758 3177 3855 3233 κύ-

2283 3290 2408 3344 ριοι,
2437 3273 2533 3325 καὶ
2557 3271 2682 3325 υἱοί.
2715 3273 2927 3339 Ὀνήσει
2954 3270 3018 3341 δὴ
3046 3265 3137 3323 οὖν
3161 3269 3260 3339 τῆς
3280 3268 3540 3340 ἀκριϐοῦς
3561 3267 3855 3337 συναφείας

2277 3362 2310 3430 ἡ
2340 3358 2566 3427 δύναμις
2598 3360 2719 3411 κατ’
2755 3358 2946 3412 οὐδένα
2990 3358 3189 3429 τρόπον
3231 3358 3359 3421 τοὺς
3398 3358 3853 3421 πεπιστευκότας,

2278 3452 2357 3514 είς
2382 3467 2444 3519 γε
2473 3450 2535 3502 τὸ
2570 3450 2769 3520 χρῆναι
2796 3452 2934 3503 νοεῖν
2977 3449 3075 3503 ’ἐνα
3120 3448 3354 3520 Χριστὸν
3389 3449 3484 3502 καὶ
3512 3448 3718 3520 Κύριον
3763 3450 3855 3503 καὶ

2279 3542 2405 3596 Υίδν
2430 3542 2567 3613 μετά
2592 3541 2691 3611 τῆς
2722 3540 3015 3612 ὲνωθείσης
3050 3540 3198 3609 αὐτῷ
3228 3540 3447 3611 σαρκός.
3480 3540 3851 3611 Προκειμένου

2276 3632 2382 3704 γὰρ
2409 3634 2504 3687 καὶ
2533 3631 2958 3702 παρενεχθέντος
2994 3632 3075 3694 είς
3110 3631 3273 3702 μέσον
3302 3630 3398 3683 τοῦ
3436 3630 3727 3701 προσώπου
3760 3631 3849 3684 τοῦ

2289 3724 2654 3796 Ἐμμανουὴλ,
2678 3723 2779 3777 κᾶν
2810 3725 2963 3787 εἴτις
3001 3723 3286 3794 ἄνθρωπον
3316 3722 3485 3790 λέγοι,
3510 3721 3601 3775 τὸν
3624 3724 3686 3775 ὲκ
3714 3720 3850 3775 Θεοῦ

2277 3818 2490 3889 Πατρὸς
2517 3817 2687 3885 Λόγον
2731 3814 2945 3887 μορφὴν
2990 3813 3178 3868 δούλου
3212 3813 3447 3868 λαϐόντα
3479 3812 3728 3883 νοοῦμεν,
3760 3815 3851 3867 καὶ

2273 3914 2337 3967 ὲκ
2364 3914 2475 3965 τῶν
2513 3910 2610 3981 τῆς
2638 3908 2920 3972 κενώσεως
2952 3908 3168 3979 μέτρων
3209 3906 3499 3978 δηλοῦσθαι
3548 3923 3733 3977 φαμεν
3755 3923 3770 3936 ·
3800 3908 3848 3960 εί

2272 4002 2330 4055 δὲ
2362 4001 2424 4073 δὴ
2442 4001 2535 4054 καὶ
2562 4000 2694 4053 Θεὸν
2722 3998 3005 4068 μονογενῆ,
3033 3996 3124 4049 τὸν
3152 3996 3314 4051 αὑτὸν
3333 3992 3471 4050 εἶναι
3502 3994 3849 4058 πιστεύοντες

2275 4094 2383 4166 [ἵσ.
2415 4089 2763 4162 πιστεύομεν]
2799 4088 3260 4160 ὲνηνθρωπηκότα
3302 4105 3362 4141 τε
3393 4088 3494 4158 ἤδη
3528 4086 3623 4139 καὶ
3653 4103 3848 4159 σεσαρ-

2272 4185 2539 4255 κωμένον.
2579 4182 2738 4236 Ἀ).λά
2768 4182 2895 4254 γὰρ,
2929 4181 3005 4245 ὡς
3038 4180 3194 4250 ἔφην,
3220 4180 3299 4233 ἑνὶ
3325 4179 3388 4249 δὴ
3417 4178 3511 4232 καὶ
3544 4178 3711 4249 μόνῳ,
3754 4180 3847 4233 καὶ

2276 4274 2458 4337 ἰδικῶς
2491 4273 2767 4343 νοουμένῳ
2797 4271 2948 4342 παρά
2972 4272 3062 4324 τὸν
3105 4271 3169 4322 ὲκ
3194 4268 3406 4339 Πατρδς
3439 4268 3607 4335 Λόγον
3640 4265 3846 4339 ἀνθρώ.

2272 4384 2380 4436 πῳ,
2407 4364 2729 4435 προσνέμων
2764 4362 2864 4431 τῆς
2899 4362 3036 4433 μετά
3065 4360 3266 4430 σαρκὸς
3288 4359 3599 4429 οἰκονομίας
3621 4358 3689 4411 τὰ
3716 4375 3847 4414 κατ-

599 4442 847 4511 quisnam
877 4443 947 4497 sit
976 4443 1064 4499 ille
1088 4445 1378 4500 cruciﬁxus
1411 4466 1423 4501 :
1478 4447 1691 4503 Etenim
1737 4455 2024 4509 cruciﬁxus
2081 4469 2164 4512 est

2280 4458 2585 4532 ορθώματα,
2634 4458 2729 4510 καὶ
2774 4456 2935 4509 αὑτὸν
2974 4442 3115 4526 ὑπὲρ
3164 4453 3321 4524 ἡμῶν
3371 4452 3660 4522 ὑπομεῖναί
3709 4467 3842 4523 φησι

596 4546 659 4585 ex
686 4531 1015 4597 inﬁrmitate,
1039 4536 1131 4588 sed
1164 4536 1295 4589 vivit
1318 4551 1383 4590 ex
1418 4537 1619 4593 virtute
1652 4538 1791 4614 Dei.]
1842 4544 1974 4610 Quis
2010 4548 2162 4602 inﬁr-

596 4631 772 4683 matus
806 4634 907 4689 est,
940 4625 1229 4683 hazretice?
1270 4628 1434 4684 illene
1506 4631 1646 4686 Deus
1701 4633 1939 4691 Verbum
1966 4638 2163 4696 ?lnﬁr-

593 4714 799 4769 mitatis
826 4716 1042 4785 quidem
1074 4717 1252 4776 omnis
1287 4735 1507 4789 prorsus
1535 4738 1730 4793 expers
1757 4739 1787 4779 a
1842 4728 1997 4785 nobis
2038 4747 2157 4786 cre-

592 4805 736 4860 ditur
763 4806 889 4859 illud
924 4822 989 4861 ex
1024 4808 1134 4863 Deo
1176 4809 1335 4867 Patre
1384 4812 1647 4870 Verbum.
1714 4817 1835 4885 ipse
1878 4831 1963 4876 est
2014 4826 2160 4879 enim

595 4896 849 4953 Dominus
864 4899 1151 4956 Virtutum.
1177 4901 1281 4957 Sed
1306 4912 1482 4959 tamen
1508 4905 1635 4961 illud
1666 4923 1905 4977 expone;
1935 4917 2161 4972 metuis-

593 5000 658 5043 ne
690 4987 755 5041 de
782 5004 846 5044 eo
879 4991 1209 5049 inﬁrmitatis
1230 5009 1425 5050 nomen
1455 4998 1727 5066 accipere?
1745 5015 1905 5069 quam
1933 5004 2003 5058 ob
2028 5021 2158 5060 cau-

592 5079 741 5131 sam?
779 5094 899 5134 cum
937 5082 1024 5137 illa
1048 5098 1144 5152 per
1174 5099 1392 5141 carnem
1428 5087 1765 5157 dispensatio
1785 5091 1936 5146 illum
1956 5095 2159 5152 eximat

593 5169 659 5223 ab
694 5171 907 5241 injuria,
941 5175 1152 5231 etiamsi
1209 5177 1483 5247 quidpiam
1506 5194 1695 5249 passus
1720 5197 1839 5237 esse
1857 5184 2067 5240 dicatur
2089 5204 2155 5244 ex

594 5261 678 5320 his
698 5278 819 5333 quae
840 5279 869 5317 a
902 5275 1091 5320 natura
1117 5267 1286 5338 ipsius
1316 5277 1368 5323 et
1390 5269 1561 5338 gloria
1609 5281 1735 5327 sunt
1773 5273 1987 5329 aliena?
2021 5276 2154 5332 Nam

593 5353 635 5405 si
659 5367 778 5408 cum
804 5355 950 5411 dives
995 5366 1158 5421 esset,
1205 5373 1409 5428 pauper
1440 5359 1613 5416 factus
1643 5372 1727 5418 est
1761 5364 1806 5395 ⁸⁸
1829 5403 1845 5429 ,
1902 5376 1957 5421 et
1982 5366 2156 5427 factus

594 5450 674 5497 est
701 5444 875 5499 nostri
897 5445 1092 5501 similis
1126 5444 1297 5502 forma
1332 5446 1473 5502 servi
1494 5459 1762 5520 suscepta,
1815 5454 2027 5508 etiamsi
2077 5457 2157 5511 di-

595 5535 1064 5593 caturinﬁrmatus
1096 5553 1161 5593 ex
1201 5537 1556 5606 humanitate,
1608 5542 1740 5599 nihil
1778 5544 1996 5605 absurdi
2054 5559 2155 5617 cst,

667 5717 711 5751 ⁸³
743 5716 908 5775 lCor.
946 5736 1009 5787 ιι,
1052 5721 1104 5776 8.
1181 5722 1224 5753 ⁵⁸
1254 5720 1298 5776 ll
1336 5721 1461 5777 Cur.
1493 5737 1613 5790 vm,
1643 5726 1697 5781 9.

2270 4552 2520 4623 σταυρὸν,
2539 4548 2675 4602 εἷναί
2713 4566 2770 4601 τε
2798 4549 2895 4618 τῆς
2927 4546 3083 4615 δόξης
3111 4543 3547 4598 διαϐεϐαιοῦνται
3578 4541 3689 4614 [ῑσ.
3722 4543 3840 4596 δια-

2268 4643 2581 4698 ϐεϐαιοῦται
2612 4640 2631 4712 ]
2659 4638 2887 4710 Κύριον,
2914 4637 3107 4707 γυμνῷ
3133 4635 3389 4704 κτίσματι
3420 4634 3715 4705 περιτιθεὶς
3745 4634 3841 4706 τῆς

2267 4736 2527 4791 ἀνωτάτω
2553 4730 2765 4801 φύσεως
2796 4728 2865 4783 τὰ
2888 4725 3355 4799 αύχήματα.Φησὶ
3373 4726 3499 4795 γάρ·
3531 4724 3841 4797 [Ἂκούσω-

2270 4842 2370 4895 μεν
2395 4820 2488 4878 τοῦ
2534 4821 2806 4893 μακαρίου
2837 4819 3053 4874 Παύλου
3090 4818 3341 4889 φανερῶς
3376 4816 3728 4885 κεκραγότος,
3761 4815 3841 4880 τίς

2264 4920 2410 4970 ἐστιν
2446 4916 2475 4967 ὁ
2504 4912 2937 4983 ἐσταυρωμένος*
2970 4910 3080 4964 Καὶ
3112 4910 3221 4980 γὰρ
3248 4906 3569 4978 ἐσταυρώθη
3598 4906 3657 4973 ἐξ
3682 4905 3842 4961 ἀσθεο

2263 5006 2431 5069 νείας,
2467 5003 2602 5058 ἀλλὰ
2638 5004 2705 5075 ζῇ
2745 5005 2811 5056 ὲκ
2842 5003 3126 5073 δυνάμεως
3159 4998 3346 5074 Θεοῦ]
3378 4998 3473 5063 Τίς
3497 4999 3838 5069 ἠσθένησεν;

2260 5100 2289 5151 6
2316 5096 2447 5159 Θεὸς
2476 5094 2925 5166 Λόγος,αἱρετικέ
2950 5112 2967 5161 ;
3006 5090 3316 5154 ’Λσθενείας
3371 5089 3469 5161 μὲν
3501 5084 3593 5143 οὖν
3620 5088 3840 5160 ἁπάσης

2261 5189 2527 5260 ἀμέτοχος
2575 5186 2852 5250 παντελῶς
2885 5188 2913 5239 6
2955 5188 3020 5239 ὲκ
3066 5182 3202 5238 Θεοῦ
3245 5182 3460 5254 Πατρδς
3489 5181 3662 5250 Λόγος
3704 5180 3839 5253 πρὸς

2262 5280 2420 5350 ἡμῶν
2452 5276 2593 5333 εἶναι.
2622 5278 2953 5334 πιστεύεται,
2979 5277 3150 5339 Αὐτὸς
3177 5276 3286 5344 γάρ
3315 5276 3461 5328 ἐστιν
3493 5277 3521 5328 6
3543 5273 3647 5328 τῶν
3678 5274 3837 5328 δυνά-

2267 5387 2415 5441 μεων
2443 5369 2666 5441 Κύριος.
2698 5368 2844 5440 Πλὴν
2866 5369 3041 5421 ἐκεῖνο
3080 5367 3315 5437 φράσονο
3345 5364 3522 5428 δέδιας
3553 5365 3640 5417 ἐπ’
3670 5361 3833 5417 αὑτοῦ

2264 5461 2325 5513 τὸ
2365 5460 2465 5530 τῆς
2499 5459 2780 5523 ἀσθενείας
2819 5459 2989 5530 ὃνομα
3017 5457 3230 5523 λαϐεῖνς
3265 5455 3353 5510 διὰ
3405 5455 3563 5509 ποίαν
3612 5454 3829 5517 αἱτίαν;

2266 5552 2443 5607 καίτοι
2490 5553 2588 5624 τῆς
2624 5546 2760 5624 μετά
2795 5550 2993 5624 σαρκὸς
3030 5548 3342 5620 οἰκονομίας
3380 5544 3472 5600 τοῦ
3505 5544 3833 5617 iterati/610m
