3956 6466
562 364 668 420 227

1549 370 1606 425 S.
1647 368 1922 427 CYlllLLl
1962 368 2432 426 ALEXANDRINI
2471 368 2796 427 ARCIIIEP.

3712 368 3855 427 228

561 478 695 533 vivit
716 492 781 532 ex
807 477 1004 533 virtute
1038 477 1167 547 Dci;
1202 497 1221 532 ι
1252 480 1338 551 pie
1358 480 1561 537 dictum
1585 459 1995 554 intellige.Nam
2015 499 2114 554 pas

2241 499 2361 552 μεν.
2414 483 2581 535 Ὅταν
2632 478 2727 536 οὖν
2766 481 3007 554 ἀκούσῃς
3059 483 3152 536 τοῦ
3217 484 3675 555 Πνευματοτρόρου
3732 484 3853 537 1t-

560 584 682 624 sum
714 570 847 624 dicit
871 571 1203 638 humanitus,
1232 574 1483 643 quamvis
1514 583 1762 630 naturam
1786 576 1940 646 131
1966 578 2133 632 liabe-

558 670 641 715 ret
672 675 895 731 prorsus
918 677 947 716 a
968 664 1227 732 patiendo
1258 674 1543 720 remotam.
1575 666 1822 737 Cumque
1846 671 1925 723 sic
1953 684 2012 724 se
2037 670 2134 723 lia-

558 751 731 817 heret,
757 753 1021 808 inﬁrmari
1052 769 1269 810 carnem
1289 757 1565 821 sustinuit,
1587 767 1641 812 et
1668 761 1981 814 humanitus
1994 760 2130 815 mori

558 860 680 899 eum
711 846 1084 911 sustinuisset,
1121 848 1381 903 divinitus
1432 850 1788 912 revixit,cum
1808 850 1923 919 ipse
1974 866 2130 906 suum

557 935 885 990 viviﬁcasset
910 939 1186 1007 templum,
1213 950 1396 1009 utpote
1426 940 1597 997 virtus
1641 939 1839 996 Patris.
1870 942 2028 997 Certe
2050 944 2133 996 in-

556 1035 735 1081 stante
752 1024 863 1095 jam
899 1036 1142 1097 tempore
1159 1045 1267 1101 quo
1296 1046 1512 1086 crucem
1542 1048 1638 1102 pro
1667 1033 1823 1088 nobis
1856 1044 1971 1088 erat
2002 1036 2131 1089 sub-

558 1117 757 1185 iturus,
788 1120 977 1176 abiens
1016 1124 1215 1187 oravit,
1257 1124 1479 1179 dicens:
1518 1143 1534 1177 ι
1566 1124 1746 1193 Pater,
1781 1126 1827 1181 si
1868 1127 2125 1196 possibile

555 1219 659 1275 est,
688 1219 929 1265 transeat
968 1227 996 1265 a
1038 1228 1123 1268 me
1178 1213 1317 1268 calix
1343 1215 1465 1269 iste.
1504 1232 1523 1266 ι
1561 1215 1959 1285 Adjecitetiam
2000 1217 2128 1272 illud

555 1302 622 1353 ad
656 1301 813 1355 linem
842 1304 1110 1358 orationis
1145 1322 1160 1358 :
1206 1324 1225 1356 ι
1266 1305 1654 1361 Verumtamen
1700 1324 1802 1362 non
1837 1309 1980 1364 sicut
2028 1324 2128 1375 ego

554 1390 698 1452 volo,
724 1392 817 1445 sed
848 1392 990 1447 sicut
1024 1403 1075 1447 tu
1102 1396 1169 1448 ".
1202 1412 1222 1447 ι
1259 1393 1522 1461 Quoniam
1546 1412 1677 1452 vero
1704 1399 1892 1464 semel,
1936 1415 2127 1467 quam-

552 1482 634 1535 vis
675 1484 1019 1552 omnipotens
1056 1483 1284 1541 Verbum
1321 1501 1384 1541 ac
1414 1489 1553 1543 Deus
1580 1500 1741 1553 esset,
1774 1502 2012 1545 nostram
2041 1491 2126 1545 in-

554 1572 868 1629 ﬁrmitatem
902 1576 1086 1631 subire
1107 1580 1315 1643 statuit,
1347 1580 1471 1633 l'acti
1514 1596 1736 1635 causam
1764 1590 1819 1635 nt
1854 1583 2120 1645 redderet,

551 1680 765 1719 summo
795 1667 1214 1735 dispensationis
1243 1670 1467 1724 consilio
1497 1672 1571 1724 ait
1603 1688 1617 1724 :
1679 1691 1696 1722 ι
1733 1670 1968 1739 Spiritus
2004 1672 2125 1741 qni-

552 1760 673 1812 dem
707 1769 1004 1829 promptus,
1032 1775 1158 1816 caro
1189 1770 1367 1817 autem
1405 1764 1616 1817 inﬁrma
1643 1764 1706 1817 ".
1750 1784 1767 1816 ι
1828 1764 2119 1820 Considera

551 1850 717 1919 igitur
744 1853 955 1906 utniliil
991 1855 1103 1923 ipse
1131 1854 1395 1922 deiectus,
1434 1871 1614 1924 neque
1659 1858 1821 1911 etiam
1888 1857 2121 1912 inﬁrmi-

551 1953 716 1998 tatem
744 1944 798 1999 in
831 1960 981 2000 suam
1015 1958 1260 2001 naturam
1287 1949 1605 2017 suscipiens,
1643 1950 1909 2006 concessit
1969 1952 2119 2005 carni

476 2052 479 2055 <
547 2046 647 2100 per
679 2048 804 2087 suas
835 2036 1079 2104 proprias
1109 2037 1250 2106 leges
1283 2050 1544 2107 pergere:
1602 2048 1656 2093 et
1709 2039 1878 2107 ipsius
1918 2055 1979 2093 ea
2038 2055 2123 2093 res

543 2122 766 2192 dicitur,
811 2136 1093 2194 propterea
1120 2128 1260 2196 quod
1298 2130 1574 2198 proprium
1603 2139 1687 2184 est
1730 2131 1847 2200 ejus
1900 2145 2117 2200 corpus.

546 2214 714 2283 Igitur
742 2217 1011 2272 hominem
1043 2220 1257 2288 quidem
1291 2222 1464 2291 ipsum
1511 2222 1666 2277 nobis
1720 2223 1957 2277 ostendit
2004 2224 2119 2293 ipsa

545 2304 728 2357 carnis
766 2306 1076 2372 inﬁrmitas,
1124 2308 1216 2362 sed
1251 2309 1416 2363 Deum
1480 2310 1814 2367 infirmitatis
1874 2314 2118 2383 ignarum

546 2394 861 2463 agnovimus
893 2398 944 2449 in
973 2412 1037 2453 eo
1061 2400 1202 2468 quod
1229 2410 1455 2455 mortem
1489 2401 1630 2456 haud
1692 2412 1773 2457 est
1808 2386 2116 2473 perpessus,

546 2493 657 2538 eta
704 2486 922 2554 proprio
973 2502 1199 2557 corpore
1241 2493 1641 2561 corruptionem
1724 2494 1937 2563 repulit.
2000 2493 2117 2549 Vita

546 2586 781 2642 namque
798 2584 879 2628 est
915 2583 969 2629 et
994 2577 1168 2632 virtus
1190 2577 1391 2635 Patris.
1426 2579 1559 2634 Nam
1592 2584 1733 2650 quod
1765 2583 1908 2637 illam
1950 2585 2002 2637 in
2034 2584 2119 2639 bis

546 2666 709 2720 rebus
743 2665 1114 2723 inﬁrmitatem
1148 2671 1412 2726 insuetam
1441 2672 1543 2728 sibi
1571 2682 1627 2729 et
1678 2674 2115 2742 involuntariam,

544 2751 738 2808 fecerit
771 2756 1133 2812 voluntariam
1173 2760 1224 2814 in
1255 2760 1347 2816 Dei
1376 2772 1431 2816 et
1454 2762 1629 2818 Patris
1650 2764 2008 2833 beneplacito,
2056 2774 2117 2820 ut

543 2844 749 2900 salvum
772 2844 973 2903 iaceret
1001 2849 1187 2905 orbem
1228 2861 1515 2919 terrarum,
1575 2854 1793 2910 docebit
1830 2856 1944 2925 ipse
1991 2872 2113 2911 cunt

543 2936 675 2990 dicit
709 2953 723 2989 :
754 2956 773 2990 ι
810 2937 944 3005 Quia
984 2940 1235 2996 descendi
1261 2944 1325 2997 de
1356 2946 1517 3010 caelo,
1554 2962 1661 3002 non
1693 2957 1750 3000 ut
1779 2947 1969 3001 faciam
2017 2964 2115 3002 vo-

543 3024 809 3080 luntatem
866 3043 1065 3094 meam,
1122 3032 1218 3085 sed
1281 3034 1611 3089 voluntatem
1672 3038 1789 3106 ejus
1830 3039 1919 3107 qui
1969 3039 2117 3093 misit

544 3133 631 3174 me
663 3138 678 3175 :
712 3130 770 3174 ut
790 3135 950 3176 omne
972 3124 1112 3191 quod
1132 3125 1325 3180 dedisti
1354 3128 1508 3193 mihi,
1548 3142 1655 3182 non
1687 3130 1905 3198 perdam
1932 3146 1995 3185 ex
2023 3148 2109 3196 eo,

543 3211 638 3266 sed
662 3215 977 3269 resuscitem
1006 3214 1137 3268 illud
1188 3215 1239 3268 in
1288 3218 1583 3273 novissimo
1644 3218 1733 3273 die
1777 3220 1843 3277 “.
1885 3240 1903 3273 ι
1947 3224 2109 3293 Atqui

542 3318 780 3371 quonam
812 3306 994 3372 modo,
1027 3306 1069 3361 si
1102 3308 1320 3377 quidem
1351 3310 1487 3364 bona
1524 3319 1608 3363 est
1640 3308 1820 3367 Patris
1842 3314 2111 3379 voluntas,

543 3393 769 3448 alteram
798 3404 974 3449 tamen
999 3396 1186 3464 procul
1220 3396 1384 3451 dubio
1407 3399 1600 3453 bonam
1634 3402 1906 3470 propriam
1928 3417 1986 3457 se
2017 3405 2108 3457 lia-

542 3483 675 3540 bere
696 3486 764 3540 ab
812 3486 901 3539 illa
930 3489 1199 3541 diversam
1225 3489 1556 3544 voluntatem
1583 3492 1715 3546 dicit
1747 3491 1917 3548 Filius
1936 3495 1960 3547 ?
1980 3494 2113 3550 Nam

542 3574 587 3628 si
619 3576 799 3631 minus
825 3587 908 3633 est
937 3578 1129 3642 bonus,
1176 3576 1450 3649 quomodo
1493 3583 1668 3651 imago
1712 3586 1823 3652 jam
1856 3596 1908 3640 et
1947 3584 2115 3657 ﬁgura

541 3662 656 3733 ejus
670 3666 955 3722 creditur?
985 3670 1251 3738 quomodo
1288 3669 1414 3724 item
1446 3685 1577 3726 vere
1612 3673 1753 3727 dicet
1783 3690 1798 3727 :
1853 3693 1871 3725 ι
1918 3675 2028 3745 Ego
2063 3687 2115 3731 et

544 3756 705 3811 Pater
734 3774 897 3813 unum
921 3776 1111 3815 sumus
1127 3760 1214 3814 “'i
1244 3779 1262 3813 ι
1290 3771 1345 3816 et
1375 3780 1389 3816 :
1432 3781 1450 3815 ι
1494 3762 1594 3831 Qui
1652 3765 1786 3820 vidit
1831 3783 1945 3835 me,
1981 3769 2115 3822 vidit

538 3858 595 3904 et
618 3849 834 3906 Patrem
870 3851 955 3906 “‘i
993 3870 1011 3903 ι
1048 3851 1233 3923 Neque
1259 3854 1399 3909 enim
1429 3858 1710 3926 quisquam
1749 3858 1800 3913 in
1854 3859 1995 3914 haud
2019 3863 2111 3916 bo-

540 3953 611 3991 no
640 3940 815 3994 videat
847 3956 969 3995 eum
1004 3943 1097 4011 qui
1122 3958 1186 3997 ex
1216 3954 1406 4000 natura
1438 3948 1507 4000 sit
1534 3947 1727 4001 bonus.
1756 3948 1920 4017 Atqui
1945 3951 2115 4005 bonus

536 4028 708 4085 Filius
728 4046 796 4086 ex
827 4033 968 4087 bono
1001 4044 1224 4089 exortus
1256 4044 1341 4089 est
1363 4034 1544 4100 Patre,
1573 4048 1766 4106 estque
1798 4038 1913 4104 ejus
1935 4038 2113 4108 imago

539 4120 685 4173 nulla
715 4120 771 4174 in
804 4137 862 4174 re
891 4122 958 4174 ab
979 4136 1043 4177 eo
1070 4123 1313 4179 varians.
1337 4123 1582 4189 Quanam
1619 4127 1781 4195 igitur
1837 4127 2113 4184 voluntate

536 4210 723 4265 relicta
759 4228 918 4281 quam
953 4228 1104 4268 suam
1134 4231 1256 4271 esse
1292 4217 1511 4284 fatetur,
1564 4217 1740 4273 Patris
1770 4220 2102 4276 voluntatem

536 4316 596 4356 se
624 4301 816 4358 fecisse
855 4304 1019 4359 dicit?
1050 4304 1288 4377 PrOprite
1342 4308 1527 4363 carnis
1576 4319 1752 4366 morte
1788 4310 2112 4369 liberaturus

535 4406 653 4448 erat
679 4412 799 4451 mox
829 4410 925 4452 eos
969 4412 998 4450 a
1028 4410 1201 4455 morte
1229 4400 1322 4470 qui
1356 4400 1432 4455 illi
1461 4411 1617 4455 erant
1648 4400 1889 4467 obnoxii,
1926 4402 1979 4456 id
2027 4413 2109 4458 est

535 4502 653 4583 nos.
838 4489 940 4543 hoc
965 4488 1137 4558 ipsum
1167 4492 1304 4546 mori
1327 4506 1495 4547 carne
1542 4501 1697 4562 turpe
1724 4503 1864 4558 erat,
1897 4505 1952 4548 et
1980 4495 2104 4562 sibi,
2136 4522 2187 4583 ο

533 4587 594 4630 ut
608 4576 719 4645 jam
750 4579 882 4645 dixi,
909 4581 1177 4635 insuetum
1215 4592 1272 4637 et
1324 4583 1736 4654 reiugiendum:
1782 4586 1832 4640 id
1893 4601 2106 4655 quoque

534 4679 715 4723 nostra
747 4687 910 4725 causa
942 4673 1198 4727 sustinuit
1256 4675 1308 4729 iu
1349 4674 1683 4745 beneplacito
1715 4676 1910 4731 Patris.
1947 4678 2102 4746 132

532 4759 763 4816 Noverat
793 4763 936 4818 enim
965 4766 1172 4835 optime
1202 4767 1245 4821 si
1275 4776 1496 4837 propter
1530 4770 1712 4824 carnis
1762 4784 1873 4824 sua:
1901 4774 2103 4837 passio-

533 4870 629 4910 nes
663 4858 933 4912 modicum
969 4859 1462 4930 fuissetinglorius,
1492 4874 1553 4914 se
1595 4874 1780 4914 omnes
1809 4861 1873 4913 ad
1901 4869 2098 4913 Statum

534 4945 689 5013 longe
715 4952 1145 5017 praastantiorem
1186 4950 1562 5007 transferendo
1586 4952 1962 5006 liberaturum.
1987 4970 2003 5002 ι
2045 4952 2099 5005 Si

533 5039 654 5105 quis
682 5040 824 5092 enim
852 5040 902 5093 in
934 5040 1172 5107 Cbristo,
1208 5057 1342 5098 nova
1371 5054 1617 5098 creatura
1644 5065 1657 5097 :
1691 5051 1870 5097 vetera
1916 5053 2101 5097 trans—

533 5130 734 5196 ierunt,
802 5146 928 5187 ecce
956 5133 1093 5188 facta
1113 5145 1239 5188 sunt
1280 5136 1462 5189 omnia
1514 5149 1673 5201 nova,
1714 5153 1733 5187 ι
1777 5136 1914 5189 sicut
1962 5136 2103 5189 scri-

535 5232 685 5292 ptum
715 5231 798 5278 est
829 5224 896 5275 ".
958 5224 1222 5279 Divinitus
1278 5226 1443 5293 igitur
1478 5227 1750 5295 inSpirata:
1810 5224 2105 5295 Scriptum

534 5314 808 5369 Christum
836 5330 1004 5369 unum
1032 5326 1087 5368 et
1118 5314 1313 5369 Filium
1340 5327 1393 5370 et
1420 5316 1705 5370 Dominum
1742 5316 1939 5370 mundo
1962 5331 2100 5384 prae.

533 5402 740 5471 dicant,
780 5416 835 5458 et
859 5406 1031 5474 ipsum
1064 5419 1184 5459 esse
1206 5415 1452 5459 asserunt
1489 5405 1637 5459 illum
1691 5406 1874 5477 gloriae
1928 5404 2103 5458 Domi-

536 5514 697 5565 num;
729 5499 988 5567 illumque
1013 5508 1230 5568 prepter
1264 5512 1363 5551 nos
1391 5513 1419 5551 a
1451 5496 1651 5553 ludatis
1675 5500 1849 5552 illatas
1879 5497 2103 5563 injurias

536 5591 838 5648 voluntarie
863 5592 1206 5657 sustinuisse,
1233 5600 1568 5660 mortemque
1600 5592 1652 5644 in
1706 5591 1852 5661 ligno
1887 5589 2101 5658 dispen-

606 5773 873 5847 “dllatth.
906 5790 1055 5842 xxvn,
1087 5774 1175 5829 '59.
1252 5769 1298 5807 ⁸³
1324 5771 1451 5828 ibid.
1474 5771 1563 5827 ιι.

1671 5771 1715 5803 ⁸⁵
1737 5769 1890 5827 Joan.
1923 5785 1996 5836 vn,
2024 5768 2211 5826 38-39.

2236 588 2455 639 γοντος’
2505 591 2523 624 ι
2562 569 2914 642 Ἐσταυρὼθη
2971 570 3031 635 ἐξ
3080 571 3406 638 ἀσθενείας,
3448 573 3586 627 ἀλλὰ
3638 571 3710 642 ζῇ
3759 573 3853 624 ἐκ

2234 663 2515 734 δυνάμεως
2557 664 2713 729 Θεοῦ,
2756 684 2775 717 ι
2819 663 2976 727 σύνες
3014 665 3271 729 εὐσεϐῶς.
3315 666 3659 720 Πεπονθέναι
3714 666 3851 735 γὰρ

2234 755 2591 826 ἀνθρωπίνως
2641 757 2805 826 φησὶν
2861 756 3045 821 αὑτὸν,
3077 757 3253 810 καίτοι
3304 757 3402 829 τὴν
3459 758 3623 826 φύσιν
3664 757 3845 827 ἔχον.

2232 862 2302 898 τα
2347 846 2441 899 τοῦ
2491 845 2684 899 παθεῖν
2731 846 2990 900 ἐπέκεινα
3046 847 3347 911 παντελῶς.
3391 848 3573 919 Ἐχων
3608 848 3673 901 δὲ
3731 850 3847 899 οὖα

2230 948 2359 999 τως,
2390 933 2724 1004 ἀσθενούσης
2772 936 3030 1005 ἠνέσχετο
3072 936 3172 1005 τῆς
3223 936 3445 1007 σαρκὸς,
3484 938 3579 989 καὶ
3626 936 3845 989 παθὼν

2230 1021 2587 1090 ἀνθρωπίνως
2622 1021 2683 1073 τὸ
2711 1022 3024 1087 ἀποθανεῖν,
3056 1023 3258 1076 ἀνεϐίω
3291 1024 3509 1089 θεῖκῶς,
3539 1025 3845 1095 ζωοποιή-

2231 1128 2331 1175 σας
2357 1112 2450 1165 τὸν
2494 1110 2689 1165 ἑαυτοῦ
2720 1111 2847 1165 ναὸν
2875 1112 3058 1177 αὐτὸς,
3088 1113 3166 1177 ὡς
3192 1114 3422 1184 δύναμις
3445 1114 3542 1167 τοῦ
3572 1116 3837 1185 Πατρός.

2230 1202 2340 1255 Καὶ
2368 1201 2499 1269 γοῦν
2544 1202 2896 1271 ἐνεστηκότος
2938 1202 3039 1273 ήδη
3084 1202 3177 1255 τοῦ
3214 1202 3429 1275 καιροῦ,
3463 1203 3588 1256 καθ’
3613 1206 3679 1257 ὃν
3713 1206 3838 1257 ἔδει

2227 1294 2323 1347 τὸν
2366 1295 2507 1365 ὑπὲρ
2538 1294 2695 1365 ἡμῶν
2743 1296 3034 1365 ὑπομεῖναι
3076 1296 3326 1368 σταυρὸν,
3366 1296 3619 1350 ἀπελθὼν
3648 1314 3837 1368 προσ-

2227 1386 2465 1457 ηύξατο,
2512 1386 2684 1454 λέγων
2711 1403 2723 1416 ⁸
2780 1404 2800 1437 ι
2849 1387 3066 1456 Πάτερ,’
3106 1390 3155 1440 εί
3202 1388 3445 1455 δυνατὸν,
3493 1388 3835 1458 παρελθέτω

2227 1480 2322 1532 ἀπ’
2349 1478 2483 1549 ἐμοῦ
2511 1478 2575 1531 τὸ
2602 1480 2858 1550 ποτήριον
2882 1480 3061 1537 τοῦτο.
3100 1498 3119 1531 δ
3160 1480 3476 1551 Προσετίθει
3509 1481 3567 1534 δὲ
3597 1481 3831 1544 τούτοις

2226 1569 2317 1621 ἐπὶ
2343 1569 2487 1623 τέλει
2512 1569 2613 1639 τῆς
2645 1571 2989 1642 προσευχῆςσ
3028 1590 3047 1623 ι
3089 1572 3236 1643 Πλὴν
3267 1572 3365 1642 οὐχ
3390 1572 3466 1636 ὡς
3509 1572 3623 1640 ἐγὼ
3638 1572 3821 1637 θέλω,

2224 1662 2340 1716 ἀλλ’
2371 1663 2446 1727 ὡς
2490 1663 2575 1718 σύ.
2612 1682 2631 1715 ι
2679 1665 2901 1734 Ἐπειδὴ
2932 1666 2989 1719 δὲ
3024 1665 3190 1732 ἅπαξ,
3213 1666 3390 1719 καίτοι
3422 1664 3714 1737 παναλκὴς
3743 1666 3829 1719 ὣν

2225 1755 2398 1823 Λόγος
2431 1757 2526 1810 καὶ
2570 1756 2725 1819 Θεὸς,
2756 1757 2853 1811 καὶ
2893 1759 2950 1810 ὲν
2979 1759 3044 1827 τῇ
3074 1756 3196 1810 καθ’
3226 1760 3376 1828 ἡμᾶς
3409 1758 3668 1828 ἀσθενείᾳ
3722 1774 3827 1825 γε·

2227 1847 2414 1900 νέσθαι
2438 1847 2771 1917 νενόμισται,
2795 1847 2894 1920 τὴν
2923 1847 3018 1901 τοῦ
3047 1848 3369 1919 πράγματος
3399 1850 3577 1902 αἰτίαν
3618 1849 3823 1903 ἀποδι-

2226 1936 2371 2001 δοὺς,
2400 1937 2870 2007 οἰκονομικώτατά
2902 1955 3033 2009 φησι
3055 1956 3071 1971 ’
3121 1957 3141 1990 ι
3178 1939 3251 1990 Τὸ
3284 1938 3384 2008 μὲν
3417 1938 3637 2008 πνεῦμα
3667 1940 3817 2009 πρό-

2228 2025 2418 2097 θυμον,
2454 2027 2487 2096 ἠ
2529 2026 2588 2079 δὲ
2640 2026 2776 2097 σὰρξ
2815 2027 3067 2099 ἀσθενής.
3106 2046 3127 2080 ι
3178 2028 3366 2099 ’Δθρει
3407 2028 3470 2098 δὴ
3518 2024 3614 2083 οὖν
3654 2031 3820 2094 ὅπως

2226 2119 2376 2171 οὐδὲν
2408 2118 2673 2186 καθυφεὶς
2718 2119 2903 2184 αὐτὸς,
2934 2119 3057 2173 οὔτε
3108 2120 3215 2191 μὴν
3249 2122 3329 2183 είς
3372 2121 3507 2174 ίδίαν
3554 2121 3726 2189 φύσιν
3755 2124 3822 2175 τὸ

2226 2208 2524 2277 ἀσθενῆσαι
2570 2208 2781 2273 παθὼν,
2828 2209 3219 2280 συγκεχώρηκε
3262 2213 3327 2281 τῇ
3370 2212 3534 2281 σαρκί⁵
3581 2213 3677 2264 καὶ
3724 2212 3819 2265 διὰ

2225 2301 2332 2354 τῶν
2356 2300 2573 2355 οἰκείων
2600 2300 2710 2373 [ιον.
2747 2299 2914 2373 ίδίων]
2958 2300 3092 2354 ίὲναι
3123 2302 3338 2372 νόμων·
3387 2303 3482 2355 καὶ
3526 2303 3694 2355 αὐτοῦ
3753 2303 3820 2357 τὸ

2225 2394 2415 2465 χρῆμα
2448 2393 2688 2460 λέγεται,
2716 2391 2886 2446 διάτοι
2914 2391 2974 2445 τὸ
3006 2392 3134 2447 ἴδιον
3166 2388 3305 2446 εἶναι
3329 2394 3389 2447 τὸ
3417 2392 3576 2463 σῶμα
3612 2393 3816 2447 αὐτοῦ.

2225 2483 2434 2538 υὺκοῦν
2496 2482 2781 2553 ἄνθρωπον
2834 2483 2934 2553 μὲν
2988 2485 3122 2554 ἡμῖν
3184 2483 3464 2556 ἀπέφηνεν
3511 2484 3675 2537 αὐτὸν
3751 2484 3820 2538 τὸ

2222 2574 2521 2645 ἀσθενῆσαι
2567 2575 2708 2629 κατὰ
2740 2573 2839 2645 τὴν
2880 2573 3079 2646 σάρκα,
3112 2576 3247 2629 Θεόν
3290 2592 3355 2644 γε
3405 2576 3514 2646 μὴν
3553 2574 3817 2630 ἀσθενεῖν

2221 2666 2323 2720 οὐκ
2362 2665 2541 2719 εἰδότα
2577 2665 2637 2718 τὸ
2674 2664 2749 2735 μὴ
2788 2665 3119 2736 ἀνασχέσθαι
3158 2666 3414 2731 θανάτου,
3464 2668 3561 2721 καὶ
3595 2668 3816 2721 ἀποσο-

2224 2757 2386 2828 ϐῆσαι
2417 2758 2518 2828 τὴν
2549 2757 2757 2828 φθορὰν
2784 2756 2877 2810 τοῦ
2907 2757 3037 2811 ιδίου
3069 2758 3341 2828 σώματος.
3377 2759 3499 2830 Ζωὴ
3530 2758 3639 2829 γάρ
3681 2761 3814 2812 ἐστι

2223 2849 2317 2901 καὶ
2356 2847 2586 2919 δύναμις
2628 2848 2723 2901 τοῦ
2752 2848 2983 2917 Πατρός.
3013 2848 3135 2903 Ὅτι
3171 2851 3278 2920 γὰρ
3320 2850 3564 2920 ἀσυνήθη
3610 2867 3671 2902 τε
3706 2850 3814 2903 καὶ

2220 2939 2541 3010 ἀνεθέλητον
2579 2936 2746 2993 οὖσαν
2775 2940 2924 3011 αὐτῷ
2949 2940 3048 3011 τὴν
3073 2940 3130 2994 ἔν
3156 2958 3219 3009 γε
3251 2942 3461 3005 τούτοις
3485 2941 3809 3005 ἀσθένειαν,

2221 3030 2522 3101 ἐποιήσατο
2580 3030 2811 3101 θελητὴν
2858 3031 2916 3084 ὲν
2963 3031 3181 3103 εὐδοκία
3235 3030 3330 3084 τοῦ
3379 3032 3515 3085 Θεοῦ
3557 3033 3653 3086 καὶ
3686 3033 3811 3086 Ilo.-

2219 3122 2367 3191 τρδς,
2396 3123 2480 3175 ἴνα
2514 3122 2663 3195 σώσῃ
2692 3124 2791 3194 τὴν
2825 3127 2917 3178 ὑπ’
2955 3126 3204 3197 οὐρανὸν,
3251 3125 3454 3191 διδάξει
3490 3124 3667 3194 λέγων
3692 3125 3807 3176 αὖ·

2218 3214 2339 3277 τός’
2377 3232 2396 3265 ‹
2438 3215 2561 3268 Ὀτι
2612 3216 2964 3288 καταϐέϐηκα
3009 3218 3074 3270 ὲκ
3115 3215 3211 3270 τοῦ
3249 3214 3513 3287 οὐρανοῦ,
3562 3215 3661 3283 οὐχ
3710 3215 3808 3267 ἵνα

2217 3305 2356 3358 ποιῶ
2382 3306 2444 3358 τὸ
2476 3305 2685 3376 θέλημα
2716 3306 2776 3360 τὸ
2807 3309 2959 3378 ἐμὸν,
2992 3307 3129 3362 ἀλλά
3170 3309 3231 3360 τὸ
3281 3306 3491 3378 θέλημα
3527 3306 3624 3358 τοῦ
3654 3306 3807 3376 πέμ-

2214 3393 2415 3462 ψαντός
2450 3412 2550 3466 με·
2584 3396 2667 3449 ἵνα
2713 3398 2821 3450 πᾶν
2855 3397 2883 3449 δ
2912 3397 3150 3460 δέδωκάς
3195 3414 3285 3466 μοι
3333 3395 3408 3466 μὴ
3447 3395 3697 3449 ἀπολέσω
3739 3395 3807 3460 ἐξ

2215 3485 2401 3550 αὐτοῦ,
2431 3486 2566 3539 ἀλλά
2605 3488 2893 3558 ἀναστήσω
2927 3489 3061 3541 αὐτὸ
3095 3489 3152 3540 ὲν
3185 3490 3251 3558 τῇ
3280 3487 3483 3556 ἐσχάτη
3520 3485 3731 3557 ἡμέρα.
3777 3504 3797 3536 ο

2215 3574 2406 3629 Καίτοι
2461 3575 2609 3639 πῶς,
2663 3578 2821 3649 εἰπερ
2871 3580 3019 3632 ἐστὶν
3066 3578 3271 3647 ἀγαθὸν
3318 3578 3381 3631 τὸ
3432 3577 3648 3647 θέλημα
3696 3577 3802 3630 τοῦ

2214 3667 2447 3738 Πατρδς,
2497 3668 2698 3736 ἀγαθὸν
2741 3670 2798 3723 δὲ
2843 3670 3061 3735 πάντως
3102 3670 3232 3724 ἴδιον
3277 3668 3421 3741 ἔχειν
3460 3670 3555 3722 καὶ
3600 3669 3801 3737 ἕτερον

2214 3758 2367 3827 παρά
2398 3757 2557 3810 τοῦτο
2603 3756 2816 3829 θέλημά
2861 3776 3025 3830 φησιν
3075 3759 3267 3813 ἑαυτὸν
3309 3760 3338 3811 ὀ
3384 3759 3540 3823 Υίόςς
3588 3758 3654 3810 Et
3682 3758 3802 3828 γὰρ

2217 3850 2292 3919 μὴ
2324 3849 2471 3902 ἔστιν
2499 3849 2723 3917 ἀγαθὸς,
2757 3849 2874 3913 πῶς
2901 3849 3063 3903 εἰκὼν
3091 3850 3171 3903 ἔτι
3197 3852 3289 3905 καὶ
3314 3849 3599 3921 χαρακτὴρ
3624 3848 3799 3902 αὐτοῦ

2213 3942 2558 4007 πιστεύεται;
2596 3941 2713 4005 πῶς
2739 3941 2796 3995 δὲ
2829 3942 3115 4013 ἀληθεύσει
3155 3941 3357 4009 λέγων·
3405 3959 3423 3991 ι
3474 3939 3613 4007 Ἐγὼ
3642 3940 3740 3991 καὶ
3768 3940 3801 3991 ὁ

2212 4032 2404 4102 Πατὴρ
2433 4034 2493 4085 ἓν
2521 4035 2720 4102 ὲσμεν;
2758 4052 2774 4083 ι
2806 4033 2933 4087 καί·
2968 4051 2987 4085 ι
3034 4033 3090 4086 '0
3119 4031 3378 4101 ἑωρακὼς
3412 4031 3531 4103 ἐμὲ,
3575 4030 3799 4102 ἑώρακε

2210 4125 2305 4178 τὸν
2351 4124 2604 4194 Πατέρα;
2646 4144 2664 4176 ι
2699 4126 2773 4178 Οὐ
2821 4126 2931 4196 γὰρ
2961 4125 3017 4178 ἐν
3058 4142 3122 4194 γε
3165 4123 3241 4193 τῷ
3277 4124 3352 4195 μὴ
3383 4122 3595 4193 ἀγαθῷ,
3651 4140 3796 4175 κατ-

2212 4206 2449 4286 αθρῆσαι
2472 4232 2555 4278 τις
2589 4216 2655 4268 ἂν
2696 4215 2787 4268 τὸν
2819 4215 3020 4284 ἀγαθὸν
3066 4214 3209 4268 κατὰ
3239 4217 3417 4283 φύσιν.
3477 4212 3636 4266 Ἀλλά
3682 4213 3797 4283 μὴν

2211 4308 2411 4376 ἀγαθὸς
2442 4309 2470 4360 ὁ
2494 4306 2641 4372 Υἱὸς,
2678 4306 2737 4370 ἐξ
2780 4306 2987 4376 ἀγαθοῦ
3036 4308 3241 4378 πέφηνε
3274 4306 3368 4359 τοῦ
3417 4305 3652 4375 Πατρδς,
3692 4304 3793 4356 καὶ

2211 4400 2358 4452 ἐστιν
2401 4399 2563 4453 εἰκὼν
2590 4398 3009 4470 ἀπαράλλακτος
3056 4398 3218 4452 αὑτοῦ
3260 4397 3402 4450 κατά
3434 4398 3538 4450 πᾶν
3582 4396 3792 4452 ὁτιοῦν.

2211 4494 2368 4546 Ποῖον
2418 4487 2511 4545 οὖν
2559 4491 2667 4561 ἀρα
2719 4490 2930 4561 θέλημα
2978 4490 3194 4561 παρεὶς,
3251 4489 3385 4558 ὅπερ
3432 4484 3571 4539 εἷναί
3620 4503 3793 4556 φησιν

2214 4583 2432 4645 ἑαυτοῦ,
2464 4582 2802 4653 πεπραχέναι
2838 4581 2972 4650 φησὶ
3004 4580 3064 4633 τὸ
3110 4580 3203 4632 τοῦ
3250 4578 3498 4648 Πατρός;
3550 4576 3791 4646 Ἔμελλε

2210 4674 2289 4745 τῷ
2330 4674 2547 4743 θανάτῳ
2575 4674 2672 4743 τῆς
2721 4673 2854 4735 ίδίας
2896 4672 3095 4743 σαρκὸς
3141 4671 3507 4724 ἀπαλλάττειν
3551 4668 3791 4721 θανάτου

2208 4769 2334 4830 τοὺς
2362 4765 2452 4817 ὑπ’
2480 4764 2645 4819 αὑτοῦ
2681 4764 2991 4832 γεγονότας,
3022 4762 3297 4815 τουτέστιν
3328 4763 3494 4831 ἡμᾶς.
3543 4759 3684 4812 Ἀλλ’
3717 4755 3792 4828 ἦν

2208 4858 2270 4911 τὸ
2300 4856 2549 4909 τεθνάναι
2585 4855 2749 4925 σαρκὶ
2797 4854 3075 4918 δυσκλεὲς,
3106 4852 3375 4924 ἀσύνηθες
3404 4869 3484 4915 τε,
3516 4851 3592 4914 ὡς
3620 4851 3798 4925 ἔφην,

2210 4950 2303 5004 καὶ
2334 4948 2718 5028 ἀπηχθημένον
2752 4947 2917 5018 αὐτῷ.
2970 4945 3388 5017 ’Υπομεμένηκε
3415 4944 3473 4996 δὲ
3513 4941 3791 4995 καὶτοῦτο

2207 5040 2274 5093 δι’
2304 5040 2449 5111 ἡμᾶς
2483 5041 2539 5090 ἐν
2572 5038 2789 5109 εὐδοκία
2814 5037 2907 5090 τοῦ
2938 5036 3349 5108 Πατρός.ι”ῌδει
3383 5034 3514 5104 γὰρ,
3537 5033 3653 5104 ᾔδει
3692 5036 3791 5085 xui.

2214 5131 2358 5202 μάλα
2388 5130 2593 5200 σαφῶς,
2633 5130 2717 5183 ὅτι
2754 5129 2863 5183 τῶν
2892 5128 2993 5197 τῆς
3028 5128 3229 5198 σαρκὸς
3258 5126 3421 5179 ἕνεκα
3454 5123 3639 5178 παθῶν
3672 5122 3791 5175 ἀδο-

2210 5224 2381 5294 ξήσας
2412 5223 2609 5293 βραχὺ,
2644 5219 2899 5275 διασώσει
2927 5219 3269 5289 σύμπαντας,
3302 5218 3394 5270 ἐπὶ
3420 5217 3481 5269 τὸ
3514 5214 3787 5282 ἀσυγκρί-

2209 5331 2316 5377 τως
2365 5316 2583 5384 ἄμεινον
2636 5312 2913 5382 μεθιστὰς.
2956 5331 2972 5362 t
3020 5312 3085 5363 Εἴ
3129 5328 3212 5373 τις
3264 5309 3372 5378 γὰρ
3430 5309 3487 5359 ὲν
3536 5306 3785 5376 Χριστῷ,

2208 5407 2369 5477 καινὴ
2405 5406 2613 5469 κτίσις’
2644 5404 2714 5457 τὰ
2758 5405 2959 5475 ἀρχαῖα
2987 5400 3287 5472 παρῆλθεν,
3327 5399 3432 5453 ἰδοὺ
3479 5398 3666 5466 γέγονε
3717 5397 3788 5449 τὰ

2210 5496 2387 5550 πάντα
2434 5495 2616 5561 καινὰ,
2660 5513 2679 5546 ι
2722 5494 2863 5548 καθά
2893 5492 3222 5563 γέγραπται.
3260 5492 3322 5544 Ai
3380 5490 3476 5559 μὲν
3520 5484 3612 5540 οὖν
3660 5486 3786 5539 θεό-

2210 5604 2463 5640 πνευστοι
2493 5587 2725 5656 Γραφαὶ,
2759 5584 2991 5657 Χριστὸν
3022 5584 3117 5638 ἕνα
3146 5583 3240 5635 καὶ
3270 5582 3394 5635 Υἱὸν
3442 5581 3537 5634 καὶ
3580 5578 3785 5646 Κύριον

2885 5764 3097 5839 ~“_ibid.
3124 5763 3176 5819 9.
3260 5762 3331 5835 ,ιτς
3358 5758 3399 5815 ιι
3437 5759 3560 5815 Cor.
3602 5773 3651 5822 v,
3690 5754 3779 5810 l7.

2319 5768 2363 5800 °'
2395 5764 2531 5821 Joan
2564 5781 2677 5835 Juv,
2707 5764 2796 5821 '50.
