4088 6506
230 375 335 429 229

1286 367 1662 424 ADV’LRSUS
1698 365 2102 424 NESTORIUM
2144 365 2275 421 LIB.
2318 364 2381 420 V.

3376 368 3482 423 230

230 487 309 560 τῷ
341 488 533 559 κόσμῳ
579 486 1021 559 διακηρύττουσι,
1052 484 1146 539 καὶ
1175 483 1338 538 αὑτὸν
1380 480 1522 538 εἶναι
1556 501 1689 555 φασι
1714 484 1807 539 τὸν

1913 485 2119 539 satorie
2150 482 2459 551 pertulisse,
2489 494 2595 536 non
2617 487 2673 534 ut
2701 481 2975 535 nobiscum
3009 489 3313 537 remaneret
3338 497 3482 537 mor-

226 577 329 648 τῆς
354 577 512 648 δόξης
544 577 748 648 Κύριον
769 593 786 610 ο
812 577 906 630 καὶ
937 575 1037 639 τὰς
1068 575 1133 628 ἐκ
1160 574 1268 627 τῶν
1314 574 1584 630 Ἰουδαίων
1609 592 1805 644 παροι-

228 671 350 734 νίας
391 660 627 724 ἐθελοντὶ
652 670 941 739 ὑπομεῖναι
981 668 1049 721 δι’
1080 668 1222 738 ἡμᾶς
1244 682 1258 696 ’
1292 666 1584 738 ἀνατλῆναι
1613 683 1672 719 τε
1712 666 1803 718 τὸν

1905 580 2052 634 tuus,
2073 573 2189 635 sed,
2211 580 2269 625 ut
2292 584 2482 624 everso
2514 568 2607 623 illo
2634 569 2881 623 omnibus
2907 569 3305 638 inexpugnabili
3333 586 3478 625 moro

1904 665 1972 719 tis
1992 665 2242 732 imperio,
2278 673 2526 717 naturam
2554 663 2791 718 hominis
2812 662 2876 715 ad
2901 662 3360 732 incorruptionem
3392 679 3480 719 re-

229 763 326 815 ἐπὶ
359 762 517 826 ξύλου
551 761 781 816 θάνατον
818 758 1195 829 οίκονομικῶς,
1230 758 1327 829 οὐχ
1360 760 1446 813 ἵνα
1487 757 1605 829 μεθ’
1645 756 1803 828 ἡμῶν

1911 766 2145 811 vocaret.
2177 753 2321 811 Deus
2355 755 2497 809 enim
2524 762 2642 808 erat
2680 755 2733 808 in
2756 766 2941 810 carne.
2975 752 3081 806 lste
3103 766 3231 807 vero
3262 767 3475 807 rursum

229 851 501 923 ἀπομείνῃ
539 851 750 921 νεκρὸς,
801 849 918 903 ἀλλ’
950 849 1038 902 ἵνα
1078 848 1141 901 τὸ
1172 849 1306 901 πᾶσι
1336 848 1669 918 δυσάντητον
1710 843 1807 899 τοῦ

231 943 465 998 Θανάτου
497 941 808 1004 καταλύσας
838 939 1061 1010 κράτος,
1096 938 1405 1010 ἀνακομίσῃ
1432 938 1567 1008 πρὸς
1592 936 1807 1007 ἀφθαρο

234 1034 356 1088 σίαν
401 1034 500 1104 τὴν
537 1031 825 1104 ἀνθρώπου
864 1030 1046 1101 φύσιν.
1093 1030 1223 1093 Θεὸς
1267 1030 1376 1099 γὰρ
1405 1025 1474 1100 ἧν
1521 1032 1579 1083 ἐν
1623 1028 1806 1099 σαρκί.

232 1124 433 1176 Οὑτοσὶ
469 1123 527 1178 δὲ
563 1123 727 1176 πάλιν
757 1120 1012 1192 ἀφορμὰς
1060 1118 1154 1173 τοῦ
1201 1121 1455 1191 διορίζειν
1485 1122 1563 1182 είς
1595 1120 1688 1173 δύο
1715 1119 1808 1174 τὸν

228 1213 328 1267 ἕνα
364 1214 699 1285 πανταχόθεν
726 1212 906 1282 ἑαυτῷ
938 1210 1280 1283 συναγείρειν
1318 1211 1630 1281 ἐπιχειρῶν,
1659 1212 1808 1264 ἀντι-

1911 848 2230 904 occasiones
2254 863 2416 901 unum
2446 846 2500 900 in
2531 847 2636 901 duo
2662 844 2930 900 dividendi
2956 843 3191 911 undique
3237 842 3339 896 sibi
3362 841 3476 897 col-

1911 940 2080 1006 ligere
2114 938 2366 1002 moliens,
2397 937 2598 992 frustra
2635 936 2721 991 his
2749 945 3010 1005 repugnat
3031 934 3122 1004 qui
3164 933 3293 989 nulli
3323 942 3475 995 sunt,

1910 1031 2174 1099 quosdam
2206 1031 2370 1084 etiam
2403 1030 2727 1084 criminatur
2756 1028 2909 1097 quasi
2967 1028 3227 1081 adversus
3280 1029 3481 1080 verita-

1913 1130 2019 1175 tem
2044 1122 2299 1187 dixerint,
2334 1131 2388 1174 et
2416 1119 2617 1177 Christi
2652 1118 2893 1175 mvsterii
2916 1119 3181 1174 rationem
3209 1117 3482 1173 adultera-

1915 1212 2040 1277 rint,
2075 1212 2258 1283 Itaque
2280 1214 2408 1267 dicit
2440 1227 2453 1263 :
2488 1237 2505 1255 -

227 1304 458 1377 φέρεται
506 1304 605 1376 μὲν
633 1304 759 1374 είκῆ
788 1305 901 1367 τοῖς
940 1302 1040 1355 ούκ
1068 1298 1219 1356 οὖσιν
1251 1302 1406 1368 ὅλως,
1477 1303 1756 1374 ἐπίκλημα
1782 1302 1841 1355 δὲ
1914 1304 2151 1358 ποιεῖταί
2199 1321 2341 1357 τισιν
2384 1304 2459 1368 ὡς
2497 1303 2597 1373 τῆς
2645 1302 2904 1375 ἀληθείας
2954 1304 3326 1376 κατειρηκόσι,
3380 1298 3478 1357 καὶ

228 1395 668 1467 παρασημαίνειν
699 1394 940 1447 ἐθέλουσι
977 1392 1069 1446 τοῦ
1108 1394 1407 1465 μυστηρίου
1441 1392 1531 1447 τὸν
1577 1396 1797 1464 τρόπον,
1836 1393 1930 1447 καί
1959 1409 2145 1464 φησιν·

307 1487 541 1560 ίἩδέως
568 1487 634 1540 ἂν
661 1485 896 1540 ἐνταῦθα
922 1484 1031 1538 τῶν
1053 1485 1345 1557 αἱρετικῶν
1371 1484 1673 1555 ἐπυθόμην,
1693 1484 1803 1538 τῶν

229 1582 331 1652 τὴν
354 1582 452 1652 τῆς
498 1579 766 1649 θεότητος,
803 1578 899 1630 κα)⁸
923 1580 1021 1647 τῆς
1064 1575 1480 1648 ἀνθρωπότητος
1508 1575 1689 1645 φύσιν,
1724 1577 1806 1638 είς

234 1671 363 1742 μίαν
412 1668 862 1741 κατακιρνώντων
896 1667 1105 1734 ούσίαν,
1166 1666 1249 1730 τίς
1298 1667 1446 1720 ἐστιν
1499 1665 1731 1720 ἐνταῦθα
1777 1665 1806 1717 6

1976 1483 2213 1540 Nssron.
2248 1484 2529 1557 [Libenter
2555 1485 2659 1542 hoc
2697 1484 2814 1541 loco
2850 1485 3477 1557 haereticosinterrogem

1904 1574 1995 1643 qui
2034 1574 2330 1629 divinitatis
2373 1574 2836 1645 humanitatisque
2868 1586 3118 1631 naturam
3188 1577 3240 1630 in
3314 1594 3477 1632 unam

1903 1666 2258 1721 commiscent
2278 1666 2592 1728 essentiam,
2621 1666 2868 1734 quisnam
2898 1666 2968 1722 sit
2996 1666 3087 1736 qui
3124 1681 3265 1721 nunc
3294 1683 3322 1720 ιι
3350 1683 3477 1736 pro-

232 1763 385 1835 παρὰ
433 1761 528 1815 τοῦ
574 1760 834 1834 προδότου
853 1762 966 1823 τοῖς
1028 1759 1304 1821 Ἰουδαίοις
1345 1758 1801 1830 παραδιδόμενος’

1911 1754 2081 1809 ditore
2117 1753 2316 1809 Judaeis
2358 1755 2608 1808 traditur.
2646 1754 2704 1807 Si
2738 1755 2884 1808 enim
2915 1755 3196 1809 amborum
3223 1763 3305 1809 est
3338 1755 3477 1808 facta

230 1854 281 1907 εἰ
303 1853 413 1925 γὰρ
440 1854 635 1924 κρᾶσις
663 1850 985 1922 ἀμφοτέρων
1006 1849 1320 1919 γεγένηται,
1348 1848 1632 1919 ἀμφότερα
1654 1846 1804 1918 παρὰ

228 1942 341 1997 τῶν
392 1942 661 1997 Ἰουδαίων
690 1939 1118 2010 συγκατεσχέθη,
1146 1940 1242 1993 καὶ
1277 1940 1306 1992 6
1332 1938 1462 2002 Θεὸς
1495 1938 1686 2008 Λόγος,
1713 1939 1807 1993 καὶ

230 2036 264 2104 ἡ
297 2036 399 2104 τῆς
438 2033 854 2103 ἀνθρωπότητος
894 2034 1079 2101 φύσις.
1118 2031 1215 2095 Τίς
1251 2032 1307 2085 δέ
1337 2032 1485 2084 ἐστιν
1523 2034 1552 2084 6
1580 2030 1675 2085 καὶ
1705 2031 1805 2101 τὴν

233 2125 448 2195 σφαγὴν
472 2123 801 2194 ὑπομείνας;
856 2122 1261 2193 Ἀναγκάζομαι
1287 2122 1594 2193 χρήσασθαι
1622 2139 1805 2177 κατω-

230 2195 413 2286 τέρὸις
441 2213 636 2281 λόγοις,
670 2212 745 2275 ὡς
779 2212 914 2266 πᾶσι
943 2212 1194 2281 γενέσθαι
1222 2213 1283 2267 τὸ
1309 2213 1599 2283 λεγόμενον
1626 2212 1802 2284 δῆλον.

232 2306 371 2378 Περὶ
398 2305 517 2359 τίνα
561 2304 631 2357 τὰ
672 2305 770 2374 τῆς
798 2304 1069 2375 πράξεως,
1114 2305 1236 2359 εἰπέ
1283 2323 1393 2376 μοι,
1430 2306 1803 2378 συμϐέϐηκεν;

231 2398 295 2451 Et
330 2396 429 2467 μὲν
466 2394 577 2465 γὰρ
624 2396 752 2465 περὶ
777 2394 874 2466 τὴν
904 2396 1003 2465 τῆς
1036 2396 1288 2468 θεότητος
1332 2398 1515 2466 φύσιν,
1542 2398 1658 2461 πῶς
1696 2398 1803 2468 ἀμο

232 2484 439 2555 φότερα
482 2484 779 2553 συγκιρνᾷν
828 2484 1194 2556 κατατολμᾷς.
1236 2486 1345 2537 Καὶ
1388 2484 1498 2556 [τσ.
1531 2484 1602 2557 εί]
1638 2483 1809 2555 μεμέ-

231 2591 399 2645 νηκεν
432 2574 461 2625 6
495 2572 631 2637 Θεὸς
664 2574 1034 2644 ἀκατάσχετος
1073 2577 1187 2639 τοῖς
1243 2575 1537 2642 Ἰουδαίοις,
1585 2576 1681 2628 καὶ
1708 2576 1807 2645 τῆς

232 2665 452 2735 σφαγῆς
483 2664 544 2719 ού
593 2663 957 2736 κεκοινώνηκε
989 2668 1055 2737 τῇ
1099 2665 1282 2737 σαρκὶ,
1324 2665 1504 2732 πόθεν,
1552 2666 1671 2719 είπέ
1717 2683 1809 2736 μοι

229 2756 591 2827 παρεισάγεις
624 2756 723 2828 τὴν
760 2759 958 2829 κρᾶσιν
981 2756 1023 2829 ἰ]

840 2929 1093 2983 ΚΕΦΔΛ.
1134 2932 1209 2984 Δ’.

840 2930 892 2982 Κ
938 2929 1093 2983 ΦΔΛ.
1134 2932 1209 2984 Δ’.

300 3018 366 3071 Ei
395 3017 494 3087 μὲν
523 3012 615 3071 οῦν
640 3017 785 3082 τινές
812 2929 950 3070 eis?!
966 3019 1014 3071 οἱ
1042 3019 1140 3088 τὴν
1174 3019 1283 3073 τῶν
1304 3020 1517 3089 φύσεων
1536 3023 1616 3087 είς
1643 3023 1811 3095 ἀλλή-

1905 1844 2228 1909 commistio,
2264 1845 2425 1900 ambo
2448 1844 2661 1899 simula
2709 1843 2911 1899 Judzeis
2937 1847 3152 1899 detenta
3206 1855 3351 1910 sunt,
3426 1856 3480 1899 ct

1910 1938 2049 1993 Deus
2076 1937 2332 2002 Verbum,
2354 1946 2408 1991 ct
2440 1938 2793 1992 humanitatis
2824 1947 3035 1992 natura.
3065 1935 3197 2002 Quis
3234 1952 3362 1991 vero
3394 1946 3480 1991 est

1907 2029 2104 2084 «edem
2137 2027 2568 2099 passus?Cogor
2635 2027 3016 2083 humilioribus
3055 2028 3238 2082 verbis
3265 2028 3363 2091 uti,
3421 2038 3481 2080 ut

1904 2119 2154 2174 omnibus
2182 2119 2323 2188 quod
2382 2119 2611 2173 dicimus
2634 2119 2979 2189 perspicuum
3012 2118 3125 2172 ﬁat.
3173 2118 3229 2173 ln
3291 2134 3477 2188 quem,

1906 2226 2036 2281 rogo
2057 2221 2128 2275 te,
2164 2210 2333 2280 ipsius
2363 2219 2527 2279 gesta:
2556 2209 2640 2263 rei
2682 2208 2881 2263 cecidit
2913 2208 3089 2263 actio?
3141 2206 3197 2261 Si
3231 2208 3282 2262 in
3311 2209 3477 2277 ipsam

1907 2301 2200 2357 divinitatis
2257 2311 2526 2362 naturam,
2581 2300 2851 2370 quomodo
2900 2310 3193 2369 utrumque
3249 2300 3478 2354 commi-

1907 2408 2058 2448 scere
2088 2393 2289 2447 audes?
2316 2393 2373 2446 Si
2414 2392 2770 2446 mansitDeus
2802 2392 2874 2445 ita
2906 2399 2963 2444 ut
2989 2407 3019 2445 a
3073 2389 3273 2446 Judzeis
3307 2391 3477 2445 teneri

1906 2499 2015 2539 non
2048 2493 2250 2554 posset,
2278 2492 2334 2538 et
2366 2483 2419 2537 in
2443 2482 2606 2538 cadis
2645 2482 2995 2553 perpessione
3045 2482 3241 2536 nullam
3294 2481 3482 2535 habuit

1906 2592 2028 2634 cum
2053 2592 2219 2632 carne
2232 2576 2566 2640 societatem,
2588 2572 3480 2645 undenam,rogo,commistioncm

1910 2669 2120 2725 inducis
2135 2668 2177 2741 ?]

2567 2892 2717 2949 CAP.
2753 2891 2846 2949 IV.

1984 3026 2040 3081 Si
2075 3026 2169 3097 qui
2211 3034 2337 3081 sunt
2367 3024 2458 3095 qni
2489 3033 2804 3080 naturarum
2840 3023 3041 3081 factum
3080 3022 3217 3079 inter
3250 3038 3312 3079 se
3348 3039 3481 3080 con-

228 3108 331 3173 λας
358 3110 621 3181 ἀνάχυσιν
641 3109 969 3179 γεγενῆσθαι.
999 3111 1270 3179 λέγοντες,
1296 3114 1499 3167 καὶτὸν
1521 3115 1809 3186 ἀνέφικτον

1916 3116 2186 3173 fusionem
2226 3118 2428 3181 dicant,
2464 3115 2733 3186 Vcrbique
2783 3126 3035 3172 naturam
3087 3116 3481 3186 impossibilem

231 3203 527 3271 ὑπομεῖναι
575 3200 810 3271 φυρμὸν,
854 3200 948 3254 καὶ
985 3200 1084 3271 τὴν
1120 3203 1200 3266 είς
1234 3201 1412 3273 σάρκα
1445 3204 1651 3275 τροπὴν
1699 3223 1805 3260 παι

232 3291 347 3345 θεῖν
383 3291 643 3346 δύνασθαι
691 3292 1077 3362 διατεινόμενοι
1127 3293 1226 3363 τὴν
1266 3294 1359 3347 τοῦ
1408 3295 1583 3364 Λόγου
1620 3297 1803 3365 φύσιν,

230 3384 402 3454 ἦγουν
428 3386 510 3447 είς
541 3383 769 3454 θεότητα
804 3383 1190 3454 μεταχωρῆσαί
1229 3401 1361 3437 ποτε
1391 3386 1489 3456 τὴν
1521 3386 1809 3440 ένωθεῖσαν

231 3474 384 3543 αὐτῷ
436 3474 636 3545 σάρκα,
684 3474 1090 3546 διημαρτήκασι
1135 3474 1423 3546 τάληθοῦς,
1465 3478 1560 3530 καὶ
1614 3478 1808 3548 φρενὸς

232 3563 340 3627 ἔξω
382 3563 664 3632 γεγονότες
694 3563 882 3633 ὀρθῆς,
920 3562 1121 3633 μᾶλλον
1159 3564 1215 3616 δὲ
1248 3563 1345 3635 τὴν
1386 3565 1611 3619 ἀπασῶν
1644 3566 1807 3635 ἐσχά-

229 3668 333 3722 την
359 3651 639 3714 νοσοῦντες
670 3652 1089 3723 ὲμὸροντησίαν,
1115 3652 1435 3707 ἀκούσονται
1456 3654 1592 3725 πρὸς
1619 3655 1771 3725 ήμῶν
1790 3670 1805 3685 ’

235 3761 256 3795 ι
297 3742 577 3797 Πλανᾶσθε
614 3742 691 3813 μὴ
727 3743 926 3806 εἰδότες
951 3743 1051 3805 τάς
1079 3744 1319 3814 Γραφάς,
1353 3745 1487 3815 μηδὲ
1512 3744 1609 3815 τὴν
1652 3745 1808 3799 δύνα-

232 3850 332 3904 μιν
358 3833 455 3886 τοῦ
483 3832 638 3887 Θεοῦ.
681 3852 699 3884 ι
743 3833 1099 3905 Ἀκράδαντος
1127 3832 1236 3904 γὰρ
1278 3836 1312 3901 ἡ
1343 3833 1437 3887 τοῦ
1467 3834 1601 3887 Θεοῦ
1635 3834 1807 3903 Λόγου

228 3924 422 3992 φύσις,
458 3925 550 3977 καὶ
592 3922 802 3994 τροπῆς
850 3924 951 3977 ούκ
996 3919 1133 3976 οἶδεν
1186 3923 1541 3993 ἀποσκίασμα
1584 3923 1803 3978 παθεῖν·

230 4013 401 4085 σαρκὶ
429 4011 487 4065 δὲ
514 4012 610 4064 καὶ
638 4011 829 4082 αἵματι
862 4010 1295 4082 κεκοινωνηκὼς,
1332 4012 1427 4064 καὶ
1458 4012 1809 4084 μετεσχηκὼς

227 4108 440 4178 ὁμοίως
460 4108 593 4176 ἡμῖν
618 4105 727 4159 τῶν
751 4104 951 4169 αὐτῶν,
977 4102 1122 4158 καθά
1148 4102 1477 4174 γέγραπται,
1504 4105 1810 4175 μεμένηκεν

227 4200 257 4252 6
278 4198 469 4261 αὑτός.
491 4198 551 4251 Εἰ
574 4196 631 4250 δὲ
663 4195 907 4251 ἀπασοῦν
929 4213 1016 4258 τις
1040 4193 1149 4249 τῶν
1175 4198 1285 4258 τοῖς
1316 4196 1478 4265 ἱεροῖς
1509 4195 1811 4266 ἐντεθραμ-

230 4290 418 4359 μένων
456 4288 782 4359 Γράμμασιν
820 4285 1224 4357 ἀπηχθημένων
1253 4286 1364 4357 Ιῖσ.
1399 4284 1809 4357 ἁπηχθημένον]

226 4383 474 4435 ποιεῖται
490 4380 570 4446 τὸ,
592 4381 695 4434 κᾶν
724 4378 855 4449 γοῦν
871 4377 1101 4433 ἀκοῦσαι
1130 4378 1312 4447 μόνον,
1343 4378 1435 4431 ἐπὶ
1454 4377 1547 4431 τοῦ
1571 4380 1811 4446 Μονογε-

1910 3207 2233 3262 sustinuisse
2253 3207 2585 3271 mistionem,
2617 3216 2671 3261 et
2710 3208 2763 3261 in
2822 3221 3040 3261 carnem
3088 3209 3353 3262 demutari
3380 3225 3483 3280 po—

1912 3296 2077 3350 tuisse
2094 3295 2443 3360 contendant,
2476 3295 2558 3350 vel
2588 3296 2792 3349 unitam
2823 3296 2897 3349 illi
2929 3310 3147 3351 carnem
3184 3299 3397 3353 tandem
3431 3300 3483 3353 in

1910 3389 2243 3443 divinitatem
2326 3388 2607 3452 transisse,
2673 3388 2707 3442 ii
2762 3388 3020 3443 aberrant
3092 3403 3121 3443 a
3173 3403 3324 3452 vero,
3356 3397 3412 3444 et
3454 3403 3482 3441 a

1912 3491 2059 3535 recto
2100 3492 2259 3533 sensu
2310 3478 2469 3548 longe
2502 3478 2717 3544 remoti,
2769 3478 2878 3533 imo
2923 3494 3050 3532 vero
3114 3489 3354 3533 extrema
3390 3479 3485 3533 de-

1911 3569 2110 3625 mentia
2158 3568 2488 3635 laborantes,
2546 3569 2770 3623 audiant
2835 3584 2863 3621 a
2909 3570 3111 3623 nobis:
3178 3589 3195 3620 ι
3236 3569 3473 3635 Erratis,

1910 3659 2212 3714 nescientes
2260 3657 2595 3726 Scripturas,
2669 3673 2842 3726 neque
2892 3659 3144 3713 virtutem
3207 3660 3299 3714 Dei
3338 3660 3405 3714 “.
3460 3679 3480 3713 ι

1910 3745 2231 3801 Inconcussa
2299 3755 2381 3800 est
2439 3747 2583 3800 enim
2642 3747 2731 3801 illa
2789 3746 2883 3803 Dei
2952 3746 3114 3803 Verbi
3174 3759 3385 3813 natura,
3431 3761 3485 3803 ct

1911 3836 2301 3891 vicissitudinis
2342 3838 2812 3892 obumbratiouem
2886 3840 2995 3909 pati
3049 3842 3226 3895 nescit
3274 3841 3358 3892 ’σε
3389 3844 3488 3897 sed

1915 3928 2069 3999 133
2120 3943 2239 3982 cum
2297 3927 2444 3981 carni
2498 3936 2553 3981 et
2600 3929 2846 3998 sanguini
2904 3931 3389 3997 communicasset,
3430 3942 3490 3987 et

1910 4019 2226 4075 eorumdem
2261 4018 2516 4073 similiter
2542 4033 2606 4074 ac
2638 4034 2736 4074 nos
2765 4021 3036 4090 particeps
3066 4030 3211 4077 esset
3236 4021 3482 4085 effectus.

1910 4118 1972 4164 ut
1999 4108 2259 4177 scriptum
2299 4119 2381 4163 est
2406 4109 2477 4173 ⁷⁸,
2502 4108 2718 4177 mansit
2753 4110 2917 4164 idem.
2967 4110 3119 4177 Quod
3160 4112 3209 4167 si
3256 4112 3485 4183 quisque

1912 4202 1966 4254 in
1996 4199 2168 4254 sacris
2213 4198 2434 4253 Litteris
2471 4199 2730 4254 educatus
2758 4200 2914 4256 nefas
2953 4210 3106 4271 putat
3140 4201 3222 4255 vel
3261 4205 3484 4260 auribus

1915 4298 2122 4345 tantum
2166 4290 2433 4358 accipere,
2485 4290 2535 4344 in
2578 4290 2667 4345 illo
2724 4291 3009 4362 Unigenito
3067 4293 3230 4346 ullam
3282 4293 3481 4349 factam

1913 4397 2036 4437 esse
2085 4384 2461 4447 mutationem,
2517 4398 2614 4437 cur
2668 4392 2774 4437 tam
2831 4395 3013 4455 turpes
3066 4388 3387 4451 sententias,
3430 4399 3485 4442 et

226 4470 359 4536 νοῦς
386 4471 704 4543 πεπρᾶχθαι
732 4447 829 4542 τὴν
848 4470 1076 4542 τροπὴν,
1106 4469 1247 4523 τίτὰ
1264 4469 1435 4533 οὓτως
1465 4469 1685 4540 αἰσχρὰ,
1719 4469 1809 4523 καὶ

1917 4473 2077 4528 unico
2115 4474 2182 4527 ab
2221 4474 2476 4528 omnibus
2530 4473 2790 4545 suffragio
2836 4475 3121 4530 damnatas
3162 4486 3209 4530 et
3263 4480 3486 4533 omnino

229 4565 333 4635 μιᾷ
356 4566 427 4635 τῇ
470 4563 617 4634 παρά
638 4563 852 4617 πάντων
895 4563 1060 4633 ψήφῳ
1096 4561 1538 4631 κατεγνωσμένα,
1560 4562 1652 4615 καὶ
1676 4561 1812 4615 ἀπό-

226 4653 411 4725 ὄλητα
443 4654 741 4720 παντελῶς,
769 4655 846 4718 ὡς
872 4654 1048 4726 ἀληθῆ
1088 4654 1184 4707 καὶ
1213 4654 1475 4725 εἰρημένα
1498 4654 1810 4724 δεχόμενος,

210 4745 405 4816 ,πειρᾷ
432 4744 740 4816 διατέμνειν
767 4746 857 4799 τὸν
881 4746 1199 4818 ἀμέριστον,
1234 4745 1325 4798 καὶ
1354 4744 1512 4799 τοῦτο
1552 4745 1692 4816 μετά
1715 4746 1813 4817 τὴν

226 4836 470 4902 ἓνωσιν;
502 4838 566 4891 Ei
590 4836 698 4907 γὰρ
720 4836 783 4907 δὴ
818 4836 959 4891 κατά
987 4837 1247 4906 ἀλήθειαν
1272 4836 1412 4890 ἕλοιο
1445 4836 1633 4906 μαθεῖν
1658 4836 1742 4899 τίς
1788 4837 1818 4889 ό

229 4927 389 4998 παρά
429 4927 525 4981 τοῦ
562 4928 819 4999 προδότου
869 4931 981 4992 τοῖς
1039 4910 1310 4992 Ἰουδαίοις
1367 4930 1815 5000 παραδιδόμενος,

227 5020 327 5070 καὶ
358 5017 467 5087 τὴν
507 5017 717 5088 σφαγὴν
751 5019 1067 5089 ὑπομείνας,
1108 5018 1320 5091 ἀκούσῃ
1366 5021 1585 5088 σαφῶς·
1635 5021 1692 5073 '0
1733 5014 1815 5082 εἷς

226 5109 329 5162 καὶ
363 5109 530 5180 μόνος
562 5107 815 5180 Χριστὸς,
849 5109 942 5162 καὶ
970 5108 1120 5171 Υἱὸς,
1155 5110 1251 5162 καὶ
1292 5109 1515 5180 Κύριος,
1546 5110 1815 5175 τουτέστι,

228 5200 455 5272 μορφὴν
480 5199 667 5253 δούλου
693 5198 873 5252 λαϐὼν
905 5201 932 5253 6
964 5200 1028 5252 ὲκ
1065 5198 1199 5252 Θεοῦ
1233 5200 1425 5269 Λόγος,
1462 5200 1815 5273 ὲνανθρωπή-

228 5309 332 5355 σας
366 5308 433 5344 τε
481 5292 576 5344 xal
617 5291 1059 5361 σεσαρκωμένος.
1102 5291 1356 5361 Πέπρατο
1392 5292 1489 5362 μὲν
1519 5292 1627 5362 γὰρ
1666 5291 1817 5362 παρὰ

224 5380 326 5434 τοῦ
376 5380 641 5453 προδότου
673 5382 785 5444 τοῖς
840 5381 1110 5435 Ἰουδαίων
1156 5380 1524 5452 καθηγηταῖς·
1557 5383 1651 5435 καὶ
1675 5399 1816 5451 ’κατ-

225 5470 418 5541 είχετο
456 5471 553 5541 μὲν
594 5470 968 5543 ἀνθρωπίνως,
1021 5473 1103 5525 ὅτι
1130 5474 1222 5525 καὶ
1259 5473 1545 5544 ἄνθρωπος
1576 5468 1642 5544 ἦν
1674 5472 1812 5543 μετά

225 5561 323 5615 τοῦ
355 5565 545 5634 μεῖναι
572 5563 700 5627 Θεός
720 5580 731 5591 ⁸
768 5563 967 5634 ἤλεγχε
994 5563 1049 5616 δὲ
1096 5563 1293 5630 θεῖκῶς
1321 5565 1430 5618 τῶν
1474 5565 1808 5635 κατεχόντων

304 5733 575 5794 “Matth.
617 5751 753 5803 xm,
783 5738 873 5810 ‘29,
950 5738 994 5770 ⁶⁹
1023 5736 1140 5793 Jac.
1176 5756 1214 5804 ι,
1248 5738 1332 5793 l7.
1411 5740 1455 5770 ⁷ο
1491 5739 1654 5797 llebr.
1685 5755 1747 5804 ιι,
1790 5738 1876 5793 Η.

1917 4563 2173 4632 reiectas,
2209 4574 2463 4634 tanquam
2509 4579 2665 4620 veras
2697 4581 2759 4620 ac
2807 4566 3043 4635 prolatas
3090 4569 3391 4637 accipiens,
3426 4572 3489 4623 il-

1917 4654 2029 4709 lum
2079 4655 2459 4724 impartibilem
2516 4656 2757 4712 dividere
2818 4659 2981 4711 etiam
3038 4668 3161 4727 post
3237 4659 3487 4714 unionem

1920 4745 2177 4800 conaris?
2223 4745 2353 4799 Nam
2397 4747 2442 4800 si
2491 4762 2619 4802 vere
2672 4748 2886 4803 discere
2936 4749 3121 4817 cupias
3155 4750 3405 4817 quisnam
3457 4766 3486 4802 a

1920 4835 2196 4905 proditore
2221 4835 2424 4892 Judacis
2474 4838 2704 4892 traditus
2748 4838 2930 4903 fuerit,
2977 4848 3033 4892 et
3077 4839 3277 4893 caedem
3323 4840 3489 4895 susti-

1921 4925 2124 4991 nuerit,
2155 4924 2304 4982 clare
2334 4927 2556 4982 audies:
2584 4926 2678 4981 llle
2703 4942 2842 4982 unus
2872 4939 2923 4981 et
2956 4927 3104 4981 solus
3137 4926 3408 4994 Christus,
3435 4941 3490 4984 et

1919 5014 2109 5080 Filius,
2141 5026 2195 5072 et
2228 5018 2507 5085 Dominus,
2546 5020 2649 5073 hoc
2685 5028 2806 5084 est,
2841 5018 2970 5072 illud
3013 5034 3079 5073 ex
3116 5019 3224 5074 Deo
3253 5019 3486 5076 Verbum

1918 5107 2062 5175 quod
2090 5108 2233 5161 servi
2264 5108 2489 5161 formam
2540 5109 2770 5177 accepit,
2807 5117 2863 5163 et
2895 5110 3053 5163 homo
3084 5111 3281 5165 factum
3327 5120 3410 5167 est
3436 5123 3491 5166 et

1924 5197 2283 5254 incarnatum.
2314 5198 2574 5254 Venditus
2600 5211 2682 5254 est
2726 5200 2869 5255 enim
2900 5215 2929 5254 a
2960 5202 3234 5271 proditore
3261 5204 3490 5258 ducibus

1898 5288 2224 5344 Iudaeorum
2256 5300 2310 5344 et
2336 5291 2569 5345 humana
2604 5290 2912 5346 conditione
2940 5293 3222 5347 tenebatur
3247 5294 3485 5364 quidem,

1922 5398 2044 5437 nam
2072 5391 2127 5437 et
2155 5382 2317 5436 homo
2351 5393 2466 5437 erat
2506 5382 2577 5437 ita
2611 5390 2671 5437 ut
2708 5384 2864 5438 simul
2897 5395 3140 5439 maneret
3175 5385 3316 5440 Deus
3347 5403 3362 5439 :
3391 5388 3488 5440 sed

1921 5482 2097 5527 tamen
2126 5487 2191 5527 ex
2241 5473 2420 5528 divina
2463 5473 2776 5529 conditione
2814 5478 3060 5543 coarguit
3099 5491 3286 5530 eorum
3332 5475 3486 5529 inhr-

1918 5563 2157 5620 mitatem
2190 5579 2220 5617 a
2270 5565 2465 5635 quibus
2518 5563 2819 5621 tenebatur.
2872 5566 3037 5635 quue
3084 5565 3237 5621 nobis
3276 5565 3484 5637 perspi—
