4088 6484
292 364 410 427 αδδ

1373 354 1740 431 mansos
1779 365 2183 427 messorum
2228 367 2355 421 LIB.
2396 367 2463 424 ν.

3450 372 3560 431 238

302 481 523 550 ἀπαθὴς
552 480 629 543 ὡς
673 470 823 545 Θεὸς,
855 479 991 551 πλὴν
1019 479 1118 532 οὐκ
1160 480 1263 546 ἔξω
1308 478 1400 532 τοῦ
1430 480 1729 556 πάσχοντος
1769 478 1870 531 σώ-

1985 479 2235 543 cleorsum
2270 478 2572 545 inculcatis,
2606 494 2711 533 non
2744 492 2862 535 esse
2894 494 2924 533 a
2946 494 3212 551 quoquam
3244 483 3555 547 dicendum.

303 588 495 641 ματος.
532 572 704 633 Αὐτὸς
730 571 786 623 δὲ
814 572 882 624 τά
908 570 1080 634 οὕτως
1107 569 1463 640 οἰκονομικῶς
1511 569 1874 640 πεπραγμένα

297 664 415 723 τοῖς
464 661 564 729 τῆς
616 661 846 724 ἀτοπίας
900 660 1239 730 ἐγκλήμασιν
1285 660 1466 723 ἐνιεὶς,
1520 659 1632 713 ἀνω
1674 676 1731 711 τε
1785 661 1878 712 καὶ

296 751 456 804 κάτω
492 749 691 817 λέγων,
730 750 803 821 μὴ
842 749 906 820 δὴ
936 750 1133 822 χρῆναι
1166 750 1300 819 πρός
1324 766 1469 813 τινος
1498 750 1596 819 τὴν
1625 748 1723 818 τῆς
1750 748 1879 801 Θεό-

297 856 464 911 τητος
495 838 656 907 φύσιν
692 840 980 910 ὑπομεῖναι
1009 840 1264 908 λέγεσθαι
1302 840 1401 910 τὴν
1446 840 1676 917 σφαγὴν,
1728 856 1883 913 περι-

298 932 518 1001 ίστησιν
568 931 797 993 ἀνοσίως
834 932 913 993 είς
960 931 1247 1001 ἄνθρωπον
1299 931 1482 996 ίδικῶς
1527 932 1621 983 τοῦ
1676 948 1875 1001 μυστη·

1987 569 2289 637 divinitatis
2342 576 2595 633 naturam
2641 584 2762 627 esse
2811 574 3012 639 eadem
3059 587 3393 642 perpessam,
3448 577 3557 647 vim

1980 659 2119 715 tanti
2168 658 2412 730 mysterii
2471 660 2527 727 in
2586 660 2861 725 hominem
2934 662 3167 721 seorsim.
3222 677 3287 719 ac
3340 668 3558 737 proprie

1981 765 2191 806 summa
2222 766 2344 807 cum
2379 751 2657 824 impietate
2700 752 2928 825 redigit,
2964 754 3248 825 ipsumque
3274 756 3408 817 dicit
3435 772 3557 815 esse

1973 841 2322 911 cruciﬁxum,
2354 852 2409 901 et
2429 842 2521 913 qui
2552 851 2787 899 mortem
2807 858 2904 913 pro
2934 845 3120 900 mundi
3173 845 3276 899 vita
3321 844 3557 914 pertule-

1984 931 2075 986 rit.
2103 933 2282 990 Audio
2312 948 2549 1005 namque
2582 934 2732 997 illum
2771 949 2959 1005 rursus
2989 935 3043 1005 in
3078 934 3186 1005 alia
3217 936 3555 1017 expositione

296 1020 421 1094 ρίου
453 1018 553 1089 τὴν
594 1020 858 1089 δὸναμινο
888 1021 985 1073 καὶ
1011 1021 1171 1073 αὐτὸν
1207 1015 1346 1073 εἷναί
1392 1036 1524 1091 φησι
1552 1020 1642 1072 τὸν
1686 1021 1882 1072 ὲσταυ-
1981 1022 2203 1079 dicere:

252 1140 257 1143 -
296 1114 568 1185 ρωμένον,
596 1115 689 1168 καὶ
720 1116 810 1168 τὸν
845 1115 986 1186 ὑπὲρ
1009 1116 1109 1185 τῆς
1151 1115 1243 1168 τοῦ
1274 1116 1481 1185 κόσμου
1518 1116 1664 1186 ζωῆς
1694 1114 1998 1169 ἀνατλάντα
2028 1115 2273 1174 θάνατον.
2321 1119 2530 1175 Ἀκούω
2564 1120 2672 1193 γὰρ
2708 1119 2981 1190 λέγοντος,
3014 1121 3073 1187 ἓν
3100 1120 3358 1192 ἐξηγήσει
3392 1119 3558 1183 πάλιν

294 1208 497 1261 ὁτέοαο

370 1226 389 1261 ε
482 1226 497 1240 .

370 1226 564 1376 [ἓῖτος
623 1305 652 1356 6
697 1305 787 1356 τὸν
836 1304 1125 1357 ἀκάνθινον
1170 1302 1526 1375 περιθέμενος
1574 1306 1873 1374 στέφανον-

289 1388 451 1459 uino;
477 1398 505 1447 6
531 1395 743 1467 λέγων’
788 1415 805 1444 ι
842 1394 944 1446 Θεέ
982 1413 1110 1463 μου,
1136 1394 1238 1448 Θεέ
1273 1413 1397 1465 μου,
1441 1396 1531 1449 ἵνα
1578 1396 1627 1449 τί
1674 1415 1739 1467 με
1785 1400 1878 1464 ἑγ-

290 1486 619 1552 κατέλιπεςς
679 1504 697 1537 ι
762 1480 916 1548 οὗτος
978 1488 1007 1538 6
1061 1488 1362 1558 τριήμερον
1435 1488 1691 1555 τελευτὴν
1747 1489 1879 1541 ὑπο-

290 1576 504 1648 μείνας.
514 1576 530 1649 ]

892 1712 1143 1779 ΚΕΦΑΛ-
1196 1712 1271 1767 Εό

2051 1299 2289 1360 Nssron.
2317 1302 2441 1377 [llic
2471 1304 2593 1370 ille,
2620 1303 2706 1361 cui
2734 1303 2921 1374 spinea
2946 1318 3148 1359 corona
3174 1301 3554 1373 circumposita

1980 1394 2103 1457 fuit,
2140 1395 2226 1449 hic
2257 1393 2345 1455 ille
2386 1396 2476 1463 qui
2523 1395 2698 1451 dixit:
2738 1413 2758 1448 ι
2807 1395 2947 1463 Deus
2983 1408 3179 1464 meus,
3204 1392 3348 1460 Deus
3380 1407 3553 1454 meus,

1981 1494 2043 1537 ut
2078 1485 2203 1552 quid
2233 1501 2318 1539 me
2346 1485 2819 1556 dereliquisti?":
2853 1486 2942 1539 hic
2971 1485 3175 1555 illequi
3205 1490 3437 1551 mortem
3462 1482 3558 1536 tri-

1982 1579 2221 1629 duanum
2247 1574 2548 1646 sustinuit.]

2637 1708 2791 1764 CAP.
2835 1709 2903 1766 ν.

375 1840 675 1911 Ἐπόμενος
733 1842 831 1914 μὲν
883 1837 979 1897 οὖν
1029 1844 1192 1907 αὐτὸς
1239 1844 1319 1915 τῷ
1373 1846 1488 1916 ἰδίῳ
1539 1850 1759 1920 σκοπῷ,
1807 1855 1870 1907 τὰ

2047 1834 2169 1910 ipse
2192 1842 2407 1912 quidem
2448 1858 2604 1898 suum
2642 1853 2859 1901 secutus
2889 1845 3222 1916 propositum
3250 1844 3373 1913 lich
3389 1844 3552 1911 dicit;

283 1930 468 1985 τοιάδε
527 1934 732 2002 φησίν
795 1936 958 2003 ἡμεῖς
1005 1934 1063 1987 δὲ
1115 1933 1265 2004 αὐτῷ
1312 1936 1619 2009 σοφώτερόν
1668 1959 1725 1994 τε
1786 1946 1877 1995 καὶ

284 2022 655 2093 ἀληθέστερον
725 2024 1066 2095 ἐπιδείξομεν
1135 2024 1233 2078 τὸν
1326 2028 1708 2101 Ἐμμανουήλ,
1786 2035 1877 2086 τὸν

285 2110 385 2164 τοῦ
434 2112 639 2182 κόσμου
685 2114 891 2177 παντὸς
939 2116 1160 2185 σωτῆρα
1200 2116 1292 2169 καὶ
1328 2117 1628 2189 λυτρωτὴν.
1676 2122 1874 2191 Γέγονε

284 2202 423 2273 γὰρ,
442 2204 519 2266 ὡς
540 2204 639 2273 ἥδη
667 2204 985 2267 πλειστάκις
1015 2208 1259 2276 είπομεν,
1284 2206 1419 2279 σὰρξ
1448 2211 1475 2261 6
1503 2211 1696 2279 Λόγος,
1717 2214 1876 2284 σῶμα

288 2289 422 2364 [τε]
451 2292 581 2345 [διον
644 2293 1049 2363 ποιησάμενος,
1097 2294 1159 2346 τὸ
1207 2295 1433 2365 πάσχειν
1488 2296 1649 2360 εἰδὸς,
1688 2300 1872 2364 αἰκίας

286 2398 351 2435 τε
377 2384 475 2447 καὶ
505 2383 757 2448 θάνατον,
789 2382 1019 2436 δέδωκεν
1050 2385 1188 2455 ὑπὲρ
1218 2386 1376 2455 ήμῶν
1397 2386 1551 2452 αὐτὸ,
1585 2390 1699 2453 καὶ,
1729 2389 1874 2443 καθά

288 2491 462 2545 φησιν
489 2475 522 2527 6
546 2474 833 2538 θεσπέσιος
856 2474 1090 2538 Παῦλος,
1124 2476 1389 2545 ὑπέμεινε
1418 2477 1652 2549 σταυρὸν
1684 2479 1874 2549 αἰσχύ-

288 2581 393 2635 νης
425 2566 873 2635 καταφρονήσας.
900 2566 971 2616 Ἢ
1001 2564 1111 2635 γὰρ
1145 2566 1244 2618 οὐκ
1282 2566 1537 2638 αἰσχύνη,
1569 2569 1665 2621 καὶ
1708 2571 1871 2623 οἱονεί

286 2672 376 2718 τις
405 2655 648 2726 ἐντροπὴ
679 2654 760 2724 τῷ
790 2654 1085 2711 πανσθενεῖ
1110 2658 1206 2710 καὶ
1238 2656 1488 2728 ζωοποιῷ
1508 2701 1522 2725 ,
1555 2660 1650 2712 καὶ
1683 2661 1872 2715 παθῶν

288 2746 553 2800 ἐπέκεινα
587 2746 806 2817 λαχόντι
827 2746 926 2816 τὴν
957 2748 1138 2816 φύσιν,
1162 2749 1224 2801 τὸ
1251 2749 1308 2815 ἐξ
1342 2750 1690 2823 ἀνθρωπίνης
1712 2754 1873 2807 ἀσθε-

286 2838 444 2902 νείας
474 2837 860 2909 σταυρωθῆναι
897 2839 1094 2903 δοκεῖν,
1130 2842 1225 2893 καὶ
1268 2842 1327 2892 ὲν
1366 2840 1584 2911 θανάτῳ
1615 2844 1870 2911 γενέσθαι

287 2929 439 2983 κατά
481 2928 578 2999 τὴν
613 2929 819 3000 σάρκα;
876 2930 988 2982 Καὶ
1038 2930 1167 2998 γοῦν
1208 2930 1239 2981 6
1270 2932 1434 2995 αὐτός
1467 2934 1569 2985 που
1605 2952 1740 3005 φησι
1781 2936 1870 2990 διὰ

284 3022 482 3091 φωνῆς
519 3021 775 3073 Ἡσαΐου·
814 3040 835 3071 ς
870 3019 972 3073 Τὸν
1002 3021 1171 3074 νῶτόν
1201 3038 1303 3090 μου
1332 3022 1543 3078 δέδωκα
1572 3026 1652 3089 είς
1675 3028 1870 3098 μάστι-

285 3123 435 3178 γας,
465 3108 564 3171 τὰς
609 3108 667 3161 δὲ
719 3108 978 3176 σιαγόνας
1028 3126 1129 3179 μου
1169 3113 1249 3169 είς
1305 3112 1655 3183 ῥαπίσματα·
1708 3115 1770 3167 τὸ
1820 3115 1871 3168 δὲ

1979 1940 2036 1984 at
2108 1948 2204 1987 nos
2265 1933 2339 1987 illi
2404 1934 2707 2003 sapientius
2766 1950 2832 2003 ac
2901 1936 3083 1991 verius
3146 1935 3553 1993 Emmanuelem

1978 2024 2345 2089 ostendemus,
2381 2026 2564 2078 mundi
2596 2025 2760 2080 totius
2787 2025 3111 2082 salvatorem
3149 2043 3214 2083 ac
3245 2028 3554 2098 redempto-

1980 2130 2114 2168 rem.
2146 2114 2383 2169 Verbum
2431 2114 2589 2191 135
2630 2117 2812 2180 enim,
2859 2126 2918 2171 ut
2956 2116 3069 2188 jam
3115 2133 3257 2188 saepe
3292 2119 3550 2187 diximus.

1977 2218 2105 2258 caro
2143 2202 2345 2258 factum
2376 2215 2480 2269 est,
2514 2220 2748 2275 cumque
2798 2221 2998 2281 corpus
3027 2210 3305 2281 proprium
3337 2209 3551 2275 effecis-

1976 2303 2059 2349 set
2089 2294 2231 2364 quod
2263 2306 2447 2363 posset
2476 2295 2704 2365 injurias
2738 2312 2802 2351 ac
2839 2306 3069 2352 mortem
3113 2301 3244 2368 pati,
3288 2299 3421 2355 illud
3452 2316 3552 2370 pro

1977 2383 2133 2438 nobis
2162 2385 2331 2451 dedit,
2360 2395 2437 2454 et,
2464 2395 2521 2440 ut
2547 2386 2623 2440 ait
2644 2386 2833 2441 beatus
2865 2385 3085 2454 Paulus,
3120 2404 3340 2459 crucem
3383 2394 3551 2451 susti-

1976 2471 2096 2527 nuit
2128 2473 2444 2530 confusione
2472 2483 2777 2546 contempta
2797 2476 2863 2541 ⁷⁸.
2891 2477 3029 2544 Quid
3053 2478 3196 2545 enim
3214 2479 3238 2533 ἲ
3259 2495 3368 2535 non
3389 2480 3551 2535 dede-

1975 2578 2071 2618 cus
2100 2573 2203 2629 est,
2237 2574 2295 2620 et
2322 2565 2567 2636 quaedam
2603 2581 2770 2637 prope
2801 2567 3050 2629 confusio
3081 2570 3159 2624 illi
3195 2571 3551 2643 omnipotenti

1974 2664 2029 2709 et
2056 2654 2371 2719 viviﬁcanli,
2407 2664 2464 2710 et
2500 2664 2749 2710 naturam
2796 2657 3017 2714 habenti
3053 2669 3313 2725 remotam
3356 2676 3383 2715 a
3426 2677 3552 2733 pas-

1975 2746 2239 2814 siouibus,
2280 2761 2345 2801 ex
2376 2746 2611 2801 humana
2647 2746 2963 2803 inﬁrmitate
2998 2751 3173 2819 putari
3208 2749 3547 2819 cruciﬁxum.

1974 2848 2029 2893 et
2076 2848 2305 2894 mortem
2346 2840 2643 2893 secundum
2691 2856 2906 2896 carnem
2965 2842 3320 2914 perpessum?
3364 2841 3550 2915 Itaque

1975 2929 2087 2996 ipse
2115 2928 2271 2998 plane
2298 2929 2426 2984 dicit
2455 2945 2549 2999 per
2593 2946 2775 2993 vocem
2810 2932 3005 2990 Isaiae:
3048 2951 3066 2983 ι
3102 2933 3326 2993 Dorsum
3366 2947 3546 2991 meum

1975 3018 2094 3072 dedi
2129 3018 2179 3071 in
2207 3016 2442 3087 ﬂagella,
2470 3026 2525 3072 et
2545 3018 2796 3075 maxillas
2830 3035 2980 3074 meas
3007 3018 3073 3074 ad
3100 3018 3279 3089 alapas
3307 3036 3321 3074 :
3352 3018 3546 3077 faciem

1975 3118 2152 3161 autem
2178 3123 2354 3161 meam
2384 3122 2488 3161 non
2519 3108 2691 3163 averti
2712 3124 2743 3164 a
2773 3107 3086 3175 confusione
3113 3118 3393 3180 sputorum
3418 3107 3488 3162 ".
3520 3125 3539 3160 ι

284 3198 585 3269 πρόσωπόν
621 3215 723 3269 μου
769 3200 869 3252 οὐκ
918 3200 1250 3270 ἀπέστρεψα
1295 3202 1403 3254 ἀπὸ
1451 3204 1716 3275 αἰσχύνης
1770 3207 1867 3275 ἐμ»

1976 3199 2040 3253 Et
2070 3198 2261 3254 iterum
2290 3214 2303 3248 :
2344 3216 2362 3248 ι
2402 3196 2527 3253 Ideo
2560 3215 2665 3254 non
2696 3216 2813 3255 sum
2844 3200 3134 3266 confusus,
3165 3201 3257 3261 sed
3284 3200 3434 3273 posui
3466 3201 3546 3254 fa-

284 3290 649 3359 πτυσμάτων.
678 3309 696 3341 ι
720 3290 826 3343 Καὶ
853 3290 1033 3344 πάλινσ
1066 3310 1083 3342 ι
1110 3292 1207 3344 Διὰ
1233 3291 1386 3345 τοῦτο
1413 3295 1513 3347 οὐκ
1541 3297 1867 3367 ἐνετράπην,

285 3376 407 3431 ἀλλ’
454 3376 627 3447 ἔθηκα
676 3379 737 3430 τὸ
780 3379 1074 3448 πρόσωπόν
1130 3396 1231 3448 μου
1264 3379 1342 3442 ὡς
1375 3383 1602 3451 στερεὰν
1635 3385 1867 3455 πέτραν,

286 3469 391 3521 καὶ
434 3468 606 3535 ἔγνων
648 3469 729 3522 ὅτι
771 3470 833 3522 οὐ
882 3470 957 3541 μὴ
1004 3471 1423 3539 καταισχυνθῶ,
1478 3475 1558 3527 ὅτι
1595 3476 1804 3543 ἐγγίζει
1841 3478 1869 3528 ὁ

286 3559 594 3624 δικαιώσας
648 3578 735 3630 με.
774 3579 794 3613 ι
831 3562 996 3614 Ὅσον
1044 3563 1144 3631 μὲν
1186 3563 1294 3634 γάρ
1342 3559 1480 3637 ἧκεν
1520 3567 1615 3628 ἐἷς
1663 3584 1726 3632 γε
1772 3567 1869 3629 τάς

301 3650 595 3723 Ἑλλήνων,
620 3653 711 3705 καὶ
733 3654 921 3722 μέντοι
958 3652 1049 3706 καὶ
1085 3653 1354 3706 Ἰουδαίων
1385 3656 1608 3719 ἀνοσίας
1645 3658 1868 3725 ἀγέλας,

293 3743 593 3805 σκάνδαλον
614 3762 672 3797 τε
693 3744 827 3814 ὁμοῦ
866 3746 957 3797 καὶ
992 3743 1173 3815 μωρία
1204 3746 1515 3815 νενόμισται
1544 3746 1606 3799 τὸ
1630 3749 1869 3818 Χριστοῦ

293 3835 601 3904 μυστήριον
620 3851 633 3864 ο
670 3835 1065 3905 καταμειδιῶσι
1088 3835 1198 3905 γάρ
1224 3836 1274 3887 ot
1300 3836 1530 3899 τάλανες
1556 3832 1653 3889 τοῦ
1685 3838 1868 3907 τιμίου

290 3927 567 4009 σταυροῦ·
614 3927 881 3997 ἐκϐέϐηκε
926 3928 983 3981 δὲ
1027 3927 1128 3996 τῆς
1171 3926 1437 3998 δοκούσης
1476 3929 1658 3992 αὐτοῖς
1707 3931 1868 3983 ἀσθε-

287 4019 440 4085 νείας
486 4019 552 4069 τὸ
586 4018 761 4091 πέρας
794 4020 874 4081 εἰς
918 4018 1169 4085 εὐκλείας
1220 4017 1451 4087 δύναμιν
1505 4020 1605 4090 τῆς
1653 4020 1869 4091 ἀληθῶς

286 4106 793 4179 θεοπρεπεστάτης.
825 4108 1265 4180 Μεμαρτύρηται
1302 4110 1411 4181 γὰρ
1447 4110 1537 4171 διὰ
1564 4112 1664 4181 τῆς
1690 4113 1752 4166 ἐκ
1780 4131 1868 4166 νε-

286 4205 441 4274 κρῶν
489 4204 840 4267 ἀναστάσεως
864 4244 880 4269 ,
913 4205 998 4256 ὅτι
1026 4221 1086 4271 τε
1125 4205 1211 4273 είη
1243 4205 1397 4268 Θεὸς,
1437 4208 1530 4258 καὶ
1559 4206 1692 4258 Θεοῦ
1726 4208 1868 4260 κατὰ

286 4294 553 4363 ἀλήθειαν
596 4295 759 4355 Υἱὸς,
810 4295 884 4358 ὡς
934 4295 1167 4361 θανάτου
1216 4296 1480 4365 κρείττων
1514 4298 1607 4349 καὶ
1639 4298 1864 4369 φθορᾶς,

285 4387 387 4438 καὶ
431 4384 570 4452 ὁμοῦ
601 4386 677 4455 τῷ
725 4386 1082 4456 Γεγεννηκότι
1112 4389 1501 4457 προσκυνεῖται
1544 4389 1694 4458 παρά
1731 4388 1868 4439 πάνυ

283 4495 418 4530 των.
453 4478 652 4537 Ἄκουε
702 4476 759 4531 δὲ
809 4477 1236 4545 διακεκραγότος
1266 4479 1399 4546 ἡμῖν
1448 4477 1582 4530 αὐτὸ
1613 4477 1677 4547 δὴ
1707 4476 1863 4530 τοῦτο

284 4575 623 4644 Γράμματος
648 4572 795 4643 ἱεροῦ
815 4590 830 4604 υ
874 4591 895 4626 ι
924 4572 1079 4627 Οὕτω
1109 4572 1257 4640 λέγει
1298 4570 1532 4644 Κύριος·
1570 4573 1863 4639 Ἀγιάσατε

282 4667 381 4717 τὸν
411 4663 737 4732 φαυλίζοντα
761 4665 860 4734 τὴν
884 4664 1064 4733 ψυχὴν
1096 4662 1283 4727 αὑτοῦ,
1320 4663 1410 4717 τὸν
1443 4662 1865 4733 βδελυσσόμενον

283 4756 400 4809 ὑπὸ
444 4756 555 4808 τῶν
602 4754 794 4819 ὲθνῶν,
846 4754 953 4807 τῶν
991 4752 1215 4819 δούλων,
1250 4753 1360 4806 τῶν
1404 4754 1677 4824 ἀρχόντων
1728 4755 1862 4825 (57).

283 4848 539 4910 Βασιλεῖς
564 4847 787 4916 δψονται
824 4846 1006 4909 αὐτὸν,
1043 4845 1137 4897 καὶ
1178 4846 1575 4915 ἀναστήσονται
1608 4846 1868 4916 ἄρχοντες

283 4942 389 4997 καὶ
431 4942 902 5011 προσκυνήσουσιν
944 4935 1114 5006 αὐτῷ.
1161 4955 1181 4987 ι
1241 4936 1586 5005 ὐμολογεῖτε
1612 4978 1625 5001 ,
1677 4938 1864 5007 φησὶν,

283 5033 447 5100 ἅγιον
487 5027 626 5087 εἶναι
654 5030 798 5083 κατὰ
834 5029 996 5098 φύσιν
1022 5027 1099 5090 ὡς
1137 5027 1302 5079 Θεόν·
1343 5026 1434 5081 τὸν
1467 5028 1566 5097 τὴν
1604 5027 1736 5081 ἰδίαν
1762 5028 1864 5096 ψυ-

282 5125 396 5195 χὴν
427 5121 840 5191 ὲκφαυλίζοντα,
888 5121 1156 5185 τουτέστι,
1207 5120 1299 5172 τὸν
1332 5120 1428 5188 τῆς
1459 5119 1655 5174 ἑαυτοῦ
1694 5138 1865 5173 κατα-

284 5217 637 5285 φρονήσαντα
684 5213 884 5283 ψυχῆς.
931 5210 1156 5265 Τέθεικε
1199 5212 1309 5282 γὰρ
1349 5211 1518 5281 αὐτὴν
1565 5213 1705 5282 ὑπὲρ
1751 5213 1861 5266 τῶν

373 5370 423 5401 ’⁸
453 5370 643 5426 Matth.
671 5385 840 5434 xxvu,
870 5368 960 5423 i6.
1037 5369 1083 5397 "
1125 5365 1289 5423 Hebr.
1323 5383 1421 5431 xu,
1454 5367 1507 5419 Ξ.
1586 5370 1629 5401 ⁷⁷
1657 5367 1760 5422 Isa.
1790 5384 1864 5433 LI,
1897 5368 1949 5422 6.
2028 5368 2074 5399 "
2106 5368 2236 5423 ibid.
2272 5368 2378 5422 7.8.

1974 3291 2111 3344 ciem
2142 3306 2315 3344 meam
2349 3300 2407 3343 ut
2437 3292 2624 3344 duram
2669 3300 2899 3361 petram,
2924 3303 2979 3348 et
3007 3293 3229 3362 cognovi
3259 3293 3402 3363 quod
3436 3305 3545 3347 non

1973 3385 2294 3451 confundar,
2350 3384 2475 3454 quia
2520 3399 2686 3454 prope
2737 3395 2821 3439 est
2862 3386 2953 3456 qui
2991 3384 3249 3454 justiiicat
3298 3386 3465 3442 me".
3518 3405 3538 3439 ι

1973 3477 2105 3531 Nam
2130 3478 2272 3545 quod
2308 3477 2503 3531 attinet
2533 3474 2609 3529 atl'
2635 3478 2912 3546 gentilium
2948 3487 3109 3547 atque
3139 3479 3299 3534 etiam
3332 3477 3544 3534 Judaeu-

1976 3585 2091 3623 rum
2145 3568 2363 3638 impiam
2408 3570 2642 3633 turbam,
2678 3569 2990 3624 scandalum
3029 3570 3188 3625 simul
3231 3579 3285 3627 et
3316 3572 3543 3627 stultitia

1972 3658 2340 3712 existimatum
2374 3668 2458 3714 est
2485 3658 2690 3713 Christi
2724 3661 3063 3729 mysterium.
3107 3660 3362 3716 Derident
3387 3677 3542 3716 nam-

1972 3762 2079 3816 que
2112 3746 2293 3801 miseri
2322 3746 2685 3800 venerandam
2721 3761 2978 3814 crucem;
3018 3749 3111 3802 sed
3149 3748 3264 3817 ejus
3307 3747 3540 3803 inﬁrmi-

1973 3839 2128 3905 tatis,
2165 3850 2222 3891 ut
2255 3838 2356 3906 ipsi
2393 3838 2705 3905 opinantur,
2742 3836 2864 3891 finis
2901 3839 3075 3893 evasit
3117 3840 3183 3892 ad
3218 3840 3542 3911 magnitudi-

1972 3946 2094 3987 nem
2121 3931 2305 4001 gloriae
2333 3944 2519 3985 revera
2571 3928 2785 3984 divinae.
2837 3928 2970 3983 Nam
3008 3931 3413 3999 comprobatum
3456 3939 3543 3986 est

1972 4040 2068 4094 per
2097 4023 2559 4079 resurrectionem
2581 4036 2647 4076 ex
2678 4020 2906 4078 mortuis
2932 4030 2985 4076 et
3020 4021 3169 4076 illum
3202 4037 3319 4077 esse
3349 4020 3538 4089 Deum,

1970 4125 2024 4170 et
2051 4115 2141 4170 Dei
2171 4128 2357 4169 revera
2384 4112 2608 4180 Filium,
2639 4122 2697 4168 ut
2726 4113 2819 4183 qui
2858 4114 3045 4168 mortis
3074 4113 3543 4183 corruptionisquo

1969 4205 2142 4259 victor
2177 4204 2357 4268 fuerit,
2387 4214 2443 4259 et
2484 4203 2641 4257 simul
2682 4218 2804 4257 cum
2843 4201 3002 4257 Patre
3042 4203 3110 4256 ah
3139 4202 3387 4258 omnibus
3446 4204 3565 4281 ιιι-λ

1969 4306 2175 4351 oretur.
2216 4296 2356 4350 Audi
2382 4305 2559 4349 autem
2579 4309 2763 4349 sacras
2794 4292 3028 4349 Litteras
3054 4293 3157 4348 hoc
3180 4295 3352 4362 ipsum
3388 4296 3544 4352 nobis
3595 4324 3601 4330 -

1969 4388 2364 4458 proclamantes
2400 4403 2413 4439 :
2454 4404 2473 4436 ι
2501 4385 2591 4440 Sic
2632 4385 2764 4441 dicit
2824 4385 3082 4439 Dominus
3128 4403 3143 4439 :
3196 4378 3577 4464 Sanctiﬁcate.

1971 4480 2353 4551 despicientem
2390 4478 2625 4531 animam
2680 4492 2853 4540 suam,
2906 4485 3245 4545 exsecratum
3296 4491 3327 4529 a
3369 4476 3576 4559 genti-y

1974 4574 2091 4639 bus,
2152 4573 2345 4637 servis,
2401 4569 2757 4641 principibus.
2803 4567 2978 4643 Reges
3005 4567 3262 4622 videbunt
3308 4582 3455 4633 eum,
3489 4578 3572 4649 et.

1974 4669 2307 4732 consurgent
2330 4661 2623 4730 principes,
2649 4672 2704 4714 et
2729 4659 3025 4713 adorabunt
3050 4674 3172 4713 eum
3196 4657 3261 4712 τ’.
3306 4676 3324 4710 ι
3362 4656 3543 4713 Conti-

1976 4753 2184 4818 temini,
2228 4753 2424 4820 inquit,
2475 4760 2722 4805 sanctum
2763 4765 2883 4806 esse
2923 4749 3069 4805 illum
3113 4757 3301 4819 utpote
3331 4747 3540 4803 Deum:

1975 4844 2126 4898 illum
2161 4843 2250 4913 qui
2283 4858 2436 4898 suam
2472 4842 2706 4896 animam
2733 4842 2980 4907 despicit,
3017 4842 3116 4894 hoc
3142 4851 3247 4905 est,
3271 4840 3361 4910 qui
3389 4854 3541 4896 suam
3574 4830 3575 4833 “

1973 4936 2204 4990 animam
2233 4935 2550 4990 contemnit.
2590 4934 2723 4988 Nam
2775 4932 2919 4986 illam
2970 4946 3067 5001 pro
3105 4931 3298 4986 ovibus
3336 4924 3541 5002 posuit,
3578 4920 3587 5007 ξ

1972 5039 2028 5084 ut
2060 5037 2249 5099 pastor
2286 5027 2462 5082 bonus
2488 5027 2533 5059 ⁸ο
2564 5046 2576 5081 :
2617 5041 2774 5095 quem
2827 5033 3121 5080 exsecrata:
3157 5025 3378 5095 quidem
3419 5034 3544 5079 sunt
3577 5070 3587 5097 τ

1971 5129 2179 5188 gentes,
2227 5127 2282 5171 et
2325 5118 2466 5172 servi
2500 5127 2555 5171 et
2605 5116 2837 5170 ministri
2876 5114 3046 5185 alapis
3092 5114 3538 5177 delionestarunt,

1971 5227 2093 5266 cum
2124 5210 2523 5265 Pharisaeorum
2563 5209 2714 5263 turba
2744 5208 2818 5262 illi
2854 5208 3016 5280 impie
3054 5207 3359 5263 iusultaret.
3389 5202 3541 5261 Hunc
3576 5276 3585 5303 ρ

2471 5369 2515 5399 "
2546 5368 2648 5422 lsa.
2683 5382 2829 5433 nix,
2862 5366 2914 5422 7.
3000 5367 3047 5401 '°
3076 5366 3307 5433 Joan.x,
3340 5366 3429 5422 ll.

1545 5522 1705 5579 ANT.
1747 5520 2018 5577 AGELLH
2060 5520 2292 5575 NOTIE.

354 5688 471 5757 (‘57)
507 5687 800 5744 Peculiaris
837 5696 917 5741 est
950 5687 1065 5739 haec
1110 5686 1270 5757 lectio
1298 5684 1522 5757 Cyrillo,
1554 5696 1675 5757 cum
1719 5677 1856 5757 ῳῳ(

272 5748 546 5821 lubeant.
588 5770 644 5812 ut
672 5758 782 5811 fere
813 5758 862 5812 iu
914 5769 1100 5810 eorum
1133 5756 1291 5809 codd.
1337 5748 1551 5824 legitur,
1606 5751 1695 5803 τὸν
1733 5748 1856 5800 δοῦ-

606 5851 877 5910 Pauor.
917 5850 1034 5909 Gu.
1082 5849 1350 5910 LXXVI.

1974 5677 2064 5748 λον
2097 5677 2203 5730 τῶν
2236 5677 2531 5748 ἀρχόντων,
2577 5696 2776 5735 servum
2819 5681 3168 5745 dominorum,
3200 5686 3262 5735 ut
3297 5675 3458 5733 etiam
3479 5669 3549 5747 lu

1977 5746 2215 5802 llebra’is
2245 5746 2459 5816 legitur.

3157 5840 3191 5897 8
