4088 6522
562 446 666 502 ὶῗιδ

1593 432 1649 487 s.
1690 430 1967 487 LiltlLLl
2007 420 2477 485 ALEXANDRINI
2514 416 2834 507 AucHtEP.

562 557 821 613 videbunt
855 566 1033 625 "reges
1078 563 1173 606 'et'
1204 556 1531 618 consurgent
1568 567 1579 602 :
1630 550 1777 605 hunc
1842 549 2145 604 adorabunt

2258 522 2561 621 πρόόάτων,
2589 548 2664 612 ὡς
2710 534 2915 617 ποιμὴν
2950 536 3180 612 ἁγαθός·
3229 542 3288 595 ὃν
3340 540 3696 605 ἐϐδελύξαντο
3748 538 3860 605 μὲν
3910 574 3917 585 ,

562 648 840 719 principes
891 656 1144 716 tanquam
1195 644 1391 709 Deum,
1426 639 1633 698 scilicet
1659 639 1750 710 qui
1794 641 1860 694 ad
1894 639 2143 695 exinanio

566 741 769 798 tionem
804 754 866 795 se
902 737 1189 807 deiecerit,
1223 742 1280 789 ut
1323 746 1515 805 passus
1562 746 1725 787 carne
1759 737 2001 787 servaret
2051 746 2145 787 or—

566 833 689 888 bem
716 841 1007 886 terrarum.
1043 826 1155 882 llic-
1176 825 1266 881 ille
1298 833 1381 879 est
1416 822 1503 879 cui
1537 837 1636 892 pro
1661 822 1816 878 nobis
1838 823 2025 893 spinea
2053 836 2146 877 co—

566 938 702 979 rona
733 921 833 976 fuit
868 918 1297 988 circumposita:
1326 915 1416 970 hic
1444 929 1549 970 non
1578 914 1716 969 alius
1738 914 1828 983 qui
1862 930 1928 968 ex
1962 914 2148 968 huma-

568 1016 742 1072 nitate
769 1013 988 1083 quidem
1019 1009 1312 1065 crucilixus
1340 1016 1443 1071 est,
1470 1014 1524 1062 et
1545 1007 1679 1061 dixit
1705 1023 1718 1058 :
1751 1026 1769 1058 ‹
1809 1006 2144 1071 Βειιειιιευε,

568 1106 711 1164 Deus
755 1119 928 1168 meus,
961 1101 1149 1171 utquid
1195 1115 1280 1155 me
1318 1099 1652 1170 dereliquisti
1676 1098 1761 1152 “?
1794 1117 1811 1150 ι
1844 1098 1940 1152 sed
1971 1113 2037 1151 ex
2064 1097 2149 1151 di-

566 1200 791 1254 vinitate
817 1194 1061 1251 cohibuit
1097 1191 1473 1256 solis'lumen,
1508 1201 1564 1247 et
1614 1191 1668 1244 in
1708 1191 1795 1245 die
1838 1188 2015 1244 media
2053 1203 2149 1243 no-

568 1299 706 1344 ctem
734 1286 934 1357 posuit,
958 1300 1028 1340 ne
1066 1284 1216 1338 illum
1241 1282 1546 1351 simplicem
1585 1282 1883 1347 hominem,
1905 1282 2068 1348 nuda,
2090 1289 2149 1335 ut

568 1392 623 1437 tu
646 1376 1253 1447 asseris,c0njunctione
1275 1373 1434 1444 136
1451 1372 1811 1438 nobilitatum,
1833 1386 1936 1441 qua
1960 1384 2150 1440 nempe

485 1513 503 1561 ἓ
566 1490 690 1531 cum
736 1472 827 1527 illo
856 1486 923 1527 ex
951 1470 1062 1525 Deo
1081 1468 1277 1538 ,Verbo
1305 1469 1375 1521 sit
1405 1465 1686 1535 copulatus
1707 1504 1723 1530 ,
1768 1465 2146 1527 confiteamur,

491 1547 503 1589 Γ
568 1565 665 1620 sed
701 1563 868 1617 Deum
913 1572 1034 1617 esse
1081 1558 1389 1620 credamus,
1434 1553 1488 1606 in
1520 1560 1703 1607 nostra
1741 1552 1953 1620 specie,
1998 1558 2052 1603 et
2094 1547 2148 1601 in

568 1652 746 1708 forma
773 1649 935 1717 servi,
961 1660 1231 1703 memores
1257 1644 1404 1699 illum
1428 1658 1526 1714 per
1547 1656 1747 1697 'vocem
1772 1641 2047 1712 prophetae
2071 1638 2151 1693 di-

569 1746 762 1800 xisse:
803 1759 822 1793 ι
862 1741 928 1795 Ει
961 1739 1182 1794 induam
1228 1736 1428 1791 ctelum
1474 1734 1744 1799 tenebris,
1784 1741 1838 1787 et
1868 1746 2062 1801 ponam
2094 1738 2152 1783 ut

570 1848 789 1892 saccum
820 1831 1201 1887 vestimentum
1232 1827 1349 1896 ejus
1371 1827 1437 1880 ⁶².
1472 1846 1491 1879 ι
1526 1827 1645 1895 Ipse
1678 1825 1821 1880 enim
1850 1825 1941 1892 qui
1974 1822 2152 1892 loque-

2247 643 2315 694 τά
2359 640 2509 711 ἔθνη,
2542 638 2719 693 δοῦλοι
2750 638 2808 692 δὲ
2852 636 2946 690 καὶ
2977 635 3250 706 ὑπηρέται
3283 633 3626 703 ῥαπίσμασιν
3672 626 3857 697 66p;-

2250 748 2348 785 σαν
2375 770 2391 797 ,
2424 732 2524 803 τῆς
2560 730 2670 785 τῶν
2711 728 3019 799 Φαρισαίων
3059 725 3299 796 πληθύος
3352 723 3581 785 ἀνοσίως
3612 721 3857 791 ἐμπαρ-

2247 823 2501 895 οινούσης
2526 822 2696 894 αὐτῷ.
2726 812 2925 875 Τοῦτον
2949 819 3171 888 ὄψονται
3198 815 3440 909 pactast;
3468 815 3565 868 καὶ
3596 811 3858 879 ἀναστή-

2250 933 2464 972 σονται*
2518 922 2695 987 τούτῳ
2741 916 3216 987 προσκυνήσουσιν
3262 905 3553 983 ἄρξοντες,
3602 910 3682 971 ὡς
3722 905 3859 975 Θεῷ

2229 1010 2492 1081 ’δηλονότι
2524 1007 2841 1078 καθιγμένῳ
2862 1006 2999 1075 πρὸς
3016 1005 3395 1070 νκένωσιν,νὶ’να
3424 1000 3614 1056 παθὼν
3642 999 3853 1069 σαρκὶ,

2247 1101 2487 1174 διασώσῃ
2530 1102 2628 1171 τὴν
2670 1102 2763 1153 ὑπ’
2797 1099 3047 1170 οὐρανόν.
3084 1090 3255 1160 Οὗτος
3296 1098 3325 1150 6
3369 1096 3511 1164 ὑπὲρ
3542 1094 3713 1165 ἡμῶν
3756 1091 3856 1144 τὸν

2248 1195 2540 1249 ἀκάνθινον
2573 1193 2955 1265 περικείμενος
2991 1190 3254 1259 στέφανον
3274 1206 3288 1219 ·
3315 1180 3492 1253 οὗτος,
3522 1187 3625 1240 οὐκ
3652 1185 3853 1247 ἄλλος,

2249 1290 2277 1341 6
2328 1286 2730 1357 σταυρούμενος
2766 1285 2866 1355 μὲν
2897 1282 3258 1353 ἀνθρωπίνως
3304 1282 3399 1336 καὶ
3428 1280 3603 1348 λέγων
3625 1295 3639 1309 ·
3682 1272 3855 1330 (Θεὲ

2255 1395 2379 1448 μου,
2414 1376 2514 1430 Θεέ
2553 1393 2678 1446 μου,
2708 1375 2815 1427 ’ἵνα
2846 1374 2997 1443 τίρμε
3028 1372 3425 1439 ἐγκατέλιπες;
3466 1390 3484 1421 ι
3528 1368 3857 1422 συστέλλων

2250 1469 2306 1521 δὲ
2357 1467 2557 1530 θεῖκῶς
2604 1466 2695 1519 τοῦ
2744 1466 2898 1536 ἡλίου
2949 1463 3008 1516 τὸ
3057 1463 3193 1532 φῶς,
3224 1467 3319 1517 καὶ
3351 1466 3409 1516 ἐν
3456 1463 3643 1534 ἡμέρᾳ

2250 1560 2422 1615 νύκτα
2468 1560 2639 1623 τιθεὶς
2663 1599 2677 1625 ,
2712 1559 2803 1611 ἵνα
2836 1556 2911 1628 μὴ
2938 1557 3223 1627 ἄνθρωπον
3254 1555 3443 1618 άπλῶς
3485 1555 3619 1626 ψιλῇ
3646 1596 3661 1621 ,
3698 1553 3853 1606 κατὰ

2254 1655 2335 1719 σὲ,
2367 1654 2630 1724 συναφείᾳ
2657 1650 3044 1721 τετιμημένον,
3066 1652 3132 1720 τῇ
3166 1648 3303 1719 πρός
3341 1664 3434 1715 γε,
3462 1648 3627 1716 φημὶ,
3649 1647 3752 1701 τὸν
3785 1648 3852 1699 ἐκ

2252 1746 2386 1799 Θεοῦ
2408 1746 2599 1814 Λόγον,
2631 1740 2985 1814 ὁμολογῶμεν
3016 1732 3180 1794 αὐτόν
3197 1758 3209 1771 ·
3225 1740 3357 1793 Θεὸν
3378 1739 3436 1792 δὲ
3459 1739 3664 1810 μᾶλλον
3696 1734 3850 1791 εἶναι

2255 1837 2659 1906 πιστεύσωμεν,
2686 1837 2750 1890 ἐν
2778 1834 2908 1886 είδει
2941 1833 3019 1903 τῷ
3052 1834 3173 1886 καθ’
3208 1834 3381 1903 ἡμᾶς,
3418 1833 3515 1886 καὶ
3542 1834 3602 1885 ἐν
3630 1834 3701 1902 τῇ
3749 1832 3847 1883 τοῦ

569 1930 734 1984 batur
763 1924 937 1992 adest,
961 1930 1016 1978 et
1041 1922 1181 1991 quod
1204 1921 1332 1975 olim
1357 1929 1416 1973 ut
1440 1918 1577 1974 Deus
1604 1916 1719 1971 fore
1745 1912 2148 1985 praenuntiavit,

2258 1928 2440 1982 δούλου
2494 1929 2702 1997 μορφῇ,
2750 1924 3093 1995 μεμνημένοι
3120 1924 3210 1977 διὰ
3243 1924 3428 1993 φωνῆς
3453 1922 3616 1990 ἁγίου
3648 1920 3850 1987 λέγον-

570 2034 673 2075 suo
698 2027 941 2087 tempore
969 2012 1231 2083 implevit,
1271 2008 1563 2065 erucifixus
1586 2008 1917 2062 humanitus.
1938 2004 2148 2059 Caelum

570 2122 807 2179 namque
864 2104 1253 2177 propemodum
1319 2100 1556 2156 tenebris
1620 2111 1870 2166 tanquam
1940 2093 2150 2163 lugubri

569 2210 721 2258 veste
764 2214 825 2255 se
856 2198 1029 2253 induit
1057 2213 1073 2261 ;
1103 2195 1182 2250 sol
1216 2194 1405 2258 etiam,
1436 2207 1559 2260 cum
1613 2191 1889 2244 radiorum
1930 2201 2149 2243 suorum

573 2292 836 2362 fulgorem
869 2302 976 2344 non
1015 2287 1157 2341 ultra
1191 2285 1258 2340 iis
1292 2286 1465 2349 daret,
1506 2282 1596 2352 qui
1633 2281 1890 2335 adversus
1936 2279 2153 2332 univer-

571 2399 757 2439 sorum
786 2380 1071 2437 Dominum
1102 2392 1163 2431 ac
1193 2376 1357 2430 Deum
1397 2372 1706 2443 petulanter
1734 2370 1995 2426 insultare
2032 2369 2151 2423 ausi

573 2474 808 2536 fuerant,
844 2468 1097 2525 tenebras
1146 2467 1329 2519 animo
1374 2464 1587 2517 illorum
1644 2476 1709 2516 ac
1762 2461 1929 2515 menti
1976 2458 2153 2514 oliua-

574 2564 783 2620 dendas
808 2559 1210 2632 praenuntiavit.
1246 2556 1434 2611 Psallit
1462 2556 1607 2609 enim
1639 2556 1705 2609 de
1735 2554 1867 2623 ipsis
1897 2552 2153 2606 nimirum

575 2657 738 2712 etiam
763 2655 953 2711 beatus
984 2650 1191 2707 David:
1231 2667 1249 2700 ι
1297 2646 1669 2704 Obscurentur
1696 2646 1841 2701 oculi
1866 2659 2051 2701 eorum
2089 2659 2155 2700 ne

572 2749 811 2812 videant,
841 2753 894 2802 et
916 2746 1133 2800 dorsum
1165 2755 1352 2797 eorum
1389 2754 1605 2807 semper
1649 2739 1872 2793 incurva
1896 2738 1961 2791 ⁸³.
1994 2756 2013 2788 ι
2060 2736 2152 2790 Di-

576 2848 791 2911 ruptum
826 2847 910 2893 est
932 2837 1095 2892 etiam
1124 2833 1302 2889 velum
1352 2831 1561 2901 templi,
1603 2839 1661 2884 ut
1692 2829 1745 2884 in
1777 2844 1900 2886 eum
1932 2828 2155 2884 creden-

574 2934 721 2989 tibus
747 2932 1021 3001 detegeret
1060 2928 1173 2997 jam
1222 2924 1421 2980 Sancta
1454 2934 1803 2990 sanctorum,
1858 2931 1912 2977 et
1964 2921 2155 2976 intima

576 3027 666 3084 illa
694 3023 992 3097 penetralia
1026 3021 1426 3076 demonstraret
1462 3032 1474 3068 :
1524 3024 1781 3083 tanquam
1818 3027 1925 3067 non
1980 3013 2157 3068 adhuc

575 3118 813 3174 habente
844 3121 1043 3169 statum
1076 3110 1258 3180 priore
1284 3108 1375 3163 illo
1406 3106 1777 3170 tabernaculo,
1803 3104 1898 3160 sed
1926 3102 2039 3172 jam
2071 3118 2155 3159 re-

574 3211 751 3266 velata
780 3215 1089 3263 sanctorum
1124 3203 1209 3257 via
1233 3202 1298 3268 ⁸⁵,
1341 3201 1598 3256 nimirum
1633 3199 1723 3254 illa
1766 3213 1886 3269 qua:
1917 3198 2065 3253 ducit
2101 3198 2154 3253 in

580 3302 779 3356 Sancta
816 3305 1146 3354 sanctorum.
1200 3292 1397 3348 Sancta
1437 3291 1580 3346 enim
1613 3298 1731 3345 erat
1761 3288 1949 3360 procul
1993 3288 2157 3343 dubio

579 3395 697 3463 ipsa
728 3391 809 3445 lex
837 3401 1074 3460 quoque,
1116 3384 1313 3456 quippe
1347 3397 1466 3454 quae
1486 3381 1712 3451 justitiae
1762 3390 1879 3437 erat
1929 3380 2155 3445 arbitra,

579 3494 636 3539 et
670 3483 987 3553 paedagogus
1028 3478 1093 3532 ad
1146 3477 1418 3533 Christum
1445 3473 1534 3528 8':
1582 3474 1676 3529 sed
1722 3472 1876 3543 longe
1919 3472 2160 3527 sanctior

581 3574 903 3644 intelligitur
938 3570 1024 3625 illa
1059 3571 1109 3624 in
1155 3569 1371 3624 Christo
1401 3568 1532 3631 vita,
1564 3575 1619 3621 et
1651 3566 1742 3621 illo
1768 3567 1836 3636 ,ιιι
1869 3564 2075 3619 umbris
2106 3573 2159 3619 et

581 3664 768 3735 ﬁguris
794 3664 934 3718 cultu
960 3660 1298 3731 praestantior
1328 3673 1393 3713 ac
1422 3658 1613 3713 melior
1640 3658 1685 3713 is
1719 3656 1811 3727 qui
1851 3656 1905 3711 in
1961 3656 2156 3726 spiritu

580 3768 636 3812 et
668 3756 895 3809 veritate
923 3752 1227 3807 exhibetur.
1262 3751 1345 3804 An
1383 3763 1513 3805 vero
1543 3763 1652 3803 non
1690 3748 1871 3802 divina
1906 3757 1962 3802 et
1994 3763 2158 3817 supra

580 3847 816 3904 hominis
874 3855 1117 3899 naturam
1148 3840 1413 3914 ejusmodi
1450 3848 1577 3896 sunt
1609 3839 1817 3909 opera?
1846 3855 2026 3895 nonne
2067 3855 2159 3894 sa-

580 3940 776 3996 lutaris
814 3937 902 3993 illa
946 3935 1128 4006 passio
1170 3933 1480 3990 versatilem
1532 3932 1681 3987 illum
1718 3932 1954 4002 gladium
2003 3932 2160 3986 cohi-

578 4026 718 4106 buit,
766 4043 819 4088 et
875 4031 1146 4087 hominem
1199 4043 1389 4083 rursus
1436 4028 1488 4081 in
1541 4026 1852 4096 paradisum
1904 4025 2159 4080 induxit?

581 4125 726 4181 Dixit
757 4124 899 4179 enim
953 4121 1203 4178 Christus
1232 4119 1390 4176 simul
1421 4132 1683 4188 suspenso
1728 4117 1920 4171 latroni
1958 4135 1972 4169 :
2004 4134 2022 4168 ι
2053 4114 2161 4169 llo-

582 4219 669 4272 die
702 4229 912 4270 mecum
946 4214 1054 4267 eris
1086 4212 1142 4266 in
1180 4210 1431 4281 paradiso
1456 4208 1521 4263 ⁸⁸.
1562 4227 1582 4261 ι
1622 4206 1812 4263 Nonne
1841 4206 2043 4262 affulsit
2077 4207 2161 4262 his

580 4306 673 4375 qui
696 4306 754 4359 in
784 4304 1024 4359 tenebris
1049 4310 1227 4364 erant,
1258 4316 1378 4356 cum
1402 4308 1674 4372 potestate
1705 4298 2025 4365 inclamans,
2055 4297 2161 4353 lic-

580 4394 948 4453 velamini"?
991 4393 1283 4449 Evacuavit
1336 4392 1482 4448 enim
1533 4390 1741 4447 inferos
1793 4400 1851 4445 ut
1907 4389 2066 4456 Deus,
2109 4398 2162 4445 et

581 4503 701 4556 eos,
745 4488 834 4559 qui
863 4487 934 4542 ibi
966 4495 1143 4551 erant,
1192 4500 1221 4540 a
1274 4482 1507 4539 vinculis
1549 4483 1808 4538 relaxavit
1836 4482 1903 4537 ⁸⁸.
1938 4483 2004 4538 Ει
2047 4483 2164 4553 ipse

2252 2039 2344 2085 τος
2366 2038 2379 2051 ο
2421 2040 2438 2072 ι
2476 2019 2588 2073 Καὶ
2617 2017 2822 2071 ἐνδύσω
2850 2016 2941 2070 τὸν
2970 2016 3199 2087 οὐρανὸν
3222 2015 3435 2079 σκότος,
3460 2015 3555 2067 καὶ
3584 2013 3746 2085 θήσω
3771 2013 3847 2076 ὡς

2256 2115 2460 2167 σάκκον
2485 2112 2548 2164 τὸ
2579 2108 2929 2181 περιϐόλαιον
2976 2106 3163 2161 αὑτοῦ.
3203 2126 3221 2157 ›
3260 2106 3435 2168 Αὐτὸς
3467 2108 3576 2175 γάρ
3608 2106 3637 2157 6
3663 2103 3850 2157 λάλῶν

2254 2204 2509 2274 πάρεστι,
2560 2201 2655 2254 καὶ
2701 2200 2729 2252 ὃ
2771 2199 2941 2252 πάλαι
2993 2198 3421 2267 προμεμήνυκεν
3461 2197 3731 2264 ἐσόμενον
3771 2195 3847 2257 ὠς

2254 2294 2408 2357 Θεὸς,
2442 2293 2729 2362 ἐπλήρωσε
2756 2288 2900 2343 κατὰ
2928 2289 3156 2358 καιροὺς
3184 2286 3544 2357 ἀνθρωπίνως
3572 2286 3848 2356 σταυροῦ-

2258 2402 2437 2456 μενος.
2482 2383 2786 2452 Μονονουχὶ
2829 2380 2937 2450 γὰρ
2989 2378 3247 2432 πενθικὸν
3296 2378 3512 2447 ἱμάτιον
3545 2381 3574 2431 6
3606 2377 3845 2448 οὐρανὸς

2255 2477 2346 2530 τὸν
2375 2476 2569 2529 σκότον
2604 2473 2873 2543 ὑπέσχετο
2893 2488 2904 2499 ·
2938 2472 2967 2524 6
2995 2470 3147 2541 ἥλιος
3175 2470 3232 2522 δὲ
3259 2468 3370 2523 τῶν
3394 2468 3630 2522 ἀκτίνων
3658 2468 3725 2521 τὸ
3756 2468 3846 2520 σέ-

2255 2569 2352 2631 λας
2378 2567 2559 2621 οὐκέτι
2599 2565 2773 2628 διδοὺς
2800 2566 2910 2626 τοῖς
2938 2562 3340 2632 ἐμπαροινῆσαι
3368 2559 3737 2630 τετολμηκόσι
3766 2558 3843 2627 τῷ

2256 2661 2363 2715 τῶν
2392 2660 2529 2714 ὅλων
2552 2659 2799 2729 Δεσπότῃ
2828 2657 2922 2710 καὶ
2947 2655 3088 2725 Θεῷ,
3106 2654 3198 2707 τὸν
3226 2657 3305 2717 είς
3338 2653 3461 2707 νοῦν
3485 2653 3589 2707 ’καὶ
3609 2651 3844 2722 καρδίαν

2258 2755 2516 2824 ἐσόμενον
2562 2752 2747 2814 αὐτοῖς
2790 2750 3334 2821 προκαταμεμήνυκε
3367 2747 3579 2801 σκότον.
3635 2744 3842 2802 Ψὰλλει

2257 2849 2367 2916 γάρ
2395 2862 2497 2898 που
2522 2844 2616 2897 καὶ
2640 2846 2669 2897 6
2700 2840 3163 2913 μακάριος-Δαϐὶδ
3196 2839 3328 2910 περὶ
3362 2837 3575 2892 αὐτῶν·
3607 2837 3843 2889 (Σκοτι-

2259 2936 2542 3007 σθήτωσαν
2574 2936 2625 2987 οἱ
2669 2932 2941 3002 ὀφθαλμοὶ
2970 2929 3170 2996 αὐτῶν,
3202 2928 3296 2982 τοῦ
3340 2928 3415 2999 μὴ
3448 2926 3696 2997 βλέπειν,
3745 2925 3842 2979 καὶ

2256 3028 2348 3081 τὸν
2396 3026 2563 3081 νῶτον
2602 3023 2783 3078 αὐτῶν
2828 3022 3121 3085 διαπαντὸς
3156 3021 3502 3091 σύγκαμψον.
3537 3040 3556 3071 ι
3601 3021 3841 3091 Διερρή·

2258 3135 2420 3188 γνυτο
2468 3118 2527 3171 δὲ
2574 3116 2668 3171 καὶ
2712 3116 2774 3169 τὸ
2807 3115 3215 3185 καταπέτασμα
3258 3114 3353 3167 τοῦ
3404 3113 3561 3179 ναοῦ,
3606 3116 3727 3176 τοῖς
3765 3114 3843 3175 εἰς

2260 3211 2421 3265 αὑτὸν
2479 3210 2830 3263 πιστεύουσιν
2867 3206 3204 3260 ἐκκαλύπτον
3251 3206 3352 3278 ἤδη
3399 3206 3470 3259 τά
3506 3208 3685 3275 Ἀγια
3734 3205 3842 3259 τῶν

2263 3302 2454 3370 ἁγίων,
2500 3301 2595 3354 καὶ¹
2634 3300 2704 3355 τὰ
2746 3300 3001 3354 ἐσωτάτω
3047 3298 3326 3354 δεικνύον·
3381 3300 3459 3363 ὡς
3503 3299 3694 3353 οὐκέτι
3746 3298 3843 3368 μὲν

2261 3393 2491 3464 ἐχούσης
2526 3392 2713 3446 στάσιν
2734 3393 2830 3463 τῆς
2862 3390 3087 3463 πρώτης
3117 3391 3342 3462 σκηνῆς,
3371 3389 3839 3461 πεφανερωμένης

2260 3486 2316 3538 δέ
2352 3485 2452 3557 ἤδη
2480 3485 2578 3555 τῆς
2610 3484 2717 3537 τῶν
2754 3483 2923 3552 ἁγίων
2952 3482 3096 3545 ὁδοῦ,
3125 3482 3284 3551 δῆλον
3321 3482 3377 3535 δὲ
3409 3484 3489 3536 ὃτι
3525 3483 3625 3553 τῆς
3659 3483 3742 3543 είς
3776 3479 3842 3531 τὰ

2266 3578 2431 3644 ’Ἅγια
2464 3576 2573 3630 τῶν
2598 3574 2793 3643 ἁγίωνο
2827 3575 2983 3642 άγιος
3011 3573 3108 3642 μὲν
3141 3574 3250 3645 γὰρ
3280 3572 3729 3643 ὁμολογουμένως
3751 3570 3839 3623 καὶ

2262 3670 2289 3720 6
2318 3668 2478 3738 νόμος
2511 3663 2599 3738 ἦν,
2634 3667 2716 3719 ὅτι
2750 3667 2843 3719 καὶ
2866 3665 3212 3736 δικαιοσύνης
3237 3664 3524 3734 πρύτανις,
3563 3663 3759 3732 γέγονε
3787 3661 3839 3713 δὲ

2263 3761 2358 3814 καὶ
2416 3758 2765 3827 παιδαγωγὸς
2823 3759 2904 3821 είς
2953 3757 3220 3827 Χριστόν*
3278 3758 3556 3826 ἁγιωτέρα
3611 3773 3678 3824 γε
3740 3754 3837 3825 μὴν

2262 3850 2609 3922 ἁσυγκρίτως
2654 3852 2686 3921 ἡ
2722 3852 2779 3901 ἐν
2811 3848 3034 3919 Χριστῷ
3080 3851 3281 3903 νοεῖται
3330 3849 3444 3919 ζωὴ
3473 3889 3485 3911 ,
3518 3847 3613 3902 καὶ
3646 3847 3752 3916 τῆς
3786 3848 3839 3899 ἐν

2264 3946 2491 4015 σκηναῖς
2521 3942 2651 4015 [ἴον.
2689 3940 2910 4013 σκιαῖς]
2940 3942 3035 3995 καὶ
3060 3941 3249 4005 τύποις
3276 3941 3531 4011 λατρείας
3569 3956 3837 4013 προφερε-

2265 4035 2432 4105 στέρα
2474 4050 2534 4085 τε
2580 4032 2675 4085 καὶ
2721 4032 2778 4085 ἐν
2828 4031 3109 4102 ἀμείνοσιν
3152 4032 3185 4102 ή
3231 4032 3287 4083 ἐν
3327 4030 3601 4100 πνεύματί
3641 4048 3706 4083 τε
3754 4030 3839 4083 καὶ

2260 4127 2512 4199 ἀληθείᾳ.
2543 4123 2692 4196 *Αρα
2734 4125 2857 4195 οὐχὶ
2892 4125 3216 4196 θεοπρεπῆ,
3251 4124 3351 4179 καὶ
3386 4124 3527 4195 ὑπὲρ
3551 4123 3836 4195 ἀνθρώπου

2264 4219 2426 4286 φύσιν
2472 4216 2541 4270 τὰ
2568 4215 2747 4270 τοιάδε
2790 4214 2896 4269 τῶν
2931 4213 3374 4284 κατορθωμάτων
3400 4211 3508 4267 εἷεν
3537 4215 3637 4279 άν;
3671 4215 3746 4267 Οὐ
3782 4212 3838 4265 τὸ

2266 4308 2529 4378 σωτήριον
2560 4305 2731 4369 πάθος
2781 4303 3133 4375 δεδυσώπηκε
3183 4305 3281 4375 μὲν
3318 4305 3419 4375 τὴν
3463 4303 3836 4375 στρεφομένην

2268 4398 2562 4469 ῥομφαίαν,
2596 4397 2948 4465 είσκεκόμικε
2982 4396 3038 4449 δὲ
3078 4397 3243 4451 πάλιν
3292 4397 3351 4449 ἐν
3399 4396 3475 4466 τῷ
3530 4395 3837 4468 παραδείσῳ

2263 4488 2355 4543 τὸν
2406 4488 2725 4561 άνθρωπον;
2764 4490 2907 4558 Ἔφη
2943 4487 3053 4559 γὰρ
3081 4489 3109 4541 6
3135 4488 3370 4559 Χριστὸς
3418 4487 3496 4558 τῷ
3526 4503 3834 4558 συγκρεμα-

578 4589 701 4637 erat
737 4579 828 4651 qui
888 4578 1015 4634 olim
1076 4577 1141 4632 ad
1196 4574 1649 4647 patientissimum
1703 4573 1804 4630 Job
1861 4575 2154 4630 clamavit:

2271 4579 2416 4651 μένῳ
2445 4580 2643 4651 ληστῇ’
2682 4598 2698 4630 ι
2735 4579 2985 4650 Σήμερον
3016 4580 3131 4649 μετ’
3162 4578 3298 4650 ἐμοῦ
3332 4579 3433 4650 ἔσῃ
3465 4581 3522 4632 ἐν
3552 4578 3632 4651 τῷ
3667 4593 3837 4650 παρα·

586 4692 605 4726 ι
646 4671 854 4727 Venisti
884 4670 953 4727 ad
986 4668 1210 4724 fundum
1253 4668 1442 4735 maris,
1480 4676 1535 4723 et
1571 4668 1625 4721 in
1667 4667 1949 4737 profundis
1975 4667 2158 4737 abyssi

580 4760 979 4820 deambulasti?
1012 4760 1415 4831 Aperiunturne
1466 4756 1564 4813 tibi
1607 4766 1754 4812 metu
1799 4768 1968 4827 porta:
2011 4772 2158 4812 mor-

579 4856 691 4919 tis,
746 4864 800 4909 et
851 4853 1117 4922 janitores
1162 4848 1384 4918 inferni,
1421 4858 1471 4905 te
1518 4859 1832 4920 conspecto,
1870 4859 1995 4904 sunt
2053 4859 2161 4904 ter-

578 4944 767 5002 riti”?
823 4963 842 4997 ι
876 4945 984 4999 Cur
1028 4943 1192 5013 igitur
1236 4957 1323 4997 res
1368 4943 1504 4997 adeo
1553 4942 1765 4997 divinas
1803 4942 1893 4995 uni
1938 4957 2007 4997 ex
2056 4956 2157 4997 no-

577 5048 694 5093 stro
728 5050 955 5091 numero
986 5043 1037 5090 et
1071 5035 1272 5091 homini
1321 5033 1495 5089 solum
1529 5034 1765 5091 tribuere
1807 5049 1915 5088 non
1965 5036 2159 5090 erube-

580 5127 736 5186 scis?
786 5126 960 5197 ipsum
1012 5141 1247 5197 namque
1304 5126 1396 5181 Dei
1428 5125 1687 5191 Verbum,
1740 5137 1960 5196 accepta
2011 5128 2154 5182 servi

579 5220 779 5287 forma,
807 5234 928 5274 cum
961 5219 1110 5274 carni
1143 5228 1198 5274 et
1226 5218 1476 5288 sanguini
1519 5220 1995 5287 communicasset,
2025 5236 2155 5290 pro-

580 5313 761 5384 prium
788 5326 982 5383 corpus
999 5321 1215 5381 propter
1233 5328 1332 5367 nos
1353 5312 1509 5367 morti
1530 5313 1659 5368 dare
1676 5326 1781 5367 non
1804 5312 2086 5383 refugisse,
2107 5323 2161 5371 et

581 5422 706 5464 cum
729 5416 872 5463 esset
891 5422 955 5463 ex
978 5414 1173 5462 natura
1190 5407 1529 5477 impatibilis,
1550 5421 1713 5463 carne
1728 5422 1944 5477 passum
1966 5419 2160 5478 sponte

578 5498 745 5570 137
769 5499 953 5567 fuisse,
979 5499 1136 5556 fidem
1163 5500 1321 5556 faciet
1349 5501 1534 5554 beatus
1558 5497 1755 5553 Paulus
1776 5514 1896 5555 cum
1925 5502 2117 5555 scribit
2143 5518 2156 5554 :

589 5590 854 5648 «Gratias
903 5601 1123 5663 agentes
1174 5592 1348 5658 Patri,
1402 5590 1492 5660 qui
1544 5605 1640 5645 nos
1690 5589 1881 5661 dignos
1930 5589 2056 5645 fecit
2105 5590 2159 5644 in

2267 4674 2448 4745 δείσῳ.
2484 4692 2502 4724 ι
2536 4674 2649 4727 Οὐκ
2682 4671 2965 4741 ἐπέλαμψε
2996 4674 3107 4735 τοῖς
3132 4673 3189 4726 ἐν
3222 4673 3417 4742 σκότῳ,
3451 4672 3570 4742 μετ’
3602 4669 3835 4737 ἐξουσίας

2267 4766 2555 4834 ἐπιφωνῶν
2607 4764 2705 4831 τὸ,
2758 4764 3236 4835 Ἀνακαλύφθητε;
3284 4764 3574 4817 Κεκένωκε
3609 4764 3720 4835 γάρ
3756 4762 3837 4815 τὸν

2268 4858 2400 4930 ᾅδην
2427 4858 2502 4921 ὼς
2530 4858 2683 4920 Θεὸς,
2719 4858 2812 4909 καὶ
2840 4855 3057 4926 δεσμῶν
3086 4856 3255 4926 ἀνῆκε
3280 4856 3409 4918 τοὺς
3439 4856 3497 4908 ἐν
3528 4854 3679 4925 αὐτῷ
3698 4871 3711 4884 ·
3752 4852 3837 4905 καὶ

2269 4950 2435 5013 αὐτὸς
2460 4946 2528 5021 ἦν
2551 4948 2579 5000 6
2611 4949 2778 5002 πάλαι
2809 4948 2946 5018 βοῶν
2971 4948 3109 5018 πρὸς
3138 4948 3228 5000 τὸν
3247 4942 3834 5018 τ).ηπαθέπατον’1ώ6’

2276 5040 2507 5106 ιἯλθες
2540 5044 2633 5095 ἐπὶ
2656 5040 2835 5112 πηγὴν
2869 5040 3165 5109 θαλάσσης,
3197 5042 3253 5092 ἐν
3286 5039 3340 5092 δὲ
3378 5038 3580 5109 ἴχνεσιν
3610 5038 3834 5092 ἀϐύσσου
3871 5052 3877 5137 γ

2270 5132 2683 5205 περιεπάτησας
2705 5151 2719 5198 ;
2738 5131 3071 5200 Ἀνοίγονταί
3109 5147 3189 5183 σοι
3215 5130 3365 5201 φόϐῳ
3393 5129 3560 5183 πύλαι
3595 5128 3832 5187 θανάτου,

2267 5225 2507 5297 πυλωροὶ
2537 5225 2593 5278 δέ
2623 5225 2748 5296 ᾅδου
2784 5223 2982 5286 ίδόντες
3020 5239 3078 5276 σε
3107 5221 3385 5293 ἕπτηξαν;
3428 5241 3447 5274 ›
3480 5222 3546 5275 Τί
3573 5222 3753 5275 τοίνυν
3779 5215 3836 5271 τὰ

2268 5320 2349 5372 ἔτι
2380 5316 2489 5390 [ια’.
2524 5316 2690 5388 οὕτω]
2719 5315 3001 5387 θεοπρεπῆ
3032 5314 3141 5367 τῶν
3171 5314 3291 5369 καθ’
3319 5316 3467 5385 ἡμᾶς
3510 5314 3589 5366 ἐνὶ
3632 5312 3725 5366 καὶ
3750 5310 3836 5362 ἀν-

2270 5410 2472 5483 θρώπῳ
2502 5410 2648 5482 μόνῳ
2672 5411 2995 5481 προσνέμων
3028 5409 3128 5461 οὐκ
3152 5408 3413 5479 ἐρυθριᾷς
3433 5425 3447 5473 ;
3471 5406 3593 5460 ’Ότι
3626 5406 3732 5476 γὰρ
3753 5401 3835 5457 αύ-

2269 5504 2359 5569 τὸς
2390 5506 2417 5558 6
2454 5503 2547 5557 τοῦ
2577 5503 2712 5557 Θεοῦ
2738 5502 2930 5571 Λόγος,
2968 5500 3183 5573 μορφὴν
3209 5500 3393 5555 δούλου
3426 5498 3629 5561 λαϐὼν,
3654 5494 3834 5568 σαρκός

2271 5613 2327 5648 τε
2361 5597 2451 5648 καὶ
2482 5595 2710 5664 αἵματος
2752 5592 3167 5663 κεκοινωνηκὼς
3190 5633 3202 5657 ,
3244 5592 3511 5662 ἠνέσχετο
3545 5591 3644 5661 μὲν
3671 5587 3835 5642 δοῦναι

642 5772 689 5803 ⁸⁸
724 5770 911 5827 Matth.
944 5787 1113 5838 xxvtt,
1140 5772 1227 5827 46.
1304 5773 1348 5804 ⁸²
1376 5770 1477 5828 lsa.
1512 5787 1562 5839 1.,
1590 5772 1643 5827 3.
1722 5770 1765 5800 ⁸³
1796 5769 1934 5825 Psal.
1967 5786 2154 5835 vam,

2259 5816 2270 5827 .
2349 5772 2392 5801 “
2418 5770 2577 5825 llebr.
2615 5787 2692 5840 rx,
2723 5774 2775 5830 8.
2859 5772 2903 5804 ⁸⁵
2939 5770 3117 5827 Galat.
3152 5786 3237 5839 ιιι,
3273 5770 3361 5825 2i.
3442 5769 3486 5801 "
3523 5768 3651 5823 Luc.
3693 5775 3833 5825 mm

587 5841 675 5902 63.
754 5844 796 5875 ⁸⁷
830 5844 930 5898 lsa.
965 5860 1087 5900 xm
1149 5848 1230 5899 l‘J.
1308 5845 1351 5875 ⁸⁸
1384 5846 1398 5899 l
1435 5842 1574 5901 Petr.
1618 5859 1695 5913 Ill,
1740 5842 1822 5897 l9.
1901 5841 1943 5872 '9
1975 5840 2075 5899 Job
2143 5859 2154 5895 ι

2260 5857 2373 5905 γιιι,
2419 5842 2505 5907 17,
2556 5844 2636 5898 l8.
