4088 6500
222 387 334 451 ΞΞῚ

1287 382 1660 445 ΜΝΕῆπὸ
1700 383 2107 443 NESTORIUM
2144 385 2270 445 LIB.
2307 387 2372 443 γ.

3390 391 3497 449 238

233 513 311 584 τῷ
352 512 566 583 θανάτῳ
610 511 670 566 τὸ
708 508 849 565 ίδιον
888 508 1046 581 σῶμα
1093 508 1161 562 δι’
1210 511 1380 581 ἡμᾶς,
1419 509 1512 564 καὶ
1544 510 1809 581 ὑπάρχων

1917 516 2123 578 partem
2164 506 2328 563 sortis
2362 515 2676 561 sanctorum
2714 507 2766 561 in
2792 505 3018 573 lumine,
3044 510 3137 574 qui
3171 513 3371 581 eripuit
3398 498 3500 568 nes

235 604 442 676 ἀπαθὴς
472 604 613 657 κατά
661 603 844 673 φύσιν,
895 601 1060 673 σαρκὶ
1093 601 1363 655 πέπονθεν
1404 602 1568 666 ἑκὼν,
1607 599 1812 654 πιστώ-

236 711 382 749 σεται
416 693 641 764 γράφων
667 695 693 745 6
718 693 992 760 πάνσοφος
1019 690 1254 753 Παῦλος*
1291 710 1309 742 ‹
1347 689 1811 762 Εὐχαριστοῦντες

234 784 308 854 τῷ
338 783 509 853 Πατρὶ
538 783 617 853 τῷ
660 777 989 835 ἱκανώσαντι
1045 778 1193 851 ἡμᾶς
1230 780 1441 851 εἰςτὴν
1481 775 1676 851 μερίδα
1715 779 1811 833 τοῦ

218 876 431 946 ’κλήρου
470 873 579 926 τῶν
608 872 782 942 άγίων
828 875 885 924 ὲν
917 870 995 942 τῷ
1031 871 1193 941 φωτὶ,
1227 866 1300 934 ’ὃς
1349 870 1622 943 ἐρρύσατο
1666 871 1813 941 ἡμᾶς

220 968 299 1020 ’ὲκ
320 966 418 1043 τῇς
440 964 691 1030 ἐξουσίας
719 963 815 1017 τοῦ
850 962 1095 1026 σκότους,
1129 962 1223 1015 κα⁹ι
1254 962 1589 1033 μετέστησεν
1613 964 1693 1025 εἰς
1716 963 1812 1031 τὴν

233 1058 507 1127 βασιλείαν
540 1056 633 1109 τοῦ
658 1054 793 1107 Υἱοῦ
829 1055 929 1124 τῆς
976 1054 1199 1123 ἀγάπης
1231 1048 1418 1116 αὑτοῦ,
1452 1054 1510 1105 ἐν
1544 1045 1589 1120 ᾧ
1617 1052 1812 1123 ἔχομεν

232 1143 330 1220 τὴν
347 1148 754 1218 ἀπολύτρωσιν,
779 1147 881 1215 τὴν
903 1146 1097 1214 ἄφεσιν
1126 1144 1233 1196 τῶν
1260 1143 1563 1214 ἁμαρτιῶν·
1587 1143 1644 1205 ὅς
1666 1144 1813 1194 ἐστιν

230 1240 390 1295 εἰκὼν
437 1239 530 1293 τοῦ
583 1239 721 1292 Θεοῦ
770 1238 865 1290 τοῦ
916 1236 1172 1308 ἀοράτου,
1234 1235 1580 1305 πρωτότοκος
1632 1233 1813 1302 πάσης

229 1334 489 1397 κτίσεωςο
532 1334 613 1386 ὅτι
652 1335 710 1384 ὲν
738 1330 889 1400 αὐτῷ
928 1329 1156 1398 ἐκτίσθη
1195 1328 1263 1380 τὰ
1293 1328 1468 1380 πάντα
1498 1328 1555 1379 ὲν
1583 1329 1695 1389 τοῖς
1723 1327 1814 1379 οὑ-

225 1429 409 1497 ’ρανοῖς
448 1425 543 1477 καὶ
574 1424 671 1476 ἐπὶ
718 1423 815 1492 τῆς
863 1422 990 1491 γῆς,
1023 1421 1091 1473 τὰ
1124 1420 1293 1491 ὁρατά
1322 1419 1416 1471 καὶ
1460 1417 1531 1470 τὰ
1563 1417 1771 1488 ἀόρατα
1794 1432 1809 1448 ο

218 1518 335 1570 εἴτε
360 1516 575 1587 Θρόνοι,
602 1515 714 1567 εἴτε
743 1513 1100 1584 κυριότητες,
1131 1512 1240 1563 εἴτε
1284 1510 1501 1579 ’Λρχαζ
1536 1510 1646 1561 εἴτε
1690 1507 1811 1572 Ἐξ-

214 1609 427 1673 ὀυσίαι,
472 1607 539 1660 τά
584 1606 767 1660 πάντα
794 1604 860 1658 δι’
892 1598 1056 1657 αὑτοῦ
1088 1603 1182 1657 καὶ⁹
1212 1603 1291 1665 είς
1335 1600 1498 1653 αὐτόν
1532 1599 1774 1654 ἔκτισται
1794 1617 1809 1630 ·

230 1701 319 1754 καὶ
352 1700 515 1762 αὐτός
544 1699 661 1751 ἐστι
699 1696 806 1767 πρὸ
837 1696 1079 1759 πάντων,
1111 1694 1207 1747 καὶ
1235 1691 1305 1745 τά
1339 1693 1520 1746 πάντα
1560 1692 1618 1744 ὲν
1665 1688 1812 1760 αὑτῷ

234 1790 558 1860 συνέστηκεθ
591 1788 688 1841 καὶ
725 1786 885 1847 αὑτός
930 1786 1078 1837 ἐστιν
1106 1786 1139 1854 ὴ
1182 1778 1393 1853 κεφαλὴ
1424 1780 1521 1834 τοῦ
1560 1779 1809 1850 σώματος

1917 603 1984 655 de
2023 606 2289 670 potestate
2333 599 2703 663 tenebrarum,
2754 606 2809 653 et
2858 600 3131 655 transtulit
3170 602 3225 656 in
3274 618 3498 672 regnum

1916 692 2035 747 Filii
2066 692 2368 747 dilectionis
2393 706 2524 755 sum,
2548 691 2601 744 in
2624 704 2733 759 quo
2758 690 3021 746 habemus
3045 694 3494 762 redemptionem,

1915 783 2292 838 remissionem
2325 789 2704 852 peccatorum;
2735 782 2824 851 qui
2863 790 2948 837 est
2996 783 3173 851 imago
3211 783 3304 838 Dei
3349 785 3495 840 invi-

1915 876 2112 940 sibilis,
2148 875 2539 944 primogenitus
2587 875 2763 928 omnis
2794 882 3093 939 creaturae;
3129 875 3255 945 quia
3296 876 3349 930 in
3384 877 3500 947 ipso

1917 968 2136 1022 condita
2167 976 2289 1021 sunt
2318 965 2497 1019 omnia
2541 966 2590 1017 in
2625 964 2774 1018 cmlis
2810 971 2864 1018 et
2899 965 2951 1018 in
2984 972 3150 1029 terra,
3185 964 3420 1019 visibilia
3446 976 3502 1020 et

1917 1057 2232 1121 invisibilia,
2290 1056 2407 1109 sive
2458 1054 2685 1119 Throui,
2744 1055 2856 1111 sive
2910 1055 3336 1120 Dominationes,
3388 1057 3503 1111 sive

1910 1148 2282 1218 Principatus,
2309 1148 2424 1201 sive
2454 1148 2781 1210 Potestates,
2820 1148 3002 1200 ouuiia
3034 1162 3130 1215 per
3153 1146 3329 1214 ipsum
3362 1157 3416 1201 et
3446 1149 3500 1202 in

1917 1240 2092 1309 ipsum
2129 1249 2314 1293 creata
2346 1251 2502 1301 sunt;
2540 1249 2593 1292 et
2637 1240 2749 1306 ipse
2778 1251 2863 1293 est
2904 1250 3029 1292 aute
3060 1240 3263 1301 ouruia,
3296 1249 3350 1295 et
3379 1257 3501 1295 Olli-

1916 1332 2002 1382 nia
2060 1331 2113 1383 iu
2176 1331 2294 1398 ipso
2332 1337 2619 1394 constant;
2669 1339 2722 1383 et
2765 1330 2883 1399 ipse
2925 1339 3007 1384 est
3058 1331 3504 1400 caputcorporis

1918 1422 2194 1485 Ecclesiae,
2224 1422 2313 1491 qui
2343 1430 2429 1477 est
2454 1421 2808 1490 principium,
2839 1421 3231 1490 primogenitus
3260 1437 3327 1475 ex
3358 1438 3504 1476 mor-

1918 1513 2062 1567 tuis?
2091 1523 2147 1566 ut
2174 1515 2243 1566 sit
2273 1513 2324 1565 in
2360 1513 2613 1566 omnibus
2665 1513 2776 1582 ipse
2806 1512 3103 1579 primatum
3157 1522 3345 1566 tenens
3370 1512 3436 1566 ’°.
3475 1532 3495 1564 ι

1917 1603 2187 1670 Eccejam
2223 1604 2565 1671 apertissime
2588 1604 2677 1657 ille
2712 1603 3092 1674 mysteriorum
3119 1602 3213 1657 Dei
3246 1604 3503 1658 sacerdos

1918 1694 2065 1748 illum
2114 1693 2280 1747 Deum
2317 1692 2554 1747 Verbum
2600 1709 2697 1763 per
2745 1708 2904 1762 quem
2952 1692 3135 1746 omnia
3182 1702 3242 1746 et
3289 1693 3344 1747 in
3393 1708 3503 1762 quo

1915 1785 2117 1849 omnia,
2165 1785 2255 1854 qui
2311 1793 2393 1839 est
2456 1789 2637 1855 imago
2692 1784 2789 1838 Dei
2846 1785 3151 1851 invisibilis,
3204 1786 3353 1841 illum
3406 1800 3505 1855 per

232 1882 324 1950 τῆς
358 1879 713 1948 Ἑκκλησίας,
742 1878 803 1940 ὃς
831 1878 978 1928 ἐστιν
1009 1875 1153 1945 ἀρχὴ
1173 1913 1192 1937 ,
1242 1872 1587 1944 πρωτότοκος
1612 1873 1677 1923 ἐκ
1705 1869 1811 1923 τῶν

1917 1892 2073 1946 quem
2112 1887 2169 1929 ut
2208 1886 2393 1930 essent
2435 1878 2699 1944 producta
2738 1886 2866 1930 sunt
2910 1888 2964 1931 et
2997 1893 3118 1947 qua:
3170 1879 3222 1933 iu
3263 1878 3416 1934 caelis
3445 1888 3502 1933 et

230 1969 458 2040 νεκρῶν,
502 1968 591 2022 ἵνα
620 1969 847 2037 γένηται
878 1967 938 2017 ὲν
988 1966 1155 2017 πᾶσιν
1205 1964 1370 2025 αὐτὸς
1412 1960 1731 2034 πρωτεύων.
1784 1980 1803 2013 ι

230 2058 369 2115 Ἰδοὺ
415 2059 480 2130 δὴ
524 2059 617 2112 καὶ
645 2057 800 2128 μάλα
834 2056 1020 2125 σαφῶς
1067 2058 1097 2108 6
1130 2055 1240 2107 τῶν
1285 2052 1451 2106 αὑτοῦ
1489 2052 1808 2123 μυστηρίων

221 2152 530 2225 ’ἱερου“ργδς,
567 2150 731 2204 αὐτὸν
757 2148 867 2217 ἔφη
904 2148 995 2201 τὸν
1024 2147 1091 2199 δι’
1123 2140 1183 2199 οῦ
1212 2146 1280 2199 τά
1314 2145 1511 2203 πάντα,
1546 2143 1643 2197 καὶ
1674 2145 1730 2195 ὲν
1765 2135 1809 2209 ᾧ

226 2248 294 2300 τά
324 2247 504 2299 πάντα
534 2243 667 2297 Θεδν
714 2242 907 2309 Λόγον,
936 2241 996 2302 ὃς
1027 2241 1175 2293 ἐστιν
1204 2237 1368 2291 εἰκὼν
1415 2236 1509 2289 τοῦ
1539 2235 1675 2288 Θεοῦ
1714 2235 1807 2286 τοῦ

231 2334 485 2406 ἀοράτου,
519 2331 612 2385 τὸν
639 2330 707 2384 δι’
735 2323 796 2383 οῦ
825 2326 1087 2399 παρήχθη
1132 2326 1268 2398 πρὸς
1301 2324 1537 2394 ὓπαρξιν
1566 2323 1637 2376 τά
1663 2340 1721 2374 τε
1752 2324 1809 2374 έν

230 2430 339 2489 τοῖς
368 2426 643 2495 οὐρανοῖς,
682 2422 776 2475 καὶ
814 2421 883 2474 τὰ
915 2420 1009 2472 ἐπὶ
1032 2418 1134 2487 τῆς
1177 2416 1301 2486 γῆς,
1331 2415 1398 2468 τά
1426 2413 1599 2486 ὁρατά
1625 2431 1684 2465 τε
1712 2411 1809 2465 καὶ

231 2517 432 2587 ἀόρατα
454 2554 469 2578 ,
492 2514 585 2568 τὸν
629 2514 759 2566 δντα
790 2510 898 2582 πρὸ
932 2508 1173 2572 πάντων,
1202 2508 1266 2559 έν
1362 2506 1432 2560 τά
1464 2505 1642 2558 πάντα
1684 2521 1811 2555 συν-

232 2610 449 2681 ἐστηκε,
494 2605 738 2676 κεφαλὴν
762 2601 1011 2657 δεδόσθαι
1056 2602 1122 2671 τῇ
1167 2598 1484 2669 Ἐκκλησία,
1519 2596 1615 2649 καὶ
1647 2595 1810 2648 αὐτὸν

231 2692 366 2751 εἶναι
401 2696 748 2768 πρωτότοκον
779 2695 843 2746 ὲκ
867 2690 1096 2762 νεκρῶν.
1114 2688 1253 2742 Ἀλλ’
1281 2687 1449 2753 ἔστιν,
1484 2687 1614 2749 ίσως
1639 2686 1807 2755 ὲρεῖς,

229 2791 368 2845 κατὰ
396 2789 561 2859 φύσιν
590 2787 726 2858 ζωὴ,
757 2787 784 2839 6
805 2787 868 2838 ἐκ
890 2783 1028 2836 Θεοῦ
1052 2782 1269 2853 Πατρός
1290 2780 1463 2848 Λόγος
1481 2796 1494 2806 ’
1523 2774 1641 2832 εἷτα
1670 2775 1808 2839 πῶς,

230 2881 263 2951 ἦ
291 2879 409 2933 τίνα
437 2878 505 2949 δὴ
531 2878 735 2949 τρόπον
766 2872 992 2944 τεθναίη
1024 2874 1058 2942 ἡ
1090 2871 1240 2941 ζωής
1271 2868 1468 2932 Καλῶς
1487 2886 1499 2897 ’
1533 2867 1812 2936 ἀναγκαία

230 2975 323 3027 καὶ
355 2970 651 3042 ὲπωφελὴς
678 2972 712 3039 ὴ
744 2968 938 3029 πεῦσις
962 2983 975 2996 ·
1005 2963 1201 3018 οὐκοῦν
1246 2964 1324 3026 εἰς
1348 2962 1447 3032 τὴν
1475 2961 1571 3015 τοῦ
1604 2976 1811 3032 μυστη-

232 3064 345 3133 ρίου
376 3062 609 3131 δύναμιν
641 3058 936 3131 χρησίμως
970 3053 1466 3125 παραλαμϐάνεται
1516 3054 1597 3118 τὸ,
1634 3054 1813 3124 σάρκα

226 3152 485 3223 γενέσθαι
515 3154 653 3206 νοεῖν
697 3166 756 3202 τε
782 3149 877 3202 καὶ
920 3146 1123 3214 λέγειν,
1155 3145 1248 3198 τὸν
1278 3143 1366 3198 ἀεί
1396 3161 1454 3196 τε
1488 3143 1684 3209 ζῶντα,
1718 3142 1813 3196 καὶ

1911 1984 2032 2036 qua:
2069 1968 2120 2021 in
2160 1977 2324 2033 terra,
2360 1966 2595 2022 visibilia
2631 1977 2685 2022 et
2733 1968 3050 2035 invisibilia,
3099 1968 3246 2022 illum
3272 1969 3368 2038 qui
3415 1978 3502 2024 est

1912 2066 2038 2112 ante
2084 2060 2291 2121 omnia,
2341 2058 2394 2111 in
2430 2072 2538 2125 quo
2588 2058 2772 2111 omnia
2825 2066 3100 2123 constant,
3150 2060 3324 2127 ipsum
3365 2059 3503 2117 dixit

1909 2159 2073 2220 caput
2103 2165 2224 2206 esse
2252 2151 2437 2205 datum
2471 2150 2749 2214 Ecclesiae,
2785 2161 2839 2204 et
2871 2152 3046 2219 ipsqu
3077 2165 3201 2205 esse
3224 2151 3500 2222 primoge-

1911 2242 2083 2294 nitum
2131 2256 2196 2294 ex
2245 2241 2471 2294 mortuis
2548 2242 2653 2295 Sed
2710 2242 2857 2296 dices
2914 2242 3146 2297 fortasse
3187 2258 3202 2295 :
3241 2244 3499 2299 Concedo

1912 2332 2163 2401 equidem
2193 2330 2326 2386 illud
2358 2347 2423 2385 ex
2447 2330 2557 2386 Deo
2590 2331 2752 2387 Patre
2782 2333 3020 2387 Verbum
3052 2348 3178 2389 esse
3206 2349 3276 2388 ex
3307 2344 3500 2388 natura

1911 2423 2112 2487 vitam;
2141 2422 2233 2476 sed
2259 2438 2366 2492 quo
2408 2422 2591 2482 modo.
2632 2437 2809 2492 quave
2841 2424 3053 2477 ratione
3085 2425 3191 2478 vita
3224 2424 3362 2478 mori
3393 2439 3494 2493 po-

1914 2514 2056 2567 tuit?
2082 2514 2373 2576 Praeclare,
2408 2516 2714 2569 necessaria
2762 2524 2817 2568 et
2857 2515 3104 2583 perutilis
3136 2525 3221 2570 est
3247 2517 3497 2583 quaestio.

1915 2604 2056 2675 Ergo
2105 2607 2172 2656 ad
2220 2605 2463 2675 mysterii
2510 2606 2616 2658 vim
2664 2604 2795 2660 illud
2848 2604 3054 2660 utiliter
3091 2607 3404 2672 assumitur,
3442 2616 3504 2662 ut

1914 2695 2282 2764 intelligamus
2333 2706 2497 2766 atque
2548 2698 2712 2750 etiam
2771 2696 3018 2751 dicamus
3058 2696 3236 2766 ipsum
3286 2712 3504 2765 semper

1913 2787 2103 2841 vivens
2146 2795 2201 2839 et
2237 2784 2518 2840 viviﬁcans
2564 2785 2655 2839 Dei
2696 2784 2933 2840 Verbum
2980 2800 3200 2840 carnem
3242 2800 3366 2840 esse
3416 2786 3503 2838 fa-

1914 2886 2087 2941 ctum,
2121 2876 2224 2931 hoc
2252 2884 2351 2938 est,
2385 2890 2582 2946 corpus
2625 2874 2756 2929 illud
2787 2876 2929 2945 quod
2966 2885 3194 2929 mortem
3220 2875 3503 2943 suscipere

1911 2978 2125 3039 posset,
2159 2968 2442 3037 proprium
2474 2966 2577 3020 sibi
2617 2964 2842 3031 fecisse,
2877 2976 2935 3018 ut
2959 2967 3133 3035 ipsum
3166 2980 3384 3035 passum
3422 2966 3504 3017 iu-

1916 3057 2215 3127 telligatur,
2264 3056 2391 3126 quia
2444 3057 2725 3127 proprium
2768 3058 2935 3126 ipsius
2978 3070 3199 3125 passum
3248 3065 3339 3121 est
3381 3070 3506 3110 cor-

1917 3165 2038 3220 pus.
2074 3148 2167 3203 Sic
2201 3163 2436 3217 namque
2482 3149 2656 3218 ipsum
2689 3148 2893 3201 factum
2925 3147 3195 3217 primitias
3234 3146 3508 3201 dormien-

229 3244 491 3310 ζωοποιὸν
518 3241 612 3295 τοῦ
646 3239 782 3294 Θεοῦ
831 3238 1026 3305 Λόγον,
1059 3236 1358 3299 τουτέστιν,
1406 3232 1537 3288 ἴδιον
1587 3235 1811 3305 ποιήσα-

1919 3242 2051 3295 tium
2079 3240 2337 3304 dicimus,
2367 3250 2424 3295 et
2448 3240 2870 3311 primogenitum
2902 3254 2968 3294 ex
2998 3239 3226 3294 mortuis
3251 3257 3265 3293 :
3293 3240 3508 3308 positus

231 3336 351 3389 σθαι
384 3334 551 3404 σῶμα
580 3330 642 3384 τὺ
671 3329 902 3384 θανάτου
950 3327 1218 3407 δεκτικὸν,
1273 3327 1361 3379 ἶνα
1405 3326 1591 3395 νοῆται
1621 3325 1813 3379 παθὼν

228 3430 409 3494 αὐτὸς,
442 3428 529 3480 ὃτι
566 3425 625 3479 τὸ
652 3425 782 3477 ῖδιον
825 3421 992 3475 αὐτοῦ
1043 3419 1278 3473 πέπονθε
1310 3418 1489 3489 σῶμα.
1519 3417 1673 3471 Οῦτω
1702 3418 1811 3489 γὰρ

230 3521 388 3574 αὑτὸν
418 3518 677 3588 γενέσθαι
727 3514 906 3584 φαμὲν
936 3512 1195 3582 ἀπαρχὴν
1221 3510 1330 3563 τῶν
1372 3510 1809 3581 κεκοιμημένων,

231 3613 326 3667 καὶ
368 3611 720 3682 πρωτότοκον
752 3610 818 3661 ὲκ
859 3603 1089 3676 νεκρῶν.
1128 3602 1414 3656 Τεθεῖσθαι
1442 3603 1550 3673 γὰρ
1593 3603 1812 3670 λέγεται

233 3702 351 3773 μεθ’
386 3700 550 3772 ἡμῶν
581 3700 639 3751 ἐν
675 3698 920 3768 μνήματι
953 3694 1042 3746 διά
1070 3695 1167 3764 τῇς
1214 3692 1349 3755 ίδίας
1390 3692 1591 3764 σαρκὸς
1640 3693 1669 3744 6
1716 3692 1812 3745 άν-

232 3794 384 3857 τστάς
409 3792 540 3854 τοὺς
570 3790 819 3861 νεκροὺς,
847 3787 935 3839 ἵνα
962 3786 1055 3837 καὶ
1079 3786 1241 3855 ἡμεῖς
1270 3800 1459 3852 συνεγε
1471 3782 1688 3853 ρθῶμεν
1714 3782 1812 3835 αὑ-

229 3886 303 3957 τῷ
324 3902 339 3916 ο
371 3884 581 3953 ταύτην
614 3881 724 3952 γὰρ
746 3881 881 3951 ἡμῖν
914 3875 1217 3932 ἐνεκαίνισε
1255 3874 1352 3946 τὴν
1376 3874 1516 3939 ὁδὸν,
1549 3876 1642 3927 καὶ
1679 3873 1813 3928 ταύ⁹

230 3996 324 4048 της
366 3978 532 4029 ἓνεκα
576 3974 673 4043 τῆς
714 3972 893 4034 αἰτίας
938 3968 1340 4022 τεταπείνωκεν
1373 3966 1582 4031 ἑαυτὸν,
1624 3965 1814 4030 καθεὶς

230 4073 310 4134 είς
334 4069 597 4131 κένωσιν,
629 4065 723 4118 καὶ
754 4066 833 4126 εἰς
859 4061 1255 4131 ἁνθρωπότητα
1289 4058 1407 4128 μεθ’
1436 4056 1609 4128 ἡμῶν
1636 4056 1814 4110 καίτοι

229 4162 359 4225 Θεὸς
399 4160 477 4214 ὢν
531 4157 726 4229 φύσει,
767 4155 864 4209 καὶ
905 4156 971 4207 ἐκ
1018 4151 1153 4205 Θεοῦ
1202 4152 1417 4222 Πατρός
1464 4150 1747 4222 πεφηνὼς,
1787 4150 1815 4201 6

230 4252 566 4323 Μονογενῇς.
610 4248 753 4301 Ἀλλ’
773 4247 942 4300 οἴεται
976 4246 1097 4316 μὲν,
1123 4244 1263 4297 κατὰ
1287 4244 1345 4296 τὸ
1373 4244 1540 4308 εἰκὸς,
1560 4246 1680 4306 τοὺς
1713 4236 1812 4295 ὧδε

230 4344 378 4398 ταῦτ’
426 4344 575 4414 ἔχειν
624 4338 1018 4411 ὑπειληφότας,
1073 4338 1168 4390 καὶ
1230 4334 1444 4405 ἀληθῶς
1497 4335 1815 4400 δοξάζοντας

229 4433 634 4507 ἑμῦροντησίας
673 4434 753 4494 είς
784 4430 939 4501 λῆξιν
974 4430 1075 4501 τῆς
1102 4428 1362 4481 ἀνωτάτω
1391 4427 1637 4500 δραμεῖν’
1678 4445 1815 4498 σκη-

230 4529 502 4599 πτόμενος
535 4526 594 4579 δὲ
641 4522 922 4593 πανταχοῦ
966 4521 1030 4574 τὸ
1058 4521 1167 4574 δεῖν
1202 4519 1392 4588 ἀπαθῆ
1441 4519 1532 4572 τὸν
1580 4521 1645 4573 ὲκ
1677 4519 1814 4573 Θεοῦ

230 4618 445 4689 Πατρὸς
481 4615 648 4688 ἡμῶν
687 4611 1070 4684 ὁμολογεῖσθαι
1100 4611 1294 4680 Λόγον,
1324 4608 1598 4680 ἐξίστησιν
1626 4610 1813 4676 αὐτοῦ,

229 4711 321 4762 καὶ
345 4707 511 4761 τοῦτο
535 4708 617 4768 είς
647 4706 795 4760 ἀπαν
818 4747 832 4773 ,
859 4705 958 4775 τῆς
991 4702 1304 4773 οἰκονομίας
1335 4701 1426 4755 τὸν
1451 4703 1654 4773 τρόπον
1675 4718 1688 4732 ·
1716 4704 1816 4756 οὑκ

230 4802 367 4866 ἀξιοῖ
393 4801 454 4854 δὲ
480 4802 694 4869 ὥσπερ,
726 4798 757 4869 ἢ
797 4799 1036 4869 φρονεῖν,
1078 4797 1109 4867 ἢ
1160 4796 1363 4864 λέγειν,
1415 4796 1497 4848 ὃτι
1548 4795 1815 4849 πέπονθεν

231 4894 369 4964 ὑπὲρ
399 4895 588 4966 ἡμῶν,
620 4893 797 4947 καίτοι
848 4893 945 4959 τῆς
991 4888 1351 4943 θεοπνεύστου
1380 4889 1608 4961 Γραφῆς
1649 4892 1815 4961 σαρκὶ

1914 3346 2151 3402 namque
2194 3332 2476 3387 nobiscum
2525 3332 2579 3387 in
2630 3341 2984 3387 monumento
3025 3331 3223 3386 dicitur
3250 3345 3347 3401 per
3375 3344 3506 3402 pro-

1915 3425 2089 3492 priam
2123 3438 2372 3487 carnem,
2418 3424 2509 3492 qui
2542 3435 2788 3479 mortuos
2813 3424 3066 3488 suscitat,
3116 3432 3176 3477 ut
3203 3436 3305 3477 nos
3338 3422 3506 3477 etiam

1915 3515 2078 3570 simul
2136 3530 2260 3570 cum
2314 3516 2433 3584 ipso
2481 3516 2825 3569 excitemur:
2873 3516 3014 3570 banc
3064 3528 3302 3583 namque
3349 3513 3508 3569 nobis

1917 3606 2197 3661 innovavit
2226 3609 2390 3671 viam,
2420 3617 2473 3662 et
2507 3607 2611 3663 hac
2641 3608 2708 3662 de
2742 3622 2909 3662 causa
2952 3606 3261 3662 bumiliavit
3298 3615 3503 3666 semet.-

1917 3698 2117 3767 ipsum,
2151 3698 2217 3751 ad
2248 3698 2681 3754 exiuanitiouem
2710 3707 2765 3754 et
2794 3699 2860 3753 ad
2896 3698 3291 3753 immanitatem
3323 3697 3508 3754 nobis-

1918 3803 2039 3842 cum
2074 3803 2135 3844 se
2169 3788 2449 3856 dejiciens,
2484 3789 2733 3858 quamvis
2763 3789 2854 3843 ille
2903 3788 3226 3858 Unigenitus
3258 3787 3402 3844 Deus
3437 3803 3505 3842 ex

1918 3890 2111 3937 natura
2146 3890 2288 3935 esset
2322 3891 2375 3933 et
2404 3895 2469 3933 ex
2510 3880 2618 3939 Deo
2652 3878 2815 3933 Patre
2843 3889 3014 3934 ortus.
3054 3878 3160 3933 Sed
3215 3878 3319 3932 iste
3350 3888 3508 3949 putat

1920 3974 2177 4026 nimirum
2209 3986 2330 4037 eos,
2362 3972 2451 4040 qui
2488 3971 2605 4026 lucc
2647 3972 2721 4025 ita
2763 3986 2823 4025 se
2862 3970 3065 4025 habere
3094 3969 3410 4024 existimant
3452 3979 3508 4024 et

1920 4078 2047 4120 vere
2075 4064 2342 4130 sentiunt,
2382 4063 2447 4117 ad
2480 4072 2785 4118 extremum
2817 4077 3045 4118 summa:
3072 4062 3360 4117 dementia:
3382 4074 3508 4131 per-

1920 4157 2132 4211 venisse
2174 4174 2189 4210 :
2233 4165 2287 4209 et
2344 4156 2540 4224 ubique
2590 4163 2891 4224 praetexens
2942 4163 3198 4224 oportere
3245 4152 3380 4208 illud
3433 4166 3504 4206 ex

1921 4250 2028 4304 Deo
2060 4247 2227 4302 Patre
2272 4246 2505 4303 Verbum
2556 4245 2859 4316 impatibile
2907 4244 3174 4308 confiteri,
3220 4242 3506 4313 dispensa-

1922 4340 2085 4395 tionis
2112 4340 2330 4395 modum
2363 4339 2429 4393 ab
2459 4354 2524 4393 eo
2554 4337 2756 4402 aufert,
2788 4348 2843 4392 et
2871 4336 3088 4406 quidem
3126 4336 3179 4390 in
3220 4343 3415 4399 totum,
3453 4342 3508 4388 et

1919 4431 2317 4501 quodammodo
2346 4430 2507 4502 138
2531 4430 2876 4499 dedignatur,
2906 4439 2999 4482 aut
3030 4429 3257 4490 sentire,
3292 4436 3387 4481 aut
3424 4426 3508 4481 (Ιὶπν

1923 4539 2047 4578 cere
2089 4522 2219 4577 illud
2268 4537 2390 4576 esse
2437 4537 2533 4591 pro
2566 4523 2720 4577 nobis
2756 4535 2998 4591 passum,
3030 4518 3280 4589 quamvis
3331 4532 3505 4581 sacra:

1924 4615 2143 4671 Litterm
2194 4630 2363 4670 carne
2408 4628 2629 4684 passum
2677 4612 2883 4677 dicant,
2930 4613 3061 4667 licet
3109 4609 3408 4680 impatibile
3450 4620 3505 4663 et

1925 4708 2331 4777 incorporeum,
2381 4707 2506 4777 quia
2552 4721 2751 4775 corpus
2789 4720 3005 4775 passum
3049 4715 3136 4759 est
3173 4702 3343 4773 ipsius
3373 4714 3503 4769 pro:

1922 4800 2101 4869 prium
2156 4799 2367 4869 ipsique
2409 4798 2639 4852 unitum.
2675 4797 2820 4853 Dixit
2848 4806 3027 4852 autem
3054 4810 3245 4850 rursus
3274 4793 3327 4846 in
3360 4793 3505 4846 hunc

1922 4894 2140 4948 modum
2173 4910 2187 4946 :

230 4991 497 5064 λεγούσης
545 4991 761 5056 παθεῖν,
810 4990 905 5041 καὶ
934 4986 1120 5059 ἀπαθῆ
1158 4986 1251 5039 καὶ
1281 4985 1594 5054 ἀσώματον,
1628 4986 1709 5040 ὅτι
1746 4987 1806 5040 τὸ
1846 4988 1975 5043 ἴδιον
2042 4989 2207 5043 αὐτοῦ
2242 4989 2334 5044 καὶ
2399 4988 2601 5043 ένωθὲν
2636 4986 2785 5058 αὐτῷ
2833 4983 3101 5039 πέπονθεν
3136 4984 3318 5056 σῶμα.
3356 4981 3506 5050 Ἔφη

228 5090 282 5142 δὲ
306 5088 472 5143 πάλιν
503 5088 600 5141 ὡδί
627 5104 640 5117 ·

298 5178 318 5252 [
341 5180 442 5233 Διά
470 5179 631 5233 ⁸ιιιοῦτο
663 5178 792 5251 περὶ
820 5177 917 5247 τῆς
942 5174 1218 5247 ἡμετέρας
1251 5174 1504 5246 ἁπαρχῆς
1527 5216 1544 5242 ,
1571 5176 1600 5227 6
1628 5174 1810 5246 μακά-

234 5290 341 5342 ριος
374 5272 591 5343 Πέτρος
640 5267 1050 5337 καταγγέλλων,
1083 5266 1179 5321 καὶ
1203 5267 1305 5339 τὴν
1334 5269 1399 5321 ὲκ
1430 5266 1529 5337 τῆς
1564 5266 1814 5336 θεότητος

230 5363 572 5435 φαινομένης
619 5361 837 5431 φύσεως
881 5358 1239 5431 διηγούμενος
1278 5356 1507 5427 ῦᾴωσιν,
1548 5375 1565 5408 ι
1591 5357 1814 5419 Τοῦτον,

231 5459 414 5528 φησιν,
445 5456 543 5508 τὸν
572 5452 778 5524 Ἰησοῦν
812 5453 1115 5523 ἀνέστησεν
1145 5453 1173 5504 6
1200 5450 1352 5513 Θεός.
1392 5469 1409 5501 ι
1445 5450 1558 5503 Οὐκ
1578 5449 1813 5508 ἀπέθανε

228 5552 378 5617 Θεὸς,
424 5549 568 5603 ἀλλὰ
602 5547 924 5617 ἀνέστησεν.
959 5547 1157 5598 ¹Ἄκουε
1185 5545 1295 5599 τῶν
1330 5544 1424 5599 τοῦ
1472 5545 1681 5616 Πέτρου
1719 5546 1813 5614 ῥηο

234 5646 416 5717 μάτων
438 5687 451 5710 ,
502 5642 845 5710 ’Λπολινάριε
867 5679 881 5703 ,
932 5638 1098 5692 ἄκουε
1148 5638 1244 5690 σὺν
1282 5634 1649 5706 ’Δπολιναρίῳ
1671 5674 1684 5701 ,
1720 5636 1815 5686 καὶ

299 5825 345 5855 "
383 5822 598 5878 Coloss.
640 5836 675 5884 ι,
722 5816 884 5872 12-18
960 5814 1018 5891 ὒ⁹¹
1058 5812 1177 5867 Act.
1224 5824 1284 5877 ιι,
1314 5809 1403 5863 24.

1993 5171 2233 5225 Nasum.
2278 5168 2422 5240 [ideo
2454 5169 2521 5223 de
2552 5165 2753 5221 nostris
2784 5164 2887 5220 illis
2914 5163 3171 5234 primitiis
3206 5179 3330 5220 cum
3374 5180 3509 5235 age-4

1923 5274 2006 5318 ret
2036 5265 2225 5318 beatus
2262 5261 2477 5324 Petrus,
2513 5270 2567 5315 et
2611 5259 2995 5315 exaltationem
3039 5257 3264 5313 visibilis
3295 5267 3513 5313 natura»

1922 5358 1972 5409 vi
2026 5354 2327 5411 divinitatis
2374 5352 2582 5409 factam
2635 5360 2945 5417 enarraret,
3010 5370 3029 5403 ι
3062 5350 3236 5416 Hunc,
3300 5349 3498 5419 inquit,

1921 5446 2105 5503 Jesum
2145 5446 2429 5503 suscitavit
2456 5446 2696 5509 Deus";
2734 5463 2753 5497 ι
2787 5459 2892 5499 non
2929 5454 3175 5498 mortuus
3214 5449 3297 5497 est
3334 5440 3513 5502 Deus;

1923 5541 2017 5596 sed
2060 5538 2360 5595 suscitavit.
2383 5537 2559 5610 (Audi,
2593 5537 2917 5608 Apollinari,
2950 5534 3096 5589 Petri
3138 5536 3333 5599 verba;
3376 5531 3500 5586 audi

1926 5647 2048 5687 cum
2077 5631 2409 5702 Apollinario
2444 5633 2628 5696 ctiam,
2663 5630 2778 5684 Ari.
2828 5647 2845 5678 ι
2878 5626 3053 5693 Hunc,
3092 5624 3287 5694 inquit,
3317 5622 3499 5680 Jesum
