4088 6464
643 332 749 387 239
820 352 823 356 '

1671 332 1726 385 S.
1768 330 2038 393 CYRILLI
2076 331 2549 387 ALEXANDRINI
2589 333 2908 389 ARCIIIEP.

3805 333 3919 386 2&0

644 446 925 501 suscitavit
980 446 1157 511 Deus,
1220 446 1312 516 qui
1370 446 1633 510 cernitur,
1695 445 1787 513 qui
1848 446 2021 498 oculis
2086 448 2206 501 vide

2336 448 2523 518 ’Λρειε
2603 447 2877 510 ιΤοῦτον,
2924 448 3099 516 φησι,
3146 447 3237 501 τὸν
3296 448 3502 515 Ἰησοῦν
3540 446 3839 515 ἀνέστησεν
3893 451 3920 498 ὀ

646 529 824 600 tur",
862 554 879 587 ι
918 536 1007 603 qui
1053 535 1200 604 ligno
1239 534 1465 589 sullixus
1486 536 1555 597 ",
1584 534 1673 601 qui
1722 533 1969 587 manibus
1996 531 2219 589 Thumae

645 635 1015 681 contrectatus
1039 626 1218 687 fuit",
1244 627 1335 696 qui
1378 627 1444 680 ad
1472 628 1641 695 ipsum
1666 624 1952 679 clamavit:
1983 644 1998 675 ι
2032 624 2219 697 Palpa,

612 719 772 787 quia
810 719 1034 788 spiritus
1081 732 1299 773 carnem
1331 728 1385 771 et
1424 732 1546 771 ossa
1593 732 1697 771 non
1744 718 1930 787 habet,
1966 720 2106 781 sicut
2137 736 2222 773 me

646 808 844 863 videtis
873 808 1076 862 habere
1098 808 1183 873 ";
1214 825 1234 858 ι
1270 807 1461 874 bisque
1488 819 1783 874 persuasus
1815 808 2112 879 discipulus
2136 807 2222 863 ille

647 898 889 967 vocibus,
922 908 975 952 et
1004 898 1434 952 contrectatione
1468 898 1715 953 cruciﬁxi
1745 901 1988 969 corporis
2024 900 2091 954 de
2133 914 2220 954 re-

647 991 989 1046 surrectione
1025 990 1224 1044 certior
1260 989 1453 1052 factus,
1488 990 1886 1045 admirabilium
1914 1006 2097 1046 rerum
2142 991 2222 1044 el”-

646 1080 907 1137 t‘ectorem
965 1078 1132 1134 Deum
1178 1079 1558 1150 gloriﬁcabat:
1594 1099 1612 1131 ι
1646 1080 1906 1135 Dominus
1952 1097 2126 1149 meus,
2167 1091 2222 1135 et

646 1172 789 1226 Deus
814 1187 990 1236 meus,
1019 1171 1114 1227 tibi
1151 1171 1321 1240 gloria
1349 1171 1433 1225 ’δε
1470 1190 1489 1223 ι
1527 1188 1634 1226 non
1671 1174 1811 1241 quod
1842 1175 2220 1228 contrectaba-

644 1272 733 1315 tur
785 1261 1061 1331 appellans
1101 1261 1310 1327 Deum;
1369 1275 1543 1330 neque
1594 1262 1739 1316 enim
1794 1265 2220 1318 contrectatione

643 1352 900 1407 divinitas
936 1352 1236 1406 invenitur.
1272 1351 1341 1405 Et
1370 1361 1486 1419 post
1522 1352 1629 1405 alia
1660 1369 1678 1406 :
1709 1352 1787 1407 De
1828 1352 1931 1407 hoc
1965 1352 2218 1422 palpabili

641 1443 805 1498 etiam
856 1443 1050 1499 Petrus
1100 1443 1415 1499 clamabat:
1450 1463 1468 1495 ι
1504 1444 1658 1499 Hunc
1698 1443 1883 1500 Jesum
1936 1447 2220 1501 suscitavit

642 1532 862 1588 Deus".
894 1551 914 1585 ι
938 1561 1008 1573 -
1053 1552 1071 1584 ι
1092 1531 1324 1588 Dextera
1349 1534 1512 1603 igitur
1538 1534 1628 1588 Dei
1674 1535 1942 1590 exaltatus
1964 1536 2034 1591 ’°.
2078 1556 2096 1589 ›
2126 1535 2220 1592 De-

641 1633 793 1677 xtera
821 1633 1001 1677 autem
1036 1636 1190 1691 opem
1220 1622 1426 1677 ferente
1451 1625 1591 1677 Deus
1624 1621 1858 1677 Verbum
1887 1640 1991 1678 non
2012 1626 2218 1697 indige-

643 1717 770 1778 bat,
795 1711 938 1786 Arl.]

1284 1846 1435 1903 CAP.
1484 1846 1567 1902 Vl.

712 1982 952 2039 Suscitat
970 1980 1376 2052 quidemfilius
1399 1990 1661 2047 mortuos,
1682 1997 1913 2051 eumque
1936 1992 2108 2039 morte
2122 1998 2217 2053 po-

637 2076 924 2131 tentiorem
947 2074 1273 2129 conﬁtemur
1291 2117 1304 2139 ,
1338 2088 1607 2128 memores
1632 2074 1777 2127 illum
1804 2075 2016 2129 disertis
2038 2077 2217 2130 verbis

614 2167 884 2222 "dixisse:
926 2181 946 2215 ι
980 2163 1091 2233 Ego
1124 2179 1243 2217 sunt
1279 2167 1611 2220 resurreCtio
1648 2174 1703 2219 et
1742 2165 1849 2217 vita
1867 2164 1943 2229 9°;
1978 2184 1997 2217 ι
2034 2176 2214 2219 tamen

636 2269 761 2309 cum
782 2254 974 2309 beatus
1004 2252 1196 2306 Petrus
1223 2254 1379 2307 nobis
1406 2254 1716 2319 annuntiat,
1743 2253 1929 2308 dicens
1962 2275 1975 2308 :
2014 2272 2035 2305 ι
2060 2253 2213 2309 Hunc

636 2342 821 2401 Jesum
864 2344 1149 2399 suscitavit
1183 2344 1349 2407 Deus,
1382 2361 1402 2395 ι
1438 2344 1617 2413 ipsum
1668 2358 1787 2398 esse
1825 2346 2098 2400 credimus
2125 2344 2215 2401 Je-

637 2451 779 2505 sum,
830 2434 960 2490 illud
1002 2435 1143 2503 quod
1194 2434 1357 2488 homo
1401 2434 1599 2488 factum
1648 2444 1733 2488 est
1764 2433 2023 2489 Verbum.
2072 2434 2216 2501 Quo-

622 2527 800 2583 modo
825 2540 956 2597 ergo
987 2526 1307 2581 suscitatam
1342 2526 1517 2593 ipsum
1559 2540 1585 2577 a
1621 2524 1785 2579 Patre
1809 2527 2094 2595 quisquam
2127 2528 2214 2581 di-

636 2628 745 2682 cat,
771 2627 826 2673 et
868 2619 985 2687 ejus
1030 2618 1218 2672 dextra
1267 2615 1605 2670 exaltatum?
1647 2616 1762 2671 haec
1816 2632 2051 2687 namque
2083 2628 2213 2689 puto

635 2710 877 2779 apertius
929 2709 1255 2763 declaranda
1309 2720 1432 2761 esse
1485 2707 1551 2760 iis
1606 2708 1698 2775 qui
1756 2707 2057 2778 intelligere
2119 2724 2213 2764 ne-

635 2810 863 2869 queunt,
896 2811 980 2865 ut,
1014 2798 1261 2854 scandali
1293 2800 1585 2851 occasione
1634 2798 1869 2863 sublata,
1907 2810 2111 2854 rectam
2157 2811 2209 2857 et

632 2902 836 2947 certam
868 2891 1117 2946 veritatis
1143 2888 1288 2941 viam
1335 2888 1647 2941 reddamus.
1691 2886 1850 2941 Dedit
1889 2903 2021 2958 ergo
2053 2891 2209 2945 morti

633 2985 911 3054 proprium
933 2996 1130 3049 corpus
1154 2980 1219 3033 ad
1247 2979 1514 3033 modicum
1533 2988 1742 3049 tempus
1768 2995 1783 3034 :
1814 2997 1832 3030 ι
1858 2978 2043 3035 Gratia
2065 2998 2213 3037 nam-

632 3088 738 3143 que
765 3073 881 3139 Dei,
910 3092 928 3125 ι
958 3084 1018 3125 ιιι
1046 3073 1226 3140 inquit
1262 3070 1479 3136 Paulus,
1514 3087 1532 3121 ι
1554 3086 1651 3139 pro
1676 3072 1928 3127 omnibus
1973 3076 2210 3145 gustavit

632 3172 864 3219 mortem
891 3165 934 3218 ι.
966 3181 985 3213 ι
1028 3162 1232 3217 Deinde
1264 3177 1386 3217 cum
1416 3162 1533 3230 ipse
1572 3171 1714 3218 esset
1763 3164 1851 3218 illa
1884 3167 2203 3223 viviﬁcatrix

630 3250 727 3307 Dei
773 3251 1058 3320 Patrisque
1103 3252 1298 3305 dextra
1342 3260 1503 3318 atque
1531 3253 1792 3319 potentia,
1833 3264 2005 3310 morte
2044 3264 2208 3325 atque

630 3343 975 3413 rorruptione
1014 3340 1279 3396 valentius
1319 3340 1456 3396 illud
1506 3338 1726 3409 effecit;
1768 3343 1835 3397 ad
1874 3343 2038 3412 idque
2083 3361 2205 3401 cred

628 3437 863 3490 dendum
906 3433 1146 3502 locuples
1188 3433 1347 3489 nobis
1382 3434 1500 3503 ipse
1536 3434 1693 3488 testis
1735 3435 1860 3500 erit,
1902 3438 2091 3492 dicens
2118 3436 2207 3492 Ju-

628 3529 800 3583 dazis:
836 3543 857 3578 ι
889 3525 1095 3581 Solvite
1144 3526 1402 3594 templum
1436 3526 1561 3591 hoc,
1592 3533 1669 3592 et_
1696 3526 1749 3581 in
1796 3527 1969 3582 tribus
2015 3529 2205 3585 diebus

627 3618 879 3674 excitabo
934 3617 1066 3672 illud
1092 3618 1133 3670 ³.
1182 3634 1202 3668 ι
1279 3616 1520 3683 lntellige
1568 3630 1700 3688 ergo
1748 3621 2203 3687 quemadmodum

628 3724 785 3763 suum
833 3723 892 3764 se
920 3707 1178 3777 templum
1213 3707 1572 3762 excitaturum
1621 3707 1923 3777 pollicetur,
1955 3711 2204 3779 quamvis

624 3797 771 3855 Deus
796 3813 860 3853 ae
885 3798 1049 3853 Pater
1072 3798 1287 3852 dicatur
1316 3799 1618 3853 excitasse:
1648 3801 1834 3854 dextra
1863 3815 2115 3870 namque,
2145 3809 2203 3857 ut

622 3890 758 3956 dixi,
811 3900 866 3943 et
926 3889 1168 3958 potentia
1220 3888 1402 3943 Patris
1452 3888 1538 3942 illa
1585 3890 1907 3945 viviﬁcatrix
1951 3901 2035 3947 est
2085 3893 2201 3963 ipse

622 3980 808 4035 Filius.

696 4071 859 4143 139
909 4071 1095 4141 Itaque
1129 4071 1341 4126 etiamsi
1375 4070 1543 4124 divini
1577 4070 1719 4125 illius
1746 4072 1928 4139 templi
1959 4073 2202 4129 vivifica-

623 4164 824 4219 tionem
870 4163 1085 4217 elileere
1128 4161 1293 4216 Pater
1335 4163 1587 4225 dicatur,
1643 4162 1821 4217 eli‘ecit
1871 4173 2048 4219 tamen
2103 4183 2201 4238 per

620 4255 861 4323 Filium;
894 4256 1250 4325 vicissimque
1296 4255 1506 4309 etiamsi
1552 4255 1697 4308 illam
1742 4255 1910 4310 Filius
1955 4257 2199 4316 effecisse

618 4350 887 4415 videatur,
930 4365 1033 4403 non
1070 4357 1247 4403 tamen
1289 4349 1424 4402 citra
1472 4348 1686 4403 Patrem
1727 4346 1779 4400 in
1814 4348 2061 4419 Spiritu:
2090 4368 2193 4408 una

618 4442 764 4495 enim
806 4440 1107 4496 divinitatis
1149 4450 1340 4493 natura
1380 4441 1435 4493 in
1464 4441 1640 4495 tribus
1666 4443 1901 4511 prapriis
1932 4445 2192 4515 byposta-

2327 535 2460 599 Θεὸς
2485 536 2575 588 τὸν
2610 538 2954 607 φαινόμενον,
2983 537 3169 595 τοῦτον
3200 538 3289 589 τὸν
3322 538 3598 608 ὁρώμενον
3621 538 3864 609 ὄμμασι,
3896 558 3912 588 ι

2328 626 2419 679 τὸν
2468 626 2609 700 ξύλῳ
2653 626 3099 699 προσηλωθέντα,
3130 628 3222 680 τὸν
3251 631 3371 689 ταῖς
3399 628 3495 681 τοῦ
3530 628 3703 701 Θωμᾶ
3746 629 3920 699 ψηλα-

2336 717 2575 788 φηθέντα
2599 719 2774 790 χερσὶ,
2806 719 2899 775 τὸν
2929 719 3067 788 πρὸς
3096 720 3260 773 αὑτὸν
3288 722 3601 789 κεκραγότα
3620 735 3633 749 ο
3669 738 3688 772 ι
3723 720 3917 791 Ψηλᾴ-

2330 825 2524 878 φησον,
2555 810 2637 865 ὅτι
2676 809 2897 880 πνεῦμα
2927 811 3105 880 σάρκα
3135 812 3227 865 καὶ
3257 812 3419 866 ὀστέα
3447 814 3548 865 οὐκ
3574 812 3708 883 ἔχει,
3729 813 3919 878 καθὼς

2324 900 2425 970 ἐμὲ
2446 900 2701 972 Θεωρεῖτε
2721 900 2912 972 ἔχοντα
2931 919 2944 933 ⁸
2960 922 2978 953 ι
3006 905 3101 957 καῒ
3115 903 3341 969 ταύταις
3358 906 3604 972 πεισθεὶς
3618 908 3647 959 6
3664 907 3918 979 μαθητὴς

2321 994 2439 1053 ταῖς
2468 995 2696 1061 φωναῖς,
2723 992 2819 1047 καὶ
2851 996 2917 1063 τῇ
2951 994 3265 1065 ψηλαφήσει
3299 994 3589 1068 [περὶτῆς]
3621 996 3715 1057 τοῦ
3751 1016 3917 1059 σταυο

2325 1083 2589 1152 ρωΘέντος
2631 1082 2881 1154 σώματος
2918 1085 3162 1151 πεισθεὶς
3201 1087 3574 1153 ἀναστάσεως,
3608 1089 3700 1141 τὸν
3724 1106 3912 1160 παρα-

2319 1173 2593 1240 δοξοποιδν
2616 1176 2911 1245 ὲδοξολόγει
2932 1177 3064 1231 Θεὸν
3086 1193 3102 1211 ·
3134 1196 3152 1227 ι
3173 1178 3233 1231 'U
3253 1179 3458 1250 Κύριός
3485 1197 3589 1250 μου
3612 1182 3706 1234 καὶ
3726 1185 3755 1235 6
3774 1183 3912 1244 Θεός

2323 1283 2447 1335 μου,
2468 1266 2594 1330 δόξα
2622 1284 2705 1321 σοι
2726 1284 2769 1319 ἰ
2792 1269 2852 1319 οὐ
2879 1269 2939 1321 τὸ
2955 1269 3277 1341 ψηλαφηθὲν
3301 1272 3730 1343 προσαγορεύων
3750 1273 3910 1335 Θεόν’

2320 1356 2441 1408 οὐδὲ
2483 1359 2593 1426 γὰρ
2643 1358 2961 1430 ψηλαφήσει
3010 1360 3201 1430 Θεότης
3242 1361 3578 1431 εὑρίσκεται.
3615 1366 3727 1419 Καὶ
3777 1366 3912 1441 μεθ’

2320 1446 2513 1516 ἕτερα,
2565 1449 2703 1520 Περὶ
2749 1449 2843 1502 τοῦ
2877 1450 3201 1522 ψηλαφητοῦ
3255 1452 3443 1506 τούτου
3491 1454 3588 1508 καὶ
3630 1456 3658 1507 6
3702 1455 3911 1527 Πέτρος

2319 1538 2469 1593 ἐϐόα.
2501 1539 2732 1595 «Τοῦτον
2760 1541 2855 1594 τὸν
2885 1543 3094 1613 Ἰησοῦν
3121 1544 3415 1614 ἀνέστησεν
3440 1547 3468 1598 6
3491 1545 3677 1611 Θεός.»
3703 1578 3777 1598 —-.
3799 1548 3907 1621 «Τῇ

2318 1628 2469 1700 δεξιᾷ
2500 1627 2593 1686 οὖν
2620 1631 2715 1687 τοῦ
2739 1631 2873 1685 Θεοῦ
2910 1632 3163 1704 ὑψωθείς.
3194 1652 3211 1687 ι
3240 1637 3432 1700 Δεξιᾶς
3455 1637 3511 1690 δὲ
3545 1637 3855 1710 βοηθούσης
3878 1641 3906 1691 ό

2318 1719 2450 1783 Θεὸς
2478 1722 2651 1789 Λόγος
2673 1722 2775 1777 οὐκ
2798 1723 3050 1795 ἔχρῃζεν,
3081 1726 3288 1797 ’Δρειε.

2920 1860 3176 1915 ΚΕΦΔΛ.
3217 1861 3304 1928 ς’.
3396 1933 3399 1935 ς

2402 1989 2676 2063 Ἀνίστησι
2711 1993 2809 2064 μὲν
2854 1996 2884 2048 6
2928 1994 3056 2060 Υἱὸς
3089 2014 3215 2063 τους
3241 2000 3469 2068 νεκροὺς
3490 2044 3505 2067 ,
3540 2003 3636 2063 καὶ
3666 2001 3897 2059 θανάτου

2317 2081 2603 2150 κρείττονα
2637 2084 2818 2155 φαμὲν
2847 2086 3114 2159 ὑπάρχειν
3158 2090 3323 2143 αὐτόν
3347 2106 3362 2122 ⁸
3412 2092 3740 2164 μεμνήμεθα
3790 2094 3900 2165 γάρ

2316 2171 2621 2241 ἀναφανδὸν
2648 2176 2932 2247 εἰρηκότος
2952 2194 2966 2208 ’
2996 2197 3015 2230 ι
3040 2179 3183 2248 Ἑγώ
3207 2183 3323 2251 εἰμι
3354 2184 3389 2253 ἡ
3421 2182 3721 2247 ἀνάστασις
3749 2187 3895 2256 καὶή

2316 2258 2466 2332 ζωή·
2503 2280 2522 2313 ι
2562 2263 2625 2315 π)
2638 2263 2702 2334 ὴν
2729 2266 2856 2320 ὅταν
2883 2268 3018 2338 ἡμῖν
3051 2267 3080 2327 6
3108 2270 3394 2334 θεσπέσιος
3428 2272 3635 2341 Πέτρος
3665 2276 3900 2343 εὐαγγε-

2315 2350 2552 2423 λίξηται,
2593 2354 2801 2423 λέγων’
2860 2376 2879 2410 ι
2910 2358 3110 2413 Τοῦτον
3140 2361 3230 2417 τὸν
3270 2363 3480 2433 Ἰησοῦν
3523 2366 3827 2440 ἀνέστησεν
3872 2371 3898 2420 6

2315 2440 2468 2508 Θεὸς,
2494 2462 2511 2495 ι
2537 2446 2698 2501 αὐτὸν
2726 2444 2866 2503 εἶναι
2893 2452 3227 2524 πιστεύομεν
3266 2455 3472 2526 ⁹Ιησοῦν
3502 2459 3595 2513 τὸν
3619 2460 3897 2532 ὲνανΘρω-

2315 2537 2567 2608 στήσαντα
2594 2541 2786 2609 Λόγον.
2817 2542 2943 2607 Πῶς
2968 2539 3062 2597 οὖν
3090 2546 3389 2619 ἐγηγέρΘαι
3428 2550 3564 2621 φαίη
3588 2568 3676 2615 τις
3704 2554 3772 2607 ἂν
3802 2555 3898 2609 αὐ-

2313 2627 2405 2681 τὸν
2456 2630 2607 2701 παρὰ
2638 2632 2729 2685 τοῦ
2763 2633 2997 2701 Πατρὸς,
3029 2635 3277 2705 ὑψῶσΘαί
3309 2655 3370 2690 τε
3402 2643 3469 2713 τῇ
3502 2642 3669 2701 αὑτοῦ
3709 2644 3895 2714 δεξιᾷς

2313 2721 2511 2792 χρῆναι
2542 2721 2651 2793 γὰρ
2697 2717 2850 2793 οἶμαι
2891 2726 3050 2779 ταυτὶ
3088 2726 3506 2799 διατρανοῦσΘαι
3558 2735 3747 2804 σαφῶς
3787 2741 3896 2799 τοῖς

2312 2810 2413 2863 οὐκ
2437 2811 2623 2882 ἔχουσι
2643 2816 2805 2878 νοεῖν,
2825 2816 2913 2869 ἵνα
2935 2818 3031 2870 καὶ
3053 2818 3153 2887 τὴν
3176 2821 3271 2873 τοῦ
3296 2824 3597 2879 σκανδάλου
3620 2828 3896 2899 πρόφασιν

2311 2898 2731 2971 ἁποκείραντες,
2756 2903 2926 2974 ὀρθὴν
2955 2906 3050 2959 καὶ
3075 2907 3491 2981 ἀπλανεστάτην
3518 2914 3618 2985 τὴν
3639 2898 3753 2987 τῆς
3770 2919 3895 2991 ἁλη-

2312 2988 2464 3080 Θείας
2488 2993 2861 3065 ἀποφήνωμεν
2881 2994 3020 3050 ὀδόν.
3047 2999 3257 3053 Δέδωκε
3292 3002 3471 3057 τοίνυν
3492 3006 3552 3058 τὸ
3582 3007 3711 3060 ἴδιον
3734 2988 3896 3080 σῶμα

2310 3078 2387 3149 τῷ
2413 3080 2628 3154 Θανάτῳ
2659 3086 2795 3155 πρὸς
2829 3087 3039 3167 βραχύ·
3083 3109 3101 3142 ι
3137 3092 3335 3163 Χάριτι
3370 3096 3481 3167 γὰρ
3514 3078 3893 3169 Θεοῦ,⁸ι,ιιαΘὰ

2234 3197 2281 3260 c
2312 3188 2477 3260 φησιν
2505 3174 2790 3242 όιΠαῦλος,
2821 3198 2839 3229 ι
2870 3181 3013 3251 ὑπὲρ
3054 3184 3255 3248 παντὸς
3290 3186 3555 3256 ἐγεύσατο
3582 3190 3838 3247 Θανάτου.
3869 3214 3886 3246 ι

2310 3257 2445 3315 Εἶτα
2476 3263 2737 3336 ὑπάρχων
2784 3268 2947 3333 αὐτὸς
2976 3272 3011 3340 ἡ
3063 3270 3326 3340 ζωοποιὸς
3362 3277 3455 3331 τοῦ
3488 3278 3622 3337 Θεοῦ
3653 3284 3744 3336 καὶ
3779 3284 3891 3338 Πα-

2308 3352 2437 3423 τρὸς
2456 3354 2605 3419 δεξιά
2640 3359 2733 3411 καὶ
2753 3357 3238 3435 δύναμις,“φΘορᾶς
3261 3369 3355 3419 καὶ
3383 3368 3615 3424 Θανάτου
3642 3378 3891 3439 κρεῖττον

2308 3440 2607 3521 ἀπέφηνεν»
2626 3446 2787 3499 αὐτό·
2824 3449 2918 3502 καὶ
2945 3452 3082 3520 πρός
3111 3470 3171 3522 γε
3197 3454 3354 3509 τοῦτο
3381 3460 3529 3527 ἡμᾶς
3559 3463 3889 3519 πιστώσεται

2306 3528 2480 3599 λέγων
2514 3534 2652 3601 πρὸς
2696 3536 3018 3604 ’ῐουδαίουςο
3074 3560 3093 3593 ι
3124 3543 3339 3599 Λύσατε
3392 3549 3486 3603 τὸν
3510 3553 3636 3605 ναὸν
3675 3556 3885 3621 τρῦτον,

2305 3621 2400 3674 καὶ
2446 3624 2505 3676 ἐν
2553 3626 2734 3698 τρισὶν
2779 3629 3019 3703 ἡμέραις
3066 3634 3245 3705 ἐγερῶ
3299 3638 3484 3695 αὐτόν.
3524 3662 3543 3694 ι
3595 3644 3760 3710 Σύνες
3799 3644 3887 3703 οὖν

2306 3714 2458 3782 ὅπως
2491 3719 2656 3786 αὐτὸς
2690 3723 2927 3795 ἐγείρειν
2959 3726 3051 3779 τὸν
3083 3728 3276 3783 ἑαυτοῦ
3308 3733 3435 3785 ναὸν
3470 3736 3885 3805 ἐπαγγέλλεται,

2306 3809 2485 3863 καίτοι
2516 3809 2611 3864 τοῦ
2657 3812 2791 3869 Θεοῦ
2842 3814 2939 3867 καὶ
2979 3817 3193 3889 Πατρὺς
3222 3821 3526 3895 ἀναστῆσαι
3554 3827 3883 3900 λεγομένου’
3975 3838 3979 3845 ’

2304 3896 2454 3991 δεξιὰ
2477 3901 2606 3974 γὰρ,
2632 3903 2707 3966 ὡς
2734 3903 2893 3976 ἔφην,
2932 3906 3051 3960 ἐστὶ
3086 3909 3182 3962 καὶ
3206 3910 3435 3983 δύναμις
3464 3914 3560 3968 τοῦ
3602 3896 3817 3991 Πατρὺς
3853 3923 3886 3991 ἡ

2302 3987 2585 4059 ζωοποιὸς,
2612 3994 2640 4045 6
2668 3995 2813 4060 Υἱός.

2373 4084 2538 4137 ’Ὥστε
2564 4086 2668 4140 κᾶν
2697 4089 2940 4158 ἐνεργεῖν
2960 4091 2989 4144 6
3014 4090 3205 4165 Πατὴρ
3233 4095 3456 4165 λέγηται
3485 4099 3584 4171 τὴν
3612 4102 3707 4156 τοῦ
3737 4104 3884 4159 Θείου

2299 4175 2429 4229 ναοῦ
2469 4175 2818 4249 ζὼοποίησιν,
2859 4182 3132 4254 ὲνήργηκε
3167 4184 3234 4237 δι’
3269 4186 3431 4240 Υἱοῦο
3481 4189 3581 4243 κᾶν
3614 4193 3663 4244 εί
3708 4195 3883 4265 ὁρῷτο

2299 4268 2460 4320 πάλιν
2489 4270 2517 4322 6
2554 4269 2681 4333 Υἱὸς
2712 4272 3033 4344 ἐνεργήσας,
3063 4274 3179 4329 ἀλλ’
3204 4276 3264 4330 οὐ
3295 4278 3416 4351 δίχα
3454 4280 3548 4335 τοῦ
3577 4284 3798 4355 Πατρὸς
3825 4290 3881 4340 ὲν

2297 4357 2599 4429 Πνεύματι.
2652 4362 2768 4414 Μία
2819 4362 2928 4433 γὰρ
2980 4365 3014 4435 ἡ
3063 4365 3318 4439 θεότητος
3371 4370 3570 4439 φύσις,
3615 4376 3673 4429 ἐν
3702 4380 3881 4448 τρισὶν

2299 4448 2660 4507 ὖποστάσεσιν
2689 4455 2882 4519 ἰδικαῖς
2911 4458 3200 4531 νοουμένη,
3228 4463 3321 4516 καὶ
3342 4464 3440 4535 τὴν
3463 4468 3548 4535 ἐφ’
3569 4469 3739 4529 ἅπασι
3767 4476 3879 4537 τοῖς

617 4531 769 4585 sibus
820 4531 1165 4600 intelligitur,
1214 4537 1269 4584 et
1320 4531 1373 4585 in
1420 4532 1670 4587 omnibus
1732 4532 1892 4588 rebus
1938 4538 2190 4605 gerendis

2308 4541 2597 4613 Βρωμένοις
2627 4547 2842 4616 κίνησίν
2875 4566 2935 4601 τε
2972 4550 3066 4603 καὶ
3098 4531 3647 4630 ὲνέργειαντέχουσα,
3682 4531 3877 4636 νοητὴν

615 4631 822 4677 motum
862 4621 1026 4676 habet
1054 4630 1216 4690 atque
1254 4624 1649 4692 Operationem,
1689 4624 1988 4693 spiritalem
2024 4629 2190 4683 nimi-

616 4727 738 4768 rum
777 4722 830 4765 et
857 4712 966 4767 Deo
1003 4713 1242 4783 dignam.
1288 4713 1633 4771 Concedebat
1673 4732 1805 4789 ergo
1834 4734 2033 4786 corpus
2065 4734 2189 4788 pro-

612 4805 746 4874 ιιι-ιω
788 4812 996 4859 natura:
1042 4805 1267 4874 legibus,
1300 4815 1354 4861 et
1407 4807 1597 4862 mortis
1630 4809 1988 4878 gttstalioncm
2039 4815 2191 4869 exci-

612 4892 817 4961 piebat,
854 4893 1016 4962 idque
1045 4909 1168 4948 eum
1200 4898 1404 4949 unitum
1453 4896 1581 4951 illud
1615 4898 1847 4953 Verbum
1888 4912 2188 4971 opportune

2296 4633 2541 4703 δηλονότι
2580 4638 2675 4690 καὶ
2723 4638 3025 4713 Θεοπρεπῆ.
3060 4644 3267 4699 Οὐκοῦν
3312 4650 3627 4724 παρεχώρει
3676 4633 3778 4727 μὲν
3816 4633 3876 4711 τὸ

2296 4724 2453 4795 σῶμα
2481 4728 2595 4791 τοῖς
2622 4728 2722 4797 τῆς
2755 4730 2890 4794 ἰδίας
2921 4732 3136 4800 φύσεως
3167 4735 3373 4805 νόμοις,
3404 4744 3497 4794 καὶ
3524 4743 3624 4813 τὴν
3655 4724 3751 4799 τοῦ
3785 4748 3874 4803 Oa-

2295 4818 2457 4872 νάτου
2486 4820 2675 4881 γεῦσιν
2703 4823 2937 4896 ἐδέχετο,
2958 4826 3047 4878 καὶ
3072 4827 3231 4883 τοῦτο
3260 4833 3452 4887 παθεῖν
3474 4836 3698 4906 ἐφέντος
3728 4842 3875 4914 αὐτῷ

2294 4909 2579 4981 χρησίμως
2609 4910 2704 4963 τοῦ
2748 4913 3042 4981 ὲνωθέντος
3074 4918 3281 4986 Λόγου·
3316 4920 3435 4995 Θείᾳ
3464 4942 3526 4994 γε
3563 4929 3672 5000 μὴν
3707 4909 3869 4995 ἐξωοξ
3914 4926 3921 4997 l

2294 5003 2498 5055 ποιείτο
2525 5004 2753 5075 δυνάμει
2786 5008 2852 5078 τῇ
2900 5007 2996 5061 τοῦ
3046 5010 3339 5078 ὲνωΘέντος
3378 5016 3529 5089 αὑτῷ
3576 5020 3700 5074 καθ’
3738 5024 3868 5077 ὑπό·
3920 5082 3923 5099 γ

2282 5101 2480 5146 tractv
2510 5095 2706 5163 Λόγου.
2733 5098 2892 5151 Ὀλον
2922 5096 3015 5153 οῦν
3054 5102 3283 5173 νοοῦμεν
3310 5106 3401 5160 τὸν
3438 5109 3807 5185 Ἐμμανουὴλ,
3840 5116 3868 5168 ὅ

2288 5183 2403 5236 ἐστι
2428 5184 2985 5259 μεθερμηνευόμενον,
3003 5196 3141 5249 Μεθ’
3157 5196 3328 5264 ἡμῶν
3343 5201 3376 5252 ό
3396 5202 3560 5269 Θεὸς,
3574 5204 3702 5259 ὃταν
3717 5183 3869 5261 άκού-

2293 5293 2475 5347 σωμεν
2507 5278 2754 5348 λέγοντος
2780 5281 2875 5335 τοῦ
2906 5282 3194 5341 Θεσπεσίου
3225 5290 3465 5359 Πέτρου⁸
3505 5314 3524 5345 ι
3550 5295 3754 5351 Τοῦτον
3778 5298 3867 5351 τδν

2303 5368 2507 5436 Ἰησοῦν
2537 5371 2835 5443 ἀνέστησεν
2870 5376 2898 5427 6
2928 5374 3061 5440 Θεός
3084 5396 3097 5410 ·
3124 5397 3142 5429 ι
3190 5379 3293 5434 κᾶν
3330 5384 3422 5439 τὸν
3460 5386 3739 5457 ὁρώμενον
3777 5388 3865 5443 λέο

2290 5472 2412 5531 γῃς,
2443 5463 2535 5514 καὶ
2566 5464 2986 5535 προσηλωΘέντα
3013 5469 3090 5539 τῷ
3117 5468 3278 5541 ξύλῳ,
3306 5468 3400 5528 τὸν
3428 5479 3546 5541 ταῖς
3570 5478 3663 5532 τοῦ
3697 5480 3863 5552 Θωμᾶ

613 4983 728 5053 pati
757 4985 994 5051 sineret;
1027 4985 1121 5041 sed
1147 4987 1199 5041 vi
1229 4987 1408 5047 divina
1442 4989 1578 5043 uniti
1619 4990 1723 5046 sibi
1759 4996 2053 5048 secundum
2084 4995 2186 5067 by-

611 5072 873 5141 postasim
910 5073 1071 5130 Verbi
1112 5076 1506 5132 viviﬁcabatur.
1540 5079 1734 5133 Totum
1766 5082 1929 5151 igitur
1958 5085 2179 5141 Emma-

613 5166 741 5220 nuel
782 5166 1147 5240 intelligimus,
1186 5171 1329 5239 quod
1382 5180 1467 5226 est
1513 5170 1947 5243 interpretatum,
1985 5175 2185 5233 Nobis-

613 5273 731 5310 ειιιι
764 5257 922 5323 Deus,
953 5276 1074 5316 cum
1104 5263 1317 5317 beatum
1348 5262 1567 5318 Petrum
1593 5265 1863 5320 dicentem
1898 5270 2182 5325 audimus:

615 5368 635 5401 ι
671 5350 823 5406 Hunc
862 5351 1043 5408 Jesum
1082 5355 1360 5410 suscitavit
1393 5356 1568 5416 Deus:
1601 5374 1619 5407 ι
1648 5358 1866 5412 etiamsi
1918 5361 2065 5415 illum
2103 5365 2181 5416 vi-

609 5441 816 5499 sibiietu
847 5445 999 5501 dicas
1027 5454 1079 5503 et
1114 5446 1257 5518 ligno
1302 5446 1576 5514 suﬂixum,
1632 5449 1779 5503 illum
1809 5449 2183 5509 Thetmcma-

676 5648 722 5741 ξ
753 5646 874 5741 Λοι.
910 5646 1151 5741 ιιιιιηξο.
1191 5647 1299 5741 n’:
1331 5647 1450 5702 Act.
1481 5648 1660 5741 mgf).
1716 5649 1975 5741 "‘"Joan.
2013 5670 2104 5741 XX“,
2127 5657 2206 5741 ἓξ

2308 5659 2339 5689 ’⁸
2372 5658 2671 5741 [ληαξξιικ
2706 5664 2792 5721 39.
2873 5670 2916 5701 ’⁸
2953 5668 3111 5728 Joan.
3155 5690 3248 5741 xx,
3281 5674 3369 5732 28.
3448 5680 3494 5713 "
3523 5668 3642 5737 Act;
3678 5698 3718 5738 ιι
3766 5683 3835 5737 Ξὲ

630 5717 813 5792 '_Psal.
837 5732 1001 5782 cxvn,
1032 5718 1117 5772 16.
1191 5721 1235 5753 "
1266 5716 1419 5773 Joan.
1448 5734 1522 5784 xl,
1548 5719 1636 5773 ‘25.
1716 5721 1730 5750 ¹
1774 5720 1933 5776 Hebr.
1977 5740 2035 5788 ιι,
2068 5716 2122 5780 9.
2200 5728 2218 5757 ¹
2248 5726 2403 5784 Joan.
2440 5746 2501 5798 ιι,
2528 5733 2613 5787 19.
