4088 6462
250 348 356 403 εει

1320 354 1691 414 Αονιςιιευδ
1728 354 2135 416 Νεετοιυυιι
2180 359 2308 417 IalB.
2350 360 2417 416 γ.

3408 361 3519 417 949

260 454 644 525 ψηλαφηθέντα
663 456 871 528 χερσὶν,
888 459 1039 541 οὐδὲν
1058 458 1220 535 ἦττον
1236 466 1401 535 ἡμεῖς
1422 468 1835 540 σεσαρκωμένον

1947 474 2103 530 nibus
2136 482 2556 540 contrectatam,
2585 476 2937 532 mhnommus
2969 474 3099 533 illud
3130 490 3197 533 ex
3225 474 3336 532 Deo
3356 476 3520 534 Patre

262 542 484 614 νοοῦμεν
516 545 609 599 τὸν
652 547 716 599 ἐκ
747 546 882 601 Θεοῦ
917 550 1131 623 Πατρὸς
1161 554 1353 623 Λόγον,
1395 558 1491 611 Ξνα
1523 576 1584 611 τε
1616 561 1710 613 καὶ
1744 560 1835 614 τὸν

259 636 421 689 αὑτὸν
457 636 825 710 ὁμολογοῦμεν
872 642 1019 698 Υίόν.
1063 644 1321 713 ’Λόρατος
1368 649 1479 721 γὰρ
1528 651 1627 721 τὴν
1676 651 1838 721 φύσιν

258 727 539 799 ὸπάρχων,
570 730 796 799 γέγονεν
820 735 1038 803 ὁρατὸς,
1067 737 1150 790 ὅτι
1181 739 1276 792 καὶ
1308 740 1439 793 ἴδιον
1482 737 1550 812 ἦν
1579 742 1744 797 αὐτοῦ
1777 744 1840 797 τὸ

255 818 531 889 ὁρώμενον
582 821 762 890 σῶμα.
813 825 1020 880 mne:
1049 829 1179 897 γοῦν
1208 832 1235 883 6
1274 830 1417 895 θεῖος
1462 832 1595 903 ἡμῖν
1638 833 1834 889 Δαὸίδ·

260 926 279 960 ι
319 911 382 961 ὐ
415 911 545 972 Θεὸς
571 914 828 982 ἐμφανῶς
861 917 1001 987 ἥξει,
1030 919 1059 971 6
1082 919 1214 982 Θεὸς
1240 922 1420 991 ἡμῶν,
1445 925 1539 976 καὶ¹
1568 924 1629 977 ού
1662 942 1840 996 παραπ⁵

257 1002 616 1087 σιωπήσεται.
645 1025 663 1055 ι
699 1001 810 1058 Καὶ
843 1008 953 1078 μὴν
988 1009 1081 1062 καὶ
1114 1012 1141 1062 ό
1176 1013 1450 1084 μακάριος
1486 1015 1834 1087 Ἀὖϐακούμ·

262 1086 375 1156 ‹,⁹Ο
399 1093 531 1156 Θεὸς
569 1095 632 1147 ἔκ
661 1095 875 1167 Θαιμάν
904 1099 1043 1169 ἥξει,
1072 1103 1165 1155 καὶ
1193 1105 1220 1156 6
1244 1103 1313 1156 Ἃ
1327 1122 1433 1172 γιος
1465 1105 1526 1168 ἐξ
1553 1105 1711 1177 ὅρους
1742 1124 1838 1161 κα-

253 1185 483 1237 τασκίου
509 1185 747 1251 δασέως·
765 1208 783 1240 ι
813 1184 981 1254 Οὗτος
1010 1190 1272 1264 ὑπάρχων
1298 1197 1391 1247 καὶ
1412 1194 1648 1269 ἀναφὴς,
1669 1197 1839 1263 άπτδς

253 1270 509 1343 γενέσθαι
540 1279 759 1347 λέγεται
785 1281 874 1335 διὰ
897 1284 957 1337 τὸ
983 1284 1182 1339 ὲνωθὲν
1208 1287 1357 1358 αὐτῷ
1404 1289 1564 1358 σῶμα
1585 1309 1597 1321 ·
1635 1292 1837 1361 γράφει

254 1364 390 1433 γοῦν
431 1368 460 1420 6
497 1367 751 1433 Λουκίς’
790 1389 810 1423 ι
852 1372 1180 1449 Ἐπειδήπερ
1239 1378 1425 1429 ’πολλοί¹
1470 1379 1838 1451 ἐπεχείρησαν

254 1457 627 1525 ἀνατάξασθαι
661 1462 915 1533 διήγησιν
946 1468 1073 1536 περ).
1106 1468 1217 1521 τῶν
1253 1470 1836 1545 πεπληροφορημένων

256 1549 393 1617 ἡμῖν
438 1552 803 1621 πραγμάτων,
834 1555 1018 1618 καθὼς
1054 1558 1360 1627 παρέδοσαν
1384 1563 1515 1631 ἡμῖν
1545 1564 1592 1615 οἱ
1618 1563 1713 1615 ἀπ’
1740 1564 1838 1635 άρ-

255 1639 360 1708 κῆς
397 1641 664 1697 αὐτόπται
706 1645 799 1698 καὶ
834 1646 1104 1718 ὑπηρέται
1137 1651 1418 1721 γενόμενοι
1452 1652 1544 1705 τοῦ
1588 1654 1746 1721 λόγου
1770 1669 1781 1683 ·
1810 1675 1828 1707 ι

256 1731 353 1797 καὶ
387 1734 527 1803 πρός
558 1752 621 1803 γε
656 1735 809 1791 τοῦτό
840 1755 1003 1810 φησιν
1042 1742 1071 1795 6
1106 1742 1267 1809 σοφὸς
1307 1743 1585 1815 Ἰωάννης·
1626 1764 1644 1797 ι
1672 1748 1736 1800 '0
1766 1742 1835 1818 ἦν

1942 562 2180 619 Verbum
2200 565 2555 636 intelligimus
2582 565 2945 633 incarnatum,
2978 581 3257 637 unumque
3287 576 3340 622 et
3363 582 3521 624 eum-

1939 658 2061 712 dem
2103 657 2296 713 Filium
2352 659 2676 715 conﬁtemur
2751 659 2883 715 Cum
2923 661 3067 716 enim
3122 676 3219 730 per
3268 670 3518 717 naturam

1939 734 2085 804 esset
2123 750 2429 818 invisibilis,
2475 752 2649 807 factus
2696 761 2780 807 est
2815 752 3061 817 visibilis,
3098 766 3162 807 eo
3207 754 3351 822 quod
3401 754 3521 808 visi-

1942 841 2049 896 bile
2083 842 2211 898 illud
2253 858 2448 913 corpus
2475 845 2749 914 proprium
2789 845 2906 913 ejus
2937 853 3076 900 eral.
3108 844 3292 915 Itaque
3329 844 3519 899 beatus

1941 930 2110 988 David
2152 935 2333 1005 psallit
2365 953 2378 990 :
2413 952 2432 986 (
2467 935 2605 992 Deus
2654 936 2938 991 manifeste
2983 936 3183 999 veniet,
3226 930 3369 991 Deus
3417 951 3517 989 no-

1940 1034 2073 1090 ster,
2113 1034 2170 1080 et
2207 1042 2311 1080 non
2346 1028 2522 1082 silebit
2550 1029 2596 1095 ³;
2632 1048 2648 1081 ι
2684 1040 2843 1101 atque
2874 1031 3038 1085 etiam
3094 1029 3282 1084 beatus
3339 1028 3517 1083 [laba-

1940 1129 2039 1169 cuc
2060 1131 2073 1167 :
2097 1133 2117 1166 ι
2144 1115 2284 1189 Deus
2314 1118 2381 1169 de
2403 1116 2647 1171 Theman
2674 1119 2876 1182 veniet,
2906 1129 2959 1172 et
2985 1118 3216 1174 Sanctus
3250 1120 3314 1174 dc
3338 1129 3521 1175 monte

1939 1196 2235 1271 umbroso,
2256 1206 2526 1262 condenso
2548 1208 2590 1263 ⁸.
2614 1226 2632 1260 ι
2679 1207 2778 1263 llic
2803 1218 3106 1265 cunt/esset
3131 1211 3294 1265 etiam
3322 1209 3517 1278 impal-

1941 1295 2156 1367 pabilis,
2201 1308 2420 1368 propter
2451 1298 2662 1353 unitum
2708 1300 2809 1354 sibi
2857 1314 3053 1370 corpus
3094 1301 3380 1371 palpabilis
3435 1300 3517 1356 fa-

1939 1398 2057 1445 etus
2091 1403 2213 1445 esse
2255 1390 2472 1445 dicitur.
2506 1390 2681 1446 Lucas
2724 1400 2875 1445 certe
2928 1392 3159 1446 scribit:
3194 1410 3213 1444 ι
3247 1392 3513 1459 Quoniam

1938 1480 2154 1548 quidem
2212 1481 2362 1537 multi
2411 1484 2591 1537 conati
2643 1493 2771 1538 sunt
2830 1483 3090 1537 ordinare
3144 1484 3515 1539 narrationem

1937 1584 2058 1639 qua:
2092 1568 2145 1622 in
2178 1570 2333 1625 nobis
2370 1573 2651 1640 completa;
2696 1582 2824 1627 sunt
2852 1588 3057 1636 rerum,
3100 1573 3244 1629 sicut
3274 1573 3517 1628 tradide-

1938 1670 2065 1715 runt
2102 1661 2256 1715 nobis
2288 1661 2378 1729 qui
2413 1664 2482 1716 ab
2512 1662 2667 1716 initio
2709 1662 2809 1731 ipsi
2845 1662 3121 1727 viderunt,
3174 1674 3231 1718 et
3281 1663 3519 1721 ministri

1940 1748 2157 1803 fuerunt
2198 1751 2526 1805 sermonis".
2562 1770 2581 1801 ι
2633 1751 2831 1807 Adbaec
2881 1753 2955 1805 ait
3014 1753 3204 1807 hcalus
3235 1749 3514 1807 Joannes:

254 1822 351 1876 ἀπ’
392 1826 591 1895 ἀρχῆς,
633 1827 662 1881 ὂ
689 1829 1086 1913 ἀκηκόαμεν,ᾼό
1121 1832 1449 1905 ἑωράκαμεν
1496 1840 1608 1900 τοῖς
1638 1838 1835 1908 ὀφθαλ-

1949 1858 1968 1893 ι
2001 1841 2154 1908 Quod
2197 1841 2297 1896 fuit
2345 1842 2412 1895 ab
2452 1842 2625 1908 initio,
2665 1846 2806 1913 quod
2834 1845 3159 1910 audivimus,
3192 1844 3337 1913 quod
3376 1844 3516 1897 vidi-

257 1917 378 1993 μοῖς
406 1917 589 1987 ἡμῶν,
613 1918 642 1970 ὃ
661 1918 1025 1992 ἐθεασάμεθα,
1058 1925 1150 1977 καὶ
1172 1927 1230 1978 al
1260 1930 1439 1999 χεῖρες
1460 1929 1614 1999 ἡμῶν
1641 1930 1841 2001 ἐψηλά-

255 2025 437 2077 φησαν
470 2012 599 2081 περὶ
632 2010 725 2065 τοῦ
755 2014 931 2083 Λόγου
960 2017 1060 2086 τῆς
1103 2016 1269 2089 ζωῆς,
1303 2021 1395 2073 καὶ
1422 2023 1453 2092 ἠ
1484 2021 1598 2093 ζωὴ
1646 2024 1840 2091 ἐφανε-

259 2098 429 2170 ρώθη,
463 2102 557 2155 καὶ
599 2103 927 2175 ἑωράκαμεν
963 2110 1055 2161 καὶ⁹
1091 2111 1499 2183 μαρτυροῦμεν,
1533 2115 1628 2167 καὶ
1657 2115 1841 2183 ἀπαγ-

256 2189 521 2260 γέλλομεν
559 2193 687 2262 ὑμῖν
717 2196 818 2267 τὴν
850 2196 990 2267 ζωὴν
1040 2200 1141 2269 τὴν
1171 2199 1407 2266 αἰώνιον,
1440 2203 1564 2271 ἥτις
1603 2198 1671 2274 ἦν
1703 2204 1841 2275 πρὸς

257 2284 343 2336 τὸν
377 2286 598 2357 Πατέρα
643 2288 737 2340 καὶ
783 2289 1103 2361 ἐφανερώθη
1138 2294 1290 2363 ἡμῖν.
1322 2313 1341 2345 ι
1386 2294 1523 2347 Ἀλλ’
1548 2298 1598 2349 εί
1635 2297 1709 2368 μὴ
1743 2297 1838 2365 γέ-

256 2391 412 2440 γονεν
440 2377 612 2443 ἁπτός
640 2394 699 2430 τε
734 2380 827 2432 καὶ
860 2380 1072 2451 ὁρατὸς,
1109 2381 1184 2445 ὡς
1215 2382 1346 2437 ἴδιον
1380 2384 1519 2456 ἔχων
1544 2386 1606 2439 τὸ
1636 2387 1838 2451 ὑποπτ-

256 2483 387 2519 πτον
413 2468 648 2539 ἁμῇ-καὶ
674 2471 861 2540 ὁράσει
893 2472 1070 2545 σῶμα,
1104 2474 1223 2538 πῶς
1248 2476 1515 2531 αὐτόπται
1543 2476 1636 2531 τοῦ
1664 2480 1836 2547 Λόγου

255 2558 543 2625 γεγόνασιν
561 2561 609 2612 οί
628 2562 892 2631 πάνσοφοι
914 2564 1153 2634 μαθηταί
1175 2584 1189 2631 ;
1210 2566 1335 2629 Πῶς
1350 2566 1407 2619 δὲ
1423 2567 1513 2620 καὶ
1528 2568 1835 2637 τεθέανται,
1854 2586 1857 2587 ⁷

254 2649 686 2719 καὶψηλαφῆσαί
714 2670 845 2719 φασι
873 2653 963 2707 τὸν
983 2656 1156 2724 Λόγον
1176 2657 1273 2725 τῆς
1291 2656 1458 2728 ζωῆς,
1476 2659 1597 2729 ἥτις
1612 2655 1680 2729 ἦν
1702 2662 1838 2730 πρὸς

254 2741 341 2793 τὸν
376 2742 616 2812 Πατέρα,
651 2746 743 2796 καὶ
776 2745 1098 2818 ἐφανερώθη
1135 2748 1297 2818 ἡμῖν;
1328 2749 1530 2802 Τοῦτον
1552 2746 1643 2804 οὖν
1674 2752 1837 2807 αὑτὸν

250 2830 341 2881 τδν
361 2831 532 2883 ἁπτόν
555 2848 611 2883 τε
638 2833 734 2887 καὶ
762 2835 981 2900 ὁρατὸν,
997 2836 1090 2889 τὸν
1110 2836 1189 2907 τῷ
1220 2836 1362 2908 ξύλῳ
1388 2839 1832 2911 προσηλωμένον,

252 2921 470 2990 ἐπέγνω
517 2924 616 2992 μὲν
641 2925 669 2977 6
711 2925 933 2995 Θωμᾶς,
962 2928 1233 2997 ὡμολόγει
1268 2928 1325 2982 δὲ
1356 2930 1450 2983 καὶ
1484 2930 1629 3000 μάλα
1661 2930 1836 3003 ὀρθῶς

250 3013 385 3067 Θεὸν
436 3016 531 3066 καὶ
581 3015 807 3085 Κύριον.
859 3020 1001 3089 Ἔφη
1055 3018 1165 3090 γάρ
1216 3019 1409 3083 εὐθύς·
1450 3039 1468 3072 ι
1528 3020 1586 3075 '0
1630 3022 1835 3093 Κύριός

254 3121 356 3175 μου
385 3106 482 3159 καὶ
510 3109 538 3159 6
570 3107 703 3171 Θεὸς
722 3126 822 3178 μου
841 3123 885 3161 ⁸»
911 3105 1030 3163 εἶτα
1061 3112 1198 3182 πρὸς
1217 3111 1379 3165 αὑτὸν
1398 3114 1425 3165 6
1446 3112 1649 3183 Κύριος
1678 3114 1834 3184 ἡμῶν

264 3197 475 3269 Ἰησοῦς
503 3200 741 3269 Χριστός
767 3214 802 3245 ’ς
820 3218 837 3252 ι
868 3200 993 3253 Ὅτι
1015 3199 1267 3272 ἑώρακάς
1298 3221 1396 3273 με,
1421 3205 1792 3269 πεπίστευκας
1816 3222 1830 3237 ο

256 3291 519 3361 μακάριοι
549 3294 596 3344 οί
636 3292 709 3363 μὴ
758 3292 1088 3364 ἑωρακότες,
1134 3296 1230 3347 καὶ
1275 3295 1690 3359 πιστεύσαντες.
1715 3316 1734 3348 ι
1768 3297 1834 3351 Τί

253 3386 665 3449 πιστεύσαντες,
698 3384 821 3439 είπέ
850 3404 939 3455 μοι
962 3404 976 3450 ;
1004 3382 1149 3457 'Apa
1168 3388 1266 3457 οὔχ
1293 3388 1375 3440 ὅτι
1396 3388 1529 3452 Θεὸς
1549 3387 1625 3441 ὢν
1649 3388 1831 3459 φύσει,

253 3478 339 3530 τὸν
371 3477 505 3529 ἴδιον
534 3480 598 3530 ἐκ
630 3478 841 3548 νεκρῶν
866 3479 1132 3549 ἀνέστησε
1164 3479 1324 3543 ναόν;
1355 3478 1545 3532 Καίτοι
1580 3479 1695 3543 πῶς
1728 3481 1835 3550 άμο

252 3567 477 3636 φίλογον
523 3569 584 3622 τὸ
634 3570 869 3639 πρᾶγμά
901 3571 1085 3632 ὲστιν;
1122 3569 1260 3621 ’Λλλ’
1283 3572 1311 3623 ό
1349 3569 1583 3640 χρηστὸς
1613 3571 1830 3636 οὑτοσὶ,

255 3660 538 3729 μονονουχὶ
600 3663 719 3723 ταῖς
772 3659 866 3712 τοῦ
929 3659 1175 3730 μαθητοῦ
1230 3663 1433 3729 φωναῖς
1490 3660 1834 3733 ὲπερυθριῶν

252 3750 564 3815 ἀσυνέτως,
592 3753 705 3822 Οὐχ
750 3751 1092 3822 ὡμολόγησε,
1139 3755 1326 3822 φησιν,
1376 3753 1560 3818 αὐτὸν,
1608 3754 1689 3806 ὅτι
1740 3754 1836 3807 καὶ

252 3841 457 3911 Κύριος
503 3845 605 3909 καὶΔ
633 3842 766 3907 Θεός
816 3846 962 3895 ἐστιν
999 3845 1027 3897 6
1067 3843 1413 3914 πρωτότοκος
1466 3845 1531 3896 ὲκ
1584 3844 1831 3915 νεκρῶν’

252 3931 600 4001 παρατρέπει
641 3931 697 3983 δὲ
732 3930 929 3998 μᾶλλον
960 3931 1054 3984 ἐπὶ
1084 3931 1145 3984 τὸ
1179 3930 1329 4001 αὺτῴ
1367 3930 1556 3984 δοκοῦν
1598 3930 1695 4003 τὴν
1740 3932 1833 3985 τοῦ

251 4020 407 4089 λόγου
430 4023 683 4092 δύναμιν,
712 4022 804 4075 καί
836 4040 1021 4093 φησιν,
1046 4023 1127 4076 ὃτι
1154 4022 1246 4074 τὸν
1276 4021 1700 4091 παραδοξοποιὺν
1730 4023 1835 4076 ἐδο-

253 4115 463 4182 ξολόγει
484 4116 637 4177 Θεὸν,
664 4114 835 4182 λέγων
852 4132 895 4165 ἰ
918 4115 976 4167 '0
1003 4114 1204 4185 Κύριός
1230 4133 1329 4185 μου
1358 4117 1450 4168 καὶ
1469 4116 1494 4167 6
1516 4116 1645 4179 Θεός
1673 4133 1827 4201 μου.)

253 4207 599 4278 Προσεπάγει
630 4206 686 4258 δὲ
730 4206 972 4270 τούτοις
1004 4206 1077 4259 Ού
1112 4209 1171 4260 τὸ
1198 4206 1521 4277 ψηλα’,εηθὲν
1565 4226 1835 4278 προσαγο-

254 4298 431 4369 ρεύων
462 4300 621 4352 Θεόν·
656 4299 715 4350 ού
750 4299 859 4369 γὰρ
901 4298 1216 4370 ψηλαφήσει
1263 4290 1465 4369 Θεότης
1496 4300 1831 4369 εὑρίσκεται.

264 4392 556 4462 Ἐπιτιμᾷς
594 4384 687 4444 οὖν
718 4390 795 4461 τῷ
858 4390 1099 4461 μαθητῇ,
1150 4390 1270 4443 εἰπέ
1322 4409 1451 4461 μοι,
1502 4391 1704 4462 Κύριον
1741 4393 1834 4445 καὶ

1943 1946 2063 1984 mus
2098 1932 2267 1985 oculis
2312 1934 2534 1997 nostris,
2577 1926 2717 2002 quod
2750 1924 3165 2002 perspeximus,
3218 1941 3271 1988 et
3322 1948 3517 1988 manus

1944 2032 2143 2077 nostra!
2171 2034 2640 2081 contrectaveruut
2681 2029 2747 2082 de
2778 2027 2956 2084 Verbo
2993 2030 3138 2093 vitaz,
3173 2038 3227 2083 et
3258 2029 3365 2082 vita
3399 2042 3515 2082 ma-

1943 2112 2190 2168 nifestata
2217 2125 2321 2179 est,
2359 2124 2410 2169 ct
2440 2118 2669 2173 vidimus
2698 2126 2752 2173 et
2794 2127 3077 2184 testamur,
3114 2128 3173 2173 et
3216 2118 3510 2174 annuntiao

1942 2220 2061 2259 mus
2093 2206 2244 2261 vobis
2268 2206 2432 2261 vitam
2478 2217 2760 2275 aeternam,
2789 2226 2911 2279 qua:
2940 2219 3058 2265 erat
3086 2211 3227 2280 apud
3269 2209 3510 2275 Patrem,

1939 2305 1995 2352 et
2043 2298 2296 2367 apparuit
2343 2298 2496 2353 nobis
2521 2300 2562 2353 '.
2600 2318 2619 2352 ι
2676 2297 2804 2365 Sed,
2832 2301 2932 2355 nisi
2994 2300 3185 2356 fuisset
3237 2301 3514 2370 palpabilis

1940 2399 2105 2459 atque
2160 2390 2421 2457 visibilis,
2481 2400 2665 2461 utpote
2718 2406 2915 2462 corpus
2968 2396 3243 2463 pr0prium
3309 2395 3515 2448 habens

1942 2478 2104 2532 tactui
2149 2478 2396 2549 visuique
2431 2481 2758 2550 subjectum,
2805 2483 3077 2550 quomodo
3124 2481 3513 2550 sapientissimi

1939 2571 2014 2625 illi
2046 2571 2296 2641 discipuli
2342 2571 2601 2626 vidissent
2629 2570 2884 2636 Verbum,
2921 2566 3195 2641 quomOdo
3243 2572 3406 2626 etiam
3454 2587 3514 2627 se

1938 2666 2275 2736 perspexisse
2313 2673 2368 2720 et
2415 2673 2784 2720 contrectasse
2815 2664 3059 2720 dicerent
3085 2664 3323 2721 Verbum
3359 2667 3507 2727 vitae.

1936 2770 2058 2825 qua:
2099 2763 2218 2809 erat
2259 2754 2400 2825 apud
2446 2753 2679 2819 Patrem,
2728 2764 2782 2810 et
2815 2757 3066 2826 apparuit
3114 2758 3316 2812 nobis?
3358 2756 3513 2813 ilum:

1938 2843 2102 2914 igitur
2134 2844 2307 2914 ipsum
2351 2846 2797 2900 contrectabilem
2843 2855 3004 2916 atque
3046 2847 3335 2910 visibilem.
3371 2850 3511 2905 hunc

1937 2935 2027 3005 qui
2052 2934 2196 3003 ligno
2221 2933 2441 2990 sullixus
2466 2936 2663 3001 fuerat,
2696 2936 2931 2990 Thomas
2961 2937 3196 3007 agnovit,
3232 2952 3295 2993 ac
3317 2939 3508 2994 rectis-

1937 3026 2074 3080 sime
2130 3026 2294 3080 Dcum
2354 3042 2415 3080 ac
2471 3023 2753 3079 Dominum
2804 3024 3076 3081 fatebatur
3117 3045 3133 3082 :
3178 3026 3319 3083 dixit
3366 3029 3508 3083 enim

1938 3116 2194 3169 cotitinuo
2224 3128 2237 3166 :
2262 3112 2419 3185 15.0
2449 3132 2466 3165 ι
2495 3114 2751 3169 Dominus
2777 3130 2947 3179 meus,
2973 3126 3027 3170 et
3053 3114 3191 3171 Deus
3215 3131 3367 3171 meus
3388 3118 3409 3149 ⁷
3434 3134 3449 3184 ;
3484 3136 3502 3169 ι

1937 3204 2132 3259 deinde
2174 3205 2240 3259 ad
2297 3206 2445 3259 illum
2477 3203 2741 3260 Dominus
2776 3214 2965 3261 noster
3009 3204 3167 3262 Jesus
3209 3206 3506 3264 Christus:

1941 3311 1961 3345 ι
1993 3294 2149 3359 Quia,
2200 3293 2393 3363 inquit,
2452 3294 2632 3348 vidisti
2690 3308 2797 3358 mc,
2860 3293 3139 3349 credidisti
3175 3313 3189 3348 :
3220 3296 3365 3351 beati
3414 3298 3506 3366 qui

1937 3401 2041 3440 non
2072 3384 2339 3451 viderunt,
2367 3395 2420 3439 et
2449 3385 2791 3439 crediderunt
2812 3386 2853 3438 ⁸.
2886 3404 2904 3438 ι
2930 3385 3094 3452 Quid,
3121 3402 3249 3456 rogo
3284 3396 3355 3452 te,
3387 3403 3508 3443 cre-

1936 3476 2224 3531 diderunt?
2256 3491 2433 3530 nonne
2466 3476 2629 3545 quod,
2658 3490 2780 3530 cum
2823 3475 2967 3529 Deus
2997 3485 3145 3531 esset
3177 3492 3244 3532 ex
3294 3488 3507 3545 natura,

1936 3567 2209 3637 proprium
2246 3568 2499 3635 templum
2550 3566 2807 3622 excitavit
2857 3582 2886 3621 a
2937 3570 3202 3624 mortuis?
3238 3571 3401 3642 Atqui
3446 3556 3508 3628 ea

1938 3666 2024 3713 res
2072 3659 2198 3727 quid
2246 3660 2610 3728 ambiguitatis
2666 3660 2868 3716 habet?
2922 3659 3029 3715 Sed
3075 3662 3164 3718 hic
3212 3664 3384 3719 bonus
3429 3666 3511 3718 vir

1936 3751 2319 3820 propemodum
2382 3751 2450 3807 de
2510 3750 2756 3821 discipuli
2811 3751 3039 3807 vocibus
3090 3754 3255 3808 stulte
3306 3756 3506 3809 erube-

1936 3857 2115 3903 scens,
2152 3856 2259 3895 non
2283 3840 2563 3896 confessus
2592 3852 2696 3908 est,
2722 3843 2915 3912 inquit,
2950 3842 3236 3897 Dominum
3263 3855 3317 3899 et
3342 3843 3506 3899 Deum

1936 3948 2056 3987 esse
2091 3932 2235 3986 illum
2267 3932 2684 4003 primogenitum
2723 3948 2789 3987 ex
2826 3932 3091 4001 mortuis;
3128 3933 3222 3987 sed
3252 3936 3358 3989 vim
3392 3950 3513 3989 ser-

1938 4024 2111 4078 monis
2142 4024 2401 4091 pervertit
2435 4024 2499 4076 ad
2543 4037 2697 4077 suam
2744 4022 3078 4092 opinionem,
3117 4034 3170 4078 et
3210 4025 3307 4089 ait,
3339 4025 3507 4080 Deum

1937 4114 2333 4167 admirabilium
2379 4129 2601 4182 operum
2637 4111 2946 4167 ell'ectorem
2992 4114 3351 4182 gloriﬁcassc,
3384 4130 3506 4169 cum

1937 4204 2073 4259 dixit
2103 4222 2117 4259 :
2150 4224 2169 4255 ι
2200 4204 2457 4259 Dominus
2486 4218 2657 4266 meus,
2689 4212 2742 4259 et
2774 4203 2915 4258 Deus
2958 4220 3130 4260 meus.
3164 4227 3182 4258 ι
3214 4204 3309 4260 llis
3341 4206 3507 4261 etiam

1938 4296 2126 4365 adjicit
2155 4314 2168 4351 :
2200 4296 2317 4352 Non
2350 4296 2490 4366 quod
2528 4297 2967 4352 contrectabatur
3009 4297 3283 4366 appellans
3316 4297 3508 4364 Deum,

1937 4405 2042 4444 non
2096 4388 2237 4443 enim
2284 4387 2720 4442 contrectatione
2768 4388 3023 4443 dit-initas
3073 4389 3362 4443 invenitur.
3403 4390 3509 4443 Ac-

250 4483 383 4536 Θεὸν
435 4482 753 4551 ὀνομάζοντι
783 4482 872 4535 τὸν
903 4483 1167 4552 Χριστόν;
1208 4482 1399 4536 Καίτοι
1431 4484 1666 4554 δέδειχεν
1703 4486 1832 4556 ἡμῖν

1938 4494 2163 4535 cusasne
2192 4478 2533 4548 discipulum,
2580 4479 2666 4534 dic
2700 4479 2853 4546 ntibi,
2899 4480 3042 4550 quod
3079 4479 3354 4534 Christum
3402 4480 3509 4535 llo.

250 4573 507 4645 ἀρτίωςό
539 4572 714 4640 λόγος,
760 4573 841 4625 ὅτι
872 4572 1004 4635 Θεὸς
1036 4572 1111 4625 ὢν
1149 4573 1288 4626 κατὰ
1326 4570 1485 4641 φύσιν
1530 4575 1557 4625 6
1597 4575 1835 4643 Μονογε-

251 4664 365 4733 νὴς,
392 4664 607 4733 ἀναφὴς
642 4665 733 4716 καὶ
763 4663 1011 4733 ἀόρατος,
1054 4664 1225 4727 ἁπτὸς
1254 4665 1446 4732 γέγονε
1488 4666 1581 4717 καὶ
1615 4666 1831 4735 ὁρατός.

253 4755 423 4809 Ὅταν
459 4756 513 4807 δὲ
546 4756 735 4825 λέγῃς⁸
767 4757 840 4808 Ού
872 4756 979 4826 γὰρ
1010 4754 1319 4826 ψηλαφήσει
1362 4756 1564 4827 Θεότης
1584 4758 1834 4826 εὑρίσκε-

251 4862 358 4908 ται,
392 4847 559 4900 πάλιν
588 4847 764 4898 έκεῖνο
790 4845 1052 4916 ἐροῦμεν·
1081 4845 1151 4897 -Τί
1185 4846 1581 4915 παρωσάμενος
1612 4846 1710 4916 τὴν
1756 4849 1834 4899 ot-

254 4938 534 5007 κονομίαν,
561 4937 636 5000 ὡς
667 4938 797 5007 περί
824 4938 1034 5007 γυμνῆς
1063 4936 1284 5008 διαλέγῃ
1315 4937 1601 5008 θεότητος;
1632 4939 1710 5001 εἰς
1739 4938 1834 5009 λή-

254 5028 349 5098 θην
390 5030 452 5081 δὲ
492 5029 681 5099 ὥσπερ
726 5026 1026 5098 ἐληλακὼς,
1068 5030 1148 5081 ὅτι
1177 5029 1268 5080 καὶ
1298 5028 1585 5100 ὲσαρκώθη
1634 5030 1724 5081 καὶ
1754 5031 1835 5082 ὲν-

252 5110 609 5190 ηνθρώπησεν
637 5123 664 5171 6
685 5120 891 5190 ἀναφὴς
920 5120 1013 5172 καὶ
1041 5119 1350 5189 ἀσώματος,
1378 5120 1477 5173 οὐκ
1506 5120 1673 5191 ἀνέχῃ
1698 5120 1832 5174 Θεὸν

252 5203 624 5277 ὀνομαζούσης
650 5209 811 5261 αὑτὸν
840 5210 937 5279 τῆς
964 5209 1325 5261 θεοπνεύστου
1355 5209 1599 5280 Γραφῆς,
1630 5210 1718 5263 διά
1747 5229 1829 5265 τοι

252 5297 310 5347 τὸ
344 5281 730 5368 ὲψηλαιρῆσθᾶι
759 5300 943 5370 σαρκὶ,
971 5293 1150 5368 ὧιρθαί
1184 5317 1240 5351 τε
1272 5300 1473 5369 ὁμοίως
1507 5302 1619 5363 τοῖς
1653 5301 1829 5369 ἁγίοις

253 5386 571 5452 ἀποστόλοις
595 5407 609 5453 ;
646 5390 785 5442 Ἀλλ’
812 5393 973 5461 ἡμεῖς
1003 5407 1085 5458 γε,
1115 5385 1293 5454 ὧτᾶν,
1317 5390 1453 5461 ὁμοῦ
1479 5392 1555 5460 τῷ
1579 5392 1830 5464 μακαρίῳ

254 5476 446 5548 Θωμᾷ,
471 5478 561 5532 τὸν
584 5479 663 5549 τῷ
686 5480 825 5551 ξύλῳ
856 5481 1301 5551 προσηλωμένον,
1322 5482 1412 5534 τὸν
1436 5482 1830 5554 ψηλαφηθέντα

256 5571 463 5647 χερσὶν,
490 5569 805 5640 ἑωραμένον
838 5588 895 5624 τε
926 5574 1038 5635 τοῖς
1066 5572 1427 5638 ἀνθρωπίνοις
1450 5574 1681 5643 ὄμμασι,
1714 5576 1831 5639 ταῖς

326 5744 346 5777 ³
377 5744 521 5800 Psal.
560 5762 703 5815 itth,
728 5750 779 5803 5.

1941 4572 2143 4627 minum
2179 4586 2243 4625 ac
2270 4570 2436 4624 Deum
2468 4570 2741 4640 appellet?
2786 4573 2946 4641 Atqui
2981 4572 3228 4641 proximo
3261 4587 3510 4627 sermone

1938 4664 2366 4719 demonstratum
2419 4672 2532 4728 est,
2586 4664 2730 4717 illum
2778 4663 3148 4731 unigenitum,
3196 4679 3315 4718 cum
3368 4672 3513 4717 esset

1937 4756 2231 4810 secundum
2267 4765 2511 4808 naturam
2538 4755 2698 4818 Deus,
2731 4754 3089 4823 intpalpabilis
3116 4763 3171 4808 et
3200 4753 3508 4818 invisibilis,

1938 4848 2258 4920 palpabilem
2290 4862 2410 4900 esse
2446 4844 2643 4900 factum
2691 4855 2745 4899 et
2776 4845 3058 4897 visibilem.
3098 4843 3230 4898 Cum
3270 4858 3400 4896 vero
3432 4843 3511 4898 di—

1944 4940 2024 4993 cis
2054 4958 2067 4992 :
2097 4936 2213 4991 Non
2249 4938 2393 4991 enim
2431 4935 2865 4989 contrectatione
2902 4933 3170 4987 Divinitas
3214 4934 3509 5000 invenitur,

1942 5028 2071 5084 illud
2101 5044 2131 5082 c
2165 5026 2438 5082 contrario
2467 5026 2709 5080 dicemus
2738 5041 2750 5076 :
2784 5025 2945 5091 Quid,
2981 5025 3389 5094 dispensatione
3432 5040 3513 5079 reo

1935 5119 2105 5190 jecta,
2130 5129 2383 5189 tanquam
2408 5116 2474 5171 de
2504 5115 2647 5170 nuda
2672 5115 2958 5169 divinitate
2983 5115 3209 5170 disseris
3232 5154 3247 5180 ,
3282 5124 3336 5170 et
3360 5114 3515 5185 quasi

1940 5211 2137 5267 oblitus
2171 5221 2225 5266 et
2264 5210 2601 5263 incarnatuut
2652 5207 2841 5273 luisse,
2892 5215 2948 5260 et
2997 5207 3268 5262 hominem
3311 5206 3508 5260 factum

1938 5303 2087 5357 illum
2114 5300 2509 5371 impalpabilcm
2542 5309 2595 5354 et
2621 5300 3021 5368 incorporeum,
3059 5314 3244 5354 sacras
3276 5297 3511 5351 Litteras

1940 5408 2048 5448 non
2079 5392 2315 5447 sustines
2346 5406 2465 5459 qua:
2506 5390 2657 5443 illum
2693 5388 2859 5444 Deum
2905 5391 3196 5460 appellant,
3224 5399 3509 5457 prepterea

1939 5486 2083 5555 quod
2112 5498 2275 5539 carne
2316 5484 2385 5536 sit
2412 5490 2798 5547 contrectatus,
2828 5490 2881 5535 et
2914 5482 3060 5535 visus
3101 5482 3171 5534 sit
3205 5480 3333 5534 item
3379 5494 3507 5533 san-

1941 5578 2043 5633 ctis
2072 5574 2367 5647 apostolis?
2400 5572 2505 5629 Scd
2558 5589 2676 5641 nos,
2720 5589 2753 5629 ο
2799 5574 2881 5628 vir
2909 5572 3144 5642 egregie,
3180 5571 3337 5626 simul
3380 5584 3501 5625 cum

862 5761 876 5780 ³
918 5749 1117 5805 Hahae.
1160 5765 1237 5820 ιιι,
1270 5753 1321 5805 5.
1402 5752 1421 5781 ⁸
1454 5750 1579 5806 Luc.
1618 5767 1654 5818 ι,
1696 5753 1743 5819 ι,
1770 5755 1822 5807 2.

1955 5752 1975 5807 Ι
2005 5753 2158 5808 Joau.
2196 5771 2232 5819 ι,
2294 5754 2345 5808 2.
2427 5756 2444 5786 ⁷
2477 5754 2628 5809 Joan.
2661 5768 2747 5819 xx,
2782 5752 2871 5816 ‘28,
2912 5752 3000 5805 29.
3076 5752 3097 5782 ⁸
3133 5748 3261 5805 ibid.
