3956 6458
562 353 670 410 263

1568 365 1637 421 S.
1667 364 1943 422 CYRILILI
1981 360 2453 418 ALEXANDle
2491 362 2814 420 ARCHIEP.

3728 365 3863 418 213‘

558 466 720 529 beato
753 473 980 545 Thoma,
1027 478 1174 535 illum
1212 482 1359 554 ligno
1390 485 1664 554 suﬂlxum,
1701 488 1852 543 illum
1892 487 2129 541 manibus

2247 486 2397 557 αὑτῷ
2443 487 2785 558 πρεπούσαις
2833 486 3135 558 εὐφημίαις
3167 482 3560 556 στεφανοῦντές
3605 498 3806 551 φαμεν
3832 498 3849 510 σ

558 574 980 634 contrectatum,
1028 583 1491 647 conspectumque
1517 580 1772 634 humanis
1812 579 2006 642 oculis,
2054 578 2138 632 di-

557 655 681 722 guis
702 655 951 714 laudibus
972 661 1306 721 honorantes
1328 658 1558 724 dicimus
1588 691 1599 725 :
1629 687 1649 720 ι
1675 669 1937 724 Dominus
1960 683 2135 736 meus,

557 752 615 798 et
639 744 780 803 Deus
810 764 985 805 meus.
1020 770 1039 803 ι
1077 754 1155 809 Ac
1191 758 1234 810 si
1263 758 1534 827 quispiam
1567 761 1733 825 dicat,
1770 760 1862 816 Dei
1900 760 2135 815 Verbum

558 848 724 893 carne
754 843 968 911 propria
1009 860 1252 915 passum,
1297 863 1420 904 eum
1458 852 1681 922 dignum
1717 868 1837 909 esse
1870 852 2137 923 approba-

558 926 729 997 tione,
762 941 872 985 eta
909 948 1036 989 vero
1086 951 1247 993 sensu
1282 940 1505 996 minime
1556 942 1833 1008 aberrare,
1887 959 2009 999 cum
2056 942 2137 997 sic

555 1028 775 1088 quoque
824 1022 958 1078 illud
1004 1028 1266 1083 manserit
1316 1030 1636 1100 impatibile,
1684 1050 1894 1088 rursum
1945 1049 2011 1089 ex
2052 1034 2137 1091 his

554 1121 680 1174 quae
718 1109 831 1178 ipse
868 1113 1162 1184 scripsisti,
1197 1126 1291 1173 aut
1329 1121 1511 1176 dixisti
1566 1123 1620 1178 in
1660 1124 1922 1180 Ecclesiis
1966 1138 2135 1179 cona-

2246 596 2264 627 ε
2288 577 2345 631 '0
2376 576 2580 646 Κύριός
2619 594 2719 648 μου
2756 578 2850 632 καὶ
2879 579 2908 630 ὁ
2941 577 3071 640 Θεός
3110 594 3263 647 μου.»
3297 577 3419 629 Ὀτι
3448 575 3505 627 δέ
3537 572 3644 627 κᾶν
3677 573 3737 625 ετ
3754 588 3853 633 τις

2239 668 2399 737 λέγοι·
2417 671 2582 740 σαρκὶ
2610 673 2676 741 τῇ
2708 670 2815 740 ἰδίᾳ
2848 669 3041 723 παθεῖν
3068 668 3160 721 τὸν
3189 667 3285 722 τοῦ
3319 666 3459 721 Θεοῦ
3487 666 3693 733 Λόγον,
3737 665 3851 715 οὐκ

2239 763 2306 815 ἂν
2338 764 2660 834 ἀμοιρήσειε
2694 764 2787 816 τοῦ
2818 763 2911 816 καὶ
2945 760 3284 815 ἐπαινεῖσθαι
3315 760 3448 823 δεῖν,
3477 759 3576 811 καὶ
3607 757 3851 826 φρονεῖν

2240 853 2559 906 ἐλέσθαιμτά
2592 853 2767 923 ἀληθῆ
2811 852 3114 925 (μεμένηκε
3148 851 3257 921 γὰρ
3303 850 3402 902 καὶ
3443 847 3621 910 οὕτως
3681 846 3851 897 ἀπα-

2240 944 2386 1015 θὴς),
2420 944 2759 1014 πειράσομαι
2789 942 3103 1007 καταδεῖξαι
3131 941 3312 1004 πάλιν,
3341 942 3403 1006 ἐξ
3432 935 3508 993 ὧν
3536 939 3852 1009 γέγραφας

2237 1035 2420 1099 αὐτὸς,
2449 1034 2617 1104 ἧγουν
2645 1034 2781 1105 ἔφης
2797 1036 2855 1087 ἐν
2894 1033 3268 1103 Ἐκκλησίαις.
3303 1031 3559 1083 Ἐπαῑνου
3588 1030 3691 1100 μέν
3722 1028 3847 1096 γὰρ

2236 1127 2408 1192 ἀξιοῖς
2447 1128 2573 1189 τοὺς
2600 1126 2790 1194 ἁγίους
2821 1126 3073 1196 Πατέρας
3109 1124 3292 1195 ἡμῶν,
3333 1125 3460 1185 τοὺς
3488 1122 3545 1174 ἐν
3577 1120 3643 1189 γέ
3680 1135 3846 1190 φημι

2233 1222 2301 1290 τῇ
2352 1218 2605 1271 Νικαέων
2664 1217 2807 1271 κατά
2866 1217 3094 1286 καιροὺς
3152 1212 3704 1284 συναγηγερμένους,
3760 1210 3847 1273 ὡς

1995 1310 2008 1363 i
2045 1325 2139 1365 ac-
2237 1311 2440 1382 ἀκριὸῆ
2465 1308 3068 1381 κα“ιτετορ[ν]ευμένην
3114 1308 3216 1377 τῆς
3250 1306 3485 1368 πίστεως
3532 1306 3670 1375 ἡμῖν
3729 1301 3845 1371 τὴν

553 1473 855 1542 ediderint;
890 1480 982 1533 sed
1014 1496 1119 1534 non
1146 1482 1221 1536 ita
1252 1494 1311 1539 ut
1342 1486 1418 1540 illi
1443 1490 1636 1555 sentis,
1667 1490 1891 1547 minime
1917 1507 2135 1562 tneque

552 1564 738 1619 animo
766 1565 819 1621 in
841 1569 1089 1626 veritatis
1114 1572 1385 1644 dogmatis
1419 1576 1525 1633 lixo
1547 1593 1695 1636 recte
1725 1582 1929 1652 ingredi
1958 1586 2131 1653 cupis,

560 1666 581 1699 σ
610 1655 705 1707 sed
752 1654 1030 1714 claudicas
1077 1664 1475 1731 quodammodo
1522 1670 1785 1727 ambabus
1825 1672 2134 1745 suifragini-

554 1741 679 1808 bus,
712 1764 731 1797 ι
789 1756 845 1802 ut
895 1760 980 1805 est
1022 1754 1375 1823 scriptum":
1404 1768 1458 1813 et
1508 1770 1671 1817 rectae
1713 1764 1812 1819 vite
1860 1775 2132 1822 amatores

555 1833 934 1904 imprudenter
997 1844 1335 1918 objurgans,
1415 1854 1557 1921 quod
1626 1854 1733 1909 tibi'
1786 1857 1887 1926 ipsi
1954 1824 2206 1928 placetB

558 1924 713 1997 141
746 1937 1001 2002 tanquam
1049 1951 1236 1993 verum
1288 1942 1619 2013 conﬁrmas;
1651 1948 1760 2001 imo
1794 1964 1923 2004 vero
1958 1968 2025 2005 ne
2076 1954 2128 2008 in

553 2017 622 2073 iis
654 2021 869 2088 quidem
910 2040 1032 2095 qua:
1070 2028 1278 2097 dixisti,
1311 2038 1737 2101 permanendum
1784 2049 1976 2110 putas;
2008 2059 2128 2098 nam

553 2109 772 2168 invenio
797 2124 850 2170 te
878 2118 943 2173 de
972 2123 1178 2177 sanctis
1205 2122 1456 2182 Patribus
1479 2130 1660 2185 dicere
1692 2153 1705 2186 :

624 2202 865 2262 Nesrou.
920 2208 1228 2281 [Quoniam
1263 2232 1392 2273 vero
1435 2220 1479 2273 si
1511 2223 1812 2288 dixissent,
1847 2225 2131 2283 Credimus

550 2296 606 2348 in
657 2313 821 2352 unum
877 2300 1046 2356 Deum
1100 2305 1370 2373 Verbum,
1406 2308 1645 2366 futurum
1701 2325 1819 2369 erat
1869 2325 1927 2370 ut
1983 2335 2130 2374 mors

550 2386 748 2443 divina:
784 2401 1001 2448 naturte
1041 2396 1402 2464 tribueretur,
1442 2402 1560 2455 ideo
1612 2419 1809 2460 nomen
1854 2410 2131 2477 accipiunt

550 2492 843 2536 commune
867 2524 882 2549 ,
926 2500 1155 2556 nempe,
1193 2488 1350 2546 Jesus
1385 2493 1662 2560 Christus,
1691 2507 1749 2551 ut
1774 2507 1829 2552 et
1859 2512 2129 2557 mortuum

548 2569 701 2624 illum
729 2573 1094 2644 signiﬁcarent
1119 2619 1135 2644 ,
1173 2591 1225 2635 ct
1250 2583 1399 2637 illum
1430 2600 1534 2640 non
1576 2598 1868 2644 mortuum.
1902 2591 2000 2646 llis
2034 2595 2132 2647 ad-

540 2661 662 2731 jicit
692 2678 712 2716 :
742 2664 931 2737 itaque
957 2672 1179 2738 perinde
1213 2690 1276 2730 ac
1293 2676 1336 2730 si
1367 2679 1487 2747 quis
1513 2680 1653 2735 dicat
1679 2698 1695 2736 :
1730 2681 1823 2736 ille
1854 2683 2015 2742 homo
2048 2698 2128 2743 est

550 2764 818 2824 mortuus,
865 2765 1113 2830 quamvis
1155 2767 1337 2821 anima
1394 2772 1465 2825 sit
1524 2772 1891 2844 immortalis;
1949 2786 2128 2833 tamen

548 2846 673 2915 quia
710 2864 905 2907 nomen
941 2854 1078 2909 dixit
1126 2860 1280 2926 quod
1320 2861 1589 2930 significat
1621 2864 1758 2921 duas
1792 2875 2048 2933 naturas,
2076 2879 2132 2925 et

548 2952 745 3009 corpus
774 2944 916 3011 quod
951 2948 1181 3002 moritur
1214 2963 1267 3005 et
1297 2955 1533 3009 animam
1588 2957 1977 3023 immortalem,
2009 2961 2131 3016 idco

548 3027 682 3083 nihil
710 3039 794 3084 est
823 3033 1045 3102 periculi
1075 3037 1125 3090 in
1154 3054 1215 3092 ea
1242 3055 1373 3096 voce
1411 3061 1423 3094 :
1468 3054 1761 3116 utrumque
1790 3047 1935 3101 enim
1968 3064 2129 3104 voca-

2234 1402 2525 1473 ὁμολογίαν
2572 1396 2633 1455 εὗ
2683 1402 2827 1471 μάλα
2866 1400 3275 1470 πεποιημένους
3304 1415 3318 1430 ο
3358 1395 3722 1467 πεφρόντικάς
3771 1410 3843 1462 γε

2239 1493 2346 1565 μὴν
2386 1494 2446 1546 οὐ
2476 1494 2546 1546 τὰ
2589 1492 2816 1546 ἐκείνων
2862 1491 3061 1545 ποθένο
3092 1488 3217 1543 οὔτε
3254 1488 3362 1560 μὴν
3394 1490 3508 1550 τοῖς
3540 1487 3643 1556 τῆς
3689 1485 3843 1555 ἁληο

2236 1586 2386 1649 θείας
2436 1585 2704 1656 δόγμασιν
2741 1584 3024 1653 ἐνερείσας
3078 1582 3173 1635 τὸν
3235 1580 3380 1644 νοῦν,
3430 1578 3566 1650 όρθά
3615 1576 3847 1647 βαίνειν

2236 1675 2554 1745 ἐπιθυμεῖς,
2610 1694 2629 1726 ι
2662 1673 2927 1745 χωλεύεις
2964 1673 3022 1725 δέ
3065 1671 3255 1741 ὥσπερ
3300 1670 3650 1740 ἀμφοτέραις
3700 1668 3842 1728 ταῖς

2239 1767 2468 1836 ίγνύαις,
2501 1784 2519 1818 ι
2560 1765 2700 1818 κατὰ
2728 1764 2789 1818 τὸ
2817 1762 3205 1836 γεγραμμένον
3223 1778 3238 1793 ο
3263 1763 3378 1824 τοῖς
3404 1760 3505 1830 μὲν
3523 1759 3625 1829 τῆς
3663 1758 3843 1829 ὁρθόι

2235 1876 2398 1928 τητος
2442 1858 2698 1928 ἐρασταῖς
2756 1855 3036 1917 ἀσυνέτως
3085 1854 3380 1924 ἐπιτιμῶν,
3425 1851 3720 1924 κρατύνων
3767 1866 3841 1917 γε

2237 1951 2346 2021 μὴν
2373 1950 2449 2013 ὡς
2478 1947 2675 2019 ἀληθὲς
2702 1947 2764 2000 τὸ
2795 1946 2944 2017 αύτῷ
2990 1963 3072 1999 σοι
3103 1945 3328 1999 δοκοῦνσ
3365 1945 3565 2014 μᾶλλον
3608 1942 3665 1995 δέ
3700 1940 3843 1994 οὐδὲ

2233 2034 2313 2103 οἷς
2335 2039 2497 2102 αὐτὸς
2520 2038 2654 2108 ἔφης
2679 2038 2940 2107 ἐμμένειν
2966 2035 3161 2101 ἀξιῶνο
3183 2035 3424 2106 εὑρίσκω
3453 2033 3562 2105 γάρ
3591 2032 3843 2100 λέγοντο.

2235 2129 2361 2198 περὶ
2390 2128 2497 2181 τῶν
2518 2128 2692 2193 ἁγίων
2712 2125 3001 2196 Πατέρων⁸

2304 2217 2559 2290 [Ἐπειδὴ
2609 2216 2719 2287 γὰρ
2771 2215 2878 2287 [ian
2909 2215 2981 2288 εἰ]
3017 2215 3321 2287 εἰρήκασιν,
3351 2215 3432 2268 ὅτι
3479 2212 3841 2283 Πιστεύομεν

2234 2312 2313 2374 εἰς
2343 2310 2439 2362 ’ένα
2461 2310 2592 2362 Θεὸν
2622 2310 2813 2376 Λόγον,
2844 2307 3069 2378 ἔμελλεν
3097 2310 3125 2360 ό
3167 2306 3393 2369 θάνάτος
3418 2309 3485 2377 τῇ
3520 2305 3642 2376 θείᾳ
3673 2305 3839 2370 λογί-

2235 2401 2424 2465 ζεσθαι
2450 2400 2632 2471 φύσει,
2655 2401 2825 2470 ὄνομα
2854 2400 3099 2469 δέχονται
3127 2399 3306 2452 κοινὸν
3334 2399 3416 2463 τὸ,
3444 2396 3682 2467 Χριστὸς
3719 2397 3837 2465 ’ῐηο

2236 2494 2384 2559 σούς,
2412 2495 2498 2547 ἵνα
2522 2494 2618 2546 καὶ
2649 2493 2740 2545 τὸν
2767 2492 3111 2546 ἀποθανόντα
3142 2491 3445 2561 σημάνωσι,
3479 2490 3572 2541 καὶ
3605 2488 3699 2541 τὸν
3749 2489 3853 2557 μὴ¹

2234 2587 2593 2641 ἀποθανόντα.
2613 2586 2981 2654 Προσεπάγει
3001 2583 3069 2637 δὲ
3086 2588 3319 2647 τούτοις
3337 2599 3350 2612 ο
3378 2582 3541 2635 Ὥστε
3563 2579 3619 2633 εἰ
3635 2598 3723 2642 τις
3740 2580 3839 2633 λέμ-

2233 2698 2339 2749 γοι,
2379 2680 2436 2734 ’0
2459 2680 2605 2732 δεῖνα
2625 2677 2908 2749 ἄνθρωπος
2939 2675 3199 2739 ἀπέθανε,
3231 2674 3409 2728 καίτοι
3439 2675 3471 2744 ἡ
3502 2672 3651 2743 ψυχὴ
3689 2670 3845 2726 ἀθάρ-

2234 2770 2390 2833 νατός
2435 2772 2602 2831 ἐστιν,
2643 2766 2759 2821 ἀλλ’
2781 2766 2977 2835 ἐπειδὴ
3002 2765 3061 2819 τὸ
3092 2765 3262 2834 ὄνομα
3296 2760 3416 2817 εἷπε
3447 2764 3509 2816 τὸ
3554 2765 3851 2833 σημαῖνον»

2233 2861 2332 2923 τὰς
2356 2860 2448 2912 δύο
2478 2859 2689 2929 φύσεις,
2718 2857 2905 2910 καὶντδ
2934 2856 3097 2927 σῶμα
3124 2856 3185 2909 τὸ
3208 2854 3568 2925 ἀποθνῆσκον,
3600 2854 3697 2906 καὶ
3722 2854 3855 2924 τὴν

2232 2949 2411 3020 ψυχὴν
2442 2948 2541 3018 τὴν
2586 2946 2874 3010 ἀθάνατον,
2903 2945 3002 2997 οὐκ
3032 2943 3143 3013 ἕχει
3175 2942 3421 2995 κίνδυνον
3446 2943 3478 3012 ὴ
3507 2941 3660 3010 φωνή
3678 2954 3694 2969 ·
3732 2940 3840 2993 ἆν-

2234 3043 2450 3112 θρωπος
2485 3039 2593 3110 γάρ
2638 3037 2887 3091 καλεῖται
2920 3035 3235 3105 ἀμφότερα,
3271 3033 3364 3086 καὶ
3401 3031 3469 3084 τδ
3508 3030 3692 3100 σῶμα,
3727 3032 3839 3082 καὶ

551 3127 640 3173 tur
683 3120 875 3189 homo,
917 3134 972 3179 et
1000 3140 1197 3197 corpus
1248 3140 1301 3185 et
1354 3135 1534 3188 anima
1575 3154 1590 3202 ;
1630 3138 1703 3191 ita
1757 3138 1925 3209 igitur
1974 3142 2129 3195 etiam

2245 3134 2445 3203 ἡψυχὴ
2472 3149 2483 3161 ·
2506 3130 2651 3183 οὕτω
2681 3129 2864 3182 τοίνυν
2897 3128 2992 3181 καὶ
3016 3129 3056 3180 ό
3080 3126 3250 3197 μέγας
3279 3126 3485 3186 ἐκεῖνος
3525 3121 3689 3193 χορὸς
3715 3120 3855 3190 ἔφη,

550 3223 777 3281 magnus
799 3213 887 3270 ille
920 3216 1118 3273 chorus
1144 3219 1212 3274 de
1241 3221 1459 3279 Christo
1491 3226 1648 3280 dixit.
1677 3226 1703 3299 1

1181 3354 1263 3410 CA
1276 3356 1331 3410 P.
1374 3357 1482 3412 νη.

618 3486 753 3542 Cum
809 3487 884 3542 illi
948 3488 1223 3546 Christum
1284 3495 1467 3550 Iesum
1522 3498 1807 3567 dixerunt,
1842 3519 1943 3558 non
1995 3506 2131 3561 duos

553 3577 690 3633 lilios
729 3580 956 3633 seorsim
984 3619 999 3644 ,
1028 3582 1121 3651 qui
1156 3599 1440 3641 comnmne
1476 3588 1739 3665 haberent
1770 3595 1873 3648 hoc
1904 3611 2122 3663 nomen,

549 3668 800 3725 Christus
826 3669 985 3727 Jesus
1005 3712 1022 3739 ,
1052 3675 1144 3729 sed
1170 3675 1298 3730 illud
1329 3694 1395 3732 ex
1432 3678 1539 3735 Deo
1587 3682 1822 3739 Verbum
1858 3686 2129 3743 hominem

551 3760 752 3816 factum
781 3763 1148 3833 signiﬁcasse,
1186 3781 1607 3838 repugnaturum
1645 3776 1737 3843 qui
1770 3778 1945 3846 sapiat
1984 3789 2131 3837 certe

548 3860 680 3921 puto
729 3854 1003 3910 neminem
1033 3872 1046 3908 :
1076 3871 1139 3912 ac
1173 3870 1369 3927 praeter
1406 3877 1467 3916 ea
1510 3879 1629 3933 qua:
1667 3864 1777 3934 jam
1813 3867 1963 3923 dicta
1981 3880 2128 3935 sunt,

546 3944 649 3998 hac
674 3945 739 4000 de
781 3961 839 4000 re
867 3947 1019 4015 plura
1044 3948 1221 4004 adhuc
1257 3950 1461 4007 referre
1496 3956 1659 4009 verba
1682 3997 1708 4020 ,.
1729 3972 2125 4026 supervacuum

548 4034 639 4098 sit,
672 4036 886 4104 opinor.
928 4036 1309 4096 Verumtamen
1372 4045 1416 4097 si
1464 4044 1529 4099 iis
1575 4060 1693 4115 quae
1744 4047 1884 4101 dicta
1944 4060 2071 4104 sunt
2101 4068 2129 4106 a

548 4126 739 4190 nobis,
797 4131 1110 4196 persuaderi
1170 4133 1262 4187 tibi
1321 4151 1424 4189 non
1486 4147 1661 4205 potest
1715 4149 1772 4193 ut
1834 4142 2123 4214 intelligas,

545 4215 762 4271 etiamsi
802 4218 1047 4275 dicamus
1100 4222 1274 4290 ipsum
1336 4226 1430 4282 Dei
1467 4228 1723 4297 Verbum,
1758 4244 1983 4304 propter
2030 4253 2128 4292 nos

545 4319 709 4360 carne
748 4321 1003 4376 passum,
1030 4309 1379 4370 nihilominus
1411 4317 1538 4371 illud
1570 4335 1600 4373 a
1630 4323 1785 4378 nobis
1836 4325 2128 4395 impatibile

545 4407 802 4466 tauquam
834 4397 1001 4455 Deum
1038 4404 1242 4458 servari
1269 4444 1285 4470 ,
1318 4406 1508 4463 saltem
1548 4411 1654 4467 tuis
1683 4414 1902 4471 vocibus
1928 4416 2127 4487 largire

2240 3225 2369 3294 περὶ
2402 3219 2701 3293 Χριστοῦ]

2838 3356 3095 3411 ΚΕΦΑΛ.
3128 3357 3203 3409 Ζ’;

2307 3503 2428 3556 Ὅτι
2478 3501 2576 3571 μὲν
2619 3497 2853 3569 Χριστὸν
2912 3495 3118 3565 Ἰησοῦν
3175 3493 3572 3562 ὀνομάσαντες,
3607 3490 3671 3543 οὐ
3715 3490 3837 3544 δύα

2237 3596 2329 3649 καὶ
2357 3595 2460 3648 ἀνά
2502 3593 2665 3663 μέρος
2695 3590 2863 3652 υἱοὺς,
2903 3587 3089 3641 καινὸν
3119 3585 3343 3655 ἔχοντας
3380 3585 3551 3683 ὄνομα
3576 3583 3656 3683 τὸ,
3686 3582 3839 3683 f9:—

2236 3687 2358 3749 στὸς
2396 3684 2623 3756 Ἰησοῦς.
2654 3680 3115 3751 ἐνηνθρωπηκότα
3140 3677 3197 3781 δέ
3233 3675 3447 3781 μᾶλλονῖ
3462 3675 3555 3727 τὸν
3581 3673 3830 3781 ἐκ-Θεοιὲ

2235 3776 2406 3845 Λόγον
2463 3770 2986 3843 κατασημαίνουσιν,
3039 3766 3316 3836 ἀνταίρειν
3395 3761 3551 3834 οἶμαι
3606 3763 3719 3815 τῶν
3762 3761 3827 3865 εὖ

2235 3863 2574 3937 φρονούντων
2613 3863 2805 3916 οὐδένα
2826 3876 2841 3893 ’
2872 3859 2966 3913 καὶ
2997 3858 3078 3920 τὸ,
3121 3855 3199 3909 ἔτι
3248 3856 3494 3926 μακροὺς
3534 3853 3665 3921 περὶ
3700 3853 3830 3904 σιού-

2232 3975 2339 4011 των
2378 3958 2524 4027 ἡμᾶς
2566 3953 2883 4021 ἀντεξάγειν
2919 3951 3112 4019 λόγους
3144 3949 3279 4019 πρὸς
3308 3950 3439 4048 τοῖς.
3458 3947 3849 4048 ἧδηγεγενῖῖ-

2237 4048 2436 4119 μένοις,
2470 4044 2724 4117 περιττὸν
2752 4038 2905 4113 οἶμαί
2938 4058 3061 4095 που.
3093 4040 3242 4109 Πλὴν
3274 4041 3323 4092 εί
3355 4040 3467 4101 τοῖς
3494 4037 3629 4108 πρὸς
3657 4037 3829 4107 ἡμῶν

2233 4141 2333 4193 οὐκ
2367 4138 2638 4208 ἀναπείθῃ
2668 4136 2869 4203 λόγοις,
2901 4133 2979 4197 εἴς
3006 4151 3069 4203 γε
3110 4133 3172 4185 τὸ
3205 4131 3430 4185 ἑλέσθαι
3462 4132 3704 4201 φρονεῖν,
3740 4130 3829 4183 ὅτι

2234 4235 2338 4287 κάν
2382 4232 2631 4301 λέγωμεν
2678 4229 2844 4299 σαρκὶ
2897 4226 3228 4280 πεπονθέναι
3274 4225 3342 4278 δι’
3382 4226 3535 4295 ἡμᾶς
3583 4224 3675 4276 τὸν
3721 4222 3826 4275 τοῦ

2234 4324 2370 4381 θεοῦ
2417 4324 2612 4392 Λόγον,
2660 4321 2849 4389 ἀπαθῆ
2895 4321 2990 4373 καί
3037 4318 3179 4372 οὕτω
3217 4317 3493 4388 τηροῦμεν
3542 4314 3707 4370 αὐτὸν
3744 4315 3828 4377 ὡς

2234 4419 2366 4473 Θεόν
2386 4435 2400 4450 ’
2436 4417 2538 4470 κᾶν
2571 4414 2701 4484 γοῦν
2731 4416 2852 4478 ταῖς
2886 4411 3116 4465 σεαυτοῦ
3152 4408 3378 4482 χαρίζου
3411 4410 3634 4477 φωναῖς,
3665 4408 3731 4459 τὸ
3761 4402 3824 4458 εὖ

546 4498 605 4539 ut.
640 4500 788 4545 recte
829 4492 1053 4561 prolatae
1091 4495 1397 4555 videantur.
1456 4498 1607 4556 Sicut
1638 4505 1782 4558 enim
1814 4507 1905 4576 qui
1946 4508 2124 4562 homi-

2238 4481 2806 4581 πεποιῆσθαινδοκεῖν.
2833 4506 3048 4574 Ὥσπερ
3082 4504 3190 4573 γὰρ
3235 4504 3263 4555 ὁ
3293 4501 3577 4571 ἄνθρωπον
3624 4498 3821 4567 εἰπὼν,

543 4594 669 4633 nem
696 4579 867 4649 dixit,
899 4582 1058 4639 simui
1091 4600 1214 4640 cum
1247 4602 1477 4657 corpore
1506 4592 1827 4663 signiﬁCavit
1861 4598 2122 4665 animam,

545 4673 795 4743 quamvis
825 4674 942 4729 haec
991 4686 1239 4733 naturam
1280 4680 1474 4737 habeat
1518 4686 1585 4739 ab
1617 4701 1682 4741 eo
1705 4688 2006 4757 diversam,
2052 4694 2125 4749 ita

547 4771 629 4831 ut,
656 4765 870 4823 etiamsi
901 4783 1097 4835 corpus
1132 4770 1366 4829 fortasse
1414 4775 1647 4845 alicujus
1700 4792 1972 4839 mortuum
2005 4801 2126 4843 esse

545 4852 792 4920 dicatur,
829 4867 974 4916 totus
1005 4860 1054 4915 id
1094 4862 1255 4917 homo
1300 4880 1492 4934 passus
1535 4884 1640 4923 non
1685 4872 1919 4928 absurde
1962 4876 2122 4933 intel-

542 4941 783 5017 ligaturi,
812 4953 1058 5016 quamvis
1097 4954 1333 5008 animam
1390 4958 1587 5013 habeat
1641 4961 1780 5017 haud
1830 4968 1988 5021 morti
2031 4971 2128 5024 ob-

542 5037 764 5092 noxiam
804 5038 849 5072 “
887 5058 903 5105 ;
938 5042 1016 5097 sic
1062 5059 1121 5099 se
1169 5061 1255 5100 res
1301 5047 1462 5102 habet
1508 5050 1559 5104 in
1600 5054 1841 5109 omnium
1885 5068 2124 5114 nostrum

548 5124 831 5183 Salvatore
879 5128 1119 5187 Christo.
1171 5132 1305 5188 Nam
1354 5138 1478 5208 quia
1523 5139 1657 5194 illud
1698 5157 1765 5196 ex
1810 5142 1920 5199 Deo
1968 5145 2128 5204 Patre

549 5216 821 5285 Verbum,
867 5231 925 5277 ut
966 5238 1107 5292 sape
1150 5226 1424 5293 diximus,
1478 5232 1747 5303 particeps
1804 5234 1903 5290 fuit
1945 5240 2125 5296 carnis

547 5323 603 5367 et
642 5315 922 5385 sanguinis
986 5316 1237 5372 similiter
1274 5334 1338 5373 ac
1378 5336 1477 5377 nos
1501 5362 1515 5386 ,
1548 5332 1603 5378 et
1638 5340 1835 5396 corpus
1882 5329 2010 5384 illud
2058 5347 2122 5387 ex

546 5415 738 5462 sancta
773 5404 997 5478 Virgine
1025 5407 1130 5463 sibi
1164 5410 1441 5477 proprium
1476 5412 1605 5468 fecit
1627 5456 1643 5479 ,
1670 5426 1724 5471 et
1750 5421 1824 5474 ita
1863 5420 2004 5477 filius
2030 5423 2128 5479 ho—

548 5498 715 5554 minis
740 5508 824 5554 est
854 5498 1028 5555 factus
1059 5517 1073 5565 ;
1106 5501 1209 5556 hac
1238 5502 1303 5556 de
1329 5517 1515 5571 causa,
1542 5518 1753 5565 mortua
1782 5510 1900 5579 ejus
1938 5530 2123 5581 carne,

546 5602 690 5646 vorte
745 5590 891 5647 illius
935 5591 1150 5647 unionis
1200 5593 1337 5650 ratio
1396 5597 1704 5667 passionem
1752 5604 1853 5676 ipsi
1916 5607 2123 5675 tribuit,

616 5767 635 5798 ⁸
671 5768 736 5823 lll
775 5768 909 5842 Reg.
952 5785 1108 5840 mit,
1142 5772 1230 5827 ill.
1312 5774 1352 5807 ”
1385 5774 1543 5834 Hebr.
1578 5794 1637 5844 ιι,
1670 5780 1754 5836 l5.

2240 4605 2579 4673 συνεσήμανε
2613 4599 2690 4669 τῷ
2716 4596 2931 4667 σώματι
2964 4596 3057 4667 τὴν
3086 4594 3284 4664 ψυχὴν,
3314 4594 3491 4647 καίτοι
3523 4592 3620 4663 τὴν
3656 4590 3825 4658 φύσιν

2237 4698 2590 4768 ὑπάρχουσαν
2632 4690 2899 4763 ἐτεροφυᾶ
2937 4688 3068 4759 παρ’
3105 4686 3256 4749 αὐτὸ,
3302 4686 3405 4785 κάν
3434 4686 3482 4737 εί
3515 4684 3733 4785 λέγοιτο
3761 4683 3826 4735 τὸ

2234 4791 2329 4848 τοῦ
2375 4790 2544 4849 δεῖνος
2579 4784 2738 4855 σῶμα
2767 4782 2930 4853 τυχὸν
2974 4780 3288 4843 ἀποθανεῖν,
3332 4779 3470 4840 ὅλως
3518 4779 3674 4829 τοῦτο
3726 4792 3825 4827 πε-

2238 4881 2450 4943 πονθὼς
2478 4880 2507 4931 ὁ
2551 4876 2835 4945 ἄνθρωπος
2878 4874 3047 4926 νοοῖτ*
3075 4872 3141 4925 ἂν
3190 4870 3445 4932 εἰκότως,
3493 4867 3672 4920 καίτοι
3717 4866 3820 4918 θα-

2237 4977 2401 5031 νάτου
2432 4973 2531 5025 οὐκ
2562 4970 2699 5040 ἔχων
2737 4965 2992 5036 δεκτικὴν
3031 4965 3130 5034 τὴν
3167 4963 3376 5032 ψυχήνο
3410 4960 3553 5013 οὓτω
3594 4959 3690 5011 καὶ
3730 4959 3823 5011 ἐπὶ

2235 5067 2331 5120 τοῦ
2365 5065 2582 5118 πάντων
2612 5058 2771 5131 ἡμῶν
2808 5058 3059 5127 Σωτῆρος
3096 5055 3356 5125 Χριστοῦ,
3394 5051 3612 5120 Ἐπειδὴ
3653 5050 3765 5120 γὰρ
3793 5052 3824 5101 ὁ

2236 5159 2300 5212 ἐκ
2325 5156 2460 5211 Θεοῦ
2488 5152 2698 5222 Πατρός
2731 5150 2924 5218 Λόγος,
2950 5147 3094 5201 καθά
3135 5145 3458 5207 πλειστάκις
3489 5144 3820 5213 εἰρήκαμεν,

2237 5248 2573 5319 μετέσχηκεν
2604 5244 2836 5314 αἵματος
2864 5240 2958 5294 καὶ
2987 5239 3189 5310 σαρκὸς
3219 5234 3621 5308 παραπλησίως
3661 5234 3821 5302 ἡμῖν,

2236 5337 2398 5407 σῶμά
2421 5355 2480 5389 τε
2515 5337 2643 5389 ἴδιον
2679 5333 2975 5401 ἐποιήσατο
3004 5330 3063 5383 τὸ
3093 5330 3157 5382 ἐκ
3188 5329 3286 5397 τῆς
3320 5327 3482 5425 ἀγίας
3514 5323 3816 5425 Παρθένου,

2234 5429 2610 5499 κεχρημάτικέ
2658 5442 2718 5478 τε
2763 5422 2907 5476 οὕτω
2942 5422 3035 5475 καὶ
3085 5420 3199 5483 υἱὸς
3248 5415 3565 5488 ἀνθρώπου·
3609 5415 3818 5482 ταύτης

2232 5520 2395 5573 ἓνεκα
2440 5519 2543 5589 τῆς
2590 5516 2772 5580 αἰτίας
2810 5512 3191 5584 ἀποθανούσης
3225 5509 3388 5565 αὐτοῦ
3437 5507 3534 5578 τῆς
3575 5505 3814 5576 σαρκὸς,

2234 5611 2383 5683 αὐτῷ
2415 5612 2512 5684 μὲν
2544 5610 2604 5665 τὸ
2636 5609 2809 5674 πάθος
2834 5611 2862 5664 ό
2894 5607 2993 5679 τῆς
3021 5604 3255 5678 ἀληθοῦς
3300 5602 3550 5672 ἑνότητός
3583 5598 3816 5653 ἀνάπτει
