4088 6466
256 384 372 442 εὖ

1336 384 1711 444 ADVERSUS
1747 380 2158 445 NESTORIUM
2202 384 2329 443 LIB.
2372 385 2436 441 V.

3426 381 3534 440 246

256 498 450 564 λόγος’
484 495 587 563 ἔξω
617 513 680 564 γε
716 497 823 567 μὴν
858 491 965 551 οἶδε
1000 498 1356 570 μεμενηκότα
1378 501 1481 554 τοῦ
1517 500 1734 566 παθεῖν,
1767 500 1850 554 ὃτι

1961 500 2201 570 quamvis
2251 500 2381 556 illud
2433 508 2589 554 extra
2625 497 2933 566 passionem
2987 496 3252 553 mansisse
3301 498 3535 557 noverit.

257 591 359 642 καὶ
391 588 523 652 Θεός
552 588 668 641 ἐστι
708 590 850 643 κατά
884 592 1047 658 φύσιν
1093 591 1187 643 καὶ
1222 589 1358 662 ζωή.
1399 593 1510 646 Καὶ
1541 591 1671 662 γοῦν
1700 593 1728 645 ό
1762 592 1851 645 θε-

256 678 492 741 σπέσιος
521 678 728 748 Πέτρος
752 679 1010 751 τοιαύτην
1032 682 1162 751 ἡμῖν
1185 681 1509 751 παρατιθεὶς
1550 682 1651 755 τὴν
1685 701 1853 753 μυστ-

255 768 532 838 αγωγίαν,
574 762 677 822 ὧδέ
719 771 793 841 πή
835 786 969 842 φησι
1010 772 1139 843 περὶ
1178 772 1340 825 αὐτοῦ
1366 776 1479 837 τοῖς
1507 775 1854 829 πιστεύουσιν

256 859 346 922 είς
383 860 576 913 αὐτόν·
616 879 635 912 ι
670 861 767 914 Ὃν
799 862 901 914 οὐκ
944 862 1146 926 εἰδότες
1186 864 1440 932 ἀγαπᾶτε
1463 881 1477 896 ·
1510 867 1590 928 είς
1635 866 1694 919 ὃν
1731 866 1853 937 ἄρτι

262 951 347 1020 μὴ
392 951 644 1021 ὁρῶντες,
672 952 1022 1017 πιστεύοντες
1048 953 1126 1018 δὲ,
1160 955 1490 1023 ἀγαλλιᾶσθε
1522 959 1666 1028 χαρᾷ
1697 957 1856 1011 ἀνεκο

260 1041 488 1113 λαλήτῳ
514 1043 608 1097 καὶ
647 1043 1035 1115 δεδοξασμένῃ,
1065 1048 1424 1117 κομιζόμενοι
1477 1047 1539 1100 τὸ
1570 1049 1725 1112 τέλος
1753 1048 1855 1117 τῆς

260 1134 537 1199 πίστεως,
584 1136 861 1205 σωτηρίαν
906 1136 1117 1208 ψυχῶν.
1167 1140 1303 1210 Περὶ
1345 1134 1411 1211 ἧς
1461 1140 1738 1212 σωτηρίας
1768 1140 1856 1203 eg-

258 1220 548 1294 εζήτησαν
582 1225 678 1277 καὶ
706 1224 799 1296 ὲξη
810 1224 1079 1295 ρεύνησαν
1100 1227 1399 1297 προφῆται,
1428 1230 1477 1281 οἱ
1502 1229 1631 1299 περὶ
1655 1230 1753 1299 τῆς
1774 1230 1855 1291 είς

258 1313 419 1384 ἡμᾶς
449 1315 670 1386 χάριτος
714 1315 1215 1387 προφητεύσαντες,
1245 1318 1573 1390 ἐρευνῶντες
1600 1321 1680 1383 είς
1711 1320 1851 1385 τίνα,

259 1403 299 1474 ἦ
333 1407 490 1458 ποῖον
519 1407 708 1477 καιρὸν
735 1407 923 1478 ἐδήλου
949 1408 1013 1461 τδ
1041 1410 1100 1461 ἐν
1122 1410 1307 1473 αὐτοῖς
1334 1411 1561 1481 Πνεῦμα
1592 1410 1854 1481 Χριστοῦ,

260 1497 793 1569 προμαρτυρόμενον
820 1498 888 1554 τὰ
925 1500 1004 1563 εἰς
1028 1501 1262 1571 Χριστὸν
1285 1502 1606 1573 παθήματα,
1633 1503 1729 1555 καὶ
1756 1502 1856 1565 τὰς

263 1588 413 1658 μετά
429 1588 601 1642 ταῦτα
626 1590 816 1654 δόξας·
845 1586 927 1653 οἷς
949 1592 1335 1663 ἀπεκαλύφθη,
1371 1593 1451 1646 ὅτι
1478 1593 1575 1663 οὐχ
1615 1593 1851 1657 ἑαυτοῖς,

258 1679 403 1749 ἡμῖν
428 1679 485 1732 δὲ
512 1679 795 1749 διηκόνουν
848 1680 1010 1745 αύτά,
1055 1681 1091 1735 ἃ
1132 1681 1227 1736 νῦν
1260 1684 1393 1753 ἡμῖν
1438 1683 1718 1754 ἀνηγγέλη
1767 1683 1856 1737 διά

259 1769 380 1823 τῶν
428 1772 943 1843 εὐαγγελισαμένων
987 1773 1135 1844 ἡμᾶς
1182 1773 1316 1843 (58),
1378 1774 1661 1845 Πνεύματι
1712 1774 1855 1845 ἁγίῳ

260 1864 633 1919 ἀποσταλέντι
668 1865 765 1919 ἀπ’
792 1843 1045 1936 ούρανοῦ,
1070 1866 1151 1929 είς
1176 1864 1211 1919 ἃ
1241 1843 1601 1936 ἐπιθυμοῦσιν
1633 1843 1856 1933 ἄγγελοι
1887 1843 1930 1898 Β

263 1958 618 2028 παρακύψαι.
640 1975 659 2009 ι
699 1957 943 2020 Ἀκούεις
972 1958 1119 2021 ὅπως
1152 1957 1211 2011 τὸ
1241 1956 1468 2027 Πνεῦμα
1487 1955 1726 2028 Χριστοῦ
1761 1956 1857 2010 καὶ

261 2050 330 2101 ἐν
374 2053 488 2113 τοῖς
528 2050 705 2118 ἁγίοις
752 2050 1062 2123 προφήταις
1090 2046 1178 2122 ἦν,
1231 2050 1756 2121 προανακεκράγασι
1800 2048 1857 2101 δὲ

260 2139 339 2198 τὰ
380 2142 459 2204 εἰς
489 2142 722 2213 Χριστὸν
749 2142 1073 2213 παθήματα,
1122 2142 1217 2195 καὶ
1249 2141 1349 2205 τὰς
1385 2142 1523 2212 μετὰ
1560 2139 1735 2194 ταῦτα
1767 2139 1858 2192 δό-

264 2230 404 2300 Eae;
430 2228 557 2303 Ἀρ*
596 2228 689 2287 οῦν
723 2234 795 2297 ὡς
838 2233 1124 2306 ἄνθρωπον
1156 2232 1340 2296 ἁπλῶς
1374 2232 1516 2302 ὑπὲρ
1559 2230 1719 2302 ἡμῶν
1762 2247 1859 2283 πε-

265 2324 512 2378 πονθότα
556 2324 635 2395 τῷ
681 2326 871 2397 κόσμῳ
903 2324 1387 2395 διακηρύττοντεςς
1419 2325 1514 2378 καὶ
1545 2322 1705 2377 τοῦτό
1740 2325 1857 2377 ἐστι

266 2415 333 2475 τὸ
366 2418 666 2488 μυστήριον
702 2417 762 2470 τὸ
789 2417 876 2470 διὰ
905 2416 1014 2470 τῶν
1049 2417 1219 2484 ἁγίων
1248 2415 1406 2485 ἡμῶν
1434 2413 1752 2468 ἀποστόλων
1796 2431 1855 2467 τε

265 2510 372 2565 καὶ
402 2509 805 2579 εύαγγελιστῶν
856 2510 913 2563 ὲν
954 2511 1136 2564 πίστει
1183 2509 1576 2581 δεδωρημένον,
1628 2510 1724 2561 καὶ
1777 2510 1859 2570 εἰς

262 2601 448 2657 ταῦτα
496 2602 817 2673 παρακύψαι
851 2604 1017 2671 φησὶν
1058 2602 1343 2672 ἐπιθυμεῖν
1373 2603 1499 2665 τοὺς
1548 2600 1855 2668 ἀγγέλους;

264 2690 471 2752 Καίτοι
499 2690 615 2754 πῶς
644 2692 745 2743 οὑκ
776 2690 1081 2760 ἀπόϐλητος
1107 2690 1192 2761 εῖη
1225 2690 1310 2756 ἂν,
1334 2692 1362 2743 ό
1394 2690 1557 2759 μέχρι
1586 2688 1649 2759 δὴ
1682 2688 1858 2758 μόνων

261 2779 385 2834 τῶν
413 2779 512 2849 τῆς
542 2780 964 2853 ἀνθρωπότητος
992 2782 1132 2852 ὅρων
1160 2780 1259 2851 τὴν
1290 2780 1383 2834 τοῦ
1430 2780 1733 2851 μυστηρίου
1768 2779 1861 2833 δύ-

261 2888 441 2944 ναμιν
475 2871 817 2926 κατακλείειν
859 2871 1188 2942 ὲπιχειρῶν;
1230 2871 1403 2935 Αὐτὸς
1452 2890 1469 2921 ι
1499 2872 1527 2924 ό
1568 2872 1625 2923 ὲν
1676 2872 1857 2942 μορφῇ

265 2964 374 3020 τοῦ
402 2962 536 3018 Θεοῦ
571 2964 664 3017 καὶ
697 2962 910 3033 Πατρὸς
959 2963 1221 3032 ὑπάρχων
1252 2961 1385 3023 Θεὸς
1430 2959 1603 3029 Λόγος
1630 3000 1643 3024 ,
1697 2961 1857 3013 κεκέ-

266 3071 450 3109 νωκεν
496 3054 707 3118 ἑαυτὸν,
738 3052 953 3123 μορφὴν
981 3051 1167 3105 δούλου
1208 3050 1409 3116 λαϐὼν,
1442 3054 1537 3104 καὶ
1576 3052 1675 3123 τὴν
1720 3051 1861 3105 κατά

1955 610 2077 651 cum
2110 603 2166 652 et
2194 595 2335 650 Deus
2362 594 2751 651 sit'secundum
2783 599 3055 655 naturam,
3083 598 3137 645 et
3165 588 3297 645 vita.
3345 589 3536 659 ltaque

1956 688 2147 744 beatus
2199 687 2391 744 Petrus
2431 701 2555 742 cum
2612 683 2881 755 ejusmodi
2934 681 3179 754 mysterii
3232 681 3535 737 doctrinam

1956 780 2114 834 nobis
2134 786 2482 848 proponeret,
2508 777 2587 832 sic
2616 776 2729 831 fere
2756 775 2825 831 de
2847 773 2936 828 illo
2959 773 3012 827 in
3039 787 3162 828 eum
3191 772 3537 827 credentibus

1957 870 2087 924 dicit
2116 885 2133 926 :
2169 887 2188 921 ι
2222 870 2392 935 Quem
2430 884 2552 923 cum
2584 882 2692 922 non
2723 863 3241 934 videritis-diligitis,
3288 862 3342 916 in
3374 878 3537 932 quem

1957 977 2101 1016 nunc
2142 976 2360 1031 quoque
2394 976 2499 1016 non
2545 961 2789 1015 videntes
2825 956 3045 1012 creditis
3069 997 3085 1022 ,
3112 957 3399 1011 credentes
3439 969 3539 1007 au-

1959 1062 2065 1109 tem
2114 1054 2401 1109 exsultatis
2443 1052 2647 1107 laetitia-
2678 1049 3025 1105 inenarrabili
3066 1047 3305 1120 152'0t
3336 1044 3539 1116 gloriﬁ—

1957 1154 2102 1209 cata,
2133 1153 2477 1213 reportantes
2504 1143 2814 1198 linemlidci
2843 1151 3058 1205 vestrze,
3085 1140 3312 1195 salutem
3338 1139 3541 1192 anima.

1959 1249 2077 1287 rum
2115 1242 2437 1289 vestrarum.
2494 1233 2568 1287 De
2592 1248 2695 1302 qua
2720 1233 2949 1287 salutem
2980 1231 3354 1301 exquisierunt
3377 1236 3542 1297 atque

1957 1325 2185 1381 scrutati
2247 1333 2375 1380 sunt
2430 1325 2744 1394 prophetae.
2778 1324 2870 1393 qui
2920 1322 2987 1377 de
3048 1321 3226 1375 futura
3282 1321 3337 1374 in
3387 1318 3542 1374 vobis

1958 1416 2130 1487 gratia
2192 1417 2660 1485 prophetaveruut
2708 1433 2723 1481 ;
2777 1422 3083 1471 scrutantes
3132 1411 3187 1465 in
3243 1410 3389 1481 quod
3454 1410 3542 1465 vel

1958 1505 2116 1574 quale
2162 1511 2374 1575 tempus
2423 1504 2759 1575 signiﬁcaret
2803 1504 2855 1558 in
2896 1504 2977 1558 eis
3022 1501 3259 1572 Spiritus
3313 1501 3541 1565 Christi,

1958 1595 2330 1662 praenuntians
2369 1609 2431 1649 ea
2466 1610 2587 1665 qua:
2616 1596 2669 1649 in
2720 1595 2939 1649 Christo
2983 1603 3117 1649 sunt
3162 1594 3443 1662 passiones
3487 1600 3544 1647 et

1957 1687 2288 1755 posteriores
2312 1686 2510 1756 glorias
2544 1702 2559 1753 ;
2592 1686 2789 1755 quibus
2822 1686 3115 1740 revelatum
3148 1694 3250 1750 est,
3278 1685 3403 1753 quia
3433 1698 3541 1740 non

1958 1774 2332 1844 sibimetipsis,
2359 1774 2517 1830 nobis
2542 1784 2719 1829 autem
2753 1774 3135 1830 ministrabant
3162 1788 3224 1829 ea
3251 1789 3372 1844 qua
3394 1789 3542 1830 nunc

1959 1865 2113 1920 vobis
2166 1866 2410 1920 nuntiata
2443 1874 2569 1920 sunt
2602 1881 2700 1934 per
2747 1880 2841 1921 eos
2896 1867 2986 1935 qui
3025 1865 3542 1937 evangelizaverunt

1958 1955 2113 2011 vobis
2142 1956 2345 2025 Spiritu
2379 1966 2567 2012 sancto
2602 1957 2769 2012 misso
2795 1957 2860 2011 de
2892 1956 3051 2022 cmlo,
3077 1959 3129 2011 in
3166 1972 3287 2026 qua:
3322 1956 3541 2013 deside-

1959 2057 2082 2102 rant
2102 2048 2277 2119 angeli
2309 2048 2618 2118 prospicere
2644 2047 2708 2101 η.
2754 2066 2772 2098 ι
2806 2048 2972 2102 Audis
2998 2057 3056 2101 ut
3083 2047 3316 2118 Spiritus
3335 2049 3543 2105 Christi

1959 2141 2012 2195 in
2055 2141 2256 2196 sanctis
2304 2140 2582 2211 prOphetis
2628 2140 2822 2205 fuerit,
2858 2149 3023 2209 utque
3065 2140 3139 2193 illi
3190 2140 3544 2209 prazdixerint

1957 2246 2052 2288 eas
2105 2245 2223 2302 quae
2252 2231 2306 2286 in
2352 2230 2570 2287 Christo
2623 2240 2750 2288 sunt
2807 2231 3089 2302 passiones
3115 2239 3171 2286 et
3208 2232 3543 2300 posteriores

1960 2323 2159 2393 glorias
2192 2323 2216 2375 ?
2244 2320 2395 2378 Itane
2427 2323 2579 2391 quasi
2609 2322 2881 2377 hominem
2919 2323 3218 2393 simplicem
3260 2339 3360 2393 pro
3386 2324 3543 2379 nobis

1961 2431 2175 2484 passum
2201 2416 2318 2470 orbi
2358 2415 2716 2483 praedicarent
2744 2416 2768 2468 ?
2794 2416 2951 2485 idque
2984 2426 3069 2471 est
3094 2417 3411 2487 mysterium
3443 2432 3543 2486 per

1960 2516 2179 2560 sanctos
2225 2505 2494 2574 apostolos
2525 2513 2579 2560 et
2613 2507 2972 2577 evangelistas
2997 2507 3050 2561 in
3083 2506 3187 2562 [ide
3232 2508 3414 2562 datum
3436 2548 3451 2572 ,
3483 2518 3544 2563 et

1962 2597 2013 2650 in
2044 2598 2177 2662 haec,
2203 2597 2375 2666 inquit
2407 2596 2717 2651 desiderare
2738 2595 2955 2666 angelos
2983 2597 3294 2668 prospicere
3319 2599 3343 2652 ?
3376 2598 3545 2669 Atqui

1960 2688 2230 2755 quomodo
2254 2703 2358 2741 non
2399 2687 2469 2740 sit
2496 2686 2853 2755 repudiandus
2879 2689 2969 2758 qui
3004 2689 3111 2743 vim
3160 2689 3295 2743 tanti
3340 2697 3545 2759 mystc-

1962 2778 2025 2831 rii
2046 2776 2099 2831 in
2122 2777 2253 2832 solis
2277 2778 2632 2832 humanitatis
2656 2778 2901 2834 terminis
2930 2778 3255 2835 concludere
3276 2789 3502 2835 conatur
3521 2781 3547 2835 τ

1961 2867 2082 2939 lpse
2108 2886 2127 2921 ι
2157 2869 2249 2939 qui
2273 2869 2325 2925 in
2363 2866 2539 2922 forma
2564 2867 2657 2924 Dei
2689 2876 2745 2924 et
2764 2869 2940 2925 Patris
2970 2878 3089 2925 erat
3112 2870 3253 2927 Deus
3278 2870 3541 2935 Verbum.

1960 2962 2256 3016 exinanivit
2289 2964 2633 3033 semetipsum
2657 3003 2673 3028 ,
2696 2962 2926 3017 formam
2964 2963 3106 3018 servi
3130 2962 3399 3032 accipiens
3418 2964 3485 3028 ι’,
3524 2982 3541 3014 ι

1963 3062 2015 3107 et
2056 3052 2199 3107 illam
2234 3054 2531 3108 secundum
2588 3069 2810 3110 carnem
2842 3056 3181 3110 nativitatem
3236 3054 3402 3111 subiit
3449 3068 3549 3123 pro

268 3149 461 3218 σάρκα
492 3146 742 3217 γέννησιν
791 3145 1175 3215 ὑπομεμὼηκε
1213 3145 1280 3197 δι’
1330 3145 1516 3215 ἡμᾶς·
1561 3145 1725 3207 αὐτὸς
1763 3145 1859 3197 πέ-

1965 3142 2153 3205 nobis,
2195 3143 2308 3210 ipse
2350 3156 2539 3212 passus
2590 3151 2673 3199 est
2712 3157 2810 3213 pro
2868 3144 3022 3199 nobis
3081 3144 3296 3214 propria
3344 3159 3546 3210 carne.

270 3237 476 3292 πονθεν
509 3238 650 3307 ὑπὲρ
684 3234 840 3306 ἡμῶν
874 3238 937 3306 τῇ
984 3235 1089 3304 ἰδίᾳ
1120 3235 1304 3305 σαρκὶ,
1338 3235 1433 3286 καὶ
1467 3234 1667 3288 ἀνεϐίω
1698 3235 1858 3290 πάλιν

267 3327 356 3391 ὡς
401 3327 568 3392 Θεὸς,
601 3326 846 3389 κενώσας
886 3325 975 3378 τὸν
1020 3324 1173 3395 ᾅδην,
1224 3326 1318 3377 καὶ
1358 3324 1599 3395 εἰρηκὼς
1642 3328 1756 3387 τοῖς
1803 3329 1860 3380 ὲν

268 3417 527 3489 δεσμοῖς·
558 3437 576 3469 ι
601 3416 904 3481 Ἐξέλθετε·
929 3416 1023 3471 καὶ
1047 3418 1157 3477 τοῖς
1185 3416 1242 3467 ὲν
1265 3414 1345 3484 τῷ
1376 3414 1557 3467 σκότει
1583 3432 1596 3445 ·
1636 3416 1862 3470 Ἀνακα-

270 3505 538 3577 λύφθητε.
556 3525 571 3555 ι
601 3506 667 3560 Τί
692 3505 868 3558 τοίνυν
909 3503 1237 3573 ἀνατρέπειν
1265 3506 1567 3573 ἐπιχειρεῖς
1596 3503 1693 3575 τὴν
1720 3504 1863 3558 οὔτω

274 3599 486 3668 σεπτὴν
521 3597 614 3651 καὶ
641 3597 971 3667 ἀξιάγαστον
1001 3596 1336 3667 οἰκονομίαν,
1367 3595 1434 3648 δι’
1461 3591 1527 3667 ἧς
1562 3598 1658 3650 καὶ
1693 3597 1863 3651 σεσώ-

276 3689 484 3760 σμεθα,
516 3690 610 3743 καὶ
642 3689 839 3752 παντὸς
872 3690 1003 3741 εῖσω
1034 3687 1337 3757 γεγόναμεν
1365 3684 1609 3754 ἀγαθούς
1647 3687 1711 3738 Τί
1756 3688 1865 3759 γὰρ

275 3781 352 3836 δι’
380 3781 546 3851 αὐτῆς
575 3781 967 3852 ἐκερδάναμεν,
997 3779 1119 3853 εἴσῃ
1135 3796 1217 3832 τοι
1247 3780 1341 3831 καὶ
1368 3778 1512 3850 μάλα
1540 3779 1748 3847 σαφῶς,
1770 3779 1867 3832 ὡδὶ

274 3872 619 3945 γεγραφότος
645 3871 738 3924 τοῦ
770 3870 1041 3942 μακαρίου
1078 3870 1291 3923 Παύλου
1314 3883 1325 3895 ·
1368 3889 1385 3921 ι
1416 3870 1526 3923 Καὶ
1553 3871 1704 3940 ἡμᾶς
1735 3886 1865 3923 ποτε

274 3963 447 4028 ὂντας
492 3962 1078 4034 ἀπηλλοτριωμένους,
1132 3962 1227 4015 καὶ
1276 3960 1507 4033 ἐχθροὺς
1552 3964 1617 4033 τῇ
1656 3962 1867 4033 διανοίᾳ

276 4058 342 4113 ἰν
370 4059 480 4121 τοῖς
522 4056 704 4127 ἔργοις
730 4058 844 4118 τοῖς
870 4056 1148 4126 πονηροῖς,
1175 4055 1291 4105 νυνὶ
1317 4053 1375 4107 δὲ
1419 4052 1866 4124 ἀποκατήλλαξεν

278 4150 344 4200 ὲν
374 4147 454 4218 τῷ
485 4147 699 4218 σώματι
733 4147 832 4216 τῆς
880 4146 1081 4217 σαρκὸς
1115 4144 1283 4198 αὐτοῦ
1334 4145 1425 4197 διὰ
1474 4144 1567 4198 τοῦ
1604 4145 1865 4210 θανάτου,

279 4240 640 4310 παραστῆσαι
680 4240 828 4311 ἡμᾶς
857 4239 1044 4307 ἁγίους
1066 4277 1082 4302 ,
1132 4238 1227 4291 καὶ
1257 4236 1543 4307 ἀμώμους,
1570 4237 1665 4290 καὶ
1705 4237 1870 4305 ἀνεγ-

279 4330 522 4400 κλήτους
550 4331 670 4383 κατ’
703 4328 933 4383 ἐνώπιον
962 4326 1149 4393 αὐτοῦ,
1181 4328 1233 4381 εί
1258 4345 1319 4396 γε
1365 4329 1654 4397 ἐπιμένετε
1686 4330 1752 4399 τῇ
1786 4326 1871 4380 πί-

1965 3242 2020 3290 et
2056 3234 2249 3289 iterum
2295 3244 2353 3288 ut
2389 3236 2533 3290 Deus
2583 3234 2805 3300 revixit,
2837 3234 3112 3290 evacuatis
3163 3234 3372 3299 inferis,
3424 3247 3546 3289 cum

1964 3325 2192 3381 dixisset
2219 3343 2237 3377 ι
2262 3326 2328 3380 iis
2352 3326 2444 3395 qui
2471 3326 2525 3380 in
2552 3326 2779 3381 vinculis
2807 3335 2965 3381 erant
2992 3344 3006 3380 :
3048 3326 3204 3382 Exite
3234 3345 3248 3393 ;
3286 3337 3340 3381 et
3365 3326 3433 3382 iis
3456 3328 3548 3397 qui

1966 3417 2022 3471 in
2056 3416 2295 3471 tenebris
2320 3426 2473 3471 erant
2506 3436 2518 3471 :
2553 3416 2888 3472 Revelamini
2913 3419 2976 3472 ¹³.
3019 3436 3036 3469 ι
3066 3417 3176 3471 Cur
3203 3418 3366 3487 igitur
3396 3433 3552 3473 ever-

1966 3517 2081 3564 tere
2122 3510 2328 3564 moliris
2378 3510 2830 3579 dispensationem
2877 3511 3010 3565 adeo
3056 3518 3339 3581 augustam
3388 3518 3552 3580 atque

1968 3598 2339 3654 admirabilem
2361 3638 2377 3663 ,
2409 3614 2505 3669 per
2534 3614 2695 3669 quam
2732 3599 2865 3653 salvi
2896 3598 3021 3654 facti
3059 3614 3275 3664 sumus,
3306 3607 3362 3655 et
3389 3613 3554 3655 0mm

1968 3688 2167 3743 bonum
2219 3689 2550 3742 consecuti?
2599 3689 2736 3755 Quid
2790 3691 2933 3744 enim
2988 3689 3159 3758 ipsius
3205 3706 3308 3759 ope
3359 3690 3552 3746 lucratl

1970 3780 2157 3844 simus,
2191 3780 2531 3849 apertissime
2556 3795 2851 3850 cognosces
2875 3796 2941 3836 ex
2967 3781 3126 3836 beato
3150 3779 3315 3836 Paulo
3349 3782 3440 3851 qui
3470 3782 3555 3847 sin

1969 3871 2185 3942 scripsit
2219 3890 2231 3925 :
2272 3890 2290 3923 ι
2329 3871 2395 3926 Et
2418 3887 2515 3926 nos
2543 3887 2664 3927 cum
2698 3887 2941 3927 essemus
2980 3873 3231 3939 alienati,
3257 3884 3310 3928 et
3346 3873 3554 3931 inimici

1970 3977 2152 4029 sensu,
2190 3963 2240 4017 in
2270 3963 2526 4033 operibus
2554 3964 2708 4018 malis
2734 3978 2752 4015 :
2782 3978 2925 4018 nunc
2963 3972 3141 4019 autem
3187 3963 3555 4020 reconciliavit

1972 4053 2025 4105 in
2054 4065 2279 4121 corpore
2302 4051 2483 4107 carnis
2515 4067 2627 4107 sua:
2655 4066 2751 4122 per
2779 4061 3027 4119 mortem,
3056 4062 3114 4106 ut
3138 4052 3419 4108 exhiberet
3456 4068 3554 4109 nos

1971 4152 2188 4199 sanctos
2220 4155 2275 4200 et
2320 4145 2694 4200 immaculatos
2729 4153 2783 4200 et
2820 4144 3326 4214 irreprehensibilcs
3365 4160 3552 4201 coram

1973 4237 2087 4307 ipso
2119 4257 2132 4293 :
2171 4238 2215 4293 si
2250 4246 2426 4291 tamen
2470 4237 2800 4304 permanetis
2831 4238 2884 4291 in
2924 4236 3027 4292 [ide
3055 4238 3121 4291 “.
3158 4256 3176 4288 ι
3225 4236 3369 4305 Ergo
3418 4236 3552 4293 fides

1973 4329 2189 4397 quidem
2216 4328 2368 4396 juvat
2393 4343 2486 4383 eos
2531 4330 2623 4398 qui
2658 4328 2800 4383 illam
2850 4328 3059 4382 ﬁrmam
3094 4342 3311 4384 servare
3353 4337 3558 4385 statue-t

281 4437 429 4476 στει.
456 4439 477 4474 ι
527 4421 736 4477 Οὐκοῦν
764 4421 975 4491 ὀνίνησι
1013 4420 1109 4491 μὲν
1140 4421 1172 4490 ἡ
1208 4420 1388 4483 πίστις
1418 4422 1543 4482 τοὺς
1571 4420 1860 4473 ἀσάλευτον

1975 4422 2081 4474 rint
2115 4437 2130 4485 ;
2163 4421 2256 4473 sed
2301 4420 2572 4489 quomodo
2613 4420 2797 4490 juvet,
2842 4420 3031 4475 beatus
3066 4419 3305 4476 Joannes
3359 4421 3557 4477 asserit

279 4512 459 4584 αὐτὴν
503 4513 789 4583 ἑλομένους
821 4514 1007 4585 τηρεῖν
1031 4528 1045 4542 ⁸
1077 4511 1287 4581 ὀνίνησι
1317 4511 1373 4563 δὲ
1417 4511 1558 4564 κατά
1593 4510 1712 4563 τίνα
1742 4513 1860 4581 τρό·

1977 4527 2096 4566 cum
2146 4512 2323 4567 dicit:
2357 4530 2377 4564 ι
2406 4513 2540 4578 Quis
2584 4521 2766 4568 autem
2804 4524 2889 4567 est
2924 4513 3016 4582 qui
3062 4513 3233 4568 vincit
3272 4513 3555 4580 mundum,

279 4618 413 4665 πον,
438 4603 466 4653 ὁ
495 4601 768 4669 πάνσοφος
794 4602 941 4670 ἡμᾶς
979 4600 1232 4672 Ἰωάννης
1265 4599 1622 4665 πιστώσεται,
1658 4600 1860 4668 λέγων·

1976 4605 2078 4658 nisi
2103 4606 2191 4674 qui
2231 4605 2401 4661 credit
2434 4605 2579 4675 quod
2603 4604 2760 4661 Jesus
2804 4615 2890 4660 est
2929 4603 3099 4660 Filius
3141 4606 3281 4661 Dei?
3329 4604 3428 4660 llic
3472 4616 3559 4661 est

287 4711 307 4744 ι
342 4691 443 4753 Τίς
473 4690 529 4743 δέ
561 4692 707 4743 ἔστιν
736 4691 764 4742 ὁ
789 4690 954 4744 νικῶν
978 4690 1069 4744 τὸν
1098 4691 1321 4760 κόσμον,
1352 4693 1398 4743 εἰ
1432 4691 1507 4761 μὴ
1535 4693 1562 4743 ό
1594 4691 1860 4744 πιστεύων

1976 4694 2065 4763 qui
2115 4694 2261 4748 venit
2290 4710 2386 4764 per
2412 4710 2605 4764 aquam
2645 4704 2697 4750 et
2718 4696 3031 4764 sanguinem
3068 4694 3227 4750 Jesus
3257 4684 3509 4751 Christus
3536 4714 3557 4769 ξ

277 4783 372 4835 ὃτι
408 4781 613 4851 Ἰησοῦς
652 4782 801 4833 ἐστιν
851 4781 877 4833 ό
924 4780 1051 4844 Υἱὸς
1096 4780 1189 4834 τοῦ
1240 4781 1404 4848 Θεοῦ,;
1438 4775 1606 4845 Οὗτός
1660 4782 1860 4836 ἐστινό

1980 4802 2083 4839 non
2124 4786 2175 4840 in
2210 4802 2346 4855 aqua
2392 4786 2602 4853 solum,
2646 4789 2740 4842 sed
2790 4789 2840 4841 in
2897 4804 3037 4857 aqua
3061 4798 3114 4841 ct
3148 4790 3431 4857 sanguine.
3491 4787 3559 4842 Et

277 4870 461 4926 ἐλθὼν
487 4872 553 4925 δι’
582 4871 769 4934 ὓδατος
801 4874 895 4925 καὶ
930 4873 1184 4943 αἵματος.
1228 4874 1436 4943 Ἰησοῦς
1471 4874 1734 4944 Χριστός·
1768 4875 1860 4928 οὐκ

1979 4877 2214 4946 Spiritus
2243 4887 2327 4933 est
2352 4878 2577 4943 veritas,
2612 4879 2737 4947 quia
2781 4888 2891 4933 tres
2930 4877 3085 4948 143
3115 4885 3239 4931 sunt
3271 4876 3364 4947 qui
3399 4877 3557 4933 testi-

281 4966 347 5015 ὲν
382 4962 461 5032 τῷ
494 4962 647 5015 ὕδατι
678 4962 858 5033 μόνον,
880 4963 993 5016 ἀλλ’
1016 4965 1075 5016 ὲν
1098 4963 1176 5034 τῷ
1207 4964 1358 5017 ὕδατι
1385 4964 1480 5018 καὶ
1519 4965 1712 5035 αἵματι
1734 4982 1745 4994 ·
1779 4968 1860 5019 καῖ

1981 4968 2220 5023 monium
2256 4970 2581 5039 perhibent,
2618 4970 2885 5040 Spiritus,
2917 4979 2972 5023 et
3008 4984 3181 5040 aqua,
3215 4982 3266 5025 et
3290 4969 3509 5040 sanguis
3536 4986 3557 5023 :

277 5056 347 5109 τὸ
396 5054 618 5124 Πνεῦμα
650 5056 796 5107 ἐστιν
828 5057 860 5123 ή
890 5052 1146 5125 ἀλήθεια,
1187 5055 1269 5106 ὅτι
1316 5056 1464 5123 τρεῖς
1507 5056 1860 5126 μαρτυροῦσι,

1978 5070 2034 5113 et
2075 5058 2129 5114 hi
2173 5069 2284 5116 tres
2331 5076 2497 5115 unum
2554 5046 2701 5116 sunt.
2755 5060 2811 5115 Si
2864 5059 3235 5117 testimonium
3280 5061 3558 5115 hominum

278 5146 350 5201 τὸ
369 5146 612 5216 Πνεῦμα,
640 5146 700 5199 τὸ
730 5144 893 5216 ὕδωρ,
923 5145 1018 5199 καὶ
1042 5145 1100 5198 τὸ
1125 5140 1281 5215 αἷμα.
1318 5147 1428 5199 Καὶ
1460 5150 1511 5200 oi
1542 5151 1691 5220 τρεῖς
1719 5149 1779 5201 τὸ
1806 5148 1860 5201 ἓν

1978 5150 2306 5219 accipimus,
2342 5151 2709 5207 testimonium
2758 5150 2852 5207 Dei
2904 5151 3079 5222 majus
3135 5162 3218 5207 est
3250 5168 3263 5219 ;
3294 5150 3419 5223 quia
3458 5151 3560 5205 hoc

367 5328 405 5361 “
444 5325 635 5382 lPetr.
668 5343 705 5393 ι,
744 5325 897 5383 8-12.
978 5328 1027 5367 ἰ
1048 5326 1280 5397 Philipp.
1317 5343 1375 5392 ιι,
1401 5327 1454 5395 6,
1492 5328 1542 5382 7.
1624 5328 1667 5359 ¹³
1698 5328 1799 5384 lsa.
1834 5345 1860 5383 ιι

1969 5371 1981 5395 ,
2024 5331 2075 5384 9.
2160 5330 2201 5363 ιδ
2234 5332 2441 5389 Coloss.
2477 5348 2513 5399 I,
2548 5334 2740 5389 21-23.

1550 5479 1709 5536 ANT.
1752 5482 2025 5573 AGELLH
2068 5484 2313 5544 ΝΟΤίΕ..

360 5656 488 5737 (S8)-
516 5657 606 5737 Sic
638 5656 911 5737 habebant
940 5656 1313 5737 codd.‘_Cyrilli
1352 5658 1493 5711 hunc
1525 5657 1703 5737 locum
1736 5658 1860 5737 l_:3_p_i-
1969 5678 2142 5737 cauus
2168 5668 2339 5737 codex
2376 5668 2789 5735 antiquissimus
2818 5670 3014 5724 habent
3049 5668 3285 5722 secunda
3318 5682 3556 5737 persona

285 5728 443 5809 stola:
472 5726 489 5778 l
518 5727 659 5780 beati
693 5725 1665 5809 Detrilcap..t._~(}wterum.et‘vulgata
1696 5725 1860 5809 editio

1971 5734 2249 5805 ἀνηγγέλη
2281 5736 2410 5804 ’δμῖν
2436 5749 2487 5793 ct
2512 5725 3033 5809 εὐαγγελισαμένων
3056 5739 3218 5808 ὑμᾶς.

286 5793 509 5858 ιιιδιίιιτι,
539 5806 589 5851 et
628 5796 783 5852 codd.
836 5795 1011 5852 ϐιαιεί
1049 5795 1377 5853 Testumenti
1411 5793 1570 5863 Novi,
1610 5806 1663 5852 et
1712 5796 1858 5854 Vati-
