  <div class='ocr_page' id='page_1' title='image "/cluster/home/n/w/nwhite01/storage/ocr_20150623/76/hvd.32044019207943/131.png"; bbox 0 0 4088 6462; ppageno 0'>
   <div class='ocr_carea' id='block_1_1' title="bbox 679 360 790 418">
    <p class='ocr_par' dir='ltr' id='par_1_1' title="bbox 679 360 790 418">
     <span class='ocr_line' id='line_1_1' title="bbox 679 360 790 418; baseline -0.027 0"><span class='ocrx_word' id='word_1_1' title='bbox 679 360 790 418; x_wconf 56' lang='grc'><strong>’47</strong></span> 
     </span>
    </p>
   </div>
   <div class='ocr_carea' id='block_1_2' title="bbox 1674 352 2911 413">
    <p class='ocr_par' dir='ltr' id='par_1_2' title="bbox 1674 352 2911 413">
     <span class='ocr_line' id='line_1_2' title="bbox 1674 352 2911 413; baseline -0.004 0"><span class='ocrx_word' id='word_1_2' title='bbox 1674 360 1733 413; x_wconf 89' lang='lat' dir='ltr'><strong>S.</strong></span> <span class='ocrx_word' id='word_1_3' title='bbox 1775 353 2051 413; x_wconf 71' lang='lat' dir='ltr'><strong>CYBILLI</strong></span> <span class='ocrx_word' id='word_1_4' title='bbox 2087 352 2555 410; x_wconf 66' lang='lat' dir='ltr'><strong>ALEXANDMNI</strong></span> <span class='ocrx_word' id='word_1_5' title='bbox 2594 352 2911 410; x_wconf 73' lang='lat' dir='ltr'><strong>ARCBIEP.</strong></span> 
     </span>
    </p>
   </div>
   <div class='ocr_carea' id='block_1_3' title="bbox 3830 348 3929 402">
    <p class='ocr_par' dir='ltr' id='par_1_3' title="bbox 3830 348 3929 402">
     <span class='ocr_line' id='line_1_3' title="bbox 3830 348 3929 402; baseline 0.01 -1"><span class='ocrx_word' id='word_1_6' title='bbox 3830 348 3929 402; x_wconf 61' lang='lat'><strong>218</strong></span> 
     </span>
    </p>
   </div>
   <div class='ocr_carea' id='block_1_4' title="bbox 676 458 2259 537">
    <p class='ocr_par' dir='ltr' id='par_1_4' title="bbox 676 464 2259 536">
     <span class='ocr_line' id='line_1_4' title="bbox 676 464 2259 536; baseline -0.001 -12"><span class='ocrx_word' id='word_1_7' title='bbox 676 477 768 524; x_wconf 76' lang='lat' dir='ltr'><strong>est</strong></span> <span class='ocrx_word' id='word_1_8' title='bbox 808 464 1179 522; x_wconf 86' lang='lat' dir='ltr'><strong>testimonium</strong></span> <span class='ocrx_word' id='word_1_9' title='bbox 1226 467 1320 521; x_wconf 87' lang='lat' dir='ltr'><strong>Dei</strong></span> <span class='ocrx_word' id='word_1_10' title='bbox 1357 466 1481 536; x_wconf 82' lang='lat' dir='ltr'><strong>quia</strong></span> <span class='ocrx_word' id='word_1_11' title='bbox 1518 466 1843 524; x_wconf 90' lang='lat' dir='ltr'><strong>testillcatus</strong></span> <span class='ocrx_word' id='word_1_12' title='bbox 1868 478 1954 523; x_wconf 88' lang='lat' dir='ltr'><strong>est</strong></span> <span class='ocrx_word' id='word_1_13' title='bbox 2008 467 2077 523; x_wconf 79' lang='lat' dir='ltr'><strong>de</strong></span> <span class='ocrx_word' id='word_1_14' title='bbox 2125 465 2259 523; x_wconf 85' lang='lat' dir='ltr'><strong>Filio</strong></span> 
     </span>
    </p>
   </div>
   <div class='ocr_carea' id='block_1_5' title="bbox 2359 458 3921 537">
    <p class='ocr_par' dir='ltr' id='par_1_5' title="bbox 2363 458 3921 537">
     <span class='ocr_line' id='line_1_5' title="bbox 2363 458 3921 537; baseline -0.004 -19"><span class='ocrx_word' id='word_1_15' title='bbox 2363 466 2520 519; x_wconf 76' lang='grc' dir='ltr'>εἰσιν.</span> <span class='ocrx_word' id='word_1_16' title='bbox 2550 465 2615 519; x_wconf 85' lang='grc' dir='ltr'><strong>Εἰ</strong></span> <span class='ocrx_word' id='word_1_17' title='bbox 2643 466 2742 535; x_wconf 81' lang='grc' dir='ltr'>τὴν</span> <span class='ocrx_word' id='word_1_18' title='bbox 2772 466 3076 537; x_wconf 79' lang='grc' dir='ltr'><strong>μαρτυρίαν</strong></span> <span class='ocrx_word' id='word_1_19' title='bbox 3103 463 3214 516; x_wconf 89' lang='grc' dir='ltr'><strong>τῶν</strong></span> <span class='ocrx_word' id='word_1_20' title='bbox 3239 459 3542 531; x_wconf 84' lang='grc' dir='ltr'>ἀνθρώπων</span> <span class='ocrx_word' id='word_1_21' title='bbox 3570 458 3921 529; x_wconf 76' lang='grc' dir='ltr'>λαμϐάνομεν,</span> 
     </span>
    </p>
   </div>
   <div class='ocr_carea' id='block_1_6' title="bbox 675 558 2257 625">
    <p class='ocr_par' dir='ltr' id='par_1_6' title="bbox 675 558 2257 625">
     <span class='ocr_line' id='line_1_6' title="bbox 675 558 2257 625; baseline -0.001 -10"><span class='ocrx_word' id='word_1_22' title='bbox 675 573 801 615; x_wconf 76' lang='lat' dir='ltr'><strong>suo.</strong></span> <span class='ocrx_word' id='word_1_23' title='bbox 852 558 955 625; x_wconf 80' lang='lat' dir='ltr'><strong>Qui</strong></span> <span class='ocrx_word' id='word_1_24' title='bbox 976 558 1156 613; x_wconf 77' lang='lat' dir='ltr'><strong>credit</strong></span> <span class='ocrx_word' id='word_1_25' title='bbox 1192 558 1248 614; x_wconf 84' lang='lat' dir='ltr'><strong>in</strong></span> <span class='ocrx_word' id='word_1_26' title='bbox 1280 559 1475 614; x_wconf 83' lang='lat' dir='ltr'><strong>Filium</strong></span> <span class='ocrx_word' id='word_1_27' title='bbox 1520 560 1647 624; x_wconf 84' lang='lat' dir='ltr'><strong>Dei,</strong></span> <span class='ocrx_word' id='word_1_28' title='bbox 1687 560 1850 615; x_wconf 86' lang='lat' dir='ltr'><strong>habet</strong></span> <span class='ocrx_word' id='word_1_29' title='bbox 1889 560 2257 616; x_wconf 82' lang='lat' dir='ltr'><strong>testimonium</strong></span> 
     </span>
    </p>
   </div>
   <div class='ocr_carea' id='block_1_7' title="bbox 680 648 2256 719">
    <p class='ocr_par' dir='ltr' id='par_1_7' title="bbox 680 648 2256 719">
     <span class='ocr_line' id='line_1_7' title="bbox 680 648 2256 719; baseline 0.003 -16"><span class='ocrx_word' id='word_1_30' title='bbox 680 649 734 704; x_wconf 86' lang='lat' dir='ltr'><strong>in</strong></span> <span class='ocrx_word' id='word_1_31' title='bbox 752 660 820 704; x_wconf 75' lang='lat' dir='ltr'><strong>ae</strong></span> <span class='ocrx_word' id='word_1_32' title='bbox 838 648 997 719; x_wconf 77' lang='lat' dir='ltr'><strong>ipso;</strong></span> <span class='ocrx_word' id='word_1_33' title='bbox 1029 648 1120 718; x_wconf 87' lang='lat' dir='ltr'><strong>qui</strong></span> <span class='ocrx_word' id='word_1_34' title='bbox 1145 664 1249 704; x_wconf 92' lang='lat' dir='ltr'><strong>non</strong></span> <span class='ocrx_word' id='word_1_35' title='bbox 1275 651 1446 705; x_wconf 93' lang='lat' dir='ltr'><strong>credit</strong></span> <span class='ocrx_word' id='word_1_36' title='bbox 1469 650 1596 716; x_wconf 89' lang='lat' dir='ltr'><strong>Deo,</strong></span> <span class='ocrx_word' id='word_1_37' title='bbox 1621 652 1934 706; x_wconf 87' lang='lat' dir='ltr'><strong>mendacem</strong></span> <span class='ocrx_word' id='word_1_38' title='bbox 1962 652 2091 707; x_wconf 81' lang='lat' dir='ltr'><strong>fecit</strong></span> <span class='ocrx_word' id='word_1_39' title='bbox 2111 666 2256 715; x_wconf 86' lang='lat' dir='ltr'><strong>eum.</strong></span> 
     </span>
    </p>
   </div>
   <div class='ocr_carea' id='block_1_8' title="bbox 680 740 2261 813">
    <p class='ocr_par' dir='ltr' id='par_1_8' title="bbox 680 740 2261 813">
     <span class='ocr_line' id='line_1_8' title="bbox 680 740 2261 813; baseline 0.001 -18"><span class='ocrx_word' id='word_1_40' title='bbox 680 742 774 812; x_wconf 85' lang='lat' dir='ltr'><strong>qui</strong></span> <span class='ocrx_word' id='word_1_41' title='bbox 812 756 920 796; x_wconf 92' lang='lat' dir='ltr'><strong>non</strong></span> <span class='ocrx_word' id='word_1_42' title='bbox 958 741 1129 797; x_wconf 91' lang='lat' dir='ltr'><strong>credit</strong></span> <span class='ocrx_word' id='word_1_43' title='bbox 1162 740 1218 796; x_wconf 88' lang='lat' dir='ltr'><strong>in</strong></span> <span class='ocrx_word' id='word_1_44' title='bbox 1254 740 1619 796; x_wconf 88' lang='lat' dir='ltr'><strong>testimonium</strong></span> <span class='ocrx_word' id='word_1_45' title='bbox 1655 741 1796 813; x_wconf 89' lang='lat' dir='ltr'><strong>quod</strong></span> <span class='ocrx_word' id='word_1_46' title='bbox 1830 741 2148 797; x_wconf 77' lang='lat' dir='ltr'><strong>testiﬁcatus</strong></span> <span class='ocrx_word' id='word_1_47' title='bbox 2175 750 2261 797; x_wconf 89' lang='lat' dir='ltr'><strong>est</strong></span> 
     </span>
    </p>
   </div>
   <div class='ocr_carea' id='block_1_9' title="bbox 681 832 2259 899">
    <p class='ocr_par' dir='ltr' id='par_1_9' title="bbox 681 832 2259 899">
     <span class='ocr_line' id='line_1_9' title="bbox 681 832 2259 899; baseline 0.003 -11"><span class='ocrx_word' id='word_1_48' title='bbox 681 832 750 888; x_wconf 86' lang='lat' dir='ltr'><strong>de</strong></span> <span class='ocrx_word' id='word_1_49' title='bbox 778 832 916 888; x_wconf 87' lang='lat' dir='ltr'><strong>Filio</strong></span> <span class='ocrx_word' id='word_1_50' title='bbox 945 832 1125 888; x_wconf 76' lang='lat' dir='ltr'><strong>suo“.</strong></span> <span class='ocrx_word' id='word_1_51' title='bbox 1162 850 1181 884; x_wconf 77' lang='grc' dir='ltr'><strong>ι</strong></span> <span class='ocrx_word' id='word_1_52' title='bbox 1235 832 1352 899; x_wconf 84' lang='lat' dir='ltr'><strong>Quo</strong></span> <span class='ocrx_word' id='word_1_53' title='bbox 1398 833 1559 889; x_wconf 91' lang='lat' dir='ltr'><strong>modo</strong></span> <span class='ocrx_word' id='word_1_54' title='bbox 1604 843 1783 889; x_wconf 84' lang='lat' dir='ltr'><strong>autem</strong></span> <span class='ocrx_word' id='word_1_55' title='bbox 1836 834 1977 891; x_wconf 86' lang='lat' dir='ltr'><strong>Deus</strong></span> <span class='ocrx_word' id='word_1_56' title='bbox 2005 850 2071 891; x_wconf 91' lang='lat' dir='ltr'><strong>ac</strong></span> <span class='ocrx_word' id='word_1_57' title='bbox 2100 836 2259 892; x_wconf 83' lang='lat' dir='ltr'><strong>Pater</strong></span> 
     </span>
    </p>
   </div>
   <div class='ocr_carea' id='block_1_10' title="bbox 616 923 2258 997">
    <p class='ocr_par' dir='ltr' id='par_1_10' title="bbox 616 923 2258 997">
     <span class='ocr_line' id='line_1_10' title="bbox 616 923 2258 997; baseline 0.004 -20"><span class='ocrx_word' id='word_1_58' title='bbox 616 962 622 968; x_wconf 79' lang='lat'>.</span> <span class='ocrx_word' id='word_1_59' title='bbox 680 923 1008 979; x_wconf 74' lang='lat' dir='ltr'><strong>testiﬁcatus</strong></span> <span class='ocrx_word' id='word_1_60' title='bbox 1028 923 1180 977; x_wconf 82' lang='lat' dir='ltr'><strong>sitde</strong></span> <span class='ocrx_word' id='word_1_61' title='bbox 1199 924 1339 979; x_wconf 90' lang='lat' dir='ltr'><strong>Filio</strong></span> <span class='ocrx_word' id='word_1_62' title='bbox 1362 938 1460 980; x_wconf 89' lang='lat' dir='ltr'><strong>suo</strong></span> <span class='ocrx_word' id='word_1_63' title='bbox 1478 966 1494 991; x_wconf 89' lang='lat'><strong>,</strong></span> <span class='ocrx_word' id='word_1_64' title='bbox 1518 926 1714 983; x_wconf 87' lang='lat' dir='ltr'><strong>beatus</strong></span> <span class='ocrx_word' id='word_1_65' title='bbox 1750 925 1989 984; x_wconf 70' lang='lat' dir='ltr'><strong>Joannes</strong></span> <span class='ocrx_word' id='word_1_66' title='bbox 2016 928 2258 997; x_wconf 83' lang='lat' dir='ltr'><strong>Baptista</strong></span> 
     </span>
    </p>
   </div>
   <div class='ocr_carea' id='block_1_11' title="bbox 683 1012 2255 1087">
    <p class='ocr_par' dir='ltr' id='par_1_11' title="bbox 683 1012 2255 1087">
     <span class='ocr_line' id='line_1_11' title="bbox 683 1012 2255 1087; baseline 0.002 -18"><span class='ocrx_word' id='word_1_67' title='bbox 683 1012 839 1069; x_wconf 83' lang='lat' dir='ltr'><strong>nobis</strong></span> <span class='ocrx_word' id='word_1_68' title='bbox 872 1014 1202 1079; x_wconf 84' lang='lat' dir='ltr'><strong>declarabit,</strong></span> <span class='ocrx_word' id='word_1_69' title='bbox 1232 1014 1420 1071; x_wconf 90' lang='lat' dir='ltr'><strong>dicens</strong></span> <span class='ocrx_word' id='word_1_70' title='bbox 1448 1034 1461 1070; x_wconf 93' lang='lat'>:</span> <span class='ocrx_word' id='word_1_71' title='bbox 1497 1034 1516 1067; x_wconf 82' lang='grc' dir='ltr'><strong>ι</strong></span> <span class='ocrx_word' id='word_1_72' title='bbox 1556 1017 1622 1071; x_wconf 86' lang='lat' dir='ltr'><strong>Et</strong></span> <span class='ocrx_word' id='word_1_73' title='bbox 1650 1032 1751 1087; x_wconf 82' lang='lat' dir='ltr'><strong>ego</strong></span> <span class='ocrx_word' id='word_1_74' title='bbox 1778 1018 2087 1074; x_wconf 86' lang='lat' dir='ltr'><strong>nesciebam</strong></span> <span class='ocrx_word' id='word_1_75' title='bbox 2109 1034 2255 1084; x_wconf 88' lang='lat' dir='ltr'><strong>eum,</strong></span> 
     </span>
    </p>
   </div>
   <div class='ocr_carea' id='block_1_12' title="bbox 682 1103 2253 1178">
    <p class='ocr_par' dir='ltr' id='par_1_12' title="bbox 682 1103 2253 1178">
     <span class='ocr_line' id='line_1_12' title="bbox 682 1103 2253 1178; baseline 0.003 -19"><span class='ocrx_word' id='word_1_76' title='bbox 682 1103 777 1159; x_wconf 83' lang='lat' dir='ltr'><strong>sed</strong></span> <span class='ocrx_word' id='word_1_77' title='bbox 805 1104 895 1172; x_wconf 89' lang='lat' dir='ltr'><strong>qui</strong></span> <span class='ocrx_word' id='word_1_78' title='bbox 928 1105 1075 1160; x_wconf 89' lang='lat' dir='ltr'><strong>misit</strong></span> <span class='ocrx_word' id='word_1_79' title='bbox 1104 1119 1190 1161; x_wconf 90' lang='lat' dir='ltr'><strong>me</strong></span> <span class='ocrx_word' id='word_1_80' title='bbox 1219 1105 1494 1177; x_wconf 82' lang='lat' dir='ltr'><strong>baptizare</strong></span> <span class='ocrx_word' id='word_1_81' title='bbox 1532 1109 1584 1161; x_wconf 95' lang='lat' dir='ltr'><strong>in</strong></span> <span class='ocrx_word' id='word_1_82' title='bbox 1614 1124 1755 1178; x_wconf 83' lang='lat' dir='ltr'><strong>aqua</strong></span> <span class='ocrx_word' id='word_1_83' title='bbox 1774 1149 1788 1171; x_wconf 90' lang='lat'><strong>,</strong></span> <span class='ocrx_word' id='word_1_84' title='bbox 1818 1110 1908 1164; x_wconf 88' lang='lat' dir='ltr'><strong>ille</strong></span> <span class='ocrx_word' id='word_1_85' title='bbox 1928 1110 2063 1165; x_wconf 89' lang='lat' dir='ltr'><strong>mihi</strong></span> <span class='ocrx_word' id='word_1_86' title='bbox 2085 1110 2253 1166; x_wconf 80' lang='lat' dir='ltr'><strong>dixit:</strong></span> 
     </span>
    </p>
   </div>
   <div class='ocr_carea' id='block_1_13' title="bbox 685 1193 2258 1274">
    <p class='ocr_par' dir='ltr' id='par_1_13' title="bbox 685 1193 2258 1274">
     <span class='ocr_line' id='line_1_13' title="bbox 685 1193 2258 1274; baseline 0.007 -28"><span class='ocrx_word' id='word_1_87' title='bbox 685 1193 858 1261; x_wconf 80' lang='lat' dir='ltr'><strong>Super</strong></span> <span class='ocrx_word' id='word_1_88' title='bbox 913 1210 1074 1265; x_wconf 88' lang='lat' dir='ltr'><strong>quem</strong></span> <span class='ocrx_word' id='word_1_89' title='bbox 1139 1198 1343 1274; x_wconf 68' lang='lat' dir='ltr'><strong>videris</strong></span> <span class='ocrx_word' id='word_1_90' title='bbox 1401 1198 1665 1268; x_wconf 74' lang='lat' dir='ltr'><strong>Spiritum</strong></span> <span class='ocrx_word' id='word_1_91' title='bbox 1725 1200 2141 1263; x_wconf 80' lang='lat' dir='ltr'><strong>descendentem</strong></span> <span class='ocrx_word' id='word_1_92' title='bbox 2203 1212 2258 1257; x_wconf 89' lang='lat' dir='ltr'><strong>et</strong></span> 
     </span>
    </p>
   </div>
   <div class='ocr_carea' id='block_1_14' title="bbox 680 1288 2257 1360">
    <p class='ocr_par' dir='ltr' id='par_1_14' title="bbox 680 1288 2257 1360">
     <span class='ocr_line' id='line_1_14' title="bbox 680 1288 2257 1360; baseline 0.004 -22"><span class='ocrx_word' id='word_1_93' title='bbox 680 1292 988 1341; x_wconf 85' lang='lat' dir='ltr'><strong>manentem</strong></span> <span class='ocrx_word' id='word_1_94' title='bbox 1030 1300 1198 1357; x_wconf 81' lang='lat' dir='ltr'><strong>super</strong></span> <span class='ocrx_word' id='word_1_95' title='bbox 1220 1303 1344 1343; x_wconf 87' lang='lat' dir='ltr'><strong>eum</strong></span> <span class='ocrx_word' id='word_1_96' title='bbox 1366 1330 1382 1353; x_wconf 91' lang='lat'><strong>,</strong></span> <span class='ocrx_word' id='word_1_97' title='bbox 1404 1289 1492 1344; x_wconf 90' lang='lat' dir='ltr'><strong>hic</strong></span> <span class='ocrx_word' id='word_1_98' title='bbox 1525 1297 1607 1345; x_wconf 87' lang='lat' dir='ltr'><strong>est</strong></span> <span class='ocrx_word' id='word_1_99' title='bbox 1641 1290 1733 1358; x_wconf 90' lang='lat' dir='ltr'><strong>qui</strong></span> <span class='ocrx_word' id='word_1_100' title='bbox 1770 1288 2008 1359; x_wconf 81' lang='lat' dir='ltr'><strong>baptizat</strong></span> <span class='ocrx_word' id='word_1_101' title='bbox 2047 1291 2098 1346; x_wconf 90' lang='lat' dir='ltr'><strong>in</strong></span> <span class='ocrx_word' id='word_1_102' title='bbox 2131 1291 2257 1360; x_wconf 86' lang='lat' dir='ltr'><strong>Spi-</strong></span> 
     </span>
    </p>
   </div>
   <div class='ocr_carea' id='block_1_15' title="bbox 680 1374 2254 1449">
    <p class='ocr_par' dir='ltr' id='par_1_15' title="bbox 680 1374 2254 1449">
     <span class='ocr_line' id='line_1_15' title="bbox 680 1374 2254 1449; baseline 0.004 -22"><span class='ocrx_word' id='word_1_103' title='bbox 680 1374 789 1427; x_wconf 64' lang='lat' dir='ltr'><strong>ritu</strong></span> <span class='ocrx_word' id='word_1_104' title='bbox 829 1384 1038 1432; x_wconf 85' lang='lat' dir='ltr'><strong>sancto.</strong></span> <span class='ocrx_word' id='word_1_105' title='bbox 1092 1378 1160 1432; x_wconf 84' lang='lat' dir='ltr'><strong>Et</strong></span> <span class='ocrx_word' id='word_1_106' title='bbox 1197 1393 1297 1448; x_wconf 90' lang='lat' dir='ltr'><strong>ego</strong></span> <span class='ocrx_word' id='word_1_107' title='bbox 1327 1380 1470 1443; x_wconf 85' lang='lat' dir='ltr'><strong>vidi,</strong></span> <span class='ocrx_word' id='word_1_108' title='bbox 1498 1388 1555 1434; x_wconf 91' lang='lat' dir='ltr'><strong>et</strong></span> <span class='ocrx_word' id='word_1_109' title='bbox 1586 1379 1949 1434; x_wconf 88' lang='lat' dir='ltr'><strong>testimonium</strong></span> <span class='ocrx_word' id='word_1_110' title='bbox 1989 1380 2254 1449; x_wconf 86' lang='lat' dir='ltr'><strong>perhibui,</strong></span> 
     </span>
    </p>
   </div>
   <div class='ocr_carea' id='block_1_16' title="bbox 681 1464 2257 1540">
    <p class='ocr_par' dir='ltr' id='par_1_16' title="bbox 681 1464 2257 1540">
     <span class='ocr_line' id='line_1_16' title="bbox 681 1464 2257 1540; baseline 0.006 -23"><span class='ocrx_word' id='word_1_111' title='bbox 681 1464 809 1533; x_wconf 86' lang='lat' dir='ltr'><strong>quia</strong></span> <span class='ocrx_word' id='word_1_112' title='bbox 847 1466 937 1521; x_wconf 86' lang='lat' dir='ltr'><strong>hic</strong></span> <span class='ocrx_word' id='word_1_113' title='bbox 980 1476 1065 1523; x_wconf 91' lang='lat' dir='ltr'><strong>est</strong></span> <span class='ocrx_word' id='word_1_114' title='bbox 1103 1467 1272 1523; x_wconf 86' lang='lat' dir='ltr'><strong>Filius</strong></span> <span class='ocrx_word' id='word_1_115' title='bbox 1315 1469 1409 1524; x_wconf 91' lang='lat' dir='ltr'><strong>Dei</strong></span> <span class='ocrx_word' id='word_1_116' title='bbox 1442 1469 1507 1523; x_wconf 77' lang='grc'><strong>⁸⁸.</strong></span> <span class='ocrx_word' id='word_1_117' title='bbox 1552 1487 1576 1523; x_wconf 74' lang='grc' dir='ltr'><strong>ι</strong></span> <span class='ocrx_word' id='word_1_118' title='bbox 1627 1468 2019 1526; x_wconf 86' lang='lat' dir='ltr'><strong>Testimonium</strong></span> <span class='ocrx_word' id='word_1_119' title='bbox 2075 1471 2257 1540; x_wconf 85' lang='lat' dir='ltr'><strong>itaque</strong></span> 
     </span>
    </p>
   </div>
   <div class='ocr_carea' id='block_1_17' title="bbox 682 1554 2256 1621">
    <p class='ocr_par' dir='ltr' id='par_1_17' title="bbox 682 1554 2256 1621">
     <span class='ocr_line' id='line_1_17' title="bbox 682 1554 2256 1621; baseline 0.004 -10"><span class='ocrx_word' id='word_1_120' title='bbox 682 1554 996 1620; x_wconf 83' lang='lat' dir='ltr'><strong>perhibetur</strong></span> <span class='ocrx_word' id='word_1_121' title='bbox 1044 1558 1270 1614; x_wconf 91' lang='lat' dir='ltr'><strong>Domino</strong></span> <span class='ocrx_word' id='word_1_122' title='bbox 1320 1567 1507 1621; x_wconf 76' lang='lat' dir='ltr'><strong>nostro</strong></span> <span class='ocrx_word' id='word_1_123' title='bbox 1563 1557 1690 1615; x_wconf 74' lang='lat' dir='ltr'><strong>Jesu</strong></span> <span class='ocrx_word' id='word_1_124' title='bbox 1740 1560 1959 1616; x_wconf 86' lang='lat' dir='ltr'><strong>Christo</strong></span> <span class='ocrx_word' id='word_1_125' title='bbox 1994 1570 2049 1616; x_wconf 91' lang='lat' dir='ltr'><strong>et</strong></span> <span class='ocrx_word' id='word_1_126' title='bbox 2083 1561 2256 1618; x_wconf 86' lang='lat' dir='ltr'><strong>Patris</strong></span> 
     </span>
    </p>
   </div>
   <div class='ocr_carea' id='block_1_18' title="bbox 682 1647 2254 1717">
    <p class='ocr_par' dir='ltr' id='par_1_18' title="bbox 682 1647 2254 1717">
     <span class='ocr_line' id='line_1_18' title="bbox 682 1647 2254 1717; baseline 0.007 -20"><span class='ocrx_word' id='word_1_127' title='bbox 682 1659 851 1712; x_wconf 79' lang='lat' dir='ltr'><strong>voce,</strong></span> <span class='ocrx_word' id='word_1_128' title='bbox 889 1647 1028 1717; x_wconf 90' lang='lat' dir='ltr'><strong>quod</strong></span> <span class='ocrx_word' id='word_1_129' title='bbox 1069 1647 1183 1717; x_wconf 86' lang='lat' dir='ltr'><strong>ejus</strong></span> <span class='ocrx_word' id='word_1_130' title='bbox 1209 1648 1378 1704; x_wconf 85' lang='lat' dir='ltr'><strong>Filius</strong></span> <span class='ocrx_word' id='word_1_131' title='bbox 1400 1650 1471 1704; x_wconf 90' lang='lat' dir='ltr'><strong>sit</strong></span> <span class='ocrx_word' id='word_1_132' title='bbox 1500 1661 1687 1706; x_wconf 84' lang='lat' dir='ltr'><strong>natura</strong></span> <span class='ocrx_word' id='word_1_133' title='bbox 1707 1660 1763 1705; x_wconf 89' lang='lat' dir='ltr'><strong>et</strong></span> <span class='ocrx_word' id='word_1_134' title='bbox 1783 1652 2078 1706; x_wconf 84' lang='lat' dir='ltr'><strong>secundum</strong></span> <span class='ocrx_word' id='word_1_135' title='bbox 2108 1655 2254 1708; x_wconf 85' lang='lat' dir='ltr'><strong>veri-</strong></span> 
     </span>
    </p>
   </div>
   <div class='ocr_carea' id='block_1_19' title="bbox 685 1736 2257 1811">
    <p class='ocr_par' dir='ltr' id='par_1_19' title="bbox 685 1736 2257 1811">
     <span class='ocr_line' id='line_1_19' title="bbox 685 1736 2257 1811; baseline 0.004 -22"><span class='ocrx_word' id='word_1_136' title='bbox 685 1743 851 1791; x_wconf 81' lang='lat' dir='ltr'><strong>tatem</strong></span> <span class='ocrx_word' id='word_1_137' title='bbox 877 1752 893 1789; x_wconf 87' lang='lat'><strong>:</strong></span> <span class='ocrx_word' id='word_1_138' title='bbox 921 1736 1288 1792; x_wconf 83' lang='lat' dir='ltr'><strong>testimonium</strong></span> <span class='ocrx_word' id='word_1_139' title='bbox 1329 1753 1540 1807; x_wconf 86' lang='lat' dir='ltr'><strong>quoque</strong></span> <span class='ocrx_word' id='word_1_140' title='bbox 1569 1738 1919 1795; x_wconf 86' lang='lat' dir='ltr'><strong>nihilominus</strong></span> <span class='ocrx_word' id='word_1_141' title='bbox 1945 1741 2257 1811; x_wconf 84' lang='lat' dir='ltr'><strong>perhibetur</strong></span> 
     </span>
    </p>
   </div>
   <div class='ocr_carea' id='block_1_20' title="bbox 683 1806 2329 1903">
    <p class='ocr_par' dir='ltr' id='par_1_20' title="bbox 683 1806 2329 1903">
     <span class='ocr_line' id='line_1_20' title="bbox 683 1806 2329 1903; baseline 0.005 -24"><span class='ocrx_word' id='word_1_142' title='bbox 683 1840 825 1894; x_wconf 84' lang='lat' dir='ltr'><strong>aqua</strong></span> <span class='ocrx_word' id='word_1_143' title='bbox 853 1834 910 1880; x_wconf 91' lang='lat' dir='ltr'><strong>et</strong></span> <span class='ocrx_word' id='word_1_144' title='bbox 937 1827 1199 1897; x_wconf 78' lang='lat' dir='ltr'><strong>sanguine</strong></span> <span class='ocrx_word' id='word_1_145' title='bbox 1219 1835 1275 1883; x_wconf 89' lang='lat' dir='ltr'><strong>et</strong></span> <span class='ocrx_word' id='word_1_146' title='bbox 1301 1806 1509 1896; x_wconf 82' lang='lat' dir='ltr'><strong>Spiritu</strong></span> <span class='ocrx_word' id='word_1_147' title='bbox 1538 1843 1553 1881; x_wconf 88' lang='lat'><strong>:</strong></span> <span class='ocrx_word' id='word_1_148' title='bbox 1584 1836 1640 1883; x_wconf 89' lang='lat' dir='ltr'><strong>et</strong></span> <span class='ocrx_word' id='word_1_149' title='bbox 1659 1840 1844 1885; x_wconf 88' lang='lat' dir='ltr'><strong>sancta</strong></span> <span class='ocrx_word' id='word_1_150' title='bbox 1874 1806 2095 1901; x_wconf 83' lang='lat' dir='ltr'><strong>quidem</strong></span> <span class='ocrx_word' id='word_1_151' title='bbox 2115 1847 2255 1903; x_wconf 88' lang='lat' dir='ltr'><strong>aqua</strong></span> <span class='ocrx_word' id='word_1_152' title='bbox 2286 1806 2329 1864; x_wconf 74' lang='grc' dir='ltr'><strong>Β</strong></span> 
     </span>
    </p>
   </div>
   <div class='ocr_carea' id='block_1_21' title="bbox 684 1917 2257 1988">
    <p class='ocr_par' dir='ltr' id='par_1_21' title="bbox 684 1917 2257 1988">
     <span class='ocr_line' id='line_1_21' title="bbox 684 1917 2257 1988; baseline 0.006 -20"><span class='ocrx_word' id='word_1_153' title='bbox 684 1923 902 1982; x_wconf 84' lang='lat' dir='ltr'><strong>peccata</strong></span> <span class='ocrx_word' id='word_1_154' title='bbox 947 1917 1281 1972; x_wconf 89' lang='lat' dir='ltr'><strong>credentium</strong></span> <span class='ocrx_word' id='word_1_155' title='bbox 1321 1918 1616 1988; x_wconf 86' lang='lat' dir='ltr'><strong>abstergit,</strong></span> <span class='ocrx_word' id='word_1_156' title='bbox 1649 1920 1885 1975; x_wconf 77' lang='lat' dir='ltr'><strong>viviﬁcat</strong></span> <span class='ocrx_word' id='word_1_157' title='bbox 1940 1931 2118 1977; x_wconf 85' lang='lat' dir='ltr'><strong>autem</strong></span> <span class='ocrx_word' id='word_1_158' title='bbox 2158 1924 2257 1977; x_wconf 85' lang='lat' dir='ltr'><strong>ho-</strong></span> 
     </span>
    </p>
   </div>
   <div class='ocr_carea' id='block_1_22' title="bbox 683 2003 2257 2083">
    <p class='ocr_par' dir='ltr' id='par_1_22' title="bbox 683 2003 2257 2083">
     <span class='ocr_line' id='line_1_22' title="bbox 683 2003 2257 2083; baseline 0.008 -25"><span class='ocrx_word' id='word_1_159' title='bbox 683 2003 857 2059; x_wconf 86' lang='lat' dir='ltr'><strong>mines</strong></span> <span class='ocrx_word' id='word_1_160' title='bbox 881 2006 972 2073; x_wconf 91' lang='lat' dir='ltr'><strong>qui</strong></span> <span class='ocrx_word' id='word_1_161' title='bbox 1003 2016 1129 2063; x_wconf 89' lang='lat' dir='ltr'><strong>sunt</strong></span> <span class='ocrx_word' id='word_1_162' title='bbox 1156 2023 1328 2078; x_wconf 89' lang='lat' dir='ltr'><strong>super</strong></span> <span class='ocrx_word' id='word_1_163' title='bbox 1351 2018 1573 2074; x_wconf 85' lang='lat' dir='ltr'><strong>terram,</strong></span> <span class='ocrx_word' id='word_1_164' title='bbox 1598 2024 1697 2065; x_wconf 91' lang='lat' dir='ltr'><strong>suo</strong></span> <span class='ocrx_word' id='word_1_165' title='bbox 1723 2013 2019 2083; x_wconf 77' lang='lat' dir='ltr'><strong>sanguine,</strong></span> <span class='ocrx_word' id='word_1_166' title='bbox 2046 2028 2110 2069; x_wconf 91' lang='lat' dir='ltr'><strong>ac</strong></span> <span class='ocrx_word' id='word_1_167' title='bbox 2145 2013 2257 2070; x_wconf 92' lang='lat' dir='ltr'><strong>Deo</strong></span> 
     </span>
    </p>
   </div>
   <div class='ocr_carea' id='block_1_23' title="bbox 683 2094 2254 2172">
    <p class='ocr_par' dir='ltr' id='par_1_23' title="bbox 683 2094 2254 2172">
     <span class='ocr_line' id='line_1_23' title="bbox 683 2094 2254 2172; baseline 0.006 -22"><span class='ocrx_word' id='word_1_168' title='bbox 683 2094 979 2166; x_wconf 71' lang='lat' dir='ltr'><strong>conijungit.</strong></span> <span class='ocrx_word' id='word_1_169' title='bbox 1032 2098 1140 2153; x_wconf 88' lang='lat' dir='ltr'><strong>Sed</strong></span> <span class='ocrx_word' id='word_1_170' title='bbox 1180 2100 1306 2169; x_wconf 83' lang='lat' dir='ltr'><strong>quia</strong></span> <span class='ocrx_word' id='word_1_171' title='bbox 1349 2108 1434 2155; x_wconf 90' lang='lat' dir='ltr'><strong>est</strong></span> <span class='ocrx_word' id='word_1_172' title='bbox 1461 2102 1753 2156; x_wconf 88' lang='lat' dir='ltr'><strong>secundum</strong></span> <span class='ocrx_word' id='word_1_173' title='bbox 1802 2115 2049 2159; x_wconf 84' lang='lat' dir='ltr'><strong>naturam</strong></span> <span class='ocrx_word' id='word_1_174' title='bbox 2092 2104 2254 2172; x_wconf 87' lang='lat' dir='ltr'><strong>Dens,</strong></span> 
     </span>
    </p>
   </div>
   <div class='ocr_carea' id='block_1_24' title="bbox 682 2187 2257 2266">
    <p class='ocr_par' dir='ltr' id='par_1_24' title="bbox 682 2187 2257 2266">
     <span class='ocr_line' id='line_1_24' title="bbox 682 2187 2257 2266; baseline 0.007 -27"><span class='ocrx_word' id='word_1_175' title='bbox 682 2187 846 2241; x_wconf 88' lang='lat' dir='ltr'><strong>etiam</strong></span> <span class='ocrx_word' id='word_1_176' title='bbox 896 2189 1069 2243; x_wconf 85' lang='lat' dir='ltr'><strong>sancti</strong></span> <span class='ocrx_word' id='word_1_177' title='bbox 1114 2188 1352 2259; x_wconf 88' lang='lat' dir='ltr'><strong>Spiritus</strong></span> <span class='ocrx_word' id='word_1_178' title='bbox 1401 2206 1597 2247; x_wconf 88' lang='lat' dir='ltr'><strong>munus</strong></span> <span class='ocrx_word' id='word_1_179' title='bbox 1656 2192 1869 2249; x_wconf 77' lang='lat' dir='ltr'><strong>abunde</strong></span> <span class='ocrx_word' id='word_1_180' title='bbox 1923 2193 2171 2266; x_wconf 86' lang='lat' dir='ltr'><strong>largitur,</strong></span> <span class='ocrx_word' id='word_1_181' title='bbox 2203 2205 2257 2250; x_wconf 89' lang='lat' dir='ltr'><strong>et</strong></span> 
     </span>
    </p>
   </div>
   <div class='ocr_carea' id='block_1_25' title="bbox 685 2281 2253 2353">
    <p class='ocr_par' dir='ltr' id='par_1_25' title="bbox 685 2281 2253 2353">
     <span class='ocr_line' id='line_1_25' title="bbox 685 2281 2253 2353; baseline 0.006 -22"><span class='ocrx_word' id='word_1_182' title='bbox 685 2287 941 2347; x_wconf 86' lang='lat' dir='ltr'><strong>tanquam</strong></span> <span class='ocrx_word' id='word_1_183' title='bbox 980 2281 1255 2349; x_wconf 88' lang='lat' dir='ltr'><strong>proprium</strong></span> <span class='ocrx_word' id='word_1_184' title='bbox 1286 2282 1339 2336; x_wconf 89' lang='lat' dir='ltr'><strong>in</strong></span> <span class='ocrx_word' id='word_1_185' title='bbox 1367 2282 1577 2338; x_wconf 85' lang='lat' dir='ltr'><strong>animas</strong></span> <span class='ocrx_word' id='word_1_186' title='bbox 1619 2284 1956 2339; x_wconf 91' lang='lat' dir='ltr'><strong>credentium</strong></span> <span class='ocrx_word' id='word_1_187' title='bbox 2004 2286 2253 2353; x_wconf 81' lang='lat' dir='ltr'><strong>eﬂ&#39;undit,</strong></span> 
     </span>
    </p>
   </div>
   <div class='ocr_carea' id='block_1_26' title="bbox 685 2368 2259 2447">
    <p class='ocr_par' dir='ltr' id='par_1_26' title="bbox 685 2368 2259 2447">
     <span class='ocr_line' id='line_1_26' title="bbox 685 2368 2259 2447; baseline 0.008 -25"><span class='ocrx_word' id='word_1_188' title='bbox 685 2377 746 2447; x_wconf 88' lang='lat' dir='ltr'><strong>ut</strong></span> <span class='ocrx_word' id='word_1_189' title='bbox 775 2368 895 2424; x_wconf 89' lang='lat' dir='ltr'><strong>illos</strong></span> <span class='ocrx_word' id='word_1_190' title='bbox 923 2378 1037 2425; x_wconf 87' lang='lat' dir='ltr'><strong>tum</strong></span> <span class='ocrx_word' id='word_1_191' title='bbox 1069 2371 1265 2427; x_wconf 68' lang='lat' dir='ltr'><strong>divinae</strong></span> <span class='ocrx_word' id='word_1_192' title='bbox 1298 2380 1505 2427; x_wconf 74' lang='lat' dir='ltr'><strong>natura:</strong></span> <span class='ocrx_word' id='word_1_193' title='bbox 1545 2375 1723 2430; x_wconf 87' lang='lat' dir='ltr'><strong>socios</strong></span> <span class='ocrx_word' id='word_1_194' title='bbox 1753 2374 1948 2432; x_wconf 84' lang='lat' dir='ltr'><strong>eﬂiciat</strong></span> <span class='ocrx_word' id='word_1_195' title='bbox 1969 2417 1985 2443; x_wconf 95' lang='lat'><strong>,</strong></span> <span class='ocrx_word' id='word_1_196' title='bbox 2018 2385 2129 2431; x_wconf 91' lang='lat' dir='ltr'><strong>tum</strong></span> <span class='ocrx_word' id='word_1_197' title='bbox 2164 2393 2259 2447; x_wconf 89' lang='lat' dir='ltr'><strong>spe</strong></span> 
     </span>
    </p>
   </div>
   <div class='ocr_carea' id='block_1_27' title="bbox 686 2446 2257 2536">
    <p class='ocr_par' dir='ltr' id='par_1_27' title="bbox 686 2446 2257 2536">
     <span class='ocr_line' id='line_1_27' title="bbox 686 2446 2257 2536; baseline 0.01 -25"><span class='ocrx_word' id='word_1_198' title='bbox 686 2446 989 2516; x_wconf 71' lang='lat' dir='ltr'><strong>&#39;fnturorum</strong></span> <span class='ocrx_word' id='word_1_199' title='bbox 1020 2462 1283 2517; x_wconf 86' lang='lat' dir='ltr'><strong>bonorum</strong></span> <span class='ocrx_word' id='word_1_200' title='bbox 1333 2474 1577 2520; x_wconf 86' lang='lat' dir='ltr'><strong>coronet.</strong></span> <span class='ocrx_word' id='word_1_201' title='bbox 1626 2465 1800 2522; x_wconf 83' lang='lat' dir='ltr'><strong>Unum</strong></span> <span class='ocrx_word' id='word_1_202' title='bbox 1833 2467 1997 2536; x_wconf 86' lang='lat' dir='ltr'><strong>igitur</strong></span> <span class='ocrx_word' id='word_1_203' title='bbox 2031 2446 2257 2525; x_wconf 80' lang='lat' dir='ltr'><strong>conﬁte-</strong></span> 
     </span>
    </p>
   </div>
   <div class='ocr_carea' id='block_1_28' title="bbox 686 2551 2256 2625">
    <p class='ocr_par' dir='ltr' id='par_1_28' title="bbox 686 2551 2256 2625">
     <span class='ocr_line' id='line_1_28' title="bbox 686 2551 2256 2625; baseline 0.008 -23"><span class='ocrx_word' id='word_1_204' title='bbox 686 2565 810 2604; x_wconf 87' lang='lat' dir='ltr'><strong>mur</strong></span> <span class='ocrx_word' id='word_1_205' title='bbox 859 2551 1054 2606; x_wconf 89' lang='lat' dir='ltr'><strong>Filium</strong></span> <span class='ocrx_word' id='word_1_206' title='bbox 1112 2553 1386 2609; x_wconf 85' lang='lat' dir='ltr'><strong>Christum</strong></span> <span class='ocrx_word' id='word_1_207' title='bbox 1450 2553 1634 2611; x_wconf 79' lang='lat' dir='ltr'><strong>Jesum</strong></span> <span class='ocrx_word' id='word_1_208' title='bbox 1684 2558 2003 2623; x_wconf 90' lang='lat' dir='ltr'><strong>Dominum,</strong></span> <span class='ocrx_word' id='word_1_209' title='bbox 2040 2559 2097 2614; x_wconf 86' lang='lat' dir='ltr'><strong>id</strong></span> <span class='ocrx_word' id='word_1_210' title='bbox 2150 2570 2256 2625; x_wconf 90' lang='lat' dir='ltr'><strong>est,</strong></span> 
     </span>
    </p>
   </div>
   <div class='ocr_carea' id='block_1_29' title="bbox 685 2639 2257 2717">
    <p class='ocr_par' dir='ltr' id='par_1_29' title="bbox 685 2639 2257 2717">
     <span class='ocr_line' id='line_1_29' title="bbox 685 2639 2257 2717; baseline 0.008 -24"><span class='ocrx_word' id='word_1_211' title='bbox 685 2639 816 2695; x_wconf 89' lang='lat' dir='ltr'><strong>illud</strong></span> <span class='ocrx_word' id='word_1_212' title='bbox 850 2640 944 2697; x_wconf 87' lang='lat' dir='ltr'><strong>Dei</strong></span> <span class='ocrx_word' id='word_1_213' title='bbox 980 2640 1216 2699; x_wconf 75' lang='lat' dir='ltr'><strong>Verbum</strong></span> <span class='ocrx_word' id='word_1_214' title='bbox 1258 2645 1541 2701; x_wconf 83' lang='lat' dir='ltr'><strong>hominem</strong></span> <span class='ocrx_word' id='word_1_215' title='bbox 1584 2646 1782 2702; x_wconf 79' lang='lat' dir='ltr'><strong>factum</strong></span> <span class='ocrx_word' id='word_1_216' title='bbox 1810 2656 1864 2703; x_wconf 85' lang='lat' dir='ltr'><strong>et</strong></span> <span class='ocrx_word' id='word_1_217' title='bbox 1898 2648 2257 2717; x_wconf 89' lang='lat' dir='ltr'><strong>incarnatum,</strong></span> 
     </span>
    </p>
   </div>
   <div class='ocr_carea' id='block_1_30' title="bbox 683 2733 2258 2809">
    <p class='ocr_par' dir='ltr' id='par_1_30' title="bbox 683 2733 2258 2809">
     <span class='ocr_line' id='line_1_30' title="bbox 683 2733 2258 2809; baseline 0.007 -23"><span class='ocrx_word' id='word_1_218' title='bbox 683 2744 740 2787; x_wconf 84' lang='lat' dir='ltr'><strong>et</strong></span> <span class='ocrx_word' id='word_1_219' title='bbox 792 2733 940 2789; x_wconf 87' lang='lat' dir='ltr'><strong>hunc</strong></span> <span class='ocrx_word' id='word_1_220' title='bbox 1011 2736 1369 2803; x_wconf 78' lang='lat' dir='ltr'><strong>cruciﬁxum,</strong></span> <span class='ocrx_word' id='word_1_221' title='bbox 1402 2747 1458 2793; x_wconf 90' lang='lat' dir='ltr'><strong>et</strong></span> <span class='ocrx_word' id='word_1_222' title='bbox 1489 2749 1866 2809; x_wconf 86' lang='lat' dir='ltr'><strong>resurgentem</strong></span> <span class='ocrx_word' id='word_1_223' title='bbox 1934 2755 1964 2794; x_wconf 87' lang='lat' dir='ltr'><strong>a</strong></span> <span class='ocrx_word' id='word_1_224' title='bbox 2006 2744 2258 2808; x_wconf 88' lang='lat' dir='ltr'><strong>mortuis,</strong></span> 
     </span>
    </p>
   </div>
   <div class='ocr_carea' id='block_1_31' title="bbox 684 2829 2261 2900">
    <p class='ocr_par' dir='ltr' id='par_1_31' title="bbox 684 2829 2261 2900">
     <span class='ocr_line' id='line_1_31' title="bbox 684 2829 2261 2900; baseline 0.008 -23"><span class='ocrx_word' id='word_1_225' title='bbox 684 2833 1076 2896; x_wconf 78' lang='lat' dir='ltr'><strong>venturumque</strong></span> <span class='ocrx_word' id='word_1_226' title='bbox 1110 2842 1212 2882; x_wconf 92' lang='lat' dir='ltr'><strong>suo</strong></span> <span class='ocrx_word' id='word_1_227' title='bbox 1252 2837 1495 2900; x_wconf 89' lang='lat' dir='ltr'><strong>tempore</strong></span> <span class='ocrx_word' id='word_1_228' title='bbox 1538 2829 1593 2883; x_wconf 92' lang='lat' dir='ltr'><strong>in</strong></span> <span class='ocrx_word' id='word_1_229' title='bbox 1644 2829 1811 2898; x_wconf 86' lang='lat' dir='ltr'><strong>gloria</strong></span> <span class='ocrx_word' id='word_1_230' title='bbox 1859 2829 1951 2885; x_wconf 88' lang='lat' dir='ltr'><strong>Dei</strong></span> <span class='ocrx_word' id='word_1_231' title='bbox 1996 2840 2051 2885; x_wconf 90' lang='lat' dir='ltr'><strong>et</strong></span> <span class='ocrx_word' id='word_1_232' title='bbox 2088 2831 2261 2889; x_wconf 84' lang='lat' dir='ltr'><strong>Patris</strong></span> 
     </span>
    </p>
   </div>
   <div class='ocr_carea' id='block_1_32' title="bbox 682 2916 2259 2989">
    <p class='ocr_par' dir='ltr' id='par_1_32' title="bbox 682 2916 2259 2989">
     <span class='ocr_line' id='line_1_32' title="bbox 682 2916 2259 2989; baseline 0.008 -24"><span class='ocrx_word' id='word_1_233' title='bbox 682 2928 807 2970; x_wconf 74' lang='lat' dir='ltr'><strong>cum</strong></span> <span class='ocrx_word' id='word_1_234' title='bbox 850 2916 1057 2972; x_wconf 87' lang='lat' dir='ltr'><strong>sanctis</strong></span> <span class='ocrx_word' id='word_1_235' title='bbox 1084 2917 1315 2987; x_wconf 64' lang='lat' dir='ltr'><strong>angelis.</strong></span> <span class='ocrx_word' id='word_1_236' title='bbox 1366 2918 1468 2972; x_wconf 87' lang='lat' dir='ltr'><strong>Per</strong></span> <span class='ocrx_word' id='word_1_237' title='bbox 1501 2918 1711 2987; x_wconf 76' lang='lat' dir='ltr'><strong>ipsum,</strong></span> <span class='ocrx_word' id='word_1_238' title='bbox 1741 2927 1945 2973; x_wconf 89' lang='lat' dir='ltr'><strong>etcum</strong></span> <span class='ocrx_word' id='word_1_239' title='bbox 1973 2919 2120 2989; x_wconf 89' lang='lat' dir='ltr'><strong>ipso,</strong></span> <span class='ocrx_word' id='word_1_240' title='bbox 2149 2920 2259 2977; x_wconf 86' lang='lat' dir='ltr'><strong>Deo</strong></span> 
     </span>
    </p>
   </div>
   <div class='ocr_carea' id='block_1_33' title="bbox 683 3004 2256 3078">
    <p class='ocr_par' dir='ltr' id='par_1_33' title="bbox 683 3004 2256 3078">
     <span class='ocr_line' id='line_1_33' title="bbox 683 3004 2256 3078; baseline 0.006 -20"><span class='ocrx_word' id='word_1_241' title='bbox 683 3014 738 3058; x_wconf 83' lang='lat' dir='ltr'><strong>et</strong></span> <span class='ocrx_word' id='word_1_242' title='bbox 758 3004 902 3059; x_wconf 84' lang='lat' dir='ltr'><strong>Patri</strong></span> <span class='ocrx_word' id='word_1_243' title='bbox 927 3006 1096 3074; x_wconf 89' lang='lat' dir='ltr'><strong>gloria</strong></span> <span class='ocrx_word' id='word_1_244' title='bbox 1118 3022 1241 3062; x_wconf 89' lang='lat' dir='ltr'><strong>cum</strong></span> <span class='ocrx_word' id='word_1_245' title='bbox 1268 3018 1455 3063; x_wconf 87' lang='lat' dir='ltr'><strong>sancto</strong></span> <span class='ocrx_word' id='word_1_246' title='bbox 1479 3008 1682 3078; x_wconf 73' lang='lat' dir='ltr'><strong>Spiritu</strong></span> <span class='ocrx_word' id='word_1_247' title='bbox 1710 3009 1763 3062; x_wconf 89' lang='lat' dir='ltr'><strong>in</strong></span> <span class='ocrx_word' id='word_1_248' title='bbox 1795 3010 2013 3066; x_wconf 72' lang='lat' dir='ltr'><strong>sazcula.</strong></span> <span class='ocrx_word' id='word_1_249' title='bbox 2060 3013 2256 3068; x_wconf 83' lang='lat' dir='ltr'><strong>Amen.</strong></span> 
     </span>
    </p>
   </div>
   <div class='ocr_carea' id='block_1_34' title="bbox 2362 549 3923 627">
    <p class='ocr_par' dir='ltr' id='par_1_34' title="bbox 2362 549 3923 627">
     <span class='ocr_line' id='line_1_34' title="bbox 2362 549 3923 627; baseline -0.007 -16"><span class='ocrx_word' id='word_1_250' title='bbox 2362 559 2395 627; x_wconf 81' lang='grc' dir='ltr'>ἠ</span> <span class='ocrx_word' id='word_1_251' title='bbox 2434 557 2709 627; x_wconf 85' lang='grc' dir='ltr'>μαρτυρία</span> <span class='ocrx_word' id='word_1_252' title='bbox 2757 556 2849 609; x_wconf 86' lang='grc' dir='ltr'><strong>τοῦ</strong></span> <span class='ocrx_word' id='word_1_253' title='bbox 2883 555 3040 620; x_wconf 81' lang='grc' dir='ltr'>Θεοῦ,</span> <span class='ocrx_word' id='word_1_254' title='bbox 3087 554 3166 607; x_wconf 75' lang='grc' dir='ltr'>ἔτι</span> <span class='ocrx_word' id='word_1_255' title='bbox 3218 550 3415 623; x_wconf 78' lang='grc' dir='ltr'>μείζων</span> <span class='ocrx_word' id='word_1_256' title='bbox 3450 550 3598 602; x_wconf 78' lang='grc' dir='ltr'>ἐστίν</span> <span class='ocrx_word' id='word_1_257' title='bbox 3622 564 3633 576; x_wconf 92' lang='grc'><strong>·</strong></span> <span class='ocrx_word' id='word_1_258' title='bbox 3681 550 3764 602; x_wconf 80' lang='grc' dir='ltr'><strong>ὅτι</strong></span> <span class='ocrx_word' id='word_1_259' title='bbox 3801 549 3923 618; x_wconf 71' lang='grc' dir='ltr'>αὕτη</span> 
     </span>
    </p>
   </div>
   <div class='ocr_carea' id='block_1_35' title="bbox 2362 638 3923 718">
    <p class='ocr_par' dir='ltr' id='par_1_35' title="bbox 2362 638 3923 718">
     <span class='ocr_line' id='line_1_35' title="bbox 2362 638 3923 718; baseline -0.006 -19"><span class='ocrx_word' id='word_1_260' title='bbox 2362 648 2508 699; x_wconf 76' lang='grc' dir='ltr'>ἐστὶν</span> <span class='ocrx_word' id='word_1_261' title='bbox 2539 649 2572 716; x_wconf 77' lang='grc' dir='ltr'>ἡ</span> <span class='ocrx_word' id='word_1_262' title='bbox 2607 646 2882 718; x_wconf 88' lang='grc' dir='ltr'>μαρτυρία</span> <span class='ocrx_word' id='word_1_263' title='bbox 2911 646 3004 699; x_wconf 84' lang='grc' dir='ltr'><strong>τοῦ</strong></span> <span class='ocrx_word' id='word_1_264' title='bbox 3046 643 3207 709; x_wconf 74' lang='grc' dir='ltr'>θεοῦ,</span> <span class='ocrx_word' id='word_1_265' title='bbox 3240 640 3320 695; x_wconf 83' lang='grc' dir='ltr'>ὅτι</span> <span class='ocrx_word' id='word_1_266' title='bbox 3361 638 3761 712; x_wconf 79' lang='grc' dir='ltr'><strong>μεμαρτύρηκε</strong></span> <span class='ocrx_word' id='word_1_267' title='bbox 3810 640 3923 708; x_wconf 71' lang='grc' dir='ltr'>περὶ</span> 
     </span>
    </p>
   </div>
   <div class='ocr_carea' id='block_1_36' title="bbox 2359 728 3921 795">
    <p class='ocr_par' dir='ltr' id='par_1_36' title="bbox 2359 728 3921 795">
     <span class='ocr_line' id='line_1_36' title="bbox 2359 728 3921 795; baseline -0.006 -6"><span class='ocrx_word' id='word_1_268' title='bbox 2359 735 2453 789; x_wconf 87' lang='grc' dir='ltr'><strong>τοῦ</strong></span> <span class='ocrx_word' id='word_1_269' title='bbox 2484 734 2617 789; x_wconf 81' lang='grc' dir='ltr'>Υίοῦ</span> <span class='ocrx_word' id='word_1_270' title='bbox 2652 735 2846 788; x_wconf 75' lang='grc' dir='ltr'>αὑτοῦ·</span> <span class='ocrx_word' id='word_1_271' title='bbox 2877 738 2903 789; x_wconf 88' lang='grc' dir='ltr'>ὁ</span> <span class='ocrx_word' id='word_1_272' title='bbox 2936 734 3205 789; x_wconf 76' lang='grc' dir='ltr'>πιστεύων</span> <span class='ocrx_word' id='word_1_273' title='bbox 3249 734 3328 795; x_wconf 74' lang='grc' dir='ltr'><strong>εἰς</strong></span> <span class='ocrx_word' id='word_1_274' title='bbox 3360 732 3452 783; x_wconf 80' lang='grc' dir='ltr'><strong>τὸν</strong></span> <span class='ocrx_word' id='word_1_275' title='bbox 3484 731 3607 782; x_wconf 85' lang='grc' dir='ltr'>Υἰὸν</span> <span class='ocrx_word' id='word_1_276' title='bbox 3637 729 3731 781; x_wconf 90' lang='grc' dir='ltr'><strong>τοῦ</strong></span> <span class='ocrx_word' id='word_1_277' title='bbox 3781 728 3921 793; x_wconf 81' lang='grc' dir='ltr'>Θεοῦ,</span> 
     </span>
    </p>
   </div>
   <div class='ocr_carea' id='block_1_37' title="bbox 2360 819 3923 898">
    <p class='ocr_par' dir='ltr' id='par_1_37' title="bbox 2360 819 3923 898">
     <span class='ocr_line' id='line_1_37' title="bbox 2360 819 3923 898; baseline -0.008 -15"><span class='ocrx_word' id='word_1_278' title='bbox 2360 826 2471 897; x_wconf 73' lang='grc' dir='ltr'>ἔχει</span> <span class='ocrx_word' id='word_1_279' title='bbox 2519 826 2618 897; x_wconf 82' lang='grc' dir='ltr'><strong>τὴν</strong></span> <span class='ocrx_word' id='word_1_280' title='bbox 2675 826 2980 898; x_wconf 83' lang='grc' dir='ltr'>μαρτυρίαν</span> <span class='ocrx_word' id='word_1_281' title='bbox 3027 826 3085 878; x_wconf 82' lang='grc' dir='ltr'>ὲν</span> <span class='ocrx_word' id='word_1_282' title='bbox 3128 822 3334 893; x_wconf 78' lang='grc' dir='ltr'>ὲαυτῷο</span> <span class='ocrx_word' id='word_1_283' title='bbox 3366 823 3395 873; x_wconf 98' lang='lat'><strong>6</strong></span> <span class='ocrx_word' id='word_1_284' title='bbox 3439 820 3515 891; x_wconf 81' lang='grc' dir='ltr'>μὴ</span> <span class='ocrx_word' id='word_1_285' title='bbox 3555 819 3827 872; x_wconf 74' lang='grc' dir='ltr'><strong>πιστεύων</strong></span> <span class='ocrx_word' id='word_1_286' title='bbox 3856 821 3923 889; x_wconf 83' lang='grc' dir='ltr'><strong>τῷ</strong></span> 
     </span>
    </p>
   </div>
   <div class='ocr_carea' id='block_1_38' title="bbox 2359 911 3920 989">
    <p class='ocr_par' dir='ltr' id='par_1_38' title="bbox 2359 911 3920 989">
     <span class='ocr_line' id='line_1_38' title="bbox 2359 911 3920 989; baseline -0.006 -18"><span class='ocrx_word' id='word_1_287' title='bbox 2359 915 2499 988; x_wconf 77' lang='grc' dir='ltr'>Θεῷ,</span> <span class='ocrx_word' id='word_1_288' title='bbox 2528 917 2768 989; x_wconf 73' lang='grc' dir='ltr'>ψεύστην</span> <span class='ocrx_word' id='word_1_289' title='bbox 2806 916 3105 986; x_wconf 80' lang='grc' dir='ltr'>πεποίηκεν</span> <span class='ocrx_word' id='word_1_290' title='bbox 3147 914 3332 978; x_wconf 82' lang='grc' dir='ltr'>αὐτὸν,</span> <span class='ocrx_word' id='word_1_291' title='bbox 3376 914 3458 965; x_wconf 80' lang='grc' dir='ltr'>ὅτι</span> <span class='ocrx_word' id='word_1_292' title='bbox 3489 912 3588 963; x_wconf 77' lang='grc' dir='ltr'>οὐκ</span> <span class='ocrx_word' id='word_1_293' title='bbox 3618 911 3920 964; x_wconf 74' lang='grc' dir='ltr'>ἐπίστευσεν</span> 
     </span>
    </p>
   </div>
   <div class='ocr_carea' id='block_1_39' title="bbox 2359 1002 3919 1080">
    <p class='ocr_par' dir='ltr' id='par_1_39' title="bbox 2359 1002 3919 1080">
     <span class='ocr_line' id='line_1_39' title="bbox 2359 1002 3919 1080; baseline -0.005 -18"><span class='ocrx_word' id='word_1_294' title='bbox 2359 1011 2438 1072; x_wconf 83' lang='grc' dir='ltr'><strong>είς</strong></span> <span class='ocrx_word' id='word_1_295' title='bbox 2470 1009 2570 1080; x_wconf 83' lang='grc' dir='ltr'>τὴν</span> <span class='ocrx_word' id='word_1_296' title='bbox 2606 1008 2939 1079; x_wconf 75' lang='grc' dir='ltr'>μαρτυρίαν,</span> <span class='ocrx_word' id='word_1_297' title='bbox 2966 1008 3033 1078; x_wconf 84' lang='grc' dir='ltr'>ἢν</span> <span class='ocrx_word' id='word_1_298' title='bbox 3070 1004 3497 1077; x_wconf 83' lang='grc' dir='ltr'>μεμαρτύρηκεν</span> <span class='ocrx_word' id='word_1_299' title='bbox 3530 1004 3657 1073; x_wconf 68' lang='grc' dir='ltr'>περὶ</span> <span class='ocrx_word' id='word_1_300' title='bbox 3685 1002 3780 1055; x_wconf 83' lang='grc' dir='ltr'><strong>τοῦ</strong></span> <span class='ocrx_word' id='word_1_301' title='bbox 3806 1003 3919 1055; x_wconf 64' lang='lat' dir='ltr'><strong>Tia]</strong></span> 
     </span>
    </p>
   </div>
   <div class='ocr_carea' id='block_1_40' title="bbox 2358 1095 3921 1171">
    <p class='ocr_par' dir='ltr' id='par_1_40' title="bbox 2358 1095 3921 1171">
     <span class='ocr_line' id='line_1_40' title="bbox 2358 1095 3921 1171; baseline -0.005 -17"><span class='ocrx_word' id='word_1_302' title='bbox 2358 1100 2578 1155; x_wconf 77' lang='grc' dir='ltr'>αὐτοῦ.)</span> <span class='ocrx_word' id='word_1_303' title='bbox 2604 1099 3012 1171; x_wconf 83' lang='grc' dir='ltr'>Μεμαρτύρηκε</span> <span class='ocrx_word' id='word_1_304' title='bbox 3039 1099 3095 1151; x_wconf 83' lang='grc' dir='ltr'><strong>δὲ</strong></span> <span class='ocrx_word' id='word_1_305' title='bbox 3128 1098 3249 1152; x_wconf 85' lang='grc' dir='ltr'>τίνα</span> <span class='ocrx_word' id='word_1_306' title='bbox 3275 1097 3476 1168; x_wconf 85' lang='grc' dir='ltr'>τρόπον</span> <span class='ocrx_word' id='word_1_307' title='bbox 3503 1098 3530 1148; x_wconf 91' lang='grc' dir='ltr'><strong>ό</strong></span> <span class='ocrx_word' id='word_1_308' title='bbox 3554 1096 3687 1158; x_wconf 82' lang='grc' dir='ltr'>Θεὸς</span> <span class='ocrx_word' id='word_1_309' title='bbox 3713 1095 3809 1147; x_wconf 72' lang='grc' dir='ltr'>καὶ</span> <span class='ocrx_word' id='word_1_310' title='bbox 3829 1096 3921 1147; x_wconf 73' lang='grc' dir='ltr'><strong>Πα-</strong></span> 
     </span>
    </p>
   </div>
   <div class='ocr_carea' id='block_1_41' title="bbox 2357 1186 3920 1264">
    <p class='ocr_par' dir='ltr' id='par_1_41' title="bbox 2357 1186 3920 1264">
     <span class='ocr_line' id='line_1_41' title="bbox 2357 1186 3920 1264; baseline -0.004 -20"><span class='ocrx_word' id='word_1_311' title='bbox 2357 1192 2460 1264; x_wconf 79' lang='grc' dir='ltr'>τὴρ</span> <span class='ocrx_word' id='word_1_312' title='bbox 2487 1191 2565 1262; x_wconf 80' lang='grc' dir='ltr'>τῷ</span> <span class='ocrx_word' id='word_1_313' title='bbox 2591 1192 2726 1264; x_wconf 82' lang='grc' dir='ltr'><strong>Υίῷ,</strong></span> <span class='ocrx_word' id='word_1_314' title='bbox 2750 1193 3003 1263; x_wconf 79' lang='grc' dir='ltr'>σαφηνιεῖ</span> <span class='ocrx_word' id='word_1_315' title='bbox 3023 1191 3197 1259; x_wconf 83' lang='grc' dir='ltr'>λέγων</span> <span class='ocrx_word' id='word_1_316' title='bbox 3223 1191 3251 1243; x_wconf 91' lang='lat'><strong>6</strong></span> <span class='ocrx_word' id='word_1_317' title='bbox 3283 1188 3569 1250; x_wconf 79' lang='grc' dir='ltr'><strong>θεσπέσιος</strong></span> <span class='ocrx_word' id='word_1_318' title='bbox 3599 1188 3731 1257; x_wconf 76' lang='grc' dir='ltr'>ἡμῖν</span> <span class='ocrx_word' id='word_1_319' title='bbox 3760 1186 3920 1240; x_wconf 74' lang='grc' dir='ltr'>Ἰωάν-</span> 
     </span>
    </p>
   </div>
   <div class='ocr_carea' id='block_1_42' title="bbox 2357 1276 3920 1355">
    <p class='ocr_par' dir='ltr' id='par_1_42' title="bbox 2357 1276 3920 1355">
     <span class='ocr_line' id='line_1_42' title="bbox 2357 1276 3920 1355; baseline -0.003 -19"><span class='ocrx_word' id='word_1_320' title='bbox 2357 1300 2455 1354; x_wconf 88' lang='grc' dir='ltr'><strong>νης</strong></span> <span class='ocrx_word' id='word_1_321' title='bbox 2500 1286 2527 1336; x_wconf 90' lang='grc' dir='ltr'><strong>ό</strong></span> <span class='ocrx_word' id='word_1_322' title='bbox 2573 1284 2918 1355; x_wconf 81' lang='grc' dir='ltr'>Βαπτιστής·</span> <span class='ocrx_word' id='word_1_323' title='bbox 2957 1302 2975 1335; x_wconf 80' lang='grc' dir='ltr'><strong>ι</strong></span> <span class='ocrx_word' id='word_1_324' title='bbox 3004 1282 3175 1350; x_wconf 82' lang='grc' dir='ltr'><strong>Κάγὼ</strong></span> <span class='ocrx_word' id='word_1_325' title='bbox 3218 1281 3320 1335; x_wconf 76' lang='grc' dir='ltr'><strong>οὐκ</strong></span> <span class='ocrx_word' id='word_1_326' title='bbox 3356 1280 3503 1350; x_wconf 79' lang='grc' dir='ltr'>ᾔδειν</span> <span class='ocrx_word' id='word_1_327' title='bbox 3551 1278 3737 1341; x_wconf 80' lang='grc' dir='ltr'>αὑτὸν,</span> <span class='ocrx_word' id='word_1_328' title='bbox 3770 1276 3920 1331; x_wconf 76' lang='grc' dir='ltr'>ἀλλ’ὁ</span> 
     </span>
    </p>
   </div>
   <div class='ocr_carea' id='block_1_43' title="bbox 2358 1366 3917 1446">
    <p class='ocr_par' dir='ltr' id='par_1_43' title="bbox 2358 1366 3917 1446">
     <span class='ocr_line' id='line_1_43' title="bbox 2358 1366 3917 1446; baseline -0.022 2"><span class='ocrx_word' id='word_1_329' title='bbox 2358 1374 2583 1444; x_wconf 70' lang='grc' dir='ltr'><strong>πέμψας</strong></span> <span class='ocrx_word' id='word_1_330' title='bbox 2613 1392 2678 1446; x_wconf 85' lang='grc' dir='ltr'><strong>με</strong></span> <span class='ocrx_word' id='word_1_331' title='bbox 2714 1375 2998 1445; x_wconf 77' lang='grc' dir='ltr'>βαπτίζειν</span> <span class='ocrx_word' id='word_1_332' title='bbox 3034 1374 3207 1435; x_wconf 73' lang='grc' dir='ltr'>ὕδατι,</span> <span class='ocrx_word' id='word_1_333' title='bbox 3234 1372 3441 1435; x_wconf 78' lang='grc' dir='ltr'>ἐκεῖνός</span> <span class='ocrx_word' id='word_1_334' title='bbox 3476 1388 3567 1441; x_wconf 90' lang='grc' dir='ltr'><strong>μοι</strong></span> <span class='ocrx_word' id='word_1_335' title='bbox 3597 1366 3784 1423; x_wconf 81' lang='grc' dir='ltr'>εἶπεν·</span> <span class='ocrx_word' id='word_1_336' title='bbox 3821 1370 3917 1437; x_wconf 69' lang='grc' dir='ltr'><strong>Ἐφ’</strong></span> 
     </span>
    </p>
   </div>
   <div class='ocr_carea' id='block_1_44' title="bbox 2355 1461 3920 1536">
    <p class='ocr_par' dir='ltr' id='par_1_44' title="bbox 2355 1461 3920 1536">
     <span class='ocr_line' id='line_1_44' title="bbox 2355 1461 3920 1536; baseline -0.003 -19"><span class='ocrx_word' id='word_1_337' title='bbox 2355 1464 2415 1517; x_wconf 80' lang='grc' dir='ltr'>ὃν</span> <span class='ocrx_word' id='word_1_338' title='bbox 2444 1463 2510 1517; x_wconf 79' lang='grc' dir='ltr'><strong>ἂν</strong></span> <span class='ocrx_word' id='word_1_339' title='bbox 2551 1465 2665 1536; x_wconf 78' lang='grc' dir='ltr'>ἴδῃς</span> <span class='ocrx_word' id='word_1_340' title='bbox 2698 1466 2760 1519; x_wconf 79' lang='grc' dir='ltr'><strong>τὸ</strong></span> <span class='ocrx_word' id='word_1_341' title='bbox 2793 1464 3020 1535; x_wconf 79' lang='grc' dir='ltr'>Πνεῦμα</span> <span class='ocrx_word' id='word_1_342' title='bbox 3050 1464 3375 1519; x_wconf 78' lang='grc' dir='ltr'>καταϐαῖνον</span> <span class='ocrx_word' id='word_1_343' title='bbox 3405 1462 3497 1516; x_wconf 79' lang='grc' dir='ltr'>καὶ</span> <span class='ocrx_word' id='word_1_344' title='bbox 3529 1461 3689 1530; x_wconf 75' lang='grc' dir='ltr'>μένον</span> <span class='ocrx_word' id='word_1_345' title='bbox 3723 1463 3806 1513; x_wconf 79' lang='grc' dir='ltr'><strong>ἐπ’</strong></span> <span class='ocrx_word' id='word_1_346' title='bbox 3836 1462 3920 1514; x_wconf 73' lang='grc' dir='ltr'>αύ-</span> 
     </span>
    </p>
   </div>
   <div class='ocr_carea' id='block_1_45' title="bbox 2354 1551 3918 1628">
    <p class='ocr_par' dir='ltr' id='par_1_45' title="bbox 2354 1551 3918 1628">
     <span class='ocr_line' id='line_1_45' title="bbox 2354 1551 3918 1628; baseline -0.003 -19"><span class='ocrx_word' id='word_1_347' title='bbox 2354 1556 2468 1621; x_wconf 80' lang='grc' dir='ltr'>τὸν,</span> <span class='ocrx_word' id='word_1_348' title='bbox 2512 1551 2667 1620; x_wconf 70' lang='grc' dir='ltr'>οὗτός</span> <span class='ocrx_word' id='word_1_349' title='bbox 2720 1558 2867 1611; x_wconf 77' lang='grc' dir='ltr'>ἐστιν</span> <span class='ocrx_word' id='word_1_350' title='bbox 2910 1559 2939 1610; x_wconf 90' lang='lat'><strong>6</strong></span> <span class='ocrx_word' id='word_1_351' title='bbox 2970 1554 3253 1628; x_wconf 77' lang='grc' dir='ltr'>βαπτίζων</span> <span class='ocrx_word' id='word_1_352' title='bbox 3304 1558 3360 1608; x_wconf 82' lang='grc' dir='ltr'><strong>ὲν</strong></span> <span class='ocrx_word' id='word_1_353' title='bbox 3412 1554 3489 1625; x_wconf 80' lang='grc' dir='ltr'>τῷ</span> <span class='ocrx_word' id='word_1_354' title='bbox 3536 1553 3813 1623; x_wconf 83' lang='grc' dir='ltr'>Πνεύματι</span> <span class='ocrx_word' id='word_1_355' title='bbox 3857 1554 3918 1623; x_wconf 83' lang='grc' dir='ltr'>τῷ</span> 
     </span>
    </p>
   </div>
   <div class='ocr_carea' id='block_1_46' title="bbox 2357 1642 3918 1718">
    <p class='ocr_par' dir='ltr' id='par_1_46' title="bbox 2357 1642 3918 1718">
     <span class='ocr_line' id='line_1_46' title="bbox 2357 1642 3918 1718; baseline -0.002 -18"><span class='ocrx_word' id='word_1_356' title='bbox 2357 1647 2517 1718; x_wconf 76' lang='grc' dir='ltr'>ἁγίῳ.</span> <span class='ocrx_word' id='word_1_357' title='bbox 2550 1648 2657 1701; x_wconf 77' lang='grc' dir='ltr'><strong>Καὶ</strong></span> <span class='ocrx_word' id='word_1_358' title='bbox 2685 1648 2797 1716; x_wconf 75' lang='grc' dir='ltr'><strong>ἐγὼ</strong></span> <span class='ocrx_word' id='word_1_359' title='bbox 2825 1648 3066 1718; x_wconf 80' lang='grc' dir='ltr'>ἑώρακα,</span> <span class='ocrx_word' id='word_1_360' title='bbox 3098 1650 3192 1702; x_wconf 72' lang='grc' dir='ltr'><strong>καὶ</strong></span> <span class='ocrx_word' id='word_1_361' title='bbox 3225 1647 3649 1718; x_wconf 80' lang='grc' dir='ltr'>μεμαρτύρηκα,</span> <span class='ocrx_word' id='word_1_362' title='bbox 3678 1647 3760 1699; x_wconf 79' lang='grc' dir='ltr'>ὅτι</span> <span class='ocrx_word' id='word_1_363' title='bbox 3784 1642 3918 1708; x_wconf 75' lang='grc' dir='ltr'>οὗτός</span> 
     </span>
    </p>
   </div>
   <div class='ocr_carea' id='block_1_47' title="bbox 2356 1730 3919 1809">
    <p class='ocr_par' dir='ltr' id='par_1_47' title="bbox 2356 1730 3919 1809">
     <span class='ocr_line' id='line_1_47' title="bbox 2356 1730 3919 1809; baseline -0.003 -18"><span class='ocrx_word' id='word_1_364' title='bbox 2356 1740 2503 1792; x_wconf 76' lang='grc' dir='ltr'>ἐστιν</span> <span class='ocrx_word' id='word_1_365' title='bbox 2528 1730 2556 1790; x_wconf 88' lang='lat'><strong>6</strong></span> <span class='ocrx_word' id='word_1_366' title='bbox 2588 1740 2715 1802; x_wconf 82' lang='grc' dir='ltr'>Υἱὸς</span> <span class='ocrx_word' id='word_1_367' title='bbox 2745 1738 2840 1792; x_wconf 84' lang='grc' dir='ltr'><strong>τοῦ</strong></span> <span class='ocrx_word' id='word_1_368' title='bbox 2880 1739 3041 1793; x_wconf 82' lang='grc' dir='ltr'>Θεοῦ.</span> <span class='ocrx_word' id='word_1_369' title='bbox 3072 1759 3091 1791; x_wconf 71' lang='grc' dir='ltr'><strong>ι</strong></span> <span class='ocrx_word' id='word_1_370' title='bbox 3121 1740 3498 1809; x_wconf 87' lang='grc' dir='ltr'>Μαρτυρεῖται</span> <span class='ocrx_word' id='word_1_371' title='bbox 3522 1736 3699 1789; x_wconf 86' lang='grc' dir='ltr'>τοίνυν</span> <span class='ocrx_word' id='word_1_372' title='bbox 3730 1737 3821 1789; x_wconf 81' lang='grc' dir='ltr'><strong>καὶ</strong></span> <span class='ocrx_word' id='word_1_373' title='bbox 3846 1736 3919 1787; x_wconf 69' lang='grc' dir='ltr'>διὰ</span> 
     </span>
    </p>
   </div>
   <div class='ocr_carea' id='block_1_48' title="bbox 2356 1826 3917 1902">
    <p class='ocr_par' dir='ltr' id='par_1_48' title="bbox 2356 1826 3917 1902">
     <span class='ocr_line' id='line_1_48' title="bbox 2356 1826 3917 1902; baseline -0.003 -19"><span class='ocrx_word' id='word_1_374' title='bbox 2356 1830 2455 1901; x_wconf 85' lang='grc' dir='ltr'>τῆς</span> <span class='ocrx_word' id='word_1_375' title='bbox 2497 1830 2593 1883; x_wconf 85' lang='grc' dir='ltr'><strong>τοῦ</strong></span> <span class='ocrx_word' id='word_1_376' title='bbox 2640 1829 2855 1902; x_wconf 79' lang='grc' dir='ltr'>Πατρδς</span> <span class='ocrx_word' id='word_1_377' title='bbox 2908 1830 3093 1900; x_wconf 79' lang='grc' dir='ltr'>φωνῆς</span> <span class='ocrx_word' id='word_1_378' title='bbox 3136 1831 3165 1882; x_wconf 87' lang='lat'><strong>6</strong></span> <span class='ocrx_word' id='word_1_379' title='bbox 3213 1828 3418 1900; x_wconf 83' lang='grc' dir='ltr'>Κύριος</span> <span class='ocrx_word' id='word_1_380' title='bbox 3469 1826 3627 1897; x_wconf 79' lang='grc' dir='ltr'>ἡμῶν</span> <span class='ocrx_word' id='word_1_381' title='bbox 3664 1826 3917 1895; x_wconf 79' lang='grc' dir='ltr'>Ἰησοῦςό</span> 
     </span>
    </p>
   </div>
   <div class='ocr_carea' id='block_1_49' title="bbox 2358 1917 3918 1990">
    <p class='ocr_par' dir='ltr' id='par_1_49' title="bbox 2358 1917 3918 1990">
     <span class='ocr_line' id='line_1_49' title="bbox 2358 1917 3918 1990; baseline -0.003 -16"><span class='ocrx_word' id='word_1_382' title='bbox 2358 1920 2612 1990; x_wconf 82' lang='grc' dir='ltr'>Χριστὸς,</span> <span class='ocrx_word' id='word_1_383' title='bbox 2636 1921 2719 1974; x_wconf 80' lang='grc' dir='ltr'>ὅτι</span> <span class='ocrx_word' id='word_1_384' title='bbox 2756 1921 2916 1990; x_wconf 82' lang='grc' dir='ltr'>φύσει</span> <span class='ocrx_word' id='word_1_385' title='bbox 2943 1938 3004 1974; x_wconf 86' lang='grc' dir='ltr'><strong>τε</strong></span> <span class='ocrx_word' id='word_1_386' title='bbox 3038 1921 3133 1974; x_wconf 72' lang='grc' dir='ltr'>καὶ</span> <span class='ocrx_word' id='word_1_387' title='bbox 3164 1920 3305 1973; x_wconf 76' lang='grc' dir='ltr'>κατὰ</span> <span class='ocrx_word' id='word_1_388' title='bbox 3336 1917 3597 1989; x_wconf 83' lang='grc' dir='ltr'>ἀλήθειαν</span> <span class='ocrx_word' id='word_1_389' title='bbox 3632 1918 3759 1980; x_wconf 82' lang='grc' dir='ltr'>Υἱός</span> <span class='ocrx_word' id='word_1_390' title='bbox 3793 1919 3918 1969; x_wconf 78' lang='grc' dir='ltr'>ἐστιν</span> 
     </span>
    </p>
   </div>
   <div class='ocr_carea' id='block_1_50' title="bbox 2357 2007 3916 2086">
    <p class='ocr_par' dir='ltr' id='par_1_50' title="bbox 2357 2007 3916 2086">
     <span class='ocr_line' id='line_1_50' title="bbox 2357 2007 3916 2086; baseline -0.003 -22"><span class='ocrx_word' id='word_1_391' title='bbox 2357 2012 2553 2067; x_wconf 81' lang='grc' dir='ltr'>αὑτοῦ·</span> <span class='ocrx_word' id='word_1_392' title='bbox 2591 2017 2955 2086; x_wconf 83' lang='grc' dir='ltr'>μαρτυρεῖται</span> <span class='ocrx_word' id='word_1_393' title='bbox 2980 2014 3038 2066; x_wconf 79' lang='grc' dir='ltr'>δὲ</span> <span class='ocrx_word' id='word_1_394' title='bbox 3064 2013 3216 2066; x_wconf 80' lang='grc' dir='ltr'>οὐδὲν</span> <span class='ocrx_word' id='word_1_395' title='bbox 3241 2007 3403 2079; x_wconf 86' lang='grc' dir='ltr'>ἦττον</span> <span class='ocrx_word' id='word_1_396' title='bbox 3433 2011 3521 2064; x_wconf 83' lang='grc' dir='ltr'><strong>διά</strong></span> <span class='ocrx_word' id='word_1_397' title='bbox 3547 2028 3606 2062; x_wconf 89' lang='grc' dir='ltr'><strong>τε</strong></span> <span class='ocrx_word' id='word_1_398' title='bbox 3632 2009 3726 2062; x_wconf 88' lang='grc' dir='ltr'><strong>τοῦ</strong></span> <span class='ocrx_word' id='word_1_399' title='bbox 3753 2010 3916 2071; x_wconf 83' lang='grc' dir='ltr'>ῦδατος</span> 
     </span>
    </p>
   </div>
   <div class='ocr_carea' id='block_1_51' title="bbox 2360 2102 3914 2176">
    <p class='ocr_par' dir='ltr' id='par_1_51' title="bbox 2360 2102 3914 2176">
     <span class='ocr_line' id='line_1_51' title="bbox 2360 2102 3914 2176; baseline -0.003 -18"><span class='ocrx_word' id='word_1_400' title='bbox 2360 2104 2452 2158; x_wconf 68' lang='grc' dir='ltr'><strong>καὶ</strong></span> <span class='ocrx_word' id='word_1_401' title='bbox 2491 2103 2585 2157; x_wconf 86' lang='grc' dir='ltr'><strong>τοῦ</strong></span> <span class='ocrx_word' id='word_1_402' title='bbox 2633 2106 2895 2176; x_wconf 77' lang='grc' dir='ltr'>αἵματος,</span> <span class='ocrx_word' id='word_1_403' title='bbox 2946 2105 3040 2159; x_wconf 72' lang='grc' dir='ltr'><strong>καὶ</strong></span> <span class='ocrx_word' id='word_1_404' title='bbox 3087 2104 3181 2158; x_wconf 88' lang='grc' dir='ltr'><strong>τοῦ</strong></span> <span class='ocrx_word' id='word_1_405' title='bbox 3216 2103 3560 2173; x_wconf 83' lang='grc' dir='ltr'>Πνεύματος.</span> <span class='ocrx_word' id='word_1_406' title='bbox 3591 2102 3788 2154; x_wconf 70' lang='lat' dir='ltr'><strong>&quot;rem</strong></span> <span class='ocrx_word' id='word_1_407' title='bbox 3834 2102 3914 2171; x_wconf 79' lang='grc' dir='ltr'><strong>μὲν</strong></span> 
     </span>
    </p>
   </div>
   <div class='ocr_carea' id='block_1_52' title="bbox 2358 2193 3912 2266">
    <p class='ocr_par' dir='ltr' id='par_1_52' title="bbox 2358 2193 3912 2266">
     <span class='ocr_line' id='line_1_52' title="bbox 2358 2193 3912 2266; baseline -0.001 -19"><span class='ocrx_word' id='word_1_408' title='bbox 2358 2193 2436 2263; x_wconf 84' lang='grc' dir='ltr'><strong>τῷ</strong></span> <span class='ocrx_word' id='word_1_409' title='bbox 2479 2195 2622 2265; x_wconf 83' lang='grc' dir='ltr'>ἁγίῳ</span> <span class='ocrx_word' id='word_1_410' title='bbox 2649 2196 2942 2266; x_wconf 78' lang='grc' dir='ltr'>διασμήχει</span> <span class='ocrx_word' id='word_1_411' title='bbox 2972 2196 3081 2248; x_wconf 88' lang='grc' dir='ltr'><strong>τῶν</strong></span> <span class='ocrx_word' id='word_1_412' title='bbox 3114 2194 3476 2249; x_wconf 77' lang='grc' dir='ltr'>πιστευόντων</span> <span class='ocrx_word' id='word_1_413' title='bbox 3503 2194 3602 2256; x_wconf 83' lang='grc' dir='ltr'>τὰς</span> <span class='ocrx_word' id='word_1_414' title='bbox 3636 2193 3912 2263; x_wconf 82' lang='grc' dir='ltr'>ἁμαρτίας,</span> 
     </span>
    </p>
   </div>
   <div class='ocr_carea' id='block_1_53' title="bbox 2367 2283 3914 2356">
    <p class='ocr_par' dir='ltr' id='par_1_53' title="bbox 2367 2283 3914 2356">
     <span class='ocr_line' id='line_1_53' title="bbox 2367 2283 3914 2356; baseline -0.002 -17"><span class='ocrx_word' id='word_1_415' title='bbox 2367 2285 2619 2350; x_wconf 77' lang='grc' dir='ltr'>ζωοποιεῖ</span> <span class='ocrx_word' id='word_1_416' title='bbox 2644 2286 2703 2339; x_wconf 85' lang='grc' dir='ltr'>δὲ</span> <span class='ocrx_word' id='word_1_417' title='bbox 2736 2286 2823 2340; x_wconf 84' lang='grc' dir='ltr'>διὰ</span> <span class='ocrx_word' id='word_1_418' title='bbox 2856 2286 2949 2340; x_wconf 88' lang='grc' dir='ltr'><strong>τοῦ</strong></span> <span class='ocrx_word' id='word_1_419' title='bbox 2980 2286 3111 2340; x_wconf 75' lang='grc' dir='ltr'>ἰδίου</span> <span class='ocrx_word' id='word_1_420' title='bbox 3148 2286 3379 2356; x_wconf 82' lang='grc' dir='ltr'>αἵματος</span> <span class='ocrx_word' id='word_1_421' title='bbox 3410 2285 3505 2338; x_wconf 75' lang='grc' dir='ltr'>καὶ</span> <span class='ocrx_word' id='word_1_422' title='bbox 3530 2284 3790 2338; x_wconf 78' lang='grc' dir='ltr'>συνάπτει</span> <span class='ocrx_word' id='word_1_423' title='bbox 3820 2283 3914 2352; x_wconf 78' lang='grc' dir='ltr'><strong>Θεῷ</strong></span> 
     </span>
    </p>
   </div>
   <div class='ocr_carea' id='block_1_54' title="bbox 2363 2375 3915 2451">
    <p class='ocr_par' dir='ltr' id='par_1_54' title="bbox 2363 2375 3915 2451">
     <span class='ocr_line' id='line_1_54' title="bbox 2363 2375 3915 2451; baseline -0.003 -20"><span class='ocrx_word' id='word_1_424' title='bbox 2363 2379 2490 2443; x_wconf 84' lang='grc' dir='ltr'>τοὺς</span> <span class='ocrx_word' id='word_1_425' title='bbox 2519 2380 2610 2431; x_wconf 76' lang='grc' dir='ltr'>ἐπὶ</span> <span class='ocrx_word' id='word_1_426' title='bbox 2638 2380 2736 2449; x_wconf 81' lang='grc' dir='ltr'>τῆς</span> <span class='ocrx_word' id='word_1_427' title='bbox 2767 2382 2891 2449; x_wconf 86' lang='grc' dir='ltr'>γῆς.</span> <span class='ocrx_word' id='word_1_428' title='bbox 2931 2379 3145 2451; x_wconf 82' lang='grc' dir='ltr'>Ἐπειδὴ</span> <span class='ocrx_word' id='word_1_429' title='bbox 3174 2377 3229 2430; x_wconf 82' lang='grc' dir='ltr'><em>δέ</em></span> <span class='ocrx_word' id='word_1_430' title='bbox 3260 2378 3373 2431; x_wconf 78' lang='grc' dir='ltr'>ἐστι</span> <span class='ocrx_word' id='word_1_431' title='bbox 3420 2376 3560 2429; x_wconf 72' lang='grc' dir='ltr'>κατὰ</span> <span class='ocrx_word' id='word_1_432' title='bbox 3602 2375 3763 2444; x_wconf 75' lang='grc' dir='ltr'>φύσιν</span> <span class='ocrx_word' id='word_1_433' title='bbox 3786 2375 3915 2437; x_wconf 69' lang='grc' dir='ltr'>Θεὸς,</span> 
     </span>
    </p>
   </div>
   <div class='ocr_carea' id='block_1_55' title="bbox 2365 2466 3919 2541">
    <p class='ocr_par' dir='ltr' id='par_1_55' title="bbox 2365 2466 3919 2541">
     <span class='ocr_line' id='line_1_55' title="bbox 2365 2466 3919 2541; baseline -0.003 -18"><span class='ocrx_word' id='word_1_434' title='bbox 2365 2470 2460 2523; x_wconf 77' lang='grc' dir='ltr'><strong>καὶ</strong></span> <span class='ocrx_word' id='word_1_435' title='bbox 2480 2471 2576 2541; x_wconf 85' lang='grc' dir='ltr'>τὴν</span> <span class='ocrx_word' id='word_1_436' title='bbox 2599 2469 2691 2523; x_wconf 84' lang='grc' dir='ltr'><strong>τοῦ</strong></span> <span class='ocrx_word' id='word_1_437' title='bbox 2719 2470 2875 2539; x_wconf 75' lang='grc' dir='ltr'>ἁγίου</span> <span class='ocrx_word' id='word_1_438' title='bbox 2902 2468 3215 2538; x_wconf 83' lang='grc' dir='ltr'>Πνεύματος</span> <span class='ocrx_word' id='word_1_439' title='bbox 3241 2466 3506 2537; x_wconf 83' lang='grc' dir='ltr'>χορηγίαν</span> <span class='ocrx_word' id='word_1_440' title='bbox 3526 2469 3762 2521; x_wconf 79' lang='grc' dir='ltr'>ποιεῖται</span> <span class='ocrx_word' id='word_1_441' title='bbox 3788 2466 3919 2520; x_wconf 82' lang='grc' dir='ltr'>πλον-</span> 
     </span>
    </p>
   </div>
   <div class='ocr_carea' id='block_1_56' title="bbox 2367 2556 3915 2627">
    <p class='ocr_par' dir='ltr' id='par_1_56' title="bbox 2367 2556 3915 2627">
     <span class='ocr_line' id='line_1_56' title="bbox 2367 2556 3915 2627; baseline -0.003 -14"><span class='ocrx_word' id='word_1_442' title='bbox 2367 2561 2517 2625; x_wconf 85' lang='grc' dir='ltr'>σίως,</span> <span class='ocrx_word' id='word_1_443' title='bbox 2548 2561 2623 2625; x_wconf 85' lang='grc' dir='ltr'>ὡς</span> <span class='ocrx_word' id='word_1_444' title='bbox 2652 2562 2781 2614; x_wconf 79' lang='grc' dir='ltr'>ἴδιον</span> <span class='ocrx_word' id='word_1_445' title='bbox 2802 2561 2934 2615; x_wconf 71' lang='grc' dir='ltr'>αὐτὸ</span> <span class='ocrx_word' id='word_1_446' title='bbox 2951 2564 3069 2624; x_wconf 85' lang='grc' dir='ltr'>ταῖς</span> <span class='ocrx_word' id='word_1_447' title='bbox 3088 2560 3195 2613; x_wconf 90' lang='grc' dir='ltr'><strong>τῶν</strong></span> <span class='ocrx_word' id='word_1_448' title='bbox 3216 2558 3582 2612; x_wconf 80' lang='grc' dir='ltr'>πιστευόντων</span> <span class='ocrx_word' id='word_1_449' title='bbox 3610 2556 3812 2626; x_wconf 82' lang='grc' dir='ltr'>ὲκχέων</span> <span class='ocrx_word' id='word_1_450' title='bbox 3833 2556 3915 2627; x_wconf 64' lang='grc' dir='ltr'><strong>ψυ-</strong></span> 
     </span>
    </p>
   </div>
   <div class='ocr_carea' id='block_1_57' title="bbox 2364 2648 3914 2723">
    <p class='ocr_par' dir='ltr' id='par_1_57' title="bbox 2364 2648 3914 2723">
     <span class='ocr_line' id='line_1_57' title="bbox 2364 2648 3914 2723; baseline -0.005 -16"><span class='ocrx_word' id='word_1_451' title='bbox 2364 2657 2486 2723; x_wconf 84' lang='grc' dir='ltr'>χαῖς</span> <span class='ocrx_word' id='word_1_452' title='bbox 2515 2654 2665 2718; x_wconf 84' lang='grc' dir='ltr'>θείας</span> <span class='ocrx_word' id='word_1_453' title='bbox 2692 2672 2750 2707; x_wconf 84' lang='grc' dir='ltr'><strong>τε</strong></span> <span class='ocrx_word' id='word_1_454' title='bbox 2790 2653 3007 2723; x_wconf 84' lang='grc' dir='ltr'>φύσεως</span> <span class='ocrx_word' id='word_1_455' title='bbox 3042 2652 3326 2715; x_wconf 75' lang='grc' dir='ltr'>κοινωνοὺς</span> <span class='ocrx_word' id='word_1_456' title='bbox 3362 2649 3703 2718; x_wconf 64' lang='grc' dir='ltr'>ἀποφαίνων,</span> <span class='ocrx_word' id='word_1_457' title='bbox 3738 2648 3825 2701; x_wconf 71' lang='grc' dir='ltr'><strong>καὶ</strong></span> <span class='ocrx_word' id='word_1_458' title='bbox 3862 2650 3914 2717; x_wconf 81' lang='grc' dir='ltr'>τῇ</span> 
     </span>
    </p>
   </div>
   <div class='ocr_carea' id='block_1_58' title="bbox 2361 2738 3915 2816">
    <p class='ocr_par' dir='ltr' id='par_1_58' title="bbox 2361 2738 3915 2816">
     <span class='ocr_line' id='line_1_58' title="bbox 2361 2738 3915 2816; baseline -0.005 -19"><span class='ocrx_word' id='word_1_459' title='bbox 2361 2745 2470 2798; x_wconf 83' lang='grc' dir='ltr'><strong>τῶν</strong></span> <span class='ocrx_word' id='word_1_460' title='bbox 2501 2746 2774 2816; x_wconf 78' lang='grc' dir='ltr'>ἐσομένων</span> <span class='ocrx_word' id='word_1_461' title='bbox 2802 2745 3022 2814; x_wconf 85' lang='grc' dir='ltr'>ἀγαθῶν</span> <span class='ocrx_word' id='word_1_462' title='bbox 3054 2744 3227 2797; x_wconf 73' lang='grc' dir='ltr'>ἑλπίδι</span> <span class='ocrx_word' id='word_1_463' title='bbox 3262 2741 3561 2810; x_wconf 85' lang='grc' dir='ltr'>στεφανῶν.</span> <span class='ocrx_word' id='word_1_464' title='bbox 3592 2742 3730 2793; x_wconf 84' lang='grc' dir='ltr'>Ἕνα</span> <span class='ocrx_word' id='word_1_465' title='bbox 3761 2738 3915 2793; x_wconf 79' lang='grc' dir='ltr'>τοίνυν</span> 
     </span>
    </p>
   </div>
   <div class='ocr_carea' id='block_1_59' title="bbox 2360 2832 3915 2906">
    <p class='ocr_par' dir='ltr' id='par_1_59' title="bbox 2360 2832 3915 2906">
     <span class='ocr_line' id='line_1_59' title="bbox 2360 2832 3915 2906; baseline -0.004 -19"><span class='ocrx_word' id='word_1_466' title='bbox 2360 2835 2728 2906; x_wconf 82' lang='grc' dir='ltr'>ὁμολογοῦμεν</span> <span class='ocrx_word' id='word_1_467' title='bbox 2755 2836 2881 2889; x_wconf 84' lang='grc' dir='ltr'>Υίὸν</span> <span class='ocrx_word' id='word_1_468' title='bbox 2912 2834 3144 2906; x_wconf 83' lang='grc' dir='ltr'>Χριστὸν</span> <span class='ocrx_word' id='word_1_469' title='bbox 3178 2832 3383 2904; x_wconf 85' lang='grc' dir='ltr'>Ἰησοῦν</span> <span class='ocrx_word' id='word_1_470' title='bbox 3412 2832 3507 2885; x_wconf 68' lang='grc' dir='ltr'><strong>καὶ</strong></span> <span class='ocrx_word' id='word_1_471' title='bbox 3532 2832 3759 2901; x_wconf 79' lang='grc' dir='ltr'>Κύριον,</span> <span class='ocrx_word' id='word_1_472' title='bbox 3784 2847 3915 2882; x_wconf 87' lang='grc' dir='ltr'>τουτ-</span> 
     </span>
    </p>
   </div>
   <div class='ocr_carea' id='block_1_60' title="bbox 2361 2924 3914 2997">
    <p class='ocr_par' dir='ltr' id='par_1_60' title="bbox 2361 2924 3914 2997">
     <span class='ocr_line' id='line_1_60' title="bbox 2361 2924 3914 2997; baseline -0.003 -18"><span class='ocrx_word' id='word_1_473' title='bbox 2361 2926 2499 2992; x_wconf 79' lang='grc' dir='ltr'>έστι,</span> <span class='ocrx_word' id='word_1_474' title='bbox 2537 2929 2626 2981; x_wconf 83' lang='grc' dir='ltr'><strong>τὸν</strong></span> <span class='ocrx_word' id='word_1_475' title='bbox 2657 2927 2751 2981; x_wconf 90' lang='grc' dir='ltr'><strong>τοῦ</strong></span> <span class='ocrx_word' id='word_1_476' title='bbox 2792 2926 2928 2983; x_wconf 85' lang='grc' dir='ltr'>Θεοῦ</span> <span class='ocrx_word' id='word_1_477' title='bbox 2970 2927 3142 2996; x_wconf 86' lang='grc' dir='ltr'>Λόγον</span> <span class='ocrx_word' id='word_1_478' title='bbox 3178 2925 3680 2997; x_wconf 80' lang='grc' dir='ltr'>ἐνανθρωπήσαντα</span> <span class='ocrx_word' id='word_1_479' title='bbox 3720 2924 3812 2977; x_wconf 71' lang='grc' dir='ltr'>καὶ</span> <span class='ocrx_word' id='word_1_480' title='bbox 3841 2940 3914 2976; x_wconf 73' lang='grc' dir='ltr'>σεο</span> 
     </span>
    </p>
   </div>
   <div class='ocr_carea' id='block_1_61' title="bbox 2362 3017 3915 3089">
    <p class='ocr_par' dir='ltr' id='par_1_61' title="bbox 2362 3017 3915 3089">
     <span class='ocr_line' id='line_1_61' title="bbox 2362 3017 3915 3089; baseline -0.003 -19"><span class='ocrx_word' id='word_1_481' title='bbox 2362 3018 2733 3089; x_wconf 82' lang='grc' dir='ltr'>σαρκωμένον,</span> <span class='ocrx_word' id='word_1_482' title='bbox 2767 3020 2862 3073; x_wconf 76' lang='grc' dir='ltr'><strong>καὶ</strong></span> <span class='ocrx_word' id='word_1_483' title='bbox 2903 3019 3089 3072; x_wconf 83' lang='grc' dir='ltr'>τοῦτον</span> <span class='ocrx_word' id='word_1_484' title='bbox 3130 3018 3559 3088; x_wconf 72' lang='grc' dir='ltr'>ἐσταυρωμένον,</span> <span class='ocrx_word' id='word_1_485' title='bbox 3592 3017 3686 3068; x_wconf 59' lang='grc' dir='ltr'><strong>καὶ⁸</strong></span> <span class='ocrx_word' id='word_1_486' title='bbox 3717 3018 3915 3085; x_wconf 76' lang='grc' dir='ltr'>ὲγηγερ·</span> 
     </span>
    </p>
   </div>
   <div class='ocr_carea' id='block_1_62' title="bbox 686 3092 3914 3180">
    <p class='ocr_par' dir='ltr' id='par_1_62' title="bbox 686 3092 3914 3180">
     <span class='ocr_line' id='line_1_62' title="bbox 686 3092 3914 3180; baseline 0.004 -33"><span class='ocrx_word' id='word_1_487' title='bbox 686 3092 846 3166; x_wconf 84' lang='grc' dir='ltr'>μένον</span> <span class='ocrx_word' id='word_1_488' title='bbox 871 3096 937 3150; x_wconf 82' lang='grc' dir='ltr'><strong>ὲκ</strong></span> <span class='ocrx_word' id='word_1_489' title='bbox 967 3095 1196 3165; x_wconf 85' lang='grc' dir='ltr'>νεκρῶν,</span> <span class='ocrx_word' id='word_1_490' title='bbox 1222 3097 1422 3168; x_wconf 71' lang='grc' dir='ltr'>ἥξοντα</span> <span class='ocrx_word' id='word_1_491' title='bbox 1443 3115 1502 3152; x_wconf 88' lang='grc' dir='ltr'><strong>τε</strong></span> <span class='ocrx_word' id='word_1_492' title='bbox 1536 3098 1676 3153; x_wconf 81' lang='grc' dir='ltr'>κατὰ</span> <span class='ocrx_word' id='word_1_493' title='bbox 1702 3102 1927 3169; x_wconf 80' lang='grc' dir='ltr'>καιροὺς</span> <span class='ocrx_word' id='word_1_494' title='bbox 1987 3104 2045 3156; x_wconf 80' lang='grc' dir='ltr'>ὲν</span> <span class='ocrx_word' id='word_1_495' title='bbox 2075 3106 2143 3176; x_wconf 77' lang='grc' dir='ltr'>τῇ</span> <span class='ocrx_word' id='word_1_496' title='bbox 2169 3104 2293 3176; x_wconf 80' lang='grc' dir='ltr'>δόξῃ</span> <span class='ocrx_word' id='word_1_497' title='bbox 2331 3108 2426 3161; x_wconf 89' lang='grc' dir='ltr'><strong>τοῦ</strong></span> <span class='ocrx_word' id='word_1_498' title='bbox 2458 3109 2591 3161; x_wconf 86' lang='grc' dir='ltr'>Θεοῦ</span> <span class='ocrx_word' id='word_1_499' title='bbox 2624 3112 2719 3164; x_wconf 74' lang='grc' dir='ltr'><strong>καὶ</strong></span> <span class='ocrx_word' id='word_1_500' title='bbox 2784 3110 2996 3180; x_wconf 71' lang='grc' dir='ltr'>Πατρός</span> <span class='ocrx_word' id='word_1_501' title='bbox 3035 3110 3173 3179; x_wconf 76' lang='grc' dir='ltr'>μετὰ</span> <span class='ocrx_word' id='word_1_502' title='bbox 3213 3106 3320 3160; x_wconf 88' lang='grc' dir='ltr'><strong>τῶν</strong></span> <span class='ocrx_word' id='word_1_503' title='bbox 3351 3107 3521 3176; x_wconf 75' lang='grc' dir='ltr'>ἁγίων</span> <span class='ocrx_word' id='word_1_504' title='bbox 3567 3106 3828 3175; x_wconf 78' lang='grc' dir='ltr'>ἀγγέλων.</span> <span class='ocrx_word' id='word_1_505' title='bbox 3852 3105 3914 3169; x_wconf 53' lang='grc' dir='ltr'><strong>Δι’</strong></span> 
     </span>
    </p>
   </div>
   <div class='ocr_carea' id='block_1_63' title="bbox 684 3184 3473 3283">
    <p class='ocr_par' dir='ltr' id='par_1_63' title="bbox 684 3184 3473 3283">
     <span class='ocr_line' id='line_1_63' title="bbox 684 3184 3473 3283; baseline 0.002 -37"><span class='ocrx_word' id='word_1_506' title='bbox 684 3190 848 3246; x_wconf 73' lang='grc' dir='ltr'>αὐτοῦ</span> <span class='ocrx_word' id='word_1_507' title='bbox 879 3208 938 3243; x_wconf 86' lang='grc' dir='ltr'><strong>τε</strong></span> <span class='ocrx_word' id='word_1_508' title='bbox 965 3209 1061 3245; x_wconf 86' lang='grc' dir='ltr'>και</span> <span class='ocrx_word' id='word_1_509' title='bbox 1087 3194 1181 3246; x_wconf 78' lang='grc' dir='ltr'><strong>σὺν</strong></span> <span class='ocrx_word' id='word_1_510' title='bbox 1206 3192 1352 3263; x_wconf 74' lang='grc' dir='ltr'>αὐτῷ</span> <span class='ocrx_word' id='word_1_511' title='bbox 1373 3184 1450 3264; x_wconf 79' lang='grc' dir='ltr'>τῷ</span> <span class='ocrx_word' id='word_1_512' title='bbox 1475 3194 1592 3263; x_wconf 87' lang='grc' dir='ltr'><strong>Θεῷ</strong></span> <span class='ocrx_word' id='word_1_513' title='bbox 1618 3196 1709 3249; x_wconf 74' lang='grc' dir='ltr'><strong>καὶ</strong></span> <span class='ocrx_word' id='word_1_514' title='bbox 1734 3196 1909 3267; x_wconf 80' lang='grc' dir='ltr'>Πατρὶ</span> <span class='ocrx_word' id='word_1_515' title='bbox 1934 3199 1966 3267; x_wconf 77' lang='grc' dir='ltr'>ἡ</span> <span class='ocrx_word' id='word_1_516' title='bbox 1994 3198 2119 3275; x_wconf 84' lang='grc' dir='ltr'>δόξα</span> <span class='ocrx_word' id='word_1_517' title='bbox 2152 3202 2248 3254; x_wconf 75' lang='grc' dir='ltr'><strong>σὺν</strong></span> <span class='ocrx_word' id='word_1_518' title='bbox 2289 3202 2427 3281; x_wconf 74' lang='grc' dir='ltr'>ἁγίῳ</span> <span class='ocrx_word' id='word_1_519' title='bbox 2455 3205 2733 3275; x_wconf 87' lang='grc' dir='ltr'>Πνεύματι</span> <span class='ocrx_word' id='word_1_520' title='bbox 2763 3207 2840 3269; x_wconf 84' lang='grc' dir='ltr'><strong>είς</strong></span> <span class='ocrx_word' id='word_1_521' title='bbox 2869 3206 2995 3268; x_wconf 62' lang='grc' dir='ltr'><strong>τοῦς</strong></span> <span class='ocrx_word' id='word_1_522' title='bbox 3025 3203 3247 3266; x_wconf 82' lang='grc' dir='ltr'>αἰῶνας.</span> <span class='ocrx_word' id='word_1_523' title='bbox 3282 3202 3473 3283; x_wconf 76' lang='grc' dir='ltr'><strong>’Λμήν.</strong></span> 
     </span>
    </p>
   </div>
   <div class='ocr_carea' id='block_1_64' title="bbox 759 3326 1945 3419">
    <p class='ocr_par' dir='ltr' id='par_1_64' title="bbox 759 3326 1945 3419">
     <span class='ocr_line' id='line_1_64' title="bbox 759 3326 1945 3419; baseline 0.008 -21"><span class='ocrx_word' id='word_1_524' title='bbox 759 3342 803 3376; x_wconf 81' lang='grc' dir='ltr'>ι·</span> <span class='ocrx_word' id='word_1_525' title='bbox 831 3341 853 3399; x_wconf 85' lang='lat' dir='ltr'><strong>t</strong></span> <span class='ocrx_word' id='word_1_526' title='bbox 884 3326 1041 3401; x_wconf 65' lang='lat' dir='ltr'><strong>toan.</strong></span> <span class='ocrx_word' id='word_1_527' title='bbox 1078 3350 1129 3413; x_wconf 73' lang='grc' dir='ltr'>ν,</span> <span class='ocrx_word' id='word_1_528' title='bbox 1158 3340 1313 3403; x_wconf 72' lang='lat'><strong>5-10.</strong></span> <span class='ocrx_word' id='word_1_529' title='bbox 1394 3340 1434 3380; x_wconf 64' lang='grc' dir='ltr'>ιδ</span> <span class='ocrx_word' id='word_1_530' title='bbox 1464 3347 1619 3407; x_wconf 73' lang='lat' dir='ltr'><strong>Juan.</strong></span> <span class='ocrx_word' id='word_1_531' title='bbox 1659 3366 1696 3416; x_wconf 79' lang='grc' dir='ltr'>ι,</span> <span class='ocrx_word' id='word_1_532' title='bbox 1724 3350 1814 3417; x_wconf 77' lang='lat'><strong>55,</strong></span> <span class='ocrx_word' id='word_1_533' title='bbox 1842 3351 1945 3419; x_wconf 34' lang='lat' dir='ltr'><strong>at,</strong></span> 
     </span>
    </p>
   </div>
  </div>
