4088 6468
231 366 339 425 νο

1405 368 1751 428 ωΑιοδυδ
1789 369 1937 426 CUM
1977 365 2345 424 NESTOBIO.

228 520 3469 552 mmmam

591 707 935 840 ΤΟΥ
1023 702 1596 839 ΑΥΤΟΥ
1683 704 2207 840 ΑΓΙΟΥ
2282 703 3141 843 ΚΥΡΙΛΛΟΥ

1015 981 1529 1074 ΔΙΑΛΕΞΙΣ
1605 990 1899 1075 ΠΡΟΣ
1975 990 2593 1076 ΝΕΣΤΟΡΙΟΝ
2672 977 2770 1059 (¹)¹

688 1216 844 1283 ξΟΤΙ
881 1218 1265 1269 ΘΕΟΤΟΚΟΣ
1300 1219 1359 1271 Η
1388 1219 1551 1271 ΑΙἸΑ
1592 1221 1996 1272 ΠΑΡΘΕΝΟΣ
2036 1222 2172 1274 ΚΑΙ
2201 1222 2301 1273 ΟΥ
2334 1218 2838 1274 ΧΡῙΣΊῸΤΟΚΟΣ

1839 1422 1910 1435 _

898 1559 1537 1674 EJUSDEM
1633 1563 2159 1678 SANCTI
2250 1567 2837 1680 CYRlLLl

1047 1820 1647 1913 DIALOGUS
1722 1824 1960 1912 CUM
2047 1825 2665 1917 NESTORIO

575 2034 802 2108 QUOD
844 2039 1173 2100 SANCTA
1236 2041 1511 2102 VIRGO
1552 2042 1937 2104 DEIPARA
1980 2044 2115 2103 SIT
2159 2044 2264 2103 ET
2307 2042 2482 2105 NON
2533 2044 3154 2107 CHRISTIPARA.

804 2222 954 2284 (Aug.
986 2220 1099 2283 MAI,
1126 2220 1422 2273 Bibliotheca
1447 2236 1571 2273 nova
1596 2226 1816 2287 Patrum,
1848 2227 1909 2287 Il,
1937 2225 2044 2287 101,
2076 2239 2135 2276 ex
2159 2226 2330 2276 codice
2356 2226 2463 2278 Vat.
2488 2227 2599 2288 790,
2623 2228 2708 2278 fol.
2738 2226 2828 2278 165
2851 2227 2924 2291 b.)

288 2524 693 2579 ΝΕΣΤΟΡΙΟΣ.
726 2525 893 2578 Ὅταν
978 2524 1097 2577 θεία
1127 2524 1317 2596 Γραφὴ
1347 2525 1661 2596 διαλέγηται
1690 2528 1809 2595 γέν-

1989 2529 2147 2601 144
2185 2530 2597 2589 NESTORIUS.
2650 2534 2784 2588 Cum
2823 2536 3005 2590 divina
3048 2537 3327 2606 Scriptura
3368 2554 3498 2595 nar-

214 2634 378 2686 νησιν
403 2616 643 2687 Χριστοῦ
672 2617 736 2669 ὲκ
770 2616 990 2686 Μαρίας
1020 2617 1117 2686 τῆς
1151 2616 1418 2685 παρθένου
1444 2615 1525 2689 [ἢ]
1559 2616 1816 2684 θάνατον,

211 2706 456 2777 οὐδαμοῦ
488 2705 705 2760 τεθεῖσα
732 2705 980 2776 φαίνεται
1012 2706 1169 2776 Θεοῦ,
1200 2707 1335 2760 ἀλλὰ
1363 2709 1600 2778 Χριστοῦ
1627 2710 1659 2781 ἢ
1694 2712 1811 2763 Κυ-

216 2798 339 2868 ρίου
371 2798 403 2869 ἢ
446 2798 647 2870 Ἰησοῦ,
679 2798 865 2869 ἐπειδὴ
892 2798 959 2852 τὰ
987 2799 1113 2871 τρία
1142 2800 1315 2853 ταῦτα
1344 2800 1452 2852 τῶν
1477 2800 1573 2853 δύο
1598 2801 1814 2871 φύσεων

214 2892 558 2960 σημαντικὰ,
586 2892 715 2944 ποτὲ
752 2890 849 2960 μὲν
896 2890 1121 2961 ταύτης,
1150 2892 1279 2945 ποτὲ
1321 2892 1377 2945 δὲ
1422 2892 1638 2962 ἐκείνης
1660 2908 1673 2921 ’
1704 2888 1815 2946 οἷόν

209 3002 266 3035 τι
314 2982 465 3051 λέγω
487 3000 499 3011 ’
539 2983 709 3035 Ὅταν
736 2981 832 3053 τὴν
864 2984 927 3035 ἐκ
962 2983 1243 3054 Παρθένου
1279 2984 1534 3053 γέννησιν
1564 2986 1694 3054 ἡμῖν
1721 2984 1813 3037 τοῦ

210 3076 461 3147 Χριστοῦ
501 3074 692 3146 μηνύει
727 3072 872 3146 [c0d.
905 3074 1151 3146 μηνύων]
1180 3077 1207 3128 ὁ
1244 3076 1588 3140 Ἀπόστολος,
1623 3076 1809 3145 λέγει·

216 3192 235 3222 ι
278 3169 694 3234 Ἐξαπέστειλεν
724 3169 751 3220 ὁ
776 3167 909 3230 Θεὸς
940 3168 1030 3220 τὸν
1055 3168 1248 3220 ἑαυτοῦ
1280 3169 1405 3221 Υἱῖιν
1434 3170 1723 3239 γενόμενον
1750 3172 1813 3221 ἐκ

212 3258 511 3328 γυναικός·
536 3280 554 3310 ι
598 3261 698 3312 οὐκ
739 3250 859 3313 εἷπε
902 3256 981 3321 δὲ,
1014 3259 1399 3322 Ἑξαπέστειλε
1435 3260 1525 3314 τὸν
1562 3260 1693 3313 Θεὸν
1715 3261 1814 3313 Λό-

214 3371 318 3419 γον
336 3372 347 3382 ⁸
380 3354 444 3404 λα
456 3353 648 3422 μὸάνει
673 3350 727 3403 δὲ
746 3354 804 3403 τὸ
823 3351 994 3421 ὄνομα
1015 3351 1075 3402 τὸ
1100 3352 1303 3421 μηνύον
1320 3352 1419 3414 τὰς
1438 3352 1530 3405 δύο
1546 3354 1812 3422 γενέσεις,

215 3448 339 3515 ἤτοι
371 3444 502 3497 Θεὸν
530 3444 673 3515 [cod.
705 3445 861 3518 Θεὸς]
910 3446 1003 3498 καὶ
1042 3444 1351 3515 ἄνθρωπον,
1376 3445 1562 3516 ἐπειδὴ
1588 3445 1811 3508 διπλοῦς

213 3541 372 3589 ἐστιν
400 3540 427 3589 6
458 3537 723 3607 Χριστός*
762 3539 888 3590 Υξὺν
935 3539 1043 3609 γὰρ
1073 3538 1208 3590 Θεοῦ
1251 3538 1538 3608 ἐγέννησεν
1585 3540 1617 3608 ἡ
1661 3541 1811 3610 Παρ-

216 3630 398 3693 θένος,
431 3627 621 3681 καθότι
644 3629 845 3699 ἔφησεν
868 3647 880 3660 ⁸
922 3650 937 3680 ι
975 3630 1167 3697 ’Υμεῖς
1198 3628 1255 3681 δὲ
1286 3630 1400 3681 Θεοί
1433 3632 1555 3681 ἐστε
1587 3632 1680 3682 καὶ
1706 3632 1811 3681 υἱοὶ

227 3722 494 3791 Ὑψίστου
544 3722 744 3785 πάντες
772 3740 783 3751 ·
827 3743 845 3772 ›
876 3722 999 3775 ὅθεν
1022 3721 1384 3792 Χριστοτόκον
1405 3762 1418 3786 ,
1455 3723 1809 3791 Κυριοτόκον,

215 3813 640 3884 ἀνθρωποτόκον
696 3814 973 3884 ἐμάθομεν
1032 3814 1138 3867 ἀπὸ
1183 3812 1283 3881 τῆς
1343 3814 1566 3881 Γραφῆς
1608 3812 1809 3880 λέγειν,

214 3894 486 3959 Θεοτὸκον
524 3904 579 3957 δὲ
611 3904 861 3973 οὐδαμῶς
908 3903 1266 3975 ἐδιδάχθημεν
1298 3902 1474 3970 λέγειν
1500 3903 1599 3971 τὴν
1642 3902 1803 3970 ἁγίαν

213 3996 517 4067 Παρθένον.

288 4086 664 4141 ΚΥΡΙΛΛΟΣ.
725 4086 949 4148 Ἡσαΐας
1000 4085 1098 4155 βοᾷ
1145 4086 1203 4136 ὲν
1261 4086 1541 4155 Πνεῦματι
1589 4083 1798 4153 λέγων·

1920 2632 2003 2673 rat
2032 2622 2236 2677 Christi
2279 2640 2343 2677 ex
2381 2623 2547 2677 Maria
2586 2624 2807 2695 Virgine
2846 2628 3209 2694 nativitatem,
3246 2630 3326 2683 vel
3353 2645 3497 2685 mor-

1918 2719 2049 2775 tem,
2101 2728 2368 2783 nusquam
2412 2717 2633 2783 apponit
2658 2717 2976 2771 vocabulum
3004 2720 3118 2785 Dei,
3170 2722 3264 2774 sed
3296 2720 3496 2775 Christi

1915 2814 2010 2856 aut
2069 2804 2283 2859 Domini
2343 2815 2436 2859 aut
2479 2806 2631 2871 Jesu,
2691 2810 2946 2876 quoniam
2982 2812 3082 2864 tria
3116 2812 3231 2866 haec
3267 2814 3494 2866 duarum

1916 2904 2231 2947 naturarum
2283 2896 2637 2963 signiticativa
2705 2907 2851 2961 sunt,
2906 2900 3065 2953 modo
3127 2901 3304 2965 unius,
3338 2902 3497 2955 modo

1915 2985 2160 3038 alterius.
2211 2984 2455 3054 Exempli
2511 3000 2697 3052 causa,
2750 3002 2871 3041 cum
2927 3004 2992 3042 ex
3030 2990 3246 3059 Virgine
3291 2990 3493 3044 Christi

1915 3077 2248 3129 nativitatem
2309 3076 2464 3131 nobis
2521 3078 2695 3131 innuit
2757 3078 3070 3149 Apostolus,
3118 3081 3228 3135 ait:
3266 3100 3284 3131 ι
3349 3082 3494 3135 Misit

1917 3168 2057 3221 Deus
2109 3166 2302 3221 Filium
2364 3184 2521 3222 suum
2583 3166 2785 3223 factum
2829 3186 2896 3224 ex
2943 3172 3167 3226 muliere
3204 3173 3268 3227 ”.
3313 3191 3332 3224 ι
3375 3170 3492 3227 Νοιι

1915 3260 2074 3323 dixit,
2129 3260 2273 3314 Misit
2320 3260 2488 3314 Deum
2552 3260 2783 3315 Verbum
2820 3279 2835 3325 ;
2868 3267 2961 3317 scd
3021 3267 3189 3318 utitur
3235 3266 3497 3320 vocabulo

1912 3353 2011 3420 ﬁlii
2062 3356 2204 3420 quod
2240 3365 2524 3424 utramque.
2584 3365 2835 3409 naturam
2871 3358 3118 3420 denotat,
3153 3358 3245 3412 Dei
3287 3359 3497 3415 scilicet

1914 3456 1967 3497 ct
2020 3444 2277 3507 hominis,
2330 3446 2765 3512 quandoquidem
2823 3447 3017 3515 duplex
3070 3458 3153 3503 est
3220 3448 3490 3505 Christus.

1916 3532 2046 3586 Nam
2077 3534 2165 3586 Dei
2204 3534 2396 3588 Filium
2425 3536 2635 3603 peperit
2658 3534 2822 3605 Virgo
2842 3552 2906 3591 eo
2930 3553 3093 3592 sensu
3130 3554 3235 3607 quo
3288 3539 3492 3593 dictum

1913 3635 1995 3679 cst
2035 3642 2046 3677 :
2088 3642 2104 3675 ι
2150 3625 2256 3679 Vos
2285 3636 2464 3681 autem
2496 3628 2568 3681 dii
2618 3628 2751 3681 estis
2800 3638 2854 3681 et
2905 3629 2996 3681 lilii
3057 3629 3327 3684 Altissimi
3376 3646 3494 3684 om-

1914 3718 2086 3771 nes”.
2118 3738 2135 3769 ι
2178 3717 2538 3783 Quamobrem
2592 3718 2985 3787 Christiparatn
3026 3718 3139 3789 (2),
3180 3720 3494 3790 Dominipa-

1918 3824 2054 3873 ram,
2103 3810 2495 3877 homiuiparam
2552 3812 2839 3865 didicimus
2885 3827 2913 3864 a
2961 3810 3242 3879 Scriptura
3285 3811 3489 3875 dicere,

1910 3900 2183 3968 deiparam
2211 3915 2335 3953 vero
2362 3917 2633 3970 nunquam
2665 3902 2806 3955 docti
2845 3900 3043 3956 fuimus
3080 3910 3327 3956 sanctam
3361 3901 3488 3955 Vir-

1909 3995 2086 4064 ginem
2115 3994 2407 4061 appellare.

1979 4084 2343 4141 CYlllLLUS.
2392 4084 2558 4139 lsaias
2621 4085 2821 4139 clamat
2876 4086 2928 4139 in
2986 4085 3192 4155 Spiritu
3257 4086 3483 4140 dicens:

219 4199 239 4230 ι
286 4180 422 4232 Ἰδοὺ
457 4183 489 4249 ἡ
531 4178 797 4249 παρθένος
823 4182 881 4232 ἐν
909 4179 1105 4247 γαστρὶ
1136 4178 1271 4244 ἕξει,
1304 4178 1399 4231 καὶ
1426 4177 1643 4242 τέξεται
1665 4179 1800 4242 υἱὸν,

1918 4200 1934 4230 ‹
1965 4179 2103 4233 Ecce
2143 4178 2293 4248 virgo
2326 4179 2594 4248 concipiet
2616 4188 2670 4233 et
2703 4179 2880 4248 pariet
2910 4179 3098 4245 tilium,
3143 4186 3197 4233 et
3222 4179 3489 4233 vocabunt

212 4275 315 4329 καὶ
347 4274 637 4327 καλέσονσι
668 4275 725 4326 τὸ
767 4274 938 4344 ὄνομα
994 4274 1154 4327 αὑτοῦ
1206 4273 1573 4344 Ἐμμανουὴλ,
1618 4274 1645 4326 ὃ
1690 4276 1803 4326 ἐστι

290 4432 335 4463 ⁸⁷
375 4431 549 4486 Galat.
584 4448 643 4497 ιι,
676 4432 729 4484 ι.
810 4432 850 4462 ⁸⁸
884 4430 1022 4485 l’sal.
1060 4447 1247 4495 LXXXI,
1283 4431 1335 4485 6.

290 4607 371 4677 (1)
400 4607 662 4662 Conferre
716 4607 988 4675 praestabit
1044 4605 1303 4677 Cyrillum
1361 4622 1481 4660 cum
1540 4606 1791 4661 Nestorio

210 4676 376 4747 eque
398 4678 771 4747 disputantem
803 4679 940 4745 Opp.
974 4686 1012 4729 ι.
1037 4676 1125 4736 γι.
1158 4694 1210 4743 ιι.
1240 4676 1273 4727 6
1295 4692 1446 4745 seqq.
1481 4678 1673 4747 (supra
1693 4678 1797 4729 col.

216 4746 331 4814 1,8).
375 4746 562 4817 Cyrilli
616 4748 908 4814 disputatio
953 4764 1074 4800 cum
1108 4747 1375 4807 Nestorio,
1426 4747 1477 4799 in
1517 4746 1805 4817 Arabicum

214 4816 837 4885 sermonemdcmiversa,
880 4818 1127 4871 eXstabat
1148 4817 1309 4870 etiam
1331 4818 1381 4869 in
1410 4817 1597 4871 codice
1616 4816 1802 4885 Angli-

216 4892 360 4942 Cano
378 4884 486 4938 272
534 4883 751 4937 Thoma:
781 4887 1027 4941 lloensis.

292 4955 376 5025 (ἰ)
408 4955 732 5009 Beatissima
766 4955 929 5024 Virgo
963 4955 1149 5021 Maria,
1184 4955 1598 5025 qumiChristum
1633 4969 1797 5022 pepe-

216 5026 315 5085 rit.
348 5036 500 5078 recto
523 5026 704 5092 aliquo
739 5041 899 5080 sensu
943 5026 1048 5079 dici
1071 5037 1249 5094 potest
1288 5024 1667 5091 Cltristipara;
1704 5025 1798 5078 sed

216 5095 347 5163 quia
388 5094 667 5148 Nestorius
696 5096 747 5147 id
780 5096 1098 5149 vocabulum
1142 5096 1428 5149 haereticali
1472 5104 1653 5147 mente
1684 5109 1797 5163 icx~

217 5162 578 5233 cogitaverat,
633 5173 691 5217 ut
743 5166 1085 5233 praestantius
1139 5167 1366 5218 alterum
1413 5173 1634 5233 negaret
1668 5162 1795 5233 Dei:

215 5232 377 5299 para,
418 5234 626 5304 idcirco
675 5232 861 5288 noster
915 5234 1149 5304 Cyrillus
1191 5237 1243 5287 in
1277 5232 1503 5301 epistola
1535 5234 1697 5286 etiam
1730 5232 1797 5285 ad

215 5302 520 5357 monachos
564 5301 866 5373 .Egyptios,
914 5301 974 5372 νζ
1022 5304 1075 5368 8,
1120 5306 1358 5358 excludit
1400 5304 1632 5373 primum
1688 5318 1798 5373 pra:

214 5373 479 5435 secundo,
521 5372 644 5439 quia
672 5372 1053 5442 prophetarum
1085 5376 1246 5428 etiam
1283 5372 1506 5438 matres,
1528 5388 1622 5442 seu
1654 5372 1797 5442 chri-

212 5451 456 5503 Storum,
488 5450 538 5492 ut
568 5444 942 5495 eosinterdum
981 5444 1216 5511 appellat
1236 5444 1535 5511 Scriptura,
1559 5441 1791 5494 Christi—

212 5514 369 5578 para:
399 5522 628 5579 possunt
660 5512 942 5578 appellari,
974 5529 1312 5579 nequaquam
1345 5527 1473 5566 vero
1522 5512 1782 5578 Deiparaz,

1912 4286 2108 4327 nomen
2168 4271 2283 4339 ejus
2336 4272 2678 4335 Emmanuel,
2736 4272 2880 4341 quod
2936 4280 3021 4327 est
3077 4272 3489 4342 interpretatum

1906 4608 1996 4659 sed
2044 4607 2236 4661 Chriin
2313 4608 2486 4671 potius
2548 4617 2764 4659 matrem
2832 4607 3175 4677 appellamus.
3232 4605 3489 4677 Idemque

1915 4680 2111 4743 repetit
2140 4693 2192 4743 ι).
2242 4677 2366 4730 551.
2417 4677 2665 4729 Profecto
2694 4676 3056 4732 etiamJoau.
3099 4676 3486 4742 Damasceuus,

1916 4746 1987 4799 De
2017 4747 2120 4813 ﬁde
2154 4748 2363 4799 orthod.
2400 4748 2492 4799 lih.
2539 4763 2620 4809 ιιι,
2665 4762 2784 4813 cap.
2840 4748 2927 4809 1‘2,
2994 4750 3259 4811 eamdem,
3322 4763 3485 4814 quam

1909 4814 2165 4883 Cyl-illus,
2213 4819 2377 4869 tradit
2425 4816 2768 4869 doctrinam:
2825 4816 3185 4885 Χριστοτόκον
3232 4816 3485 4885 οὐδαμῶς

1910 4902 2087 4961 ςραμεν
2121 4888 2217 4955 τὴν
2247 4886 2723 4961 ἁγίανᾼΠαρθένον,
2753 4885 2887 4961 διοτι
2930 4887 3016 4938 ἐπ’
3058 4885 3338 4961 ᾁναιρέσει
3361 4886 3481 4961 τῆς,

1906 4953 2184 5020 Θεοτόκος,
2209 4957 2389 5023 φωνῆς
2411 4958 2437 5007 ὁ
2457 4953 2649 5025 μιαρὸς
2668 4955 2959 5025 Νεστὸριος
2979 4953 3293 5026 ταύτηντὴν
3314 4953 3482 5026 προσ-

1941 5025 2132 5095 γορίαν
2195 5023 2466 5095 ὲξηύρατο
2516 5023 2590 5087 ὡς
2648 5023 3156 5095 έπηρεαξομένηνλ
3231 5023 3482 5079 Sanctam

1962 5096 2182 5164 irginem
2211 5096 2350 5147 haud
2379 5096 2604 5148 dicimus
2627 5094 3029 5162 Christiparam,
3065 5096 3188 5159 quia
3214 5096 3301 5164 _ad
3357 5095 3481 5147 abo-

1904 5162 2110 5217 lendam
2176 5164 2415 5226 Deipara:
2465 5164 2886 5232 appellationem,
2934 5167 3167 5231 impurus
3204 5162 3479 5218 Nestorius

1906 5233 2210 5286 vocabulum
2242 5235 2375 5286 illud
2424 5234 2751 5287 contumelia:
2782 5234 3039 5301 facienda:
3079 5248 3239 5285 causa
3270 5233 3477 5298 excogi-

1905 5304 2051 5355 tavit.
2082 5303 2394 5357 Damasceni
2430 5305 2571 5356 hunc
2593 5303 2769 5356 locum
2796 5303 3029 5357 illuSIrat
3053 5304 3212 5356 etiam
3250 5303 3479 5354 Allatius

1902 5373 1981 5425 De
2009 5375 2336 5440 processioue
2383 5372 2475 5441 Sp.
2509 5374 2571 5427 8.
2596 5374 2683 5426 ed.
2716 5373 2870 5426 Rom.
2916 5372 3009 5428 Gr.
3048 5391 3099 5440 ιι.
3134 5372 3252 5425 178.
3286 5369 3477 5423 Parem

1891 5443 1960 5513 ob
2006 5458 2224 5496 causam
2277 5444 2591 5513 vocabulum
2643 5442 2936 5513 Geozpopog,
2992 5442 3190 5505 Deiter,
3249 5441 3362 5513 dici
3408 5441 3477 5494 de

1889 5512 2107 5565 Christo
2132 5522 2275 5566 vetat.
2300 5512 2495 5566 ibidem
2540 5510 2923 5572 Damascenus,
2966 5525 3272 5579 quanquam
3312 5510 3478 5562 divus

212 5581 361 5651 quod
387 5587 472 5632 est
492 5581 647 5635 unius
674 5582 998 5635 beatissinne
1034 5581 1214 5636 Maria:
1238 5584 1532 5650 preprium.
1571 5581 1624 5633 Id
1658 5596 1787 5647 ergo
1886 5582 2088 5636 Christi
2134 5582 2367 5651 Basilius
2382 5597 2598 5635 carnem
2634 5583 2843 5637 dixerat
2872 5582 3165 5651 Θεοφόρρν,
3208 5579 3335 5651 quia
3370 5584 3473 5633 hoc

212 5651 325 5723 agit
353 5650 404 5701 in
429 5660 697 5723 praesente
733 5667 947 5723 quoque
973 5651 1184 5721 dialogo
1209 5647 1279 5723 Cy
1292 5647 1459 5723 rillus.
1492 5650 1614 5704 Fuit
1641 5652 1783 5723 enim
1889 5653 2017 5704 item
2043 5653 2302 5705 vocabulo
2327 5650 2607 5723 Nestorius
2637 5654 2837 5707 abusus
2864 5647 3060 5723 fuerat;
3087 5650 3274 5723 lmo_et
3298 5647 3475 5723 Leon-

214 5718 303 5771 hic
331 5730 495 5786 putus
532 5718 975 5774 Nestorianorum
1011 5718 1182 5787 error,
1217 5718 1274 5775 ut
1299 5722 1527 5775 alllrmat
1551 5730 1705 5774 tract.
1726 5720 1780 5782 5,

214 5802 335 5859 cap.
379 5787 432 5853 5,
465 5804 517 5859 p.
548 5788 669 5859 352,
703 5790 985 5848 Chaldazus
1014 5792 1309 5849 Ebediesus
1340 5810 1354 5850 ι
1392 5789 1504 5847 Nos
1531 5791 1774 5855 nonDei,

1890 5722 1994 5774 tius
2047 5735 2197 5773 meus
2253 5731 2364 5775 toto
2419 5721 2556 5776 libro
2617 5734 2770 5777 sexto
2826 5721 3145 5779 vocabulum
3199 5716 3471 5787 Θεοφόρος

1886 5804 1985 5846 ceu
2008 5788 2730 5864 l‘lestoriauuminsectatur2
