4088 6498
599 385 700 443 251

1596 381 1655 437 S'.
1696 368 1982 437 Cl‘RlLlJl‘
2009 371 2478 432 AtEXANDRlNl
2524 372 2841 429 ARGHIEP.

3774 368 3889 425 95?

586 498 892 554 Nobiscum
932 498 1069 553 Deus
1102 496 1165 549 ¹⁹.
1204 513 1222 548 ι
1279 495 1419 551 Deus
1472 507 1592 552 erat
1648 498 1832 566 itaque
1882 496 1971 564 qui
2031 501 2190 548 natus

2303 490 2861 562 μεθερμηνευόμενον,
2902 487 3044 541 Μεθ’
3080 486 3249 556 ἡμῶν
3281 487 3312 539 ὀ
3345 487 3489 551 Θεός
3515 503 3527 515 ·
3566 485 3696 549 Θεὸς
3726 481 3831 539 οὖν
3860 486 3887 537 ὁ

602 603 708 661 est,
742 592 892 657 velis,
920 591 1084 647 nolis.

677 683 881 740 NEST.
913 683 1149 754 Angelus
1172 681 1411 751 Josepho
1448 681 1584 737 dixit
1620 699 1634 735 :
1681 698 1700 730 ‹
1746 678 1983 748 ὃυιοεεηε
2006 674 2192 745 accipe

608 792 832 845 puerum
862 784 919 830 et
961 784 1191 829 matrem
1235 773 1371 844 ejus,
1422 783 1475 827 et
1524 772 1646 841 fuge
1688 772 1739 825 in
1783 769 2092 838 Egyptum,
2138 777 2192 821 et

607 878 723 924 esto
753 868 825 924 ibi
850 883 1021 938 usque
1043 868 1166 921 dum
1198 867 1374 921 dicam
1394 854 1490 921 tibi
1515 866 1581 920 ³ο.
1605 862 1763 919 ιΝοη
1785 862 1922 917 dixit
1948 878 1963 916 :
1995 859 2193 930 Accipe

612 961 779 1017 Deum
815 970 871 1016 et
900 968 1128 1014 matrem
1162 957 1297 1027 ejus.

682 1137 844 1194 CYB.
877 1137 1127 1194 Attamen
1179 1136 1539 1207 arehangelus
1570 1134 1789 1191 Gabriel
1834 1132 2042 1204 Virgini
2075 1131 2189 1185 ait:

620 1245 651 1279 ι,
680 1227 915 1297 Spiritus
945 1235 1168 1281 sanctus
1220 1224 1569 1294 superveniet
1596 1224 1648 1277 in
1683 1231 1757 1288 te,
1783 1233 1839 1277 et
1870 1224 2048 1276 virtus
2096 1221 2193 1274 Al-

617 1319 812 1375 tissimi
839 1318 1186 1392 obumbrabit
1230 1319 1347 1375 tibi.
1393 1317 1516 1373 Ideo
1558 1314 1787 1385 etquod
1840 1322 2095 1369 nascetur
2126 1328 2193 1366 ex

620 1422 672 1466 te
695 1410 1151 1476 sanetum,Filius
1193 1409 1459 1465 Altissimi
1492 1406 1775 1463 vocabitur
1805 1406 1903 1459 υ.»

704 1585 901 1641 NEST.
934 1586 1225 1656 Apostolus
1275 1586 1387 1640 ait:
1426 1605 1444 1637 ι
1484 1585 1846 1654 Semetipsum
1874 1587 2194 1653 exinanivit,

622 1676 851 1730 lbrmam
882 1677 1028 1731 servi
1071 1677 1345 1748 accipiens
1369 1678 1412 1708 "
1447 1695 1461 1742 ;
1505 1696 1522 1729 ι
1565 1677 1616 1730 id
1641 1686 1759 1741 est,
1802 1683 2045 1730 nostrum
2093 1676 2197 1731 sibi

622 1764 849 1821 induens
905 1780 1121 1835 corpus,
1179 1767 1234 1821 in
1275 1781 1381 1836 quo
1439 1766 1758 1835 proﬁciebat
1815 1766 2074 1832 sapientia
2134 1779 2196 1818 ac

619 1864 778 1910 aetate
805 1863 861 1909 et
907 1855 1077 1927 gratia
1120 1857 1259 1925 apud
1291 1856 1458 1911 Deum
1483 1866 1538 1911 et
1568 1857 1818 1912 homines
1849 1856 1915 1921 ³³,
1941 1866 2195 1925 tanquam

620 1945 781 2002 homo
806 1946 1142 2002 Dominicus.

689 2035 849 2093 CYR.
883 2037 1150 2108 Quidquid
1183 2037 1381 2094 factum
1429 2048 1512 2094 est
1562 2055 1627 2094 ex
1679 2053 1864 2106 carne,
1913 2054 2041 2094 caro
2091 2048 2197 2105 est,

620 2144 795 2199 neque
828 2138 1006 2184 tamen
1036 2131 1162 2185 hinc
1186 2131 1470 2199 perimitur
1492 2132 1806 2187 nativitatis
1843 2132 2192 2186 miraculum.

621 2221 771 2276 Sicut
804 2221 945 2275 enim
978 2220 1121 2277 Deus
1174 2222 1449 2277 divinitus.
1489 2233 1733 2292 generat,
1781 2223 1857 2276 ita
1908 2222 2197 2277 venerabi-

620 2310 687 2365 lis
719 2325 932 2380 quoque
975 2309 1135 2381 Virgo
1166 2312 1377 2381 peperit
1406 2314 1459 2367 in
1492 2328 1657 2368 carne
1702 2313 1936 2368 Verbum
1984 2327 2050 2367 ex
2092 2312 2199 2367 Deo

621 2399 806 2456 Deum.
2064 2449 2077 2461 .

720 2492 922 2549 NEST.
985 2492 1181 2550 Omnis
1232 2505 1409 2552 mater
1466 2497 1985 2555 consubstantialem
2044 2514 2198 2553 suum

622 2584 801 2654 parit:
833 2600 942 2640 non
976 2594 1059 2640 est
1088 2602 1217 2655 ergo
1269 2588 1386 2654 ejus
1443 2598 1637 2656 mater,
1693 2590 1793 2644 nisi
1830 2590 1942 2658 ipse
1995 2599 2079 2644 est
2124 2591 2199 2645 illi

624 2676 1123 2733 eousubstantialis.
1149 2677 1279 2731 Nam
1313 2681 1583 2749 quomodo
1622 2681 1692 2734 sit
1739 2690 1912 2736 mater
1947 2681 2082 2751 ejus,
2110 2682 2199 2751 qui

626 2765 696 2820 ab
725 2767 898 2835 ipsius
924 2768 1226 2822 substantia
1261 2769 1471 2826 alienus
1508 2770 1722 2828 fuerit?

694 2943 853 3000 CYR.
887 2944 1075 3000 Nosex
1100 2944 1321 3016 Virgine
1368 2956 1421 3001 et
1456 2963 1522 3001 ex
1554 2949 1760 3016 Spiritu
1796 2960 1984 3007 sancto
2032 2969 2198 3008 unum

628 3035 822 3090 Filium
874 3038 1049 3092 edocti
1102 3036 1303 3093 fuimus
1363 3041 1628 3104 conﬁteri,
1683 3045 2197 3101 consubstantialem

630 3128 789 3182 matri
820 3138 878 3181 ut
923 3128 1091 3195 Patri,
1131 3130 1289 3185 sicuti
1330 3129 1519 3186 Patres
1549 3133 1822 3189 dixerunt.

700 3218 901 3273 NEST.
936 3218 1124 3274 Divido
1162 3228 1407 3284 naturas,
1437 3237 1597 3275 uuam
1639 3223 1775 3278 facio
1807 3226 2197 3295 adorationem,

629 3310 758 3379 quia
785 3308 926 3364 Deus
958 3309 1335 3378 inseparabilis
1362 3320 1446 3365 est
1471 3311 1537 3365 ab
1571 3328 1635 3367 eo
1667 3314 1761 3383 qui
1792 3316 2056 3370 cernitur.
2079 3317 2203 3374 Ideo

632 3401 892 3456 honorem
926 3415 1030 3455 non
1066 3401 1267 3456 divido.

728 3491 890 3547 ΟΥΕ.
953 3494 1052 3558 Qtti
1118 3500 1341 3546 naturas
1394 3494 1604 3559 dividit,
1660 3497 1792 3552 duos
1850 3500 1981 3554 dicit
2044 3501 2202 3569 ﬁlios,

639 3584 833 3656 lua
869 3583 1165 3654 Scriptura:
1212 3600 1316 3639 non
1351 3588 1579 3642 credens
1626 3589 1828 3644 dicenti
1861 3608 1874 3644 :
1915 3611 1933 3642 ι
1969 3592 2203 3647 Verbum

636 3688 764 3728 caro
789 3674 988 3729 factum
1014 3683 1094 3729 est
1123 3675 1190 3728 ".
1231 3694 1248 3727 ο

723 3760 923 3817 NEST.
981 3762 1179 3817 Paulus
1241 3764 1370 3819 dicit
1409 3783 1428 3816 ι
1472 3768 1779 3835 pontiﬁcem
1826 3773 2207 3842 et-apostolum

637 3852 993 3909 confessionis
1024 3863 1223 3908 nostrae
1257 3870 1380 3909 esse
1415 3856 1620 3925 Jesum,
1680 3862 1783 3929 qui
1827 3862 2000 3918 ﬁdelis
2040 3872 2124 3920 est
2156 3866 2206 3920 ei

637 3945 730 4011 qui
771 3943 1115 4013 l'ecitipsutn,
1145 3944 1237 4014 qui
1286 3958 1459 4002 semet
1508 3950 1736 4004 hostiam
1791 3953 1983 4008 obtulit
2026 3971 2123 4025 pro
2149 3970 2210 4011 se

639 4036 779 4090 haud
842 4036 1021 4091 minus
1085 4053 1247 4106 quant
1309 4054 1405 4108 pro
1469 4043 1679 4110 populo.
1733 4044 1912 4110 Quare
1970 4049 2207 4116 pontifex

638 4134 724 4181 est
774 4127 1100 4183 constitutus
1139 4129 1190 4182 in
1222 4128 1286 4183 iis
1318 4145 1435 4198 quae
1467 4132 1533 4185 ad
1574 4132 1738 4187 Deum
1778 4136 2050 4204 pertinent
2081 4140 2146 4193 “.
2185 4160 2205 4193 ι

714 4214 875 4270 ΟΥΒ.
908 4217 1108 4273 Paulus
1165 4220 1286 4273 ait:
1326 4239 1345 4272 ι
1387 4220 1637 4277 Christus
1672 4227 1839 4278 semel
1881 4228 2094 4284 oblatus
2142 4232 2208 4285 ad

641 4307 933 4361 multorum
978 4308 1299 4376 perferenda
1324 4320 1563 4379 peccata,
1610 4316 1843 4369 secundo
1875 4318 1989 4371 sine
2016 4333 2208 4386 pecca-

642 4406 699 4452 to
722 4399 1001 4467 apparebit
1032 4400 1098 4453 ¹⁶.
1136 4419 1153 4452 ι
1186 4400 1352 4455 Item:
1394 4421 1411 4452 ι
1457 4401 1556 4468 Qui
1600 4417 1877 4473 peccatum
1915 4424 2020 4463 non
2060 4410 2207 4474 fecit,

2292 581 2526 652 τεχθεὶς,
2560 582 2663 634 κᾶν
2691 579 2870 652 θέλῃς,
2902 577 3006 630 κᾶν
3039 576 3115 647 μὴ
3153 576 3335 646 θέλῃς.

2362 672 2564 726 ΝΕΣΤ.
2606 672 2667 724 '0
2709 669 2942 739 ἄγγελος
2967 669 3060 739 ζτῷ
3098 669 3297 737 Ἰωσὴφ
3326 665 3477 722 εἶπεν
3500 687 3515 700 ·
3555 686 3574 720 ι
3619 669 3887 728 ’Δναστάς

2295 764 2581 836 παράλαόε
2628 763 2691 815 τὸ
2750 762 2962 815 παιδίον
2997 762 3091 815 καὶ
3127 763 3225 831 τὴν
3279 762 3491 833 μητέρα
3540 760 3731 825 αὐτοῦ,
3791 760 3890 813 καὶ

2294 855 2463 924 φεῦγε
2491 855 2570 917 εἰς
2599 851 2893 921 Αἴγυπτον,
2931 851 3027 905 καὶ
3049 851 3159 905 ῐσθι
3190 854 3303 905 ἐκεῖ
3331 852 3438 916 ἓως
3459 852 3525 907 ἂν
3555 853 3697 905 εἴπω
3724 867 3835 904 σοι’
3864 870 3885 903 ι

2293 945 2394 998 οὐκ
2435 939 2558 996 εἷπε
2607 943 2701 1009 δὲ,
2734 941 3026 1013 Παράλαὸε
3061 941 3153 995 τὸν
3197 941 3330 995 Θεὸν
3380 942 3475 995 καὶ
3520 942 3619 1012 τὴν
3665 941 3891 1012 μητέρα

2295 1033 2460 1089 αὑτοῦ
2471 1075 2483 1089 .

2366 1126 2529 1178 ΚΥΡ.
2578 1126 2720 1179 Ἀλλ’
2758 1128 2787 1178 ὁ
2812 1127 3154 1197 ἀρχάγγελος
3182 1126 3427 1198 Γαϐριὴλ
3455 1126 3595 1196 πρὸς
3618 1126 3716 1196 τὴν
3735 1126 3890 1195 Παρι

2297 1222 2448 1275 θένον
2481 1222 2629 1291 λέγει
2653 1238 2667 1253 ο
2709 1240 2741 1272 ι
2776 1221 3003 1291 Πνεῦμα
3044 1220 3199 1289 ἅγιον
3237 1218 3594 1272 ἐπελεύσεται
3647 1218 3745 1270 ἐπὶ
3804 1217 3886 1280 σὲ,

2297 1315 2392 1367 καὶ
2435 1312 2665 1384 δύναμις
2704 1312 2961 1382 Ὑψίστου
3016 1311 3331 1364 ἐπισκιάσει
3385 1326 3497 1361 σοι·
3545 1307 3628 1361 διὸ
3679 1307 3779 1360 καὶ
3830 1304 3890 1357 τὸ

2297 1405 2637 1476 γεννώμενον
2686 1407 2751 1458 ἐκ
2803 1402 2896 1458 σοῦ
2954 1404 3131 1471 ἀγιον,
3194 1402 3308 1465 υίὸς
3357 1399 3618 1470 Ὑψίστου
3676 1396 3889 1467 κληθήο

2300 1516 2473 1552 σεται.
2512 1517 2530 1549 ι

2369 1588 2572 1642 ΝΕΣΤ.
2629 1588 2687 1641 '0
2745 1588 3068 1652 Ἀπόστολος
3117 1587 3255 1657 ἔφη·
3302 1603 3321 1636 ι
3354 1583 3577 1639 Ἑαυτὸν
3622 1580 3885 1641 ἐκένωσε,

2303 1681 2516 1753 μορφὴν
2549 1680 2737 1733 δούλου
2767 1679 2950 1734 λαϐὼν
2970 1698 2982 1711 ο
3018 1700 3035 1732 ι
3069 1680 3206 1750 ὅπερ
3236 1678 3355 1730 ἐστὶ
3382 1678 3443 1729 τὸ
3477 1674 3751 1745 ἡμέτερον
3799 1674 3886 1723 ὲν-

2298 1772 2597 1843 δυσάμενος
2631 1772 2811 1841 σῶμα,
2853 1771 2983 1824 ἔνθα
3014 1771 3324 1843 προέκοπτε
3371 1766 3534 1837 σοφίᾳ
3576 1764 3672 1817 καὶ
3698 1762 3889 1832 ἡλικίᾳ

2300 1864 2396 1917 καὶ
2423 1862 2605 1933 χάριτι
2638 1861 2788 1932 παρά
2833 1859 2952 1931 Θεῷ
2982 1862 3076 1915 καὶ
3118 1858 3447 1931 ἀνθρώποις,
3497 1856 3574 1918 ὡς
3604 1850 3888 1923 Κυριακδς

2300 1956 2396 2009 ἄνο
2406 1972 2610 2025 ρωπος.

2370 2048 2535 2105 ΚΥΡ.
2564 2047 2678 2106 Πᾶν
2706 2045 3079 2117 τὸγενόμενον
3112 2045 3178 2097 ὲκ
3197 2044 3299 2113 τῆς
3328 2039 3547 2110 σαρκὸς,
3577 2036 3716 2107 σάρξ
3744 2036 3884 2087 ἑστι·

2300 2139 2398 2193 οὐκ
2432 2139 2649 2208 ἀναιρεῖ
2672 2137 2727 2190 δὲ
2761 2137 2860 2207 τῆς
2901 2139 3204 2206 γεννήσεως
3253 2131 3555 2203 παράδοξον
3576 2145 3590 2159 ·
3619 2128 3692 2191 ὼς
3721 2125 3836 2196 γὰρ
3860 2127 3890 2178 ὁ

2304 2230 2436 2294 Θεὸς
2458 2229 2632 2283 τίκτει
2660 2227 2878 2292 θεῖκῶς,
2905 2225 3049 2280 οὕτω
3077 2226 3170 2279 κώ⁹
3205 2227 3241 2295 ή
3279 2221 3586 2291 θεοπρεπὴς
3608 2217 3887 2289 Παρθένος

2302 2318 2488 2375 ἔτεκεν
2514 2319 2571 2371 ἑν
2602 2317 2767 2385 σαρκὶ
2796 2317 2886 2369 τὸν
2917 2318 2981 2367 ἐκ
3013 2314 3149 2367 Θεοῦ
3184 2312 3316 2365 Θεὸν
3344 2311 3538 2379 Λόγον.

2372 2494 2572 2548 ΝΕΣΤ.
2606 2495 2764 2547 Πᾶσα
2820 2492 3003 2563 μήτηρ
3049 2489 3111 2542 τὸ
3138 2488 3424 2558 ὸμοούσιον
3470 2485 3644 2555 αὐτῆς
3676 2483 3882 2540 τίκτει·

2301 2589 2403 2642 ούκ
2434 2587 2580 2640 ἔστιν
2627 2581 2718 2639 οὖν
2761 2583 2929 2638 αὑτοῦ
2964 2585 3167 2654 μήτηρ,
3193 2582 3241 2632 εί
3285 2579 3360 2650 μὴ
3399 2578 3560 2641 αὐτὸς
3598 2575 3886 2645 ὁμοούσιος

2302 2682 2476 2750 αὐτῆς
2502 2679 2737 2751 ὑπάρχει
2760 2696 2773 2710 ο
2804 2677 2921 2740 πῶς
2944 2675 3052 2746 γὰρ
3083 2672 3246 2726 αὑτοῦ
3273 2674 3455 2743 μήτηρ
3483 2668 3576 2727 τοῦ
3602 2668 3886 2737 ἀλλοτρίου

2302 2774 2399 2843 τῆς
2428 2772 2613 2836 οὐσίας
2673 2770 2843 2840 αὐτῆς
2895 2768 3232 2837 ὑπάρχοντος
3283 2764 3427 2836 [cod.
3477 2762 3539 2815 τὸ
3600 2761 3883 2831 ἀλλότριον

2308 2866 2338 2917 ὑ
2349 2862 2577 2935 πάρχον]
2601 2880 2617 2929 ;

2375 2956 2538 3009 ΚΥΡ.
2600 2955 2779 3023 ’Πμᾶς
2836 2954 2900 3004 ἐκ
2956 2949 3234 3021 Παρθένου
3300 2946 3396 3000 καὶ
3459 2942 3885 3011 ἐκῐῐνεύματος

2306 3048 2463 3117 ἁγίου
2492 3048 2588 3099 ἕνα
2622 3047 2751 3099 Υἰὸν
2795 3042 3153 3112 ἐδιδάχθημεν
3179 3038 3481 3109 ὁμολογεῖν,
3507 3034 3801 3106 ὁμοούσιον
3822 3036 3883 3102 τῇ

2229 3168 2270 3224 C
2308 3141 2476 3211 μητρὶ
2503 3139 2578 3200 ὧς
2599 3137 2676 3207 τῷ
2701 3136 2899 3207 Πατρὶ,
2924 3132 3109 3224 καθὼς
3142 3133 3190 3183 οἱ
3227 3129 3469 3224 Πατέρες
3491 3128 3805 3224 εἰρήκασιν.

2378 3231 2579 3285 ΝΕΣΤ.
2613 3226 2817 3299 Διαιρῶ
2841 3226 2940 3288 τὰς
2975 3223 3187 3293 φύσεις,
3222 3220 3328 3274 ὲνῶ
3354 3221 3453 3288 τὴν
3488 3218 3885 3288 προσκύνησιν,

2307 3320 2494 3390 ἐπειδὴ
2520 3317 2822 3389 ἀχώριστος
2874 3315 2967 3367 τοῦ
3023 3310 3347 3381 φαινομένου
3394 3308 3561 3370 Θεός·
3595 3308 3683 3361 διὰ
3733 3306 3884 3361 τοῦτο

2307 3413 2368 3466 ού
2401 3409 2620 3481 χωρίζω
2647 3409 2747 3476 τὴν
2776 3405 2966 3475 τιμήν.

2379 3500 2543 3554 ΚΥΡ.
2588 3500 2646 3551 '0
2682 3495 2908 3565 διαιρῶν
2945 3494 3021 3565 (1)
3055 3492 3153 3556 τὰς
3175 3490 3389 3560 φύσεις,
3418 3490 3512 3543 δύο
3538 3489 3690 3551 υἱοὺς
3718 3488 3880 3556 λέγει,

2313 3596 2386 3666 μὴ
2416 3593 2685 3647 πιστεύων
2705 3594 2771 3667 τῇ
2800 3590 2992 3662 Γραφῇ
3016 3587 3274 3658 λεγούσῃ,
3300 3588 3383 3639 ὅτι
3417 3605 3435 3638 ι
3474 3585 3530 3639 Ὀ
3554 3584 3727 3651 Λόγος
3759 3580 3885 3652 σὰρξ

2309 3687 2547 3754 ἐγένετο.
2581 3703 2601 3737 ι

2381 3774 2580 3828 ΝΕΣΤ.
2635 3772 2848 3836 Παῦλος
2895 3770 3045 3840 λέγει
3084 3787 3101 3821 ι
3144 3768 3409 3839 ἀρχιερέα
3453 3764 3549 3817 καὶ
3594 3762 3883 3817 ἀπόστολον

2310 3868 2408 3937 τῆς
2444 3864 2729 3935 ὁμολογίας
2783 3862 2938 3933 ήμῶν
2979 3858 3236 3930 γενέσθαι
3282 3856 3508 3928 Ἰησοῦν,
3539 3854 3733 3906 πιστὸν
3767 3852 3885 3906 ὄντα

2309 3955 2387 4025 τῷ
2410 3954 2698 4024 ποιήσαντι
2739 3951 2931 4004 ἑαυτὸν
2964 3949 3062 4018 (2),
3090 3946 3284 3999 θυσίαν
3316 3943 3508 3998 ἑαυτὸν
3549 3941 3886 4012 προσέφερεν

2311 4047 2449 4116 ὑπὲρ
2480 4043 2673 4097 ἑαυτοῦ
2697 4043 2772 4106 ὡς
2811 4042 2952 4111 ὑπὲρ
2976 4040 3071 4093 τοῦ
3091 4037 3251 4092 λαοῦ⁸
3276 4036 3399 4090 ὅθεν
3432 4034 3725 4107 ἀρχιερεὺς
3760 4033 3885 4088 καθε

2315 4138 2525 4190 ίσταται
2564 4134 2630 4187 τὰ
2661 4134 2797 4202 πρὸς
2829 4132 2920 4185 τὸν
2948 4130 3101 4183 Θεόν.
3144 4148 3160 4179 ι

2382 4229 2547 4281 ΚΥΡ.
2579 4224 2791 4287 Παῦλος
2819 4222 2998 4290 λέγει’
3030 4241 3048 4273 ι
3081 4220 3317 4292 Χριστὸς
3340 4218 3484 4281 ἅπαξ
3509 4215 3885 4288 προσενεχθεὶς

2311 4324 2390 4381 εἰς
2414 4318 2474 4372 τὸ
2503 4317 2710 4371 πολλῶν
2744 4316 3053 4382 ἀνενεγκεῖν
3079 4313 3373 4384 ἁμαρτίας,
3410 4312 3474 4363 ὲκ
3505 4308 3762 4378 δευτέρου
3790 4324 3884 4375 χωρ

2317 4412 2397 4483 pi;
2427 4409 2698 4480 ἁμαρτίας
2734 4407 3052 4477 ὀφθήσεται.
3094 4423 3111 4455 ι
3145 4404 3272 4459 Καὶ,
3300 4402 3489 4456 πάλινο
3533 4420 3551 4451 ‹
3594 4398 3887 4469 ’Δμαρτίαν

643 4505 748 4546 nec
781 4490 938 4545 dolus
981 4500 1095 4545 erat
1149 4492 1201 4545 in
1239 4508 1335 4547 ore
1360 4495 1479 4562 ejus
1515 4495 1579 4549 ".
1617 4515 1636 4547 ι
1671 4497 1735 4551 Ει
1762 4514 1827 4552 en
1867 4499 1980 4568 ipse
2037 4514 2201 4556 semet

2315 4504 2413 4556 ούκ
2444 4500 2721 4571 ἐποίησεν,
2754 4499 2848 4551 καὶ
2875 4497 3023 4559 δόλος
3048 4496 3147 4566 οὐχ
3176 4495 3421 4565 ὑπῆρχεν
3455 4494 3514 4549 ἐν
3545 4490 3624 4560 τῷ
3664 4490 3885 4557 στόματι

645 4597 744 4653 pro
799 4583 955 4638 nobis
986 4582 1162 4638 ollert.
1200 4583 1411 4639 Videsis
1451 4586 1633 4658 itaque
1680 4593 1824 4661 quod
1868 4610 1971 4647 non
2018 4608 2116 4663 pro
2152 4608 2211 4647 se

644 4674 761 4744 ipso
780 4688 837 4730 se
857 4675 1068 4740 obtulit,
1101 4677 1193 4731 sed
1224 4692 1323 4747 pro
1344 4680 1557 4748 populo.

715 4849 913 4905 NEST.
958 4852 1090 4906 Cum
1145 4852 1261 4922 ipse
1306 4854 1494 4909 dicat:
1533 4876 1551 4907 r
1594 4857 1695 4922 Qui
1729 4858 2211 4914 manducatmeam

645 4958 884 5007 carnem,
935 4953 988 4996 et
1027 4944 1161 4998 bibit
1195 4959 1372 4999 meum
1422 4950 1756 5017 sanguinem,
1810 4950 1953 5003 vivet
1996 4959 2213 5019 propter

646 5049 755 5098 me,
792 5033 1047 5103 sicutego
1071 5033 1449 5106 vivo_‘propter
1471 5054 1615 5102 eum,
1644 5041 1732 5108 qui
1768 5055 1851 5093 mc
1901 5040 2065 5107 misit,
2107 5041 2213 5096 Pa-

717 5210 759 5239 "
784 5206 882 5261 lsa.
917 5209 1027 5276 vn}.
1064 5215 1150 5268 Μ.
1256 5216 1301 5248 ³ο
1331 5212 1516 5266 Matth.
1553 5227 1613 5278 tt,
1644 5212 1725 5266 15.

645 5280 694 5311 ’³
723 5278 886 5333 Hebr.
912 5283 1051 5347 ttt,l.
1128 5286 1173 5316 ²⁶
1207 5285 1370 5340 llebr.
1403 5299 1480 5348 rx,
1503 5282 1593 5337 98.
1676 5284 1717 5313 ³⁷
1747 5282 1763 5335 1
1805 5282 1949 5337 Petr.
1978 5286 2148 5349 11,22.

719 5439 795 5512 (ι)
820 5438 990 5509 Negat
1033 5440 1266 5511 Cyrillus
1322 5456 1380 5495 se
1423 5441 1662 5512 dividere
1710 5438 1910 5512 Christi
1959 5448 2198 5505 naturas,

645 5524 752 5563 nou
775 5508 944 5577 'quotl
997 5508 1157 5564 unam
1195 5520 1441 5566 naturam
1488 5510 1673 5564 credat
1706 5508 1853 5575 (naut
1883 5510 2013 5562 duas
2037 5512 2201 5564 etiam

646 5580 699 5632 in
740 5579 899 5651 libro
932 5578 1006 5633 De
1043 5582 1400 5651 in_carnatione
1455 5578 1686 5651 Domini,
1741 5594 1857 5648 cap.
1892 5580 1952 5634 5|
1996 5579 2071 5651 [in
2100 5580 2203 5651 [ine

646 5649 927 5721 superioris
956 5649 1107 5721 tomi]
1129 5666 1249 5721 esse
1273 5651 1399 5719 ait),
1434 5651 1523 5705 sed
1553 5649 1674 5721 quia
1701 5651 1965 5721 personati
2002 5649 2202 5721 copula

649 5718 824 5771 unitas
850 5718 1105 5774 allirmatf
1134 5719 1250 5773 Jam
1294 5718 1609 5773 vo'eahulutn
1639 5719 1924 5777 divisionis,
1952 5734 1979 5771 a
2015 5718 2205 5774 Nesto-

651 5785 816 5843 rianis
846 5804 1008 5859 prave
1052 5790 1371 5855 adhibitum,
1411 5803 1598 5846 ausam
1643 5787 2023 5863 Motmpltysitis
2066 5804 2203 5858 prae-

1838 5216 1880 5245 ²¹
1916 5213 2049 5269 Luc.
2091 5231 2127 5276 ι,
2164 5217 2253 5272 55.

2320 4590 2526 4646 αὐτοῦ’
2581 4609 2598 4640 ι
2635 4590 2729 4643 καὶ
2786 4588 2894 4641 ἰδοὺ
2934 4586 3097 4650 αὐτὸς
3145 4586 3338 4639 ἑαυτὸν
3396 4582 3701 4655 προσφέρει
3756 4576 3885 4644 ὑπὲρ

2318 4682 2476 4753 ἡμῶν
2500 4698 2513 4711 ο
2549 4681 2623 4733 ἴδε
2664 4675 2755 4733 οὖν
2790 4679 2888 4748 οὑχ
2937 4677 3078 4749 ὑπὲρ
3121 4675 3314 4730 ἑαυτοῦ
3372 4676 3674 4744 ἀνήνεγκεν
3711 4667 3881 4726 αὑτὸν.

2319 4774 2432 4827 ἀλλ’
2458 4773 2597 4841 ὑπὲρ
2628 4770 2722 4823 τοῦ
2750 4770 2902 4825 λαοῦ.

2394 4863 2592 4915 ΝΕΣΤ.
2647 4861 2822 4915 Αὑτοῦ
2869 4862 3139 4931 λέγοντος·
3179 4878 3196 4910 ι
3250 4858 3309 4910 '0
3358 4856 3585 4926 τρώγων
3637 4869 3743 4921 μου
3795 4848 3882 4921 τῆγ

2323 4952 2521 5019 σάρκα,
2562 4950 2657 5003 καὶ
2699 4951 2868 5003 πίνων
2916 4968 3028 5019 μους
3048 4949 3111 5002 τὸ
3154 4942 3313 5017 αἷμα,
3363 4944 3588 5014 ζήσεται
3615 4939 3689 4993 δι’
3738 4934 3881 5008 ἐμοῦ.

2321 5039 2501 5102 καθὼς
2538 5037 2648 5106 ἐγὼ
2696 5039 2772 5104 ζῶ
2802 5039 2890 5093 διὰ
2926 5040 3018 5091 τὸν
3051 5035 3447 5091 ἀποστείλαντά
3487 5050 3553 5102 με
3589 5030 3827 5099 Πατέρα.
3856 5043 3876 5076 ι

3437 5213 3482 5243 ’⁸
3521 5210 3679 5266 Joan.
3722 5225 3769 5273 ι,
3802 5206 3875 5261 ll.

2354 5220 2399 5250 ι’
2426 5216 2719 5287 Philipp.tt,
2752 5218 2819 5273 7..
2918 5218 2963 5249 ³³
2995 5217 3123 5272 Luc.
3158 5232 3213 5281 tt,
3243 5215 3333 5269 5:2.

2307 5439 2422 5494 buit
2461 5437 2826 5494 calumniandi
2858 5436 3187 5499 Catholicos,
3216 5434 3308 5504 qui
3336 5440 3651 5505 naturarum
3719 5423 3878 5505 quali-

2309 5519 2475 5564 tatem
2538 5511 2850 5564 tuebantur.
2918 5507 3056 5561 Hinc
3111 5497 3373 5562 mentium
3446 5497 3875 5562 tenebrae,’ltinc

2309 5594 2499 5634 vocum
2518 5578 2826 5642 abusiones,
2852 5579 2977 5633 hinc
3005 5578 3135 5631 rixa:
3154 5575 3412 5647 proxima:
3443 5569 3711 5647 interdum
3738 5568 3875 5647 λογο-

2315 5648 2555 5718 μαχίαις.
2610 5637 2933 5717 Quanquam
2967 5637 3239 5718 reapseiin
3268 5654 3411 5697 secta
3449 5637 3863 5718 illouopltvsitica

2313 5712 2423 5774 non
2448 5712 2820 5788 imaginarius,
2855 5718 2945 5771 sed
2978 5712 3225 5788 capitalis
3261 5728 3414 5769 error
3447 5712 3597 5765 latet.

2387 5789 2461 5860 (‘2)
2496 5785 2578 5843 lla
2611 5788 2728 5845 cod.
2772 5803 2868 5859 pro
2899 5785 3083 5841 αὐτόν.
