4088 6498
184 370 325 426 353

1270 330 1273 333 ί
1384 377 1741 436 DlALOGUS
1780 378 1932 435 CUM
1964 381 2329 442 NESTORIO:

3384 397 3510 453 234-

186 482 345 543 Ῥίνα
374 479 466 541 οῦν
491 486 695 551 ἐσθίεις
714 529 728 555 ,
755 491 1003 560 αἱρετικέ
1029 510 1042 555 ;
1072 493 1171 559 τὴν
1212 494 1464 566 θεότητα,
1497 498 1528 567 ἢ
1571 498 1671 566 τὴν
1705 499 1766 551 ἀν

1872 509 2042 559 .trem
2074 501 2143 559 “.
2204 504 2346 570 Quid
2380 519 2516 575 ergo
2560 509 2889 575 manducas,
2926 526 2959 565 ο
3006 513 3297 568 baeretice?
3350 514 3491 569 divis

186 576 572 648 θρωπότητας
605 580 719 633 Οὐκ
778 577 899 634 εἷπε
952 582 1061 653 γάρ
1104 584 1132 636 6
1166 584 1423 654 Χριστὸς,
1459 588 1515 640 '0
1561 588 1766 658 rptbym‘

1898 592 2142 657 nitatem,
2172 608 2238 647 an
2270 594 2825 653 humanitatemiNon
2868 603 3013 656 enim
3039 603 3441 662 dixitChristus
3470 624 3495 663 :i

191 683 311 736 μου
350 668 448 740 τὴν
479 669 731 741 θεότητα,
764 672 901 727 ἀλλά
937 674 1073 744 ,Τὴν
1104 676 1305 747 σάρκα.

265 759 442 813 ΚΥΡ.
486 760 627 830 Ἐγὼ
683 764 784 833 μὲν
842 765 1022 820 πίστει
1084 770 1487 841 μεταλαμϐάνω
1541 775 1639 844 τὴν
1696 775 1791 829 τοῦ

182 848 475 911 ζωοποιοῦ
510 854 689 921 Λόγου
719 854 1093 919 ζωοποιοῦσαν
1134 860 1313 931 σάρκα
1334 877 1348 892 ⁸
1389 863 1513 917 ὅθεν
1545 867 1573 918 6
1599 866 1789 937 Σωτὴρ

180 937 339 1007 ἔφη’
378 959 398 991 ‹
444 940 509 995 Oi
551 944 828 1010 ἐσθίοντες
877 951 940 1001 ἐκ
978 948 1168 1002 τούτου
1219 952 1314 1005 τοῦ
1366 954 1552 1025 ἄρτου,
1594 957 1655 1009 οὐ
1711 960 1787 1029 μὴ

182 1032 519 1097 γεύσωνται
543 1036 776 1093 θανάτου
816 1042 898 1103 είς
943 1044 1035 1097 τὸν
1068 1046 1241 1099 αἰῶνα
1265 1062 1278 1074 ·
1320 1066 1339 1097 ι
1377 1050 1425 1101 οἰ
1460 1050 1516 1102 δὲ
1552 1050 1788 1117 ἀναξίως

182 1123 733 1195 μεταλαμϐάνοντες,
766 1132 853 1186 διά
878 1134 977 1203 τῆς
1010 1136 1294 1200 ἀπειθείας
1334 1140 1721 1211 κριθήσονται..

260 1214 478 1287 ΝΕΣΤ.
512 1237 529 1268 ι
556 1218 762 1290 Κύριος
786 1223 1103 1281 ηάπέσταλκέ
1143 1244 1211 1296 με
1240 1230 1334 1281 καὶ
1356 1228 1415 1281 τὸ
1438 1231 1664 1303 Πνεῦμα
1690 1236 1788 1288 αὑ-

178 1305 327 1359 τοῦο
390 1308 618 1380 Πνεῦμα
672 1313 880 1382 Κυρίου
935 1316 1033 1369 ἐπ’
1073 1319 1193 1388 ἐμὲ,
1236 1314 1296 1373 οὗ
1343 1322 1551 1377 εἵνεκεν
1601 1324 1784 1395 ἔχρισέ

186 1414 296 1467 με·
336 1417 357 1451 ι
392 1401 487 1454 καὶ
534 1403 622 1456 διὰ
665 1405 823 1459 τοῦτό
850 1425 1050 1478 φησιν’
1093 1430 1111 1461 ι
1143 1412 1373 1482 Ἐχρισέ
1410 1433 1470 1468 σε
1504 1419 1533 1469 6
1558 1417 1715 1485 Θεὸς,
1753 1422 1782 1473 6

180 1488 325 1554 Θεός
358 1507 479 1556 σου,
506 1493 684 1549 ἔλαιον
732 1498 1113 1565 ἀγαλλιάσεως
1144 1504 1295 1573 παρά
1340 1507 1468 1569 τοὺς
1517 1510 1782 1580 μετόχους

182 1596 321 1634 σουο
375 1601 395 1634 ι
426 1585 539 1638 νόει
596 1583 689 1640 οὖν
734 1590 825 1641 τὸν
870 1592 1185 1661 χρισθέντα,
1230 1596 1487 1666 ὁμολόγει
1539 1600 1628 1652 τὸν
1662 1603 1783 1671 χρί-

180 1690 384 1739 σαντα,
416 1679 513 1731 καὶ
546 1680 846 1750 προσκιῦνει⁶
871 1684 962 1737 τὸν
995 1686 1121 1738 ναὸν
1155 1687 1245 1741 διὰ
1267 1688 1432 1743 τὸνὲν
1457 1691 1609 1763 αὐτῷ
1648 1712 1781 1749 κατι

178 1782 444 1820 οικουντα
454 1811 466 1823 .

1897 681 1997 749 Qui
2035 684 2326 739 manducet
2353 702 2525 741 meam
2550 688 2909 758 divinitatem,
2938 692 3058 755 sed,
3100 708 3340 749 carnem.

1964 774 2123 828 CYR.
2160 775 2270 841 Ego
2300 777 2403 831 ﬁde
2434 777 2635 845 recipio
2680 780 3007 835 viviﬁcantis
3040 778 3203 836 Verbi
3236 798 3479 840 carnem.

1894 865 2047 921 Unde
2073 864 2330 922 Servator
2354 869 2464 923 ait:
2509 887 2527 919 ι
2560 869 2661 936 Qui
2702 872 3032 927 manducant
3074 888 3140 926 ex
3185 872 3287 927 hoc
3320 888 3481 943 pane,

1892 975 1997 1012 non
2033 961 2324 1029 gustabunt
2372 970 2603 1016 mortem
2636 962 2688 1016 in
2745 974 3009 1018 aeternum
3045 966 3114 1017 ".
3158 983 3177 1016 ι
3209 964 3309 1032 Qui
3351 980 3483 1020 vero

1892 1050 2107 1121 indigne
2174 1060 2417 1117 surnuut,
2484 1061 2705 1122 propter
2759 1053 3199 1110 incredulitatem
3271 1054 3486 1125 judica—

1891 1145 2112 1199 buntur.

1960 1234 2158 1290 NEST.
2196 1253 2215 1285 ‹
2261 1235 2517 1290 Dominus
2546 1237 2693 1293 misit
2748 1252 2834 1292 me
2878 1245 2933 1291 et
2984 1237 3218 1308 Spiritus
3264 1237 3383 1306 ejus
3408 1240 3473 1293 ³⁹;

1889 1324 2127 1393 Spiritus
2180 1324 2391 1379 Domini
2445 1341 2611 1395 super
2668 1342 2773 1393 me,
2837 1336 3057 1396 propter
3115 1329 3258 1397 quod
3322 1329 3477 1384 unxit

1887 1430 1973 1467 me
1991 1416 2056 1468 δι.
2084 1433 2102 1465 ι
2134 1414 2361 1484 Ideoque
2391 1416 2525 1470 dixit
2554 1434 2567 1469 :
2606 1435 2627 1468 ε
2674 1417 2838 1472 Unxit
2863 1426 2914 1472 te
2961 1418 3121 1481 Deus,
3153 1419 3292 1475 Deus
3321 1426 3470 1483 tuus,

1886 1506 2005 1561 oleo
2036 1506 2233 1561 laetitiae
2283 1523 2394 1576 pm
2428 1510 2773 1565 consortibus
2805 1511 2913 1565 tuis
2943 1511 3041 1564 ³⁸.»
3072 1511 3315 1583 lntellige
3337 1527 3467 1583 ergo

1887 1607 2132 1657 unctum,
2154 1596 2413 1651 conﬁtere
2435 1608 2742 1666 ungentem,
2779 1601 2945 1655 adora
2965 1600 3221 1671 templum
3250 1611 3477 1672 propter

1886 1698 2009 1738 eum
2046 1684 2226 1753 quiin
2253 1686 2368 1753 ipso
2407 1685 2637 1740 habitat.

252 1856 429 1912 ΚΥΡ.
474 1858 615 1928 Ἐγὼ
649 1862 713 1914 ἐκ
748 1862 1065 1934 Πνεῦματος
1102 1868 1260 1936 ἁγίου
1300 1871 1395 1923 καῖ
1420 1874 1640 1944 Μαρίας
1675 1877 1766 1948 τῆς

1950 1862 2111 1916 CYR.
2171 1862 2279 1932 Ego
2322 1878 2385 1917 cx
2423 1873 2612 1918 sancto
2662 1863 2866 1935 Spiritu
2915 1875 2969 1921 et
3018 1866 3190 1922 Maria
3249 1869 3481 1939 Virgine

176 1948 471 2020 Παρθένου
496 1953 591 2006 ’ένα
628 1953 757 2007 Υἱὸν
788 1956 853 2008 ὲκ
889 1956 981 2011 δύο
1006 1960 1253 2030 ὁμολογῶ
1278 1980 1293 1996 σ
1329 1965 1421 2018 τὸν
1452 1966 1546 2019 ἕνα
1575 1970 1654 2032 εις
1682 1970 1776 2023 δύο

176 2041 240 2094 οὗ
276 2041 501 2114 διαιρῶ.

251 2133 460 2189 ΝΕΣΤ.
496 2137 623 2201 Πῶς
656 2139 882 2207 ἀγνοεῖν.
927 2140 1108 2212 λέγεις
1138 2145 1235 2216 τὴν
1262 2146 1429 2219 ὥραν,
1466 2150 1534 2221 ἢν
1562 2153 1590 2206 6
1646 2153 1775 2217 Υἱὸς

176 2224 279 2277 οὐκ
312 2221 480 2293 οἶδεν,
533 2230 581 2281 εξ
631 2231 708 2302 μὴ
760 2234 920 2302 μόνος
954 2238 982 2288 6
1038 2238 1263 2310 Πατὴρ;
1318 2243 1387 2294 Ἦ
1449 2245 1567 2309 πῶς
1618 2247 1773 2312 εἰδὼς

178 2317 433 2412 ἀρνεῖται
470 2318 615 2392 [cui].
660 2323 938 2397 άρχεται];
975 2330 1043 2381 Ἢ
1076 2332 1150 2400 μὴ
1196 2333 1371 2397 εἰδὼς,
1414 2335 1533 2400 πῶς
1566 2339 1769 2412 ἐκλήθη

180 2410 345 2500 σοφία
403 2412 499 2464 καὶ
551 2413 782 2483 δύναμις
830 2418 965 2471 Θεοῦ
1022 2421 1050 2472 6
1099 2425 1200 2493 τῆς
1253 2426 1477 2493 ἀγνοίας
1529 2410 1771 2500 μετέχων

187 2499 332 2570 (cad.
363 2502 465 2557 τὸν
498 2506 723 2573 ἀγνοίας
752 2510 1053 2580 μετέχοντα
1080 2513 1312 2586 τόπον);

246 2680 420 2736 ΚΥΡ.
450 2685 565 2737 Οὐκ
615 2688 802 2755 ἀγνοεῖ
832 2691 859 2742 6
883 2690 1011 2755 Υἱὸς
1049 2694 1143 2746 τοῦ
1188 2695 1326 2749 Θεοῦ
1356 2698 1456 2767 τὴν
1492 2697 1671 2771 ὥραν,
1700 2698 1771 2753 τά

176 2770 357 2825 πάντα
387 2772 550 2860 εἰδὼς
592 2778 686 2830 καὶ
716 2778 853 2850 ἔχων
883 2783 939 2835 ὲν
974 2785 1153 2856 ἐαυτῷ
1186 2788 1276 2840 τὸν
1302 2770 1549 2860 Πατέρα,
1587 2790 1770 2856 καθὼς

173 2861 336 2955 αῦτὸς
364 2858 523 2919 εἶπεν
547 2882 561 2895 ”
604 2886 623 2918 ‹
662 2871 851 2934 Οὐδεὶς
882 2874 1141 2942 γινώσκει
1171 2879 1262 2933 τὸν
1290 2858 1533 2951 Πατέρα,
1564 2885 1613 2936 εἰ
1641 2885 1716 2955 μὴ
1740 2888 1768 2938 6

178 2952 339 3017 Υἱός*
392 2975 413 3006 ι
455 2959 617 3028 μόνος
643 2959 743 3033 τὴν
792 2964 953 3032 φύσιν
981 2967 1074 3020 τοῦ
1119 2970 1334 3042 Πατρὸς
1361 2974 1619 3041 γινώσκει
1643 2952 1767 3046 *τὴν

174 3047 279 3114 πρὸ
309 3049 554 3116 πάντων,
590 3055 683 3107 καὶ
721 3057 784 3110 τὸ
810 3057 965 3122 τέλος
995 3060 1087 3114 τοῦ
1134 3063 1331 3127 αἰῶνος
1360 3066 1552 3134 ἀγνοεῖ
1580 3071 1607 3121 6
1638 3068 1765 3133 Υἱὸς

170 3138 261 3190 τοῦ
292 3140 469 3207 Θεοῦ;
528 3144 619 3215 Μὴ
654 3146 867 3214 γένοιτο
886 3166 900 3181 θ
935 3150 1051 3204 ἀλλ’
1081 3153 1267 3221 ἀγνοεῖ
1299 3155 1399 3225 μὲν
1430 3159 1458 3209 ὁ
1498 3159 1639 3211 κατὰ
1668 3159 1760 3229 χά-

176 3248 259 3301 ριν
287 3232 443 3301 Υἱὸς,
482 3236 543 3289 οὐ
591 3237 774 3307 μέντοι
808 3257 874 3307 γε
920 3244 949 3295 ὁ
985 3244 1126 3297 κατά
1159 3245 1354 3313 φύσινο
1410 3249 1555 3302 κατὰ.
1602 3251 1765 3321 χάριν

174 3322 333 3391 ἡμεῖς
362 3326 534 3396 ὲσμεν
577 3328 902 3397 ἀγνοοῦντες
941 3333 1002 3386 τὸ
1040 3335 1168 3398 πᾶν,
1195 3338 1290 3389 καὶ
1333 3338 1502 3409 μηδὲν
1536 3340 1764 3395 ἐπιστά-

177 3431 322 3484 μενοι
354 3420 486 3489 περὶ
518 3421 585 3474 τά
615 3422 741 3492 τέλη
769 3424 863 3477 τοῦ
885 3427 1102 3491 αἰῶνος.

247 3505 445 3563 ΝΕΣΤ.
471 3511 720 3575 Φυσικῶς
752 3516 1031 3586 πεινῶμεν
1058 3520 1151 3572 καὶ
1175 3520 1420 3591 διψῶμεν
1445 3526 1538 3577 καί
1566 3525 1763 3579 καθευ-

176 3592 354 3664 δομεν,
391 3598 453 3651 οὐ
481 3600 675 3672 γνώμῃ
711 3602 869 3657 τοῦτο
904 3607 1228 3677 πάσχοντες,
1269 3611 1386 3664 ἀλλ’
1413 3614 1631 3685 ἀνάγκῃ
1661 3616 1763 3684 φύ-

179 3699 309 3750 σεως
356 3688 744 3761 ὑτιτοκείμενοι⁸
779 3695 833 3746 τί
862 3692 994 3763 οῦν;
1028 3698 1386 3771 εὑρεθήσεται
1437 3703 1568 3768 Θεὸς
1595 3708 1762 3775 ἀναγ-

176 3781 453 3843 καστικοῖς
485 3782 674 3852 νόμοις
701 3785 1103 3856 ὲξακολουθῶν;
1137 3793 1229 3863 Μὴ
1254 3794 1485 3861 γένοιτο.

246 3870 409 3925 ΚΥΡ.
448 3872 642 3943 Ἡμεῖς
672 3877 770 3946 μὲν
809 3880 1054 3945 φυσικῶς
1082 3884 1358 3954 πεινῶμεν
1396 3888 1491 3939 καὶ
1517 3886 1760 3959 διψῶμεν

180 3964 267 4016 καὶ
294 3963 655 4037 καθεύδομεν,
680 3970 742 4022 οὐ
762 3970 979 4044 γνώμῃ,
1006 3973 1122 4026 ἀλλ’
1155 3975 1369 4047 ἀνάγκῃ
1398 3977 1615 4046 φύσεως
1642 3980 1760 4034 δου-

176 4052 415 4120 λεύοντες
439 4074 454 4087 ’
504 4058 664 4122 αὐτὸς
702 4060 759 4113 δὲ
809 4063 908 4116 οὐκ
940 4064 1177 4139 ἀνάγκῃ,
1214 4066 1353 4120 ἀλλὰ
1396 4068 1626 4143 γνὼμῃο
1665 4074 1759 4125 καὶ

180 4146 280 4218 γὰρ
311 4148 376 4201 ὲκ
404 4151 569 4202 πέντε
607 4151 787 4222 ἄρτων
814 4157 1287 4227 πεντακισχιλίους
1315 4161 1631 4232 ὲχόρτασεν,
1663 4166 1758 4218 καί

178 4236 235 4303 ἐξ
263 4241 401 4293 ἑπτὰ
429 4240 597 4295 πάλιν
626 4247 1096 4317 τετρακισχιλίους
1121 4266 1134 4279 ’
1168 4250 1329 4314 αὐτὸς
1368 4247 1521 4305 εἶπεν
1547 4272 1561 4286 ’
1594 4274 1611 4304 ι
1649 4256 1755 4307 06-

176 4331 280 4394 δεὶς
314 4333 587 4402 λαμϐάνει
616 4336 716 4405 τὴν
753 4336 933 4407 ψυχήν
981 4357 1083 4409 μου
1133 4342 1229 4395 ἀπ’
1259 4343 1416 4411 ἐμοῦ,
1462 4345 1577 4398 ἀλλ’
1628 4348 1758 4400 ὅταν

180 4421 309 4476 θέλω
344 4423 610 4495 λαμϐάνω
636 4427 837 4497 αὑτήνο
877 4447 894 4479 ι
924 4429 1103 4493 οὐδεὶς
1127 4431 1185 4483 δὲ
1216 4431 1502 4505 ἄνθρωπος
1532 4434 1755 4490 δύναται

178 4512 326 4571 τοῦτο
365 4518 617 4589 ποιῆσαι,
652 4521 701 4573 εί
734 4521 813 4592 μὴ
836 4522 863 4573 6
892 4522 1054 4591 μόνος
1081 4523 1339 4595 Χριστός.

1882 1970 2045 2008 unum
2101 1954 2298 2008 Filium
2335 1969 2401 2009 ex
2457 1955 2669 2011 duobus
2722 1956 3006 2012 conﬁteor.
3042 1957 3218 2013 Unum
3246 1959 3297 2013 in
3329 1960 3481 2016 duos.

1880 2061 1985 2100 non
2025 2045 2225 2099 divido.

1950 2134 2148 2191 NEST.
2189 2136 2469 2203 Quomodo
2503 2136 2723 2209 (illum)
2754 2137 3003 2208 ignorare
3054 2141 3194 2196 dicis
3241 2142 3471 2207 horam,

1878 2243 2038 2297 quam
2105 2244 2294 2296 reapse
2344 2230 2514 2284 Filius
2574 2229 2822 2295 nescivit,
2869 2232 3035 2285 Pater
3077 2241 3260 2288 autem
3311 2232 3475 2289 solus.
3568 2258 3580 2272 κ

1875 2319 2031 2372 scivit
2058 2318 2147 2371 '3?
2192 2320 2296 2374 Aut
2328 2320 2620 2389 quomodo,
2666 2321 2712 2374 si
2739 2320 2906 2374 Filius
2931 2320 3112 2388 scivit,
3137 2323 3188 2375 id
3216 2323 3477 2394 negavit?

1879 2408 1971 2462 Vel
2003 2410 2047 2464 si
2093 2425 2281 2465 revera
2326 2412 2575 2474 nescivit,
2615 2410 2886 2479 quomodo
2926 2410 3225 2480 appellatus
3257 2423 3341 2469 est
3365 2429 3452 2469 sa-

1873 2501 2074 2569 pientia
2107 2516 2172 2555 ac
2198 2502 2369 2557 virtus
2402 2502 2518 2567 Dei,
2548 2502 2594 2557 is
2622 2502 2711 2570 qui
2732 2500 2962 2555 inscitia:
2979 2512 3190 2570 partem
3220 2504 3475 2574 aliquam»

1873 2591 2105 2646 habuit?

1950 2688 2112 2745 ΟΥΕ.
2151 2687 2279 2741 Non
2308 2688 2524 2757 ignorat
2549 2688 2641 2742 Dei
2679 2688 2849 2744 Filius
2888 2690 3075 2743 horam
3101 2727 3116 2752 ,
3147 2688 3241 2757 qui
3268 2688 3471 2742 omnia;

1872 2785 2024 2839 novit
2051 2781 2397 2850 habetquein
2449 2795 2507 2835 se
2548 2781 2663 2849 ipso
2706 2780 2920 2835 Patrem
2950 2782 3017 2845 ",
3070 2788 3128 2834 ut
3175 2780 3291 2848 ipse
3333 2780 3455 2834 ait:

1876 2895 1894 2927 ι
1927 2874 2095 2930 Nemo
2124 2873 2271 2928 novit
2300 2872 2513 2954 Patren:
2541 2872 2643 2927 nisi
2666 2870 2835 2926 Filius
2854 2872 2919 2924 ".
2961 2892 2980 2924 ι
3024 2870 3182 2925 Solus
3214 2871 3331 2939 ipse
3356 2886 3455 2925 na-

1872 2977 2045 3021 turam
2074 2966 2251 3020 Patris
2287 2966 2567 3034 cognoscit
2623 2982 2741 3035 qua:
2779 2975 2860 3021 est
2886 2975 3012 3019 ante
3036 2963 3243 3029 omnia,
3274 2962 3471 3018 saeculi-

1868 3074 1996 3114 vero
2027 3058 2182 3111 ﬁnem
2207 3055 2378 3110 Filius
2401 3056 2489 3109 Dei
2518 3056 2774 3126 ignorat?
2802 3055 2992 3109 Absit!
3021 3056 3243 3124 Ignorat
3270 3052 3457 3121 utique

1870 3152 1920 3206 is
1964 3151 2054 3219 qui
2090 3149 2387 3204 secundum
2423 3149 2652 3218 gratiam
2680 3156 2766 3203 est
2821 3147 2986 3212 ﬁlius,
3046 3164 3152 3202 non
3213 3144 3472 3215 profecto.

1874 3243 1964 3298 ille
2015 3242 2106 3312 qui
2138 3240 2437 3296 secundum
2487 3248 2761 3295 naturam.
2807 3238 2978 3294 Porro
3008 3239 3301 3294 secundum
3328 3252 3456 3308 gra-

1875 3336 2005 3388 tiam
2042 3346 2141 3387 nos
2179 3345 2388 3394 sumus,
2418 3333 2509 3400 qui
2558 3330 2801 3384 funditus
2847 3331 3182 3401 ignoramus,
3215 3329 3457 3399 nihilque

1872 3427 1938 3480 ad
1981 3426 2139 3479 ﬁnem
2160 3424 2339 3479 saeculi
2362 3422 2639 3492 pertinens
2680 3423 2907 3477 scimus.

1941 3517 2145 3571 NEST.
2180 3514 2513 3570 Naturaliter
2544 3514 2837 3589 esurimus,
2863 3514 3101 3577 sitimus,
3138 3521 3301 3584 atque
3328 3513 3457 3568 dor-

1871 3610 2090 3672 mimus,
2154 3607 2297 3661 haud
2350 3605 2647 3660 deliberate
2701 3606 2753 3659 id
2806 3613 3045 3675 agentes,
3102 3608 3195 3659 sed
3248 3614 3455 3660 naturae

1870 3701 2196 3755 necessitate
2224 3708 2475 3767 cogente.
2503 3696 2644 3763 Quid
2687 3697 2859 3766 ergo?
2889 3695 3030 3749 Num
3054 3696 3197 3752 Deus
3235 3712 3454 3767 compe-

1872 3792 2044 3845 rietur
2078 3789 2401 3858 cogentibus
2434 3788 2643 3857 legibus
2674 3789 3097 3859 obtemperare?
3127 3790 3323 3845 Absiti

1939 3880 2102 3937 (ΠΒ.
2135 3880 2242 3934 Nos
2260 3879 2477 3949 quidem
2522 3880 2847 3935 naturaliter
2886 3881 3178 3944 esurimus,
3216 3881 3451 3948 sitimus,

1868 3985 2027 4043 atque
2055 3971 2377 4036 dormimus,
2416 3985 2521 4025 non
2547 3980 2759 4040 sponte,
2781 3972 2879 4025 sed
2907 3981 3116 4025 natura:
3141 3971 3452 4025 necessitati

1868 4062 2346 4133 servienteszipse
2401 4076 2532 4116 vero
2576 4076 2682 4115 non
2728 4070 2985 4126 coactus,
3018 4060 3112 4115 sed
3157 4070 3346 4129 sponte
3399 4060 3451 4113 id

1866 4156 2271 4224 experiebatur.
2308 4152 2453 4207 Idem
2490 4154 2689 4222 quippe
2719 4161 2803 4207 est
2835 4152 2927 4221 qui
2964 4153 3203 4221 quinque
3222 4149 3451 4217 panibus

1865 4242 2103 4311 quinque
2162 4239 2328 4294 millia
2393 4240 2669 4295 hominum
2734 4241 3002 4294 saturavit
3030 4238 3095 4304 ³⁸,
3150 4249 3200 4294 et
3256 4254 3445 4294 rursus

1865 4344 2069 4401 septem
2118 4332 2346 4402 panibus
2413 4331 2576 4384 millia
2645 4339 2878 4400 quatuor
2909 4332 2976 4385 ³⁷.
3044 4331 3185 4387 Idem
3240 4330 3375 4385 dixit
3432 4348 3447 4385 :

1872 4443 1888 4475 ι
1930 4422 2101 4479 Nemo
2125 4423 2264 4478 tollit
2310 4424 2546 4476 animam
2583 4438 2757 4478 meam
2787 4439 2815 4477 a
2849 4437 2955 4489 me,
2980 4424 3097 4488 sed,
3139 4438 3259 4478 cum
3305 4421 3449 4485 volo,

1864 4527 1985 4567 eam
2044 4523 2291 4583 pono;et
2350 4528 2564 4575 rursus,
2600 4528 2725 4567 cum
2775 4513 2920 4578 volo,
2968 4529 3123 4569 sumo
3176 4528 3293 4567 eam
3326 4512 3392 4566 ³⁸.
3426 4530 3447 4563 ι

1864 4604 2055 4659 Nullus
2104 4616 2282 4659 autem
2339 4604 2443 4660 hoc
2486 4619 2649 4675 agere
2703 4614 2883 4676 potest
2923 4607 3105 4670 homo,
3156 4606 3260 4660 nisi
3311 4620 3451 4660 unus

1861 4694 2133 4748 Christus.

1935 4783 2136 4839 NEST.
2188 4785 2285 4841 Ais
2330 4786 2526 4841 Filium
2557 4802 2777 4858 passum
2820 4785 3213 4842 esseiPassus
3268 4785 3451 4852 itaque

1859 4875 2020 4928 etiam
2048 4873 2208 4929 Pater
2241 4884 2345 4930 est.
2372 4876 2523 4941 Quod
2548 4877 2592 4932 si
2623 4891 2785 4946 negas
2809 4876 3027 4930 Patrem
3049 4890 3169 4929 esse
3187 4886 3442 4942 passum,

1861 4968 2089 5021 diversae
2120 4968 2187 5021 ab
2211 4982 2275 5023 eo
2300 4968 2619 5023 substantiae
2658 4967 2855 5022 Filium
2888 4980 3011 5021 esse
3041 4966 3264 5022 asseris.

1929 5060 2089 5115 CYR.
2124 5058 2312 5129 Neque
2354 5059 2570 5115 Patrem
2603 5059 2914 5129 passibilem
2947 5059 3096 5125 dico,
3129 5072 3308 5129 neque
3352 5053 3447 5116 Fi-

1853 5151 1982 5205 lium
2012 5151 2396 5222 impassibilem
2425 5169 2438 5205 :
2476 5152 2571 5207 sed
2595 5150 2943 5221 impassibilis
2982 5162 3067 5208 est
3082 5151 3279 5219 deitas,
3314 5152 3443 5224 quia

1853 5242 2210 5314 incorporea;
2248 5243 2520 5312 passibilis
2564 5258 2692 5299 vero
2739 5240 3002 5298 Dominus
3052 5252 3278 5314 propter
3320 5256 3444 5297 car-

1851 5349 1995 5389 nem.

1916 5424 2118 5480 NEST.
2151 5427 2263 5497 Ego
2290 5442 2396 5483 non
2421 5428 2507 5483 aio
2533 5426 2771 5484 Verbum
2800 5427 3006 5485 factum
3047 5442 3169 5484 esse
3189 5440 3433 5491 carnem,

1848 5531 2024 5587 neque
2079 5532 2344 5587 passum;
2378 5528 2464 5575 est
2516 5519 2658 5574 enim
2720 5518 3078 5589 impassibilis
3125 5517 3340 5581 deitas;
3381 5526 3436 5571 et

246 4782 443 4840 ΝΕΣΤ.
488 4786 686 4857 Λέγεις
718 4788 799 4841 ὅτι
850 4789 1051 4845 ἔπαθεν
1098 4794 1127 4846 6
1164 4793 1291 4855 Υἱός
1318 4810 1332 4859 ;
1364 4795 1606 4849 Ἔπαθεν
1661 4795 1754 4849 οὖν

180 4874 267 4927 καὶ
291 4878 318 4928 6
346 4877 540 4955 Πατήρ
560 4893 573 4908 ·
612 4881 663 4932 εἰ
687 4879 743 4933 δὲ
767 4880 946 4949 λέγεις
987 4884 1069 4936 ὅτι
1097 4886 1125 4937 6
1155 4885 1345 4957 Πατὴρ
1382 4887 1483 4941 οὐκ
1528 4886 1751 4955 ἔπαθεν,

182 4967 507 5038 ὲτεροούσιον
536 4971 702 5025 αὑτοῦ
733 4974 1040 5044 πεποίηκας
1061 4976 1152 5030 τὸν
1178 4978 1327 5033 Υίόν.

242 5057 398 5113 ΚΥΡ.
442 5059 583 5113 Οῠτε
632 5061 725 5115 τὸν
758 5063 979 5136 Πατέρα
1019 5066 1164 5136 λέγω
1195 5069 1459 5141 παθητὸν,
1499 5071 1622 5125 οὔτε
1654 5073 1746 5128 τὸν

182 5145 298 5202 Υἱὸν
325 5151 510 5223 ἀπαθῆ
536 5169 551 5183 ⁶
578 5153 695 5207 ἀλλ’
712 5157 920 5220 ἀπαθὲς
945 5159 1045 5228 μὲν
1076 5160 1136 5213 τὸ
1162 5161 1338 5227 Θεῖον,
1363 5164 1447 5217 ὃτι
1476 5165 1573 5218 καὶ
1595 5165 1745 5219 ἀσώ-

185 5255 339 5306 ματον
363 5259 377 5273 ο
403 5242 651 5314 παθητὸς
679 5244 736 5297 δὲ
765 5246 794 5298 6
823 5244 1027 5317 Κύριος
1060 5246 1148 5302 διὰ
1172 5249 1271 5320 τὴν
1305 5252 1502 5324 σάρκα.

242 5415 433 5474 ΝΕΣΤ.
482 5420 623 5489 Ἐγὼ
650 5422 708 5476 οὐ
745 5423 887 5492 λέγω
908 5424 1000 5479 τὸν
1018 5426 1190 5495 Λόγον
1216 5427 1403 5498 ,σάρκα
1429 5429 1742 5500 γενόμενον,

180 5504 290 5558 οὐδὲ
316 5510 558 5566 παθόντα
583 5532 597 5543 ·
629 5514 842 5580 ἀπαθὲς
868 5516 977 5587 γὰρ
999 5517 1060 5571 τὸ
1084 5517 1258 5586 Θείον,
1280 5520 1373 5573 καὶ
1398 5519 1587 5574 παθῶν
1609 5522 1743 5575 ἀνώ-

244 5710 283 5740 "
312 5710 465 5768 Joau.
491 5717 718 5797 vh57.“
764 5721 806 5797 ξθ
834 5720 985 5777 Joan.
1017 5740 1088 5797 vi,
1124 5726 1209 5781 59.
1293 5728 1335 5759 3°
1368 5728 1468 5783 lsa.
1498 5745 1684 5789 XLVI".
1722 5728 1766 5784 ll

1882 5730 1923 5762 ³¹
1965 5729 2067 5785 lsa.
2096 5747 2205 5795 ιιι.
2241 5732 2260 5786 1
2308 5751 2319 5797 ;
2354 5732 2483 5786 Luc.
2523 5749 2593 5795 tv,
2647 5734 2728 5789 l8.
2825 5735 2866 5767 ³³
2895 5731 3039 5790 Psal.
3080 5743 3224 5791 XLIV.
3260 5726 3354 5797 93:
3383 5726 3431 5761 ³³

182 5776 329 5839 lare.
369 5799 483 5853 “ll,
518 5787 606 5842 δί.
686 5790 727 5820 ³ἰ
757 5788 913 5849 Jouu.
946 5776 997 5863 is,
1031 5776 1118 5851 ὅθ.
1276 5776 1468 5855 Μίιῖιίιξ

1872 5776 2125 5865 νιετὲῖᾭῇ
2146 5776 2215 5859 ’ᾖ
2233 5776 2260 5857 .’
2308 5776 2593 5860 sitiant:
2612 5776 2825 5868 κνῖσα
2895 5776 3164 5858 ’δῗιὸεῖιῖζ
3186 5776 3382 5862 lifts.
