4088 6496
185 368 283 424 257

186 483 380 536 τούτων
436 483 673 546 εὐκόλως
730 486 998 556 τιμωρίαν
1059 486 1419 557 ἐκφύγωμεν·

182 568 337 645 ἦττον
366 573 461 627 καὶ
514 573 673 627 τοῦτο
714 576 850 645 πρὸς
900 580 1010 639 τοῖς
1063 576 1242 638 ἄλλοις
1293 578 1641 649 προείρηκεν,
1690 580 1764 641 ᾡς

183 668 390 719 ἔσονται
436 664 820 738 ψευδόχριστοι
866 669 960 721 καὶ
1008 668 1520 737 ψευδοδιδάσκαλοι,
1573 670 1765 733 οἵτινες

186 758 606 828 παρεισάξουσιν
653 758 898 827 αἱρέσεις
938 760 1234 825 ἀπωλείας,
1277 762 1439 815 αὑτὸν
1475 763 1567 815 τὸν
1608 763 1765 831 μόνον

186 850 455 919 Δεσπότην
485 848 584 902 καὶ
617 848 824 919 Κύριον
851 852 1011 919 ἡμῶν
1061 851 1267 920 Ἰησοῦν
1296 854 1530 924 Χριστὸν
1569 853 1763 924 ἀρνού-

189 956 371 1010 μενοι·
434 939 533 991 καὶ
590 940 775 992 πολλοὶ
832 938 1359 1011 ἐξακολουθήσουσιν
1418 944 1596 996 αὐτῶν
1648 946 1765 1005 ταῖς

185 1030 507 1099 ἀσελγείαις,
563 1031 631 1083 δι’
682 1032 778 1096 οὒς
826 1034 1021 1104 ἡδόξα
1073 1035 1172 1105 τῆς
1230 1035 1487 1105 ἀληθείας
1530 1036 1769 1105 βλασφη-

190 1122 543 1192 μισθήσεται’
601 1123 686 1175 ἵνα
739 1125 946 1176 τούτων
992 1127 1451 1195 παραγενομένων
1502 1126 1765 1195 μηδαμῶς

186 1211 549 1283 ἀπατώμεθα,
621 1216 734 1276 τοῖς
799 1214 1067 1286 ὀλεθρίοις
1123 1215 1300 1268 αὐτῶν
1371 1217 1767 1280 ὑποπίπτοντες

186 1302 449 1372 δόγμασιν.

252 1391 315 1462 β’.
368 1390 743 1462 Πεπλήρωται
792 1391 849 1449 δὲ
906 1391 1009 1461 τῆς
1068 1394 1422 1465 προρρήσεως
1465 1393 1526 1445 τὸ
1571 1393 1763 1465 ἔργον·

190 1481 367 1535 πολλαὶ
403 1481 514 1552 γὰρ
566 1482 710 1535 κατά
756 1482 948 1554 καιρὸν
1000 1484 1374 1553 ἐπανέστησαν
1411 1483 1651 1555 αἱρέσεις
1697 1486 1763 1555 τῇ

189 1574 271 1629 τοῦ
321 1574 453 1628 Θεοῦ
517 1574 841 1645 Ἐκκλησία,
885 1576 984 1646 τὴν
1037 1576 1203 1647 ὀρθὴν
1246 1577 1547 1649 παραλύειν
1602 1576 1765 1630 πολυ-

186 1666 388 1735 τρόπως
429 1664 754 1737 βιαζόμεναι
790 1666 992 1732 πίστιν,
1033 1663 1107 1721 ὧν
1148 1669 1182 1738 ἡ
1228 1669 1330 1737 μὲν
1360 1669 1452 1720 τὸν
1487 1667 1582 1720 τοῦ
1628 1668 1763 1721 Θεοῦ

189 1761 345 1828 Λόγον
375 1758 523 1825 ξένον
558 1757 910 1813 παντάπασιν
940 1760 1038 1828 τῆς
1074 1762 1330 1832 πατρῴας
1366 1762 1553 1823 οὐσίας
1585 1760 1762 1827 λέγειν

188 1849 527 1919 τετόλμηκεν,
551 1851 585 1918 ἡ
615 1848 673 1901 δέ
707 1848 797 1901 τοῦ
831 1848 1147 1918 Πνεύματος
1164 1850 1259 1920 τὴν
1288 1850 1443 1915 ἀξίαν
1471 1849 1758 1919 ἠγνόηκεν,

188 1943 220 2010 η
256 1940 309 1992 δέ
348 1940 445 2008 τῆς
481 1937 778 2008 ἐπιδημίας
818 1938 912 1991 τοῦ
957 1940 1132 2007 Λόγου
1182 1940 1459 2010 ἠρνήσατο
1498 1938 1594 2009 τὴν
1630 1938 1761 2006 ἀλή-

190 2031 357 2083 θειαν·
419 2030 626 2101 ἐσχάτη
686 2028 743 2082 δὲ
807 2028 998 2083 πασῶν
1038 2030 1295 2101 καθάπερ
1351 2030 1583 2101 τρυγίας
1615 2028 1757 2101 [c0d.

189 2124 229 2174 Α
262 2121 513 2193 τρυγίος,
558 2118 601 2173 Β
638 2118 881 2191 τρυγία]
930 2120 1036 2173 τῶν
1082 2121 1306 2185 κακῶν,
1348 2123 1380 2192 ἡ
1424 2119 1519 2173 νῦν
1555 2120 1760 2173 ἀναπέ-

191 2230 373 2281 ᾳανται
441 2212 807 2283 βλασφημία,
890 2212 965 2284 μὴ
1038 2213 1365 2283 γεγενῆσθαι
1428 2213 1520 2266 τόν
1588 2213 1760 2282 Λόγον

191 2302 495 2373 ἄνθρωπον,
544 2302 664 2354 ἀλλ’
730 2302 787 2355 ἐν
858 2302 1132 2373 ἀνθρώπῳ
1185 2303 1500 2371 γεννηθέντι
1548 2306 1610 2357 ἐκ
1660 2320 1759 2371 γυ-

193 2394 361 2457 ναικὸς
417 2395 756 2463 ἐνῳκηκέναι
821 2392 1087 2461 λέγουσα·
1158 2394 1233 2455 ώς
1290 2393 1473 2446 λοιπὸν
1537 2395 1616 2455 είς
1669 2394 1761 2447 δύο

193 2483 273 2536 τὸν
330 2484 423 2536 ἐνα
491 2483 730 2554 Χριστὸν
791 2483 880 2536 διὰ
936 2482 1096 2541 τοῦτο
1162 2484 1501 2553 μερίζεσθαι,
1567 2487 1646 2548 είς
1700 2505 1759 2539 τε

193 2574 329 2638 Θεὸν,
368 2572 531 2645 φημὶ,
573 2574 668 2628 καὶ
695 2572 981 2645 ἄνθρωπον
1008 2591 1021 2604 ·
1060 2572 1175 2626 ἔστι
1211 2574 1267 2626 δὲ
1307 2571 1462 2627 τοῦτο
1496 2575 1596 2644 τῆς
1628 2578 1762 2630 ἀπο-

192 2664 425 2733 στολικῆς
453 2664 810 2726 διδασκαλίας
840 2664 1147 2735 ἀλλότριον,
1183 2664 1509 2736 δαιμονικῆς
1540 2666 1595 2719 δὲ
1624 2667 1761 2735 μᾶλ-

191 2757 271 2809 λον
303 2757 538 2819 ἐπινοίας
567 2756 863 2827 ἐφεύρεσις
885 2774 897 2785 '
942 2757 1229 2826 ἄνθρωπον
1273 2756 1371 2826 μὲν
1398 2758 1507 2827 γὰρ
1550 2759 1638 2811 τὸν
1667 2758 1759 2812 τοῦ

191 2846 313 2901 Θεοῦ
343 2848 509 2914 Λόγον
555 2849 653 2900 ἐπὶ
695 2848 976 2919 συντελείᾳ
1016 2848 1124 2900 τῶν
1174 2850 1387 2902 αίώνων
1419 2850 1705 2920 γενόμενον
1733 2855 1762 2906 6

192 2939 322 3001 θεῖος
360 2941 489 3009 ἡμῖν
532 2940 951 3007 εὐαγγελίζεται
990 2940 1166 3007 λόγος,
1217 2940 1317 2993 οὐκ
1364 2943 1443 3002 είς
1474 2942 1759 3011 ἀνθρώπου

196 3030 555 3095 μεταϐαλόντα
596 3029 778 3099 φύσιν,
814 3030 949 3083 ἀλλά
987 3030 1189 3100 ταύτην
1234 3032 1312 3092 είς
1364 3030 1557 3083 ἐαυτὸν
1591 3049 1760 3101 προσ-

194 3119 473 3191 λαϐόμενον
492 3137 506 3151 ·
537 3120 810 3193 ἄτρεπτος
833 3121 942 3192 γὰρ
971 3120 1207 3190 ὑπάρχει
1246 3120 1340 3173 καὶ
1368 3120 1725 3185 ἀναλλοίωτος
1744 3140 1755 3151 ·

195 3210 238 3263 εί
262 3211 337 3276 δέ,
365 3211 616 3283 καθάπερ
660 3211 857 3265 ἐκεῖνοί
894 3228 1078 3280 φασιν,
1126 3214 1205 3274 είς
1238 3211 1528 3281 ἄνθρωπον
1564 3214 1626 3265 ἐκ
1664 3230 1760 3281 γυ-

196 3303 365 3367 ναικὸς
396 3304 657 3375 τεχθέντα
695 3306 728 3373 ἡ
773 3302 893 3356 θεία
929 3302 1152 3371 γέγονεν
1188 3304 1556 3371 ἐπιφοίτησις,
1602 3303 1763 3356 τοῦτο

196 3394 280 3445 καὶ
298 3394 354 3445 ἐν
377 3397 485 3457 τοῖς
517 3394 831 3464 προφήταις
860 3395 1023 3446 πᾶσιν
1052 3393 1259 3460 ἐγίνετο
1282 3408 1297 3423 ο
1322 3392 1428 3445 ἔδει
1453 3394 1761 3464 τοιγαροῦν,

200 3483 336 3553 ιῐπερ
377 3482 548 3547 οὕτως
594 3485 834 3551 ἐγένετο,
885 3485 1305 3554 μεμερισμένως
1344 3484 1574 3537 ἑκάστου
1616 3487 1763 3555 παρά

198 3576 262 3643 τῇ
294 3573 406 3645 θείᾳ
437 3575 633 3646 Γραφῇ
660 3575 757 3637 τὰς
796 3575 1086 3646 ὁμολογίας
1119 3575 1507 3645 εὑρίσκεσθαι·
1542 3576 1636 3628 καὶ
1669 3578 1762 3629 τὸν

1283 362 1473 434 QUOD
1518 368 1579 426 Β.
1624 366 1838 423 ΜΑιιιΑ
1882 356 1989 422 Str
2030 370 2348 426 unum.

3336 373 3440 425 253

1506 488 1658 542 οὐδὲν
1713 490 1767 542 δὲ
1801 492 2315 565 Apseudochristos
2370 500 2422 544 et
2482 489 2993 558 pseudomagistros,
3054 490 3143 556 qui
3202 484 3440 545 liazreses

1868 583 2125 637 exitiosas
2162 583 2440 648 invehent,
2482 583 2652 650 ipsum
2689 581 2905 635 unicum
2946 594 3121 647 regem
3154 597 3215 634 ac
3257 582 3439 635 Domi-

1868 693 1994 730 num
2027 686 2265 731 nostrum
2296 676 2477 730 Jesum
2510 675 2783 730 Christum
2817 684 3101 742 negantes;
3137 674 3439 743 multosque

1868 767 1982 821 fore
2003 768 2193 820 horum
2219 766 2595 835 improbitates
2615 773 2999 825 assectaturos.
3025 776 3249 830 quorum
3278 778 3439 821 causa

1866 860 2112 913 veritatis
2158 861 2321 929 gloria
2365 860 2668 914 convicium
2718 857 2973 926 patietur.
3018 854 3295 920 Prmdixit,
3354 855 3440 908 in-

1866 965 2058 1019 quam.
2108 965 2176 1003 ne
2209 965 2329 1003 cum
2362 950 2414 1003 hi
2447 948 2877 1016 snpervenerint,
2910 947 3098 1000 fraude
3138 948 3442 1000 circumve-

1869 1042 2103 1105 niamur,
2136 1042 2361 1107 perditis
2400 1041 2641 1109 ipsorum
2690 1039 3032 1108 dogmatibus
3067 1049 3280 1092 nosmet
3311 1037 3441 1093 sub-

1868 1131 2165 1186 mittentes.

1936 1394 1990 1447 2.
2036 1393 2361 1446 Vnticinium
2403 1402 2581 1447 autem
2626 1393 2678 1445 in
2714 1406 2825 1445 rem
2860 1390 3109 1445 collatum
3134 1400 3237 1445 est.
3268 1389 3443 1445 Multa

1866 1486 2009 1539 enim
2040 1501 2134 1552 per
2170 1494 2409 1552 tempora
2439 1490 2639 1537 exorta:
2670 1491 2790 1535 sunt
2838 1483 3069 1535 bmreses
3110 1481 3163 1535 in
3203 1481 3441 1543 Ecclesia

1867 1576 1984 1639 Dei,
2030 1587 2232 1631 rectam
2275 1575 2566 1628 dissolvere
2610 1574 2766 1628 {idem
2807 1574 3157 1627 multifariam
3193 1584 3438 1638 conataa;

1866 1682 2093 1735 quarum
2124 1665 2226 1717 alia
2272 1664 2363 1718 Dei
2419 1663 2650 1718 Verbum
2690 1665 2923 1717 alienum
2964 1680 3186 1731 prorsus
3219 1676 3441 1734 paterna

1870 1757 2169 1810 subsmntia
2200 1756 2377 1809 dicere
2407 1769 2535 1806 ausa
2564 1764 2674 1821 est;
2717 1754 2817 1806 alia
2852 1753 3085 1821 Spiritus
3125 1753 3439 1820 dignitatem

1796 1832 1835 1885 Β
1867 1863 1967 1900 non
1994 1848 2237 1916 agnovit;
2270 1846 2371 1899 alia
2400 1844 2560 1898 Verbi
2591 1845 2853 1899 adventus
2874 1844 3155 1898 veritatem
3186 1844 3439 1913 negavit:

1864 1948 2154 2007 postrema,
2188 1937 2429 1989 omnium
2460 1934 2622 1988 veluti
2656 1936 2916 1989 malorum
2956 1937 3191 1998 sentina,
3227 1935 3442 1988 hodier-

1864 2043 1930 2080 na
1964 2029 2210 2096 apparuit
2243 2027 2597 2096 bIaSpbemia,
2634 2042 2753 2097 qua:
2786 2027 2859 2080 ait
2911 2025 3147 2080 Verbum
3187 2042 3289 2078 non
3320 2039 3440 2081 esse

1863 2119 2131 2174 hominem
2164 2120 2383 2181 factum,
2431 2120 2523 2173 sed
2555 2124 2606 2173 lu
2645 2119 2864 2173 homine
2892 2132 2957 2171 ex
3003 2116 3225 2171 muliere
3258 2117 3438 2185 genito

1862 2209 2191 2265 habitavisse
2247 2227 2261 2262 :
2318 2210 2460 2263 unde
2510 2209 2860 2277 consequitur
2912 2208 2966 2263 in
3026 2207 3160 2260 duos
3218 2206 3439 2259 unicum

1862 2302 2134 2355 Christum
2170 2302 2373 2356 idcirco
2407 2302 2593 2366 dividi,
2628 2300 2679 2353 in
2716 2300 2880 2353 Deum
2919 2300 3037 2352 dico
3070 2308 3231 2367 atque
3265 2296 3440 2367 homi-

1864 2406 2008 2446 nem.
2044 2392 2145 2467 Est
2169 2403 2343 2446 autem
2376 2395 2474 2446 hoc
2499 2392 2566 2445 ab
2590 2391 2879 2459 apostolica
2907 2390 3150 2443 doctrina
3180 2388 3435 2452 alienum.

1863 2490 1917 2536 et
1947 2481 2197 2536 diabolici
2224 2482 2401 2551 potius
2431 2480 2630 2550 ingenii
2662 2481 2957 2533 inventum.
3002 2477 3242 2547 Namque
3263 2477 3440 2531 homio

1863 2589 1986 2628 nem
2023 2574 2224 2627 factum
2254 2588 2373 2627 esse
2401 2570 2749 2626 DeiVerhnm
2783 2572 2834 2624 in
2861 2570 2965 2624 ﬁne
2990 2570 3330 2634 saeculorum,
3363 2568 3442 2622 di-

1862 2667 2019 2720 vinus
2051 2667 2204 2721 nobis
2237 2682 2416 2720 sermo
2456 2666 2667 2718 nuntiat
2697 2664 2765 2730 ⁸³,
2800 2679 2906 2716 non
2941 2678 3069 2718 sane
3106 2662 3250 2731 quod
3297 2676 3356 2715 se
3387 2659 3442 2714 in

1863 2759 2097 2813 hominis
2132 2770 2378 2811 naturam
2413 2757 2726 2821 mutaverit,
2758 2758 2849 2810 sed
2876 2758 3002 2825 quia
3049 2756 3188 2809 hanc
3221 2753 3321 2807 sibi
3353 2768 3442 2805 as-

1862 2850 2155 2915 sumpscrit
2183 2865 2197 2901 :
2226 2857 2307 2902 est
2336 2849 2479 2902 enim
2528 2846 2762 2901 Verbum
2805 2845 3109 2899 invertibile
3149 2851 3310 2912 atque
3338 2843 3445 2896 im-

1864 2939 2140 2992 mutabile.
2168 2938 2319 3004 Quod
2354 2939 2418 3004 si,
2459 2946 2516 2992 ut
2542 2939 2627 2992 isti
2667 2940 2837 3000 aiunt,
2874 2937 3078 2991 homini
3116 2952 3183 2991 ex
3222 2935 3446 2989 muliere

1864 3040 2017 3100 parto
2047 3030 2189 3083 Deus
2210 3028 2546 3097 supervenit,
2582 3029 2720 3081 idem
2757 3030 2859 3082 hoc
2887 3031 3097 3082 cunctis
3139 3041 3291 3095 atque
3325 3039 3448 3095 pro-

1788 3155 1831 3212 ϐ
1865 3124 2042 3192 phetis
2080 3122 2280 3175 accidit
2322 3139 2333 3174 :
2372 3134 2700 3189 prorsnsque
2734 3129 3028 3189 oporteret,
3074 3122 3117 3173 si
3155 3132 3240 3171 res
3271 3117 3345 3170 ita
3390 3126 3448 3170 se

1868 3214 2115 3277 haberet,
2148 3227 2389 3267 seorsum
2424 3212 2846 3280 uniuscujusque
2874 3213 2925 3264 in
2954 3211 3134 3264 divina
3167 3206 3447 3277 Scriptura

1869 3305 2239 3359 confessiones
2269 3304 2555 3372 comperiri
2581 3320 2594 3367 ;
2639 3313 2693 3358 et
2721 3303 2953 3356 alterum
2983 3301 3202 3371 quidem
3246 3299 3446 3370 sigilla-

1872 3396 1966 3448 tim
2014 3410 2109 3463 per
2140 3395 2379 3461 seipsum
2414 3408 2511 3446 ceu
2553 3392 2645 3446 Dei
2689 3392 2923 3446 Verbum
2966 3388 3276 3455 decantari;
3318 3388 3426 3439 alte

1871 3501 1989 3539 rum
2011 3499 2141 3538 vero
2166 3498 2260 3537 ceu
2285 3483 2588 3543 hominem,
2612 3491 2665 3536 et
2698 3497 2763 3537 ex
2794 3491 2981 3535 nostro
3011 3494 3235 3534 numero
3260 3493 3449 3543 unum,

1872 3578 2049 3633 verbis
2081 3590 2199 3646 qua:
2224 3576 2497 3629 hominem
2530 3574 2743 3637 decent,
2776 3573 3098 3643 gloriﬁcare.

203 3668 291 3739 μὲν
338 3668 437 3739 ἰδία
468 3670 591 3723 καθ’
640 3671 828 3724 ἐαυτὸν
883 3671 957 3735 ώς
1004 3671 1136 3724 Θεοῦ
1172 3672 1347 3740 Λόγον
1396 3673 1769 3742 ἀνυμνεῖσθαι,
1812 3677 1902 3730 τὸν
1946 3676 2001 3728 δὲ
2066 3674 2139 3738 ὡς
2200 3671 2618 3741 ἄνθρωπονριαὶ
2666 3671 2762 3723 ἕνα
2808 3671 2915 3724 τῶν
2970 3671 3092 3724 καθ’
3142 3671 3289 3743 ἡμᾶς
3340 3672 3449 3734 τοῖς

198 3758 447 3830 ἀνθρώπῳ
480 3761 755 3832 πρέπουσι
792 3761 1109 3825 δοξάζεσθαι
1136 3762 1334 3831 λόγοις.

263 3858 327 3922 γ’.
379 3854 509 3908 Ἀλλ’
570 3856 673 3925 οὐχ
700 3854 868 3918 οὕτως
890 3857 1021 3924 ἡμῖν
1045 3857 1091 3907 οί
1118 3855 1404 3908 ἀπόστολοι
1430 3857 1527 3925 τὴν
1555 3858 1768 3911 εὐθεῖαν

200 3944 499 4013 εὐαγγελίας)
552 3945 852 4015 ἐκήρυξαν,
890 3945 1004 3998 ἀλλ’
1041 3942 1138 3998 ἕνα
1180 3946 1417 4016 Χριστὸν
1446 3947 1579 4000 Θεὸν
1631 3949 1765 4019 ὁμοῦ

200 4037 285 4089 καὶ
316 4035 593 4107 ἄνθρωπον
634 4037 727 4088 τὸν
759 4036 921 4089 αὑτὸν
954 4036 1372 4106 παραδεδώκασι
1400 4055 1411 4066 ·
1469 4040 1561 4093 καὶ
1607 4040 1764 4094 τοῦτο

204 4125 372 4194 σαφῶς
411 4130 437 4180 ό
469 4128 570 4197 μὲν
605 4126 854 4194 θεολόγος
886 4126 1137 4198 Ἰωάννης
1165 4131 1222 4180 ἐν
1250 4129 1599 4197 Εὑαγγελίοις
1626 4132 1765 4185 8162':-

204 4229 310 4269 σκει
332 4216 497 4285 λέγων
518 4233 531 4247 ·
570 4237 588 4269 ι
623 4218 711 4270 Ἐν
757 4219 899 4289 ἀρχῇ
930 4213 997 4289 ἦν
1024 4221 1052 4271 6
1079 4219 1271 4287 Λόγος,
1304 4222 1398 4272 καὶ
1431 4223 1459 4274 6
1498 4222 1671 4291 Λόγος
1695 4219 1761 4293 ἦν

204 4307 325 4376 πρὸς
358 4310 443 4362 τὸν
489 4310 627 4362 Θεὸν
650 4352 665 4375 ,
714 4310 809 4363 καὶ
845 4310 977 4372 Θεὸς
1025 4305 1094 4380 ἦν
1124 4313 1151 4362 6
1189 4312 1393 4378 Λόγος”
1428 4331 1447 4364 ι
1498 4308 1596 4366 εἷθ’
1637 4314 1762 4385 ἑξῆς

203 4398 403 4467 ἐπάγων
422 4418 435 4431 ·
478 4421 493 4451 ι
515 4402 629 4454 Καὶ
652 4403 680 4454 ό
700 4401 874 4469 Λόγος
897 4402 1033 4471 σὰρξ
1063 4402 1298 4469 ἐγένετο,
1340 4405 1432 4456 καὶ
1455 4405 1761 4477 ἐσκήνωσεν

1947 3853 1999 3906 5.
2043 3850 2204 3918 Atqui
2247 3863 2351 3903 non
2398 3847 2469 3901 ita
2508 3847 2660 3900 nobis
2700 3856 2899 3900 rectam
2952 3849 3313 3917 praadicavere
3358 3856 3443 3911 do.

1873 3946 2105 4000 ctrinam
2155 3920 2406 4010 apostoli,
2453 3940 2547 3992 sed
2594 3952 2758 3989 unum
2788 3939 3145 4006 eumdemque
3176 3942 3448 3999 Christum

1870 4034 2036 4088 Deum
2080 4031 2240 4085 simul
2286 4040 2341 4083 et
2389 4027 2664 4081 hominem
2701 4040 2822 4079 esse
2860 4027 3200 4082 tradiderunt
3245 4032 3449 4102 :idque

1870 4138 2053 4196 aperte
2073 4125 2351 4192 theologus
2371 4119 2608 4174 Joannes
2632 4120 2684 4171 in
2704 4117 3006 4188 Evangeliis
3030 4119 3204 4188 docet,
3223 4122 3409 4179 dicens
3434 4143 3448 4180 ε

1875 4237 1893 4270 ι
1924 4215 1979 4269 1η
2009 4216 2275 4287 principio
2313 4211 2502 4283 1446
2531 4220 2649 4265 erat
2682 4207 2938 4274 Verbum,
2972 4220 3027 4265 et
3067 4209 3301 4267 Verbum
3334 4227 3449 4269 erat

1869 4310 2009 4377 apud
2063 4306 2253 4373 Deum,
2306 4316 2361 4359 et
2400 4305 2541 4357 Deus
2596 4311 2712 4356 erat
2772 4300 3003 4356 Verbum
3050 4303 3115 4359 “.
3160 4324 3177 4356 ι
3253 4307 3450 4362 Deinde

1869 4402 2072 4455 addens
2128 4416 2191 4452 τι
2223 4397 2288 4451 Et
2315 4395 2551 4450 Verbum
2601 4408 2729 4447 caro
2786 4393 2983 4447 factum
3034 4403 3136 4458 est,
3189 4404 3241 4450 et
3292 4398 3450 4453 habi-

201 4487 254 4539 ἐν
273 4488 413 4558 ἡμῖν.
444 4510 462 4541 ι
494 4493 638 4561 ea:
670 4491 961 4562 ίεροκήρυξ
984 4492 1192 4556 Παῦλος
1223 4493 1495 4563 Ἑϐραίοις
1524 4498 1761 4551 ἐπιστέλ-

1878 4494 2007 4546 tavlt
2062 4492 2113 4545 in
2162 4490 2386 4543 nobis.)
2432 4486 2600 4540 Sacer
2653 4500 2867 4554 quoque
2916 4500 3094 4552 praeco
3141 4486 3341 4543 Paulus
3395 4490 3448 4544 in

203 4575 274 4631 λιι
310 4579 517 4648 λέγων’
594 4601 614 4633 ‹
650 4584 803 4635 Ἐπεὶ
845 4580 939 4636 οὖν
990 4584 1059 4636 τὰ
1119 4586 1307 4637 παιδία
1369 4587 1761 4659 κεκοινώνηκεν

202 4669 414 4740 αἵματος
439 4676 531 4728 καὶ
567 4675 771 4743 σαρκὸς
800 4715 815 4739 ,
864 4677 958 4728 καὶ
989 4676 1150 4739 αὐτὸς
1183 4678 1582 4748 παραπλησίως
1631 4697 1761 4748 μετ-

204 4761 317 4834 έσχε
366 4765 472 4817 τῶν
534 4765 737 4819 αὐτῶν.
768 4784 786 4816 ι
852 4766 1096 4828 Ἀκούεις
1146 4767 1293 4830 ὅπως
1346 4769 1374 4818 6
1434 4768 1530 4837 μὲν
1583 4771 1760 4840 σάρκα

204 4855 507 4925 γεγενῆσθαι
539 4856 632 4909 τὸν
664 4858 857 4924 Λόγον,
891 4858 919 4909 ό
957 4857 1013 4909 δὲ
1046 4858 1207 4910 πάλιν
1236 4859 1394 4911 αὑτὸν
1435 4859 1542 4912 τῶν
1581 4862 1759 4914 αὐτῶν

208 4946 521 5014 μετασχόντα
552 4945 773 5016 εἴρηκεν
802 4964 815 5011 ;
848 4948 910 4999 El
940 4947 995 4999 δὲ
1027 4947 1317 5018 ἄνθρωπος
1353 4949 1450 5018 μὲν
1481 4952 1544 5002 ἐκ
1576 4967 1761 5011 γυναι-

205 5034 288 5096 κὸς
323 5038 349 5087 6
380 5037 585 5107 Ἰησοῦς
618 5037 835 5108 ἐτέχθη,
870 5038 1009 5107 μετά
1056 5038 1111 5091 δὲ
1159 5038 1332 5092 ταῦτα
1380 5042 1414 5109 ἡ
1448 5040 1541 5093 τοῦ
1582 5042 1757 5109 Λόγου

205 5122 404 5191 γέγονεν
430 5126 566 5196 πρὸς
591 5126 755 5179 αὐτὸν
793 5126 1155 5196 ἐπιφοίτησις,
1196 5127 1302 5180 ἔδει
1328 5128 1575 5199 καθάπερ
1610 5129 1759 5198 εἴρη-

206 5228 302 5276 ται,
337 5214 425 5268 δύο
463 5217 557 5269 καὶ
606 5218 786 5285 πάντη
832 5218 1252 5286 μεμερισμένως
1293 5220 1430 5289 πρὸς
1482 5222 1626 5273 ἅπαν
1661 5220 1759 5283 τὰς

205 5302 471 5374 ὁμολογίας
527 5306 918 5376 εὑρίσκεσθαι·
977 5309 1093 5362 νυνὶ
1150 5309 1207 5361 δὲ
1251 5313 1352 5379 τῆς
1398 5310 1755 5365 θεοπνεύστου

206 5394 408 5469 Γραφῆς
448 5400 863 5470 κοινολογούσης
916 5400 986 5455 τά
1030 5418 1091 5453 τε
1135 5404 1203 5471 τῇ
1251 5400 1464 5471 θεότητι
1515 5403 1759 5470 φυσικῶς

203 5486 511 5557 ἀίλμόξοντα,
550 5491 645 5547 καὶ
677 5492 860 5561 τάρῇ
908 5490 1197 5561 ἀνθρώπου
1245 5492 1525 5561 πρέποντα
1572 5489 1774 5561 φύσει(

206 5581 400 5651 καθαρά
424 5583 521 5653 τῆς
548 5581 794 5645 ἐνώσεως
825 5584 859 5651 ἡ
903 5582 1187 5653 οἰκονομία
1218 5582 1554 5653 εὑρίσκεται.
1585 5584 1753 5639 Ὅταν

1870 4584 2106 4655 Epistola
2132 4585 2197 4635 ad
2224 4581 2480 4635 Hebraeos
2504 4577 2690 4631 scribit
2717 4594 2728 4629 :
2760 4593 2777 4626 ι
2802 4574 2935 4642 Quia
2959 4590 3088 4646 ergo
3116 4580 3266 4647 pueri
3298 4581 3449 4635 carni

1868 4686 1921 4731 et
1956 4672 2200 4740 sanguini
2230 4668 2791 4730 communicaverunt,
2838 4674 2892 4719 et
2927 4666 3041 4734 ipse
3081 4668 3331 4723 similiter
3358 4686 3450 4724 ea-

1869 4768 1988 4821 dem
2034 4762 2378 4833 participavit
2406 4759 2471 4811 “.
2517 4778 2534 4810 ι
2576 4756 2772 4811 Audin’
2800 4758 3069 4823 quomodo
3111 4757 3199 4811 ille
3232 4761 3448 4827 quidem

1869 4856 2106 4912 Verbum
2144 4870 2362 4910 carnem
2390 4867 2510 4907 esse
2549 4851 2781 4931 factum,
2812 4849 2900 4903 hic
2939 4858 3118 4903 autem
3155 4851 3330 4906 denuo
3372 4853 3451 4906 ait

1871 4951 2045 5017 ipsum
2084 4950 2197 5002 haec
2230 4946 2418 5002 eadem
2455 4941 2901 5014 participavisse?
2930 4940 3081 5007 Quod
3110 4942 3152 4995 si
3192 4943 3350 4999 homo
3382 4960 3449 5000 ex

1870 5042 2095 5096 muliere
2137 5040 2296 5094 Jesus
2347 5039 2525 5093 editus
2575 5046 2679 5101 est,
2736 5034 2930 5090 deinde
2988 5048 3117 5089 vero
3172 5032 3333 5090 Verbi
3394 5038 3448 5090 in

1875 5134 2050 5205 ipsum
2101 5133 2363 5187 adventus
2408 5130 2654 5201 contigit,
2716 5138 3032 5197 oporteret,
3084 5139 3141 5181 ut
3191 5130 3447 5195 diximus,

1867 5226 2001 5279 duas
2026 5226 2245 5279 omnino
2283 5224 2537 5292 omnique
2563 5223 2615 5276 in
2651 5237 2709 5275 re
2743 5221 3033 5289 separatim
3076 5220 3447 5283 confessiones

1869 5316 2154 5385 comperiri
2196 5334 2210 5371 :
2264 5331 2404 5385 nunc
2444 5322 2667 5377 contra,
2711 5327 2832 5366 cum
2882 5311 3141 5365 divinitus
3187 5312 3452 5380 inspirata

1870 5403 2150 5474 Scriptura
2181 5404 2544 5461 communiter
2580 5401 2895 5471 pronuntiet
2941 5407 3053 5461 tum
3097 5414 3215 5469 qua:
3257 5401 3443 5455 deitati

1867 5498 2188 5552 naturaliter
2232 5496 2582 5560 conveniunt,
2643 5504 2754 5547 tum
2808 5494 2973 5547 etiam
3024 5506 3144 5560 qua:
3206 5491 3444 5545 hominis

1867 5597 2170 5658 congruunt
2200 5596 2430 5655 naturae,
2460 5585 2742 5657 perspicua
2768 5581 3189 5655 deprehenditur
3219 5580 3444 5640 unitatis

272 5758 312 5789 “
335 5758 493 5819 Hebr.
523 5778 596 5829 rx,
624 5762 716 5818 26.
794 5762 839 5794 ⁸⁵
871 5762 1021 5817 Joan.
1059 5779 1096 5827 ι,
1138 5761 1185 5817 l.
1219 5762 1261 5795 “
1292 5762 1421 5819 ibid.
1456 5762 1543 5817 Η.
1624 5763 1670 5797 ⁸⁸
1698 5760 1863 5820 Hebr.
1904 5780 1963 5831 tl,
2002 5765 2085 5823 Η.
