4088 6456
174 407 277 465 261

1275 392 1465 460 QUOD
1502 391 1562 444 Β.
1605 387 1823 445 MARIA
1865 380 1972 443 SIT
1999 373 2333 440 'DEiPA'RA-

3106 376 3427 432 ’.562

174 525 286 597 πρὸ
301 522 578 577 ’τοσούτων
608 517 813 589 γενεῶν
855 518 956 587 τῆς
1000 516 1063 568 ἐκ
1098 512 1376 583 Παρθένου
1405 514 1711 582 γεννήσεως
1734 527 1749 542 ο

1857 524 1976 564 rum
2011 506 2269 562 miracula
2305 512 2381 559 tot
2406 510 2530 557 ante
2556 502 2888 558 nativitatem
2910 516 2975 556 ex
3004 499 3221 572 Virgine
3250 505 3428 559 aetati-

174 615 281 671 ποῦ
306 614 493 668 τοῦτον
512 613 619 683 ἀρα
648 610 770 664 κατ’
804 606 1049 669 ἐκείνους
1073 603 1199 668 τοὺς
1232 603 1454 675 χρόνους
1491 602 1758 672 ὑπάρχειν

174 706 439 761 δώσουσιν
458 720 473 769 ;
498 703 627 756 πότε
643 700 700 754 δὲ
715 700 814 771 τῆς
832 698 1099 767 γενέσεως
1127 695 1228 766 τὴν
1258 694 1431 766 ἀρχὴν
1455 692 1754 763 ὲσχηκότα;

177 794 376 850 Οὐκέτι
404 792 512 862 γὰρ
544 792 730 853 αὐτοῖς
759 789 917 858 λόγος
952 787 1304 857 συγχωρήσει
1334 784 1533 853 λέγειν,
1567 784 1631 836 ἐκ
1658 782 1758 851 τῆς

178 886 513 958 παρθενικῆς
553 883 785 953 προόδου
827 880 928 952 τὴν
959 879 1134 951 ἀρχὴν
1163 876 1257 932 τοῦ
1291 870 1430 931 εἶναι
1472 874 1755 945 εἰληφότα.

178 976 592 1031 Διδασκέτωσαν
614 973 797 1026 τοίνυν
826 973 875 1025 οἱ
898 971 1008 1024 τῶν
1034 968 1221 1023 κακῶν
1250 968 1540 1039 ἐφευρεταὶ
1562 966 1761 1036 δογμά-

177 1083 305 1131 των,
343 1067 474 1119 πότε
496 1066 596 1134 τῆς
618 1063 896 1132 ,γενέσεως
923 1061 1019 1132 τὴν
1045 1061 1220 1131 ἀρχὴν
1242 1076 1395 1121 ουτος
1417 1061 1445 1112 6
1473 1058 1759 1129 ἄνθρωπος

179 1158 447 1229 ἔσχηκεν,
483 1156 585 1209 ποῦ
616 1156 673 1209 δὲ
704 1155 797 1209 καὶ
826 1155 889 1205 ἐν
914 1156 1055 1206 τίσιν
1084 1152 1191 1222 ἄρα
1231 1151 1456 1203 διετέλει
1484 1148 1760 1211 τοσούτοις

179 1247 378 1300 ἐτεσιν.
418 1245 555 1298 Ἀλλ’
588 1245 688 1297 ούκ
722 1243 803 1297 ἔτι
836 1242 1025 1296 τοῦτον
1062 1241 1347 1313 ἄνθρωπον
1377 1239 1515 1292 εἶναι
1557 1239 1664 1291 τῶν
1689 1232 1755 1290 εὖ

180 1338 524 1410 φρονούντων
556 1354 641 1400 τις
673 1338 811 1407 ἐρεῖ,
863 1335 923 1399 ὃς
972 1336 1065 1388 καὶ
1097 1336 1208 1396 τοῖς
1242 1331 1383 1386 κατά
1429 1332 1490 1385 τὸ
1529 1330 1756 1386 παλαιὸν

179 1431 583 1500 ἁμαρτήσασιν,
607 1426 781 1480 καὶτὸ
803 1426 933 1479 ἴδιον
955 1421 1395 1495 ἀπολ[ε]ιποῦσιν
1416 1421 1755 1491 οἰκητήριον,

179 1522 242 1573 ἐκ
274 1520 401 1573 τότε
440 1519 542 1582 τὰς
589 1520 859 1589 τιμωρίας
910 1516 1133 1587 ὥρισεν,
1185 1516 1279 1567 καὶ
1318 1516 1418 1585 τῆς
1446 1513 1757 1580 Αἰγυπτίων

178 1612 358 1682 χειρὸς
410 1610 624 1682 Ἰσραὴλ
656 1610 883 1676 ἐνδόξως
909 1608 1162 1680 ἐρύσατο.
1198 1609 1259 1660 El
1284 1605 1633 1660 τοίνυνκατά
1657 1604 1756 1675 τὴν

179 1702 353 1756 αὐτῶν
384 1702 617 1767 ἔκδοσιν,
648 1701 771 1754 οὔτε
800 1703 828 1753 6
862 1700 993 1763 Θεὸς
1020 1701 1193 1768 Λόγος
1227 1698 1567 1752 ὑπονοεῖσθαι
1597 1697 1756 1751 δύνα-

176 1810 286 1857 ται,
315 1794 407 1848 διὰ
434 1793 495 1845 τὸ
518 1794 606 1846 τὸν
628 1792 697 1844 ἐκ
726 1792 826 1862 τῆς
865 1790 1143 1861 Παρθένου
1182 1789 1443 1860 τεχθέντα
1489 1784 1627 1842 εἶναι
1664 1787 1757 1840 τὸν

1861 602 1964 655 bus
1989 598 2309 669 patravisse,
2341 596 2557 650 ubinam
2576 596 2719 650 hunc
2761 595 3087 664 temporibus
3132 596 3236 651 illis
3263 600 3432 653 exsti-

1862 693 1994 747 tisse
2036 689 2379 745 concedent?
2430 690 2697 742 undenam
2753 699 2929 741 autem
2974 690 3270 744 nativitatis
3322 708 3432 748 suae

1865 782 2131 850 originem
2158 779 2427 835 traxisse?
2451 779 2635 849 Neque
2661 779 2804 834 enim
2836 781 2965 849 ipsis
2993 781 3433 851 ratiopermittet

1859 871 2042 928 dicere
2070 872 2215 924 illum
2239 887 2302 925 ex
2318 862 2556 939 'Virgine
2580 871 2790 926 initium
2809 873 3097 927 exsistendi
3119 875 3429 943 sumpsisse.

1862 963 2251 1019 Demonstrent
2298 957 2500 1033 Iud
2550 962 2731 1031 itaque
2782 978 3070 1031 pravorum
3124 966 3434 1035 dogmatum

1861 1054 2197 1116 inventores,
2221 1053 2364 1108 unde
2398 1063 2549 1109 ortus
2578 1055 2660 1108 sui
2686 1056 3005 1126 principium
3037 1057 3308 1112 hie'homo
3335 1060 3433 1114 ba-

1860 1145 2077 1207 buerit;
2117 1143 2334 1198 ubinam
2381 1140 2642 1213 quibusve
2686 1145 2740 1200 in
2772 1144 2914 1200 locis
2946 1156 3022 1200 tot
3060 1150 3214 1202 annis
3260 1149 3345 1204 hic
3376 1164 3435 1203 se

1860 1235 2213 1290 continuerit.
2260 1234 2366 1289 Sed
2406 1234 2517 1303 jam
2564 1249 2722 1290 nemo
2768 1247 2930 1292 sanus
2954 1237 3107 1292 hunc
3154 1240 3297 1295 dicet
3339 1241 3436 1295 ho-

1860 1327 2082 1393 minem,
2115 1327 2204 1395 qui
2234 1335 2288 1380 et
2327 1326 2453 1380 olim
2500 1328 2848 1396 peccantibus
2892 1345 3156 1399 suumque
3209 1334 3436 1389 domici-

1860 1418 1989 1472 lium
2017 1417 2389 1472 deserentibus
2417 1431 2604 1485 poenas
2625 1418 2945 1483 decreverit,
2977 1431 3029 1474 et
3058 1436 3120 1474 ex
3158 1422 3437 1493 Aﬂgyptio-

1862 1527 1981 1566 rum
2008 1510 2450 1565 tnanu'Israelem
2480 1511 2763 1580 Splendide
2788 1514 3073 1581 eripuerit.
3108 1515 3164 1569 Si
3193 1532 3321 1586 ergo
3350 1533 3436 1574 se-

1861 1602 2093 1658 cundum
2120 1603 2357 1670 ipsorum
2380 1604 2806 1667 concessionem,
2837 1620 3009 1673 neque
3030 1606 3178 1662 Dens
3200 1606 3435 1664 Verbum

1860 1693 2006 1750 credi
2033 1701 2209 1763 potest
2236 1691 2412 1758 Jesus,
2440 1703 2661 1762 propter
2685 1697 2799 1763 ejus
2825 1712 2890 1751 ex
2922 1697 3142 1768 Virgine
3178 1702 3437 1756 nativita-

1863 1796 2005 1851 tem;
2045 1800 2220 1855 neque
2253 1800 2441 1839 rursus
2488 1786 2651 1839 homo
2684 1801 2803 1841 esse
2833 1799 3006 1857 potest
3044 1790 3134 1859 qui
3172 1794 3436 1863 ejusmodi

190 1882 421 1954 Ἰησοῦν,
453 1882 578 1936 οὕτε
603 1882 890 1955 ἄνθρωπος
930 1881 1093 1936 πάλιν
1135 1883 1164 1934 6
1209 1880 1384 1934 ταῦτα
1417 1879 1751 1949 θαυματουρ-

1862 1878 2107 1948 prodigia
2141 1877 2376 1932 ediderit
2407 1877 2644 1947 (etenim
2680 1880 2745 1934 ab
2781 1877 3014 1935 hominis
3052 1892 3242 1937 natura
3268 1896 3327 1939 et
3362 1886 3439 1939 fa-

177 1974 349 2043 γήσας
407 1974 577 2043 (ξένα
626 1972 735 2043 γὰρ
785 1975 885 2044 τῆς
940 1972 1229 2043 ἀνθρώπου
1284 1973 1496 2041 φύσεώς
1546 1989 1606 2024 τε
1662 1972 1755 2024 καὶ

171 2063 457 2135 δυνάμεως
486 2067 555 2119 τὰ
584 2067 957 2139 προειρημένα
990 2065 1366 2135 καθέστηκεν),
1394 2064 1528 2132 ’τίνα
1564 2062 1756 2116 λοιπὸν

178 2156 464 2225 ἐπινοῆσαι
485 2156 674 2210 οὐσίαν
705 2156 881 2227 τούτῳ
906 2156 1001 2210 καὶ
1030 2156 1183 2221 τάξιν
1215 2157 1534 2227 δυνήσονται
1562 2172 1577 2220 ;

246 2249 319 2312 ς’.
365 2248 511 2302 Ἀλλ’
536 2250 698 2319 ἡμεῖς
721 2248 790 2301 τὰ
809 2247 1013 2301 τούτων
1042 2248 1262 2318 ῥήματα
1280 2246 1551 2316 τοσαύτης
1572 2245 1756 2308 ἀνοίας

179 2338 270 2390 καὶ
321 2337 749 2409 παραφροσύνης
784 2338 1019 2409 ὁρῶντες
1070 2336 1266 2408 μεστὰ,
1313 2338 1411 2391 καὶ
1450 2333 1648 2408 οἷάπερ
1696 2339 1753 2389 ἐν

180 2428 363 2494 ὕπνοις
392 2432 490 2483 καὶ
523 2429 663 2501 μέθῃ
690 2430 827 2500 πρὸς
861 2429 1039 2483 αὐτῶν
1071 2429 1361 2501 λεγόμενα,
1408 2428 1618 2493 τούτοις
1654 2429 1754 2500 μὲν

179 2520 316 2575 κατὰ
345 2521 449 2591 τὴν
479 2518 575 2573 τοῦ
610 2521 867 2593 Σωτῆρος
900 2520 1135 2591 ἐροῦμεν
1171 2522 1390 2593 φωνήνο
1426 2539 1444 2572 ι
1468 2521 1752 2575 Πλανᾶσθε

180 2611 254 2683 μὴ
278 2611 483 2675 είδότες
510 2611 610 2674 τὰς
632 2612 874 2684 Γραφάς,
899 2612 1032 2683 μηδὲ
1054 2612 1150 2683 τήν
1172 2612 1400 2683 δύναμιν
1427 2613 1521 2666 τοῦ
1549 2611 1681 2666 Θεοῦ
1701 2630 1747 2665 ἰ

176 2703 255 2757 διὸ
279 2704 341 2774 δὴ
372 2704 649 2775 ἐκνήψατε
680 2704 924 2771 δικαίως,
952 2704 1046 2757 καὶ
1075 2704 1149 2773 μὴ
1184 2705 1549 2775 ἁμαρτάνετε,
1579 2706 1755 2774 ἀγνω-

178 2795 294 2850 σίαν
318 2794 458 2849 Θεοῦ
492 2796 571 2858 είς
594 2794 848 2847 τοσοῦτον
879 2794 1238 2864 νοσήσαντες·
1273 2793 1449 2864 ὀρθῶς
1479 2794 1537 2847 δὲ
1567 2795 1749 2859 πάλιν,

176 2886 268 2942 καὶ
324 2887 401 2950 ὡς
455 2886 882 2959 προαποδὲδοται
923 2885 1024 2955 τῆς
1076 2884 1321 2948 ἑνώσεως
1360 2885 1607 2950 νοοῦντες
1652 2886 1750 2958 τήν

172 2976 348 3044 δόξαν,
380 2976 516 3030 Θεόν
566 2994 627 3029 τε
683 2976 770 3029 ἀεὶ
796 2974 926 3028 ὄντα
980 2974 1198 3042 τοῦτον,
1238 2976 1526 3045 γενόμενον
1556 2976 1611 3029 δὲ
1663 2978 1750 3029 ἐπ’

1858 1968 2063 2025 cultate
2090 1984 2208 2038 quae
2240 1984 2401 2037 supra
2429 1969 2665 2023 diximus
2692 1969 3031 2040 abhorrent),
3050 1975 3259 2042 qualem
3288 1976 3441 2032 deni-

1855 2077 1963 2132 que
1991 2070 2248 2131 poterunt
2279 2061 2437 2129 hujus
2467 2074 2586 2117 esse
2610 2060 2969 2118 substantiam
3000 2075 3055 2121 et
3075 2068 3438 2125 conditionem

1855 2155 2213 2211 existimare?

1913 2246 1981 2301 '6.
2024 2246 2129 2301 Sed
2154 2246 2298 2300 enim
2333 2260 2430 2301 nos
2459 2246 2649 2301 horum
2681 2246 2844 2301 verba
2872 2248 3006 2304 adeo
3031 2250 3311 2307 dementiae
3343 2255 3438 2309 de-

1853 2337 2073 2407 liriique
2120 2339 2277 2408 plena
2325 2348 2633 2405 cernentes,
2670 2354 2734 2393 ac
2777 2340 2941 2395 veluti
2975 2357 3004 2394 a
3046 2342 3440 2399 somniantibus

1854 2428 2193 2497 ebriosisque
2240 2434 2515 2493 eructata,
2560 2428 2646 2482 his
2676 2428 2829 2496 juxta
2875 2430 3186 2485 Servatoris
3218 2430 3438 2485 effatum

1855 2519 2098 2573 dicemus
2124 2536 2136 2571 :
2169 2514 2444 2583 «Erratis,
2465 2518 2774 2574 nescientes
2799 2519 3115 2589 Scripturas
3137 2536 3311 2591 neque
3335 2523 3441 2577 vir-

1857 2616 2023 2663 tutem
2062 2608 2154 2663 Dei
2179 2608 2247 2661 '°.
2284 2627 2302 2660 ι
2341 2609 2466 2664 Ideo
2497 2619 2554 2663 ut
2586 2625 2683 2680 par
2709 2621 2791 2666 est
2828 2612 3095 2668 edormite
3137 2615 3438 2685 crapulam,

1854 2710 1911 2754 et
1940 2699 2106 2754 nolite
2144 2715 2391 2769 peccare,
2429 2710 2573 2755 tanta
2605 2703 2681 2755 rei
2713 2702 2911 2758 divinae
2946 2704 3251 2772 ignorantia
3294 2706 3442 2762 labo-

1855 2800 2056 2846 rantes.
2089 2791 2195 2846 Sed
2232 2800 2378 2846 recte
2421 2792 2624 2860 potius,
2670 2801 2832 2862 atque
2862 2804 2918 2849 ut
2951 2795 3061 2864 jam
3098 2796 3442 2853 demonstra-

1855 2891 1965 2935 tum
2012 2897 2042 2935 a
2093 2883 2248 2936 nobis
2287 2882 2405 2945 fuit,
2450 2882 2795 2938 adnnationis
2842 2884 3070 2952 gloriam
3108 2888 3438 2957 cogitantes,

1853 2974 1994 3027 hunc
2023 2982 2081 3027 et
2119 2973 2287 3028 Deum
2314 2987 2530 3041 semper
2557 2973 2743 3039 fuisse,
2772 2985 2826 3029 et
2856 2985 3131 3044 postremo
3166 2979 3438 3035 hominem

176 3069 418 3139 ἐσχάτων
448 3066 549 3121 καὶ
591 3066 879 3137 ἄνθρωπον
919 3065 1309 3136 ἐπιστάμενοι,
1343 3067 1617 3137 ἀτρέπτου
1656 3069 1750 3121 καὶ

1856 3079 2066 3134 quoque
2112 3064 2313 3119 factum
2363 3075 2762 3134 agnoscentes,
2812 3066 2885 3120 ita
2933 3076 3115 3123 tamen
3166 3079 3224 3124 ut
3273 3070 3442 3139 ipsius

166 3158 535 3214 ηάναλλοιώτου
570 3156 937 3228 φυλαχθείσης
967 3157 1132 3211 αὐτοῦ
1158 3156 1257 3228 τῆς
1286 3157 1561 3228 θεότητος,
1583 3159 1746 3213 αὑτὸν

1856 3156 2232 3212 invertibiliter
2288 3164 2344 3211 et
2410 3158 2818 3213 immutabiliter
2870 3172 3193 3216 conservata
3264 3165 3439 3223 deitas

175 3252 267 3307 καὶ
294 3251 415 3305 τότε
453 3250 555 3320 τῆς
584 3249 643 3316 ἐξ
683 3248 958 3317 Αἰγύπτου
1003 3249 1227 3319 πορείας
1256 3248 1349 3302 τοῦ
1392 3249 1608 3321 Ἰσραὴλ
1638 3250 1750 3303 Σω-

1856 3248 2335 3315 fueritJeumdem
2376 3258 2430 3304 et
2478 3257 2605 3306 tunc
2649 3249 2863 3305 Israelis
2906 3264 2977 3305 ex
3008 3251 3243 3324 )Egypto
3277 3270 3440 3311 exce-

175 3346 312 3416 τῆρα
338 3343 721 3413 πιστεύωμεν·
764 3342 851 3394 ἀεὶ
887 3341 986 3413 μὲν
1013 3340 1108 3395 τοῦ
1140 3342 1351 3413 Πατρὸς
1389 3342 1516 3395 ὄντα
1556 3342 1746 3410 Λόγον,

176 3436 265 3490 καὶ
297 3434 434 3504 φῶς,
465 3435 562 3488 καὶ
585 3434 948 3502 ἀπαύγασμα,
975 3433 1191 3502 καὶτῆς
1225 3432 1558 3503 θεοπρεποῦς
1593 3431 1749 3505 δόξης

176 3525 269 3595 τήν
297 3523 621 3576 δυναστείαν
646 3522 838 3591 ἔχοντα
860 3538 872 3550 ·
908 3519 987 3572 διὸ
1018 3520 1081 3591 δὴ
1113 3520 1209 3574 καὶ
1248 3519 1431 3591 ἔλεγεν
1459 3521 1535 3592 τῷ
1566 3537 1747 3592 μακα-

172 3617 274 3688 ρίῳ
307 3618 519 3685 Μωῦσῇ
543 3633 555 3644 ’
597 3633 613 3665 t
647 3612 788 3682 Ἐγώ
816 3615 929 3683 ειμι
963 3615 990 3666 ὀ
1017 3608 1153 3666 ὤν’»
1194 3615 1308 3679 καὶ,
1349 3634 1367 3666 t
1393 3614 1535 3683 Ἐγὼ
1558 3617 1586 3667 6
1617 3616 1749 3679 Θεὸς

189 3708 454 3781 Ἀϐραὰμ,
478 3707 574 3763 καὶ
593 3706 725 3769 Θεὸς
758 3705 961 3768 Ἰσαὰκ,
988 3705 1073 3758 καὶ
1102 3706 1235 3769 Θεὸς
1272 3706 1468 3760 Ἰακὼὗ
1488 3723 1500 3736 ·
1525 3726 1545 3760 ι
1574 3709 1672 3778 τὴν
1693 3708 1751 3761 δὲ

168 3800 265 3854 ’τοῦ
295 3799 423 3853 Υίοῦ
454 3796 830 3870 προσηγορίαν
868 3782 1249 3867 προσλαϐόντα
1288 3798 1385 3868 μὲν
1417 3798 1504 3851 ὅτε
1529 3798 1750 3867 γέγονεν

178 3892 482 3963 ἄνθρωπος,
515 3891 617 3961 τῆς
645 3890 702 3943 δὲ
732 3889 979 3951 ἐνώσεως
1012 3888 1196 3961 χάριν,
1232 3890 1323 3942 καὶ
1372 3888 1459 3943 διὰ
1488 3889 1548 3943 τὸ
1587 3891 1750 3944 αὐτὸν

176 3982 458 4052 ἄνθρωπον
499 3979 850 4049 γεγενῆσθαι,
872 3977 987 4031 ἀλλ’
1017 3978 1117 4031 οὐκ
1152 3980 1209 4031 ὲν
1252 3977 1520 4049 ἀνθρώπῳ
1547 3980 1751 4050 ἐνῳκη-

176 4074 355 4128 κέναι·
382 4074 481 4127 καὶ
514 4071 584 4125 τὰ
618 4070 762 4135 τότε,
791 4069 887 4123 καὶ
913 4069 983 4122 τά
1030 4068 1125 4123 νῦν
1172 4072 1240 4140 τῇ
1277 4068 1449 4140 Ἰησοῦ
1498 4070 1589 4123 καὶ
1623 4070 1750 4140 Χρι-

176 4165 296 4221 στοῦ
335 4164 688 4237 προσηγορίᾳ
728 4160 1041 4224 ἀκολούθως
1087 4162 1190 4215 ὑπὸ
1240 4162 1342 4233 τῆς
1389 4162 1746 4218 θεοπνεύστου

174 4258 391 4329 Γμφῆς
420 4256 809 4327 δοξαζόμενον.

240 4353 303 4414 ζ’.
338 4352 450 4405 Καὶ
496 4349 626 4419 γοῦν
683 4352 781 4422 τήν
828 4352 1085 4422 τοιαύτην
1126 4348 1381 4404 ὑπόθεσιν
1435 4350 1608 4418 ἔξεστι
1658 4351 1749 4404 διὰ

174 4444 429 4497 πλειόνων
461 4442 690 4515 θεωρεῖν
727 4444 831 4497 ὑπὸ
864 4443 973 4498 τῶν
1001 4443 1171 4512 ἁγίων
1210 4444 1624 4514 κηρυττομὲνην
1656 4444 1749 4496 ἀν-

1852 3338 2033 3393 dentis
2085 3339 2432 3394 Servatorem
2502 3339 2828 3404 credamus,
2887 3354 3208 3412 semperque
3265 3343 3441 3399 Patris

1853 3429 2090 3486 Verbum
2126 3431 2313 3495 fuisse,
2346 3432 2527 3487 lumen
2561 3440 2725 3503 atque
2766 3432 3132 3503 splendorem,
3172 3445 3228 3490 et
3266 3436 3442 3507 dignae

1853 3522 1963 3578 Deo
1995 3522 2183 3594 gloriae
2224 3531 2542 3592 potestatem
2595 3524 2836 3580 tenuisse
2870 3541 2884 3580 :
2922 3525 3153 3596 ideoque
3194 3538 3248 3584 et
3281 3531 3442 3586 beato

1854 3615 2023 3687 Moysi
2051 3617 2267 3672 dicebat
2298 3634 2311 3669 :
2347 3634 2365 3662 ι
2394 3614 2509 3687 Ego
2531 3632 2648 3673 sum
2674 3618 2766 3687 qui
2791 3634 2909 3672 sum
2934 3619 3008 3683 “;
3044 3639 3063 3672 ι
3089 3630 3143 3676 et
3176 3636 3275 3694 ego
3299 3622 3442 3679 Deus

1852 3705 2168 3768 Abrahami,
2193 3713 2247 3759 et
2269 3704 2412 3761 Deus
2438 3706 2631 3774 lsaaci,
2666 3716 2720 3762 et
2748 3707 2889 3763 Deus
2910 3706 3096 3765 Jacobi
3120 3711 3165 3743 δ’
3196 3735 3207 3767 ;
3236 3722 3286 3767 et
3316 3713 3442 3770 Filii

1854 3797 2068 3866 quidem
2096 3810 2291 3850 nomen
2318 3805 2444 3850 tunc
2475 3799 2771 3866 sumpsisse
2793 3814 2913 3853 cum
2946 3800 3124 3856 factus
3146 3812 3227 3857 est
3254 3806 3442 3873 homo,

1854 3888 2196 3942 adnnationis
2241 3888 2434 3956 gratia,
2474 3898 2527 3941 et
2580 3889 2704 3957 quia
2745 3890 3037 3944 humanam
3071 3894 3439 3951 conditionem

1853 3979 2182 4048 assumpsit,
2238 3994 2344 4033 non
2388 3980 2441 4032 itt
2485 3979 2701 4035 homine
2755 3979 3018 4037 habitavit
3063 4002 3076 4038 :
3127 3992 3183 4040 et
3219 3986 3347 4041 olim
3389 3999 3443 4041 et

1854 4084 1999 4126 nunc
2019 4072 2120 4126 sub
2158 4069 2288 4125 Jesu
2330 4070 2646 4140 Christique
2694 4073 3051 4142 appellatione
3073 4076 3141 4132 ab
3180 4077 3441 4147 inspirata

1853 4165 2113 4220 divinitus
2150 4164 2433 4235 Scriptura
2468 4174 2831 4222 consectanee
2860 4167 3171 4237 gloriﬁcari.

1928 4341 1978 4397 7.
2020 4341 2197 4410 Atque
2223 4339 2327 4395 hoc
2361 4346 2739 4409 argumentum
2771 4337 3018 4406 pluribus
3046 4340 3228 4396 verbis
3258 4341 3442 4398 videre

1854 4433 1979 4489 licet
2007 4448 2035 4487 a
2054 4434 2261 4488 sanctis
2280 4431 2413 4487 viris
2441 4430 2826 4501 praedicatum;
2860 4428 3093 4485 Ieremia
3116 4433 3331 4501 quidem
3358 4436 3442 4490 di-

172 4535 309 4606 δρῶν
330 4553 343 4567 ο
372 4535 470 4590 τοῦ
521 4536 619 4607 μὲν
666 4536 937 4607 Ἰερεμίου
969 4536 1267 4608 διαρρήδην
1300 4534 1562 4605 βοῶντος·
1601 4555 1618 4586 ι
1643 4528 1747 4588 Οὗ-

1856 4533 1996 4581 serte
2034 4524 2302 4580 clamante
2330 4541 2343 4577 :
2386 4542 2405 4574 t
2438 4520 2536 4577 Hic
2560 4520 2703 4577 Deus
2732 4529 2920 4575 noster
2948 4532 3051 4589 εει,
3087 4539 3263 4595 neque
3302 4527 3441 4584 alius

172 4645 255 4690 τος
280 4630 309 4682 6
340 4629 477 4692 Θεὸς
513 4629 692 4700 ἡμῶν,
733 4629 794 4681 οὐ
838 4629 1221 4699 λογισθήσεται
1265 4629 1453 4700 ἕτερος
1483 4629 1621 4701 πρὸς
1652 4630 1749 4682 αὑ-

172 4719 291 4772 τόν·
335 4720 566 4791 ἐξεῦρεν
614 4721 796 4774 πᾶσαν
842 4721 962 4775 ὁδὸν
1011 4722 1353 4792 ἐπιστήμης,
1391 4721 1487 4775 κα)⁵
1546 4720 1746 4773 ἔδωκεν

173 4810 335 4882 αὐτὴν
368 4810 592 4865 Ἰακὼϐ.
611 4811 692 4881 τῷ
730 4811 880 4864 παιδὶ
919 4810 1083 4864 αὐτοῦ
1104 4853 1119 4878 ,
1147 4811 1477 4882 καὶΊσραὴλ
1505 4811 1584 4881 τῷ
1611 4814 1749 4881 ήγα-

173 4904 394 4973 πημένῳ
418 4903 515 4957 ὑπ’
544 4902 709 4957 αὑτοῦ
729 4920 742 4933 ·
787 4901 928 4974 μετά
959 4903 1132 4957 ταῦτα
1165 4903 1259 4956 ἐπὶ
1290 4904 1391 4973 τῆς
1419 4904 1523 4974 γῆς
1566 4902 1747 4973 ὤφθη,

174 4992 261 5045 καὶ
283 4994 395 5056 τοῖς
419 4992 732 5063 ἀνθρώποις
759 4993 1170 5063 συνανεστράφη
1193 5009 1206 5023 ο
1222 5011 1239 5043 ι
1276 4990 1369 5044 τοῦ
1394 4991 1451 5043 δὲ
1474 4991 1748 5062 ύμνογρά-

173 5100 265 5150 φου
290 5085 670 5167 μελῳδοῦντος
706 5084 925 5138 Δα6ί6’‹
948 5085 1149 5155 Μήτηρ
1176 5084 1250 5153 (ι)
1281 5084 1417 5167 Et.th
1443 5085 1587 5153 ἐρεῖ·
1623 5085 1749 5136 Ἀν-

1855 4621 2142 4687 quisquam
2167 4631 2288 4671 cum
2314 4630 2377 4671 eo
2401 4613 2806 4684 comparabitur
2834 4631 2847 4667 :
2881 4613 2995 4684 ipse
3020 4630 3236 4671 omnem
3270 4620 3441 4674 scien-

1856 4712 1943 4765 tiae
1963 4710 2213 4766 semitam
2236 4708 2530 4773 adinvenit,
2557 4706 2887 4775 tradiditque
2912 4722 3031 4761 eam
3052 4707 3251 4765 Jacobo
3272 4725 3441 4780 puero

1852 4817 1972 4867 suo,
2001 4811 2056 4856 et
2084 4800 2268 4856 Israeli
2307 4800 2502 4855 dilecto
2543 4814 2662 4854 suo.
2691 4798 2823 4853 Post
2865 4798 2980 4853 haec
3012 4800 3066 4854 in
3110 4810 3252 4854 terra
3290 4802 3439 4857 visus

1853 4902 1954 4957 est,
1998 4904 2208 4949 etcum
2266 4891 2576 4947 hominibus
2634 4902 2990 4947 conversatus
3024 4900 3109 4946 est
3136 4892 3216 4957 ⁵³;
3255 4911 3272 4944 ι
3325 4901 3437 4946 tum

1852 4988 2012 5043 etiam
2054 4986 2463 5056 ltymnographo
2497 4994 2728 5039 canente
2764 4983 2965 5039 Davide
3007 5002 3020 5037 :
3060 5004 3081 5036 ‹
3108 4983 3277 5039 Mater
3306 4983 3435 5039 Sion

1854 5082 2032 5135 dicet:
2055 5078 2247 5145 Homo,
2267 5086 2321 5133 et
2341 5078 2500 5133 homo
2521 5085 2678 5131 natus
2695 5084 2779 5131 est
2798 5076 2849 5130 in
2872 5089 2960 5142 ea,
2979 5086 3033 5130 et
3055 5075 3169 5144 ipse
3194 5073 3437 5128 fundavit

244 5246 287 5277 "
320 5244 513 5301 Matth.
543 5260 680 5309 ult,
709 5243 798 5299 29.
878 5244 919 5275 “
958 5243 1129 5299 Exod.
1165 5259 1246 5307 ιιι,
1286 5244 1372 5297 14.
1448 5244 1493 5274 ⁵¹
1536 5242 1662 5296 ibid.
1704 5243 1757 5295 6.
1836 5241 1882 5272 ⁵³
1914 5240 2119 5295 Barttch
2161 5255 2240 5303 ιιι,
2279 5238 2467 5295 '56-'58.

233 5403 307 5477 (t)
324 5403 403 5478 Ita
435 5406 623 5478 μήτηρ
642 5406 841 5478 habent
877 5403 1079 5478 Graecae
1103 5402 1391 5478 editiones,
1415 5400 1576 5455 etiam
1598 5400 1744 5453 Vati-

168 5472 321 5530 cana.
345 5472 449 5531 διε
464 5472 659 5544 legisse
680 5474 924 5529 videmus
942 5476 1106 5528 etiam
1127 5472 1418 5543 Cyrillum,
1449 5484 1749 5544 magnoque

145 5561 392 5621 ‘numeoro
426 5542 616 5621 Patres
636 5544 859 5621 Latinos
886 5542 1416 5621 apud__Sabat_er_iutn,
1443 5542 1534 5610 qui
1566 5550 1748 5621 vetere

174 5610 650 5671 ltala'utebantur
704 5610 963 5670 editione.
1016 5612 1225 5684 Vulgati
1272 5613 1542 5684 interpres
1593 5610 1747 5684 lectio

175 5688 442 5755 numquid,
472 5700 569 5755 pro
595 5695 783 5748 mater,
827 5686 1055 5755 deducta
1095 5681 1177 5737 est
1218 5682 1400 5755 θι-μὴ
1433 5685 1521 5755 τῇ,
1559 5681 1641 5735 vel
1670 5682 1744 5750 μή

177 5702 442 5755 numquid,
472 5702 569 5755 pro
595 5702 783 5748 mater,
827 5702 1055 5739 (teuucta
1095 5702 1177 5737 est
1218 5702 1281 5739 ex
1368 5702 1400 5753 η
1433 5702 1521 5753 τῃ,
1561 5702 1641 5735 vet
1670 5702 1744 5750 μη

177 5771 245 5826 τι,
282 5767 337 5809 ιιι
376 5756 777 5826 cognoscimus
807 5769 871 5809 ex
904 5754 1136 5825 Origene
1181 5755 1233 5808 in
1285 5702 1559 5826 "impria,
1583 5763 1647 5826 et
1680 5767 1745 5805 ex

178 5822 503 5895 Hieronymo
554 5827 691 5896 apud
737 5822 1027 5885 Nobilinm'
1049 5827 1099 5882 in
1151 5826 1273 5882 adn.
1338 5825 1401 5879 ad
1456 5823 1741 5879 Sixtinatn.

1857 5400 2176 5453 Doctissime
2210 5413 2339 5452 vero
2377 5398 2616 5466 disputat
2665 5396 2731 5451 de
2762 5397 2861 5449 hac
2894 5395 3119 5450 lectione
3154 5391 3430 5466 _J_o.__8apt.

1856 5469 2085 5533 Drance,
2147 5461 2519 5524 Antbrostatta:
2571 5466 2700 5521 olim
2757 5466 3099 5521 bibliothecae
3147 5461 3432 5517 Mediolani

1856 5539 2162 5610 praefectus,
2203 5540 2253 5593 in
2288 5553 2503 5610 magno,
2530 5551 2848 5610 quanquam
2900 5535 3435 5610 imperfectonopere

1855 5600 1955 5665 suo
2003 5600 2159 5680 quod
2202 5600 2481 5678 inscripsit
2512 5600 2591 5680 De
2641 5600 2913 5680 sacrorum
2947 5600 3199 5655 librorum
3229 5600 3434 5680 Latin!

1855 5670 2078 5805 υιιιὲιὲ-ςιε
2108 5670 2718 5744 editionis-auctoritate,
2755 5675 2846 5732 lib.
2876 5689 2956 5746 ιιι,
2988 5682 3125 5741 part.
3162 5688 3197 5738 ι,
3225 5685 3342 5741 cap.
3373 5670 3429 5725 5.

1856 5768 1904 5805 ι).
2078 5766 2230 5805 sena.

1854 5768 1904 5823 p.
1939 5754 2035 5805 ιε’]
2078 5766 2230 5823 seqq.
