4088 6484
636 361 738 416 2’35

1627 358 1685 411 S.
1726 346 1996 411 (L'YRl'LLl
2038 344 2509 409 ALEXANDRiNl
2550 352 2868 407 ARCHIEP.

3784 346 3893 409 261

668 496 744 532 tm
779 476 1083 533 Altissimus
1110 479 1175 531 ".
1207 496 1223 529 ι
1258 477 1371 532 Iloc
1398 491 1523 531 vero
1552 478 1679 547 quid
1724 480 1868 530 aliud
1906 477 2197 548 signiﬁcat,

2314 476 2523 545 θρωπος
2567 474 2674 543 (1)·
2714 473 2807 525 καὶ
2856 469 3145 538 ἄνθρωπος
3192 469 3424 539 ἐγενήθη
3473 468 3531 519 ἐν
3584 468 3723 538 αὐτῇ
3752 510 3766 529 ,
3802 472 3901 520 καὶ

646 572 729 625 εἰεί
764 572 1009 626 eumdem
1041 586 1158 624 esse
1190 570 1358 625 Deum
1406 580 1461 624 et
1507 570 1822 624 hominem?
1855 570 2059 624 Etenim
2114 572 2208 623 ho-

631 664 853 723 minent,
901 662 1170 731 simulque
1202 662 1556 726 Altissimum,
1588 662 2036 728 fundatoremqne
2071 659 2205 713 fate-

631 766 736 807 tur.
769 752 953 823 Neque
982 755 1181 819 secius,
1216 752 1267 805 in
1301 752 1406 805 alio
1432 766 1643 820 quoque
1677 752 1880 820 psalmo
1918 752 2205 804 indivisum

628 845 852 898 unitatis
880 859 1187 897 sermonem
1214 843 1469 908 retinens,
1509 842 1739 896 hominis
1763 842 2112 911 proprietatis
2142 841 2206 893 ad

628 936 795 991 Deum
828 937 952 988 item
999 935 1227 989 Verbum
1274 933 1475 987 referre
1507 934 1858 1003 comperitur,
1892 932 2031 985 haud
2060 933 2211 999 equi-

628 1028 749 1081 dem
780 1027 1204 1081 substantiarum
1249 1024 1616 1078 confusionem
1654 1026 1933 1085 invehens,
1968 1025 2058 1077 sed
2086 1025 2212 1075 sub-

628 1120 949 1172 stantiarum
980 1118 1325 1170 adunationis
1371 1118 1633 1171 rationem
1684 1118 1906 1170 habens.
1959 1115 2050 1169 Sic
2079 1128 2211 1182 ergo

627 1213 703 1265 ait
738 1214 788 1264 in
820 1226 942 1265 κων
977 1210 1183 1278 psalmo
1214 1227 1225 1262 :
1260 1230 1277 1260 ι
1312 1211 1479 1263 Sedes
1521 1219 1629 1274 tua,
1673 1209 1835 1273 Deus,
1870 1209 1920 1261 in
1954 1208 2208 1262 smenlum

627 1303 809 1358 smculi
842 1320 854 1356 :
895 1304 1043 1369 virga
1072 1300 1415 1365 directionis,
1452 1300 1603 1370 virga
1633 1301 1779 1369 regni
1816 1300 1887 1352 tui
1926 1316 1939 1352 :
1972 1287 2207 1351 dilexisti

620 1392 907 1465 justitiam,
947 1402 1001 1445 et
1041 1392 1200 1445 odisti
1236 1392 1575 1459 iniquitatem
1614 1409 1624 1443 :
1655 1399 1945 1458 propterea
1978 1392 2129 1441 unxit
2160 1399 2211 1441 te

627 1486 791 1550 Deus,
813 1484 953 1537 Deus
975 1494 1115 1546 tuus,
1132 1484 1249 1535 oleo
1272 1482 1469 1535 laetitiae
1492 1498 1598 1550 prae
1618 1483 1962 1535 consortibus
1989 1480 2169 1533 tuis”.
2188 1499 2205 1530 ι

629 1572 825 1629 Viden’
854 1576 1125 1643 quomodo
1145 1574 1309 1626 Deum
1344 1570 1581 1626 Verbum
1616 1572 1916 1640 appellans,
1938 1571 2211 1638 Deumque

628 1676 680 1720 et
731 1680 909 1734 regem
947 1665 1234 1729 conﬁtens,
1285 1680 1458 1733 neque
1502 1672 1679 1717 tamen
1723 1663 1988 1725 dividens,
2040 1676 2211 1729 neque

631 1756 856 1809 alteram
900 1769 1186 1824 personam
1237 1757 1290 1809 in
1339 1771 1460 1809 eum
1504 1755 1812 1817 conferens,
1861 1740 2212 1808 nihilominus

2319 556 2479 627 αὐτὸς
2514 563 2871 635 ἐθεμελίωσεν
2898 560 3067 627 αὐτὴν
3087 563 3116 612 6
3146 559 3407 627 ’Ύψιστος
3430 576 3443 589 ·
3476 579 3493 611 ι
3522 557 3681 611 τοῦτο
3703 560 3815 628 γὰρ
3845 560 3902 611 τί

2316 658 2381 710 ἂν
2414 658 2496 726 εἴη
2536 655 2746 727 ἕτερον,
2776 636 2895 707 ἀλλ’
2935 651 2968 721 ἢ
3005 653 3087 703 ὅτι
3131 651 3294 713 αὐτὸς
3329 651 3566 720 ὑπάρχει
3602 649 3756 712 Θεὸς,
3803 650 3905 703 καὶ

2317 748 2631 818 ἄνθρωπος
2672 744 2994 815 ’Ἄνθρωπον
3010 742 3138 813 γὰρ,
3164 743 3259 795 καὶ
3286 742 3573 811 "Td/inm,
3612 744 3707 794 xui.
3736 741 3907 811 θεμε-

2316 826 2513 907 λιωτὴν
2554 837 2645 889 τὸν
2678 835 2839 887 αὐτὸν
2871 834 3263 905 ὡμολόγησενέ
3308 833 3461 885 οὐδὲν
3494 832 3552 885 δὲ
3593 827 3762 903 ἦττον
3804 834 3905 885 καὶ

2314 930 2373 981 ἐν
2397 929 2569 998 ἑτέρῳ
2600 922 2800 996 ψαλμῷ
2843 925 3149 995 ἀδιαίρετον
3182 924 3284 994 τῆς
3318 921 3566 985 ἐνώσεως
3612 923 3906 991 φυλάττων

2316 1021 2407 1073 τὸν
2430 1020 2608 1086 λόγον,
2642 1016 2709 1071 τὰ
2735 1018 2834 1088 τῆς
2868 1017 3287 1087 ἀνθρωπότητος
3316 1017 3423 1069 ἴδια
3448 1016 3523 1079 ὡς
3557 1015 3708 1085 αὐτῷ
3738 1016 3906 1069 πάλιν

2316 1112 2393 1181 τῷ
2418 1112 2536 1181 Θεῷ
2584 1111 2743 1181 Λόγῳ
2772 1109 3061 1181 ἀναφέρων
3095 1110 3431 1178 εὑρίσκεται,
3458 1109 3519 1160 οὐ
3559 1108 3667 1160 τῶν
3696 1106 3905 1160 οὐσιῶν

2319 1204 2581 1273 σύγχυσιν
2616 1202 3007 1272 ἐργαζόμενος,
3053 1200 3190 1253 ἀλλά
3228 1200 3328 1269 τῆς
3365 1198 3611 1262 ὲνώσεως
3653 1200 3767 1251 τῶν
3806 1198 3901 1251 οὐ-

2320 1296 2449 1347 σιῶν
2502 1292 2881 1362 ἐπιγινώσκων
2910 1294 3001 1344 τὸν
3047 1292 3235 1359 λόγον·
3294 1291 3441 1358 λέγει
3468 1289 3764 1358 τοιγαροῦν
3805 1280 3901 1343 οῦ-

2317 1403 2424 1449 τως
2454 1388 2511 1437 ὲν
2548 1388 2628 1456 με’
2662 1383 2859 1455 ψαλμῷ
2881 1401 2894 1413 ·
2934 1404 2951 1433 ι
2992 1383 3048 1435 '0
3081 1382 3268 1453 θρόνος
3306 1398 3422 1443 σου,
3454 1383 3482 1433 6
3508 1380 3660 1442 Θεὸς,
3698 1383 3783 1442 εις
3807 1380 3904 1443 τὸν

2318 1477 2491 1530 αἰῶνα
2524 1476 2619 1529 τοῦ
2664 1476 2893 1538 αἰῶνοςο
2933 1474 3128 1544 ῥάϐδος
3172 1472 3470 1541 εὐθύτητος
3501 1474 3533 1540 ἠ
3572 1469 3771 1542 ῥάϐδος
3800 1470 3903 1539 τῆς

2321 1568 2597 1637 βασιλείας
2630 1586 2722 1619 σου
2744 1584 2756 1595 °
2783 1566 3078 1636 ἠγάπησας
3099 1562 3469 1629 δικαιοσύνην,
3497 1562 3593 1614 καὶ
3628 1560 3902 1629 ἐμίσησας

2319 1662 2564 1715 ἀδικίανξ·
2596 1661 2683 1712 διὰ
2706 1658 2863 1711 τοῦτο
2887 1658 3181 1726 ἕχρισένξσε
3202 1654 3354 1716 Θεὸς,
3380 1656 3407 1705 6
3423 1652 3557 1713 Θεός
3575 1668 3694 1713 σου,
3716 1650 3901 1702 ἔλαιον

2318 1751 2693 1820 ἀγαλλιάσεως
2728 1750 2880 1821 παρὰ
2916 1751 3041 1811 τοὺς
3083 1748 3342 1819 μετόχους
3375 1762 3490 1799 σου.
3514 1764 3533 1796 ι
3555 1745 3718 1813 Ὁρᾷς
3750 1744 3903 1803 ὅπως

636 1854 859 1897 unctum
887 1845 1063 1897 dixit?
1112 1843 1397 1912 Explicent
1440 1844 1595 1898 nobis
1641 1845 1805 1910 igitur
1843 1844 1969 1911 quid
2005 1844 2073 1896 sit
2116 1842 2208 1895 hoc

2317 1844 2409 1898 τὸν
2440 1845 2609 1910 Λόγον
2645 1843 2973 1911 θεολογήσας
2999 1842 3101 1909 (2),
3130 1840 3262 1891 Θεόν
3294 1855 3353 1889 τε
3375 1837 3467 1890 καὶ
3503 1835 3733 1906 βασιλέα
3768 1835 3899 1901 ὁμο-

626 1932 845 1985 effatum
872 1948 885 1997 ;
909 1942 960 1986 et
985 1939 1254 2001 quomodo
1281 1931 1539 1993 Verbum,
1568 1948 1688 1985 cum
1724 1931 1862 1984 Deus
1898 1943 2063 1994 esset,
2107 1948 2207 1983 ttu-

626 2033 773 2075 ctnm
804 2024 1001 2081 fuerit:
1036 2024 1137 2076 nisi
1167 2024 1291 2091 quia
1333 2037 1553 2092 prorsus
1602 2023 1739 2075 idem
1770 2033 1908 2085 erat,
1943 2023 2033 2090 qui
2068 2023 2209 2076 servi

628 2113 854 2167 formam
882 2114 983 2167 sibi
1011 2115 1279 2175 induerat,
1309 2115 1392 2166 cui
1421 2123 1474 2167 et
1506 2112 1742 2166 chrisma
1768 2114 2044 2176 suscipere
2075 2129 2210 2167 con-

625 2204 1093 2258 venientissimum
1121 2202 1245 2257 fuit?
1280 2204 1431 2269 Quod
1456 2204 1499 2257 si
1530 2202 1668 2256 forte
1694 2202 1956 2267 dixerint,
1982 2213 2207 2272 propter

624 2309 777 2349 suam
819 2295 871 2349 in
914 2295 1169 2359 homine,
1208 2306 1265 2348 ut
1302 2296 1398 2364 ipsi
1448 2294 1883 2357 hallucinantur,
1936 2295 2211 2348 inhabita-

627 2387 854 2450 tionem,
874 2386 1039 2441 Verbi
1065 2401 1347 2455 personam
1371 2386 1685 2440 chrismatis
1710 2387 1882 2439 instar
1904 2387 2209 2454 exstitisse;

628 2477 683 2531 hi
719 2479 897 2530 sciant
924 2477 1110 2542 velim,
1146 2477 1593 2531 inhabitatinnem
1630 2494 1733 2531 non
1774 2480 1839 2531 de
1866 2479 2083 2533 Christo
2120 2479 2211 2531 sed

628 2568 695 2623 de
733 2570 1013 2638 prophetis
1050 2569 1279 2638 aliisque
1324 2570 1525 2623 sanctis
1567 2571 1671 2623 dici
1715 2586 1729 2623 :
1767 2571 2052 2636 praedictas
2089 2585 2215 2624 vero

628 2658 932 2713 locutiones
956 2675 1283 2728 magnopere
1300 2661 1567 2715 excedere
1586 2661 2000 2715 inhabitationis
2026 2662 2213 2714 termi-

628 2762 728 2802 nos
759 2749 873 2802 sive
902 2750 1037 2801 vim.
1068 2747 1256 2820 ηερ
1282 2749 1422 2817 Ergo
1447 2752 1548 2803 etsi
1578 2748 1787 2803 Deusin
1817 2751 2018 2804 sanctis
2042 2751 2217 2803 omni-

627 2842 729 2896 bus
757 2841 983 2902 habitat,
1010 2842 1172 2909 hique
1193 2840 1513 2894 sanctiﬁcati
1542 2850 1668 2895 sunt
1695 2850 1747 2893 et
1766 2841 1931 2905 uncti,
1951 2855 2107 2895 nemo
2138 2850 2217 2894 ta—

629 2946 756 2985 men
802 2946 955 2998 aeque
1004 2946 1065 2984 ac
1100 2932 1216 2999 ipse
1247 2931 1617 2984 sanctiﬁcatus
1648 2941 1949 2999 unctusque
1994 2930 2212 2985 dicitur.

630 3021 685 3075 Si
715 3036 844 3091 ergo
877 3022 988 3085 isti,
1016 3023 1081 3075 ad
1112 3028 1424 3076 sanctorum
1456 3021 1891 3086 similitudinem,
1920 3026 1971 3076 in
1997 3023 2217 3077 Christo

630 3128 848 3182 quoque
886 3113 1221 3167 inhabitasse
1256 3113 1424 3169 Deum
1455 3113 1629 3175 aiunt,
1665 3116 1933 3168 constabit
1963 3115 2215 3169 omnibus

631 3207 869 3276 ipsorum
917 3206 1314 3276 irreligiositas,
1363 3208 1429 3261 ab
1478 3209 1769 3277 apostolica
1812 3210 2058 3263 doctrina
2103 3219 2214 3261 toto

629 3302 770 3355 cmlo
802 3300 1085 3354 oberrans.

702 3498 756 3556 8.
789 3499 1003 3554 Etenim
1027 3501 1091 3555 de
1114 3499 1390 3570 prophetis
1418 3498 1745 3567 Christoque
1769 3498 2047 3555 disserens
2075 3498 2213 3553 Pau-

632 3591 740 3657 lus,
775 3592 1065 3646 itnmanem
1109 3590 1267 3660 hujus
1305 3592 1372 3643 ab
1412 3590 1520 3643 illis
1570 3590 1931 3645 differentiam
1972 3606 2072 3645 nos
2112 3594 2210 3645 do-

632 3694 741 3747 cet,
770 3683 905 3752 ejus,
944 3684 1191 3751 inquam,
1219 3683 1311 3751 qui
1332 3693 1529 3735 unctus
1546 3683 1767 3739 dicitur.
1804 3678 2213 3750 Namquehunc

633 3776 850 3848 quidem
877 3786 931 3830 et
961 3775 1154 3829 Filium
1199 3785 1249 3828 ct
1280 3774 1459 3827 Patris
1484 3773 1853 3843 splendorem,
1889 3785 1943 3827 et
1984 3776 2209 3845 ﬁguram

632 3868 946 3922 substantia:
996 3869 1202 3936 ipsius,
1259 3867 1380 3935 illos
1435 3876 1613 3919 autem
1657 3868 1954 3934 prophetas
1997 3875 2207 3919 tantum

632 3958 915 4028 appellat:
952 3958 1257 4025 mirumque
1305 3967 1409 4017 est,
1452 3959 1593 4023 quod
1634 3956 1778 4009 inter
1816 3966 1895 4010 tot
1935 3956 2207 4019 sublimia,

634 4051 907 4105 unctionis
948 4064 1162 4119 quoque
1215 4050 1351 4101 idem
1399 4049 1527 4102 facit
1576 4050 1927 4103 mentionem.
1965 4067 1984 4100 ι
2030 4048 2216 4100 Multi-

632 4141 827 4195 fariam
863 4143 1030 4201 enim,
1079 4140 1275 4207 inquit,
1328 4140 1620 4209 multisque
1674 4140 1847 4193 modis
1899 4140 2025 4191 olim
2069 4140 2210 4193 Deus

633 4232 847 4286 loculus
874 4231 1119 4299 patribus
1148 4246 1242 4299 per
1278 4232 1593 4297 prophetas,
1629 4231 1943 4285 novissimis
1979 4232 2063 4285 his
2092 4234 2207 4285 die-

626 4322 733 4375 bus
755 4321 966 4375 locutus
989 4331 1071 4374 est
1091 4322 1245 4375 nobis
1264 4336 1357 4388 per
1380 4320 1593 4382 Filium,
1619 4337 1773 4389 quem
1801 4323 2082 4375 consuluit
2101 4323 2208 4376 har-

634 4412 817 4465 redem
867 4411 1245 4464 universorum
1276 4449 1289 4472 ,
1336 4424 1429 4478 per
1492 4423 1649 4476 quem
1691 4406 2033 4461 fecitszecula
2068 4426 2080 4460 :
2118 4410 2207 4477 qui

2312 1934 2570 2001 λογήσας,
2595 1934 2654 1985 οὐ
2684 1932 2892 1992 διελὼν,
2913 1930 3032 1983 οὐδὲ
3055 1930 3140 1981 έτε
3153 1944 3244 2000 ρον
3264 1927 3556 1997 πρόσωπον
3579 1922 3898 1989 εἰσενέγκας

2312 2027 2481 2096 αὐτῷ,
2512 2026 2606 2079 καὶ
2637 2025 2697 2077 τὸ
2748 2022 3037 2093 κεχρῖσθαι
3069 2021 3321 2090 εἴρηκεν;
3364 2018 3688 2085 Λεγέτωσαν
3714 2011 3810 2069 οὖν
3847 2014 3898 2066 τί

2313 2116 2459 2167 ἐστιν
2478 2115 2539 2166 τὸ
2568 2114 2862 2182 λεγόμενον
2882 2127 2897 2143 ⁸
2931 2111 3048 2174 πῶς
3067 2112 3123 2163 δὲ
3148 2110 3280 2171 Θεὸς
3305 2108 3381 2163 ὢν
3405 2110 3435 2160 6
3459 2107 3632 2173 Λόγος
3661 2106 3897 2173 ἐχρίετο,

2312 2205 2427 2260 ἀλλ’
2467 2207 2499 2278 ἥ
2535 2205 2753 2268 πάντως
2776 2206 2855 2257 ὅτι
2886 2203 3048 2265 αὐτὸς
3071 2198 3138 2272 ἦν
3160 2202 3185 2252 ό
3209 2201 3305 2270 τὴν
3333 2199 3426 2252 τοῦ
3456 2198 3647 2251 δούλου
3685 2197 3901 2266 μορφὴν

2314 2296 2695 2366 ἐνδυσάμενος,
2783 2296 2877 2348 καὶ
2907 2294 2966 2347 τὸ
2995 2294 3205 2362 χρίσμα
3224 2290 3524 2360 λαμϐάνειν
3557 2289 3642 2357 εἴη
3672 2288 3739 2339 ἂν
3771 2302 3900 2355 πρε-

2316 2387 2695 2451 πωδέστατον;
2747 2386 2867 2437 Κᾶν
2910 2384 3019 2455 γὰρ
3066 2384 3299 2450 λέγωσιν
3336 2381 3425 2434 διὰ
3476 2380 3575 2450 τὴν
3614 2378 3758 2448 πρὸς
3810 2380 3900 2429 τὸν

2316 2476 2602 2550 ἄνθρωπον
2628 2478 2924 2545 ἐνοίκησιν,
2954 2476 3028 2537 ὡς
3055 2476 3209 2527 αὐτοὶ
3234 2473 3569 2537 πλανῶνται,
3600 2470 3697 2523 τοῦ
3726 2470 3899 2536 Λόγον

2272 2602 2277 2607 ~
2318 2572 2608 2640 πρόσωπον
2630 2572 2691 2623 τὸ
2716 2572 2926 2641 χρίσμα
2947 2569 3221 2637 λέγεσθαι,
3250 2566 3675 2636 μανθανέτωσαν
3707 2564 3900 2631 ὅτιπερ

2315 2660 2587 2731 ἐνοίκησις
2618 2663 2717 2713 οὑκ
2767 2662 2860 2713 ἐπὶ
2907 2660 3003 2713 τοῦ
3040 2658 3298 2729 Χριστοῦ,
3334 2658 3451 2711 ἀλλ’
3484 2658 3579 2709 ἐπὶ
3623 2655 3736 2707 τῶν
3768 2670 3900 2723 προ-

2318 2751 2504 2820 φητῶν
2530 2752 2624 2805 καὶ
2650 2751 2759 2803 τῶν
2790 2750 2966 2805 ἄλλων
2995 2751 3164 2819 ἁγίων
3185 2749 3425 2817 λέγεται,
3451 2749 3545 2800 καὶ
3574 2746 3900 2817 ὑπερϐαίνει

2318 2842 2523 2912 σφόδρα
2554 2842 2680 2905 τοὺς
2705 2843 2801 2911 τῆς
2824 2844 3151 2913 ἐνοικήσεως
3180 2842 3339 2911 ὄρους
3360 2841 3421 2893 τὸ
3445 2840 3770 2909 λεγόμενον·
3810 2839 3899 2890 καὶ

2316 2933 2446 3002 γοῦν
2504 2934 2887 3003 ἐνοικήσαντος
2915 2934 3008 2987 τοῦ
3060 2933 3194 2987 Θεοῦ
3234 2935 3293 2986 ἐν
3335 2937 3446 2996 τοῖς
3485 2933 3663 3001 ἁγίοις
3710 2933 3896 2993 πᾶσιν,

2318 3023 2694 3094 ἁγιαζομένων
2733 3043 2791 3077 τε
2822 3026 2915 3078 καὶ
2942 3026 3265 3095 χριομένων,
3297 3026 3357 3079 οὐ
3379 3025 3598 3093 λέγεται
3631 3025 3707 3087 ὡς
3739 3025 3898 3085 αὐτὸς

2319 3115 2677 3185 ἀγιαζόμενος
2709 3117 2740 3183 ἢ
2776 3117 3096 3187 χριόμενος⁸
3123 3118 3169 3170 εί
3207 3118 3305 3187 μὲν
3333 3114 3425 3169 οὖν
3456 3115 3577 3169 καθ’
3605 3116 3896 3184 ἐμοιότητσ

2317 3206 2425 3259 τῶν
2463 3207 2655 3273 ἁγίων,
2692 3210 2786 3259 καὶ
2826 3207 2912 3260 ἐπ’
2956 3206 3119 3260 αὐτοῦ
3158 3210 3258 3279 τὴν
3296 3208 3574 3277 ἐνοίκησιν
3620 3207 3894 3274 λέγουσιν,

2316 3296 2538 3366 ἔκδηλος
2565 3297 2597 3367 ἠ
2634 3297 2859 3351 ἀσέϐεια
2884 3300 3052 3351 πᾶσιν
3081 3298 3254 3362 ἔσται,
3280 3300 3375 3350 καὶ
3403 3299 3501 3368 τῆς
3528 3296 3898 3365 ἀποπολικῆς

2315 3387 2664 3450 διδασκαλίας
2699 3390 2980 3453 παντελῶς
3012 3389 3288 3460 ἀλλοτρία.

2383 3505 2452 3569 η’.
2494 3499 2630 3569 Περὶ
2668 3500 2765 3570 μὲν
2792 3499 2898 3571 γὰρ
2928 3501 3033 3553 τῶν
3062 3501 3379 3572 προφητῶν,
3406 3502 3498 3555 καὶ
3522 3500 3616 3553 τοῦ
3654 3497 3894 3571 Χριστοῦ

2313 3590 2693 3660 διαλεγόμενος
2713 3593 2739 3643 ό
2765 3591 2997 3655 Παῦλος,
3026 3592 3353 3663 ἀσύγκριτον
3384 3593 3576 3645 τούτου
3601 3593 3741 3664 πρὸς
3765 3594 3897 3646 ὲκεί-

2314 3696 2437 3742 νους
2469 3680 2732 3749 διαφορὰν
2757 3682 2902 3750 ἡμᾶς
2928 3680 3187 3743 ἐδίδαξεν,
3213 3682 3358 3749 λέγω
3386 3681 3449 3753 δὴ
3470 3680 3567 3733 τοῦ
3600 3682 3896 3752 λεγομένου

2314 3770 2593 3842 κεχρῖσθαι
2612 3786 2623 3798 ’
2666 3769 2757 3821 τὸν
2783 3772 2882 3840 μὲν
2909 3773 3036 3841 γὰρ,
3066 3772 3194 3824 Υἱὸν
3218 3774 3312 3825 καὶ
3341 3772 3435 3824 τοῦ
3476 3773 3691 3843 Πατρὸς
3724 3772 3896 3824 timui-

2314 3878 2504 3933 γασμα
2536 3862 2630 3915 καὶ
2671 3863 2999 3933 χαρακτῆρα
3025 3863 3125 3932 τῆς
3156 3863 3509 3927 ὑποστάσεως
3540 3863 3710 3917 αὑτοῦ
3731 3881 3746 3895 υ
3778 3865 3897 3925 τοὺς

2311 3951 2389 4014 δὲ,
2427 3954 2713 4021 προφήτας
2746 3953 3030 4022 ὠνόμασεν
3054 3972 3067 3986 ο
3098 3954 3188 4006 καὶ
3227 3955 3288 4006 τό
3334 3972 3397 4019 γε
3432 3956 3782 4025 θαυμαστὸν,
3821 3958 3895 4008 ὅτι

2316 4042 2455 4112 μετὰ
2488 4043 2695 4097 τούτων
2731 4044 2840 4097 τῶν
2873 4045 3117 4115 ὑψηλῶν,
3152 4046 3245 4099 τοῦ
3288 4049 3589 4118 χρίσματος
3617 4050 3712 4102 καὶ
3740 4048 3895 4110 αὐτὸς

2312 4124 2749 4203 ἐμνημόνευσεν’
2802 4156 2817 4185 ι
2854 4137 3185 4207 Πολυμερῶς
3216 4142 3347 4210 γάρ,
3384 4140 3568 4208 φησὶν,
3598 4142 3692 4192 καὶ
3734 4140 3893 4191 πολυο

2311 4227 2527 4299 τρόπιος
2556 4228 2726 4281 πάλαι
2761 4230 2789 4280 6
2824 4229 2954 4291 Θεὸς
2980 4230 3220 4300 λαλήσας
3251 4235 3359 4293 τοῖς
3392 4233 3665 4302 πατράσιν
3700 4234 3762 4284 ἐν
3793 4235 3893 4291 τοῖς

2312 4320 2641 4388 προφήταις,
2675 4321 2762 4371 ἐπ’
2795 4320 3036 4390 ἐσχάτων
3074 4322 3181 4391 τῶν
3207 4322 3431 4393 ἡμερῶν
3465 4322 3671 4375 τούτων
3706 4320 3893 4389 ἐλάλη-

2314 4427 2405 4462 σεν
2434 4413 2564 4479 ἡμῖν
2591 4412 2649 4462 ἐν
2677 4410 2812 4480 Υἱῷ,
2837 4411 2893 4464 ὃν
2916 4412 3077 4481 ἔθηκε
3108 4414 3448 4483 κληρονόμον
3475 4414 3714 4475 πάντων,
3752 4415 3819 4466 δι’
3838 4405 3891 4464 οὗ

633 4517 755 4554 cum
793 4501 864 4567 sit
897 4501 1152 4570 splendor
1182 4500 1365 4566 glorire
1404 4509 1458 4553 et
1508 4503 1677 4569 ﬁgura
1724 4502 2037 4555 substantia
2067 4502 2202 4570 ejus,

2314 4502 2535 4570 ἐποίησε
2573 4504 2697 4567 τοὺς
2727 4504 2927 4567 αἰῶνας
2948 4521 2963 4537 ·
2991 4505 3049 4567 ὃς
3082 4503 3156 4556 ὢν
3185 4504 3530 4574 ἀπαύγασμα
3572 4504 3672 4571 τῆς
3714 4505 3889 4573 δόξης,

631 4600 966 4661 portansque
1000 4591 1178 4645 omnia
1213 4594 1375 4643 verbo
1414 4592 1633 4644 virtutis
1664 4607 1792 4656 sum,
1846 4604 1966 4659 post
2006 4607 2194 4660 purga-

631 4682 831 4737 tionem
864 4693 1207 4751 peccatorum
1239 4681 1455 4747 factam,
1476 4684 1720 4737 c0nsedit
1746 4684 1798 4736 in
1830 4684 2056 4737 dextera
2086 4700 2201 4735 ma-

626 4770 839 4839 iestatis
871 4772 921 4823 in
946 4772 1175 4826 excelsis
1202 4772 1269 4825 ⁸⁸.
1308 4790 1324 4822 ι
1360 4772 1423 4825 Ει
1467 4774 1628 4840 paulo
1676 4784 1795 4841 post
1836 4775 1955 4826 ait:
1993 4792 2012 4824 ‹
2044 4773 2105 4826 Et
2138 4774 2203 4826 ad

630 4864 853 4933 angelos
884 4864 1100 4931 quidem
1137 4865 1267 4917 dicit
1301 4883 1312 4917 :
1347 4866 1446 4930 Qui
1484 4865 1610 4918 facit
1641 4866 1861 4934 angelos
1880 4880 2007 4919 suos
2040 4866 2204 4933 spiri-

632 4964 739 5018 tus,
778 4964 831 5008 et
865 4956 1145 5009 ministros
1188 4972 1315 5023 suos
1363 4958 1635 5009 ﬁnitimam
1674 4944 1845 5025 ignis;
1898 4958 1963 5011 ad
2003 4956 2199 5010 Filium

631 5056 812 5099 autem
856 5061 871 5097 :
905 5047 1158 5101 'l‘hronus
1210 5056 1351 5108 tuus,
1389 5047 1565 5113 Deus,
1602 5049 1653 5101 in
1688 5048 1943 5103 szeculum
1974 5049 2156 5102 saaculi
2188 5066 2201 5112 ;

632 5137 781 5206 virga
810 5138 1100 5207 aequitatis,
1133 5139 1282 5207 virga
1325 5139 1477 5208 regni
1513 5139 1611 5192 tui.
1648 5138 2202 5207 Dilexistijustitiam,

631 5236 689 5279 et
713 5229 874 5281 odisti
902 5230 1241 5296 iniquitatem
1271 5246 1282 5281 :
1320 5240 1603 5298 propterea
1634 5230 1790 5282 unxit
1817 5240 1869 5284 te
1902 5232 2040 5285 Dens
2067 5230 2207 5284 Dens

636 5328 759 5371 tuus
808 5319 930 5373 oleo
980 5320 1367 5374 exsultationis
1395 5336 1503 5389 prie
1555 5322 1911 5390 participibus
1954 5322 2059 5375 tuis
2078 5322 2145 5375 ⁸⁷.
2182 5341 2199 5371 ι

2309 4594 2403 4645 καὶ
2429 4594 2718 4664 χαρακτὴρ
2751 4594 2852 4659 τῆς
2890 4596 3239 4657 ὑποστάσεως
3284 4596 3475 4658 αὑτοῦ,
3514 4594 3695 4667 φέρων
3740 4611 3803 4646 τε
3832 4593 3892 4645 τὰ

2316 4686 2495 4739 πάντα
2518 4685 2597 4754 τῷ
2626 4688 2831 4757 ῥήματι
2860 4688 2960 4756 τῆς
2997 4687 3281 4758 δυνάμεως
3327 4687 3515 4750 αὑτοῦ,
3552 4685 3891 4761 καθαρισμὸν

2311 4777 2420 4829 τῶν
2454 4778 2737 4847 ἁμαρτιῶν
2783 4779 3175 4848 ποιησάμενος,
3223 4778 3477 4831 ἐκάθισεν
3508 4783 3565 4831 ἐν
3598 4778 3756 4849 δεξιᾷ
3802 4777 3889 4842 τῆς

2317 4868 2714 4939 μεγαλωσύνης
2746 4871 2802 4921 ἐν
2835 4870 3077 4940 ὑψηλοῖς.
3122 4888 3140 4919 ι
3193 4870 3305 4922 Καὶ
3354 4872 3473 4941 μετ’
3504 4870 3663 4938 ὀλίγα
3697 4870 3887 4939 φησίν

2320 4980 2337 5010 ι
2372 4962 2481 5013 Καλ⁸
2515 4962 2653 5033 πρὸς
2690 4964 2786 5031 μὲν
2822 4964 2947 5025 τοὺς
2983 4961 3249 5031 ἀγγέλους
3280 4962 3429 5030 λέγει
3450 4979 3465 4993 θ
3493 4960 3553 5013 ὐ
3577 4961 3753 5013 ποιῶν
3779 4961 3888 5019 τοὺς

2312 5053 2577 5121 ἀγγέλους
2607 5054 2771 5107 αὑτοῦ
2808 5053 3114 5123 πνεύματα,
3154 5055 3248 5106 καὶ
3278 5056 3404 5116 τοὺς
3431 5053 3787 5122 λειτουργοὺς
3807 5050 3887 5102 αὐ·

2313 5146 2406 5197 τοῦ
2440 5145 2609 5216 πυρὸς
2644 5147 2843 5214 φλόγα·
2881 5147 3020 5216 πρὸς
3048 5146 3103 5198 δὲ
3129 5146 3218 5198 τὸν
3241 5146 3399 5199 Υἱόν³
3445 5146 3503 5198 ’0
3531 5144 3721 5215 θρόνος
3756 5144 3886 5196 σουό

2314 5235 2467 5299 Θεὸς,
2495 5239 2575 5299 εἰς
2606 5238 2695 5288 τὸν
2728 5237 2901 5291 αἰῶνα
2926 5237 3021 5289 τοῦ
3053 5236 3250 5299 αἰῶνος
3271 5254 3283 5267 ·
3320 5236 3517 5308 ῥάϐδος
3544 5236 3835 5305 εὐθύτητος
3859 5234 3885 5299 ὴ

2318 5325 2513 5393 ῥάϐδος
2553 5327 2649 5397 τῆς
2696 5327 2972 5396 βασιλείας
3004 5344 3099 5379 σου
3124 5346 3136 5358 ·
3188 5328 3489 5399 ἠγάπησας
3527 5328 3883 5397 δικαιοσύνην,

703 5493 752 5526 ⁵⁸
789 5493 926 5548 Psal.
964 5512 1183 5561 Lxxxvr,
1211 5497 1262 5550 5.
1341 5498 1387 5527 "
1421 5497 1563 5552 Psal.
1603 5513 1744 5560 xmv,
1781 5500 1829 5557 7.
1860 5499 1908 5551 8.
1994 5501 2041 5530 "
2074 5498 2208 5555 Hebr

2314 5547 2316 5557 ,
2352 5502 2469 5555 ι-τ.
2548 5502 2593 5541 ιτ
2633 5501 2761 5555 ibid.
2800 5502 2855 5568 8,
2887 5502 2939 5555 9.

708 5673 788 5743 (1)
804 5672 879 5727 lta
907 5675 1304 5746 inierpungitur
1321 5676 1373 5729 in
1396 5682 1627 5744 utroque
1643 5677 1826 5746 Cyrilli
1845 5678 2051 5743 codice,
2078 5694 2203 5733 ncc—

641 5758 745 5797 non
777 5749 828 5798 in
861 5744 1100 5800 editione
1130 5744 1385 5800 Vaticana
1407 5744 1698 5802 Iiibltornni
1722 5749 2054 5805 Grmcurum.

2388 5677 2463 5748 (Ξ)
2493 5677 2664 5732 Simili
2712 5677 2984 5733 locutione
3034 5679 3205 5733 utitur
3256 5678 3519 5735 Eusebius
3568 5679 3622 5735 in
3667 5678 3881 5735 secundo

2316 5748 2664 5816 Thrapltanite
2703 5749 3023 5818 fragmento.
