  <div class='ocr_page' id='page_1' title='image "/cluster/home/n/w/nwhite01/storage/ocr_20150623/76/hvd.32044019207943/141.png"; bbox 0 0 4088 6496; ppageno 0'>
   <div class='ocr_carea' id='block_1_1' title="bbox 568 423 673 489">
    <p class='ocr_par' dir='ltr' id='par_1_1' title="bbox 568 423 673 489">
     <span class='ocr_line' id='line_1_1' title="bbox 568 423 673 489; baseline 0.019 -12"><span class='ocrx_word' id='word_1_1' title='bbox 568 423 673 489; x_wconf 66' lang='grc' dir='ltr'><strong>ἳϐἾΔ</strong></span> 
     </span>
    </p>
   </div>
   <div class='ocr_carea' id='block_1_2' title="bbox 1555 397 2793 472">
    <p class='ocr_par' dir='ltr' id='par_1_2' title="bbox 1555 397 2793 472">
     <span class='ocr_line' id='line_1_2' title="bbox 1555 397 2793 472; baseline 0.002 -4"><span class='ocrx_word' id='word_1_2' title='bbox 1555 411 1615 470; x_wconf 89' lang='lat' dir='ltr'><strong>s.</strong></span> <span class='ocrx_word' id='word_1_3' title='bbox 1649 411 1926 471; x_wconf 85' lang='lat' dir='ltr'><strong>CYRlLLl</strong></span> <span class='ocrx_word' id='word_1_4' title='bbox 1958 397 2432 469; x_wconf 66' lang='lat' dir='ltr'><strong>ALEXANDRINI</strong></span> <span class='ocrx_word' id='word_1_5' title='bbox 2469 412 2793 472; x_wconf 80' lang='lat' dir='ltr'><strong>ARCHIEP.</strong></span> 
     </span>
    </p>
   </div>
   <div class='ocr_carea' id='block_1_3' title="bbox 3752 414 3853 471">
    <p class='ocr_par' dir='ltr' id='par_1_3' title="bbox 3752 414 3853 471">
     <span class='ocr_line' id='line_1_3' title="bbox 3752 414 3853 471; baseline 0.03 -3"><span class='ocrx_word' id='word_1_6' title='bbox 3752 414 3853 471; x_wconf 72' lang='lat'><strong>268</strong></span> 
     </span>
    </p>
   </div>
   <div class='ocr_carea' id='block_1_4' title="bbox 532 508 2136 598">
    <p class='ocr_par' dir='ltr' id='par_1_4' title="bbox 532 523 2135 597">
     <span class='ocr_line' id='line_1_4' title="bbox 532 523 2135 597; baseline -0.007 -8"><span class='ocrx_word' id='word_1_7' title='bbox 532 582 542 596; x_wconf 41' lang='grc' dir='ltr'><strong>κ</strong></span> <span class='ocrx_word' id='word_1_8' title='bbox 568 536 694 589; x_wconf 87' lang='lat' dir='ltr'><strong>bum</strong></span> <span class='ocrx_word' id='word_1_9' title='bbox 722 532 1084 588; x_wconf 84' lang='lat' dir='ltr'><strong>humanatum</strong></span> <span class='ocrx_word' id='word_1_10' title='bbox 1105 539 1175 584; x_wconf 78' lang='lat' dir='ltr'><strong>ex</strong></span> <span class='ocrx_word' id='word_1_11' title='bbox 1210 524 1430 597; x_wconf 77' lang='lat' dir='ltr'><strong>Virgine</strong></span> <span class='ocrx_word' id='word_1_12' title='bbox 1456 523 1752 595; x_wconf 89' lang='lat' dir='ltr'><strong>prodiisse,</strong></span> <span class='ocrx_word' id='word_1_13' title='bbox 1789 527 2050 581; x_wconf 80' lang='lat' dir='ltr'><strong>recedant</strong></span> <span class='ocrx_word' id='word_1_14' title='bbox 2081 524 2135 581; x_wconf 89' lang='lat' dir='ltr'><strong>hi</strong></span> 
     </span>
    </p>
   </div>
   <div class='ocr_carea' id='block_1_5' title="bbox 2241 508 3851 598">
    <p class='ocr_par' dir='ltr' id='par_1_5' title="bbox 2241 508 3851 598">
     <span class='ocr_line' id='line_1_5' title="bbox 2241 508 3851 598; baseline -0.002 -19"><span class='ocrx_word' id='word_1_15' title='bbox 2241 526 2414 594; x_wconf 84' lang='grc' dir='ltr'>Λόγος</span> <span class='ocrx_word' id='word_1_16' title='bbox 2439 526 2872 598; x_wconf 85' lang='grc' dir='ltr'>ἐνανθρωπήσας</span> <span class='ocrx_word' id='word_1_17' title='bbox 2900 526 3050 581; x_wconf 80' lang='grc' dir='ltr'>ἐστὶν</span> <span class='ocrx_word' id='word_1_18' title='bbox 3082 527 3111 579; x_wconf 89' lang='lat'><strong>6</strong></span> <span class='ocrx_word' id='word_1_19' title='bbox 3153 527 3217 579; x_wconf 85' lang='grc' dir='ltr'><strong>ἐκ</strong></span> <span class='ocrx_word' id='word_1_20' title='bbox 3243 524 3341 595; x_wconf 82' lang='grc' dir='ltr'>τῆς</span> <span class='ocrx_word' id='word_1_21' title='bbox 3372 508 3699 595; x_wconf 64' lang='grc' dir='ltr'>Παρθένου</span> <span class='ocrx_word' id='word_1_22' title='bbox 3721 538 3851 590; x_wconf 68' lang='grc' dir='ltr'>προσ</span> 
     </span>
    </p>
   </div>
   <div class='ocr_carea' id='block_1_6' title="bbox 540 598 2138 686">
    <p class='ocr_par' dir='ltr' id='par_1_6' title="bbox 540 598 2138 686">
     <span class='ocr_line' id='line_1_6' title="bbox 540 598 2138 686; baseline -0.006 -4"><span class='ocrx_word' id='word_1_23' title='bbox 540 598 635 684; x_wconf 69' lang='grc' dir='ltr'>ἐι)</span> <span class='ocrx_word' id='word_1_24' title='bbox 665 638 853 681; x_wconf 89' lang='lat' dir='ltr'><strong>errore</strong></span> <span class='ocrx_word' id='word_1_25' title='bbox 868 637 987 686; x_wconf 81' lang='lat' dir='ltr'><strong>suo,</strong></span> <span class='ocrx_word' id='word_1_26' title='bbox 1009 618 1358 677; x_wconf 81' lang='lat' dir='ltr'><strong>etJudaicam</strong></span> <span class='ocrx_word' id='word_1_27' title='bbox 1382 617 1650 673; x_wconf 82' lang='lat' dir='ltr'><strong>insaniam</strong></span> <span class='ocrx_word' id='word_1_28' title='bbox 1672 618 1948 674; x_wconf 87' lang='lat' dir='ltr'><strong>omittant.</strong></span> <span class='ocrx_word' id='word_1_29' title='bbox 1980 637 2000 669; x_wconf 71' lang='grc' dir='ltr'><strong>ι</strong></span> <span class='ocrx_word' id='word_1_30' title='bbox 2025 617 2138 672; x_wconf 79' lang='lat' dir='ltr'><strong>Nisi</strong></span> 
     </span>
    </p>
   </div>
   <div class='ocr_carea' id='block_1_7' title="bbox 512 704 2134 780">
    <p class='ocr_par' dir='ltr' id='par_1_7' title="bbox 512 704 2134 780">
     <span class='ocr_line' id='line_1_7' title="bbox 512 704 2134 780; baseline -0.006 -8"><span class='ocrx_word' id='word_1_31' title='bbox 512 704 515 709; x_wconf 50' lang='grc'><strong>”</strong></span> <span class='ocrx_word' id='word_1_32' title='bbox 556 718 709 773; x_wconf 78' lang='lat' dir='ltr'><strong>enim</strong></span> <span class='ocrx_word' id='word_1_33' title='bbox 737 712 985 771; x_wconf 82' lang='lat' dir='ltr'><strong>conversi</strong></span> <span class='ocrx_word' id='word_1_34' title='bbox 1022 710 1243 777; x_wconf 82' lang='lat' dir='ltr'><strong>fuerint,</strong></span> <span class='ocrx_word' id='word_1_35' title='bbox 1277 708 1516 780; x_wconf 72' lang='lat' dir='ltr'><strong>gladium</strong></span> <span class='ocrx_word' id='word_1_36' title='bbox 1555 724 1713 763; x_wconf 86' lang='lat' dir='ltr'><strong>suum</strong></span> <span class='ocrx_word' id='word_1_37' title='bbox 1740 710 2008 764; x_wconf 88' lang='lat' dir='ltr'><strong>adversus</strong></span> <span class='ocrx_word' id='word_1_38' title='bbox 2038 723 2134 763; x_wconf 89' lang='lat' dir='ltr'><strong>eos</strong></span> 
     </span>
    </p>
   </div>
   <div class='ocr_carea' id='block_1_8' title="bbox 565 798 2137 879">
    <p class='ocr_par' dir='ltr' id='par_1_8' title="bbox 565 798 2137 879">
     <span class='ocr_line' id='line_1_8' title="bbox 565 798 2137 879; baseline -0.007 -14"><span class='ocrx_word' id='word_1_39' title='bbox 565 805 971 879; x_wconf 73' lang='lat' dir='ltr'><strong>sp&#39;lendilica&#39;bit</strong></span> <span class='ocrx_word' id='word_1_40' title='bbox 999 800 1371 859; x_wconf 59' lang='lat' dir='ltr'><strong>Dominus‘h</strong></span> <span class='ocrx_word' id='word_1_41' title='bbox 1400 798 1532 855; x_wconf 89' lang='lat' dir='ltr'><strong>Nam</strong></span> <span class='ocrx_word' id='word_1_42' title='bbox 1576 800 1720 870; x_wconf 87' lang='lat' dir='ltr'><strong>quod</strong></span> <span class='ocrx_word' id='word_1_43' title='bbox 1751 800 1966 855; x_wconf 90' lang='lat' dir='ltr'><strong>illorum</strong></span> <span class='ocrx_word' id='word_1_44' title='bbox 1985 799 2137 855; x_wconf 87' lang='lat' dir='ltr'><strong>blas-</strong></span> 
     </span>
    </p>
   </div>
   <div class='ocr_carea' id='block_1_9' title="bbox 565 892 2139 972">
    <p class='ocr_par' dir='ltr' id='par_1_9' title="bbox 565 892 2139 972">
     <span class='ocr_line' id='line_1_9' title="bbox 565 892 2139 972; baseline -0.006 -16"><span class='ocrx_word' id='word_1_45' title='bbox 565 900 835 972; x_wconf 83' lang='lat' dir='ltr'><strong>phemiam</strong></span> <span class='ocrx_word' id='word_1_46' title='bbox 884 898 1002 952; x_wconf 88' lang='lat' dir='ltr'><strong>sine</strong></span> <span class='ocrx_word' id='word_1_47' title='bbox 1028 894 1136 950; x_wconf 92' lang='lat' dir='ltr'><strong>ﬁne</strong></span> <span class='ocrx_word' id='word_1_48' title='bbox 1171 908 1279 949; x_wconf 90' lang='lat' dir='ltr'><strong>non</strong></span> <span class='ocrx_word' id='word_1_49' title='bbox 1310 894 1381 948; x_wconf 91' lang='lat' dir='ltr'><strong>sit</strong></span> <span class='ocrx_word' id='word_1_50' title='bbox 1403 892 1734 964; x_wconf 85' lang='lat' dir='ltr'><strong>perlaturus,</strong></span> <span class='ocrx_word' id='word_1_51' title='bbox 1750 901 1805 948; x_wconf 90' lang='lat' dir='ltr'><strong>et</strong></span> <span class='ocrx_word' id='word_1_52' title='bbox 1832 893 1974 963; x_wconf 88' lang='lat' dir='ltr'><strong>quod</strong></span> <span class='ocrx_word' id='word_1_53' title='bbox 1999 908 2139 948; x_wconf 88' lang='lat' dir='ltr'><strong>non-</strong></span> 
     </span>
    </p>
   </div>
   <div class='ocr_carea' id='block_1_10' title="bbox 565 984 2137 1061">
    <p class='ocr_par' dir='ltr' id='par_1_10' title="bbox 565 984 2137 1061">
     <span class='ocr_line' id='line_1_10' title="bbox 565 984 2137 1061; baseline -0.005 -13"><span class='ocrx_word' id='word_1_54' title='bbox 565 992 669 1048; x_wconf 88' lang='lat' dir='ltr'><strong>nisi</strong></span> <span class='ocrx_word' id='word_1_55' title='bbox 696 988 1112 1061; x_wconf 79' lang='lat' dir='ltr'><strong>longanimitate</strong></span> <span class='ocrx_word' id='word_1_56' title='bbox 1138 1001 1234 1041; x_wconf 90' lang='lat' dir='ltr'><strong>sua</strong></span> <span class='ocrx_word' id='word_1_57' title='bbox 1288 1000 1436 1041; x_wconf 89' lang='lat' dir='ltr'><strong>nunc</strong></span> <span class='ocrx_word' id='word_1_58' title='bbox 1480 984 1647 1040; x_wconf 86' lang='lat' dir='ltr'><strong>etiam</strong></span> <span class='ocrx_word' id='word_1_59' title='bbox 1704 985 1961 1055; x_wconf 86' lang='lat' dir='ltr'><strong>patiatur,</strong></span> <span class='ocrx_word' id='word_1_60' title='bbox 2014 985 2137 1040; x_wconf 88' lang='lat' dir='ltr'><strong>audi</strong></span> 
     </span>
    </p>
   </div>
   <div class='ocr_carea' id='block_1_11' title="bbox 564 1074 2137 1151">
    <p class='ocr_par' dir='ltr' id='par_1_11' title="bbox 564 1074 2137 1151">
     <span class='ocr_line' id='line_1_11' title="bbox 564 1074 2137 1151; baseline -0.005 -16"><span class='ocrx_word' id='word_1_61' title='bbox 564 1080 691 1151; x_wconf 91' lang='lat' dir='ltr'><strong>quid</strong></span> <span class='ocrx_word' id='word_1_62' title='bbox 716 1094 813 1149; x_wconf 91' lang='lat' dir='ltr'><strong>per</strong></span> <span class='ocrx_word' id='word_1_63' title='bbox 836 1079 1051 1133; x_wconf 89' lang='lat' dir='ltr'><strong>beatum</strong></span> <span class='ocrx_word' id='word_1_64' title='bbox 1075 1076 1399 1146; x_wconf 75' lang='lat' dir='ltr'><strong>prophetam</strong></span> <span class='ocrx_word' id='word_1_65' title='bbox 1428 1074 1596 1137; x_wconf 85' lang='lat' dir='ltr'><strong>dicat,</strong></span> <span class='ocrx_word' id='word_1_66' title='bbox 1618 1084 1672 1128; x_wconf 93' lang='lat' dir='ltr'><strong>ut</strong></span> <span class='ocrx_word' id='word_1_67' title='bbox 1700 1074 1959 1131; x_wconf 90' lang='lat' dir='ltr'><strong>ultionem</strong></span> <span class='ocrx_word' id='word_1_68' title='bbox 1981 1089 2137 1130; x_wconf 89' lang='lat' dir='ltr'><strong>suam</strong></span> 
     </span>
    </p>
   </div>
   <div class='ocr_carea' id='block_1_12' title="bbox 562 1164 2137 1240">
    <p class='ocr_par' dir='ltr' id='par_1_12' title="bbox 562 1164 2137 1240">
     <span class='ocr_line' id='line_1_12' title="bbox 562 1164 2137 1240; baseline -0.004 -14"><span class='ocrx_word' id='word_1_69' title='bbox 562 1180 684 1240; x_wconf 92' lang='lat' dir='ltr'><strong>post</strong></span> <span class='ocrx_word' id='word_1_70' title='bbox 714 1169 972 1225; x_wconf 88' lang='lat' dir='ltr'><strong>tuleratos</strong></span> <span class='ocrx_word' id='word_1_71' title='bbox 1002 1167 1094 1223; x_wconf 93' lang='lat' dir='ltr'><strong>diu</strong></span> <span class='ocrx_word' id='word_1_72' title='bbox 1137 1166 1280 1231; x_wconf 87' lang='lat' dir='ltr'><strong>illos,</strong></span> <span class='ocrx_word' id='word_1_73' title='bbox 1337 1166 1430 1236; x_wconf 86' lang='lat' dir='ltr'><strong>qui</strong></span> <span class='ocrx_word' id='word_1_74' title='bbox 1470 1166 1524 1220; x_wconf 93' lang='lat' dir='ltr'><strong>in</strong></span> <span class='ocrx_word' id='word_1_75' title='bbox 1576 1164 1780 1221; x_wconf 88' lang='lat' dir='ltr'><strong>malitia</strong></span> <span class='ocrx_word' id='word_1_76' title='bbox 1819 1179 2137 1235; x_wconf 87' lang='lat' dir='ltr'><strong>persevera-</strong></span> 
     </span>
    </p>
   </div>
   <div class='ocr_carea' id='block_1_13' title="bbox 561 1257 2138 1329">
    <p class='ocr_par' dir='ltr' id='par_1_13' title="bbox 561 1257 2138 1329">
     <span class='ocr_line' id='line_1_13' title="bbox 561 1257 2138 1329; baseline -0.003 -13"><span class='ocrx_word' id='word_1_77' title='bbox 561 1270 709 1329; x_wconf 83' lang='lat' dir='ltr'><strong>runt,</strong></span> <span class='ocrx_word' id='word_1_78' title='bbox 741 1262 1076 1316; x_wconf 90' lang='lat' dir='ltr'><strong>demonstret</strong></span> <span class='ocrx_word' id='word_1_79' title='bbox 1108 1273 1123 1310; x_wconf 92' lang='lat'><strong>:</strong></span> <span class='ocrx_word' id='word_1_80' title='bbox 1158 1276 1178 1310; x_wconf 86' lang='grc'><strong>‹</strong></span> <span class='ocrx_word' id='word_1_81' title='bbox 1213 1257 1405 1324; x_wconf 82' lang='lat' dir='ltr'><strong>Tacui,</strong></span> <span class='ocrx_word' id='word_1_82' title='bbox 1450 1257 1665 1329; x_wconf 85' lang='lat' dir='ltr'><strong>inquit,</strong></span> <span class='ocrx_word' id='word_1_83' title='bbox 1711 1258 1807 1313; x_wconf 85' lang='lat' dir='ltr'><strong>sed</strong></span> <span class='ocrx_word' id='word_1_84' title='bbox 1841 1273 1968 1311; x_wconf 91' lang='lat' dir='ltr'><strong>num</strong></span> <span class='ocrx_word' id='word_1_85' title='bbox 2009 1272 2138 1325; x_wconf 91' lang='lat' dir='ltr'><strong>per-</strong></span> 
     </span>
    </p>
   </div>
   <div class='ocr_carea' id='block_1_14' title="bbox 558 1348 2137 1424">
    <p class='ocr_par' dir='ltr' id='par_1_14' title="bbox 558 1348 2137 1424">
     <span class='ocr_line' id='line_1_14' title="bbox 558 1348 2137 1424; baseline -0.001 -18"><span class='ocrx_word' id='word_1_86' title='bbox 558 1362 723 1424; x_wconf 88' lang='lat' dir='ltr'><strong>petuo</strong></span> <span class='ocrx_word' id='word_1_87' title='bbox 744 1350 935 1407; x_wconf 83' lang='lat' dir='ltr'><strong>tacebo</strong></span> <span class='ocrx_word' id='word_1_88' title='bbox 969 1364 1034 1404; x_wconf 91' lang='lat' dir='ltr'><strong>ac</strong></span> <span class='ocrx_word' id='word_1_89' title='bbox 1085 1348 1376 1405; x_wconf 88' lang='lat' dir='ltr'><strong>tolerabo?</strong></span> <span class='ocrx_word' id='word_1_90' title='bbox 1423 1348 1646 1405; x_wconf 87' lang='lat' dir='ltr'><strong>Patiens</strong></span> <span class='ocrx_word' id='word_1_91' title='bbox 1675 1348 1750 1403; x_wconf 83' lang='lat' dir='ltr'><strong>fui</strong></span> <span class='ocrx_word' id='word_1_92' title='bbox 1782 1348 2137 1418; x_wconf 86' lang='lat' dir='ltr'><strong>parturientis</strong></span> 
     </span>
    </p>
   </div>
   <div class='ocr_carea' id='block_1_15' title="bbox 556 1440 2138 1511">
    <p class='ocr_par' dir='ltr' id='par_1_15' title="bbox 556 1440 2138 1511">
     <span class='ocr_line' id='line_1_15' title="bbox 556 1440 2138 1511; baseline -0.004 -10"><span class='ocrx_word' id='word_1_93' title='bbox 556 1448 754 1501; x_wconf 86' lang='lat' dir='ltr'><strong>instar.</strong></span> <span class='ocrx_word' id='word_1_94' title='bbox 789 1442 945 1497; x_wconf 87' lang='lat' dir='ltr'><strong>Nunc</strong></span> <span class='ocrx_word' id='word_1_95' title='bbox 990 1440 1269 1511; x_wconf 86' lang='lat' dir='ltr'><strong>dissipabo</strong></span> <span class='ocrx_word' id='word_1_96' title='bbox 1296 1449 1352 1495; x_wconf 91' lang='lat' dir='ltr'><strong>et</strong></span> <span class='ocrx_word' id='word_1_97' title='bbox 1389 1440 1682 1498; x_wconf 83' lang='lat' dir='ltr'><strong>exsiccabo</strong></span> <span class='ocrx_word' id='word_1_98' title='bbox 1719 1440 1904 1509; x_wconf 84' lang='lat' dir='ltr'><strong>simul,</strong></span> <span class='ocrx_word' id='word_1_99' title='bbox 1951 1442 2138 1498; x_wconf 85' lang='lat' dir='ltr'><strong>deser-</strong></span> 
     </span>
    </p>
   </div>
   <div class='ocr_carea' id='block_1_16' title="bbox 557 1533 2136 1604">
    <p class='ocr_par' dir='ltr' id='par_1_16' title="bbox 557 1533 2136 1604">
     <span class='ocr_line' id='line_1_16' title="bbox 557 1533 2136 1604; baseline -0.003 -10"><span class='ocrx_word' id='word_1_100' title='bbox 557 1540 685 1594; x_wconf 84' lang='lat' dir='ltr'><strong>tabo</strong></span> <span class='ocrx_word' id='word_1_101' title='bbox 717 1546 929 1593; x_wconf 86' lang='lat' dir='ltr'><strong>montes</strong></span> <span class='ocrx_word' id='word_1_102' title='bbox 950 1542 1006 1590; x_wconf 90' lang='lat' dir='ltr'><strong>et</strong></span> <span class='ocrx_word' id='word_1_103' title='bbox 1036 1533 1226 1600; x_wconf 84' lang='lat' dir='ltr'><strong>colles,</strong></span> <span class='ocrx_word' id='word_1_104' title='bbox 1260 1542 1315 1590; x_wconf 89' lang='lat' dir='ltr'><strong>et</strong></span> <span class='ocrx_word' id='word_1_105' title='bbox 1328 1548 1489 1590; x_wconf 91' lang='lat' dir='ltr'><strong>omne</strong></span> <span class='ocrx_word' id='word_1_106' title='bbox 1516 1549 1740 1604; x_wconf 78' lang='lat' dir='ltr'><strong>gramen</strong></span> <span class='ocrx_word' id='word_1_107' title='bbox 1762 1534 1982 1589; x_wconf 89' lang='lat' dir='ltr'><strong>illorum</strong></span> <span class='ocrx_word' id='word_1_108' title='bbox 2010 1549 2136 1590; x_wconf 90' lang='lat' dir='ltr'><strong>are-</strong></span> 
     </span>
    </p>
   </div>
   <div class='ocr_carea' id='block_1_17' title="bbox 558 1623 2137 1698">
    <p class='ocr_par' dir='ltr' id='par_1_17' title="bbox 558 1623 2137 1698">
     <span class='ocr_line' id='line_1_17' title="bbox 558 1623 2137 1698; baseline -0.003 -14"><span class='ocrx_word' id='word_1_109' title='bbox 558 1630 774 1695; x_wconf 87' lang='lat' dir='ltr'><strong>faciam,</strong></span> <span class='ocrx_word' id='word_1_110' title='bbox 804 1641 1005 1698; x_wconf 83' lang='lat' dir='ltr'><strong>ponam</strong></span> <span class='ocrx_word' id='word_1_111' title='bbox 1040 1623 1262 1680; x_wconf 85' lang='lat' dir='ltr'><strong>ﬁumina</strong></span> <span class='ocrx_word' id='word_1_112' title='bbox 1298 1624 1352 1678; x_wconf 94' lang='lat' dir='ltr'><strong>in</strong></span> <span class='ocrx_word' id='word_1_113' title='bbox 1382 1623 1624 1691; x_wconf 87' lang='lat' dir='ltr'><strong>insulas,</strong></span> <span class='ocrx_word' id='word_1_114' title='bbox 1673 1632 1729 1680; x_wconf 93' lang='lat' dir='ltr'><strong>et</strong></span> <span class='ocrx_word' id='word_1_115' title='bbox 1769 1624 1992 1695; x_wconf 89' lang='lat' dir='ltr'><strong>paludes</strong></span> <span class='ocrx_word' id='word_1_116' title='bbox 2040 1639 2137 1679; x_wconf 80' lang='lat' dir='ltr'><strong>ex-</strong></span> 
     </span>
    </p>
   </div>
   <div class='ocr_carea' id='block_1_18' title="bbox 558 1714 2134 1785">
    <p class='ocr_par' dir='ltr' id='par_1_18' title="bbox 558 1714 2134 1785">
     <span class='ocr_line' id='line_1_18' title="bbox 558 1714 2134 1785; baseline -0.003 -9"><span class='ocrx_word' id='word_1_117' title='bbox 558 1734 811 1776; x_wconf 82' lang='lat' dir='ltr'><strong>arescere</strong></span> <span class='ocrx_word' id='word_1_118' title='bbox 848 1717 1044 1772; x_wconf 77' lang='lat' dir='ltr'><strong>laciam</strong></span> <span class='ocrx_word' id='word_1_119' title='bbox 1091 1716 1159 1770; x_wconf 77' lang='grc'><strong>⁸⁸.</strong></span> <span class='ocrx_word' id='word_1_120' title='bbox 1200 1735 1219 1768; x_wconf 74' lang='grc' dir='ltr'><strong>ι</strong></span> <span class='ocrx_word' id='word_1_121' title='bbox 1268 1714 1454 1785; x_wconf 83' lang='lat' dir='ltr'><strong>Neque</strong></span> <span class='ocrx_word' id='word_1_122' title='bbox 1495 1730 1653 1772; x_wconf 88' lang='lat' dir='ltr'><strong>secus</strong></span> <span class='ocrx_word' id='word_1_123' title='bbox 1683 1716 2134 1785; x_wconf 65' lang='lat' dir='ltr'><strong>praeclarissimus</strong></span> 
     </span>
    </p>
   </div>
   <div class='ocr_carea' id='block_1_19' title="bbox 564 1804 2129 1881">
    <p class='ocr_par' dir='ltr' id='par_1_19' title="bbox 564 1804 2129 1881">
     <span class='ocr_line' id='line_1_19' title="bbox 564 1804 2129 1881; baseline -0.004 -17"><span class='ocrx_word' id='word_1_124' title='bbox 564 1809 855 1881; x_wconf 80' lang='lat' dir='ltr'><strong>ﬂytnnista</strong></span> <span class='ocrx_word' id='word_1_125' title='bbox 884 1806 1118 1861; x_wconf 89' lang='lat' dir='ltr'><strong>celerem</strong></span> <span class='ocrx_word' id='word_1_126' title='bbox 1152 1804 1441 1873; x_wconf 89' lang='lat' dir='ltr'><strong>impiorum</strong></span> <span class='ocrx_word' id='word_1_127' title='bbox 1481 1804 1779 1874; x_wconf 90' lang='lat' dir='ltr'><strong>perniciem</strong></span> <span class='ocrx_word' id='word_1_128' title='bbox 1806 1804 1926 1860; x_wconf 79' lang='lat' dir='ltr'><strong>{ore</strong></span> <span class='ocrx_word' id='word_1_129' title='bbox 1954 1805 2129 1870; x_wconf 89' lang='lat' dir='ltr'><strong>docet,</strong></span> 
     </span>
    </p>
   </div>
   <div class='ocr_carea' id='block_1_20' title="bbox 2244 615 3851 688">
    <p class='ocr_par' dir='ltr' id='par_1_20' title="bbox 2244 615 3851 688">
     <span class='ocr_line' id='line_1_20' title="bbox 2244 615 3851 688; baseline -0.001 -19"><span class='ocrx_word' id='word_1_130' title='bbox 2244 615 2455 683; x_wconf 65' lang='grc' dir='ltr'>ελθὼν,</span> <span class='ocrx_word' id='word_1_131' title='bbox 2474 619 3035 688; x_wconf 62' lang='grc' dir='ltr'>μεταγιωσκὲτωσαν</span> <span class='ocrx_word' id='word_1_132' title='bbox 3057 621 3104 672; x_wconf 84' lang='grc' dir='ltr'>οἱ</span> <span class='ocrx_word' id='word_1_133' title='bbox 3136 617 3587 688; x_wconf 80' lang='grc' dir='ltr'><strong>πεπλανημένοι,</strong></span> <span class='ocrx_word' id='word_1_134' title='bbox 3626 616 3731 667; x_wconf 69' lang='grc' dir='ltr'><strong>καὶ</strong></span> <span class='ocrx_word' id='word_1_135' title='bbox 3758 616 3851 683; x_wconf 79' lang='grc' dir='ltr'>τῆς</span> 
     </span>
    </p>
   </div>
   <div class='ocr_carea' id='block_1_21' title="bbox 2255 705 3851 780">
    <p class='ocr_par' dir='ltr' id='par_1_21' title="bbox 2255 705 3851 780">
     <span class='ocr_line' id='line_1_21' title="bbox 2255 705 3851 780; baseline -0.001 -19"><span class='ocrx_word' id='word_1_136' title='bbox 2255 709 2551 780; x_wconf 82' lang='grc' dir='ltr'>Ἰουδαϊκῆς</span> <span class='ocrx_word' id='word_1_137' title='bbox 2587 709 2773 773; x_wconf 86' lang='grc' dir='ltr'>ἀνοίας</span> <span class='ocrx_word' id='word_1_138' title='bbox 2815 710 3165 780; x_wconf 84' lang='grc' dir='ltr'>ληγέτωσαν·</span> <span class='ocrx_word' id='word_1_139' title='bbox 3209 727 3228 761; x_wconf 75' lang='grc' dir='ltr'><strong>ι</strong></span> <span class='ocrx_word' id='word_1_140' title='bbox 3267 709 3392 763; x_wconf 79' lang='grc' dir='ltr'><strong>Ἐὰν</strong></span> <span class='ocrx_word' id='word_1_141' title='bbox 3420 708 3548 777; x_wconf 81' lang='grc' dir='ltr'><strong>γὰρ</strong></span> <span class='ocrx_word' id='word_1_142' title='bbox 3606 706 3693 775; x_wconf 79' lang='grc' dir='ltr'>μὴ</span> <span class='ocrx_word' id='word_1_143' title='bbox 3741 705 3851 757; x_wconf 84' lang='grc' dir='ltr'>ἐπι-</span> 
     </span>
    </p>
   </div>
   <div class='ocr_carea' id='block_1_22' title="bbox 2243 797 3849 874">
    <p class='ocr_par' dir='ltr' id='par_1_22' title="bbox 2243 797 3849 874">
     <span class='ocr_line' id='line_1_22' title="bbox 2243 797 3849 874; baseline -0.004 -19"><span class='ocrx_word' id='word_1_144' title='bbox 2243 800 2575 874; x_wconf 86' lang='grc' dir='ltr'>στραφῶσιν,</span> <span class='ocrx_word' id='word_1_145' title='bbox 2610 802 2708 872; x_wconf 77' lang='grc' dir='ltr'>τὴν</span> <span class='ocrx_word' id='word_1_146' title='bbox 2760 801 3038 871; x_wconf 79' lang='grc' dir='ltr'><strong>ῥομφαίαν</strong></span> <span class='ocrx_word' id='word_1_147' title='bbox 3090 799 3256 853; x_wconf 78' lang='grc' dir='ltr'>αὐτοῦ</span> <span class='ocrx_word' id='word_1_148' title='bbox 3290 800 3410 853; x_wconf 87' lang='grc' dir='ltr'>κατ’</span> <span class='ocrx_word' id='word_1_149' title='bbox 3452 797 3670 852; x_wconf 78' lang='grc' dir='ltr'>αὐτῶν</span> <span class='ocrx_word' id='word_1_150' title='bbox 3708 798 3849 849; x_wconf 85' lang='grc' dir='ltr'>στιλ-</span> 
     </span>
    </p>
   </div>
   <div class='ocr_carea' id='block_1_23' title="bbox 2243 887 3853 963">
    <p class='ocr_par' dir='ltr' id='par_1_23' title="bbox 2243 887 3853 963">
     <span class='ocr_line' id='line_1_23' title="bbox 2243 887 3853 963; baseline -0.002 -18"><span class='ocrx_word' id='word_1_151' title='bbox 2243 891 2406 961; x_wconf 84' lang='grc' dir='ltr'>βώσει</span> <span class='ocrx_word' id='word_1_152' title='bbox 2440 891 2666 963; x_wconf 84' lang='grc' dir='ltr'>Κύριος.</span> <span class='ocrx_word' id='word_1_153' title='bbox 2701 910 2720 943; x_wconf 69' lang='grc' dir='ltr'><strong>ι</strong></span> <span class='ocrx_word' id='word_1_154' title='bbox 2751 892 2875 945; x_wconf 74' lang='grc' dir='ltr'><strong>Ὀτι</strong></span> <span class='ocrx_word' id='word_1_155' title='bbox 2899 890 3008 960; x_wconf 88' lang='grc' dir='ltr'><strong>γὰρ</strong></span> <span class='ocrx_word' id='word_1_156' title='bbox 3026 891 3127 944; x_wconf 79' lang='grc' dir='ltr'>οὐκ</span> <span class='ocrx_word' id='word_1_157' title='bbox 3149 892 3228 955; x_wconf 83' lang='grc' dir='ltr'><strong>είς</strong></span> <span class='ocrx_word' id='word_1_158' title='bbox 3251 890 3405 953; x_wconf 83' lang='grc' dir='ltr'>τέλος</span> <span class='ocrx_word' id='word_1_159' title='bbox 3434 888 3645 943; x_wconf 83' lang='grc' dir='ltr'>αὐτῶν</span> <span class='ocrx_word' id='word_1_160' title='bbox 3668 887 3853 955; x_wconf 77' lang='grc' dir='ltr'>ἀνέξε-</span> 
     </span>
    </p>
   </div>
   <div class='ocr_carea' id='block_1_24' title="bbox 2238 980 3850 1056">
    <p class='ocr_par' dir='ltr' id='par_1_24' title="bbox 2238 980 3850 1056">
     <span class='ocr_line' id='line_1_24' title="bbox 2238 980 3850 1056; baseline -0.002 -19"><span class='ocrx_word' id='word_1_161' title='bbox 2238 1002 2329 1037; x_wconf 90' lang='grc' dir='ltr'><strong>ται</strong></span> <span class='ocrx_word' id='word_1_162' title='bbox 2383 982 2870 1056; x_wconf 77' lang='grc' dir='ltr'><strong>βλασφημούντων,</strong></span> <span class='ocrx_word' id='word_1_163' title='bbox 2912 983 3007 1036; x_wconf 77' lang='grc' dir='ltr'>καὶ</span> <span class='ocrx_word' id='word_1_164' title='bbox 3038 983 3127 1037; x_wconf 81' lang='grc' dir='ltr'>διὰ</span> <span class='ocrx_word' id='word_1_165' title='bbox 3169 980 3571 1054; x_wconf 81' lang='grc' dir='ltr'><strong>μακροθυμίαν</strong></span> <span class='ocrx_word' id='word_1_166' title='bbox 3615 980 3705 1033; x_wconf 79' lang='grc' dir='ltr'>ἔτι</span> <span class='ocrx_word' id='word_1_167' title='bbox 3762 983 3850 1034; x_wconf 84' lang='grc' dir='ltr'>καὶ</span> 
     </span>
    </p>
   </div>
   <div class='ocr_carea' id='block_1_25' title="bbox 2240 1072 3849 1146">
    <p class='ocr_par' dir='ltr' id='par_1_25' title="bbox 2240 1072 3849 1146">
     <span class='ocr_line' id='line_1_25' title="bbox 2240 1072 3849 1146; baseline -0.002 -17"><span class='ocrx_word' id='word_1_168' title='bbox 2240 1074 2338 1129; x_wconf 82' lang='grc' dir='ltr'><strong>νῦν</strong></span> <span class='ocrx_word' id='word_1_169' title='bbox 2376 1075 2631 1146; x_wconf 81' lang='grc' dir='ltr'><strong>ἀνέχεται</strong></span> <span class='ocrx_word' id='word_1_170' title='bbox 2686 1074 3150 1145; x_wconf 75' lang='grc' dir='ltr'>βλασφημούντων</span> <span class='ocrx_word' id='word_1_171' title='bbox 3173 1113 3189 1139; x_wconf 93' lang='grc'><strong>,</strong></span> <span class='ocrx_word' id='word_1_172' title='bbox 3236 1074 3402 1128; x_wconf 79' lang='grc' dir='ltr'>ἄκουε</span> <span class='ocrx_word' id='word_1_173' title='bbox 3431 1072 3488 1125; x_wconf 92' lang='grc' dir='ltr'><strong>τί</strong></span> <span class='ocrx_word' id='word_1_174' title='bbox 3548 1089 3734 1142; x_wconf 81' lang='grc' dir='ltr'>φησιν</span> <span class='ocrx_word' id='word_1_175' title='bbox 3766 1073 3849 1126; x_wconf 74' lang='grc' dir='ltr'>διὰ</span> 
     </span>
    </p>
   </div>
   <div class='ocr_carea' id='block_1_26' title="bbox 2239 1164 3846 1241">
    <p class='ocr_par' dir='ltr' id='par_1_26' title="bbox 2239 1164 3846 1241">
     <span class='ocr_line' id='line_1_26' title="bbox 2239 1164 3846 1241; baseline -0.002 -19"><span class='ocrx_word' id='word_1_176' title='bbox 2239 1166 2333 1222; x_wconf 77' lang='grc' dir='ltr'><strong>τοῦ</strong></span> <span class='ocrx_word' id='word_1_177' title='bbox 2365 1169 2639 1241; x_wconf 81' lang='grc' dir='ltr'>μακαρίου</span> <span class='ocrx_word' id='word_1_178' title='bbox 2690 1168 2995 1240; x_wconf 80' lang='grc' dir='ltr'>προφήτου,</span> <span class='ocrx_word' id='word_1_179' title='bbox 3040 1167 3143 1237; x_wconf 81' lang='grc' dir='ltr'><strong>τὴν</strong></span> <span class='ocrx_word' id='word_1_180' title='bbox 3176 1168 3241 1220; x_wconf 88' lang='grc' dir='ltr'><strong>ἐκ</strong></span> <span class='ocrx_word' id='word_1_181' title='bbox 3282 1165 3384 1237; x_wconf 82' lang='grc' dir='ltr'>τῆς</span> <span class='ocrx_word' id='word_1_182' title='bbox 3433 1164 3661 1234; x_wconf 82' lang='grc' dir='ltr'>ἀνοχῆς</span> <span class='ocrx_word' id='word_1_183' title='bbox 3714 1166 3846 1235; x_wconf 75' lang='grc' dir='ltr'>πρὸς</span> 
     </span>
    </p>
   </div>
   <div class='ocr_carea' id='block_1_27' title="bbox 2239 1256 3843 1333">
    <p class='ocr_par' dir='ltr' id='par_1_27' title="bbox 2239 1256 3843 1333">
     <span class='ocr_line' id='line_1_27' title="bbox 2239 1256 3843 1333; baseline -0.004 -17"><span class='ocrx_word' id='word_1_184' title='bbox 2239 1262 2367 1325; x_wconf 81' lang='grc' dir='ltr'>τοὺς</span> <span class='ocrx_word' id='word_1_185' title='bbox 2405 1261 2763 1333; x_wconf 76' lang='grc' dir='ltr'>ἐπιμένοντας</span> <span class='ocrx_word' id='word_1_186' title='bbox 2802 1263 2870 1330; x_wconf 81' lang='grc' dir='ltr'>τῇ</span> <span class='ocrx_word' id='word_1_187' title='bbox 2908 1259 3081 1329; x_wconf 81' lang='grc' dir='ltr'>κακίᾳ</span> <span class='ocrx_word' id='word_1_188' title='bbox 3135 1257 3488 1329; x_wconf 73' lang='grc' dir='ltr'>ἐπαγομένην</span> <span class='ocrx_word' id='word_1_189' title='bbox 3546 1256 3843 1327; x_wconf 71' lang='grc' dir='ltr'><strong>ἐκδίκησιν</strong></span> 
     </span>
    </p>
   </div>
   <div class='ocr_carea' id='block_1_28' title="bbox 2237 1348 3837 1426">
    <p class='ocr_par' dir='ltr' id='par_1_28' title="bbox 2237 1348 3837 1426">
     <span class='ocr_line' id='line_1_28' title="bbox 2237 1348 3837 1426; baseline -0.004 -19"><span class='ocrx_word' id='word_1_190' title='bbox 2237 1354 2445 1426; x_wconf 82' lang='grc' dir='ltr'>δηλῶν·</span> <span class='ocrx_word' id='word_1_191' title='bbox 2483 1374 2502 1406; x_wconf 83' lang='grc'>‹</span> <span class='ocrx_word' id='word_1_192' title='bbox 2537 1352 2874 1423; x_wconf 86' lang='grc' dir='ltr'>Ἐσιώπησα,</span> <span class='ocrx_word' id='word_1_193' title='bbox 2906 1351 3060 1419; x_wconf 78' lang='grc' dir='ltr'>φησί’</span> <span class='ocrx_word' id='word_1_194' title='bbox 3092 1349 3168 1421; x_wconf 84' lang='grc' dir='ltr'>μὴ</span> <span class='ocrx_word' id='word_1_195' title='bbox 3194 1349 3289 1404; x_wconf 75' lang='grc' dir='ltr'>καὶ</span> <span class='ocrx_word' id='word_1_196' title='bbox 3311 1350 3399 1403; x_wconf 72' lang='grc' dir='ltr'><strong>ἀεὶ</strong></span> <span class='ocrx_word' id='word_1_197' title='bbox 3435 1348 3837 1418; x_wconf 82' lang='grc' dir='ltr'>σιωπήσομαι,</span> 
     </span>
    </p>
   </div>
   <div class='ocr_carea' id='block_1_29' title="bbox 2237 1440 3842 1516">
    <p class='ocr_par' dir='ltr' id='par_1_29' title="bbox 2237 1440 3842 1516">
     <span class='ocr_line' id='line_1_29' title="bbox 2237 1440 3842 1516; baseline -0.006 -17"><span class='ocrx_word' id='word_1_198' title='bbox 2237 1447 2334 1499; x_wconf 71' lang='grc' dir='ltr'>καὶ</span> <span class='ocrx_word' id='word_1_199' title='bbox 2358 1444 2653 1516; x_wconf 83' lang='grc' dir='ltr'>ἁνέξομαι;</span> <span class='ocrx_word' id='word_1_200' title='bbox 2690 1445 3072 1514; x_wconf 85' lang='grc' dir='ltr'>Ἐκαρτέρησα</span> <span class='ocrx_word' id='word_1_201' title='bbox 3108 1441 3242 1511; x_wconf 85' lang='grc' dir='ltr'><strong>ώςή</strong></span> <span class='ocrx_word' id='word_1_202' title='bbox 3288 1440 3570 1493; x_wconf 80' lang='grc' dir='ltr'>τίκτουσα</span> <span class='ocrx_word' id='word_1_203' title='bbox 3643 1440 3842 1507; x_wconf 66' lang='grc' dir='ltr'>ἐκστή-</span> 
     </span>
    </p>
   </div>
   <div class='ocr_carea' id='block_1_30' title="bbox 2238 1525 3839 1605">
    <p class='ocr_par' dir='ltr' id='par_1_30' title="bbox 2238 1525 3839 1605">
     <span class='ocr_line' id='line_1_30' title="bbox 2238 1525 3839 1605; baseline -0.007 -15"><span class='ocrx_word' id='word_1_204' title='bbox 2238 1553 2317 1590; x_wconf 91' lang='grc' dir='ltr'><strong>σω</strong></span> <span class='ocrx_word' id='word_1_205' title='bbox 2359 1537 2452 1590; x_wconf 75' lang='grc' dir='ltr'>καὶ</span> <span class='ocrx_word' id='word_1_206' title='bbox 2484 1534 2702 1605; x_wconf 83' lang='grc' dir='ltr'>ξηρανῶ</span> <span class='ocrx_word' id='word_1_207' title='bbox 2736 1534 2873 1604; x_wconf 72' lang='grc' dir='ltr'>ἅμα,</span> <span class='ocrx_word' id='word_1_208' title='bbox 2925 1533 3021 1585; x_wconf 78' lang='grc' dir='ltr'>καὶ</span> <span class='ocrx_word' id='word_1_209' title='bbox 3068 1529 3348 1603; x_wconf 85' lang='grc' dir='ltr'>ἐρημώσω</span> <span class='ocrx_word' id='word_1_210' title='bbox 3384 1530 3487 1600; x_wconf 73' lang='grc' dir='ltr'>ὅρη</span> <span class='ocrx_word' id='word_1_211' title='bbox 3544 1528 3656 1582; x_wconf 85' lang='grc' dir='ltr'>καὶ</span> <span class='ocrx_word' id='word_1_212' title='bbox 3713 1525 3839 1597; x_wconf 83' lang='grc' dir='ltr'>βου-</span> 
     </span>
    </p>
   </div>
   <div class='ocr_carea' id='block_1_31' title="bbox 2237 1618 3839 1696">
    <p class='ocr_par' dir='ltr' id='par_1_31' title="bbox 2237 1618 3839 1696">
     <span class='ocr_line' id='line_1_31' title="bbox 2237 1618 3839 1696; baseline -0.008 -14"><span class='ocrx_word' id='word_1_213' title='bbox 2237 1630 2382 1691; x_wconf 81' lang='grc' dir='ltr'>νοὺς,</span> <span class='ocrx_word' id='word_1_214' title='bbox 2406 1628 2501 1681; x_wconf 75' lang='grc' dir='ltr'>καὶ</span> <span class='ocrx_word' id='word_1_215' title='bbox 2528 1628 2705 1680; x_wconf 83' lang='grc' dir='ltr'>πάντα</span> <span class='ocrx_word' id='word_1_216' title='bbox 2728 1626 2817 1681; x_wconf 83' lang='grc' dir='ltr'>τὸν</span> <span class='ocrx_word' id='word_1_217' title='bbox 2846 1626 3040 1696; x_wconf 83' lang='grc' dir='ltr'>χόρτον</span> <span class='ocrx_word' id='word_1_218' title='bbox 3061 1622 3241 1676; x_wconf 81' lang='grc' dir='ltr'>αὐτῶν</span> <span class='ocrx_word' id='word_1_219' title='bbox 3268 1620 3492 1692; x_wconf 80' lang='grc' dir='ltr'>ξηρανῶ</span> <span class='ocrx_word' id='word_1_220' title='bbox 3512 1636 3529 1648; x_wconf 87' lang='grc'><strong>·</strong></span> <span class='ocrx_word' id='word_1_221' title='bbox 3558 1619 3665 1672; x_wconf 75' lang='grc' dir='ltr'>καὶ</span> <span class='ocrx_word' id='word_1_222' title='bbox 3694 1618 3839 1688; x_wconf 87' lang='grc' dir='ltr'>θήσω</span> 
     </span>
    </p>
   </div>
   <div class='ocr_carea' id='block_1_32' title="bbox 2237 1707 3835 1789">
    <p class='ocr_par' dir='ltr' id='par_1_32' title="bbox 2237 1707 3835 1789">
     <span class='ocr_line' id='line_1_32' title="bbox 2237 1707 3835 1789; baseline -0.008 -17"><span class='ocrx_word' id='word_1_223' title='bbox 2237 1718 2517 1789; x_wconf 79' lang='grc' dir='ltr'>ποταμοὺς</span> <span class='ocrx_word' id='word_1_224' title='bbox 2567 1719 2648 1780; x_wconf 79' lang='grc' dir='ltr'><strong>είς</strong></span> <span class='ocrx_word' id='word_1_225' title='bbox 2694 1718 2912 1787; x_wconf 78' lang='grc' dir='ltr'>νήσους,</span> <span class='ocrx_word' id='word_1_226' title='bbox 2946 1715 3042 1767; x_wconf 72' lang='grc' dir='ltr'>καὶ</span> <span class='ocrx_word' id='word_1_227' title='bbox 3072 1713 3168 1783; x_wconf 82' lang='grc' dir='ltr'><strong>ἐλη</strong></span> <span class='ocrx_word' id='word_1_228' title='bbox 3214 1712 3453 1782; x_wconf 79' lang='grc' dir='ltr'>ξηρανῶ.</span> <span class='ocrx_word' id='word_1_229' title='bbox 3506 1730 3529 1763; x_wconf 80' lang='grc'>›</span> <span class='ocrx_word' id='word_1_230' title='bbox 3577 1709 3753 1764; x_wconf 73' lang='grc' dir='ltr'>Οὐδὲν</span> <span class='ocrx_word' id='word_1_231' title='bbox 3782 1707 3835 1760; x_wconf 77' lang='grc' dir='ltr'>δὲ</span> 
     </span>
    </p>
   </div>
   <div class='ocr_carea' id='block_1_33' title="bbox 2231 1798 3836 1881">
    <p class='ocr_par' dir='ltr' id='par_1_33' title="bbox 2231 1798 3836 1881">
     <span class='ocr_line' id='line_1_33' title="bbox 2231 1798 3836 1881; baseline -0.009 -17"><span class='ocrx_word' id='word_1_232' title='bbox 2231 1804 2396 1881; x_wconf 82' lang='grc' dir='ltr'>ἦττον</span> <span class='ocrx_word' id='word_1_233' title='bbox 2424 1810 2519 1863; x_wconf 60' lang='grc' dir='ltr'><strong>καὶ⁸</strong></span> <span class='ocrx_word' id='word_1_234' title='bbox 2545 1810 2574 1862; x_wconf 90' lang='lat'><strong>6</strong></span> <span class='ocrx_word' id='word_1_235' title='bbox 2604 1807 2876 1869; x_wconf 80' lang='grc' dir='ltr'>θειότατος</span> <span class='ocrx_word' id='word_1_236' title='bbox 2903 1804 3180 1875; x_wconf 81' lang='grc' dir='ltr'>’Υμνῳδδς</span> <span class='ocrx_word' id='word_1_237' title='bbox 3216 1805 3438 1872; x_wconf 89' lang='grc' dir='ltr'>ταχεῖαν</span> <span class='ocrx_word' id='word_1_238' title='bbox 3468 1800 3593 1854; x_wconf 81' lang='grc' dir='ltr'><strong>τῶν</strong></span> <span class='ocrx_word' id='word_1_239' title='bbox 3623 1798 3836 1853; x_wconf 85' lang='grc' dir='ltr'>ἀσεϐῶν</span> 
     </span>
    </p>
   </div>
   <div class='ocr_carea' id='block_1_34' title="bbox 557 1879 2136 1969">
    <p class='ocr_par' dir='ltr' id='par_1_34' title="bbox 557 1879 2135 1968">
     <span class='ocr_line' id='line_1_34' title="bbox 557 1879 2135 1968; baseline -0.004 -11"><span class='ocrx_word' id='word_1_240' title='bbox 557 1879 660 1957; x_wconf 85' lang='lat' dir='ltr'><strong>etsi</strong></span> <span class='ocrx_word' id='word_1_241' title='bbox 691 1914 784 1956; x_wconf 92' lang='lat' dir='ltr'><strong>eos</strong></span> <span class='ocrx_word' id='word_1_242' title='bbox 815 1897 1096 1968; x_wconf 82' lang='lat' dir='ltr'><strong>aliquanto</strong></span> <span class='ocrx_word' id='word_1_243' title='bbox 1139 1906 1380 1966; x_wconf 82' lang='lat' dir='ltr'><strong>tempore</strong></span> <span class='ocrx_word' id='word_1_244' title='bbox 1416 1904 1640 1965; x_wconf 86' lang='lat' dir='ltr'><strong>propter</strong></span> <span class='ocrx_word' id='word_1_245' title='bbox 1672 1896 1771 1951; x_wconf 89' lang='lat' dir='ltr'><strong>Dei</strong></span> <span class='ocrx_word' id='word_1_246' title='bbox 1806 1895 2135 1967; x_wconf 82' lang='lat' dir='ltr'><strong>longanimi-</strong></span> 
     </span>
    </p>
   </div>
   <div class='ocr_carea' id='block_1_35' title="bbox 2241 1879 3835 1969">
    <p class='ocr_par' dir='ltr' id='par_1_35' title="bbox 2241 1879 3835 1969">
     <span class='ocr_line' id='line_1_35' title="bbox 2241 1879 3835 1969; baseline -0.008 -14"><span class='ocrx_word' id='word_1_247' title='bbox 2241 1879 2478 1957; x_wconf 82' lang='grc' dir='ltr'>διδάσκει</span> <span class='ocrx_word' id='word_1_248' title='bbox 2510 1899 2608 1969; x_wconf 79' lang='grc' dir='ltr'>τὴν</span> <span class='ocrx_word' id='word_1_249' title='bbox 2640 1896 2943 1962; x_wconf 82' lang='grc' dir='ltr'>ἀπώλειαν,</span> <span class='ocrx_word' id='word_1_250' title='bbox 2974 1896 3077 1951; x_wconf 83' lang='grc' dir='ltr'>κᾶν</span> <span class='ocrx_word' id='word_1_251' title='bbox 3112 1895 3251 1967; x_wconf 77' lang='grc' dir='ltr'>πρὸς</span> <span class='ocrx_word' id='word_1_252' title='bbox 3276 1895 3460 1962; x_wconf 79' lang='grc' dir='ltr'>ὀλίγον</span> <span class='ocrx_word' id='word_1_253' title='bbox 3491 1892 3593 1946; x_wconf 86' lang='grc' dir='ltr'><strong>διὰ</strong></span> <span class='ocrx_word' id='word_1_254' title='bbox 3629 1907 3835 1963; x_wconf 71' lang='grc' dir='ltr'><strong>μακρο⁴</strong></span> 
     </span>
    </p>
   </div>
   <div class='ocr_carea' id='block_1_36' title="bbox 549 1985 2135 2057">
    <p class='ocr_par' dir='ltr' id='par_1_36' title="bbox 549 1985 2135 2057">
     <span class='ocr_line' id='line_1_36' title="bbox 549 1985 2135 2057; baseline -0.004 -10"><span class='ocrx_word' id='word_1_255' title='bbox 549 2001 726 2047; x_wconf 71' lang='lat' dir='ltr'><strong>:tatem</strong></span> <span class='ocrx_word' id='word_1_256' title='bbox 755 1989 1019 2044; x_wconf 74' lang='lat' dir='ltr'><strong>valituros</strong></span> <span class='ocrx_word' id='word_1_257' title='bbox 1048 1988 1125 2042; x_wconf 87' lang='lat' dir='ltr'><strong>ait</strong></span> <span class='ocrx_word' id='word_1_258' title='bbox 1151 2008 1169 2040; x_wconf 81' lang='lat'><strong>.-</strong></span> <span class='ocrx_word' id='word_1_259' title='bbox 1199 2004 1220 2039; x_wconf 76' lang='grc' dir='ltr'><strong>ι</strong></span> <span class='ocrx_word' id='word_1_260' title='bbox 1255 1985 1375 2041; x_wconf 82' lang='lat' dir='ltr'><strong>Vidi</strong></span> <span class='ocrx_word' id='word_1_261' title='bbox 1399 1987 1543 2042; x_wconf 89' lang='lat' dir='ltr'><strong>enim</strong></span> <span class='ocrx_word' id='word_1_262' title='bbox 1572 1987 1796 2055; x_wconf 88' lang='lat' dir='ltr'><strong>impium</strong></span> <span class='ocrx_word' id='word_1_263' title='bbox 1823 1987 2135 2057; x_wconf 83' lang='lat' dir='ltr'><strong>superexal-</strong></span> 
     </span>
    </p>
   </div>
   <div class='ocr_carea' id='block_1_37' title="bbox 556 2075 2134 2147">
    <p class='ocr_par' dir='ltr' id='par_1_37' title="bbox 556 2075 2134 2147">
     <span class='ocr_line' id='line_1_37' title="bbox 556 2075 2134 2147; baseline -0.001 -14"><span class='ocrx_word' id='word_1_264' title='bbox 556 2090 751 2147; x_wconf 89' lang='lat' dir='ltr'><strong>tatum,</strong></span> <span class='ocrx_word' id='word_1_265' title='bbox 794 2089 849 2135; x_wconf 89' lang='lat' dir='ltr'><strong>et</strong></span> <span class='ocrx_word' id='word_1_266' title='bbox 880 2079 1148 2133; x_wconf 89' lang='lat' dir='ltr'><strong>elevatum</strong></span> <span class='ocrx_word' id='word_1_267' title='bbox 1177 2076 1317 2131; x_wconf 88' lang='lat' dir='ltr'><strong>sicut</strong></span> <span class='ocrx_word' id='word_1_268' title='bbox 1350 2075 1549 2132; x_wconf 86' lang='lat' dir='ltr'><strong>cedros</strong></span> <span class='ocrx_word' id='word_1_269' title='bbox 1582 2076 1775 2131; x_wconf 88' lang='lat' dir='ltr'><strong>Libani</strong></span> <span class='ocrx_word' id='word_1_270' title='bbox 1813 2092 1828 2129; x_wconf 92' lang='lat'><strong>:</strong></span> <span class='ocrx_word' id='word_1_271' title='bbox 1861 2085 1916 2131; x_wconf 86' lang='lat' dir='ltr'><strong>et</strong></span> <span class='ocrx_word' id='word_1_272' title='bbox 1956 2085 2134 2131; x_wconf 89' lang='lat' dir='ltr'><strong>trans-</strong></span> 
     </span>
    </p>
   </div>
   <div class='ocr_carea' id='block_1_38' title="bbox 555 2166 2135 2242">
    <p class='ocr_par' dir='ltr' id='par_1_38' title="bbox 555 2166 2135 2242">
     <span class='ocr_line' id='line_1_38' title="bbox 555 2166 2135 2242; baseline -0.003 -14"><span class='ocrx_word' id='word_1_273' title='bbox 555 2173 656 2242; x_wconf 86' lang='lat' dir='ltr'><strong>ivi,</strong></span> <span class='ocrx_word' id='word_1_274' title='bbox 690 2180 746 2227; x_wconf 90' lang='lat' dir='ltr'><strong>et</strong></span> <span class='ocrx_word' id='word_1_275' title='bbox 806 2184 934 2224; x_wconf 87' lang='lat' dir='ltr'><strong>ecce</strong></span> <span class='ocrx_word' id='word_1_276' title='bbox 964 2184 1076 2222; x_wconf 88' lang='lat' dir='ltr'><strong>non</strong></span> <span class='ocrx_word' id='word_1_277' title='bbox 1114 2176 1237 2222; x_wconf 90' lang='lat' dir='ltr'><strong>erat</strong></span> <span class='ocrx_word' id='word_1_278' title='bbox 1277 2184 1291 2220; x_wconf 89' lang='lat'><strong>:</strong></span> <span class='ocrx_word' id='word_1_279' title='bbox 1328 2166 1553 2236; x_wconf 70' lang='lat' dir='ltr'><strong>quaesivi</strong></span> <span class='ocrx_word' id='word_1_280' title='bbox 1595 2183 1717 2224; x_wconf 89' lang='lat' dir='ltr'><strong>eum</strong></span> <span class='ocrx_word' id='word_1_281' title='bbox 1745 2207 1762 2234; x_wconf 93' lang='lat'><strong>,</strong></span> <span class='ocrx_word' id='word_1_282' title='bbox 1805 2176 1861 2223; x_wconf 91' lang='lat' dir='ltr'><strong>et</strong></span> <span class='ocrx_word' id='word_1_283' title='bbox 1896 2182 2003 2223; x_wconf 93' lang='lat' dir='ltr'><strong>non</strong></span> <span class='ocrx_word' id='word_1_284' title='bbox 2048 2176 2135 2223; x_wconf 89' lang='lat' dir='ltr'><strong>est</strong></span> 
     </span>
    </p>
   </div>
   <div class='ocr_carea' id='block_1_39' title="bbox 551 2261 1302 2330">
    <p class='ocr_par' dir='ltr' id='par_1_39' title="bbox 551 2261 1302 2330">
     <span class='ocr_line' id='line_1_39' title="bbox 551 2261 1302 2330; baseline -0.008 -11"><span class='ocrx_word' id='word_1_285' title='bbox 551 2265 808 2319; x_wconf 67' lang='lat' dir='ltr'><strong>inventus</strong></span> <span class='ocrx_word' id='word_1_286' title='bbox 836 2262 990 2318; x_wconf 80' lang='lat' dir='ltr'><strong>locus</strong></span> <span class='ocrx_word' id='word_1_287' title='bbox 1017 2261 1138 2330; x_wconf 81' lang='lat' dir='ltr'><strong>ejus</strong></span> <span class='ocrx_word' id='word_1_288' title='bbox 1168 2261 1235 2313; x_wconf 67' lang='grc' dir='ltr'><strong>θ’.</strong></span> <span class='ocrx_word' id='word_1_289' title='bbox 1282 2278 1302 2314; x_wconf 75' lang='grc' dir='ltr'><strong>ι</strong></span> 
     </span>
    </p>
   </div>
   <div class='ocr_carea' id='block_1_40' title="bbox 629 2350 2138 2421">
    <p class='ocr_par' dir='ltr' id='par_1_40' title="bbox 629 2350 2138 2421">
     <span class='ocr_line' id='line_1_40' title="bbox 629 2350 2138 2421; baseline -0.001 -12"><span class='ocrx_word' id='word_1_290' title='bbox 629 2354 719 2409; x_wconf 74' lang='lat' dir='ltr'><strong>ll.</strong></span> <span class='ocrx_word' id='word_1_291' title='bbox 752 2354 881 2408; x_wconf 80' lang='lat' dir='ltr'><strong>Haec</strong></span> <span class='ocrx_word' id='word_1_292' title='bbox 908 2354 1052 2409; x_wconf 91' lang='lat' dir='ltr'><strong>enim</strong></span> <span class='ocrx_word' id='word_1_293' title='bbox 1096 2361 1153 2407; x_wconf 87' lang='lat' dir='ltr'><strong>et</strong></span> <span class='ocrx_word' id='word_1_294' title='bbox 1201 2351 1307 2406; x_wconf 89' lang='lat' dir='ltr'><strong>alia</strong></span> <span class='ocrx_word' id='word_1_295' title='bbox 1360 2350 1670 2421; x_wconf 71' lang='lat' dir='ltr'><strong>huiusmodi</strong></span> <span class='ocrx_word' id='word_1_296' title='bbox 1721 2352 2029 2407; x_wconf 88' lang='lat' dir='ltr'><strong>communia</strong></span> <span class='ocrx_word' id='word_1_297' title='bbox 2068 2353 2138 2408; x_wconf 89' lang='lat' dir='ltr'><strong>iis</strong></span> 
     </span>
    </p>
   </div>
   <div class='ocr_carea' id='block_1_41' title="bbox 556 2442 2139 2515">
    <p class='ocr_par' dir='ltr' id='par_1_41' title="bbox 556 2442 2139 2515">
     <span class='ocr_line' id='line_1_41' title="bbox 556 2442 2139 2515; baseline -0.003 -13"><span class='ocrx_word' id='word_1_298' title='bbox 556 2447 812 2504; x_wconf 88' lang='lat' dir='ltr'><strong>omnibus</strong></span> <span class='ocrx_word' id='word_1_299' title='bbox 837 2454 984 2509; x_wconf 92' lang='lat' dir='ltr'><strong>sunt,</strong></span> <span class='ocrx_word' id='word_1_300' title='bbox 1012 2444 1108 2515; x_wconf 88' lang='lat' dir='ltr'><strong>qui</strong></span> <span class='ocrx_word' id='word_1_301' title='bbox 1164 2452 1327 2498; x_wconf 76' lang='lat' dir='ltr'><strong>rectae</strong></span> <span class='ocrx_word' id='word_1_302' title='bbox 1378 2442 1501 2499; x_wconf 87' lang='lat' dir='ltr'><strong>ﬁdei</strong></span> <span class='ocrx_word' id='word_1_303' title='bbox 1541 2443 1851 2513; x_wconf 83' lang='lat' dir='ltr'><strong>dispergere</strong></span> <span class='ocrx_word' id='word_1_304' title='bbox 1890 2443 2139 2498; x_wconf 88' lang='lat' dir='ltr'><strong>nituntur</strong></span> 
     </span>
    </p>
   </div>
   <div class='ocr_carea' id='block_1_42' title="bbox 556 2532 2137 2603">
    <p class='ocr_par' dir='ltr' id='par_1_42' title="bbox 556 2532 2137 2603">
     <span class='ocr_line' id='line_1_42' title="bbox 556 2532 2137 2603; baseline -0.003 -12"><span class='ocrx_word' id='word_1_305' title='bbox 556 2536 720 2603; x_wconf 85' lang='lat' dir='ltr'><strong>ovile,</strong></span> <span class='ocrx_word' id='word_1_306' title='bbox 749 2534 909 2590; x_wconf 86' lang='lat' dir='ltr'><strong>sicuti</strong></span> <span class='ocrx_word' id='word_1_307' title='bbox 943 2543 999 2589; x_wconf 90' lang='lat' dir='ltr'><strong>et</strong></span> <span class='ocrx_word' id='word_1_308' title='bbox 1048 2532 1432 2602; x_wconf 52' lang='lat' dir='ltr'><strong>praedictarum</strong></span> <span class='ocrx_word' id='word_1_309' title='bbox 1479 2534 1760 2597; x_wconf 69' lang='lat' dir='ltr'><strong>haereseon</strong></span> <span class='ocrx_word' id='word_1_310' title='bbox 1812 2533 1996 2587; x_wconf 78' lang='lat' dir='ltr'><strong>exitus</strong></span> <span class='ocrx_word' id='word_1_311' title='bbox 2044 2548 2137 2588; x_wconf 89' lang='lat' dir='ltr'><strong>os-</strong></span> 
     </span>
    </p>
   </div>
   <div class='ocr_carea' id='block_1_43' title="bbox 558 2622 2139 2694">
    <p class='ocr_par' dir='ltr' id='par_1_43' title="bbox 558 2622 2139 2694">
     <span class='ocr_line' id='line_1_43' title="bbox 558 2622 2139 2694; baseline -0.002 -12"><span class='ocrx_word' id='word_1_312' title='bbox 558 2629 752 2684; x_wconf 85' lang='lat' dir='ltr'><strong>tendit.</strong></span> <span class='ocrx_word' id='word_1_313' title='bbox 783 2625 921 2693; x_wconf 83' lang='lat' dir='ltr'><strong>Quid</strong></span> <span class='ocrx_word' id='word_1_314' title='bbox 944 2625 1089 2680; x_wconf 91' lang='lat' dir='ltr'><strong>enim</strong></span> <span class='ocrx_word' id='word_1_315' title='bbox 1119 2623 1351 2694; x_wconf 81' lang='lat' dir='ltr'><strong>profecit</strong></span> <span class='ocrx_word' id='word_1_316' title='bbox 1394 2622 1511 2677; x_wconf 86' lang='lat' dir='ltr'><strong>Arii</strong></span> <span class='ocrx_word' id='word_1_317' title='bbox 1563 2623 1713 2693; x_wconf 88' lang='lat' dir='ltr'><strong>impii</strong></span> <span class='ocrx_word' id='word_1_318' title='bbox 1758 2623 1955 2678; x_wconf 89' lang='lat' dir='ltr'><strong>error?</strong></span> <span class='ocrx_word' id='word_1_319' title='bbox 1998 2622 2139 2691; x_wconf 88' lang='lat' dir='ltr'><strong>Quid</strong></span> 
     </span>
    </p>
   </div>
   <div class='ocr_carea' id='block_1_44' title="bbox 559 2713 2140 2786">
    <p class='ocr_par' dir='ltr' id='par_1_44' title="bbox 559 2713 2140 2786">
     <span class='ocr_line' id='line_1_44' title="bbox 559 2713 2140 2786; baseline -0.003 -12"><span class='ocrx_word' id='word_1_320' title='bbox 559 2718 835 2785; x_wconf 88' lang='lat' dir='ltr'><strong>Eunomii,</strong></span> <span class='ocrx_word' id='word_1_321' title='bbox 863 2726 918 2773; x_wconf 89' lang='lat' dir='ltr'><strong>et</strong></span> <span class='ocrx_word' id='word_1_322' title='bbox 951 2716 1163 2771; x_wconf 89' lang='lat' dir='ltr'><strong>illorum</strong></span> <span class='ocrx_word' id='word_1_323' title='bbox 1194 2714 1285 2786; x_wconf 89' lang='lat' dir='ltr'><strong>qui</strong></span> <span class='ocrx_word' id='word_1_324' title='bbox 1318 2715 1372 2770; x_wconf 92' lang='lat' dir='ltr'><strong>in</strong></span> <span class='ocrx_word' id='word_1_325' title='bbox 1418 2722 1667 2770; x_wconf 89' lang='lat' dir='ltr'><strong>sanctum</strong></span> <span class='ocrx_word' id='word_1_326' title='bbox 1700 2713 1964 2785; x_wconf 89' lang='lat' dir='ltr'><strong>Spiritum</strong></span> <span class='ocrx_word' id='word_1_327' title='bbox 1994 2716 2140 2770; x_wconf 83' lang='lat' dir='ltr'><strong>blas-</strong></span> 
     </span>
    </p>
   </div>
   <div class='ocr_carea' id='block_1_45' title="bbox 549 2788 2140 2882">
    <p class='ocr_par' dir='ltr' id='par_1_45' title="bbox 549 2788 2140 2882">
     <span class='ocr_line' id='line_1_45' title="bbox 549 2788 2140 2882; baseline -0.002 -16"><span class='ocrx_word' id='word_1_328' title='bbox 549 2811 906 2882; x_wconf 65' lang='lat' dir='ltr'><strong>phemarunt,</strong></span> <span class='ocrx_word' id='word_1_329' title='bbox 932 2817 988 2863; x_wconf 85' lang='lat' dir='ltr'><strong>et</strong></span> <span class='ocrx_word' id='word_1_330' title='bbox 1050 2806 1201 2862; x_wconf 85' lang='lat' dir='ltr'><strong>Pauli</strong></span> <span class='ocrx_word' id='word_1_331' title='bbox 1258 2806 1682 2872; x_wconf 88' lang='lat' dir='ltr'><strong>Samosateusis,</strong></span> <span class='ocrx_word' id='word_1_332' title='bbox 1719 2788 2140 2878; x_wconf 45' lang='lat' dir='ltr'><strong>ebApollinaris</strong></span> 
     </span>
    </p>
   </div>
   <div class='ocr_carea' id='block_1_46' title="bbox 561 2897 2142 2970">
    <p class='ocr_par' dir='ltr' id='par_1_46' title="bbox 561 2897 2142 2970">
     <span class='ocr_line' id='line_1_46' title="bbox 561 2897 2142 2970; baseline -0.003 -13"><span class='ocrx_word' id='word_1_333' title='bbox 561 2902 770 2957; x_wconf 82' lang='lat' dir='ltr'><strong>insania</strong></span> <span class='ocrx_word' id='word_1_334' title='bbox 797 2901 820 2955; x_wconf 88' lang='lat'><strong>?</strong></span> <span class='ocrx_word' id='word_1_335' title='bbox 849 2898 1058 2969; x_wconf 89' lang='lat' dir='ltr'><strong>Quippe</strong></span> <span class='ocrx_word' id='word_1_336' title='bbox 1089 2897 1142 2953; x_wconf 85' lang='lat' dir='ltr'><strong>hi</strong></span> <span class='ocrx_word' id='word_1_337' title='bbox 1177 2912 1369 2954; x_wconf 89' lang='lat' dir='ltr'><strong>omnes</strong></span> <span class='ocrx_word' id='word_1_338' title='bbox 1396 2907 1453 2953; x_wconf 88' lang='lat' dir='ltr'><strong>et</strong></span> <span class='ocrx_word' id='word_1_339' title='bbox 1493 2898 1549 2953; x_wconf 93' lang='lat' dir='ltr'><strong>in</strong></span> <span class='ocrx_word' id='word_1_340' title='bbox 1591 2899 1852 2968; x_wconf 69' lang='lat' dir='ltr'><strong>praesenti</strong></span> <span class='ocrx_word' id='word_1_341' title='bbox 1888 2900 2142 2970; x_wconf 86' lang='lat' dir='ltr'><strong>turpissi-</strong></span> 
     </span>
    </p>
   </div>
   <div class='ocr_carea' id='block_1_47' title="bbox 562 2988 2138 3060">
    <p class='ocr_par' dir='ltr' id='par_1_47' title="bbox 562 2988 2138 3060">
     <span class='ocr_line' id='line_1_47' title="bbox 562 2988 2138 3060; baseline -0.002 -12"><span class='ocrx_word' id='word_1_342' title='bbox 562 3008 708 3048; x_wconf 88' lang='lat' dir='ltr'><strong>mum</strong></span> <span class='ocrx_word' id='word_1_343' title='bbox 739 2993 899 3047; x_wconf 85' lang='lat' dir='ltr'><strong>linem</strong></span> <span class='ocrx_word' id='word_1_344' title='bbox 928 2991 1075 3045; x_wconf 89' lang='lat' dir='ltr'><strong>nacti</strong></span> <span class='ocrx_word' id='word_1_345' title='bbox 1124 2999 1273 3051; x_wconf 88' lang='lat' dir='ltr'><strong>sunt.</strong></span> <span class='ocrx_word' id='word_1_346' title='bbox 1323 2998 1488 3059; x_wconf 86' lang='lat' dir='ltr'><strong>atque</strong></span> <span class='ocrx_word' id='word_1_347' title='bbox 1539 2988 1929 3046; x_wconf 83' lang='lat' dir='ltr'><strong>ecclesiasticis</strong></span> <span class='ocrx_word' id='word_1_348' title='bbox 1965 2992 2138 3060; x_wconf 86' lang='lat' dir='ltr'><strong>septis</strong></span> 
     </span>
    </p>
   </div>
   <div class='ocr_carea' id='block_1_48' title="bbox 563 3080 2139 3158">
    <p class='ocr_par' dir='ltr' id='par_1_48' title="bbox 563 3080 2139 3158">
     <span class='ocr_line' id='line_1_48' title="bbox 563 3080 2139 3158; baseline -0.003 -16"><span class='ocrx_word' id='word_1_349' title='bbox 563 3086 722 3158; x_wconf 70' lang='lat' dir='ltr'><strong>eiecti</strong></span> <span class='ocrx_word' id='word_1_350' title='bbox 758 3086 973 3139; x_wconf 84' lang='lat' dir='ltr'><strong>luerunt</strong></span> <span class='ocrx_word' id='word_1_351' title='bbox 995 3121 1011 3148; x_wconf 93' lang='lat'><strong>,</strong></span> <span class='ocrx_word' id='word_1_352' title='bbox 1040 3092 1095 3137; x_wconf 92' lang='lat' dir='ltr'><strong>et</strong></span> <span class='ocrx_word' id='word_1_353' title='bbox 1125 3094 1279 3137; x_wconf 83' lang='lat' dir='ltr'><strong>extra</strong></span> <span class='ocrx_word' id='word_1_354' title='bbox 1324 3084 1603 3137; x_wconf 72' lang='lat' dir='ltr'><strong>caelestem</strong></span> <span class='ocrx_word' id='word_1_355' title='bbox 1652 3080 2139 3152; x_wconf 83' lang='lat' dir='ltr'><strong>primogenitorum</strong></span> 
     </span>
    </p>
   </div>
   <div class='ocr_carea' id='block_1_49' title="bbox 2238 1983 3832 2063">
    <p class='ocr_par' dir='ltr' id='par_1_49' title="bbox 2238 1983 3832 2063">
     <span class='ocr_line' id='line_1_49' title="bbox 2238 1983 3832 2063; baseline -0.008 -19"><span class='ocrx_word' id='word_1_356' title='bbox 2238 1992 2439 2063; x_wconf 90' lang='grc' dir='ltr'>θυμίαν</span> <span class='ocrx_word' id='word_1_357' title='bbox 2472 1989 2606 2043; x_wconf 76' lang='grc' dir='ltr'>Θεοῦ</span> <span class='ocrx_word' id='word_1_358' title='bbox 2651 1988 2944 2059; x_wconf 87' lang='grc' dir='ltr'>ἰσχύσωσιν</span> <span class='ocrx_word' id='word_1_359' title='bbox 2969 2003 2983 2017; x_wconf 70' lang='grc' dir='ltr'><strong>ο</strong></span> <span class='ocrx_word' id='word_1_360' title='bbox 3035 2006 3053 2038; x_wconf 76' lang='grc' dir='ltr'><strong>ι</strong></span> <span class='ocrx_word' id='word_1_361' title='bbox 3096 1986 3232 2040; x_wconf 87' lang='grc' dir='ltr'>Ἰδον</span> <span class='ocrx_word' id='word_1_362' title='bbox 3264 1984 3388 2055; x_wconf 79' lang='grc' dir='ltr'>,γὰρ</span> <span class='ocrx_word' id='word_1_363' title='bbox 3434 1983 3629 2052; x_wconf 83' lang='grc' dir='ltr'>ἀσεϐῆ</span> <span class='ocrx_word' id='word_1_364' title='bbox 3669 1983 3832 2049; x_wconf 80' lang='grc' dir='ltr'>ὑπερ-</span> 
     </span>
    </p>
   </div>
   <div class='ocr_carea' id='block_1_50' title="bbox 2240 2073 3833 2154">
    <p class='ocr_par' dir='ltr' id='par_1_50' title="bbox 2240 2073 3833 2154">
     <span class='ocr_line' id='line_1_50' title="bbox 2240 2073 3833 2154; baseline -0.006 -19"><span class='ocrx_word' id='word_1_365' title='bbox 2240 2082 2569 2154; x_wconf 82' lang='grc' dir='ltr'>υψούμενον,</span> <span class='ocrx_word' id='word_1_366' title='bbox 2604 2082 2697 2135; x_wconf 68' lang='grc' dir='ltr'>καὶ</span> <span class='ocrx_word' id='word_1_367' title='bbox 2722 2080 3083 2151; x_wconf 80' lang='grc' dir='ltr'>ἐπαιρόμενον</span> <span class='ocrx_word' id='word_1_368' title='bbox 3110 2079 3187 2143; x_wconf 88' lang='grc' dir='ltr'>ὡς</span> <span class='ocrx_word' id='word_1_369' title='bbox 3215 2078 3315 2142; x_wconf 82' lang='grc' dir='ltr'><strong>τὰς</strong></span> <span class='ocrx_word' id='word_1_370' title='bbox 3337 2076 3572 2148; x_wconf 83' lang='grc' dir='ltr'>κέδρους</span> <span class='ocrx_word' id='word_1_371' title='bbox 3608 2073 3709 2129; x_wconf 75' lang='grc' dir='ltr'>τοῦ</span> <span class='ocrx_word' id='word_1_372' title='bbox 3744 2075 3833 2128; x_wconf 84' lang='grc' dir='ltr'><strong>Δι-</strong></span> 
     </span>
    </p>
   </div>
   <div class='ocr_carea' id='block_1_51' title="bbox 2237 2163 3827 2243">
    <p class='ocr_par' dir='ltr' id='par_1_51' title="bbox 2237 2163 3827 2243">
     <span class='ocr_line' id='line_1_51' title="bbox 2237 2163 3827 2243; baseline -0.008 -15"><span class='ocrx_word' id='word_1_373' title='bbox 2237 2175 2403 2228; x_wconf 76' lang='grc' dir='ltr'>ϐάνου</span> <span class='ocrx_word' id='word_1_374' title='bbox 2424 2190 2439 2206; x_wconf 76' lang='grc' dir='ltr'><strong>ο</strong></span> <span class='ocrx_word' id='word_1_375' title='bbox 2470 2173 2567 2227; x_wconf 75' lang='grc' dir='ltr'>καὶ</span> <span class='ocrx_word' id='word_1_376' title='bbox 2586 2172 2885 2243; x_wconf 79' lang='grc' dir='ltr'>παρῆλθον,</span> <span class='ocrx_word' id='word_1_377' title='bbox 2918 2171 3014 2224; x_wconf 77' lang='grc' dir='ltr'>καὶ</span> <span class='ocrx_word' id='word_1_378' title='bbox 3049 2170 3156 2223; x_wconf 81' lang='grc' dir='ltr'>ἰδοὺ</span> <span class='ocrx_word' id='word_1_379' title='bbox 3184 2170 3285 2223; x_wconf 73' lang='grc' dir='ltr'>οὐκ</span> <span class='ocrx_word' id='word_1_380' title='bbox 3317 2163 3415 2238; x_wconf 78' lang='grc' dir='ltr'><strong>ἦν’</strong></span> <span class='ocrx_word' id='word_1_381' title='bbox 3450 2168 3553 2219; x_wconf 79' lang='grc' dir='ltr'>καὶ</span> <span class='ocrx_word' id='word_1_382' title='bbox 3586 2166 3827 2235; x_wconf 75' lang='grc' dir='ltr'>ἐζήτησα</span> 
     </span>
    </p>
   </div>
   <div class='ocr_carea' id='block_1_52' title="bbox 2236 2260 3409 2336">
    <p class='ocr_par' dir='ltr' id='par_1_52' title="bbox 2236 2260 3409 2336">
     <span class='ocr_line' id='line_1_52' title="bbox 2236 2260 3409 2336; baseline -0.008 -16"><span class='ocrx_word' id='word_1_383' title='bbox 2236 2266 2424 2330; x_wconf 74' lang='grc' dir='ltr'>αὐτὸν,</span> <span class='ocrx_word' id='word_1_384' title='bbox 2452 2266 2548 2319; x_wconf 78' lang='grc' dir='ltr'>καὶ</span> <span class='ocrx_word' id='word_1_385' title='bbox 2567 2265 2666 2336; x_wconf 81' lang='grc' dir='ltr'>οὐχ</span> <span class='ocrx_word' id='word_1_386' title='bbox 2695 2264 2898 2336; x_wconf 85' lang='grc' dir='ltr'>εὑρέθη</span> <span class='ocrx_word' id='word_1_387' title='bbox 2919 2266 2948 2318; x_wconf 91' lang='lat'><strong>6</strong></span> <span class='ocrx_word' id='word_1_388' title='bbox 2974 2265 3139 2326; x_wconf 84' lang='grc' dir='ltr'>τόπος</span> <span class='ocrx_word' id='word_1_389' title='bbox 3166 2260 3356 2315; x_wconf 78' lang='grc' dir='ltr'>αὑτοῦ.</span> <span class='ocrx_word' id='word_1_390' title='bbox 3390 2278 3409 2311; x_wconf 70' lang='grc' dir='ltr'><strong>ι</strong></span> 
     </span>
    </p>
   </div>
   <div class='ocr_carea' id='block_1_53' title="bbox 2312 2348 3827 2427">
    <p class='ocr_par' dir='ltr' id='par_1_53' title="bbox 2312 2348 3827 2427">
     <span class='ocr_line' id='line_1_53' title="bbox 2312 2348 3827 2427; baseline -0.009 -15"><span class='ocrx_word' id='word_1_391' title='bbox 2312 2365 2402 2414; x_wconf 83' lang='grc' dir='ltr'>ια’.</span> <span class='ocrx_word' id='word_1_392' title='bbox 2426 2359 2470 2411; x_wconf 95' lang='grc' dir='ltr'>Τ</span> <span class='ocrx_word' id='word_1_393' title='bbox 2472 2358 2609 2411; x_wconf 76' lang='grc' dir='ltr'>αὔτα</span> <span class='ocrx_word' id='word_1_394' title='bbox 2629 2358 2739 2427; x_wconf 84' lang='grc' dir='ltr'><strong>γὰρ</strong></span> <span class='ocrx_word' id='word_1_395' title='bbox 2768 2357 2863 2411; x_wconf 73' lang='grc' dir='ltr'>καὶ</span> <span class='ocrx_word' id='word_1_396' title='bbox 2882 2357 2954 2410; x_wconf 83' lang='grc' dir='ltr'>τὰ</span> <span class='ocrx_word' id='word_1_397' title='bbox 2977 2354 3203 2409; x_wconf 83' lang='grc' dir='ltr'>τοιαῦτα</span> <span class='ocrx_word' id='word_1_398' title='bbox 3224 2352 3381 2406; x_wconf 83' lang='grc' dir='ltr'>κοινὰ</span> <span class='ocrx_word' id='word_1_399' title='bbox 3409 2352 3642 2404; x_wconf 84' lang='grc' dir='ltr'>πάντων</span> <span class='ocrx_word' id='word_1_400' title='bbox 3665 2348 3827 2407; x_wconf 71' lang='grc' dir='ltr'>ἐστὶν,</span> 
     </span>
    </p>
   </div>
   <div class='ocr_carea' id='block_1_54' title="bbox 2238 2438 3830 2519">
    <p class='ocr_par' dir='ltr' id='par_1_54' title="bbox 2238 2438 3830 2519">
     <span class='ocr_line' id='line_1_54' title="bbox 2238 2438 3830 2519; baseline -0.008 -17"><span class='ocrx_word' id='word_1_401' title='bbox 2238 2450 2354 2503; x_wconf 80' lang='grc' dir='ltr'>ὅσοι</span> <span class='ocrx_word' id='word_1_402' title='bbox 2402 2449 2504 2519; x_wconf 79' lang='grc' dir='ltr'>τῆς</span> <span class='ocrx_word' id='word_1_403' title='bbox 2554 2449 2837 2512; x_wconf 82' lang='grc' dir='ltr'>εὐσεϐείας</span> <span class='ocrx_word' id='word_1_404' title='bbox 2892 2445 3302 2518; x_wconf 78' lang='grc' dir='ltr'>διασκορπίζειν</span> <span class='ocrx_word' id='word_1_405' title='bbox 3355 2440 3717 2513; x_wconf 80' lang='grc' dir='ltr'>ἐπιχειροῦσι</span> <span class='ocrx_word' id='word_1_406' title='bbox 3773 2438 3830 2490; x_wconf 82' lang='grc' dir='ltr'>τὸ</span> 
     </span>
    </p>
   </div>
   <div class='ocr_carea' id='block_1_55' title="bbox 2240 2530 3827 2613">
    <p class='ocr_par' dir='ltr' id='par_1_55' title="bbox 2240 2530 3827 2613">
     <span class='ocr_line' id='line_1_55' title="bbox 2240 2530 3827 2613; baseline -0.009 -17"><span class='ocrx_word' id='word_1_407' title='bbox 2240 2544 2511 2613; x_wconf 83' lang='grc' dir='ltr'>ποίμνιον,</span> <span class='ocrx_word' id='word_1_408' title='bbox 2542 2540 2732 2612; x_wconf 83' lang='grc' dir='ltr'>ὥσπερ</span> <span class='ocrx_word' id='word_1_409' title='bbox 2780 2535 2874 2594; x_wconf 77' lang='grc' dir='ltr'>οὖν</span> <span class='ocrx_word' id='word_1_410' title='bbox 2906 2540 3003 2593; x_wconf 75' lang='grc' dir='ltr'>καὶ</span> <span class='ocrx_word' id='word_1_411' title='bbox 3055 2538 3165 2592; x_wconf 89' lang='grc' dir='ltr'><strong>τῶν</strong></span> <span class='ocrx_word' id='word_1_412' title='bbox 3207 2534 3634 2607; x_wconf 83' lang='grc' dir='ltr'>προειρημένων</span> <span class='ocrx_word' id='word_1_413' title='bbox 3683 2530 3827 2600; x_wconf 77' lang='grc' dir='ltr'>αἱρέ-</span> 
     </span>
    </p>
   </div>
   <div class='ocr_carea' id='block_1_56' title="bbox 2242 2623 3827 2700">
    <p class='ocr_par' dir='ltr' id='par_1_56' title="bbox 2242 2623 3827 2700">
     <span class='ocr_line' id='line_1_56' title="bbox 2242 2623 3827 2700; baseline -0.009 -13"><span class='ocrx_word' id='word_1_414' title='bbox 2242 2652 2381 2688; x_wconf 88' lang='grc' dir='ltr'>σεων</span> <span class='ocrx_word' id='word_1_415' title='bbox 2409 2634 2469 2688; x_wconf 79' lang='grc' dir='ltr'>τὸ</span> <span class='ocrx_word' id='word_1_416' title='bbox 2494 2634 2648 2695; x_wconf 85' lang='grc' dir='ltr'>τέλος</span> <span class='ocrx_word' id='word_1_417' title='bbox 2681 2631 2976 2695; x_wconf 79' lang='grc' dir='ltr'>ἐπέδειξεν.</span> <span class='ocrx_word' id='word_1_418' title='bbox 3014 2628 3081 2683; x_wconf 85' lang='grc' dir='ltr'>Τί</span> <span class='ocrx_word' id='word_1_419' title='bbox 3112 2629 3220 2700; x_wconf 85' lang='grc' dir='ltr'><strong>γὰρ</strong></span> <span class='ocrx_word' id='word_1_420' title='bbox 3245 2627 3456 2697; x_wconf 83' lang='grc' dir='ltr'>ῶνησεν</span> <span class='ocrx_word' id='word_1_421' title='bbox 3482 2626 3591 2695; x_wconf 81' lang='grc' dir='ltr'>τῆς</span> <span class='ocrx_word' id='word_1_422' title='bbox 3621 2623 3827 2693; x_wconf 80' lang='grc' dir='ltr'>Ἀρείου</span> 
     </span>
    </p>
   </div>
   <div class='ocr_carea' id='block_1_57' title="bbox 2240 2712 3827 2795">
    <p class='ocr_par' dir='ltr' id='par_1_57' title="bbox 2240 2712 3827 2795">
     <span class='ocr_line' id='line_1_57' title="bbox 2240 2712 3827 2795; baseline -0.009 -15"><span class='ocrx_word' id='word_1_423' title='bbox 2240 2724 2559 2789; x_wconf 89' lang='grc' dir='ltr'>δυσσεϐείας</span> <span class='ocrx_word' id='word_1_424' title='bbox 2588 2726 2622 2795; x_wconf 84' lang='grc' dir='ltr'><strong>ή</strong></span> <span class='ocrx_word' id='word_1_425' title='bbox 2656 2723 2869 2795; x_wconf 84' lang='grc' dir='ltr'>πλάνη;</span> <span class='ocrx_word' id='word_1_426' title='bbox 2925 2722 2979 2775; x_wconf 85' lang='grc' dir='ltr'><strong>τί</strong></span> <span class='ocrx_word' id='word_1_427' title='bbox 3017 2720 3130 2790; x_wconf 79' lang='grc' dir='ltr'>δὲή</span> <span class='ocrx_word' id='word_1_428' title='bbox 3166 2718 3458 2788; x_wconf 79' lang='grc' dir='ltr'>Εὑνομίου,</span> <span class='ocrx_word' id='word_1_429' title='bbox 3496 2717 3599 2770; x_wconf 76' lang='grc' dir='ltr'>καὶ</span> <span class='ocrx_word' id='word_1_430' title='bbox 3636 2715 3745 2767; x_wconf 87' lang='grc' dir='ltr'><strong>τῶν</strong></span> <span class='ocrx_word' id='word_1_431' title='bbox 3769 2712 3827 2766; x_wconf 77' lang='grc' dir='ltr'>τὸ</span> 
     </span>
    </p>
   </div>
   <div class='ocr_carea' id='block_1_58' title="bbox 2242 2808 3825 2889">
    <p class='ocr_par' dir='ltr' id='par_1_58' title="bbox 2242 2808 3825 2889">
     <span class='ocr_line' id='line_1_58' title="bbox 2242 2808 3825 2889; baseline -0.009 -17"><span class='ocrx_word' id='word_1_432' title='bbox 2242 2817 2470 2889; x_wconf 80' lang='grc' dir='ltr'>Πνεῦμα</span> <span class='ocrx_word' id='word_1_433' title='bbox 2500 2816 2560 2871; x_wconf 78' lang='grc' dir='ltr'>τὸ</span> <span class='ocrx_word' id='word_1_434' title='bbox 2601 2816 2755 2886; x_wconf 72' lang='grc' dir='ltr'>ἅγιον</span> <span class='ocrx_word' id='word_1_435' title='bbox 2787 2812 3251 2885; x_wconf 81' lang='grc' dir='ltr'>βλασφημούντων</span> <span class='ocrx_word' id='word_1_436' title='bbox 3271 2852 3287 2877; x_wconf 93' lang='grc'><strong>,</strong></span> <span class='ocrx_word' id='word_1_437' title='bbox 3324 2810 3418 2864; x_wconf 72' lang='grc' dir='ltr'>καὶ</span> <span class='ocrx_word' id='word_1_438' title='bbox 3444 2808 3543 2862; x_wconf 77' lang='grc' dir='ltr'>τοῦ</span> <span class='ocrx_word' id='word_1_439' title='bbox 3579 2808 3825 2876; x_wconf 86' lang='grc' dir='ltr'>Σαμοσα-</span> 
     </span>
    </p>
   </div>
   <div class='ocr_carea' id='block_1_59' title="bbox 2241 2897 3817 2975">
    <p class='ocr_par' dir='ltr' id='par_1_59' title="bbox 2241 2897 3817 2975">
     <span class='ocr_line' id='line_1_59' title="bbox 2241 2897 3817 2975; baseline -0.011 -10"><span class='ocrx_word' id='word_1_440' title='bbox 2241 2911 2378 2975; x_wconf 82' lang='grc' dir='ltr'>τέως</span> <span class='ocrx_word' id='word_1_441' title='bbox 2426 2908 2661 2971; x_wconf 85' lang='grc' dir='ltr'>Παύλου,</span> <span class='ocrx_word' id='word_1_442' title='bbox 2691 2907 2786 2961; x_wconf 79' lang='grc' dir='ltr'>καὶ</span> <span class='ocrx_word' id='word_1_443' title='bbox 2821 2904 2917 2959; x_wconf 80' lang='grc' dir='ltr'><strong>τοῦ</strong></span> <span class='ocrx_word' id='word_1_444' title='bbox 2963 2902 3306 2973; x_wconf 84' lang='grc' dir='ltr'>καλουμένου</span> <span class='ocrx_word' id='word_1_445' title='bbox 3355 2899 3744 2968; x_wconf 81' lang='grc' dir='ltr'>’Δπολιναρίου</span> <span class='ocrx_word' id='word_1_446' title='bbox 3787 2897 3817 2962; x_wconf 82' lang='grc' dir='ltr'><strong>ἡ</strong></span> 
     </span>
    </p>
   </div>
   <div class='ocr_carea' id='block_1_60' title="bbox 2243 2988 3822 3074">
    <p class='ocr_par' dir='ltr' id='par_1_60' title="bbox 2243 2988 3822 3074">
     <span class='ocr_line' id='line_1_60' title="bbox 2243 2988 3822 3074; baseline -0.01 -19"><span class='ocrx_word' id='word_1_447' title='bbox 2243 3000 2642 3074; x_wconf 76' lang='grc' dir='ltr'>παραφροσύνη</span> <span class='ocrx_word' id='word_1_448' title='bbox 2666 3017 2681 3065; x_wconf 87' lang='grc'>;</span> <span class='ocrx_word' id='word_1_449' title='bbox 2709 2998 2918 3060; x_wconf 86' lang='grc' dir='ltr'>Πάντες</span> <span class='ocrx_word' id='word_1_450' title='bbox 2950 2995 3061 3065; x_wconf 86' lang='grc' dir='ltr'>γὰρ</span> <span class='ocrx_word' id='word_1_451' title='bbox 3084 2991 3231 3049; x_wconf 72' lang='grc' dir='ltr'>οὗτοι</span> <span class='ocrx_word' id='word_1_452' title='bbox 3264 2992 3361 3046; x_wconf 73' lang='grc' dir='ltr'><strong>καὶ</strong></span> <span class='ocrx_word' id='word_1_453' title='bbox 3388 2993 3448 3045; x_wconf 89' lang='grc' dir='ltr'><strong>ἐν</strong></span> <span class='ocrx_word' id='word_1_454' title='bbox 3476 2990 3560 3060; x_wconf 81' lang='grc' dir='ltr'>τῷ</span> <span class='ocrx_word' id='word_1_455' title='bbox 3594 2988 3822 3059; x_wconf 78' lang='grc' dir='ltr'>παρόντι</span> 
     </span>
    </p>
   </div>
   <div class='ocr_carea' id='block_1_61' title="bbox 2245 3082 3821 3158">
    <p class='ocr_par' dir='ltr' id='par_1_61' title="bbox 2245 3082 3821 3158">
     <span class='ocr_line' id='line_1_61' title="bbox 2245 3082 3821 3158; baseline -0.011 -10"><span class='ocrx_word' id='word_1_456' title='bbox 2245 3094 2610 3148; x_wconf 84' lang='grc' dir='ltr'>ἐπονείδιστον</span> <span class='ocrx_word' id='word_1_457' title='bbox 2632 3090 2786 3152; x_wconf 81' lang='grc' dir='ltr'>τέλος</span> <span class='ocrx_word' id='word_1_458' title='bbox 2825 3088 3150 3158; x_wconf 86' lang='grc' dir='ltr'>ἐσχήκασιν,</span> <span class='ocrx_word' id='word_1_459' title='bbox 3182 3086 3277 3139; x_wconf 75' lang='grc' dir='ltr'>καὶ</span> <span class='ocrx_word' id='word_1_460' title='bbox 3304 3082 3413 3137; x_wconf 87' lang='grc' dir='ltr'><strong>τῶν</strong></span> <span class='ocrx_word' id='word_1_461' title='bbox 3442 3082 3821 3153; x_wconf 86' lang='grc' dir='ltr'>ἐκκλησιαστι-</span> 
     </span>
    </p>
   </div>
   <div class='ocr_carea' id='block_1_62' title="bbox 560 3170 2136 3274">
    <p class='ocr_par' dir='ltr' id='par_1_62' title="bbox 560 3170 2136 3245">
     <span class='ocr_line' id='line_1_62' title="bbox 560 3170 2136 3245; baseline -0.003 -13"><span class='ocrx_word' id='word_1_462' title='bbox 560 3174 864 3232; x_wconf 81' lang='lat' dir='ltr'><strong>Ecclesiam</strong></span> <span class='ocrx_word' id='word_1_463' title='bbox 893 3172 1245 3245; x_wconf 89' lang='lat' dir='ltr'><strong>projicientur</strong></span> <span class='ocrx_word' id='word_1_464' title='bbox 1271 3188 1287 3238; x_wconf 95' lang='lat'><strong>;</strong></span> <span class='ocrx_word' id='word_1_465' title='bbox 1314 3170 1479 3227; x_wconf 89' lang='lat' dir='ltr'><strong>deleti</strong></span> <span class='ocrx_word' id='word_1_466' title='bbox 1510 3180 1639 3227; x_wconf 91' lang='lat' dir='ltr'><strong>sunt</strong></span> <span class='ocrx_word' id='word_1_467' title='bbox 1676 3171 1742 3226; x_wconf 87' lang='lat' dir='ltr'><strong>de</strong></span> <span class='ocrx_word' id='word_1_468' title='bbox 1777 3171 1920 3227; x_wconf 88' lang='lat' dir='ltr'><strong>libro</strong></span> <span class='ocrx_word' id='word_1_469' title='bbox 1950 3174 2136 3228; x_wconf 88' lang='lat' dir='ltr'><strong>viven-</strong></span> 
     </span>
    </p>
   </div>
   <div class='ocr_carea' id='block_1_63' title="bbox 2241 3170 3823 3274">
    <p class='ocr_par' dir='ltr' id='par_1_63' title="bbox 2246 3170 3823 3255">
     <span class='ocr_line' id='line_1_63' title="bbox 2246 3170 3823 3255; baseline -0.013 -12"><span class='ocrx_word' id='word_1_470' title='bbox 2246 3186 2359 3243; x_wconf 87' lang='grc' dir='ltr'><strong>κῶν</strong></span> <span class='ocrx_word' id='word_1_471' title='bbox 2413 3183 2715 3255; x_wconf 88' lang='grc' dir='ltr'>περιϐόλων</span> <span class='ocrx_word' id='word_1_472' title='bbox 2748 3178 3086 3248; x_wconf 78' lang='grc' dir='ltr'>ἐξώσθησαν,</span> <span class='ocrx_word' id='word_1_473' title='bbox 3119 3179 3215 3231; x_wconf 71' lang='grc' dir='ltr'>καὶ</span> <span class='ocrx_word' id='word_1_474' title='bbox 3256 3177 3357 3246; x_wconf 81' lang='grc' dir='ltr'>τῆς</span> <span class='ocrx_word' id='word_1_475' title='bbox 3397 3176 3456 3227; x_wconf 84' lang='grc' dir='ltr'><strong>ἐν</strong></span> <span class='ocrx_word' id='word_1_476' title='bbox 3486 3174 3741 3245; x_wconf 78' lang='grc' dir='ltr'>οὐρανοῖς</span> <span class='ocrx_word' id='word_1_477' title='bbox 3771 3170 3823 3223; x_wconf 67' lang='grc' dir='ltr'>δὲ</span> 
     </span>
    </p>
   </div>
   <div class='ocr_carea' id='block_1_64' title="bbox 558 3261 2145 3332">
    <p class='ocr_par' dir='ltr' id='par_1_64' title="bbox 558 3261 2145 3332">
     <span class='ocr_line' id='line_1_64' title="bbox 558 3261 2145 3332; baseline -0.003 -9"><span class='ocrx_word' id='word_1_478' title='bbox 558 3268 701 3323; x_wconf 70' lang='lat' dir='ltr'><strong>tium</strong></span> <span class='ocrx_word' id='word_1_479' title='bbox 730 3265 795 3332; x_wconf 83' lang='grc'><strong>⁸³,</strong></span> <span class='ocrx_word' id='word_1_480' title='bbox 840 3272 896 3319; x_wconf 90' lang='lat' dir='ltr'><strong>et</strong></span> <span class='ocrx_word' id='word_1_481' title='bbox 935 3278 1057 3320; x_wconf 91' lang='lat' dir='ltr'><strong>cum</strong></span> <span class='ocrx_word' id='word_1_482' title='bbox 1106 3262 1270 3330; x_wconf 84' lang='lat' dir='ltr'><strong>justis</strong></span> <span class='ocrx_word' id='word_1_483' title='bbox 1324 3276 1430 3319; x_wconf 91' lang='lat' dir='ltr'><strong>non</strong></span> <span class='ocrx_word' id='word_1_484' title='bbox 1478 3262 1809 3317; x_wconf 81' lang='lat' dir='ltr'><strong>scribentur.</strong></span> <span class='ocrx_word' id='word_1_485' title='bbox 1854 3261 2000 3318; x_wconf 88' lang='lat' dir='ltr'><strong>Idem</strong></span> <span class='ocrx_word' id='word_1_486' title='bbox 2046 3264 2145 3320; x_wconf 89' lang='lat' dir='ltr'><strong>hos</strong></span> 
     </span>
    </p>
   </div>
   <div class='ocr_carea' id='block_1_65' title="bbox 559 3353 2143 3429">
    <p class='ocr_par' dir='ltr' id='par_1_65' title="bbox 559 3353 2143 3429">
     <span class='ocr_line' id='line_1_65' title="bbox 559 3353 2143 3429; baseline -0.003 -16"><span class='ocrx_word' id='word_1_487' title='bbox 559 3372 785 3429; x_wconf 84' lang='lat' dir='ltr'><strong>quoque</strong></span> <span class='ocrx_word' id='word_1_488' title='bbox 818 3362 1000 3410; x_wconf 92' lang='lat' dir='ltr'><strong>manet</strong></span> <span class='ocrx_word' id='word_1_489' title='bbox 1045 3353 1209 3420; x_wconf 84' lang='lat' dir='ltr'><strong>linis;</strong></span> <span class='ocrx_word' id='word_1_490' title='bbox 1260 3353 1366 3409; x_wconf 88' lang='lat' dir='ltr'><strong>nisi</strong></span> <span class='ocrx_word' id='word_1_491' title='bbox 1419 3354 1562 3408; x_wconf 81' lang='lat' dir='ltr'><strong>forte</strong></span> <span class='ocrx_word' id='word_1_492' title='bbox 1618 3354 1804 3408; x_wconf 79' lang='lat' dir='ltr'><strong>statim</strong></span> <span class='ocrx_word' id='word_1_493' title='bbox 1851 3356 2143 3409; x_wconf 88' lang='lat' dir='ltr'><strong>amentiam</strong></span> 
     </span>
    </p>
   </div>
   <div class='ocr_carea' id='block_1_66' title="bbox 562 3443 2143 3518">
    <p class='ocr_par' dir='ltr' id='par_1_66' title="bbox 562 3443 2143 3518">
     <span class='ocr_line' id='line_1_66' title="bbox 562 3443 2143 3518; baseline -0.004 -13"><span class='ocrx_word' id='word_1_494' title='bbox 562 3463 721 3506; x_wconf 84' lang='lat' dir='ltr'><strong>suam</strong></span> <span class='ocrx_word' id='word_1_495' title='bbox 749 3454 1108 3518; x_wconf 81' lang='lat' dir='ltr'><strong>agnoscentes</strong></span> <span class='ocrx_word' id='word_1_496' title='bbox 1137 3483 1154 3509; x_wconf 95' lang='lat'><strong>,</strong></span> <span class='ocrx_word' id='word_1_497' title='bbox 1210 3443 1340 3499; x_wconf 89' lang='lat' dir='ltr'><strong>illuc</strong></span> <span class='ocrx_word' id='word_1_498' title='bbox 1396 3444 1541 3499; x_wconf 90' lang='lat' dir='ltr'><strong>unde</strong></span> <span class='ocrx_word' id='word_1_499' title='bbox 1587 3443 1908 3499; x_wconf 84' lang='lat' dir='ltr'><strong>exciderunt</strong></span> <span class='ocrx_word' id='word_1_500' title='bbox 1947 3444 2143 3500; x_wconf 80' lang='lat' dir='ltr'><strong>reverti</strong></span> 
     </span>
    </p>
   </div>
   <div class='ocr_carea' id='block_1_67' title="bbox 568 3536 2143 3611">
    <p class='ocr_par' dir='ltr' id='par_1_67' title="bbox 568 3536 2143 3611">
     <span class='ocr_line' id='line_1_67' title="bbox 568 3536 2143 3611; baseline -0.003 -15"><span class='ocrx_word' id='word_1_501' title='bbox 568 3540 898 3611; x_wconf 78' lang='lat' dir='ltr'><strong>sategerint,</strong></span> <span class='ocrx_word' id='word_1_502' title='bbox 942 3537 977 3592; x_wconf 91' lang='lat' dir='ltr'><strong>ii</strong></span> <span class='ocrx_word' id='word_1_503' title='bbox 1007 3537 1317 3608; x_wconf 65' lang='lat' dir='ltr'><strong>praesertim</strong></span> <span class='ocrx_word' id='word_1_504' title='bbox 1359 3536 1451 3604; x_wconf 86' lang='lat' dir='ltr'><strong>qui</strong></span> <span class='ocrx_word' id='word_1_505' title='bbox 1495 3550 1785 3606; x_wconf 84' lang='lat' dir='ltr'><strong>pravarum</strong></span> <span class='ocrx_word' id='word_1_506' title='bbox 1827 3537 2143 3607; x_wconf 90' lang='lat' dir='ltr'><strong>opinionum</strong></span> 
     </span>
    </p>
   </div>
   <div class='ocr_carea' id='block_1_68' title="bbox 561 3626 2144 3698">
    <p class='ocr_par' dir='ltr' id='par_1_68' title="bbox 561 3626 2144 3698">
     <span class='ocr_line' id='line_1_68' title="bbox 561 3626 2144 3698; baseline -0.001 -13"><span class='ocrx_word' id='word_1_507' title='bbox 561 3630 820 3685; x_wconf 61' lang='lat' dir='ltr'><strong>auctores</strong></span> <span class='ocrx_word' id='word_1_508' title='bbox 840 3626 1011 3698; x_wconf 87' lang='lat' dir='ltr'><strong>primi</strong></span> <span class='ocrx_word' id='word_1_509' title='bbox 1069 3628 1425 3682; x_wconf 81' lang='lat' dir='ltr'><strong>exstiterunt.</strong></span> <span class='ocrx_word' id='word_1_510' title='bbox 1466 3626 1707 3683; x_wconf 80' lang='lat' dir='ltr'><strong>Audient</strong></span> <span class='ocrx_word' id='word_1_511' title='bbox 1750 3629 1896 3683; x_wconf 88' lang='lat' dir='ltr'><strong>enim</strong></span> <span class='ocrx_word' id='word_1_512' title='bbox 1949 3642 2144 3698; x_wconf 89' lang='lat' dir='ltr'><strong>prope-</strong></span> 
     </span>
    </p>
   </div>
   <div class='ocr_carea' id='block_1_69' title="bbox 565 3716 2133 3787">
    <p class='ocr_par' dir='ltr' id='par_1_69' title="bbox 565 3716 2133 3787">
     <span class='ocr_line' id='line_1_69' title="bbox 565 3716 2133 3787; baseline -0.003 -11"><span class='ocrx_word' id='word_1_513' title='bbox 565 3721 785 3777; x_wconf 88' lang='lat' dir='ltr'><strong>modum</strong></span> <span class='ocrx_word' id='word_1_514' title='bbox 822 3720 1016 3775; x_wconf 86' lang='lat' dir='ltr'><strong>horum</strong></span> <span class='ocrx_word' id='word_1_515' title='bbox 1046 3716 1244 3787; x_wconf 77' lang='lat' dir='ltr'><strong>singuli</strong></span> <span class='ocrx_word' id='word_1_516' title='bbox 1280 3716 1549 3773; x_wconf 90' lang='lat' dir='ltr'><strong>dicentem</strong></span> <span class='ocrx_word' id='word_1_517' title='bbox 1585 3718 1688 3772; x_wconf 89' lang='lat' dir='ltr'><strong>sibi</strong></span> <span class='ocrx_word' id='word_1_518' title='bbox 1734 3717 2087 3773; x_wconf 89' lang='lat' dir='ltr'><strong>Servatorem</strong></span> <span class='ocrx_word' id='word_1_519' title='bbox 2120 3737 2133 3771; x_wconf 91' lang='lat'><strong>:</strong></span> 
     </span>
    </p>
   </div>
   <div class='ocr_carea' id='block_1_70' title="bbox 573 3807 2142 3879">
    <p class='ocr_par' dir='ltr' id='par_1_70' title="bbox 573 3807 2142 3879">
     <span class='ocr_line' id='line_1_70' title="bbox 573 3807 2142 3879; baseline -0.001 -13"><span class='ocrx_word' id='word_1_520' title='bbox 573 3831 594 3866; x_wconf 77' lang='grc' dir='ltr'><strong>ι</strong></span> <span class='ocrx_word' id='word_1_521' title='bbox 638 3809 1100 3879; x_wconf 84' lang='lat' dir='ltr'><strong>Quemadmodum</strong></span> <span class='ocrx_word' id='word_1_522' title='bbox 1134 3807 1517 3868; x_wconf 79' lang='lat' dir='ltr'><strong>vestimentum</strong></span> <span class='ocrx_word' id='word_1_523' title='bbox 1565 3823 1762 3865; x_wconf 90' lang='lat' dir='ltr'><strong>cruore</strong></span> <span class='ocrx_word' id='word_1_524' title='bbox 1799 3809 2142 3879; x_wconf 84' lang='lat' dir='ltr'><strong>inquinatum</strong></span> 
     </span>
    </p>
   </div>
   <div class='ocr_carea' id='block_1_71' title="bbox 566 3897 2140 3969">
    <p class='ocr_par' dir='ltr' id='par_1_71' title="bbox 566 3897 2140 3969">
     <span class='ocr_line' id='line_1_71' title="bbox 566 3897 2140 3969; baseline -0.001 -10"><span class='ocrx_word' id='word_1_525' title='bbox 566 3917 675 3959; x_wconf 88' lang='lat' dir='ltr'><strong>non</strong></span> <span class='ocrx_word' id='word_1_526' title='bbox 706 3900 1079 3967; x_wconf 88' lang='lat' dir='ltr'><strong>mundabitur,</strong></span> <span class='ocrx_word' id='word_1_527' title='bbox 1131 3899 1212 3954; x_wconf 88' lang='lat' dir='ltr'><strong>sic</strong></span> <span class='ocrx_word' id='word_1_528' title='bbox 1258 3912 1328 3952; x_wconf 87' lang='lat' dir='ltr'><strong>ne</strong></span> <span class='ocrx_word' id='word_1_529' title='bbox 1374 3908 1428 3952; x_wconf 91' lang='lat' dir='ltr'><strong>tu</strong></span> <span class='ocrx_word' id='word_1_530' title='bbox 1475 3897 1692 3969; x_wconf 91' lang='lat' dir='ltr'><strong>quidem</strong></span> <span class='ocrx_word' id='word_1_531' title='bbox 1726 3901 1960 3957; x_wconf 90' lang='lat' dir='ltr'><strong>mundus</strong></span> <span class='ocrx_word' id='word_1_532' title='bbox 1984 3902 2140 3969; x_wconf 88' lang='lat' dir='ltr'><strong>eris;</strong></span> 
     </span>
    </p>
   </div>
   <div class='ocr_carea' id='block_1_72' title="bbox 565 3991 2145 4068">
    <p class='ocr_par' dir='ltr' id='par_1_72' title="bbox 565 3991 2145 4068">
     <span class='ocr_line' id='line_1_72' title="bbox 565 3991 2145 4068; baseline -0.001 -17"><span class='ocrx_word' id='word_1_533' title='bbox 565 3994 693 4068; x_wconf 87' lang='lat' dir='ltr'><strong>quia</strong></span> <span class='ocrx_word' id='word_1_534' title='bbox 724 3993 997 4063; x_wconf 76' lang='lat' dir='ltr'><strong>regionem</strong></span> <span class='ocrx_word' id='word_1_535' title='bbox 1026 4005 1202 4046; x_wconf 83' lang='lat' dir='ltr'><strong>meam</strong></span> <span class='ocrx_word' id='word_1_536' title='bbox 1226 3992 1473 4057; x_wconf 87' lang='lat' dir='ltr'><strong>vastasti,</strong></span> <span class='ocrx_word' id='word_1_537' title='bbox 1498 3991 1754 4061; x_wconf 88' lang='lat' dir='ltr'><strong>p0pulum</strong></span> <span class='ocrx_word' id='word_1_538' title='bbox 1784 4007 1963 4048; x_wconf 91' lang='lat' dir='ltr'><strong>meum</strong></span> <span class='ocrx_word' id='word_1_539' title='bbox 2002 3996 2145 4050; x_wconf 90' lang='lat' dir='ltr'><strong>occi-</strong></span> 
     </span>
    </p>
   </div>
   <div class='ocr_carea' id='block_1_73' title="bbox 565 4078 2135 4153">
    <p class='ocr_par' dir='ltr' id='par_1_73' title="bbox 565 4078 2135 4153">
     <span class='ocr_line' id='line_1_73' title="bbox 565 4078 2135 4153; baseline 0 -16"><span class='ocrx_word' id='word_1_540' title='bbox 565 4082 714 4146; x_wconf 89' lang='lat' dir='ltr'><strong>disti,</strong></span> <span class='ocrx_word' id='word_1_541' title='bbox 770 4096 875 4135; x_wconf 92' lang='lat' dir='ltr'><strong>non</strong></span> <span class='ocrx_word' id='word_1_542' title='bbox 928 4078 1274 4148; x_wconf 88' lang='lat' dir='ltr'><strong>permanebis</strong></span> <span class='ocrx_word' id='word_1_543' title='bbox 1323 4078 1377 4132; x_wconf 90' lang='lat' dir='ltr'><strong>in</strong></span> <span class='ocrx_word' id='word_1_544' title='bbox 1428 4088 1697 4134; x_wconf 75' lang='lat' dir='ltr'><strong>aeternum</strong></span> <span class='ocrx_word' id='word_1_545' title='bbox 1740 4090 1951 4153; x_wconf 86' lang='lat' dir='ltr'><strong>tempus</strong></span> <span class='ocrx_word' id='word_1_546' title='bbox 1982 4083 2049 4139; x_wconf 74' lang='lat'><strong>“.</strong></span> <span class='ocrx_word' id='word_1_547' title='bbox 2116 4103 2135 4137; x_wconf 76' lang='grc' dir='ltr'><strong>ι</strong></span> 
     </span>
    </p>
   </div>
   <div class='ocr_carea' id='block_1_74' title="bbox 562 4169 2139 4245">
    <p class='ocr_par' dir='ltr' id='par_1_74' title="bbox 562 4169 2139 4245">
     <span class='ocr_line' id='line_1_74' title="bbox 562 4169 2139 4245; baseline 0.001 -17"><span class='ocrx_word' id='word_1_548' title='bbox 562 4172 673 4229; x_wconf 81' lang='lat' dir='ltr'><strong>Nos</strong></span> <span class='ocrx_word' id='word_1_549' title='bbox 703 4186 832 4227; x_wconf 91' lang='lat' dir='ltr'><strong>vero</strong></span> <span class='ocrx_word' id='word_1_550' title='bbox 869 4171 959 4240; x_wconf 90' lang='lat' dir='ltr'><strong>qui</strong></span> <span class='ocrx_word' id='word_1_551' title='bbox 986 4169 1144 4225; x_wconf 88' lang='lat' dir='ltr'><strong>ﬁdem</strong></span> <span class='ocrx_word' id='word_1_552' title='bbox 1176 4178 1420 4224; x_wconf 89' lang='lat' dir='ltr'><strong>nostram</strong></span> <span class='ocrx_word' id='word_1_553' title='bbox 1468 4184 1632 4240; x_wconf 89' lang='lat' dir='ltr'><strong>super</strong></span> <span class='ocrx_word' id='word_1_554' title='bbox 1678 4172 1939 4228; x_wconf 89' lang='lat' dir='ltr'><strong>immobili</strong></span> <span class='ocrx_word' id='word_1_555' title='bbox 1985 4182 2139 4245; x_wconf 84' lang='lat' dir='ltr'><strong>petra</strong></span> 
     </span>
    </p>
   </div>
   <div class='ocr_carea' id='block_1_75' title="bbox 562 4261 2145 4336">
    <p class='ocr_par' dir='ltr' id='par_1_75' title="bbox 562 4261 2145 4336">
     <span class='ocr_line' id='line_1_75' title="bbox 562 4261 2145 4336; baseline 0.001 -16"><span class='ocrx_word' id='word_1_556' title='bbox 562 4265 811 4321; x_wconf 87' lang='lat' dir='ltr'><strong>stabilem</strong></span> <span class='ocrx_word' id='word_1_557' title='bbox 840 4261 1249 4323; x_wconf 66' lang='lat' dir='ltr'><strong>aediﬁcavimus,</strong></span> <span class='ocrx_word' id='word_1_558' title='bbox 1299 4261 1368 4317; x_wconf 85' lang='lat' dir='ltr'><strong>ad</strong></span> <span class='ocrx_word' id='word_1_559' title='bbox 1401 4262 1559 4316; x_wconf 88' lang='lat' dir='ltr'><strong>linem</strong></span> <span class='ocrx_word' id='word_1_560' title='bbox 1597 4279 1768 4334; x_wconf 88' lang='lat' dir='ltr'><strong>usque</strong></span> <span class='ocrx_word' id='word_1_561' title='bbox 1814 4266 2145 4336; x_wconf 82' lang='lat' dir='ltr'><strong>religiosita-</strong></span> 
     </span>
    </p>
   </div>
   <div class='ocr_carea' id='block_1_76' title="bbox 567 4351 2140 4419">
    <p class='ocr_par' dir='ltr' id='par_1_76' title="bbox 567 4351 2140 4419">
     <span class='ocr_line' id='line_1_76' title="bbox 567 4351 2140 4419; baseline 0.001 -9"><span class='ocrx_word' id='word_1_562' title='bbox 567 4366 672 4411; x_wconf 82' lang='lat' dir='ltr'><strong>tem</strong></span> <span class='ocrx_word' id='word_1_563' title='bbox 701 4368 885 4411; x_wconf 90' lang='lat' dir='ltr'><strong>veram</strong></span> <span class='ocrx_word' id='word_1_564' title='bbox 914 4365 1299 4406; x_wconf 89' lang='lat' dir='ltr'><strong>conservemus</strong></span> <span class='ocrx_word' id='word_1_565' title='bbox 1319 4390 1337 4419; x_wconf 93' lang='lat'><strong>,</strong></span> <span class='ocrx_word' id='word_1_566' title='bbox 1374 4351 1680 4408; x_wconf 89' lang='lat' dir='ltr'><strong>nullatenus</strong></span> <span class='ocrx_word' id='word_1_567' title='bbox 1717 4353 1786 4408; x_wconf 89' lang='lat' dir='ltr'><strong>ab</strong></span> <span class='ocrx_word' id='word_1_568' title='bbox 1812 4356 2140 4413; x_wconf 88' lang='lat' dir='ltr'><strong>adversariis</strong></span> 
     </span>
    </p>
   </div>
   <div class='ocr_carea' id='block_1_77' title="bbox 567 4442 2138 4514">
    <p class='ocr_par' dir='ltr' id='par_1_77' title="bbox 567 4442 2138 4514">
     <span class='ocr_line' id='line_1_77' title="bbox 567 4442 2138 4514; baseline 0.004 -13"><span class='ocrx_word' id='word_1_569' title='bbox 567 4445 796 4509; x_wconf 81' lang='lat' dir='ltr'><strong>turbati,</strong></span> <span class='ocrx_word' id='word_1_570' title='bbox 848 4443 942 4499; x_wconf 91' lang='lat' dir='ltr'><strong>sed</strong></span> <span class='ocrx_word' id='word_1_571' title='bbox 991 4456 1120 4514; x_wconf 81' lang='lat' dir='ltr'><strong>erga</strong></span> <span class='ocrx_word' id='word_1_572' title='bbox 1182 4442 1470 4497; x_wconf 91' lang='lat' dir='ltr'><strong>Dominum</strong></span> <span class='ocrx_word' id='word_1_573' title='bbox 1523 4443 1843 4501; x_wconf 87' lang='lat' dir='ltr'><strong>charitatem</strong></span> <span class='ocrx_word' id='word_1_574' title='bbox 1872 4487 1889 4513; x_wconf 89' lang='lat'><strong>,</strong></span> <span class='ocrx_word' id='word_1_575' title='bbox 1924 4447 2138 4507; x_wconf 71' lang='lat' dir='ltr'><strong>invictae</strong></span> 
     </span>
    </p>
   </div>
   <div class='ocr_carea' id='block_1_78' title="bbox 2244 3261 3818 3347">
    <p class='ocr_par' dir='ltr' id='par_1_78' title="bbox 2244 3261 3818 3347">
     <span class='ocr_line' id='line_1_78' title="bbox 2244 3261 3818 3347; baseline -0.011 -15"><span class='ocrx_word' id='word_1_576' title='bbox 2244 3278 2355 3332; x_wconf 88' lang='grc' dir='ltr'><strong>τῶν</strong></span> <span class='ocrx_word' id='word_1_577' title='bbox 2402 3274 2762 3347; x_wconf 86' lang='grc' dir='ltr'>πρωτοτόκων</span> <span class='ocrx_word' id='word_1_578' title='bbox 2799 3269 3123 3340; x_wconf 84' lang='grc' dir='ltr'>Ἐκκλησίας</span> <span class='ocrx_word' id='word_1_579' title='bbox 3170 3267 3278 3332; x_wconf 79' lang='grc' dir='ltr'><strong>ἔξω</strong></span> <span class='ocrx_word' id='word_1_580' title='bbox 3318 3266 3648 3338; x_wconf 80' lang='grc' dir='ltr'>ῥιφήσονται</span> <span class='ocrx_word' id='word_1_581' title='bbox 3675 3279 3690 3294; x_wconf 76' lang='grc' dir='ltr'><strong>ο</strong></span> <span class='ocrx_word' id='word_1_582' title='bbox 3736 3261 3818 3326; x_wconf 80' lang='grc' dir='ltr'><strong>ἐξ·</strong></span> 
     </span>
    </p>
   </div>
   <div class='ocr_carea' id='block_1_79' title="bbox 2244 3356 3819 3440">
    <p class='ocr_par' dir='ltr' id='par_1_79' title="bbox 2244 3356 3819 3440">
     <span class='ocr_line' id='line_1_79' title="bbox 2244 3356 3819 3440; baseline -0.01 -17"><span class='ocrx_word' id='word_1_583' title='bbox 2244 3368 2583 3440; x_wconf 84' lang='grc' dir='ltr'>ηλείφθησαν</span> <span class='ocrx_word' id='word_1_584' title='bbox 2604 3366 2718 3435; x_wconf 87' lang='grc' dir='ltr'>γὰρ</span> <span class='ocrx_word' id='word_1_585' title='bbox 2745 3365 2810 3417; x_wconf 89' lang='grc' dir='ltr'><strong>ἐκ</strong></span> <span class='ocrx_word' id='word_1_586' title='bbox 2835 3362 3020 3433; x_wconf 81' lang='grc' dir='ltr'>βίϐλου</span> <span class='ocrx_word' id='word_1_587' title='bbox 3043 3360 3282 3426; x_wconf 82' lang='grc' dir='ltr'>ζώντων,</span> <span class='ocrx_word' id='word_1_588' title='bbox 3312 3361 3407 3411; x_wconf 80' lang='grc' dir='ltr'><strong>καὶ</strong></span> <span class='ocrx_word' id='word_1_589' title='bbox 3439 3358 3581 3429; x_wconf 87' lang='grc' dir='ltr'>μετὰ</span> <span class='ocrx_word' id='word_1_590' title='bbox 3605 3356 3819 3410; x_wconf 86' lang='grc' dir='ltr'>δικαίων</span> 
     </span>
    </p>
   </div>
   <div class='ocr_carea' id='block_1_80' title="bbox 2244 3448 3816 3528">
    <p class='ocr_par' dir='ltr' id='par_1_80' title="bbox 2244 3448 3816 3528">
     <span class='ocr_line' id='line_1_80' title="bbox 2244 3448 3816 3528; baseline -0.012 -14"><span class='ocrx_word' id='word_1_591' title='bbox 2244 3461 2344 3514; x_wconf 87' lang='grc' dir='ltr'>οὐκ</span> <span class='ocrx_word' id='word_1_592' title='bbox 2362 3458 2827 3528; x_wconf 83' lang='grc' dir='ltr'>ἐγγραφήσονται.</span> <span class='ocrx_word' id='word_1_593' title='bbox 2853 3453 2927 3506; x_wconf 86' lang='grc' dir='ltr'>Τὸ</span> <span class='ocrx_word' id='word_1_594' title='bbox 2947 3452 3004 3505; x_wconf 83' lang='grc' dir='ltr'>δὲ</span> <span class='ocrx_word' id='word_1_595' title='bbox 3032 3452 3162 3505; x_wconf 80' lang='grc' dir='ltr'>αὐτὸ</span> <span class='ocrx_word' id='word_1_596' title='bbox 3186 3450 3281 3503; x_wconf 73' lang='grc' dir='ltr'>καὶ</span> <span class='ocrx_word' id='word_1_597' title='bbox 3306 3449 3531 3512; x_wconf 83' lang='grc' dir='ltr'>τούτους</span> <span class='ocrx_word' id='word_1_598' title='bbox 3551 3448 3816 3512; x_wconf 77' lang='grc' dir='ltr'>ἐκδέξεται</span> 
     </span>
    </p>
   </div>
   <div class='ocr_carea' id='block_1_81' title="bbox 2243 3533 3816 3616">
    <p class='ocr_par' dir='ltr' id='par_1_81' title="bbox 2243 3533 3816 3616">
     <span class='ocr_line' id='line_1_81' title="bbox 2243 3533 3816 3616; baseline -0.011 -15"><span class='ocrx_word' id='word_1_599' title='bbox 2243 3550 2416 3614; x_wconf 79' lang='grc' dir='ltr'>τέλος,</span> <span class='ocrx_word' id='word_1_600' title='bbox 2444 3550 2492 3600; x_wconf 83' lang='grc' dir='ltr'><strong>εί</strong></span> <span class='ocrx_word' id='word_1_601' title='bbox 2524 3545 2599 3616; x_wconf 85' lang='grc' dir='ltr'>μὴ</span> <span class='ocrx_word' id='word_1_602' title='bbox 2630 3546 2740 3616; x_wconf 82' lang='grc' dir='ltr'>ἄρα</span> <span class='ocrx_word' id='word_1_603' title='bbox 2770 3544 2965 3596; x_wconf 81' lang='grc' dir='ltr'>θᾶττον</span> <span class='ocrx_word' id='word_1_604' title='bbox 2991 3541 3093 3609; x_wconf 82' lang='grc' dir='ltr'><strong>τῆς</strong></span> <span class='ocrx_word' id='word_1_605' title='bbox 3134 3538 3319 3599; x_wconf 83' lang='grc' dir='ltr'>ἀνοίας</span> <span class='ocrx_word' id='word_1_606' title='bbox 3343 3537 3605 3599; x_wconf 87' lang='grc' dir='ltr'>λαϐόντες</span> <span class='ocrx_word' id='word_1_607' title='bbox 3632 3533 3816 3601; x_wconf 78' lang='grc' dir='ltr'>αἴσθη-</span> 
     </span>
    </p>
   </div>
   <div class='ocr_carea' id='block_1_82' title="bbox 2246 3624 3814 3701">
    <p class='ocr_par' dir='ltr' id='par_1_82' title="bbox 2246 3624 3814 3701">
     <span class='ocr_line' id='line_1_82' title="bbox 2246 3624 3814 3701; baseline -0.01 -9"><span class='ocrx_word' id='word_1_608' title='bbox 2246 3656 2353 3701; x_wconf 89' lang='grc' dir='ltr'>σιν,</span> <span class='ocrx_word' id='word_1_609' title='bbox 2378 3635 2695 3690; x_wconf 86' lang='grc' dir='ltr'>ἐπανελθεῖν</span> <span class='ocrx_word' id='word_1_610' title='bbox 2722 3632 2844 3688; x_wconf 85' lang='grc' dir='ltr'>ὅθεν</span> <span class='ocrx_word' id='word_1_611' title='bbox 2872 3632 3139 3696; x_wconf 79' lang='grc' dir='ltr'>ἐξέπεσαν</span> <span class='ocrx_word' id='word_1_612' title='bbox 3167 3629 3566 3692; x_wconf 85' lang='grc' dir='ltr'>σπουδάσωσιν,</span> <span class='ocrx_word' id='word_1_613' title='bbox 3594 3626 3687 3680; x_wconf 70' lang='grc' dir='ltr'>καὶ</span> <span class='ocrx_word' id='word_1_614' title='bbox 3717 3624 3814 3694; x_wconf 79' lang='grc' dir='ltr'><strong>μά-</strong></span> 
     </span>
    </p>
   </div>
   <div class='ocr_carea' id='block_1_83' title="bbox 2242 3717 3810 3797">
    <p class='ocr_par' dir='ltr' id='par_1_83' title="bbox 2242 3717 3810 3797">
     <span class='ocr_line' id='line_1_83' title="bbox 2242 3717 3810 3797; baseline -0.011 -13"><span class='ocrx_word' id='word_1_615' title='bbox 2242 3732 2401 3784; x_wconf 89' lang='grc' dir='ltr'>λιστα</span> <span class='ocrx_word' id='word_1_616' title='bbox 2430 3729 2557 3790; x_wconf 81' lang='grc' dir='ltr'>τοὺς</span> <span class='ocrx_word' id='word_1_617' title='bbox 2588 3725 2865 3797; x_wconf 82' lang='grc' dir='ltr'>ἀρχηγοὺς</span> <span class='ocrx_word' id='word_1_618' title='bbox 2893 3724 2995 3792; x_wconf 84' lang='grc' dir='ltr'>τῆς</span> <span class='ocrx_word' id='word_1_619' title='bbox 3015 3718 3431 3791; x_wconf 62' lang='grc' dir='ltr'>κακοφροσῶιης</span> <span class='ocrx_word' id='word_1_620' title='bbox 3457 3717 3780 3787; x_wconf 79' lang='grc' dir='ltr'>γενομένους</span> <span class='ocrx_word' id='word_1_621' title='bbox 3797 3730 3810 3743; x_wconf 91' lang='grc'><strong>·</strong></span> 
     </span>
    </p>
   </div>
   <div class='ocr_carea' id='block_1_84' title="bbox 2243 3802 3814 3887">
    <p class='ocr_par' dir='ltr' id='par_1_84' title="bbox 2243 3802 3814 3887">
     <span class='ocr_line' id='line_1_84' title="bbox 2243 3802 3814 3887; baseline -0.013 -12"><span class='ocrx_word' id='word_1_622' title='bbox 2243 3819 2567 3875; x_wconf 85' lang='grc' dir='ltr'>ἀκούσονται</span> <span class='ocrx_word' id='word_1_623' title='bbox 2588 3816 2699 3887; x_wconf 84' lang='grc' dir='ltr'><strong>γὰρ</strong></span> <span class='ocrx_word' id='word_1_624' title='bbox 2732 3814 3018 3885; x_wconf 72' lang='grc' dir='ltr'>μονονουχὶ</span> <span class='ocrx_word' id='word_1_625' title='bbox 3056 3811 3151 3866; x_wconf 67' lang='grc' dir='ltr'>καὶ</span> <span class='ocrx_word' id='word_1_626' title='bbox 3179 3811 3386 3864; x_wconf 90' lang='grc' dir='ltr'>τούτων</span> <span class='ocrx_word' id='word_1_627' title='bbox 3412 3809 3651 3870; x_wconf 67' lang='grc' dir='ltr'>ἕκαστος</span> <span class='ocrx_word' id='word_1_628' title='bbox 3675 3802 3814 3874; x_wconf 76' lang='grc' dir='ltr'>παρὰ</span> 
     </span>
    </p>
   </div>
   <div class='ocr_carea' id='block_1_85' title="bbox 2240 3902 3812 3982">
    <p class='ocr_par' dir='ltr' id='par_1_85' title="bbox 2240 3902 3812 3982">
     <span class='ocr_line' id='line_1_85' title="bbox 2240 3902 3812 3982; baseline -0.011 -16"><span class='ocrx_word' id='word_1_629' title='bbox 2240 3911 2337 3966; x_wconf 82' lang='grc' dir='ltr'><strong>τοῦ</strong></span> <span class='ocrx_word' id='word_1_630' title='bbox 2391 3911 2674 3982; x_wconf 78' lang='grc' dir='ltr'>Σωτῆρος·</span> <span class='ocrx_word' id='word_1_631' title='bbox 2723 3925 2742 3959; x_wconf 85' lang='grc'><em>‹</em></span> <span class='ocrx_word' id='word_1_632' title='bbox 2769 3908 2865 3960; x_wconf 71' lang='lat' dir='ltr'><strong>“Ov</strong></span> <span class='ocrx_word' id='word_1_633' title='bbox 2894 3905 3099 3976; x_wconf 88' lang='grc' dir='ltr'>τρόπον</span> <span class='ocrx_word' id='word_1_634' title='bbox 3151 3903 3364 3972; x_wconf 79' lang='grc' dir='ltr'>ἱμάτιον</span> <span class='ocrx_word' id='word_1_635' title='bbox 3391 3903 3449 3956; x_wconf 90' lang='grc' dir='ltr'><strong>ἐν</strong></span> <span class='ocrx_word' id='word_1_636' title='bbox 3481 3902 3681 3970; x_wconf 75' lang='grc' dir='ltr'>αἵματι</span> <span class='ocrx_word' id='word_1_637' title='bbox 3726 3913 3812 3949; x_wconf 85' lang='grc' dir='ltr'>πε-</span> 
     </span>
    </p>
   </div>
   <div class='ocr_carea' id='block_1_86' title="bbox 2243 3989 3809 4076">
    <p class='ocr_par' dir='ltr' id='par_1_86' title="bbox 2243 3989 3809 4076">
     <span class='ocr_line' id='line_1_86' title="bbox 2243 3989 3809 4076; baseline -0.013 -16"><span class='ocrx_word' id='word_1_638' title='bbox 2243 4004 2518 4076; x_wconf 83' lang='grc' dir='ltr'>φυρμένον</span> <span class='ocrx_word' id='word_1_639' title='bbox 2552 4003 2653 4056; x_wconf 78' lang='grc' dir='ltr'>οὐκ</span> <span class='ocrx_word' id='word_1_640' title='bbox 2706 3999 2861 4053; x_wconf 81' lang='grc' dir='ltr'>ἔσται</span> <span class='ocrx_word' id='word_1_641' title='bbox 2915 3995 3177 4067; x_wconf 77' lang='grc' dir='ltr'>καθαρὸν,</span> <span class='ocrx_word' id='word_1_642' title='bbox 3226 3992 3400 4057; x_wconf 70' lang='grc' dir='ltr'>οὕτως</span> <span class='ocrx_word' id='word_1_643' title='bbox 3434 3993 3559 4047; x_wconf 75' lang='grc' dir='ltr'>οὐδὲ</span> <span class='ocrx_word' id='word_1_644' title='bbox 3610 3992 3674 4045; x_wconf 74' lang='grc' dir='ltr'>σὺ</span> <span class='ocrx_word' id='word_1_645' title='bbox 3722 3989 3809 4056; x_wconf 76' lang='grc' dir='ltr'><strong>ἔσῃ</strong></span> 
     </span>
    </p>
   </div>
   <div class='ocr_carea' id='block_1_87' title="bbox 2241 4080 3807 4165">
    <p class='ocr_par' dir='ltr' id='par_1_87' title="bbox 2241 4080 3807 4165">
     <span class='ocr_line' id='line_1_87' title="bbox 2241 4080 3807 4165; baseline -0.011 -15"><span class='ocrx_word' id='word_1_646' title='bbox 2241 4095 2508 4165; x_wconf 78' lang='grc' dir='ltr'><strong>καθαρός⁸</strong></span> <span class='ocrx_word' id='word_1_647' title='bbox 2543 4092 2679 4146; x_wconf 87' lang='grc' dir='ltr'>διότι</span> <span class='ocrx_word' id='word_1_648' title='bbox 2710 4091 2809 4163; x_wconf 80' lang='grc' dir='ltr'>τὴν</span> <span class='ocrx_word' id='word_1_649' title='bbox 2838 4092 2941 4159; x_wconf 81' lang='grc' dir='ltr'>γῆν</span> <span class='ocrx_word' id='word_1_650' title='bbox 2975 4105 3077 4159; x_wconf 90' lang='grc' dir='ltr'><strong>μου</strong></span> <span class='ocrx_word' id='word_1_651' title='bbox 3108 4085 3417 4148; x_wconf 79' lang='grc' dir='ltr'>ἀπώλεσας,</span> <span class='ocrx_word' id='word_1_652' title='bbox 3446 4086 3544 4138; x_wconf 70' lang='grc' dir='ltr'>καὶ</span> <span class='ocrx_word' id='word_1_653' title='bbox 3572 4084 3664 4137; x_wconf 79' lang='grc' dir='ltr'><strong>τὸν</strong></span> <span class='ocrx_word' id='word_1_654' title='bbox 3690 4080 3807 4134; x_wconf 88' lang='grc' dir='ltr'>λαόν</span> 
     </span>
    </p>
   </div>
   <div class='ocr_carea' id='block_1_88' title="bbox 2244 4170 3811 4258">
    <p class='ocr_par' dir='ltr' id='par_1_88' title="bbox 2244 4170 3811 4258">
     <span class='ocr_line' id='line_1_88' title="bbox 2244 4170 3811 4258; baseline -0.01 -16"><span class='ocrx_word' id='word_1_655' title='bbox 2244 4205 2348 4258; x_wconf 90' lang='grc' dir='ltr'><strong>μου</strong></span> <span class='ocrx_word' id='word_1_656' title='bbox 2382 4186 2741 4248; x_wconf 82' lang='grc' dir='ltr'>ἀπέκτεινας·</span> <span class='ocrx_word' id='word_1_657' title='bbox 2789 4183 2850 4236; x_wconf 85' lang='grc' dir='ltr'><strong>ού</strong></span> <span class='ocrx_word' id='word_1_658' title='bbox 2902 4181 2976 4253; x_wconf 81' lang='grc' dir='ltr'>μὴ</span> <span class='ocrx_word' id='word_1_659' title='bbox 3013 4178 3202 4251; x_wconf 82' lang='grc' dir='ltr'>μείνῃς</span> <span class='ocrx_word' id='word_1_660' title='bbox 3229 4180 3310 4240; x_wconf 84' lang='grc' dir='ltr'><strong>εἰς</strong></span> <span class='ocrx_word' id='word_1_661' title='bbox 3352 4177 3444 4230; x_wconf 83' lang='grc' dir='ltr'>τὸν</span> <span class='ocrx_word' id='word_1_662' title='bbox 3482 4176 3656 4229; x_wconf 83' lang='grc' dir='ltr'>αἰῶνα</span> <span class='ocrx_word' id='word_1_663' title='bbox 3693 4170 3811 4243; x_wconf 65' lang='grc' dir='ltr'>χρὸν</span> 
     </span>
    </p>
   </div>
   <div class='ocr_carea' id='block_1_89' title="bbox 2242 4264 3805 4349">
    <p class='ocr_par' dir='ltr' id='par_1_89' title="bbox 2242 4264 3805 4349">
     <span class='ocr_line' id='line_1_89' title="bbox 2242 4264 3805 4349; baseline -0.01 -15"><span class='ocrx_word' id='word_1_664' title='bbox 2242 4296 2355 4334; x_wconf 90' lang='grc' dir='ltr'>νον.</span> <span class='ocrx_word' id='word_1_665' title='bbox 2386 4298 2404 4331; x_wconf 75' lang='grc' dir='ltr'><strong>ι</strong></span> <span class='ocrx_word' id='word_1_666' title='bbox 2442 4279 2637 4349; x_wconf 80' lang='grc' dir='ltr'>Ἡμεῖς</span> <span class='ocrx_word' id='word_1_667' title='bbox 2656 4277 2714 4332; x_wconf 79' lang='grc' dir='ltr'>δὲ</span> <span class='ocrx_word' id='word_1_668' title='bbox 2760 4276 2811 4329; x_wconf 86' lang='grc' dir='ltr'>οἱ</span> <span class='ocrx_word' id='word_1_669' title='bbox 2832 4274 2931 4345; x_wconf 84' lang='grc' dir='ltr'>τὴν</span> <span class='ocrx_word' id='word_1_670' title='bbox 2949 4271 3159 4329; x_wconf 80' lang='grc' dir='ltr'>ἑαυτῶν</span> <span class='ocrx_word' id='word_1_671' title='bbox 3187 4270 3370 4323; x_wconf 89' lang='grc' dir='ltr'>πίστιν</span> <span class='ocrx_word' id='word_1_672' title='bbox 3383 4269 3475 4322; x_wconf 74' lang='grc' dir='ltr'><strong>ἐπὶ</strong></span> <span class='ocrx_word' id='word_1_673' title='bbox 3490 4268 3590 4339; x_wconf 80' lang='grc' dir='ltr'>τὴν</span> <span class='ocrx_word' id='word_1_674' title='bbox 3604 4264 3805 4339; x_wconf 71' lang='grc' dir='ltr'>ἀρραγῆ</span> 
     </span>
    </p>
   </div>
   <div class='ocr_carea' id='block_1_90' title="bbox 2241 4357 3806 4440">
    <p class='ocr_par' dir='ltr' id='par_1_90' title="bbox 2241 4357 3806 4440">
     <span class='ocr_line' id='line_1_90' title="bbox 2241 4357 3806 4440; baseline -0.01 -17"><span class='ocrx_word' id='word_1_675' title='bbox 2241 4370 2451 4440; x_wconf 84' lang='grc' dir='ltr'>πέτραν</span> <span class='ocrx_word' id='word_1_676' title='bbox 2498 4368 2958 4439; x_wconf 79' lang='grc' dir='ltr'>οἰκοδομήσαντες</span> <span class='ocrx_word' id='word_1_677' title='bbox 2992 4364 3240 4435; x_wconf 90' lang='grc' dir='ltr'>βεϐαίαν,</span> <span class='ocrx_word' id='word_1_678' title='bbox 3293 4362 3456 4435; x_wconf 81' lang='grc' dir='ltr'>μέχρι</span> <span class='ocrx_word' id='word_1_679' title='bbox 3499 4363 3688 4424; x_wconf 88' lang='grc' dir='ltr'>τέλους</span> <span class='ocrx_word' id='word_1_680' title='bbox 3717 4357 3806 4427; x_wconf 73' lang='grc' dir='ltr'>τὴν</span> 
     </span>
    </p>
   </div>
   <div class='ocr_carea' id='block_1_91' title="bbox 2241 4454 3805 4529">
    <p class='ocr_par' dir='ltr' id='par_1_91' title="bbox 2241 4454 3805 4529">
     <span class='ocr_line' id='line_1_91' title="bbox 2241 4454 3805 4529; baseline -0.009 -14"><span class='ocrx_word' id='word_1_681' title='bbox 2241 4461 2523 4515; x_wconf 84' lang='grc' dir='ltr'>εὐσέϐειαν</span> <span class='ocrx_word' id='word_1_682' title='bbox 2551 4458 3005 4529; x_wconf 81' lang='grc' dir='ltr'>διαφυλάξωμεν,</span> <span class='ocrx_word' id='word_1_683' title='bbox 3046 4456 3310 4528; x_wconf 87' lang='grc' dir='ltr'>μηδαμῶς</span> <span class='ocrx_word' id='word_1_684' title='bbox 3352 4455 3459 4508; x_wconf 82' lang='grc' dir='ltr'><strong>ὑπὸ</strong></span> <span class='ocrx_word' id='word_1_685' title='bbox 3506 4454 3618 4509; x_wconf 89' lang='grc' dir='ltr'><strong>τῶν</strong></span> <span class='ocrx_word' id='word_1_686' title='bbox 3665 4454 3805 4504; x_wconf 81' lang='grc' dir='ltr'>ἐναν-</span> 
     </span>
    </p>
   </div>
   <div class='ocr_carea' id='block_1_92' title="bbox 562 4534 2136 4625">
    <p class='ocr_par' dir='ltr' id='par_1_92' title="bbox 562 4534 2136 4613">
     <span class='ocr_line' id='line_1_92' title="bbox 562 4534 2136 4613; baseline 0.001 -19"><span class='ocrx_word' id='word_1_687' title='bbox 562 4546 855 4594; x_wconf 72' lang='lat' dir='ltr'><strong>armatura:</strong></span> <span class='ocrx_word' id='word_1_688' title='bbox 883 4536 1057 4591; x_wconf 87' lang='lat' dir='ltr'><strong>instar</strong></span> <span class='ocrx_word' id='word_1_689' title='bbox 1082 4534 1367 4600; x_wconf 87' lang='lat' dir='ltr'><strong>habentes,</strong></span> <span class='ocrx_word' id='word_1_690' title='bbox 1398 4535 1452 4590; x_wconf 92' lang='lat' dir='ltr'><strong>in</strong></span> <span class='ocrx_word' id='word_1_691' title='bbox 1502 4536 1620 4607; x_wconf 88' lang='lat' dir='ltr'><strong>ipso</strong></span> <span class='ocrx_word' id='word_1_692' title='bbox 1677 4552 1893 4610; x_wconf 88' lang='lat' dir='ltr'><strong>semper</strong></span> <span class='ocrx_word' id='word_1_693' title='bbox 1937 4541 2136 4613; x_wconf 82' lang='lat' dir='ltr'><strong>glorie-</strong></span> 
     </span>
    </p>
   </div>
   <div class='ocr_carea' id='block_1_93' title="bbox 2241 4534 3805 4625">
    <p class='ocr_par' dir='ltr' id='par_1_93' title="bbox 2241 4544 3805 4624">
     <span class='ocr_line' id='line_1_93' title="bbox 2241 4544 3805 4624; baseline -0.01 -16"><span class='ocrx_word' id='word_1_694' title='bbox 2241 4554 2371 4608; x_wconf 80' lang='grc' dir='ltr'>τίων</span> <span class='ocrx_word' id='word_1_695' title='bbox 2405 4551 2814 4624; x_wconf 88' lang='grc' dir='ltr'>θορυϐούμενοι,</span> <span class='ocrx_word' id='word_1_696' title='bbox 2840 4549 2975 4604; x_wconf 85' lang='grc' dir='ltr'>ἀλλὰ</span> <span class='ocrx_word' id='word_1_697' title='bbox 2994 4550 3093 4619; x_wconf 85' lang='grc' dir='ltr'>τὴν</span> <span class='ocrx_word' id='word_1_698' title='bbox 3122 4550 3202 4612; x_wconf 83' lang='grc' dir='ltr'><strong>είς</strong></span> <span class='ocrx_word' id='word_1_699' title='bbox 3222 4548 3314 4601; x_wconf 78' lang='grc' dir='ltr'><strong>τὸν</strong></span> <span class='ocrx_word' id='word_1_700' title='bbox 3347 4546 3562 4617; x_wconf 67' lang='grc' dir='ltr'>Κύριον</span> <span class='ocrx_word' id='word_1_701' title='bbox 3596 4544 3805 4613; x_wconf 79' lang='grc' dir='ltr'>ἀγάπην</span> 
     </span>
    </p>
   </div>
   <div class='ocr_carea' id='block_1_94' title="bbox 562 4626 2130 4698">
    <p class='ocr_par' dir='ltr' id='par_1_94' title="bbox 562 4626 2130 4698">
     <span class='ocr_line' id='line_1_94' title="bbox 562 4626 2130 4698; baseline 0.002 -13"><span class='ocrx_word' id='word_1_702' title='bbox 562 4645 704 4697; x_wconf 90' lang='lat' dir='ltr'><strong>mur,</strong></span> <span class='ocrx_word' id='word_1_703' title='bbox 720 4628 995 4698; x_wconf 81' lang='lat' dir='ltr'><strong>prophetae</strong></span> <span class='ocrx_word' id='word_1_704' title='bbox 1012 4628 1176 4681; x_wconf 87' lang='lat' dir='ltr'><strong>verba</strong></span> <span class='ocrx_word' id='word_1_705' title='bbox 1199 4626 1581 4696; x_wconf 89' lang='lat' dir='ltr'><strong>decantantes,</strong></span> <span class='ocrx_word' id='word_1_706' title='bbox 1605 4638 1659 4684; x_wconf 91' lang='lat' dir='ltr'><strong>et</strong></span> <span class='ocrx_word' id='word_1_707' title='bbox 1688 4630 2130 4688; x_wconf 87' lang='lat' dir='ltr'><strong>adversariorum</strong></span> 
     </span>
    </p>
   </div>
   <div class='ocr_carea' id='block_1_95' title="bbox 560 4718 2129 4793">
    <p class='ocr_par' dir='ltr' id='par_1_95' title="bbox 560 4718 2129 4793">
     <span class='ocr_line' id='line_1_95' title="bbox 560 4718 2129 4793; baseline 0.001 -16"><span class='ocrx_word' id='word_1_708' title='bbox 560 4721 950 4793; x_wconf 84' lang='lat' dir='ltr'><strong>ignobilitatem</strong></span> <span class='ocrx_word' id='word_1_709' title='bbox 973 4718 1299 4773; x_wconf 88' lang='lat' dir='ltr'><strong>irridentes:</strong></span> <span class='ocrx_word' id='word_1_710' title='bbox 1342 4738 1360 4770; x_wconf 76' lang='grc' dir='ltr'><strong>ι</strong></span> <span class='ocrx_word' id='word_1_711' title='bbox 1393 4718 1681 4775; x_wconf 88' lang='lat' dir='ltr'><strong>Nobiscum</strong></span> <span class='ocrx_word' id='word_1_712' title='bbox 1711 4721 1871 4777; x_wconf 88' lang='lat' dir='ltr'><strong>Deus.</strong></span> <span class='ocrx_word' id='word_1_713' title='bbox 1902 4722 2129 4792; x_wconf 85' lang='lat' dir='ltr'><strong>Scitote,</strong></span> 
     </span>
    </p>
   </div>
   <div class='ocr_carea' id='block_1_96' title="bbox 558 4810 2133 4885">
    <p class='ocr_par' dir='ltr' id='par_1_96' title="bbox 558 4810 2133 4885">
     <span class='ocr_line' id='line_1_96' title="bbox 558 4810 2133 4885; baseline 0.006 -19"><span class='ocrx_word' id='word_1_714' title='bbox 558 4814 763 4885; x_wconf 79' lang='lat' dir='ltr'><strong>populi,</strong></span> <span class='ocrx_word' id='word_1_715' title='bbox 800 4822 856 4868; x_wconf 88' lang='lat' dir='ltr'><strong>et</strong></span> <span class='ocrx_word' id='word_1_716' title='bbox 880 4810 1262 4883; x_wconf 86' lang='lat' dir='ltr'><strong>deprimamini</strong></span> <span class='ocrx_word' id='word_1_717' title='bbox 1286 4829 1300 4879; x_wconf 92' lang='lat'><strong>;</strong></span> <span class='ocrx_word' id='word_1_718' title='bbox 1327 4812 1419 4883; x_wconf 89' lang='lat' dir='ltr'><strong>qui</strong></span> <span class='ocrx_word' id='word_1_719' title='bbox 1449 4812 1698 4870; x_wconf 88' lang='lat' dir='ltr'><strong>valuistis</strong></span> <span class='ocrx_word' id='word_1_720' title='bbox 1720 4854 1735 4878; x_wconf 92' lang='lat'><strong>,</strong></span> <span class='ocrx_word' id='word_1_721' title='bbox 1782 4825 1972 4884; x_wconf 89' lang='lat' dir='ltr'><strong>postea</strong></span> <span class='ocrx_word' id='word_1_722' title='bbox 2002 4820 2133 4875; x_wconf 90' lang='lat' dir='ltr'><strong>estis</strong></span> 
     </span>
    </p>
   </div>
   <div class='ocr_carea' id='block_1_97' title="bbox 558 4902 2129 4978">
    <p class='ocr_par' dir='ltr' id='par_1_97' title="bbox 558 4902 2129 4978">
     <span class='ocr_line' id='line_1_97' title="bbox 558 4902 2129 4978; baseline 0.003 -18"><span class='ocrx_word' id='word_1_723' title='bbox 558 4905 799 4976; x_wconf 84' lang='lat' dir='ltr'><strong>depressi</strong></span> <span class='ocrx_word' id='word_1_724' title='bbox 830 4922 844 4959; x_wconf 89' lang='lat'><strong>:</strong></span> <span class='ocrx_word' id='word_1_725' title='bbox 877 4911 933 4958; x_wconf 91' lang='lat' dir='ltr'><strong>et</strong></span> <span class='ocrx_word' id='word_1_726' title='bbox 969 4904 1015 4957; x_wconf 91' lang='lat' dir='ltr'><strong>si</strong></span> <span class='ocrx_word' id='word_1_727' title='bbox 1052 4902 1250 4958; x_wconf 89' lang='lat' dir='ltr'><strong>iterum</strong></span> <span class='ocrx_word' id='word_1_728' title='bbox 1283 4903 1766 4975; x_wconf 86' lang='lat' dir='ltr'><strong>valueritis,aeque</strong></span> <span class='ocrx_word' id='word_1_729' title='bbox 1792 4906 2083 4965; x_wconf 90' lang='lat' dir='ltr'><strong>vincemini</strong></span> <span class='ocrx_word' id='word_1_730' title='bbox 2111 4928 2129 4978; x_wconf 95' lang='lat'><strong>;</strong></span> 
     </span>
    </p>
   </div>
   <div class='ocr_carea' id='block_1_98' title="bbox 558 4991 2132 5062">
    <p class='ocr_par' dir='ltr' id='par_1_98' title="bbox 558 4991 2132 5062">
     <span class='ocr_line' id='line_1_98' title="bbox 558 4991 2132 5062; baseline 0.004 -14"><span class='ocrx_word' id='word_1_731' title='bbox 558 5004 612 5048; x_wconf 82' lang='lat' dir='ltr'><strong>et</strong></span> <span class='ocrx_word' id='word_1_732' title='bbox 642 4994 687 5049; x_wconf 92' lang='lat' dir='ltr'><strong>si</strong></span> <span class='ocrx_word' id='word_1_733' title='bbox 712 4993 840 5062; x_wconf 88' lang='lat' dir='ltr'><strong>quid</strong></span> <span class='ocrx_word' id='word_1_734' title='bbox 868 4991 1303 5047; x_wconf 89' lang='lat' dir='ltr'><strong>deliberaveritis</strong></span> <span class='ocrx_word' id='word_1_735' title='bbox 1324 5032 1339 5057; x_wconf 96' lang='lat'><strong>,</strong></span> <span class='ocrx_word' id='word_1_736' title='bbox 1372 4993 1665 5049; x_wconf 91' lang='lat' dir='ltr'><strong>consilium</strong></span> <span class='ocrx_word' id='word_1_737' title='bbox 1696 5004 1936 5051; x_wconf 91' lang='lat' dir='ltr'><strong>vestrum</strong></span> <span class='ocrx_word' id='word_1_738' title='bbox 1968 4998 2132 5057; x_wconf 86' lang='lat' dir='ltr'><strong>dissi-</strong></span> 
     </span>
    </p>
   </div>
   <div class='ocr_carea' id='block_1_99' title="bbox 560 5083 2135 5158">
    <p class='ocr_par' dir='ltr' id='par_1_99' title="bbox 560 5083 2135 5158">
     <span class='ocr_line' id='line_1_99' title="bbox 560 5083 2135 5158; baseline 0.005 -20"><span class='ocrx_word' id='word_1_739' title='bbox 560 5085 706 5155; x_wconf 88' lang='lat' dir='ltr'><strong>pabit</strong></span> <span class='ocrx_word' id='word_1_740' title='bbox 740 5083 1030 5151; x_wconf 83' lang='lat' dir='ltr'><strong>Dominus;</strong></span> <span class='ocrx_word' id='word_1_741' title='bbox 1074 5090 1130 5137; x_wconf 87' lang='lat' dir='ltr'><strong>et</strong></span> <span class='ocrx_word' id='word_1_742' title='bbox 1174 5096 1334 5152; x_wconf 89' lang='lat' dir='ltr'><strong>quem</strong></span> <span class='ocrx_word' id='word_1_743' title='bbox 1368 5098 1672 5141; x_wconf 84' lang='lat' dir='ltr'><strong>sermonem</strong></span> <span class='ocrx_word' id='word_1_744' title='bbox 1716 5087 2033 5158; x_wconf 78' lang='lat' dir='ltr'><strong>loquamini,</strong></span> <span class='ocrx_word' id='word_1_745' title='bbox 2091 5092 2135 5146; x_wconf 91' lang='lat' dir='ltr'><strong>is</strong></span> 
     </span>
    </p>
   </div>
   <div class='ocr_carea' id='block_1_100' title="bbox 556 5174 2123 5247">
    <p class='ocr_par' dir='ltr' id='par_1_100' title="bbox 556 5174 2123 5247">
     <span class='ocr_line' id='line_1_100' title="bbox 556 5174 2123 5247; baseline 0.007 -20"><span class='ocrx_word' id='word_1_746' title='bbox 556 5175 698 5245; x_wconf 85' lang='lat' dir='ltr'><strong>apud</strong></span> <span class='ocrx_word' id='word_1_747' title='bbox 746 5188 842 5229; x_wconf 91' lang='lat' dir='ltr'><strong>vos</strong></span> <span class='ocrx_word' id='word_1_748' title='bbox 884 5187 991 5229; x_wconf 90' lang='lat' dir='ltr'><strong>non</strong></span> <span class='ocrx_word' id='word_1_749' title='bbox 1033 5174 1424 5244; x_wconf 88' lang='lat' dir='ltr'><strong>permanebit;</strong></span> <span class='ocrx_word' id='word_1_750' title='bbox 1482 5178 1607 5247; x_wconf 90' lang='lat' dir='ltr'><strong>quia</strong></span> <span class='ocrx_word' id='word_1_751' title='bbox 1653 5179 1794 5236; x_wconf 92' lang='lat' dir='ltr'><strong>Deus</strong></span> <span class='ocrx_word' id='word_1_752' title='bbox 1841 5182 2123 5238; x_wconf 87' lang='lat' dir='ltr'><strong>nobiscum</strong></span> 
     </span>
    </p>
   </div>
   <div class='ocr_carea' id='block_1_101' title="bbox 556 5266 795 5322">
    <p class='ocr_par' dir='ltr' id='par_1_101' title="bbox 556 5266 795 5322">
     <span class='ocr_line' id='line_1_101' title="bbox 556 5266 795 5322; baseline -0.008 0"><span class='ocrx_word' id='word_1_753' title='bbox 556 5276 641 5322; x_wconf 88' lang='lat' dir='ltr'><strong>est</strong></span> <span class='ocrx_word' id='word_1_754' title='bbox 669 5266 735 5321; x_wconf 79' lang='lat'><strong>&quot;.</strong></span> <span class='ocrx_word' id='word_1_755' title='bbox 776 5286 795 5320; x_wconf 76' lang='grc' dir='ltr'><strong>ι</strong></span> 
     </span>
    </p>
   </div>
   <div class='ocr_carea' id='block_1_102' title="bbox 628 5359 2123 5434">
    <p class='ocr_par' dir='ltr' id='par_1_102' title="bbox 628 5359 2123 5434">
     <span class='ocr_line' id='line_1_102' title="bbox 628 5359 2123 5434; baseline 0.006 -20"><span class='ocrx_word' id='word_1_756' title='bbox 628 5360 715 5415; x_wconf 67' lang='grc' dir='ltr'><strong>Η.</strong></span> <span class='ocrx_word' id='word_1_757' title='bbox 748 5359 855 5416; x_wconf 91' lang='lat' dir='ltr'><strong>Sed</strong></span> <span class='ocrx_word' id='word_1_758' title='bbox 887 5374 1037 5425; x_wconf 89' lang='lat' dir='ltr'><strong>ecce,</strong></span> <span class='ocrx_word' id='word_1_759' title='bbox 1074 5360 1130 5415; x_wconf 87' lang='lat' dir='ltr'><strong>hi</strong></span> <span class='ocrx_word' id='word_1_760' title='bbox 1163 5361 1372 5429; x_wconf 89' lang='lat' dir='ltr'><strong>dicunt,</strong></span> <span class='ocrx_word' id='word_1_761' title='bbox 1399 5362 1687 5432; x_wconf 80' lang='lat' dir='ltr'><strong>Apostolus</strong></span> <span class='ocrx_word' id='word_1_762' title='bbox 1718 5376 1905 5434; x_wconf 85' lang='lat' dir='ltr'><strong>aperte</strong></span> <span class='ocrx_word' id='word_1_763' title='bbox 1948 5368 2123 5433; x_wconf 80' lang='lat' dir='ltr'><strong>ipsum</strong></span> 
     </span>
    </p>
   </div>
   <div class='ocr_carea' id='block_1_103' title="bbox 557 5448 2122 5521">
    <p class='ocr_par' dir='ltr' id='par_1_103' title="bbox 557 5448 2122 5521">
     <span class='ocr_line' id='line_1_103' title="bbox 557 5448 2122 5521; baseline 0.006 -18"><span class='ocrx_word' id='word_1_764' title='bbox 557 5450 830 5505; x_wconf 91' lang='lat' dir='ltr'><strong>hominem</strong></span> <span class='ocrx_word' id='word_1_765' title='bbox 865 5450 1175 5505; x_wconf 88' lang='lat' dir='ltr'><strong>conﬁtetur.</strong></span> <span class='ocrx_word' id='word_1_766' title='bbox 1226 5448 1475 5521; x_wconf 85' lang='lat' dir='ltr'><strong>Namque</strong></span> <span class='ocrx_word' id='word_1_767' title='bbox 1508 5453 1571 5507; x_wconf 92' lang='lat' dir='ltr'><strong>ad</strong></span> <span class='ocrx_word' id='word_1_768' title='bbox 1605 5453 1950 5512; x_wconf 83' lang='lat' dir='ltr'><strong>Timotheum</strong></span> <span class='ocrx_word' id='word_1_769' title='bbox 1982 5459 2122 5512; x_wconf 84' lang='lat' dir='ltr'><strong>scri-</strong></span> 
     </span>
    </p>
   </div>
   <div class='ocr_carea' id='block_1_104' title="bbox 554 5540 2125 5607">
    <p class='ocr_par' dir='ltr' id='par_1_104' title="bbox 554 5540 2125 5607">
     <span class='ocr_line' id='line_1_104' title="bbox 554 5540 2125 5607; baseline 0.007 -12"><span class='ocrx_word' id='word_1_770' title='bbox 554 5542 689 5596; x_wconf 85' lang='lat' dir='ltr'><strong>bons</strong></span> <span class='ocrx_word' id='word_1_771' title='bbox 722 5542 802 5597; x_wconf 91' lang='lat' dir='ltr'><strong>sic</strong></span> <span class='ocrx_word' id='word_1_772' title='bbox 830 5542 905 5596; x_wconf 91' lang='lat' dir='ltr'><strong>ait</strong></span> <span class='ocrx_word' id='word_1_773' title='bbox 930 5557 944 5594; x_wconf 88' lang='lat'><strong>:</strong></span> <span class='ocrx_word' id='word_1_774' title='bbox 980 5559 998 5591; x_wconf 73' lang='grc' dir='ltr'><strong>ι</strong></span> <span class='ocrx_word' id='word_1_775' title='bbox 1040 5540 1210 5597; x_wconf 89' lang='lat' dir='ltr'><strong>llomo</strong></span> <span class='ocrx_word' id='word_1_776' title='bbox 1237 5540 1489 5600; x_wconf 86' lang='lat' dir='ltr'><strong>Christus</strong></span> <span class='ocrx_word' id='word_1_777' title='bbox 1515 5542 1673 5602; x_wconf 81' lang='lat' dir='ltr'><strong>Jesus</strong></span> <span class='ocrx_word' id='word_1_778' title='bbox 1697 5545 1765 5605; x_wconf 77' lang='lat'><strong>“.</strong></span> <span class='ocrx_word' id='word_1_779' title='bbox 1808 5564 1828 5599; x_wconf 71' lang='grc' dir='ltr'><strong>ι</strong></span> <span class='ocrx_word' id='word_1_780' title='bbox 1862 5546 1975 5604; x_wconf 81' lang='lat' dir='ltr'><strong>Hoc</strong></span> <span class='ocrx_word' id='word_1_781' title='bbox 1997 5552 2125 5607; x_wconf 88' lang='lat' dir='ltr'><strong>dum</strong></span> 
     </span>
    </p>
   </div>
   <div class='ocr_carea' id='block_1_105' title="bbox 618 5720 1790 5797">
    <p class='ocr_par' dir='ltr' id='par_1_105' title="bbox 618 5720 1790 5797">
     <span class='ocr_line' id='line_1_105' title="bbox 618 5720 1790 5797; baseline 0.015 -31"><span class='ocrx_word' id='word_1_782' title='bbox 618 5722 664 5797; x_wconf 68' lang='lat'><strong>8_°</strong></span> <span class='ocrx_word' id='word_1_783' title='bbox 700 5720 841 5777; x_wconf 83' lang='lat' dir='ltr'><strong>Psal.</strong></span> <span class='ocrx_word' id='word_1_784' title='bbox 870 5722 1082 5797; x_wconf 49' lang='lat' dir='ltr'><strong>viui?»</strong></span> <span class='ocrx_word' id='word_1_785' title='bbox 1134 5723 1233 5797; x_wconf 26' lang='grc' dir='ltr'><strong>*ρο-ί</strong></span> <span class='ocrx_word' id='word_1_786' title='bbox 1260 5723 1377 5797; x_wconf 59' lang='lat' dir='ltr'><strong>lsa.</strong></span> <span class='ocrx_word' id='word_1_787' title='bbox 1404 5740 1537 5788; x_wconf 72' lang='grc' dir='ltr'>χιιι,</span> <span class='ocrx_word' id='word_1_788' title='bbox 1584 5727 1669 5797; x_wconf 67' lang='grc'><strong>14,</strong></span> <span class='ocrx_word' id='word_1_789' title='bbox 1706 5731 1790 5786; x_wconf 82' lang='grc'><strong>15.</strong></span> 
     </span>
    </p>
   </div>
   <div class='ocr_carea' id='block_1_106' title="bbox 557 5791 1587 5877">
    <p class='ocr_par' dir='ltr' id='par_1_106' title="bbox 557 5791 1587 5877">
     <span class='ocr_line' id='line_1_106' title="bbox 557 5791 1587 5877; baseline 0.005 -32"><span class='ocrx_word' id='word_1_790' title='bbox 557 5795 601 5873; x_wconf 63' lang='grc' dir='ltr'>εξ</span> <span class='ocrx_word' id='word_1_791' title='bbox 628 5791 729 5849; x_wconf 79' lang='lat' dir='ltr'><strong>lsa.</strong></span> <span class='ocrx_word' id='word_1_792' title='bbox 763 5808 879 5860; x_wconf 87' lang='lat' dir='ltr'><strong>vm,</strong></span> <span class='ocrx_word' id='word_1_793' title='bbox 904 5792 1055 5873; x_wconf 64' lang='lat'><strong>8-40.</strong></span> <span class='ocrx_word' id='word_1_794' title='bbox 1127 5791 1225 5877; x_wconf 53' lang='lat'><strong>2|</strong></span> <span class='ocrx_word' id='word_1_795' title='bbox 1257 5794 1396 5850; x_wconf 88' lang='lat' dir='ltr'><strong>Tim.</strong></span> <span class='ocrx_word' id='word_1_796' title='bbox 1431 5812 1492 5864; x_wconf 84' lang='grc' dir='ltr'><strong>ιι,</strong></span> 
     </span>
    </p>
   </div>
   <div class='ocr_carea' id='block_1_107' title="bbox 1905 5732 2581 5806">
    <p class='ocr_par' dir='ltr' id='par_1_107' title="bbox 1905 5732 2581 5806">
     <span class='ocr_line' id='line_1_107' title="bbox 1905 5732 2581 5806; baseline 0.016 -21"><span class='ocrx_word' id='word_1_797' title='bbox 1905 5734 1948 5766; x_wconf 65' lang='grc' dir='ltr'><strong>θ’</strong></span> <span class='ocrx_word' id='word_1_798' title='bbox 1978 5732 2118 5792; x_wconf 79' lang='lat' dir='ltr'><strong>Psal.</strong></span> <span class='ocrx_word' id='word_1_799' title='bbox 2156 5740 2456 5806; x_wconf 76' lang='lat' dir='ltr'><strong>xxxvt,&#39;55,</strong></span> <span class='ocrx_word' id='word_1_800' title='bbox 2493 5740 2581 5796; x_wconf 79' lang='lat'><strong>36.</strong></span> 
     </span>
    </p>
   </div>
   <div class='ocr_carea' id='block_1_108' title="bbox 2241 4629 3803 4713">
    <p class='ocr_par' dir='ltr' id='par_1_108' title="bbox 2241 4629 3803 4713">
     <span class='ocr_line' id='line_1_108' title="bbox 2241 4629 3803 4713; baseline -0.01 -16"><span class='ocrx_word' id='word_1_801' title='bbox 2241 4644 2406 4697; x_wconf 85' lang='grc' dir='ltr'>ὅπλον</span> <span class='ocrx_word' id='word_1_802' title='bbox 2461 4642 2718 4713; x_wconf 83' lang='grc' dir='ltr'>ἀνίκητον</span> <span class='ocrx_word' id='word_1_803' title='bbox 2761 4640 2999 4711; x_wconf 68' lang='grc' dir='ltr'>ἔχοντες,</span> <span class='ocrx_word' id='word_1_804' title='bbox 3058 4642 3117 4693; x_wconf 90' lang='grc' dir='ltr'><strong>ἐν</strong></span> <span class='ocrx_word' id='word_1_805' title='bbox 3165 4637 3314 4708; x_wconf 77' lang='grc' dir='ltr'>αὐτῷ</span> <span class='ocrx_word' id='word_1_806' title='bbox 3364 4634 3699 4707; x_wconf 85' lang='grc' dir='ltr'>καυχώμεθα</span> <span class='ocrx_word' id='word_1_807' title='bbox 3726 4629 3803 4683; x_wconf 79' lang='grc' dir='ltr'>διὰ</span> 
     </span>
    </p>
   </div>
   <div class='ocr_carea' id='block_1_109' title="bbox 2243 4722 3803 4803">
    <p class='ocr_par' dir='ltr' id='par_1_109' title="bbox 2243 4722 3803 4803">
     <span class='ocr_line' id='line_1_109' title="bbox 2243 4722 3803 4803; baseline -0.008 -14"><span class='ocrx_word' id='word_1_808' title='bbox 2243 4736 2483 4800; x_wconf 83' lang='grc' dir='ltr'>παντὸς,</span> <span class='ocrx_word' id='word_1_809' title='bbox 2526 4734 2776 4803; x_wconf 85' lang='grc' dir='ltr'>λέγοντες</span> <span class='ocrx_word' id='word_1_810' title='bbox 2824 4732 2895 4787; x_wconf 82' lang='grc' dir='ltr'>τὰ</span> <span class='ocrx_word' id='word_1_811' title='bbox 2948 4732 3043 4786; x_wconf 81' lang='grc' dir='ltr'>τοῦ</span> <span class='ocrx_word' id='word_1_812' title='bbox 3077 4732 3356 4802; x_wconf 82' lang='grc' dir='ltr'>προφήτου</span> <span class='ocrx_word' id='word_1_813' title='bbox 3412 4731 3670 4801; x_wconf 78' lang='grc' dir='ltr'>ῥήματα,</span> <span class='ocrx_word' id='word_1_814' title='bbox 3720 4722 3803 4779; x_wconf 73' lang='grc' dir='ltr'>καὶ</span> 
     </span>
    </p>
   </div>
   <div class='ocr_carea' id='block_1_110' title="bbox 2242 4813 3799 4896">
    <p class='ocr_par' dir='ltr' id='par_1_110' title="bbox 2242 4813 3799 4896">
     <span class='ocr_line' id='line_1_110' title="bbox 2242 4813 3799 4896; baseline -0.009 -16"><span class='ocrx_word' id='word_1_815' title='bbox 2242 4827 2510 4896; x_wconf 87' lang='grc' dir='ltr'>γελῶντες</span> <span class='ocrx_word' id='word_1_816' title='bbox 2569 4824 2678 4879; x_wconf 88' lang='grc' dir='ltr'><strong>τῶν</strong></span> <span class='ocrx_word' id='word_1_817' title='bbox 2738 4824 2996 4878; x_wconf 79' lang='grc' dir='ltr'>ἐναντίων</span> <span class='ocrx_word' id='word_1_818' title='bbox 3049 4821 3149 4893; x_wconf 81' lang='grc' dir='ltr'>τὴν</span> <span class='ocrx_word' id='word_1_819' title='bbox 3233 4821 3547 4874; x_wconf 85' lang='grc' dir='ltr'>εὐτέλειαν·</span> <span class='ocrx_word' id='word_1_820' title='bbox 3604 4840 3623 4875; x_wconf 84' lang='grc'><strong>‹</strong></span> <span class='ocrx_word' id='word_1_821' title='bbox 3677 4813 3799 4872; x_wconf 81' lang='grc' dir='ltr'>Μεθ’</span> 
     </span>
    </p>
   </div>
   <div class='ocr_carea' id='block_1_111' title="bbox 2241 4907 3801 4988">
    <p class='ocr_par' dir='ltr' id='par_1_111' title="bbox 2241 4907 3801 4988">
     <span class='ocr_line' id='line_1_111' title="bbox 2241 4907 3801 4988; baseline -0.008 -17"><span class='ocrx_word' id='word_1_822' title='bbox 2241 4919 2400 4988; x_wconf 84' lang='grc' dir='ltr'>ήμῶν</span> <span class='ocrx_word' id='word_1_823' title='bbox 2423 4919 2451 4971; x_wconf 96' lang='lat'><strong>6</strong></span> <span class='ocrx_word' id='word_1_824' title='bbox 2479 4916 2647 4980; x_wconf 76' lang='grc' dir='ltr'>Θεόςο</span> <span class='ocrx_word' id='word_1_825' title='bbox 2679 4915 2873 4984; x_wconf 89' lang='grc' dir='ltr'>γνῶτε,</span> <span class='ocrx_word' id='word_1_826' title='bbox 2914 4914 3064 4983; x_wconf 79' lang='grc' dir='ltr'>ἔθνη,</span> <span class='ocrx_word' id='word_1_827' title='bbox 3110 4912 3204 4966; x_wconf 74' lang='grc' dir='ltr'>καὶ</span> <span class='ocrx_word' id='word_1_828' title='bbox 3236 4912 3495 4982; x_wconf 78' lang='grc' dir='ltr'>ἡττᾶσθε,</span> <span class='ocrx_word' id='word_1_829' title='bbox 3537 4907 3801 4981; x_wconf 74' lang='grc' dir='ltr'>ἰσχυκότες</span> 
     </span>
    </p>
   </div>
   <div class='ocr_carea' id='block_1_112' title="bbox 2241 4996 3799 5081">
    <p class='ocr_par' dir='ltr' id='par_1_112' title="bbox 2241 4996 3799 5081">
     <span class='ocr_line' id='line_1_112' title="bbox 2241 4996 3799 5081; baseline -0.008 -19"><span class='ocrx_word' id='word_1_830' title='bbox 2241 5009 2473 5081; x_wconf 80' lang='grc' dir='ltr'>ἡττᾶσθε</span> <span class='ocrx_word' id='word_1_831' title='bbox 2498 5026 2513 5040; x_wconf 74' lang='grc' dir='ltr'><strong>ο</strong></span> <span class='ocrx_word' id='word_1_832' title='bbox 2549 5008 2647 5061; x_wconf 82' lang='grc' dir='ltr'><strong>ἐὰν</strong></span> <span class='ocrx_word' id='word_1_833' title='bbox 2678 5008 2787 5077; x_wconf 85' lang='grc' dir='ltr'><strong>γὰρ</strong></span> <span class='ocrx_word' id='word_1_834' title='bbox 2829 5007 2990 5060; x_wconf 78' lang='grc' dir='ltr'>πάλιν</span> <span class='ocrx_word' id='word_1_835' title='bbox 3032 5004 3320 5075; x_wconf 86' lang='grc' dir='ltr'>ίσχύσητε,</span> <span class='ocrx_word' id='word_1_836' title='bbox 3365 5003 3529 5057; x_wconf 78' lang='grc' dir='ltr'>πάλιν</span> <span class='ocrx_word' id='word_1_837' title='bbox 3577 4996 3799 5073; x_wconf 60' lang='grc' dir='ltr'>ὴττηθήυ</span> 
     </span>
    </p>
   </div>
   <div class='ocr_carea' id='block_1_113' title="bbox 2245 5089 3797 5168">
    <p class='ocr_par' dir='ltr' id='par_1_113' title="bbox 2245 5089 3797 5168">
     <span class='ocr_line' id='line_1_113' title="bbox 2245 5089 3797 5168; baseline -0.008 -14"><span class='ocrx_word' id='word_1_838' title='bbox 2245 5100 2437 5154; x_wconf 83' lang='grc' dir='ltr'>σεσθε’</span> <span class='ocrx_word' id='word_1_839' title='bbox 2494 5099 2588 5153; x_wconf 77' lang='grc' dir='ltr'>καὶ</span> <span class='ocrx_word' id='word_1_840' title='bbox 2654 5099 2749 5151; x_wconf 86' lang='grc' dir='ltr'><strong>ἐὰν</strong></span> <span class='ocrx_word' id='word_1_841' title='bbox 2785 5096 3174 5168; x_wconf 88' lang='grc' dir='ltr'>βουλεύσησθε,</span> <span class='ocrx_word' id='word_1_842' title='bbox 3235 5093 3428 5165; x_wconf 78' lang='grc' dir='ltr'>βουλὴν</span> <span class='ocrx_word' id='word_1_843' title='bbox 3470 5089 3797 5146; x_wconf 77' lang='grc' dir='ltr'>διασκεδάσει</span> 
     </span>
    </p>
   </div>
   <div class='ocr_carea' id='block_1_114' title="bbox 2241 5180 3797 5262">
    <p class='ocr_par' dir='ltr' id='par_1_114' title="bbox 2241 5180 3797 5262">
     <span class='ocr_line' id='line_1_114' title="bbox 2241 5180 3797 5262; baseline -0.004 -17"><span class='ocrx_word' id='word_1_844' title='bbox 2241 5192 2477 5262; x_wconf 81' lang='grc' dir='ltr'>Κύριος·</span> <span class='ocrx_word' id='word_1_845' title='bbox 2506 5191 2600 5246; x_wconf 73' lang='grc' dir='ltr'>καὶ</span> <span class='ocrx_word' id='word_1_846' title='bbox 2633 5192 2789 5260; x_wconf 90' lang='grc' dir='ltr'>λόγον</span> <span class='ocrx_word' id='word_1_847' title='bbox 2823 5191 2881 5244; x_wconf 85' lang='grc' dir='ltr'>ὃν</span> <span class='ocrx_word' id='word_1_848' title='bbox 2909 5190 3003 5244; x_wconf 83' lang='grc' dir='ltr'>ἐὰν</span> <span class='ocrx_word' id='word_1_849' title='bbox 3034 5189 3328 5259; x_wconf 83' lang='grc' dir='ltr'>λαλήσητε,</span> <span class='ocrx_word' id='word_1_850' title='bbox 3357 5187 3430 5256; x_wconf 74' lang='grc' dir='ltr'><strong>ζοῦ</strong></span> <span class='ocrx_word' id='word_1_851' title='bbox 3474 5188 3549 5258; x_wconf 77' lang='grc' dir='ltr'><strong>μή</strong></span> <span class='ocrx_word' id='word_1_852' title='bbox 3582 5180 3797 5256; x_wconf 78' lang='grc' dir='ltr'>ἐμμείνῃ</span> 
     </span>
    </p>
   </div>
   <div class='ocr_carea' id='block_1_115' title="bbox 2242 5279 3482 5355">
    <p class='ocr_par' dir='ltr' id='par_1_115' title="bbox 2242 5279 3482 5355">
     <span class='ocr_line' id='line_1_115' title="bbox 2242 5279 3482 5355; baseline -0.005 -20"><span class='ocrx_word' id='word_1_853' title='bbox 2242 5283 2301 5335; x_wconf 88' lang='grc' dir='ltr'><strong>ἐν</strong></span> <span class='ocrx_word' id='word_1_854' title='bbox 2337 5284 2464 5355; x_wconf 85' lang='grc' dir='ltr'>ὑμῖν</span> <span class='ocrx_word' id='word_1_855' title='bbox 2486 5300 2499 5313; x_wconf 88' lang='grc'><strong>·</strong></span> <span class='ocrx_word' id='word_1_856' title='bbox 2528 5284 2610 5337; x_wconf 84' lang='grc' dir='ltr'>ὃτι</span> <span class='ocrx_word' id='word_1_857' title='bbox 2644 5283 2761 5354; x_wconf 82' lang='grc' dir='ltr'>μεθ’</span> <span class='ocrx_word' id='word_1_858' title='bbox 2797 5282 2957 5353; x_wconf 84' lang='grc' dir='ltr'>ήμῶν</span> <span class='ocrx_word' id='word_1_859' title='bbox 2983 5281 3187 5352; x_wconf 84' lang='grc' dir='ltr'>Κύριος</span> <span class='ocrx_word' id='word_1_860' title='bbox 3212 5282 3241 5334; x_wconf 90' lang='lat'><strong>6</strong></span> <span class='ocrx_word' id='word_1_861' title='bbox 3268 5279 3422 5341; x_wconf 85' lang='grc' dir='ltr'>Θεός.</span> <span class='ocrx_word' id='word_1_862' title='bbox 3463 5296 3482 5329; x_wconf 75' lang='grc' dir='ltr'><strong>ι</strong></span> 
     </span>
    </p>
   </div>
   <div class='ocr_carea' id='block_1_116' title="bbox 2318 5360 3794 5445">
    <p class='ocr_par' dir='ltr' id='par_1_116' title="bbox 2318 5360 3794 5445">
     <span class='ocr_line' id='line_1_116' title="bbox 2318 5360 3794 5445; baseline -0.014 -13"><span class='ocrx_word' id='word_1_863' title='bbox 2318 5375 2403 5445; x_wconf 78' lang='grc' dir='ltr'>ιβ’.</span> <span class='ocrx_word' id='word_1_864' title='bbox 2452 5376 2591 5428; x_wconf 79' lang='grc' dir='ltr'>’Δλλ“</span> <span class='ocrx_word' id='word_1_865' title='bbox 2618 5376 2748 5439; x_wconf 74' lang='grc' dir='ltr'>ἰδοὺ,</span> <span class='ocrx_word' id='word_1_866' title='bbox 2782 5374 2971 5444; x_wconf 69' lang='grc' dir='ltr'>φασὶν,</span> <span class='ocrx_word' id='word_1_867' title='bbox 3003 5376 3032 5427; x_wconf 91' lang='lat'><strong>6</strong></span> <span class='ocrx_word' id='word_1_868' title='bbox 3070 5372 3390 5435; x_wconf 85' lang='grc' dir='ltr'>Ἀπόστολος</span> <span class='ocrx_word' id='word_1_869' title='bbox 3435 5368 3685 5440; x_wconf 78' lang='grc' dir='ltr'>φανερῶς</span> <span class='ocrx_word' id='word_1_870' title='bbox 3710 5360 3794 5416; x_wconf 78' lang='grc' dir='ltr'>αύ-</span> 
     </span>
    </p>
   </div>
   <div class='ocr_carea' id='block_1_117' title="bbox 2242 5455 3794 5537">
    <p class='ocr_par' dir='ltr' id='par_1_117' title="bbox 2242 5455 3794 5537">
     <span class='ocr_line' id='line_1_117' title="bbox 2242 5455 3794 5537; baseline -0.009 -20"><span class='ocrx_word' id='word_1_871' title='bbox 2242 5466 2332 5519; x_wconf 85' lang='grc' dir='ltr'>τὸν</span> <span class='ocrx_word' id='word_1_872' title='bbox 2359 5466 2643 5537; x_wconf 83' lang='grc' dir='ltr'>ἄνθρωπον</span> <span class='ocrx_word' id='word_1_873' title='bbox 2674 5466 3049 5536; x_wconf 82' lang='grc' dir='ltr'>ὡμολόγησεν.</span> <span class='ocrx_word' id='word_1_874' title='bbox 3079 5463 3327 5534; x_wconf 84' lang='grc' dir='ltr'>Τιμοθέῳ</span> <span class='ocrx_word' id='word_1_875' title='bbox 3356 5462 3465 5533; x_wconf 79' lang='grc' dir='ltr'><strong>γὰρ</strong></span> <span class='ocrx_word' id='word_1_876' title='bbox 3486 5455 3794 5513; x_wconf 73' lang='grc' dir='ltr'>ἐπιστέλλων</span> 
     </span>
    </p>
   </div>
   <div class='ocr_carea' id='block_1_118' title="bbox 2241 5544 3795 5629">
    <p class='ocr_par' dir='ltr' id='par_1_118' title="bbox 2241 5544 3795 5629">
     <span class='ocr_line' id='line_1_118' title="bbox 2241 5544 3795 5629; baseline -0.007 -20"><span class='ocrx_word' id='word_1_877' title='bbox 2241 5556 2383 5611; x_wconf 77' lang='grc' dir='ltr'>οὕτω</span> <span class='ocrx_word' id='word_1_878' title='bbox 2408 5559 2591 5629; x_wconf 59' lang='grc' dir='ltr'>φησίν</span> <span class='ocrx_word' id='word_1_879' title='bbox 2635 5577 2654 5609; x_wconf 86' lang='grc'><strong><em>‹</em></strong></span> <span class='ocrx_word' id='word_1_880' title='bbox 2682 5556 3004 5627; x_wconf 77' lang='grc' dir='ltr'>Ἀνθρωπος</span> <span class='ocrx_word' id='word_1_881' title='bbox 3044 5555 3280 5626; x_wconf 75' lang='grc' dir='ltr'>Χριστὸς</span> <span class='ocrx_word' id='word_1_882' title='bbox 3323 5550 3553 5624; x_wconf 75' lang='grc' dir='ltr'>Ἰησοῦς.</span> <span class='ocrx_word' id='word_1_883' title='bbox 3593 5571 3610 5603; x_wconf 77' lang='grc' dir='ltr'><strong>ι</strong></span> <span class='ocrx_word' id='word_1_884' title='bbox 3643 5544 3795 5601; x_wconf 83' lang='grc' dir='ltr'>Τοῦτο</span> 
     </span>
    </p>
   </div>
   <div class='ocr_carea' id='block_1_119' title="bbox 2690 5717 3821 5804">
    <p class='ocr_par' dir='ltr' id='par_1_119' title="bbox 2690 5717 3821 5804">
     <span class='ocr_line' id='line_1_119' title="bbox 2690 5717 3821 5804; baseline -0.017 -6"><span class='ocrx_word' id='word_1_885' title='bbox 2690 5741 2735 5774; x_wconf 77' lang='grc'><strong>⁸³</strong></span> <span class='ocrx_word' id='word_1_886' title='bbox 2760 5740 2907 5797; x_wconf 85' lang='lat' dir='ltr'><strong>Psal.</strong></span> <span class='ocrx_word' id='word_1_887' title='bbox 2934 5717 3127 5804; x_wconf 72' lang='lat' dir='ltr'><strong>vaut,</strong></span> <span class='ocrx_word' id='word_1_888' title='bbox 3161 5737 3255 5792; x_wconf 74' lang='lat'><strong>20.</strong></span> <span class='ocrx_word' id='word_1_889' title='bbox 3364 5735 3408 5767; x_wconf 79' lang='lat'><strong>“</strong></span> <span class='ocrx_word' id='word_1_890' title='bbox 3439 5736 3543 5793; x_wconf 86' lang='lat' dir='ltr'><strong>lsa.</strong></span> <span class='ocrx_word' id='word_1_891' title='bbox 3574 5748 3680 5795; x_wconf 74' lang='lat' dir='ltr'><strong>xlv,</strong></span> <span class='ocrx_word' id='word_1_892' title='bbox 3716 5725 3821 5781; x_wconf 29' lang='lat'><strong>19.,</strong></span> 
     </span>
    </p>
   </div>
  </div>
