4088 6466
181 428 284 485 269

1278 422 1469 492 QUOD
1510 424 1571 483 Β.
1608 423 1831 482 MARIA
1870 414 1981 481 SIT
2018 413 2335 480 DEIPABA.

3325 418 3433 487 ιιι

181 545 233 597 δὲ
276 541 541 611 λέγοντες,
574 539 682 593 τῶν
730 538 1137 612 ἁκεραιοτέρων
1167 538 1419 594 δοκοῦσιν
1462 539 1753 613 ταράττειν

1858 538 2026 606 aiunt,
2062 539 2460 610 simpliciorum
2493 540 2748 596 Videntur
2772 542 3014 596 mentem
3050 544 3295 599 turbare.
3325 537 3432 601 Sed

179 635 267 687 τὸν
304 632 426 686 νοῦν
446 648 460 663 ο
492 632 543 684 εί
590 631 699 702 γάρ
728 649 811 696 τις
844 631 1084 695 συνετῶς
1125 631 1204 703 τῷ
1252 631 1601 703 ἀποστολικῷ
1634 634 1760 686 ἐπι-

181 724 361 778 ϐάλλει
405 723 576 794 ῥητῷ,
650 724 716 776 ὲκ
764 722 956 776 τούτου
1011 723 1246 797 μάλιστα
1300 723 1394 778 τοῦ
1444 722 1611 795 ῥητοῦ
1659 723 1759 793 τῆς

180 816 431 877 ἀσεὸείας
491 814 672 868 αὐτῶν
718 814 1183 885 καταψηφίσεται.
1245 812 1411 866 Ἀλλά
1463 812 1538 883 μὴ
1585 810 1759 875 οὕτως

184 905 690 977 ἁκρωτηριὰζωμεν
738 904 839 974 τὴν
889 904 1065 969 λέξιν,
1100 904 1217 958 ἀλλ’
1259 904 1441 972 ὀλίγον
1492 901 1606 955 τῶν
1655 902 1757 972 ἔμ-

183 996 412 1068 προσθεν
432 993 883 1065 ἐπιμνησθέντες,
909 994 1077 1066 ὀρθὴν
1104 995 1205 1064 τῆς
1232 993 1543 1064 οἰκονομίας
1569 991 1757 1046 ἐντεῦ-

184 1090 272 1142 θεν
299 1087 396 1157 τὴν
424 1085 717 1158 ὁμολογίαν
750 1087 941 1157 νοῆσαι
974 1086 1342 1158 δυνησόμεθα.
1374 1086 1441 1138 Τί
1469 1081 1563 1139 οῦν
1592 1099 1760 1155 φησιν

181 1182 207 1231 ὁ
235 1178 499 1247 μακάριος
521 1174 731 1238 Παῦλος
752 1192 767 1241 ;
804 1194 820 1226 ι
848 1170 943 1240 Εἷς
964 1175 1118 1241 Θεὸς,
1140 1196 1160 1228 ι
1190 1176 1354 1247 φησὶν
1375 1175 1505 1247 περὶ
1525 1175 1617 1229 τοῦ
1646 1176 1758 1228 Πα-

183 1272 329 1342 ws;-
362 1271 457 1323 καὶ
487 1271 593 1342 εἴη’
613 1269 742 1341 περὶ
766 1269 862 1323 τοῦ
887 1270 1041 1323 Υίοῦο
1064 1288 1085 1321 ι
1112 1265 1207 1334 Εἷς
1235 1271 1333 1324 καὶ
1356 1270 1601 1340 Μεσίτης
1620 1269 1756 1323 Θεοῦ

184 1363 273 1414 καὶ
298 1359 625 1431 ἀνθρώπων.
653 1379 671 1411 ι
702 1359 765 1412 Εἰ
794 1359 925 1431 γὰρ,
956 1360 1141 1430 φησὶν,
1175 1362 1269 1414 καὶ
1298 1361 1520 1428 γέγονεν
1548 1360 1759 1430 ἄνθρω-

183 1469 297 1515 πος,
331 1451 445 1505 ἀλλ’
473 1452 536 1504 οὐ
571 1450 659 1504 διὰ
703 1451 864 1504 τοῦτο
900 1451 995 1504 δύο
1028 1451 1193 1504 αὑτὸν
1245 1450 1575 1505 ὑποπτεύειν
1607 1450 1757 1521 ὀφείο

182 1544 371 1614 λομεν·
407 1542 603 1614 ὥσπερ
642 1541 749 1615 τάρ
788 1541 923 1606 Θεὸς
976 1538 1045 1613 ἦν
1089 1544 1198 1615 πρὸ
1227 1543 1329 1613 τῆς
1377 1543 1680 1613 ἐπιδημίας
1725 1544 1756 1596 ὁ

183 1632 369 1699 Λόγος,
400 1631 548 1684 οὕτω
583 1632 677 1685 καὶ
706 1630 994 1702 γενόμενος
1022 1632 1326 1704 ἄνθρωπος,
1356 1635 1452 1686 καὶ
1500 1632 1755 1703 μεσιτεύ-

185 1736 276 1782 σις
299 1719 392 1771 xa‘t
419 1722 486 1788 τῇ
508 1717 795 1789 ἀνθρώπου
828 1719 1011 1789 φύσει,
1044 1716 1124 1780 εἷς
1148 1720 1308 1775 πάλιν
1321 1721 1468 1774 ἐστίν
1486 1736 1501 1751 θ
1533 1721 1623 1775 διὰ
1648 1722 1756 1790 γὰρ

182 1809 332 1863 τοῦτο
355 1808 601 1880 Μεσίτην
629 1809 790 1863 αὑτὸν
812 1811 1000 1881 εἴρηκε
1033 1808 1168 1863 Θεοῦ
1204 1810 1298 1863 καὶ
1323 1807 1649 1881 ἀνθρώπων,
1675 1809 1754 1873 ὡς

1861 630 2004 686 enim
2041 631 2086 685 si
2116 630 2239 701 quis
2273 629 2498 687 cordate
2539 630 2897 701 apostolicum
2948 634 3150 688 dictum
3186 636 3434 692 conside-

1864 731 1967 785 ret,
1998 724 2052 777 vi
2082 721 2243 792 hujus
2262 724 2501 779 maxime
2529 724 2681 789 dicti,
2719 724 3183 795 irreligiositatem
3216 727 3430 782 illorum

1862 815 2163 870 damnabit.
2199 814 2456 870 Profecto
2498 817 2641 870 haud
2675 816 2790 871 haec
2819 818 2978 873 nobis
3018 810 3222 873 locutio
3269 818 3435 874 veluti

1862 906 2051 961 mutila
2080 906 2399 975 accipienda
2430 906 2511 960 sic
2533 915 2640 970 est,
2673 905 2768 961 sed
2797 905 2956 977 paulo
2987 916 3135 963 retro
3163 900 3436 963 dictorum

1860 998 1929 1052 ab
1956 996 2222 1068 Apostolo
2257 1005 2558 1063 memores,
2611 1003 2819 1052 rectam
2863 998 2988 1053 inde
3036 996 3438 1053 incarnatiOnis

1858 1086 2261 1143 confessionem
2290 1086 2591 1156 intelligere
2621 1085 2828 1141 licebit.
2866 1085 3004 1152 Quid
3032 1098 3160 1156 ergo
3203 1086 3280 1139 ait
3310 1085 3430 1140 beao

1858 1188 1947 1232 tus
1977 1176 2220 1231 Paulus?
2258 1194 2275 1228 t
2301 1175 2459 1232 Unus
2484 1177 2650 1242 Deus,
2690 1195 2723 1251 »η
2743 1176 2923 1245 inquit
2953 1176 3019 1231 de
3058 1168 3260 1243 Patre;
3294 1184 3434 1230 esto.

1858 1265 1934 1322 De
1953 1265 2092 1321 Filio
2124 1284 2139 1320 :
2175 1285 2193 1319 ι
2223 1266 2372 1323 Unus
2396 1275 2452 1322 et
2484 1266 2754 1321 Mediator
2781 1267 2877 1321 Dei
2901 1275 2957 1321 et
2987 1265 3267 1320 hominum
3295 1256 3367 1319 ⁸⁷.
3413 1285 3432 1317 ι

1861 1354 1978 1410 Etsi
2020 1356 2188 1421 enim,
2238 1355 2439 1420 inquit,
2489 1355 2668 1411 factus
2712 1362 2797 1410 est
2833 1355 3035 1419 homo,
3099 1366 3207 1410 uon
3256 1361 3437 1409 tamen

1862 1446 2070 1502 idcirco
2110 1449 2248 1502 duos
2296 1447 2471 1517 ipsum
2529 1447 2799 1516 suspicari
2868 1447 3149 1503 debemus.
3195 1446 3442 1516 Namque

1859 1538 1936 1593 uti
1964 1546 2083 1594 erat
2115 1547 2243 1593 ante
2275 1552 2437 1593 suum
2468 1538 2759 1594 adventum
2792 1538 3034 1594 Verbum
3068 1538 3212 1595 Deus
3235 1579 3250 1606 ,
3279 1538 3359 1595 sic
3387 1543 3441 1595 et

1860 1632 2024 1685 homo
2054 1630 2249 1694 laetus,
2276 1642 2331 1686 et
2363 1632 2615 1685 humanae
2641 1639 2848 1685 naturae
2874 1630 3266 1700 interveniens,
3298 1637 3441 1686 unus

1858 1726 2036 1781 adhuc
2060 1735 2169 1782 est.
2201 1726 2326 1781 Ideo
2358 1724 2713 1781 Mediatorem
2750 1724 2930 1793 ipsum
2954 1724 3047 1780 Dei
3079 1733 3135 1783 et
3161 1725 3439 1781 hominum

1859 1818 2015 1882 dixit,
2069 1818 2195 1887 quia
2235 1833 2305 1873 ex
2352 1827 2587 1888 utraque
2637 1817 2939 1873 substantia
2986 1827 3125 1874 unus
3156 1826 3259 1873 est.
3297 1808 3434 1871 Nam

182 1901 239 1965 ἑξ
267 1901 593 1972 ἀμφοτέρων
620 1901 729 1954 τῶν
774 1900 973 1955 οὐσιῶν
1018 1901 1115 1954 ἕνα
1148 1901 1308 1954 όνταο
1340 1901 1402 1954 τὸ
1451 1900 1560 1972 γάρ
1600 1918 1755 1955 τινων

1866 1910 2009 1977 quod
2038 1908 2181 1963 inter
2213 1908 2396 1976 aliqua
2444 1908 2691 1964 mediaus
2730 1916 2815 1963 est
2844 1948 2858 1974 ,
2907 1912 3195 1978 utramque
3231 1912 3438 1977 partem

185 1991 462 2060 μεσιτεύον
517 1991 846 2061 ἀμφοτέρων
891 1990 1073 2062 ἔχεται
1114 1992 1354 2056 πάντως.
1392 1993 1548 2045 Ἔστι
1575 1992 1755 2046 τοίνυν

182 2084 413 2154 Μεσίτης
436 2083 597 2147 Θεοῦ,
624 2083 712 2138 διὰ
740 2085 801 2137 τὸ
835 2084 937 2154 τῆς
965 2086 1135 2156 αὐτῆς
1165 2086 1350 2150 οὐσίας
1379 2087 1647 2158 ὑπάρχειν
1680 2085 1758 2156 τῷ

184 2174 350 2245 Harp!
370 2190 383 2203 ·
415 2175 534 2228 ἔστι
565 2174 624 2228 δὲ
653 2175 815 2230 πάλιν
837 2176 931 2230 καὶ
954 2176 1260 2246 ἀνθρώπων
1281 2178 1547 2248 Μεσίτης,
1576 2177 1667 2231 διὰ
1696 2177 1757 2230 τὸ

181 2266 268 2317 καὶ
296 2267 394 2335 τῆς
440 2264 791 2335 ἀνθρωπείας
838 2267 1234 2338 μετεσχηκέναι
1278 2267 1494 2336 φύσεως
1535 2267 1758 2330 τελείως

179 2356 345 2427 χωρὶς
368 2356 651 2427 ἁμαρτίας
677 2356 775 2427 (i).
797 2359 1118 2431 ’Ἄνθρωπον
1135 2356 1228 2414 οῦν
1260 2360 1423 2414 αὐτὸν
1452 2360 1581 2413 ὅταν
1606 2358 1756 2427 λέγει

182 2447 405 2518 Χριστὸν
448 2447 680 2517 Ἰησοῦν,
731 2449 808 2520 μὴ
846 2449 935 2503 διὰ
981 2451 1139 2505 τοῦτο
1190 2450 1754 2515 σχανδαλιζέσθωσαν,

181 2539 288 2593 ἀλλ’
335 2539 693 2594 ἑννοείτωσαν
728 2542 888 2594 αὐτὸν
933 2542 1029 2595 καὶ
1071 2542 1275 2613 Κύριον
1307 2542 1402 2596 καὶ
1455 2541 1587 2595 Θεὸν
1639 2543 1749 2595 ὀνο·

182 2630 481 2702 μαζόμενον
506 2628 646 2701 μετά
687 2630 781 2683 τοῦ
828 2631 923 2685 καὶ
949 2632 1185 2703 Χριστὸν
1224 2632 1388 2685 πάλιν
1437 2632 1618 2700 λέγειν
1658 2632 1756 2685 καὶ

191 2720 418 2790 Ἰησοῦν·
474 2720 826 2776 ἀκουέτωσαν
885 2722 996 2793 γὰρ
1061 2722 1226 2776 αὐτοῦ
1276 2723 1370 2777 τοῦ
1429 2724 1753 2778 Ἀποστόλου

180 2813 332 2866 τοῦτο
359 2814 613 2886 φανερῶς
640 2813 785 2868 οῦτω
812 2813 1177 2884 κηρύττοντος
1194 2830 1207 2844 ’
1246 2833 1264 2866 ι
1301 2816 1751 2887 Προσδεχόμενοι,

182 2909 326 2976 φησὶ,
349 2906 451 2975 τὴν
486 2906 764 2977 μακαρίαν
797 2905 1013 2968 ἐλπίδα,
1047 2907 1144 2958 καὶ
1175 2905 1497 2975 ἐπιφάνειαν
1530 2908 1629 2978 τῆς
1667 2909 1749 2962 δύ.

180 2995 272 3065 ξης
292 2996 384 3049 τοῦ
413 2996 654 3066 μεγάλοιο
675 2995 811 3050 Θεοῦ
836 2996 932 3049 καὶ
960 2995 1210 3065 Σωτῆρος
1234 2996 1391 3066 ἡμῶν
1428 2997 1601 3069 Ἰησοῦ
1628 2998 1757 3069 Χρι·

184 3088 325 3151 στοῦ,
349 3088 408 3151 ὃς
448 3088 655 3142 ἔδωκεν
690 3087 883 3144 ἑαυτὸν
911 3086 1054 3159 ὑπὲρ
1090 3086 1268 3157 ἡμῶν.
1305 3104 1323 3138 ι

264 3184 329 3246 τ’.
386 3179 551 3249 Ὁρᾷς
579 3179 727 3241 ὅπως
754 3180 869 3231 ἐκεῖ
900 3178 1000 3248 μὲν
1035 3177 1323 3249 ἄνθρωπον
1368 3178 1603 3249 Χριστὸν
1644 3179 1752 3252 Ἰη-

183 3267 301 3322 σοῦν
330 3268 481 3336 λέγει
521 3268 611 3321 τὸν
645 3268 784 3339 ὑπὲρ
836 3268 1057 3322 πάντων
1105 3269 1299 3323 ἑαυτὸν
1343 3270 1633 3335 δεδωκότα,
1670 3272 1755 3325 ὲν-

181 3359 346 3413 ταῦθα
389 3359 449 3412 δὲ
510 3360 687 3429 μέγαν
738 3358 871 3413 Θεὸν
918 3344 1155 3431 Χριστὸν
1197 3360 1424 3431 Ἰησοῦν,
1469 3361 1562 3414 τὸν
1593 3361 1754 3415 δόντα

185 3452 336 3505 πάλιν
366 3453 566 3506 ἑαυτὸν
602 3452 744 3524 ὑπὲρ
782 3451 973 3523 ἡμῶν;
1014 3454 1188 3525 Διπλῆ
1217 3454 1326 3527 γὰρ
1359 3453 1592 3509 ἐνταῦθα
1635 3456 1754 3508 κατ’

183 3544 372 3607 αὐτῶν.
415 3544 621 3615 μᾶλλον
653 3545 793 3614 ὑπὲρ
826 3545 1026 3609 αὐτῶν,
1077 3547 1129 3598 εί
1177 3545 1413 3600 ἐθέλοιεν
1448 3548 1753 3617 μεταγινώο

185 3654 344 3699 σκειν,
374 3637 603 3706 γέγονεν
631 3638 667 3707 ὴ
699 3637 995 3703 ἀπόδειξις,
1028 3636 1118 3691 διά
1160 3639 1221 3691 τὸ
1269 3638 1453 3707 λέγειν
1500 3641 1594 3693 καὶ
1621 3639 1756 3694 Θεὸν

184 3728 272 3780 καὶ
297 3726 504 3798 Κύριον
545 3726 773 3797 Ἰησοῦν,
805 3726 864 3779 ὃν
886 3728 1066 3780 ὲκείσε
1099 3726 1389 3798 ἄνθρωπον
1413 3729 1628 3800 εἴρηκε,
1657 3731 1756 3783 καὶ

183 3819 266 3874 διὰ
286 3819 377 3874 τοῦ
410 3822 471 3874 ἐν
521 3819 854 3891 ἀμφοτέροις
892 3818 1086 3872 ἑαυτὸν
1120 3819 1263 3890 ὑπὲρ
1296 3820 1454 3890 ήμῶν
1484 3820 1758 3875 δεδωκότα

186 3914 482 3983 σημαίνειν.
535 3932 555 3965 ι
599 3913 920 3982 Ἀνθρωπος
963 3912 1094 3983 γὰρ,
1144 3912 1333 3981 φησὶν,
1374 3912 1612 3983 Χριστὸς
1654 3915 1758 3984 Ἰη-

187 4004 321 4072 σοῦς,
360 4007 389 4059 ό
415 4006 543 4068 δοὺς
572 4004 763 4058 ἑαυτὸν
795 4004 937 4075 ὑπὲρ
967 4003 1189 4057 πάντων
1218 4004 1558 4077 ἀντίλυτρον.
1599 4024 1618 4058 ι
1645 4008 1757 4060 Καὶ

186 4098 335 4151 πάλιν
357 4115 369 4126 ο
407 4117 425 4149 ι
462 4097 894 4169 Προσδεχόμενοι
930 4096 1031 4167 τὴν
1082 4096 1359 4167 μακαρίαν
1395 4096 1609 4161 ἐλπίδα,
1662 4099 1759 4153 καὶ

186 4189 274 4263 τὴν
318 4191 642 4260 ἐπιφάνειαν
674 4188 776 4258 τῆς
827 4188 985 4259 δόξης
1017 4187 1112 4241 τοῦ
1186 4188 1425 4259 μεγάλου
1472 4189 1607 4243 Θεοῦ
1662 4191 1758 4246 καὶ

184 4282 427 4353 Σωτῆρος
457 4282 621 4354 ἡμῶν
680 4280 852 4351 Ἰησοῦ
905 4280 1163 4352 Χριστοῦ,
1215 4280 1273 4345 ὸς
1318 4282 1522 4336 ἔδωκεν
1565 4283 1758 4337 ἑαυτὸν

186 4375 313 4446 ὑπὲρ
344 4375 526 4447 ημῶν,
552 4374 643 4427 ἶνα
678 4373 1027 4444 λυτρώσηται
1057 4374 1203 4445 ἡμᾶς
1232 4373 1341 4427 ἀπὸ
1373 4374 1555 4445 πάσης
1576 4376 1757 4445 ἀμαρ-

184 4468 314 4531 τίας,
348 4468 441 4521 καὶ
488 4466 766 4539 καθαρίσῃ
798 4466 976 4536 ἑαυτῷ
1017 4466 1144 4519 λαὸν
1174 4465 1488 4536 περιούσιον
1527 4468 1627 4539 (‘2),
1659 4469 1759 4537 ζηδ

189 4650 336 4719 μόνον
367 4648 608 4719 Χριστὸς
670 4646 898 4718 Ἰησοῦς,
930 4649 958 4699 ὁ
998 4647 1120 4710 δοὺς
1153 4648 1345 4701 ἑαυτὸν
1387 4649 1528 4721 ὑπὲρ
1574 4649 1753 4720 ἡμῶν,

187 4741 273 4794 καὶ
299 4741 799 4813 περιποιησάμενος
835 4739 983 4808 ἡμᾶς
1022 4738 1198 4809 ἐαυτῷ
1242 4739 1369 4794 λαὸν
1418 4740 1753 4809 περιούσιον,

189 4826 445 4898 ἀνθρώπῳ
494 4828 606 4899 ἄρα
648 4826 987 4897 λατρεύομεν
1018 4827 1415 4897 παραπλησίως
1461 4832 1573 4893 τοῖς
1606 4829 1753 4882 ἔθνεα

190 4935 284 4985 σιν,
314 4920 404 4973 καὶ
424 4923 489 4991 τῇ
521 4920 699 4974 κτίσει
728 4919 913 4972 λοιπὸν
943 4918 1042 4989 τὴν
1073 4921 1408 4992 Δεσποτικὴν
1440 4921 1758 4977 αύθεντεὶαν

191 5011 558 5079 ἁποδιδόαμεν.
610 5010 751 5064 Ἀλλ’
806 5011 906 5065 οὐκ
952 5012 1099 5065 ἐστιν
1128 5010 1346 5077 οὕτως,
1400 5013 1475 5083 μὴ
1525 5013 1754 5080 γένοιτο,

193 5099 314 5153 ἀλλὰ
370 5099 601 5172 [Κύριον
645 5101 740 5153 καὶ
794 5100 927 5154 Θεὸν
973 5099 1414 5169 ὲπιγινώσκομεν
1481 5100 1571 5152 τὸν
1622 5101 1757 5171 Χρι-

194 5189 335 5242 στόν*
376 5191 573 5260 γέγονε
624 5189 724 5245 μὲν
778 5188 886 5261 γὰρ
926 5188 1214 5261 ἄνθρωπος
1274 5188 1340 5241 δι’
1391 5189 1540 5258 ἡμᾶς
1582 5190 1610 5241 ό
1654 5185 1750 5239 τοῦ

1859 1999 2170 2069 participat.
2207 1998 2401 2072 1M9
2430 1998 2527 2054 Est
2554 2014 2684 2070 ergo
2726 1997 2823 2054 Dei
2852 1998 3139 2063 Mediator,
3174 2006 3442 2067 quatenus

1858 2091 2105 2160 ejusdem
2134 2104 2197 2143 ac
2234 2089 2394 2144 Pater
2421 2090 2750 2145 substantia:
2785 2096 2869 2146 est
2905 2108 2919 2145 :
2970 2098 3055 2147 est
3106 2087 3237 2143 item
3268 2086 3441 2142 homi-

1862 2198 1986 2236 num
2045 2197 2261 2252 quoque
2287 2182 2560 2237 Mediator
2585 2221 2601 2248 ,
2642 2192 2910 2250 quatenus
2934 2183 3225 2238 humanam
3274 2178 3443 2236 etiam

1860 2284 2107 2329 naturam
2138 2274 2379 2344 perfecte
2426 2272 2721 2345 participat
2764 2275 2974 2344 absque
3004 2278 3255 2343 peccato.
3302 2269 3439 2325 Cum

1858 2378 1989 2432 ergo
2039 2364 2335 2435 Apostolus
2384 2365 2663 2421 hominem
2713 2365 2846 2421 dicit
2897 2362 3176 2419 Christum
3214 2361 3440 2422 Jesum.

1860 2466 2092 2511 caveant
2144 2471 2215 2510 ne
2271 2464 2559 2526 propterea
2615 2456 2932 2512 scandalum
2977 2453 3298 2524 patiantur,
3346 2451 3441 2506 sed

1863 2554 2118 2615 reputent
2146 2545 2439 2615 ipsummet
2470 2554 2526 2600 et
2568 2546 2734 2600 Deum
2759 2546 2815 2599 et
2843 2542 3128 2599 Dominum
3156 2541 3436 2615 appellari,

1857 2638 2132 2707 simulque
2172 2636 2338 2693 etiam
2365 2636 2645 2693 Christum
2672 2633 2971 2705 Jesumque
3023 2635 3154 2692 dici.
3204 2636 3441 2692 Audiant

1855 2728 2001 2783 enim
2025 2728 2276 2783 eumdem
2310 2727 2630 2796 Apostolum
2659 2728 2767 2783 hoc
2788 2737 2982 2798 aperte
3006 2726 3395 2797 praedicantem
3424 2731 3439 2777 ι

1862 2838 1881 2871 ι
1919 2817 2544 2887 Exspectantes,inquit,
2578 2817 2793 2871 beatam
2818 2829 2995 2886 spem,
3042 2823 3099 2871 et
3123 2814 3445 2870 manifesta-

1857 2912 2060 2966 tionem
2086 2910 2275 2983 gloriae
2305 2910 2486 2979 magni
2534 2909 2630 2964 Dei
2667 2917 2723 2963 et
2747 2906 3058 2963 Servatoris
3096 2906 3273 2963 nostri
3314 2905 3443 2964 δεδι

1856 3001 2084 3065 Christi,
2121 3000 2214 3072 qui
2245 3000 2397 3056 dedit
2423 3000 2782 3071 semetipsum
2810 3013 2909 3069 pro
2940 2998 3099 3055 nobis
3139 2996 3206 3051 ⁸⁸.
3242 3017 3260 3050 ι

1933 3178 2022 3231 15.
2069 3175 2257 3233 Viden'
2289 3177 2565 3247 quomodo
2597 3177 2709 3233 illic
2738 3177 2956 3249 quidem
2985 3168 3260 3235 hominem
3284 3169 3444 3235 Chri-

1858 3278 2003 3325 stum
2027 3267 2213 3325 Jesum
2244 3270 2376 3325 dicit
2407 3284 2530 3324 eum
2562 3270 2654 3341 qui
2673 3285 2772 3341 pro
2792 3271 3049 3328 omnibus
3075 3272 3313 3343 seipsum
3335 3281 3445 3328 ιτα*

1856 3362 2023 3426 didit,
2055 3360 2147 3415 hic
2186 3372 2369 3416 autem
2411 3374 2671 3430 magnum
2708 3361 2877 3418 Deum
2921 3362 3196 3418 Christum
3232 3352 3442 3429 Iesum,

1855 3455 1947 3523 qui
1988 3452 2225 3522 seipsum
2259 3452 2388 3508 item
2422 3466 2524 3523 pro
2572 3453 2730 3508 nobis
2775 3452 3027 3508 dedidit?
3064 3454 3269 3524 Duplex
3297 3456 3441 3511 enim

1858 3546 1987 3600 hinc
2033 3553 2223 3599 contra
2277 3544 2447 3614 ipsos,
2490 3545 2600 3601 imo
2648 3545 2827 3615 petitis
2876 3560 2973 3615 pro
3015 3545 3172 3615 ipsis,
3218 3547 3265 3602 si
3310 3547 3446 3603 resl-

1859 3635 2077 3705 piseere
2100 3634 2293 3700 velint,
2322 3635 2385 3692 fit
2423 3636 2841 3704 demonstratio,
2871 3636 2997 3691 dum
3031 3636 3163 3692 dicit
3194 3647 3249 3693 et
3277 3637 3442 3694 Deum

1859 3736 1913 3782 et
1940 3726 2230 3781 Dominum
2259 3725 2468 3791 Jesum,
2514 3740 2677 3797 quem
2722 3726 2834 3782 illic
2867 3726 3143 3783 hominem
3191 3725 3442 3791 dixerat,

1860 3819 2097 3889 dumque
2127 3818 2390 3875 ambObus
2419 3820 2473 3873 in
2504 3820 2641 3875 locis
2684 3820 2861 3888 ipsum
2897 3832 2995 3890 pro
3044 3819 3205 3877 nobis
3250 3823 3448 3891 sponte

1860 3924 1921 3965 se
1953 3910 2246 3966 tradidisse
2275 3909 2565 3981 signiﬁcat.
2602 3929 2620 3962 ι
2650 3910 2825 3967 Homo
2849 3912 3016 3975 enim,
3054 3909 3254 3981 inquit,
3283 3913 3445 3969 Chri-

1860 4014 1976 4058 stus
2006 4000 2187 4067 Jesus,
2219 4002 2314 4073 qui
2344 4003 2492 4058 dedit
2524 4003 2763 4073 seipsum
2798 4009 2898 4074 pro
2945 4005 3200 4059 omnibus
3233 4008 3445 4060 redema

1860 4094 2099 4167 ptionem
2132 4096 2199 4151 θ’.
2239 4114 2259 4147 ›
2295 4092 2617 4166 Rursusque
2660 4110 2673 4148 :
2713 4113 2731 4147 ι
2793 4096 3185 4165 Exspectantes
3226 4096 3442 4152 beatam

1860 4204 2037 4259 spem,
2059 4198 2117 4244 et
2147 4187 2642 4243 manifestationem
2670 4186 2858 4258 gloriae
2890 4188 3068 4257 magni
3096 4177 3193 4244 Dei
3233 4197 3288 4243 et
3318 4187 3443 4243 Ser-

1859 4281 2069 4338 va‘toris
2116 4280 2287 4337 nostri
2325 4278 2452 4336 Jesu
2497 4279 2735 4344 Christi,
2773 4279 2865 4350 qui
2894 4279 3042 4335 dedit
3087 4281 3443 4352 semetipsum

1860 4387 1958 4442 pro
1979 4372 2154 4438 nobis,
2191 4382 2251 4427 ut
2307 4372 2455 4428 omni
2490 4386 2590 4426 nos
2623 4383 2846 4441 peccato
2894 4373 3227 4439 redimeret,
3280 4389 3473 4445 mun-q

1861 4465 2121 4535 daretque
2161 4463 2265 4521 sibi
2320 4464 2575 4534 populum
2632 4463 3008 4532 peculiarem,
3067 4449 3474 4519 mmulatoreut'

186 4558 349 4629 λωτὴν
377 4558 561 4612 καλῶν
599 4558 796 4630 ἔργων.
836 4577 854 4609 ι
887 4558 947 4610 Ei
971 4558 1027 4610 δὲ
1054 4557 1341 4629 ἅνθρωπος
1377 4561 1495 4612 κατ’
1516 4560 1755 4624 ἐκείνους

1864 4555 2129 4611 bonorum
2167 4550 2479 4626 operum".
2515 4573 2534 4608 ι
2558 4554 2711 4622 Quod
2734 4556 2780 4610 si
2810 4557 3026 4612 nonnisi
3068 4556 3230 4612 homo
3268 4566 3351 4612 est
3389 4557 3444 4610 in

1864 4662 2050 4701 eorum
2077 4647 2346 4703 sententia
2375 4646 2626 4702 Christus
2651 4645 2831 4711 Jesus,
2864 4648 2958 4717 qui
2987 4647 3211 4703 tradidit
3232 4656 3437 4704 semet-
3464 4647 3471 4681 ⁹

1866 4738 2037 4807 ipsum
2066 4754 2164 4809 pro
2193 4740 2467 4802 omnibus,
2506 4739 2720 4808 sibique
2750 4752 2850 4793 nos
2881 4739 3010 4793 fecit
3044 4738 3300 4809 populum
3344 4754 3440 4807 pe-

1866 4828 2148 4894 culiarem,
2202 4829 2413 4884 homini
2441 4829 2648 4899 utique,
2697 4843 2801 4884 non
2834 4844 2992 4884 secus
3018 4838 3181 4898 atque
3209 4829 3440 4891 ethnici,
3468 4826 3469 4835 “

1870 4918 2073 4973 cultum
2116 4920 2459 4987 exhibemus,
2494 4932 2550 4975 et
2599 4930 2863 4975 creatura:
2909 4919 3166 4987 deinceps
3193 4919 3438 4975 Domini-

1870 5023 1991 5063 eam
2024 5010 2344 5081 dignitatem
2393 5011 2766 5067 attribuimus.
2801 5008 3190 5081 verumtamen
3230 5024 3337 5066 non
3371 5012 3444 5067 ita

1866 5116 1925 5156 se
1950 5115 2038 5157 res
2070 5102 2254 5167 habet,
2285 5102 2459 5158 absit!
2509 5104 2607 5158 sed
2641 5101 2957 5175 [Dominum
2981 5118 3045 5159 ac
3074 5104 3242 5160 Deum
3274 5113 3446 5175 agnos

1864 5190 2067 5246 scimus
2097 5189 2397 5248 Christum.
2431 5190 2685 5248 Profecto
2723 5192 2923 5248 factum
2975 5201 3057 5249 est
3086 5205 3309 5265 propter
3346 5211 3449 5251 nos

261 5363 495 5421 "l'l‘im.
534 5381 596 5433 ιι,
628 5367 683 5422 5.
762 5365 805 5397 ⁸⁵
834 5363 941 5421 Tit.
979 5381 1039 5429 ιι,
1073 5364 1158 5418 15.
1237 5364 1280 5396 ⁸⁹
1315 5360 1334 5413 l
1368 5360 1511 5418 Tim.
1546 5329 1607 5428 tt,
1634 5362 1685 5415 5.

1858 5363 1950 5419 [‘it.
1979 5380 2041 5431 ιι,
2072 5364 2162 5431 15,
2204 5367 2294 5420 Η.

189 5514 329 5621 α’έᾼ)
367 5548 841 5621 ΙΙειῐιηιιιιΙοιιτιιιιι-
870 5556 924 5602 et
966 5546 1321 5618 theologicam
1368 5543 1614 5601 vocabuli
1644 5559 1752 5600 mea

254 5584 329 5650 (δί)
367 5584 529 5630 ³⁵⁵⁸⁵⁸.
552 5584 826 5631 ν“ἶ“’”¹“¹¹¹

196 5619 803 5704 ιιίετξίτςκριιιξιιιιοιιθιιι
830 5619 843 5671 !

195 5684 690 5775 ἑὲἓτΐὲιεμούσιιν
714 5686 1061 5775 νεειξέίρτέξιε
1097 5688 1437 5775 intereas.
1467 5684 1754 5775 seu???

367 5735 1226 5827 “ita:eistsriigisaia‘iotga'
1241 5735 1441 5811 ista.
1473 5735 1753 5827 magna

488 5825 656 5885 ’Wsius
691 5829 1095 5886 commentariis
1143 5827 1481 5885 Sabaterius.
1511 5825 1753 5882 Cancro-

1864 5547 1955 5615 qui
1980 5544 2339 5622 abundantem
2381 5549 2807 5619 interpretantur
2832 5544 3170 5622 etymologiae
3214 5551 3319 5607 vim
3353 5567 3443 5609 se-

1774 5670 1783 5680 _
1862 5629 2091 5690 quentes
2132 5619 2373 5690 Lucifer,
2406 5622 2757 5690 Augustinus,
2793 5632 2845 5674 et
2876 5619 3274 5677 Atnbt'usiaster
3323 5623 3445 5677 loco

1861 5688 2139 5756 praedicto.
2167 5688 2376 5757 Vulgati
2414 5688 2573 5744 lectio
2618 5690 2985 5758 acceptabilem
3037 5692 3125 5746 vix
3159 5692 3385 5749 dissidet
3407 5710 3440 5749 tt

1863 5758 2177 5830 Symmachi
2207 5774 2390 5831 sensu,
2427 5775 2591 5830 quem
2617 5759 2762 5816 idem
2789 5759 3146 5831 Hieronymus
3181 5762 3369 5839 refert.

3469 5810 3477 5839 ί
