3956 6458
616 353 722 418 9,ιὸ

1641 364 1701 423 S.
1741 365 2015 424 CYRILLl
2052 367 2521 425 ALEXANDRINI
2564 368 2883 427 ARCHIEP.
3786 372 3870 428 276

614 481 675 523 es
705 476 881 536 natus,
899 478 954 539 et
982 468 1348 535 Abrahamum
1378 476 1679 544 cognovisti
1702 450 1797 535 I”?
1832 500 1850 533 ι
1887 480 2031 538 Sane
2054 497 2171 551 opus

2294 485 2519 539 σεαυτὸν
2571 487 2783 550 ποιεῖς;
2833 503 2851 536 ι
2908 481 3018 537 Καὶ
3058 480 3250 536 πάλινο
3305 501 3322 534 ι
3385 483 3744 554 Πεντήκοντα
3793 486 3871 557 ἔτη

611 563 757 610 esset
787 559 1059 626 pnedictis
1122 564 1491 634 acquiescere,
1548 581 1722 637 neque
1771 569 2003 627 ulterius
2038 572 2190 641 quid.

616 663 780 706 tinam
806 651 1107 717 requirere.
1169 653 1302 708 Nam
1330 658 1420 726 qui
1456 666 1605 714 recto
1638 660 1920 717 ratiocinio
1962 664 2037 719 uti
2073 674 2189 719 stn-

618 738 750 791 dent
774 738 826 791 in
855 739 1162 795 divinarum
1203 743 1604 813 Scripturarnm
1637 750 1871 813 acroasi,
1917 750 2057 806 bona
2088 752 2190 807 (ide

610 828 813 897 dicent,
844 830 975 885 nihil
996 847 1318 907 repugnare.
1357 837 1520 890 Deum
1576 837 1758 910 14ῇὶ
1805 839 1963 894 simul
1999 851 2054 896 et
2094 842 2190 896 ho-

613 919 836 986 minem,
866 937 987 979 cum
1014 923 1351 993 loquebatur,
1384 929 1543 982 modo
1571 944 1630 984 se
1658 929 1846 996 Deum,
1880 933 2041 987 modo
2092 935 2185 988 ho-

615 1009 811 1066 minem
834 1026 894 1066 se
929 1014 1258 1081 nominasse,
1290 1018 1418 1085 quin
1462 1027 1580 1073 utra
1621 1034 1684 1073 ex
1735 1022 1819 1075 his
1861 1023 2185 1092 appellatio-

614 1100 770 1163 nibus
798 1103 1022 1161 alteram
1053 1105 1313 1162 destruat.

680 1280 771 1335 17.
803 1280 945 1336 Sane
961 1292 1014 1338 et
1044 1284 1266 1343 aliunde
1293 1301 1519 1344 cernere
1543 1288 1691 1354 licet,
1725 1289 2001 1349 Christum
2038 1294 2185 1348 haud

610 1368 682 1424 ita
709 1371 1114 1445 intelligendum
1162 1392 1289 1434 esse
1326 1379 1708 1446 hominem,ut
1752 1384 1981 1439 istorum
2005 1385 2187 1461 opinio

609 1461 731 1516 fert.
756 1461 1049 1534 Postquam
1069 1465 1240 1523 Judaei
1275 1467 1484 1524 facinus
1513 1468 1642 1526 illud
1664 1473 2051 1547 patrarunt,de
2079 1489 2186 1543 quo

607 1554 857 1611 cumiliis
891 1572 1033 1613 nunc
1054 1558 1317 1617 Dominus
1373 1564 1701 1633 expostulat,
1760 1565 2187 1631 salutarem,iu-

603 1658 791 1719 quam,
809 1646 1136 1715 passionem,
1153 1649 1198 1705 si
1217 1660 1469 1720 tanquam
1498 1651 1732 1713 hominis
1748 1654 2018 1711 occisores
2034 1657 2184 1709 dam-

605 1732 723 1787 nati
752 1734 1002 1803 fuissent,
1034 1747 1163 1794 tune
1198 1739 1339 1795 haud
1367 1756 1531 1798 sensu
1576 1757 1794 1799 cassum
1846 1744 1986 1800 foret
2039 1747 2179 1815 quod

2304 572 2457 629 οὔπω
2483 575 2649 647 ἔχεις,
2685 576 2781 629 καὶ
2842 573 3091 645 Ἀϐραὰμ
3120 572 3455 642 γινώσκειςς
3513 594 3535 627 ι
3582 576 3695 628 Καὶ
3729 576 3871 645 ἐχρῆν

2297 666 2397 734 μὲν
2447 668 2558 729 τοῖς
2605 666 2705 737 ἤδη
2741 664 3160 736 προειρημένοις
3195 666 3524 734 ἀρκεῖσθαι,
3580 664 3677 717 καὶ
3731 667 3870 736 μηδὲν

2295 756 2453 809 πλέον
2492 754 2769 827 ἐπιζητεῖν
2789 773 2804 787 ·
2835 756 2884 808 οἱ
2915 755 3021 825 γὰρ
3053 755 3307 825 λογισμὸν
3333 754 3509 823 ὀρθὸν
3547 754 3698 824 ἔχειν
3732 773 3869 809 σπου.

2291 844 2543 910 δάζοντες
2574 850 2704 916 περὶ
2735 846 2833 914 τὴν
2860 845 2969 898 τῶν
3007 845 3167 899 θείων
3197 845 3436 915 Γραφῶν
3480 846 3769 916 ἀκρόασιν,
3796 848 3869 900 εὐ-

2290 935 2586 1005 γνωμόνως
2612 935 2877 1002 λέξουσιν,
2920 935 2994 997 ὠς
3027 935 3181 988 οὐδὲν
3217 936 3422 989 ἄτοπον
3462 936 3562 1004 εἴη
3598 935 3733 988 Θεὸν
3754 938 3867 1005 ὁμοῦ

2290 1012 2384 1079 καὶ
2416 1025 2700 1096 ἄνθρωπον
2734 1026 2882 1091 ὄντα,
2930 1027 3017 1079 ὅτε
3055 1025 3369 1097 λελάληκεν,
3410 1026 3556 1078 ποτέ
3607 1028 3707 1096 μὲν
3736 1026 3866 1093 Θεὸν,

2291 1117 2422 1170 ποτὲ
2460 1118 2517 1171 δὲ
2564 1117 2850 1190 ἄνθρωπον
2882 1117 3266 1189 ὀνομάζεσθαι,
3305 1118 3581 1187 οὐδαμῶς
3624 1119 3866 1189 ἑκατέρας

2289 1211 2661 1280 προσηγορίας
2686 1211 2785 1281 τὴν
2818 1211 3010 1283 ἑτέραν
3040 1211 3361 1283 ἀθετούσης.

2361 1300 2450 1364 ιζ’.
2500 1300 2720 1372 Ἐπειδὴ
2750 1300 2807 1354 δέ
2839 1300 3014 1354 ἔνεστι
3045 1300 3140 1354 καὶ
3173 1302 3446 1372 ἑτέρωθεν
3475 1300 3645 1355 τοῦτο
3668 1301 3865 1373 θεωρεῖ-

2288 1391 2444 1456 σθαι,
2480 1392 2555 1456 ὡς
2587 1393 2686 1447 οὐκ
2717 1394 3006 1466 ἄνθρωπος
3054 1395 3295 1449 νοεῖσθαι
3338 1395 3430 1449 διὰ
3470 1395 3641 1448 τοῦτο
3684 1396 3861 1464 ὀφείλει

2286 1482 2427 1541 κατά
2453 1482 2552 1553 τὴν
2584 1482 2790 1537 τούτων
2840 1484 3133 1538 ὑπόνοιαν
3191 1485 3329 1556 μετὰ
3374 1486 3442 1539 τὸ
3496 1485 3709 1555 πρᾶξαι
3757 1489 3862 1549 τώς

2297 1572 2581 1636 Ἰουδαίους
2614 1573 2799 1640 τοῦτο,
2827 1575 2961 1647 ὅπερ
3004 1575 3236 1630 ἐνταῦθα
3277 1577 3487 1639 αὐτοὺς
3540 1577 3862 1647 ἐμέμφετοὸ

2284 1664 2512 1738 Κύριος,
2547 1664 2690 1735 λέγω
2727 1665 2793 1738 δὴ
2823 1666 2885 1721 τὸ
2921 1670 3188 1741 σωτήριον
3220 1669 3411 1736 πάθος,
3458 1672 3512 1723 εί
3547 1670 3660 1741 ἀρα
3689 1670 3758 1733 ὡς
3786 1672 3859 1723 ἄν-

2285 1754 2501 1827 θρωπον
2544 1757 2964 1822 ἀποκτείναντες
2999 1760 3431 1830 κατεκρίθησαν,
3483 1761 3616 1813 τότε
3662 1759 3766 1832 γὰρ
3805 1761 3859 1814 ἂν

604 1824 673 1879 ab
704 1824 811 1881 illis
843 1827 1141 1884 dicebatur.
1164 1828 1269 1887 Sed
1296 1846 1420 1887 cum
1457 1835 1876 1905 tanquamltege
1902 1851 1967 1891 ac
1997 1836 2171 1891 Domi-

2280 1822 2534 1917 δυνηθείη
2570 1846 2727 1916 λόγον
2753 1846 2897 1919 ἔχειν
2935 1850 2996 1902 τὸ
3039 1850 3128 1902 ὑπ’
3159 1822 3338 1904 αὐτῶν
3365 1822 3705 1922 λεγόμενον·
3736 1822 3779 1903 ὲι
3810 1854 3855 1905 δὲ

608 1931 680 1971 no
699 1917 880 1975 occiso
912 1918 1150 1977 damnati
1186 1921 1407 1988 fuerint,
1437 1925 1777 1995 exploratum
1828 1927 1888 1983 tit
1915 1927 2177 1983 adversa-

603 2004 714 2062 rios
740 2016 956 2069 nostros
976 2009 1198 2065 stultam
1225 2012 1326 2068 sibi
1355 2015 1667 2084 opinionem
1699 2031 1937 2085 creasse,
1965 2034 2087 2073 cum
2115 2019 2178 2073 il-

601 2094 712 2151 lum
742 2098 1056 2155 existimant
1078 2116 1286 2158 merum
1320 2119 1441 2160 esse
1467 2106 1762 2175 hominem,
1810 2110 2021 2165 etiamsi
2048 2111 2178 2165 Ver-

600 2188 727 2241 bum
758 2188 819 2248 in
844 2188 959 2259 ipso
985 2191 1230 2249 habitare
1252 2194 1455 2250 dicant.
1473 2195 1635 2252 Certe
1664 2198 1858 2255 beatus
1883 2198 2083 2256 Paulus
2108 2199 2176 2255 dc

600 2277 1044 2349 cruciﬁgentibus
1068 2283 1315 2354 loquens,
1342 2285 1559 2342 Domini
1609 2290 1883 2345 occisores
1931 2291 2049 2347 illos
2097 2307 2183 2347 re-

598 2379 919 2437 praesentat,
948 2372 1033 2428 his
1055 2376 1233 2431 verbis
1269 2385 1460 2432 utens:
1484 2397 1506 2429 ε
1528 2376 1662 2437 Nam
1694 2382 1739 2434 si
1769 2382 2174 2452 cognovissent,

600 2475 878 2530 nunquam
918 2463 1205 2521 Dominum
1259 2467 1447 2537 gloriae
1503 2472 1993 2528 crucitixissent“.
2053 2493 2071 2526 ι
2111 2475 2175 2530 Et

600 2551 715 2619 ipse
740 2567 958 2625 quoque
994 2554 1253 2612 Dominus
1280 2559 1331 2613 in
1358 2560 1529 2616 vineae
1551 2563 1804 2631 parabola
1832 2564 1906 2617 ait
1937 2574 2181 2635 patrem-

599 2641 834 2698 familias
877 2646 1095 2702 misisse
1151 2662 1341 2706 servos
1389 2665 1517 2707 suos
1564 2653 1631 2708 ad
1676 2654 1963 2725 agricolas.
2014 2657 2082 2711 At
2119 2657 2171 2712 hi

609 2750 624 2784 :
657 2733 822 2789 alium
854 2737 1070 2807 quidem
1102 2741 1481 2810 verberarunt,
1503 2744 1701 2816 inquit,
1752 2747 1915 2801 alium
1960 2749 2175 2805 occide-

597 2835 748 2891 runt,
780 2828 943 2891 alium
968 2830 1232 2903 lapidibus
1257 2835 1581 2904 obruerunt,
1616 2856 1637 2897 ι
1660 2838 1911 2908 agricola:
1937 2839 2169 2894 scilicet.

597 2915 879 2977 Postremo
911 2922 1123 2980 misisse
1148 2925 1280 2981 dicit
1301 2926 1495 2993 ﬁlium,
1524 2942 1633 2998 quo
1662 2928 1782 2983 viso
1808 2930 2058 3000 agricolae
2084 2931 2171 2984 in-

598 3015 682 3062 tra
707 3025 767 3065 se
795 3011 1082 3069 dixerunt:
1119 3032 1138 3068 ι
1175 3015 1273 3072 llic
1301 3027 1385 3074 est
1413 3019 1607 3085 heres,
1634 3022 1833 3083 venite,
1858 3022 2169 3080 occidamus

595 3113 751 3169 eum,
787 3101 1011 3174 ejusque
1043 3106 1409 3163 hereditatem
1442 3123 1771 3181 occupemus
1807 3129 1825 3166 :
1872 3124 2036 3182 atque
2092 3114 2164 3168 ita

596 3205 722 3247 eum
783 3197 1233 3263 comprehensum
1293 3208 1348 3255 et
1416 3202 1570 3256 vinea
1618 3202 1851 3273 ejectum
1880 3207 2169 3262 intereme-

595 3283 809 3339 runt”.
840 3302 859 3337 ι
894 3283 1099 3357 Siergo
1116 3289 1404 3361 Apostolus
1427 3295 1643 3365 quidem
1673 3298 1857 3367 gloriae
1882 3298 2167 3352 Dominum

593 3372 884 3431 conﬁtetur
910 3391 1033 3434 eum
1053 3381 1145 3450 qui
1176 3385 1465 3441 cruciﬁxus
1492 3387 1634 3453 fuit;
1668 3388 1785 3459 ipse
1814 3400 1991 3443 autem
2039 3391 2172 3445 Ser-

596 3476 754 3524 valor
785 3472 1077 3542 prophetas
1107 3476 1323 3546 quidem
1357 3490 1643 3535 servorum
1674 3482 1962 3536 missorum
1994 3481 2170 3534 nomi-

598 3571 667 3617 ne
689 3558 933 3621 dcnotari
964 3563 1152 3631 docet,
1184 3570 1535 3638 semetipsum
1568 3585 1698 3627 vero
1732 3571 1929 3628 Filium
1959 3571 2169 3626 Domini

599 3662 876 3706 servorum
900 3654 1138 3724 illorum;
1173 3661 1292 3728 quis
1318 3646 1420 3723 iam
1441 3664 1670 3720 ulterius
1695 3666 1840 3721 ausit
1866 3665 2048 3720 dicere
2071 3667 2169 3720 ho-

599 3741 798 3808 minem
830 3744 978 3812 illum
1008 3748 1175 3807 fuisse
1199 3753 1289 3831 qui
1324 3756 1523 3824 aiebat,
1556 3777 1575 3810 ‹
1603 3756 1757 3812 Nunc
1792 3772 1880 3814 tne
1927 3758 2170 3837 quaeritis

596 3835 865 3906 occidere,
901 3857 924 3896 ι
955 3850 1009 3895 et
1031 3857 1137 3898 non
1166 3846 1346 3915 potius
1374 3847 1730 3905 humanatum
1758 3835 1968 3905 Deum?
2020 3848 2169 3903 Prae-

594 3929 787 3984 sertim
833 3931 958 4001 quia
997 3933 1103 3991 Deo
1141 3937 1298 4017 digna
1327 3955 1516 4009 opera,
1574 3942 1673 3995 sub
1724 3941 1959 3996 hominis
2014 3941 2168 3997 titulo

604 4022 907 4091 medicata,
964 4026 1145 4081 audiet
1167 4039 1446 4085 eventura.
1487 4050 1505 4082 ι
1540 4030 1700 4086 Venit
1724 4033 1868 4086 enim
1915 4033 2068 4099 hora,
2113 4041 2168 4089 et

594 4121 740 4162 nunc
776 4120 1021 4180 est,,cum
1052 4118 1251 4170 mortui
1271 4120 1492 4174 audient
1518 4134 1705 4177 vocem
1739 4121 1862 4177 Filii
1893 4123 2163 4191 hominis;

593 4201 655 4249 et
674 4195 765 4264 qui
797 4199 1288 4264 audierint,vivent
1309 4204 1388 4269 ⁸⁶;
1428 4224 1446 4257 ι
1488 4216 1543 4262 et
1570 4223 1584 4260 :
1623 4225 1641 4259 ι
1665 4209 1798 4264 Cum
1823 4213 2051 4277 venerit,
2080 4214 2165 4268 in-

593 4285 731 4352 quit,
764 4286 937 4344 Filius
981 4289 1284 4347 hominisin
1319 4309 1541 4366 regnum
1567 4313 1743 4366 suum,
1766 4310 1820 4356 et
1850 4316 2039 4359 omnes
2070 4318 2167 4358 an-

590 4377 690 4449 geli
718 4376 835 4462 eius
860 4396 981 4436 cum
1006 4397 1093 4450 eo,
1124 4392 1253 4441 tunc
1280 4387 1492 4444 sedebit
1520 4390 1570 4444 in
1597 4390 1790 4450 throno
1816 4394 2001 4463 gloria:
2032 4411 2162 4462 suae,

587 4468 786 4548 iustam
811 4472 877 4528 de
899 4475 1148 4533 omnibus
1168 4482 1484 4534 sententiam
1511 4481 1748 4538 ferens"
1770 4501 1784 4550 ;
1807 4504 1825 4541 ι
1854 4496 1927 4551 et,
1956 4506 1975 4541 ‹
1995 4486 2163 4544 Nemo

590 4563 835 4616 ascendit
859 4565 911 4618 in
936 4566 1157 4631 coelum,
1188 4568 1290 4624 nisi
1324 4570 1413 4641 qui
1442 4572 1507 4629 de
1558 4573 1695 4629 coelo
1751 4578 2030 4641 descendit
2070 4580 2162 4634 Fi-

590 4649 693 4718 lius
723 4652 956 4712 hominis
984 4655 1051 4711 ⁸³.
1089 4674 1109 4709 ι

658 4917 949 4976 18-.Audin"
967 4922 1249 4979 manifeste
1269 4924 1434 4981 Deum
1466 4926 1701 4987 Verbum
1717 4933 1948 4992 hominis
1970 4936 2156 5009 appel-

585 5008 808 5078 latione,
864 5025 1085 5085 propter
1130 5034 1282 5075 suam
1337 5038 1458 5078 cum
1537 5041 1699 5084 carne
1747 5032 2152 5102 adunationem,

582 5099 1109 5160 nominatum?Nam
1141 5108 1263 5177 quis
1319 5110 1457 5168 alius
1506 5114 1570 5170 de
1614 5118 1757 5173 coelo
1809 5099 2155 5181 descendisse

584 5192 849 5260 putandus
882 5197 1001 5251 est?
1028 5195 1143 5252 Noli
1177 5200 1359 5272 itaque
1396 5204 1596 5263 diutius
1664 5212 1977 5267 scandalum
2018 5217 2151 5284 pati,

581 5298 702 5338 cum
728 5282 773 5340 is
820 5287 934 5341 ait:
973 5306 993 5340 ι
1025 5287 1179 5345 Nunc
1210 5308 1296 5348 me
1322 5297 1562 5364 quaeritis
1591 5303 1858 5369 occidere,
1883 5306 2153 5361 hominem

579 5375 668 5441 qui
698 5377 979 5434 veritatem
1010 5382 1162 5437 vobis
1194 5385 1302 5440 dixi
1329 5388 1395 5441 5°:
1435 5407 1454 5441 ι
1497 5393 1589 5447 sed
1621 5393 2007 5452 incarnationis
2036 5415 2151 5471 my.

579 5468 804 5525 sterium
834 5483 1113 5543 reputans,
1144 5476 1231 5547 pic
1268 5480 1470 5548 dictum
1494 5485 1738 5541 admitte.
1771 5485 2018 5558 Namque
2063 5468 2148 5546 his

2281 1937 2356 2001 ὼς
2386 1937 2528 1991 κατὰ
2552 1938 2820 1991 Δεσπότου
2836 1940 2930 1993 καὶ
2947 1940 3151 2011 Κυρίου
3173 1939 3558 2013 τολμήσαντες
3590 1942 3855 1995 κατεδικάο

2281 2028 2508 2099 σθησαν,
2542 2029 2699 2100 δῆλον
2746 2030 2824 2095 ὡς
2858 2032 3095 2101 ματαίαν
3144 2033 3398 2087 ὑπόνοιαν
3436 2036 3662 2097 ἑαυτοῖς
3703 2034 3850 2087 ἐπλά-

2281 2138 2464 2188 σαντο,
2495 2123 2783 2194 ἄνθρωπον
2819 2124 3139 2195 νομίσαντες
3189 2121 3350 2191 εἶναι,
3382 2127 3496 2181 κᾶν
3528 2129 3757 2180 ἐνοικεῖν
3788 2128 3851 2189 ei;

2278 2212 2441 2268 αὑτὸν
2465 2213 2553 2267 τὸν
2580 2214 2753 2283 Λόγον
2784 2214 3035 2283 λέγωσιν.
3081 2215 3141 2271 '0
3168 2217 3266 2287 μὲν
3292 2213 3385 2272 οὖν
3419 2218 3698 2289 μακάριος
3726 2216 3850 2271 Παῦ-

2275 2305 2366 2369 λος
2390 2305 2519 2375 περὶ
2549 2304 2660 2358 τῶν
2685 2307 3115 2377 παυρωσάντων
3142 2308 3557 2380 διαλεγόμενος,
3592 2308 3850 2379 κυριοκτό-

2276 2410 2399 2458 νους
2458 2394 2659 2458 αὐτοὺς
2717 2396 2967 2465 ἐναργῶς
3027 2396 3376 2468 παρίστησιν,
3408 2399 3612 2460 αὑταῖς
3664 2397 3846 2462 λέξεσιν

2274 2484 2505 2555 γράφων
2541 2485 2753 2550 οὕτως·
2794 2503 2813 2537 ι
2858 2487 2922 2539 Ei
2959 2485 3068 2557 γὰρ
3100 2489 3364 2555 ἔγνωσαν,
3394 2488 3503 2542 οὐκ
3539 2488 3606 2542 ἂν
3631 2488 3720 2540 τὸν
3748 2488 3847 2540 Κύ-

2279 2593 2392 2646 ριον
2424 2576 2525 2646 τῆς
2559 2576 2716 2645 δόξης
2759 2575 3133 2648 ἐσταύρωσαν,
3178 2597 3198 2629 ι
3232 2579 3341 2635 Καὶ
3377 2580 3548 2643 αὐτὸς
3577 2579 3635 2633 δὲ
3663 2577 3844 2648 Κύριος

2274 2668 2331 2721 ἐν
2363 2670 2429 2739 τῇ
2472 2668 2566 2721 τοῦ
2601 2668 2920 2737 ἀμπελῶνος
2959 2670 3239 2741 παραϐολῇ
3275 2671 3686 2727 ἀπεσταλκέναι
3730 2670 3845 2739 φησὶ

2271 2759 2363 2821 τὸν
2388 2759 2775 2830 οἰκοδεσπότην
2798 2761 2923 2824 τοὺς
2950 2760 3171 2824 δούλους
3193 2761 3357 2815 αὑτοῦ
3378 2764 3521 2832 πρὸς
3542 2763 3668 2824 τοὺς
3692 2777 3842 2831 γεωρ-

2271 2853 2401 2923 γούς
2425 2871 2438 2885 ·
2474 2872 2493 2905 ι
2518 2855 2610 2907 καὶ
2629 2854 2688 2907 ὃν
2716 2854 2817 2924 μὲν
2845 2855 3078 2925 ἔδειραν,
3107 2856 3291 2927 φησιν,
3326 2855 3388 2913 ὃν
3418 2857 3478 2911 δὲ
3511 2856 3841 2916 ἀπέκτειναν,

2270 2944 2329 2998 ὃν
2376 2944 2778 3015 ἐλιθοϐόλησαν,
2812 2964 2831 2997 ι
2856 2946 2905 2999 οἱ
2927 2946 3165 3017 γεωργοὶ
3214 2946 3460 3019 δηλονότι
3481 2963 3499 2979 ο
3551 2946 3768 3017 ὕστερον
3793 2944 3840 2997 δὲ

2269 3035 2674 3090 ἀπεσταλκέναι
2723 3037 2888 3107 φησὶν
2928 3036 3090 3090 αὑτὸν
3130 3036 3223 3090 τὸν
3264 3036 3401 3107 υἱὸν,
3448 3037 3510 3091 ὃν
3542 3038 3593 3091 οἱ
3626 3034 3838 3105 γεωργοὶ

2273 3125 2598 3197 θεασάμενοι
2630 3123 2785 3181 εἶπον
2834 3127 2971 3198 πρὸς
3017 3128 3284 3193 ἑαυτούς·
3340 3147 3359 3179 ι
3415 3122 3591 3193 Οὗτός
3637 3130 3773 3181 ἐστιν
3814 3125 3839 3175 6

2272 3217 2626 3289 κληρονόμος,
2647 3217 2820 3281 δεῦτε,
2859 3218 3275 3290 ἀποκτείνωμεν
3299 3219 3484 3287 αὐτὸν,
3516 3219 3612 3273 καὶ
3641 3217 3835 3287 σχῶμεν

2272 3307 2437 3361 αὐτοῦ
2462 3307 2562 3378 τὴν
2588 3308 2955 3379 κληρονομίαν
2972 3322 2984 3337 ⁸
3012 3308 3107 3363 καὶ
3135 3308 3389 3374 λαϐόντες
3413 3310 3584 3364 αὑτὸν
3605 3306 3835 3375 ἐξέϐαλον

2272 3397 2376 3462 ἔξω
2418 3398 2513 3452 τοῦ
2558 3400 2902 3470 ἀμπελῶνος,
2937 3401 3031 3453 καὶ
3072 3401 3421 3456 ἀπέκτειναν.
3466 3421 3486 3454 ι
3525 3402 3590 3455 Εί
3621 3396 3836 3453 τοίνυνὸ

2276 3490 2378 3561 μὲν
2409 3490 2730 3555 Ἀπόστολος
2747 3491 2953 3562 Κύριον
2990 3491 3088 3561 τῆς
3117 3491 3277 3561 δόξης
3319 3491 3410 3546 τὸν
3440 3487 3831 3561 ἐσταυρωμένον

2271 3580 2542 3649 ὁμολογεῖ,
2574 3581 2734 3645 αὐτὸς
2762 3582 2819 3635 δὲ
2849 3583 2876 3634 ὁ
2908 3582 3096 3653 Σωτὴρ
3130 3583 3257 3645 τοὺς
3296 3582 3397 3652 μὲν
3427 3583 3709 3654 προφήτας
3728 3575 3831 3630 δού-

2270 3670 2397 3737 λους
2428 3672 2873 3743 ἀπεσταλμένους
2905 3674 3169 3739 διδάσκει,
3202 3675 3392 3728 ἑαυτὸν
3434 3675 3493 3727 δὲ
3522 3672 3619 3728 τοῦ
3649 3669 3827 3724 Δεσπό-

2270 3778 2364 3821 του
2385 3760 2493 3821 τῶν
2520 3761 2721 3815 δούλων
2752 3762 2903 3828 Υίὸν,
2933 3763 3015 3829 τίς
3044 3764 3124 3816 ἔτι
3150 3763 3410 3834 τολμήαει
3434 3763 3621 3834 λέγειν
3652 3762 3721 3823 ὡς
3746 3759 3825 3812 ἄνη

2272 3850 2489 3923 θρωπος
2519 3848 2586 3927 ἦν
2627 3854 2660 3905 ό
2703 3852 2897 3923 λέγων,
2936 3873 2953 3905 ι
2991 3854 3105 3907 Νῦν
3142 3854 3197 3908 δὲ
3226 3854 3440 3925 ζητεῖτέ
3480 3873 3548 3924 με
3588 3849 3823 3907 ἀποκτεί-

2270 3959 2377 4008 ναι,
2418 3963 2436 3995 ι
2475 3945 2569 3997 καὶ
2603 3945 2724 4014 οὐχὶ
2777 3945 2977 4014 μᾶλλον
3028 3945 3160 4009 Θεὸς
3207 3944 3678 4017 ἐνηνθρωπηκώς;
3729 3938 3822 3994 Καὶ

2273 4035 2489 4105 μάλισθ’
2519 4036 2648 4094 ὅταν
2696 4038 2790 4090 καὶ
2823 4038 2891 4091 τά
2930 4036 3212 4108 θεοπρεπῆ
3265 4036 3401 4108 ἔργα
3445 4041 3513 4109 τῇ
3560 4032 3820 4105 ἀνθρώπου

2270 4128 2611 4200 προσηγορίᾳ
2666 4128 2935 4200 λεγόμενα
2989 4129 3169 4205 ἀκούῃ
3228 4129 3489 4195 μέλλοντα
3555 4123 3818 4196 γίνεσθαι·

2275 4236 2294 4270 ‹
2343 4220 2601 4291 Ἔρχεται
2633 4220 2743 4292 γὰρ
2772 4220 2911 4291 ὣρα,
2945 4220 3039 4275 καὶ
3088 4220 3182 4272 νῦν
3228 4220 3399 4285 ἐστιν,
3445 4220 3534 4273 ὅτε
3576 4219 3623 4273 οἱ
3660 4211 3820 4283 νεκροὶ

2266 4311 2572 4377 ἀκούσωσιν
2615 4314 2711 4384 τῆς
2747 4312 2931 4383 φωνῆς
2964 4312 3056 4365 τοῦ
3087 4311 3219 4366 Υἱοῦ
3253 4312 3345 4365 τοῦ
3380 4310 3695 4383 ἀνθρώπου·
3740 4302 3821 4357 καὶ

2265 4404 2316 4454 οί
2345 4402 2677 4466 ἀκούσαντες
2715 4404 2961 4474 ζήσουσι.
3003 4422 3019 4455 ι
3049 4404 3175 4469 Καὶ,
3212 4421 3230 4454 ι
3270 4403 3438 4457 Ὅταν
3475 4402 3625 4473 ἔλθη,
3654 4394 3815 4468 φησὶν,

2266 4497 2294 4549 ὁ
2341 4496 2468 4560 Υίὸς
2508 4496 2603 4550 τοῦ
2650 4495 2938 4567 ἀνθρώπου
2984 4495 3042 4548 ἐν
3090 4497 3157 4566 τῇ
3214 4493 3458 4565 βασιλεία
3510 4491 3698 4553 αὐτοῦ,
3737 4482 3818 4537 καὶ

2267 4586 2467 4651 πάντες
2484 4589 2532 4640 οί
2554 4586 2775 4655 ἄγγελοι
2805 4587 2924 4655 μετ’
2946 4584 3133 4648 αὑτοῦ,
3156 4584 3274 4637 τότε
3297 4584 3509 4637 καθίσει
3531 4582 3623 4645 ἐπ).
3648 4577 3811 4649 θρόνου

2268 4678 2424 4748 δόξης
2456 4677 2642 4741 αὑτοῦ,
2672 4677 2771 4746 τὴν
2795 4675 3010 4729 δικαίαν
3044 4675 3245 4729 ἅπασιν
3271 4675 3547 4745 ἐπιφέρων
3574 4672 3757 4744 κρίσιν.
3792 4683 3809 4716 ι

2268 4770 2401 4834 Καὶ,
2443 4786 2461 4819 ‹
2503 4767 2691 4832 Οὐδεὶς
2731 4766 3069 4837 ἀναϐέϐηκεν
3100 4768 3179 4830 είς
3216 4766 3306 4819 τὸν
3340 4766 3587 4837 οὐρανὸν,
3614 4765 3657 4818 εἰ
3687 4758 3752 4835 μὴ
3786 4757 3810 4808 ὁ

2268 4860 2332 4913 ἐκ
2371 4859 2465 4913 τοῦ
2496 4858 2726 4931 ούρανοῦ
2757 4859 3020 4925 καταϐὰς,
3054 4862 3080 4912 ὁ
3111 4858 3235 4921 Υἱὸς
3264 4856 3356 4911 τοῦ
3385 4855 3687 4927 ἀνθρώπου.
3732 4869 3747 4901 ι

2337 4957 2425 5020 ιη’.
2480 4947 2721 5011 Ἀκούεις
2751 4948 3001 5017 φανερῶς
3044 4947 3135 4999 τὸν
3161 4946 3293 5000 Θεὸν
3321 4946 3490 5014 Λόγον
3520 4949 3589 5018 τῇ
3629 4937 3807 5011 ἀνθρὼ-

2264 5058 2363 5093 που
2394 5040 2731 5111 προσηγορίᾳ
2760 5037 2848 5091 διὰ
2871 5038 2968 5117 τὴν
2996 5038 3130 5108 πρὸς
3156 5036 3251 5108 τὴν
3281 5037 3457 5108 σάρκα
3485 5037 3671 5090 ἕνωσιν
3706 5032 3802 5083 ὀνη-

2266 5132 2596 5203 μαζόμενον;
2644 5132 2737 5194 Τίς
2776 5130 2883 5201 γὰρ
2929 5131 2994 5182 ἂν
3025 5130 3108 5197 εἴη
3142 5129 3328 5198 ἕτερος
3357 5130 3420 5181 ἐκ
3464 5128 3553 5181 τοῦ
3603 5127 3801 5219 οὐρανου

2265 5223 2506 5285 καταϐάς
2528 5241 2541 5289 ;
2562 5222 2775 5292 Μηκέτι
2806 5217 2897 5273 οὖν
2929 5218 3440 5285 σκανδαλίζου,ὅταν
3470 5217 3642 5287 λέγει’
3669 5236 3684 5264 ι
3709 5212 3802 5265 NW

2262 5314 2319 5367 δὲ
2350 5314 2560 5383 ζητεῖτέ
2596 5330 2661 5385 με
2699 5314 3037 5375 ἀποκτεῖναι,
3064 5310 3348 5380 ἄνθρωπον
3373 5309 3430 5371 ὃς
3461 5309 3556 5381 τὴν
3582 5306 3796 5405 ἀλήθειαν

2263 5405 2392 5474 ὑμῖν
2448 5405 2753 5475 λελάληκαι
2791 5423 2807 5453 ι
2857 5402 2970 5456 ἀλλ’
3011 5399 3205 5453 ἐννοῶν
3241 5399 3337 5471 τὴν
3379 5400 3698 5470 οἰκονομίαν,
3729 5399 3799 5444 εὑ·

2262 5494 2431 5558 σεϐῶς
2498 5496 2655 5565 δέχου,
2711 5495 2770 5548 τὸ
2819 5493 3140 5562 λεγόμενον·
3204 5493 3267 5542 ὲκ
3323 5488 3527 5543 τούτοιν
3571 5489 3670 5559 γὰρ
3718 5488 3800 5547 τῆς

645 5672 692 5752 ξ’
720 5672 873 5763 lano.
911 5694 1027 5742 νιιι,
1062 5680 1271 5763 57,Μ⁸³
1303 5685 1465 5741 lCor.
1501 5704 1558 5753 ιι,
1594 5691 1645 5743 8.
1723 5691 1766 5723 ⁸⁸
1806 5690 1992 5755 Matth.
2045 5710 2155 5760 xxi,

2354 5696 2396 5730 ⁸⁸
2426 5696 2578 5752 Joan.
2620 5713 2671 5763 ι’,
2712 5694 2799 5760 23.
2878 5695 2918 5725 ⁸⁷
2950 5689 3283 5754 .lluttthv,
3315 5686 3401 5741 51.
3482 5688 3524 5718 ⁸⁸
3550 5684 3691 5741 Joan.
3727 5693 3739 5719 ν

584 5742 669 5805 υ.
745 5746 788 5778 ⁸³
820 5745 976 5801 .loau.
1003 5766 1113 5815 νιιι,
1142 5742 1234 5803 40..
