4088 6472
283 392 392 448 277
1398 409 1587 476 QUOD
1628 412 1686 466 Β.
1726 414 1850 469 MAI

1983 420 2093 474 SIT
2132 420 2454 481 DEIPARA.
3178 392 3181 394 ί
3448 443 3557 503 ΞἹΒ

283 510 538 579 ἐνὼσεως
566 518 805 587 μάλιστα
839 522 871 592 ἠ
900 524 1178 596 οἰκονομία
1203 530 1478 586 δείκνυται
1496 552 1513 568 ·
1547 536 1643 591 καὶ
1671 538 1751 591 ὅτι
1776 539 1846 592 xi

288 601 418 624 ιηηᾼ
480 623 533 624 ,,
612 608 625 624 .
750 612 806 624 ...
1029 617 1040 624 .
1095 618 1137 624 --
1298 623 1302 624 ν

1982 543 2167 599 verbis
2213 545 2429 603 unionis
2448 550 2798 619 potissimum
2830 553 3164 624 dispensatio
3192 574 3553 621 monstratur:

280 601 572 672 ἄνθρωπος
601 608 953 683 ὀνομάζηται,
988 617 1049 668 ού
1088 618 1211 690 δίχα
1255 623 1354 692 τῆς
1389 625 1639 696 θεότητος
1668 631 1847 696 ὀφείλε

2412 601 2423 603 _
2448 601 2470 619 τ
2492 601 2507 604 _
2832 601 3162 624 ---τμη-..ν
3192 601 3511 619 ...ν...,.....ι..
3536 606 3553 621 .

1974 644 2029 688 et
2064 636 2225 703 quod,
2248 638 2462 695 etiamsi
2502 641 2664 698 homo
2704 645 3027 714 appelletur,
3052 664 3159 703 non
3217 659 3397 708 tamen
3424 657 3554 711 abs-

280 701 612 762 καθ’ὲαυτὸν
628 710 1010 780 ὀνομάζεσθαι.
1034 718 1132 782 Τίς
1160 719 1271 790 γὰρ
1290 720 1552 792 τολμήσει
1573 721 1754 789 λέγειν
1781 722 1846 775 ἄν

1973 734 2078 788 que
2101 722 2385 779 divinitate
2430 742 2673 784 seorsum
2733 748 2831 802 per
2866 748 2926 789 se
2962 735 3125 792 homo
3188 754 3552 811 nuncupatur.

282 794 523 904 Ερωπον.
554 800 648 853 καὶ⁸
673 803 1178 878 ταῦταένεργήσειν
1196 811 1263 864 τὰ
1278 814 1682 884 προειρημένα;
1728 814 1850 881 λέγο

1971 811 2104 878 Quis
2140 815 2287 871 enim
2325 819 2470 874 ausit
2496 821 2676 877 dicere
2706 823 3001 895 hominem,
3040 843 3133 898 qut
3157 831 3336 898 qualia
3389 850 3551 904 supra
3588 899 3593 903 _

279 882 347 953 δὴ
372 884 540 955 τὴνέξ
552 889 784 960 ούρανοῦ
805 895 1104 965 μέλλουσαν
1115 900 1336 955 ἔσεσθαι
1356 904 1662 973 παρουσίαν
1682 905 1845 958 αὐτοῦ

1972 904 2113 959 dicta
2143 917 2269 961 sunt
2298 908 2592 968 ell'ecturus
2622 914 2739 969 sit?
2780 882 3022 972 futurum
3046 882 3299 976 videlicet
3321 922 3388 977 dc
3416 882 3555 979 caelo

281 976 383 1077 atati:
414 978 515 1048 τὴν
554 983 682 1052 περὶ
710 985 931 1039 πάντων
961 988 1176 1045 δικαίαν
1198 994 1411 1063 κρίσιν’
1431 994 1525 1047 τοῦ
1550 996 1850 1067 ἱεροψάλτοι

1969 995 2258 1053 adventum
2289 1000 2425 1069 ejus,
2452 1002 2773 1077 iustumque
2826 1009 2892 1065 de
2926 1011 3178 1069 omnibus
3237 1013 3549 1070 faciendum

283 1066 524 1173 μάζλιστα
536 1072 700 1126 Δασὶδ
720 1075 937 1145 ᾅδοντος
954 1096 967 1108 ·
1003 1099 1022 1132 ι
1046 1083 1137 1134 Σοὶ
1153 1084 1352 1152 πρέπει
1386 1066 1618 1153 ῦμνος,ό
1640 1085 1794 1150 Θεὸς,
1809 1086 1850 1140 ἐπ

1962 1083 2249 1155 judicium.
2284 1091 2423 1148 Cum
2472 1099 2773 1164 przesertim
2833 1116 2992 1157 sacer
3052 1103 3334 1173 psalmista
3381 1073 3595 1163 David?

280 1158 446 1225 Σιὼν,
479 1162 573 1215 καὶ
599 1165 681 1217 ao}.
726 1167 1122 1241 ἀποδοθήσεται
1151 1174 1287 1245 εὐχὴ
1315 1175 1372 1228 ἐν
1422 1176 1798 1248 Ἰερουσαλήμ.
1841 1196 1861 1231 ι

282 1250 625 1308 Εἰσάκουσον
664 1262 973 1331 προσευχῆς
994 1279 1009 1294 ’
1031 1282 1049 1315 ι
1070 1264 1211 1335 Πρὸς
1246 1266 1306 1319 σὲ
1349 1267 1500 1320 πᾶσα
1537 1267 1673 1339 σὰρξ
1688 1268 1861 1338 ἣξει.»

281 1342 352 1395 Τί
378 1344 487 1414 γὰρ
512 1346 696 1418 ἔτερόν
728 1350 876 1404 ἐστιν
907 1353 1088 1420 τοῦτο,
1119 1355 1234 1409 ἀλλ’
1266 1357 1299 1427 ἢ
1330 1359 1468 1428 ὅπερ
1494 1359 1586 1413 τὸν
1616 1359 1742 1413 Υἱόν
1770 1361 1865 1414 τοῦ

279 1433 574 1525 ἀνθρώπου
607 1441 854 1511 ποιήσειν
887 1446 1319 1519 μεμαθήκαμεν;
1357 1469 1375 1500 ε
1418 1450 1551 1503 Τότε
1590 1450 1721 1522 γὰρ,
1764 1470 1867 1525 (9⁷1⁸

281 1523 397 1589 civ,
441 1526 653 1581 καθίσει
688 1531 780 1583 ἐπὶ
816 1531 1006 1604 θρόνου
1032 1534 1191 1607 δόξης
1233 1538 1419 1603 αὐτοῦ,
1460 1540 1556 1593 καὶ
1591 1523 1866 1614 συναχθή-

283 1631 470 1669 σονται
506 1617 819 1690 ἔμπροσθεν
871 1625 1033 1679 αὑτοῦ
1075 1629 1253 1681 πάντα
1299 1629 1368 1683 τά
1409 1629 1563 1701 ἔθνη.
1620 1650 1639 1684 ι
1701 1633 1865 1705 Ὁρᾷς

276 1706 435 1769 ὅπως
460 1708 552 1762 τοῦ
583 1712 746 1766 Δαϐὶδ
778 1714 853 1780 ὡς
900 1716 1040 1787 πρὸς
1082 1718 1214 1772 Θεὸν
1241 1720 1511 1789 λέγοντος,
1551 1741 1569 1774 ι
1612 1724 1755 1795 Πρὸς
1803 1728 1864 1779 σὲ

279 1800 443 1853 πᾶσα
464 1801 602 1871 σὰρξ
627 1803 768 1873 ἥξει,
810 1825 829 1858 ι
864 1810 944 1871 εἰς
981 1811 1072 1863 τὸν
1111 1810 1239 1864 Υίὸν
1271 1813 1364 1866 τοῦ
1391 1815 1678 1885 ἀνθρώπου
1704 1818 1862 1871 τοῦτο

1968 1191 2175 1234 canat:
2245 1199 2265 1234 ι
2322 1183 2400 1239 Te
2424 1186 2580 1243 decet
2615 1188 2871 1260 hymnus,
2938 1195 3098 1263 Deus,
3127 1196 3179 1252 in
3242 1197 3446 1264 Sione;
3496 1209 3553 1253 et

1970 1269 2064 1324 tibi
2093 1270 2353 1329 oli'eretur
2383 1278 2559 1333 oratio
2582 1279 2637 1336 in
2664 1278 2961 1338 Jerusalem
2988 1286 3057 1340 “.
3096 1305 3115 1339 ι
3172 1288 3312 1344 Audi
3346 1291 3553 1345 oratio-

1967 1378 2136 1419 nem:
2177 1384 2196 1418 ι
2235 1367 2316 1422 Ad
2365 1377 2418 1424 te
2476 1372 2654 1427 omnis
2706 1389 2836 1429 caro
2886 1378 3207 1437 veniet“.a
3244 1381 3381 1447 Quid
3406 1384 3563 1439 enim.

1967 1452 2070 1509 hoc
2102 1455 2246 1511 aliud
2263 1467 2366 1522 est,
2404 1475 2565 1529 quam
2601 1462 2757 1532 quod
2776 1463 2991 1523 Filium
3012 1468 3249 1527 hominis
3283 1470 3549 1527 facturum

1965 1558 2088 1599 esse
2111 1546 2435 1605 didicimus?
2468 1570 2485 1602 ι
2542 1553 2695 1609 Tunc
2760 1555 2926 1624 cutim,
2982 1558 3189 1626 inquit,
3231 1561 3440 1617 sedebit
3494 1563 3550 1616 in

1966 1634 2161 1690 throno
2192 1636 2375 1706 gloriae
2406 1656 2542 1708 sum,
2574 1652 2630 1697 et
2660 1648 3147 1716 congregabantur
3196 1665 3394 1706 cor-am.
3433 1650 3551 1718 ipso

1964 1739 2155 1780 Omnes
2184 1739 2373 1797 gentes
2402 1731 2468 1787 ”.'
2507 1751 2526 1784 ι
2554 1732 2766 1800 Viden’,
2792 1738 3064 1806 quomodo
3090 1755 3211 1795 cum
3245 1742 3411 1796 David
3439 1742 3550 1797 Deo

1964 1813 2165 1870 dixerit
2196 1834 2222 1871 εΔ
2263 1837 2281 1869 ι
2313 1818 2393 1873 Ad
2424 1831 2474 1877 te
2506 1825 2684 1879 omnis
2737 1841 2865 1880 caro
2925 1830 3122 1895 veniet,
3181 1848 3201 1881 ι
3265 1846 3377 1885 rem
3410 1830 3551 1885 hanc

280 1890 626 1962 πληροῦσθαι
650 1896 843 1966 μέλλον
871 1901 1275 1970 ἀποδέδεικται;
1304 1904 1435 1968 Θεὸς
1458 1902 1549 1959 οῦν
1580 1908 1728 1961 ἐστιν
1755 1910 1850 1979 ἄρα

1969 1903 2020 1956 in
2052 1903 2186 1961 Filio
2211 1907 2443 1963 hominis
2490 1912 2695 1967 exitum
2740 1915 3052 1971 habituram
3114 1919 3547 1973 demonstratum

275 1981 711 2056 ἐνανθρωπήσας
740 1990 768 2041 ό
795 1989 860 2043 ἐκ
898 1992 1119 2061 Μαρίας
1143 1994 1375 2063 τεχθεὶς,
1404 1996 1515 2049 τῶν
1542 1996 1703 2050 θείων
1731 2000 1863 2069 ἡμῖν

275 2071 515 2143 Γραφῶν
543 2074 701 2129 τοῦτο
735 2077 825 2132 διὰ
856 2080 1066 2133 πολλῶν
1108 2084 1437 2150 ἀποδείξεων
1474 2088 1721 2159 ἐναργῶς
1764 2092 1864 2160 ἐνμ-

274 2165 609 2232 φαινουσῶν.
648 2168 909 2235 Θεοτόκος
946 2172 1001 2226 δὲ
1044 2176 1262 2240 πάντως
1299 2178 1392 2232 καὶ
1436 2178 1573 2249 αῦτη
1610 2182 1643 2251 ἡ
1675 2181 1864 2234 καλλικ-

275 2255 569 2326 πάρθενος,
604 2259 709 2314 κᾶν
745 2253 892 2314 οὗτοι
930 2263 1004 2335 μὴ
1054 2265 1383 2334 βούλωνται·
1415 2271 1462 2321 εί
1498 2271 1611 2340 γὰρ
1651 2270 1864 2342 ἀνθρω-

271 2363 381 2409 ato;
407 2343 477 2418 ἦν
505 2350 533 2401 ό
560 2349 622 2415 ἐξ
664 2352 836 2423 αὐτῆς
878 2355 1159 2424 προελθὼν
1199 2355 1407 2423 Ἰησοῦς
1452 2360 1709 2431 Χριστὸς,
1746 2361 1864 2426 πῶς

270 2440 307 2492 ὁ
349 2439 559 2504 Παῦλος
602 2443 868 2509 Γαλάταις
917 2447 1249 2502 ἐπιστέλλων
1282 2449 1521 2520 ἔγραφε·
1561 2470 1579 2502 ι
1640 2453 1859 2517 Παῦλος

272 2530 594 2599 ἀπόστολος,
644 2535 741 2587 οὐκ
792 2537 886 2589 ἀπ’
920 2537 1248 2610 ἀνθρώπων,
1281 2541 1401 2593 οὐδὲ.
1432 2542 1499 2595 δι’
1543 2542 1856 2614 ἀνθρώπου,

269 2619 416 2675 ἀλλά
442 2620 530 2675 διὰ
567 2624 740 2694 Ἰησοῦ
772 2626 1045 2697 Χριστοῦ;
1084 2648 1102 2680 ι
1135 2631 1304 2702 Δῆλον
1332 2631 1410 2694 ὡς
1439 2631 1539 2685 οὐκ
1572 2632 1860 2705 ἄνθρωπος

274 2712 463 2781 μόνον,
503 2714 639 2767 ἀλλά
677 2716 809 2781 Θεὸς
852 2720 1290 2793 ἐνηνθρωπηκώς
1331 2723 1498 2779 ἐστιν.
1679 2726 1858 2781 τοίνυν

273 2802 817 2867 πανδαλιζέσθωσαν
885 2807 981 2860 ἐπὶ
1042 2812 1163 2873 ταῖς
1222 2812 1500 2877 τοιαύταις
1556 2818 1766 2882 φωναῖς
1807 2818 1856 2871 oi

268 2893 611 2960 ἀπαίδευτοι,
656 2896 794 2950 ἀλλά
829 2898 1269 2956 διδασκέσθωσαν
1316 2905 1412 2955 τοῦ
1462 2904 1606 2958 θείου
1650 2923 1856 2979 μυστη-

272 2982 395 3053 ρίου
421 2984 519 3055 τὴν
547 2987 882 3059 οἰκονομίαν,
916 2991 1011 3044 καὶ
1048 2992 1528 3062 προσκυνείτωσαν
1554 2996 1739 3050 λοιπὸν
1763 2998 1854 3051 τὸν

266 3075 511 3145 Χριστὸν
565 3077 704 3147 μετά
758 3078 865 3131 τῶν
912 3081 1163 3149 ἀγγέλων
1213 3085 1309 3136 καὶ
1366 3084 1539 3138 αὐτοί.
1605 3103 1625 3138 ι
1686 3088 1853 3141 Ὅταν

264 3165 405 3236 γὰρ,
435 3167 621 3238 φησὶν,
652 3170 925 3244 εἰσαγάγῃ
953 3172 1045 3225 τὸν
1065 3174 1419 3244 Πρωτότοκον
1453 3178 1534 3239 εἰς
1552 3177 1652 3251 τὴν
1680 3179 1852 3232 οἰκου-

1967 1994 2243 2052 εἱιῖηῡθυεν
2260 2008 2343 2053 est
2372 2000 2535 2070 igitur
2556 2001 2888 2060 humanatus
2916 2022 3075 2074 quem
3111 2006 3278 2061 Maria
3314 2011 3547 2078 peperit,

1966 2085 2162 2141 divinis
2192 2090 2347 2144 nobis
2392 2093 2693 2163 Scripturis
2744 2110 2858 2151 rem
2919 2099 3060 2153 hanc
3102 2110 3543 2169 argumentorum

1965 2176 2313 2235 multitudine
2334 2182 2614 2240 evidenter
2639 2189 3072 2245 ostendentibus.
3102 2190 3332 2259 Deipara
3363 2201 3563 2245 autent-

1965 2269 2183 2323 omnino
2202 2281 2284 2326 est
2315 2272 2428 2340 ipsa
2459 2289 2674 2344 quoque
2704 2279 2920 2349 egregia
2960 2279 3146 2350 Virgo,
3184 2283 3538 2350 quantumvis

1966 2356 2053 2411 isti
2086 2360 2275 2414 nolint.
2308 2362 2440 2416 Nam
2460 2364 2503 2418 si
2547 2365 2708 2420 homo
2736 2368 2924 2423 luisset
2954 2370 3043 2439 qui
3075 2386 3141 2425 ex
3194 2372 3307 2440 ipsa
3347 2373 3557 2441 prodiit

1962 2446 2116 2502 Jesus
2149 2448 2420 2518 Christus,
2451 2455 2721 2521 quomo'do
2755 2455 2955 2513 Paulus
2981 2459 3032 2513 in
3067 2460 3307 2530 Epistsla
3340 2463 3407 2516 ad
3436 2460 3543 2516 Ga-

1962 2538 2099 2595 latas
2131 2545 2439 2612 scripsisset
2466 2561 2486 2600 :
2521 2564 2539 2597 ι
2571 2546 2772 2604 Paulus
2809 2552 3104 2619 apostolus,
3129 2566 3236 2607 non
3271 2554 3337 2609 ab
3363 2554 3544 2608 homi-

1961 2633 2459 2707 nibus,nequeper
2512 2640 2811 2709 hominem,
2867 2645 2961 2699 sed
3026 2660 3121 2714 per
3169 2643 3352 2700 Jesutn
3385 2645 3544 2702 Chri-

1961 2735 2102 2780 stum
2124 2727 2207 2782 9'?
2241 2747 2262 2781 ι
2295 2729 2457 2785 Plane
2480 2740 2622 2799 patet
2655 2748 2759 2788 non
2788 2749 2912 2791 esse
2969 2735 3248 2793 hominem
3305 2748 3539 2792 tantum-

1959 2823 2138 2889 modo,
2162 2824 2254 2878 sed
2282 2826 2446 2880 Deum
2475 2827 2853 2883 humanatum.
2915 2829 2993 2884 Ne
3039 2844 3169 2900 ergo
3214 2829 3297 2885 his
3313 2828 3538 2883 vocibus

1958 2913 2387 2969 scandalizentur
2423 2917 2758 2984 indocti,sed
2789 2919 2954 2975 divini
2994 2919 3234 2991 mysterii
3258 2919 3542 2988 dispensa-

1960 3002 2159 3059 tionem
2190 3006 2424 3073 discant,
2456 3009 2790 3078 adorentquc
2860 3012 3116 3080 deinceps
3154 3009 3427 3066 Christum
3484 3020 3539 3066 et

1956 3092 2057 3162 ipsi
2088 3109 2208 3149 cum
2252 3098 2475 3166 angelis.
2516 3097 2720 3171 144]
2755 3118 2773 3152 ι
2820 3100 2953 3156 Cum
2997 3100 3165 3165 enim,
3208 3100 3404 3171 inquit,
3461 3101 3538 3155 in-

1958 3185 2190 3239 troducit
2230 3184 2656 3258 Primogenitum
2691 3191 2740 3243 in
2777 3190 3060 3256 mundutn,
3122 3190 3296 3245 dicit:
3333 3190 3400 3247 Ει
3450 3190 3545 3245 ad-

268 3256 480 3328 μέν-ην,
525 3259 707 3329 λέγει’
746 3263 857 3316 Καὶ
886 3266 1424 3337 προσκυνησάτωσαν
1456 3270 1605 3341 αὑτῷ
1652 3272 1850 3335 πάντες

1954 3286 2112 3332 orent
2139 3293 2260 3333 eum
2285 3280 2461 3350 angeli
2491 3280 2669 3348 Dei";
2706 3301 2723 3334 ι
2752 3292 2805 3337 et
2836 3296 2881 3336 τι
2903 3281 2958 3337 In
2995 3283 3214 3338 nomine
3231 3282 3355 3338 Jesu
3375 3299 3538 3339 omne

264 3349 494 3418 ἄγγελοι
510 3352 644 3406 Θεοῦ
661 3369 676 3385 ο
704 3372 723 3406 ι
748 3357 861 3421 καὶ,
881 3375 899 3407 ι
924 3358 1011 3411 Ἐν
1024 3357 1099 3428 τῷ
1110 3359 1399 3429 ὀνόματιδέ
1416 3362 1592 3432 Ἰησοῦ
1614 3365 1851 3434 Χριστοῦ

263 3444 380 3495 πᾶν
411 3447 541 3511 γόνυ
570 3444 779 3516 κάμψει
809 3448 1150 3519 ἐπουρανίων
1195 3452 1291 3504 καὶ
1335 3452 1591 3521 ἐπιγείων
1621 3456 1714 3508 καὶ
1755 3473 1854 3510 καο

262 3530 593 3602 ταχθονίων·
640 3538 733 3589 καὶ
781 3539 934 3591 πᾶσα
966 3540 1187 3608 γλῶσσα
1234 3542 1715 3616 ἐξομολογήσεται,
1768 3549 1850 3603 ὅτι

261 3621 477 3695 Κύριος
523 3625 730 3696 Ἰησοῦς
773 3630 1011 3699 Χριστὸς
1053 3634 1132 3696 είς
1166 3633 1324 3701 δόξαν
1370 3635 1506 3689 Θεοῦ
1551 3639 1784 3710 Πατρός.
1826 3660 1845 3693 ι

261 3714 777 3785 Μνημονεύετωσαν
811 3721 1049 3792 Χριστὸν
1094 3724 1299 3793 Ἰησοῦν
1327 3726 1531 3798 Κύριον
1561 3729 1852 3799 ὁμολογού-

265 3821 457 3873 μενον,
506 3809 602 3861 καὶ
648 3809 723 3881 μὴ
752 3812 1209 3882 ταραττέσθωσαν
1252 3817 1382 3871 ὅταν
1427 3817 1717 3889 ἄνθρωπον
1761 3820 1852 3876 διά

260 3894 366 3966 τὴν
407 3899 717 3970 οἰκονομίαν
759 3903 1049 3958 ἀκούωσιν.

337 3988 427 4043 ιθ’.
470 3990 629 4045 Οὕτω
660 3993 953 4049 νοείτωσαν
980 3998 1075 4050 καὶ
1115 3998 1184 4051 τά
1213 4000 1302 4054 διά
1328 4018 1449 4055 τινα
1495 4003 1685 4075 χρείαν
1711 4004 1743 4077 ἢ
1772 4006 1848 4060 οξ-

256 4082 529 4153 κονομίαν
551 4085 681 4156 περὶ
703 4087 865 4140 αὑτοῦ
893 4090 1161 4161 εἰρημένα
1178 4107 1193 4123 ·
1218 4089 1330 4146 οἷόν
1353 4094 1502 4148 ἐστιν
1531 4096 1626 4148 καὶ
1650 4096 1712 4149 τὸ
1741 4098 1848 4151 ὑπὸ

255 4175 474 4244 Πέτρου
528 4178 623 4231 τοῦ
674 4180 971 4234 ἀποστόλου
1022 4182 1351 4253 λεγόμενον⁸
1384 4204 1403 4239 ι
1452 4187 1660 4258 Ἰησοῦν
1710 4188 1839 4260 γὰρ,

255 4268 456 4337 φησιν,
481 4268 573 4321 τὸν
596 4269 918 4343 Ναζωραῖον
941 4272 1110 4344 ἄνδρα
1130 4275 1585 4348 ἀποδεδειγμένον
1615 4278 1722 4332 ἀπὸ
1747 4279 1843 4333 τοῦ

252 4357 397 4413 Θεοῦ
429 4362 511 4424 εἰς
540 4361 706 4432 ὑμᾶς,
742 4381 763 4414 ι
796 4364 933 4434 πρὸς
973 4365 1262 4431 Ἰουδαίους
1286 4367 1669 4440 διαλεγόμενος
1691 4374 1719 4425 ὀ
1741 4373 1845 4425 Πέ-

252 4467 389 4521 τρος
408 4467 424 4482 ⁸
457 4452 564 4523 χρὴ
592 4453 701 4524 γὰρ
724 4454 815 4507 τὸν
841 4458 954 4519 τοῖς
989 4454 1153 4520 θείοις
1185 4457 1380 4527 Λόγοις
1418 4462 1836 4532 ἐντυγχάνοντα,

252 4545 356 4598 καὶ
400 4544 470 4599 τά
498 4545 767 4616 πρόσωπα
798 4546 1048 4617 θεωρεῖν,
1094 4550 1190 4602 καὶ
1232 4550 1325 4604 τὸν
1367 4552 1582 4622 χρόνον,
1616 4555 1708 4606 καὶ
1750 4553 1838 4607 δια

1955 3379 2091 3434 genu
2123 3364 2371 3421 ﬂectatur
2420 3369 2750 3435 caelestium,
2803 3374 3146 3427 terrestrium
3181 3383 3236 3428 et
3291 3372 3536 3430 inferno-

1954 3470 2115 3510 rum:
2148 3458 2397 3514 etomnis
2419 3460 2597 3529 lingua
2629 3463 2950 3535 qonliteatur
3008 3464 3291 3518 Dominum
3348 3463 3533 3520 Jesum

1951 3547 2230 3603 Christum
2264 3549 2317 3605 in
2340 3549 2507 3619 gloria
2538 3566 2659 3609 esse
2703 3551 2799 3609 Dei
2832 3552 3006 3608 Patris
3033 3554 3103 3610 ’⁸.
3138 3572 3157 3607 ι
3187 3553 3534 3610 Meminerint

1951 3637 2225 3693 Christum
2264 3638 2443 3696 Jesum
2476 3643 2746 3697 communi
2792 3659 3055 3699 consensu
3114 3644 3399 3700 Dominum
3451 3647 3534 3701 di-

1951 3738 2120 3796 ctum,
2160 3746 2337 3801 neque
2376 3735 2791 3799 conturbentur,
2832 3751 2954 3791 cum
2992 3750 3114 3790 eum
3147 3737 3421 3792 hominem
3448 3751 3533 3795 se-

1951 3821 2186 3876 cundum
2216 3822 2677 3882 dispensationem
2715 3836 2964 3881 vocatum
2996 3825 3243 3881 audiunt.

2023 3996 2110 4053 t9.
2142 3997 2233 4053 Sic
2286 4008 2341 4056 et
2394 4002 2512 4056 aliae
2544 4000 2841 4058 locutiones
2874 4002 3236 4075 intelligenda:
3260 4013 3386 4060 sunt
3426 4018 3528 4075 pro

1952 4091 2028 4145 rei
2065 4101 2205 4148 natae
2239 4108 2335 4148 usu
2368 4103 2421 4148 ct
2462 4094 2868 4164 dispensatione
2923 4096 3101 4162 dieue,
3145 4096 3309 4152 veluti
3364 4098 3529 4152 etiam

1951 4182 2096 4239 Petri
2125 4184 2251 4238 illud
2280 4185 2509 4255 apostoli
2540 4184 2759 4240 eli‘atum
2781 4195 2901 4241 est:
2930 4203 2950 4238 ι
2973 4183 3156 4243 Jesum
3187 4187 3333 4242 enim
3354 4185 3529 4242 Naza-

1948 4290 2137 4329 renum
2198 4277 2373 4330 virum
2417 4278 2773 4346 approbatum
2816 4293 2844 4332 a
2911 4278 3020 4332 Deo
3064 4277 3204 4334 inter
3237 4292 3354 4345 vos,
3396 4295 3416 4330 ι
3451 4278 3541 4334 εει

1947 4364 2160 4420 ἰιιάίιξοε
2191 4365 2469 4435 alloquens
2492 4364 2687 4423 Petrus
2725 4369 2792 4423 ".
2821 4367 3044 4440 Oportet
3066 4368 3209 4423 enim
3235 4370 3302 4424 ab
3326 4384 3411 4435 eo,
3432 4371 3533 4439 qui

1948 4457 2145 4513 divinis
2177 4458 2397 4515 Litteris
2428 4460 2620 4529 utitur,
2646 4470 2977 4531 etpersonas
3007 4462 3261 4530 spectari,
3285 4471 3341 4517 et
3393 4473 3524 4518 tem-

1948 4565 2068 4618 pus,
2097 4557 2150 4604 et
2177 4565 2336 4620 quam
2368 4552 2438 4606 ob
2468 4567 2685 4607 causam
2720 4553 2949 4622 quodvis
2978 4554 3216 4619 dicatur,
3251 4555 3511 4623 reputari.

250 4637 424 4689 ποίαν
453 4637 637 4690 αἰτίαν
662 4638 895 4691 ἕκαστον
927 4639 1166 4710 εἴρηται,
1189 4640 1501 4709 λογίζεσθαι
1523 4662 1535 4673 ·
1561 4642 1704 4696 οὕτω
1731 4644 1840 4717 γάρ

1954 4643 2039 4697 Sic
2062 4644 2207 4697 enim
2231 4643 2463 4713 singulis
2490 4643 2649 4698 dictis
2667 4646 3076 4701 convenientem
3105 4648 3521 4702 accommodare
3554 4684 3557 4687 -

250 4727 477 4796 ἑκάστῳ
511 4726 659 4798 ῥητῷ
686 4727 789 4797 τὴν
811 4726 1128 4797 πρέπουσαν
1162 4731 1474 4801 ἐφαρμόσαι
1499 4732 1732 4804 θεωρίαν
1757 4752 1844 4799 τις

246 4821 324 4888 τῇ
358 4817 451 4871 τοῦ
502 4818 814 4889 Πνεύματος
847 4818 1140 4890 δυνήσεται
1190 4822 1395 4890 χάριτι.
1445 4824 1595 4876 Ἐπεὶ
1618 4820 1711 4879 οὖν
1745 4826 1841 4878 καὶ

245 4908 415 4962 τοῦτο
454 4909 516 4961 τὸ
567 4910 733 4981 ῥητὸν
782 4912 980 4963 ἐκεῖνοι
1030 4910 1169 4981 πρὸς
1212 4913 1469 4966 σύστασιν
1518 4917 1618 4985 τῆς
1661 4916 1841 4969 αὐτῶν

246 5001 573 5066 δυσσεϐείας
588 5001 1008 5072 προϐάλλονται,
1035 5003 1269 5075 εἴδωμεν
1285 5005 1339 5057 τί
1368 5005 1564 5076 δήποτε
1583 5008 1611 5059 ό
1634 5008 1839 5079 Πέτρος

246 5093 610 5162 οἰκονομῆσαι
646 5092 990 5163 βουλόμενος,
1015 5094 1158 5148 οὕτω
1183 5094 1481 5167 λελάληκεν
1501 5114 1513 5126 '
1550 5099 1751 5169 μᾶλλον
1776 5100 1832 5152 δὲ

243 5184 419 5237 αὐτὸν
458 5184 904 5255 ἐπερωτήσωμεν
934 5186 1033 5256 τὴν
1065 5186 1243 5240 αἰτίαν
1278 5188 1530 5256 ἀγγεῖλαι
1563 5192 1714 5260 ἡμῖν,
1762 5191 1830 5245 δι’

248 5276 321 5345 ἢν
357 5273 500 5327 οὕτω
542 5274 722 5344 λέγειν
756 5277 1004 5348 προήχθη
1026 5295 1040 5309 θ
1070 5278 1121 5331 τί
1155 5278 1283 5349 φὴς,
1312 5274 1359 5331 ὦ
1391 5280 1665 5350 μακάριε;
1704 5284 1831 5336 Ἀν-

245 5364 475 5429 Θρωπον
508 5365 797 5434 κηρύττεις
823 5368 914 5419 τὸν
940 5368 1196 5438 Χριστὸν,
1225 5369 1319 5421 καὶ
1346 5369 1521 5441 τούτῳ
1548 5372 1829 5426 πιστεύειν

244 5454 401 5525 ἡμᾶς
446 5455 791 5520 ἀναπείθεις,
839 5456 929 5511 ἴνα
963 5458 1222 5528 κτίσματι
1250 5459 1537 5532 λατρεύειν
1575 5462 1825 5533 διδάξῃςς

254 5544 364 5596 ’ἰαὶ
398 5544 505 5613 μὴν
532 5545 717 5616 ἕτερος
747 5547 1042 5612 ἀπόστολος
1083 5548 1358 5621 μέμφεται
1388 5552 1515 5615 τοὺς
1546 5555 1611 5623 τῇ
1652 5554 1825 5609 κτίσει

226 5652 389 5756 ..λε

510 5838 561 5889 -ι,
594 5822 686 5877 22.
762 5824 805 5856 ⁸⁷
832 5822 988 5879 Rom.
1030 5841 1069 5894 ι,
1097 5826 1167 5879 25
1196 5844 1210 5893 ;
1247 5828 1368 5883 Act.
1395 5842 1506 5899 λιν,
1532 5822 1615 5882 HL

460 5751 541 5805 al.
567 5766 708 5831 Ly},
733 5751 805 5831 ελ.-
832 5755 905 5831 _“
938 5752 1066 5809 ibid.
1197 5757 1241 5789 "
1262 5756 1464 5831 Matth.
1494 5771 1619 5831 15v,
1653 5758 1739 5831 5i,
1767 5760 1855 5817 32.

1945 4747 2164 4787 sensum
2198 4733 2463 4802 quispiam
2499 4748 2619 4787 cum
2651 4733 2886 4799 Spiritus
2926 4735 3100 4803 gratia
3134 4736 3355 4803 poterit.
3381 4736 3517 4803 Quia

1947 4825 2111 4894 igitur
2142 4826 2280 4879 hanc
2309 4839 2525 4895 quoque
2556 4825 2881 4881 locutionem
2916 4826 2991 4880 illi
3024 4826 3090 4880 ad
3123 4825 3550 4896 suaeirrcligio—.

1942 4916 2120 4970 sitatis
2142 4918 2608 4972 conﬁrmationem
2638 4917 2924 4984 objiciunt,
2952 4918 3230 4972 videamus
3258 4918 3517 4987 quidnam
3542 4969 3551 4977 ,

1942 5007 2138 5064 Petrus
2162 5009 2317 5077 juxta
2347 5009 2767 5079 dispensationis
2810 5009 3025 5079 regulas
3060 5009 3366 5080 signiﬁcare
3421 5026 3536 5063 νος.

1942 5098 2078 5163 lens,
2112 5100 2183 5154 ita
2215 5099 2429 5156 locutus
2456 5101 2549 5156 sit.
2596 5099 2707 5154 lmo
2746 5114 2873 5155 vero
2906 5100 2974 5154 ab
2998 5114 3062 5154 eo
3106 5114 3414 5166 quaeramus
3457 5108 3536 5152 ut‘

1939 5204 2040 5244 nos
2064 5190 2273 5258 doceat,
2294 5207 2539 5261 quamam
2571 5204 2693 5246 eum
2714 5205 2875 5245 causa
2920 5190 2984 5244 ad
3011 5190 3065 5246 id
3118 5189 3319 5244 dictum
3346 5191 3533 5261 impn-.

1936 5278 2079 5334 lerit.
2107 5280 2245 5347 Quid
2275 5281 2378 5349 ais,
2411 5297 2444 5336 ο
2473 5281 2666 5337 beate?
2706 5279 2992 5336 Hominem
3050 5281 3311 5352 praedicas
3354 5280 3529 5335 (Ἀπί-κ

1934 5381 2100 5438 stum,
2134 5383 2295 5445 atque
2322 5385 2380 5428 ut
2409 5374 2534 5428 huic
2562 5377 2846 5431 credamus
2871 5376 3089 5441 suades,
3118 5385 3177 5428 ut
3205 5384 3507 5428 creaturam

1932 5465 2160 5519 adorare
2189 5480 2286 5521 nos
2316 5466 2547 5521 doceas?
2571 5466 2732 5536 Atqui
2764 5467 2899 5521 alius
2941 5465 3231 5535 Apostolus
3258 5464 3514 5533 increpat-

1930 5570 2044 5622 eos,
2074 5556 2163 5627 qui
2188 5566 2452 5614 creaturae
2484 5557 2686 5613 cultum
2708 5558 2893 5614 volunt
2914 5558 3170 5614 exhibere
3187 5555 3254 5613 ".
3280 5555 3541 5667 Praeter!

1934 5762 1977 5795 ’³
2014 5761 2188 5821 Galat.
2219 5781 2258 5831 ι,
2288 5766 2335 5821 ί.
2413 5763 2459 5796 ’⁸
2481 5763 2641 5822 Hebr.
2674 5781 2712 5831 ι,
2739 5763 2791 5819 6.
2869 5764 2912 5795 ⁸³
2936 5760 3167 5833 Philipp.
3193 5775 3253 5826 ιι,
3287 5758 3371 5827 ἰθ,
3420 5758 3505 5816 Μ.
