4088 6486
571 398 676 453 2ῖ9

1566 395 1626 451 S.
1669 393 1942 451 CYRILLI
1982 393 2450 459 ALEXANDRINI
2490 400 2814 459 ARCHIEP.

3723 403 3848 460 280

573 532 636 569 ea
691 512 962 584 quomodo
992 515 1110 586 ipse
1133 529 1162 568 a
1180 513 1401 572 Christo
1435 515 1821 585 interrogatus,
1846 529 2140 583 quemnam

2249 518 2533 591 λατρεύειν
2564 522 2844 587 ἐθέλοντας
2869 563 2882 576 .
2905 518 3041 579 Εἶτα
3066 524 3182 589 πῶς
3205 526 3370 590 αὐτὸς
3381 526 3680 599 ἐρωτηθεὶς
3702 526 3849 596 παρ’

570 605 916 661 existimares
943 618 1064 661 esse
1091 603 1287 660 Filium
1312 604 1569 671 hominis.
1604 607 1929 678 respondisti
1964 624 1979 664 :
2022 627 2040 658 ι
2067 608 2145 661 Tu

571 712 629 751 es
660 694 931 751 FiliusDel
960 694 1217 751 viventis?
1243 716 1262 749 ι
1306 697 1570 767 siquidem
1593 713 1655 754 ea
1693 708 1820 756 tunc
1854 697 2148 771 interroga-

571 788 649 841 tio
676 786 743 843 iis
776 784 868 853 qui
901 801 1007 842 non
1031 787 1166 842 satis
1194 788 1615 857 dispensationis
1637 791 1955 863 mysterium
1989 806 2149 847 nove-

570 882 716 940 rant,
762 871 995 930 fortasse
1064 874 1299 948 aliquam
1366 875 1678 947 hujusmodi
1757 878 2144 950 cogitationem

569 965 1056 1049 injicere._poterat,
1086 980 1280 1037 nempe
1312 976 1375 1023 ut
1410 983 1533 1024 eum
1568 968 1843 1026 hominem
1877 983 2000 1028 esse
2045 986 2147 1027 ex-

569 1060 877 1117 istimarent
905 1078 920 1114 ι
950 1079 970 1114 ι
1007 1060 1308 1129 Quemnam
1337 1063 1503 1130 enim,
1541 1064 1635 1129 ait,
1668 1064 1913 1123 homines
1959 1065 2148 1125 dicunt

569 1167 687 1208 esse
709 1153 902 1208 Filium
932 1154 1168 1210 hominis
1190 1156 1235 1189 ⁸⁸
1254 1156 1281 1209 ?
1304 1173 1323 1206 ι
1362 1153 1513 1211 Tunc
1543 1155 1706 1226 igitur
1760 1172 1885 1213 cum
1930 1158 2146 1215 audires

570 1243 744 1311 ipsum
774 1258 893 1299 esse
925 1244 1120 1300 Filium
1141 1246 1405 1310 hominis,
1433 1244 1529 1301 Dei
1553 1245 1749 1303 Filium
1779 1261 1900 1303 esse
1926 1260 2147 1319 respon-

570 1332 735 1401 disti;-
777 1347 919 1389 nunc
954 1349 1107 1400 vero,
1141 1345 1265 1406 post
1318 1344 1398 1391 tot
1431 1334 1660 1391 aliorum
1706 1337 1879 1394 visam
1904 1338 2142 1392 miracu-

568 1426 739 1478 !orum
773 1426 1089 1494 potentiam,
1119 1434 1403 1496 postquam
1463 1427 1635 1483 beatae
1675 1423 1915 1494 ejusdem
1964 1443 2142 1484 resur-

568 1517 826 1571 rectionis
842 1525 897 1572 et
924 1517 977 1571 in
1009 1517 1206 1574 coelum
1239 1519 1445 1574 reditus
1473 1518 1627 1576 testis
1661 1518 1835 1586 fuisti,
1866 1521 2139 1577 hominem

569 1607 745 1678 ipsum
785 1607 958 1663 dicis?

636 1698 729 1763 20..
766 1696 877 1755 Nec
911 1700 1197 1771 quisquam
1230 1701 1528 1771 existimet,
1551 1706 1858 1759 tuncetiam
1887 1711 2139 1776 tanquam

569 1790 633 1845 de
662 1792 876 1846 homine
892 1793 1133 1865 potuisse
1162 1794 1229 1849 de
1252 1796 1346 1851 illo
1372 1794 1578 1861 dicere,
1630 1815 1649 1848 ι
1684 1796 1763 1853 Tu
1791 1812 1850 1852 es
1891 1796 2139 1853 Christus

2253 609 2443 675 αὑτοῦ,
2480 613 2602 666 τίνα
2643 614 2896 685 ἐνόμιζες
2929 612 3070 670 εἶναι
3104 616 3196 671 τὴν
3230 618 3359 673 Υίὸν
3391 616 3486 671 τοῦ
3516 616 3844 688 ἀνθρώπω,

2248 704 2575 775 ἀπεκρίθης,
2608 723 2627 756 c
2663 707 2734 761 Σὺ
2766 703 3256 772 εἷ·ὀΥἱὸςτοῦΘεοῦ
3277 709 3373 763 τοῦ
3393 708 3622 775 ζῶντοςς
3660 730 3678 761 ι
3706 708 3844 762 καί-

2248 808 2327 845 τοι
2359 794 2481 847 τότε
2514 798 2547 866 ἡ
2581 796 2772 860 πεῦσις
2796 801 2911 861 τοῖς
2940 799 3016 869 μὴ
3066 799 3272 869 σφόδρα
3305 799 3471 852 εἰδόσι
3499 799 3597 869 τῆς
3621 801 3846 852 οἰκονο-

2252 883 2381 953 μίας
2407 886 2468 939 τὸ
2511 889 2831 958 μυστήριον,
2886 889 3027 959 τάχα
3056 890 3150 943 καί
3178 906 3299 943 τινα
3330 888 3586 957 τοιαύτην
3614 888 3843 940 ἔννοιαν

2248 974 2495 1045 ἐμποιεῖν
2527 977 2783 1045 ἠδύνατο,
2818 978 2963 1045 λέγω
2991 978 3055 1049 δὴ
3080 978 3141 1031 τὸ
3160 978 3452 1049 ἄνθρωπον
3480 977 3642 1030 αὑτὸν
3673 975 3841 1045 νομίο

2249 1080 2372 1122 σαν
2404 1086 2423 1119 ι
2455 1067 2590 1124 Τίνα
2616 1070 2745 1139 γὰρ,
2774 1069 2981 1138 ἔλεγεν,
3011 1071 3059 1124 οἱ
3092 1069 3372 1139 ἄνθρωποι
3402 1068 3655 1137 λέγουσιν
3684 1062 3839 1123 εἶναι

2245 1160 2336 1213 τὸν
2373 1160 2500 1213 Υἱὸν
2530 1160 2625 1214 τοῦ
2672 1160 2998 1231 ἀνθρώπους
3033 1180 3053 1217 ρ
3096 1162 3207 1214 Καὶ
3252 1160 3372 1213 τότε
3423 1160 3523 1229 μὲν
3565 1160 3697 1213 Υἰὸν
3724 1160 3835 1212 ἀν-

2247 1248 2464 1319 θρώπου
2492 1250 2706 1303 ἀκούων
2730 1251 2916 1315 αὐτὸν,
2949 1251 3042 1305 τὸν
3064 1251 3191 1304 Υίὸν
3213 1250 3308 1305 τοῦ
3334 1250 3473 1305 Θεοῦ
3496 1250 3664 1302 αὑτὸν
3682 1247 3835 1302 εἶναι

2243 1338 2461 1409 ἐλεγεςο
2499 1340 2592 1395 νῦν
2616 1340 2673 1395 δὲ
2702 1342 2839 1412 μετὰ
2868 1342 2929 1396 τὸ
2959 1341 3135 1396 ἄλλων
3178 1340 3387 1395 πολλῶν
3424 1340 3669 1410 σημείων
3694 1340 3834 1394 θεάς

2249 1431 2444 1485 σασθαι
2470 1432 2699 1504 δύναμιν
2723 1474 2738 1496 ,
2796 1434 2934 1503 μετὰ
2982 1433 3042 1488 τὸ
3082 1435 3177 1488 καὶ
3207 1433 3306 1503 τῆς
3354 1431 3625 1503 μακαρίας
3652 1432 3829 1484 αὐτοῦ

2245 1523 2594 1589 ἀναστάσεως
2616 1563 2632 1587 ,
2668 1524 2759 1576 καὶ
2789 1524 2888 1593 τῆς
2931 1524 3013 1586 είς
3049 1523 3276 1592 οὐρανὸν
3314 1522 3502 1575 ἀνόδου
3547 1522 3605 1573 ἐν
3653 1521 3830 1591 πείρᾳ

2245 1614 2517 1686 γενέσθαι,
2549 1615 2836 1685 ἄνθρωπον
2859 1614 3024 1669 αὑτὸν
3051 1610 3191 1669 εἶναι
3216 1613 3396 1682 λέγεις

2315 1711 2384 1759 κ’.
2426 1702 2536 1757 Καὶ
2569 1705 2643 1774 μή
2673 1721 2757 1768 τις
2785 1703 2982 1758 οἰέσθω
3012 1703 3275 1759 δύνασθαι
3305 1704 3401 1758 καὶ
3418 1703 3542 1755 τότε
3570 1701 3646 1764 ὠς
3689 1700 3828 1771 περὶ

2241 1793 2531 1865 ἀνθρώπου
2564 1793 2743 1862 λέγειν
2771 1795 2934 1849 αὑτὸν
2961 1794 3045 1859 τὸ,
3084 1812 3104 1847 ι
3136 1794 3210 1849 Συ
3241 1789 3292 1846 εἰ
3315 1796 3343 1851 ὁ
3370 1793 3604 1865 Χριστὸς
3628 1792 3659 1844 ὁ
3692 1791 3827 1854 Υἱὸς

570 1882 660 1951 qui
693 1894 751 1937 es
789 1881 961 1941 Filius
992 1885 1087 1940 Dei
1131 1885 1388 1954 viventis,
1429 1906 1449 1939 ι
1495 1888 1931 1958 quandoquidem
1968 1890 2138 1945 sancti

2248 1884 2338 1939 τοῦ
2369 1884 2502 1939 Θεοῦ
2535 1884 2628 1938 τοῦ
2658 1884 2861 1950 ζῶντος
2886 1925 2900 1951 ,
2935 1904 2953 1936 ι
2988 1884 3063 1948 ὡς
3093 1885 3188 1939 καὶ
3220 1884 3327 1938 τῶν
3353 1883 3523 1953 ἁγίων
3550 1899 3828 1953 χρηματι-

568 1991 783 2046 qnoque
805 1976 1053 2031 homines
1080 1976 1172 2032 ﬁlii
1203 1978 1293 2034 Dei
1322 1988 1466 2035 sunt.
1491 1978 1608 2046 Non
1631 1980 1777 2035 enim
1826 1980 2147 2048 simpliciter

569 2068 722 2130 dixit,
753 2066 830 2122 Tu
852 2081 910 2122 es
934 2066 1103 2121 Filius
1134 2065 1257 2133 Dei;
1287 2069 1404 2136 sed,
1440 2088 1459 2124 ι
1502 2068 1581 2123 Tu
1612 2086 1693 2134 es,
1717 2071 1806 2139 qui
1835 2070 2005 2127 Filius
2048 2070 2142 2127 Dei

570 2173 649 2213 es.
686 2177 705 2209 ›
749 2157 991 2228 Namque
1028 2156 1241 2213 articuli
1271 2159 1493 2230 (Graeci)
1536 2161 1767 2231 adjectio
1817 2176 1983 2215 unum
2046 2162 2142 2218 de-

570 2258 838 2305 monstrat
860 2250 1198 2322 unicumque
1219 2265 1405 2306 verum
1444 2251 1642 2308 Filium
1678 2251 2019 2309 confessione
2051 2252 2146 2308 Pe-

567 2345 634 2397 tri
667 2342 929 2399 denotari.
987 2341 1125 2398 Huic
1160 2343 1375 2398 demum
1437 2342 1722 2413 objectioni
1783 2344 1897 2413 ipse
1955 2343 2145 2398 beatus

567 2434 759 2489 Petrus
792 2433 875 2515 his
895 2432 1008 2489 fere
1034 2434 1213 2489 verbis
1244 2435 1376 2491 mihi
1422 2434 1636 2490 videtur
1668 2449 1957 2491 occurrere
2002 2451 2015 2486 :
2064 2433 2144 2487 Ne

569 2541 658 2581 me
692 2526 766 2580 ita
802 2526 1037 2581 locutum
1066 2526 1288 2595 putetis,
1340 2526 1497 2598 quasi
1535 2540 1676 2581 unus
1733 2525 1798 2579 de
1864 2525 2017 2581 vobis
2070 2523 2145 2578 sit

571 2620 735 2675 homo
759 2618 1027 2674 Christus.
1058 2618 1211 2672 Haud
1258 2618 1310 2672 id
1362 2617 1614 2689 equidem
1682 2618 1825 2681 dico.
1881 2617 1976 2673 sed
2027 2631 2141 2672 rem

568 2710 761 2773 miram
813 2721 868 2765 et
900 2694 1241 2781 insperatam
1299 2710 1565 2783 prudente
1640 2724 1891 2768 sermone
1940 2708 2139 2764 revelo.

568 2798 826 2867 Qumnam
861 2816 987 2856 vero
1006 2802 1118 2857 haec
1150 2803 1269 2857 est?
1292 2800 1528 2872 Spiritus
1591 2800 1979 2859 descendentis
2034 2802 2143 2856 fra-

568 2907 696 2961 gure
716 2892 923 2958 audito,
949 2890 1262 2949 Iudaeorum
1310 2893 1539 2964 populus
1574 2894 1641 2949 ad
1677 2910 1776 2951 nos
1803 2895 2041 2949 accurrit
2071 2896 2138 2950 θ’.

569 2983 710 3053 Ergo
769 2984 1020 3040 idoneum
1077 2985 1325 3054 piscandi
1378 2985 1625 3043 homines
1679 2996 1891 3055 tempus
1927 2995 2140 3053 nactus,

571 3091 746 3145 neque
781 3084 956 3130 tamen
981 3076 1170 3133 valens
1221 3075 1508 3133 manifesto
1549 3077 1861 3146 directoqne
1892 3092 2143 3135 sermone

567 3165 841 3264 Christum
870 3167 1034 3223 Deum
1064 3168 1383 3238 praedicare,
1438 3167 1561 3238 quia
1621 3167 1694 3223 illi
1725 3168 1935 3223 scilicet
1981 3167 2142 3237 paulo
2166 3205 2211 3264 ο

568 3257 1293 3325 antehunccrucillxerant,
1351 3258 1750 3331 molestumque
1807 3260 1917 3316 illis
1953 3258 2142 3331 hujus-

570 3349 713 3405 modi
759 3350 1029 3417 negotium
1088 3350 1396 3416 accidisset,
1457 3350 1593 3419 celo,
1635 3350 1831 3420 inquit,
1876 3351 2145 3406 sermonis

571 3442 810 3507 hamtun,
846 3440 1006 3497 sicuti
1043 3440 1100 3497 lit
1128 3439 1340 3508 objecta
1363 3440 1599 3510 piscibus
1634 3455 1783 3509 esca,
1816 3441 1919 3499 sub
1949 3443 2142 3497 horum

571 3532 857 3586 verborum
898 3530 1219 3595 humilitate,
1238 3539 1296 3588 et
1321 3528 1502 3589 Jesum
1530 3528 1875 3589 Nazarenam
1917 3531 2145 3587 nomino

569 3633 730 3697 atque
774 3621 1116 3688 cruciﬁxum,
1150 3624 1375 3697 etquod
1414 3624 1555 3679 Deus
1602 3623 1776 3690 ipsum
1823 3638 1856 3677 e
1915 3624 2146 3679 mortuis

569 3714 929 3780 suscitaverit;
953 3720 1116 3783 atque
1143 3713 1216 3768 ita
1248 3728 1353 3769 non
1383 3714 1501 3771 sine
1534 3713 1801 3771 velamine
1832 3713 2021 3785 iugero
2044 3728 2145 3769 nec

569 3809 685 3865 sine
709 3816 825 3862 arte
853 3807 1086 3878 quadam
1124 3805 1480 3876 theologicam
1519 3806 1664 3863 illius
1726 3805 2001 3861 notitiam.
2051 3806 2145 3861 Et-

566 3899 712 3957 enim
738 3884 956 3954 Davidis
994 3898 1159 3953 verba
1195 3898 1250 3955 in
1284 3906 1520 3953 mentem
1552 3898 1687 3967 ipsis
1735 3912 1952 3962 revoco,
2005 3912 2144 3966 quo-

567 3990 712 4049 niam
736 3988 836 4045 viri
868 3988 1012 4047 illius
1040 3988 1220 4059 potius
1272 3988 1492 4045 oracula
1534 3988 1653 4045 sine
1710 3987 2022 4056 suspicione
2055 3990 2146 4045 ad-

567 4081 893 4149 mittebant;
945 4094 1155 4152 perque
1216 4093 1278 4133 ea
1342 4094 1468 4135 mox
1552 4079 1735 4137 omnia
1802 4078 1896 4134 Dei
1956 4078 2141 4135 virtuti

568 4171 831 4241 attribuo,
860 4179 921 4231 ut
950 4170 1030 4231 sic
1068 4170 1327 4240 paulatim
1362 4168 1576 4231 Judaeos
1623 4168 1820 4225 faciam
1849 4169 2144 4227 salutarem

568 4264 865 4327 doctrinam
905 4263 1185 4332 recipere:
1216 4279 1323 4334 quo
1347 4262 1513 4328 facto,
1544 4261 1718 4332 iisque
1766 4262 1834 4317 ad
1881 4277 2145 4332 compono

569 4356 805 4417 ctionem
841 4353 1138 4423 conversis,
1160 4353 1497 4411 manifestius
1522 4354 1713 4415 deinde
1759 4352 1927 4415 Deum
1962 4354 2143 4424 ipsum

570 4447 885 4507 demonstro
938 4462 1039 4523 per
1088 4444 1248 4519 hujus
1296 4444 1552 4516 baptismi
1626 4444 1680 4501 in
1757 4444 1876 4515 eius
1925 4446 2145 4503 nomine

2247 1975 2446 2039 ζόντων
2476 1974 2608 2028 υἱῶν
2628 1975 2784 2028 Θεοῦο
2811 1975 2872 2028 οὐ
2893 1975 3003 2046 γὰρ
3029 1974 3216 2037 ἁπλῶς
3238 1970 3417 2036 εἶπεν,
3442 1974 3514 2026 Σὺ
3539 1973 3663 2035 Υἱὸς
3684 1972 3827 2025 Θεοῦ

2246 2062 2315 2130 εἴ,
2341 2068 2500 2132 ἀλλὰ,
2519 2088 2535 2117 ι
2555 2068 2627 2121 Σὺ
2642 2062 2691 2120 εἷ
2717 2069 2744 2120 ὁ
2768 2067 2897 2131 Υἱὸς
2929 2065 3022 2119 τοῦ
3053 2060 3208 2121 Θεοῦ’
3244 2086 3263 2115 ι
3288 2067 3321 2135 ἠ
3354 2065 3463 2135 γὰρ
3490 2064 3587 2118 τοῦ
3614 2063 3826 2135 ἄρθρου

2246 2160 2528 2231 προσθήκη
2566 2160 2645 2230 (l)
2679 2159 2917 2212 δείκνυσι
2949 2158 3039 2211 τὸν
3065 2158 3162 2213 ἕνα
3212 2158 3306 2212 καὶ
3347 2157 3508 2228 μόνον
3566 2155 3825 2225 ἀληθινὸν

2245 2251 2374 2305 Υίὸν
2406 2252 2739 2321 ὁμολογῆσαι
2767 2252 2857 2304 τὸν
2884 2251 3111 2320 Πέτρον.
3146 2249 3292 2321 Πρὸς
3330 2248 3503 2302 ταῦτα
3550 2246 3609 2299 δὲ
3646 2245 3824 2299 τοιοὺ-

2244 2359 2359 2405 τοις
2403 2342 2686 2412 μονονουχὶ
2720 2341 2883 2405 αὐτὸς
2908 2343 2936 2393 ὁ
2969 2339 3239 2411 μακάριος
3270 2340 3478 2409 Πέτρος
3507 2338 3827 2407 ἀπήντησεν

2242 2433 2311 2487 ἂν
2349 2436 2619 2504 ῥήμασιν·
2652 2433 2744 2506 Μὴ
2788 2432 2952 2489 τοῦτο
2995 2431 3257 2503 νομίσητὲ
3294 2448 3362 2502 με
3392 2430 3710 2501 εἰρηκέναι,
3736 2430 3827 2482 ὅτι

2244 2541 2351 2594 περ
2398 2524 2683 2595 ἄνθρωπος
2726 2523 2847 2577 καθ’
2877 2525 3025 2595 ἡμᾶς
3055 2518 3138 2587 εἷς
3175 2524 3323 2579 ἐστιν
3373 2524 3403 2576 ὁ
3446 2522 3685 2594 Χριστός
3707 2539 3722 2553 ο
3758 2522 3822 2574 οὐ

2244 2614 2400 2668 τοῦτό
2434 2616 2582 2669 ἐστιν
2609 2616 2638 2669 ὅ
2669 2632 2813 2685 φημι
2832 2631 2848 2648 ’
2884 2616 3115 2686 πρᾶγμα
3140 2615 3197 2671 δέ
3222 2632 3277 2667 τι
3304 2614 3577 2684 οίκονομῶ
3607 2612 3823 2683 θαυμαο

2246 2707 2393 2771 στὸν,
2418 2707 2514 2761 καὶ
2541 2706 2846 2777 παράδοξον
2864 2725 2877 2738 ο
2908 2707 3004 2760 καὶ
3034 2710 3187 2761 ποῖον
3214 2706 3374 2762 τοῦτό
3399 2709 3551 2771 tm;
3578 2707 3659 2776 Τῇ
3686 2703 3825 2759 καθ-

2243 2800 2350 2870 όδῳ
2374 2798 2469 2853 τοῦ
2503 2798 2643 2853 Πνεύ
2654 2817 2823 2870 ματος
2852 2800 3212 2871 περιηχηθεὶς
3234 2798 3345 2853 τῶν
3384 2798 3704 2853 Ἶουδαίωνό
3730 2798 3828 2867 θῆ-

2245 2906 2376 2959 μος,
2437 2889 2774 2960 συνέδραμεν
2840 2890 2977 2960 πρὸς
3023 2892 3201 2960 ἡμᾶς’
3258 2888 3438 2960 εὑρὼν
3486 2887 3581 2943 οὖν
3632 2888 3827 2958 καιρὸν

2244 2981 2431 3046 ἀλείας
2476 2980 2779 3051 ἀνθρώπων
2816 2977 2955 3037 εἶναι
3000 2982 3155 3048 τότε,
3203 2978 3320 3037 εἶτα
3350 2981 3606 3051 φανερῶς
3639 2982 3826 3044 uinci;

2245 3073 2340 3127 καὶ
2365 3073 2457 3127 ἀπ’
2485 3073 2700 3136 εὐθείας
2727 3073 2788 3125 οὐ
2820 3073 3119 3143 δυνάμενος
3146 3073 3239 3126 τὸν
3264 3073 3501 3144 Χριστὸν
3528 3071 3665 3124 Θεὸν
3689 3072 3825 3127 ἀνα·

2245 3164 2566 3235 κηρύττειν.
2600 3164 2833 3235 ἐπείπερ
2875 3164 3037 3219 αὐτὸν
3065 3165 3173 3235 πρὸ
3203 3164 3384 3233 ὀλίγου
3409 3162 3828 3235 σταυρώσαντες

2244 3252 2406 3325 ἦσαν,
2426 3256 2520 3309 καὶ
2546 3255 2684 3327 βαρὺ
2706 3258 2890 3320 αὐτοῖς
2909 3256 2999 3311 διὰ
3023 3255 3183 3311 τοῦτο
3200 3257 3262 3311 τὸ
3288 3258 3523 3328 πρᾶγμα
3547 3254 3824 3325 ἑφαίνετο,

2247 3346 2476 3418 κρύπτω
2505 3347 2572 3400 τὸ
2599 3348 2897 3420 ἄγκιστρον
2923 3348 3020 3405 τοῦ
3052 3348 3247 3416 λόγου,
3288 3348 3549 3419 καθάπερ
3593 3348 3685 3401 ἐπὶ
3716 3344 3828 3403 τῶν

2248 3440 2447 3509 ἰχθύων
2492 3442 2558 3510 τῇ
2604 3441 2814 3510 τροφῇ,
2848 3442 2963 3503 τοῖς
2996 3439 3419 3511 ταπινωτὲροις
3459 3438 3674 3502 τούτοις
3724 3438 3825 3508 ῥή-

2249 3548 2418 3604 μασι,
2471 3530 2565 3583 καὶ
2616 3530 2708 3583 τὸν
2760 3529 2965 3600 Ἰησοῦν
3011 3530 3338 3602 Ναζωραῖον
3394 3529 3674 3599 ὀνομάζω,
3732 3530 3827 3585 καὶ

2246 3621 2687 3692 ἐσταυρωμένον,
2720 3622 2818 3677 καὶ
2849 3623 2932 3677 ὅτι
2960 3624 2987 3677 ὀ
3015 3623 3147 3685 Θεὸς
3178 3623 3402 3692 ἦγειρεν
3440 3621 3604 3674 αὐτὸν
3632 3621 3700 3675 ὲκ
3743 3637 3828 3671 νε-

2247 3714 2416 3784 κρῶν,
2475 3713 2569 3767 καὶ
2617 3712 2763 3769 οὓτω
2822 3714 3253 3785 κεκαλυμμένως
3299 3713 3540 3782 εἰσφέρω
3587 3713 3683 3764 καὶ
3730 3711 3830 3781 τὴν

2248 3804 2525 3872 θεολογίαν
2576 3803 2780 3869 αὐτοῦ,
2821 3805 2917 3860 καὶ
2960 3805 3166 3874 ταύτην
3214 3806 3355 3875 μετὰ
3398 3821 3544 3866 τινος
3593 3803 3827 3872 τέχνηςο

2246 3896 2373 3959 τοὺς
2411 3896 2518 3967 γὰρ
2545 3896 2710 3949 Δαϐὶὸ
2760 3896 2959 3958 αὐτοὺς
3006 3896 3410 3966 ὑπομιμνήσκω
3436 3894 3651 3964 λόγους,
3679 3892 3830 3946 ἐπεί.

2247 4006 2353 4059 περ
2392 3991 2461 4042 τὰ
2496 3987 2712 4041 ἐκείνου
2748 3987 2947 4058 μᾶλλον
2976 3988 3303 4050 ἀνυπόπτως
3334 3986 3596 4057 ἐδέχοντο,
3623 3985 3722 4040 καὶ
3760 3986 3829 4038 δι’

2248 4080 2473 4137 ἐκείνων
2520 4079 2685 4133 πάλιν
2731 4082 2799 4151 τῇ
2843 4078 2940 4133 τοῦ
2986 4078 3122 4133 Θεοῦ
3166 4078 3394 4149 δυνάμει
3435 4078 3498 4131 τὸ
3549 4079 3659 4131 πᾶν
3701 4078 3830 4131 ἁνα-

2248 4171 2474 4245 τίθημι,
2510 4172 2598 4224 ἵνα
2624 4171 2767 4228 οὕτω
2805 4172 2945 4226 κατὰ
2976 4170 3173 4241 μικρὸν
3198 4171 3396 4234 αὐτοὺς
3426 4170 3830 4236 καταδέξασθαι

2247 4263 2460 4331 ποιήσω
2482 4262 2542 4315 τὸ
2572 4263 2843 4337 σωτήριον
2871 4262 3165 4332 κήρυγμα·
3190 4254 3251 4317 οὗ
3280 4260 3347 4335 δὴ
3378 4261 3697 4330 γενομένου,
3732 4259 3829 4312 καὶ

2248 4354 2326 4415 είς
2370 4352 2663 4417 κατανυξιν
2717 4352 2983 4409 ἐλθόντων
3029 4352 3231 4418 αὐτῶν,
3284 4351 3668 4422 φανερώτερόν
3706 4366 3829 4412 πως

2249 4445 2415 4499 αὑτὸν
2441 4444 2630 4498 λοιπὸν
2657 4443 2788 4497 Θεὸν
2820 4443 3077 4510 ἐπιδείξω
3101 4443 3186 4499 διὰ
3208 4446 3305 4515 τῆς
3331 4443 3427 4497 τοῦ
3455 4442 3830 4513 βαπτίσματος

570 4537 883 4599 conferendi
916 4537 1289 4603 indictionem,
1313 4537 1512 4597 docens
1538 4536 1698 4593 simul
1724 4538 1776 4595 vi
1826 4538 1987 4611 hujus
2022 4537 2138 4595 ﬁeri

2248 4538 2437 4592 τούτου
2460 4539 2542 4601 είς
2564 4538 2625 4591 τὸ
2642 4538 2813 4607 ὄνομα
2826 4538 2993 4593 αὑτοῦ
3023 4538 3398 4610 προστάξεως,
3425 4538 3621 4606 ἄφεσιν
3645 4539 3830 4607 αμαρ-

571 4640 913 4701 peccatorum
932 4631 1334 4690 remissionem.

642 4719 738 4791 2|,
758 4719 927 4782 Porro
956 4720 1326 4779 animadverte
1354 4721 1703 4791 apostolicam
1776 4723 2138 4794 prudentiam.

578 4830 604 4872 ι
636 4810 821 4875 Jesum
852 4811 985 4867 dicit
1020 4811 1576 4876 Nazarenam,virum
1602 4814 1957 4883 approbatum
1987 4830 2013 4867 a
2035 4815 2143 4869 Deo

576 4904 714 4959 inter
743 4917 839 4961 vos
868 4903 1162 4963 virtutibus
1200 4912 1250 4961 et
1285 4902 1476 4985 144k
1492 4905 1753 4975 prodigiis
1786 4913 1950 4974 atque
1976 4907 2146 4975 signis

572 5008 693 5065 quae
734 5007 829 5061 per
859 5008 979 5049 eum
1008 4993 1135 5053 fecit
1165 4993 1308 5054 Deus
1336 4995 1391 5053 in
1419 4995 1598 5051 medio
1654 4996 1885 5053 vestri‘.
1919 5015 1939 5048 ι
1992 4995 2059 5050 Ει
2114 5013 2143 5051 a

575 5082 696 5144 Deo.
719 5084 1072 5157 approbatum
1096 5086 1248 5153 dicit,
1272 5097 1326 5142 et
1362 5088 1529 5145 Deum
1565 5089 1675 5143 haec
1701 5102 1797 5158 per
1824 5088 1973 5143 illum
2000 5091 2144 5160 egis-

573 5191 655 5241 se,
693 5188 749 5231 ut
790 5177 949 5239 Patre
980 5179 1259 5238 nominato
1287 5181 1642 5250 persuaderet
1674 5180 1778 5239 illis
1830 5196 1938 5249 quo
1969 5181 2144 5250 ipsum

573 5280 788 5336 quoque
834 5266 1013 5333 ipsum
1046 5278 1208 5338 atque
1262 5267 1380 5343 eius
1421 5283 1586 5343 opera
1621 5268 1992 5333 admitterent,
2049 5285 2146 5325 ceu

575 5358 687 5419 illo.
718 5359 768 5413 id
796 5370 878 5419 est
898 5358 1074 5424 Patre,
1102 5360 1416 5435 hacagente
1433 5374 1528 5435 per
1548 5358 1778 5417 Filium:
1804 5376 1822 5409 ‹
1845 5357 1973 5431 Qua:
1993 5357 2146 5426 fecit,

574 5449 669 5512 ait,
703 5465 798 5519 per
833 5451 1005 5523 ipsum
1041 5452 1202 5507 Deus.
1234 5471 1257 5509 ι,
1282 5452 1481 5519 Deinde
1515 5461 1815 5516 memorata
1852 5465 2035 5516 cruce,
2066 5465 2148 5506 re-

646 5632 692 5665 ⁸⁸
718 5629 910 5687 Matth.
943 5645 1057 5694 xu,
1094 5631 1181 5685 15.
1256 5633 1299 5663 ”
1326 5632 1441 5685 Act.
1477 5648 1532 5698 ll,
1567 5628 1600 5687 6
1626 5644 1784 5702 seqq.
1846 5633 1875 5717 ,ί
1901 5628 2029 5686 ibid.
2057 5629 2149 5686 9.9..

2252 4631 2381 4692 τιῶν
2432 4632 2612 4692 αὐτοῖς
2656 4629 2848 4683 τούτου
2884 4630 3201 4702 χαρίζεσθαι
3247 4631 3547 4700 δυναμένου
3587 4629 3828 4695 διδάξας.

2321 4723 2427 4778 κα’.
2471 4724 2577 4781 Καὶ
2602 4724 2703 4794 ὅρα
2732 4723 2945 4777 σύνεσιν
2978 4724 3338 4793 ἀποστολικήν
3361 4740 3374 4752 ·
3412 4742 3430 4773 ι
3469 4720 3700 4791 Ἰησοῦν,
3735 4737 3831 4789 (ρη-

2256 4817 2363 4880 σὶν,
2388 4814 2477 4868 τὸν
2524 4816 2864 4887 Ναζωραῖον,
2897 4816 3064 4887 ἄνδρα
3102 4814 3556 4884 ἀποδεδειγμένον
3585 4814 3695 4867 ἀπὸ
3732 4810 3827 4865 τοῦ

2253 4906 2388 4960 Θεοῦ
2416 4907 2491 4968 είς
2525 4906 2669 4975 ὑμᾶς
2694 4906 2955 4975 δυνάμεσι
2984 4906 3078 4963 καὶ
3101 4905 3291 4977 τέρασι
3328 4907 3419 4957 καὶ
3454 4904 3726 4974 σημείοις,
3751 4895 3827 4962 οἷς

2257 4997 2511 5067 ἐποίησεν
2539 4997 2605 5053 δι’
2632 4996 2800 5053 αὑτοῦ
2832 5000 2860 5052 ό
2886 4998 3019 5060 Θεὸς
3046 5000 3104 5050 ὲν
3138 4996 3287 5068 μέσῳ
3322 4996 3499 5067 ὑμῶν.
3537 5014 3555 5046 ι
3585 4994 3697 5048 Καὶ
3722 4992 3829 5047 ἀπὸ

2254 5091 2389 5147 Θεοῦ
2443 5092 2890 5164 ἀποδεδειγμένον
2922 5093 3088 5162 léyst,
3124 5092 3216 5147 καὶ
3263 5090 3355 5144 τὸν
3394 5090 3529 5142 Θεὸν
3550 5088 3727 5143 ταῦτα
3765 5086 3826 5140 δι’

2257 5183 2421 5241 αὑτοῦ
2450 5185 2821 5254 ἐνεργήσαντα
2847 5226 2860 5246 ,
2892 5185 2978 5238 ἵνα
3003 5187 3068 5255 τῇ
3111 5183 3204 5237 τοῦ
3236 5182 3445 5253 Πατρὸς
3490 5180 3829 5251 προσηγορίᾳ

2258 5274 2423 5345 πείσῃ
2442 5275 2662 5339 αὐτοὺς,
2686 5276 2780 5329 καὶ
2797 5276 2958 5328 αὑτὸν
2972 5273 3061 5327 τὸν
3079 5273 3284 5346 Ἰησοῦν
3304 5274 3397 5325 καὶ
3420 5273 3489 5325 τὰ
3511 5272 3647 5343 ἔργα
3667 5268 3826 5325 αὐτοῦ

2256 5365 2673 5429 καταδέξασθαι,
2705 5367 2780 5430 ὡς
2808 5367 3018 5419 ἐκείνου
3044 5366 3110 5418 δι’
3140 5364 3308 5419 αὐτοῦ
3332 5364 3503 5417 ταῦτα
3531 5362 3825 5420 ποιοῦντος.
3860 5420 3865 5423 ,

2254 5455 2398 5525 λέγω
2426 5456 2489 5529 δὴ
2521 5458 2611 5512 τοῦ
2651 5460 2890 5529 Πατρό;’
2930 5478 2946 5509 ι
2976 5451 3070 5522 Οἷς
3094 5456 3345 5527 ἐποίησεν
3379 5455 3505 5525 γὰρ,
3540 5452 3729 5524 φησὶν,
3766 5447 3849 5501 δι”

3848 5694 3872 5729 Ι

648 5795 725 5881 εἰ)
762 5794 907 5859 uane
954 5792 1360 5865 signiﬁcalivam
1414 5792 1521 5853 vim
1563 5794 1724 5850 habet
1778 5792 1875 5851 hoc
1930 5793 2047 5849 loco
2086 5793 2305 5853 Ctt'arrus
2342 5791 2598 5846 articulus
2631 5794 2678 5857 ό,
