4088 6518
558 418 670 477 283

1589 425 1648 478 S.
1689 419 1967 478 CYRILLI
2004 421 2472 478 ALEXANDBINI
2509 425 2827 481 ARCHIEP.

3716 418 3843 475 284

634 538 726 593 25.
774 537 896 593 Jam
940 540 987 595 si
1035 540 1217 597 dicere
1272 553 1523 613 pergant,
1559 559 1796 612 quonam
1844 545 2139 613 Scriptum

2312 552 2418 613 κγ’.
2464 546 2526 598 El
2556 546 2614 599 δὲ
2643 545 2955 614 ἐπιμένοιεν
2991 544 3267 612 λέγοντες,
3302 540 3411 596 Ποῦ
3454 542 3553 612 τῆς
3600 537 3844 610 Γῳφῆς

563 628 684 685 loco
719 628 877 700 Virgo
906 631 1205 701 appelletur
1229 634 1489 703 Dcipara,
1547 637 1769 689 audiant
1797 639 1895 692 hoc
1923 638 2135 706 perspi-

567 736 668 775 cue
700 722 1035 778 nuntiantem
1074 727 1388 793 pastoribus
1419 728 1690 797 angelum,
1723 730 2134 797 dicentemque:

577 832 597 864 ‹
632 812 769 879 Quia
804 825 961 869 natus
986 828 1071 870 est
1102 818 1254 872 vobis
1278 818 1434 871 hodie
1454 818 1722 884 Salvator,
1750 822 1839 890 qui
1870 831 1947 876 est
1982 821 2141 876 Chri-

568 914 687 959 stus
713 904 979 961 Dominus
1003 909 1046 961 ⁷.
1086 926 1105 959 ι
1131 907 1247 963 Non
1281 910 1432 975 dicit,
1455 912 1552 976 Qui
1588 913 1693 966 erit
1717 911 1998 973 Dominus,
2032 913 2138 977 vel,

565 994 621 1049 lu
657 1012 765 1065 quo
786 996 1049 1053 Dominus
1080 1000 1420 1055 habitaturus
1437 1003 1530 1065 sit,
1558 1004 1705 1066 sed,¢
1736 1003 1938 1069 Quiest
1958 1004 2139 1059 Domi—

568 1101 691 1141 nus.
717 1106 738 1139 ι
771 1088 848 1141 En
886 1089 1051 1158 igitur
1080 1090 1364 1145 Dominum
1394 1095 1681 1148 manifeste
1709 1096 2142 1164 eum,quinatus

566 1181 976 1254 crae-angelus
1037 1184 1271 1237 nuntiat.
1330 1184 1534 1239 Deinde
1594 1194 1850 1254 tanquam
1924 1187 2139 1257 signum

567 1271 846 1338 spectandi
891 1288 1012 1327 mox
1038 1273 1249 1329 Domini
1286 1276 1415 1344 ipsis
1450 1277 1735 1342 exhibens,
1772 1296 1791 1329 ι
1832 1276 2140 1343 Invenietis,

573 1361 769 1432 inquit,
807 1363 1130 1418 infantulutn
1167 1365 1354 1421 fasciis
1398 1368 1699 1422 involutum
1742 1380 1799 1423 et
1835 1371 1886 1423 in
1914 1371 2140 1441 prmsepi

570 1454 805 1522 positum
826 1455 868 1510 ⁸.
898 1474 916 1507 ι
946 1455 1099 1509 Paria
1130 1457 1319 1527 angelo
1341 1458 1532 1513 Petrus
1562 1474 1777 1529 quoque
1810 1460 2138 1528 praedicans,

570 1561 696 1600 cum
728 1546 795 1599 ad
834 1547 1145 1601 Cornelium
1191 1551 1445 1615 accessit,
1474 1551 1688 1607 aiebat:
1724 1569 1743 1603 σ
1778 1551 2015 1606 Verbum
2044 1552 2146 1606 tui-

572 1637 646 1691 sit
701 1638 826 1692 filiis
862 1638 1083 1694 ulsraelis
1112 1681 1128 1705 ,
1183 1656 1369 1709 pacem
1410 1642 1664 1697 nuntians
1707 1658 1804 1712 per
1866 1644 2143 1698 Christum

571 1725 779 1783 Jesum.
824 1727 921 1784 llic
949 1741 1033 1785 est
1069 1732 1312 1785 omnium
1368 1733 1632 1787 Dominus
1660 1735 1701 1786 '.
1743 1752 1757 1786 ι
1790 1733 1985 1788 Cernis
2015 1751 2145 1802 quo-

573 1816 733 1871 modo
796 1819 1039 1884 verbum,
1074 1835 1170 1887 pro
1188 1820 1413 1875 salutari
1459 1822 1859 1890 praedicatione,
1910 1838 2007 1890 per
2051 1821 2132 1877 Je-

2243 637 2503 701 Θεοτόκος
2532 640 2564 707 ἡ
2592 635 2868 707 Παρθένος
2894 634 3205 704 ὠνόμασται
3227 652 3241 701 ;
3265 634 3622 687 ἀκουέτωσαν
3640 629 3843 697 σαφῶς

2241 726 2401 780 τοῦτο
2438 726 2533 779 τοῦ
2564 726 2796 796 ἀγγέλου
2840 730 2955 788 τοῖς
3001 725 3257 796 ποιμέσιν
3307 722 3838 792 εὐαγγελιζομένου,

2243 821 2337 871 καὶ
2365 818 2616 886 λέγοντος
2642 857 2656 881 ,
2693 838 2711 870 ι
2748 819 2871 872 Ὀτι
2913 817 3105 887 ἐτέχθη
3138 817 3270 887 ὑμῖν
3314 817 3557 885 σήμερον
3589 812 3791 881 Σωτὴρ
3820 849 3838 871 ν

2242 913 2297 974 ὃς
2326 913 2472 965 ἐστιν
2502 911 2734 981 Χριστὸς
2757 909 2982 981 Κύριος*
3012 930 3029 963 ι
3062 912 3124 963 ού
3153 910 3303 976 λέγει
3326 908 3512 972 δέ,⁸ος
3539 906 3694 958 ἔσται
3713 904 3843 957 Κύ-

2245 1004 2450 1074 ριος,ἦ,
2488 1004 2574 1056 Ἐν
2596 996 2639 1070 ᾧ
2665 1001 2911 1071 όΚύριος
2932 1001 3237 1073 ἐνοικήσειν
3267 999 3471 1069 μέλλει,
3501 995 3640 1058 ἀλλ’,
3672 1014 3691 1044 ‹
3726 994 3838 1055 Ὃς

2244 1099 2390 1149 ἐστιν
2410 1096 2634 1166 Κύριος.
2669 1115 2686 1147 ›
2734 1095 2886 1149 Ἰίδοὺ
2917 1095 3094 1148 τοίνυν
3120 1092 3323 1163 Κύριον
3346 1088 3600 1160 φανερῶς
3628 1086 3720 1139 τὸν
3741 1101 3841 1136 τε·

2245 1188 2441 1258 χθέντα
2472 1189 2499 1240 6
2527 1188 2758 1256 ἄγγελος
2804 1185 3253 1254 εὐαγγελίζεταιο
3302 1179 3421 1235 εἶτα
3457 1181 3555 1234 καὶ
3599 1179 3838 1248 σημεῖον

2244 1277 2434 1347 ὥσπερ
2478 1279 2662 1341 αὐτοῖς
2712 1279 2813 1349 τῆς
2869 1277 2964 1332 τοῦ
2993 1278 3203 1350 Κυρίου
3261 1276 3389 1339 θέας
3429 1272 3842 1346 παρεχόμενος.

2250 1387 2269 1420 ι
2299 1371 2592 1440 Εὑρήσετε,
2646 1372 2837 1439 φησιν,
2895 1369 3094 1441 βρέφος
3136 1366 3673 1439 ἐσπαργανωμένον,
3733 1362 3840 1416 καὶ

2245 1461 2493 1532 κείμενον
2524 1463 2581 1515 ἐν
2610 1463 2806 1533 φάτνῃ.
2846 1480 2864 1513 ι
2903 1460 3273 1531 Παραπλήσιά
3293 1477 3353 1513 τε
3382 1458 3463 1528 τῷ
3487 1456 3708 1525 ἀγγέλῳ
3737 1457 3842 1506 καὶ

2244 1554 2272 1605 6
2294 1553 2497 1624 Πέτρος
2517 1553 2822 1623 κηρύττων,
2843 1553 2930 1606 ὅτε
2948 1553 3085 1623 πρὸς
3109 1552 3201 1605 τὸν
3223 1550 3526 1621 Κορνήλιον
3550 1546 3836 1615 εἰσῆλθεν,

2245 1642 2460 1711 ἔλεγεν·
2510 1664 2528 1694 ι
2565 1643 2670 1696 Τὸν
2702 1642 2861 1709 λόγον
2896 1641 3219 1695 ἀπέστειλεν
3261 1644 3375 1702 τοῖς
3404 1641 3542 1701 υἱοῖς
3588 1635 3837 1706 Ἰσραὴλ,

2246 1732 2733 1803 εὐαγγελιζόμενος
2769 1733 2995 1804 εἰρήνην
3024 1732 3112 1786 διὰ
3146 1729 3322 1799 Ἰησοῦ
3362 1727 3605 1800 Χριστοῦ
3626 1743 3642 1757 ο
3672 1717 3841 1787 οὗτός

2248 1826 2364 1878 ἐστι
2398 1824 2601 1896 Κύριος
2650 1825 2888 1879 πάντων.
2922 1844 2940 1875 ι
2992 1824 3151 1893 Ὁρᾷς
3192 1822 3309 1884 πῶς
3353 1822 3445 1873 τὸν
3492 1820 3674 1887 λόγον,
3711 1816 3841 1870 ἀντὶ

570 1922 690 1961 sum
735 1907 1012 1962 Christum
1055 1910 1279 1964 missum
1326 1912 1493 1964 fuisse
1543 1912 1715 1965 dicit?
1773 1911 1985 1984 144m
2037 1913 2141 1966 De-

2250 1914 2341 1967 τοῦ
2381 1914 2442 1966 τὸ
2478 1893 2747 1985 σωτήριον
2793 1915 3056 1984 κήρυγμα
3087 1912 3176 1963 διὰ
3214 1910 3391 1978 Ἰησοῦ
3440 1907 3682 1980 Χριστοῦ
3724 1907 3843 1963 ἀπ-

572 2007 990 2068 monstransque
1030 2000 1159 2063 illis,
1200 2002 1452 2069 quisnam
1487 2012 1628 2055 esset
1658 2001 1817 2057 Jesus
1866 2004 2142 2069 Christus,

576 2106 597 2138 ι
643 2088 741 2143 llic
769 2098 872 2155 est,
931 2093 1027 2158 ait,
1065 2096 1307 2147 omnium
1341 2093 1624 2147 Dominus.
1670 2113 1690 2145 ι
1732 2092 1923 2149 Viden‘
1958 2093 2142 2148 infau-

573 2184 743 2237 tulum
784 2193 894 2237 tum
943 2186 1009 2239 ab
1042 2186 1234 2256 angelo
1268 2196 1376 2241 tutn
1407 2203 1437 2241 a
1477 2186 1640 2242 Petro
1682 2186 1971 2242 Dominum
2001 2189 2146 2241 dici?

574 2274 717 2345 Ergo
751 2274 978 2345 Deipara
1014 2279 1239 2331 omnino
1289 2287 1373 2332 est
1428 2294 1549 2347 qua-
1597 2279 1879 2333 Dominum
1913 2282 2144 2349 peperit.

2248 2002 2505 2057 εστάλθαι
2536 2003 2701 2073 φησίς
2730 2003 2823 2056 καὶ
2858 2001 3075 2064 δεικνὺς
3130 2002 3314 2064 αὐτοῖς
3358 2001 3445 2063 τίς
3489 2000 3578 2069 εἴη
3625 1996 3838 2066 Ἰησοῦς

2247 2094 2502 2165 Χριστὸς,
2525 2114 2543 2145 ι
2570 2088 2740 2157 Οὗτός
2765 2096 2931 2155 ἐστιν,
2956 2092 3083 2162 ἔφη,
3113 2092 3332 2146 πάντων
3354 2091 3584 2161 Κύριος.
3606 2089 3839 2158 »ιὈρᾷς

2245 2186 2308 2238 τὸ
2335 2184 2553 2255 βρέφος,
2582 2185 2790 2257 Κύριον
2816 2186 2909 2239 καὶ
2941 2186 3044 2239 ὑπὸ
3071 2185 3165 2238 τοῦ
3196 2184 3453 2252 ἀγγέλου,
3483 2182 3580 2236 καὶ
3610 2181 3717 2233 ὑπὸ
3740 2179 3836 2232 τοῦ

2248 2276 2457 2347 Πέτρου
2493 2276 2591 2348 [ita
2621 2286 2848 2346 uterque
2872 2277 3039 2332 codex
3058 2277 3175 2331 sine
3204 2273 3396 2346 verbo]
3419 2292 3432 2341 ;
3460 2271 3676 2327 Οὐκοῦν
3700 2271 3839 2323 Θεοο

571 2365 663 2421 Sic
716 2366 885 2435 ipsam
938 2367 1102 2422 etiam
1155 2368 1301 2423 beati
1351 2368 1605 2436 Baptista:
1665 2379 1887 2434 mater,
1938 2372 2146 2439 Spiritu

2249 2368 2406 2431 τόκος
2435 2367 2820 2438 ἀναμφιϐόλως
2850 2370 2883 2439 ή
2911 2369 3005 2421 τὸν
3033 2367 3237 2435 Κύριον
3261 2367 3595 2435 γεννήσασα.
3643 2363 3835 2425 Οῦτως

571 2468 762 2513 sancto
793 2468 1064 2527 permota,
1093 2459 1405 2528 appellavit.
1438 2478 1456 2511 ι
1487 2460 1712 2527 Repleta
1747 2471 1829 2514 est
1860 2464 2025 2527 enim,
2062 2462 2147 2515 in-

574 2550 695 2619 quit
728 2549 1033 2617 Scriptura,
1069 2550 1345 2604 Elisabeth
1379 2551 1582 2620 Spiritu
1635 2561 1845 2620 sancto,
1883 2562 1939 2607 et
1965 2552 2150 2607 excla-

576 2640 747 2693 mavit
771 2652 786 2691 :
810 2637 1107 2694 Benedicta
1154 2650 1208 2695 tu
1251 2642 1392 2696 inter
1426 2642 1706 2708 mulieres,
1744 2652 1800 2697 ct
1835 2645 2149 2700 benedictus

576 2730 788 2785 fructus
831 2732 1039 2786 ventris
1083 2733 1182 2788 tui.
1250 2733 1315 2787 Et
1346 2734 1487 2789 unde
1526 2735 1628 2790 hoc
1675 2737 1825 2804 mihi,
1871 2746 1928 2790 ut
1976 2749 2150 2792 mater

576 2822 793 2878 Domini
840 2825 943 2878 mei
977 2823 1162 2879 veniat
1192 2824 1258 2879 ad
1307 2826 1430 2879 me?
1467 2846 1485 2878 ι
1522 2826 1654 2893 Quis
1686 2827 1797 2895 jam
1836 2833 1969 2884 adeo
2000 2830 2147 2885 insa-

576 2915 711 2977 niat,
757 2925 815 2969 ut
853 2915 987 2970 nolit
1029 2932 1154 2971 cum
1198 2916 1510 2987 Evangeliis
1543 2919 1828 2988 Deiparam
1877 2920 2151 2989 appellare

575 3019 816 3062 sanctam
847 3006 1166 3076 Virginem?
1208 3008 1284 3063 Ne
1317 3024 1446 3081 ergo
1488 3010 1881 3080 sitnpliciorum
1928 3015 2153 3069 auribus

576 3100 686 3153 sint
729 3098 962 3165 molesti,
989 3101 1113 3153 duttt
1159 3116 1385 3169 puerum
1426 3110 1481 3155 et
1518 3101 1847 3156 infantulum
1884 3103 2149 3171 vocitant,

2250 2460 2421 2530 αὐτὴν
2465 2459 2625 2531 καὶὴ
2676 2461 2771 2513 τοῦ
2821 2463 3094 2531 μακαρίου
3140 2459 3447 2514 Βαπτιστοῦ
3503 2461 3689 2530 μήτηρ
3729 2456 3840 2509 ὑπὸ

2249 2552 2566 2622 Πνεύματος
2590 2553 2745 2620 ἁγίου
2777 2552 3069 2622 κινουμένη
3097 2554 3569 2623 προσηγόρευσεν*
3596 2570 3613 2602 ι
3640 2549 3840 2616 Ἐπλήο

2256 2644 2357 2715 σθη
2398 2644 2528 2715 γὰρ,
2566 2645 2752 2715 φησιν,
2780 2645 2814 2714 ή
2859 2644 3143 2700 Ἐλισάϐετ
3177 2643 3499 2713 Πνεύματος
3539 2641 3840 2710 ἀγίου,καὶ

2250 2736 2543 2807 ἀνεϐόησεν
2563 2752 2576 2765 ·
2610 2736 2964 2806 Εὐλογημένη
2996 2737 3061 2789 σὺ
3105 2738 3163 2788 ἐν
3211 2735 3449 2803 γυναιξὶ,
3481 2735 3576 2788 καὶ
3602 2734 3837 2801 εὐλογη-

2254 2829 2413 2899 μένος
2435 2828 2463 2881 ό
2484 2828 2694 2898 καρπὸς
2714 2827 2811 2896 τῆς
2835 2827 3044 2890 κοιλίας
3068 2843 3184 2880 σου·
3213 2827 3306 2879 καὶ
3336 2824 3503 2878 πόθεν
3535 2841 3625 2894 μοι
3651 2822 3834 2885 τοῦτο,

2249 2920 2339 2972 ἵνα
2377 2921 2411 2987 ή
2466 2919 2647 2988 μήτηρ
2684 2917 2779 2970 τοῦ
2807 2918 3015 2988 Κυρίου
3055 2935 3157 2987 μου
3192 2917 3322 2988 ἔλθῃ
3358 2917 3497 2985 πρός
3534 2933 3634 2986 με;
3674 2935 3694 2967 ι
3739 2915 3835 2978 Τίς

2253 3012 2345 3064 ἐπὶ
2393 3009 2645 3063 τοσοῦτον
2688 3010 2951 3081 μέμηνεν,
3007 3009 3082 3072 ὡς
3118 3009 3191 3080 μὴ
3219 3008 3510 3079 βούλεσθαι
3548 3008 3694 3079 μετά
3731 3008 3838 3060 τῶν

2253 3102 2604 3172 Εύαγγελίων
2652 3101 2915 3156 Θεοτόκον
2943 3102 3240 3156 ἀποκαλεῖν
3273 3102 3372 3173 τὴν
3421 3101 3585 3169 ἀγίαν
3619 3099 3835 3171 Παρθέ·

579 3206 650 3245 ne
682 3190 824 3245 forte
855 3191 1113 3260 paulatim
1140 3191 1450 3245 universum
1477 3208 1695 3262 quoque
1724 3194 1841 3264 ejus
1864 3198 2148 3251 adventum

2255 3212 2379 3260 νον;
2426 3193 2517 3264 Μὴ
2542 3194 2719 3247 τοίνυν
2748 3193 2856 3247 τῶν
2880 3194 3281 3264 ἀκεραιοτέρων
3316 3194 3416 3256 τὰς
3443 3193 3614 3256 ἀκοὰς
3675 3191 3837 3262 θορυ-

578 3291 893 3351 pernegent.
938 3281 1265 3336 Nominatus
1301 3295 1386 3338 est
1425 3284 1571 3338 enim
1619 3283 1916 3340 infantulus
1950 3286 2017 3340 ab
2050 3304 2146 3341 an-

580 3375 718 3447 gelo,
752 3374 845 3429 sed
877 3373 1038 3429 simul
1073 3375 1355 3433 Dominus.

652 3694 746 3749 24.
781 3692 965 3761 Neque
1012 3690 1114 3746 hoc
1152 3690 1268 3745 loco
1320 3704 1510 3744 rursus
1557 3689 1993 3754 obtnurmurent,
2034 3705 2158 3758 pas-

580 3786 793 3842 sionem
822 3783 1144 3852 obiicientes
1170 3791 1223 3836 et
1254 3782 1733 3847 resurrectionem,
1759 3792 1815 3834 et
1838 3783 1979 3849 quod
2008 3782 2153 3838 Deus

582 3878 732 3934 illum
765 3875 1117 3932 suscitaverit
1140 3890 1154 3939 ;
1176 3874 1285 3940 jam
1317 3873 1463 3928 enim
1510 3873 1563 3927 itt
1600 3873 2033 3940 prmcedcntibus
2059 3875 2155 3929 tle-

580 3980 878 4026 monslrata
933 3968 1038 4021 fttit
1094 3966 1524 4035 diSpensationis
1584 3966 1747 4019 ratio.
1799 3967 2051 4020 Attamen
2110 3968 2157 4021 si

580 4062 723 4118 forte
761 4064 925 4116 velint
971 4060 1277 4115 evidentius
1316 4059 1494 4112 adhuc
1548 4058 1783 4120 discere,
1834 4058 1957 4125 quis
2012 4070 2161 4113 esset

581 4154 671 4208 ille
697 4154 1012 4218 crucifixus,
1040 4152 1264 4204 audiant
1295 4149 1481 4203 mundi
1530 4148 1836 4213 doctorem,
1870 4148 1922 4202 id
1956 4148 2154 4204 Corin-

580 4245 711 4300 thiis
736 4245 1068 4299 scribentem
1108 4260 1120 4294 :
1148 4260 1165 4291 ι
1204 4241 1314 4309 Ego
1339 4239 1506 4306 enim,
1539 4240 1736 4308 inquit,
1768 4242 1951 4309 accepi
1983 4257 2012 4294 a
2043 4240 2156 4295 Do-

583 4340 753 4401 mino,
789 4346 844 4392 et
871 4336 1025 4389 vobis
1062 4333 1284 4394 tradidi,
1312 4332 1572 4401 quoniam
1613 4332 1873 4387 Dominus
1900 4331 2060 4387 Iesus
2100 4333 2153 4387 in

581 4446 687 4496 qua
720 4439 877 4483 nocte
906 4426 1244 4484 tradebatur,
1265 4426 1476 4494 accepit
1499 4438 1693 4493 panem
1722 4424 1785 4489 ”,
1820 4435 1899 4479 iet
1925 4425 2148 4493 reliqua.

580 4519 776 4574 Cernis
824 4535 947 4571 eum
996 4515 1086 4583 qui
1139 4529 1235 4581 pro
1289 4514 1446 4568 nobis
1494 4529 1688 4582 passus
1726 4524 1834 4579 est,
1868 4512 2154 4567 Dominum

582 4612 759 4681 palam
794 4606 1178 4679 praedicatum?
1217 4604 1365 4670 Quod
1390 4606 1434 4659 si
1466 4605 1655 4670 verba,
1682 4624 1701 4657 ι
1742 4604 1887 4659 Deus
1918 4605 2089 4675 ipsum
2127 4620 2157 4659 e

584 4703 814 4757 mortuis
849 4699 1139 4755 suscitavit
1166 4698 1267 4759 “,i
1308 4696 1637 4751 oll‘endiculo
1672 4697 1986 4750 hominibus
2010 4704 2156 4758 sunt,

584 4807 773 4866 utpote
795 4794 863 4849 de
900 4794 1120 4848 homine
1147 4789 1315 4854 dicta,
1349 4790 1521 4858 ipsum
1554 4790 1733 4844 adhuc
1762 4789 1985 4843 audiant
2012 4790 2159 4856 Apo-

584 4890 782 4946 stolum
818 4889 958 4943 hanc
984 4900 1201 4957 quoque
1234 4883 1596 4953 suspicionem
1635 4882 2018 4949 perimeutem.
2058 4882 2158 4935 Se-

584 4981 819 5035 cundutn
841 4978 986 5033 enim
1021 4976 1447 5046 dispensationis
1479 4975 1744 5027 rationem
1788 4973 1901 5026 haec
1938 4972 1989 5025 iu
2023 4987 2157 5025 san-

586 5073 691 5125 ctis
723 5071 870 5123 dicta
906 5078 1033 5122 sunt
1074 5067 1397 5136 Scripturis.
1434 5063 1567 5118 Nam
1600 5064 1742 5131 quod
1770 5061 2033 5115 Dominus
2067 5078 2155 5115 es-

587 5173 670 5217 set
704 5163 749 5215 is
773 5163 861 5229 qui
894 5162 945 5213 in
979 5175 1147 5214 carne
1179 5173 1373 5227 passus
1404 5165 1489 5211 est
1511 5167 1565 5208 et
1597 5154 1919 5216 resurrexit,
1950 5163 2002 5207 ct
2027 5168 2153 5217 non,

589 5266 646 5308 ιιι
679 5254 761 5308 isti
786 5254 963 5316 aiunt,
991 5252 1155 5304 homo
1183 5247 1388 5302 habens
1416 5244 1656 5300 Verbum
1693 5243 2023 5303 inhabitans,
2057 5259 2155 5295 au—

590 5349 739 5405 diant
772 5343 999 5403 Paulum
1034 5340 1298 5397 Romanis
1326 5339 1399 5392 ita
1434 5338 1499 5392 de
1540 5337 1852 5390 Abt-altamo
1883 5336 2160 5389 conliden-

592 5449 673 5494 ter
723 5438 1049 5493 scribentem
1090 5451 1104 5487 :
1159 5452 1178 5495 ς
1227 5432 1342 5485 Νοιι
1399 5431 1520 5499 ejus
1570 5444 1734 5484 causa
1791 5428 2163 5481 tantummodo

595 5531 792 5598 scripta
841 5536 967 5583 sunt
1010 5526 1146 5588 haec,
1194 5523 1288 5577 sed
1337 5522 1504 5576 etiam
1560 5526 1782 5588 propter
1819 5532 1937 5580 nos,
1969 5517 2167 5585 quibus

598 5621 990 5691 reputabuntur
1036 5612 1387 5670 credentibus
1423 5612 1476 5667 itt
1511 5626 1657 5675 eum,
1695 5610 1785 5679 qui
1828 5606 2014 5662 Jcsum
2067 5608 2170 5661 Do-

684 5852 699 5879 τ
726 5848 857 5905 Luc.
892 5860 952 5911 tt,
988 5843 1068 5899 ll.
1148 5844 1168 5873 ⁸
1194 5842 1323 5897 ibid.
1356 5841 1437 5896 l2.
1534 5842 1554 5872 ⁹
1578 5841 1695 5896 Acl.
1727 5854 1778 5908 ι,
1811 5839 1896 5894 56.

2258 3286 2546 3351 ϐείτωσαν,
2582 3285 2793 3339 παιδίον
2841 3286 2935 3337 καὶ
2979 3284 3178 3356 βρέφος
3206 3285 3565 3355 ὀνομάζοντες
3588 3325 3602 3350 ,
3635 3284 3726 3337 ἵνα
3766 3282 3837 3351 μὴ

2256 3375 2378 3426 κατ’
2409 3373 2589 3443 ὀλίγον
2621 3374 2717 3427 καὶ
2764 3375 2945 3427 πᾶσαν
2975 3373 3143 3427 αὑτοῦ
3185 3375 3283 3443 τήν
3326 3373 3623 3443 ἐπιδημίαν
3672 3373 3837 3443 ἀρνή-

2259 3484 2487 3519 σωνται·
2524 3467 2838 3538 ὠνόμασται
2890 3467 2999 3539 γὰρ
3049 3466 3252 3538 βρέφος
3297 3466 3404 3520 ὑπὸ
3434 3465 3530 3518 τοῦ
3579 3463 3835 3532 ἀγγέλου,

2257 3558 2371 3611 ἀλλ’
2403 3558 2518 3629 ἅμα
2551 3560 2646 3613 καὶ
2676 3558 2900 3632 Κύριος.

2329 3690 2427 3743 κδ’.
2466 3689 2606 3760 Μηδ’
2639 3689 2695 3742 ἐν
2720 3688 2894 3759 τούτῳ
2920 3688 2977 3741 δὲ
3004 3687 3164 3740 πάλιν
3184 3686 3625 3757 ψιθυριζέτωσαν
3651 3702 3716 3738 το
3746 3694 3840 3737 πα·

2260 3781 2348 3844 θος
2384 3781 2835 3852 προϐαλλόμενοι,
2868 3779 2961 3833 καὶ
2993 3779 3094 3850 τήν
3124 3779 3443 3839 ἀνάστασιν,
3475 3777 3570 3830 καὶ
3600 3778 3682 3829 ὅτι
3712 3775 3839 3837 Θεὸς

2259 3873 2423 3925 αὑτὸν
2456 3873 2675 3943 ήγειρεν
2696 3887 2708 3901 ·
2740 3871 2841 3942 ήδη
2878 3870 2976 3940 μὲν
3002 3869 3112 3940 γὰρ
3136 3869 3230 3922 καὶ
3254 3871 3311 3921 ἐν
3336 3871 3450 3930 τοῖς
3474 3865 3836 3938 προλαϐοῦσιν

2260 3964 2637 4018 ἀποδέδεικται
2672 3963 2773 4032 τῆς
2814 3963 3128 4032 οἰκονομίας
3170 3962 3199 4013 6
3253 3960 3429 4028 λόγος.
3464 3958 3614 4028 Πλὴν
3666 3958 3718 4009 εί
3750 3956 3836 4009 καὶ

2262 4054 2640 4127 φανερώτερον
2673 4054 2965 4125 μανθάνειν
2986 4053 3286 4123 βούλονται,
3320 4053 3404 4115 τίς
3425 4053 3453 4104 ὁ
3486 4047 3837 4122 ἐσταυρωμέ-

2260 4165 2350 4211 νος
2375 4148 2643 4218 ύπήρχεν,
2679 4146 3031 4199 ἁκουέτωσαν
3066 4144 3161 4197 τοῦ
3197 4144 3296 4213 τῆς
3326 4141 3656 4213 οἰκουμένης
3694 4139 3834 4192 διδα-

2262 4239 2511 4301 σκάλου,
2565 4236 2723 4291 τοῦτο
2781 4236 3091 4308 Κορινθίοις
3143 4234 3585 4294 ἐπιστέλλοντος·
3643 4250 3659 4282 ι
3702 4227 3837 4297 Ἐγὼ

2261 4331 2392 4401 γὰρ,
2418 4331 2573 4399 φησὶ,
2598 4328 2909 4402 παρέλαϐον
2933 4327 3040 4381 ἀπὸ
3065 4325 3160 4379 τοῦ
3184 4326 3413 4395 Κυρίου,
3432 4325 3527 4376 καὶ
3549 4321 3838 4391 παρέδωκα

2262 4425 2412 4493 ὑμῖν,
2442 4424 2526 4475 ὃτι
2571 4423 2600 4475 6
2634 4421 2838 4491 Κύριος
2890 4419 3099 4488 Ἰησοῦς
3133 4421 3198 4488 τῇ
3239 4418 3395 4470 νυκτὶ
3504 4412 3835 4484 παρεδίδοτο,

2261 4519 2452 4571 ἔλαϐεν
2482 4518 2665 4586 ἄρτον,
2690 4535 2706 4567 ι
2731 4516 2823 4568 καὶ
2851 4514 2918 4567 τὰ
2946 4512 3092 4583 ἐξῆς.
3130 4512 3369 4580 Θεωρεῖς
3401 4508 3493 4560 τὸν
3522 4505 3622 4558 ύπέ
3632 4522 3663 4576 ρ
3688 4500 3836 4573 ήμῶν

2264 4610 2531 4674 παθόντα,
2566 4610 2772 4679 Κύριον
2818 4605 3067 4676 φανερῶς
3100 4602 3537 4675 κηρυττό’μενον;
3568 4600 3632 4650 Et
3667 4596 3727 4648 δέ
3752 4594 3836 4647 καὶ

2261 4704 2344 4768 τὸ,
2385 4721 2403 4753 t
2426 4702 2484 4755 Ὀ
2512 4701 2645 4765 Θεὸς
2679 4700 2842 4754 αὐτὸν
2887 4699 3108 4768 ἤγειρεν
3139 4697 3202 4749 ἐκ
3230 4692 3459 4764 νεκρῶν,
3493 4710 3510 4740 ι
3555 4686 3834 4742 σκανδαλί-

2265 4796 2345 4859 ζει
2369 4794 2495 4857 τοὺς
2535 4790 2880 4860 ἀνθρώπους,
2918 4789 2993 4850 ὡς
3035 4787 3163 4856 περὶ
3192 4784 3486 4855 ἀνθρώπου
3527 4782 3835 4850 λεγόμενον,

2266 4884 2435 4939 αὐτοῦ
2464 4882 2628 4936 πάλιν
2660 4880 2753 4934 τοῦ
2785 4878 3113 4932 Ἀποστόλου
3136 4877 3229 4929 καὶ
3259 4874 3463 4943 ταύτην
3496 4872 3836 4925 ἁκουέτωσαν

2266 4972 2614 5044 ἀναιροῦντος
2643 4970 2741 5041 τὴν
2777 4970 3030 5022 ὑπόνοιαν
3052 4985 3063 4997 ·
3100 4964 3462 5033 οἰκονομικῶς
3502 4964 3610 5033 γὰρ
3638 4962 3705 5015 τὰ
3740 4977 3836 5013 τοι·

2267 5064 2404 5118 αῦτα
2422 5065 2479 5116 ἐν
2505 5064 2623 5125 ταῖς
2654 5060 2836 5129 ἁγίαις
2854 5057 3483 5129 εἴρηταιΓραιραῖς.“υτι
3510 5054 3618 5122 γὰρ
3641 5052 3836 5125 Κύριος

2263 5152 2330 5227 ἦν
2355 5158 2380 5208 ό
2396 5157 2460 5225 τῇ
2484 5153 2646 5224 σαρκὶ
2665 5152 2761 5207 καλ⁵
2777 5151 3000 5220 πάσχων
3018 5151 3110 5203 καὶ
3126 5148 3507 5217 ἀνιστάμενος,
3520 5147 3615 5199 καὶ
3632 5146 3751 5214 οὐχ,
3771 5141 3836 5203 ὡς

2264 5246 2416 5300 αύτοί
2435 5262 2617 5314 φασιν,
2632 5243 2728 5297 ἀνθ
2738 5259 2914 5312 ρωπος
2929 5242 3198 5309 ἐνοίκησιν
3211 5240 3347 5308 ἔχων
3364 5237 3458 5290 τοῦ
3481 5237 3677 5304 Λόγου,
3693 5236 3837 5288 ἀκου-

2266 5339 2471 5391 έτωσαν
2490 5335 2585 5389 τοῦ
2606 5334 2817 5387 Παύλου
2833 5332 3283 5410 Ῥωμαίοιςοοῦτω
3308 5330 3595 5399 παρρησία
3620 5330 3838 5397 γράφον-

2265 5447 2356 5493 τος
2373 5430 2501 5499 περὶ
2525 5427 2620 5479 τοῦ
2656 5425 2905 5496 Ἀϐραάμ
2925 5442 2937 5454 ³
2969 5445 2985 5476 ι
3012 5425 3125 5477 Οὐκ
3140 5425 3355 5494 ἐγράφη
3377 5422 3627 5475 διἀύτὸν
3666 5420 3833 5491 μόνον,

2271 5520 2406 5574 ἀλλὰ
2423 5521 2518 5573 καὶ
2533 5520 2600 5572 δι’
2616 5519 2783 5590 ἡμᾶς,
2801 5514 2882 5579 οἷς
2900 5517 3080 5587 μέλλει
3098 5514 3411 5583 λογίζεσθαι
3428 5516 3544 5575 τοῖς
3563 5510 3835 5564 πιστεύου-

2271 5631 2354 5666 σιν
2386 5612 2479 5665 ἐπὶ
2512 5611 2603 5663 τὸν
2634 5609 2925 5679 ἐγείραντα
2960 5606 3171 5678 Ἰησοῦν
3206 5606 3297 5658 τὸν
3339 5604 3549 5675 Κύριον
3595 5600 3755 5673 ἡμῶν
3781 5600 3832 5651 ὲκ

2000 5841 2040 5870 ¹’³
2069 5838 2197 5892 Luc.
2235 5854 2271 5901 ι,
2306 5804 2494 5890 -ιι-ιδζ
2578 5832 2658 5885 “l
2699 5832 2820 5888 Cor.
2861 5848 2935 5899 χι,
2966 5830 3056 5885 25.
3138 5832 3177 5861 ”
3207 5830 3326 5883 Act.
3362 5844 3420 5893 tt,
3457 5826 3548 5880 ει.
