4088 6464
227 408 336 468 285

1330 408 1522 477 QUOD
1562 408 1622 465 B.
1665 407 1881 465 MARIA
1926 407 2034 463 SIT
2077 405 2398 461 DEIPARA.

3388 401 3493 455 986

226 524 460 597 νεκρῶν.
498 544 516 574 ι
549 526 826 588 Ἤκουσας
868 524 961 580 τὸν
993 525 1372 597 ἐγειρόμενον,
1397 524 1604 596 Κύριον
1639 542 1810 596 προσ-

1919 522 2126 578 minum
2176 529 2424 576 nostrum
2467 534 2499 574 c
2538 516 2771 572 mortuis
2794 515 3076 570 suscitavit
3116 515 3181 568 ’³.
3222 532 3240 567 ι
3282 513 3491 568 Audisti
3553 550 3559 556 ο

226 617 666 689 αγορευόμενονς
698 616 913 685 Μηκέτι
942 615 1299 678 σκανδαλίζου
1324 616 1417 669 ἐπὶ
1451 619 1565 680 τοῖς
1602 619 1809 670 οίκονο-

231 707 412 779 μικῶς
443 706 778 777 λεγομένοις.

297 895 398 942 κε’.
422 887 532 941 Καὶ
567 885 726 939 τοῦτο
744 886 798 939 δὲ
814 889 927 949 τοῖς
951 887 1264 957 εἰρημένοις
1287 887 1603 960 προσθεῖναι
1644 890 1804 959 ἀναγ·

225 984 383 1034 καῖον
412 980 664 1049 ὑπάρχει,
701 979 787 1031 ἵνα
818 981 892 1049 μή
913 996 998 1043 τις
1030 980 1280 1052 ὑπολάϐῃ
1306 981 1489 1052 χάριτι
1509 981 1603 1033 καὶ
1623 981 1807 1047 αὐτὸν,

226 1072 485 1142 καθάπερ
514 1071 682 1140 ἡμᾶς,
719 1069 853 1122 Θεὸν
889 1071 984 1123 καὶ
1023 1070 1228 1143 Κύριον
1257 1072 1351 1124 καὶ
1376 1071 1506 1124 Υίὸν
1536 1088 1808 1142 προσαγοι

228 1163 546 1235 ρευόμενον.
594 1163 784 1232 Ἡμεῖς
820 1162 918 1232 μὲν
947 1162 1057 1232 γὰρ
1093 1165 1143 1216 εἰ
1181 1165 1277 1217 καὶ
1307 1162 1623 1234 καλούμεθα
1672 1163 1807 1226 θεοὶ,

224 1255 367 1308 ἀλλά
406 1255 571 1309 πάλιν
616 1253 891 1324 ἀκούομεν
937 1255 1033 1307 καὶ
1075 1255 1175 1325 τῆς
1220 1255 1506 1319 ἀσθενείας
1546 1255 1702 1325 ήμῶν
1750 1254 1811 1308 τὸ

228 1350 431 1422 μέτρον
453 1365 469 1382 ο
509 1365 528 1399 ι
568 1344 710 1413 Ἐγὼ
738 1344 848 1414 γὰρ
878 1341 1028 1407 εἶπα,
1066 1346 1221 1416 φησὶ,
1245 1345 1369 1399 Θεοί
1402 1348 1549 1409 ἐστε,
1582 1345 1672 1397 καὶ
1702 1345 1811 1398 υἱοὶ

235 1440 522 1510 Ὑψίστου·
558 1456 579 1489 ι
611 1436 725 1490 ἀλλ’
759 1435 964 1498 εὐθέως
993 1436 1190 1503 ἐπάγει
1210 1453 1224 1467 ’
1261 1456 1278 1488 ι
1311 1435 1501 1505 Ὑμεῖς
1530 1435 1587 1488 δὲ
1617 1434 1692 1497 ὡς
1715 1434 1811 1488 ἇν-

224 1534 442 1604 θρωποι
481 1528 886 1598 ἀποθνήσκετεο
920 1545 940 1577 ι
976 1527 1072 1580 καὶ
1096 1526 1254 1597 δῆλον
1292 1525 1370 1589 ὡς
1400 1528 1501 1600 τὴν
1532 1543 1808 1596 προσηγο-

226 1627 355 1698 ρίαν
401 1623 542 1678 κατὰ
574 1620 740 1692 χάριν
774 1619 1124 1689 ἐσχήκαμεν·
1160 1619 1327 1682 αὐτὸς
1367 1619 1426 1672 δὲ
1469 1618 1568 1689 οὐχ
1612 1618 1806 1682 οὕτως,

224 1714 365 1769 ἀλλὰ
404 1712 542 1783 μετὰ
582 1711 687 1780 τῆς
726 1708 1069 1779 θεοπρεποῦς
1126 1707 1286 1778 δόξης
1343 1709 1439 1762 καὶ
1496 1708 1594 1780 τὴν
1641 1724 1809 1779 προσ-

222 1806 459 1877 ηγορίαν
490 1803 626 1874 ἔχει.
674 1801 937 1855 Καλεῖται
968 1803 1079 1870 γὰρ
1125 1800 1224 1869 οὐχ
1272 1799 1455 1863 ἁπλῶς
1488 1799 1640 1863 Θεὸς,
1672 1798 1808 1851 ἀλλὰ

222 1898 360 1961 Θεὸς
394 1895 489 1948 ἐπὶ
524 1893 768 1957 πάντων,
807 1891 902 1944 καὶ
936 1890 1232 1962 εὐλογητὸς
1261 1893 1342 1954 είς
1395 1890 1522 1953 τοὺς
1565 1890 1767 1953 αἰῶνας
1792 1905 1807 1920 ’
1842 1889 1883 1943 Β

222 1990 473 2044 καλεῖται
498 1987 555 2040 δὲ
580 1985 745 2039 πάλιν
784 1984 882 2037 καὶ
928 1982 1158 2056 Κύριος,
1189 1984 1291 2036 οὐκ
1341 1982 1565 2053 ὀνόματι
1622 1984 1804 2053 μόνον,

220 2080 417 2147 ῶσπερ
457 2078 638 2147 ἡμεῖς,
672 2073 810 2127 ἀλλά
861 2073 1066 2142 Κύριος
1095 2073 1197 2142 τῆς
1246 2072 1426 2144 δόξης,
1462 2074 1559 2125 καὶ
1602 2072 1810 2143 Κύριος

221 2174 470 2232 πάντων,
515 2169 590 2231 ὡς
623 2169 652 2221 ό
704 2167 916 2236 Πέτρος
958 2165 1228 2232 ἐδίδαξενο
1272 2165 1566 2236 λεγόμενος
1612 2165 1668 2218 δὲ
1713 2168 1808 2219 καὶ

219 2262 375 2327 Υἱὸς,
409 2261 531 2315 οὐδὲ
578 2258 744 2312 τοῦτο
778 2258 1036 2330 καθάπερ
1066 2259 1228 2329 ἡμεῖς
1264 2256 1452 2320 ἁπλῶς
1483 2255 1623 2322 υίὸς,
1669 2256 1808 2310 ἀλλά

218 2356 357 2419 Υἱὸς
412 2355 595 2425 μόνος,
644 2354 739 2406 καὶ⁵
788 2350 1041 2422 ἀληθινὸς
1090 2350 1213 2403 κατ’
1238 2350 1469 2411 οὐσίαν,
1511 2348 1588 2412 ῶς
1643 2366 1813 2419 φησιν

231 2450 526 2518 Ἰωάννης*
559 2466 575 2497 ι
602 2445 716 2499 Καὶ
746 2443 913 2514 ἐσμὲν
946 2444 1003 2495 ἐν
1043 2442 1123 2512 τῷ
1161 2440 1402 2512 ἀληθινῷ
1446 2440 1585 2511 Θεῷ,
1617 2442 1710 2494 καὶ
1749 2442 1817 2495 ἐν

216 2538 301 2608 τῷ
331 2536 447 2606 1⁸ἰῷ
474 2536 643 2590 αὐτοῦ
660 2553 672 2565 ·
703 2529 858 2597 οὗτός
882 2534 1027 2586 ἐστιν
1056 2535 1083 2585 6
1113 2531 1372 2603 ἀληθινὸς
1395 2532 1551 2595 Θεὸς,
1573 2532 1669 2585 καὶ
1694 2531 1809 2602 ζωὴ

216 2628 466 2691 αἰώνιος.
491 2647 508 2679 ι
541 2625 923 2697 Φανερώτερον
954 2624 1011 2677 δὲ
1044 2623 1234 2677 τοῦτον
1262 2625 1291 2676 6
1320 2624 1618 2686 ἀπόστολος
1656 2624 1804 2676 Παῦε

214 2721 310 2783 λος
337 2720 449 2774 ἀπὸ
475 2720 580 2773 τῶν
612 2718 822 2772 πολλῶν
848 2715 1069 2788 διορίζει
1101 2716 1177 2779 ὼς
1208 2715 1370 2785 μόνον
1394 2714 1649 2768 καὶκατὰ
1671 2715 1808 2785 ἀλή-

216 2814 379 2867 θειαν
401 2812 531 2865 Υἱόν
556 2828 568 2840 ·
598 2812 750 2878 λέγει
776 2808 884 2878 γὰρ
905 2808 1106 2872 οὕτως·
1145 2826 1163 2859 ι
1200 2808 1313 2861 Καὶ
1346 2807 1456 2878 γὰρ
1482 2808 1641 2878 εἴπερ
1670 2808 1809 2860 είσὶν

212 2906 511 2975 λεγόμενοι
540 2903 673 2966 θεοὶ,
710 2903 818 2955 εἴτε
864 2903 923 2955 ὲν
951 2899 1187 2972 οὐρανῷ,
1238 2900 1347 2953 εἴτε
1394 2901 1487 2952 ἐπὶ
1538 2903 1638 2970 τῆς
1678 2900 1809 2969 γῆς,

213 2997 417 3066 ὥσπερ
446 2996 584 3049 εἰσὶν
633 2994 747 3047 θεοὶ
800 2992 989 3046 πολλοὶ
1046 2992 1143 3045 καὶ
1199 2990 1382 3061 κύριοι
1425 2990 1612 3043 πολλοὶ
1648 2990 1809 3057 λεγόο

216 3105 399 3160 μενοι·
438 3106 454 3138 ι
489 3087 652 3140 πάλιν
681 3085 771 3138 ἵνα
795 3083 895 3157 [ita
925 3083 1097 3138 codex
1131 3080 1387 3152 uterque]
1418 3084 1567 3151 νοῇς,
1603 3101 1621 3132 ι
1663 3081 1809 3134 Ἀλλ’

211 3184 355 3255 ἡμῖν
382 3175 465 3243 εἷς
485 3180 619 3241 Θεὸς
649 3180 677 3231 6
708 3177 898 3248 Πατὴρ
927 3176 987 3241 ἐξ
1024 3168 1086 3229 οὐ
1117 3175 1187 3228 τὰ
1217 3175 1416 3236 πάντα,
1446 3173 1540 3227 καὶ⁵
1572 3167 1654 3236 εἷς
1692 3172 1807 3226 Κύ-

215 3291 339 3348 ριος
371 3272 582 3343 Ἰησοῦς
615 3271 851 3342 Χριστὸς
873 3269 940 3323 δι’
969 3263 1030 3324 οὗ
1052 3268 1120 3323 τὰ
1153 3267 1355 3321 πάντα.
1390 3284 1408 3316 ι
1450 3264 1617 3336 Ὁρᾷς
1649 3264 1725 3327 ὼς
1747 3265 1808 3317 οὐ

219 3366 373 3440 μετά
406 3366 624 3420 πάντων
648 3363 813 3426 αὐτὸς
842 3362 1047 3435 Κύριος
1078 3358 1266 3431 ἦΘεὸς
1299 3356 1645 3428 ὀνομάζεται,
1675 3355 1813 3409 ἀλλά

220 3462 389 3533 μόνος
412 3458 490 3529 τῷ
513 3458 688 3529 Παιῐςρλ⁵
713 3454 1116 3523 συνδοξάζεται,
1143 3452 1218 3516 ὡς
1243 3451 1304 3516 ἐξ
1335 3448 1502 3504 αὐτοῦ
1534 3448 1676 3502 κατά
1707 3446 1812 3516 φύ-

220 3570 311 3607 σιν
348 3551 613 3622 ὑπάρχων
634 3566 651 3614 ;

292 3642 413 3708 σις’.
454 3642 658 3713 Καιρὸς
685 3640 741 3693 δὲ
770 3639 978 3702 λοιπὸν,
1014 3636 1108 3691 καὶ
1148 3635 1249 3707 τὴν
1288 3634 1483 3705 ἑτέραν
1516 3632 1610 3686 τοῦ
1651 3633 1814 3684 Ἀπο-

218 3736 415 3791 στόλου
457 3733 765 3805 μαρτυρίαν
799 3734 879 3796 εἰς
916 3731 1080 3803 μέσον
1104 3730 1468 3802 παραγαγεῖν,
1505 3725 1695 3779 τοῦτον
1722 3724 1813 3777 τὸν

216 3825 482 3897 ἀληθινὸν
519 3825 651 3877 Θεὸν
678 3823 831 3896 [Θεόν
862 3825 1017 3877 ahest
1064 3822 1132 3876 ab
1155 3836 1264 3874 uno
1297 3836 1326 3874 e
1348 3815 1649 3886 codicibus]
1683 3815 1814 3867 Υἱὸν

218 3917 520 3973 δεικνῦσαν
544 3913 690 3983 [rod.
716 3925 942 3978 uterque
971 3909 1206 3981 δεικνύς]
1236 3910 1521 3980 ἄνθρωπον
1549 3902 1690 3959 εῖναι
1723 3906 1815 3959 τὸν

219 4009 291 4060 ἐκ
342 4007 443 4076 τῆς
488 4001 921 4074 καλλιπαρθένου
973 3999 1274 4070 τηθέων
1327 4000 1438 4070 ἔχει
1492 3997 1549 4050 δὲ
1601 3996 1809 4060 οὕτως.

226 4121 247 4153 ι
284 4100 421 4152 Ὅτε
454 4098 511 4152 δὲ
531 4092 699 4168 ἦλθεν
718 4096 779 4148 τὸ
813 4095 1090 4167 πλήρωμα
1119 4091 1214 4147 τοῦ
1247 4093 1464 4163 χρόνου,
1498 4090 1816 4155 ἐξαπέστει-

218 4194 322 4243 λεν
349 4191 379 4243 ὸ
398 4189 530 4251 Θεὸς
555 4189 649 4241 τὸν
678 4187 806 4241 Υίὸν
841 4185 1009 4239 αὐτοῦ
1050 4184 1343 4254 γενόμενον
1372 4184 1437 4235 ἐκ
1465 4181 1722 4251 γυναικός
1740 4198 1753 4210 ·
1790 4198 1808 4231 ι

222 4281 428 4353 μηδεὶς
471 4279 529 4333 δὲ
579 4278 740 4333 τοῦτο
778 4278 959 4347 λέγειν
1005 4277 1345 4349 ἐρυθριάτω·
1397 4273 1654 4343 οὐδεμίαν
1706 4272 1814 4345 γὰρ

221 4373 396 4445 ὓὸριν
432 4371 590 4428 τοῦτο
627 4370 707 4440 τῷ
734 4371 895 4441 Λόγῳ
924 4371 1102 4440 φέρει,
1138 4366 1549 4438 φιλανθρωπίαν
1590 4365 1646 4418 δὲ
1683 4365 1817 4433 μᾶλ-

220 4468 344 4532 λον,
375 4467 474 4519 xui.
519 4464 678 4529 δόξαν
724 4463 815 4517 διά
856 4464 1017 4516 τοῦτο
1060 4463 1288 4533 ἄπειρον
1327 4460 1422 4513 καὶ
1474 4458 1814 4530 ἀμέτρητον.

1916 630 2040 669 eum
2068 614 2159 685 qui
2195 612 2495 666 suscitatus
2528 609 2653 675 fuit,
2693 608 2986 662 Dominum
3021 604 3386 677 appellatum?
3418 603 3492 659 Ne

1914 721 2047 777 ergo
2099 720 2221 776 qua:
2273 704 2569 758 secundum
2620 700 3084 769 dispensationem
3137 708 3265 752 sunt
3319 698 3488 761 dicta,

1914 796 2177 854 seandalo
2212 795 2306 851 tibi
2334 796 2462 849 sint.

1986 889 2080 944 25.
2105 888 2217 944 Sed
2241 897 2296 942 et
2319 886 2463 941 aliud
2491 881 3105 955 praadictis'neccssario
3128 877 3489 949 adjiciendum

1911 994 2016 1050 est,
2047 998 2117 1038 ne
2151 981 2275 1053 quis
2316 980 2628 1049 suspicetur
2681 978 2859 1048 ipsum
2908 976 3168 1046 gratiose,
3204 973 3350 1029 sicut
3391 986 3488 1025 no—

1911 1077 1995 1133 bis
2022 1075 2298 1137 usuvenit,
2336 1084 2391 1127 et
2428 1073 2595 1127 Deum
2646 1069 2815 1124 fuisse
2838 1067 3166 1137 appellatum
3208 1074 3259 1119 et
3305 1062 3490 1117 Domi-

1911 1183 2039 1223 num
2065 1178 2228 1235 atque
2257 1165 2476 1219 Filium.
2520 1161 2631 1218 Nos
2659 1161 2858 1231 quippe
2899 1157 3112 1212 etiamsi
3146 1155 3219 1209 dii
3253 1152 3490 1223 appelle—

1912 1277 2054 1327 mur,
2086 1257 2260 1313 nihilo
2288 1265 2466 1309 tamen
2500 1253 2680 1307 minus
2711 1249 3048 1305 inﬁrmitatis
3080 1244 3240 1302 simul
3287 1253 3491 1299 nostra:

1910 1351 2187 1408 modulum
2229 1347 2506 1402 audimus.
2541 1364 2559 1396 ι
2598 1342 2712 1413 Ego
2743 1340 2887 1396 enim
2936 1338 3046 1394 dixi
3072 1381 3086 1403 ,
3124 1335 3302 1405 inquit
3338 1332 3486 1388 Psal~

1911 1444 2095 1507 mista,
2118 1441 2203 1496 Dii
2249 1440 2385 1496 estis
2417 1446 2471 1492 et
2498 1434 2763 1490 Altissimi
2808 1432 2902 1486 filii
2936 1430 3001 1484 ".
3038 1449 3057 1482 ι
3104 1428 3208 1483 Sed
3241 1425 3492 1497 protinus

1910 1533 2097 1589 addit:
2120 1551 2138 1584 ι
2159 1531 2269 1586 Vos
2289 1540 2472 1584 autem
2498 1536 2556 1580 ut
2580 1525 2831 1579 homines
2853 1532 3083 1576 mortem
3110 1516 3357 1589 patimini
3376 1516 3441 1567 ”.
3462 1532 3485 1567 ι

1909 1628 2073 1684 Certe
2100 1631 2318 1681 constat
2350 1621 2448 1676 hac
2472 1634 2571 1673 nos
2604 1615 2969 1688 appellatione
2999 1609 3220 1666 nonnisi
3242 1623 3337 1678 per
3361 1621 3489 1676 gra-

1911 1719 2041 1774 tiam
2074 1714 2200 1770 l'rui.
2229 1711 2346 1767 Non
2372 1708 2452 1766 sic
2475 1708 2610 1778 ipse,
2647 1706 2741 1761 sed
2778 1719 2901 1759 cum
2937 1703 3098 1773 digna
3145 1700 3258 1755 Deo
3315 1697 3489 1769 gloria

1912 1822 2107 1864 nomen
2137 1818 2356 1876 quoque
2389 1802 2549 1873 gerit.
2576 1799 2816 1854 Vocatur
2838 1812 2944 1850 non
2979 1792 3305 1863 simpliciter
3324 1791 3488 1852 Deus,

1912 1903 2007 1959 sed
2047 1914 2212 1971 super
2239 1897 2421 1954 omnia
2471 1893 2631 1957 Deus,
2659 1898 2711 1944 et
2744 1889 3066 1944 benedictus
3110 1885 3162 1938 in
3195 1883 3389 1937 sarcula
3419 1880 3487 1934 “.

1910 1994 2154 2049 Vocatur
2183 1991 2309 2045 item
2343 1986 2629 2051 Dominus,
2656 1998 2762 2039 non
2792 1980 3013 2035 nomine
3055 1986 3236 2039 tenus,
3274 1982 3334 2028 ut
3366 1987 3488 2034 nos,

1911 2088 2005 2142 sed
2046 2084 2234 2155 gloriae
2271 2065 2558 2143 Dominus,
2595 2076 2971 2142 Dominusque
3010 2069 3274 2132 oumium,
3309 2074 3364 2119 ut
3392 2065 3491 2118 Pe-

1912 2192 2028 2234 trus
2065 2177 2249 2233 docuit
2284 2175 2347 2228 ".
2378 2173 2588 2227 Dicitur
2619 2171 2781 2225 etiam
2806 2166 3012 2229 Filius;
3042 2173 3098 2215 at
3137 2177 3205 2214 ne
3230 2159 3331 2213 hoc
3364 2156 3492 2226 qui-

1910 2272 2032 2326 dem
2069 2278 2129 2323 ut
2153 2282 2253 2322 nos
2283 2264 2625 2334 simpliciter,
2672 2260 2766 2315 sed
2810 2257 3001 2312 unicus
3042 2252 3233 2314 Filius,
3267 2259 3320 2304 et
3357 2250 3489 2305 sub-

1910 2361 2244 2419 stantialiter
2298 2371 2463 2411 verus
2492 2396 2505 2421 ,
2536 2366 2595 2408 ut
2631 2342 2707 2405 ait
2740 2350 2980 2404 Joannes
3015 2361 3032 2400 :
3065 2362 3083 2395 ‹
3122 2343 3188 2396 Ει
3215 2356 3401 2396 sumus
3432 2339 3489 2392 in

1912 2469 2041 2510 vero
2077 2452 2209 2515 Deo,
2251 2458 2306 2502 et
2340 2448 2394 2502 in
2436 2444 2575 2500 Filio
2612 2442 2749 2511 ejus.
2782 2439 2883 2494 llic
2916 2452 3072 2493 verus
3102 2437 3245 2490 Deus
3290 2440 3393 2495 est,
3435 2440 3491 2484 ct

1911 2546 2019 2598 vita
2040 2552 2244 2599 aeterna
2270 2541 2339 2594 ".
2384 2558 2402 2591 ›
2445 2536 2780 2592 Manifestius
2815 2543 2995 2586 autem
3040 2529 3182 2583 hunc
3214 2524 3493 2595 apostolus

1910 2636 2111 2693 Paulus
2139 2649 2169 2688 a
2201 2632 2386 2686 multis
2420 2628 2702 2692 discernit,
2733 2634 2919 2695 utpote
2947 2621 3121 2676 solum
3157 2630 3205 2673 et
3236 2631 3366 2671 vere
3397 2614 3491 2669 Fi-

1914 2730 2063 2782 lium.
2091 2726 2182 2780 Ait
2209 2725 2354 2780 enim
2385 2724 2465 2777 sic
2504 2738 2520 2774 :
2556 2740 2574 2772 ι
2610 2717 2747 2772 Nam
2779 2716 2880 2771 etsi
2920 2722 3048 2769 sunt
3093 2711 3183 2780 qui
3229 2708 3491 2763 dicuntur

1913 2815 2008 2880 dii,
2038 2816 2152 2869 sive
2184 2814 2235 2866 in
2275 2811 2434 2874 creto,
2467 2810 2583 2863 sive
2617 2818 2783 2876 super
2816 2816 3045 2866 terram,
3095 2799 3253 2855 sicuti
3298 2810 3488 2852 revera

1912 2915 2037 2960 sunt
2088 2906 2159 2959 dii
2212 2903 2403 2967 multi,
2441 2910 2494 2955 et
2532 2897 2683 2952 multi
2717 2897 2807 2966 qui
2837 2896 3092 2949 dicuntur
3119 2890 3322 2944 domini
3352 2888 3431 2953 ";
3464 2906 3491 2937 ι

1912 2997 2093 3052 subdit
2122 2994 2470 3062 utiutclligas
2491 3010 2503 3044 :
2528 3009 2546 3042 ι
2571 2990 2737 3044 Nobis
2774 2998 2952 3040 tamen
2978 2998 3122 3037 unus
3154 2982 3296 3035 Deus
3326 2977 3493 3033 Pater

1913 3104 1977 3144 ex
2004 3102 2113 3157 quo
2143 3085 2346 3149 omnia,
2366 3093 2420 3137 et
2442 3097 2582 3136 unus
2616 3079 2881 3134 Dominus
2916 3075 3075 3130 Iesus
3113 3073 3366 3128 Christus
3395 3084 3494 3140 per

1914 3196 2072 3250 quem
2113 3179 2291 3232 omnia
2319 3177 2384 3229 ὀ.
2428 3194 2446 3226 ι
2481 3172 2694 3237 Cernis,
2736 3170 2878 3239 quod
2921 3184 3029 3222 non
3075 3182 3197 3221 cum
3237 3162 3494 3217 omnibus

1914 3272 2029 3342 ipse
2073 3269 2336 3323 Dominus
2388 3266 2470 3319 vel
2512 3265 2656 3318 Deus
2701 3262 3037 3324 nominatur,
3067 3256 3161 3312 sed
3198 3269 3336 3309 unus
3368 3268 3493 3307 cum

1915 3365 2075 3419 Patre
2134 3360 2492 3432 gloriﬁcatur,
2552 3369 2811 3422 tanquam
2872 3367 2936 3407 ex
2995 3350 3113 3419 ipso
3167 3344 3495 3401 naturaliter

1913 3449 2223 3509 exsisteus?

1983 3626 2078 3681 26.
2118 3623 2378 3693 Superest
2431 3629 2488 3674 ut
2537 3618 2681 3673 aliud
2726 3616 2969 3686 Apostoli
3019 3613 3389 3669 testimonium
3438 3610 3493 3663 in

1916 3719 2152 3773 medium
2186 3714 2549 3785 proferamus,
2587 3712 2732 3780 quod
2776 3712 2922 3764 hunc
2957 3722 3145 3763 verum
3188 3705 3357 3759 Deum
3411 3700 3496 3756 Fi-

1916 3811 2048 3864 lium
2083 3806 2321 3862 ostendit
2347 3819 2470 3858 esse
2498 3803 2797 3865 hominem,
2828 3814 2987 3869 quem
3018 3796 3236 3868 egregia
3280 3794 3493 3864 peperit

1918 3901 2104 3967 Virgo.
2138 3897 2213 3951 lta
2252 3910 2385 3949 vero
2426 3909 2486 3947 se
2527 3894 2728 3946 habet:
2777 3909 2796 3941 ι
2835 3891 2971 3944 Cum
3022 3888 3171 3941 venit
3212 3884 3494 3955 plenitudo

1920 3990 2202 4061 temporis,
2234 3987 2380 4042 misit
2423 3986 2572 4040 Dens
2619 3982 2815 4037 Filium
2848 3994 3003 4035 suum
3046 3978 3245 4033 factum
3274 3992 3339 4030 ex
3375 3991 3495 4029 mu-

1918 4085 2055 4139 liere
2079 4083 2146 4136 ¹¹.
2183 4100 2201 4133 ι
2238 4078 2518 4133 Neminem
2550 4090 2718 4145 porro
2747 4074 2850 4128 hoc
2872 4073 3057 4127 dicere
3084 4070 3314 4138 pudeat;
3348 4067 3492 4122 nulla

1916 4176 2059 4229 enim
2097 4173 2219 4228 hinc
2242 4170 2440 4240 injuria
2469 4165 2646 4222 Verbo
2681 4166 2761 4230 tit,
2794 4162 3104 4232 benignitas
3140 4174 3268 4213 vero
3302 4157 3495 4230 1M2:

1918 4264 2097 4336 potius
2138 4259 2392 4332 patescit,
2428 4268 2483 4314 et
2522 4256 2694 4326 gloria
2736 4252 2951 4307 infinita
2985 4259 3150 4320 atque
3199 4249 3495 4303 immensu-

1918 4355 2129 4411 rabilis.
2172 4352 2309 4407 Nam
2351 4350 2492 4418 quod
2544 4347 2679 4402 nihil
2724 4346 2851 4401 inde
2899 4341 3133 4396 Verbum
3182 4341 3492 4396 detrimenti

1921 4449 2121 4519 capiat,
2152 4460 2273 4501 cum
2304 4444 2379 4499 sit
2412 4440 2735 4509 intangibile
2778 4447 2973 4506 suapte
3005 4444 3221 4498 natura,
3254 4433 3498 4501 impassi-

222 4527 359 4615 Ὅτι
387 4558 499 4627 γὰρ
525 4527 677 4611 οὐδὲν
711 4557 776 4609 ἐκ
803 4554 997 4608 τούτου
1026 4555 1054 4607 6
1077 4527 1252 4620 Λόγος
1288 4527 1608 4612 ἐϐλάπτετο,
1633 4527 1812 4619 ἀψαυ-

1919 4541 2048 4607 hile,
2082 4547 2136 4594 et
2185 4533 2717 4603 incircumscriptum
2747 4570 2762 4596 ,
2804 4530 2898 4584 sed
2926 4527 3188 4583 inell'abili
3227 4541 3321 4582 sua
3370 4539 3495 4595 erga

222 4666 359 4712 στος
392 4648 654 4718 ὑπάρχων
684 4645 784 4715 τὴν
819 4644 982 4714 φύσιν
1016 4643 1112 4696 καὶ
1139 4641 1357 4712 ἀπαθὴς
1385 4642 1479 4695 καὶ
1508 4639 1814 4711 ἀπερίγραο

224 4757 354 4809 φος,
390 4739 616 4811 ἀρρήτῳ
648 4736 705 4788 δὲ
740 4734 1122 4806 φιλανθρωπίᾳ
1168 4733 1230 4786 τὸ
1270 4734 1505 4804 πρᾶγμα
1538 4732 1812 4803 διήνυσεν,

222 4834 400 4887 ἄκουε
434 4831 595 4884 πάλιν
645 4825 810 4881 αὐτοῦ
851 4826 945 4880 τοῦ
969 4824 1183 4878 Παύλου
1219 4824 1376 4877 τοῦτο
1433 4823 1809 4885 διδάσκοντος

231 4944 253 4977 ι
277 4922 491 4995 Ἰησοῦς
521 4919 779 4993 Χριστὸς,
818 4918 1004 4989 φησιν,
1029 4916 1154 4988 χθὲς
1190 4916 1286 4970 καὶ
1305 4915 1567 4985 σήμερον,
1590 4915 1618 4965 ό
1654 4912 1816 4975 αὐτὸς

224 5015 332 5069 καὶ
354 5015 433 5077 είς
447 5012 573 5076 τοὺς
584 5011 807 5073 αἰῶνας*
821 5027 838 5060 ι
861 5010 920 5063 τὸ
939 5009 1066 5080 γάρ,
1090 5006 1239 5077 χθὲς,
1253 5004 1448 5072 λέγων,
1463 5004 1561 5073 τὴν
1579 5000 1817 5076 προαιώ-

223 5124 347 5163 νιον
370 5104 539 5159 αὐτοῦ
567 5103 823 5174 σημαίνει
851 5100 1037 5166 δόξανο
1062 5098 1124 5151 τὸ
1152 5097 1209 5151 δὲ
1238 5098 1498 5168 σήμερον,
1521 5094 1817 5155 ἐνεστῶτος

226 5197 433 5269 καιροῦ
479 5197 717 5249 ποιεῖται
758 5190 1133 5262 σημαντικόν·
1170 5189 1265 5241 καὶ
1306 5187 1387 5240 ὅτι
1437 5186 1537 5238 οὐκ
1577 5182 1815 5254 ἐτράπη,

223 5290 351 5346 ἀλλ’
380 5290 463 5343 ὅτι
492 5289 521 5341 6
545 5286 710 5348 αὐτὸς
740 5285 954 5355 ἔμεινεν
981 5283 1074 5335 καὶ
1101 5282 1159 5332 ὲν
1192 5278 1359 5350 σαρκὶ
1384 5277 1697 5346 γενόμενος,
1725 5273 1819 5326 καὶ

226 5381 393 5435 ἔσται
446 5380 530 5441 είς
556 5377 681 5439 τοὺς
709 5374 933 5439 αἰῶνας,
965 5373 1269 5442 ἐπήγαγεν,
1324 5389 1341 5420 ι
1370 5372 1399 5423 6
1421 5367 1585 5430 αὐτὸς
1626 5366 1720 5419 καὶ
1741 5366 1820 5427 είς

226 5473 365 5535 τοὺς
397 5471 625 5532 αἰῶνας.
654 5487 671 5519 ι
705 5467 833 5521 Ὅτε
866 5465 1046 5518 τοίνυν
1060 5463 1232 5517 ταῦτα
1255 5461 1427 5524 οὕτως
1447 5461 1578 5531 ἔχει,
1625 5457 1819 5527 φιλαν-

312 5563 460 5632 ωπίᾳ
507 5560 720 5631 μεγάλῃ
751 5558 848 5628 τὴν
905 5558 984 5619 είς
1039 5556 1187 5625 ἡμᾶς
1224 5554 1446 5625 ἀγάπην
1495 5550 1819 5616 ἐνεδείξατο,

329 5681 410 5731 1³.

249 5748 337 5803 ’⁸1
367 5750 549 5820 CO-m.
585 5781 657 5828 IV,
686 5764 773 5829 35,
806 5762 894 5815 2i.
977 5760 1020 5791 ”
1050 5762 1189 5815 Psat.
1223 5774 1407 5817 Lxxst,
1439 5757 1493 5811 6.
1573 5757 1614 5829 ’ξ’
1639 5754 1876 5829 ibid._7._
1942 5754 1983 5784 ¹⁶
2008 5752 2163 5829 ῐίοιηἐ
2198 5767 2272 5815 ix,
2313 5752 2365 5806 5.
2450 5749 2489 5781 ”
2512 5748 2630 5803 Act.
2662 5761 2715 5809 χ,
2754 5743 2844 5799 '56.

1188 5832 1228 5861 "
1256 5829 1432 5884 Cum.
1468 5842 1540 5891 tv,
1583 5827 1634 5881 ί.
1715 5827 1759 5857 θ’
1787 5825 1947 5879 llebr.
1984 5839 2100 5887 xm,
2134 5825 2186 5876 8.

519 5850 636 5899 τηε,
800 5834 845 5863 ’θ
874 5832 999 5887 ibid.
1039 5834 1091 5885 ti.

1925 4632 2174 4688 homines
2210 4629 2455 4684 bonitate
2489 4626 2543 4680 id
2577 4623 2838 4686 eﬂeccrit,
2875 4620 2999 4675 audi
3047 4632 3237 4673 rursus
3273 4616 3501 4672 Paulum

1927 4727 2030 4781 hoc
2081 4725 2403 4778 docentem:
2441 4736 2459 4770 ι
2497 4716 2658 4773 Jesus
2687 4715 2970 4780 Christus,
3028 4711 3241 4781 inquit,
3284 4708 3403 4763 heri
3446 4716 3500 4762 et

1924 4816 2106 4881 hodie,
2138 4814 2277 4868 idem
2295 4820 2349 4867 et
2372 4811 2423 4864 iu
2460 4807 2656 4863 saacula
2690 4808 2757 4860 ”.
2792 4823 2810 4857 ›
2843 4804 2978 4859 Cum
3008 4803 3142 4856 dicit
3172 4801 3314 4862 heri,
3355 4813 3499 4853 sem—

1928 4910 2193 4979 piternam
2237 4904 2354 4972 ejus
2386 4902 2518 4957 dicit
2567 4899 2817 4970 gloriam.
2879 4894 3055 4949 Hodie
3095 4908 3225 4948 vero
3261 4906 3502 4961 prmsens

1930 5011 2143 5069 tempus
2182 4996 2470 5065 significat.
2521 4991 2588 5046 Et
2618 4990 2742 5060 quia
2790 5001 3065 5056 nunquam
3117 4993 3354 5039 mutatus
3391 4993 3498 5047 est,

1928 5089 2176 5155 idemque
2212 5086 2414 5140 mansit
2443 5084 2606 5138 etiam
2635 5095 2763 5136 caro
2796 5080 2993 5139 factus,
3019 5076 3233 5143 eritque
3270 5075 3322 5127 in
3354 5082 3505 5129 aeter-

1924 5196 2076 5245 nnm,
2118 5177 2321 5232 addidit
2348 5193 2367 5228 ι
2408 5175 2546 5228 idem
2587 5181 2641 5227 et
2686 5172 2739 5226 in
2782 5169 3009 5224 smcula.
3056 5187 3075 5219 ι
3112 5166 3241 5234 Quae
3270 5180 3391 5220 cum
3431 5165 3503 5218 ita

1926 5272 2055 5337 sint,
2076 5283 2267 5339 magna
2299 5266 2499 5337 oppido
2529 5262 2866 5334 benignitate
2896 5259 3219 5314 charitatem
3245 5272 3371 5327 erga
3402 5269 3502 5309 nos

1926 5349 2078 5418 suam
2120 5359 2542 5425 demonstravit,
2587 5369 2757 5425 seque
2807 5350 3237 5407 communicavit
3294 5355 3508 5401 naturae

1927 5465 2148 5518 nostrae,
2184 5461 2381 5506 utcam
2416 5449 2706 5513 relevaret,
2742 5458 2906 5515 atque
2940 5460 2970 5498 a
3002 5441 3201 5497 diaboli
3240 5438 3503 5494 servitute

1928 5548 2274 5603 subduceret.
2313 5545 2594 5601 l‘tcmincm
2647 5558 2776 5614 ergo
2819 5542 3038 5612 pudeat,
3095 5550 3218 5591 cum
3272 5546 3499 5602 puerum

2947 5739 2988 5771 "’
3032 5736 3234 5799 lJoan.
3295 5750 3352 5800 ν,
3406 5732 3499 5790 90.
