4088 6478
174 367 317 423 295

1255 367 1669 425 EXPLICATIO
1706 367 2058 426 DUODECIM
2098 368 2431 428 CAPITUM.

3357 371 3468 431 ποι

207 511 3457 552 mm

811 696 1331 785 ΕΠΙΛΥΣΙΣ
1404 698 1633 784 ΤΩΝ
1708 692 2160 784 ΔΩΔΕΚΑ
2231 696 2883 790 ΚΕΦΑΛΑΙΩΝ

1526 901 1801 952 meum
1838 907 1921 955 EN
1951 907 2155 972 ΕΦΕΣῼ

976 1072 1117 1128 ΥΠΟ
1154 1073 1516 1128 ΚΥΡῙΛΛΟΥ
1552 1073 2121 1129 ΑΡΧΙΕΠῘΣΚΟῙΙΟΥ
2162 1071 2710 1142 ΔΛΕΞΑΝΔΡΕΙΔΣ,

308 1250 428 1322 Τῆς
456 1250 628 1320 ἁγίας
658 1252 927 1309 Συνόδου
955 1251 1309 1320 ἀξιωσάσης
1341 1252 1531 1307 αὐτὸν
1561 1250 1938 1321 σαφέστερον
1994 1250 2199 1317 αὐτοῖς
2228 1252 2668 1323 ἑκτρανωθῆναι
2707 1264 2733 1293 ι
2764 1253 2880 1321 τὴν
2909 1254 3135 1307 τούτων
3165 1251 3369 1307 λύσιν.

812 1571 1551 1666 EXPLICATIO
1627 1571 2254 1665 DUODECIM
2333 1571 2857 1663 CAPITUM

1472 1763 1704 1815 EPHESI
1747 1762 2206 1814 PRONUNTIATA

1024 1945 1074 2006 Α
1111 1942 1431 2005 CYRILLO
1473 1943 2068 2004 ARCHIEPISCOPO
2105 1942 2678 2009 ALEXANDBINO.

1100 2103 1155 2150 S.
1189 2099 1388 2165 Synodo
1420 2098 1683 2151 clariorem
1706 2098 1905 2150 illorum
1926 2097 2301 2151 declarationem
2323 2096 2558 2163 exigente.

207 2256 409 2321 [Hujus
438 2250 554 2321 libri
595 2256 649 2300 et
693 2252 900 2321 duorum
946 2252 1261 2313 sequentium
1302 2249 1765 2321 interpretationem
1803 2249 2025 2321 Latinam
2067 2262 2212 2321 quam
2251 2250 2469 2321 Joannes
2499 2247 2752 2321 Au‘bertus
2783 2245 3469 2321 admiserat,__parapbra31ico

414 2317 717 2377 adornatam,
740 2309 1097 2375 rejecimus,'et
1115 2326 1224 2362 eam
1247 2309 1527 2375 recepimus
1558 2325 1669 2373 quae
1704 2317 1871 2359 exstat
1895 2314 1946 2360 in
1971 2309 2199 2360 Conciliis
2228 2323 2288 2358 ex
2316 2309 2537 2359 editione
2561 2311 2763 2358 Joannis
2798 2309 3039 2360 Dominici
3067 2309 3263 2373 Mansii)

287 2644 309 2678 ι
348 2625 531 2680 Πάντα
550 2623 756 2679 ἐνώπια
780 2624 892 2686 τοῖς
913 2622 1175 2688 συνιοῦσι,
1205 2624 1300 2677 καὶ
1326 2621 1461 2694 όρθά
1489 2624 1598 2685 τοῖς
1646 2619 1794 2691 εὑρί-
1821 2676 1822 2679 η

1971 2616 2127 2688 145
2155 2636 2175 2667 ‹
2200 2616 2446 2680 Omnia,»
2482 2626 2539 2670 ut
2570 2616 2830 2685 scriptum
2854 2628 2957 2683 est,
2996 2634 3015 2670 ι
3049 2619 3207 2674 obvia
3236 2626 3363 2672 sunt
3388 2617 3475 2672 in-

206 2731 403 2768 σκουσι
453 2714 676 2782 γνῶσιν,
723 2732 743 2763 ι
790 2713 932 2766 κατά
980 2712 1041 2765 τὸ
1092 2711 1497 2783 γεγραμμένον.
1552 2711 1615 2763 Οἱ
1693 2709 1792 2780 μὲν

202 2804 321 2875 γὰρ
344 2804 459 2868 ὀξεῖ
488 2821 547 2857 τε
572 2803 667 2857 καὶ
698 2802 927 2874 καθαρῷ
973 2803 1211 2865 διανοίας
1249 2803 1455 2872 ϐμματι
1481 2803 1591 2864 τοῖς
1625 2800 1793 2870 ἱεροῖς

203 2898 310 2965 τῆς
338 2896 697 2950 θεοπνεύστου
737 2895 961 2965 Γραφῆς
995 2894 1483 2963 περιτυγχάνοντες
1506 2891 1706 2957 λόγοις,
1732 2889 1794 2941 τὸ

203 2987 269 3052 ἐξ
331 2987 514 3040 αὐτῶν
563 2986 774 3054 ὄφελος,
824 2985 971 3038 θεῖον
1013 2984 1201 3054 ὥσπερ
1240 2983 1361 3036 τινὰ
1406 2982 1498 3036 καὶ
1544 2982 1795 3053 οὐράνιον

204 3078 488 3148 θησαυρὸν
514 3081 636 3141 ταῖς
667 3075 874 3130 ἑαυτῶν
899 3075 1249 3137 εἰσοικίζουσι
1276 3074 1474 3145 ψυχαῖς
1492 3090 1505 3104 ·
1535 3076 1585 3126 οί
1613 3072 1670 3124 δὲ
1703 3072 1793 3125 τὸν

205 3167 339 3222 νοῦν
373 3168 589 3238 ἔχοντες
612 3168 691 3238 τῷ
714 3166 897 3236 ψεύδει
937 3165 1385 3237 προσνενευκότα,
1414 3165 1509 3217 καὶ
1544 3165 1665 3225 ταῖς
1709 3180 1791 3214 τι·

205 3278 322 3314 νων
363 3258 788 3329 ἀθυροστομίαις
822 3258 853 3297 ι)
886 3254 1218 3326 ἡττώμενον,
1257 3253 1484 3324 βεϐήλου
1536 3251 1791 3320 γνώσεως

206 3350 472 3422 ἐραστὴν,
502 3350 724 3403 ἐκείνων
752 3348 963 3401 ἔσονται
990 3345 1258 3408 κοινωνοὶ,
1291 3344 1420 3414 περὶ
1448 3336 1524 3397 ὧν
1551 3345 1579 3395 6
1611 3341 1792 3412 μακά-

210 3459 330 3514 ριος
382 3441 585 3512 γράφει
624 3438 864 3500 Παῦλος⁸
906 3456 924 3489 ι
975 3436 1063 3489 Ἑν
1102 3431 1184 3499 οἷς
1222 3438 1250 3488 6
1296 3435 1416 3498 θεὸς
1457 3433 1549 3487 τοῦ
1599 3431 1791 3495 αίῶνος

204 3531 404 3584 τούτου
446 3528 726 3596 ἐτύφλωσε
779 3527 849 3579 τὰ
875 3529 1125 3596 νοήματα
1149 3523 1259 3577 τῶν
1291 3524 1561 3583 ἀπίστων,
1610 3523 1690 3583 είς
1731 3519 1794 3571 τὸ

208 3622 288 3691 μὴ
319 3620 562 3688 αὐγάσαι
594 3619 687 3671 τὸν
716 3617 994 3687 φωτισμὸν
1034 3616 1127 3669 τοῦ
1167 3614 1485 3684 εὐαγγελίου
1514 3613 1614 3682 τῆς
1635 3612 1794 3681 δόξης

203 3710 307 3764 τοῦ
335 3708 595 3780 Χριστοῦ.
626 3727 646 3760 ι
680 3706 1062 3776 Τυφλώττουσι
1095 3706 1224 3776 γάρ,
1277 3705 1372 3759 καὶ
1426 3703 1563 3756 είσῖν
1610 3699 1795 3771 ὁδηγοὶ

202 3801 434 3871 τυφλῶν
453 3817 468 3831 ’
488 3801 761 3871 τοιγάρτοι
782 3798 1007 3860 καὶτοῖς
1027 3797 1127 3866 τῆς
1153 3794 1428 3857 ἀπωλείας
1458 3792 1793 3863 ἐμπίπτουσι

206 3894 451 3963 βόθροις.
482 3893 569 3954 Ὠς
622 3891 731 3962 γὰρ
777 3889 937 3952 αὐτός
987 3886 1089 3942 πού
1120 3902 1284 3957 φησιν
1322 3887 1349 3937 6
1375 3883 1565 3952 Σωτὴρ
1587 3920 1601 3945 ,
1637 3899 1655 3932 ι
1687 3879 1794 3931 Τυ-

1900 2709 2286 2778 telligentibus,
2329 2718 2382 2762 et
2436 2718 2583 2763 recta
2624 2709 3021 2764 invenientibus
3057 2708 3338 2764 scientiam
3370 2709 3409 2763 ¹.
3448 2728 3467 2759 ι

1896 2802 2104 2857 Etenim
2166 2800 2255 2870 qui
2303 2814 2460 2853 sacra
2519 2800 2714 2854 divinae
2769 2799 3065 2868 Scriptura:
3111 2801 3272 2854 verba
3316 2808 3475 2855 acuto

1897 2908 2139 2963 puroque
2203 2892 2361 2946 oculo
2417 2891 2719 2961 perlegunt,
2806 2893 2860 2947 hi
2915 2893 3057 2960 quod
3115 2892 3244 2946 utile
3301 2892 3353 2947 in
3405 2892 3474 2946 iis

1895 2986 2156 3047 occurrit,
2183 2983 2345 3036 veluti
2365 2984 2603 3036 divinum
2635 2983 2921 3052 quemdam
2949 2992 3002 3037 et
3042 2984 3319 3037 caelestem
3355 2983 3473 3037 the-

1895 3092 2136 3139 saurum,
2176 3075 2227 3129 in
2255 3074 2467 3129 animos
2517 3089 2645 3129 suos
2676 3077 3014 3129 recondunt:
3042 3077 3132 3145 qui
3164 3090 3292 3129 vero
3324 3090 3474 3130 men-

1896 3176 2001 3221 tem
2026 3167 2294 3221 lobtinent
2343 3167 2410 3220 ad
2444 3166 2785 3221 mendacium
2828 3181 3173 3237 prepensam,
3236 3167 3471 3221 nonnul-

1895 3258 2177 3325 lorumque
2200 3256 2490 3326 nugacitati
2525 3256 2909 3323 mancipatam,
2938 3271 3002 3309 ac
3028 3255 3265 3323 profante
3297 3256 3472 3311 scicn-

1899 3345 1986 3398 tia:
2044 3345 2282 3411 avidam,
2340 3344 2554 3399 illorum
2601 3346 2731 3398 socii
2766 3345 3153 3406 censebuntnr,
3184 3346 3249 3398 de
3280 3346 3475 3415 quibus

1896 3438 2085 3492 beatus
2105 3436 2306 3490 Paulus
2349 3436 2612 3505 scriptum
2655 3435 2920 3505 reliquit:
2955 3455 2973 3487 ι
3008 3436 3061 3490 In
3097 3437 3295 3505 quibus
3341 3437 3474 3492 deus

1896 3528 2058 3596 hujus
2107 3528 2286 3581 saeculi
2331 3528 2629 3581 excmcavit
2670 3538 2882 3581 mentes
2915 3527 3235 3593 infidelium,
3278 3539 3470 3584 utnon

1897 3618 2099 3688 fulgeat
2155 3618 2234 3671 eis
2266 3618 2588 3672 illuminatio
2621 3618 2897 3687 Evangelii
2929 3619 3115 3688 gloria
3133 3620 3332 3674 Christi
3360 3623 3407 3675 '.
3448 3640 3467 3672 ι

1895 3707 2034 3763 Caeci
2097 3708 2241 3763 enim
2320 3719 2469 3774 sunt,
2523 3718 2578 3763 et
2648 3710 2813 3764 duces
2885 3710 3243 3764 czecorum':
3299 3726 3469 3779 quare

1897 3808 1951 3853 et
1980 3799 2031 3852 in
2067 3799 2381 3868 perditionis
2408 3799 2592 3855 foveas
2616 3799 3079 3865 corruunt.Nam,
3110 3809 3167 3854 ut
3216 3799 3473 3857 Salvator

1901 3890 2013 3958 ipse
2061 3890 2256 3943 alicubi
2314 3898 2540 3943 monet:
2584 3909 2602 3941 ι
2668 3889 2726 3944 Si
2788 3905 2964 3945 caecus
3018 3906 3161 3945 careo
3213 3894 3509 3959 ducatum,

204 3984 341 4053 φλὸς
383 3983 582 4052 τυφλὸν
622 3983 715 4035 ἐὰν
760 3981 950 4051 ὁδηγῇ,
992 3977 1293 4050 ἀμφότεροι
1324 3978 1401 4040 εἰς
1450 3974 1641 4044 βόθρον
1689 3973 1790 4042 ὲμ-

1898 3990 2132 4052 praestet,
2190 3981 2347 4035 ambo
2384 3981 2436 4034 in
2481 3980 2690 4036 foveam
2741 3983 3005 4037 cadeut‘.
3043 4001 3062 4035 ι
3110 3983 3250 4037 Sunt
3304 3984 3471 4053 igitur

202 4075 530 4129 πεσοῦνται.
586 4093 604 4125 ι
658 4071 1117 4144 Καταφλυαροῦσι
1146 4070 1325 4122 τοίνυν
1354 4068 1499 4129 τινὲς
1535 4065 1643 4117 τῶν
1687 4066 1790 4135 τῆς

200 4166 469 4238 ἀληθείας
510 4165 819 4251 δογμιῖιτων⁸
857 4166 951 4217 καὶ
995 4162 1316 4232 σκαιότητος
1362 4156 1671 4251 διαϐολικῆς
1699 4156 1792 4208 τὸν

201 4260 412 4312 οἰκεῖον
437 4248 819 4328 ἐμπλήσαντες
862 4253 1009 4315 νοῦν,
1056 4251 1500 4325 παραχαράττειν
1538 4248 1792 4315 ἐπείγον-

199 4366 299 4403 ται
330 4349 393 4402 τὸ
417 4348 519 4418 τῆς
548 4348 805 4419 ἀληθείας
832 4347 1151 4417 μυστήριον,
1184 4343 1397 4413 καὶτῆς
1423 4339 1563 4412 μετά
1591 4338 1793 4409 σαρκὸς

200 4441 527 4511 οἰκονομίας
572 4440 667 4494 τοῦ
710 4437 1051 4506 Μονογενοῦς
1098 4436 1159 4488 οὐ
1210 4433 1447 4505 μετρίως
1505 4430 1789 4486 ποιοῦνται

198 4532 308 4604 τὴν
360 4532 737 4603 κατάρῤησιν,
796 4548 814 4581 ι
870 4529 944 4599 μὴ
990 4527 1235 4589 νοοῦντες
1283 4526 1424 4596 μήτε
1471 4524 1507 4577 ἃ
1552 4522 1790 4590 λέγουσι,

205 4626 355 4693 μήτε
387 4622 517 4691 περὶ
546 4622 691 4684 τίνος
722 4616 1178 4680 διαϐεϐαιοῦνται,
1223 4636 1241 4668 ι
1278 4614 1420 4668 κατὰ
1451 4613 1513 4667 τὸ
1546 4630 1794 4683 γεγραμ-

206 4716 402 4785 μένον.
448 4712 685 4784 Εὑρεταί
718 4711 773 4763 δὲ
806 4711 905 4780 τῆς
946 4709 1201 4778 τοιαύτης
1235 4705 1488 4768 ἀσεϐείας
1533 4703 1791 4772 γεγόνασι

198 4806 402 4860 πολλοὶ
451 4805 549 4874 μὲν
606 4804 699 4857 καὶ
750 4802 951 4873 ἕτεροι,
1004 4800 1146 4853 κατά
1194 4799 1321 4862 τοὺς
1370 4798 1574 4851 ἄνωθεν
1632 4795 1711 4848 ἔτι
1762 4805 1786 4833 ο

201 4900 615 4970 παρῳχηκότας
662 4896 886 4968 καιρούς
907 4913 921 4927 ·
953 4897 1070 4950 νυνὶ
1089 4896 1145 4948 δὲ
1183 4896 1283 4965 τῆς
1311 4895 1536 4947 ἐκείνων
1582 4892 1790 4945 ἀνοσιόο

198 5006 375 5061 τητος
404 4988 555 5041 οὐδὲν
584 4987 925 5052 ἀποδέοντες,
958 4986 1275 5057 Νεστόριος,
1315 4984 1410 5037 καὶ
1436 4985 1485 5036 οί
1513 4986 1610 5036 σὺν
1638 4982 1789 5052 αὐτῴ

202 5080 357 5136 κατά
383 5080 508 5141 τοὺς
536 5078 795 5150 ἀρχαίους
824 5077 1068 5140 ἐκείνους
1095 5075 1421 5146 Φαρισαίους
1463 5074 1788 5127 ἀντανιστά-

204 5169 476 5241 μενοι-τῷ
503 5168 746 5240 Χριστῷ,
776 5169 871 5222 καὶ
902 5167 1096 5236 ἀνέδην
1124 5166 1561 5235 ἁνακεκραγότες
1582 5181 1596 5195 ο
1634 5184 1652 5214 ι
1692 5165 1790 5219 Διά

201 5235 254 5312 τί
293 5235 670 5328 σὺεᾶνθρωπος
696 5235 792 5311 *ὢν
822 5259 995 5320 ποιεῖς
1034 5235 1226 5309 ἑαυτὸν
1278 5255 1444 5321 Θεόν;
1482 5273 1499 5305 ι
1556 5250 1665 5307 Ἦν
1694 5249 1788 5307 οῦν

1895 4070 2157 4136 nonnulli,
2185 4071 2276 4140 qui
2308 4080 2497 4126 contra
2530 4072 2776 4126 veritatis
2810 4072 3056 4142 dogmata
3095 4074 3363 4142 garriunt,
3416 4083 3473 4129 et

1890 4161 2153 4217 diabolica
2181 4162 2444 4231 pravitate
2459 4160 2619 4233 156
2635 4172 2866 4218 mentem
2899 4163 3155 4217 imbutam
3190 4164 3471 4228 habentes,

1892 4254 2140 4309 veritatis
2168 4255 2495 4325 mysterium
2529 4254 2641 4309 acri
2685 4256 2863 4310 studio
2903 4256 3211 4311 adulterare
3240 4266 3468 4310 conten-

1892 4346 2049 4412 dunt,
2096 4361 2194 4400 nec
2244 4346 2588 4401 mediocriter
2632 4347 2897 4401 incarnati
2936 4346 3207 4418 Unigeniti
3239 4347 3466 4417 dispen-

1892 4438 2156 4491 sationem
2203 4437 2541 4492 insectantur
2569 4478 2585 4504 ,
2619 4456 2637 4489 ι
2674 4452 2778 4493 non
2854 4439 3237 4510 intelligentes,
3297 4454 3472 4509 neque

1894 4543 2012 4597 qua:
2045 4527 2358 4596 loquuntur,
2407 4543 2581 4597 neque
2623 4531 2688 4583 de
2721 4530 2921 4600 quibus
2954 4529 3245 4594 allirmant,
3275 4548 3292 4580 ι
3329 4531 3470 4584 sicut

1892 4622 2153 4687 scriptum
2190 4628 2274 4674 est
2296 4620 2338 4673 ³.
2382 4618 2696 4685 Huiusmodi
2740 4632 2921 4675 autem
2953 4620 3246 4691 impietatis
3278 4622 3469 4675 inven-

1896 4720 2038 4766 tores
2080 4714 2406 4765 exstiterunt
2459 4710 2570 4778 jam
2604 4713 2731 4766 olim
2786 4720 2841 4766 et
2890 4712 3040 4765 multi
3093 4713 3307 4782 quidem
3337 4713 3471 4776 alii;

1893 4818 2035 4856 nunc
2069 4817 2196 4856 vero
2256 4801 2565 4866 Nestorius,
2594 4811 2648 4855 et
2693 4802 2784 4871 qui
2819 4787 2938 4855 cum
2970 4802 3061 4855 illo
3098 4809 3243 4864 sunt,
3277 4815 3463 4854 eorum

1894 4893 2157 4961 impietati
2219 4893 2359 4945 nulla
2414 4893 2468 4947 in
2522 4904 2678 4962 parte
2721 4894 2990 4954 cedentes,
3048 4893 3116 4947 ad
3164 4893 3463 4963 priscorum

1892 4979 2286 5037 Phariszcorum
2317 4983 2623 5052 exemplum
2672 4984 2933 5038 adversus
2964 4981 3239 5037 Christum
3268 4997 3326 5036 se
3360 4982 3467 5035 eri-

1894 5083 2044 5143 gunt,
2068 5082 2423 5142 proterveque
2447 5074 2814 5127 vociferantur
2845 5092 2858 5128 :
2902 5092 2919 5124 ι
2961 5072 3070 5128 Cur
3098 5083 3176 5141 tu,
3212 5089 3332 5128 cum
3364 5074 3460 5127 ho-

1895 5179 1982 5217 mo
2010 5164 2104 5227 sis,
2127 5162 2258 5217 facis
2283 5163 2509 5232 teipsum
2546 5164 2711 5217 Deum
2738 5164 2805 5217 ’ἲ
2846 5183 2864 5216 ›
2896 5164 3024 5217 Erat
3054 5164 3234 5231 itaque
3273 5176 3463 5217 neces-

1896 5255 2120 5319 sarium,
2150 5264 2205 5307 ut
2231 5255 2490 5310 adversus
2521 5253 2734 5309 illorum
2764 5270 3045 5312 sermones
3085 5271 3184 5311 nos
3213 5255 3463 5323 accinge-

282 5436 297 5465 ¹
324 5434 485 5489 l‘rov.
521 5450 638 5502 vnt,
669 5436 725 5502 9,
756 5435 1052 5491 secundum
1083 5432 1249 5488 LXX.
1312 5433 1332 5462 ³
1358 5430 1401 5486 ιι
1432 5431 1558 5486 Cor.
1598 5446 1674 5498 tv,
1697 5429 1751 5485 4.
1814 5431 1822 5461 ³

1895 5430 2049 5487 latth.
2083 5446 2172 5499 xv,
2204 5433 2290 5488 Η.
2349 5434 2516 5489 ‘ibid.
2605 5433 2666 5491 ⁸1
2701 5434 2843 5492 Tim.
2874 5450 2914 5504 ι,
2938 5436 2987 5492 7,
3053 5434 3074 5465 ⁸
3096 5433 3255 5492 Joan.
3283 5448 3336 5496 ι,
3364 5432 3462 5489 2i.

1234 5586 1410 5643 Variae
1444 5584 1705 5641 lectiones
1733 5600 1800 5642 ex
1832 5586 2017 5645 codice
2049 5587 2423 5660 Seguieriano.

405 5746 592 5800 “ri/au.
670 5744 699 5783 δ
728 5743 826 5814 τῆς
856 5759 1018 5800 τινων
1045 5740 1476 5813 ἀθυροστομίας.
1555 5749 1576 5779 ε
1618 5740 1712 5794 καί
1744 5738 1848 5796 ἔτι.
