4088 6462
189 367 296 422 297

1219 362 1639 421 εχιιιιιοιιτιο
1676 358 2037 417 ουοοικιιιι
2068 328 2400 415 οιριτυιιζ

3342 359 3446 415 298

188 489 452 559 μετέσχεν
475 484 727 553 αἵματος,
763 485 857 538 καὶ
880 485 1082 556 σαρκός
1103 501 1119 515 ο
1149 485 1471 555 γεγέννηται
1494 482 1603 554 γὰρ
1624 481 1768 536 κατὰ

1874 486 1958 535 est
1991 478 2137 533 enim
2178 478 2476 531 secundum
2505 489 2723 530 carnem
2753 490 2819 529 ex
2873 484 3062 531 sancta
3103 475 3346 547 Virgine,
3393 488 3450 532 et

186 580 373 651 σάρκα
419 580 485 631 ἐκ
521 578 621 649 τῆς
670 577 831 647 ἁγίας
875 577 1177 650 Παρθένου,
1224 578 1317 632 καὶ
1354 577 1638 647 ἄνθρωπος
1679 574 1771 643 γέ-

180 686 313 738 γονε
350 679 365 719 ι
403 667 529 723 καθ’
564 669 733 740 ὴμᾶς,
777 670 875 723 οὐκ
905 667 1279 740 άπολισθήσας
1314 668 1408 722 τοῦ
1435 662 1573 722 εἶναι
1597 666 1733 728 Θεός
1753 682 1769 697 ’

184 759 265 830 μὴ
295 758 540 828 γένοιτο·
590 758 709 813 ἀλλ’
752 758 828 812 ὢν
870 760 1010 830 ὅπερ
1050 755 1141 830 ἦν,
1192 761 1289 813 καὶ
1335 756 1660 830 μεμενηκὼς
1712 758 1771 811 ἐν

177 852 250 921 τῇ
287 852 388 921 τῆς
414 850 672 923 θεότητος
697 850 861 921 φύσει
886 868 945 904 τε
974 852 1069 904 καὶ
1088 852 1239 924 δόξῃ.
1279 853 1468 922 Φαμὲν
1494 847 1586 904 οὖν
1609 849 1773 904 αὐτὸν

179 939 473 1012 ἄνθρωπον
508 942 860 1013 γεγενῆσθαι,
895 943 957 996 οὐ
1001 942 1211 1014 τροπὴν
1254 942 1630 1011 ὖπομείναντα
1673 943 1773 1014 τὴν

180 1033 265 1096 είς
298 1033 437 1104 ὅπερ
470 1034 580 1087 οὐκ
618 1029 710 1098 ἦν,
752 1036 858 1088 οὐκ
909 1034 1229 1089 ἀλλοίωσιν⁸
1278 1034 1368 1088 ἀεὶ
1403 1034 1513 1106 γάρ
1553 1036 1701 1088 ἐστιν
1744 1036 1774 1088 6

181 1122 370 1188 αὐτὸς,
398 1124 496 1178 καὶ
522 1125 734 1195 τροπῆς
767 1127 1127 1197 ἀποσκίασμα
1154 1124 1350 1179 παθεῖν
1374 1126 1476 1180 οὐκ
1499 1126 1769 1195 ἀνέχεται.

196 1214 341 1267 Ἀλλ’
368 1215 493 1269 ούᾶ
523 1217 770 1287 φυρμὸν,
820 1218 857 1287 ἢ
906 1218 1191 1289 ἀνάχυσιν,
1239 1218 1274 1288 ἢ
1322 1218 1629 1288 σύγκρασιν
1673 1219 1771 1288 τῆς

180 1305 374 1371 οὐσίας
418 1306 584 1360 αὑτοῦ
629 1308 768 1379 πρὸς
815 1310 917 1381 τὴν
963 1311 1146 1382 σάρκα
1171 1311 1499 1380 γεγενῆσθαι
1538 1308 1771 1381 διοριζό-

184 1397 365 1465 μεθαο
397 1400 574 1469 φαμὲν
600 1401 663 1454 δὲ
688 1401 719 1441 κ
754 1402 921 1474 σαρκὶ
951 1401 1138 1473 ψυχὴν
1170 1402 1373 1475 ἐχούσῃ
1418 1406 1516 1476 τὴν
1548 1405 1773 1475 λογικὴν

180 1488 427 1557 ἡνῶσθαι
455 1489 547 1543 τὸν
572 1492 745 1560 Λόγον
765 1492 910 1564 ὑπὲρ
946 1493 1071 1547 νοῦν
1094 1511 1153 1547 τε
1178 1496 1273 1548 καὶ
1301 1498 1649 1568 ἁπορῤήτως,
1679 1499 1773 1550 καὶ

180 1579 261 1643 ὡς
304 1581 462 1651 μόνος
487 1578 627 1637 οἶδεν
657 1584 843 1648 αὐτός.
883 1585 1092 1639 Οὐκοῦν
1132 1589 1409 1658 μεμένηκε
1428 1588 1567 1654 Θεὸς
1592 1590 1685 1644 καὶ
1714 1591 1772 1643 ὲν

182 1672 489 1743 προσλήψει
543 1674 778 1744 σαρκόςο
838 1675 931 1729 καὶ
976 1677 1124 1730 ἐστιν
1176 1672 1261 1742 εἷς
1298 1680 1426 1743 Υἱὸς
1475 1680 1571 1733 τοῦ
1610 1680 1769 1745 Θεοῦ,

181 1763 279 1815 καὶ
314 1764 549 1834 Πατρὺς,
587 1769 616 1820 6
639 1767 848 1838 Κύριος
877 1767 1039 1838 ἡμῶν
1078 1767 1287 1839 Ἰησοῦς
1315 1770 1580 1841 Χριστός⁶
1620 1773 1647 1823 6
1677 1773 1773 1824 αὖ·

1870 584 2023 640 2eque
2048 584 2114 623 ac
2139 583 2257 633 nos,
2292 569 2456 624 homo
2502 567 2706 622 factum
2755 576 2860 632 est,
2897 581 3005 621 non
3047 570 3301 623 amittens
3326 584 3450 623 esse

1872 662 2040 718 Deum
2071 661 2299 732 (absit!)
2326 660 2421 715 sed
2454 660 2723 715 exsisteus
2749 658 2895 728 quod
2927 666 3067 723 erat,
3095 668 3149 713 et
3170 659 3226 713 in
3256 659 3452 714 divini-

1871 754 1999 809 tatis
2043 761 2235 813 natura
2278 761 2334 807 et
2361 752 2532 822 gloria
2586 765 2931 821 permanens.
2984 750 3226 805 Dicimus
3262 751 3449 817 igitur,

1872 842 2047 911 ipsum
2077 842 2209 913 (Dei
2240 840 2513 911 Verbum)
2558 841 2832 895 hominem
2860 854 2980 895 esse
3004 840 3231 903 factum,
3256 852 3357 891 nec
3380 841 3451 893 οι»

1872 933 1925 988 id
1956 942 2138 989 tamen
2162 947 2377 988 versum
2404 932 2454 985 in
2486 932 2539 987 id
2599 932 2742 1003 quod
2773 947 2878 985 non
2933 938 3077 996 erat,
3111 944 3218 984 non
3248 928 3453 985 altera-

1873 1025 2192 1080 mmzidem
2242 1025 2387 1080 enim
2434 1039 2654 1094 semper
2688 1032 2795 1087 est,
2850 1036 3028 1091 neque
3074 1020 3454 1077 conversionis

1871 1116 2341 1171 obumbrationem
2371 1116 2479 1185 pati
2506 1116 2740 1169 susdnet
2773 1115 2837 1169 “.
2895 1113 3001 1168 Sed
3055 1128 3234 1183 neque
3281 1113 3449 1167 ullam

1872 1206 2123 1262 essentite
2157 1206 2299 1260 illius
2329 1220 2450 1260 cum
2486 1220 2653 1260 carne
2698 1204 3159 1268 commistionem,
3193 1213 3287 1259 aut
3314 1219 3453 1259 con»

1872 1297 2163 1361 fusionem,
2200 1305 2294 1351 aut
2319 1298 2725 1353 concretionem
2753 1296 2951 1350 factam
2976 1310 3098 1350 esse
3114 1296 3411 1350 statuimus
3430 1312 3453 1352 ε

1873 1391 2169 1446 asset-imus
2216 1397 2422 1452 autem,
2488 1388 2719 1443 Verbum
2769 1387 2921 1441 carni
2966 1387 3149 1441 anima
3200 1384 3456 1442 rationali

1873 1483 2125 1553 perfectae
2153 1493 2208 1536 et
2242 1480 2573 1544 informata),
2640 1481 2800 1535 modo
2847 1494 3009 1550 quem
3062 1481 3236 1549 ipsum
3273 1482 3444 1536 solum

1873 1574 2022 1629 novit
2054 1576 2077 1643 (
2100 1584 2300 1629 nostra:
2324 1573 2475 1627 enim
2521 1572 2718 1627 mentis
2774 1583 2991 1643 captum
3028 1573 3145 1628 haec
3176 1588 3263 1629 res
3287 1588 3439 1628 exce-

1874 1668 2017 1736 dit),
2057 1667 2270 1720 unitum
2299 1681 2441 1720 esse.
2472 1664 2673 1719 Mansit
2722 1666 2904 1734 itaque
2940 1667 3089 1720 Deus
3119 1668 3283 1720 etiam
3330 1673 3453 1735 post

1875 1756 2299 1826 assumptionem
2361 1755 2796 1823 carnis;estque
2828 1768 2970 1809 unus
3023 1752 3118 1809 Dei
3170 1763 3225 1810 et
3272 1752 3454 1809 Patris

179 1857 275 1918 τὸς
308 1858 404 1910 καὶ
430 1859 540 1928 πρὸ
570 1861 773 1924 παντὸς
799 1861 1016 1923 αἰῶνος,
1050 1862 1145 1914 καὶ
1175 1862 1388 1932 χρόνου,
1413 1862 1548 1915 καθὸ
1576 1865 1771 1916 νοεῖται

1877 1848 2045 1903 Filius
2072 1848 2333 1903 Dominus
2360 1856 2547 1901 noster
2564 1843 2729 1901 Jesus
2764 1844 3035 1910 Christus,
3073 1847 3216 1902 idem
3244 1856 3300 1901 et
3329 1855 3455 1901 ante

180 1948 380 2014 Λόγος,
418 1950 514 2003 καὶ
543 1952 834 2023 χαρακτὴρ
862 1952 962 2021 τῆς
994 1953 1348 2015 ὑποστάσεως
1382 1953 1568 2018 αὑτοῦ,
1601 1955 1694 2007 καὶ
1720 1957 1778 2008 ὲν

179 2041 440 2109 ἐσχάτοις
485 2047 698 2111 καιροῖς
748 2045 1107 2115 οἰκονομικῶς
1167 2046 1451 2117 ἄνθρωπος
1504 2046 1573 2099 δι’
1631 2048 1777 2118 ἡμᾶς

179 2132 451 2199 γεγονώς.
495 2134 711 2205 Ἐπειδὴ
731 2136 788 2189 δὲ
815 2136 1101 2207 ἀναιροῦσί
1122 2154 1268 2200 τινες
1301 2137 1398 2207 τὴν
1430 2137 1571 2191 κατὰ
1597 2138 1777 2210 σάρκα

180 2222 445 2295 γέννησιν
482 2225 664 2289 αὐτοῦ,
699 2225 799 2295 τὴν
840 2228 905 2280 ὲκ
943 2228 1041 2297 τῆς
1085 2227 1246 2296 άγίας
1291 2228 1571 2298 Παρθένου
1617 2244 1778 2296 γεγε-

183 2313 431 2384 νημένην
462 2316 555 2368 ἐπὶ
588 2318 834 2389 σωτηρίᾳ
865 2317 976 2370 τῶν
1016 2318 1179 2379 ὅλων,
1210 2319 1311 2371 οὐκ
1348 2320 1427 2382 είς
1472 2318 1649 2390 ἀρχὴν
1678 2319 1773 2373 τοῦ

184 2398 328 2455 εἶναι
361 2404 632 2458 καλοῦσαν
662 2407 849 2471 αὐτὸν,
881 2407 997 2461 ἀλλ’
1026 2408 1114 2461 ἵνα
1159 2409 1305 2478 ἡμᾶς
1352 2407 1636 2478 ἀπαλλάξῃ
1683 2408 1775 2461 θα-

184 2493 370 2561 νάτου,
428 2496 525 2549 καὶ
582 2495 811 2568 φθορᾶς,
869 2498 1114 2567 γεγονὼς
1165 2497 1287 2552 καθ’
1346 2501 1493 2569 ἡμᾶς
1528 2541 1540 2553 .
1571 2498 1775 2569 ταύτης

181 2587 351 2642 ἓνεκα
384 2589 481 2660 τῆς
506 2592 687 2653 αίτίας
718 2594 746 2644 ὁ
777 2591 994 2662 πρῶτος
1022 2592 1155 2662 ἡμῖν
1203 2590 1644 2661 ἀναθεματισμὸς
1670 2609 1775 2645 κα-

178 2680 497 2753 τακέκραγε
542 2683 643 2753 μὲν
676 2684 775 2754 τῆς
811 2683 1037 2738 ἐκείνων
1072 2685 1460 2750 κακοπιστίας,
1494 2684 1554 2738 τὸ
1596 2685 1655 2737 δὲ
1683 2685 1776 2758 ὀρ-

180 2772 295 2836 θῶς
328 2772 451 2843 ἕχον
486 2774 759 2843 ὁμολογεῖ,
788 2775 923 2828 Θεὸν
952 2771 1092 2828 εἶναι
1126 2774 1301 2843 λέγων
1325 2774 1466 2830 κατὰ
1512 2774 1774 2847 ἀλήθειαν

176 2864 273 2916 τὸν
305 2864 694 2936 Ἐμμανουήλο
729 2868 824 2919 καὶ
856 2865 945 2919 διὰ
976 2865 1137 2919 τοῦτο
1165 2866 1427 2919 Θεοτόκον
1460 2868 1560 2936 τὴν
1612 2867 1773 2935 ἁγίαν

181 2954 486 3025 Παρθένον.

629 3173 1127 3229 ΑΝΑΘΕΜΑΤΙΣΜ
1134 3177 1215 3228 ΟΣ
1258 3178 1329 3229 B'.

254 3306 327 3361 Εἴ
344 3325 429 3371 τις
455 3307 558 3377 οὐχ
582 3307 837 3377 ὁμολογεί
863 3308 1030 3377 σαρκὶ
1058 3308 1181 3361 καθ’
1201 3308 1501 3362 ὑπόστασιν
1532 3310 1772 3379 ἡνῶσθαι

178 3401 275 3454 τὸν
322 3401 390 3453 ὲκ
436 3398 575 3453 Θεοῦ
626 3398 842 3469 Πατρὺς
872 3399 1065 3467 Λόγον,
1099 3398 1197 3453 ἕνα
1242 3416 1303 3452 τε
1353 3396 1492 3453 εἶναι
1542 3402 1774 3471 Χριστὸν

185 3490 330 3561 μετὰ
376 3490 481 3560 τῆς
522 3489 655 3552 ἰδίας
691 3489 913 3560 σαρκὸς,
944 3489 1036 3544 τὸν
1079 3490 1242 3545 αὐτὸν
1280 3490 1522 3560 δηλονότι
1552 3492 1686 3545 Θεόν
1713 3509 1773 3544 τε

178 3582 345 3647 ὀαοῦ,
393 3582 492 3637 καὶ
528 3580 834 3654 ἄνθρωπον*
874 3580 1123 3652 ἀνάθεμα
1151 3581 1311 3637 ἔστω.

774 3694 1085 3760 Ἐπίλυσις
1128 3693 1211 3757 β’.

268 3813 333 3865 '0
390 3809 675 3875 θεσπέσιος
721 3807 924 3880 γράφει
959 3803 1195 3869 Παῦλος,
1242 3806 1271 3858 6
1314 3805 1423 3857 τῶν
1473 3804 1631 3857 θείων
1673 3822 1775 3875 μυο

176 3903 433 3975 στηρίων
487 3900 799 3972 ἱερουργός·
855 3918 873 3950 ι
937 3895 1416 3968 Ὀμολογουμένως
1463 3895 1608 3966 μέγα
1656 3895 1773 3949 ἐστὶ

172 4000 240 4053 τὸ
268 4001 374 4070 τῆς
420 3995 708 4058 εὐσεϐείας
750 3993 1067 4066 μυστήριον·
1100 3990 1232 4053 Θεὸς
1272 3992 1331 4043 ὲν
1379 3989 1543 4060 σαρκὶ
1577 3989 1773 4057 ἐφανε-

176 4089 371 4164 ρώθηο
429 4086 723 4159 ἐδικαιώθη
787 4087 845 4138 ὲν
901 4083 1173 4154 πνεύματι
1206 4099 1220 4113 ·
1273 4081 1429 4153 ὤφθη
1480 4080 1768 4149 ἀγγέλοιςο

174 4178 471 4252 ἐκηρύχθη
498 4178 707 4231 ἔθνεσιν
730 4194 745 4209 ·
775 4174 1073 4244 ἐπιστεύθη
1120 4175 1178 4227 ὲν
1213 4172 1401 4243 κόσμῳ
1426 4189 1441 4203 ο
1493 4169 1770 4243 ἀνελήφθη

173 4276 237 4327 ὲν
264 4270 419 4345 δόξῃ.
459 4290 476 4322 ι
515 4270 581 4323 Τί
606 4264 698 4322 οὖν
730 4269 845 4320 ἐστι
869 4268 948 4330 τὸ,
988 4286 1005 4317 ι
1053 4262 1484 4334 Ἐφανερώθηξὲν
1513 4262 1711 4334 σαρκί;
1746 4282 1763 4313 ι

170 4362 453 4424 τουτέστι,
488 4360 684 4429 Γέγονε
717 4357 856 4430 σὰρξ
879 4362 906 4412 6
946 4362 1009 4413 ὲκ
1047 4358 1181 4412 Θεοῦ
1225 4358 1440 4427 Πατρὺς
1480 4356 1671 4426 Λόγος,
1708 4358 1767 4410 ού

172 4454 323 4507 κατὰ
354 4452 711 4533 μετάστασιν,
748 4451 782 4522 ἢ
813 4450 1041 4523 τροπὴν,
1084 4453 1185 4521 τῆς
1213 4449 1407 4503 ἑαυτοῦ
1449 4448 1664 4517 φύσεως
1689 4450 1769 4513 είς

1877 1956 2036 1996 omne
2066 1940 2320 1996 saeculum
2353 1948 2408 1993 et
2443 1948 2678 2007 tempus,
2714 1947 2985 2006 quatenus
3008 1938 3240 1995 Verbum
3261 1938 3455 1993 intelli-

1878 2034 2042 2103 gitur,
2078 2031 2325 2101 etﬁgura
2346 2030 2679 2085 substantia:
2717 2030 2834 2099 ejus
2861 2029 2931 2096 “,
2956 2040 3011 2083 et
3046 2030 3099 2083 in
3139 2029 3454 2083 novissimis

1878 2122 2212 2192 temporibus
2234 2120 2631 2189 dispensatoria
2660 2122 2873 2175 ratione
2900 2120 3070 2174 nostri
3092 2134 3257 2175 causa
3291 2122 3455 2177 homo

1874 2213 2074 2269 factus.
2104 2214 2239 2279 Quia
2272 2226 2402 2266 vero
2429 2211 2671 2265 nonnulli
2714 2211 3056 2267 nativitatem
3080 2213 3229 2268 illius
3255 2228 3451 2268 secun-

1875 2305 2001 2359 dum
2037 2316 2260 2356 carnem
2312 2311 2534 2369 propter
2560 2301 2801 2355 omnium
2836 2302 3089 2367 salutem,
3139 2318 3246 2371 qua
3277 2304 3455 2359 editus

1877 2403 1960 2448 est
1980 2408 2047 2448 ex
2077 2401 2264 2447 sancta
2294 2392 2538 2462 Virgine,
2570 2391 2879 2446 inliciantur
2901 2392 3054 2463 (quae
3082 2394 3335 2448 nativitas
3353 2394 3456 2449 hoc

1877 2485 1952 2540 illi
1983 2499 2089 2539 non
2119 2485 2368 2549 contulit,
2400 2494 2460 2538 ut
2496 2492 2606 2538 tum
2641 2484 2874 2553 primum
2908 2498 3027 2538 esse
3057 2484 3337 2557 inciperet,
3360 2485 3456 2541 sed

1877 2588 1936 2632 ut
1965 2577 2121 2632 nobis
2186 2577 2385 2632 similis
2450 2577 2624 2631 factus
2678 2592 2706 2628 a
2759 2586 2934 2631 morte
2995 2586 3049 2630 et
3106 2577 3457 2645 corruptione

1879 2684 1979 2724 nos
2022 2670 2346 2739 liberaret):
2376 2668 2537 2740 148
2568 2677 2853 2738 propterea
2898 2669 3105 2737 primus
3152 2669 3238 2722 hic
3274 2678 3457 2722 noster

1876 2761 2362 2814 anathematismus
2418 2761 2469 2812 iu
2516 2774 2824 2829 perversam
2870 2760 3084 2814 illorum
3115 2759 3275 2813 [idem
3305 2762 3456 2813 inre-

1875 2853 2023 2907 hitur
2051 2870 2065 2907 :
2097 2863 2208 2907 tum
2244 2868 2392 2916 vero,
2420 2854 2563 2922 quod
2604 2862 2765 2908 rectae
2802 2854 2924 2907 ﬁdei
2977 2862 3082 2918 est,
3144 2852 3454 2919 confitetur,

1877 2941 2286 2996 Emmanuelem
2351 2942 2646 2997 secundum
2689 2942 2972 2995 veritatem
3003 2939 3173 2995 Deum
3220 2956 3344 2998 esse
3374 2942 3455 2996 di-

1876 3048 2004 3086 cens
2058 3042 2222 3101 atque
2264 3034 2384 3086 ideo
2418 3042 2662 3087 sanctam
2689 3032 2970 3103 Virginem
3006 3033 3313 3103 Deiparam.

2300 3151 2942 3222 ANATHE‘MATISMUS
2974 3163 3036 3219 ll.

1948 3305 2004 3359 Si
2043 3304 2164 3373 quis
2188 3318 2295 3357 non
2324 3302 2635 3367 conﬁtetur,
2685 3301 2778 3355 Dei
2813 3300 2991 3356 Patris
3027 3299 3265 3357 Verbum
3303 3317 3455 3359 carm

1876 3398 2171 3451 secundum
2230 3394 2561 3467 hypostasim
2610 3393 2846 3459 unitum,
2883 3409 3158 3465 unumque
3201 3410 3303 3449 una
3329 3410 3451 3451 cum

1876 3504 1972 3541 sua
2021 3503 2185 3542 carne
2212 3502 2337 3542 esse
2365 3486 2665 3548 Christum,
2700 3485 2953 3541 eumdem
2999 3486 3256 3542 nimirum
3285 3487 3455 3543 Deum

1875 3579 2035 3632 simul
2059 3588 2114 3634 et
2146 3579 2446 3641 hominem,
2483 3577 2769 3630 anathema
2798 3576 2888 3631 sit.

2363 3690 2685 3761 Explanatio
2715 3690 2966 3743 secunda.

1947 3805 2173 3860 Divinus
2207 3803 2429 3870 Paulus,
2477 3820 2631 3860 sacer
2673 3804 2763 3859 ille
2797 3805 3102 3859 divinorum
3163 3806 3435 3875 mysterio

1878 3914 1993 3951 rum
2031 3897 2323 3966 interpres,
2382 3894 2458 3949 ita
2507 3894 2747 3950 scribit:
2794 3912 2813 3945 ι
2876 3895 3159 3949 Manifeste
3202 3910 3451 3964 magnum

1874 4001 1956 4048 est
2008 3992 2224 4061 pietatis
2280 3998 2682 4043 sacramentum
2711 4006 2723 4041 :
2755 3988 2899 4043 Deus
2952 3988 3329 4045 manil‘estatus
3370 3998 3454 4043 est

1875 4084 1928 4136 in
1963 4080 2507 4150 earne,justilicatus
2542 4088 2625 4132 est
2650 4079 2702 4135 in
2744 4080 2962 4148 spiritu,
3012 4081 3451 4150 apparuitange-

1874 4174 1962 4236 lis,
1996 4173 2321 4242 praedicatus
2339 4180 2422 4224 est
2446 4170 2718 4241 gentibus,
2758 4171 2998 4223 creditus
3039 4171 3196 4224 estin
3229 4172 3450 4233 mundo,

1873 4275 2186 4336 assumptus
2233 4273 2318 4317 est
2373 4264 2425 4316 in
2465 4263 2636 4334 gloria
2663 4261 2725 4315 ⁸³.
2766 4280 2785 4312 ›
2824 4261 2963 4328 Quid
2996 4262 3157 4332 igitur
3186 4271 3268 4315 est
3310 4262 3451 4331 quod

1874 4359 2027 4422 dicit,
2066 4378 2082 4409 ι
2117 4358 2492 4411 Mauilestalus
2527 4365 2608 4410 est
2656 4356 2707 4408 in
2754 4368 2966 4409 carne!
3013 4374 3029 4405 ι
3068 4355 3170 4409 hoc
3199 4365 3308 4420 est,
3355 4356 3447 4435 ρει

1872 4451 2049 4504 Patris
2074 4447 2309 4503 Verbum
2341 4463 2471 4502 caro
2515 4447 2711 4500 factum
2758 4456 2880 4499 est:
2925 4461 3030 4499 non
3068 4447 3209 4517 quod
3256 4462 3452 4501 secun-

174 4545 365 4615 σάρκα
403 4542 945 4613 μεταπε-ποιημένης,
990 4541 1065 4603 ὡς
1105 4539 1204 4611 ἠδη
1247 4539 1601 4610 προείπομεν,
1636 4538 1769 4591 ίόἰαν

1876 4543 1999 4594 dum
2025 4541 2296 4610 propriam
2330 4547 2577 4593 naturam
2602 4553 2945 4602 conversum,
2981 4550 3069 4591 aut
3124 4548 3449 4591 Iransmuta-

172 4641 231 4693 δὲ
296 4636 500 4709 μᾶλλον
556 4634 925 4704 ποιησάμενος
971 4632 1151 4704 σάρκα
1198 4631 1296 4700 τὴν
1347 4632 1412 4683 ἐκ
1461 4632 1562 4700 τῆς
1611 4629 1771 4698 ἁγίας

174 4730 494 4801 Παρθένου,
536 4722 616 4789 εἷς
662 4727 757 4780 καὶ
798 4727 827 4778 6
856 4723 1019 4787 αὐτὸς
1071 4722 1427 4793 χρηματίζων
1477 4721 1631 4784 Υἱός·
1667 4721 1774 4792 πρὸ

178 4823 284 4892 μὲν
311 4819 413 4891 τῆς
438 4817 906 4888 ὲνανθρωπήσεως
931 4816 1005 4879 ὼς
1034 4814 1273 4884 ἄσαρκος
1305 4814 1382 4866 ἔτι
1414 4814 1604 4880 Λόγος,
1635 4812 1771 4882 μετὰ

173 4912 233 4966 δὲ
264 4911 368 4983 τὴν
396 4907 812 4981 ὲνανθρώπησιν
835 4905 915 4959 ἔτι
941 4908 968 4958 6
997 4904 1158 4967 αὐτὸς
1181 4905 1236 4958 ἐν
1265 4902 1477 4974 σώματι
1498 4902 1541 4956 ι.
1562 4904 1605 4955 Τ
1608 4902 1773 4973 αύτῃ-

173 5004 261 5057 τοί
298 5018 485 5072 φαμεν
511 5000 601 5054 τὸν
632 4999 796 5053 αὐτὸν
824 4998 1090 5069 ὑπάρχειν
1121 4996 1253 5050 Θεόν
1281 5013 1339 5047 τε
1371 4995 1506 5065 ὁμοῦ
1552 4995 1646 5048 καὶ
1673 4995 1768 5046 άν-

174 5096 424 5169 θρωπον,
452 5093 514 5147 οὒ
553 5092 852 5154 διιστάντες
897 5092 977 5153 εἰς
1018 5088 1305 5157 ἄνθρωπον
1351 5087 1532 5151 ίδικῶς
1572 5105 1631 5139 τε
1673 5087 1769 5140 καὶ

173 5187 456 5259 ἁναμέρος
489 5184 746 5256 κείμενον
794 5181 893 5252 τὴν
935 5180 1025 5231 ἐπ’
1054 5179 1203 5249 αὐτῷ
1245 5179 1500 5248 θεωρίαν,
1564 5178 1657 5229 καὶ
1689 5180 1766 5239 εἰς

173 5279 312 5331 Θεὸν
356 5277 530 5345 Λόγον
563 5274 779 5339 ίδικῶς’
810 5275 895 5327 ἵνα
942 5272 1015 5343 μὴ
1056 5271 1149 5324 δύο
1186 5270 1397 5341 νοῶμεν
1442 5271 1610 5333 υἱοὺς,
1652 5269 1763 5320 ἀλλ’

709 5456 750 5485 ¹⁹
777 5454 940 5507 Hebr.
976 5470 1012 5512 ι,
1040 5452 1093 5505 5.
1176 5450 1257 5501 ¹³Ι
1294 5448 1436 5501 Tim.
1469 5463 1547 5511 ιιι,
1584 5447 1665 5501 16.

251 5460 295 5489 ¹¹
322 5455 438 5510 Jac.
469 5472 508 5519 ι,
543 5455 630 5509 l7.

1873 4644 1984 4686 tum
2036 4632 2108 4687 sit
2162 4634 2213 4686 in
2238 4646 2482 4696 carnem,
2519 4640 2578 4685 ut
2610 4632 2768 4685 modo
2816 4631 3130 4684 dicebamus
3166 4646 3180 4695 ;
3230 4630 3325 4683 sed
3358 4643 3449 4695 po-

1872 4722 1979 4777 tius
2045 4722 2186 4788 quod
2252 4735 2475 4775 carnem
2545 4735 2610 4773 ex
2667 4731 2854 4773 sancta
2902 4717 3125 4788 Virgine
3179 4729 3447 4786 sumptam

1872 4813 2145 4882 prepriam
2168 4813 2265 4866 sibi
2294 4811 2504 4877 fecerit,
2523 4827 2662 4866 unus
2682 4812 2930 4880 idemque
2954 4809 3120 4865 Filius
3149 4810 3444 4864 exsistens:

1873 4915 1998 4959 ante
2041 4904 2471 4959 incarnationem
2523 4904 2740 4974 quidem
2776 4914 3026 4971 tanquam
3060 4901 3295 4956 Verbum
3326 4910 3446 4955 tau-

1874 5006 1987 5049 tum
2018 4997 2197 5050 carnis
2234 5009 2473 5065 expers;
2509 5004 2629 5064 post
2677 4994 3103 5049 incarnationem
3139 5008 3266 5046 vero
3308 4993 3446 5047 idem

1874 5090 2033 5143 etiam
2070 5090 2120 5143 in
2144 5104 2390 5158 corpore.
2420 5089 2489 5141 At
2532 5090 2659 5144 hinc
2717 5097 2802 5142 est
2867 5096 2924 5140 ιιι
2981 5088 3228 5140 eumdem
3280 5084 3445 5140 Deum

1874 5179 2034 5234 simul
2071 5191 2125 5233 et
2173 5181 2444 5233 hominem
2504 5195 2623 5235 esse
2662 5180 2926 5241 (litratttus,
2971 5194 3076 5231 non
3132 5178 3449 5232 divellentes

1873 5286 1993 5323 eum
2055 5272 2104 5324 in
2149 5270 2420 5326 hominem
2464 5286 2705 5325 seorsum
2739 5286 2833 5339 per
2876 5285 2932 5323 se
2975 5269 3230 5340 positum,
3284 5278 3338 5319 ιιι
3396 5268 3444 5318 in

1242 5604 1413 5658 Variae
1448 5604 1711 5655 lectiones
1735 5617 1796 5653 ex
1832 5599 2017 5653 codice
2045 5597 2422 5666 Seguieriano.

258 5772 273 5822 ὃ
314 5772 545 5839 πέφηνε.
624 5768 647 5806 ιι
676 5766 806 5837 γάρ.
886 5762 903 5802 ι
940 5767 968 5817 6
1001 5766 1158 5825 αὐτὸς
1194 5760 1525 5829 ὲνσὼματος.

386 5866 665 5927 Pareat.
707 5863 817 5922 Gn.
876 5860 1145 5921 LXXVI.

3056 5845 3125 5907 ll)
