  <div class='ocr_page' id='page_1' title='image "/cluster/home/n/w/nwhite01/storage/ocr_20150623/76/hvd.32044019207943/157.png"; bbox 0 0 4088 6464; ppageno 0'>
   <div class='ocr_carea' id='block_1_1' title="bbox 646 356 755 415">
    <p class='ocr_par' dir='ltr' id='par_1_1' title="bbox 646 356 755 415">
     <span class='ocr_line' id='line_1_1' title="bbox 646 356 755 415; baseline 0.009 -2"><span class='ocrx_word' id='word_1_1' title='bbox 646 356 755 415; x_wconf 69' lang='grc'><strong>209</strong></span> 
     </span>
    </p>
   </div>
   <div class='ocr_carea' id='block_1_2' title="bbox 1687 345 2943 403">
    <p class='ocr_par' dir='ltr' id='par_1_2' title="bbox 1687 345 2943 403">
     <span class='ocr_line' id='line_1_2' title="bbox 1687 345 2943 403; baseline 0 -1"><span class='ocrx_word' id='word_1_2' title='bbox 1687 347 1745 403; x_wconf 89' lang='lat' dir='ltr'><strong>S.</strong></span> <span class='ocrx_word' id='word_1_3' title='bbox 1784 345 2067 403; x_wconf 80' lang='lat' dir='ltr'><strong>CYRILLI</strong></span> <span class='ocrx_word' id='word_1_4' title='bbox 2102 345 2580 403; x_wconf 79' lang='lat' dir='ltr'><strong>ALEXANDRlNl</strong></span> <span class='ocrx_word' id='word_1_5' title='bbox 2617 345 2943 403; x_wconf 81' lang='lat' dir='ltr'><strong>ARCHIEP.</strong></span> 
     </span>
    </p>
   </div>
   <div class='ocr_carea' id='block_1_3' title="bbox 3827 349 3925 409">
    <p class='ocr_par' dir='ltr' id='par_1_3' title="bbox 3827 349 3925 409">
     <span class='ocr_line' id='line_1_3' title="bbox 3827 349 3925 409; baseline 0.02 -2"><span class='ocrx_word' id='word_1_6' title='bbox 3827 349 3925 409; x_wconf 70' lang='lat'><strong>390</strong></span> 
     </span>
    </p>
   </div>
   <div class='ocr_carea' id='block_1_4' title="bbox 586 463 2240 541">
    <p class='ocr_par' dir='ltr' id='par_1_4' title="bbox 586 465 2240 541">
     <span class='ocr_line' id='line_1_4' title="bbox 586 465 2240 541; baseline -0.004 -14"><span class='ocrx_word' id='word_1_7' title='bbox 586 528 594 541; x_wconf 72' lang='grc'><strong>,</strong></span> <span class='ocrx_word' id='word_1_8' title='bbox 651 470 819 527; x_wconf 87' lang='lat' dir='ltr'><strong>Deum</strong></span> <span class='ocrx_word' id='word_1_9' title='bbox 848 467 1085 525; x_wconf 83' lang='lat' dir='ltr'><strong>Verbum</strong></span> <span class='ocrx_word' id='word_1_10' title='bbox 1125 466 1420 538; x_wconf 90' lang='lat' dir='ltr'><strong>sejunctim</strong></span> <span class='ocrx_word' id='word_1_11' title='bbox 1459 479 1557 535; x_wconf 89' lang='lat' dir='ltr'><strong>per</strong></span> <span class='ocrx_word' id='word_1_12' title='bbox 1608 479 1667 520; x_wconf 91' lang='lat' dir='ltr'><strong>sc</strong></span> <span class='ocrx_word' id='word_1_13' title='bbox 1701 465 2131 529; x_wconf 92' lang='lat' dir='ltr'><strong>consideratum,</strong></span> <span class='ocrx_word' id='word_1_14' title='bbox 2176 480 2240 520; x_wconf 86' lang='lat' dir='ltr'><strong>ne</strong></span> 
     </span>
    </p>
   </div>
   <div class='ocr_carea' id='block_1_5' title="bbox 2343 463 3922 541">
    <p class='ocr_par' dir='ltr' id='par_1_5' title="bbox 2349 463 3922 538">
     <span class='ocr_line' id='line_1_5' title="bbox 2349 463 3922 538; baseline 0.005 -21"><span class='ocrx_word' id='word_1_15' title='bbox 2349 464 2444 518; x_wconf 74' lang='grc' dir='ltr'><strong>ἕνα</strong></span> <span class='ocrx_word' id='word_1_16' title='bbox 2479 465 2572 519; x_wconf 74' lang='grc' dir='ltr'><strong>καὶ</strong></span> <span class='ocrx_word' id='word_1_17' title='bbox 2600 466 2690 519; x_wconf 89' lang='grc' dir='ltr'><strong>τὸν</strong></span> <span class='ocrx_word' id='word_1_18' title='bbox 2733 464 2897 519; x_wconf 81' lang='grc' dir='ltr'>αὐτὸν</span> <span class='ocrx_word' id='word_1_19' title='bbox 2923 463 3314 536; x_wconf 84' lang='grc' dir='ltr'>ὁμολογοῦντες</span> <span class='ocrx_word' id='word_1_20' title='bbox 3337 465 3429 521; x_wconf 88' lang='grc' dir='ltr'><strong>τὸν</strong></span> <span class='ocrx_word' id='word_1_21' title='bbox 3473 465 3638 521; x_wconf 77' lang='grc' dir='ltr'>αὑτὸν</span> <span class='ocrx_word' id='word_1_22' title='bbox 3674 468 3922 538; x_wconf 85' lang='grc' dir='ltr'>Χριστὸν,</span> 
     </span>
    </p>
   </div>
   <div class='ocr_carea' id='block_1_6' title="bbox 589 544 2236 627">
    <p class='ocr_par' dir='ltr' id='par_1_6' title="bbox 589 544 2236 627">
     <span class='ocr_line' id='line_1_6' title="bbox 589 544 2236 627; baseline -0.007 -8"><span class='ocrx_word' id='word_1_23' title='bbox 589 544 607 579; x_wconf 55' lang='grc'>³</span> <span class='ocrx_word' id='word_1_24' title='bbox 646 564 783 618; x_wconf 88' lang='lat' dir='ltr'><strong>duos</strong></span> <span class='ocrx_word' id='word_1_25' title='bbox 833 563 937 618; x_wconf 88' lang='lat' dir='ltr'><strong>hac</strong></span> <span class='ocrx_word' id='word_1_26' title='bbox 997 561 1212 615; x_wconf 83' lang='lat' dir='ltr'><strong>ratione</strong></span> <span class='ocrx_word' id='word_1_27' title='bbox 1285 558 1427 614; x_wconf 84' lang='lat' dir='ltr'><strong>ﬁlios</strong></span> <span class='ocrx_word' id='word_1_28' title='bbox 1477 556 2006 627; x_wconf 73' lang='lat' dir='ltr'><strong>intelligamus;sed</strong></span> <span class='ocrx_word' id='word_1_29' title='bbox 2072 571 2236 610; x_wconf 89' lang='lat' dir='ltr'><strong>unum</strong></span> 
     </span>
    </p>
   </div>
   <div class='ocr_carea' id='block_1_7' title="bbox 645 645 2239 721">
    <p class='ocr_par' dir='ltr' id='par_1_7' title="bbox 645 645 2239 721">
     <span class='ocr_line' id='line_1_7' title="bbox 645 645 2239 721; baseline -0.003 -15"><span class='ocrx_word' id='word_1_30' title='bbox 645 652 1002 721; x_wconf 74' lang='lat' dir='ltr'><strong>eamdemque</strong></span> <span class='ocrx_word' id='word_1_31' title='bbox 1032 650 1312 706; x_wconf 78' lang='lat' dir='ltr'><strong>Christum</strong></span> <span class='ocrx_word' id='word_1_32' title='bbox 1369 656 1424 703; x_wconf 88' lang='grc' dir='ltr'><strong>ει</strong></span> <span class='ocrx_word' id='word_1_33' title='bbox 1469 646 1668 702; x_wconf 87' lang='lat' dir='ltr'><strong>Filium</strong></span> <span class='ocrx_word' id='word_1_34' title='bbox 1713 656 1766 701; x_wconf 88' lang='lat' dir='ltr'><strong>et</strong></span> <span class='ocrx_word' id='word_1_35' title='bbox 1808 645 2094 700; x_wconf 89' lang='lat' dir='ltr'><strong>Dominum</strong></span> <span class='ocrx_word' id='word_1_36' title='bbox 2118 660 2239 702; x_wconf 89' lang='lat' dir='ltr'><strong>esse</strong></span> 
     </span>
    </p>
   </div>
   <div class='ocr_carea' id='block_1_8' title="bbox 645 736 2237 809">
    <p class='ocr_par' dir='ltr' id='par_1_8' title="bbox 645 736 2237 809">
     <span class='ocr_line' id='line_1_8' title="bbox 645 736 2237 809; baseline -0.004 -12"><span class='ocrx_word' id='word_1_37' title='bbox 645 743 987 799; x_wconf 77' lang='lat' dir='ltr'><strong>conﬁtentes.</strong></span> <span class='ocrx_word' id='word_1_38' title='bbox 1007 742 1109 809; x_wconf 86' lang='lat' dir='ltr'><strong>Qui</strong></span> <span class='ocrx_word' id='word_1_39' title='bbox 1142 750 1325 795; x_wconf 88' lang='lat' dir='ltr'><strong>autem</strong></span> <span class='ocrx_word' id='word_1_40' title='bbox 1358 740 1462 793; x_wconf 90' lang='lat' dir='ltr'><strong>hoc</strong></span> <span class='ocrx_word' id='word_1_41' title='bbox 1487 753 1645 793; x_wconf 89' lang='lat' dir='ltr'><strong>secus</strong></span> <span class='ocrx_word' id='word_1_42' title='bbox 1672 736 1876 792; x_wconf 88' lang='lat' dir='ltr'><strong>habere</strong></span> <span class='ocrx_word' id='word_1_43' title='bbox 1896 737 2237 801; x_wconf 80' lang='lat' dir='ltr'><strong>existimant,</strong></span> 
     </span>
    </p>
   </div>
   <div class='ocr_carea' id='block_1_9' title="bbox 646 828 2237 895">
    <p class='ocr_par' dir='ltr' id='par_1_9' title="bbox 646 828 2237 895">
     <span class='ocr_line' id='line_1_9' title="bbox 646 828 2237 895; baseline -0.003 -7"><span class='ocrx_word' id='word_1_44' title='bbox 646 844 740 889; x_wconf 91' lang='lat' dir='ltr'><strong>aut</strong></span> <span class='ocrx_word' id='word_1_45' title='bbox 787 850 894 890; x_wconf 89' lang='lat' dir='ltr'><strong>non</strong></span> <span class='ocrx_word' id='word_1_46' title='bbox 932 834 1008 888; x_wconf 91' lang='lat' dir='ltr'><strong>ita</strong></span> <span class='ocrx_word' id='word_1_47' title='bbox 1050 834 1240 889; x_wconf 88' lang='lat' dir='ltr'><strong>volunt</strong></span> <span class='ocrx_word' id='word_1_48' title='bbox 1284 832 1536 895; x_wconf 83' lang='lat' dir='ltr'><strong>credere,</strong></span> <span class='ocrx_word' id='word_1_49' title='bbox 1595 830 1691 883; x_wconf 82' lang='lat' dir='ltr'><strong>sed</strong></span> <span class='ocrx_word' id='word_1_50' title='bbox 1736 844 1902 882; x_wconf 90' lang='lat' dir='ltr'><strong>unum</strong></span> <span class='ocrx_word' id='word_1_51' title='bbox 1929 828 2125 883; x_wconf 77' lang='lat' dir='ltr'><strong>Filium</strong></span> <span class='ocrx_word' id='word_1_52' title='bbox 2182 828 2237 883; x_wconf 93' lang='lat' dir='ltr'><strong>in</strong></span> 
     </span>
    </p>
   </div>
   <div class='ocr_carea' id='block_1_10' title="bbox 646 921 2237 996">
    <p class='ocr_par' dir='ltr' id='par_1_10' title="bbox 646 921 2237 996">
     <span class='ocr_line' id='line_1_10' title="bbox 646 921 2237 996; baseline -0.006 -12"><span class='ocrx_word' id='word_1_53' title='bbox 646 930 784 984; x_wconf 88' lang='lat' dir='ltr'><strong>duos</strong></span> <span class='ocrx_word' id='word_1_54' title='bbox 806 926 1226 996; x_wconf 79' lang='lat' dir='ltr'><strong>dispertiuntur,</strong></span> <span class='ocrx_word' id='word_1_55' title='bbox 1247 934 1303 981; x_wconf 90' lang='lat' dir='ltr'><strong>et</strong></span> <span class='ocrx_word' id='word_1_56' title='bbox 1338 939 1460 994; x_wconf 74' lang='lat' dir='ltr'><strong>qua:</strong></span> <span class='ocrx_word' id='word_1_57' title='bbox 1507 935 1567 977; x_wconf 92' lang='lat' dir='ltr'><strong>re</strong></span> <span class='ocrx_word' id='word_1_58' title='bbox 1595 921 1711 992; x_wconf 86' lang='lat' dir='ltr'><strong>ipsa</strong></span> <span class='ocrx_word' id='word_1_59' title='bbox 1754 921 2043 991; x_wconf 84' lang='lat' dir='ltr'><strong>conjuncta</strong></span> <span class='ocrx_word' id='word_1_60' title='bbox 2090 930 2237 987; x_wconf 89' lang='lat' dir='ltr'><strong>sunt,</strong></span> 
     </span>
    </p>
   </div>
   <div class='ocr_carea' id='block_1_11' title="bbox 647 1012 2239 1088">
    <p class='ocr_par' dir='ltr' id='par_1_11' title="bbox 647 1012 2239 1088">
     <span class='ocr_line' id='line_1_11' title="bbox 647 1012 2239 1088; baseline -0.005 -14"><span class='ocrx_word' id='word_1_61' title='bbox 647 1036 676 1074; x_wconf 88' lang='lat' dir='ltr'><strong>a</strong></span> <span class='ocrx_word' id='word_1_62' title='bbox 722 1033 783 1074; x_wconf 92' lang='lat' dir='ltr'><strong>se</strong></span> <span class='ocrx_word' id='word_1_63' title='bbox 841 1018 1194 1088; x_wconf 73' lang='lat' dir='ltr'><strong>disjungunt,</strong></span> <span class='ocrx_word' id='word_1_64' title='bbox 1262 1017 1523 1085; x_wconf 88' lang='lat' dir='ltr'><strong>aiuntque</strong></span> <span class='ocrx_word' id='word_1_65' title='bbox 1590 1012 1865 1070; x_wconf 85' lang='lat' dir='ltr'><strong>hominem</strong></span> <span class='ocrx_word' id='word_1_66' title='bbox 1940 1013 2239 1068; x_wconf 88' lang='lat' dir='ltr'><strong>secundum</strong></span> 
     </span>
    </p>
   </div>
   <div class='ocr_carea' id='block_1_12' title="bbox 646 1103 2240 1179">
    <p class='ocr_par' dir='ltr' id='par_1_12' title="bbox 646 1103 2240 1179">
     <span class='ocr_line' id='line_1_12' title="bbox 646 1103 2240 1179; baseline -0.006 -13"><span class='ocrx_word' id='word_1_67' title='bbox 646 1111 927 1179; x_wconf 81' lang='lat' dir='ltr'><strong>dignitatis</strong></span> <span class='ocrx_word' id='word_1_68' title='bbox 977 1110 1061 1163; x_wconf 92' lang='lat' dir='ltr'><strong>vel</strong></span> <span class='ocrx_word' id='word_1_69' title='bbox 1122 1107 1462 1163; x_wconf 88' lang='lat' dir='ltr'><strong>auctoritatis</strong></span> <span class='ocrx_word' id='word_1_70' title='bbox 1509 1104 1846 1160; x_wconf 85' lang='lat' dir='ltr'><strong>consortium</strong></span> <span class='ocrx_word' id='word_1_71' title='bbox 1906 1103 2017 1158; x_wconf 82' lang='lat' dir='ltr'><strong>Deo</strong></span> <span class='ocrx_word' id='word_1_72' title='bbox 2107 1118 2240 1159; x_wconf 87' lang='lat' dir='ltr'><strong>con-</strong></span> 
     </span>
    </p>
   </div>
   <div class='ocr_carea' id='block_1_13' title="bbox 642 1196 2240 1273">
    <p class='ocr_par' dir='ltr' id='par_1_13' title="bbox 642 1196 2240 1273">
     <span class='ocr_line' id='line_1_13' title="bbox 642 1196 2240 1273; baseline -0.001 -18"><span class='ocrx_word' id='word_1_73' title='bbox 642 1203 888 1273; x_wconf 91' lang='lat' dir='ltr'><strong>junctum</strong></span> <span class='ocrx_word' id='word_1_74' title='bbox 918 1215 1040 1256; x_wconf 91' lang='lat' dir='ltr'><strong>esse</strong></span> <span class='ocrx_word' id='word_1_75' title='bbox 1070 1218 1086 1265; x_wconf 90' lang='lat'><strong>;</strong></span> <span class='ocrx_word' id='word_1_76' title='bbox 1119 1214 1214 1255; x_wconf 90' lang='lat' dir='ltr'><strong>eos</strong></span> <span class='ocrx_word' id='word_1_77' title='bbox 1242 1213 1273 1253; x_wconf 89' lang='lat' dir='ltr'><strong>a</strong></span> <span class='ocrx_word' id='word_1_78' title='bbox 1299 1206 1449 1253; x_wconf 89' lang='lat' dir='ltr'><strong>recta</strong></span> <span class='ocrx_word' id='word_1_79' title='bbox 1478 1196 1866 1267; x_wconf 89' lang='lat' dir='ltr'><strong>inculpataque</strong></span> <span class='ocrx_word' id='word_1_80' title='bbox 1898 1196 2002 1251; x_wconf 88' lang='lat' dir='ltr'><strong>lide</strong></span> <span class='ocrx_word' id='word_1_81' title='bbox 2033 1196 2240 1253; x_wconf 89' lang='lat' dir='ltr'><strong>alienos</strong></span> 
     </span>
    </p>
   </div>
   <div class='ocr_carea' id='block_1_14' title="bbox 647 1287 2234 1358">
    <p class='ocr_par' dir='ltr' id='par_1_14' title="bbox 647 1287 2234 1358">
     <span class='ocr_line' id='line_1_14' title="bbox 647 1287 2234 1358; baseline -0.004 -11"><span class='ocrx_word' id='word_1_82' title='bbox 647 1294 897 1349; x_wconf 82' lang='lat' dir='ltr'><strong>dicimus.</strong></span> <span class='ocrx_word' id='word_1_83' title='bbox 954 1290 1213 1357; x_wconf 85' lang='lat' dir='ltr'><strong>Quamvis</strong></span> <span class='ocrx_word' id='word_1_84' title='bbox 1260 1303 1390 1358; x_wconf 79' lang='lat' dir='ltr'><strong>ergo</strong></span> <span class='ocrx_word' id='word_1_85' title='bbox 1453 1288 1733 1358; x_wconf 81' lang='lat' dir='ltr'><strong>apostolus</strong></span> <span class='ocrx_word' id='word_1_86' title='bbox 1794 1287 2105 1342; x_wconf 91' lang='lat' dir='ltr'><strong>nominetur</strong></span> <span class='ocrx_word' id='word_1_87' title='bbox 2136 1288 2234 1353; x_wconf 73' lang='grc' dir='ltr'><strong>η’,</strong></span> 
     </span>
    </p>
   </div>
   <div class='ocr_carea' id='block_1_15' title="bbox 650 1378 2239 1454">
    <p class='ocr_par' dir='ltr' id='par_1_15' title="bbox 650 1378 2239 1454">
     <span class='ocr_line' id='line_1_15' title="bbox 650 1378 2239 1454; baseline -0.001 -16"><span class='ocrx_word' id='word_1_88' title='bbox 650 1394 955 1454; x_wconf 87' lang='lat' dir='ltr'><strong>unctusque</strong></span> <span class='ocrx_word' id='word_1_89' title='bbox 983 1392 1042 1438; x_wconf 91' lang='lat' dir='ltr'><strong>et</strong></span> <span class='ocrx_word' id='word_1_90' title='bbox 1066 1380 1162 1436; x_wconf 89' lang='lat' dir='ltr'><strong>Dei</strong></span> <span class='ocrx_word' id='word_1_91' title='bbox 1200 1379 1372 1435; x_wconf 86' lang='lat' dir='ltr'><strong>Filius</strong></span> <span class='ocrx_word' id='word_1_92' title='bbox 1412 1380 1729 1451; x_wconf 83' lang='lat' dir='ltr'><strong>designatus</strong></span> <span class='ocrx_word' id='word_1_93' title='bbox 1768 1378 1986 1435; x_wconf 88' lang='lat' dir='ltr'><strong>dicatur</strong></span> <span class='ocrx_word' id='word_1_94' title='bbox 2020 1379 2086 1443; x_wconf 59' lang='grc' dir='ltr'>ιθ,</span> <span class='ocrx_word' id='word_1_95' title='bbox 2131 1397 2239 1436; x_wconf 87' lang='lat' dir='ltr'><strong>non</strong></span> 
     </span>
    </p>
   </div>
   <div class='ocr_carea' id='block_1_16' title="bbox 648 1468 2238 1541">
    <p class='ocr_par' dir='ltr' id='par_1_16' title="bbox 648 1468 2238 1541">
     <span class='ocr_line' id='line_1_16' title="bbox 648 1468 2238 1541; baseline -0.003 -11"><span class='ocrx_word' id='word_1_96' title='bbox 648 1474 1025 1530; x_wconf 89' lang='lat' dir='ltr'><strong>erubescimus</strong></span> <span class='ocrx_word' id='word_1_97' title='bbox 1090 1470 1574 1541; x_wconf 85' lang='lat' dir='ltr'><strong>dispensationem.</strong></span> <span class='ocrx_word' id='word_1_98' title='bbox 1643 1468 1994 1525; x_wconf 78' lang='lat' dir='ltr'><strong>Aﬂirmamus</strong></span> <span class='ocrx_word' id='word_1_99' title='bbox 2058 1480 2238 1525; x_wconf 89' lang='lat' dir='ltr'><strong>autem</strong></span> 
     </span>
    </p>
   </div>
   <div class='ocr_carea' id='block_1_17' title="bbox 650 1560 2239 1631">
    <p class='ocr_par' dir='ltr' id='par_1_17' title="bbox 650 1560 2239 1631">
     <span class='ocr_line' id='line_1_17' title="bbox 650 1560 2239 1631; baseline -0.003 -12"><span class='ocrx_word' id='word_1_100' title='bbox 650 1566 742 1619; x_wconf 85' lang='lat' dir='ltr'><strong>Dei</strong></span> <span class='ocrx_word' id='word_1_101' title='bbox 770 1563 948 1618; x_wconf 88' lang='lat' dir='ltr'><strong>Patris</strong></span> <span class='ocrx_word' id='word_1_102' title='bbox 986 1562 1221 1617; x_wconf 83' lang='lat' dir='ltr'><strong>Verbum</strong></span> <span class='ocrx_word' id='word_1_103' title='bbox 1259 1571 1389 1617; x_wconf 84' lang='lat' dir='ltr'><strong>tunc</strong></span> <span class='ocrx_word' id='word_1_104' title='bbox 1438 1560 1657 1616; x_wconf 90' lang='lat' dir='ltr'><strong>demum</strong></span> <span class='ocrx_word' id='word_1_105' title='bbox 1702 1560 2007 1631; x_wconf 87' lang='lat' dir='ltr'><strong>apostolum</strong></span> <span class='ocrx_word' id='word_1_106' title='bbox 2060 1561 2239 1617; x_wconf 89' lang='lat' dir='ltr'><strong>nomi-</strong></span> 
     </span>
    </p>
   </div>
   <div class='ocr_carea' id='block_1_18' title="bbox 648 1652 2243 1723">
    <p class='ocr_par' dir='ltr' id='par_1_18' title="bbox 648 1652 2243 1723">
     <span class='ocr_line' id='line_1_18' title="bbox 648 1652 2243 1723; baseline -0.001 -12"><span class='ocrx_word' id='word_1_107' title='bbox 648 1668 859 1723; x_wconf 82' lang='lat' dir='ltr'><strong>natum,</strong></span> <span class='ocrx_word' id='word_1_108' title='bbox 907 1664 960 1712; x_wconf 83' lang='lat' dir='ltr'><strong>et</strong></span> <span class='ocrx_word' id='word_1_109' title='bbox 980 1655 1263 1711; x_wconf 83' lang='lat' dir='ltr'><strong>nobiscum</strong></span> <span class='ocrx_word' id='word_1_110' title='bbox 1314 1652 1616 1709; x_wconf 90' lang='lat' dir='ltr'><strong>secundum</strong></span> <span class='ocrx_word' id='word_1_111' title='bbox 1645 1653 2036 1709; x_wconf 87' lang='lat' dir='ltr'><strong>humanitatem</strong></span> <span class='ocrx_word' id='word_1_112' title='bbox 2082 1655 2243 1709; x_wconf 89' lang='lat' dir='ltr'><strong>inun-</strong></span> 
     </span>
    </p>
   </div>
   <div class='ocr_carea' id='block_1_19' title="bbox 647 1744 2237 1817">
    <p class='ocr_par' dir='ltr' id='par_1_19' title="bbox 647 1744 2237 1817">
     <span class='ocr_line' id='line_1_19' title="bbox 647 1744 2237 1817; baseline -0.002 -14"><span class='ocrx_word' id='word_1_113' title='bbox 647 1760 795 1803; x_wconf 86' lang='lat' dir='ltr'><strong>ctum</strong></span> <span class='ocrx_word' id='word_1_114' title='bbox 824 1763 970 1812; x_wconf 86' lang='lat' dir='ltr'><strong>esse,</strong></span> <span class='ocrx_word' id='word_1_115' title='bbox 999 1750 1219 1816; x_wconf 86' lang='lat' dir='ltr'><strong>quando</strong></span> <span class='ocrx_word' id='word_1_116' title='bbox 1242 1746 1437 1802; x_wconf 90' lang='lat' dir='ltr'><strong>similis</strong></span> <span class='ocrx_word' id='word_1_117' title='bbox 1472 1744 1634 1817; x_wconf 60' lang='lat'><strong>15.9</strong></span> <span class='ocrx_word' id='word_1_118' title='bbox 1661 1745 1819 1801; x_wconf 87' lang='lat' dir='ltr'><strong>nobis</strong></span> <span class='ocrx_word' id='word_1_119' title='bbox 1844 1744 2007 1801; x_wconf 91' lang='lat' dir='ltr'><strong>homo</strong></span> <span class='ocrx_word' id='word_1_120' title='bbox 2037 1745 2237 1801; x_wconf 81' lang='lat' dir='ltr'><strong>factum</strong></span> 
     </span>
    </p>
   </div>
   <div class='ocr_carea' id='block_1_20' title="bbox 2342 556 3924 629">
    <p class='ocr_par' dir='ltr' id='par_1_20' title="bbox 2342 556 3924 629">
     <span class='ocr_line' id='line_1_20' title="bbox 2342 556 3924 629; baseline 0.004 -21"><span class='ocrx_word' id='word_1_121' title='bbox 2342 557 2438 609; x_wconf 82' lang='grc' dir='ltr'><strong>καὶ</strong></span> <span class='ocrx_word' id='word_1_122' title='bbox 2467 556 2618 621; x_wconf 88' lang='grc' dir='ltr'>Υίὸν,</span> <span class='ocrx_word' id='word_1_123' title='bbox 2653 557 2748 611; x_wconf 73' lang='grc' dir='ltr'><strong>καὶ</strong></span> <span class='ocrx_word' id='word_1_124' title='bbox 2778 557 3006 627; x_wconf 81' lang='grc' dir='ltr'>Κύριον.</span> <span class='ocrx_word' id='word_1_125' title='bbox 3038 557 3177 621; x_wconf 77' lang='grc' dir='ltr'>Τοὺς</span> <span class='ocrx_word' id='word_1_126' title='bbox 3202 556 3258 610; x_wconf 83' lang='grc' dir='ltr'>δὲ</span> <span class='ocrx_word' id='word_1_127' title='bbox 3285 556 3361 629; x_wconf 80' lang='grc' dir='ltr'>μὴ</span> <span class='ocrx_word' id='word_1_128' title='bbox 3391 557 3565 622; x_wconf 79' lang='grc' dir='ltr'>οὕτως</span> <span class='ocrx_word' id='word_1_129' title='bbox 3596 558 3745 629; x_wconf 84' lang='grc' dir='ltr'>ἔχειν</span> <span class='ocrx_word' id='word_1_130' title='bbox 3785 560 3924 616; x_wconf 83' lang='grc' dir='ltr'>ὑπει-</span> 
     </span>
    </p>
   </div>
   <div class='ocr_carea' id='block_1_21' title="bbox 2340 645 3925 720">
    <p class='ocr_par' dir='ltr' id='par_1_21' title="bbox 2340 645 3925 720">
     <span class='ocr_line' id='line_1_21' title="bbox 2340 645 3925 720; baseline 0.004 -20"><span class='ocrx_word' id='word_1_131' title='bbox 2340 645 2607 718; x_wconf 80' lang='grc' dir='ltr'>ληφότας,</span> <span class='ocrx_word' id='word_1_132' title='bbox 2640 648 2808 718; x_wconf 74' lang='grc' dir='ltr'>ἧγουν</span> <span class='ocrx_word' id='word_1_133' title='bbox 2841 649 3121 701; x_wconf 83' lang='grc' dir='ltr'><strong>πιστεύειν</strong></span> <span class='ocrx_word' id='word_1_134' title='bbox 3170 647 3473 713; x_wconf 83' lang='grc' dir='ltr'>ἐθέλοντας,</span> <span class='ocrx_word' id='word_1_135' title='bbox 3505 649 3846 720; x_wconf 73' lang='grc' dir='ltr'><strong>διορίζοντας</strong></span> <span class='ocrx_word' id='word_1_136' title='bbox 3876 653 3925 707; x_wconf 79' lang='grc' dir='ltr'>δὲ</span> 
     </span>
    </p>
   </div>
   <div class='ocr_carea' id='block_1_22' title="bbox 2340 738 3923 813">
    <p class='ocr_par' dir='ltr' id='par_1_22' title="bbox 2340 738 3923 813">
     <span class='ocr_line' id='line_1_22' title="bbox 2340 738 3923 813; baseline 0.004 -23"><span class='ocrx_word' id='word_1_137' title='bbox 2340 739 2421 801; x_wconf 83' lang='grc' dir='ltr'><strong>είς</strong></span> <span class='ocrx_word' id='word_1_138' title='bbox 2442 738 2589 802; x_wconf 84' lang='grc' dir='ltr'>υἱοὺς</span> <span class='ocrx_word' id='word_1_139' title='bbox 2616 738 2709 792; x_wconf 91' lang='grc' dir='ltr'><strong>δύο</strong></span> <span class='ocrx_word' id='word_1_140' title='bbox 2733 739 2824 813; x_wconf 83' lang='grc' dir='ltr'><strong>τὸν</strong></span> <span class='ocrx_word' id='word_1_141' title='bbox 2850 738 2968 804; x_wconf 75' lang='grc' dir='ltr'>ἕνα,</span> <span class='ocrx_word' id='word_1_142' title='bbox 3003 739 3099 792; x_wconf 74' lang='grc' dir='ltr'><strong>καὶ</strong></span> <span class='ocrx_word' id='word_1_143' title='bbox 3129 738 3439 803; x_wconf 80' lang='grc' dir='ltr'><strong>διιστάντας</strong></span> <span class='ocrx_word' id='word_1_144' title='bbox 3469 740 3566 793; x_wconf 83' lang='grc' dir='ltr'>ἀπ’</span> <span class='ocrx_word' id='word_1_145' title='bbox 3593 739 3846 809; x_wconf 86' lang='grc' dir='ltr'>ἀλλήλων</span> <span class='ocrx_word' id='word_1_146' title='bbox 3867 742 3923 796; x_wconf 70' lang='grc' dir='ltr'>τὰ</span> 
     </span>
    </p>
   </div>
   <div class='ocr_carea' id='block_1_23' title="bbox 2340 828 3924 901">
    <p class='ocr_par' dir='ltr' id='par_1_23' title="bbox 2340 828 3924 901">
     <span class='ocr_line' id='line_1_23' title="bbox 2340 828 3924 901; baseline 0.001 -18"><span class='ocrx_word' id='word_1_147' title='bbox 2340 828 2595 901; x_wconf 77' lang='grc' dir='ltr'><strong>ἡνωμένα</strong></span> <span class='ocrx_word' id='word_1_148' title='bbox 2638 829 2784 885; x_wconf 84' lang='grc' dir='ltr'>κατὰ</span> <span class='ocrx_word' id='word_1_149' title='bbox 2812 829 3094 899; x_wconf 82' lang='grc' dir='ltr'>ἀλήθειαν,</span> <span class='ocrx_word' id='word_1_150' title='bbox 3127 831 3438 899; x_wconf 84' lang='grc' dir='ltr'>φάσκοντας</span> <span class='ocrx_word' id='word_1_151' title='bbox 3477 830 3535 884; x_wconf 79' lang='grc' dir='ltr'>δὲ</span> <span class='ocrx_word' id='word_1_152' title='bbox 3573 832 3719 884; x_wconf 87' lang='grc' dir='ltr'><strong>κατά</strong></span> <span class='ocrx_word' id='word_1_153' title='bbox 3770 831 3924 901; x_wconf 80' lang='grc' dir='ltr'>μόνην</span> 
     </span>
    </p>
   </div>
   <div class='ocr_carea' id='block_1_24' title="bbox 2340 920 3923 993">
    <p class='ocr_par' dir='ltr' id='par_1_24' title="bbox 2340 920 3923 993">
     <span class='ocr_line' id='line_1_24' title="bbox 2340 920 3923 993; baseline -0.001 -18"><span class='ocrx_word' id='word_1_154' title='bbox 2340 921 2441 993; x_wconf 82' lang='grc' dir='ltr'>τὴν</span> <span class='ocrx_word' id='word_1_155' title='bbox 2469 922 2649 988; x_wconf 78' lang='grc' dir='ltr'>ἀξίαν,</span> <span class='ocrx_word' id='word_1_156' title='bbox 2676 923 2799 993; x_wconf 70' lang='grc' dir='ltr'>ἦτοι</span> <span class='ocrx_word' id='word_1_157' title='bbox 2839 921 3149 987; x_wconf 87' lang='grc' dir='ltr'>αὐθεντίαν,</span> <span class='ocrx_word' id='word_1_158' title='bbox 3185 922 3479 993; x_wconf 84' lang='grc' dir='ltr'>ἀνθρώπου</span> <span class='ocrx_word' id='word_1_159' title='bbox 3513 920 3779 991; x_wconf 81' lang='grc' dir='ltr'>γενέσθαι</span> <span class='ocrx_word' id='word_1_160' title='bbox 3812 938 3923 973; x_wconf 83' lang='grc' dir='ltr'>συν-</span> 
     </span>
    </p>
   </div>
   <div class='ocr_carea' id='block_1_25' title="bbox 2341 1012 3922 1084">
    <p class='ocr_par' dir='ltr' id='par_1_25' title="bbox 2341 1012 3922 1084">
     <span class='ocr_line' id='line_1_25' title="bbox 2341 1012 3922 1084; baseline -0.001 -18"><span class='ocrx_word' id='word_1_161' title='bbox 2341 1013 2540 1083; x_wconf 83' lang='grc' dir='ltr'>άφειαν</span> <span class='ocrx_word' id='word_1_162' title='bbox 2561 1014 2700 1084; x_wconf 88' lang='grc' dir='ltr'>πρὸς</span> <span class='ocrx_word' id='word_1_163' title='bbox 2724 1012 2878 1079; x_wconf 92' lang='grc' dir='ltr'>Θεὸν,</span> <span class='ocrx_word' id='word_1_164' title='bbox 2903 1014 3001 1084; x_wconf 82' lang='grc' dir='ltr'>τῆς</span> <span class='ocrx_word' id='word_1_165' title='bbox 3030 1013 3217 1084; x_wconf 82' lang='grc' dir='ltr'><strong>ὀρθῆς,</strong></span> <span class='ocrx_word' id='word_1_166' title='bbox 3240 1015 3335 1067; x_wconf 80' lang='grc' dir='ltr'>καὶ</span> <span class='ocrx_word' id='word_1_167' title='bbox 3355 1014 3665 1084; x_wconf 80' lang='grc' dir='ltr'><strong>ἀμωμήτου</strong></span> <span class='ocrx_word' id='word_1_168' title='bbox 3698 1012 3922 1076; x_wconf 79' lang='grc' dir='ltr'>πίστεως</span> 
     </span>
    </p>
   </div>
   <div class='ocr_carea' id='block_1_26' title="bbox 2340 1099 3923 1175">
    <p class='ocr_par' dir='ltr' id='par_1_26' title="bbox 2340 1099 3923 1175">
     <span class='ocr_line' id='line_1_26' title="bbox 2340 1099 3923 1175; baseline -0.003 -18"><span class='ocrx_word' id='word_1_169' title='bbox 2340 1103 2659 1175; x_wconf 85' lang='grc' dir='ltr'>ἀλλοτρίους</span> <span class='ocrx_word' id='word_1_170' title='bbox 2690 1099 2834 1157; x_wconf 73' lang='grc' dir='ltr'>εἷναί</span> <span class='ocrx_word' id='word_1_171' title='bbox 2870 1119 3075 1174; x_wconf 82' lang='grc' dir='ltr'>φαμεν.</span> <span class='ocrx_word' id='word_1_172' title='bbox 3112 1102 3276 1156; x_wconf 84' lang='grc' dir='ltr'>Ὥστε</span> <span class='ocrx_word' id='word_1_173' title='bbox 3332 1102 3438 1156; x_wconf 82' lang='grc' dir='ltr'><strong>κᾶν</strong></span> <span class='ocrx_word' id='word_1_174' title='bbox 3472 1101 3775 1164; x_wconf 80' lang='grc' dir='ltr'>ἀπόστολος</span> <span class='ocrx_word' id='word_1_175' title='bbox 3821 1102 3923 1153; x_wconf 79' lang='grc' dir='ltr'>ὀνο-</span> 
     </span>
    </p>
   </div>
   <div class='ocr_carea' id='block_1_27' title="bbox 2345 1190 3916 1267">
    <p class='ocr_par' dir='ltr' id='par_1_27' title="bbox 2345 1190 3916 1267">
     <span class='ocr_line' id='line_1_27' title="bbox 2345 1190 3916 1267; baseline -0.005 -16"><span class='ocrx_word' id='word_1_176' title='bbox 2345 1194 2607 1267; x_wconf 77' lang='grc' dir='ltr'>μάζηται,</span> <span class='ocrx_word' id='word_1_177' title='bbox 2642 1196 2745 1250; x_wconf 85' lang='grc' dir='ltr'>κᾶν</span> <span class='ocrx_word' id='word_1_178' title='bbox 2774 1194 3060 1267; x_wconf 85' lang='grc' dir='ltr'>κεχρίσθαι</span> <span class='ocrx_word' id='word_1_179' title='bbox 3105 1193 3356 1265; x_wconf 80' lang='grc' dir='ltr'>λέγηται,</span> <span class='ocrx_word' id='word_1_180' title='bbox 3388 1193 3485 1247; x_wconf 75' lang='grc' dir='ltr'><strong>καὶ</strong></span> <span class='ocrx_word' id='word_1_181' title='bbox 3515 1192 3598 1256; x_wconf 86' lang='grc' dir='ltr'><strong>είς</strong></span> <span class='ocrx_word' id='word_1_182' title='bbox 3642 1192 3777 1245; x_wconf 84' lang='grc' dir='ltr'>Υίὸν</span> <span class='ocrx_word' id='word_1_183' title='bbox 3804 1190 3916 1262; x_wconf 73' lang='grc' dir='ltr'>ὡρίς</span> 
     </span>
    </p>
   </div>
   <div class='ocr_carea' id='block_1_28' title="bbox 2344 1283 3921 1357">
    <p class='ocr_par' dir='ltr' id='par_1_28' title="bbox 2344 1283 3921 1357">
     <span class='ocr_line' id='line_1_28' title="bbox 2344 1283 3921 1357; baseline -0.005 -16"><span class='ocrx_word' id='word_1_184' title='bbox 2344 1286 2469 1341; x_wconf 90' lang='grc' dir='ltr'>σθαι</span> <span class='ocrx_word' id='word_1_185' title='bbox 2509 1285 2667 1351; x_wconf 89' lang='grc' dir='ltr'>Θεοῦ,</span> <span class='ocrx_word' id='word_1_186' title='bbox 2694 1288 2795 1340; x_wconf 82' lang='grc' dir='ltr'><strong>ούκ</strong></span> <span class='ocrx_word' id='word_1_187' title='bbox 2839 1285 3211 1357; x_wconf 83' lang='grc' dir='ltr'>αἰσχυνόμεθα</span> <span class='ocrx_word' id='word_1_188' title='bbox 3249 1284 3347 1356; x_wconf 85' lang='grc' dir='ltr'>τὴν</span> <span class='ocrx_word' id='word_1_189' title='bbox 3372 1283 3711 1354; x_wconf 79' lang='grc' dir='ltr'>οἰκονομίαν.</span> <span class='ocrx_word' id='word_1_190' title='bbox 3768 1284 3921 1335; x_wconf 80' lang='grc' dir='ltr'>Αὑτὸν</span> 
     </span>
    </p>
   </div>
   <div class='ocr_carea' id='block_1_29' title="bbox 2340 1366 3921 1449">
    <p class='ocr_par' dir='ltr' id='par_1_29' title="bbox 2340 1366 3921 1449">
     <span class='ocr_line' id='line_1_29' title="bbox 2340 1366 3921 1449; baseline -0.004 -18"><span class='ocrx_word' id='word_1_191' title='bbox 2340 1377 2401 1432; x_wconf 80' lang='grc' dir='ltr'>δέ</span> <span class='ocrx_word' id='word_1_192' title='bbox 2432 1396 2613 1449; x_wconf 88' lang='grc' dir='ltr'>φαμεν</span> <span class='ocrx_word' id='word_1_193' title='bbox 2644 1378 2736 1432; x_wconf 89' lang='grc' dir='ltr'><strong>τὸν</strong></span> <span class='ocrx_word' id='word_1_194' title='bbox 2766 1381 2831 1432; x_wconf 77' lang='grc' dir='ltr'>ἐκ</span> <span class='ocrx_word' id='word_1_195' title='bbox 2867 1377 3002 1432; x_wconf 84' lang='grc' dir='ltr'>Θεοῦ</span> <span class='ocrx_word' id='word_1_196' title='bbox 3029 1377 3245 1447; x_wconf 88' lang='grc' dir='ltr'>Πατρὸς</span> <span class='ocrx_word' id='word_1_197' title='bbox 3273 1376 3470 1445; x_wconf 86' lang='grc' dir='ltr'>Λόγον,</span> <span class='ocrx_word' id='word_1_198' title='bbox 3509 1376 3600 1429; x_wconf 81' lang='grc' dir='ltr'><strong>ὅτε</strong></span> <span class='ocrx_word' id='word_1_199' title='bbox 3634 1373 3763 1427; x_wconf 83' lang='grc' dir='ltr'>καθ’</span> <span class='ocrx_word' id='word_1_200' title='bbox 3792 1366 3921 1444; x_wconf 74' lang='grc' dir='ltr'>ἡμᾶς</span> 
     </span>
    </p>
   </div>
   <div class='ocr_carea' id='block_1_30' title="bbox 2342 1459 3923 1543">
    <p class='ocr_par' dir='ltr' id='par_1_30' title="bbox 2342 1459 3923 1543">
     <span class='ocr_line' id='line_1_30' title="bbox 2342 1459 3923 1543; baseline -0.003 -20"><span class='ocrx_word' id='word_1_201' title='bbox 2342 1470 2565 1540; x_wconf 81' lang='grc' dir='ltr'>γέγονεν</span> <span class='ocrx_word' id='word_1_202' title='bbox 2592 1459 2900 1543; x_wconf 78' lang='grc' dir='ltr'>ἄνθρωπος,</span> <span class='ocrx_word' id='word_1_203' title='bbox 2929 1469 3247 1541; x_wconf 84' lang='grc' dir='ltr'>ὠνομάσθαι</span> <span class='ocrx_word' id='word_1_204' title='bbox 3284 1468 3351 1540; x_wconf 83' lang='grc' dir='ltr'>δὴ</span> <span class='ocrx_word' id='word_1_205' title='bbox 3395 1468 3518 1522; x_wconf 89' lang='grc' dir='ltr'>τότε</span> <span class='ocrx_word' id='word_1_206' title='bbox 3557 1468 3655 1521; x_wconf 75' lang='grc' dir='ltr'><strong>καὶ</strong></span> <span class='ocrx_word' id='word_1_207' title='bbox 3706 1468 3923 1520; x_wconf 82' lang='grc' dir='ltr'>ἀπόστο-</span> 
     </span>
    </p>
   </div>
   <div class='ocr_carea' id='block_1_31' title="bbox 2342 1558 3922 1634">
    <p class='ocr_par' dir='ltr' id='par_1_31' title="bbox 2342 1558 3922 1634">
     <span class='ocr_line' id='line_1_31' title="bbox 2342 1558 3922 1634; baseline -0.004 -18"><span class='ocrx_word' id='word_1_208' title='bbox 2342 1564 2452 1629; x_wconf 85' lang='grc' dir='ltr'>λον,</span> <span class='ocrx_word' id='word_1_209' title='bbox 2483 1563 2580 1618; x_wconf 76' lang='grc' dir='ltr'>καὶ</span> <span class='ocrx_word' id='word_1_210' title='bbox 2613 1562 2902 1634; x_wconf 89' lang='grc' dir='ltr'>κεχρῖσθαι</span> <span class='ocrx_word' id='word_1_211' title='bbox 2939 1561 2997 1615; x_wconf 85' lang='grc' dir='ltr'>δὲ</span> <span class='ocrx_word' id='word_1_212' title='bbox 3040 1561 3162 1633; x_wconf 89' lang='grc' dir='ltr'>μεθ’</span> <span class='ocrx_word' id='word_1_213' title='bbox 3201 1560 3362 1632; x_wconf 79' lang='grc' dir='ltr'>ἡμῶν</span> <span class='ocrx_word' id='word_1_214' title='bbox 3390 1562 3533 1614; x_wconf 86' lang='grc' dir='ltr'><strong>κατά</strong></span> <span class='ocrx_word' id='word_1_215' title='bbox 3558 1560 3619 1613; x_wconf 92' lang='grc' dir='ltr'><strong>τὸ</strong></span> <span class='ocrx_word' id='word_1_216' title='bbox 3661 1558 3922 1625; x_wconf 82' lang='grc' dir='ltr'>ἀνθρώπι-</span> 
     </span>
    </p>
   </div>
   <div class='ocr_carea' id='block_1_32' title="bbox 2344 1653 3923 1728">
    <p class='ocr_par' dir='ltr' id='par_1_32' title="bbox 2344 1653 3923 1728">
     <span class='ocr_line' id='line_1_32' title="bbox 2344 1653 3923 1728; baseline -0.006 -17"><span class='ocrx_word' id='word_1_217' title='bbox 2344 1675 2454 1711; x_wconf 90' lang='grc' dir='ltr'>νον.</span> <span class='ocrx_word' id='word_1_218' title='bbox 2499 1657 2559 1711; x_wconf 91' lang='lat'><strong>&#39;0</strong></span> <span class='ocrx_word' id='word_1_219' title='bbox 2603 1657 2713 1728; x_wconf 82' lang='grc' dir='ltr'><strong>γὰρ</strong></span> <span class='ocrx_word' id='word_1_220' title='bbox 2743 1655 2981 1726; x_wconf 87' lang='grc' dir='ltr'>γεγονὼς</span> <span class='ocrx_word' id='word_1_221' title='bbox 3029 1654 3153 1708; x_wconf 85' lang='grc' dir='ltr'>καθ’</span> <span class='ocrx_word' id='word_1_222' title='bbox 3193 1655 3368 1726; x_wconf 76' lang='grc' dir='ltr'>ἡμᾶς,</span> <span class='ocrx_word' id='word_1_223' title='bbox 3413 1654 3460 1707; x_wconf 89' lang='grc' dir='ltr'><strong>εί</strong></span> <span class='ocrx_word' id='word_1_224' title='bbox 3491 1653 3584 1706; x_wconf 80' lang='grc' dir='ltr'>καὶ</span> <span class='ocrx_word' id='word_1_225' title='bbox 3632 1653 3923 1723; x_wconf 73' lang='grc' dir='ltr'>μεμένηκεν</span> 
     </span>
    </p>
   </div>
   <div class='ocr_carea' id='block_1_33' title="bbox 2343 1743 3922 1821">
    <p class='ocr_par' dir='ltr' id='par_1_33' title="bbox 2343 1743 3922 1821">
     <span class='ocr_line' id='line_1_33' title="bbox 2343 1743 3922 1821; baseline -0.005 -18"><span class='ocrx_word' id='word_1_226' title='bbox 2343 1751 2481 1821; x_wconf 83' lang='grc' dir='ltr'>ὅπερ</span> <span class='ocrx_word' id='word_1_227' title='bbox 2527 1745 2618 1821; x_wconf 73' lang='grc' dir='ltr'>ἦν,</span> <span class='ocrx_word' id='word_1_228' title='bbox 2680 1750 2743 1802; x_wconf 80' lang='grc' dir='ltr'><strong>οὐ</strong></span> <span class='ocrx_word' id='word_1_229' title='bbox 2789 1749 3139 1819; x_wconf 87' lang='grc' dir='ltr'>παραιτεῖται</span> <span class='ocrx_word' id='word_1_230' title='bbox 3189 1745 3259 1800; x_wconf 85' lang='grc' dir='ltr'><strong>τὰ</strong></span> <span class='ocrx_word' id='word_1_231' title='bbox 3310 1746 3488 1816; x_wconf 82' lang='grc' dir='ltr'>ἡμῶν.</span> <span class='ocrx_word' id='word_1_232' title='bbox 3551 1743 3842 1816; x_wconf 80' lang='grc' dir='ltr'>Προσίεται</span> <span class='ocrx_word' id='word_1_233' title='bbox 3878 1743 3922 1795; x_wconf 76' lang='grc' dir='ltr'>δὲ</span> 
     </span>
    </p>
   </div>
   <div class='ocr_carea' id='block_1_34' title="bbox 648 1808 2240 1911">
    <p class='ocr_par' dir='ltr' id='par_1_34' title="bbox 648 1835 2235 1906">
     <span class='ocr_line' id='line_1_34' title="bbox 648 1835 2235 1906; baseline -0.002 -12"><span class='ocrx_word' id='word_1_234' title='bbox 648 1851 750 1895; x_wconf 83' lang='grc' dir='ltr'>εει.</span> <span class='ocrx_word' id='word_1_235' title='bbox 784 1838 886 1905; x_wconf 88' lang='lat' dir='ltr'><strong>Qui</strong></span> <span class='ocrx_word' id='word_1_236' title='bbox 923 1838 1069 1892; x_wconf 89' lang='lat' dir='ltr'><strong>enim</strong></span> <span class='ocrx_word' id='word_1_237' title='bbox 1124 1837 1280 1892; x_wconf 91' lang='lat' dir='ltr'><strong>nobis</strong></span> <span class='ocrx_word' id='word_1_238' title='bbox 1313 1835 1660 1891; x_wconf 84' lang='lat' dir='ltr'><strong>assimilatus</strong></span> <span class='ocrx_word' id='word_1_239' title='bbox 1692 1844 1798 1901; x_wconf 91' lang='lat' dir='ltr'><strong>est,</strong></span> <span class='ocrx_word' id='word_1_240' title='bbox 1834 1835 1962 1891; x_wconf 86' lang='lat' dir='ltr'><strong>licet</strong></span> <span class='ocrx_word' id='word_1_241' title='bbox 2004 1836 2056 1891; x_wconf 91' lang='lat' dir='ltr'><strong>id</strong></span> <span class='ocrx_word' id='word_1_242' title='bbox 2091 1837 2235 1906; x_wconf 91' lang='lat' dir='ltr'><strong>quod</strong></span> 
     </span>
    </p>
   </div>
   <div class='ocr_carea' id='block_1_35' title="bbox 2343 1808 3923 1911">
    <p class='ocr_par' dir='ltr' id='par_1_35' title="bbox 2347 1808 3923 1911">
     <span class='ocr_line' id='line_1_35' title="bbox 2347 1808 3923 1911; baseline -0.007 -17"><span class='ocrx_word' id='word_1_243' title='bbox 2347 1808 2714 1911; x_wconf 49' lang='grc' dir='ltr'>μᾶλλονὸμοῦ</span> <span class='ocrx_word' id='word_1_244' title='bbox 2743 1808 2985 1909; x_wconf 32' lang='grc' dir='ltr'>τοῖςυτῆς</span> <span class='ocrx_word' id='word_1_245' title='bbox 3024 1808 3445 1908; x_wconf 72' lang='grc' dir='ltr'>ἀνθρωπότητος</span> <span class='ocrx_word' id='word_1_246' title='bbox 3492 1808 3718 1904; x_wconf 84' lang='grc' dir='ltr'>μέτροις</span> <span class='ocrx_word' id='word_1_247' title='bbox 3751 1832 3818 1885; x_wconf 76' lang='grc' dir='ltr'>τὰ</span> <span class='ocrx_word' id='word_1_248' title='bbox 3848 1833 3923 1884; x_wconf 81' lang='grc' dir='ltr'>ἀν-</span> 
     </span>
    </p>
   </div>
   <div class='ocr_carea' id='block_1_36' title="bbox 648 1929 2232 1998">
    <p class='ocr_par' dir='ltr' id='par_1_36' title="bbox 648 1929 2232 1998">
     <span class='ocr_line' id='line_1_36' title="bbox 648 1929 2232 1998; baseline -0.001 -13"><span class='ocrx_word' id='word_1_249' title='bbox 648 1940 767 1986; x_wconf 87' lang='lat' dir='ltr'><strong>crat</strong></span> <span class='ocrx_word' id='word_1_250' title='bbox 818 1929 1100 1995; x_wconf 86' lang='lat' dir='ltr'><strong>manserit,</strong></span> <span class='ocrx_word' id='word_1_251' title='bbox 1151 1943 1273 1998; x_wconf 72' lang='lat' dir='ltr'><strong>qua:</strong></span> <span class='ocrx_word' id='word_1_252' title='bbox 1316 1935 1504 1982; x_wconf 87' lang='lat' dir='ltr'><strong>nostra</strong></span> <span class='ocrx_word' id='word_1_253' title='bbox 1548 1936 1674 1982; x_wconf 89' lang='lat' dir='ltr'><strong>sunt</strong></span> <span class='ocrx_word' id='word_1_254' title='bbox 1740 1942 1845 1981; x_wconf 89' lang='lat' dir='ltr'><strong>non</strong></span> <span class='ocrx_word' id='word_1_255' title='bbox 1901 1938 2232 1983; x_wconf 85' lang='lat' dir='ltr'><strong>aversatur:</strong></span> 
     </span>
    </p>
   </div>
   <div class='ocr_carea' id='block_1_37' title="bbox 650 2019 2236 2091">
    <p class='ocr_par' dir='ltr' id='par_1_37' title="bbox 650 2019 2236 2091">
     <span class='ocr_line' id='line_1_37' title="bbox 650 2019 2236 2091; baseline -0.001 -16"><span class='ocrx_word' id='word_1_256' title='bbox 650 2023 760 2076; x_wconf 90' lang='lat' dir='ltr'><strong>imo</strong></span> <span class='ocrx_word' id='word_1_257' title='bbox 783 2034 912 2075; x_wconf 89' lang='lat' dir='ltr'><strong>vero</strong></span> <span class='ocrx_word' id='word_1_258' title='bbox 953 2027 1182 2091; x_wconf 88' lang='lat' dir='ltr'><strong>propter</strong></span> <span class='ocrx_word' id='word_1_259' title='bbox 1237 2019 1700 2090; x_wconf 80' lang='lat' dir='ltr'><strong>dispensationem</strong></span> <span class='ocrx_word' id='word_1_260' title='bbox 1754 2034 1818 2074; x_wconf 91' lang='lat' dir='ltr'><strong>ea</strong></span> <span class='ocrx_word' id='word_1_261' title='bbox 1868 2020 2072 2086; x_wconf 85' lang='lat' dir='ltr'><strong>omnia,</strong></span> <span class='ocrx_word' id='word_1_262' title='bbox 2116 2035 2236 2089; x_wconf 76' lang='lat' dir='ltr'><strong>qua:</strong></span> 
     </span>
    </p>
   </div>
   <div class='ocr_carea' id='block_1_38' title="bbox 650 2109 2234 2180">
    <p class='ocr_par' dir='ltr' id='par_1_38' title="bbox 650 2109 2234 2180">
     <span class='ocr_line' id='line_1_38' title="bbox 650 2109 2234 2180; baseline -0.001 -13"><span class='ocrx_word' id='word_1_263' title='bbox 650 2112 717 2167; x_wconf 90' lang='lat' dir='ltr'><strong>ad</strong></span> <span class='ocrx_word' id='word_1_264' title='bbox 740 2114 1037 2167; x_wconf 89' lang='lat' dir='ltr'><strong>humanam</strong></span> <span class='ocrx_word' id='word_1_265' title='bbox 1079 2119 1333 2165; x_wconf 87' lang='lat' dir='ltr'><strong>naturam</strong></span> <span class='ocrx_word' id='word_1_266' title='bbox 1370 2111 1673 2180; x_wconf 83' lang='lat' dir='ltr'><strong>pertinent,</strong></span> <span class='ocrx_word' id='word_1_267' title='bbox 1706 2124 1828 2163; x_wconf 92' lang='lat' dir='ltr'><strong>cum</strong></span> <span class='ocrx_word' id='word_1_268' title='bbox 1872 2109 2234 2167; x_wconf 85' lang='lat' dir='ltr'><strong>humanitatis</strong></span> 
     </span>
    </p>
   </div>
   <div class='ocr_carea' id='block_1_39' title="bbox 2344 1925 3920 2003">
    <p class='ocr_par' dir='ltr' id='par_1_39' title="bbox 2344 1925 3920 2003">
     <span class='ocr_line' id='line_1_39' title="bbox 2344 1925 3920 2003; baseline -0.004 -19"><span class='ocrx_word' id='word_1_269' title='bbox 2344 1931 2593 2003; x_wconf 86' lang='grc' dir='ltr'>θρώπινα</span> <span class='ocrx_word' id='word_1_270' title='bbox 2614 1931 2703 1985; x_wconf 83' lang='grc' dir='ltr'>διὰ</span> <span class='ocrx_word' id='word_1_271' title='bbox 2731 1930 2832 2002; x_wconf 83' lang='grc' dir='ltr'>τὴν</span> <span class='ocrx_word' id='word_1_272' title='bbox 2867 1928 3202 2000; x_wconf 84' lang='grc' dir='ltr'>οἰκονομίαν,</span> <span class='ocrx_word' id='word_1_273' title='bbox 3249 1925 3405 1979; x_wconf 85' lang='grc' dir='ltr'>οὐδὲν</span> <span class='ocrx_word' id='word_1_274' title='bbox 3454 1925 3712 1981; x_wconf 76' lang='grc' dir='ltr'>ἐντεῦθεν</span> <span class='ocrx_word' id='word_1_275' title='bbox 3739 1925 3817 1988; x_wconf 84' lang='grc' dir='ltr'><strong>είς</strong></span> <span class='ocrx_word' id='word_1_276' title='bbox 3857 1926 3920 1978; x_wconf 76' lang='grc' dir='ltr'><strong>οἱ·</strong></span> 
     </span>
    </p>
   </div>
   <div class='ocr_carea' id='block_1_40' title="bbox 2342 2017 3921 2092">
    <p class='ocr_par' dir='ltr' id='par_1_40' title="bbox 2342 2017 3921 2092">
     <span class='ocr_line' id='line_1_40' title="bbox 2342 2017 3921 2092; baseline -0.004 -16"><span class='ocrx_word' id='word_1_277' title='bbox 2342 2024 2497 2079; x_wconf 85' lang='grc' dir='ltr'>κείαν</span> <span class='ocrx_word' id='word_1_278' title='bbox 2527 2022 2886 2092; x_wconf 81' lang='grc' dir='ltr'>ἀδικούμενος</span> <span class='ocrx_word' id='word_1_279' title='bbox 2910 2021 3087 2086; x_wconf 82' lang='grc' dir='ltr'>δόξαν,</span> <span class='ocrx_word' id='word_1_280' title='bbox 3121 2020 3154 2090; x_wconf 84' lang='grc' dir='ltr'><strong>ἥ</strong></span> <span class='ocrx_word' id='word_1_281' title='bbox 3188 2018 3349 2089; x_wconf 86' lang='grc' dir='ltr'>φύσιν</span> <span class='ocrx_word' id='word_1_282' title='bbox 3382 2035 3396 2048; x_wconf 90' lang='grc'><strong>·</strong></span> <span class='ocrx_word' id='word_1_283' title='bbox 3432 2017 3550 2071; x_wconf 78' lang='grc' dir='ltr'>ἔστι</span> <span class='ocrx_word' id='word_1_284' title='bbox 3593 2020 3707 2087; x_wconf 78' lang='grc' dir='ltr'>γὰρ</span> <span class='ocrx_word' id='word_1_285' title='bbox 3746 2017 3824 2069; x_wconf 74' lang='grc' dir='ltr'><strong>ἔτι</strong></span> <span class='ocrx_word' id='word_1_286' title='bbox 3846 2017 3921 2070; x_wconf 73' lang='grc' dir='ltr'>καὶ</span> 
     </span>
    </p>
   </div>
   <div class='ocr_carea' id='block_1_41' title="bbox 2342 2111 3371 2181">
    <p class='ocr_par' dir='ltr' id='par_1_41' title="bbox 2342 2111 3371 2181">
     <span class='ocr_line' id='line_1_41' title="bbox 2342 2111 3371 2181; baseline -0.005 -12"><span class='ocrx_word' id='word_1_287' title='bbox 2342 2114 2485 2169; x_wconf 76' lang='grc' dir='ltr'>οὕτω</span> <span class='ocrx_word' id='word_1_288' title='bbox 2517 2114 2672 2180; x_wconf 90' lang='grc' dir='ltr'>Θεὸς,</span> <span class='ocrx_word' id='word_1_289' title='bbox 2704 2115 2800 2168; x_wconf 73' lang='grc' dir='ltr'>καὶ</span> <span class='ocrx_word' id='word_1_290' title='bbox 2826 2113 2936 2166; x_wconf 85' lang='grc' dir='ltr'><strong>τῶν</strong></span> <span class='ocrx_word' id='word_1_291' title='bbox 2961 2114 3101 2166; x_wconf 83' lang='grc' dir='ltr'>ὅλων</span> <span class='ocrx_word' id='word_1_292' title='bbox 3143 2111 3371 2181; x_wconf 88' lang='grc' dir='ltr'>Κύριος.</span> 
     </span>
    </p>
   </div>
   <div class='ocr_carea' id='block_1_42' title="bbox 651 2197 3916 2274">
    <p class='ocr_par' dir='ltr' id='par_1_42' title="bbox 651 2197 3916 2274">
     <span class='ocr_line' id='line_1_42' title="bbox 651 2197 3916 2274; baseline -0.001 -17"><span class='ocrx_word' id='word_1_293' title='bbox 651 2201 921 2258; x_wconf 84' lang='lat' dir='ltr'><strong>mensuris</strong></span> <span class='ocrx_word' id='word_1_294' title='bbox 950 2199 1111 2255; x_wconf 88' lang='lat' dir='ltr'><strong>simul</strong></span> <span class='ocrx_word' id='word_1_295' title='bbox 1175 2200 1468 2255; x_wconf 88' lang='lat' dir='ltr'><strong>admittit:</strong></span> <span class='ocrx_word' id='word_1_296' title='bbox 1521 2213 1698 2268; x_wconf 90' lang='lat' dir='ltr'><strong>neque</strong></span> <span class='ocrx_word' id='word_1_297' title='bbox 1724 2197 1894 2252; x_wconf 91' lang='lat' dir='ltr'><strong>ullum</strong></span> <span class='ocrx_word' id='word_1_298' title='bbox 1962 2199 2089 2255; x_wconf 91' lang='lat' dir='ltr'><strong>hinc</strong></span> <span class='ocrx_word' id='word_1_299' title='bbox 2127 2210 2306 2258; x_wconf 86' lang='lat' dir='ltr'><strong>tamen</strong></span> <span class='ocrx_word' id='word_1_300' title='bbox 2343 2206 2640 2260; x_wconf 90' lang='lat' dir='ltr'><strong>secundum</strong></span> <span class='ocrx_word' id='word_1_301' title='bbox 2694 2205 2968 2274; x_wconf 88' lang='lat' dir='ltr'><strong>propriam</strong></span> <span class='ocrx_word' id='word_1_302' title='bbox 3024 2211 3303 2269; x_wconf 87' lang='lat' dir='ltr'><strong>naturam,</strong></span> <span class='ocrx_word' id='word_1_303' title='bbox 3356 2198 3441 2256; x_wconf 85' lang='lat' dir='ltr'><strong>vel</strong></span> <span class='ocrx_word' id='word_1_304' title='bbox 3490 2199 3745 2273; x_wconf 77' lang='lat' dir='ltr'><strong>gloriam,</strong></span> <span class='ocrx_word' id='word_1_305' title='bbox 3770 2200 3916 2255; x_wconf 78' lang='lat' dir='ltr'><strong>detri-</strong></span> 
     </span>
    </p>
   </div>
   <div class='ocr_carea' id='block_1_43' title="bbox 651 2293 3116 2365">
    <p class='ocr_par' dir='ltr' id='par_1_43' title="bbox 651 2293 3116 2365">
     <span class='ocr_line' id='line_1_43' title="bbox 651 2293 3116 2365; baseline -0 -12"><span class='ocrx_word' id='word_1_306' title='bbox 651 2307 893 2353; x_wconf 88' lang='lat' dir='ltr'><strong>mentum</strong></span> <span class='ocrx_word' id='word_1_307' title='bbox 945 2294 1095 2365; x_wconf 88' lang='lat' dir='ltr'><strong>capit</strong></span> <span class='ocrx_word' id='word_1_308' title='bbox 1126 2312 1139 2348; x_wconf 89' lang='lat'><strong>:</strong></span> <span class='ocrx_word' id='word_1_309' title='bbox 1178 2310 1260 2351; x_wconf 88' lang='grc' dir='ltr'><strong>εει</strong></span> <span class='ocrx_word' id='word_1_310' title='bbox 1302 2295 1450 2350; x_wconf 89' lang='lat' dir='ltr'><strong>enim</strong></span> <span class='ocrx_word' id='word_1_311' title='bbox 1504 2293 1686 2348; x_wconf 89' lang='lat' dir='ltr'><strong>adhuc</strong></span> <span class='ocrx_word' id='word_1_312' title='bbox 1722 2294 1890 2349; x_wconf 88' lang='lat' dir='ltr'><strong>etiam</strong></span> <span class='ocrx_word' id='word_1_313' title='bbox 1935 2295 2039 2351; x_wconf 87' lang='lat' dir='ltr'><strong>hoc</strong></span> <span class='ocrx_word' id='word_1_314' title='bbox 2073 2298 2236 2354; x_wconf 90' lang='lat' dir='ltr'><strong>modo</strong></span> <span class='ocrx_word' id='word_1_315' title='bbox 2274 2301 2416 2357; x_wconf 85' lang='lat' dir='ltr'><strong>Deus</strong></span> <span class='ocrx_word' id='word_1_316' title='bbox 2440 2316 2505 2356; x_wconf 85' lang='lat' dir='ltr'><strong>ac</strong></span> <span class='ocrx_word' id='word_1_317' title='bbox 2543 2300 2807 2357; x_wconf 89' lang='lat' dir='ltr'><strong>Dominus</strong></span> <span class='ocrx_word' id='word_1_318' title='bbox 2846 2300 3116 2355; x_wconf 89' lang='lat' dir='ltr'><strong>omnium.</strong></span> 
     </span>
    </p>
   </div>
   <div class='ocr_carea' id='block_1_44' title="bbox 1061 2412 1834 2470">
    <p class='ocr_par' dir='ltr' id='par_1_44' title="bbox 1061 2412 1834 2470">
     <span class='ocr_line' id='line_1_44' title="bbox 1061 2412 1834 2470; baseline 0.003 -3"><span class='ocrx_word' id='word_1_319' title='bbox 1061 2412 1710 2470; x_wconf 81' lang='lat' dir='ltr'><strong>ANATHEMATISMUS</strong></span> <span class='ocrx_word' id='word_1_320' title='bbox 1746 2412 1834 2469; x_wconf 89' lang='lat' dir='ltr'><strong>Ill.</strong></span> 
     </span>
    </p>
   </div>
   <div class='ocr_carea' id='block_1_45' title="bbox 724 2512 2238 2599">
    <p class='ocr_par' dir='ltr' id='par_1_45' title="bbox 724 2512 2238 2599">
     <span class='ocr_line' id='line_1_45' title="bbox 724 2512 2238 2599; baseline -0.001 -15"><span class='ocrx_word' id='word_1_321' title='bbox 724 2528 783 2584; x_wconf 88' lang='lat' dir='ltr'><strong>Si</strong></span> <span class='ocrx_word' id='word_1_322' title='bbox 811 2528 932 2598; x_wconf 89' lang='lat' dir='ltr'><strong>quis</strong></span> <span class='ocrx_word' id='word_1_323' title='bbox 968 2528 1022 2582; x_wconf 89' lang='lat' dir='ltr'><strong>in</strong></span> <span class='ocrx_word' id='word_1_324' title='bbox 1059 2512 1417 2582; x_wconf 84' lang='lat' dir='ltr'><strong>uno&#39;Cbristo</strong></span> <span class='ocrx_word' id='word_1_325' title='bbox 1448 2535 1571 2595; x_wconf 92' lang='lat' dir='ltr'><strong>post</strong></span> <span class='ocrx_word' id='word_1_326' title='bbox 1609 2527 1867 2582; x_wconf 90' lang='lat' dir='ltr'><strong>unionem</strong></span> <span class='ocrx_word' id='word_1_327' title='bbox 1908 2527 2102 2582; x_wconf 81' lang='lat' dir='ltr'><strong>dividit</strong></span> <span class='ocrx_word' id='word_1_328' title='bbox 2135 2529 2238 2599; x_wconf 79' lang='lat' dir='ltr'><strong>hy-</strong></span> 
     </span>
    </p>
   </div>
   <div class='ocr_carea' id='block_1_46' title="bbox 650 2620 2243 2693">
    <p class='ocr_par' dir='ltr' id='par_1_46' title="bbox 650 2620 2243 2693">
     <span class='ocr_line' id='line_1_46' title="bbox 650 2620 2243 2693; baseline -0.001 -16"><span class='ocrx_word' id='word_1_329' title='bbox 650 2630 922 2693; x_wconf 89' lang='lat' dir='ltr'><strong>postases,</strong></span> <span class='ocrx_word' id='word_1_330' title='bbox 961 2620 1220 2689; x_wconf 89' lang='lat' dir='ltr'><strong>ipsasque</strong></span> <span class='ocrx_word' id='word_1_331' title='bbox 1268 2633 1333 2672; x_wconf 90' lang='lat' dir='ltr'><strong>ea</strong></span> <span class='ocrx_word' id='word_1_332' title='bbox 1389 2626 1597 2671; x_wconf 89' lang='lat' dir='ltr'><strong>tantum</strong></span> <span class='ocrx_word' id='word_1_333' title='bbox 1648 2620 2040 2688; x_wconf 85' lang='lat' dir='ltr'><strong>conjunctione</strong></span> <span class='ocrx_word' id='word_1_334' title='bbox 2100 2621 2243 2677; x_wconf 88' lang='lat' dir='ltr'><strong>inter</strong></span> 
     </span>
    </p>
   </div>
   <div class='ocr_carea' id='block_1_47' title="bbox 651 2709 2244 2779">
    <p class='ocr_par' dir='ltr' id='par_1_47' title="bbox 651 2709 2244 2779">
     <span class='ocr_line' id='line_1_47' title="bbox 651 2709 2244 2779; baseline -0.001 -11"><span class='ocrx_word' id='word_1_335' title='bbox 651 2728 712 2768; x_wconf 90' lang='lat' dir='ltr'><strong>se</strong></span> <span class='ocrx_word' id='word_1_336' title='bbox 737 2710 1034 2773; x_wconf 88' lang='lat' dir='ltr'><strong>connectit,</strong></span> <span class='ocrx_word' id='word_1_337' title='bbox 1058 2723 1177 2778; x_wconf 85' lang='lat' dir='ltr'><strong>quae</strong></span> <span class='ocrx_word' id='word_1_338' title='bbox 1200 2718 1283 2763; x_wconf 88' lang='lat' dir='ltr'><strong>est</strong></span> <span class='ocrx_word' id='word_1_339' title='bbox 1313 2710 1613 2763; x_wconf 90' lang='lat' dir='ltr'><strong>secundum</strong></span> <span class='ocrx_word' id='word_1_340' title='bbox 1646 2709 1985 2779; x_wconf 79' lang='lat' dir='ltr'><strong>dignitatem,</strong></span> <span class='ocrx_word' id='word_1_341' title='bbox 2038 2713 2140 2767; x_wconf 92' lang='lat' dir='ltr'><strong>hoc</strong></span> <span class='ocrx_word' id='word_1_342' title='bbox 2161 2724 2244 2769; x_wconf 91' lang='lat' dir='ltr'><strong>est</strong></span> 
     </span>
    </p>
   </div>
   <div class='ocr_carea' id='block_1_48' title="bbox 650 2799 2241 2870">
    <p class='ocr_par' dir='ltr' id='par_1_48' title="bbox 650 2799 2241 2870">
     <span class='ocr_line' id='line_1_48' title="bbox 650 2799 2241 2870; baseline 0 -12"><span class='ocrx_word' id='word_1_343' title='bbox 650 2804 1056 2865; x_wconf 85' lang='lat' dir='ltr'><strong>auctoritatem,</strong></span> <span class='ocrx_word' id='word_1_344' title='bbox 1113 2799 1198 2855; x_wconf 86' lang='lat' dir='ltr'><strong>vel</strong></span> <span class='ocrx_word' id='word_1_345' title='bbox 1256 2809 1605 2870; x_wconf 87' lang='lat' dir='ltr'><strong>potestatem,</strong></span> <span class='ocrx_word' id='word_1_346' title='bbox 1656 2811 1715 2855; x_wconf 91' lang='lat' dir='ltr'><strong>et</strong></span> <span class='ocrx_word' id='word_1_347' title='bbox 1773 2818 1878 2857; x_wconf 91' lang='lat' dir='ltr'><strong>non</strong></span> <span class='ocrx_word' id='word_1_348' title='bbox 1932 2818 1998 2857; x_wconf 90' lang='lat' dir='ltr'><strong>eo</strong></span> <span class='ocrx_word' id='word_1_349' title='bbox 2060 2805 2241 2870; x_wconf 88' lang='lat' dir='ltr'><strong>potius</strong></span> 
     </span>
    </p>
   </div>
   <div class='ocr_carea' id='block_1_49' title="bbox 651 2892 2237 2963">
    <p class='ocr_par' dir='ltr' id='par_1_49' title="bbox 651 2892 2237 2963">
     <span class='ocr_line' id='line_1_49' title="bbox 651 2892 2237 2963; baseline -0.002 -12"><span class='ocrx_word' id='word_1_350' title='bbox 651 2910 940 2959; x_wconf 87' lang='lat' dir='ltr'><strong>concursu,</strong></span> <span class='ocrx_word' id='word_1_351' title='bbox 967 2893 1060 2963; x_wconf 90' lang='lat' dir='ltr'><strong>qui</strong></span> <span class='ocrx_word' id='word_1_352' title='bbox 1109 2901 1194 2947; x_wconf 90' lang='lat' dir='ltr'><strong>est</strong></span> <span class='ocrx_word' id='word_1_353' title='bbox 1231 2892 1532 2946; x_wconf 88' lang='lat' dir='ltr'><strong>secundum</strong></span> <span class='ocrx_word' id='word_1_354' title='bbox 1591 2893 1899 2948; x_wconf 89' lang='lat' dir='ltr'><strong>naturalem</strong></span> <span class='ocrx_word' id='word_1_355' title='bbox 1932 2894 2186 2950; x_wconf 88' lang='lat' dir='ltr'><strong>unionem</strong></span> <span class='ocrx_word' id='word_1_356' title='bbox 2225 2913 2237 2948; x_wconf 90' lang='lat'><strong>:</strong></span> 
     </span>
    </p>
   </div>
   <div class='ocr_carea' id='block_1_50' title="bbox 653 2983 1064 3039">
    <p class='ocr_par' dir='ltr' id='par_1_50' title="bbox 653 2983 1064 3039">
     <span class='ocr_line' id='line_1_50' title="bbox 653 2983 1064 3039; baseline -0.007 -1"><span class='ocrx_word' id='word_1_357' title='bbox 653 2985 943 3039; x_wconf 89' lang='lat' dir='ltr'><strong>anathema</strong></span> <span class='ocrx_word' id='word_1_358' title='bbox 975 2983 1064 3038; x_wconf 87' lang='lat' dir='ltr'><strong>sit.</strong></span> 
     </span>
    </p>
   </div>
   <div class='ocr_carea' id='block_1_51' title="bbox 1207 3094 1721 3150">
    <p class='ocr_par' dir='ltr' id='par_1_51' title="bbox 1207 3094 1721 3150">
     <span class='ocr_line' id='line_1_51' title="bbox 1207 3094 1721 3150; baseline 0.006 -3"><span class='ocrx_word' id='word_1_359' title='bbox 1207 3094 1508 3150; x_wconf 82' lang='lat' dir='ltr'><strong>Declaralio</strong></span> <span class='ocrx_word' id='word_1_360' title='bbox 1542 3098 1721 3150; x_wconf 79' lang='lat' dir='ltr'><strong>tertia.</strong></span> 
     </span>
    </p>
   </div>
   <div class='ocr_carea' id='block_1_52' title="bbox 726 3207 2242 3283">
    <p class='ocr_par' dir='ltr' id='par_1_52' title="bbox 726 3207 2242 3283">
     <span class='ocr_line' id='line_1_52' title="bbox 726 3207 2242 3283; baseline 0.004 -19"><span class='ocrx_word' id='word_1_361' title='bbox 726 3208 1000 3264; x_wconf 89' lang='lat' dir='ltr'><strong>lncarnati</strong></span> <span class='ocrx_word' id='word_1_362' title='bbox 1059 3207 1334 3279; x_wconf 75' lang='lat' dir='ltr'><strong>Unigeniti</strong></span> <span class='ocrx_word' id='word_1_363' title='bbox 1398 3209 1857 3277; x_wconf 82' lang='lat' dir='ltr'><strong>dispensatorium</strong></span> <span class='ocrx_word' id='word_1_364' title='bbox 1926 3214 2242 3283; x_wconf 88' lang='lat' dir='ltr'><strong>mysterium</strong></span> 
     </span>
    </p>
   </div>
   <div class='ocr_carea' id='block_1_53' title="bbox 655 3293 2244 3366">
    <p class='ocr_par' dir='ltr' id='par_1_53' title="bbox 655 3293 2244 3366">
     <span class='ocr_line' id='line_1_53' title="bbox 655 3293 2244 3366; baseline 0 -12"><span class='ocrx_word' id='word_1_365' title='bbox 655 3308 909 3354; x_wconf 85' lang='lat' dir='ltr'><strong>accurate</strong></span> <span class='ocrx_word' id='word_1_366' title='bbox 930 3296 1292 3366; x_wconf 89' lang='lat' dir='ltr'><strong>inquirentes,</strong></span> <span class='ocrx_word' id='word_1_367' title='bbox 1320 3295 1417 3352; x_wconf 89' lang='lat' dir='ltr'><strong>Dei</strong></span> <span class='ocrx_word' id='word_1_368' title='bbox 1454 3293 1637 3352; x_wconf 89' lang='lat' dir='ltr'><strong>Patris</strong></span> <span class='ocrx_word' id='word_1_369' title='bbox 1665 3295 1903 3353; x_wconf 81' lang='lat' dir='ltr'><strong>Verbum</strong></span> <span class='ocrx_word' id='word_1_370' title='bbox 1930 3299 2244 3354; x_wconf 86' lang='lat' dir='ltr'><strong>admirabili</strong></span> 
     </span>
    </p>
   </div>
   <div class='ocr_carea' id='block_1_54' title="bbox 657 3389 2243 3461">
    <p class='ocr_par' dir='ltr' id='par_1_54' title="bbox 657 3389 2243 3461">
     <span class='ocr_line' id='line_1_54' title="bbox 657 3389 2243 3461; baseline -0.001 -14"><span class='ocrx_word' id='word_1_371' title='bbox 657 3390 1135 3461; x_wconf 81' lang='lat' dir='ltr'><strong>iuexplicahilique</strong></span> <span class='ocrx_word' id='word_1_372' title='bbox 1195 3390 1376 3454; x_wconf 89' lang='lat' dir='ltr'><strong>modo,</strong></span> <span class='ocrx_word' id='word_1_373' title='bbox 1437 3397 1633 3445; x_wconf 88' lang='lat' dir='ltr'><strong>sancto</strong></span> <span class='ocrx_word' id='word_1_374' title='bbox 1703 3389 1920 3461; x_wconf 91' lang='lat' dir='ltr'><strong>corpori</strong></span> <span class='ocrx_word' id='word_1_375' title='bbox 2001 3392 2243 3446; x_wconf 89' lang='lat' dir='ltr'><strong>animam</strong></span> 
     </span>
    </p>
   </div>
   <div class='ocr_carea' id='block_1_55' title="bbox 658 3476 2245 3554">
    <p class='ocr_par' dir='ltr' id='par_1_55' title="bbox 658 3476 2245 3554">
     <span class='ocr_line' id='line_1_55' title="bbox 658 3476 2245 3554; baseline 0.002 -17"><span class='ocrx_word' id='word_1_376' title='bbox 658 3483 888 3539; x_wconf 89' lang='lat' dir='ltr'><strong>rationis</strong></span> <span class='ocrx_word' id='word_1_377' title='bbox 921 3491 1227 3550; x_wconf 90' lang='lat' dir='ltr'><strong>compotem</strong></span> <span class='ocrx_word' id='word_1_378' title='bbox 1265 3476 1489 3535; x_wconf 82' lang='lat' dir='ltr'><strong>habenti</strong></span> <span class='ocrx_word' id='word_1_379' title='bbox 1534 3481 1744 3536; x_wconf 90' lang='lat' dir='ltr'><strong>unitum</strong></span> <span class='ocrx_word' id='word_1_380' title='bbox 1771 3481 2004 3537; x_wconf 90' lang='lat' dir='ltr'><strong>dicimus</strong></span> <span class='ocrx_word' id='word_1_381' title='bbox 2032 3500 2047 3551; x_wconf 88' lang='lat'><strong>;</strong></span> <span class='ocrx_word' id='word_1_382' title='bbox 2080 3493 2245 3554; x_wconf 89' lang='lat' dir='ltr'><strong>atque</strong></span> 
     </span>
    </p>
   </div>
   <div class='ocr_carea' id='block_1_56' title="bbox 657 3573 2245 3649">
    <p class='ocr_par' dir='ltr' id='par_1_56' title="bbox 657 3573 2245 3649">
     <span class='ocr_line' id='line_1_56' title="bbox 657 3573 2245 3649; baseline -0.001 -17"><span class='ocrx_word' id='word_1_383' title='bbox 657 3578 730 3632; x_wconf 91' lang='lat' dir='ltr'><strong>ita</strong></span> <span class='ocrx_word' id='word_1_384' title='bbox 753 3590 965 3646; x_wconf 89' lang='lat' dir='ltr'><strong>quoque</strong></span> <span class='ocrx_word' id='word_1_385' title='bbox 997 3591 1164 3630; x_wconf 90' lang='lat' dir='ltr'><strong>unum</strong></span> <span class='ocrx_word' id='word_1_386' title='bbox 1202 3588 1324 3629; x_wconf 90' lang='lat' dir='ltr'><strong>esse</strong></span> <span class='ocrx_word' id='word_1_387' title='bbox 1355 3573 1556 3629; x_wconf 90' lang='lat' dir='ltr'><strong>Filium</strong></span> <span class='ocrx_word' id='word_1_388' title='bbox 1584 3574 1961 3649; x_wconf 80' lang='lat' dir='ltr'><strong>intelligimus;</strong></span> <span class='ocrx_word' id='word_1_389' title='bbox 1982 3578 2245 3646; x_wconf 86' lang='lat' dir='ltr'><strong>quemad-</strong></span> 
     </span>
    </p>
   </div>
   <div class='ocr_carea' id='block_1_57' title="bbox 658 3665 2238 3736">
    <p class='ocr_par' dir='ltr' id='par_1_57' title="bbox 658 3665 2238 3736">
     <span class='ocr_line' id='line_1_57' title="bbox 658 3665 2238 3736; baseline -0.002 -13"><span class='ocrx_word' id='word_1_390' title='bbox 658 3669 877 3725; x_wconf 90' lang='lat' dir='ltr'><strong>modum</strong></span> <span class='ocrx_word' id='word_1_391' title='bbox 910 3668 1165 3723; x_wconf 87' lang='lat' dir='ltr'><strong>nimirum</strong></span> <span class='ocrx_word' id='word_1_392' title='bbox 1212 3674 1265 3721; x_wconf 88' lang='lat' dir='ltr'><strong>et</strong></span> <span class='ocrx_word' id='word_1_393' title='bbox 1307 3666 1360 3719; x_wconf 92' lang='lat' dir='ltr'><strong>in</strong></span> <span class='ocrx_word' id='word_1_394' title='bbox 1406 3665 1565 3721; x_wconf 91' lang='lat' dir='ltr'><strong>nobis</strong></span> <span class='ocrx_word' id='word_1_395' title='bbox 1612 3665 1744 3736; x_wconf 85' lang='lat' dir='ltr'><strong>ipsis</strong></span> <span class='ocrx_word' id='word_1_396' title='bbox 1798 3682 2026 3723; x_wconf 87' lang='lat' dir='ltr'><strong>cernere</strong></span> <span class='ocrx_word' id='word_1_397' title='bbox 2082 3668 2238 3724; x_wconf 85' lang='lat' dir='ltr'><strong>licet:</strong></span> 
     </span>
    </p>
   </div>
   <div class='ocr_carea' id='block_1_58' title="bbox 658 3758 2245 3827">
    <p class='ocr_par' dir='ltr' id='par_1_58' title="bbox 658 3758 2245 3827">
     <span class='ocr_line' id='line_1_58' title="bbox 658 3758 2245 3827; baseline -0.001 -10"><span class='ocrx_word' id='word_1_398' title='bbox 658 3771 790 3817; x_wconf 89' lang='lat' dir='ltr'><strong>sunt</strong></span> <span class='ocrx_word' id='word_1_399' title='bbox 818 3774 950 3816; x_wconf 88' lang='lat' dir='ltr'><strong>sane</strong></span> <span class='ocrx_word' id='word_1_400' title='bbox 982 3759 1163 3813; x_wconf 87' lang='lat' dir='ltr'><strong>anima</strong></span> <span class='ocrx_word' id='word_1_401' title='bbox 1216 3766 1271 3812; x_wconf 90' lang='lat' dir='ltr'><strong>et</strong></span> <span class='ocrx_word' id='word_1_402' title='bbox 1317 3771 1515 3827; x_wconf 90' lang='lat' dir='ltr'><strong>corpus</strong></span> <span class='ocrx_word' id='word_1_403' title='bbox 1542 3766 1750 3813; x_wconf 80' lang='lat' dir='ltr'><strong>natura:</strong></span> <span class='ocrx_word' id='word_1_404' title='bbox 1780 3758 2029 3826; x_wconf 80' lang='lat' dir='ltr'><strong>diversae,</strong></span> <span class='ocrx_word' id='word_1_405' title='bbox 2053 3767 2109 3813; x_wconf 91' lang='lat' dir='ltr'><strong>at</strong></span> <span class='ocrx_word' id='word_1_406' title='bbox 2139 3760 2245 3815; x_wconf 91' lang='lat' dir='ltr'><strong>duo</strong></span> 
     </span>
    </p>
   </div>
   <div class='ocr_carea' id='block_1_59' title="bbox 657 3849 2242 3919">
    <p class='ocr_par' dir='ltr' id='par_1_59' title="bbox 657 3849 2242 3919">
     <span class='ocr_line' id='line_1_59' title="bbox 657 3849 2242 3919; baseline -0.001 -11"><span class='ocrx_word' id='word_1_407' title='bbox 657 3856 774 3908; x_wconf 73' lang='lat' dir='ltr'><strong>hzcc</strong></span> <span class='ocrx_word' id='word_1_408' title='bbox 808 3856 953 3908; x_wconf 91' lang='lat' dir='ltr'><strong>inter</strong></span> <span class='ocrx_word' id='word_1_409' title='bbox 999 3868 1058 3907; x_wconf 91' lang='lat' dir='ltr'><strong>se</strong></span> <span class='ocrx_word' id='word_1_410' title='bbox 1094 3850 1382 3919; x_wconf 84' lang='lat' dir='ltr'><strong>conjuncta</strong></span> <span class='ocrx_word' id='word_1_411' title='bbox 1433 3864 1600 3904; x_wconf 88' lang='lat' dir='ltr'><strong>unum</strong></span> <span class='ocrx_word' id='word_1_412' title='bbox 1652 3849 1856 3904; x_wconf 86' lang='lat' dir='ltr'><strong>animal</strong></span> <span class='ocrx_word' id='word_1_413' title='bbox 1884 3853 2242 3907; x_wconf 89' lang='lat' dir='ltr'><strong>constituunt.</strong></span> 
     </span>
    </p>
   </div>
   <div class='ocr_carea' id='block_1_60' title="bbox 657 3940 2243 4011">
    <p class='ocr_par' dir='ltr' id='par_1_60' title="bbox 657 3940 2243 4011">
     <span class='ocr_line' id='line_1_60' title="bbox 657 3940 2243 4011; baseline -0.003 -9"><span class='ocrx_word' id='word_1_414' title='bbox 657 3947 855 4002; x_wconf 75' lang='lat' dir='ltr'><strong>Verum</strong></span> <span class='ocrx_word' id='word_1_415' title='bbox 895 3953 1024 4001; x_wconf 91' lang='lat' dir='ltr'><strong>sunt</strong></span> <span class='ocrx_word' id='word_1_416' title='bbox 1065 3943 1154 4011; x_wconf 91' lang='lat' dir='ltr'><strong>qui</strong></span> <span class='ocrx_word' id='word_1_417' title='bbox 1183 3942 1342 3995; x_wconf 89' lang='lat' dir='ltr'><strong>aliter</strong></span> <span class='ocrx_word' id='word_1_418' title='bbox 1377 3941 1494 3995; x_wconf 65' lang='lat' dir='ltr'><strong>haec</strong></span> <span class='ocrx_word' id='word_1_419' title='bbox 1527 3940 1731 3995; x_wconf 90' lang='lat' dir='ltr'><strong>habere</strong></span> <span class='ocrx_word' id='word_1_420' title='bbox 1767 3941 2080 4009; x_wconf 88' lang='lat' dir='ltr'><strong>opinantur.</strong></span> <span class='ocrx_word' id='word_1_421' title='bbox 2114 3942 2243 3997; x_wconf 88' lang='lat' dir='ltr'><strong>Sta-</strong></span> 
     </span>
    </p>
   </div>
   <div class='ocr_carea' id='block_1_61' title="bbox 658 4036 2245 4105">
    <p class='ocr_par' dir='ltr' id='par_1_61' title="bbox 658 4036 2245 4105">
     <span class='ocr_line' id='line_1_61' title="bbox 658 4036 2245 4105; baseline -0.002 -13"><span class='ocrx_word' id='word_1_422' title='bbox 658 4046 816 4092; x_wconf 86' lang='lat' dir='ltr'><strong>tuunt</strong></span> <span class='ocrx_word' id='word_1_423' title='bbox 866 4037 918 4090; x_wconf 91' lang='lat' dir='ltr'><strong>hi</strong></span> <span class='ocrx_word' id='word_1_424' title='bbox 972 4036 1126 4091; x_wconf 88' lang='lat' dir='ltr'><strong>nobis</strong></span> <span class='ocrx_word' id='word_1_425' title='bbox 1162 4036 1441 4091; x_wconf 89' lang='lat' dir='ltr'><strong>hominem</strong></span> <span class='ocrx_word' id='word_1_426' title='bbox 1497 4046 1744 4088; x_wconf 85' lang='lat' dir='ltr'><strong>seorsum</strong></span> <span class='ocrx_word' id='word_1_427' title='bbox 1779 4046 1875 4102; x_wconf 88' lang='lat' dir='ltr'><strong>per</strong></span> <span class='ocrx_word' id='word_1_428' title='bbox 1904 4046 1985 4098; x_wconf 93' lang='lat' dir='ltr'><strong>se,</strong></span> <span class='ocrx_word' id='word_1_429' title='bbox 2009 4048 2245 4105; x_wconf 88' lang='lat' dir='ltr'><strong>eumque</strong></span> 
     </span>
    </p>
   </div>
   <div class='ocr_carea' id='block_1_62' title="bbox 658 4124 2247 4195">
    <p class='ocr_par' dir='ltr' id='par_1_62' title="bbox 658 4124 2247 4195">
     <span class='ocr_line' id='line_1_62' title="bbox 658 4124 2247 4195; baseline -0.001 -13"><span class='ocrx_word' id='word_1_430' title='bbox 658 4129 751 4183; x_wconf 81' lang='lat' dir='ltr'><strong>Dei</strong></span> <span class='ocrx_word' id='word_1_431' title='bbox 774 4126 952 4181; x_wconf 87' lang='lat' dir='ltr'><strong>Patris</strong></span> <span class='ocrx_word' id='word_1_432' title='bbox 991 4127 1169 4181; x_wconf 84' lang='lat' dir='ltr'><strong>Verbo</strong></span> <span class='ocrx_word' id='word_1_433' title='bbox 1208 4125 1505 4181; x_wconf 90' lang='lat' dir='ltr'><strong>secundum</strong></span> <span class='ocrx_word' id='word_1_434' title='bbox 1540 4124 1714 4179; x_wconf 90' lang='lat' dir='ltr'><strong>solam</strong></span> <span class='ocrx_word' id='word_1_435' title='bbox 1752 4124 2074 4195; x_wconf 80' lang='lat' dir='ltr'><strong>dignitatem</strong></span> <span class='ocrx_word' id='word_1_436' title='bbox 2129 4125 2247 4182; x_wconf 88' lang='lat' dir='ltr'><strong>sive</strong></span> 
     </span>
    </p>
   </div>
   <div class='ocr_carea' id='block_1_63' title="bbox 659 4217 2247 4288">
    <p class='ocr_par' dir='ltr' id='par_1_63' title="bbox 659 4217 2247 4288">
     <span class='ocr_line' id='line_1_63' title="bbox 659 4217 2247 4288; baseline -0.001 -15"><span class='ocrx_word' id='word_1_437' title='bbox 659 4220 1044 4273; x_wconf 89' lang='lat' dir='ltr'><strong>auctoritatem</strong></span> <span class='ocrx_word' id='word_1_438' title='bbox 1097 4218 1447 4288; x_wconf 88' lang='lat' dir='ltr'><strong>conjunctum</strong></span> <span class='ocrx_word' id='word_1_439' title='bbox 1481 4218 1671 4272; x_wconf 90' lang='lat' dir='ltr'><strong>dicunt</strong></span> <span class='ocrx_word' id='word_1_440' title='bbox 1705 4233 1721 4283; x_wconf 92' lang='lat'><strong>;</strong></span> <span class='ocrx_word' id='word_1_441' title='bbox 1763 4217 2059 4272; x_wconf 90' lang='lat' dir='ltr'><strong>secundum</strong></span> <span class='ocrx_word' id='word_1_442' title='bbox 2088 4226 2247 4272; x_wconf 90' lang='lat' dir='ltr'><strong>natu-</strong></span> 
     </span>
    </p>
   </div>
   <div class='ocr_carea' id='block_1_64' title="bbox 660 4309 2246 4375">
    <p class='ocr_par' dir='ltr' id='par_1_64' title="bbox 660 4309 2246 4375">
     <span class='ocr_line' id='line_1_64' title="bbox 660 4309 2246 4375; baseline -0.002 -9"><span class='ocrx_word' id='word_1_443' title='bbox 660 4312 825 4366; x_wconf 89' lang='lat' dir='ltr'><strong>ralem</strong></span> <span class='ocrx_word' id='word_1_444' title='bbox 879 4320 1082 4375; x_wconf 90' lang='lat' dir='ltr'><strong>autem,</strong></span> <span class='ocrx_word' id='word_1_445' title='bbox 1142 4311 1244 4364; x_wconf 92' lang='lat' dir='ltr'><strong>hoc</strong></span> <span class='ocrx_word' id='word_1_446' title='bbox 1288 4319 1393 4375; x_wconf 91' lang='lat' dir='ltr'><strong>est,</strong></span> <span class='ocrx_word' id='word_1_447' title='bbox 1452 4324 1634 4364; x_wconf 86' lang='lat' dir='ltr'><strong>veram</strong></span> <span class='ocrx_word' id='word_1_448' title='bbox 1662 4309 1942 4374; x_wconf 92' lang='lat' dir='ltr'><strong>unionem,</strong></span> <span class='ocrx_word' id='word_1_449' title='bbox 1969 4318 2110 4364; x_wconf 91' lang='lat' dir='ltr'><strong>etut</strong></span> <span class='ocrx_word' id='word_1_450' title='bbox 2147 4323 2246 4364; x_wconf 91' lang='lat' dir='ltr'><strong>nos</strong></span> 
     </span>
    </p>
   </div>
   <div class='ocr_carea' id='block_1_65' title="bbox 658 4390 2247 4473">
    <p class='ocr_par' dir='ltr' id='par_1_65' title="bbox 658 4390 2247 4473">
     <span class='ocr_line' id='line_1_65' title="bbox 658 4390 2247 4473; baseline -0.001 -18"><span class='ocrx_word' id='word_1_451' title='bbox 658 4403 948 4469; x_wconf 65' lang='lat' dir='ltr'><strong>credimus,</strong></span> <span class='ocrx_word' id='word_1_452' title='bbox 981 4416 1349 4473; x_wconf 88' lang='lat' dir='ltr'><strong>nequaquam.</strong></span> <span class='ocrx_word' id='word_1_453' title='bbox 1394 4398 1530 4455; x_wconf 85' lang='lat' dir='ltr'><strong>Nam</strong></span> <span class='ocrx_word' id='word_1_454' title='bbox 1574 4400 1649 4456; x_wconf 82' lang='lat' dir='ltr'><strong>ita</strong></span> <span class='ocrx_word' id='word_1_455' title='bbox 1680 4390 1844 4457; x_wconf 82' lang='lat' dir='ltr'><strong>etiam</strong></span> <span class='ocrx_word' id='word_1_456' title='bbox 1884 4401 2065 4456; x_wconf 88' lang='lat' dir='ltr'><strong>divina</strong></span> <span class='ocrx_word' id='word_1_457' title='bbox 2096 4399 2247 4456; x_wconf 86' lang='lat' dir='ltr'><strong>Scri-</strong></span> 
     </span>
    </p>
   </div>
   <div class='ocr_carea' id='block_1_66' title="bbox 661 4493 2245 4565">
    <p class='ocr_par' dir='ltr' id='par_1_66' title="bbox 661 4493 2245 4565">
     <span class='ocr_line' id='line_1_66' title="bbox 661 4493 2245 4565; baseline -0.001 -17"><span class='ocrx_word' id='word_1_458' title='bbox 661 4508 814 4565; x_wconf 84' lang='lat' dir='ltr'><strong>ptura</strong></span> <span class='ocrx_word' id='word_1_459' title='bbox 842 4496 1009 4549; x_wconf 82' lang='lat' dir='ltr'><strong>dicit:</strong></span> <span class='ocrx_word' id='word_1_460' title='bbox 1049 4514 1067 4545; x_wconf 77' lang='grc' dir='ltr'><strong>ι</strong></span> <span class='ocrx_word' id='word_1_461' title='bbox 1103 4494 1168 4548; x_wconf 81' lang='lat' dir='ltr'><strong>Et</strong></span> <span class='ocrx_word' id='word_1_462' title='bbox 1197 4508 1421 4548; x_wconf 89' lang='lat' dir='ltr'><strong>eramus</strong></span> <span class='ocrx_word' id='word_1_463' title='bbox 1461 4503 1651 4548; x_wconf 86' lang='lat' dir='ltr'><strong>natura</strong></span> <span class='ocrx_word' id='word_1_464' title='bbox 1701 4493 1796 4548; x_wconf 81' lang='lat' dir='ltr'><strong>ﬁlii</strong></span> <span class='ocrx_word' id='word_1_465' title='bbox 1835 4496 1952 4559; x_wconf 76' lang='lat' dir='ltr'><strong>irae,</strong></span> <span class='ocrx_word' id='word_1_466' title='bbox 1998 4493 2145 4549; x_wconf 88' lang='lat' dir='ltr'><strong>sicut</strong></span> <span class='ocrx_word' id='word_1_467' title='bbox 2190 4502 2245 4546; x_wconf 92' lang='lat' dir='ltr'><strong>et</strong></span> 
     </span>
    </p>
   </div>
   <div class='ocr_carea' id='block_1_67' title="bbox 660 4585 2240 4657">
    <p class='ocr_par' dir='ltr' id='par_1_67' title="bbox 660 4585 2240 4657">
     <span class='ocr_line' id='line_1_67' title="bbox 660 4585 2240 4657; baseline 0.006 -13"><span class='ocrx_word' id='word_1_468' title='bbox 660 4590 846 4644; x_wconf 60' lang='lat' dir='ltr'><strong>caeteri</strong></span> <span class='ocrx_word' id='word_1_469' title='bbox 876 4590 918 4621; x_wconf 82' lang='lat'><strong>“’</strong></span> <span class='ocrx_word' id='word_1_470' title='bbox 952 4605 967 4655; x_wconf 88' lang='lat'><strong>;</strong></span> <span class='ocrx_word' id='word_1_471' title='bbox 1004 4608 1021 4641; x_wconf 83' lang='grc' dir='ltr'><strong>ι</strong></span> <span class='ocrx_word' id='word_1_472' title='bbox 1059 4587 1211 4654; x_wconf 90' lang='lat' dir='ltr'><strong>illud,</strong></span> <span class='ocrx_word' id='word_1_473' title='bbox 1245 4595 1459 4651; x_wconf 81' lang='lat' dir='ltr'><strong>natura,</strong></span> <span class='ocrx_word' id='word_1_474' title='bbox 1506 4599 1734 4641; x_wconf 84' lang='lat' dir='ltr'><strong>sumens</strong></span> <span class='ocrx_word' id='word_1_475' title='bbox 1773 4600 1892 4657; x_wconf 89' lang='lat' dir='ltr'><strong>pro,</strong></span> <span class='ocrx_word' id='word_1_476' title='bbox 1950 4598 2098 4641; x_wconf 69' lang='lat' dir='ltr'><strong>vere-</strong></span> <span class='ocrx_word' id='word_1_477' title='bbox 2138 4585 2240 4652; x_wconf 74' lang='lat' dir='ltr'><strong>Qui</strong></span> 
     </span>
    </p>
   </div>
   <div class='ocr_carea' id='block_1_68' title="bbox 661 4676 2245 4750">
    <p class='ocr_par' dir='ltr' id='par_1_68' title="bbox 661 4676 2245 4750">
     <span class='ocr_line' id='line_1_68' title="bbox 661 4676 2245 4750; baseline -0.004 -13"><span class='ocrx_word' id='word_1_478' title='bbox 661 4684 842 4750; x_wconf 86' lang='lat' dir='ltr'><strong>itaque</strong></span> <span class='ocrx_word' id='word_1_479' title='bbox 910 4680 1293 4735; x_wconf 85' lang='lat' dir='ltr'><strong>subsistentias</strong></span> <span class='ocrx_word' id='word_1_480' title='bbox 1362 4686 1484 4748; x_wconf 88' lang='lat' dir='ltr'><strong>post</strong></span> <span class='ocrx_word' id='word_1_481' title='bbox 1548 4677 1802 4732; x_wconf 90' lang='lat' dir='ltr'><strong>unionem</strong></span> <span class='ocrx_word' id='word_1_482' title='bbox 1862 4676 2131 4741; x_wconf 86' lang='lat' dir='ltr'><strong>dividunt,</strong></span> <span class='ocrx_word' id='word_1_483' title='bbox 2189 4685 2245 4731; x_wconf 89' lang='lat' dir='ltr'><strong>et</strong></span> 
     </span>
    </p>
   </div>
   <div class='ocr_carea' id='block_1_69' title="bbox 660 4768 2240 4841">
    <p class='ocr_par' dir='ltr' id='par_1_69' title="bbox 660 4768 2240 4841">
     <span class='ocr_line' id='line_1_69' title="bbox 660 4768 2240 4841; baseline -0.003 -13"><span class='ocrx_word' id='word_1_484' title='bbox 660 4774 920 4841; x_wconf 84' lang='lat' dir='ltr'><strong>singulas,</strong></span> <span class='ocrx_word' id='word_1_485' title='bbox 968 4773 1068 4826; x_wconf 90' lang='lat' dir='ltr'><strong>hoc</strong></span> <span class='ocrx_word' id='word_1_486' title='bbox 1118 4781 1223 4836; x_wconf 90' lang='lat' dir='ltr'><strong>est,</strong></span> <span class='ocrx_word' id='word_1_487' title='bbox 1282 4771 1449 4824; x_wconf 91' lang='lat' dir='ltr'><strong>Deum</strong></span> <span class='ocrx_word' id='word_1_488' title='bbox 1496 4778 1551 4825; x_wconf 91' lang='lat' dir='ltr'><strong>et</strong></span> <span class='ocrx_word' id='word_1_489' title='bbox 1602 4770 1901 4833; x_wconf 86' lang='lat' dir='ltr'><strong>hominem,</strong></span> <span class='ocrx_word' id='word_1_490' title='bbox 1948 4768 2240 4838; x_wconf 83' lang='lat' dir='ltr'><strong>separatim</strong></span> 
     </span>
    </p>
   </div>
   <div class='ocr_carea' id='block_1_70' title="bbox 661 4860 2241 4935">
    <p class='ocr_par' dir='ltr' id='par_1_70' title="bbox 661 4860 2241 4935">
     <span class='ocr_line' id='line_1_70' title="bbox 661 4860 2241 4935; baseline -0.003 -14"><span class='ocrx_word' id='word_1_491' title='bbox 661 4877 886 4935; x_wconf 84' lang='lat' dir='ltr'><strong>pommt,</strong></span> <span class='ocrx_word' id='word_1_492' title='bbox 916 4864 1190 4933; x_wconf 88' lang='lat' dir='ltr'><strong>talemque</strong></span> <span class='ocrx_word' id='word_1_493' title='bbox 1219 4863 1432 4918; x_wconf 88' lang='lat' dir='ltr'><strong>illarum</strong></span> <span class='ocrx_word' id='word_1_494' title='bbox 1470 4863 1717 4933; x_wconf 89' lang='lat' dir='ltr'><strong>copulam</strong></span> <span class='ocrx_word' id='word_1_495' title='bbox 1751 4860 2091 4930; x_wconf 81' lang='lat' dir='ltr'><strong>conﬁngunt,</strong></span> <span class='ocrx_word' id='word_1_496' title='bbox 2121 4876 2241 4932; x_wconf 75' lang='lat' dir='ltr'><strong>qua:</strong></span> 
     </span>
    </p>
   </div>
   <div class='ocr_carea' id='block_1_71' title="bbox 658 4953 2244 5027">
    <p class='ocr_par' dir='ltr' id='par_1_71' title="bbox 658 4953 2244 5027">
     <span class='ocr_line' id='line_1_71' title="bbox 658 4953 2244 5027; baseline -0.002 -17"><span class='ocrx_word' id='word_1_497' title='bbox 658 4958 960 5012; x_wconf 73' lang='lat' dir='ltr'><strong>secundum</strong></span> <span class='ocrx_word' id='word_1_498' title='bbox 1034 4957 1202 5013; x_wconf 88' lang='lat' dir='ltr'><strong>solam</strong></span> <span class='ocrx_word' id='word_1_499' title='bbox 1256 4957 1575 5027; x_wconf 79' lang='lat' dir='ltr'><strong>dignitatem</strong></span> <span class='ocrx_word' id='word_1_500' title='bbox 1622 4955 1911 5023; x_wconf 79' lang='lat' dir='ltr'><strong>contingit,</strong></span> <span class='ocrx_word' id='word_1_501' title='bbox 1965 4953 2040 5007; x_wconf 90' lang='lat' dir='ltr'><strong>illi</strong></span> <span class='ocrx_word' id='word_1_502' title='bbox 2109 4954 2244 5007; x_wconf 87' lang='lat' dir='ltr'><strong>duos</strong></span> 
     </span>
    </p>
   </div>
   <div class='ocr_carea' id='block_1_72' title="bbox 660 5043 2242 5112">
    <p class='ocr_par' dir='ltr' id='par_1_72' title="bbox 660 5043 2242 5112">
     <span class='ocr_line' id='line_1_72' title="bbox 660 5043 2242 5112; baseline 0.002 -15"><span class='ocrx_word' id='word_1_503' title='bbox 660 5050 884 5103; x_wconf 80' lang='grc' dir='ltr'>υιιιιιὶιιυ</span> <span class='ocrx_word' id='word_1_504' title='bbox 956 5048 1094 5104; x_wconf 85' lang='lat' dir='ltr'><strong>lilios</strong></span> <span class='ocrx_word' id='word_1_505' title='bbox 1164 5050 1558 5112; x_wconf 89' lang='lat' dir='ltr'><strong>constituunt;</strong></span> <span class='ocrx_word' id='word_1_506' title='bbox 1618 5061 1742 5102; x_wconf 91' lang='lat' dir='ltr'><strong>cum</strong></span> <span class='ocrx_word' id='word_1_507' title='bbox 1814 5054 1992 5100; x_wconf 89' lang='lat' dir='ltr'><strong>tamen</strong></span> <span class='ocrx_word' id='word_1_508' title='bbox 2056 5043 2242 5100; x_wconf 88' lang='lat' dir='ltr'><strong>divina</strong></span> 
     </span>
    </p>
   </div>
   <div class='ocr_carea' id='block_1_73' title="bbox 663 5135 2238 5210">
    <p class='ocr_par' dir='ltr' id='par_1_73' title="bbox 663 5135 2238 5210">
     <span class='ocr_line' id='line_1_73' title="bbox 663 5135 2238 5210; baseline -0.002 -15"><span class='ocrx_word' id='word_1_509' title='bbox 663 5144 943 5210; x_wconf 79' lang='lat' dir='ltr'><strong>Scriptura</strong></span> <span class='ocrx_word' id='word_1_510' title='bbox 967 5156 1133 5195; x_wconf 88' lang='lat' dir='ltr'><strong>unum</strong></span> <span class='ocrx_word' id='word_1_511' title='bbox 1172 5140 1369 5194; x_wconf 87' lang='lat' dir='ltr'><strong>Filium</strong></span> <span class='ocrx_word' id='word_1_512' title='bbox 1408 5150 1463 5195; x_wconf 89' lang='lat' dir='ltr'><strong>et</strong></span> <span class='ocrx_word' id='word_1_513' title='bbox 1500 5140 1788 5193; x_wconf 89' lang='lat' dir='ltr'><strong>Dominum</strong></span> <span class='ocrx_word' id='word_1_514' title='bbox 1826 5152 1948 5193; x_wconf 88' lang='lat' dir='ltr'><strong>esse</strong></span> <span class='ocrx_word' id='word_1_515' title='bbox 1986 5135 2238 5192; x_wconf 81' lang='lat' dir='ltr'><strong>allirmet.</strong></span> 
     </span>
    </p>
   </div>
   <div class='ocr_carea' id='block_1_74' title="bbox 661 5227 2238 5299">
    <p class='ocr_par' dir='ltr' id='par_1_74' title="bbox 661 5227 2238 5299">
     <span class='ocr_line' id='line_1_74' title="bbox 661 5227 2238 5299; baseline -0.001 -16"><span class='ocrx_word' id='word_1_516' title='bbox 661 5235 840 5295; x_wconf 86' lang='lat' dir='ltr'><strong>Quare</strong></span> <span class='ocrx_word' id='word_1_517' title='bbox 884 5241 1005 5299; x_wconf 87' lang='lat' dir='ltr'><strong>post</strong></span> <span class='ocrx_word' id='word_1_518' title='bbox 1054 5246 1311 5285; x_wconf 80' lang='lat' dir='ltr'><strong>arcanam</strong></span> <span class='ocrx_word' id='word_1_519' title='bbox 1371 5230 1517 5284; x_wconf 82' lang='lat' dir='ltr'><strong>illam</strong></span> <span class='ocrx_word' id='word_1_520' title='bbox 1572 5228 1845 5298; x_wconf 89' lang='lat' dir='ltr'><strong>copulam,</strong></span> <span class='ocrx_word' id='word_1_521' title='bbox 1903 5228 2020 5283; x_wconf 89' lang='lat' dir='ltr'><strong>sive</strong></span> <span class='ocrx_word' id='word_1_522' title='bbox 2067 5227 2238 5281; x_wconf 89' lang='lat' dir='ltr'><strong>Deum</strong></span> 
     </span>
    </p>
   </div>
   <div class='ocr_carea' id='block_1_75' title="bbox 662 5320 2240 5387">
    <p class='ocr_par' dir='ltr' id='par_1_75' title="bbox 662 5320 2240 5387">
     <span class='ocr_line' id='line_1_75' title="bbox 662 5320 2240 5387; baseline -0.003 -9"><span class='ocrx_word' id='word_1_523' title='bbox 662 5324 909 5378; x_wconf 87' lang='lat' dir='ltr'><strong>nomines</strong></span> <span class='ocrx_word' id='word_1_524' title='bbox 943 5322 1376 5387; x_wconf 88' lang='lat' dir='ltr'><strong>Emmanuelem,</strong></span> <span class='ocrx_word' id='word_1_525' title='bbox 1429 5323 1772 5377; x_wconf 86' lang='lat' dir='ltr'><strong>incarnatum</strong></span> <span class='ocrx_word' id='word_1_526' title='bbox 1815 5330 1870 5377; x_wconf 91' lang='lat' dir='ltr'><strong>et</strong></span> <span class='ocrx_word' id='word_1_527' title='bbox 1915 5320 2240 5376; x_wconf 85' lang='lat' dir='ltr'><strong>inhumana-</strong></span> 
     </span>
    </p>
   </div>
   <div class='ocr_carea' id='block_1_76' title="bbox 734 5480 2102 5550">
    <p class='ocr_par' dir='ltr' id='par_1_76' title="bbox 734 5480 2102 5550">
     <span class='ocr_line' id='line_1_76' title="bbox 734 5480 2102 5550; baseline 0.001 -16"><span class='ocrx_word' id='word_1_528' title='bbox 734 5482 800 5515; x_wconf 71' lang='grc' dir='ltr'><strong>η’</strong></span> <span class='ocrx_word' id='word_1_529' title='bbox 823 5480 987 5538; x_wconf 86' lang='lat' dir='ltr'><strong>llebr.</strong></span> <span class='ocrx_word' id='word_1_530' title='bbox 1016 5498 1098 5548; x_wconf 90' lang='grc' dir='ltr'>ιιι,</span> <span class='ocrx_word' id='word_1_531' title='bbox 1128 5482 1179 5537; x_wconf 84' lang='lat' dir='ltr'><strong>l.</strong></span> <span class='ocrx_word' id='word_1_532' title='bbox 1260 5482 1303 5513; x_wconf 62' lang='grc' dir='ltr'>’δ</span> <span class='ocrx_word' id='word_1_533' title='bbox 1331 5481 1473 5539; x_wconf 88' lang='lat' dir='ltr'><strong>Psal.</strong></span> <span class='ocrx_word' id='word_1_534' title='bbox 1509 5497 1656 5550; x_wconf 74' lang='lat' dir='ltr'><strong>xciv,</strong></span> <span class='ocrx_word' id='word_1_535' title='bbox 1687 5482 1748 5548; x_wconf 84' lang='lat'><strong>8;</strong></span> <span class='ocrx_word' id='word_1_536' title='bbox 1779 5481 1944 5536; x_wconf 88' lang='lat' dir='ltr'><strong>llebr.</strong></span> <span class='ocrx_word' id='word_1_537' title='bbox 1977 5496 2018 5546; x_wconf 88' lang='lat' dir='ltr'><strong>I,</strong></span> <span class='ocrx_word' id='word_1_538' title='bbox 2046 5480 2102 5536; x_wconf 89' lang='lat'><strong>9.</strong></span> 
     </span>
    </p>
   </div>
   <div class='ocr_carea' id='block_1_77' title="bbox 2780 2412 3506 2490">
    <p class='ocr_par' dir='ltr' id='par_1_77' title="bbox 2780 2412 3506 2490">
     <span class='ocr_line' id='line_1_77' title="bbox 2780 2412 3506 2490; baseline -0.001 -21"><span class='ocrx_word' id='word_1_539' title='bbox 2780 2413 3379 2490; x_wconf 80' lang='grc' dir='ltr'><strong>ΑΝΑΘΕΜΑΤΙΣΜΟΣ</strong></span> <span class='ocrx_word' id='word_1_540' title='bbox 3428 2412 3506 2468; x_wconf 74' lang='grc' dir='ltr'><strong>Γν.</strong></span> 
     </span>
    </p>
   </div>
   <div class='ocr_carea' id='block_1_78' title="bbox 2414 2525 3918 2599">
    <p class='ocr_par' dir='ltr' id='par_1_78' title="bbox 2414 2525 3918 2599">
     <span class='ocr_line' id='line_1_78' title="bbox 2414 2525 3918 2599; baseline -0.003 -18"><span class='ocrx_word' id='word_1_541' title='bbox 2414 2529 2482 2581; x_wconf 74' lang='grc' dir='ltr'><strong>Εἴ</strong></span> <span class='ocrx_word' id='word_1_542' title='bbox 2503 2545 2586 2592; x_wconf 90' lang='grc' dir='ltr'><strong>τις</strong></span> <span class='ocrx_word' id='word_1_543' title='bbox 2608 2527 2702 2582; x_wconf 78' lang='grc' dir='ltr'><strong>ὲπὶ</strong></span> <span class='ocrx_word' id='word_1_544' title='bbox 2722 2526 2818 2581; x_wconf 86' lang='grc' dir='ltr'><strong>τοῦ</strong></span> <span class='ocrx_word' id='word_1_545' title='bbox 2845 2527 2964 2591; x_wconf 83' lang='grc' dir='ltr'>ἑνὸς</span> <span class='ocrx_word' id='word_1_546' title='bbox 2994 2526 3233 2599; x_wconf 65' lang='grc' dir='ltr'>Χριστοῦ</span> <span class='ocrx_word' id='word_1_547' title='bbox 3258 2527 3460 2598; x_wconf 84' lang='grc' dir='ltr'>διαιρεῖ</span> <span class='ocrx_word' id='word_1_548' title='bbox 3476 2525 3578 2589; x_wconf 85' lang='grc' dir='ltr'>τὰς</span> <span class='ocrx_word' id='word_1_549' title='bbox 3609 2525 3918 2587; x_wconf 80' lang='grc' dir='ltr'>ὑποστάσεις</span> 
     </span>
    </p>
   </div>
   <div class='ocr_carea' id='block_1_79' title="bbox 2347 2617 3916 2693">
    <p class='ocr_par' dir='ltr' id='par_1_79' title="bbox 2347 2617 3916 2693">
     <span class='ocr_line' id='line_1_79' title="bbox 2347 2617 3916 2693; baseline -0.001 -19"><span class='ocrx_word' id='word_1_550' title='bbox 2347 2621 2486 2693; x_wconf 87' lang='grc' dir='ltr'><strong>μετά</strong></span> <span class='ocrx_word' id='word_1_551' title='bbox 2504 2622 2603 2691; x_wconf 82' lang='grc' dir='ltr'><strong>τὴν</strong></span> <span class='ocrx_word' id='word_1_552' title='bbox 2633 2621 2848 2686; x_wconf 77' lang='grc' dir='ltr'>ἕνωσιν,</span> <span class='ocrx_word' id='word_1_553' title='bbox 2878 2621 3013 2692; x_wconf 83' lang='grc' dir='ltr'>μόνῃ</span> <span class='ocrx_word' id='word_1_554' title='bbox 3056 2620 3343 2674; x_wconf 83' lang='grc' dir='ltr'>συνάπτων</span> <span class='ocrx_word' id='word_1_555' title='bbox 3368 2619 3538 2692; x_wconf 81' lang='grc' dir='ltr'>αύτάς</span> <span class='ocrx_word' id='word_1_556' title='bbox 3573 2617 3837 2687; x_wconf 75' lang='grc' dir='ltr'>συναφείᾳ</span> <span class='ocrx_word' id='word_1_557' title='bbox 3865 2618 3916 2685; x_wconf 82' lang='grc' dir='ltr'>τῇ</span> 
     </span>
    </p>
   </div>
   <div class='ocr_carea' id='block_1_80' title="bbox 2344 2708 3917 2784">
    <p class='ocr_par' dir='ltr' id='par_1_80' title="bbox 2344 2708 3917 2784">
     <span class='ocr_line' id='line_1_80' title="bbox 2344 2708 3917 2784; baseline -0.004 -19"><span class='ocrx_word' id='word_1_558' title='bbox 2344 2713 2486 2765; x_wconf 84' lang='grc' dir='ltr'>κατὰ</span> <span class='ocrx_word' id='word_1_559' title='bbox 2512 2712 2611 2784; x_wconf 83' lang='grc' dir='ltr'>τὴν</span> <span class='ocrx_word' id='word_1_560' title='bbox 2639 2711 2816 2778; x_wconf 82' lang='grc' dir='ltr'>ἀξίαν,</span> <span class='ocrx_word' id='word_1_561' title='bbox 2855 2712 3027 2783; x_wconf 68' lang='grc' dir='ltr'>ἤγουν</span> <span class='ocrx_word' id='word_1_562' title='bbox 3057 2710 3372 2775; x_wconf 82' lang='grc' dir='ltr'>αὐθεντίαν,</span> <span class='ocrx_word' id='word_1_563' title='bbox 3405 2709 3438 2780; x_wconf 76' lang='grc' dir='ltr'>ἢ</span> <span class='ocrx_word' id='word_1_564' title='bbox 3469 2709 3812 2772; x_wconf 84' lang='grc' dir='ltr'>δυναστείαν,</span> <span class='ocrx_word' id='word_1_565' title='bbox 3841 2708 3917 2760; x_wconf 76' lang='grc' dir='ltr'><strong>καὶ</strong></span> 
     </span>
    </p>
   </div>
   <div class='ocr_carea' id='block_1_81' title="bbox 2347 2801 3914 2877">
    <p class='ocr_par' dir='ltr' id='par_1_81' title="bbox 2347 2801 3914 2877">
     <span class='ocr_line' id='line_1_81' title="bbox 2347 2801 3914 2877; baseline -0.003 -19"><span class='ocrx_word' id='word_1_566' title='bbox 2347 2805 2465 2876; x_wconf 75' lang='grc' dir='ltr'>οὐχὶ</span> <span class='ocrx_word' id='word_1_567' title='bbox 2494 2805 2558 2877; x_wconf 80' lang='grc' dir='ltr'>δὴ</span> <span class='ocrx_word' id='word_1_568' title='bbox 2586 2804 2785 2876; x_wconf 80' lang='grc' dir='ltr'>μᾶλλον</span> <span class='ocrx_word' id='word_1_569' title='bbox 2813 2804 3033 2858; x_wconf 82' lang='grc' dir='ltr'>σύνοδον</span> <span class='ocrx_word' id='word_1_570' title='bbox 3062 2803 3160 2876; x_wconf 84' lang='grc' dir='ltr'>τὴν</span> <span class='ocrx_word' id='word_1_571' title='bbox 3184 2821 3219 2842; x_wconf 78' lang='grc' dir='ltr'><strong>η·</strong></span> <span class='ocrx_word' id='word_1_572' title='bbox 3251 2803 3373 2858; x_wconf 87' lang='grc' dir='ltr'>καθ’</span> <span class='ocrx_word' id='word_1_573' title='bbox 3395 2802 3593 2857; x_wconf 72' lang='grc' dir='ltr'>ἕνωσιν</span> <span class='ocrx_word' id='word_1_574' title='bbox 3620 2801 3853 2871; x_wconf 74' lang='grc' dir='ltr'>φυσικήν</span> <span class='ocrx_word' id='word_1_575' title='bbox 3870 2810 3914 2837; x_wconf 68' lang='grc' dir='ltr'><strong>ι’</strong></span> 
     </span>
    </p>
   </div>
   <div class='ocr_carea' id='block_1_82' title="bbox 2347 2896 2795 2969">
    <p class='ocr_par' dir='ltr' id='par_1_82' title="bbox 2347 2896 2795 2969">
     <span class='ocr_line' id='line_1_82' title="bbox 2347 2896 2795 2969; baseline -0.002 -17"><span class='ocrx_word' id='word_1_576' title='bbox 2347 2896 2597 2969; x_wconf 87' lang='grc' dir='ltr'>ἀνάθεμα</span> <span class='ocrx_word' id='word_1_577' title='bbox 2634 2897 2795 2951; x_wconf 76' lang='grc' dir='ltr'>ἔστω.</span> 
     </span>
    </p>
   </div>
   <div class='ocr_carea' id='block_1_83' title="bbox 2939 3002 3362 3072">
    <p class='ocr_par' dir='ltr' id='par_1_83' title="bbox 2939 3002 3362 3072">
     <span class='ocr_line' id='line_1_83' title="bbox 2939 3002 3362 3072; baseline 0.005 -17"><span class='ocrx_word' id='word_1_578' title='bbox 2939 3002 3250 3068; x_wconf 79' lang='grc' dir='ltr'>Ἐπίλυσις</span> <span class='ocrx_word' id='word_1_579' title='bbox 3289 3008 3362 3072; x_wconf 79' lang='grc' dir='ltr'>γ’.</span> 
     </span>
    </p>
   </div>
   <div class='ocr_carea' id='block_1_84' title="bbox 2273 3112 3914 3189">
    <p class='ocr_par' dir='ltr' id='par_1_84' title="bbox 2273 3112 3914 3189">
     <span class='ocr_line' id='line_1_84' title="bbox 2273 3112 3914 3189; baseline -0.004 -17"><span class='ocrx_word' id='word_1_580' title='bbox 2273 3112 2316 3171; x_wconf 89' lang='lat' dir='ltr'><strong><em>C</em></strong></span> <span class='ocrx_word' id='word_1_581' title='bbox 2420 3119 2533 3187; x_wconf 85' lang='grc' dir='ltr'><strong>Τῆς</strong></span> <span class='ocrx_word' id='word_1_582' title='bbox 2560 3117 2699 3189; x_wconf 87' lang='grc' dir='ltr'><strong>μετά</strong></span> <span class='ocrx_word' id='word_1_583' title='bbox 2744 3116 2948 3189; x_wconf 86' lang='grc' dir='ltr'>σαρκὸς</span> <span class='ocrx_word' id='word_1_584' title='bbox 2990 3115 3305 3186; x_wconf 78' lang='grc' dir='ltr'>οἰκονομίας</span> <span class='ocrx_word' id='word_1_585' title='bbox 3331 3114 3428 3168; x_wconf 87' lang='grc' dir='ltr'><strong>τοῦ</strong></span> <span class='ocrx_word' id='word_1_586' title='bbox 3462 3113 3806 3184; x_wconf 83' lang='grc' dir='ltr'>Μονογενοῦς</span> <span class='ocrx_word' id='word_1_587' title='bbox 3834 3131 3914 3167; x_wconf 81' lang='grc' dir='ltr'>πο-</span> 
     </span>
    </p>
   </div>
   <div class='ocr_carea' id='block_1_85' title="bbox 2344 3208 3916 3281">
    <p class='ocr_par' dir='ltr' id='par_1_85' title="bbox 2344 3208 3916 3281">
     <span class='ocr_line' id='line_1_85' title="bbox 2344 3208 3916 3281; baseline -0.003 -19"><span class='ocrx_word' id='word_1_588' title='bbox 2344 3208 2860 3280; x_wconf 88' lang='grc' dir='ltr'>λυπραγμονοῦντες</span> <span class='ocrx_word' id='word_1_589' title='bbox 2902 3210 2965 3263; x_wconf 83' lang='grc' dir='ltr'><strong>τὸ</strong></span> <span class='ocrx_word' id='word_1_590' title='bbox 2997 3211 3319 3281; x_wconf 90' lang='grc' dir='ltr'>μυστήριον,</span> <span class='ocrx_word' id='word_1_591' title='bbox 3366 3208 3691 3281; x_wconf 79' lang='grc' dir='ltr'>παραδόξως</span> <span class='ocrx_word' id='word_1_592' title='bbox 3740 3224 3797 3259; x_wconf 88' lang='grc' dir='ltr'><strong>τε</strong></span> <span class='ocrx_word' id='word_1_593' title='bbox 3840 3208 3916 3259; x_wconf 69' lang='grc' dir='ltr'><strong>καὶ</strong></span> 
     </span>
    </p>
   </div>
   <div class='ocr_carea' id='block_1_86' title="bbox 2345 3300 3915 3373">
    <p class='ocr_par' dir='ltr' id='par_1_86' title="bbox 2345 3300 3915 3373">
     <span class='ocr_line' id='line_1_86' title="bbox 2345 3300 3915 3373; baseline -0.003 -19"><span class='ocrx_word' id='word_1_594' title='bbox 2345 3302 2675 3373; x_wconf 75' lang='grc' dir='ltr'>ἀπορῤήτως</span> <span class='ocrx_word' id='word_1_595' title='bbox 2735 3302 2977 3372; x_wconf 76' lang='grc' dir='ltr'>ἡνῶσθαι</span> <span class='ocrx_word' id='word_1_596' title='bbox 3036 3319 3219 3373; x_wconf 89' lang='grc' dir='ltr'>φαμεν</span> <span class='ocrx_word' id='word_1_597' title='bbox 3270 3300 3414 3373; x_wconf 84' lang='grc' dir='ltr'>ἁγίῳ</span> <span class='ocrx_word' id='word_1_598' title='bbox 3476 3301 3696 3371; x_wconf 84' lang='grc' dir='ltr'>σώματι</span> <span class='ocrx_word' id='word_1_599' title='bbox 3758 3300 3915 3368; x_wconf 76' lang='grc' dir='ltr'>ψυχὴν</span> 
     </span>
    </p>
   </div>
   <div class='ocr_carea' id='block_1_87' title="bbox 2344 3392 3913 3466">
    <p class='ocr_par' dir='ltr' id='par_1_87' title="bbox 2344 3392 3913 3466">
     <span class='ocr_line' id='line_1_87' title="bbox 2344 3392 3913 3466; baseline -0.003 -20"><span class='ocrx_word' id='word_1_600' title='bbox 2344 3393 2519 3465; x_wconf 75' lang='grc' dir='ltr'>ἔχοντι</span> <span class='ocrx_word' id='word_1_601' title='bbox 2542 3394 2789 3466; x_wconf 87' lang='grc' dir='ltr'>λογικὴν,</span> <span class='ocrx_word' id='word_1_602' title='bbox 2833 3394 2925 3448; x_wconf 89' lang='grc' dir='ltr'><strong>τὸν</strong></span> <span class='ocrx_word' id='word_1_603' title='bbox 2959 3396 3026 3448; x_wconf 80' lang='grc' dir='ltr'>ὲκ</span> <span class='ocrx_word' id='word_1_604' title='bbox 3068 3394 3203 3448; x_wconf 84' lang='grc' dir='ltr'>Θεοῦ</span> <span class='ocrx_word' id='word_1_605' title='bbox 3235 3394 3451 3466; x_wconf 81' lang='grc' dir='ltr'>[ἰατρὸς</span> <span class='ocrx_word' id='word_1_606' title='bbox 3474 3394 3650 3461; x_wconf 88' lang='grc' dir='ltr'>Λόγον</span> <span class='ocrx_word' id='word_1_607' title='bbox 3673 3409 3689 3424; x_wconf 76' lang='grc'><em>’</em></span> <span class='ocrx_word' id='word_1_608' title='bbox 3742 3392 3831 3445; x_wconf 74' lang='grc' dir='ltr'>ἕνα</span> <span class='ocrx_word' id='word_1_609' title='bbox 3867 3407 3913 3442; x_wconf 82' lang='grc' dir='ltr'><strong>τε</strong></span> 
     </span>
    </p>
   </div>
   <div class='ocr_carea' id='block_1_88' title="bbox 2345 3482 3913 3556">
    <p class='ocr_par' dir='ltr' id='par_1_88' title="bbox 2345 3482 3913 3556">
     <span class='ocr_line' id='line_1_88' title="bbox 2345 3482 3913 3556; baseline -0.004 -16"><span class='ocrx_word' id='word_1_610' title='bbox 2345 3487 2441 3541; x_wconf 75' lang='grc' dir='ltr'>καὶ</span> <span class='ocrx_word' id='word_1_611' title='bbox 2485 3484 2629 3540; x_wconf 78' lang='grc' dir='ltr'>οὕτω</span> <span class='ocrx_word' id='word_1_612' title='bbox 2673 3485 2905 3556; x_wconf 88' lang='grc' dir='ltr'>νοοῦμεν</span> <span class='ocrx_word' id='word_1_613' title='bbox 2959 3486 3109 3550; x_wconf 86' lang='grc' dir='ltr'>Υίὸν,</span> <span class='ocrx_word' id='word_1_614' title='bbox 3162 3484 3418 3556; x_wconf 83' lang='grc' dir='ltr'>καθάπερ</span> <span class='ocrx_word' id='word_1_615' title='bbox 3472 3485 3673 3555; x_wconf 82' lang='grc' dir='ltr'>ἀμέλει</span> <span class='ocrx_word' id='word_1_616' title='bbox 3716 3486 3808 3538; x_wconf 76' lang='grc' dir='ltr'><strong>καὶ</strong></span> <span class='ocrx_word' id='word_1_617' title='bbox 3844 3482 3913 3550; x_wconf 66' lang='grc' dir='ltr'><strong>ἐφ’</strong></span> 
     </span>
    </p>
   </div>
   <div class='ocr_carea' id='block_1_89' title="bbox 2345 3574 3914 3649">
    <p class='ocr_par' dir='ltr' id='par_1_89' title="bbox 2345 3574 3914 3649">
     <span class='ocr_line' id='line_1_89' title="bbox 2345 3574 3914 3649; baseline -0.006 -16"><span class='ocrx_word' id='word_1_618' title='bbox 2345 3577 2502 3649; x_wconf 84' lang='grc' dir='ltr'>ἡμῶν</span> <span class='ocrx_word' id='word_1_619' title='bbox 2533 3578 2713 3632; x_wconf 84' lang='grc' dir='ltr'>αὐτῶν</span> <span class='ocrx_word' id='word_1_620' title='bbox 2748 3577 2959 3644; x_wconf 74' lang='grc' dir='ltr'>ἔξεστιν</span> <span class='ocrx_word' id='word_1_621' title='bbox 2988 3578 3139 3645; x_wconf 80' lang='grc' dir='ltr'>ἰδεῖν,</span> <span class='ocrx_word' id='word_1_622' title='bbox 3167 3578 3443 3647; x_wconf 78' lang='grc' dir='ltr'>ἑτεροφυᾶ</span> <span class='ocrx_word' id='word_1_623' title='bbox 3487 3576 3587 3646; x_wconf 82' lang='grc' dir='ltr'>μὲν</span> <span class='ocrx_word' id='word_1_624' title='bbox 3614 3574 3914 3646; x_wconf 79' lang='grc' dir='ltr'>τῷ’σὼματι</span> 
     </span>
    </p>
   </div>
   <div class='ocr_carea' id='block_1_90' title="bbox 2344 3665 3910 3743">
    <p class='ocr_par' dir='ltr' id='par_1_90' title="bbox 2344 3665 3910 3743">
     <span class='ocr_line' id='line_1_90' title="bbox 2344 3665 3910 3743; baseline -0.004 -19"><span class='ocrx_word' id='word_1_625' title='bbox 2344 3672 2444 3743; x_wconf 83' lang='grc' dir='ltr'>τὴν</span> <span class='ocrx_word' id='word_1_626' title='bbox 2487 3670 2687 3743; x_wconf 79' lang='grc' dir='ltr'>ψυχὴν,</span> <span class='ocrx_word' id='word_1_627' title='bbox 2729 3669 2869 3741; x_wconf 82' lang='grc' dir='ltr'>πλὴν</span> <span class='ocrx_word' id='word_1_628' title='bbox 2913 3671 2994 3732; x_wconf 84' lang='grc' dir='ltr'><strong>είς</strong></span> <span class='ocrx_word' id='word_1_629' title='bbox 3031 3667 3090 3721; x_wconf 81' lang='grc' dir='ltr'>ἓν</span> <span class='ocrx_word' id='word_1_630' title='bbox 3139 3668 3306 3740; x_wconf 83' lang='grc' dir='ltr'>ἄμφω</span> <span class='ocrx_word' id='word_1_631' title='bbox 3344 3667 3484 3732; x_wconf 79' lang='grc' dir='ltr'>ζῶον</span> <span class='ocrx_word' id='word_1_632' title='bbox 3524 3665 3910 3735; x_wconf 73' lang='grc' dir='ltr'>συντεθειμένα.</span> 
     </span>
    </p>
   </div>
   <div class='ocr_carea' id='block_1_91' title="bbox 2358 3758 3915 3833">
    <p class='ocr_par' dir='ltr' id='par_1_91' title="bbox 2358 3758 3915 3833">
     <span class='ocr_line' id='line_1_91' title="bbox 2358 3758 3915 3833; baseline -0.005 -18"><span class='ocrx_word' id='word_1_633' title='bbox 2358 3762 2497 3815; x_wconf 77' lang='grc' dir='ltr'>Ἀλλ’</span> <span class='ocrx_word' id='word_1_634' title='bbox 2544 3762 2644 3833; x_wconf 84' lang='grc' dir='ltr'>οὐχ</span> <span class='ocrx_word' id='word_1_635' title='bbox 2689 3760 2833 3814; x_wconf 76' lang='grc' dir='ltr'>οὕτω</span> <span class='ocrx_word' id='word_1_636' title='bbox 2876 3760 3032 3814; x_wconf 89' lang='grc' dir='ltr'>ταῦτ’</span> <span class='ocrx_word' id='word_1_637' title='bbox 3062 3759 3207 3831; x_wconf 79' lang='grc' dir='ltr'>ἔχειν</span> <span class='ocrx_word' id='word_1_638' title='bbox 3252 3758 3542 3813; x_wconf 85' lang='grc' dir='ltr'>ὑπονοοῦσί</span> <span class='ocrx_word' id='word_1_639' title='bbox 3594 3776 3764 3822; x_wconf 85' lang='grc' dir='ltr'>τινες.</span> <span class='ocrx_word' id='word_1_640' title='bbox 3808 3758 3915 3808; x_wconf 79' lang='grc' dir='ltr'>’Λν-</span> 
     </span>
    </p>
   </div>
   <div class='ocr_carea' id='block_1_92' title="bbox 2347 3847 3915 3926">
    <p class='ocr_par' dir='ltr' id='par_1_92' title="bbox 2347 3847 3915 3926">
     <span class='ocr_line' id='line_1_92' title="bbox 2347 3847 3915 3926; baseline -0.005 -19"><span class='ocrx_word' id='word_1_641' title='bbox 2347 3854 2563 3926; x_wconf 89' lang='grc' dir='ltr'>θρωπον</span> <span class='ocrx_word' id='word_1_642' title='bbox 2602 3853 2660 3906; x_wconf 84' lang='grc' dir='ltr'>δὲ</span> <span class='ocrx_word' id='word_1_643' title='bbox 2690 3851 3000 3916; x_wconf 85' lang='grc' dir='ltr'>διιστάντες</span> <span class='ocrx_word' id='word_1_644' title='bbox 3045 3854 3178 3923; x_wconf 83' lang='grc' dir='ltr'>ἡμῖν</span> <span class='ocrx_word' id='word_1_645' title='bbox 3226 3851 3330 3905; x_wconf 87' lang='grc' dir='ltr'>ἀνὰ</span> <span class='ocrx_word' id='word_1_646' title='bbox 3377 3851 3543 3921; x_wconf 81' lang='grc' dir='ltr'>μέρος</span> <span class='ocrx_word' id='word_1_647' title='bbox 3586 3852 3687 3903; x_wconf 77' lang='grc' dir='ltr'>καὶ</span> <span class='ocrx_word' id='word_1_648' title='bbox 3758 3847 3915 3907; x_wconf 81' lang='grc' dir='ltr'>ἰδικῶς</span> 
     </span>
    </p>
   </div>
   <div class='ocr_carea' id='block_1_93' title="bbox 2348 3938 3913 4014">
    <p class='ocr_par' dir='ltr' id='par_1_93' title="bbox 2348 3938 3913 4014">
     <span class='ocr_line' id='line_1_93' title="bbox 2348 3938 3913 4014; baseline -0.006 -17"><span class='ocrx_word' id='word_1_649' title='bbox 2348 3942 2618 4014; x_wconf 77' lang='grc' dir='ltr'>συνῆφθαι</span> <span class='ocrx_word' id='word_1_650' title='bbox 2666 3959 2830 4011; x_wconf 89' lang='grc' dir='ltr'>φασιν</span> <span class='ocrx_word' id='word_1_651' title='bbox 2886 3942 3050 3996; x_wconf 79' lang='grc' dir='ltr'>αὐτὸν</span> <span class='ocrx_word' id='word_1_652' title='bbox 3094 3942 3174 4012; x_wconf 80' lang='grc' dir='ltr'>τῷ</span> <span class='ocrx_word' id='word_1_653' title='bbox 3222 3944 3287 3995; x_wconf 82' lang='grc' dir='ltr'>ἐκ</span> <span class='ocrx_word' id='word_1_654' title='bbox 3334 3941 3471 3994; x_wconf 84' lang='grc' dir='ltr'>Θεοῦ</span> <span class='ocrx_word' id='word_1_655' title='bbox 3516 3938 3735 4009; x_wconf 80' lang='grc' dir='ltr'>[ἰατρὸς</span> <span class='ocrx_word' id='word_1_656' title='bbox 3779 3938 3913 4006; x_wconf 76' lang='grc' dir='ltr'>φύντι</span> 
     </span>
    </p>
   </div>
   <div class='ocr_carea' id='block_1_94' title="bbox 2346 4029 3911 4107">
    <p class='ocr_par' dir='ltr' id='par_1_94' title="bbox 2346 4029 3911 4107">
     <span class='ocr_line' id='line_1_94' title="bbox 2346 4029 3911 4107; baseline -0.006 -17"><span class='ocrx_word' id='word_1_657' title='bbox 2346 4037 2504 4107; x_wconf 85' lang='grc' dir='ltr'>Λόγῳ</span> <span class='ocrx_word' id='word_1_658' title='bbox 2529 4034 2674 4090; x_wconf 82' lang='grc' dir='ltr'>κατὰ</span> <span class='ocrx_word' id='word_1_659' title='bbox 2705 4035 2876 4106; x_wconf 86' lang='grc' dir='ltr'>μόνην</span> <span class='ocrx_word' id='word_1_660' title='bbox 2920 4033 3018 4105; x_wconf 83' lang='grc' dir='ltr'>τὴν</span> <span class='ocrx_word' id='word_1_661' title='bbox 3064 4034 3242 4099; x_wconf 84' lang='grc' dir='ltr'>ἀξίαν,</span> <span class='ocrx_word' id='word_1_662' title='bbox 3288 4034 3455 4105; x_wconf 74' lang='grc' dir='ltr'>ἤγουν</span> <span class='ocrx_word' id='word_1_663' title='bbox 3488 4032 3587 4102; x_wconf 84' lang='grc' dir='ltr'>τὴν</span> <span class='ocrx_word' id='word_1_664' title='bbox 3628 4029 3911 4085; x_wconf 76' lang='grc' dir='ltr'>αὐθεντίαν”</span> 
     </span>
    </p>
   </div>
   <div class='ocr_carea' id='block_1_95' title="bbox 2346 4121 3915 4198">
    <p class='ocr_par' dir='ltr' id='par_1_95' title="bbox 2346 4121 3915 4198">
     <span class='ocr_line' id='line_1_95' title="bbox 2346 4121 3915 4198; baseline -0.005 -16"><span class='ocrx_word' id='word_1_665' title='bbox 2346 4130 2408 4183; x_wconf 86' lang='grc' dir='ltr'><strong>ού</strong></span> <span class='ocrx_word' id='word_1_666' title='bbox 2449 4129 2569 4183; x_wconf 78' lang='grc' dir='ltr'>καθ’</span> <span class='ocrx_word' id='word_1_667' title='bbox 2598 4128 2795 4183; x_wconf 74' lang='grc' dir='ltr'>ἕνωσιν</span> <span class='ocrx_word' id='word_1_668' title='bbox 2829 4126 3083 4198; x_wconf 85' lang='grc' dir='ltr'>φυσικὴν,</span> <span class='ocrx_word' id='word_1_669' title='bbox 3107 4127 3384 4180; x_wconf 82' lang='grc' dir='ltr'>τουτέστιν</span> <span class='ocrx_word' id='word_1_670' title='bbox 3410 4125 3609 4196; x_wconf 81' lang='grc' dir='ltr'>ἀληθῆ,</span> <span class='ocrx_word' id='word_1_671' title='bbox 3638 4125 3736 4177; x_wconf 77' lang='grc' dir='ltr'>καὶ</span> <span class='ocrx_word' id='word_1_672' title='bbox 3770 4121 3915 4175; x_wconf 61' lang='lat' dir='ltr'><strong>mea.</strong></span> 
     </span>
    </p>
   </div>
   <div class='ocr_carea' id='block_1_96' title="bbox 2346 4213 3913 4292">
    <p class='ocr_par' dir='ltr' id='par_1_96' title="bbox 2346 4213 3913 4292">
     <span class='ocr_line' id='line_1_96' title="bbox 2346 4213 3913 4292; baseline -0.005 -18"><span class='ocrx_word' id='word_1_673' title='bbox 2346 4239 2453 4291; x_wconf 91' lang='grc' dir='ltr'><strong>περ</strong></span> <span class='ocrx_word' id='word_1_674' title='bbox 2495 4224 2657 4292; x_wconf 82' lang='grc' dir='ltr'>ἡμεῖς</span> <span class='ocrx_word' id='word_1_675' title='bbox 2709 4218 3061 4289; x_wconf 84' lang='grc' dir='ltr'>πιστεύομεν.</span> <span class='ocrx_word' id='word_1_676' title='bbox 3092 4216 3248 4271; x_wconf 79' lang='grc' dir='ltr'>υῦτω</span> <span class='ocrx_word' id='word_1_677' title='bbox 3288 4217 3397 4287; x_wconf 81' lang='grc' dir='ltr'>γάρ</span> <span class='ocrx_word' id='word_1_678' title='bbox 3443 4215 3546 4268; x_wconf 87' lang='grc' dir='ltr'><strong>πού</strong></span> <span class='ocrx_word' id='word_1_679' title='bbox 3579 4232 3716 4285; x_wconf 88' lang='grc' dir='ltr'>φησι</span> <span class='ocrx_word' id='word_1_680' title='bbox 3766 4214 3851 4267; x_wconf 75' lang='grc' dir='ltr'><strong>καὶ</strong></span> <span class='ocrx_word' id='word_1_681' title='bbox 3888 4213 3913 4281; x_wconf 85' lang='grc' dir='ltr'><strong>ή</strong></span> 
     </span>
    </p>
   </div>
   <div class='ocr_carea' id='block_1_97' title="bbox 2348 4303 3914 4384">
    <p class='ocr_par' dir='ltr' id='par_1_97' title="bbox 2348 4303 3914 4384">
     <span class='ocr_line' id='line_1_97' title="bbox 2348 4303 3914 4384; baseline -0.008 -18"><span class='ocrx_word' id='word_1_682' title='bbox 2348 4313 2468 4366; x_wconf 88' lang='grc' dir='ltr'>θεία</span> <span class='ocrx_word' id='word_1_683' title='bbox 2500 4313 2692 4384; x_wconf 84' lang='grc' dir='ltr'>Γραφή</span> <span class='ocrx_word' id='word_1_684' title='bbox 2717 4329 2729 4342; x_wconf 92' lang='grc'><strong>·</strong></span> <span class='ocrx_word' id='word_1_685' title='bbox 2769 4330 2786 4362; x_wconf 86' lang='grc'><em>‹</em></span> <span class='ocrx_word' id='word_1_686' title='bbox 2820 4311 2933 4363; x_wconf 73' lang='grc' dir='ltr'><strong>Καὶ</strong></span> <span class='ocrx_word' id='word_1_687' title='bbox 2968 4305 3112 4380; x_wconf 81' lang='grc' dir='ltr'>ἦμεν</span> <span class='ocrx_word' id='word_1_688' title='bbox 3139 4308 3307 4362; x_wconf 83' lang='grc' dir='ltr'>τέκνα</span> <span class='ocrx_word' id='word_1_689' title='bbox 3338 4306 3500 4376; x_wconf 85' lang='grc' dir='ltr'>φύσει</span> <span class='ocrx_word' id='word_1_690' title='bbox 3522 4307 3718 4377; x_wconf 78' lang='grc' dir='ltr'>ὀργῆς,</span> <span class='ocrx_word' id='word_1_691' title='bbox 3743 4306 3815 4368; x_wconf 87' lang='grc' dir='ltr'><strong>ὡς</strong></span> <span class='ocrx_word' id='word_1_692' title='bbox 3840 4303 3914 4356; x_wconf 79' lang='grc' dir='ltr'><strong>καὶ</strong></span> 
     </span>
    </p>
   </div>
   <div class='ocr_carea' id='block_1_98' title="bbox 2347 4392 3913 4471">
    <p class='ocr_par' dir='ltr' id='par_1_98' title="bbox 2347 4392 3913 4471">
     <span class='ocr_line' id='line_1_98' title="bbox 2347 4392 3913 4471; baseline -0.007 -15"><span class='ocrx_word' id='word_1_693' title='bbox 2347 4406 2395 4456; x_wconf 84' lang='grc' dir='ltr'>οἱ</span> <span class='ocrx_word' id='word_1_694' title='bbox 2440 4404 2639 4467; x_wconf 71' lang='grc' dir='ltr'>λοιποὶ,</span> <span class='ocrx_word' id='word_1_695' title='bbox 2693 4422 2711 4454; x_wconf 80' lang='grc' dir='ltr'><strong>ι</strong></span> <span class='ocrx_word' id='word_1_696' title='bbox 2758 4401 2821 4455; x_wconf 92' lang='grc' dir='ltr'><strong>τὸ</strong></span> <span class='ocrx_word' id='word_1_697' title='bbox 2851 4402 3055 4471; x_wconf 71' lang='grc' dir='ltr'>φύσει,</span> <span class='ocrx_word' id='word_1_698' title='bbox 3089 4399 3210 4453; x_wconf 75' lang='grc' dir='ltr'>ἀντὶ</span> <span class='ocrx_word' id='word_1_699' title='bbox 3250 4397 3378 4463; x_wconf 83' lang='grc' dir='ltr'>τοῦ,</span> <span class='ocrx_word' id='word_1_700' title='bbox 3427 4396 3670 4464; x_wconf 85' lang='grc' dir='ltr'>ἀληθῶς,</span> <span class='ocrx_word' id='word_1_701' title='bbox 3718 4392 3913 4465; x_wconf 73' lang='grc' dir='ltr'>λαμϐά-</span> 
     </span>
    </p>
   </div>
   <div class='ocr_carea' id='block_1_99' title="bbox 2348 4485 3914 4568">
    <p class='ocr_par' dir='ltr' id='par_1_99' title="bbox 2348 4485 3914 4568">
     <span class='ocr_line' id='line_1_99' title="bbox 2348 4485 3914 4568; baseline -0.011 -15"><span class='ocrx_word' id='word_1_702' title='bbox 2348 4516 2534 4553; x_wconf 83' lang='grc' dir='ltr'>νουσα.</span> <span class='ocrx_word' id='word_1_703' title='bbox 2573 4499 2635 4551; x_wconf 82' lang='lat' dir='ltr'><strong>Ol</strong></span> <span class='ocrx_word' id='word_1_704' title='bbox 2683 4495 3017 4568; x_wconf 88' lang='grc' dir='ltr'>διαιροῦντες</span> <span class='ocrx_word' id='word_1_705' title='bbox 3056 4493 3235 4545; x_wconf 86' lang='grc' dir='ltr'>τοίνυν</span> <span class='ocrx_word' id='word_1_706' title='bbox 3278 4490 3379 4554; x_wconf 78' lang='grc' dir='ltr'><strong>τὰς</strong></span> <span class='ocrx_word' id='word_1_707' title='bbox 3422 4490 3755 4552; x_wconf 82' lang='grc' dir='ltr'>ὑποστάσεις</span> <span class='ocrx_word' id='word_1_708' title='bbox 3801 4485 3914 4557; x_wconf 79' lang='grc' dir='ltr'><strong>μετὰ</strong></span> 
     </span>
    </p>
   </div>
   <div class='ocr_carea' id='block_1_100' title="bbox 2348 4581 3915 4662">
    <p class='ocr_par' dir='ltr' id='par_1_100' title="bbox 2348 4581 3915 4662">
     <span class='ocr_line' id='line_1_100' title="bbox 2348 4581 3915 4662; baseline -0.011 -17"><span class='ocrx_word' id='word_1_709' title='bbox 2348 4592 2450 4662; x_wconf 83' lang='grc' dir='ltr'><strong>τὴν</strong></span> <span class='ocrx_word' id='word_1_710' title='bbox 2478 4591 2696 4652; x_wconf 71' lang='grc' dir='ltr'>ἕνωσιν,</span> <span class='ocrx_word' id='word_1_711' title='bbox 2719 4590 2811 4642; x_wconf 75' lang='grc' dir='ltr'><strong>καὶ</strong></span> <span class='ocrx_word' id='word_1_712' title='bbox 2836 4587 2942 4640; x_wconf 88' lang='grc' dir='ltr'><strong>ἀνά</strong></span> <span class='ocrx_word' id='word_1_713' title='bbox 2985 4586 3150 4657; x_wconf 81' lang='grc' dir='ltr'>μέρος</span> <span class='ocrx_word' id='word_1_714' title='bbox 3191 4583 3430 4646; x_wconf 82' lang='grc' dir='ltr'>τιθέντες</span> <span class='ocrx_word' id='word_1_715' title='bbox 3459 4581 3757 4652; x_wconf 75' lang='grc' dir='ltr'>ἑκατέραν,</span> <span class='ocrx_word' id='word_1_716' title='bbox 3784 4593 3915 4631; x_wconf 82' lang='grc' dir='ltr'>τουτ-</span> 
     </span>
    </p>
   </div>
   <div class='ocr_carea' id='block_1_101' title="bbox 2350 4673 3914 4752">
    <p class='ocr_par' dir='ltr' id='par_1_101' title="bbox 2350 4673 3914 4752">
     <span class='ocr_line' id='line_1_101' title="bbox 2350 4673 3914 4752; baseline -0.01 -16"><span class='ocrx_word' id='word_1_717' title='bbox 2350 4681 2824 4752; x_wconf 66' lang='grc' dir='ltr'>έστινάνθρωπον</span> <span class='ocrx_word' id='word_1_718' title='bbox 2875 4678 2970 4732; x_wconf 73' lang='grc' dir='ltr'><strong>καὶ</strong></span> <span class='ocrx_word' id='word_1_719' title='bbox 3023 4677 3177 4741; x_wconf 84' lang='grc' dir='ltr'>Θεὸν,</span> <span class='ocrx_word' id='word_1_720' title='bbox 3241 4675 3340 4727; x_wconf 80' lang='grc' dir='ltr'>καὶ</span> <span class='ocrx_word' id='word_1_721' title='bbox 3412 4673 3760 4734; x_wconf 76' lang='grc' dir='ltr'>ἐπινοοῦντες</span> <span class='ocrx_word' id='word_1_722' title='bbox 3812 4685 3914 4721; x_wconf 85' lang='grc' dir='ltr'>συν-</span> 
     </span>
    </p>
   </div>
   <div class='ocr_carea' id='block_1_102' title="bbox 2347 4762 3913 4844">
    <p class='ocr_par' dir='ltr' id='par_1_102' title="bbox 2347 4762 3913 4844">
     <span class='ocr_line' id='line_1_102' title="bbox 2347 4762 3913 4844; baseline -0.014 -15"><span class='ocrx_word' id='word_1_723' title='bbox 2347 4776 2545 4844; x_wconf 84' lang='grc' dir='ltr'>άφειαν</span> <span class='ocrx_word' id='word_1_724' title='bbox 2575 4773 2758 4834; x_wconf 86' lang='grc' dir='ltr'>αὐτοῖς</span> <span class='ocrx_word' id='word_1_725' title='bbox 2791 4771 2889 4842; x_wconf 84' lang='grc' dir='ltr'>τὴν</span> <span class='ocrx_word' id='word_1_726' title='bbox 2923 4768 3064 4823; x_wconf 82' lang='grc' dir='ltr'>κατά</span> <span class='ocrx_word' id='word_1_727' title='bbox 3089 4784 3152 4837; x_wconf 86' lang='grc' dir='ltr'><strong>γε</strong></span> <span class='ocrx_word' id='word_1_728' title='bbox 3191 4767 3359 4837; x_wconf 87' lang='grc' dir='ltr'>μόνην</span> <span class='ocrx_word' id='word_1_729' title='bbox 3391 4767 3491 4833; x_wconf 82' lang='grc' dir='ltr'>τὴν</span> <span class='ocrx_word' id='word_1_730' title='bbox 3521 4764 3700 4831; x_wconf 79' lang='grc' dir='ltr'>ἀξίαν,</span> <span class='ocrx_word' id='word_1_731' title='bbox 3722 4762 3809 4817; x_wconf 85' lang='grc' dir='ltr'><strong>δύο</strong></span> <span class='ocrx_word' id='word_1_732' title='bbox 3832 4776 3913 4811; x_wconf 80' lang='grc' dir='ltr'><strong>που</strong></span> 
     </span>
    </p>
   </div>
   <div class='ocr_carea' id='block_1_103' title="bbox 2350 4852 3912 4930">
    <p class='ocr_par' dir='ltr' id='par_1_103' title="bbox 2350 4852 3912 4930">
     <span class='ocr_line' id='line_1_103' title="bbox 2350 4852 3912 4930; baseline -0.014 -8"><span class='ocrx_word' id='word_1_733' title='bbox 2350 4867 2571 4930; x_wconf 83' lang='grc' dir='ltr'>πάντως</span> <span class='ocrx_word' id='word_1_734' title='bbox 2622 4863 2842 4917; x_wconf 73' lang='grc' dir='ltr'>ἱστῶσιν</span> <span class='ocrx_word' id='word_1_735' title='bbox 2902 4861 3082 4924; x_wconf 86' lang='grc' dir='ltr'>υἱούς·</span> <span class='ocrx_word' id='word_1_736' title='bbox 3174 4858 3354 4912; x_wconf 89' lang='grc' dir='ltr'>καίτοι</span> <span class='ocrx_word' id='word_1_737' title='bbox 3407 4858 3509 4928; x_wconf 81' lang='grc' dir='ltr'><strong>τῆς</strong></span> <span class='ocrx_word' id='word_1_738' title='bbox 3579 4852 3912 4909; x_wconf 77' lang='grc' dir='ltr'>θεοπνεύστον</span> 
     </span>
    </p>
   </div>
   <div class='ocr_carea' id='block_1_104' title="bbox 2350 4940 3913 5030">
    <p class='ocr_par' dir='ltr' id='par_1_104' title="bbox 2350 4940 3913 5030">
     <span class='ocr_line' id='line_1_104' title="bbox 2350 4940 3913 5030; baseline -0.014 -17"><span class='ocrx_word' id='word_1_739' title='bbox 2350 4960 2575 5030; x_wconf 84' lang='grc' dir='ltr'>Γραφῆς</span> <span class='ocrx_word' id='word_1_740' title='bbox 2602 4957 2697 5010; x_wconf 74' lang='grc' dir='ltr'><strong>ἕνα</strong></span> <span class='ocrx_word' id='word_1_741' title='bbox 2723 4954 2987 5024; x_wconf 80' lang='grc' dir='ltr'>λεγούσης</span> <span class='ocrx_word' id='word_1_742' title='bbox 3037 4951 3180 5015; x_wconf 84' lang='grc' dir='ltr'>Υἱὸν,</span> <span class='ocrx_word' id='word_1_743' title='bbox 3215 4950 3311 5003; x_wconf 74' lang='grc' dir='ltr'><strong>καὶ</strong></span> <span class='ocrx_word' id='word_1_744' title='bbox 3344 4948 3570 5020; x_wconf 83' lang='grc' dir='ltr'>Κύριον.</span> <span class='ocrx_word' id='word_1_745' title='bbox 3605 4948 3767 5000; x_wconf 84' lang='grc' dir='ltr'>Ὥστε</span> <span class='ocrx_word' id='word_1_746' title='bbox 3798 4940 3913 5014; x_wconf 75' lang='grc' dir='ltr'>μετὰ</span> 
     </span>
    </p>
   </div>
   <div class='ocr_carea' id='block_1_105' title="bbox 2349 5034 3913 5120">
    <p class='ocr_par' dir='ltr' id='par_1_105' title="bbox 2349 5034 3913 5120">
     <span class='ocr_line' id='line_1_105' title="bbox 2349 5034 3913 5120; baseline -0.01 -20"><span class='ocrx_word' id='word_1_747' title='bbox 2349 5048 2449 5120; x_wconf 77' lang='grc' dir='ltr'>τὴν</span> <span class='ocrx_word' id='word_1_748' title='bbox 2490 5049 2729 5120; x_wconf 80' lang='grc' dir='ltr'>ἄρρητον</span> <span class='ocrx_word' id='word_1_749' title='bbox 2779 5045 2993 5108; x_wconf 73' lang='grc' dir='ltr'>ἕνωσιν,</span> <span class='ocrx_word' id='word_1_750' title='bbox 3040 5042 3145 5096; x_wconf 83' lang='grc' dir='ltr'><strong>κᾶν</strong></span> <span class='ocrx_word' id='word_1_751' title='bbox 3191 5040 3327 5094; x_wconf 89' lang='grc' dir='ltr'>Θεὸν</span> <span class='ocrx_word' id='word_1_752' title='bbox 3367 5040 3649 5110; x_wconf 81' lang='grc' dir='ltr'>ὀνομάσῃς</span> <span class='ocrx_word' id='word_1_753' title='bbox 3675 5038 3765 5091; x_wconf 88' lang='grc' dir='ltr'><strong>τὸν</strong></span> <span class='ocrx_word' id='word_1_754' title='bbox 3806 5034 3913 5102; x_wconf 77' lang='grc' dir='ltr'><strong>Ἐμο</strong></span> 
     </span>
    </p>
   </div>
   <div class='ocr_carea' id='block_1_106' title="bbox 2352 5123 3913 5211">
    <p class='ocr_par' dir='ltr' id='par_1_106' title="bbox 2352 5123 3913 5211">
     <span class='ocr_line' id='line_1_106' title="bbox 2352 5123 3913 5211; baseline -0.012 -16"><span class='ocrx_word' id='word_1_755' title='bbox 2352 5138 2614 5211; x_wconf 76' lang='grc' dir='ltr'>μανουηλ,</span> <span class='ocrx_word' id='word_1_756' title='bbox 2648 5135 3002 5208; x_wconf 84' lang='grc' dir='ltr'>σαρκωθέντα</span> <span class='ocrx_word' id='word_1_757' title='bbox 3035 5152 3096 5187; x_wconf 88' lang='grc' dir='ltr'><strong>τε</strong></span> <span class='ocrx_word' id='word_1_758' title='bbox 3129 5133 3224 5187; x_wconf 81' lang='grc' dir='ltr'>καὶ</span> <span class='ocrx_word' id='word_1_759' title='bbox 3260 5130 3762 5202; x_wconf 81' lang='grc' dir='ltr'>ὲνανθρωπήσαντα</span> <span class='ocrx_word' id='word_1_760' title='bbox 3787 5123 3913 5180; x_wconf 83' lang='grc' dir='ltr'>νοοῦ-</span> 
     </span>
    </p>
   </div>
   <div class='ocr_carea' id='block_1_107' title="bbox 2351 5220 3911 5303">
    <p class='ocr_par' dir='ltr' id='par_1_107' title="bbox 2351 5220 3911 5303">
     <span class='ocr_line' id='line_1_107' title="bbox 2351 5220 3911 5303; baseline -0.012 -18"><span class='ocrx_word' id='word_1_761' title='bbox 2351 5248 2452 5302; x_wconf 92' lang='grc' dir='ltr'><strong>μεν</strong></span> <span class='ocrx_word' id='word_1_762' title='bbox 2474 5233 2638 5303; x_wconf 84' lang='grc' dir='ltr'>ἡμεῖς</span> <span class='ocrx_word' id='word_1_763' title='bbox 2662 5229 2753 5283; x_wconf 90' lang='grc' dir='ltr'><strong>τὸν</strong></span> <span class='ocrx_word' id='word_1_764' title='bbox 2783 5231 2847 5281; x_wconf 86' lang='grc' dir='ltr'>ὲκ</span> <span class='ocrx_word' id='word_1_765' title='bbox 2875 5225 3009 5280; x_wconf 90' lang='grc' dir='ltr'>Θεοῦ</span> <span class='ocrx_word' id='word_1_766' title='bbox 3036 5225 3249 5296; x_wconf 84' lang='grc' dir='ltr'>Πατρὸς</span> <span class='ocrx_word' id='word_1_767' title='bbox 3277 5224 3453 5291; x_wconf 88' lang='grc' dir='ltr'>Λόγον</span> <span class='ocrx_word' id='word_1_768' title='bbox 3474 5239 3489 5254; x_wconf 75' lang='grc' dir='ltr'><strong>ο</strong></span> <span class='ocrx_word' id='word_1_769' title='bbox 3523 5221 3629 5276; x_wconf 76' lang='grc' dir='ltr'><strong>κᾶν</strong></span> <span class='ocrx_word' id='word_1_770' title='bbox 3653 5220 3911 5289; x_wconf 80' lang='grc' dir='ltr'>ἄνθρωπον</span> 
     </span>
    </p>
   </div>
   <div class='ocr_carea' id='block_1_108' title="bbox 2347 5304 3913 5392">
    <p class='ocr_par' dir='ltr' id='par_1_108' title="bbox 2347 5304 3913 5392">
     <span class='ocr_line' id='line_1_108' title="bbox 2347 5304 3913 5392; baseline -0.011 -19"><span class='ocrx_word' id='word_1_771' title='bbox 2347 5320 2533 5392; x_wconf 78' lang='grc' dir='ltr'>εἴπῃς,</span> <span class='ocrx_word' id='word_1_772' title='bbox 2575 5320 2728 5375; x_wconf 77' lang='grc' dir='ltr'>οὐδὲν</span> <span class='ocrx_word' id='word_1_773' title='bbox 2760 5314 2923 5391; x_wconf 81' lang='grc' dir='ltr'>ἦττον</span> <span class='ocrx_word' id='word_1_774' title='bbox 2971 5317 3179 5370; x_wconf 77' lang='grc' dir='ltr'>ἐκεῖνον</span> <span class='ocrx_word' id='word_1_775' title='bbox 3228 5311 3412 5379; x_wconf 86' lang='grc' dir='ltr'>αὑτὸν,</span> <span class='ocrx_word' id='word_1_776' title='bbox 3454 5312 3512 5365; x_wconf 80' lang='grc' dir='ltr'>ὲν</span> <span class='ocrx_word' id='word_1_777' title='bbox 3562 5312 3676 5365; x_wconf 81' lang='grc' dir='ltr'>τοῖς</span> <span class='ocrx_word' id='word_1_778' title='bbox 3715 5308 3811 5379; x_wconf 84' lang='grc' dir='ltr'>τῆς</span> <span class='ocrx_word' id='word_1_779' title='bbox 3841 5304 3913 5358; x_wconf 76' lang='grc' dir='ltr'>ἀνι</span> 
     </span>
    </p>
   </div>
   <div class='ocr_carea' id='block_1_109' title="bbox 2197 5476 2648 5549">
    <p class='ocr_par' dir='ltr' id='par_1_109' title="bbox 2197 5476 2648 5549">
     <span class='ocr_line' id='line_1_109' title="bbox 2197 5476 2648 5549; baseline -0.007 -16"><span class='ocrx_word' id='word_1_780' title='bbox 2197 5476 2466 5549; x_wconf 67' lang='grc' dir='ltr'>¹⁸,Εριιεε.</span> <span class='ocrx_word' id='word_1_781' title='bbox 2494 5494 2555 5545; x_wconf 90' lang='grc' dir='ltr'><strong>ιι,</strong></span> <span class='ocrx_word' id='word_1_782' title='bbox 2595 5477 2648 5532; x_wconf 88' lang='grc'>6.</span> 
     </span>
    </p>
   </div>
   <div class='ocr_carea' id='block_1_110' title="bbox 1712 5633 2905 5707">
    <p class='ocr_par' dir='ltr' id='par_1_110' title="bbox 1712 5633 2905 5707">
     <span class='ocr_line' id='line_1_110' title="bbox 1712 5633 2905 5707; baseline -0.003 -13"><span class='ocrx_word' id='word_1_783' title='bbox 1712 5634 1887 5694; x_wconf 77' lang='lat' dir='ltr'><strong>Variae</strong></span> <span class='ocrx_word' id='word_1_784' title='bbox 1918 5634 2185 5693; x_wconf 88' lang='lat' dir='ltr'><strong>lectiones</strong></span> <span class='ocrx_word' id='word_1_785' title='bbox 2211 5649 2279 5692; x_wconf 76' lang='lat' dir='ltr'><strong>ex</strong></span> <span class='ocrx_word' id='word_1_786' title='bbox 2302 5633 2491 5693; x_wconf 86' lang='lat' dir='ltr'><strong>codice</strong></span> <span class='ocrx_word' id='word_1_787' title='bbox 2520 5634 2905 5707; x_wconf 72' lang='lat' dir='ltr'><strong>Seguieriano.</strong></span> 
     </span>
    </p>
   </div>
   <div class='ocr_carea' id='block_1_111' title="bbox 716 5774 1478 5847">
    <p class='ocr_par' dir='ltr' id='par_1_111' title="bbox 716 5774 1478 5847">
     <span class='ocr_line' id='line_1_111' title="bbox 716 5774 1478 5847; baseline -0.003 -16"><span class='ocrx_word' id='word_1_788' title='bbox 716 5784 758 5817; x_wconf 71' lang='grc' dir='ltr'>ω</span> <span class='ocrx_word' id='word_1_789' title='bbox 788 5774 992 5847; x_wconf 85' lang='grc' dir='ltr'>συνοδῳ</span> <span class='ocrx_word' id='word_1_790' title='bbox 1024 5778 1113 5847; x_wconf 76' lang='grc' dir='ltr'>τῇ.</span> <span class='ocrx_word' id='word_1_791' title='bbox 1181 5784 1215 5841; x_wconf 56' lang='grc' dir='ltr'>,υ</span> <span class='ocrx_word' id='word_1_792' title='bbox 1249 5776 1478 5846; x_wconf 76' lang='grc' dir='ltr'>φυσικῇ.</span> 
     </span>
    </p>
   </div>
  </div>
