4088 6474
211 373 316 427 301
1254 359 1667 417 EXPLICATIO
1706 355 2060 416 DUODECIM
2099 353 2433 410 CAPITUM.
3165 386 3167 390 ι
3383 346 3490 401 502

208 486 566 558 θρωπότητος
622 483 843 555 μέτροις
896 480 1239 552 καθηγμένον
1288 478 1646 549 οἰκονομικῶς
1690 478 1807 530 ἐπι⁹

1917 483 2023 527 tum
2048 471 2142 526 Dei
2186 469 2367 525 Patris
2396 466 2629 521 Verbum
2662 464 2969 535 accipimus
3000 479 3013 516 :
3057 462 3173 516 sive
3218 461 3492 517 hominem

206 553 577 648 γινώσκομεν.
620 553 905 643 Γεγονὲναι
942 573 999 626 δέ
1032 590 1213 643 φαμεν
1248 572 1409 626 αὐτὸν
1435 580 1460 607 ο
1492 569 1664 623 ἁπτὸν
1710 568 1804 621 τὸν

1917 562 2132 628 'lixeris,
2170 576 2272 616 nos
2308 574 2464 630 teque
2521 557 2648 612 illud
2677 557 2851 625 ipsum
2904 555 3033 627 (Dei
3076 553 3350 623 Verbum)
3399 568 3493 624 per

206 670 433 738 ἀναφῆ·
486 668 685 741 ὁρατὸν
729 667 822 720 τὸν
870 666 1123 733 ἀόρατον.
1172 666 1248 717 Οὐ
1277 660 1481 735 γὰρῆν
1525 661 1805 730 ἀλλότριον

1917 654 2365 726 iispensatiouem
2403 653 2455 705 in
2497 664 2781 704 mensuras
2810 648 3168 702 humanitatis
3192 648 3492 702 demissum

206 760 379 813 αὑτοῦ
432 760 494 812 τὸ
523 739 751 813 Ἵὲνωθὲν
784 757 933 829 αὐτῷ
988 756 1168 827 σῶμα,
1219 755 1248 809 ὂ
1295 756 1391 809 καὶ
1439 752 1612 807 ἁπτὸν
1666 745 1805 803 εἷναί

1917 749 2277 818 agnoscimus.
2351 743 2596 798 Dicimus
2671 743 2853 811 itaque
2928 739 3102 810 ipsum
3166 739 3496 810 palpabilem

207 868 417 922 φαμεν,
456 852 549 903 καὶ
592 850 806 921 ὁρατόν.
845 850 984 912 Τοὺς
1023 848 1079 901 δὲ
1124 847 1200 918 μὴ
1240 846 1384 899 οὕτω
1423 844 1804 907 πιστεύοντας,

1917 839 2107 895 factum
2140 854 2281 904 esse,
2309 837 2400 908 qui
2438 835 2799 907 impalpabilis
2848 843 2964 901 est;
2995 843 3050 888 et
3076 833 3367 899 visibilem,
3401 834 3496 903 qui

205 943 530 1005 διιστῶντας
567 942 660 1005 δὲ,
707 943 781 1005 ὡς
820 942 979 1011 ἔφην,
1016 940 1116 1004 τὰς
1164 941 1489 1001 ὑποστάσεις
1520 937 1660 1008 μετὰ
1704 936 1805 1006 τὴν

1917 932 2219 989 invisibilis.
2252 930 2369 985 Non
2423 929 2570 985 enim
2611 928 2849 983 alienum
2894 935 3016 982 erat
3073 926 3235 997 150
3282 927 3350 980 ab
3405 926 3493 980 illo

206 1033 429 1096 ἕνωσιν,
486 1036 580 1088 καὶ
630 1034 796 1103 ψιλὴν
852 1036 1044 1097 αὐταῖς
1102 1034 1399 1101 συνάφειαν
1456 1030 1803 1093 ἐπινοοῦντας

1917 1041 2112 1095 corpus
2168 1023 2313 1094 quod
2337 1022 2443 1078 sibi
2484 1022 2682 1087 univit,
2716 1018 2857 1090 quod
2902 1019 3092 1087 utique
3135 1016 3405 1087 palpabile
3442 1025 3498 1070 et

207 1126 357 1179 κατά
399 1127 567 1198 μόνην
596 1128 695 1199 τὴν
746 1125 923 1190 ἀξίαν,
974 1126 1143 1196 ἤγουν
1174 1124 1483 1186 αύθεντίαν,
1529 1122 1806 1193 ἀλλοτριοῖ

1921 1117 2137 1173 visibile
2180 1115 2432 1171 dicimus.
2485 1113 2593 1168 Eos
2645 1127 2798 1177 vero,
2839 1112 2930 1183 qui
2975 1112 3047 1166 ita
3101 1125 3207 1164 non
3241 1109 3496 1171 credunt,

206 1218 321 1271 τῶν
358 1219 495 1289 ὀρθὰ
538 1217 881 1289 φρονούντων
927 1228 956 1268 P
998 1220 1027 1271 6
1061 1217 1420 1288 προκείμενος
1471 1214 1803 1285 ἁναθεματι-

1917 1211 2001 1265 sed
2042 1206 2426 1263 subsistentias
2472 1215 2595 1273 post
2635 1204 2912 1263 unionem.
2955 1212 3015 1256 ut
3046 1201 3206 1254 modo
3261 1200 3497 1265 aiebam,

210 1309 371 1378 σμός.
1910 1301 2437 1366 dividunt;eamque
2469 1295 2667 1350 nudam
2706 1293 2946 1363 ipsarum
3001 1293 3254 1346 unionem
3279 1290 3498 1361 excogi-

210 1411 355 1467 tant,
390 1417 506 1470 quae
538 1402 589 1455 in
634 1400 746 1455 sola
814 1400 1079 1470 dignitate
1138 1400 1251 1453 sive
1294 1398 1620 1452 auctoritate
1687 1394 1959 1461 consistit,
1999 1398 2317 1463 pr0posltus
2387 1388 2474 1443 bic
2560 1386 3049 1442 anathematismus
3084 1384 3152 1439 ab
3193 1384 3260 1439 iis
3291 1382 3498 1439 alienos

207 1508 336 1548 esse
366 1494 571 1564 judicat
612 1495 701 1548 oui
749 1509 868 1564 quae
911 1504 1056 1549 recta
1116 1502 1242 1547 sunt
1280 1493 1486 1547 sentire
1522 1499 1951 1547 consueverunt.

661 1606 1255 1659 ΑΝΑΘΕΜΑΤΙΣΜΟΣ
1293 1609 1365 1657 Δ’.

288 1719 353 1771 Εἰ
383 1736 467 1782 τις
502 1718 816 1790 προσώποις
842 1718 1015 1784 δυσὶν,
1044 1719 1210 1789 ἤγουν
1233 1718 1584 1784 ὑποστάσεσι,
1615 1718 1711 1781 τάς
1742 1731 1803 1769 τε

2320 1591 2965 1653 ANATHEMATISMUS
3005 1591 3095 1649 IV.

1985 1712 2043 1769 Si
2087 1712 2209 1782 quis
2257 1709 2469 1765 duabus
2515 1708 2766 1777 personis
2809 1706 2925 1763 sive
2970 1703 3357 1776 hypostasibus
3402 1716 3497 1757 eas

209 1813 273 1864 ὲν
301 1813 413 1874 τοῖς
446 1811 824 1879 εύαγγελικοῖς
858 1812 954 1865 καὶ
984 1812 1365 1874 ἀποστολικοῖς
1396 1809 1803 1880 Συγγράμμασι

1917 1818 2068 1859 voces
2117 1800 2389 1866 attribuit,
2438 1814 2559 1868 qua:
2603 1799 2656 1852 in
2702 1796 3032 1869 evangelicis
3080 1804 3137 1851 et
3186 1792 3499 1865 apostolicis

207 1901 460 1972 διανέμει
483 1902 741 1972 φωνὰς,ῆ
769 1903 861 1954 ἐπὶ
892 1902 1117 1972 Χριστῷ
1144 1903 1296 1973 παρὰ
1323 1901 1432 1955 τῶν
1457 1902 1627 1971 ἁγίων
1652 1900 1807 1969 λεγο-

1913 1895 2211 1963 Scriptnris
2243 1893 2444 1963 passim
2494 1900 2827 1957 occurrunt;
2865 1904 3053 1959 quaeve
3103 1904 3132 1942 a
3182 1888 3387 1941 sanctis
3432 1886 3500 1940 de

213 1995 409 2065 μένας,
452 1995 486 2065 ἢ
537 1997 670 2066 παρ’
703 1994 1039 2071 αύτοῦῇπερὶ
1074 1995 1266 2048 ἑαυτοῦ
1288 2012 1301 2024 ’
1340 1996 1435 2048 καὶ
1468 1996 1568 2055 τὰς
1604 1994 1703 2065 μὲν
1730 1993 1807 2056 ὡς

1917 1985 2148 2049 Christo,
2186 1985 2269 2040 vel
2320 1984 2388 2039 ab
2420 1986 2537 2055 ipso
2577 1997 2794 2053 quoque
2837 1982 3061 2037 Christo
3091 1980 3157 2033 de
3204 1978 3382 2049 seipso
3412 1977 3495 2031 di—

208 2084 495 2156 ἀνθρὼπῳ
532 2085 687 2156 παρά
736 2085 829 2137 τὸν
864 2087 928 2137 ἐκ
973 2084 1108 2139 Θεοῦ
1155 2085 1367 2155 Πατρὸς
1409 2086 1584 2153 Λόγον
1625 2084 1807 2148 ἰδικῶς

208 2173 500 2245 νοουμένῳ
525 2175 851 2245 προσάπτει,
886 2175 984 2238 τὰς
1013 2175 1069 2229 δὲ
1099 2176 1173 2240 ὼς
1204 2177 1529 2247 θεοπρεπεῖς
1560 2176 1706 2247 μόνῳ
1730 2174 1806 2247 τῷ

211 2264 282 2315 ἐκ
311 2262 447 2316 Θεοῦ
483 2264 693 2334 Πατρός
722 2264 911 2335 Λόγῳ’
955 2264 1205 2336 ἀνάθεμα
1232 2266 1393 2321 ἔστω.

800 2462 1113 2527 Ἐπίλυσις
1151 2462 1223 2517 δ’.

306 2573 393 2626 Ἐν
424 2576 606 2645 μορφῇ
647 2574 741 2627 καὶ
774 2575 986 2647 ἰσότητι
1019 2576 1115 2629 τοῦ
1157 2575 1294 2629 Θεοῦ
1332 2577 1427 2631 καὶ
1456 2575 1668 2646 Πατρὺς
1702 2576 1807 2629 ὑπ-

215 2664 407 2735 άρχων
441 2667 469 2718 6
491 2666 551 2732 ὲξ
580 2665 747 2719 αὐτοῦ
776 2666 972 2737 Λόγος,
1003 2667 1105 2737 οὐχ
1129 2666 1423 2739 ἁρπαγμὸν
1469 2669 1714 2739 ἡγήσατο
1750 2666 1812 2719 τὸ

215 2752 363 2808 εἶναι
391 2749 487 2809 ἶσα
514 2754 657 2827 Θεῷ,
694 2755 880 2820 καθὼς
906 2756 1257 2829 γέγραπται·
1284 2756 1491 2827 καθῆκε
1519 2758 1576 2811 δὲ
1611 2756 1811 2829 μᾶλλον

213 2847 415 2900 ἑαυτὸν
462 2848 544 2910 εἰς
590 2847 840 2903 ἑκούσιον
882 2850 1147 2914 κένωσιν,
1201 2848 1297 2901 καὶ
1332 2849 1810 2921 καταπεφοῐτηκεν

213 2936 507 3009 ἐθελοντὴς
532 2941 590 2991 ὲν
622 2941 737 3003 τοῖς
769 2938 892 2993 καθ’
926 2941 1097 3012 ἡμᾶς,
1122 2940 1183 2994 ού
1212 2940 1397 3011 μεθεὶς
1420 2940 1483 2994 τὸ
1511 2936 1652 2995 εἶναι
1673 2942 1811 3014 ὅπερ

213 3032 360 3096 ἐστὶ,
411 3031 740 3103 μεμενηκὼς
771 3031 831 3086 δὲ
872 3033 1076 3103 μᾶλλον
1115 3032 1211 3087 καὶ
1240 3031 1386 3086 οὕτω
1430 3031 1585 3096 Θεὸς,
1623 3031 1719 3086 καὶ
1750 3032 1813 3085 τὸ

1911 2089 2010 2132 clas
2042 2085 2207 2142 sunt;
2242 2085 2298 2132 et
2329 2076 2463 2130 alias
2492 2075 2711 2143 quidem
2746 2072 2953 2127 homini
2989 2070 3155 2124 veluti
3194 2083 3438 2125 seorsum
3468 2083 3498 2121 a

1911 2167 2006 2223 Dei
2049 2167 2229 2222 Verbo
2271 2168 2620 2222 considerato
2668 2164 2932 2229 ascribit;
2980 2162 3117 2217 alias
3162 2176 3318 2227 vero,
3373 2170 3497 2213 tan-

1911 2274 2072 2328 quam
2108 2259 2216 2313 Deo
2248 2259 2652 2322 convenientes,
2693 2256 2795 2313 soli
2829 2255 2921 2311 Dci
2952 2252 3133 2309 Patris
3157 2252 3337 2309 Verbo
3369 2253 3494 2307 ada-

1911 2363 2061 2420 ptat:
2096 2351 2383 2405 anathema
2409 2350 2502 2404 sit.

2430 2463 2733 2517 Declaratio
2764 2472 2978 2532 quarta.

1983 2578 2078 2633 Dei
2110 2577 2288 2633 Patris
2318 2575 2554 2631 Verbum
2609 2576 2662 2630 in
2713 2574 2958 2645 ejusdem
3009 2571 3185 2627 Patris
3224 2572 3396 2629 forma
3445 2579 3501 2628 et

1912 2668 2225 2739 aequalitate
2253 2669 2545 2733 exsistens,
2593 2682 2702 2721 non
2751 2664 3000 2734 rapinam
3046 2664 3373 2719 arbitratum
3416 2672 3501 2719 est

1912 2776 2035 2816 esse
2080 2775 2138 2816 se
2182 2759 2388 2829 aequale
2430 2759 2563 2822 Deo,
2592 2767 2650 2812 ut
2676 2757 2942 2828 scriptum
2970 2763 3053 2812 est
3076 2756 3144 2821 ",
3180 2756 3275 2811 sed
3318 2755 3501 2825 potius

1912 2854 2151 2925 seipsum
2207 2863 2400 2923 sponte
2438 2850 2776 2915 exinauivit,
2810 2858 2867 2906 et
2908 2849 2975 2904 ad
3005 2860 3190 2906 nostra
3234 2864 3295 2905 se
3322 2849 3499 2904 demi-
3554 2856 3555 2859 ‘

1913 2944 2007 3009 sit,
2045 2959 2155 2999 non
2202 2943 2461 2999 amittens
2494 2956 2617 2997 esse
2653 2941 2795 3011 quod
2842 2950 2949 3006 est,
2988 2940 3082 2997 sed
3129 2940 3303 3011 magis
3332 2940 3496 2995 etiam

1916 3033 2018 3088 hoc
2043 3042 2203 3104 pacto
2230 3032 2371 3087 Deus
2402 3047 2749 3101 permanens,
2786 3040 2843 3087 et
2883 3031 3017 3086 nihil
3061 3046 3247 3088 eorum
3276 3046 3399 3103 quae
3430 3030 3499 3085 ad

212 3123 319 3193 τῆς
345 3122 770 3216 άνθρωπότητος
792 3125 895 3177 οὐκ
921 3124 1203 3196 ἀτιμάσας
1239 3122 1459 3196 μέτρον.
1486 3124 1673 3178 Πάντα
1708 3123 1811 3177 τοί-

1919 3126 2169 3181 humanae
2191 3135 2399 3180 natura:
2422 3124 2791 3181 conditionem
2824 3124 3122 3193 pertinent,
3150 3132 3497 3194 aspernatus.

214 3230 315 3268 νυν
348 3212 516 3267 αὐτοῦ
550 3214 618 3268 τά
665 3204 947 3286 θεοπρεπῆ
1002 3216 1100 3268 καὶ
1159 3213 1497 3284 ἀνθρώπινα.
1551 3213 1661 3267 Ποῦ
1701 3214 1811 3285 γὰρ

1917 3217 2058 3273 Sunt
2086 3219 2268 3289 itaque
2303 3216 2449 3273 illius
2481 3217 2687 3282 omnia,
2720 3232 2828 3273 non
2864 3216 3039 3272 solum
3072 3216 3276 3282 divina,
3310 3231 3497 3271 verum

216 3304 302 3359 ἔτι
332 3306 646 3359 κεκένωκεν
669 3305 893 3370 ἑαυτὸν,
922 3307 971 3359 εἰ
1000 3306 1114 3369 τοῖς
1144 3305 1244 3376 τῆς
1267 3305 1687 3377 ἀνθρωπότητος
1717 3305 1812 3377 μὲ-

216 3414 375 3468 τροις
418 3398 798 3470 ἐπερυθριᾷίι;
846 3398 958 3451 Kal.
999 3398 1050 3451 ει
1098 3399 1440 3469 παρῃτεῖτοτ
1489 3396 1559 3451 τὰ
1598 3396 1812 3468 ἀνθρώ-

220 3506 357 3543 πινα
383 3529 398 3554 ,
433 3490 517 3554 τίς
547 3491 576 3542 6
612 3490 927 3560 καταθήσας
948 3499 971 3527 ³
1004 3489 1166 3542 αὑτὸν
1211 3490 1287 3553 ὡς
1334 3489 1396 3553 ἐξ
1438 3489 1687 3559 ἀνάγκης
1718 3490 1813 3543 καὶ

222 3579 344 3649 βίας
378 3581 463 3642 είς
495 3580 557 3633 τὸ
590 3579 844 3648 γενέσθαι
877 3579 1001 3634 καθ’
1045 3580 1228 3649 apag;
1277 3578 1464 3642 Πάσας
1496 3580 1675 3632 τοίνυν
1715 3578 1814 3641 τὰς

218 3676 282 3728 ὲν
319 3676 436 3735 τοῖς
469 3671 821 3741 Εὑαγγελίοις
847 3672 1030 3741 φωνὰς
1051 3710 1066 3735 ,
1104 3671 1203 3734 τάς
1231 3688 1291 3724 τε
1322 3670 1691 3741 ἀνθρωπίνας,
1717 3670 1813 3724 καὶ⁵

222 3766 342 3836 μὴν
366 3765 466 3817 καὶ
494 3764 589 3827 τὰς
617 3756 966 3835 θεοπρεπεῖς,
996 3765 1077 3817 ἐνί
1098 3765 1374 3836 προσώπῳ
1398 3766 1809 3834 προσάπτομεν.

232 3855 462 3926 Ἐπειδὴ
494 3855 587 3909 καὶ
617 3855 713 3908 ἕνα
755 3854 1082 3925 πιστεύομεν
1112 3855 1237 3908 Υἰὺν
1268 3850 1409 3908 εἶναι
1436 3852 1673 3925 Χριστὸν
1711 3854 1815 3923 ’1η-

220 3946 387 4011 σοῦν,
418 3947 695 3999 τουτέστιν
725 3947 1228 4019 ἐνανθρωπὴσαντά
1254 3964 1314 3999 τε
1339 3947 1431 3999 καὶ
1458 3946 1814 4016 σεσαρκωμέ-

217 4056 315 4093 νον
343 4039 437 4091 τὸν
474 4038 569 4091 τοῦ
602 4040 740 4092 Θεοῦ
771 4040 967 4108 Λόγον.
997 4040 1161 4092 Ὥστε
1192 4038 1294 4092 κᾶν
1326 4038 1460 4112 λέγῃ
1495 4056 1548 4092 τι
1575 4038 1685 4091 τῶν
1722 4038 1815 4091 ἀν-

221 4129 540 4200 θρωπίνων,
590 4133 705 4194 τοῖς
756 4131 855 4201 τῆς
901 4130 1324 4201 ἀνθρωπότητος
1369 4130 1534 4184 αὑτοῦ
1595 4131 1814 4202 μέτροις

218 4221 702 4290 καταλογιούμεθα
722 4222 792 4274 τά
815 4222 1162 4293 ἀνθρώπινα·
1193 4222 1359 4275 αὑτοῦ
1391 4222 1500 4293 γάρ
1528 4223 1690 4276 πάλιν
1720 4223 1815 4275 καὶ

217 4313 285 4364 τὸ
313 4311 655 4382 ἀνθρώπινον
679 4330 691 4344 ·
719 4313 823 4367 κᾶν
853 4314 928 4376 ὡς
959 4314 1094 4378 Θεὸς
1125 4314 1475 4385 διαλέγηται,
1510 4315 1645 4369 Θεὸν
1672 4310 1814 4370 εἶναι

218 4402 582 4467 πιστεύοντες
604 4404 698 4456 τὸν
722 4405 1245 4477 ὲνανθρωπήσαντα,
1271 4406 1436 4459 πάλιν
1462 4405 1538 4469 ὡς
1574 4406 1655 4458 ἐνὶ
1675 4407 1813 4477 Χρι-

1913 3310 2078 3365 etiam
2109 3311 2369 3365 humana.
2395 3310 2510 3377 Qua
2540 3310 2684 3366 enim
2715 3310 2927 3366 ratione
2954 3324 3013 3364 se
3041 3309 3214 3378 ipsum
3245 3308 3499 3363 exinani-

1914 3401 2013 3469 vit,
2044 3403 2090 3458 si
2142 3404 2394 3458 humanas
2441 3411 2649 3458 natura:
2679 3413 2866 3473 partes
2898 3402 3160 3457 erubuit?
3190 3401 3255 3456 Et
3304 3400 3349 3456 si
3396 3401 3498 3455 hu-

1918 3509 2076 3547 mana
2106 3503 2389 3549 aversatus
2426 3504 2530 3556 est,
2554 3493 2678 3564 quis
2706 3492 2853 3547 illum
2883 3500 3141 3560 tanquam
3172 3492 3501 3547 necessitate

1916 3594 2012 3639 aut
2031 3586 2087 3640 vi
2116 3586 2181 3639 ad
2209 3586 2311 3642 hoc
2340 3585 2576 3654 impulit,
2604 3592 2663 3637 ut
2686 3583 2844 3639 nobis
2864 3582 3061 3638 similis
3076 3582 3273 3638 ﬂeret?
3295 3582 3502 3640 Omnes

1917 3678 2103 3743 itaque
2152 3679 2429 3748 Evangelii
2475 3691 2658 3743 voces,
2710 3678 2824 3732 sive
2877 3676 2983 3731 illae
3027 3676 3325 3731 humanum
3367 3675 3499 3745 quid

1917 3779 2138 3833 sonant,
2171 3771 2287 3824 sive
2316 3768 2582 3832 divinum,
2619 3768 2711 3823 uni
2739 3782 2987 3838 personae
3018 3767 3309 3822 tribuimus
3334 3782 3348 3820 :
3373 3780 3498 3819 nam

1917 3869 1972 3918 et
1997 3860 2272 3916 Christum
2307 3855 2517 3922 Iesum,
2549 3858 2651 3913 hoc
2681 3865 2766 3912 est
2797 3857 3210 3912 inhumanatum
3242 3865 3297 3911 et
3323 3856 3503 3910 incar-

1918 3963 2105 4008 natum
2145 3950 2237 4006 Dei
2269 3950 2532 4013 Verbum,
2583 3965 2748 4004 unum
2788 3948 2988 4005 Filium
3035 3964 3159 4005 esse
3205 3948 3497 4005 credimus.

1918 4045 2097 4111 Quare
2126 4042 2171 4098 si
2198 4041 2325 4113 quid
2365 4041 2663 4095 humanum
2692 4039 2975 4109 praedicat,
3008 4039 3110 4094 hoc
3140 4040 3207 4094 ad
3249 4039 3502 4093 humani-

1920 4139 2047 4193 tatis
2075 4136 2193 4205 ejus
2222 4134 2590 4190 conditionem
2622 4131 3019 4188 transferemus
3048 4131 3154 4203 (est
3183 4132 3329 4185 enim
3361 4130 3504 4186 illius

1916 4238 1972 4283 et
2024 4230 2137 4299 ipsa
2189 4241 2406 4299 quoque
2460 4224 2829 4295 humanitas);
2883 4225 2927 4279 si
2976 4238 3104 4279 vero
3143 4223 3399 4292 loquatur
3444 4232 3507 4277 ut

1920 4320 2082 4383 Deus,
2134 4320 2226 4374 uni
2278 4332 2495 4372 rursum
2548 4316 2771 4371 Christo
2816 4325 2871 4370 et
2919 4314 3058 4370 Filio
3106 4312 3505 4385 assignabimus

1919 4425 2081 4467 voces
2109 4424 2273 4480 supra
2311 4416 2560 4462 naturam
2597 4406 2856 4470 hominis,
2889 4404 3058 4461 Deum
3088 4406 3503 4460 inhumanatum

220 4495 337 4565 στῷ
381 4498 478 4550 καὶ
499 4496 617 4566 Υἱῴ
641 4496 741 4556 τὰς
766 4496 904 4567 ὑπὲρ
922 4496 1212 4569 ἀνθρώπου
1225 4497 1387 4565 φύσιν
1399 4497 1811 4567 προσνεμοῦμεν

1923 4500 2072 4555 illum
2109 4515 2230 4554 esse
2279 4498 2584 4553 credentes.
2624 4496 2725 4562 Qui
2768 4510 2896 4551 vero
2940 4496 3086 4550 illum
3133 4496 3184 4549 in
3222 4496 3355 4550 duas
3384 4511 3505 4565 per-

218 4587 435 4654 φωνάς.
466 4586 534 4640 Οἱ
564 4586 619 4639 δὲ
653 4586 961 4649 διιστάντες
994 4590 1076 4650 εἰς
1122 4587 1216 4641 δύο
1267 4589 1557 4657 πρόσωπα,
1589 4588 1683 4641 δύο
1709 4605 1814 4640 που

216 4676 445 4738 πάντως
479 4675 788 4728 ἐπινοοῦσιν
818 4675 989 4738 υἱούς.
1020 4677 1233 4746 Ὥσπερ
1263 4677 1372 4749 γὰρ
1406 4677 1497 4729 τὸν
1524 4675 1645 4728 καθ’
1668 4677 1816 4745 ἡμᾶς

216 4768 515 4839 ἄνθρωπον
560 4769 660 4821 οὑκ
696 4770 776 4831 εἰς
810 4768 904 4821 δύο
950 4770 1223 4841 πρόσωπα
1255 4769 1585 4840 διαιρεῖσθαι
1621 4768 1815 4838 θέμις,

216 4859 328 4912 κᾶν
362 4862 427 4911 ἐκ
457 4859 642 4928 ψυχῆς
667 4862 846 4912 νοοῖτο
877 4860 973 4913 καὶ
1003 4859 1279 4931 σώματος,
1319 4860 1435 4914 ἀλλ’
1460 4855 1541 4924 εἷς
1566 4862 1705 4925 ἐστι,
1724 4860 1819 4913 καί

216 4954 247 5003 ὁ
282 4950 448 5013 αὐτὸς
480 4950 772 5022 ἄνθρωπος
800 4993 815 5015 ,
850 4951 992 5005 οὕτω
1030 4953 1126 5005 καὶ
1166 4954 1258 5005 ἐπὶ
1304 4952 1400 5006 τοῦ
1440 4952 1807 5023 Ἐμμανουήλ.

230 5043 458 5112 Ἐπειδὴ
490 5044 599 5114 γάρ
625 5043 774 5096 ἐστιν
806 5037 885 5105 εἷς
914 5044 1041 5107 Υἱὸς
1090 5044 1185 5098 καὶ
1212 5044 1435 5115 Κύριος,
1470 5048 1497 5098 ὁ
1528 5062 1810 5114 σεσαρκω-

221 5134 392 5205 μένος
424 5135 521 5186 καὶ
578 5134 1011 5206 ὲνανθρωπήσας
1043 5136 1137 5190 τοῦ
1169 5135 1303 5189 Θεοῦ
1325 5138 1515 5205 Λόγος,
1548 5137 1605 5189 ἒν
1643 5137 1810 5192 αὐτοῦ

217 5227 446 5289 πάντως
465 5226 581 5280 ἐστὶ
610 5226 705 5280 καὶ
728 5228 1053 5299 πρόσωπον
1091 5229 1185 5283 καὶ
1217 5230 1367 5300 αὐτῷ
1394 5231 1809 5302 προσνεμοῦμεν

326 5403 346 5432 ⁸
370 5402 603 5474 Philipp.
634 5419 698 5472 tt,
730 5403 783 5468 6,
814 5405 868 5459 7.

1920 4607 2082 4645 sonas
2109 4591 2373 4655 dividunt,
2424 4590 2739 4643 necessario
2778 4589 2913 4642 duos
2951 4602 3168 4657 quoque
3198 4587 3336 4642 ﬁlios
3371 4602 3506 4641 con-

1921 4683 2148 4750 lingunt.
2197 4679 2351 4734 Sicut
2392 4681 2537 4735 enim
2584 4680 2747 4734 homo
2792 4694 2858 4733 ex
2910 4679 3064 4733 nobis
3092 4679 3340 4748 quilibet,
3380 4679 3507 4732 licet

1926 4773 2079 4844 151
2120 4788 2183 4827 ex
2218 4774 2399 4827 anima
2436 4783 2490 4826 et
2519 4786 2748 4841 corpore
2789 4772 3120 4826 constitutus
3150 4770 3502 4841 intelligatur,

1924 4880 2029 4919 non
2062 4865 2334 4935 geminus,
2378 4866 2472 4918 sed
2508 4879 2649 4918 unus
2693 4874 2748 4919 et
2784 4864 2925 4917 idem
2968 4864 3130 4917 homo
3172 4872 3255 4917 est
3288 4881 3300 4915 :
3336 4863 3409 4916 ita
3439 4863 3505 4915 de

1922 4954 2277 5010 Eutmauuele
2324 4969 2540 5023 quoque
2595 4955 2750 5010 nobis
2812 4956 3157 5024 cogitandum
3205 4963 3310 5009 est.
3368 4952 3505 5021 Quia

1922 5061 2155 5117 namque
2194 5046 2286 5100 Dei
2321 5044 2552 5099 Verbum
2604 5044 2943 5099 incarnatnm
2978 5052 3033 5099 et
3074 5044 3237 5098 homo
3282 5044 3504 5106 factum,

1921 5155 2062 5194 unus
2097 5147 2182 5194 est
2207 5138 2374 5193 Filius
2407 5143 2461 5191 et
2498 5135 2781 5201 Dominus,
2827 5150 2933 5189 una
2979 5136 3143 5190 etiam
3172 5135 3395 5190 omnino
3422 5142 3509 5187 est

1921 5231 2091 5301 ipsius
2113 5244 2341 5301 persona
2374 5247 2387 5283 :
2421 5229 2578 5297 eique
2604 5228 2904 5283 tribuemus
2937 5236 2990 5281 et
3020 5229 3254 5283 humana
3288 5238 3508 5298 propter

1286 5558 1458 5613 Varia:
1486 5560 1744 5612 lectiones
1765 5575 1827 5612 ex
1859 5559 2045 5614 codice
2076 5558 2449 5629 Seguieriano.

305 5714 712 5793 °_xa_6qyp.évov
741 5715 1095 5793 οἰκονομικῶς
1121 5716 1557 5793 ἐπιγινώσκομεν
1594 5713 1896 5793 γεγονέναι,
1938 5719 2119 5787 φαμὲν
2164 5720 2342 5775 τοίνυν
2387 5722 2569 5776 αὐτόν,
2654 5732 2679 5772 p
2715 5726 2927 5793 φρονεῖ)
2978 5722 3262 5776 εξωθάτων,
3344 5732 3369 5774 q
3408 5723 3500 5775 ξπ..

223 5786 488 5857 ηρυθρξα.
570 5785 941 5855 ι’παραιτεῖτο
1041 5786 1425 5854 κκατωθήσας.
1472 5785 1804 5855 καταδήσας.
