4088 6460
193 388 303 445 535

626 504 1220 561 ANABEMATIEMOZ
1259 508 1352 573 ς’.

270 620 339 672 Εἰ
364 637 445 682 τις
481 618 614 672 Θεὸν
655 619 688 689 ἢ
718 618 996 688 Δεσπότην
1037 612 1176 671 εἶναι
1211 617 1361 686 λέγει
1392 616 1485 669 τοῦ
1546 613 1787 687 Χριστοῦ

193 711 291 765 τὸν
324 713 390 765 ὲκ
419 710 552 765 Θεοῦ
591 711 807 784 Πατρὸς
838 712 1034 779 Λόγον,
1070 709 1165 762 mi.
1214 708 1337 780 οὐχὶ
1362 708 1427 779 δὴ
1457 707 1659 779 μᾶλλον
1696 706 1789 760 τὸν

1226 385 1643 446 EXPLICATIO
1681 385 2045 447 DUODECIM
2082 388 2413 446 CAPlTllM.

1816 512 1863 566 Α

3358 396 3471 457 506

2298 504 2938 563 ANATHEMATISMUS
2967 508 3059 564 Vl.
3112 542 3113 545 η

1969 616 2027 672 Si
2074 618 2197 687 quis
2247 618 2340 673 Dei
2382 617 2564 673 Patris
2613 615 2875 684 Verbum,
2926 617 3131 674 Christi
3173 619 3351 676 Deum‘
3386 623 3469 677 vel

1892 710 2179 765 Dominum
2221 725 2341 765 esse
2373 710 2611 777 dixerit;
2650 718 2707 766 et
2752 725 2857 765 non
2890 709 3070 780 potius
3098 710 3269 765 Deum
3310 713 3470 768 simul

195 800 368 854 αὐτὸν
415 800 665 872 ὁμολογεί
709 799 844 871 όμοῦ
904 818 965 853 τε
1023 799 1155 853 Θεὸν
1203 801 1298 853 καὶ⁵
1346 798 1669 869 ἄνθρωπον,
1714 796 1790 860 ὡς

1904 810 1947 857 at
1991 801 2268 858 hominem
2317 803 2565 858 eumdem
2612 800 2898 858 confessus
2928 800 3111 869 fuerit,
3147 811 3311 872 prout
3333 802 3471 859 Ver-

197 893 488 962 γεγονότος
510 893 715 965 σαρκὸς
742 891 838 946 τοῦ
871 892 1044 963 Λόγου
1075 891 1219 947 κατά
1245 891 1343 957 τάς
1366 890 1613 964 Γραφάς·
1656 889 1789 944 ἀνά-

198 985 346 1058 Θεμα
375 985 534 1040 ἔστω.

779 1101 1105 1166 Ἐπίλυσις
1146 1106 1221 1165 ς’.
1292 1124 1295 1129 ‹

289 1212 351 1266 ’0
396 1211 603 1282 Κύριος
629 1211 790 1282 ἡμῶν
839 1210 1046 1284 Ἰησοῦς
1078 1210 1314 1283 Χριστὸς
1339 1250 1354 1277 ,
1387 1212 1414 1263 6
1464 1206 1544 1274 εἷς
1590 1228 1654 1263 τε
1697 1211 1794 1263 καί⁸

205 1304 373 1375 μόνος
396 1347 411 1371 ,
446 1304 542 1359 καὶ
579 1304 722 1357 κατά
754 1304 1017 1374 ἀλήθειαν
1048 1304 1176 1366 Υίὸς
1214 1303 1477 1375 ὑπάρχων
1527 1301 1623 1355 τοῦ
1656 1301 1791 1355 Θεοῦ

204 1398 305 1453 καὶ
326 1396 562 1468 Πατρὸς,
579 1397 771 1466 γέγονε
802 1396 989 1468 σὰρξὸ
1016 1397 1188 1465 Λόγος
1205 1412 1221 1427 ·
1253 1396 1349 1450 καὶ
1378 1394 1790 1464 συγκατάρχειγ

202 1490 318 1543 τῶν
341 1488 479 1544 ὅλων
508 1488 645 1560 ὁμοῦ
661 1488 737 1560 τῷ
756 1490 871 1559 ἰδίῳ
892 1490 1181 1560 Γεννήτορι
1199 1507 1211 1519 ·
1240 1509 1257 1539 ι
1286 1490 1525 1559 κάμπτει
1558 1504 1617 1539 τε
1641 1486 1795 1556 αὐτῴ

205 1582 321 1634 πᾶν
360 1581 491 1649 γόνυ
525 1581 884 1652 ἐπουρανίων,
933 1582 1028 1635 καὶ
1054 1581 1335 1649 ἐπιγείων,
1385 1581 1481 1634 καὶ
1524 1577 1793 1649 καταχθο-

203 1672 375 1724 νίων’
420 1672 517 1723 καὶ
551 1670 953 1742 ἐξομολογεῖται
1004 1672 1151 1725 πᾶσα
1197 1670 1419 1739 γλῶσσα
1464 1670 1546 1723 ὅτι
1586 1669 1792 1740 Κύριος

220 1760 434 1832 Ἰησοῦς
452 1763 775 1833 Χριστὸςείς
802 1763 960 1827 δόξαν
978 1761 1112 1815 Θεοῦ
1137 1763 1371 1833 Πατρός.
1395 1780 1414 1812 ι
1443 1761 1599 1814 Ἔστι
1618 1761 1794 1814 τοίνυν

1891 893 2017 947 bum
2058 908 2188 947 caro
2228 893 2427 949 factum
2467 902 2549 949 est
2592 894 2891 951 secundum
2928 893 3241 963 Scripturas
3274 912 3289 949 :
3330 909 3470 950 ana-

1895 983 2071 1038 thema
2098 985 2188 1039 sit.

2427 1096 2735 1153 Declaratio
2771 1108 2941 1154 sexta.

1966 1210 2228 1264 Dominus
2266 1218 2450 1265 uoster
2472 1208 2634 1264 Jesus
2676 1208 2930 1265 Christus
2961 1224 3103 1265 unus
3133 1219 3190 1265 et
3218 1209 3370 1265 solus
3409 1219 3466 1265 et

1894 1302 2187 1357 secundum
2217 1302 2496 1357 veritatem
2525 1302 2620 1358 Dei
2648 1302 2828 1358 Patris
2855 1301 3049 1369 Filius,
3076 1300 3314 1359 Verbum
3339 1317 3473 1359 caro

1894 1390 2098 1446 factum
2129 1402 2234 1458 est,
2264 1402 2321 1447 et
2352 1407 2458 1447 una
2490 1407 2615 1447 cum
2651 1393 2902 1463 genitore
2946 1408 3044 1450 suo
3087 1393 3340 1449 omnibus
3376 1394 3473 1449 do-

1896 1480 2136 1535 minatur
2172 1502 2183 1537 :
2217 1482 2428 1552 ipsique
2460 1498 2479 1532 ο
2510 1480 2751 1537 flectitur
2778 1497 2940 1537 omne
2960 1498 3119 1552 genu,
3146 1481 3474 1545 caelestium,

1896 1573 2233 1627 terrestrium
2293 1584 2349 1627 et
2389 1574 2765 1642 infernorum;
2801 1583 2857 1630 et
2883 1576 3061 1630 omnis
3095 1575 3275 1646 lingua
3304 1573 3461 1630 conii-

1896 1673 2061 1729 tetur,
2094 1667 2220 1733 quia
2251 1665 2513 1723 Dominus
2547 1665 2705 1722 Jesus
2737 1666 2996 1723 Christus
3025 1666 3079 1721 in
3114 1666 3343 1735 gloriam
3376 1665 3475 1720 Dei

1896 1755 2073 1812 Patris
2097 1758 2163 1811 “.
2195 1776 2215 1808 ι
2244 1758 2387 1812 idem
2425 1759 2607 1828 itaque
2648 1768 2922 1829 quatenus
2943 1758 3268 1829 intelligitur
3296 1767 3351 1814 et
3391 1768 3476 1812 est

204 1856 237 1907 6
287 1855 451 1918 αὐτὸς
504 1856 603 1926 μὲν
639 1854 747 1908 τῶν
781 1855 917 1909 ὅλων
964 1856 1207 1926 Κύριος,
1253 1854 1390 1909 καθὸ
1426 1857 1659 1921 νοεῖται,
1701 1854 1795 1907 καὶ

1904 1848 2079 1913 Deus;
2136 1848 2261 1905 licet
2313 1858 2437 1919 post
2486 1850 2992 1907 inhumanationem
3049 1851 3233 1907 carnis
3280 1864 3477 1919 expers

204 1947 329 1999 ἐστι
358 1945 513 2009 Θεὸς,
539 1947 588 1999 εἰ
618 1947 710 1999 καὶ
744 1946 819 2017 μὴ
848 1946 972 2017 δίχα
998 1946 1201 2016 σαρκὸς
1234 1946 1372 2017 μετά
1398 1945 1498 2016 τὴν
1522 1943 1677 1997 ὲνανθ
1689 1942 1793 2015 ρώ-

203 2053 402 2107 πησιν.
441 2036 617 2099 Αὐτὸς
646 2034 702 2089 δὲ
745 2035 939 2089 ἑαυτοῦ
973 2034 1095 2088 οὒτε
1123 2035 1256 2099 Θεὸς
1279 2076 1294 2099 ,
1326 2034 1449 2087 οῦτε
1481 2035 1756 2105 Δεσπότης
1776 2052 1790 2065 ο

205 2130 308 2181 καὶ
338 2128 449 2198 γάρ
478 2129 597 2180 ἐστι
617 2126 725 2181 τῶν
746 2128 1133 2193 ἀτοπωτάτων,
1165 2126 1365 2197 μᾶλλον
1387 2126 1443 2179 δὲ
1474 2126 1795 2189 δυσσεϐείας

204 2218 434 2288 ἀπάσης
472 2218 764 2288 ὲπίμεστον
809 2218 1059 2289 ἀληθῶς,
1104 2218 1167 2271 τὸ
1201 2216 1343 2271 οὕτω
1384 2220 1600 2289 φρονεῖν
1634 2219 1666 2288 ἢ
1706 2217 1794 2270 λέ-

210 2320 340 2371 γειν
362 2322 375 2334 σ
407 2306 632 2369 εἰκότως
662 2300 755 2359 οῦν
782 2308 869 2359 ἐπ’
897 2306 1047 2377 αὐτῷ
1075 2304 1142 2377 δὴ
1163 2307 1338 2378 τούτῳ
1367 2308 1590 2376 γέγονεν
1614 2308 1642 2360 ὁ
1672 2325 1799 2377 προ-

212 2394 471 2463 κείμενος
504 2396 971 2466 ἀναθεματισμός.

654 2506 1247 2559 ΔΝΑΘΕΜΑΤΙΣΜΟΣ
1285 2507 1359 2559 Z'.

286 2619 357 2672 Εῐ
394 2618 477 2682 τίς
511 2636 676 2688 φησιν
723 2619 799 2683 ὡς
838 2619 1125 2690 ἄνθρωπον
1172 2620 1513 2692 ὲνηργῆσθαι
1559 2620 1665 2673 ὑπὸ
1702 2617 1794 2674 τοῦ

210 2710 351 2762 Θεοῦ
396 2710 569 2777 Λόγου
607 2710 700 2762 τὸν
755 2710 985 2782 Ἰησοῦν,
1037 2715 1130 2765 καὶ
1179 2713 1279 2783 τὴν
1317 2712 1411 2766 τοῦ
1461 2712 1801 2781 Μονογενοῦς

210 2802 463 2868 εὐδοξίαν
491 2802 789 2873 περιῆφθαι
817 2804 894 2868 ὼς
923 2803 1094 2875 ἑτέρῳ
1121 2806 1249 2875 παρ’
1274 2805 1435 2859 αὐτὸν
1465 2804 1760 2875 ὑπάρχοντι
1784 2844 1798 2871 ,

210 2894 475 2963 ἀνάθεμα
508 2894 671 2948 ἔστω.

802 3012 1106 3076 Ἐπίλυσις
1145 3012 1209 3073 ζ’.

286 3127 427 3179 Ὅτε
461 3126 559 3197 τὴν
594 3127 733 3181 κατὰ
763 3127 942 3200 σάρκα
982 3129 1233 3199 γέννησιν
1258 3130 1352 3183 τοῦ
1386 3129 1517 3183 Υἰοῦ
1551 3126 1643 3184 τοῦ
1669 3128 1804 3182 Θεοῦ

1898 1955 2005 1994 non
2052 1942 2144 2005 sit,
2198 1940 2575 1997 universorum
2616 1942 2880 1999 Dominus
2920 1951 3003 1997 est
3048 1950 3153 1997 :at
3202 1956 3336 1996 vero
3391 1942 3475 1995 sui

1898 2030 2070 2099 ipsius
2119 2046 2217 2086 nec
2252 2030 2412 2097 Deus,
2469 2046 2569 2087 nec
2599 2033 2856 2088 dominus
2886 2042 2969 2088 est
2999 2050 3014 2087 :
3046 2032 3150 2088 hoc
3192 2032 3337 2087 enim
3388 2031 3477 2085 ab-

1897 2120 2277 2177 surdissimum
2310 2133 2414 2189 est,
2464 2123 2575 2177 imo
2604 2122 2789 2193 potius
2835 2124 2986 2179 omni
3020 2123 3302 2193 impietate
3346 2136 3481 2177 vero

1898 2212 2137 2281 plenum,
2181 2214 2225 2267 si
2272 2214 2347 2267 ita
2394 2214 2601 2269 sentias
2647 2223 2742 2269 aut
2799 2215 2969 2271 dicas.
3024 2214 3216 2271 Merito
3253 2213 3483 2285 proinde

1900 2312 2089 2358 contra
2147 2306 2249 2361 hoc
2301 2306 2476 2375 ipsum
2530 2320 2773 2375 presens
2825 2308 3320 2365 anathematismus
3363 2316 3479 2363 sta-

1900 2396 2067 2448 tuitur

2198 2507 2355 2579 153
2382 2508 3025 2568 ANATHEMATISMUS
3063 2509 3180 2567 Vi].

1974 2622 2031 2679 Si
2073 2622 2197 2693 quis
2232 2620 2418 2677 Jesum
2468 2632 2722 2692 tanquam
2776 2624 3051 2680 hominem
3100 2639 3129 2679 a
3169 2624 3261 2680 Dei
3308 2624 3485 2679 Verbo

1902 2724 2161 2784 operante
2216 2724 2419 2769 motum
2463 2714 2756 2780 habuisse,
2814 2715 3203 2787 Unigenitique
3248 2716 3479 2787 gloriam

1904 2807 2001 2873 illi,
2043 2816 2303 2878 tanquam
2344 2808 2502 2863 alteri
2546 2808 2780 2878 cuipiam
2817 2810 2884 2863 ab
2916 2808 3034 2879 ipso
3063 2804 3264 2875 Verbo,
3314 2809 3486 2863 adve-

1906 2900 2051 2955 nisse
2081 2899 2302 2963 dixerit,
2339 2900 2630 2955 anathema
2662 2901 2751 2955 sit.

2404 3014 2709 3069 Declaratio
2742 3016 2987 3085 septima.

1981 3128 2116 3185 Cum
2161 3130 2352 3185 beatus
2393 3128 2611 3185 Gabriel
2652 3128 2913 3198 unigeniti
2970 3127 3092 3184 Filii
3126 3128 3218 3185 Dei
3254 3143 3492 3199 genera-

211 3216 310 3268 τοῦ
369 3217 696 3285 μονογενοῦς
744 3217 1130 3288 εὐηγγελίζετο
1176 3220 1242 3289 τῇ
1290 3217 1422 3289 ἁγίᾳ
1466 3216 1728 3288 Παρθένῳ
1774 3217 1800 3267 6

1909 3220 2110 3276 tionem
2152 3220 2446 3277 secundum
2475 3236 2696 3275 carnem
2735 3229 2936 3277 sancta!
2964 3220 3161 3289 virgini
3201 3221 3493 3276 annuntia-

220 3308 499 3378 μακάριος
527 3305 769 3380 Γαϐριὴλ
788 3326 800 3336 ’
827 3309 1019 3380 «Τέξῃ,
1051 3309 1235 3378 φησὶν,
1266 3310 1399 3373 υἱὸν,
1433 3309 1525 3361 καὶ
1552 3307 1803 3371 καλέσεις

217 3398 278 3450 τὸ
310 3396 492 3467 ὄνομα
532 3398 699 3451 αὐτοῦ
744 3399 951 3469 Ἰησοῦν
972 3418 985 3429 ·
1020 3400 1181 3461 αὐτὸς
1213 3400 1322 3471 γὰρ
1354 3401 1515 3452 σώσει
1549 3400 1640 3453 τὸν
1676 3398 1805 3453 λαὸν

220 3486 392 3540 αὐτοῦ
442 3489 551 3541 ἀπὸ
594 3488 703 3542 τῶν
742 3490 1031 3561 ἁμαρτιῶν
1086 3491 1285 3545 αὐτῶν.
1322 3511 1337 3541 ι
1387 3491 1713 3561 Ὠνόμασται
1749 3490 1805 3543 δὲ

219 3582 314 3633 καὶ
343 3580 585 3651 Χριστὸς
606 3621 619 3642 ,
652 3580 737 3633 διὰ
777 3580 837 3633 τὸ
868 3580 1156 3651 κεχρίσοαι
1187 3581 1305 3650 μεθ’
1338 3582 1497 3651 ἡμῶν
1526 3581 1803 3652 ἀνθρωπί-

215 3689 353 3736 νως,
386 3672 530 3724 κατά
568 3672 667 3742 τὴν
698 3671 794 3724 τοῦ
819 3672 1129 3736 Ψάλλοντος
1170 3673 1382 3742 φωνήνο
1420 3692 1439 3725 ι
1486 3671 1807 3740 Ἠγάπησας

215 3761 600 3833 δικαιοσύνην,
623 3764 716 3816 καὶ
739 3765 1007 3835 ἐμίσησας
1032 3764 1264 3834 ἀνομίαν
1286 3782 1297 3793 ’
1325 3764 1413 3817 διὰ
1432 3762 1592 3815 τοῦτο
1622 3763 1808 3834 ἔχρισὲ

218 3871 280 3907 σε
309 3854 341 3906 6
378 3853 534 3917 Θεὸς,
564 3857 591 3908 6
614 3854 748 3917 Θεός
776 3871 891 3919 σου,
911 3855 1059 3909 ἔλεον
1109 3854 1480 3923 ἀγαλλιάσεως
1509 3852 1658 3922 παρὰ
1683 3854 1809 3915 τοὺς

220 3945 496 4017 μετόχους
539 3963 653 4000 σου.
690 3964 708 3999 ι
770 3948 963 4000 Καίτοι
1016 3946 1126 4018 γὰρ
1200 3947 1464 4016 ὑπάρχων
1509 3944 1671 4007 αὐτὸς
1711 3943 1806 3997 τοῦ

219 4038 381 4105 ἁγίου
410 4038 731 4108 Πνεύματος
758 4039 1015 4110 χορηγὸς,
1047 4040 1140 4092 καὶ
1165 4038 1264 4090 οὐκ
1309 4039 1372 4090 ὲκ
1408 4036 1607 4107 μέτρου
1634 4035 1810 4099 διδοὺς

215 4133 334 4194 τοῖς
363 4129 544 4194 ἀξίοις
568 4130 724 4184 αὑτό’
758 4132 971 4203 πλήρης
1000 4132 1107 4204 γάρ
1134 4133 1269 4193 ἐστι,
1303 4149 1320 4179 ι
1349 4130 1443 4183 καὶ
1466 4129 1532 4182 ὲκ
1558 4128 1653 4181 τοῦ
1680 4128 1810 4198 πλη-

219 4222 485 4295 ρώματος
530 4221 699 4276 αὐτοῦ
747 4225 910 4294 ἡμεῖς
942 4225 1141 4287 πάντες
1175 4222 1464 4293 ἐλάϐομεν,
1502 4242 1519 4274 ι
1568 4220 1710 4275 κατά
1749 4221 1813 4275 τὸ

217 4314 639 4386 γεγραμμένον
680 4316 1041 4386 οἰκονομικῶς
1084 4317 1160 4379 ὼς
1198 4314 1481 4387 ἄνθρωπος
1522 4314 1812 4386 κεχρῖσθαι

216 4406 472 4474 λέγεται,
517 4406 744 4477 νοητῶς.
774 4408 870 4460 καὶ¹
921 4408 1021 4460 οὐκ
1050 4407 1409 4478 ἀνθρωπίνως
1434 4405 1813 4470 καταπτάντος

216 4498 307 4551 ἐπ’
356 4498 534 4552 αὐτὸν
565 4497 662 4552 τοῦ
708 4497 868 4567 ἁγίου
918 4499 1238 4569 Πνεῦματος
1264 4539 1278 4563 ,
1314 4498 1402 4551 ἵνα
1440 4498 1535 4552 καὶ
1584 4500 1642 4551 ὲν
1680 4500 1813 4569 ἡμῖν

1909 3322 2033 3367 ret:
2071 3331 2088 3364 ι
2123 3311 2346 3377 Paries,
2396 3313 2612 3377 aiebat,
2666 3313 2868 3379 ﬁlium,
2917 3321 2973 3369 et
3027 3312 3250 3368 vocabis
3293 3328 3495 3368 nomen

1907 3404 2024 3474 ejus
2048 3402 2254 3462 Jesum.
2299 3403 2419 3475 Ipse
2448 3406 2594 3461 enim
2619 3404 2827 3459 salvum
2859 3404 3023 3460 faciet
3048 3404 3302 3475 populum
3330 3419 3487 3459 suum

1908 3512 1936 3549 a
1965 3495 2202 3562 peccatis
2230 3508 2415 3549 eorum
2442 3496 2509 3549 ".
2546 3512 2565 3545 ι
2600 3493 2923 3549 Nominatus
2949 3503 3129 3549 autem
3157 3503 3213 3548 et
3238 3492 3495 3548 Christus

1908 3598 1991 3641 est
2018 3588 2085 3650 ",
2138 3594 2430 3657 propterea
2463 3586 2609 3656 quod
2643 3588 2943 3643 secundum
2989 3585 3280 3640 humanam
3324 3594 3484 3640 natu-

1912 3693 2025 3731 ram
2069 3677 2349 3732 nobiscum
2407 3686 2605 3733 unctus
2650 3676 2935 3745 est,tjuxta
2976 3675 3106 3730 illud
3135 3675 3486 3732 Psalmistre:

1916 3785 1935 3818 ι
1973 3768 2214 3822 Dilexisti
2255 3766 2551 3837 justitiam,
2607 3776 2662 3821 et
2709 3766 2870 3821 odisti
2917 3764 3261 3835 iniquitatem
3302 3782 3317 3819 :
3362 3778 3491 3834 pro—

1912 3868 2097 3927 pterea
2145 3857 2302 3912 unxit
2336 3864 2391 3912 te
2434 3856 2598 3919 Deus,
2638 3857 2781 3911 Deus
2807 3864 2932 3912 tuus
2960 3855 3083 3911 oleo
3109 3853 3495 3910 exsultationis

1912 3967 2023 4019 prae
2057 3948 2405 4005 consortibus
2439 3948 2548 4003 tuis
2574 3948 2641 4003 ’⁸.
2678 3966 2697 3999 ι
2736 3946 2997 4013 Quamvis
3027 3945 3172 4001 enim
3201 3943 3290 3998 ille
3324 3943 3493 4014 Spiri-

1917 4051 2027 4097 tum
2060 4050 2307 4097 sanctum
2336 4041 2603 4112 largiatur
2627 4041 2696 4105 ",
2726 4053 2901 4110 neque
2930 4040 2998 4094 ad
3034 4053 3348 4094 mensuram
3381 4037 3485 4100 his,

1915 4137 2007 4206 qui
2039 4136 2186 4206 digni
2256 4145 2404 4200 sunt,
2459 4148 2582 4190 eum
2631 4132 2892 4202 largiatur
2938 4130 3045 4202 (est
3081 4130 3226 4187 enim
3276 4128 3489 4199 plenus,

1922 4248 1942 4282 ι
1973 4238 2029 4285 et
2073 4231 2141 4285 de
2166 4228 2502 4299 plenitudine
2532 4226 2648 4295 ejus
2679 4240 2776 4280 nos
2808 4237 3002 4280 omnes
3029 4222 3337 4292 accepimus
3358 4221 3428 4285 ",
3466 4240 3483 4272 ι

1918 4320 2063 4377 sicut
2107 4320 2370 4390 scriptum
2432 4316 2591 4388 est);
2640 4324 2883 4370 attamen
2920 4324 2983 4369 ut
3030 4314 3191 4368 homo
3236 4320 3339 4379 est,
3382 4312 3493 4365 dis-

1916 4411 2227 4482 pensatorie
2263 4418 2457 4465 unctus
2492 4407 2711 4474 dicitur,
2759 4404 3097 4476 spiritaliter,
3135 4411 3191 4458 et
3234 4416 3341 4456 non
3392 4400 3497 4454 hu-

1920 4513 2085 4555 mano
2111 4512 2285 4563 more,
2319 4495 2604 4553 devolante
2628 4508 2793 4564 super
2827 4494 3001 4563 ipsum
3043 4490 3248 4561 Spiritu
3282 4498 3491 4551 sancto.

217 4585 571 4662 καταμείνῃ,
621 4590 800 4644 καίτοι
863 4590 955 4644 διὰ
1016 4568 1117 4662 τήν
1158 4593 1217 4644 ὲν
1278 4592 1452 4662 ’Δδάμ
1493 4590 1800 4661 παράϐασιι

1918 4599 1977 4645 ut
2008 4597 2227 4645 maneat
2272 4587 2329 4642 in
2366 4586 2528 4642 nobis
2562 4584 2751 4649 etiam,
2798 4600 2827 4637 a
2877 4582 3079 4653 quibus
3108 4589 3327 4651 propter
3368 4578 3499 4633 Adae

214 4682 610 4753 άποφοιτῆσαν
651 4684 712 4736 ἐν
740 4683 957 4753 ἀρχαῖς.
982 4682 1154 4746 Αὐτὸς
1184 4678 1279 4736 οὖν
1321 4684 1350 4735 6
1388 4680 1678 4753 μονογενὴς
1714 4680 1800 4734 τοῦ

1922 4677 2415 4751 transgressionem
2443 4675 2597 4729 initio
2624 4682 2945 4729 recesserat.
2979 4668 3358 4739 lpsumitaqne
3374 4664 3498 4720 uni-

215 4774 355 4828 Θεοῦ
384 4775 566 4843 Λόγος
604 4774 743 4846 σὰρξ
782 4775 1092 4844 γενόμενος,
1126 4774 1387 4845 κέκληται
1424 4773 1690 4844 Χριστόςο
1720 4771 1800 4825 καπ

1922 4772 2163 4843 genitum
2195 4769 2289 4825 Dei
2323 4766 2557 4823 Verbum
2593 4765 2936 4820 incarnatnm
2977 4761 3229 4816 Christus
3260 4757 3499 4827 appella-

220 4868 317 4937 τὴν
366 4866 497 4937 Θεῷ
528 4868 849 4938 πρέπουσαν
888 4865 1119 4936 δύναμιν
1154 4865 1290 4919 ἰδίαν
1317 4865 1479 4936 ἔχων.
1529 4861 1800 4934 είργάζετε

1924 4873 2035 4918 ιυηι
2083 4871 2168 4920 est
2196 4881 2211 4916 :
2241 4870 2296 4918 et
2336 4875 2459 4916 cum
2503 4856 2776 4928 propriam
2813 4854 3108 4925 potentiam
3159 4851 3356 4905 habeat
3388 4848 3504 4902 Deo

219 4958 539 5030 παράδοξα.
582 4960 644 5011 Oi
679 4958 859 5011 τοίνυν
885 4958 1134 5026 λέγοντες
1163 4962 1229 5030 τῇ
1262 4957 1501 5029 Χριστοῦ
1529 4954 1800 5027 δυναστείς

1928 4954 2167 5024 dignam,
2216 4950 2462 5006 miranda
2509 4956 2791 5017 operatum
2831 4953 2934 5000 est.
2968 4943 3071 5009 Qui
3126 4956 3257 5012 ergo
3295 4939 3498 4997 Christi

218 5048 317 5119 τὴν
344 5048 450 5102 τοῦ
490 5048 839 5118 Μονογενοῦς
893 5049 1137 5115 εὐδοξίαν
1170 5049 1495 5121 περιῆφθαι,
1546 5048 1622 5112 ὡς
1667 5048 1800 5106 ὅντα

1926 5044 2183 5115 potentiae
2220 5041 2481 5112 unigeniti
2509 5039 2736 5111 gloriam
2770 5036 3073 5093 accessisse
3106 5034 3315 5099 dicunt,
3346 5032 3500 5103 quasi

220 5140 420 5211 ἑτέρου
449 5138 547 5194 τοῦ
572 5140 923 5208 Μονογενοῦς
957 5142 1108 5213 παρὰ
1151 5142 1241 5195 τὸν
1274 5140 1530 5212 Χριστὸν,
1558 5139 1653 5193 δύο
1685 5157 1792 5209 φρο

1928 5135 2239 5205 unigenitus
2269 5134 2409 5189 alter
2437 5133 2510 5187 sit
2545 5147 2575 5186 a
2603 5130 2844 5196 Christo,
2881 5129 3017 5184 duos
3055 5126 3197 5182 ﬁlios
3218 5141 3343 5182 esse
3373 5140 3502 5180 seu—

227 5233 411 5286 ιοῦσιν
440 5233 623 5297 υἱούς⁹
670 5236 765 5287 καὶ
795 5234 884 5287 τὸν
943 5236 1042 5304 μὲν
1080 5233 1427 5305 ἐνεργοῦντα,
1458 5234 1548 5287 τὸν
1586 5234 1642 5287 δὲ
1669 5234 1800 5303 ὲνερ

1931 5230 2106 5293 tiuut,
2152 5225 2385 5280 alterum
2438 5223 2654 5292 quidem
2698 5230 3049 5291 operantem;
3101 5218 3328 5275 alterum
3377 5230 3507 5271 vero

234 5324 319 5391 (οὐ
330 5341 501 5394 μενον
544 5324 621 5389 ὡς
647 5323 936 5396 ἄνθρωπον
966 5326 1063 5379 ἕνα
1093 5326 1201 5378 τῶν
1236 5325 1360 5379 καθ’
1387 5327 1534 5396 ἡμᾶς
1553 5342 1565 5354 ·
1622 5323 1800 5394 ταύτῃ

1932 5320 2156 5375 alterius
2196 5317 2270 5380 vi,
2314 5327 2570 5385 tanquam
2605 5314 2875 5370 hominem
2920 5312 3075 5366 nobis
3103 5308 3360 5372 similem,
3404 5305 3505 5361 im-

294 5502 342 5533 ”
373 5502 617 5574 Philipp.
642 5518 703 5570 It,
738 5502 826 5558 10.
906 5503 950 5535 ³³
977 5503 1107 5559 Luc.
1142 5520 1176 5569 ι,
1210 5504 1298 5558 31.
1378 5504 1423 5534 “
1446 5501 1633 5557 Matth.
1664 5517 1703 5565 ι,
1738 5500 1800 5553 ‘2]

1907 5500 1955 5531 ”
1977 5496 2119 5552 Psal.
2156 5511 2304 5561 κων,
2335 5496 2387 5549 8.
2465 5494 2684 5551 “Joan.
2724 5493 2777 5559 5,
2815 5494 2904 5548 54.
2985 5493 3025 5524 ⁸⁷
3052 5490 3207 5547 Joan.
3240 5506 3279 5555 l,
3311 5488 3393 5544 16.

1295 5662 1468 5718 Varia:
1494 5659 1753 5717 lectiones
1780 5673 1847 5714 ex
1873 5658 2059 5714 codice
2085 5656 2456 5726 Seguieriano.

302 5825 334 5869 1
364 5815 652 5887 συνάρχει.
