4088 6460
584 390 690 442 307

1610 385 1672 441 S.
1711 384 1984 441 CYBIBLI
2024 382 2491 440 ALEXANDRINI
2530 381 2852 438 ARCHIEP.

3747 374 3851 430 308

585 504 830 573 pulsum;
888 504 940 560 in
1007 502 1169 576 huius
1238 505 1675 563 auathematismi
1738 521 1951 562 umnam
2024 507 2159 562 inci-

2273 525 2341 560 τοι
2402 506 2494 559 καὶ
2550 502 2914 574 ὑποφέρονται
2974 503 3041 572 τῇ
3090 500 3316 571 δυνάμει
3369 498 3464 553 τοῦ
3519 497 3852 567 ἀναθεματιο

583 594 739 651 dunt.

966 708 1605 766 ANATHEMATISMIIS
1648 708 1778 763 VIII.

660 820 717 875 Si
753 821 874 890 quis
912 822 1096 877 dicere
1127 823 1310 887 audet,
1364 823 1639 878 hominem
1679 830 2013 890 assumptum
2056 835 2164 875 una

588 927 712 968 cum
760 913 852 967 Dei
900 912 1075 968 Verbo
1115 915 1473 980 adorandum,
1527 923 1583 969 et
1624 913 2161 984 conglorilicaudum,

588 1014 643 1058 et
674 1002 866 1069 Deum,
916 1013 1171 1074 tanquam
1213 1006 1447 1060 alterum
1483 1021 1605 1060 cum
1650 1005 1842 1067 altero.
1876 1004 2163 1059 connomi-

591 1096 824 1150 nandum
887 1110 1007 1152 esse
1042 1097 1209 1163 (hunc
1261 1097 1408 1152 enim
1468 1096 1803 1153 intellectum
1855 1094 2161 1165 particula,

590 1186 749 1250 Cum,
789 1187 1022 1257 adjecta,
1053 1197 1314 1257 perpetuo
1337 1203 1403 1243 ac
1434 1190 1749 1244 necessario
1775 1186 1951 1259 alfert)
1978 1196 2032 1242 et
2057 1200 2163 1242 non

592 1276 772 1346 potius
808 1292 912 1330 una
945 1278 1263 1333 adoratione
1288 1279 1693 1335 Emmanuelem
1721 1280 1971 1340 honorat,
2005 1277 2165 1349 154

593 1381 866 1437 unamque
914 1368 988 1423 illi
1054 1369 1505 1440 gloriﬁcationem
1563 1370 1849 1433 attribuit,
1897 1380 2165 1439 quatenus

591 1455 827 1513 Verbum
862 1458 1059 1514 factum
1086 1471 1167 1515 est
1198 1476 1325 1515 caro
1360 1478 1375 1514 :
1413 1462 1701 1516 anathema
1730 1461 1819 1515 sit.

1091 1571 1391 1626 Declaratt'o
1441 1584 1646 1626 octava.

661 1680 926 1751 Baptizati
962 1699 1149 1739 sumus
1183 1685 1233 1739 in
1269 1701 1432 1739 unum
1463 1686 1628 1740 Deum
1663 1683 1880 1741 Patrem
1916 1688 2163 1755 omnipo-

591 1784 817 1841 tentem,
869 1785 925 1829 et
969 1776 1022 1829 in
1075 1792 1241 1831 unum
1276 1776 1497 1843 Filium,
1544 1788 1600 1832 et
1644 1779 1697 1831 in
1741 1794 1905 1833 unum
1950 1794 2165 1847 quoque

592 1865 854 1935 Spiritum
902 1877 1174 1923 sanctum.
1237 1887 1257 1921 ι
1287 1870 1365 1923 An
1398 1868 1660 1939 ignoratis
1685 1910 1701 1933 ,
1747 1871 1943 1925 fratres
1968 1911 1982 1934 ,
2023 1888 2040 1920 ι
2089 1870 2165 1924 ait

2271 618 2431 653 CLLO'J.

2348 618 2431 653 ου.

2308 618 2345 671 μ
2695 705 3289 762 ΔΝΑΘΕΜΑΤΙΣΜΟΣ
3326 706 3406 759 Π’.

2342 824 2410 878 EI’
2452 842 2535 888 τις
2580 823 2755 894 τολμᾷ
2795 820 2978 889 λέγειν
3010 820 3100 874 τὸν
3139 815 3522 887 ἀναληφθέντα
3565 810 3852 881 ἄνθρωπον

2272 916 2806 989 συμπροσκυνεῖσθαι
2852 916 2963 968 δεῖν
3002 911 3080 984 τῷ
3105 910 3224 981 Θεῷ
3248 910 3435 980 Λόγῳ,
3466 906 3564 961 καὶ
3591 902 3851 966 συνδοξᾱι-

2272 1010 2482 1074 ζεσθαι,
2501 1009 2595 1062 καὶ
2626 1006 3094 1078 συγχρηματίζειν
3111 1014 3132 1041 ι
3158 1002 3313 1065 Θεὸν,
3328 1002 3404 1063 ὼς
3423 1000 3613 1069 ἕτερον
3641 996 3816 1065 ἑτέρῳ
3835 1012 3847 1023 ·

2270 1102 2333 1155 τὸ
2357 1100 2488 1172 γὰρ,
2523 1100 2649 1166 Σύν,
2681 1100 2770 1153 ἀεὶ
2799 1097 3229 1168 προστιθέμενον
3252 1094 3413 1147 τοῦτο
3436 1093 3578 1146 νοεῖν
3602 1088 3848 1154 ἀναγκά-

2273 1211 2352 1247 σει
2373 1210 2386 1222 ⁸
2422 1192 2517 1246 καὶ
2550 1192 2672 1263 οὑχὶ
2699 1192 2763 1261 δὴ
2806 1190 3007 1260 μᾶλλον
3040 1191 3139 1259 μιᾷ
3175 1187 3552 1259 προσκυνήσει
3588 1183 3732 1252 τιμᾷ
3760 1180 3849 1233 τὸν

2284 1282 2669 1355 Ἐμμανουήλ,
2719 1283 2812 1335 καὶ
2860 1281 2991 1351 μίαν
3046 1278 3197 1349 αὑτῷ
3236 1276 3337 1348 τὴν
3383 1273 3681 1346 ὁμολογίαν
3727 1287 3847 1323 συν·

2272 1376 2435 1431 ἅπτει
2466 1387 2516 1441 ﬂ,
2545 1373 2680 1428 καθὸ
2706 1374 2895 1442 γέγονε
2932 1368 3067 1443 σὰρξ
3094 1372 3122 1423 ό
3156 1369 3329 1437 Λόγος
3350 1384 3363 1397 ⁸
3400 1365 3652 1435 ἀνάθεμα
3687 1363 3847 1417 ἔστω.

2846 1574 3159 1639 Ἐπίλυσις
3212 1577 3282 1637 η’.

2342 1691 2437 1753 Εἰς
2465 1691 2562 1743 ἕνα
2597 1688 2750 1751 Θεὸν,
2780 1686 3001 1756 Πατέρα
3029 1684 3469 1753 παντοκράτορα,
3505 1679 3600 1733 καὶ
3636 1680 3719 1741 εἰς
3757 1677 3846 1730 ἕνα

2273 1781 2436 1845 Υίὸν,
2500 1779 2595 1833 καὶ
2644 1779 2751 1849 μὴν
2805 1778 2898 1831 καὶ
2932 1777 3009 1839 είς
3051 1776 3107 1827 ἒν
3137 1773 3361 1845 Πνεῦμα
3396 1772 3550 1840 ἆγιον
3589 1769 3846 1838 βεϐαπτί-

2273 1874 2480 1943 σμεθα⁸
2539 1867 2660 1924 εἶτά
2729 1886 2892 1939 φησιν
2963 1868 2992 1919 ὁ
3062 1866 3330 1937 μακάριος
3378 1861 3629 1925 Παῦλος,
3684 1879 3702 1911 ι
3738 1860 3847 1913 Οὑκ

588 1955 783 2011 beatus
806 1956 1028 2023 Paulus,
1060 1975 1080 2010 ι
1110 1959 1231 2027 quia
1269 1959 1583 2029 quicunque
1612 1962 1663 2013 in
1681 1959 1955 2013 Christum
1978 1957 2165 2013 Iesum

2273 1964 2481 2027 οἴδατε,
2539 1965 2623 2016 ὅτι
2683 1962 2797 2015 ὅσοι
2854 1962 2935 2022 εἰς
2987 1956 3220 2028 Χριστὸν
3270 1953 3716 2023 ἐϐαπτίσθημεν,
3774 1952 3846 2012 εἰς

587 2046 853 2114 baptizati
887 2062 1097 2113 sumus,
1128 2048 1183 2103 in
1212 2060 1443 2105 mortem
1470 2051 1636 2120 ipsius
1662 2050 1919 2119 baptizati
1942 2050 2166 2107 sumus?

588 2135 902 2206 Consepulti
935 2153 1063 2210 ergo
1097 2153 1286 2195 sumus
1307 2154 1432 2195 cum
1481 2140 1576 2196 illo
1612 2156 1707 2211 per
1740 2142 2066 2209 baptismum
2110 2142 2163 2195 in

587 2238 859 2295 mortem;
901 2238 954 2284 ut
992 2233 1264 2298 quomodo
1291 2233 1547 2289 Christus
1589 2234 1829 2288 surrexit
1863 2248 1893 2286 a
1939 2232 2165 2287 mortuis

588 2332 687 2387 per
711 2320 939 2390 gloriam
968 2321 1168 2387 Patris,
1200 2326 1272 2379 ita
1306 2334 1363 2379 et
1407 2340 1504 2380 nos
1534 2325 1587 2379 in
1631 2326 1869 2380 novitate
1902 2326 2022 2379 vitae
2051 2341 2163 2378 am-

589 2411 924 2466 bulemus".
956 2431 975 2465 ι
1007 2413 1349 2469 Credidimus
1376 2414 1578 2484 itaque,
1614 2424 1671 2469 et
1695 2413 1953 2484 baptizati
1980 2430 2167 2468 sumus

592 2503 646 2555 in
679 2518 866 2567 unum,
895 2514 954 2558 ut
982 2504 1115 2571 dixi,
1144 2505 1338 2560 Filium
1375 2507 1659 2563 Dominum
1701 2518 1945 2561 nostrum
1980 2505 2163 2561 Jesum

590 2592 893 2659 Christum,
942 2595 1045 2649 hoc
1092 2604 1195 2660 est,
1235 2597 1607 2659 incarnatum,
1654 2597 2040 2665 hominemque
2081 2598 2162 2651 fa-

591 2697 740 2738 ctum
786 2681 1107 2742 Dei‘Patris
1162 2686 1445 2753 Verbum;
1489 2704 1765 2757 unumque
1810 2688 2164 2743 exsistentem

589 2787 645 2830 et
675 2776 841 2831 Deum
868 2777 1100 2833 adorare
1132 2780 1309 2834 edocti
1367 2795 1576 2845 sumus,
1606 2797 1671 2834 ac
1706 2795 1956 2849 supernae
1990 2780 2163 2834 virtu-

590 2876 673 2922 tes
721 2868 1022 2924 nobiscum.
1071 2870 1345 2941 Scriptum
1398 2883 1481 2927 est
1524 2873 1711 2927 enim:
1750 2891 1767 2925 ι
1798 2871 1933 2926 Cum
1983 2881 2165 2925 autem

588 2959 890 3015 introducit
932 2961 1359 3032 Primogenitum
1417 2964 1471 3019 in
1521 2965 1708 3019 orbem
1755 2973 1934 3029 Iern-:13,
1986 2963 2161 3017 dicit:

587 3049 657 3105 Et
690 3053 923 3106 adorent
970 3066 1093 3107 eum
1138 3069 1329 3110 omnes
1363 3055 1539 3123 angeli
1580 3055 1673 3109 Dei
1697 3054 1761 3106 '9.
1797 3072 1815 3105 ι
1853 3053 2049 3107 Factus
2083 3061 2166 3107 est

589 3154 772 3200 autem
802 3143 1126 3216 Unigenitus
1162 3146 1580 3216 primogenitus,
1617 3146 1832 3215 quando
1874 3146 2036 3200 homo
2068 3161 2164 3197 no-

591 3235 679 3292 bis
731 3236 927 3292 similis
978 3237 1270 3307 apparuit;
1303 3245 1432 3293 tunc
1490 3238 1634 3292 enim
1687 3238 1898 3293 illorum
1948 3252 2163 3305 quoque

588 3325 763 3383 frater
811 3327 1119 3399 appellatus
1153 3339 1258 3394 est,
1306 3330 1397 3399 qui
1451 3330 1598 3385 illum
1645 3330 1897 3399 diligunt.
1942 3329 1999 3383 Si
2050 3310 2239 3397 quisC

586 3433 719 3490 ergo
742 3419 890 3473 illum
927 3419 1088 3474 simul
1138 3421 1353 3475 adorari
1400 3421 1552 3485 dicit,
1595 3427 1848 3490 tanquam
1894 3419 2168 3473 hominem

587 3521 858 3573 seorsum,
913 3524 1037 3563 cum
1086 3509 1177 3565 Dei
1238 3511 1416 3566 Patris
1450 3508 1626 3567 Verbo
1681 3520 1934 3580 tanquam
1996 3511 2171 3564 altero

590 3598 660 3653 ab
694 3599 832 3668 ipso,
859 3608 913 3653 et
942 3615 1050 3654 non
1103 3602 1405 3655 secundum
1431 3615 1615 3655 veram
1654 3600 1909 3654 unionem
1940 3598 2171 3669 conjun-

590 3702 723 3759 gens
769 3687 825 3743 in
869 3703 1034 3743 unum
1080 3688 1357 3744 Christum
1404 3698 1460 3744 et
1510 3687 1704 3743 Filium
1760 3699 1815 3743 et
1858 3689 2169 3751 Dominum,

590 3793 699 3834 una
750 3778 1072 3835 adoratione
1118 3780 1370 3849 honorat,
1411 3779 1560 3851 iuste
1605 3781 1791 3836 virtuti
1833 3780 1993 3852 hujus
2035 3796 2168 3835 ana-

591 3871 922 3928 thematismi
957 3873 1265 3944 subjicitur.

986 3986 1628 4045 ANATHEMATISMUS
1668 3988 1761 4043 IX.

661 4094 721 4152 Si
754 4098 877 4168 quis
923 4114 1088 4152 unum
1119 4099 1404 4154 Dominum
1429 4098 1611 4153 Iesum
1647 4097 1930 4154 Chrismm
1983 4115 2013 4152 a
2041 4100 2159 4167 Spi'

595 4191 705 4247 ritu
750 4192 1111 4247 clariﬁcatum
1162 4192 1398 4256 dixerit,
1451 4192 1669 4261 propria
1710 4193 1909 4246 virtute
1956 4192 2125 4259 ipsius
2154 4236 2168 4258 ,

602 4290 859 4350 tanquam
902 4282 1081 4336 aliena
1117 4290 1393 4349 utentem;
1422 4297 1485 4337 ac
1517 4281 1625 4336 vim
1653 4290 1708 4337 et
1757 4281 2052 4337 etiicaciam
2102 4286 2170 4339 ab

600 4370 792 4427 eodem
841 4374 1139 4442 accepisse,
1192 4389 1296 4442 qua
1354 4382 1541 4428 contra
1591 4372 1901 4429 immundos
1946 4376 2170 4444 spiritus

598 4474 941 4536 operaretur,
982 4475 1037 4521 et
1066 4466 1251 4521 divina
1305 4466 1446 4521 inter
1489 4467 1735 4523 homines
1776 4468 2039 4525 miracula
2076 4485 2169 4540 pa-

597 4565 788 4622 traret,
841 4573 905 4612 ac
956 4573 1063 4613 non
1094 4559 1272 4628 potius
1319 4561 1492 4629 ipsum
1547 4558 1829 4628 Spiritum,
1882 4576 1980 4630 per
2008 4576 2167 4631 quem

2272 2055 2363 2108 τδν
2436 2055 2666 2107 θάνατον
2731 2052 2895 2106 αὑτοῦ
2958 2046 3401 2117 έόαπτίσθημενς
3460 2043 3847 2111 Συνετάφημεν

2273 2143 2367 2200 οὖν
2416 2144 2565 2216 αὑτῷ
2608 2144 2697 2197 διὰ
2726 2142 2819 2195 τοῦ
2855 2139 3232 2211 βαπτίσματος
3266 2135 3429 2190 αὑτοῦ
3461 2137 3541 2197 εἰς
3569 2133 3665 2186 τὸν
3696 2132 3846 2185 θάνα-

2272 2250 2395 2289 τον·
2429 2236 2516 2288 ἵνα
2558 2233 2745 2303 ὥσπερ
2770 2230 2983 2302 ἠγέρθη
3021 2226 3259 2299 Χριστός
3287 2226 3351 2278 ἐκ
3390 2223 3601 2293 νεκρῶν
3631 2221 3721 2276 διὰ
3757 2221 3845 2289 τῆς

2273 2327 2430 2398 δόξης
2454 2324 2549 2380 τοῦ
2581 2324 2817 2395 Πατρδς,
2837 2321 2980 2375 οὕτω
3002 2321 3095 2373 καὶ
3123 2320 3282 2389 ἡμεῖς
3304 2318 3361 2371 ὲν
3390 2315 3677 2383 καινότητι
3708 2312 3847 2381 ζωῆς

2278 2418 2767 2489 περιπατήσωμεν.
2794 2435 2812 2467 ι
2839 2411 3293 2481 Πεπιστεύκαμεν
3330 2408 3528 2471 τοίνυν,
3569 2406 3667 2459 καὶ
3693 2403 3847 2475 βεϐα-

2274 2508 2553 2579 πτίσμεθα
2580 2509 2661 2569 είς
2691 2507 2790 2560 ἕνα
2816 2544 2832 2569 ,
2864 2504 3116 2573 καθάπερ
3148 2500 3307 2571 ἔφην,
3346 2498 3476 2551 Υίὸν
3515 2497 3608 2549 τὸν
3648 2495 3847 2566 Κύριον

2274 2603 2429 2674 ἡμῶν
2466 2599 2674 2671 Ἰησοῦν
2706 2596 2962 2670 Χριστὸν,
3004 2594 3291 2657 τουτέστι,
3330 2586 3754 2661 σεσαρκωμὲνον
3792 2601 3847 2638 τε

2275 2697 2369 2749 καί
2394 2692 2891 2764 ὲνανθρωπήσαντα
2920 2688 3010 2742 τὸν
3043 2691 3107 2741 ὲκ
3128 2684 3264 2740 Θεοῦ
3295 2682 3509 2753 Πατρός
3536 2680 3731 2748 Λόγον,
3759 2678 3847 2731 ἕνα

2272 2806 2332 2842 τε
2378 2788 2508 2842 ὄντα
2560 2785 2744 2839 Θεδνιι
2795 2782 3120 2853 προσκυνεῖν
3165 2773 3544 2846 δεδιδάγμεθα,
3592 2774 3692 2825 καὶ
3734 2769 3847 2840 μεθ’

2275 2880 2434 2952 ἡμῶν
2460 2881 2514 2933 aI
2544 2878 2656 2932 ἄνω
2686 2876 2978 2946 δυνάμεις·
3008 2872 3322 2942 γέγραπται
3349 2867 3459 2938 γάρ
3478 2884 3492 2897 ⁸
3532 2884 3551 2917 ι
3585 2862 3850 2952 ’Ὅταν-ὑὲ

2274 2947 2602 3042 προσαγάγῃ
2619 2980 2641 3008 ο
2672 2966 2763 3019 τὸν
2789 2962 3135 3035 πρωτότοκον
3153 2961 3231 3023 είς
3256 2958 3353 3029 τὴν
3384 2953 3740 3023 οἰκουμένην,
3768 2947 3849 3042 λέ-

2273 3038 2392 3130 γει·
2439 3060 2550 3114 Καὶ
2577 3038 3118 3129 προσκυνησάτωσαν
3165 3046 3366 3103 αὑτδνά
3402 3046 3604 3105 πάντες
3633 3038 3848 3109 ἄγγελοι

2273 3152 2432 3207 Θεοῦ.
2460 3170 2477 3203 ι
2510 3151 2708 3219 Γέγονε
2740 3149 2799 3201 δὲ
2826 3145 3173 3217 πρωτότοκος
3195 3143 3223 3195 ό
3254 3135 3684 3206 Μονογενὴς,ὅτι
3711 3131 3804 3185 καὶ
3826 3142 3847 3170 ο

2275 3246 2562 3317 ἄνθρωπος
2598 3242 2806 3311 πέφηνε
2835 3238 2957 3293 καθ’
2986 3238 3131 3307 ἡμᾶς
3153 3250 3165 3262 ⁸
3213 3232 3335 3285 τότε
3368 3229 3475 3299 γὰρ
3502 3228 3597 3281 καὶ
3625 3224 3848 3293 ἀδελφὸς

2275 3337 2648 3410 κεχρημάτικε
2685 3334 2795 3388 τῶν
2831 3329 3171 3400 ἀγαπώντων
3216 3324 3399 3379 αὑτόν.
3460 3321 3526 3375 Εἴ
3549 3337 3634 3383 τις
3674 3318 3851 3410 τοίνυν

2276 3406 2874 3502 συμπροσκυνεῖσθαίί
2949 3437 3116 3491 φησιν
3173 3418 3247 3481 ὡς
3311 3414 3601 3502 ἄνθρωπον
3669 3406 3852 3502 ἰδικῷς

2273 3498 2488 3593 ἑτέριρϐ
2521 3519 2651 3590 παρ’
2694 3515 2858 3570 αὑτὸν
2905 3513 3203 3583 ὑπάρχοντι
3252 3506 3329 3576 τῷ
3362 3507 3424 3559 ἐκ
3466 3500 3604 3557 Θεοῦ
3636 3498 3850 3593 Πατρός

2274 3588 2454 3678 Λόγῴ,
2494 3588 2746 3674 καὶούχ).
2776 3600 2899 3655 καθ’
2939 3600 3134 3652 ἕνωσιν
3167 3594 3345 3664 ἀληθῆ
3386 3588 3730 3659 συνενεγκὼν
3774 3588 3849 3649 είς

2271 3697 2370 3752 ἕνα
2422 3695 2679 3768 Χριστὸν,
2735 3692 2828 3747 καὶ
2878 3690 3029 3755 Υἱὸν,
3087 3687 3183 3741 καὶ
3236 3684 3465 3755 Κύριον,
3534 3682 3635 3753 μιᾷ
3691 3692 3851 3768 προα-

2274 3764 2497 3861 κυνήσει
2527 3786 2699 3856 τιμᾷ,
2736 3781 3070 3851 ὑποφέρεται
3103 3774 3328 3839 δικαίως
3374 3776 3440 3845 τῇ
3487 3771 3720 3842 δυνάμει
3756 3764 3848 3820 τοῦ

2271 3875 2740 3950 ἀναθεματισμοῦ.

2699 3982 3289 4042 ΑΝΑΘΕΜΑΤΙΣΜΟΣ
3325 3978 3403 4036 6⁸.

2345 4108 2413 4161 Εἴ
2447 4122 2531 4169 τις
2567 4119 2723 4171 φησι,
2769 4100 2860 4153 τὸν
2889 4098 2987 4151 ἕνα
3019 4095 3225 4167 Κύριον
3262 4090 3466 4160 Ἰησοῦν
3500 4086 3737 4160 Χριστὸν
3771 4084 3849 4136 δο-

2275 4194 2576 4264 ξάξεσθαιὶ³
2612 4193 2765 4267 παρὰ
2797 4191 2893 4245 τοῦ
2924 4189 3246 4259 Πνεύματος
3265 4226 3279 4248 ,
3309 4185 3384 4247 ὡς
3410 4180 3666 4251 ἀλλοτρίᾳ
3689 4177 3848 4231 δυνά-

2278 4310 2368 4365 μει
2391 4295 2458 4362 τῇ
2492 4292 2597 4360 ἰδίᾳ
2624 4287 2789 4343 αὑτοῦ
2812 4284 3116 4357 χρώμενον,
3152 4281 3245 4334 καὶ
3265 4279 3395 4347 παρ’
3428 4274 3594 4365 αὑτοῦ
3618 4271 3849 4365 λαϐόντα

2272 4360 2335 4434 τὸ
2367 4360 2611 4449 ἐνεργεῖν
2659 4376 2920 4430 δύνασθαι
2951 4372 3094 4425 κατὰ
3138 4366 3469 4435 πνευμάτων
3500 4360 3848 4449 ἀκαθάρτων,

2274 4474 2369 4527 καὶ
2413 4446 2473 4524 τό
2499 4446 2739 4537 πληροῦν
2773 4466 2853 4528 εἰς
2881 4460 3199 4530 ἀνθρώπους
3241 4460 3338 4521 τὰς
3370 4452 3731 4524 θεοσημίαςί,
3756 4446 3850 4537 καλ

2274 4564 2395 4634 οὑχὶ
2424 4563 2489 4632 δὴ
2520 4532 2717 4631 μᾶλλον
2747 4556 2877 4609 ῐδιον
2909 4550 3075 4607 αὐτοῦ
3128 4550 3189 4603 τὸ
3234 4547 3461 4617 Πνεῦμά
3496 4561 3653 4613 φησι,
3687 4541 3754 4595 δι’
3788 4532 3848 4593 οῦ

592 4644 777 4699 divina
820 4646 975 4715 signa
1007 4648 1198 4715 edidit,
1229 4648 1373 4703 illius
1414 4649 1690 4717 proprium
1721 4664 1843 4706 esse
1885 4652 2167 4707 confessus

2277 4658 2371 4710 καὶ
2394 4654 2667 4724 ἐνήργησε
2697 4650 2795 4711 τὰς
2824 4646 3124 4717 θεοσημίας
3148 4642 3161 4691 i
3182 4660 3194 4674 ·
3231 4639 3483 4708 ἀνάθεμα
3510 4635 3673 4689 ἔστω.

591 4736 789 4794 fuerit:
819 4740 1110 4795 anathema
1140 4740 1230 4795 sit.

1133 4851 1432 4906 Declaratio
1463 4869 1621 4906 nona.

661 4959 731 5016 Et
757 4961 802 5016 si
833 4962 1169 5031 unigenitum
1213 4962 1305 5018 Dei
1338 4962 1570 5019 Verbum
1618 4964 1780 5018 homo
1813 4964 2012 5018 factum
2056 4974 2159 5028 est,

589 5052 787 5108 mansit
817 5062 995 5107 tamen
1050 5053 1190 5107 Deus
1224 5054 1407 5108 omnia
1443 5054 1599 5124 155
1623 5064 1816 5123 praeter
1854 5054 2023 5109 solam
2069 5069 2164 5124 p'a-

590 5141 904 5197 ternitatem
968 5157 1090 5195 cum
1143 5139 1307 5197 Patre
1350 5144 1659 5198 communia
1715 5144 1959 5199 habens:
1992 5144 2164 5215 Spiri-

592 5243 815 5301 tumque
848 5242 1121 5299 sanctum,
1156 5234 1247 5303 qui
1285 5248 1349 5287 ex
1385 5233 1505 5299 ipso
1528 5245 1630 5297 est,
1661 5236 1871 5305 ipsique
1894 5238 2162 5290 essentia-

590 5323 716 5381 liter
744 5323 908 5387 inest,
940 5324 1218 5394 proprium
1245 5325 1473 5390 habens,
1504 5326 1700 5381 divina:
1725 5326 1976 5395 potentia:
2012 5326 2165 5394 signa

657 5486 701 5516 "'
728 5485 886 5541 Rom.
912 5502 991 5549 vr,
1028 5486 1062 5539 3
1092 5501 1246 5557 seqq.
1323 5489 1367 5519 ²’
1393 5487 1557 5541 Hebr.
1590 5502 1631 5551 ι,
1661 5486 1715 5542 6.

2851 4847 3169 4910 Ἐπίλυσις
3209 4846 3278 4896 θ’.

2349 4967 2416 5018 ’Δ
2428 4965 2679 5035 νθρωπος
2712 4960 2951 5029 γεγονὼς
2984 4960 3013 5010 ὁ
3040 4954 3332 5027 μονογενὴς
3361 4952 3457 5006 τοῦ
3495 4950 3633 5004 Θεοῦ
3661 4949 3849 5016 Λόγος,

2273 5056 2666 5127 ἀπομεμένηκε
2703 5054 2795 5107 καὶ
2840 5052 2984 5105 οῦτω
3030 5048 3165 5113 Θεὸς
3187 5088 3201 5111 ,
3238 5046 3417 5099 πάντα
3456 5044 3719 5113 ὑπάρχων
3753 5040 3848 5092 ὅσα

2274 5151 2370 5204 καὶ
2402 5150 2431 5201 ὁ
2460 5148 2669 5217 Πατὴρ,
2702 5146 2825 5216 δίχα
2862 5144 3023 5214 μόνου
3045 5141 3137 5194 τοῦ
3162 5136 3303 5193 εἶναι
3339 5138 3529 5206 Πατήρ
3550 5153 3564 5164 ⁸
3600 5133 3695 5186 καὶ
3724 5132 3848 5184 ἴδιον

2273 5240 2415 5309 ἔχων
2460 5239 2520 5291 τὸ
2562 5237 2620 5301 ἐξ
2680 5235 2867 5299 αὑτοῦ,
2908 5235 3000 5288 καλ
3041 5230 3315 5293 οὑσιωδῶς
3346 5225 3664 5298 ἐμπεφυκὸς
3706 5222 3848 5290 αὑτῷ

2276 5330 2503 5399 Πνεῦμα
2531 5330 2706 5395 ἆγιον,
2734 5324 3023 5398 εἰργάζετο
3050 5325 3147 5387 τὰς
3172 5321 3467 5391 θεοσημὶας
3486 5324 3509 5358 ιι
3536 5334 3549 5347 ⁸
3593 5318 3733 5369 ὥστε
3760 5314 3849 5366 καὶ

1647 5622 1819 5678 Variae
1844 5625 2104 5679 lectiones
2134 5638 2201 5679 ex
2235 5639 2423 5680 cootce
2452 5626 2824 5696 Seguieriano.

665 5754 685 5782 ι
726 5742 1170 5814 συσχηματίζειν.

1251 5756 1276 5784 ι
1305 5741 1613 5813 δοξολογίαν
1640 5743 1893 5808 ἀνάπτει,
1919 5742 2073 5813 alias,
2102 5743 2461 5813 ἀναπέμπει,
2505 5743 2533 5784 ι)
2564 5745 2659 5796 καλ⁵
2687 5743 2838 5798 Θεόν.
2884 5812 2889 5813 ν

592 5816 706 5868 mi.
794 5815 811 5852 ί
849 5811 1297 5884 προσκυνεῖσθαι.
1365 5815 1388 5853 8
1422 5812 1513 5865 καὶ
1547 5812 1621 5877 ὡς
1652 5815 1841 5887 ἑτέρῳ.
1920 5811 1949 5852 δ
1976 5811 2308 5878 δεδοξάσθαι.
2394 5814 2411 5855 ί
2446 5812 2793 5885 θεοσημείας.
2878 5812 3254 5884 ἐθεοσημείας.

3394 5738 3418 5779 ά
3452 5734 3618 5804 αὐτῷ.
3717 5733 3842 5790 θὸτι

2947 5740 3286 5811 εείσαγάγῃ.
3394 5740 3418 5779 ἀ
3452 5740 3618 5804 αὑτῷ.
3717 5746 3735 5774 ε

2947 5812 3254 5877 εοσημείας.
3331 5811 3355 5850 ὶι
3390 5809 3735 5877 θεοσημείες.
