4088 6476
200 381 309 442 309

1235 369 1652 429 EXPLICATIO
1690 368 2047 430 DUODECIM
2089 373 2422 434 CAPITUM.

197 494 490 566 ἄνθρωπος
537 488 778 560 γεγονὼς
801 527 818 554 ,
868 486 1246 560 ἐπιμεμένηκε
1296 487 1390 544 καὶ
1433 488 1577 544 οὕτω
1610 486 1774 552 Θεός·

1898 494 2230 560 )perabatur.
2273 491 2458 559 Quare
2506 498 2859 561 posteaquam
2904 489 3065 545 homo
3110 488 3312 545 factum
3352 499 3459 558 est,
3516 529 3522 539 ,

196 588 343 641 ὥστε
375 584 483 656 ἰδία
507 582 832 653 δυνάμειοτῇ
860 580 947 635 διὰ
974 578 1070 634 τοῦ
1101 580 1419 652 Πνεύματος
1443 579 1685 651 ἐπλήρου
1712 579 1780 633 τὰ

196 677 479 745 θαύματα.
507 674 576 728 Οἱ
598 673 655 728 δέ
685 672 959 743 λέγοντες,
989 672 1065 736 ὡς
1097 671 1383 743 ἄνθρωπον
1414 671 1511 726 ἕνα
1538 670 1629 724 τὸν
1657 670 1778 723 καθ’

193 769 373 840 ἡμᾶς,
398 767 567 838 ἤγουν
590 762 699 817 τῶν
731 762 923 832 ἁγίων,
952 761 1265 829 δεδοξάσθαι
1298 760 1461 815 αὑτὸν
1487 762 1555 832 τῇ
1578 759 1666 815 διὰ
1684 757 1781 813 τοῦ

195 856 526 928 Πνεῦματος
573 852 844 925 ἐνεργείᾳ,
893 852 993 923 οὐχ
1045 851 1123 916 ὡς
1157 851 1263 922 ἰδίᾳ
1302 850 1525 922 μᾶλλον,
1559 850 1675 903 ἀλλ’
1705 848 1785 912 ὼς

195 950 482 1021 ἀλλοτρίᾳ,
531 947 627 1003 καὶ
676 947 738 1000 οὐ
782 946 1079 1017 θεοπρεπεῖ
1104 943 1410 1016 χρώμενον,
1456 943 1554 998 καὶ
1597 942 1675 1007 ὡς
1720 941 1785 995 ἐν

194 1046 426 1118 χάριτος
456 1042 614 1115 μέρει
660 1039 848 1095 λαϐεῖν
897 1037 1052 1111 παρὰ
1094 1036 1190 1090 τοῦ
1220 1035 1540 1106 Πνεύματος
1564 1032 1665 1104 τὴν
1702 1032 1785 1094 εἰς

194 1136 464 1209 οὐρανοὺς
488 1131 790 1205 ἀνάληψιν*
830 1129 1216 1184 ὑποκείσονται
1258 1124 1484 1188 δικαίως
1523 1124 1592 1176 τῆ
1621 1121 1785 1177 δυνά-

196 1244 295 1299 μει
322 1225 421 1280 τοῦ
453 1220 928 1296 ἀναθεματισμοῦ.

632 1360 1233 1418 ΑΝΑΘΕΜΔΤΙΣΜΟΣ
1266 1360 1321 1413 1’.

280 1498 574 1571 Ἀρχιερέα
599 1539 613 1563 ,
665 1498 760 1552 καλ⁵
805 1498 1105 1551 ἀπόστολον
1144 1494 1248 1565 τῆς
1280 1491 1573 1562 ὁμολογίας
1623 1488 1785 1561 ἡμῶν

193 1591 529 1663 γεγενῆσθαι
555 1589 790 1661 Χριστὸν
815 1591 849 1660 ἠ
880 1587 1001 1641 θεία
1026 1587 1178 1656 λέγει
1206 1584 1396 1657 Γραφὴ
1417 1600 1432 1615 ο
1477 1597 1785 1655 προσκεκο-

197 1680 427 1751 μικέναι
450 1681 508 1735 δὲ
534 1680 728 1735 ἑαυτὸν
758 1679 898 1749 ὑπὲρ
929 1677 1089 1749 ἡμῶν
1118 1678 1200 1741 είς
1226 1675 1405 1747 ὀσμὴν
1438 1672 1667 1739 εὐωδίας
1704 1671 1785 1743 τῷ

1885 581 2028 636 Deus
2079 581 2242 637 etiam
2287 581 2371 637 sic
2411 581 2750 651 permansit;
2788 587 2949 647 atque
2983 579 3059 632 ita
3113 578 3329 650 propria
3371 592 3469 647 per

1883 670 2149 744 Spiritum
2197 674 2399 729 virtute
2443 670 2706 727 miracula
2757 669 3029 740 patrabat.
3071 668 3171 735 Qui
3214 684 3346 724 vero
3387 669 3470 722 di-

1880 773 2033 831 cunt,
2062 764 2237 831 illum,
2271 773 2528 833 tanquam
2562 776 2731 818 unum
2764 760 3073 832 quempiam
3102 775 3134 816 e
3162 760 3339 825 nobis,
3368 759 3470 815 hoc

1880 862 1967 911 est
2013 867 2044 909 e
2092 853 2271 911 sancti
2317 852 2561 924 Spiritus
2599 852 2917 922 operatione
2963 848 3346 913 clariﬁcatum,
3379 864 3469 903 ea-

1882 956 2009 1014 que,
2041 958 2150 999 non
2197 953 2258 999 ut
2297 944 2546 1015 propria,
2593 942 2687 999 sed
2732 950 2991 1011 tanquam
3034 939 3232 1005 aliena,
3267 948 3323 994 et
3352 952 3472 1008 qua:

1883 1035 2055 1093 Deum
2095 1050 2205 1092 non
2265 1036 2484 1101 deceat,
2531 1051 2714 1101 usum,
2773 1048 2995 1090 necnon
3032 1034 3187 1104 quasi
3236 1031 3473 1103 Spiritus

1881 1126 2059 1197 gratia
2088 1127 2156 1181 ad
2202 1125 2375 1182 ctelos
2404 1141 2525 1182 esse
2560 1134 2904 1195 assumptum
2934 1140 2951 1180 :
2987 1124 3062 1178 illi
3100 1123 3306 1179 merito
3336 1138 3471 1177 ana-

1884 1216 2217 1273 thematismi
2252 1215 2411 1286 hujus
2442 1217 2632 1272 virtuti
2672 1215 3054 1286 subjacebunt.

2299 1346 2946 1404 ANATHEMATISMUS
2986 1348 3053 1402 Χ.

1956 1483 2323 1540 Confessionis
2368 1494 2565 1539 nostrae
2603 1484 2915 1555 pontificem
2956 1492 3010 1537 et
3037 1490 3341 1551 apostotum
3384 1487 3479 1536 la—

1886 1587 2037 1635 ctum
2085 1594 2210 1649 esse
2279 1577 2560 1634 Christum
2628 1576 2911 1647 Scriptura
2960 1575 3139 1631 divina
3198 1573 3357 1629 docet
3378 1573 3471 1627 “z

1885 1664 2147 1721 obtulisse
2169 1678 2386 1734 quoque
2425 1661 2784 1730 semetipsum
2822 1675 2920 1730 pro
2955 1659 3111 1713 nobis
3145 1658 3253 1711 Deo
3286 1666 3337 1710 et
3368 1656 3473 1711 Pa-

193 1748 322 1845 Θεῷ
356 1774 453 1827 καὶ
496 1771 693 1844 Πατρί.
730 1771 797 1825 Ei
832 1748 913 1834 τις
955 1748 1139 1823 τοίνυν
1178 1766 1479 1840 ἀρχιερέα,
1525 1764 1620 1820 καὶ
1652 1764 1781 1819 ἀπό-

1898 1757 1958 1813 tri
1986 1765 2042 1814 et
2066 1758 2123 1812 in
2151 1756 2377 1812 odorem
2421 1754 2715 1812 suavitatis
2738 1754 2811 1808 ³¹.
2838 1752 2895 1808 Si
2924 1751 3047 1822 quis
3086 1763 3220 1820 ergo
3249 1748 3475 1812 dixerit,

194 1838 394 1919 στολον
438 1864 599 1937 ἡμῶν
622 1838 978 1933 ’γεγενῆσθαί
1030 1876 1197 1932 φησιν
1220 1838 1353 1913 ἡούκ
1382 1858 1544 1912 αὑτὸν
1590 1857 1683 1912 τὸν
1719 1857 1786 1910 ἐκ

1898 1847 2201 1919 pontiﬁcem
2244 1855 2303 1904 et
2330 1846 2641 1917 apostolum
2683 1853 2930 1900 nostrum
2980 1857 3090 1897 non
3124 1854 3251 1897 esse
3296 1840 3477 1910 ipsum

194 1958 340 2015 Θεοῦ
372 1958 587 2029 Πατρὺς
614 1957 811 2026 Λόγον,
838 1956 926 2010 ὅτε
956 1955 1148 2024 γέγονε
1179 1950 1345 2024 σὰρξ,
1371 1951 1464 2006 καὶ
1491 1949 1613 2004 καθ’
1638 1949 1788 2020 ἡμᾶς

194 2051 298 2106 ἀνθ
306 2067 517 2123 ρωπος,
537 2048 654 2103 ἀλλ’
683 2048 760 2112 ὡς
780 2048 972 2118 ἕτερον
997 2045 1129 2116 παρ’
1151 2044 1333 2108 αὐτὸν,
1367 2042 1548 2106 ίδικῶς
1579 2040 1789 2112 ἀνθρω-

193 2160 302 2196 πον
332 2143 405 2196 ἐκ
424 2139 710 2211 γυναικός*
740 2138 775 2211 ἢ
805 2140 858 2193 ετ
882 2154 967 2201 τις
1013 2136 1167 2204 λέγει
1206 2135 1347 2207 ὑπὲρ
1373 2131 1604 2187 ὶέαυτοῦ
1627 2148 1791 2205 προσ-

193 2235 453 2303 ενεγκεῖν
497 2230 658 2286 αὑτὸν
686 2230 785 2302 τὴν
814 2228 1154 2302 προσφορὰν,
1204 2227 1301 2281 καὶ
1328 2226 1449 2297 οὐχὶ
1480 2224 1545 2295 δὴ
1588 2223 1794 2296 μᾶλλον

199 2326 349 2397 ὑπὲρ
382 2324 557 2396 μόνων
598 2322 758 2394 ἡμῶν
778 2336 794 2353 ο
844 2321 906 2374 οὑ
940 2320 1050 2391 γὰρ
1084 2318 1152 2373 ἂν
1182 2317 1378 2389 ἐδεήθη
1406 2316 1723 2389 προσφορᾶς
1758 2315 1805 2367 ὁ.

203 2418 280 2473 ιώ
305 2416 467 2471 εἰδὼ*
498 2413 774 2471 ἁααοτίαν
794 2429 808 2443 ·
843 2413 1094 2469 ἀνάθεμα
1126 2411 1289 2468 ἔστω.

807 2610 1119 2674 Ἐ’πίλυσις
1150 2615 1217 2663 ιέ

272 2721 501 2793 Σμικρά
550 2721 649 2792 μὲν
693 2719 1141 2791 ὁμολογουμένως
1183 2717 1262 2788 τῷ
1300 2717 1367 2770 ἐκ
1398 2715 1535 2770 Θεοῦ
1580 2714 1798 2788 Πατρὸς

200 2814 369 2885 φύντι
420 2814 580 2885 Λόγῳ
613 2813 684 2867 τὰ
705 2810 1040 2885 ἀνθρώπινα.
1069 2809 1217 2882 Πλὴν
1250 2809 1364 2863 ἀλλ’
1385 2808 1485 2863 οὔκ
1514 2807 1798 2879 ἀπόϐλητα

199 2906 292 2960 διὰ
320 2906 425 2978 τὴν
452 2904 786 2977 οἰκονομίαν.
838 2903 1044 2975 Κύριος
1075 2902 1183 2973 γὰρ
1223 2899 1300 2953 ὢν
1330 2900 1439 2953 τῶν
1475 2898 1611 2954 ὁλων
1656 2898 1799 2952 κατά

202 3000 395 3068 φύσιν,
436 2998 680 3069 καθῆκεν
718 2995 912 3050 ἑαυτὸν
952 2996 1012 3048 ἐν
1045 2995 1158 3055 τοῖς
1192 2990 1315 3046 καθ’
1358 2990 1551 3061 ἡμᾶς,
1584 2988 1799 3061 μορφὴν

200 3088 399 3143 δούλου
442 3087 657 3142 λαϐὼν⁹
696 3088 792 3143 καὶ
826 3084 1234 3158 κεχρημάτικεν
1269 3082 1432 3154 ἡμῶν
1471 3083 1568 3137 καὶ
1610 3084 1799 3152 ἀρχιε-

1892 1939 1985 1996 Dei
2010 1937 2274 2005 Verbum,
2294 1947 2650 2007 posteaquam
2684 1949 2815 1989 caro
2844 1942 2899 1989 et
2938 1932 3102 1989 homo
3129 1929 3286 1987 nobis
3320 1929 3473 1984 simi-

1890 2030 1958 2087 lis
1996 2029 2200 2085 factum
2231 2041 2356 2094 est;
2390 2030 2486 2083 sed
2519 2027 2797 2082 hominem
2827 2024 3002 2091 illum,
3034 2022 3126 2093 qui
3152 2036 3219 2078 ex
3248 2019 3475 2075 muliere

1891 2130 2055 2177 natus
2093 2128 2198 2188 est,
2230 2118 2388 2190 quasi
2425 2118 2657 2174 alterum
2692 2115 3003 2187 quempiam
3037 2112 3111 2168 ab
3154 2113 3274 2181 ipso
3307 2113 3481 2165 diver-

1889 2227 2009 2270 sum
2040 2229 2054 2267 :
2085 2220 2180 2267 aut
2227 2212 2273 2267 si
2304 2214 2425 2281 quis
2460 2198 2742 2264 Christum
2791 2221 2891 2278 pro
2940 2204 3121 2274 seipso
3151 2215 3391 2273 quoque,
3422 2209 3490 2254 et.

1890 2318 1999 2360 non
2052 2303 2232 2373 potius
2279 2318 2378 2373 pro
2426 2301 2585 2356 nobis
2640 2299 2774 2355 solis
2826 2296 3159 2353 sacriﬁcium
3214 2292 3485 2349 obtulisse

1892 2395 2095 2451 dixerit
2122 2396 2321 2465 (neque
2371 2394 2516 2449 enim
2562 2390 2838 2447 oblatione
2880 2388 3101 2459 egebat,
3132 2386 3223 2456 qui
3268 2399 3481 2456 pecca-

1894 2494 2008 2542 tum
2035 2500 2141 2541 non
2177 2486 2346 2556 novit)
2377 2502 2390 2538 :
2429 2482 2718 2538 anathema
2748 2481 2844 2536 sit.

2405 2593 2971 2651 Declaratiodecimaa

1968 2714 2175 2784 Exigua
2215 2726 2348 2769 sane
2379 2719 2504 2767 sunt
2539 2708 2738 2774 Verbo,
2775 2705 2917 2776 quod
2950 2718 3017 2759 ex
3054 2702 3164 2758 Deo
3192 2701 3353 2755 Patre
3383 2715 3489 2755 or-

1900 2815 2010 2862 tum
2034 2815 2138 2871 est,
2167 2817 2287 2875 quae
2311 2804 2544 2858 humana
2572 2808 2737 2867 sunt;
2762 2805 3001 2852 attamen
3022 2804 3240 2865 propter
3262 2793 3479 2863 dispen-

1897 2903 2164 2959 sationem
2205 2912 2309 2954 non
2354 2892 2670 2964 rejicienda.
2703 2890 2837 2946 Cum
2873 2888 3018 2944 enim
3053 2887 3346 2943 secundum
3378 2901 3478 2940 na-

1902 2995 2077 3050 turar‘n
2125 2989 2499 3045 universorum
2544 2982 2802 3038 Dominus
2841 2986 3030 3044 esset,
3078 2977 3261 3033 servili
3306 2976 3497 3031 forma,

1903 3091 2144 3152 accepta,
2170 3080 2223 3134 in
2262 3092 2326 3133 ea
2367 3090 2488 3146 qua:
2527 3080 2713 3129 nostra
2746 3081 2895 3135 sunt,
2929 3068 3277 3137 semetipsum
3302 3065 3486 3121 demi-

205 3182 361 3253 ρεὺς,
395 3182 492 3235 καὶ
520 3180 838 3243 ἀπόστολος,
866 3156 1103 3248 aena;
1134 3176 1549 3247 ἀνθρωπότητος
1586 3174 1796 3246 μέτρων

1912 3174 2016 3239 sit;
2050 3169 2459 3241 appellatusque
2482 3174 2565 3220 est
2600 3172 2787 3219 noster
2822 3161 3061 3232 pontifex
3096 3169 3151 3215 et
3182 3156 3488 3227 apostolus,

206 3274 308 3326 καὶ
346 3274 428 3335 είς
462 3272 622 3326 τοῦτο
665 3270 976 3327 καλούντων
1015 3269 1205 3323 αὐτόν·
1246 3287 1266 3319 ι
1297 3267 1714 3340 Προσκεκόμικε
1743 3266 1800 3320 δὲ

207 3366 410 3419 ἐαυτὸν
442 3366 585 3435 ὑπὲρ
624 3364 784 3436 ἡμῶν
818 3365 897 3428 είς
941 3362 1119 3435 ὀσμὴν
1160 3361 1388 3425 εὐωδίας
1427 3361 1506 3431 τῷ
1551 3360 1669 3431 Θεῷ
1708 3360 1802 3412 καὶ

211 3456 420 3527 Πατρί’
454 3457 554 3527 μιᾷ
598 3455 709 3526 γὰρ
738 3455 1027 3525 προσφορᾷ
1068 3452 1387 3506 τετελείωκε
1422 3452 1547 3515 τοὺς
1577 3450 1803 3519 ἁγιαζο-

212 3549 413 3618 μένους
447 3551 527 3613 είς
551 3548 613 3603 τὸ
641 3549 909 3620 διηνεκὲς,
938 3566 957 3600 ι
991 3547 1135 3602 καθὰ
1164 3547 1492 3617 γέγραπται.
1536 3544 1676 3597 Ἀλλ’
1701 3544 1803 3596 οὐκ

204 3639 483 3706 οἷδ’ὃπως
510 3651 550 3679 ιιι
579 3644 626 3696 οἱ
672 3642 1025 3714 ἐτερόφρονες
1072 3640 1173 3694 οὐκ
1219 3640 1382 3693 αὐτὸν
1428 3638 1520 3692 τὸν
1568 3640 1633 3692 ἐκ
1664 3636 1802 3690 Θεοῦ

206 3735 392 3804 Λόγον
409 3735 691 3806 ἄνθρωπον
713 3733 975 3804 γεγονότα
997 3731 1440 3803 διισχυρίζονται,
1467 3729 1802 3800 χρηματίσαι

206 3844 273 3880 τε
302 3827 405 3881 καὶ
429 3827 741 3891 ἀπόστολον,
768 3826 862 3879 καὶ
885 3823 1150 3895 ἀρχιερέα
1193 3823 1293 3893 τῆς
1314 3821 1602 3892 ὁμολογίας
1624 3819 1801 3891 ἡμῶν,

208 3916 334 3970 ἀλλ’
353 3915 432 3979 ὡς
460 3916 646 3987 ἕτερόν
675 3932 802 3971 τινα
827 3916 956 3985 παρ’
981 3914 1142 3967 αὐτὸν
1168 3913 1454 3984 ἄνθρωπον
1486 3910 1688 3976 ίδικῶς,
1711 3910 1803 3963 τὸν

210 4008 277 4061 ἐκ
294 4007 402 4076 τῆς
424 4007 585 4077 ἁγίας
609 4006 889 4079 Παρθένου
915 4005 1283 4075 γεγενημένον
1306 4004 1437 4072 φασὶ
1462 4000 1805 4073 χρηματίσαι

210 4100 310 4152 καὶ
341 4099 665 4164 ἀπόστολον,
687 4098 783 4152 καὶ
804 4097 1086 4169 ἀρχιερέα,
1114 4096 1209 4150 καὶ
1240 4094 1381 4147 κατὰ
1411 4092 1695 4164 προκοπὴν
1724 4093 1805 4154 είς

208 4190 380 4246 τοῦτο
402 4189 742 4260 ἐληλυθέναι,
767 4190 865 4243 καὶ
887 4190 987 4258 οὐχ
1011 4188 1152 4256 ὑπέρ
1173 4203 1233 4255 γε
1263 4186 1439 4256 μόνων
1465 4183 1642 4254 ἡμῶν,
1670 4182 1806 4236 ἀλλά

213 4285 313 4338 καὶ
362 4283 505 4353 ὑπὲρ
544 4281 739 4335 ἑαυτοῦ
773 4280 1161 4351 προσενεγκεῖν
1192 4286 1220 4313 ιι
1263 4275 1457 4329 ἑαυτὸν
1502 4277 1582 4337 είς
1615 4273 1805 4327 θυσίαν

215 4374 297 4439 τῷ
331 4374 456 4445 Θεῷ
500 4375 595 4428 καὶ
626 4373 834 4444 Πατρί’
865 4373 1003 4443 ὅπερ
1030 4371 1149 4423 ἐστὶ
1178 4372 1275 4439 τῆς
1309 4368 1498 4438 ὀρθῆς,
1529 4366 1623 4419 καὶ
1654 4366 1808 4436 ἀμω-

216 4466 401 4537 μήτου
432 4463 669 4527 πίστεως
695 4464 972 4535 ἀλλότριον
995 4460 1274 4523 παντελῶς
1292 4476 1305 4490 ·
1334 4460 1394 4512 οὐ
1420 4460 1526 4531 γὰρ
1549 4457 1806 4528 ἐποίησεν

1905 3265 2153 3319 humanae
2182 3271 2389 3315 naturae
2422 3255 2824 3311 conditionibus
2853 3252 2921 3307 ad
2962 3251 3065 3306 hoc
3100 3248 3267 3305 etiam
3299 3248 3487 3318 ipsum.

1902 3351 2241 3408 vocantibus.
2287 3365 2307 3401 ι
2345 3343 2552 3402 Obtulit
2584 3354 2765 3400 autem
2799 3341 3152 3410 semetipsum
3182 3353 3284 3410 pro
3319 3337 3481 3394 nobis

1904 3444 2015 3499 Deo
2055 3440 2205 3497 Patri
2243 3441 2296 3495 in
2317 3440 2541 3495 odorem
2570 3433 2937 3491 suavitatis".
2961 3432 3081 3489 Una
3108 3431 3304 3500 quippe
3325 3429 3480 3485 obla-

1907 3527 2843 3592 tioneconsummavltsanctiﬁcatos
2872 3526 2926 3580 in
2957 3524 3349 3594 sempiternum
3371 3521 3479 3586 “,t

1905 3628 2048 3683 sicut
2095 3625 2356 3693 scriptum
2409 3629 2511 3676 est.
2554 3619 2623 3673 At
2660 3617 2846 3672 nescio
2894 3614 3166 3691 quomodo
3198 3612 3290 3684 qui
3324 3626 3489 3668 secus

1904 3718 2169 3782 sentiunt,
2202 3714 2506 3783 non-ipsum
2545 3710 2643 3765 Dei
2684 3708 2920 3763 Verbum
2971 3706 3243 3761 hominem
3286 3704 3497 3759 factum

1906 3807 2208 3876 exstitisse,
2238 3814 2293 3861 et
2324 3801 2628 3873 apostolum
2674 3814 2739 3854 ac
2784 3798 3094 3869 pontiﬁcem
3126 3793 3489 3851 confessionis

1907 3909 2131 3961 nostra},
2162 3896 2258 3951 sed
2299 3893 2455 3965 quasi
2491 3893 2762 3949 diversum
2790 3889 3098 3961 quempiam
3134 3886 3211 3941 ab‘
3237 3886 3353 3956 ipso
3385 3884 3484 3937 ho-

1908 3995 2109 4049 minem
2138 4001 2387 4045 seorsum
2420 4000 2452 4041 e
2479 3993 2665 4040 sancta
2706 3980 2929 4052 Virgine
2975 3988 3160 4034 natum
3184 4018 3200 4045 ,
3235 3985 3292 4031 et
3327 3973 3494 4045 156

1908 4082 2210 4155 apostolum
2259 4094 2324 4134 ac
2376 4077 2687 4148 pontiﬁcem
2734 4082 2986 4130 vocatum
3043 4070 3215 4126 fuisse
3257 4078 3487 4123 conten-

1908 4177 2075 4241 dunt;
2105 4182 2161 4228 et
2192 4170 2526 4241 proﬁciendo
2556 4169 2623 4221 ad
2655 4168 2760 4222 hoc
2789 4173 3033 4221 evectum
3066 4175 3186 4218 esse
3211 4178 3225 4215 :
3261 4175 3359 4215 nec
3388 4173 3489 4227 pro

1909 4264 2065 4320 nobis
2090 4261 2221 4318 solis
2248 4258 2594 4328 semetipsum
2635 4256 2747 4311 Deo
2787 4264 2844 4310 et
2886 4253 3031 4308 Patri
3065 4252 3118 4306 in
3154 4249 3485 4307 sacriﬁcium

1908 4356 2186 4419 obtulisse,
2227 4353 2321 4408 sed
2372 4352 2534 4406 etiam
2579 4363 2676 4418 pro
2722 4347 2945 4417 seipso:
2984 4346 3036 4400 id
3075 4345 3216 4414 quod
3263 4358 3292 4396 a
3338 4349 3485 4397 recta

1910 4446 2294 4517 inculpataque
2340 4441 2446 4497 ﬁde
2490 4441 2713 4496 omnino
2754 4448 2839 4494 est
2883 4436 3116 4492 alienum
3142 4475 3157 4501 ,
3205 4442 3484 4504 peccatum

214 4524 496 4627 ἀμαρτίαν
518 4572 532 4585 '
566 4557 596 4609 ὁ
741 4524 1004 4627 κρείττων
1054 4553 1129 4607 ὣν
1166 4551 1259 4607 τοῦ
1301 4524 1663 4621 πλημμελεῖν,
1694 4524 1796 4601 ᾐκαὶ

1912 4537 2058 4593 ειιίιιι
2088 4552 2193 4592 non
2222 4534 2449 4590 fecerat.
2482 4530 2584 4599 Qui
2625 4540 2804 4586 autem
2834 4529 3032 4585 delicto
3070 4527 3338 4596 superior,
3362 4539 3489 4596 pec-

214 4646 532 4717 ἀμοιρήσας
551 4645 828 4716 ἁμαρτίας
852 4642 1153 4706 παντελῶς,
1173 4641 1274 4694 οὐκ
1298 4640 1365 4694 ἂν
1393 4639 1587 4709 ἐδεήθη
1615 4636 1804 4700 θυσίας

212 4737 317 4807 τῆς
350 4736 496 4807 ὑπὲρ
519 4733 735 4789 ἑαυτοῦ.
772 4734 990 4805 Ἐπειδὴ
1010 4732 1068 4786 δέ
1099 4733 1158 4785 τὸ
1188 4731 1334 4794 εἰκὸς
1367 4727 1804 4800 παρωθούμενοι,

215 4829 312 4883 δύο
354 4828 423 4899 δὴ
457 4827 621 4882 πάλιν
648 4828 799 4891 υἱοὺς
819 4824 1124 4882 ἐπινοοῦσιν
1150 4826 1197 4877 οἱ
1228 4822 1601 4895 ἐτερόφρονες,
1634 4821 1807 4888 ἀναγ-

218 4924 400 4986 καίως
426 4922 648 4991 γέγονεν
683 4924 713 4976 ὁ
744 4919 1218 4992 ἀναθεματισμὸς,
1266 4916 1485 4988 ἐμφανῆ
1534 4912 1813 4969 καθιστῶν

219 5013 319 5084 τὴν
362 5013 619 5069 ἀσέϐειαν
647 5012 847 5068 αὐτῶν.
1150 5002 1152 5005 ’

657 5202 1248 5259 ΑΝΑΘΕΜΑΤΙΣΜΟΣ
1280 5202 1384 5255 IA'.

296 5316 376 5372 Εῐ
404 5333 489 5380 τις
522 5316 623 5387 οὐχ
660 5314 913 5387 ὁμολογεῖ
938 5315 1039 5386 τὴν
1084 5314 1181 5368 τοῦ
1216 5313 1423 5384 Κυρίου
1461 5311 1641 5382 σάρκα
1672 5309 1807 5374 ζωο-

1911 4628 2126 4698 catique
2150 4639 2378 4696 prorsus
2406 4635 2600 4692 expers
2625 4629 2778 4687 erat,
2807 4618 3081 4675 oblatione
3109 4632 3207 4687 pro
3249 4632 3307 4670 se
3341 4612 3493 4669 nullo

1910 4726 2067 4792 pacto
2094 4731 2231 4788 opus
2259 4715 2514 4770 habebat.
2553 4712 2815 4779 Quoniam
2842 4724 2971 4765 vero
3008 4709 3100 4779 qui
3145 4716 3333 4763 contra
3365 4720 3490 4760 sen-

1916 4811 2078 4873 tiunt,
2125 4807 2259 4863 duos
2298 4818 2486 4860 rursus
2524 4801 2663 4857 ﬁlios
2699 4799 2927 4855 absurde
2965 4796 3487 4856 comminiscuntur,

1912 4914 2091 4971 opera:
2116 4896 2348 4968 pretium
2381 4895 2503 4957 fuit,
2538 4901 2596 4946 ut
2619 4891 2706 4946 hic
2739 4903 2955 4960 quoque
2994 4886 3483 4943 anatlrematismus

1913 4993 2305 5063 assignarelur,
2359 4987 2451 5057 qui
2501 4985 2835 5056 impietatem
2886 4980 3102 5037 illorum
3147 4979 3487 5050 perspicuam

1916 5083 2179 5143 redderet.

2316 5181 2957 5245 ANATHEM‘ATISM‘US
2997 5179 3090 5237 XI.

1989 5308 2045 5365 Si
2066 5305 2188 5377 quis
2210 5303 2668 5360 Domimcarnem
2693 5297 2987 5364 viviﬁcatn,
3010 5296 3287 5367 ipsiusque
3310 5286 3492 5351 Verbi.

307 5496 360 5529 ”
384 5498 551 5555 Hebr.
586 5513 670 5568 ιιι,
704 5500 757 5554 l.
856 5499 898 5530 ³¹
927 5498 1129 5567 Ephes.
1162 5512 1214 5562 ν,
1240 5496 1295 5548 2.
1372 5495 1416 5527 ³⁸
1447 5468 1583 5548 Ibid.
1673 5493 1719 5525 ⁸³
1736 5492 1902 5547 Hebr.
1936 5503 1991 5555 Χ,
2024 5490 2109 5546 Mt.

1312 5649 1486 5703 Variae
1526 5648 1788 5703 lectiones
1815 5663 1882 5704 ex
1913 5645 2101 5703 codice
2138 5642 2514 5717 Seguieriano.

290 5805 310 5853 ί
344 5807 444 5866 καὶ
464 5809 625 5881 ὑπέρ.
702 5814 735 5837 ¹¹¹
769 5801 884 5863 οῖδα
913 5807 1048 5872 πῶς.

1128 5817 1150 5845 η
1192 5805 1391 5878 μᾶλλον
1424 5805 1600 5877 ἡμῶν,
1633 5805 1665 5875 ἦ
1694 5804 1884 5857 ἑαυτοῦ
1917 5802 2325 5875 προσενεγκεῖν.

3358 378 3469 435 310
3537 368 3561 392 '
