3956 6512
526 396 628 454 ΞΗ

1521 401 1581 457 5,
1621 398 1900 453 αιιιιιω
1940 395 2104 451 ALE!

2221 395 2419 454 suum
2450 397 2780 456 ARCHIEP.
3800 386 3889 440 διε

511 512 653 581 quod
687 524 750 564 ex
800 509 909 564 Deo
955 508 1115 565 Patre
1155 519 1263 575 cst,
1308 513 1580 583 propriam
1627 528 1746 569 esse
1795 514 2090 582 negaverit,

2221 512 2357 565 ποιὸν
2386 505 2547 577 εἶναι,
2576 514 2671 566 καὶ
2699 511 2835 565 ἰδίαν
2861 510 3027 563 αὐτου
3054 505 3181 560 τοῦ
3212 504 3298 557 ὲκ
3330 498 3498 553 Θεοῦ
3544 498 3778 566 Πατρὺς
3803 502 3889 552 Δό-

510 601 604 657 sed
635 599 797 653 veluti
836 599 1061 656 alterius
1094 602 1395 671 cuiuspiam
1436 603 1537 673 ipsi
1576 604 1757 659 Verbo
1787 606 2089 660 secundum

509 692 827 761 dignitatem
867 693 1140 761 conjuncti
1170 735 1184 759 ,
1222 695 1323 749 hoc
1354 704 1468 759 est,
1509 704 1567 749 ut
1609 695 1847 749 divinam
1880 704 2095 749 tantum

513 779 967 837 inhabitationem
998 784 1200 847 sortiti,
1228 800 1292 840 ac
1326 800 1431 840 non
1471 784 1654 853 potius
1679 784 1942 840 viviﬁcam
1972 799 2099 841 esse

511 872 731 938 dixerit,
745 880 802 925 ut
823 874 981 929 modo
994 874 1361 940 meminimus,
1378 890 1446 931 eo
1462 876 1605 945 quod
1618 876 1800 943 Verbi,
1819 876 1969 945 quod
1979 891 2101 930 om-

512 966 600 1020 nia
634 963 912 1022 viviﬁcare
944 975 1141 1037 potest,
1161 967 1299 1023 facta
1318 968 1390 1024 sit
1409 968 1655 1039 propria;
1686 970 1973 1025 anathema
1998 969 2087 1023 sit.

987 1079 1288 1136 Declaratio
1319 1082 1620 1137 undecima.

587 1188 851 1246 Sanctum
888 1206 952 1247 ac
980 1192 1254 1249 viviﬁcum
1285 1193 1739 1266 incruentumque
1768 1196 1821 1251 in
1847 1195 2095 1253 ecclesiis

518 1282 849 1337 sacriﬁcium
878 1284 1224 1355 peragimns;
1252 1300 1449 1355 corpus
1472 1289 1616 1355 quod
1646 1289 1985 1357 proponitur,
2018 1289 2095 1344 si-

517 1371 719 1427 militer
741 1385 795 1428 et
820 1376 1114 1443 pretiosum
1146 1377 1489 1447 sanguinem,
1516 1392 1623 1433 non
1646 1379 1975 1445 communis,
2000 1395 2096 1435 no-

518 1463 707 1533 bisque
745 1466 939 1519 similis
986 1466 1222 1523 hominis
1274 1468 1574 1539 cnjuspiam
1619 1483 1744 1524 esse
1790 1470 2095 1534 credentes,

518 1556 613 1608 sed
658 1556 838 1625 potius
884 1565 1140 1626 tanquam
1186 1560 1463 1628 proprium
1502 1576 1696 1631 corpus
1725 1560 2011 1627 eﬁ‘ectum,
2043 1571 2098 1617 et

520 1646 836 1714 sanguinem
868 1648 1030 1702 etiam
1055 1647 1238 1715 Verbi,
1270 1653 1412 1721 quod
1450 1654 1630 1707 omnia
1663 1652 1923 1717 viviﬁcat,
1956 1652 2097 1708 acci-

518 1737 750 1803 pientes.
805 1738 1094 1807 Siquidem
1140 1746 1448 1799 communis
1503 1760 1630 1800 caro
1675 1745 1953 1802 viviﬁcare
1991 1760 2095 1800 non

2196 619 2316 671 γου,
2361 603 2477 656 ἀλλ’
2517 603 2592 667 ὡς
2623 603 2813 675 ἑτέρου
2839 600 2983 664 τινὸς
3020 614 3161 668 παρ
3239 593 3474 654 αὐτὸν,
3529 590 3886 658 συνημμένου

2199 696 2296 766 μὲν
2316 695 2465 766 αὐτῷ
2489 696 2628 750 κατὰ
2651 694 2750 765 τὴν
2769 694 2948 761 ἀξίαν,
2970 693 3166 763 ἤγουν
3200 688 3299 751 ὡς
3329 685 3537 755 μόνην
3565 682 3849 750 ἐνοίκησιν
3868 692 3887 716 ι

2196 786 2511 858 ἐσχηκότος,
2535 786 2633 840 καὶ
2656 785 2779 856 οὐχὶ
2805 784 2871 855 δὴ
2902 782 3121 854 μᾶλλον
3165 774 3525 843 ζωοποιδν,
3553 771 3639 833 ὡς
3667 770 3885 843 ἔφημεν,

2194 877 2276 931 ὅτι
2305 878 2532 947 γέγονεν
2559 877 2666 949 ἰδίᾳ
2695 888 2723 927 P
2746 875 2840 930 τοῦ
2863 875 3039 945 Λόγου
3072 872 3199 927 τοῦ
3239 867 3326 925 τὰ
3360 865 3579 920 πάντα
3607 864 3884 929 ζωοποιεῖν

2200 969 2475 1040 ὶσχύοντος
2490 987 2505 1000 ο
2549 967 2799 1039 ἀνάθεμα
2824 966 2983 1022 ἔστω.

2770 1081 2827 1133 Ἐ
2839 1080 3096 1144 πίλυσις
3136 1082 3259 1130 ια’.

2266 1196 2378 1266 Τὴν
2407 1196 2590 1263 ἁγίαν,
2619 1195 2713 1248 καὶ
2744 1193 3032 1259 ζωοποιδν,
3064 1190 3183 1246 καὶ
3224 1187 3640 1256 ἀναίμακτον
3679 1183 3741 1236 ὲν
3770 1185 3875 1246 ταῖς

2195 1286 2516 1358 ἐκκλησίαις
2541 1284 2803 1357 τελοῦμεν
2828 1283 3041 1348 θυσίαν,
3066 1283 3184 1352 οὐχ
3210 1278 3362 1342 ἐνὸς
3389 1276 3521 1331 τῶν
3551 1275 3685 1329 καθ’
3709 1275 3870 1343 ἡμᾶς.

2197 1378 2291 1431 καὶ
2338 1374 2629 1448 ἀνθρώπου
2679 1375 2861 1430 κοινοῦ
2921 1374 3083 1445 σῶμα
3133 1367 3319 1426 εῖναι
3364 1365 3773 1428 ’πιστεύοντες
3820 1364 3871 1417 τὸ

2197 1470 2579 1542 προκείμενον,
2599 1470 2803 1540 ὁμοίως
2826 1468 2882 1522 δὲ
2905 1469 3001 1521 καὶ
3026 1467 3086 1521 τὸ
3108 1466 3340 1536 τίμιον
3372 1456 3570 1531 αἷμα,
3594 1458 3870 1529 δεχόμενοι

2198 1562 2256 1615 δὲ
2304 1560 2502 1632 μᾶλλον
2543 1559 2619 1623 ὡς
2662 1558 2795 1613 ἴδιον
2830 1557 2988 1629 σῶμα
3036 1553 3349 1626 γεγονὸς,
3400 1549 3517 1604 καὶ
3560 1548 3752 1618 μέντοι
3785 1547 3864 1600 καὶ

2197 1650 2339 1725 αἷμα
2365 1651 2460 1707 τοῦ
2487 1654 2555 1707 τὰ
2578 1652 2756 1706 πάντα
2784 1648 3191 1718 ζωογονοῦντος
3222 1656 3265 1695 «ι
3286 1643 3529 1712 Λόγου.
3558 1639 3738 1707 Κοινὴ
3766 1639 3860 1706 γὰρ

2201 1745 2340 1816 σὰρξ
2363 1746 2645 1810 ζωοποιεῖν
2668 1743 2727 1797 οὐ
2749 1742 2995 1797 δύναται.
3020 1740 3130 1795 Καὶ
3158 1736 3403 1793 τούτου
3443 1734 3683 1805 μάρτυς
3708 1729 3857 1789 αὐτὸς

519 1834 716 1895 potest.
744 1828 807 1882 Et
830 1831 931 1885 hoc
962 1830 1211 1887 Salvator
1237 1834 1352 1902 ipse
1383 1844 1639 1891 testatum
1666 1836 1795 1892 facit
1826 1856 1841 1894 :
1880 1856 1899 1890 ι
1930 1837 2096 1902 Caro,

2221 1859 2227 1888 ι
2268 1836 2479 1907 Σωτὴρ,
2531 1834 2739 1903 λέγων·
2775 1851 2793 1884 t
2832 1833 2897 1886 Ἦ
2934 1831 3073 1903 σὰρξ
3120 1831 3246 1885 οὐκ
3287 1824 3534 1897 ὠφελεῖ
3572 1822 3769 1877 οὐδέν·
3804 1820 3855 1873 τὸ

522 1919 796 1987 inquiens,
838 1936 944 1976 non
980 1924 1200 1992 prodest
1241 1927 1576 1996 quidquam;
1618 1930 1840 1999 Spiritus
1879 1939 1965 1986 est
2002 1928 2096 1998 qui

519 2011 757 2066 viviﬁcat
788 2013 853 2067 “.
894 2032 913 2065 ι
949 2014 1085 2081 Quia
1120 2019 1263 2073 enim
1300 2034 1430 2074 caro
1464 2020 1622 2076 Verbi
1665 2020 1810 2077 facta
1851 2031 1936 2078 est
1983 2035 2101 2091 pro-

520 2103 659 2171 pria,
691 2104 761 2158 ob
806 2106 857 2159 id
897 2108 1218 2179 intelligitur
1261 2120 1317 2166 et
1354 2123 1438 2167 est
1477 2112 1710 2177 viviﬁca,
1740 2115 2098 2184 quemadmo-

520 2199 645 2249 dum
696 2198 811 2267 ipse
860 2200 1112 2255 Salvator
1162 2203 1277 2257 ait:
1326 2224 1345 2256 ι
1386 2205 1539 2259 Sicut
1586 2206 1735 2261 misit
1782 2222 1869 2263 me
1913 2208 2101 2263 vivens

519 2284 701 2351 Pater,
730 2297 784 2341 et
816 2303 916 2356 ego
942 2292 1067 2345 vivo
1098 2303 1317 2362 propter
1348 2294 1560 2349 Patrem
1599 2314 1613 2350 :
1647 2305 1703 2351 et
1733 2297 1823 2365 qui
1865 2298 2101 2352 mandu-

521 2386 613 2430 cat
646 2393 752 2443 me,
784 2388 838 2433 et
880 2380 993 2448 ipse
1037 2382 1179 2435 vivet
1222 2395 1439 2454 propter
1485 2402 1570 2441 me
1589 2387 1655 2441 ³⁸.
1690 2407 1710 2439 ι
1745 2388 1880 2444 Cum
1921 2390 2104 2459 itaque

522 2464 823 2532 Nestorius,
855 2480 910 2523 et
941 2470 1181 2539 quicum
1224 2474 1315 2529 illo
1360 2476 1620 2540 sentiunt,
1660 2479 1904 2549 mysterii
1943 2480 2103 2548 hujus

523 2556 780 2612 virtutem
817 2568 1021 2614 temere
1067 2563 1403 2632 dissolvant;
1442 2579 1753 2637 prOpterea,
1797 2581 1853 2626 et
1890 2571 1940 2626 id
1982 2572 2105 2641 qui-

525 2650 646 2704 dem
680 2652 970 2707 admodum
1003 2658 1405 2724 convenienter,
1432 2659 1611 2716 editus
1640 2672 1723 2717 est
1755 2662 1847 2719 hic
1877 2664 2104 2718 anathe-

527 2741 831 2800 matisrnus.
1970 2756 1977 2761 '

912 2834 1556 2898 ANATHEMATISMUS
1592 2840 1705 2899 XII.

600 2942 655 2999 Si
700 2945 826 3015 quis
855 2963 961 3002 non
1012 2950 1321 3018 conﬁtetur,
1360 2953 1454 3009 Dei
1498 2954 1737 3011 Verbum
1780 2972 1944 3014 carne
1982 2975 2107 3030 pas-

527 3052 645 3090 sum
670 3047 726 3091 et
748 3039 1066 3094 cruciﬁxum
1094 3057 1234 3108 esse,
1260 3054 1598 3117 mortemque
1625 3063 1789 3104 carne
1814 3060 2061 3120 gustasse
2089 3067 2105 3107 :

526 3142 734 3183 necnon
800 3132 1216 3203 primogenitum
1279 3137 1437 3208 157
1499 3154 1564 3194 ex
1612 3143 1837 3198 mortuis
1894 3143 2101 3200 factum

525 3232 647 3274 esse
672 3219 720 3251 “
744 3238 759 3288 ;
791 3231 1057 3291 quatenus
1084 3226 1338 3283 nimirum
1370 3239 1428 3285 ut
1447 3230 1589 3287 Deus
1611 3234 1721 3287 vita
1745 3244 1799 3289 et
1823 3235 2105 3291 viviﬁcans

526 3317 646 3376 est;
677 3314 966 3368 anathema
1003 3316 1096 3372 sit.

985 3430 1284 3486 Declaratio
1308 3434 1639 3490 duodecima.

601 3541 905 3611 lmpatibile
938 3554 993 3599 et
1031 3544 1336 3600 immortale
1368 3556 1452 3605 est
1485 3545 1579 3603 Dei
1632 3549 1808 3607 Patris
1832 3552 2067 3607 Verbum
2089 3593 2106 3618 ,

531 3636 690 3689 altior
716 3644 799 3691 est
820 3637 965 3691 enim
1002 3637 1178 3692 divina
1214 3638 1301 3692 illa
1346 3648 1401 3695 et
1434 3641 1859 3712 incorruptibilis
1890 3655 2106 3708 natura,

531 3741 690 3795 quam
722 3741 841 3795 quae
871 3726 1071 3795 aliquid
1109 3729 1216 3799 pati
1259 3730 1464 3798 possit,
1496 3746 1669 3801 eaque
1710 3734 1891 3788 omnia
1935 3733 2110 3789 viviﬁ-

531 3828 662 3873 cat:
699 3820 830 3887 quin
872 3819 1033 3874 etiam
1074 3820 1391 3885 interitum,
1428 3831 1485 3876 et
1525 3823 1786 3893 quidquid
1828 3825 2108 3880 tristitiam

500 3908 727 3962 -alferre
757 3909 917 3975 solet,
941 3908 1097 3980 longe
1128 3921 1436 3980 exsuperat.
1480 3913 1716 3969 Verbum
1754 3914 1883 3970 licet.
1915 3930 2109 3971 secun-

532 3997 659 4051 dum
688 4000 979 4055 essentiam
1007 4002 1107 4055 hoc
1132 4001 1202 4056 sit
1237 4001 1332 4058 Dei
1366 4002 1546 4059 Patris
1588 4003 1825 4059 Verbum
1854 4022 1869 4072 ;
1909 4005 2109 4061 nihilo-

535 4091 711 4145 minus
733 4106 977 4156 carnem,
1007 4109 1125 4162 qua:
1175 4095 1311 4148 mori
1343 4105 1556 4164 posset,
1595 4097 1697 4151 sibi
1728 4098 2003 4167 propriam
2032 4097 2105 4154 fe-

534 4180 628 4242 cit,
675 4188 733 4232 ut
782 4195 877 4248 per
920 4182 1041 4248 hoc,
1078 4186 1219 4252 quod
1267 4184 1374 4251 pati
1430 4185 1648 4239 solitum
1694 4195 1798 4253 est,
1829 4189 2111 4255 passiones

537 4284 633 4338 pro
667 4270 822 4325 nobis
851 4286 914 4327 ac
943 4284 1163 4343 propter
1194 4290 1290 4329 nos
1321 4276 1374 4329 in
1409 4276 1643 4344 seipsum
1681 4292 1982 4345 assumens,
2012 4297 2114 4337 nos

536 4376 725 4415 omnes
752 4376 779 4413 a
814 4375 985 4417 morte
1010 4373 1065 4417 et
1099 4366 1445 4433 corruptione
1479 4366 1740 4425 liberaret
1764 4385 1777 4433 ;
1806 4383 1963 4425 suum
1989 4385 2107 4426 cor-

538 4468 658 4521 pus,
682 4464 740 4507 ut
762 4453 923 4521 Deus,
947 4456 1622 4527 viviﬁcans,primititeque
1640 4458 2025 4516 dormientium
2044 4462 2113 4528 ",

2203 1928 2421 1998 πνεῦμά
2462 1927 2580 1979 ἐστι
2613 1925 2677 1978 τὸ
2711 1923 3029 1990 ζωοποιοῦν.
3057 1942 3074 1972 ι
3116 1918 3391 1989 Ἐπειδὴ
3427 1916 3558 1986 γὰρ
3592 1913 3705 1984 ἰδίᾳ
3729 1922 3750 1949 τ
3779 1910 3855 1977 γὲο

2201 2037 2326 2089 γονε
2360 2018 2453 2072 τοῦ
2487 2017 2681 2086 Λόγου,
2709 2016 2962 2087 ταύτῃτοι
2992 2016 3204 2068 νοεῖται
3238 2011 3357 2069 καὶ
3396 2007 3533 2061 ἔστι
3573 2002 3847 2070 ζωοποιδς,

2203 2111 2347 2165 καθά
2374 2127 2536 2181 φησιν
2570 2108 2730 2172 αὐτὸς
2757 2110 2785 2162 ό
2816 2108 3034 2183 Σωτήρ·
3068 2125 3086 2157 ι
3115 2102 3357 2165 Καθὼς
3379 2094 3703 2155 ἀπέστειλὲ
3739 2109 3800 2165 με
3825 2093 3850 2144 ὁ

2203 2201 2312 2266 ζῶν
2342 2200 2554 2272 Πατὴρ,
2585 2198 2740 2268 κάγὼ
2773 2198 2851 2264 ζῶ
2878 2197 2965 2252 διὰ
2995 2197 3088 2251 τὸν
3107 2196 3395 2266 Πατέρα.
3437 2191 3546 2245 καὶ
3576 2191 3607 2243 ὁ
3630 2185 3841 2259 τρώγων

2208 2311 2294 2366 με,
2323 2293 2577 2356 κάκεῖνος
2606 2290 2829 2362 ζήσεται
2857 2302 2878 2330 ε
2907 2289 2975 2344 δι’
2998 2288 3121 2360 ὲμὲ.
3166 2284 3427 2378 Ἐπειδὴ
3456 2283 3523 2337 δὲ
3560 2278 3842 2378 Νεστόριος

2204 2384 2299 2442 καὶ
2342 2386 2393 2437 οἱ
2434 2383 2507 2437 τὰ
2562 2382 2727 2436 αὑτοῦ
2782 2380 3106 2453 φρονοῦντες
3150 2367 3585 2447 παραλύουσιν
3628 2367 3833 2439 ἀμαθῶς

2202 2472 2297 2528 τοῦ
2333 2469 2632 2544 μυστηρίου
2657 2471 2756 2541 τὴν
2788 2470 3039 2541 δύναμιν,
3077 2468 3397 2538 ταύτῃτοι,
3448 2464 3560 2518 καὶ
3597 2459 3741 2531 μάλα
3766 2458 3833 2508 εἰ-

2206 2566 2402 2632 κότως,
2436 2565 2663 2633 γέγονεν
2690 2562 2719 2615 ὁ
2760 2560 3231 2632 ἁναθεματισαόι.

2639 2843 3232 2902 ΔΝΑΘΕΜΑἸΊΣΜΟΣ
3280 2841 3394 2895 lB’.

2282 2960 2349 3012 Et
2399 2976 2480 3020 τις
2534 2957 2633 3027 οὐχ
2686 2954 2968 3026 ὁμολογεῖ,
3018 2953 3110 3007 τδν
3141 2950 3240 3006 τοῦ
3286 2948 3444 3005 Θεοῦ
3494 2946 3674 3015 Λόγον
3726 2958 3815 2996 πα-

2211 3051 2371 3104 Θόντα
2407 3047 2592 3117 σαρκὶ,
2623 3050 2718 3100 καὶ
2753 3042 3168 3115 ἐσταυρωμένον
3210 3040 3416 3114 σαρκὶ,
3462 3036 3565 3091 καὶ
3601 3032 3814 3089 Θανάτου

2212 3142 2545 3211 γευσάμενον
2581 3137 2766 3208 σαρκὶ,
2796 3134 3063 3204 γεγονότα
3083 3133 3143 3186 δὲ
3168 3133 3188 3170 ⁸
3227 3131 3606 3227 πρωτότοκον
3636 3127 3717 3227 ἐκ.
3735 3138 3807 3227 νι-

2212 3233 2383 3303 κρῶν,
2426 3230 2560 3285 καθὸ
2600 3229 2712 3301 ζωή
2743 3229 2880 3294 ἐστι,
2910 3228 3005 3281 καὶ
3032 3226 3328 3291 ζωοποιὸς,
3363 3224 3468 3279 καὶ
3499 3220 3665 3281 Θεός·
3697 3217 3808 3272 ἀνά-

2215 3325 2359 3394 Θεμα
2386 3323 2544 3375 ἔστω.

2792 3430 3108 3493 Ἐπίλυσις
3132 3430 3230 3493 ιβ’.

2298 3548 2537 3618 Ἀπαθὴς
2567 3547 2687 3616 μὲν,
2720 3547 2812 3597 καὶ
2836 3544 3102 3605 ἀθάνατος
3124 3543 3153 3595 ὁ
3183 3544 3251 3595 ὲκ
3283 3539 3434 3595 Θεοῦ
3463 3536 3673 3606 Πατρός
3694 3532 3792 3583 ἐστι

2215 3643 2407 3710 Λόγος,
2433 3640 2507 3703 ὼς
2536 3638 2792 3707 ἀνωτέρω
2822 3635 2930 3706 γὰρ
2951 3647 2977 3675 ιι
3008 3634 3105 3687 τοῦ
3135 3632 3385 3703 πάσχειν
3419 3631 3456 3701 ἡ
3484 3627 3607 3682 θεία
3631 3640 3688 3677 τε
3714 3618 3792 3673 καὶ

2215 3732 2494 3804 ἀκήρατός
2520 3733 2636 3784 ἐστι
2665 3729 2827 3798 φύσις
2846 3742 2861 3758 ο
2894 3728 2991 3780 καὶ
3022 3725 3160 3796 αὕτη
3200 3726 3271 3778 τὰ
3317 3722 3511 3777 πάντα
3540 3711 3786 3783 ζωοποιεῖ.

2216 3826 2312 3880 καὶ
2331 3825 2536 3895 φθορᾶς
2560 3822 2800 3893 ἀμείνων
2828 3820 2967 3883 ἐστὶ,
2993 3819 3087 3873 καὶ
3111 3817 3327 3880 παντὸς,
3350 3813 3450 3869 τοῦ
3481 3810 3666 3865 λυπεῖν
3685 3805 3789 3856 sitn-

2217 3919 2389 3981 θότος.
2432 3914 2617 3979 Ἀλλὰ,
2652 3914 2829 3967 καίτοι
2861 3912 3033 3965 ταῦτα
3073 3908 3355 3973 οὺσιωδῶς
3384 3907 3649 3993 ὑπάρχων
3672 3899 3701 3951 ὁ
3731 3896 3784 3993 ἐξ

2216 4009 2351 4064 Θεοῦ
2389 4007 2601 4079 Πατρὸς
2634 4006 2825 4073 Λόγος,
2867 4004 3001 4057 ἰδίαν
3030 4002 3331 4071 ἐποιήσατο
3368 3998 3557 4068 σάρκα
3585 3990 3676 4061 τὴν
3702 3990 3785 4079 τοῦ

2219 4100 2452 4155 θανάτου
2492 4076 2747 4168 δεκτικήν
2779 4113 2793 4127 ο
2821 4095 2911 4148 ἵνα
2939 4092 3015 4163 τῷ
3056 4094 3289 4161 πάσχειν
3319 4087 3546 4145 εἰωθότα
3576 4080 3641 4135 τὰ
3664 4076 3781 4168 ὑπὲρ

2218 4190 2397 4262 ἡμῶν,
2426 4189 2520 4243 καὶ
2548 4188 2613 4241 δι’
2634 4166 2803 4258 ἡμᾶς,
2831 4188 2911 4247 εἰς
2935 4184 3128 4238 ἑαυτὸν
3151 4180 3446 4236 ἀναλαϐὼν
3473 4173 3640 4242 πάθη,
3667 4166 3778 4262 τάν·

2219 4260 2316 4348 τας
2351 4283 2501 4353 ἡμᾶς
2536 4278 2823 4348 ἀπαλλάξῃ
2849 4277 2944 4330 καὶ
2977 4275 3231 4337 Θανάτου,
3260 4274 3357 4327 καὶ
3390 4268 3625 4363 φθορᾶς.
3665 4260 3776 4363 CW:

2221 4376 2451 4446 ποιήσας
2483 4373 2558 4435 ὡς
2599 4372 2730 4434 Θεὸς
2758 4369 2818 4422 τὸ
2857 4368 2986 4420 ἴδιον
3024 4364 3189 4421 αὑτοῦ
3226 4364 3414 4434 σῶμα,
3445 4360 3536 4414 καὶ
3576 4357 3770 4446 ἀᾼπαρχη

2221 4444 2458 4534 γεγονὼς
2491 4462 2598 4515 τῶν
2629 4457 3065 4529 κεκοιμημένων,
3094 4456 3188 4509 καὶ
3228 4454 3577 4525 πρωτότοκος
3602 4444 3661 4495 ὲκ
3688 4454 3766 4534 νεῖ

540 4557 603 4598 ac
657 4545 1045 4616 primogenitus
1094 4562 1161 4601 ex
1220 4526 1446 4603 mortuis
1501 4526 1755 4605 eﬁ'ectum
1788 4551 1853 4605 ³⁸.
1927 4552 2104 4623 Neque

2221 4526 2395 4629 διρέῦν-
2424 4556 2483 4609 οὐ
2518 4552 2625 4624 γὰρ
2672 4526 2957 4622 ἄνθρωπος
2988 4545 3055 4619 ἦν
3087 4546 3285 4610 κοινὸς,
3331 4544 3439 4615 ἰδίᾳ
3485 4557 3545 4595 τε
3570 4534 3662 4629 καῖ
3679 4526 3764 4583 ἀνὰ

537 4635 679 4689 enim
709 4637 798 4706 qui
840 4650 1060 4707 propter
1095 4654 1196 4694 nos
1239 4641 1528 4708 pretiosam
1564 4658 1851 4713 perpessus
1877 4656 1959 4700 est
1992 4661 2115 4701 cru-

539 4739 680 4792 cem,
712 4736 1047 4796 mortemque
1076 4731 1313 4798 gustavit
1338 4731 1404 4797 ³⁹,
1443 4736 1747 4791 communis
1788 4737 1972 4803 homo,
2007 4746 2061 4793 et
2085 4753 2115 4792 a

540 4814 718 4871 Verbo
752 4818 1039 4874 distinctus
1074 4820 1421 4888 sejunctusve
1460 4833 1608 4887 erat;
1647 4827 1743 4881 sed
1779 4826 1893 4897 ipse
1932 4829 2116 4897 gloria:

542 4908 802 4965 Dominus
826 4910 872 4942 ‘°
910 4926 1098 4979 passus
1142 4924 1224 4968 est
1257 4930 1421 4971 carne
1447 4916 1517 4983 δι,
1538 4920 1835 4975 secundum
1865 4920 2115 4991 Scriptur-

542 5015 654 5055 ras.
678 5002 942 5068 Quoniam
972 5021 1121 5071 vero,
1159 5008 1251 5077 qui
1285 5024 1425 5065 vana-
1454 5011 1724 5084 impiaque
1751 5014 2001 5085 dogmata
2028 5030 2115 5071 re-

542 5103 643 5149 ctas
686 5110 936 5165 sanaeque
969 5097 1089 5153 ﬁdei
1136 5101 1444 5157 immiscere
1492 5105 1741 5170 student,
1771 5121 2115 5161 communem

544 5185 812 5240 hominem
865 5204 1081 5244 crucem
1137 5208 1232 5261 pro
1287 5193 1443 5249 nobis
1506 5197 1827 5252 sustinuisse
1887 5199 2109 5263 dicunt;

544 5277 1025 5335 anathematismus
1062 5282 1172 5346 hic,
1203 5285 1293 5353 qui
1326 5285 1615 5355 impietatis
1656 5287 1871 5341 illorum
1912 5289 2113 5356 magni—

544 5365 782 5423 tudinem
817 5372 1009 5441 aperit,
1048 5375 1354 5429 necessario
1388 5376 1718 5432 constitutus
1756 5389 1862 5432 est.

2224 4625 2386 4723 μέρος
2434 4647 2722 4717 νοούμενος
2776 4641 2929 4712 παρὰ
2963 4640 3056 4694 τὸν
3095 4640 3161 4693 ὲκ
3186 4636 3324 4692 Θεοῦ
3358 4625 3766 4723 Ηατρὺςῄἰξόγογι

2221 4707 2249 4795 ό
2274 4707 2340 4795 δἰν
2369 4707 2515 4809 ἡμᾶς
2540 4707 2635 4788 τὸν
2664 4733 2843 4803 τίμιον
2863 4707 3173 4800 ῦπομεινας
3220 4726 3473 4823 occupes,
3615 4707 3760 4823 '0er-

2217 4850 2312 4885 του
2369 4828 2741 4898 γευσάμενοςο
2787 4823 2902 4878 ἀλλ’
2941 4821 3104 4885 αὐτὸς
3142 4821 3172 4872 ὁ
3203 4819 3303 4882 τῆς
3359 4816 3514 4884 δόξης
3553 4810 3761 4898 Κύριος)

2222 4886 2393 4994 σαρκί
2427 4886 2661 4975 πέπονθε
2685 4886 2848 4971 ’κατὰ
2884 4913 2982 4977 τὰς
3013 4911 3256 4985 Γραφάς.
3300 4903 3523 4974 Ἐπειδὴ
3542 4899 3596 4953 δὲ
3627 4886 3755 4994 alii

2221 4983 2354 5070 κενὰ
2383 5013 2476 5067 καὶ
2503 5009 2737 5080 δυσσεδῆ
2759 5016 2785 5045 ν
2814 4983 3070 5076 δόγματα
3101 5005 3169 5072 τῇ
3203 5000 3343 5071 ὀρθῇ
3379 4998 3472 5052 καὶ
3509 4983 3756 5062 ἀμωμήτῳ

2223 5110 2403 5162 πίστει
2435 5102 2847 5174 παρεισκρίνειν
2873 5097 3168 5159 ἐθέλοντες,
3198 5091 3481 5163 ἄνθρωπόν
3514 5097 3629 5155 φασι
3653 5088 3749 5174 ,κοι-

2220 5198 2310 5251 νὺν
2339 5166 2624 5265 ὑπομεῖναι
2656 5166 2745 5245 τὸν
2775 5191 2915 5259 ὑπὲρ
2947 5184 3107 5258 ἡμῶν
3140 5183 3390 5254 σταυρὸν,
3418 5179 3620 5265 γέγονεν
3633 5166 3744 5265 Δὀνία-

2222 5252 2461 5359 γκαῖος
2487 5252 2943 5355 ἁναθεματισμός,
2969 5252 3069 5348 τῆς
3094 5252 3316 5343 ἐνούσης
3342 5270 3519 5330 αὐτοῖς
3539 5252 3747 5316 ἀσεϐείας

2224 5378 2536 5452 ἐμφανίζων
2563 5376 2621 5429 τὸ
2654 5373 2903 5445 μέγεθος.

610 5531 823 5588 ⁸⁸10311.
846 5552 917 5599 γι,
941 5538 1029 5591 64.
1073 5538 1115 5569 ³³
1141 5539 1269 5593 ibid.
1298 5538 1388 5593 58.
1432 5540 1473 5571 ³⁸
1497 5542 1701 5596 Coluss.
1733 5558 1772 5606 ι,
1807 5544 1891 5595 l8.
1928 5543 1969 5573 ³⁷
1994 5542 2015 5596 l
2038 5542 2104 5599 Co

2232 5558 2282 5605 ν,
2314 5541 2405 5596 20.
2443 5539 2485 5570 ³⁸
2511 5537 2666 5591 llebr.
2709 5551 2767 5597 ιι,
2798 5534 2847 5587 9.
2884 5533 2927 5563 ³⁸
2956 5529 3113 5583 lCor.
3150 5543 3207 5589 ιι,
3246 5526 3299 5577 8.
3336 5523 3380 5552 δ’
3406 5522 3429 5575 l
3454 5521 3577 5577 Petr.
3607 5524 3664 5571 IV.
3698 5504 3734 5558 ί·

1605 5686 1775 5741 Yarize
1813 5686 2071 5743 lectiones
2101 5700 2165 5739 ex
2200 5687 2385 5740 codice
2420 5684 2793 5755 Seguieriano.

625 5816 647 5841 °
682 5810 846 5879 μόνην
878 5809 1027 5862 Θείαν
1066 5808 1357 5877 ἐνοίκησιν.
1399 5816 1425 5855 τ’
1460 5807 1579 5860 ἰδία.
1644 5817 1671 5857 ιι
1702 5805 2108 5871 ζωοποιοῦντος.

2168 5816 2187 5844 τ
2228 5805 2351 5859 ἰδία.
2429 5815 2450 5843 ι
2484 5803 2660 5874 ζήσει.
2738 5801 2757 5837 τ
2796 5816 2875 5853 τε.
2931 5796 3227 5862 ιιὰνωτερα
3251 5804 3378 5858 γαρ.
3456 5793 3483 5822 ν
3510 5776 3733 5841 δυσφημα·
