4088 6496
180 421 299 477 δ-’ὅ
795 414 1323 475 APOLOGETICUS
1356 414 1492 471 PRO
1532 413 1625 468 XII
1668 410 2034 467 CAPiTlBL'S
2072 407 2351 465 CONTRA
2389 405 2843 463 ORIENTALES.
3217 411 3221 414 ’
3341 402 3455 464 318

2151 600 2534 608 “mw

1664 605 1695 613 _
1741 605 1759 612 _
1780 604 1796 612 _
1813 604 1844 611 __
1859 602 2118 611 ___._.._.__
2151 600 2534 608 _——‘—.——+——_

1538 624 1549 625 κ
1570 621 1599 627 4.,
1628 619 1669 626 ς-
1698 618 1819 626 ---ο
1844 619 1854 624 -
1896 617 1979 623 .-με-
2014 616 2083 621 ν--κ
2102 614 2259 622 κα--ν-ὑ.
2278 615 2295 620 -
2312 599 2982 622 -..α-...νπεππ
2987 600 3152 622 ,π

1310 622 1401 632 ν.-
1426 623 1443 627 νι
1472 623 1505 629 σί

1473 804 2163 899 ADMONITIO

628 1030 709 1093 IN
775 1027 1206 1102 UTRUMQUE
1266 1029 1531 1091 SANCTI
1597 1030 1896 1090 CYRILLI
1964 1027 2345 1089 LIBELLUM
2410 1023 3015 1087 APOLOGETICUM.

1706 1228 1947 1269 SCll.ICET

751 1372 874 1436 Pro
914 1372 1025 1433 XII
1050 1370 1361 1452 capitibus
1398 1378 1617 1433 contra
1655 1368 2021 1441 Orientales,
2064 1375 2125 1430 et
2155 1375 2371 1431 contra
2407 1368 2904 1431 Theouoretum.

936 1560 1035 1623 (P.
1071 1561 1346 1611 Canusinus
1376 1558 1425 1608 in
1454 1561 1580 1623 Opp.
1616 1560 1753 1610 Marii
1796 1562 2105 1621 Mercatoris,
2134 1564 2230 1612 col.
2255 1563 2349 1612 955
2380 1564 2463 1618 ed.
2492 1563 2675 1628 Migne.
2700 1563 2718 1626 )

251 1862 497 1937 Cyrinus
514 1861 762 1933 epistolae
784 1877 896 1918 suae
920 1863 1095 1919 tertias
1121 1862 1188 1918 ad
1209 1862 1516 1919 Nestorium
1546 1863 1904 1935 subjunxerat
1944 1866 2119 1933 capita
2147 1880 2395 1920 errorum
2437 1867 2743 1931 duodecim,
2765 1882 2883 1937 qum
2905 1868 3031 1938 quia
3051 1866 3261 1939 singula
3287 1869 3473 1937 subje-

181 1966 333 2013 ctum
362 1956 569 2013 habent
592 1957 909 2022 anathema,
942 1956 1104 2028 vulgo
1138 1958 1584 2014 anathematismi
1609 1967 1893 2026 vocantur,
1944 1976 2253 2030 quanquam
2290 1970 2503 2017 veteres
2534 1962 2810 2018 malebant
2836 1962 3076 2033 capitula
3108 1962 3313 2021 dicere.
3341 1963 3467 2021 llaec

182 2066 311 2107 cum
326 2053 636 2123 accepisset
663 2052 966 2120 Nestorius,
998 2052 1286 2109 confestim
1319 2053 1659 2109 Antiochiam
1686 2056 1834 2110 misit
1856 2056 1921 2110 ad
1948 2053 2211 2110 Joannem
2244 2057 2579 2126 episcopum,
2616 2073 2815 2124 rogans
2850 2066 2961 2114 uta
2987 2058 3467 2130 praestantissimis

184 2143 403 2201 duobus
424 2160 536 2202 suae
570 2146 823 2202 dimcesis
863 2145 1193 2215 hominibus,
1230 2148 1445 2202 Andrea
1492 2144 1853 2202 Samosateno
1907 2156 1961 2203 et
1996 2147 2342 2205 Theodoreto
2371 2148 2617 2221 Cyrensi,
2663 2149 2993 2213 refellenda.l
3030 2162 3086 2208 et
3124 2151 3463 2224 Apollinarii.

182 2247 423 2316 Ariique
464 2260 716 2301 errorum
752 2247 1057 2302 damnanda
1095 2258 1333 2303 curaret.

254 2337 539 2394 Fecerunt
571 2339 735 2394 ambo
761 2340 907 2410 quod
941 2341 1295 2409 rogabantur,
1332 2342 1708 2411 scriptumque
1739 2340 1937 2412 singuli
1978 2343 2235 2397 acerbum
2282 2342 2491 2410 pariter
2518 2351 2682 2410 atque
2723 2340 3121 2395 amarulentum
3149 2337 3463 2403 ediderunt,

188 2430 446 2487 Andreas
468 2431 830 2495 Orientalium
862 2431 1103 2493 nomine,
1129 2428 1503 2486 Theodoretus
1538 2446 1635 2485 suo
1657 2448 1672 2497 ;
1699 2430 1922 2499 scripsit
1950 2432 2095 2486 enim
2116 2431 2206 2487 ille
2229 2431 2550 2499 Antiochiae,
2578 2431 2680 2487 iste
2698 2430 2844 2501 Cyri.
2872 2430 3102 2487 Andreae
3125 2429 3464 2498 obiectiones

192 2524 445 2594 probavit
473 2522 701 2578 Joannis
732 2522 1008 2593 synodus;
1044 2522 1325 2591 misitque,
1358 2524 1575 2591 Opinor,
1606 2522 1987 2578 Alexandriam
2027 2537 2123 2593 per
2160 2522 2539 2577 Possidenium
2572 2524 2746 2591 ipsum
2781 2523 3096 2585 diaconum,
3130 2524 3222 2592 qui
3256 2521 3469 2577 litteras

193 2618 475 2674 Caelestini
509 2633 573 2673 ac
608 2617 792 2689 Cyrilli
826 2620 893 2671 ad
919 2616 1195 2687 {Joannem
1242 2617 1523 2672 attulerat.
1558 2616 1934 2673 Theodoretus
1982 2616 2437 2687 reprehensiones
2473 2628 2599 2668 suas
2635 2628 2729 2684 per
2771 2612 3112 2669 Phteniciam
3147 2613 3468 2683 vicinasque

194 2710 450 2781 regiones
481 2709 707 2778 sparsit,
776 2708 887 2763 imo
926 2708 1063 2763 etin
1091 2708 1285 2763 urbem
1314 2710 1517 2778 regiam
1544 2709 1713 2775 misit,
1747 2709 2153 2779 gratificaturus
2182 2707 2359 2763 amico
2395 2705 2647 2761 Nestorio
2678 2724 2690 2759 :
2730 2705 2829 2759 has
2854 2720 2977 2760 cum
3006 2705 3305 2775 accepisset
3330 2704 3472 2759 Evn-

191 2804 340 2873 ptius
375 2802 733 2858 Ptolemaidis
763 2800 1127 2872 Pentapoleos
1157 2803 1403 2873 regionis.
1426 2805 1733 2875 cpiscOpus,
1766 2805 1831 2857 ad
1864 2802 2128 2874 Cyrillum
2156 2802 2323 2856 misit.

264 2891 511 2964 Uterque
537 2893 762 2963 scripsit
788 2901 915 2947 ante
940 2893 1231 2950 concilium
1263 2894 1621 2965 Ephesinum,
1647 2895 1789 2964 quod
1822 2895 1888 2949 de
1912 2910 1971 2948 se
2001 2901 2234 2948 testatur
2262 2892 2636 2949 Theodoretus
2667 2893 2721 2947 in
2755 2894 3073 2963 praefatione
3104 2892 3406 2965 Pentalogtt
3452 2936 3470 2952 .

195 2990 417 3059 utrique
450 2988 686 3060 Cyrillus
738 2999 867 3044 ante
896 2990 1185 3045 concilium
1224 2992 1524 3061 respondit,
1560 2991 1705 3062 quod
1737 2991 1822 3045 vel
1854 3006 1922 3045 ex
1952 3005 2015 3045 eo
2044 2998 2279 3053 constat,
2311 2992 2455 3060 quod
2493 2990 2741 3044 damnati
2770 3006 2798 3043 a
2834 2989 3040 3062 synodo
3070 2988 3305 3045 Nestorii
3340 3004 3470 3046 nus-

192 3094 354 3148 quam
381 3079 652 3144 meminit,
679 3095 801 3135 cum
836 3088 1020 3137 tamen
1048 3083 1231 3153 magni
1258 3082 1312 3137 in
1340 3097 1454 3136 rem
1487 3098 1641 3136 suam
1678 3083 1935 3137 momenti
1964 3082 2205 3136 futurum
2231 3092 2377 3137 esset
2406 3091 2613 3137 tantum
2645 3080 3084 3153 Ecclesitejudici
3104 3098 3215 3137 um.

260 3169 393 3226 Fuit
431 3185 561 3226 vero
593 3171 840 3228 Andreas
879 3187 942 3228 ea
982 3182 1308 3243 tempestate
1344 3176 1486 3229 inter
1516 3173 1825 3228 Orientales
1856 3174 2118 3226 doctrina:
2149 3174 2292 3227 fama
2319 3172 2646 3244 pietatisque
2675 3174 2928 3230 celebris.
2968 3172 3103 3229 Tres
3144 3182 3365 3230 exstant
3404 3186 3473 3229 ao

195 3279 317 3320 cum
341 3264 672 3322 Theodoreti
697 3266 963 3337 epistolae,
988 3270 1164 3340 prima
1186 3268 1330 3325 inter
1362 3269 1540 3323 editas
1562 3282 1591 3321 a
1621 3266 1912 3321 Sirmondo
1934 3268 2197 3337 vigesimo
2221 3278 2417 3338 quarto
2447 3285 2673 3325 numero
2697 3278 2983 3337 censetur;
3012 3270 3183 3325 altera
3210 3269 3262 3325 in
3284 3270 3472 3340 quinta

214 3359 425 3431 synodo
455 3362 761 3429 reperitur;
798 3363 955 3419 tertia
981 3364 1123 3434 apud
1149 3363 1380 3418 Marium
1412 3361 1791 3427 Mercatorem,
1818 3377 1927 3432 quo
1962 3363 2257 3433 interprete
2291 3379 2434 3418 nunc
2459 3364 2692 3432 primum
2728 3365 2929 3420 editur.
2955 3363 3034 3419 Ex
3064 3365 3238 3436 prima
3268 3365 3471 3422 intelli-

204 3458 345 3527 gitur
369 3467 637 3527 quantam
670 3457 760 3513 ille
793 3460 877 3515 sui
915 3459 1227 3529 opinionem
1255 3459 1393 3529 apud
1423 3472 1616 3513 omnes
1640 3457 1879 3525 iecerat;
1912 3472 1977 3513 ex
2014 3459 2271 3524 secunda,
2304 3475 2411 3514 non
2443 3462 2657 3516 venisse
2689 3461 2754 3515 ad
2787 3462 3077 3516 concilium
3112 3461 3475 3532 Ephesinum.

205 3558 429 3620 propter
455 3550 742 3603 adversam
778 3549 1185 3619 valetudinem;
1208 3564 1272 3605 ex
1304 3550 1490 3615 tertia,
1523 3550 1876 3619 pertinaciter
1900 3551 2193 3606 adhaesisse
2221 3550 2505 3618 Nestorio;
2540 3568 2717 3622 neque
2751 3568 2987 3623 unquam
3016 3554 3068 3608 in
3101 3552 3218 3622 ejus
3248 3556 3473 3609 damna-

206 3639 409 3695 tionem
444 3641 807 3711 consensisse,
839 3644 1003 3697 etiam
1033 3652 1262 3714 cogente
1288 3658 1386 3712 per
1411 3641 1745 3697 Aristolaum
1772 3643 2049 3697 tribunum
2086 3642 2417 3700 Theodosio.

274 3734 479 3791 lirum
510 3752 661 3802 sane,
698 3739 840 3808 quod
874 3739 1065 3795 scribit
1092 3738 1362 3794 Baronius
1398 3738 1501 3809 (Ad
1547 3757 1673 3793 ann.
1705 3739 1832 3805 451,
1858 3754 2007 3793 num.
2040 3738 2195 3811 183),
2229 3740 2520 3807 impulsum
2553 3742 2723 3798 fuisse
2742 3742 3014 3799 Andream
3047 3759 3077 3798 a
3108 3742 3318 3799 Joanne
3348 3745 3468 3799 An-

208 3829 493 3896 tiocheno,
523 3840 641 3899 post
664 3830 904 3886 solutum
928 3830 1242 3899 concilium,
1266 3832 1334 3887 ad
1361 3831 1710 3886 scribendum
1742 3840 1929 3886 contra
1962 3830 2034 3900 Cy
2049 3829 2151 3884 rilli
2197 3832 2455 3900 capitula,
2508 3834 2806 3903 tulisseque
2855 3849 2977 3889 eam
3042 3849 3139 3904 pro
3194 3834 3479 3903 impietate

207 3926 541 3990 mercedem,
573 3935 631 3979 ut
665 3941 733 3980 ex
762 3927 1030 3983 monacho
1051 3925 1652 3998 Constantinopolitano
1682 3925 2070 3983 Samosatenus
2098 3928 2385 3996 episcopus
2418 3928 2573 3981 fieret
2602 3944 2615 3981 :
2650 3942 2773 3981 nam
2801 3927 2974 3996 primo
3003 3926 3462 3995 Constantinopo-

205 4018 409 4075 litanus
442 4022 533 4077 ille
557 4022 878 4089 monachus,
907 4031 1029 4091 post
1059 4038 1244 4093 pacem
1271 4021 1662 4089 Ecclesiarum,
1695 4038 1820 4078 cum
1851 4025 1919 4077 ad
1942 4038 2063 4076 cum
2088 4022 2349 4077 scriberet
2373 4020 2767 4087 Theodoretus,
2794 4024 2973 4077 adhuc
3002 4031 3121 4077 erat
3146 4021 3462 4078 monachus.

209 4112 419 4168 Deinde
441 4112 735 4169 Liberatus
765 4114 954 4179 tradit,
986 4114 1170 4170 statim
1198 4116 1435 4183 acceptis
1462 4115 1649 4186 Cyrilii
1678 4116 1895 4179 litteris,
1931 4113 2243 4168 Nestorium
2271 4128 2301 4167 a
2331 4112 2541 4169 Joanne
2570 4113 2813 4182 petiisse,
2841 4124 2951 4167 uta
2983 4113 3096 4169 suis
3130 4113 3283 4184 argui
3320 4113 3477 4183 capi-

208 4199 319 4257 tula
342 4213 588 4266 curaret,
612 4202 963 4274 idipsumque
998 4204 1167 4260 refert
1196 4218 1261 4259 ex
1286 4204 1541 4261 Liberato
1570 4206 1837 4262 Baronius
1861 4207 1929 4260 ad
1960 4220 2088 4271 ann,
2117 4205 2242 4261 430.
2283 4205 2521 4274 Denique
2548 4203 2924 4260 Theodoretus
2947 4213 3075 4261 ante
3100 4204 3389 4261 concilium
3418 4221 3478 4260 se

210 4300 504 4370 scripsisse
536 4308 766 4355 testatus
812 4309 929 4367 est;
967 4309 1022 4354 et
1050 4301 1386 4356 ostendimus
1416 4302 1631 4372 utrique
1660 4318 1690 4359 a
1725 4304 1931 4376 Cyrillo
1962 4320 2276 4375 responsum
2302 4312 2427 4358 ante
2452 4305 2629 4372 ipsum
2656 4317 2875 4373 quoque
2906 4302 3218 4358 concilium.
3244 4298 3481 4371 Cyrillus

208 4402 355 4446 certe
405 4390 739 4447 fbeodoreto
769 4392 1070 4461 respondit,
1104 4392 1249 4448 velut
1278 4394 1485 4449 homini
1520 4396 1703 4467 ignoto
1736 4415 1750 4451 :
1784 4399 2036 4465 quivero
2061 4397 2251 4452 fuisset
2287 4406 2409 4468 post
2441 4395 2750 4461 concilium,
2787 4410 2909 4451 cum
2943 4393 3326 4451 Theodoretus
3352 4408 3473 4448 rem

210 4484 721 4550 schismaticorum,
760 4484 842 4539 vel
871 4499 1033 4551 unus,
1065 4484 1146 4540 vel
1177 4485 1322 4539 inter
1346 4485 1551 4557 primos
1572 4489 1943 4557 promoverit?
1981 4488 2264 4544 Postremo
2295 4489 2568 4543 Andream
2596 4486 3099 4557 Theodoretusjam
3128 4486 3478 4558 episcopum,

208 4576 511 4647 etquidem
537 4592 644 4633 non
678 4576 754 4631 ita
781 4578 993 4648 pridem
1022 4577 1248 4643 factum,
1277 4579 1493 4649 Epheso
1526 4580 1722 4637 litteris
1748 4583 2027 4641 convenit.

280 4669 569 4727 Incertum
595 4687 880 4743 quousque
902 4673 1068 4727 vitam
1104 4674 1458 4741 protraxerit,
1490 4691 1613 4729 nam
1644 4677 1788 4746 quod
1816 4676 1981 4732 habet
2015 4676 2331 4732 Theodorus
2356 4679 2527 4731 lector
2562 4693 2576 4729 :
2606 4675 2871 4729 Rabbulas
2894 4676 3188 4729 Edessenus
3206 4675 3478 4745 episcopus

212 4780 385 4822 rasus
413 4774 569 4831 erat;
595 4766 838 4821 Andreas
864 4783 982 4821 vero
1010 4767 1388 4825 Samosatenus
1427 4773 1689 4826 accusavit
1719 4787 1862 4838 eum,
1887 4774 2038 4842 quasi
2076 4781 2263 4827 contra
2304 4772 2582 4826 duodecim
2611 4773 2786 4841 capita
2835 4769 3150 4825 Theodoreti
3180 4771 3478 4840 scripsisset

214 4857 366 4927 (Lib.
399 4874 416 4913 I
447 4857 921 4926 Collectaneorum,
960 4870 1000 4914 t.
1030 4859 1072 4914 ll
1099 4859 1438 4916 Bibliothccw
1490 4862 1783 4933 Patrum).
1811 4860 1957 4917 Nihil
2003 4872 2181 4934 potest
2208 4862 2275 4917 ad
2305 4863 2710 4930 chronologiam
2735 4862 3063 4926 conducere,
3089 4877 3210 4917 cum
3236 4861 3373 4916 nihil
3397 4862 3471 4918 sit

214 4950 580 5009 Collectaueis
611 4953 770 5024 huius
814 4956 915 5010 viri
953 4957 1343 5027 perturbatius.
1374 4955 1491 5013 Non
1527 4959 1826 5028 supervixit
1858 4973 1991 5014 sane
2017 4960 2083 5013 ad
2115 4973 2318 5013 annum
2356 4974 2527 5029 usque
2552 4959 2680 5025 451,
2713 4973 2821 5028 quo
2852 4957 3146 5013 concilium
3173 4956 3476 5014 Chalcedo-

220 5060 389 5100 nense
423 5044 663 5099 habitum
692 5056 797 5101 est.
832 5047 888 5102 in
919 5063 984 5104 eo
1020 5049 1168 5103 enim
1204 5048 1401 5119 legitur
1428 5064 1625 5104 nomen
1662 5048 1842 5105 Ruﬁni
1890 5050 2317 5112 Samosatensis,
2344 5049 2458 5116 qui,
2505 5064 2629 5104 cum
2663 5047 2966 5103 centesimo
2995 5047 3259 5118 vigesimo
3299 5048 3478 5117 primo

218 5137 335 5196 loco
368 5143 707 5197 sententiam.
731 5143 950 5209 dixerit,
981 5145 1123 5198 inter
1146 5145 1327 5213 plures
1363 5146 1636 5201 sexcentis
1663 5145 1971 5216 episcOpos,
2005 5161 2111 5201 non
2136 5147 2208 5201 ita
2240 5145 2445 5215 pridem
2477 5144 2665 5199 debuit
2697 5142 3140 5197 Samosatensem
3165 5139 3473 5197 Ecclesiam

223 5247 434 5303 regere,
466 5234 905 5303 quandoquidem
933 5236 1190 5292 credibile
1217 5246 1301 5293 est
1334 5253 1434 5307 pro
1468 5238 1676 5291 ratione
1716 5236 2079 5292 ordinationis
2116 5236 2414 5293 recensitos
2441 5250 2564 5291 esse
2599 5234 2807 5288 Patres.
2849 5233 3030 5299 Quare
3069 5235 3158 5288 vix
3198 5235 3477 5291 Andream

224 5341 342 5381 reor
368 5332 617 5398 adusque
642 5346 773 5386 ann.
799 5330 906 5385 440
939 5332 1099 5386 vitam
1128 5334 1468 5403 produxisse.

293 5421 579 5477 Methodus
607 5438 771 5493 porro
805 5438 967 5492 quam
1001 5424 1052 5478 in
1086 5424 1252 5480 hocce
1278 5440 1442 5495 opere
1474 5434 1659 5481 servat
1682 5427 1785 5483 ista
1816 5427 1931 5485 fere
1962 5438 2064 5483 est.
2098 5426 2357 5497 Cyrillum
2390 5426 2569 5496 arguit
2599 5440 2710 5478 non
2741 5433 2849 5477 tam
2883 5422 3090 5477 erroris
3131 5434 3291 5489 quam
3333 5422 3475 5489 quod

228 5516 518 5585 pugnantia
542 5517 613 5570 sit
636 5516 882 5583 locutus;
912 5519 1055 5588 quod
1078 5520 1300 5575 vocibus
1328 5521 1649 5579 inconsultis
1678 5534 1733 5578 et
1758 5523 2028 5592 ambiguis
2055 5532 2271 5587 utatur;
2300 5530 2354 5575 et
2390 5529 2537 5589 quod
2565 5520 2800 5586 maligne
2840 5516 2983 5572 forte
3022 5515 3223 5586 aliquid
3258 5514 3476 5569 latentis

231 5610 428 5663 erroris
458 5608 787 5664 dissimulet.

298 5702 373 5756 Ex
401 5706 607 5759 duobus
653 5714 830 5757 autem
879 5706 1141 5761 duntaxat
1175 5708 1433 5777 operibus
1464 5708 1647 5779 Cyrilli
1688 5709 1958 5778 depromit
1988 5723 2128 5774 .oca,
2160 5722 2279 5777 qua:
2328 5703 2797 5759 anathematismis
2828 5709 3086 5772 opponat,
3125 5715 3193 5755 ex
3241 5696 3469 5770 epistola

240 5809 429 5865 nempe
456 5796 520 5851 ad
552 5795 768 5867 ngypti
798 5799 1116 5865 monachos,
1150 5810 1202 5854 et
1235 5801 1453 5857 humilia
1486 5802 1724 5872 paschali
1757 5801 1846 5867 i7,
1878 5802 2134 5870 illamque
2165 5798 2325 5871 primi
2351 5797 2481 5853 tomi
2515 5798 2753 5859 nomine,
2782 5796 2943 5851 istam
2973 5792 3197 5850 secundi
3228 5792 3476 5863 appellat.
