3956 6456
589 339 594 344 ’
675 351 782 409 515
1669 356 1727 412 S.
1769 354 2047 412 CYRILLI
2088 354 2556 411 ALEXANDRINI
2596 352 2919 410 AllClllEP.
3838 351 3914 408 316

675 470 806 525 Nam
841 473 940 528 ista
975 473 1083 530 duo
1114 474 1339 530 fuerunt
1365 476 1536 546 aperti
1565 491 1685 531 cum
1713 475 1968 532 Nestorio
1991 476 2201 532 dissidii
2241 478 2416 547 prima
2450 476 2596 531 velut
2636 474 2859 541 indicia,
2896 481 2953 529 et
2985 474 3141 544 quasi
3174 472 3318 530 belli
3351 469 3619 537 classica,
3657 469 3849 525 fuerunt
3877 486 3914 529 et

671 567 867 634 ubique
896 569 1135 637 gentium
1163 569 1469 632 notissima,
1494 586 1615 624 cum
1648 578 1870 640 propter
1897 570 2133 624 humilia
2156 570 2623 633 communitatem,
2649 576 2762 622 tum
2795 566 3033 621 maxime
3058 565 3130 621 ob
3190 563 3466 633 epistolae
3493 561 3691 618 factam
3714 562 3775 618 de
3801 564 3916 618 indu-

671 661 803 713 stria
836 676 931 729 per
959 662 1142 729 urbes,
1173 674 1225 718 et
1257 663 1720 733 Constantinopoli
1762 665 2016 728 maxime,
2058 664 2145 719 cui
2180 663 2427 719 Andreas
2459 663 2754 728 scribebat,
2790 660 3346 718 disseminationem.

739 754 1143 811 Observandum
1180 760 1281 813 sub
1328 761 1511 824 linem,
1544 761 1834 813 admodum
1883 775 2054 828 pauca
2089 760 2157 814 ab
2189 760 2407 814 Andrea
2453 759 2624 815 asseri
2659 772 2778 827 quae
2821 757 3022 811 bonum
3069 770 3307 810 sensum
3349 752 3508 807 ferre
3553 766 3661 805 non
3708 753 3913 821 possint:

669 860 839 912 quare
874 862 976 900 non
1011 852 1083 902 ita
1106 851 1415 918 discrepare
1436 850 1607 918 ipsum
1636 864 1662 903 a
1697 849 1920 920 Cyrillo,
1959 851 2086 919 quin
2117 850 2295 915 facile,
2321 851 2366 905 si
2399 849 2764 905 contentionis
2782 846 3023 902 studium
3043 846 3203 911 absit,
3231 843 3543 900 conciliari
3570 851 3762 912 queat:
3786 846 3913 898 asseri

668 936 811 1001 dico,
837 938 958 1005 quia
991 941 1318 993 sententiam
1348 940 1702 996 Orientalium
1721 940 2112 997 velutNestorii
2147 942 2364 997 nomine
2382 938 2856 996 auathematismis
2884 938 3176 1006 appetitam
3200 936 3461 991 subinde
3490 935 3735 1003 exponit,
3758 940 3807 986 ut
3830 935 3915 989 hac

668 1024 1009 1082 elucubratio
1040 1047 1142 1083 non
1186 1041 1294 1084 tam
1333 1032 1672 1100 impugnatio
1701 1032 1935 1086 hominis
1969 1032 2195 1101 alicujus
2223 1033 2395 1088 videri
2429 1034 2622 1104 possit,
2655 1046 2817 1101 quam
2851 1029 2934 1085 vel
2959 1029 3205 1084 defensio
3237 1026 3650 1097 iudiciumque
3676 1023 3913 1082 Orientalis

666 1122 878 1188 synodi,
919 1124 1000 1178 vel
1033 1128 1305 1180 sententia
1337 1128 1404 1181 de
1438 1128 1932 1191 anathemalismis,
1965 1137 2225 1199 tanquam
2253 1129 2355 1184 sibi
2387 1127 2911 1184 contradicentibus.

735 1217 915 1284 Atque
942 1219 1053 1272 ha:c
1089 1236 1246 1274 causa
1279 1220 1381 1275 fuit
1410 1239 1508 1277 cur
1544 1220 1802 1293 Cyrillus,
1837 1222 1938 1275 etsi
1976 1223 2245 1279 interdum
2273 1225 2560 1289 irascatur,
2585 1230 2809 1293 propter
2838 1220 3327 1289 importunitatem
3362 1216 3814 1283 obtrectatorum,
3837 1217 3909 1271 mi-

668 1309 772 1361 tius
801 1322 977 1365 tamen
1009 1328 1130 1365 cum
1159 1314 1377 1370 Andrea
1409 1331 1569 1386 quam
1597 1330 1720 1368 cum
1750 1312 2099 1370 Theodoreto
2134 1324 2296 1387 agat;
2326 1316 2380 1371 in
2405 1315 2499 1371 illo
2532 1315 2677 1371 enim
2712 1312 3049 1385 provinciam
3089 1326 3263 1366 unam
3302 1316 3519 1375 totam,
3552 1309 3608 1362 in
3643 1308 3739 1363 isto
3766 1308 3907 1377 singu-

664 1404 829 1457 larem
865 1422 1174 1475 personam,
1206 1418 1261 1463 et
1288 1425 1409 1465 eam
1446 1410 1663 1480 quidem
1694 1406 1798 1462 sibi
1834 1407 2072 1478 ignotam
2105 1411 2392 1480 spectavit.

1328 1810 1715 1943 ΤΟΥ
1791 1807 2316 1942 ΑΓΙΟΥ
2376 1803 3251 1941 ΚΥΡΙΛΛΟΥ

1689 2080 2258 2134 ΔΡΧῙΕΠΙΣΚΟΠΟΥ
2304 2078 2779 2135 ΑΛΕΞΑΝΔΡΕΙΑ

874 2259 1761 2352 ΑΠΟΛΟΓΗΤΙΚΟΣ
1834 2265 2135 2352 ΥΠΕΡ
2207 2262 2436 2352 ΤΩΝ
2515 2264 2971 2353 ΔΩΔΕΚΑ
3044 2260 3721 2353 ΚΕΦΑΛΑΙΩΝ

1512 2471 1703 2524 ΠΡΟΣ
1743 2469 1926 2524 ΊῸΥΣ
1968 2470 2108 2523 ΤΗΣ
2142 2466 2527 2525 ΑΝΑΤΟΛΗΣ
2555 2470 3051 2526 ΕΠΙΣΚΟΠΟΥΣ.

1493 2803 2181 2968 SANCTI
2281 2810 3065 2969 CYBILLI

1752 3105 2226 3162 ALEXANDRUE
2265 3106 2795 3163 ARCHIEPISCOPI

951 3298 1862 3397 APOLOGETICUS
1940 3306 2175 3401 PRO
2251 3308 2881 3400 DUODECIM
2959 3304 3608 3399 CAPITIBUS

1566 3497 1966 3560 ADVERSUS
2021 3500 2505 3562 ORIENTALES
2554 3500 2978 3563 EPISCOPOS.

710 3820 810 3891 Qui
846 3838 997 3879 suam
1041 3836 1274 3883 mentem
1315 3830 1660 3886 sanctissimo
1694 3833 1804 3888 Deo
1842 3836 2121 3901 dicarunt,
2164 3848 2215 3893 et
2246 3842 2289 3900 A

2393 3840 2453 3892 Οἱ
2486 3837 2564 3909 τῷ
2597 3836 2847 3907 παναγίῳ
2892 3834 3012 3906 Θεῷ
3055 3834 3153 3907 τὴν
3191 3834 3406 3889 ὲαυτῶν
3444 3832 3679 3887 διάνοιαν
3721 3838 3864 3893 παρα-

638 3914 885 3970 veritatis
915 3915 1260 3987 dogmatibus
1285 3922 1611 3988 patrocinari
1651 3924 1987 3991 delegerunt,
2022 3938 2216 3982 cavent

2324 3933 2639 4003 στήσαντες.
2673 3930 2904 3991 καὶτοῖς
2938 3928 3035 3999 τῆς
3069 3927 3327 3998 ἀληθείας
3362 3928 3601 3997 δόγμασι
3631 3914 3864 3973 συνειπεῖν

640 4007 864 4076 profana
900 4009 1323 4079 irreligiosorum
1363 4013 1736 4067 haereticorum
1777 4018 2085 4087 vaniloquia
2112 4037 2125 4082 ;
2153 4036 2215 4075 ac

2324 4021 2621 4092 ᾑρημένοι,
2666 4017 3057 4089 παραιτοῦνται
3095 4018 3192 4086 μὲν
3227 4018 3323 4082 τὰς
3372 4016 3637 4089 βεϐήλους
3666 4020 3865 4071 κενοφω⁹

644 4103 867 4167 ligentes
904 4101 1174 4156 internum
1206 4113 1260 4158 cl.
1294 4104 1669 4158 absconditum
1699 4110 1878 4161 cordis
1916 4111 2127 4165 oculum
2163 4115 2212 4167 in

642 4192 979 4259 Scripturam
1010 4195 1269 4250 divinitus
1308 4197 1648 4264 inspiratam,
1676 4200 1864 4270 sicque
1895 4203 2046 4256 bonis
2074 4207 2214 4273 cogi-

642 4281 934 4334 tationibus
955 4298 1077 4336 eum
1110 4282 1313 4337 affatim
1340 4286 1635 4353 explentes,
1677 4289 1740 4342 iis
1770 4290 1860 4359 qui
1897 4303 2040 4345 recta
2085 4310 2212 4361 per-

638 4382 877 4435 vertunt,
905 4374 1250 4428 obluctantur
1280 4392 1536 4446 perquam
1572 4390 1815 4447 strenue,
1844 4385 2000 4451 quasi
2032 4386 2223 4441 dicen-'

639 4472 719 4519 tes
747 4482 762 4497 -
796 4483 814 4517 ι
865 4465 1100 4520 Zelando
1150 4468 1308 4522 zelati
1359 4485 1547 4525 sumus
1590 4472 1817 4527 Domino
1848 4475 1912 4528 “.
1955 4495 1973 4528 ι
2026 4476 2214 4545 Itaque

636 4569 758 4608 cum
804 4555 1084 4612 Nestorius
1127 4559 1325 4614 multas
1378 4569 1433 4615 et
1480 4564 1721 4620 diversas
1754 4566 1916 4637 158
1962 4567 2213 4635 blasphe-

640 4647 777 4701 mias
810 4660 993 4701 (‘Otllt‘a
1027 4651 1300 4706 Christum
1330 4653 1663 4710 Salvatorem
1696 4661 1937 4714 omnium
1966 4670 2209 4716 nostrum

636 4736 953 4804 effunderet,
983 4751 1037 4797 et
1064 4747 1458 4812 quodammodo
1491 4752 1852 4805 venerandum
1882 4763 1936 4806 et
1958 4758 2207 4820 magnum

637 4831 1031 4889 incarnationis
1103 4849 1503 4892 sacramentum
1580 4840 1822 4897 funditus
1872 4853 2206 4910 removeret,

638 4937 742 4977 non
804 4925 1115 4994 ignorantes
1162 4928 1227 4980 ad
1282 4928 1394 4983 haec
1446 4930 1583 4986 velle
1631 4933 1794 4988 silere
1845 4935 2206 5003 periculosum

636 5027 779 5077 esse,
818 5024 868 5070 et
916 5033 1036 5070 cum
1088 5019 1383 5087 sepissime
1427 5024 1884 5081 consuluissemus
1937 5027 2037 5093 illi,
2088 5036 2207 5081 uta

638 5104 838 5160 talibus
873 5106 1223 5177 blasphemiis
1254 5123 1527 5180 cessaret,
1565 5116 1809 5185 nihilque
1838 5118 2052 5186 penitus
2084 5134 2209 5187 pro-

2322 4112 2439 4172 νίας
2464 4119 2490 4145 ι
2514 4110 2621 4162 τῶν
2644 4111 2869 4162 ἀνοσίων
2893 4107 3207 4179 αἱρετικῶν,
3235 4108 3554 4178 ἐρείσαντες
3579 4104 3633 4157 δὲ
3658 4100 3737 4153 τὸν
3758 4095 3857 4151 ἔσω,

2322 4202 2411 4253 καὶ
2440 4199 2965 4269 κατακεκρυμμένον
3003 4197 3280 4265 ὀφθαλμὸν
3317 4197 3421 4267 τῆς
3442 4193 3663 4266 καρδίας
3686 4189 3742 4256 τῇ
3769 4182 3860 4234 θεοί

2322 4293 2570 4363 πνεύστῳ
2598 4293 2809 4363 Γραφῇ,
2834 4290 2977 4343 οὕτω
3008 4306 3069 4342 τε
3096 4290 3261 4342 αὐτὸν
3292 4288 3571 4349 πλουσίως
3595 4272 3859 4349 ἀναμεστώ·

2323 4403 2511 4448 σαντες
2553 4382 2771 4437 ἐννοιῶν
2801 4381 3044 4450 ἀγαθῶν,
3087 4382 3199 4444 τοῖς
3226 4380 3294 4434 τὰ
3322 4379 3465 4451 ὀρθὰ
3493 4371 3857 4443 διαστρέφουσιν

2320 4476 2763 4539 ἀντανίστανται,
2810 4475 2906 4527 καὶ
2942 4474 3086 4545 μάλα
3133 4472 3430 4537 νεανικῶς,
3488 4460 3750 4539 pavos/09)!1
3786 4454 3854 4506 λέ·

2319 4585 2507 4637 γοντες
2528 4586 2543 4599 ο
2587 4586 2605 4619 ι
2640 4565 2935 4637 Ζηλοῦντες
2984 4565 3341 4636 ὲζηλώκαμεν
3374 4564 3454 4630 τῷ
3489 4557 3690 4630 Κυρίῳ.
3717 4572 3732 4602 ι
3769 4548 3852 4600 Νε-

2321 4660 2536 4731 στορίου
2572 4659 2750 4723 τοίνυν
2780 4658 2980 4722 πολλάς
3006 4675 3066 4710 τε
3094 4658 3186 4710 καὶ
3213 4657 3508 4727 διαφόρους
3541 4644 3853 4731 καταχέοντος

2320 4726 2667 4821 βλασφημίας
2692 4748 2786 4801 τοῦ
2816 4748 3032 4801 πάντων
3058 4750 3090 4818 ἡ
3100 4747 3214 4818 μῶν
3235 4726 3489 4819 Σωτῆρος
3512 4734 3750 4815 Χριστοῦ,
3774 4726 3848 4821 καὶ

2315 4819 2427 4893 οἷον
2455 4819 2528 4892 ὲκν
2545 4819 3259 4910 -βάθρωνλάναμοχλεύοντος
3283 4836 3343 4888 τὸ
3370 4834 3586 4896 σεπτὸν,
3621 4827 3706 4879 καὶ
3735 4819 3848 4891 μέγα

2315 4932 2417 5001 τῆς
2436 4930 2592 4984 ὲνανθ
2603 4930 2899 5002 ρωπήσεως
2927 4929 3243 4999 μυστήριον,
3268 4927 3368 4981 οὐκ
3394 4925 3664 4981 ἀκίνδυνον
3684 4910 3842 4968 εἰδότες

2314 5024 2375 5076 τὸ
2396 5023 2485 5075 ἐπι
2517 5040 2580 5090 γε
2608 5022 2819 5084 τούτοις
2850 5020 3064 5074 ἑλέσθαι
3096 5021 3274 5090 σιγᾷν,
3303 5003 3776 5089 συμϐουλεύσαντές
3795 5013 3841 5048 τε

2315 5114 2635 5177 πλειστάκις
2691 5112 2841 5183 αὑτῷ
2885 5111 2995 5164 τῶν
3033 5110 3289 5164 τοιούτων
3332 5104 3625 5180 ἀπέχεσθαι
3669 5099 3834 5158 δυσφη·

637 5195 974 5263 fecissemus,
1005 5205 1314 5258 necessario
1354 5208 1565 5261 tandem
1610 5210 1677 5263 ad
1723 5209 2056 5264 defendenda
2090 5211 2205 5276 pie-
2238 5204 2281 5259 B
2313 5228 2323 5281 ι

2318 5209 2471 5281 μιῶν,
2523 5208 2814 5277 ὀνήσαντες
2849 5205 2905 5257 δὲ
2951 5203 3235 5266 παντελῶς
3273 5203 3446 5267 οὐδὲν,
3486 5191 3835 5281 κεχωρήκτξμεν

638 5290 765 5346 tatis
816 5292 1065 5362 dogmata
1121 5299 1471 5365 accessimus,
1520 5309 1575 5355 ct
1615 5300 1832 5357 seleCIis
1885 5301 2207 5370 quibusdam

709 5466 750 5499 οι
781 5466 842 5522 ιιι
877 5468 1006 5540 Reg.
1042 5488 1155 5536 Χιιι,
1193 5474 1267 5527 ιι.

2316 5276 2629 5371 ἀναγκαίως
2671 5300 2763 5353 ἐπὶ
2806 5298 2867 5351 τὸ
2900 5297 3097 5368 χρῆναι
3136 5294 3417 5350 συναθλεῖν
3446 5293 3555 5355 τοῖς
3592 5284 3680 5353 τῆς
3708 5276 3829 5330 εὒσε⁶

1701 5631 1874 5690 Variae
1903 5633 2161 5692 lectiones
2184 5650 2248 5692 ex
2282 5635 2466 5693 codice
2501 5636 2872 5705 chuicriauo.

644 5782 673 5814 ³
694 5776 859 5842 ἴσως,
890 5781 1246 5849 καινοφωνίας
