4088 6508
153 415 262 476 327

761 401 1295 465 APOLOGETICUS
1333 401 1471 457 PRO
1514 398 1606 455 XII
1645 391 2013 453 CAPITIBUS
2045 388 2330 449 CONTRA
2368 379 2834 443 ORIENTALES.

3229 399 3232 405 -
3322 365 3428 423 318

152 533 310 595 Gaia;
333 527 624 599 δόγμασιν.
648 524 1080 595 Ἀπολεξάμενοι
1102 522 1159 575 δέ
1187 517 1464 590 κεφάλαιά
1483 532 1604 569 τινα
1632 513 1740 568 τῶν

1874 511 1996 565 Ilius
2022 503 2481 577 blasphemiarum
2538 492 2826 565 capitibus,
2871 503 2933 542 ea
2969 485 3171 541 utiliter
3209 482 3429 536 anathe-

2282 596 2293 599 ‘
2755 583 2766 594 '
2813 580 2928 599 --|’-
2975 577 3172 599 --_-!-A
3223 572 3400 599 ..ηιηηι

153 621 374 676 ἐκείνου
403 615 746 689 δυσφημιῶν,
795 614 970 668 ταῦτα
1015 611 1304 684 χρησίμως
1345 605 1745 676 ἀνεθεματίσα-

157 731 285 784 μεν,
323 713 444 782 ήτοι
485 709 614 772 τοὺς
645 708 862 778 φρονεῖν
907 703 1192 764 ἐθέλοντας
1222 698 1391 762 αύτά,
1435 695 1748 764 πειθόμενοι

151 806 374 873 λέγοντι
407 800 492 871 τῷ
523 799 778 870 μακαρίῳ
812 795 1044 864 Παύλῳ·
1078 812 1094 844 σ
1129 791 1195 845 E't'
1225 808 1309 854 τις
1340 791 1485 859 ὑμᾶς
1517 787 1748 853 εὐαγγε-

154 895 373 959 λίζεται
418 889 546 962 παρ’
589 889 618 942 ὃ
687 885 1058 959 παρελάϐετε,
1105 882 1356 952 ἀνάθεμα
1402 878 1573 932 Eatur
1617 873 1752 928 ἀλλά

156 988 268 1042 κᾶν
293 986 481 1057 ἡμεῖς,
507 983 542 1053 ἢ
566 979 796 1049 ἄγγελος
824 978 884 1042 ἐξ
905 979 964 1030 ού
975 974 1138 1048 ρανοῦ
1162 969 1584 1040 εὐαγγελίσηται
1607 965 1752 1036 ὑμᾶς

161 1080 295 1149 παρ’
317 1055 356 1130 Ῠδ
401 1073 764 1147 παρελάὸετε,
808 1069 1058 1138 ἀνάθεμα
1087 1065 1248 1120 ἔστω.
1276 1084 1294 1115 ι
1351 1061 1490 1116 Ἀλλ’
1526 1058 1626 1113 οὐκ
1657 1055 1752 1110 οἷδ’

161 1175 315 1234 ὅπως
366 1165 804 1239 δεδυσφορήκασί
835 1179 980 1226 τινες
1025 1160 1120 1215 ἐπὶ
1153 1158 1328 1228 τούτῳ
1359 1156 1502 1221 λίαν,
1547 1153 1582 1224 ἢ
1628 1151 1757 1222 ὁμό-

163 1281 365 1334 φρονες
389 1262 562 1325 ὄντες,
587 1259 681 1314 καὶ
713 1251 1146 1327 ίσογνώμονες,ἢ
1174 1249 1627 1322 προσποιούμενοι
1658 1243 1757 1315 μὲν

162 1355 559 1429 παραιτεῖσθαι
591 1352 688 1424 τὴν
725 1349 1030 1422 όμοδοΞίαν,
1069 1343 1400 1416 πειρώμενοι
1437 1340 1494 1394 δὲ
1527 1339 1616 1393 διὰ
1643 1336 1760 1408 τρὸ·

165 1470 272 1504 που
313 1449 518 1512 παντὸς
566 1445 881 1515 ἐπικουρεῖν
919 1439 1098 1509 αὐτῷ,
1147 1439 1242 1491 καὶ
1306 1433 1575 1488 ποιεῖσθαι
1625 1447 1757 1484 κατ-

166 1543 583 1613 εστυγημένους
615 1539 743 1600 τοὺς
773 1535 852 1606 τῷ
885 1533 1102 1602 Σωτῆρι
1139 1526 1522 1598 συναγορεύειν
1547 1523 1758 1577 ἐθέλον-

164 1655 290 1701 τας.
332 1635 475 1688 Ἀλλ’
503 1629 571 1704 ἦν
610 1627 906 1684 ἀκόλουθον
950 1626 1171 1687 ἐννοεῖν,
1211 1623 1292 1675 ὅτι
1323 1622 1435 1681 τοῖς
1464 1614 1763 1686 ἑτεροδιδα-

164 1727 394 1789 σκάλοις
444 1723 708 1792 ἐπιτιμᾷν
765 1716 1136 1789 προύξένησεν
1187 1712 1253 1766 ἂν
1299 1711 1484 1772 αὐτοῖς
1533 1707 1632 1776 τῆς
1682 1704 1763 1766 εἰς

165 1817 413 1888 Χριστὸν
452 1815 674 1884 ἀγάπης
708 1815 769 1865 τὸ
801 1809 1050 1880 γνήσιον·
1092 1805 1188 1860 νῦν
1219 1804 1275 1857 δὲ
1309 1799 1626 1871 πεπράκασι
1665 1794 1762 1866 μὲν

165 1913 272 1981 οὐχ
310 1912 451 1981 ὅπερ
476 1904 544 1978 ἦν
569 1907 790 1976 ἄμεινον
811 1920 823 1934 ’
856 1898 1052 1954 πολλοῦ
1082 1915 1146 1967 γε
1172 1897 1264 1950 καὶ
1290 1894 1397 1947 δεῖ·
1435 1890 1756 1958 πεποίηνται

162 1978 734 2071 δὲ’πολεμιωτάτους,
765 1988 839 2048 ὧν
884 1994 933 2046 εί
970 1988 1226 2060 γεγόνασι
1269 1981 1526 2056 ζηλωταὶ,
1570 1978 1758 2047 ἀνεδήο

170 2111 342 2148 σαντο
372 2092 438 2146 ἂν
489 2092 586 2144 σὺν
626 2090 814 2150 αὐτοῖς
854 2087 954 2156 τῆς
988 2079 1302 2152 ἀφθαρσίας
1341 2076 1431 2130 τόν
1476 2073 1757 2142 στέφανον.

178 2183 678 2256 Ἐπιλαμϐάνονται
704 2179 882 2234 τοίνυν
906 2176 1014 2229 τῶν
1044 2167 1525 2242 ἀναθεματισμῶνζ
1553 2165 1628 2228 ὡς
1662 2164 1762 2216 οὐκ

161 2274 228 2334 εὖ
265 2277 605 2347 γεγονότωνο
641 2272 738 2326 καὶ
777 2271 840 2332 δὴ
882 2269 977 2322 καὶ
1023 2265 1240 2334 ἑκάστῳ
1287 2259 1628 2335 παραθέντες
1669 2256 1764 2321 ἐγ-

163 2371 401 2441 γράφως
429 2367 500 2421 τὰ
521 2366 621 2435 τῆς
652 2361 862 2418 ἑαυτῶν
887 2359 1126 2421 διανοίας
1153 2356 1282 2426 εύρή
1296 2370 1460 2425 ματα,
1491 2351 1583 2403 καὶ
1609 2350 1765 2401 ἀσυν-

163 2463 329 2525 έτους
373 2459 524 2522 τινάς
568 2453 973 2524 εἰκαιομυθίας,
1009 2440 1378 2519 συναρπάσειν
1403 2443 1605 2495 οἴονται
1637 2438 1764 2499 τοὺς

165 2543 611 2616 ἐντευξομένους,
642 2542 740 2596 καὶ
766 2538 1145 2600 ἀϐασανίστως
1177 2538 1290 2598 τοῖς
1317 2531 1447 2603 παρ’
1470 2528 1648 2584 αὐτῶν
1679 2529 1764 2579 ἐν-

164 2639 542 2710 τυγχάνοντας
584 2635 786 2704 λόγοις.
837 2628 946 2686 Ἦν
994 2626 1087 2684 οὖν
1135 2629 1431 2696 ἀναγκαῖον
1469 2623 1564 2677 καὶ
1614 2621 1762 2691 ἡμᾶς

164 2731 376 2794 αὐτοὺς
413 2726 868 2799 ἀντιπαρεξάγειν
899 2724 958 2778 τὸ
986 2721 1208 2793 ἀληθὲς,
1235 2720 1329 2772 καὶ
1361 2713 1763 2788 ἀποκρούεσθαι

162 2824 270 2894 τὴν
305 2821 670 2892 κατάρῤησιν,
691 2815 968 2887 ἀποφῆναί
996 2833 1053 2868 τε
1082 2809 1567 2884 φιλοσκώμμονας,
1595 2805 1763 2876 ἤγουν

163 2915 435 2986 ἀληθείας
481 2911 781 2984 ἐρευνητάς
827 2911 956 2972 τοὺς
983 2907 1048 2960 δι’
1088 2904 1358 2966 ἐναντίας.
1389 2898 1765 2971 Προτάξαντες

165 3008 363 3061 τοίνυν
406 3005 637 3059 ἕκαστον
663 3002 773 3056 τῶν
801 2995 1285 3070 ἀναθεματισμῶν,
1314 2989 1434 3047 εἶτα
1461 2991 1671 3053 τούτοις
1696 2989 1764 3043 τὰ

165 3101 309 3169 παρ’
336 3098 561 3151 ἐκείνων
593 3093 980 3164 συντεθειμένα
1014 3108 1143 3146 συντ

171 3207 277 3264 μεν
304 3189 378 3243 τὰ
407 3189 537 3259 παρ’
562 3185 792 3250 ἑαυτῶν,
820 3186 932 3247 τοῖς
958 3183 1065 3237 τῶν
1097 3182 1258 3236 θείων
1282 3179 1515 3251 Γραφῶν
1543 3176 1766 3244 ἐπιστήο

172 3301 330 3355 μοσι,
352 3281 632 3342 δικασταῖς
657 3278 817 3331 οἱονεὶ
843 3274 1135 3346 χρώμενοι,
1162 3273 1255 3326 καὶ
1281 3271 1460 3342 ψῆφον
1487 3267 1766 3329 αἰτοῦντες

171 3376 352 3446 ὀρθήν
390 3390 452 3426 τε
480 3372 575 3425 καὶ
621 3369 1024 3438 ἀνεπίπληκτον
1073 3363 1226 3436 παρά
1274 3364 1383 3417 τῶν
1416 3361 1634 3416 εἰδότων
1667 3358 1766 3414 τὴν

175 3466 462 3539 ἀληθειαν.

621 3571 1211 3629 ΑΝΑΘΕΜΑΤΙΣΜΟΣ
1249 3574 1328 3624 Α’.

245 3689 322 3745 EE
346 3707 433 3753 τις
462 3689 562 3757 οὐχ
591 3685 848 3756 ὁμολογεῖ
879 3683 1014 3736 Θεὸν
1045 3677 1185 3735 εἶναι
1215 3681 1358 3734 κατά
1387 3679 1645 3750 ἀλήθειαν
1674 3679 1768 3732 τὸν

186 3780 576 3856 Ἐμμανουὴλ,
600 3779 692 3832 καὶ¹
721 3777 809 3831 διὰ
836 3776 992 3830 τοῦτο
1017 3775 1282 3829 Θεοτόκον
1304 3773 1403 3842 τὴν
1438 3772 1597 3841 ἀγίαν
1623 3773 1702 3824 [Ια
1713 3789 1769 3841 ρ-

171 3877 363 3932 θένονο
398 3873 693 3943 γεγέννηκε
723 3870 833 3940 γάρ
863 3868 1142 3939 σαρκικῶς
1170 3866 1353 3932 σάρκα
1384 3863 1646 3932 γεγονότα
1676 3863 1768 3917 τὸν

167 3972 240 4027 ιι
265 3965 411 4022 Θεοῦ
437 3964 652 4035 [ἰατρὸς
679 3963 849 4030 Λόγον
867 3978 881 3990 ·
903 3960 1149 4030 ἀνάθεμα
1177 3959 1319 4013 έστω

493 4075 862 4144 Ἀντιρῤησις
895 4070 1015 4125 τῶν
1059 4068 1469 4124 Ἀνατολικῶν.

249 4193 370 4246 Καὶ
410 4190 494 4252 τίς
547 4187 851 4260 σαρκικῶς,
890 4186 1067 4256 σάρκα
1099 4181 1360 4251 γεγονότα
1402 4180 1492 4233 τὸν
1540 4181 1602 4232 ἐκ
1634 4177 1771 4231 Θεοῦ

177 4285 384 4353 Λόγον,
409 4279 772 4349 ἀποτετέχθαι
801 4274 1321 4346 συνομολογήσειεν;
1351 4272 1414 4325 El
1441 4269 1549 4340 γὰρ
1579 4285 1771 4339 σαρκιο

177 4379 297 4442 κῶς
333 4376 648 4446 ἐγέννησεν,
681 4370 865 4425 ούκέτι
895 4366 1038 4422 κατὰ
1083 4365 1352 4436 παρθένον
1372 4381 1386 4396 ο
1415 4361 1508 4415 καὶ
1547 4360 1650 4414 ποῦ
1683 4360 1774 4429 θήο

180 4433 558 4540 σομε-θ.τό⁶’‹
587 4433 814 4532 Πνεῦμα
847 4460 908 4512 τὸ
947 4459 1102 4527 άγιον
1149 4433 1502 4508 ἐπελεύσεται
1550 4450 1645 4504 ἐπὶ
1679 4449 1765 4513 σὲ,

1877 4450 2014 4505 ritus
2044 4453 2266 4500 sanctus
2306 4435 2656 4507 superveniet
2689 4433 2741 4486 in
2775 4437 2849 4495 te,

179 4561 278 4616 καὶ
293 4558 532 4627 δύναμις
560 4554 814 4624 Ὑψίστου
832 4551 1141 4605 ἐπισκιάσει
1157 4548 1311 4618 σοι,1›
1349 4541 1632 4615 σαρκικῶς
1654 4541 1777 4595 κατ’

179 4648 357 4705 αὑτὸν
388 4649 490 4718 τῆς
517 4645 815 4718 Παρθένου,
846 4646 941 4697 καὶ
969 4643 1031 4696 ού
1061 4638 1383 4713 θεοπρεπῶς
1405 4636 1777 4707 γεννησάσηςς

181 4743 281 4796 καί
309 4740 435 4802 πῶς
464 4737 668 4806 ταύτην
690 4745 719 4784 1
744 4734 920 4806 ἀστὴρ
954 4732 1270 4805 παραδόξως
1296 4728 1619 4799 φαινόμενος
1647 4742 1782 4778 κατ-

181 4833 443 4904 εμήνυες
497 4827 662 4898 μάγοι
717 4825 774 4878 δὲ
817 4827 882 4878 ἐκ
931 4822 1195 4894 Περσίδος
1238 4821 1305 4874 δι’
1346 4817 1510 4872 αὐτοῦ
1548 4814 1780 4886 ὁδηγού-

186 4939 352 4989 μενοι
393 4923 682 4991 παρῄεσαν
709 4927 757 4982 ³,
787 4917 878 4970 τὸν
908 4914 1171 4986 τεχθέντα
1209 4910 1529 4983 ζητοῦντες·
1561 4909 1656 4962 καὶ
1684 4907 1778 4960 εύ-

187 5015 405 5087 ρόντες,
435 5010 630 5082 ἔφερον
663 5010 814 5081 δῶρα
845 5009 939 5062 καὶ
966 5006 1044 5078 τῷ
1089 5005 1386 5075 νοουμένῳ,
1429 5001 1524 5055 καὶ
1549 4999 1626 5071 τῷ
1658 5016 1782 5068 φαι-

184 5107 411 5177 νομένῳ
447 5104 755 5174 πρόσφορα.
781 5099 1037 5170 Ἀγγελοί
1065 5115 1124 5152 τε
1171 5093 1462 5168 οὐρανόθεν
1496 5092 1784 5146 κατελθόν-

188 5217 279 5262 τες
305 5197 412 5268 τὴν
441 5195 713 5266 γέννησιν,
750 5192 891 5265 μετά
915 5191 1026 5246 τῶν
1053 5191 1325 5262 ποιμένων
1351 5187 1707 5258 ἀναμιγέντες
1730 5198 1781 5248 α,

192 5291 457 5360 ἐχόρευον
489 5287 772 5354 λέγοντες·
809 5305 828 5337 ι
855 5284 995 5349 Δόξα
1024 5287 1083 5338 ἐν
1113 5283 1359 5352 ὑψίστοις
1389 5279 1530 5350 Θεῷ,
1560 5279 1654 5332 καὶ
1686 5277 1781 5330 ἐπὶ

228 5381 298 5450 ἧς
356 5379 574 5450 εἰρήνη,
620 5379 678 5431 ἐν
720 5375 1028 5448 ἀνθρώποις
1075 5373 1312 5428 εὐδοκία.
1339 5393 1358 5424 ι
1408 5369 1595 5426 Ταῦτα
1639 5369 1783 5430 τίνος

1855 599 2254 661 matizavimus,
2282 596 2386 649 hoc
2407 600 2512 654 est,
2543 603 2637 643 eos
2677 583 2769 653 qui
2812 580 2936 634 talia
2972 577 3175 633 sentire
3223 572 3430 634 volunt,

1850 697 2286 760 obtemperantes
2315 687 2474 739 beato
2505 678 2672 734 Paulo
2699 674 2898 730 dicenti
2939 688 2951 723 :
2989 689 3007 721 ι
3049 670 3104 722 Si
3135 665 3256 734 quis
3279 663 3431 718 vobis

1851 778 2306 852 evangelizaverit
2359 781 2554 843 praeter
2610 769 2660 820 id
2724 764 2864 834 quod
2935 754 3241 824 accepistis,
3298 765 3432 803 ana-

1853 843 2032 928 thema
2071 871 2163 925 sit.
2196 865 2300 921 Sed
2333 863 2434 918 etsi
2477 875 2596 923 nos,
2625 855 2708 910 vel
2744 853 2965 923 angelus
2993 849 3058 902 de
3103 843 3240 900 caelo
3271 856 3432 895 evan-

1855 960 2166 1034 gelizaverit
2206 955 2362 1011 vobis
2403 960 2601 1023 praeter
2653 949 2702 1002 id
2756 943 2898 1013 quod
2941 935 3254 1007 accepistis,
3299 946 3431 985 ana-

1859 1059 2038 1112 thema
2067 1053 2140 1108 sit
2168 1050 2234 1105 “.
2272 1067 2292 1101 ι
2325 1049 2393 1100 At
2427 1043 2609 1099 nescio
2637 1054 2745 1110 quo
2776 1045 2932 1108 pacto
2964 1032 3018 1084 id
3059 1029 3274 1084 modum
3310 1038 3436 1093 gra-

1855 1160 1979 1205 vate
2019 1145 2237 1201 tulerint
2265 1139 2452 1211 aliqui,
2480 1137 2562 1191 vel
2591 1133 2733 1205 quod
2782 1130 2891 1185 sint
2935 1124 3171 1194 ejusdem
3218 1125 3438 1173 senten-

1859 1243 1946 1296 tiae
1973 1255 2036 1294 ac
2064 1235 2333 1308 opinionis
2373 1246 2494 1286 cum
2543 1228 2662 1292 illo;
2698 1224 2778 1278 vel
2819 1219 2962 1291 quod
3011 1213 3264 1271 simulent
3314 1207 3438 1278 qui-

1861 1334 1978 1386 dem
2009 1345 2069 1386 se
2095 1329 2265 1381 vitare
2290 1321 2560 1394 opinionis
2587 1316 2926 1373 societatem,
2957 1312 3221 1360 attentent
3255 1308 3434 1354 autem

1862 1424 2035 1478 modis
2064 1420 2312 1474 omnibus
2349 1418 2522 1484 ipsum
2571 1409 2846 1474 adjuvare,
2880 1410 2934 1458 et
2971 1398 3193 1453 reddere
3242 1407 3439 1447 exosus

1861 1531 1954 1570 eos
2020 1513 2112 1584 qui
2164 1511 2501 1564 Salvaterem
2556 1501 2832 1557 Christum
2885 1490 3177 1547 defendere
3231 1484 3434 1539 volunt.

1863 1607 2243 1661 Verumtamen
2269 1597 2611 1669 cogitandum
2660 1599 2800 1654 erat,
2843 1585 2985 1656 quod
3037 1583 3317 1647 increpare
3356 1575 3436 1627 di-

1866 1713 2018 1753 versa
2052 1697 2330 1758 docentes,
2364 1687 2705 1745 conciliasset
2748 1680 2880 1748 ipsis
2932 1673 3133 1730 amoris
3181 1671 3235 1723 in
3280 1665 3440 1721 Chri-

1865 1802 2006 1845 stum
2061 1785 2473 1842 sinceritatem:
2529 1793 2672 1832 nunc
2722 1781 2903 1827 autem
2949 1770 3176 1836 egerunt
3221 1757 3436 1830 quidem

1794 1860 1838 1919 Β
1870 1899 1974 1939 non
2037 1881 2177 1950 quod
2222 1878 2338 1932 ﬁeri
2385 1872 2703 1944 oportebat;
2774 1859 3033 1934 quinam?
3087 1854 3213 1910 facti
3260 1858 3436 1904 autem

1864 1985 1990 2031 sunt
2021 1970 2365 2029 inl'ensissimi
2419 1967 2522 2028 his,
2555 1975 2783 2032 quorum
2839 1956 2882 2011 si
2933 1952 3158 2007 fuissent
3205 1944 3442 1998 imitato-

1865 2086 1972 2133 res,
2009 2060 2431 2124 immortalitatis
2471 2070 2668 2111 corona
2720 2065 2840 2106 cum
2890 2046 3024 2115 ipsis
3071 2037 3305 2096 redimiti
3361 2033 3440 2087 l'o-

1867 2169 2006 2215 rent.
2035 2156 2220 2226 Itaque
2266 2147 2754 2206 anathematismos
2803 2133 3238 2210 reprehendunt,
3283 2124 3437 2196 quasi

1868 2268 1974 2306 non
2025 2259 2172 2304 recte
2221 2245 2501 2300 habeant:
2557 2250 2716 2307 atque
2762 2234 2924 2287 etiam
2977 2224 3271 2291 unicuique
3328 2230 3441 2272 suae

1867 2342 2064 2398 mentis
2093 2335 2533 2396 adinventiones,
2575 2341 2629 2383 et
2657 2325 2856 2382 stultas
2889 2316 3151 2391 quasdam
3187 2327 3249 2366 ac
3277 2309 3442 2364 frivo-

1866 2435 1946 2489 las
1998 2432 2358 2487 fabulationes
2409 2422 2694 2480 scribendo
2756 2418 3144 2484 apposuerunt,
3204 2406 3330 2468 rati,
3382 2415 3442 2456 se

1866 2539 1962 2594 per
1998 2521 2242 2576 fraudem
2293 2525 2625 2572 attracturos
2671 2509 2930 2563 librorum
2976 2513 3198 2555 suorum
3234 2496 3442 2564 impru-

1865 2616 2054 2671 dentes
2109 2612 2366 2667 lectores.
2407 2607 2595 2675 ltaque
2643 2608 2698 2656 et
2746 2597 2901 2653 nobis
2943 2576 3305 2648 necessarium
3343 2583 3444 2636 fuit

1867 2724 1898 2764 e
1927 2709 2142 2761 diverso
2186 2701 2468 2757 veritatem
2507 2674 2802 2766 opponere,
2843 2698 2896 2743 et
2940 2683 3155 2739 illorum
3197 2674 3444 2732 refellere

1866 2793 2291 2857 oblocutionem,
2328 2804 2392 2844 ac
2429 2763 2719 2843 ostendere
2754 2779 2878 2834 illos
2903 2770 3205 2830 dicacitatis
3240 2763 3450 2820 studio-

1866 2905 1978 2953 sos,
2002 2888 2105 2942 hoc
2128 2893 2212 2941 est
2233 2897 2420 2938 eorum
2445 2874 2790 2934 adversarios
2811 2865 3060 2925 veritatis
3079 2863 3443 2932 indagatores.

1865 2979 2104 3035 Proinde
2122 2972 2611 3046 praeordinavimus
2643 2964 2886 3036 singulos
2929 2955 3441 3015 anathematismos;

1148 3045 1285 3066 Γπ-.
1479 3045 1483 3046 κ
1653 3045 1669 3053 -

1148 3089 1396 3156 άξαντες,
1425 3083 1763 3156 παρεξεύξα-

1869 3069 2064 3126 deinde
2095 3045 2182 3122 his
2205 3063 2572 3135 adiunximus,
2601 3073 2720 3128 qua:
2744 3055 2814 3110 ab
2838 3053 2942 3108 illis
2966 3045 3264 3118 composita
3295 3049 3442 3105 sunt;

2363 3157 2392 3158 η
2903 3146 2934 3158 ..
2979 3144 2990 3155 .
3079 3157 3083 3158 ν
3133 3137 3442 3158 θυμω-η

1865 3173 2142 3236 postremo
2183 3157 2522 3215 subdidimus
2559 3162 2615 3207 et
2642 3159 2852 3212 nostra,
2885 3144 3096 3201 divinas
3133 3137 3447 3206 Scripturas

1867 3225 2170 3312 scientibus
2195 3250 2354 3321 quasi
2374 3244 2648 3318 iudicibus
2692 3249 2930 3302 utentes,
2960 3244 3120 3305 atque
3145 3232 3214 3285 ab
3245 3229 3328 3282 his
3353 3225 3444 3295 qui

1868 3348 2156 3402 veritatem
2188 3320 2391 3407 sciunt,
2422 3345 2630 3394 rectam
2664 3342 2720 3389 et
2756 3329 3087 3400 iuculpatam
3123 3320 3445 3380 sententiam

1869 3439 2221 3498 oostulantes.

2300 3533 2942 3602 ANATHEMATISMUS
2979 3530 3022 3584 l.

1940 3669 1998 3726 Si
2031 3668 2155 3740 quis
2188 3680 2294 3720 non
2333 3658 2646 3719 conﬁtetur,
2691 3643 3096 3706 Emmanuelem
3132 3636 3292 3708 159
3326 3648 3450 3690 vere

1871 3729 2227 3825 Deum-esse,
2271 3764 2328 3812 et
2372 3752 2443 3808 ob
2476 3751 2529 3804 id
2574 3752 2818 3803 sanctam
2849 3734 3126 3807 Virginem
3162 3729 3448 3797 Deiparam

1873 3853 2098 3928 (genuit
2121 3852 2267 3908 enim
2304 3847 2394 3903 illa
2427 3838 2726 3898 carnaliter
2758 3835 3099 3889 incarnatum
3141 3821 3234 3878 Dei
3274 3817 3451 3876 Patris

1872 3942 2147 4004 Verbum\
2172 3958 2187 3995 :
2223 3937 2512 3996 anathema
2554 3929 2646 3983 sit.

2326 4043 2682 4104 Orientalium
2720 4030 2992 4106 appositio.

1943 4170 2143 4241 Ecquis
2189 4177 2410 4222 carnem
2457 4159 2661 4214 factum
2718 4153 2813 4208 Dei
2850 4148 3114 4210 Verbum,
3162 4136 3455 4197 carnaliter

1875 4274 2059 4322 natum
2077 4275 2199 4317 esse
2214 4256 2374 4314 simul
2403 4250 2779 4312 conﬁtebitur;
2813 4257 2936 4297 nam
2959 4239 3004 4295 si
3038 4234 3331 4294 carnaliter
3363 4243 3456 4298 ge-

1876 4359 2017 4428 nuit,
2039 4356 2150 4426 jam
2181 4367 2288 4408 non
2314 4357 2370 4404 ut
2397 4349 2568 4415 virgo.
2603 4343 2669 4398 Et
2693 4339 2780 4395 ubi
2815 4347 3074 4408 ponemus
3096 4331 3199 4384 hoc
3229 4346 3242 4382 :
3279 4345 3296 4378 ι
3329 4323 3456 4392 Spi-

2883 4435 2939 4481 et
2973 4424 3146 4478 virtus
3189 4413 3455 4472 Altissimi

1879 4534 2226 4596 obumbrabit
2263 4531 2360 4587 tibi
2388 4529 2456 4595 “,
2486 4546 2503 4580 ι
2530 4527 2600 4591 si,
2626 4525 2782 4594 juxta
2806 4519 2948 4576 illius
2978 4521 3239 4575 mentem,
3267 4518 3458 4563 carna-

1879 4632 2004 4685 liter
2027 4636 2082 4684 et
2110 4640 2217 4681 non
2247 4633 2308 4678 ut
2345 4621 2511 4676 Deum
2542 4617 2719 4681 decet,
2762 4613 2929 4681 Virgo
2966 4603 3196 4678 genuit?
3238 4609 3295 4656 et
3319 4609 3458 4666 quo.

1885 4725 2044 4780 modo
2084 4722 2228 4776 hunc
2272 4715 2430 4772 stella
2475 4710 2692 4768 insolito
2735 4705 2895 4761 modo
2936 4709 3202 4770 apparens
3232 4693 3458 4747 demon-

1881 4813 2116 4873 stravit?
2142 4809 2283 4880 Magi
2313 4822 2445 4863 vero
2479 4819 2547 4860 ex
2589 4798 2833 4860 Perside,
2880 4793 2970 4849 illa
3024 4790 3182 4850 duce,
3229 4783 3462 4836 advene-

1887 4914 2033 4970 runt,
2059 4871 2258 4957 natuui
2274 4902 2604 4968 quaerentes,
2636 4897 2694 4945 et
2725 4887 2944 4942 invento
2971 4879 3112 4934 dona
3146 4871 3462 4931 obtulerunt

1883 5007 1940 5053 et
1971 4996 2045 5062 ei,
2075 4993 2166 5064 qui
2193 4962 2480 5047 videbatur
2507 4982 2703 5048 oculis,
2735 4987 2789 5034 et
2816 4977 2891 5042 ei,
2933 4972 3026 5044 qui
3063 4975 3246 5024 mente
3279 4962 3460 5035 perci-

1879 5057 2152 5160 piebatur,
2223 5078 2608 5138 convenientia
2637 5075 2700 5126 “.
2752 5066 2966 5140 Angeli,
3009 5063 3100 5135 qui
3160 5057 3460 5117 descende-

1879 5189 2006 5238 runt
2033 5181 2102 5235 de
2133 5178 2294 5242 cmlo,
2323 5190 2446 5233 eum
2482 5167 2791 5243 pastoribus
2829 5160 2996 5226 miSti,
3041 5159 3108 5212 de
3153 5151 3324 5209 natali
3361 5148 3460 5203 tri-

1880 5275 2171 5348 pudiarunt
2195 5312 2211 5338 ,
2241 5270 2483 5325 dicentes
2519 5282 2534 5319 :
2584 5281 2604 5315 ι
2634 5257 2820 5317 Gloria
2865 5254 2920 5309 in
2967 5247 3201 5307 excelsis
3237 5244 3368 5304 Deo,
3407 5246 3462 5292 et

1880 5369 1934 5424 in
1973 5377 2116 5423 terra
2147 5377 2274 5432 pax,
2309 5360 2360 5414 in
2392 5353 2705 5413 hominibus
2731 5351 2873 5408 bona
2903 5343 3152 5403 voluntas
3178 5337 3248 5392 ⁸⁸.
3281 5352 3302 5385 ι
3337 5330 3462 5386 llaec

269 5558 322 5592 δ’
351 5557 531 5614 Galat.
575 5577 614 5625 ι,
646 5560 700 5626 8,
734 5559 786 5612 9.
867 5557 912 5588 ιδ
943 5555 1074 5610 Luc.
1111 5554 1278 5620 1,55.
1356 5550 1399 5582 ιι
1428 5550 1615 5604 Matth.
1658 5549 1765 5614 ιι,τ

1866 5559 1976 5616 :qq.
2053 5543 2098 5575 ⁸⁸
2135 5541 2269 5597 Luc.
2303 5538 2358 5603 2,
2391 5535 2477 5589 Η.

1263 5707 1434 5763 Variae
1467 5705 1727 5762 lectiones
1756 5718 1819 5758 ex
1853 5699 2041 5758 codice
2069 5693 2441 5768 Seguieriano.

270 5879 306 5924 γ
334 5873 540 5927 τοῦτον.
625 5878 646 5906 ι
674 5866 961 5938 παρίεσαν.
1038 5877 1063 5906 ι
1090 5861 1507 5934 ἀναμιγνύντες.
