4088 6494
599 412 708 467 519

1600 402 1658 457 5.
1706 400 1981 459 CYRILL.
2021 392 2491 454 ALEXANDRINI
2534 391 2855 449 ARCHIEP.

3796 380 3917 438 5‘29

598 532 750 599 cujus
792 528 1036 584 indicia?
1072 528 1334 593 carnalis,
1382 543 1449 581 an
1496 526 1611 596 ejus
1661 541 1782 595 qua:
1826 526 1995 579 Deum
2025 522 2181 577 decet

2306 517 2612 587 ιηνῦματας
2644 515 2941 587 Σαρκικῆς,
2964 513 2996 585 ἢ
3020 508 3359 583 θεοπρεποῦς
3384 507 3732 599 γεννήσεως
3767 502 3920 599 Ἀλ-

596 623 942 679 nativitatis?
978 621 1037 674 Et
1073 621 1272 689 alioqui
1311 621 1355 674 si
1393 621 1597 687 absque
1642 617 1911 681 examine,
1950 624 2005 669 et
2039 613 2187 680 judi—

597 718 684 771 cio
716 717 768 769 in
806 713 925 782 ejus
958 728 1118 766 voces
1164 712 1543 772 inciderinms,
1584 720 1639 763 et
1680 708 2089 763 conversionem
2134 714 2189 757 et

604 804 1087 860 commutationem
1120 802 1281 859 Verbi
1316 804 1368 856 in
1402 816 1621 854 carnem
1656 798 2098 867 imaginabimur,
2136 806 2191 850 et

600 897 678 951 sic
708 896 872 950 etiam
900 907 1179 965 peccatum
1202 896 1247 927 ⁵⁸
1264 904 1319 949 et
1342 894 1686 948 maledictum
1718 892 1763 925 ⁸⁷
1791 892 1963 959 ipsum
1991 890 2188 944 factum

600 1001 719 1041 esse
754 987 1163 1056 suspicabimur
1192 1003 1205 1039 :
1241 986 1285 1040 si
1318 986 1534 1054 quidem
1564 987 1746 1038 minus
1778 985 1845 1037 ad
1880 982 2187 1050 sequentia,

598 1076 685 1131 vel
732 1078 1094 1147 praecedentia
1131 1087 1420 1131 contextus
1463 1076 1755 1141 sermonis,
1799 1084 1855 1128 et
1904 1073 1968 1126 ad
2021 1074 2189 1141 ipsam

600 1170 1050 1224 consuetudinem
1108 1168 1404 1238 Scriptura:
1443 1169 1860 1223 attenderimus.
1918 1165 2191 1221 Cmterutu

600 1276 817 1315 carnem
859 1276 981 1316 esse
1030 1260 1229 1316 factum
1270 1259 1527 1324 Verbum,
1577 1258 1903 1328 rectejuxta
1944 1258 2194 1326 Evange-

603 1350 795 1407 liorum
834 1360 1095 1418 mentem,
1131 1350 1522 1406 habitationem
1562 1350 1613 1402 in
1646 1364 1811 1404 carne
1842 1349 2188 1419 exponimus.

1148 1479 1396 1549 Defensio
1427 1478 1639 1549 Cyrillt'.

674 1611 1102 1681 Dispensationis
1134 1613 1399 1684 unigeniti
1432 1612 1553 1669 Filii
1591 1612 1684 1668 Dei
1722 1613 1776 1667 in
1807 1628 1976 1669 carne
2008 1629 2195 1669 sacra-

604 1713 845 1758 mentum
874 1705 1311 1774 sapientissimus
1337 1704 1578 1761 Joannes
1612 1706 1875 1770 declarat,
1908 1706 2189 1761 scribens:

610 1792 703 1847 «Et
721 1793 955 1848 Verbum
976 1810 1103 1849 caro
1120 1794 1319 1849 factum
1343 1805 1448 1863 est,
1476 1805 1530 1850 et
1553 1796 1821 1851 habitavit
1838 1798 1889 1849 io
1913 1796 2071 1851 nobis
2088 1797 2189 1853 ⁸⁸.»

2288 608 2394 671 λως
2442 626 2500 660 τε
2533 610 2581 660 εί
2634 606 3014 669 ἀϐασανίστως
3053 606 3175 668 ταῖς
3221 602 3428 673 φωναῖς
3476 598 3839 670 ὲμὸάλοιμεν
3862 597 3915 658 δ,

2290 703 2385 754 καὶ
2414 699 2622 770 τροπὴν
2656 699 2752 752 τοῦ
2790 698 2974 766 λόγου,
3000 698 3093 749 καὶ
3134 694 3440 764 μεταϐολὴν
3465 692 3568 764 τὴν
3594 692 3681 753 εἰς
3714 690 3917 759 σάρκα

2291 791 2819 862 φαντασθησόμεθαο
2845 789 2941 844 xui.
2966 788 3141 852 οὕτως
3168 787 3262 841 καὶ
3284 784 3559 857 ἁμαρτίαν
3581 782 3781 846 αὐτὸν,
3817 781 3917 832 καὶ

2291 885 2538 955 κατάραν
2590 881 2926 952 γεγενῆσθαι
2975 877 3402 951 ὑποληψόμεθα,
3447 876 3494 929 εί
3526 877 3645 937 τοῖς
3694 870 3916 939 ἑπομέ·

2289 994 2421 1039 νοις,
2452 976 2484 1045 ἥ
2526 973 2849 1046 ἡγουμένοις
2879 973 2989 1026 τῶν
3030 972 3322 1043 κειμένων,
3352 969 3448 1023 καὶ
3489 967 3629 1036 αὐτῇ
3662 966 3734 1034 τῇ
3775 978 3915 1014 συν-

2288 1066 2450 1137 ηθείᾳ
2501 1068 2600 1137 τῆς
2647 1065 2873 1137 Γραφῆς
2910 1066 2984 1135 μὴ
3049 1064 3436 1136 προσέχοιμεν.
3475 1058 3644 1113 Ἀλλὰ
3693 1056 3817 1128 γὰρ
3850 1055 3916 1108 τὸ

2295 1158 2553 1227 γενέσθαι
2582 1159 2761 1229 σάρκα
2788 1158 2879 1210 τὸν
2906 1157 3101 1224 Λόγον,
3130 1155 3229 1227 τὴν
3252 1157 3311 1207 ἐν
3331 1156 3400 1223 τῇ
3427 1151 3593 1224 σαρκὶ
3614 1149 3913 1216 σκήνωσιν

2294 1249 2475 1313 καλῶς
2498 1248 2914 1319 ὲκλαμόάνομεν
2942 1246 3086 1302 κατὰ
3114 1246 3211 1317 τὴν
3246 1245 3354 1298 τῶν
3382 1242 3747 1312 Εὑαγγελίων
3783 1239 3911 1293 διά-

2292 1360 2459 1397 νοιαν.

2757 1475 3068 1545 Ἀπολογία
3103 1473 3431 1541 Κυρίλλου.

2367 1610 2478 1678 Τῆς
2507 1608 2647 1680 μετὰ
2680 1607 2881 1677 σαρκὸς
2920 1605 3231 1677 οἰκονομίας
3263 1604 3355 1658 τοῦ
3398 1602 3739 1674 μονογενοῦς
3769 1602 3910 1656 Υίοῦ

2296 1699 2389 1754 τοῦ
2419 1700 2554 1753 Θεοῦ
2585 1699 2644 1753 τὸ
2682 1700 2980 1771 μυστήριον
3008 1700 3037 1751 ό
3069 1700 3343 1767 πάνσοφος
3375 1697 3633 1767 Ἰωάννης
3665 1697 3905 1768 διατραο

2297 1795 2378 1847 νοί
2412 1791 2816 1863 γεγραφηκώς·
2854 1810 2872 1842 ι
2904 1792 3015 1845 Καὶ
3059 1794 3088 1845 ὁ
3112 1791 3282 1860 Λόγος
3326 1788 3466 1861 σὰρξ
3514 1791 3765 1859 ἐγένετο,
3799 1790 3898 1842 καὶ

603 1884 729 1939 Haec
760 1896 907 1941 recte
942 1885 1301 1957 intelligentes
1349 1889 1490 1944 beati
1526 1889 1715 1944 Patres
1744 1890 1874 1943 olim
1913 1890 1965 1943 in
2014 1889 2187 1944 Nicaea

2306 1882 2601 1952 ισκήνωσεν
2630 1883 2688 1934 ἐν
2719 1884 2874 1950 ἡμῖν.
2904 1899 2922 1933 ι
2958 1880 3146 1935 Ταῦτα
3182 1880 3454 1938 συνιέντες
3483 1880 3667 1950 ὀρθῶς
3698 1880 3752 1932 οί
3786 1896 3900 1948 μα·-

602 1980 918 2048 congregati
953 1979 1229 2043 dixerunt.
1279 1981 1452 2049 ipsum
1502 1981 1738 2035 Verbum
1794 1999 1859 2036 ex
1896 1982 2005 2036 Deo
2038 1981 2197 2037 Patre

603 2079 811 2133 natum,
846 2084 943 2138 per
971 2072 1115 2140 quod
1156 2073 1336 2126 omnia
1390 2072 1519 2127 fecit
1565 2073 1742 2141 Pater,
1780 2076 1965 2127 lumen
2006 2074 2072 2127 de
2113 2073 2197 2127 lu-

601 2159 769 2223 mine,
802 2160 966 2213 Deum
1000 2176 1184 2215 verum
1217 2161 1281 2217 de
1310 2163 1418 2217 Deo
1451 2179 1602 2227 vero,
1656 2165 1996 2219 incarnatum
2027 2175 2082 2219 et
2113 2166 2197 2219 in-

606 2249 960 2305 lmmanatum
1012 2266 1155 2318 esse,
1204 2254 1308 2308 hoc
1355 2264 1459 2321 est,
1507 2256 1719 2309 unitum
1769 2257 1917 2310 carui
1962 2258 2197 2311 animam

605 2343 827 2397 habenti
885 2345 1230 2409 rati0nalem,
1267 2356 1323 2400 et
1366 2347 1643 2402 hominem
1694 2348 1893 2401 faclmn
1941 2364 2089 2414 esse;
2148 2360 2201 2403 et

603 2447 725 2486 cum
762 2432 867 2487 hoc
889 2433 1053 2488 etiam
1087 2437 1354 2492 mansisse
1383 2437 1571 2492 Deum.
1605 2438 1760 2504 Quod
1792 2448 1970 2492 auwm
1996 2440 2202 2508 absque

602 2528 964 2583 conversione
988 2538 1043 2582 et
1068 2530 1391 2586 confusione
1418 2532 1635 2587 unionis
1663 2533 1823 2604 160
1841 2550 1977 2602 opus
1996 2534 2198 2589 factum

604 2621 712 2679 est,
748 2626 1025 2684 manente,
1063 2628 1120 2669 ut
1160 2619 1294 2683 dixi,
1348 2618 1459 2673 Deo
1495 2621 1670 2676 Verbo
1712 2624 1760 2675 id
1806 2624 1947 2692 quod
1978 2633 2078 2688 est,
2118 2634 2200 2677 ta-

607 2706 762 2762 metsi
804 2706 1004 2762 factum
1042 2710 1113 2764 sit
1142 2726 1272 2765 caro
1303 2713 1680 2782 (immutabile
1713 2715 1859 2768 enim
1904 2718 2199 2769 secundum

606 2807 859 2853 naturam
898 2802 1044 2866 est),
1076 2801 1206 2855 nulli
1244 2802 1492 2858 dubium.
1530 2804 1666 2858 Nam
1698 2810 1842 2872 quod
1875 2805 2073 2859 dicitur
2119 2807 2203 2859 in-

607 2891 848 2955 carnari,
880 2907 984 2945 non
1021 2894 1073 2946 in
1115 2894 1299 2949 carnis
1342 2905 1590 2948 naturam
1633 2898 1883 2961 vertitur,
1925 2899 2019 2950 sed
2054 2896 2201 2950 aliud

606 2966 862 3052 quiddam
899 2985 969 3039 ab
1000 2984 1110 3050 illa,
1143 2994 1198 3039 et
1240 2987 1288 3039 ei
1324 2988 1530 3039 unitum
1564 2986 1904 3057 intelligitur.
1946 2987 2038 3041 Sic
2077 3004 2206 3041 sen-

608 3076 807 3128 tientes
848 3076 992 3129 beati
1046 3075 1236 3131 Patres
1285 3078 1378 3132 Dei
1411 3079 1731 3147 genitricem
1784 3079 2204 3133 nominavetunt

608 3178 858 3221 sanctam
886 3168 1179 3237 virginem.
1216 3168 1579 3224 Crediderunt
1625 3170 1793 3236 enim,
1841 3171 1980 3239 quod
2020 3171 2200 3223 incar-

608 3270 798 3312 natum
834 3269 889 3314 et
925 3260 1205 3314 hominem
1243 3260 1449 3314 factum
1479 3261 1730 3330 genuerit
1782 3260 1978 3314 Filium
2022 3260 2197 3325 illum,
2229 3240 2270 3297 (ἶ

609 3364 706 3415 per
735 3364 894 3419 quem
932 3354 1114 3407 omnia
1146 3351 1276 3408 fecit
1317 3354 1499 3409 Pater.
1536 3352 1737 3409 Verum
1778 3353 2060 3408 Nestorins
2102 3369 2201 3406 no-

610 3442 872 3497 vellarum
899 3443 1352 3513 blasphemiarum
1374 3446 1623 3501 inventor
1653 3461 1775 3500 cum
1801 3447 1901 3500 hac
1927 3448 2201 3500 sententia

611 3546 879 3602 pugnans,
924 3534 1196 3601 improbat
1235 3536 1453 3605 quidem
1501 3552 1687 3592 vocem
1736 3538 1893 3599 banc,
1928 3535 2020 3589 Dei
2052 3538 2201 3606 geni-

612 3624 743 3690 trix,
776 3627 935 3696 quasi
980 3643 1085 3681 non
1122 3628 1194 3681 sit
1226 3645 1350 3684 vere
1382 3631 1558 3693 dicta;
1606 3629 1817 3683 dicebat
1853 3638 2034 3681 autem
2064 3632 2142 3684 sic
2187 3647 2201 3683 :

612 3714 969 3785 Interrogavi,
1013 3717 1206 3787 inquit,
1250 3734 1392 3788 saepe
1430 3735 1523 3774 eos
1564 3738 1577 3774 :
1618 3720 1969 3775 Divinitatem
2022 3730 2204 3773 natam

613 3805 795 3861 dicitis
832 3820 863 3861 e
909 3805 1067 3862 beata
1115 3807 1378 3880 Virgine?
1428 3809 1691 3864 Resiliunt
1733 3813 1916 3865 statim
1960 3812 2024 3865 ad
2069 3814 2209 3867 hanc

615 3911 826 3952 vocem.
868 3896 935 3951 Et
978 3899 1121 3969 quis,
1180 3901 1375 3970 inquit,
1424 3912 1573 3954 tanto
1617 3902 1971 3969 blasphemiae
2021 3906 2209 3955 morbo

615 3985 853 4050 laborat,
882 3998 942 4041 ut
976 4002 1098 4056 qum
1125 3991 1310 4058 genuit
1338 3990 1622 4057 templum,
1653 3991 1703 4043 in
1740 3989 1826 4044 illa
1854 3992 1998 4046 dicat
2031 4009 2056 4043 τι
2090 3991 2209 4061 Spi-

617 4079 723 4133 ritu
753 4089 943 4134 sancto
977 4078 1144 4133 Deum
1178 4090 1424 4134 creatum
1456 4081 1619 4135 esse?
1649 4080 1851 4135 Deinde
1875 4084 2092 4150 quando
2130 4083 2213 4136 in-

618 4173 891 4229 terimus:
935 4172 1074 4240 Quid
1116 4174 1279 4241 igitur
1310 4174 1607 4228 absurdum
1656 4189 1752 4228 nos
1784 4174 2038 4239 dicimus,
2082 4189 2214 4230 con-

618 4260 858 4316 sulentes
889 4260 1194 4330 fugiendam
1221 4262 1365 4315 illam
1402 4278 1611 4325 vocem,
1637 4272 1695 4316 et
1709 4263 1944 4317 eundum
1972 4268 2037 4319 ad
2066 4281 2212 4320 com-

618 4366 839 4407 munem
872 4352 1161 4421 utriusque
1191 4362 1397 4407 natura:
1430 4353 1795 4423 significatum
1815 4356 1838 4408 ?
1859 4356 1909 4409 id
1937 4364 2064 4410 tunc
2094 4356 2216 4412 bla-

620 4442 843 4512 spheme
887 4442 1095 4498 dictum
1152 4454 1373 4513 putant.
1431 4446 1528 4499 Vel
1587 4448 1850 4503 conﬁtere
1899 4449 2213 4517 manifeste,

2300 1974 2477 2044 κάριον
2506 1974 2770 2044 Πατέρες,
2790 1976 2838 2026 οἱ
2876 1972 3019 2027 κατὰ
3046 1974 3274 2045 καιροὺς
3293 1975 3350 2025 ὲν
3380 1974 3446 2044 τῇ
3481 1972 3746 2026 Νικαέων
3772 1989 3901 2025 συν-

2300 2066 2625 2134 ειλεγμένοι,
2653 2066 2815 2119 αὐτὸν
2847 2065 3056 2134 ἔφασαν
3086 2064 3178 2117 τὸν
3206 2066 3272 2117 ὲκ
3304 2063 3439 2117 Θεοῦ
3470 2063 3696 2135 Πατρὸς
3726 2062 3905 2133 φύντι

2301 2154 2492 2223 Λόγον,
2532 2156 2623 2207 τὸν
2665 2154 2733 2206 δι’
2759 2149 2818 2207 οὗ
2856 2155 2925 2207 τὰ
2959 2155 3140 2209 πάντα
3182 2153 3483 2224 πεποίηκεν
3512 2157 3540 2208 ό
3572 2154 3812 2226 Πατὴρ,
3845 2154 3906 2206 τὸ

2301 2247 2416 2314 φῶς
2448 2248 2507 2300 τὸ
2540 2251 2604 2301 ἐκ
2651 2246 2746 2299 τοῦ
2783 2247 2992 2316 φωτὸς,
3043 2246 3135 2299 τὸν
3177 2245 3310 2298 Θεὸν
3350 2245 3607 2317 ἀληθινὸν
3651 2247 3726 2300 ὲκ
3764 2245 3907 2299 Θεοῦ

2302 2339 2580 2409 ἀληθινοῦ,
2613 2338 2965 2411 σαρκωθῆναί
2994 2355 3055 2391 τε
3087 2339 3179 2392 καὶ
3224 2337 3651 2409 ένανθρωπῆσαι
3672 2353 3687 2368 ’
3737 2355 3901 2391 τουτο

2302 2430 2449 2484 ἐστιν
2491 2431 2755 2501 ὲνωθῆναι
2808 2431 2975 2501 σαρκὶ
3022 2430 3203 2501 ψυχὴν
3253 2430 3454 2502 ἐχούσῃ
3498 2430 3600 2501 τὴν
3642 2431 3903 2501 λογικὴν,

2302 2526 2397 2577 καὶ
2419 2524 2706 2595 ἄνθρωπον
2734 2522 2989 2593 γενέσθαι
3021 2524 3159 2594 μετὰ
3180 2522 3275 2575 τοῦ
3301 2523 3391 2575 καὶ
3418 2523 3721 2593 άπομεῖναι
3743 2522 3898 2576 Θεόν.

2305 2618 2429 2670 ’Ότι
2457 2616 2514 2668 δὲ
2548 2617 2838 2688 ἀτρέπτως
2868 2633 2926 2669 τε
2954 2616 3048 2669 καὶ
3076 2614 3401 2683 ἀσυγχύτως
3429 2615 3491 2667 τὸ
3516 2613 3619 2684 τῆς
3649 2613 3903 2678 ὲνὼσεως

2304 2709 2616 2780 πέπρακται
2647 2709 2857 2779 χρῆμα,
2904 2709 3297 2779 μεμενηκότος,
3323 2708 3399 2767 ὡς
3433 2706 3591 2776 ἔφην,
3633 2706 3739 2760 τοῦ
3768 2707 3905 2761 Θεοῦ

2303 2802 2479 2869 Λόγου
2528 2800 2674 2853 τοῦθ’
2703 2801 2841 2869 ὅπερ
2873 2800 3023 2864 ἐστὶ,
3071 2799 3164 2852 καὶ
3193 2801 3243 2851 εί
3289 2798 3481 2866 γέγονε
3518 2797 3695 2867 σὰρξ,
3746 2798 3905 2851 ἀναλ-

2302 2893 2521 2956 λοίωτος
2551 2893 2659 2963 γὰρ
2690 2892 2829 2945 κατὰ
2858 2890 3019 2959 φύσιν
3052 2891 3221 2953 ἐστὶν,
3249 2889 3426 2942 οὐδενὶ
3455 2889 3567 2943 τῶν
3597 2889 3777 2942 όντων
3808 2891 3904 2958 άμ-

2305 2983 2544 3054 φίὸολον.
2571 2983 2644 3036 Τὸ
2674 2981 2783 3052 γὰρ
2820 2980 3155 3052 σαρκοῦσθαι
3187 2980 3505 3049 λεγόμενον,
3531 2980 3635 3033 οὐκ
3664 2982 3754 3043 εἰς
3784 2997 3905 3049 σαρ-

2305 3072 2400 3134 κὸς
2432 3071 2696 3143 τρέπεται
2732 3070 2916 3140 φύσιν,
2961 3070 3075 3124 ἀλλ’
3107 3071 3294 3141 ἕτερόν
3325 3088 3378 3123 τι
3408 3072 3674 3124 ἐννοεῖται
3710 3084 3733 3111 ε
3778 3072 3904 3140 παρ’

2307 3168 2479 3238 αὐτὴν
2510 3166 2777 3237 ὑπάρχον,
2820 3164 2914 3217 καὶ
2946 3165 3144 3217 ένωθὲν
3176 3165 3340 3235 αὐτῇ.
3371 3164 3531 3218 Οὕτω
3577 3166 3904 3234 φρονοῦντες

2305 3260 2352 3311 oi
2387 3258 2645 3329 μακάριοι
2690 3256 2949 3327 Πατέρες,
2983 3257 3245 3312 Θεοτόκον
3279 3258 3571 3325 ὠνόμασαν
3603 3258 3710 3328 τὴν
3746 3260 3909 3326 ἁγίαν

2305 3350 2600 3422 Παρθένον.
2646 3349 3053 3403 Πεπιστεύκασι
3111 3350 3220 3421 γὰρ
3273 3351 3355 3403 ὅτι
3409 3350 3772 3421 σαρκωθέντα
3819 3352 3907 3404 καὶ

2305 3444 2808 3514 ὲνανθρωπήσαντα
2838 3444 3140 3512 γεγέννηκε
3184 3443 3276 3496 τὸν
3330 3443 3477 3503 Υίὸν,
3524 3443 3618 3495 τὸν
3648 3443 3721 3496 δι’
3748 3437 3811 3497 οὗ
3842 3445 3907 3496 τά

2307 3534 2487 3588 πάντα
2528 3535 2830 3604 πεποίηκεν
2872 3537 2901 3587 ό
2946 3535 3158 3604 Πατήρ.
3208 3535 3267 3587 '0
3301 3534 3359 3587 δὲ
3418 3534 3528 3585 τῶν
3579 3534 3720 3587 νέων
3781 3538 3906 3607 ἡμῖν

2307 3627 2630 3697 δυσφημιῶν
2710 3627 2941 3699 εὑρετὴς
3013 3628 3312 3698 Νεστόριος
3363 3628 3541 3699 τοιᾷδε
3604 3630 3908 3699 μαχόμενος

2308 3717 2460 3790 δόξῃ,
2489 3719 2939 3789 κατακιὸδηλεύει
2972 3720 3069 3790 μὲν
3093 3718 3119 3758 ἀ
3151 3720 3227 3784 ὡς
3253 3721 3352 3774 οὐκ
3384 3716 3555 3774 οὖσαν
3590 3721 3780 3791 ἀληθῆ
3812 3722 3907 3792 τὴν

2315 3813 2576 3877 Θεότοκος
2619 3815 2835 3885 φωνήν·
2874 3812 2978 3885 ἔφη
3047 3814 3105 3866 δὲ
3148 3812 3350 3877 οὕτως·
3392 3812 3711 3885 Ἦρῶτησα,
3745 3817 3909 3886 φησὶ,

2312 3905 2572 3965 πολλάκις
2612 3905 2837 3968 αὐτούς’
2874 3904 2985 3976 Τὴν
3017 3905 3258 3972 Θεότητα
3308 3904 3494 3973 λέγετε
3547 3906 3906 3977 γεγεννῆσθαι

2313 3997 2376 4047 ὲκ
2397 3997 2493 4067 τῆς
2523 3998 2800 4068 μακαρέας
2828 3998 3107 4067 Παρθένου
3136 4015 3149 4062 ;
3186 3997 3567 4067 Ἀποπηδῶσιν
3588 3997 3757 4063 εὐθὺς
3780 3999 3908 4070 πρὸς

2313 4084 2374 4137 τὸ
2402 4085 2581 4163 ρἧαέ
2601 4088 2711 4139 Καὶ
2738 4088 2843 4153 τίς,
2877 4089 3030 4157 φησὶ,
3056 4088 3328 4159 τοσαύτην
3358 4087 3716 4159 βλασφημίαν
3745 4090 3907 4153 νοσεῖ,

2314 4176 2389 4239 ὡς
2419 4177 2634 4249 ἐκείνην
2662 4179 2762 4249 τὴν
2790 4181 3132 4250 γεννήσασαν
3161 4181 3253 4233 τὸν
3279 4181 3407 4234 ναὸν
3430 4180 3613 4248 λέγειν
3638 4181 3797 4251 παρὰ
3822 4181 3910 4235 τοῦ

2317 4265 2457 4318 Πνεύ
2469 4284 2637 4336 ματος
2668 4267 2758 4321 τὸν
2787 4269 2922 4323 Θεὸν
2952 4273 3010 4324 ὲν
3044 4272 3230 4344 ἐκείνῃ
3255 4272 3504 4326 ἐκτίσθαι
3532 4284 3589 4336 ο;
3626 4269 3764 4327 Εἶτα
3790 4275 3911 4327 ὅταν

2319 4359 2690 4429 ὲπαγάγωμεν
2718 4359 2762 4397 ί·
2791 4361 2857 4413 Τί
2886 4357 2979 4415 οὖν
3008 4363 3211 4416 ἄτοπον
3254 4366 3421 4434 ἡμεῖς
3458 4363 3719 4435 λέγομεν,
3780 4383 3910 4436 συμ-

2320 4448 2670 4513 ϐουλεύοντες
2709 4454 2903 4519 φυγεῖν
2940 4453 3040 4523 τὴν
3072 4453 3275 4524 φωνὴν,
3306 4454 3401 4506 καί
3431 4454 3691 4525 ἔρχεσθαι
3723 4456 3821 4510 ἐπὶ
3854 4456 3910 4510 τὸ

620 4535 881 4589 deitatem
912 4550 980 4591 ex
1015 4535 1173 4590 beata
1219 4535 1388 4592 Maria
1412 4546 1590 4593 natam
1631 4554 1756 4595 esse
1785 4558 1798 4596 :
1831 4541 1941 4607 vel,
1978 4540 2024 4596 si
2069 4542 2202 4613 iugis

2321 4541 2497 4595 κοινὸν
2548 4543 2949 4613 σημαινόμενον
2992 4545 3102 4598 τῶν
3135 4545 3229 4599 δύο
3270 4545 3528 4615 φύσεων;
3570 4547 3708 4601 Τότε
3758 4549 3905 4620 νομίο

621 4625 763 4683 hanc
803 4625 1171 4696 blasphemam
1207 4643 1414 4695 vocem,
1461 4646 1561 4685 cur
1594 4634 1685 4701 qui
1732 4633 1922 4687 eadem
1966 4632 2129 4700 dicis,
2161 4644 2202 4688 ιε

2318 4628 2470 4694 ζεται
2502 4631 2715 4696 ἑαυτοῖς
2746 4629 2883 4685 εἶναι
2921 4633 3244 4706 βλάσφημον
3270 4638 3332 4691 τὸ
3358 4637 3775 4708 λεγόμενονἺί
3794 4642 3909 4711 6pm-

624 4732 733 4771 non
764 4717 948 4772 dicere
973 4717 1242 4775 simulas?
1274 4718 1444 4790 igitur
1482 4721 1572 4775 illo
1602 4732 1846 4792 urgente,
1897 4725 2006 4778 imo
2040 4723 2217 4779 incul-

620 4818 781 4864 cante
811 4809 996 4879 impie,
1028 4819 1085 4864 ut
1108 4811 1143 4866 ii
1175 4823 1418 4867 sanctam
1448 4812 1723 4884 Virginem
1762 4816 1856 4869 Dei
1884 4816 2205 4885 genitricem

621 4902 833 4971 dicunt,
864 4903 1025 4960 fateri
1056 4905 1305 4973 debeant,
1332 4908 1519 4963 carnis
1542 4907 1711 4963 fuisse
1744 4907 1974 4963 fructum
2012 4909 2210 4965 nudam

623 5001 677 5050 et
701 5008 946 5050 seorsum
984 4996 1216 5065 positam
1252 4997 1475 5052 deitatis
1513 5006 1786 5062 naturam,
1822 5004 1879 5051 et
1910 4997 2210 5053 subsisten-

623 5086 713 5141 tia:
746 5086 961 5142 initium
990 5103 1057 5143 ex
1091 5088 1318 5145 muliere
1350 5089 1606 5144 habuisse
1648 5088 1742 5143 Dei
1774 5088 2047 5155 Verbum;
2086 5105 2208 5159 pro-

620 5180 754 5234 bare
775 5179 1041 5245 volentes,
1078 5196 1177 5237 nos
1225 5182 1292 5235 ab
1327 5180 1430 5235 hac
1458 5180 1713 5251 Opinione
1742 5196 1967 5249 prorsus
2001 5181 2207 5236 alienos

620 5286 745 5327 esse
788 5280 926 5343 (non
973 5273 1116 5328 enim
1154 5274 1227 5328 ita
1282 5274 1598 5336 deliramus,
1645 5282 1703 5326 ut
1744 5273 1970 5329 velimus
2017 5289 2209 5342 sapere

620 5358 786 5424 aliud,
817 5375 977 5429 quam
1005 5363 1148 5433 quod
1186 5372 1399 5432 oportet
1440 5364 1692 5432 sapere),
1718 5362 2001 5435 Virginem
2041 5381 2206 5434 pepe-

692 5534 741 5567 “
769 5533 806 5587 ll
836 5535 959 5590 Cor.
991 5536 1153 5601 v,2l.
1234 5539 1270 5570 ‘7
1305 5539 1479 5594 Galat.
1520 5554 1599 5607 ιιι,
1630 5539 1715 5595 l3.
1793 5540 1838 5571 ""
1867 5539 2022 5595 Joan.
2052 5554 2090 5605 ι,
2120 5540 2210 5594 14.

2317 4722 2549 4793 λόγησον
2602 4724 2790 4793 σαφῶς
2821 4725 3053 4797 θεότητα
3091 4730 3453 4801 γεγεννῆσθαι
3483 4733 3549 4785 ὲκ
3593 4732 3696 4803 τῆς
3731 4750 3907 4803 pau-

2320 4812 2441 4883 ρίας
2482 4813 2722 4884 Μαρίας,
2765 4815 2797 4886 ἢ
2834 4817 3051 4886 φεύγων
3086 4818 3411 4890 βλάσφημον
3458 4821 3558 4892 τὴν
3608 4822 3823 4894 φωνὴν,
3860 4824 3907 4877 τί

2315 4903 2489 4958 ταῦτά
2526 4923 2618 4975 μοι
2656 4906 2852 4975 λέγων,
2882 4909 3154 4983 ὑποκρίνῃ
3192 4912 3265 4983 μὴ
3290 4911 3508 4981 λέγεινς
3544 4914 3907 4984 Περιστάντος

2317 4995 2492 5049 τοίνυν
2524 4998 2759 5064 ἐκείνου,
2796 5000 2996 5069 μᾶλλον
3021 5000 3079 5054 δὲ
3112 5002 3501 5066 ἀναπείθοντος
3529 5005 3767 5068 ἀνοσίως
3791 5007 3907 5067 τοὺς

2316 5086 2580 5142 Θεοτόκον
2615 5089 2871 5156 λέγοντας
2898 5092 2998 5165 τὴν
3030 5094 3305 5165 Παρθένον
3344 5096 3427 5155 εἰς
3466 5096 3528 5148 τὸ
3566 5096 3677 5149 δεῖν
3720 5096 3905 5165 ὁμολο-

2315 5182 2432 5248 γεῖν
2467 5181 2669 5252 σαρκὸς
2720 5183 2974 5250 γενέσθαι
3010 5186 3222 5255 καρπὸν
3261 5187 3478 5257 γυμνήν
3511 5205 3570 5240 τε
3612 5188 3708 5242 καὶ
3744 5205 3904 5242 κατα-

2318 5271 2486 5342 μόνας
2532 5273 2627 5343 τὴν
2663 5274 2914 5346 θεότητος
2960 5275 3142 5345 φύσιν,
3191 5278 3282 5331 καὶ
3326 5278 3424 5349 τῆς
3470 5278 3766 5350 ὑπάρξεως
3817 5279 3905 5349 τὴν

2315 5365 2491 5436 ἀρχὴν
2530 5368 2594 5420 ἐκ
2632 5368 2889 5435 γυναικὸς
2934 5369 3226 5440 ἐσχηκέναι
3271 5370 3364 5424 τὸν
3406 5371 3498 5424 τοῦ
3541 5370 3681 5423 Θεοῦ
3718 5370 3899 5440 Λόγον,

1682 5691 1853 5749 Varia:
1882 5693 2146 5753 lectiones
2169 5714 2232 5754 ex
2259 5699 2445 5754 codice
2471 5696 2841 5768 Seguiertano.

706 5844 735 5886 δ
763 5862 823 5898 συ
832 5845 1027 5915 μϐάλοι
1035 5861 1154 5914 μεν.

1235 5857 1252 5883 ε
1289 5850 1508 5901 νοεῖται.
1586 5848 1610 5888 ἀ
1649 5851 1767 5903 κατ’
1807 5851 1970 5906 αὐτοῦ
2009 5850 2312 5912 κιϐδηλεῦει
2341 5852 2465 5907 μέν.

2547 5862 2568 5889 ν
2595 5851 2893 5906 κεκτίσθαι.
2978 5846 2996 5890 ί
3031 5850 3319 5921 ἐπαγάγω.
