4088 6500
166 364 283 420 39.1

812 359 1348 418 APOLOGETICUS
1388 360 1525 419 Ριιο
1565 359 1659 418 χιι
1698 358 2071 420 CAPITIBUS
2107 365 2386 422 CONTRA
2428 365 2888 426 ORIENTALES.

3376 375 3483 432 522

160 481 567 552 πληροφορεῖν
604 477 906 542 ἐθέλοντες,
944 478 1027 530 ὅτι
1055 479 1155 541 τῆς
1198 479 1413 531 τοιᾶσδε
1438 478 1596 549 δόξης
1630 480 1773 533 ἀλλό-

1892 480 2028 535 risse
2093 481 2330 537 dicimus
2380 484 2475 539 Dci
2530 484 2765 541 Verbum
2818 488 3117 543 secundum
3171 488 3486 562 Scriptura

158 587 325 639 τριοτ
381 569 665 634 παντελῶς
698 569 1155 641 καθεστήκαμενσ
1191 570 1252 623 οὐ
1292 570 1400 643 γὰρ
1452 571 1596 626 οὕτω
1627 572 1785 643 λελη·

163 664 474 733 ρήκαμεν,
518 660 595 724 ὡς
641 658 860 714 ἑλέσθαι
914 662 1132 732 φρονεῖν
1168 663 1301 732 παρ’
1327 662 1355 715 δ
1400 662 1479 716 δεῖ
1525 667 1782 734 φρονεῖν’

160 753 483 806 ἀποτεκεῖν
500 752 714 824 ἔφημεν
732 751 833 824 τὴν
854 751 1131 823 Παρθένον
1153 753 1333 825 σάρκα
1354 756 1618 823 γεγονότα
1645 757 1787 811 κατὰ

160 842 273 907 τὰς
308 844 546 915 Γραφὰς
571 844 667 898 τὸν
710 843 805 897 τοῦ
851 842 988 897 Θεοῦ
1027 845 1221 913 Λόγον,
1251 847 1534 901 τουτέστιν
1578 848 1787 921 άνθρω·

159 951 277 989 πον
299 952 317 966 ο
352 937 651 990 ἀποτεκεῖν
694 935 751 990 δὲ
784 936 950 991 αὐτὸν
998 940 1314 1011 σαρκικῶς,
1363 941 1610 993 τουτέστι
1648 942 1787 995 κατά

165 1028 374 1100 σάρκα
397 1045 409 1058 ·
437 1031 468 1083 ὁ
497 1029 597 1100 μὲν
630 1028 740 1102 γὰρ
768 1028 904 1095 Θεὸς
962 1033 1058 1085 κα)⁵
1090 1031 1280 1103 Πατὴρ
1306 1032 1505 1098 θεῖκῶς
1534 1034 1787 1105 γεγέννηο

165 1136 271 1175 κεν
304 1120 377 1187 ἐξ
404 1121 575 1177 αὑτοῦ
608 1121 746 1176 Θεὸν
787 1122 918 1177 ὄντα
960 1123 1053 1176 τὸν
1097 1125 1220 1179 Υίόν
1241 1140 1253 1154 ’
1287 1126 1475 1197 ἐπειδὴ
1508 1126 1564 1180 δὲ
1592 1127 1655 1180 τὸ
1690 1144 1785 1196 γε·

168 1214 524 1286 γεννημένον
551 1216 616 1269 ἐκ
648 1215 749 1286 τῆς
778 1215 1005 1286 σαρκὸς,
1047 1216 1185 1287 σάρξ
1213 1218 1353 1279 ἐστι,
1385 1218 1716 1289 γεγέννηκεν
1751 1219 1785 1290 ἡ

171 1305 493 1377 Παρθένος,
511 1306 588 1371 ὡς
621 1305 759 1379 σάρξ
789 1307 1130 1381 ὑπάρχουσα,
1159 1310 1436 1381 σαρκικῶς
1456 1328 1468 1340 ·
1488 1312 1551 1365 τὸ
1570 1312 1627 1366 δὲ
1652 1330 1785 1384 σαρ-

172 1398 359 1463 κικῶς
388 1399 705 1465 είπείν,οὑκ
735 1399 1090 1470 ἀναιροῦντός
1114 1402 1231 1454 ἐστι
1260 1403 1363 1474 τῆς
1387 1406 1696 1474 γεννήσεως
1722 1406 1784 1458 τὸ

171 1487 517 1559 παράδοξον,
546 1487 669 1542 οὔτε
696 1487 804 1559 μὴν
840 1489 1242 1561 ἀνατρέποντος
1284 1492 1376 1546 τοῦ
1411 1494 1573 1562 ἁγίου
1612 1495 1785 1548 Πνεῦ-

173 1597 357 1649 ματος
394 1581 496 1652 τὴν
538 1581 857 1655 ἐνέργειαν,
908 1582 975 1636 δι’
1005 1579 1075 1657 ἦς
1120 1585 1181 1637 ἐν
1214 1585 1400 1656 μήτρᾳ
1432 1585 1687 1640 διέπλασε
1723 1588 1784 1641 τὸ

168 1671 408 1741 τεχθέν·
443 1672 790 1738 διδάσκοντος
818 1672 876 1726 δὲ
917 1674 1142 1743 μᾶλλον,
1184 1675 1267 1729 ὅτι
1313 1675 1503 1748 ὥσπερ
1535 1677 1670 1742 Θεὸς
1699 1678 1784 1732 τί·-

169 1781 299 1818 ate:
332 1764 561 1830 θεῖκῶς,
594 1766 715 1838 ἦτοι
747 1766 1072 1838 θεοπρεπῶς
1112 1768 1255 1822 κατά
1286 1768 1386 1840 τὴν
1419 1770 1555 1825 ίδίαν
1593 1770 1775 1841 φύσιν,

1891 584 2114 626 carnem
2148 572 2374 637 factum,
2406 575 2506 629 hoc
2528 585 2634 642 est,
2663 577 2971 642 hominem;
2998 579 3272 645 peperisse
3298 587 3479 635 autem

1891 660 2039 716 illum
2082 666 2399 729 carnaliter,
2434 667 2537 723 hoc
2572 677 2679 735 est,
2729 667 3025 723 secundum
3054 684 3296 725 carnem.
3340 670 3476 727 Nam

1892 755 2032 810 Deus
2072 765 2129 811 et
2174 755 2336 812 Pater
2380 762 2676 813 secundum
2714 761 3055 816 divinitatem
3090 764 3277 831 genuit
3321 777 3387 817 ex
3426 779 3486 818 se

1893 846 2061 900 Deum
2113 850 2470 904 exsistentem
2520 851 2738 905 Filium.
2794 852 3062 918 Quoniam
3113 863 3293 906 autem
3342 854 3483 923 quod

1891 949 2074 994 natum
2122 952 2206 995 est
2242 958 2309 996 ex
2353 958 2538 1008 carne,
2584 960 2713 997 caro
2744 956 2827 999 est
2853 945 2934 1010 ‘9;
2984 947 3172 1016 genuit
3204 946 3393 1016 Virgo,
3427 955 3487 1001 ιιι

1888 1046 2018 1084 caro
2051 1032 2346 1096 exsistens,
2382 1034 2696 1091 carnaliter.
2723 1034 3033 1091 Carnaliter
3068 1048 3251 1092 autem
3275 1039 3480 1101 dicere,

1890 1138 1996 1177 non
2042 1135 2125 1178 est
2178 1124 2422 1182 tollentis
2468 1126 2845 1182 admirabilem
2896 1128 3257 1193 nativitatem,
3310 1144 3485 1201 neque

1889 1216 2185 1271 evertentis
2251 1216 2489 1286 Spiritus
2549 1219 2724 1273 sancti
2791 1223 3199 1289 operationem,
3259 1236 3364 1291 qua
3425 1223 3477 1276 in

1890 1318 2042 1361 utero
2082 1308 2338 1364 formavit
2376 1320 2595 1381 partum
2640 1329 2655 1367 :
2698 1313 2793 1366 sed
2836 1312 3081 1368 docentis
3122 1315 3303 1383 potius
3336 1315 3482 1385 quod

1887 1399 2029 1454 sicut
2057 1401 2198 1456 Deus
2223 1404 2394 1473 gignit
2423 1403 2629 1466 divine,
2664 1404 2765 1457 hoc
2794 1414 2898 1469 est,
2936 1407 3093 1474 digne
3131 1407 3241 1461 Deo
3280 1420 3481 1461 secun-

1886 1489 2011 1542 dum
2054 1506 2207 1544 suam
2251 1502 2540 1556 naturam;
2590 1492 2743 1563 161
2789 1493 2861 1546 ita
2898 1503 2957 1547 et
3012 1495 3172 1551 homo
3221 1495 3479 1563 humane,

1889 1580 1990 1634 hoc
2052 1592 2166 1645 est,
2213 1597 2342 1637 caro
2389 1584 2703 1639 carnaliter.
2772 1584 2915 1639 Deus
2970 1594 3147 1642 autem
3208 1588 3480 1643 exsistens

1883 1674 2178 1727 secundum
2214 1683 2460 1729 naturam
2495 1674 2763 1744 Verbum,
2800 1678 3048 1745 quamvis
3078 1693 3207 1735 caro
3251 1678 3479 1747 factum,

1885 1765 2066 1821 divine
2090 1769 2391 1835 processit,
2428 1768 2529 1823 hoc
2559 1777 2678 1834 est,
2703 1777 2765 1823 ut
2795 1768 2953 1825 decet
2970 1784 3092 1824 eum
3121 1810 3135 1834 ,
3166 1772 3254 1838 qui
3280 1785 3475 1826 secun-

169 1856 321 1911 οὕτω
362 1860 462 1912 καὶ
504 1858 794 1931 ἄνθρωπος
824 1857 1203 1929 ἀνθρωπίνως,
1238 1860 1357 1931 ἦτοι
1398 1861 1536 1932 σὰρξ
1585 1880 1773 1934 σαρκι-

1883 1856 2008 1911 dum
2046 1860 2326 1915 veritatem
2352 1870 2435 1916 est
2456 1860 2616 1915 Deus.
2651 1859 2813 1916 Solus
2842 1864 2986 1916 enim
3019 1862 3213 1917 habuit
3242 1872 3473 1918 matrem

173 1948 314 2012 κῶς.
367 1949 503 2014 Θεὸς
531 1950 588 2003 δὲ
621 1948 698 2004 ὣν
729 1948 874 2002 κατά
923 1948 1087 2019 φύσιν
1134 1952 1163 2002 ό
1212 1950 1408 2019 Λόγος,
1436 1952 1554 2022 ἦτοι
1586 1955 1612 1991 ε
1638 1953 1776 2023 σὰρξ

170 2041 450 2109 γεγονὼς,
476 2043 714 2115 προῆλθε
744 2042 1088 2115 θεοπρεπῶς,
1109 2045 1409 2111 τουτέστιν,
1443 2047 1518 2111 ὡς
1546 2047 1610 2101 ἂν
1645 2050 1776 2120 πρέ-

173 2150 268 2186 ποι
296 2132 389 2203 τῷ
418 2150 486 2203 γε
517 2135 630 2188 δντι
659 2133 803 2189 κατά
836 2134 936 2207 τὴν
979 2135 1240 2207 ἀλήθειαν
1269 2137 1410 2209 Θεῷ.
1453 2140 1628 2204 Μόνος
1665 2142 1775 2212 γὰρ

170 2227 302 2297 ἔσχε
342 2226 564 2297 μητέρα
613 2226 712 2298 τὴν
743 2227 1155 2300 ἀπειρόγαμον,
1189 2230 1281 2284 καὶ
1312 2232 1583 2303 τετήρηκε
1633 2251 1775 2304 παρ·

177 2318 336 2372 θὲνον
372 2319 475 2389 τὴν
505 2317 773 2372 τεκοῦσαν
801 2320 965 2374 αὑτὸν
991 2320 1133 2375 κατὰ
1159 2321 1361 2393 σάρκα.
1388 2324 1666 2393 Θαυμάζω
1694 2326 1771 2392 δὲ,

179 2411 263 2461 ὃτι
306 2408 581 2463 Θεοτόκον
609 2410 898 2476 ὀκνοῦντες
920 2414 1097 2466 εἰπεῖν
1124 2414 1223 2484 τὴν
1263 2416 1426 2484 ἁγίαν
1472 2418 1771 2488 Παρθένον,

180 2499 508 2572 θεοπρεπῶς
535 2501 700 2557 αὑτὸν
736 2503 1101 2574 γεγεννῆσθαί
1136 2523 1302 2574 φασιν
1328 2507 1379 2560 ιι.
1414 2508 1487 2561 Οὐ
1532 2508 1640 2581 γὰρ
1683 2510 1775 2563 άν-

182 2594 407 2665 θρωπος
450 2594 630 2659 κοινὸς
667 2596 911 2652 τίκτεται
944 2597 1284 2669 θεοπρεπῶς.
1326 2600 1485 2671 Δῶρα
1514 2601 1571 2655 δὲ
1609 2620 1776 2673 προσ-

178 2687 512 2758 κεκομίσθαι
545 2690 680 2757 φασὶ
708 2690 859 2761 παρὰ
893 2690 1003 2745 τῶν
1038 2693 1231 2761 μάγων
1257 2692 1328 2746 τὰ
1355 2695 1642 2766 πρόσφορα
1678 2694 1775 2748 καὶ

178 2773 256 2843 τῷ
281 2776 582 2847 νοουμένῳ,
608 2778 703 2832 καὶ
737 2778 815 2848 τῷ
845 2781 1179 2851 φαινομένῳ,
1207 2781 1544 2854 διαιροῦντες
1573 2786 1654 2846 εἰς
1681 2784 1775 2838 δύο

177 2859 242 2930 δὴ
266 2860 439 2916 πάλιν
468 2862 605 2934 μετά
626 2864 725 2935 τὴν
750 2865 947 2920 ἕνωσιν
975 2868 1067 2922 τὸν
1104 2869 1311 2942 Κύριον
1340 2874 1357 2912 ί
1398 2872 1606 2944 Ἰησοῦν
1636 2874 1773 2945 Χρι-

182 2952 341 3007 στόν*
372 2954 405 3007 ὁ
440 2954 549 3027 γάρ
579 2954 873 3027 νοούμενος
911 2958 1139 3028 γέγονεν
1169 2963 1365 3033 ὁρατὸς
1409 2966 1469 3018 οὐ
1503 2966 1771 3038 μεταϐολῇ

180 3045 423 3116 φύσεως,
453 3047 568 3101 ἀλλ’
594 3047 786 3103 ὲνώσει
809 3052 873 3120 τῇ
907 3050 1046 3121 πρὸς
1076 3052 1136 3105 τὸ
1161 3053 1435 3124 ὁρώμενον
1459 3056 1638 3127 σῶμα.
1662 3060 1773 3114 Καὶ

182 3136 312 3205 γοῦν
356 3139 661 3203 αὐτόπτας,
705 3141 802 3193 καὶ
851 3142 1131 3213 ὑπηρέτας
1174 3146 1426 3213 γενέσθαι
1463 3148 1557 3200 τοῦ
1594 3150 1769 3218 Λόγου

1878 1950 2095 2020 nuptias
2139 1967 2249 2007 non
2281 1962 2602 2023 expertam;
2643 1961 2699 2007 et
2745 1953 2984 2009 servavit
3017 1954 3281 2033 virginem
3328 1970 3467 2023 eam,

1881 2054 2002 2109 qua:
2055 2041 2228 2111 ipsum
2279 2043 2491 2112 peperit
2549 2044 2845 2098 secundum
2900 2058 3144 2098 carnem.
3212 2044 3476 2101 Admiror

1874 2141 2075 2196 autem,
2104 2132 2244 2201 quod
2271 2148 2376 2187 non
2404 2134 2666 2189 audentes
2695 2134 2879 2189 dicere
2908 2144 3159 2189 sanctam
3191 2133 3471 2204 Virginem

1876 2221 1966 2277 Dei
2002 2222 2352 2289 Genitricem,
2381 2240 2502 2278 cum
2528 2224 2638 2279 Deo
2667 2223 2828 2294 digne
2859 2225 3034 2294 ipsum
3071 2238 3192 2278 esse
3223 2225 3462 2293 genitum

1874 2310 2129 2366 fatentur.
2184 2310 2301 2367 Non
2337 2314 2479 2367 enim
2521 2314 2684 2367 homo
2728 2312 3036 2367 communis
3081 2312 3317 2382 gignitur
3364 2313 3472 2367 Deo

1874 2403 2053 2473 digne.
2079 2402 2225 2457 Dona
2256 2418 2383 2458 vero
2412 2404 2574 2457 allata
2608 2418 2728 2459 esse
2757 2403 2947 2459 dicunt
2977 2418 3041 2457 ac
3071 2404 3243 2473 magis
3278 2418 3472 2458 conve-

1875 2496 2077 2550 nientia
2105 2506 2156 2549 et
2182 2496 2232 2550 ei
2270 2496 2360 2563 qui
2388 2495 2826 2564 intelligebatur,
2852 2503 2907 2549 et
2944 2496 2993 2550 ei
3020 2495 3112 2564 qui
3166 2495 3470 2561 videbatur,

1874 2587 2175 2642 dividentes
2217 2590 2268 2642 in
2296 2591 2429 2641 duos
2468 2589 2661 2644 iterum
2696 2599 2817 2659 post
2843 2590 3149 2645 unitionem
3191 2591 3472 2644 Dominum

1875 2688 2120 2735 nostrum
2154 2679 2336 2735 Jesum
2359 2679 2661 2736 Christum.
2709 2678 2809 2748 Qui
2841 2684 2984 2738 enim
3013 2682 3361 2752 intelligitur,
3388 2681 3471 2735 fa-

1874 2778 1994 2827 ctus
2027 2780 2112 2826 est
2154 2772 2383 2827 visibilis
2423 2788 2527 2828 non
2559 2772 2931 2828 immutatione
2962 2783 3187 2839 naturae,
3224 2775 3318 2829 sed
3350 2773 3471 2829 uni-

1875 2861 2017 2915 tione
2032 2876 2154 2916 cum
2174 2876 2417 2929 corpore,
2443 2864 2584 2932 quod
2611 2864 2912 2918 videbatur.
2938 2862 3002 2917 Et
3034 2873 3182 2918 certe
3205 2872 3474 2932 spectato-

1874 2967 1961 3007 res
1978 2960 2031 3006 et
2045 2953 2321 3008 ministros
2344 2953 2515 3008 fuisse
2542 2952 2700 3008 Verbi
2742 2965 2960 3010 sanctos
2992 2955 3137 3023 ipsos
3170 2954 3466 3023 apostolos,

1874 3058 2027 3098 sacra
2048 3044 2323 3112 Scriptura
2350 3047 2651 3100 ostendit"
2683 3061 2697 3099 :
2733 3049 2979 3117 quamvis
3000 3047 3083 3102 cui
3114 3062 3217 3102 non
3244 3045 3470 3101 manife-

1873 3144 2014 3189 stum
2041 3144 2141 3201 est,
2163 3138 2307 3206 quod
2332 3138 2727 3206 incorporeum,
2756 3153 2819 3193 ac
2840 3138 3175 3209 intangibile,
3202 3149 3255 3193 et
3275 3137 3467 3194 invisi-

182 3229 305 3292 τοὺς
341 3231 536 3299 ἁγίους
568 3232 929 3299 ἀποστόλους,
950 3208 1017 3288 τὸ
1048 3208 1291 3307 Γράριμα
1330 3240 1463 3310 φησὶ
1495 3241 1555 3293 τὸ
1590 3208 1732 3312 ἱερόν
1757 3258 1769 3270 ·

1878 3227 1982 3282 bile
2007 3229 2075 3282 sit
2097 3229 2270 3298 ipsum
2298 3229 2387 3283 Dei
2414 3228 2593 3285 Patris
2624 3229 2901 3285 Verbum?
2932 3208 3092 3301 Atqui
3131 3230 3349 3285 invenio
3380 3231 3462 3283 di-

185 3320 359 3377 καίτοι
390 3323 509 3388 πῶς
536 3324 599 3377 οὑ
628 3325 807 3397 πάντη
835 3326 897 3380 τὸ
924 3330 1093 3397 σαφὲς
1118 3339 1163 3392 t,
1215 3329 1289 3392 ὡς
1315 3330 1458 3383 ἔστιν
1484 3332 1773 3404 ἀσώματός

186 3428 244 3464 τε
270 3414 365 3467 καὶ
401 3415 639 3487 ἀναφὴς,
678 3418 775 3470 καὶ
818 3417 1055 3490 ἀόρατος
1092 3421 1121 3473 ὁ
1151 3421 1214 3472 ἐκ
1246 3421 1380 3475 Θεοῦ
1416 3424 1631 3495 [ἰατρὸς
1671 3426 1775 3478 Λό-

191 3520 311 3572 γοςς
354 3506 499 3560 Ἀλλ’
533 3508 777 3579 εὑρίσκω
828 3509 1089 3578 λέγοντας
1135 3512 1262 3575 τοὺς
1305 3514 1492 3579 ἁγίους
1536 3516 1772 3568 ἀποστό-

188 3594 334 3660 λους’
380 3617 400 3648 ι
433 3599 499 3651 Ὀ
531 3595 600 3669 ἦν
648 3600 743 3653 ἀπ’
774 3600 972 3672 ἀρχῆς,
1006 3601 1034 3654 δ
1075 3603 1415 3672 ἀκηκόαμεν,
1447 3604 1475 3656 ὃ
1519 3606 1772 3674 ἑωράκα-

191 3704 304 3755 μεν,
337 3688 367 3740 ὃ
417 3687 768 3761 ἐθεασάμεθα
804 3694 916 3754 τοῖς
968 3692 1267 3761 ὀφθαλμοῖς
1319 3696 1475 3765 ἡμῶν
1507 3737 1521 3761 ,
1567 3697 1661 3749 καὶ¹
1715 3699 1772 3751 al

186 3780 362 3849 χεῖρες
390 3781 425 3850 ἡ
435 3779 548 3850 μῶν
577 3780 939 3853 ἐψηλάφησαν
963 3784 1092 3854 περὶ
1125 3783 1220 3837 τοῦ
1243 3786 1415 3853 Λόγου
1443 3785 1540 3855 τῆς
1570 3788 1766 3857 ζωῆς.»

188 3869 479 3941 Πρόσφορα
502 3872 683 3927 τοίνυν
715 3872 785 3926 τὰ
822 3873 971 3947 δῶρα
1001 3874 1079 3944 τῷ
1109 3876 1208 3939 ἑνὶ,
1243 3876 1491 3928 τουτέστι
1528 3877 1606 3947 τῷ
1636 3879 1772 3949 Χρι-

188 3960 324 4031 στῷ·
349 3963 449 4016 καὶ
482 3964 591 4036 γάρ
626 3966 775 4018 ἐστιν
808 3967 868 4020 ὲν
913 3966 1099 4037 ταυτῷ
1124 3968 1258 4031 Θεός
1292 3984 1349 4021 τε
1381 3967 1518 4039 ὁμοῦ
1552 3969 1646 4023 καὶ
1680 3969 1772 4023 ἄν·

190 4052 400 4124 θρωπος
432 4058 462 4109 ό
508 4057 694 4121 αὑτός.
744 4058 1014 4132 Ταύτῃτοι
1066 4059 1351 4130 τεχθέντος
1397 4060 1565 4114 αὐτοῦ
1610 4080 1771 4136 χορο-

188 4146 395 4201 στασίαι
433 4147 534 4219 μὲν
573 4144 715 4220 ἦσαν
760 4151 875 4205 τῶν
915 4151 1088 4221 ἁγίων
1125 4153 1393 4223 ἀγγέλων,
1430 4158 1682 4227 στρατιαὶ
1712 4157 1770 4211 δὲ

186 4238 527 4309 πνευμάτων,
565 4241 796 4314 Σωτῆρα
837 4244 933 4296 κα)⁸
958 4245 1255 4316 Λυτρωτὴν
1283 4245 1550 4315 λεγόντων
1582 4249 1765 4304 αὐτόν,

198 4324 408 4400 Ἐπειδὴ
439 4330 497 4383 δὲ
547 4330 643 4383 τοῦ
687 4333 1077 4401 εὐαγγελιστοῦ
1128 4333 1405 4404 λέγοντος’
1447 4356 1464 4387 ι
1505 4337 1562 4391 Ὀ
1594 4339 1769 4408 Λόγος

188 4419 320 4490 σάρξ
358 4422 602 4490 ἐγένετο,
637 4441 655 4474 ι
691 4423 925 4477 δεδιέναι
981 4425 1136 4493 φασὶ,
1190 4426 1267 4497 μὴ
1321 4427 1428 4501 ἄρα
1479 4446 1619 4493 πως,
1673 4429 1767 4483 τοῦ

1877 3331 2062 3377 centes
2090 3333 2313 3377 sanctos
2340 3323 2610 3392 apostolos
2639 3341 2651 3377 :
2682 3342 2701 3375 ι
2728 3322 2879 3391 Quod
2905 3322 3005 3378 fuit
3026 3326 3093 3379 ab
3116 3324 3268 3378 initio
3286 3365 3301 3391 ,
3324 3323 3466 3392 quod

1876 3412 2203 3477 audivimus,
2238 3416 2383 3485 quod
2410 3415 2645 3469 vidimus
2669 3454 2683 3478 ,
2715 3416 2859 3484 quod
2897 3416 3271 3485 perspeximus
3291 3415 3466 3471 oculis

1876 3507 2096 3571 nostris,
2118 3508 2257 3575 quod
2276 3523 2466 3561 manus
2486 3515 2682 3560 nostra:
2706 3515 3181 3562 contrectaverunt
3204 3506 3272 3561 de
3286 3504 3466 3563 Verbo

1876 3596 1999 3650 vitae
2033 3597 2100 3650 δ’.
2167 3615 2184 3648 i
2232 3596 2619 3651 Convenientia
2691 3597 2855 3666 igitur
2917 3595 3139 3652 fuerunt
3180 3597 3316 3650 dona
3373 3597 3463 3651 illa

1876 3690 1964 3743 uni
1988 3733 2001 3753 ,
2034 3690 2135 3743 hoc
2160 3699 2244 3744 est
2263 3690 2498 3745 Christo.
2550 3689 2762 3743 Etenim
2789 3699 2871 3743 est
2894 3690 3100 3757 pariter
3124 3687 3267 3743 Deus
3293 3690 3457 3744 simul

1873 3793 1928 3838 et
1952 3783 2114 3836 homo
2149 3781 2310 3835 idem.
2360 3780 2471 3836 Hac
2504 3782 2713 3836 ratione
2736 3789 2865 3835 nato
2896 3781 3015 3850 ipso
3045 3781 3196 3835 chori
3231 3780 3450 3851 quidem

1873 3873 2188 3928 cecinerunt
2223 3882 2532 3927 sanctorum
2560 3872 2897 3942 angelorum,
2938 3872 3211 3925 exercitus
3242 3886 3458 3941 quoque

1873 3966 2159 4035 spirituum
2177 3965 2467 4019 dicentium
2492 3965 2669 4033 ipsum
2688 3964 3023 4019 Salvatorem
3051 3980 3113 4019 ac
3132 3964 3458 4035 Redempto-

1874 4075 2011 4115 rem.
2052 4059 2185 4126 Quia
2217 4073 2377 4127 porro
2401 4073 2524 4113 cum
2552 4057 2885 4128 evangelista
2924 4058 3070 4112 dicat
3104 4074 3119 4112 :
3154 4077 3174 4111 ι
3220 4058 3458 4114 Verbum

1873 4165 2000 4206 caro
2025 4150 2225 4205 factum
2249 4160 2355 4216 est;
2395 4168 2414 4201 ι
2450 4147 2746 4203 formidare
2772 4162 2830 4204 se
2851 4148 3055 4214 dicunt,
3080 4164 3169 4214 ne,
3201 4149 3243 4204 si
3271 4150 3456 4216 dictio,

1879 4261 1897 4295 ι
1929 4242 2152 4297 Factum
2174 4252 2281 4306 est,
2317 4261 2336 4292 ›
2360 4243 2634 4312 propriam
2653 4250 2829 4297 servet
2848 4241 3457 4311 signiﬁcationem,ver-

1872 4336 1954 4391 sio
1981 4336 2224 4406 qumdam
2260 4335 2592 4405 intelligatur
2643 4335 2788 4388 circa
2821 4333 3064 4387 divinam
3092 4330 3256 4389 Verbi
3288 4342 3448 4389 natu-

1874 4445 1987 4482 ram
2021 4427 2187 4482 fuisse
2220 4443 2235 4493 ;
2269 4426 2429 4481 laudo
2489 4427 2704 4496 quidem
2755 4436 2992 4491 metum,
3046 4425 3217 4480 miror
3250 4435 3453 4490 autem,

192 4530 206 4561 r
235 4513 450 4581 ἐγένετο
478 4534 497 4567 ι
532 4514 630 4587 τὴν
686 4517 822 4570 ίδίαν
858 4516 1124 4583 σώζοντος
1150 4517 1410 4586 δήλωσιν,
1443 4521 1642 4590 τρόπος
1682 4537 1767 4587 τις

1878 4522 2010 4589 quod
2036 4528 2293 4574 caventes
2332 4518 2621 4572 dictionem
2645 4557 2661 4581 ,
2693 4530 2985 4586 veramque
3008 4525 3061 4569 et
3086 4516 3452 4571 necessariam

190 4604 344 4656 νοοῖτο
407 4605 538 4676 περὶ
583 4605 679 4677 τὴν
719 4605 872 4660 θείαν
902 4606 995 4660 τοῦ
1046 4606 1225 4675 Λόγου
1276 4607 1529 4676 γενέσθαι
1566 4608 1761 4678 φύσινο

191 4690 379 4746 ἐπαινῶ
419 4693 519 4765 μὲν
544 4695 605 4748 τὸ
640 4696 805 4767 δεῖμα
825 4739 840 4764 ,
874 4695 1141 4768 θαυμάζω
1163 4698 1243 4763 δὲ,
1267 4698 1349 4751 ὅτι
1390 4700 1764 4772 παραιτούμε-

189 4797 257 4834 νοι
297 4784 396 4855 τὴν
438 4784 607 4850 λέξιν,
643 4787 740 4858 τὴν
780 4787 957 4859 ἀληθῆ
998 4806 1059 4841 τε
1101 4789 1197 4843 καὶ
1251 4789 1560 4857 ἀναγκαίαν
1587 4791 1764 4863 δήλωο

192 4887 283 4935 σιν,
310 4875 455 4928 οὕτω
482 4878 739 4945 γενέσθαι
765 4883 900 4949 φασὶ
944 4883 1122 4954 σάρκα
1155 4882 1246 4936 τὸν
1281 4885 1472 4953 Λόγον,
1505 4887 1581 4950 ὡς
1612 4888 1678 4940 ἂν
1712 4890 1760 4941 εί

189 4961 383 5033 λέγοιτο
416 4969 670 5035 γενέσθαι
716 4972 959 5044 κατάρα,
1008 4977 1103 5027 καὶ
1152 4976 1415 5046 ἁμαρτία.
1470 4975 1602 5030 Εἶτα
1643 4980 1760 5041 πῶς

189 5054 275 5108 οὒκ
319 5058 429 5111 ἔδει
470 5060 595 5114 νοῦν
638 5062 863 5133 ἔχοντας
910 5068 1043 5137 ὁρᾷν
1073 5067 1120 5132 ιι,
1161 5069 1243 5121 ὅτι
1296 5069 1373 5130 τὸ,
1415 5087 1432 5118 ι
1469 5069 1705 5135 ἐγένετο,
1738 5090 1755 5121 ι

188 5147 432 5215 τεθεικὼς
474 5153 503 5205 ὁ
532 5155 806 5227 μακάριος
841 5158 1257 5231 εὐαγγελιστὴς,
1299 5160 1517 5231 ἀπάσης
1552 5162 1762 5231 τροπῆς

194 5239 427 5297 ἓπόνοιαν
479 5246 730 5319 ἀναιρεῖ,
781 5253 1242 5321 προσεπενεγκὼν
1306 5254 1467 5316 εὐθὺς
1519 5255 1615 5306 καὶ
1663 5254 1755 5306 τό·

252 5420 469 5481 "Joan.
505 5441 588 5490 in,
615 5426 669 5481 6.
750 5426 795 5459 ”
816 5427 947 5484 Luc.
984 5447 1019 5496 ι,
1056 5430 1112 5484 2.
1189 5432 1233 5462 ’ί
1268 5429 1285 5484 l
1320 5430 1479 5487 Joan.
1514 5447 1553 5497 ι,
1582 5433 1635 5487 1.

1871 4611 2322 4682 significationem
2345 4649 2359 4674 ,
2391 4609 2470 4664 sic
2519 4607 2721 4662 factum
2760 4607 2928 4662 fuisse
2959 4621 3178 4661 carnem
3216 4604 3452 4661 Verbum

1872 4705 2076 4768 dicunt,
2108 4702 2331 4772 perinde
2368 4715 2433 4754 ac
2467 4698 2510 4755 si
2539 4699 2788 4762 dicatur,
2814 4697 3018 4753 factum
3054 4695 3227 4751 fuisse
3272 4696 3448 4751 male-

1872 4796 2072 4850 dictum
2105 4804 2159 4849 et
2190 4800 2495 4863 peccatum.
2552 4789 2756 4845 Deinde
2790 4803 2896 4856 quo
2927 4796 3087 4857 pacto
3120 4802 3224 4840 non
3272 4787 3453 4841 vident

1873 4896 2052 4941 mente
2097 4883 2311 4955 praediti
2362 4881 2816 4955 [prudentissimi
2848 4880 2947 4933 viri
2988 4877 3204 4948 ],quod
3259 4876 3453 4933 beatus

1870 4978 2194 5047 evangelista
2225 4989 2431 5046 ponens
2453 4974 2770 5037 dictionem,
2804 4990 2823 5022 ι
2853 4969 3077 5023 Factum
3110 4977 3216 5031 est,
3254 4987 3273 5020 ι
3316 4983 3441 5023 mox

1868 5070 2044 5123 omnis
2095 5068 2466 5123 conversionis
2517 5066 2882 5133 suspiciOnem
2921 5063 3096 5129 tollit,
3148 5062 3446 5133 adjiciens:

1873 5180 1889 5212 ε
1937 5160 2003 5213 Ει
2056 5159 2319 5213 habitavit
2364 5159 2415 5211 in
2448 5158 2604 5211 nobis
2650 5158 2672 5209 ?
2709 5177 2725 5207 ι
2764 5157 3072 5211 Ahsnrdum
3129 5166 3308 5209 autem
3344 5155 3449 5210 alia

1868 5268 2084 5324 quoque
2116 5254 2326 5308 ratione
2356 5259 2460 5315 est,
2497 5254 2541 5305 si
2575 5250 2697 5319 quis
2726 5251 2887 5304 audet
2909 5251 3110 5313 dicere,
3143 5249 3221 5303 sic
3249 5246 3449 5302 factum

1225 5585 1401 5644 Variae
1425 5587 1685 5644 lectiones
1709 5601 1773 5642 ex
1801 5584 1989 5642 codice
2011 5582 2384 5657 Seguieriano.

257 5733 495 5823 ξκαξτῖί·
570 5738 593 5777 h
628 5742 799 5816 αὐτὴν
838 5745 1096 5816 γεννῆσαι
1140 5765 1325 5818 φασιν.
1410 5751 1426 5791 ί
1466 5749 1558 5803 τὸν
1600 5749 1698 5805 ἕνα
1745 5749 1971 5823 Κύριον.
2053 5750 2065 5799 i
2106 5745 2282 5811 ἴσως,
2319 5742 2482 5797 παντί
2506 5759 2585 5813 τῳ
2617 5756 2806 5810 σαφες.

201 5798 249 5851 5v
260 5819 337 5868 τις
365 5810 516 5880 ὀρᾷν.

2910 5737 2935 5777 ι
2972 5738 3437 5806 νουνεχεστάτους
