4088 6494
650 350 756 405 523

1680 343 1739 398 S.
1781 343 2061 400 CYRILLI
2090 343 2564 403 ALEXANDRINI
2600 346 2920 405 ARCHIEP.

3833 357 3938 410 39.5

655 483 780 524 esse
809 481 1029 524 carnem
1068 467 1302 523 Verbum
1329 504 1344 530 ,
1370 474 1429 519 ut
1461 464 1658 521 factum
1685 479 1804 520 esse
1847 465 2044 520 dicitur
2068 465 2234 522 male-

2347 485 2364 518 ι
2405 467 2742 538 Ἑσκήνωσεν
2770 468 2827 519 ὲν
2856 467 3022 538 ὴμῖν;
3053 484 3071 517 ι
3109 469 3346 521 Ἀτοπον
3395 467 3455 522 δὲ
3502 470 3600 523 καὶ
3633 469 3855 540 ἑτέρως
3885 473 3938 525 τδ

652 562 858 616 dictum
889 569 946 615 et
987 570 1291 630 peccatum.
1333 559 1448 613 Non
1488 557 1630 613 enim
1685 557 1979 628 ipsummet
2021 557 2243 614 maledi«

648 664 798 708 ctum
822 652 906 708 vel
926 662 1204 722 peccatum
1231 651 1433 705 factum
1451 659 1554 717 est,
1586 649 1680 705 sed
1711 664 1832 704 cum
1855 649 2054 718 iniquis
2087 665 2243 720 repu-

656 757 801 800 tatus
819 744 1179 813 est",justus
1206 743 1475 798 exsistens
1502 751 1560 796 ut
1583 742 1792 796 aboleat
1824 753 2104 810 peccatmn
2136 757 2149 805 ;
2186 749 2240 794 et

651 837 949 907 appellatus
988 845 1070 890 est
1101 834 1454 898 maledictus,
1489 835 1580 904 qui
1615 832 1883 889 benedicit
1912 842 2237 896 creaturam,

654 928 811 999 162
827 938 881 982 ut
904 927 1078 981 solvat
1097 935 1338 982 nostrum
1359 925 1727 988 maledictum,
1747 933 1801 980 et
1819 923 2010 979 iiberet
2026 941 2052 977 a
2079 940 2237 994 pinna

652 1021 935 1073 credentes
961 1018 1012 1070 in
1044 1018 1240 1086 ipsum.
1281 1016 1446 1087 Igitur
1484 1031 1590 1070 non
1616 1023 1702 1071 est
1747 1014 1919 1069 factus
1944 1016 2236 1070 secundum

651 1111 936 1163 veritatem
979 1106 1322 1161 maledictum
1355 1115 1409 1160 et
1455 1113 1733 1172 peccatum
1767 1119 1782 1158 :
1825 1104 2127 1174 appellatus
2155 1111 2239 1158 est

654 1207 831 1252 autem
885 1197 970 1251 his
1029 1197 1373 1260 nominibus,
1424 1206 1482 1250 ut
1536 1195 1750 1249 aboleat
1798 1195 2142 1248 maledictum
2184 1202 2235 1247 et

652 1300 956 1359 peccatum.
1028 1289 1193 1359 Igitur
1235 1290 1278 1343 si
1315 1289 1395 1344 sic
1442 1287 1642 1341 factum
1691 1299 1775 1343 εει
1813 1303 1978 1352 caro,
2005 1287 2237 1342 abolevit

654 1383 838 1453 utique
869 1397 1124 1445 carnem,
1179 1381 1321 1434 sicut
1350 1391 1405 1434 ct
1437 1379 1781 1434 maledictum
1823 1390 1877 1435 et
1903 1391 2183 1448 peccatum
2216 1395 2232 1444 ;

652 1485 705 1529 et
738 1490 910 1543 neque
948 1473 1147 1528 factum
1179 1481 1264 1526 est
1311 1473 1473 1527 homo
1497 1515 1511 1538 ,
1565 1478 1743 1540 neque
1787 1472 2127 1525 incarnatum
2153 1479 2236 1525 est

654 1567 946 1622 secundum
989 1563 1271 1618 veritatem
1311 1581 1327 1618 :
1358 1563 1451 1618 sed
1478 1563 1531 1618 in
1560 1562 1965 1617 existimatione
2011 1561 2120 1616 sola
2153 1570 2235 1617 est

655 1666 1050 1713 sacramentum
1075 1695 1090 1719 ,
1118 1666 1173 1709 et
1206 1654 1257 1708 in
1294 1654 1456 1708 nudis
1489 1653 1801 1709 nominibus
1830 1652 2105 1708 invenitur
2148 1654 2232 1708 in-

2343 557 2519 626 λέγειν
2555 558 2888 628 άποτολμᾷν,
2920 557 3064 611 οὕτω
3087 559 3346 626 γενέσθαι
3383 559 3566 631 σάρκα
3593 560 3690 614 τὸν
3735 562 3934 631 Λόγον,

2340 649 2414 712 ὡς
2447 648 2696 715 γενέσθαι
2746 647 2969 716 λέγεται
3002 647 3243 718 κατάρα,
3277 649 3371 702 καὶ
3409 650 3658 722 ἁμαρτία
3679 667 3695 682 ’
3739 650 3810 703 οὗ
3837 651 3936 720 γὰρ

2342 741 2667 812 αὐτόχρημα
2695 740 2888 809 γέγονε
2920 741 3158 811 κατάρα,
3191 739 3315 794 οὔτε
3349 741 3457 813 μὴν
3491 742 3751 812 ἁμαρτία
3776 758 3789 769 ·
3828 743 3936 794 ἀλλ’

2341 833 2400 884 ὲν
2428 835 2542 895 τοῖς
2574 831 2800 901 ἀνόμοις
2843 830 3097 902 ἐλογίσθη
3125 832 3331 896 δίκαιος
3359 831 3458 898 ὣν,
3484 835 3575 888 ἵνα
3602 836 3935 906 καταργήσῃ

2338 921 2440 990 τὴν
2492 921 2799 990 ἁμαρτίαν·
2837 919 2934 973 καὶ
2985 921 3394 991 κεχρημάτικεν
3447 923 3870 992 ὲπικατάρατος
3912 926 3936 975 ό

2340 1012 2577 1080 εὐλογῶν
2607 1010 2706 1081 τὴν
2741 1011 2942 1076 κτίσιν,
2979 1011 3070 1065 ἵνα
3096 1011 3234 1084 λύσῃ
3263 1014 3364 1084 τὴν
3405 1013 3527 1068 καθ’
3563 1014 3732 1084 ἡμῶν
3775 1015 3931 1086 ἀράν,

2340 1105 2434 1159 καὶ
2464 1102 2752 1176 ἀπαλλάξῃ
2785 1103 2941 1174 δίκης
2969 1104 3096 1168 τοὺς
3126 1106 3481 1170 πιστεύοντας
3505 1107 3586 1170 είς
3610 1106 3810 1160 αὐτόν.
3837 1108 3933 1160 05-

2338 1194 2470 1250 κοῦν
2502 1195 2564 1247 οὐ
2593 1195 2784 1263 γέγονε
2813 1193 2954 1247 κατὰ
2988 1194 3249 1266 ἀλήθειαν
3269 1197 3506 1268 κατάρα,
3536 1198 3635 1250 καὶ
3664 1198 3929 1267 ἁμαρτία·

2338 1289 2717 1360 κεχρημάτικε
2767 1287 2824 1341 δὲ
2876 1285 3088 1350 ταῦτα,
3146 1289 3234 1341 ἴνα
3281 1288 3475 1360 λύσῃΙ
3526 1289 3813 1358 κατάραν.
3848 1292 3932 1342 καὶ

2336 1379 2632 1450 ἁμαρτίαν.
2664 1375 2874 1430 Οὐκοῦν
2901 1378 2950 1429 εί
2984 1377 3126 1430 οὕτω
3155 1380 3347 1448 γέγονε
3383 1380 3542 1451 σὰρξ,
3578 1381 3928 1450 κατήργηκεν

2336 1471 2445 1541 ἄρα
2477 1471 2577 1542 τὴν
2623 1470 2821 1542 σάρκα,
2855 1469 3000 1523 καθὰ
3028 1471 3122 1524 καὶ
3150 1471 3249 1542 τὴν
3301 1471 3463 1542 ἀράν,
3491 1472 3585 1524 καὶ
3616 1471 3722 1543 τὴν
3757 1473 3930 1542 άμαρ-

2335 1563 2458 1616 τίαν
2481 1578 2494 1592 ·
2538 1564 2633 1615 καὶ
2664 1560 2789 1615 οῦτε
2835 1562 3060 1632 γέγονεν
3105 1562 3415 1633 ἄνθρωπος,
3445 1563 3572 1616 οὔτε
3625 1564 3743 1634 μὴν
3779 1566 3926 1635 ἐσαρ-

2337 1651 2489 1723 κώθη
2515 1650 2660 1704 κατὰ
2690 1650 2984 1723 άλήθειαν’
3022 1651 3139 1704 ἀλλ’
3175 1654 3232 1704 ὲν
3277 1652 3498 1723 δοκήσει
3549 1653 3694 1726 μόνῃ
3731 1654 3806 1706 τὸ
3839 1673 3926 1724 μυ-

655 1749 992 1804 camatiouis
1037 1747 1254 1800 modus.
1311 1744 1542 1800 Tollitur
1594 1756 1774 1800 autem
1821 1747 2040 1800 omnino
2070 1755 2123 1800 et
2150 1761 2235 1800 re-

2351 1745 2594 1816 στήριον,
2633 1745 2728 1797 καὶ
2759 1747 2819 1797 ὲν
2857 1744 3034 1815 ψιλοῖς
3066 1744 3325 1814 ὀνόμασιν
3361 1747 3388 1798 ὁ
3437 1746 3537 1816 τῆς
3570 1725 3925 1817 ὲνανθρωπή-

655 1840 1008 1894 surrectiouis
1038 1853 1182 1908 spes.
1231 1837 1285 1890 ln
1333 1837 1485 1907 cujus
1517 1836 1680 1905 igitur
1713 1846 1944 1890 mortem
1975 1838 2232 1906 baptizati

654 1949 841 1987 sumus
867 1932 914 1963 ⁸³
939 1931 962 1984 ?
991 1930 1094 1986 Ubi
1149 1931 1372 1984 verbum
1431 1929 1591 1994 ﬁdei,
1625 1929 1766 1999 quod
1812 1929 2176 1999 prmdicamus
2215 1931 2239 1984 ?

655 2025 900 2080 Confessi
929 2025 1071 2080 enim
1095 2025 1237 2093 quod
1273 2022 1530 2078 Dominus
1557 2031 1642 2078 est
1691 2021 1851 2076 Jesus
1877 2030 1930 2075 et
1957 2023 2237 2077 credentes

656 2119 796 2188 quod
847 2119 982 2172 Deus
1031 2118 1202 2185 ipsum
1229 2116 1483 2168 excitavit
1527 2129 1554 2166 a
1607 2116 1874 2179 mortuis,
1932 2115 2233 2169 salvamur.

656 2207 824 2276 Igitur
856 2209 905 2262 in
943 2224 1109 2261 unum
1143 2209 1373 2262 similem
1411 2207 1585 2270 nobis,
1619 2217 1672 2260 et
1699 2222 2037 2271 communem
2063 2208 2239 2261 homi-

654 2312 780 2352 nem
832 2300 934 2350 erit
994 2298 1158 2361 lides,
1211 2312 1308 2350 nec
1359 2297 1470 2365 jam
1523 2297 1755 2364 amplius
1795 2297 2060 2360 Verbum,
2093 2296 2236 2364 quod

657 2389 710 2442 in
747 2390 977 2442 humana
1015 2387 1184 2442 forma
1213 2397 1433 2456 propter
1465 2404 1566 2442 nos
1595 2389 1866 2458 apparuit,
1901 2387 2237 2442 adoramus?

656 2481 736 2533 An
772 2495 874 2532 non
907 2480 1111 2548 accepit
1145 2480 1284 2534 servi
1319 2479 1569 2544 formam,
1603 2481 1691 2548 qui
1718 2489 1801 2533 est
1835 2481 1971 2534 liber
1988 2492 2044 2533 ut
2069 2479 2238 2534 Deus?

657 2586 763 2624 non
800 2571 1099 2624 humiliavit
1141 2571 1374 2639 seipsum
1401 2611 1416 2636 ,
1451 2569 1538 2638 qui
1575 2570 1880 2623 divinitatis
1913 2571 2235 2625 excellentia

655 2664 978 2731 conspicuus
1025 2663 1151 2717 eSI?
1201 2663 1291 2730 qui
1361 2661 1619 2715 informa
1667 2672 1721 2715 et
1765 2663 2071 2731 aequalitate
2119 2662 2237 2716 Pa-

659 2756 789 2818 tris,
845 2772 946 2808 uou
997 2755 1214 2809 demisit
1250 2770 1306 2810 se
1359 2757 1410 2808 in
1458 2756 1886 2808 exiuauitioneiu
1917 2795 1930 2818 ,
1981 2758 2234 2825 quamvis

653 2848 946 2902 distribuat
1001 2848 1066 2901 de
1119 2862 1214 2900 sua
1262 2847 1594 2917 plenitudine
1649 2857 1914 2903 creaturae
1972 2849 2110 2903 bona
2139 2849 2237 2903 “?

657 2937 840 3006 Apage
870 2952 898 2988 a
933 2935 1072 2990 malo
1108 2937 1211 2989 isto
1241 2936 1491 2990 consilio.
1544 2937 1719 2992 Aliter
1765 2953 1864 2993 nos
1902 2939 2237 2995 edocuerunt

659 3027 800 3079 beati
831 3024 1021 3080 Patres
1060 3027 1398 3080 incarnatum
1424 3041 1549 3082 esse
1571 3067 1587 3092 ,
1623 3036 1678 3082 et
1712 3029 1984 3083 hominem
2033 3031 2231 3086 factum

659 3118 952 3173 secundum
991 3118 1267 3172 veritatem
1304 3118 1476 3187 ipsum
1514 3119 1606 3174 Dei
1637 3118 1817 3174 Patris
1875 3119 2121 3175 Verbum
2153 3123 2236 3177 di-

659 3217 879 3271 xerunt,
911 3209 1111 3276 absque
1140 3208 1491 3262 conversione
1520 3220 1573 3262 et
1599 3208 2237 3266 coMusioneJheffabilis

661 3307 840 3350 autem
897 3298 1117 3350 omnino
1164 3307 1248 3352 est
1287 3297 1725 3376 dispensationis
1778 3303 1988 3354 modus.
2052 3299 2238 3356 Testes

661 3404 788 3443 vero
809 3404 1015 3453 eorum,
1039 3403 1158 3458 quae
1183 3389 1325 3443 dicta
1351 3399 1496 3456 sunt,
1519 3404 1801 3446 sermones
1825 3391 2036 3447 illorum
2054 3406 2235 3449 erunt.

903 3652 1049 3707 Petri
1089 3657 1338 3723 martyris
1375 3654 1602 3724 episCOpi
1633 3655 1990 3710 Alexandria.

731 3767 881 3824 Unde
897 3779 951 3822 et
977 3767 1306 3836 evangelista
1336 3768 1754 3837 veroloquitur,
1785 3769 1971 3825 dicens
2004 3786 2017 3825 :
2057 3789 2076 3821 ι
2106 3769 2237 3826 νοτε

657 3861 782 3916 bum
812 3876 940 3916 caro
970 3859 1169 3915 factum
1194 3869 1296 3925 est,
1331 3870 1386 3916 et
1414 3860 1681 3915 habitavit
1709 3861 1762 3916 in
1796 3863 1954 3918 nobis
1988 3878 2003 3928 ;
2047 3882 2064 3915 ι
2107 3873 2235 3918 tunc

657 3952 936 4018 videlicet,
964 3968 1031 4008 ex
1061 3966 1167 4022 quo
1223 3951 1446 4022 angelus
1499 3951 1754 4007 salutavit
1813 3952 2117 4025 Virginem,
2157 3956 2236 4009 in-

658 4047 897 4117 quiens:
938 4064 957 4098 ι
985 4045 1117 4111 Ave,
1146 4044 1320 4116 gratia
1346 4043 1523 4114 plena,
1562 4045 1820 4101 Dominus
1875 4056 2050 4100 tecum
2090 4048 2156 4101 ⁸⁸.
2213 4066 2232 4098 ι

658 4141 810 4206 Quod
853 4138 984 4193 dicit
1011 4137 1226 4192 Gabriel
1263 4156 1276 4194 :
1316 4156 1336 4189 ι
1386 4138 1646 4192 Dominus
1687 4147 1896 4202 tecum,
1940 4157 1958 4191 ι
1991 4155 2087 4208 pro
2135 4138 2238 4194 hoc

659 4238 742 4284 est
796 4230 1033 4297 dictum,
1086 4229 1345 4285 Dominus
1405 4228 1642 4284 Verbum
1702 4239 1918 4294 tecum,
1968 4231 2239 4302 signiﬁcat

659 4321 805 4376 enim
840 4322 1013 4391 ipsmn
1060 4322 1204 4392 gigni
1248 4322 1300 4375 in
1333 4334 1519 4387 utero,
1561 4331 1615 4377 et
1669 4323 1782 4378 ﬁeri
1826 4339 2066 4388 carnem,
2100 4325 2238 4378 sicut

2340 1851 2478 1898 σεως
2525 1834 2848 1904 εὑρίσκεται
2903 1834 3188 1906 τρόποςω.
3235 1836 3528 1906 Ἀνῂρηται
3575 1837 3635 1890 δὲ
3682 1838 3772 1899 εἰς
3800 1839 3926 1891 ἅπαν

2338 1926 2434 1980 καὶ
2465 1927 2498 1996 ἡ
2534 1930 2633 1998 τῆς
2659 1926 3012 1989 ἀναστάσεως
3046 1926 3222 1990 ἐλπίς,
3254 1928 3346 1990 Ei;
3384 1929 3477 1979 τὸν
3512 1928 3666 1992 τίνος
3699 1923 3799 1982 οὖν
3832 1931 3923 1996 ἄρα

2338 2018 2566 2072 θάνατον
2601 2017 3049 2089 βεϐαπτίσμεθα;
3085 2017 3195 2071 Ποῦ
3234 2019 3295 2071 τὸ
3329 2020 3481 2090 ῥῆμα
3529 2020 3632 2090 τῆς
3667 2020 3919 2083 πίστεως,

2336 2109 2364 2162 ὂ
2400 2110 2801 2180 ’κηρύσσομενς
2868 2109 3334 2180 Ὀμολογήσαντες
3391 2111 3534 2182 γὰρ,
3590 2111 3679 2164 ὅτι
3731 2111 3922 2183 Κύριος

2350 2203 2581 2272 Ἰησοῦς,
2619 2204 2716 2255 καὶ⁹
2764 2202 3160 2264 πιστεύσαντες
3215 2203 3298 2255 ὅτι
3339 2202 3469 2265 Θεὸς
3499 2203 3674 2256 αὐτὸν
3722 2203 3928 2273 ἤγειρεν

2337 2296 2401 2347 ὲκ
2447 2295 2696 2365 νεκρῶν,
2740 2293 3048 2364 σωζόμεθα.
3094 2289 3222 2366 Ἆρ’
3256 2288 3349 2347 οὖν
3383 2296 3464 2357 εἰς
3502 2294 3600 2346 ἕνα
3634 2293 3737 2346 τὸν
3766 2305 3792 2330 υ
3819 2294 3926 2346 καθ’

2337 2383 2507 2453 ἡμᾶς,
2544 2384 2639 2436 καὶ
2679 2384 2859 2437 κοινὸν
2890 2382 3177 2453 ἄνθρωπον
3209 2383 3241 2453 ἠ
3277 2382 3480 2446 πίστις,
3523 2382 3719 2435 οὐκέτι
3766 2382 3824 2434 δὲ
3849 2383 3924 2434 τὸν

2336 2476 2394 2528 ὲν
2426 2477 2748 2551 ἀνθρωπεία
2783 2479 2966 2548 μορφῇ
3000 2475 3280 2544 πεφηνότα
3313 2475 3380 2528 δι’
3413 2477 3562 2547 ἡμᾶς
3593 2473 3922 2548 προσκυνοῦ-

2339 2586 2438 2638 μεν
2467 2568 2642 2636 Λόγον
2671 2587 2685 2634 ;
2719 2569 2834 2620 Οὺκ
2861 2567 3018 2620 ἔλαϐε
3043 2569 3140 2639 τὴν
3161 2570 3253 2621 τοῦ
3273 2569 3462 2622 δούλου
3497 2569 3722 2640 μορφὴν
3745 2569 3774 2620 6
3797 2568 3922 2620 ἑλεύο

2337 2659 2494 2730 θερος
2527 2660 2602 2724 ὼς
2629 2659 2762 2723 Θεός
2789 2667 2846 2725 ⁰;
2884 2660 2944 2712 ού
2979 2661 3380 2712 τεταπείνωκεν
3421 2661 3614 2714 ἑαυτὸν
3642 2664 3673 2713 ό
3702 2662 3818 2722 τοῖς
3842 2660 3922 2728 τῆς

2336 2749 2591 2821 θεότητος
2631 2751 2890 2822 ύψώμασι
2921 2752 3274 2822 διαπρέπων;
3309 2752 3337 2804 ό
3362 2753 3419 2806 ὲν
3462 2755 3671 2823 μορφῇ.
3705 2753 3801 2804 καὶ
3831 2752 3919 2802 ίσό-

2336 2861 2459 2914 τητι
2505 2841 2600 2895 τοῦ
2647 2844 2862 2915 Πατρὸς
2896 2845 2959 2896 οὐ
3014 2842 3256 2914 καθῆκεν
3301 2842 3494 2896 ἑαυτὸν
3533 2843 3614 2905 είς
3680 2844 3918 2902 κένωσιν,

2336 2934 2513 2988 καίτοι.
2550 2934 2824 3005 διανέμων
2857 2934 2916 2999 ἐξ
2961 2933 3094 2988 ἰδίου
3137 2933 3513 3006 πληρώματος
3555 2937 3622 3005 τῇ
3664 2935 3837 2988 κτίσει
3865 2937 3919 2986 τὰ

2336 3025 2545 3092 άγαθά;
2583 3026 2796 3093 Ἄπαγε
2830 3025 2932 3095 τῆς
2990 3026 3354 3089 δυσϐουλίαςο
3395 3025 3598 3095 ἑτέρως
3640 3026 3798 3093 ἡμᾶς
3835 3041 3918 3092 με·

2343 3120 2843 3188 μυσταγωγήκασιν
2873 3120 2923 3170 οἱ
2953 3120 3215 3190 μακάριοι
3260 3117 3504 3190 Πατέρες
3528 3134 3540 3145 ·
3579 3119 3918 3188 σαρκωθῆνιι

2339 3211 2471 3282 γὰρ,
2508 3212 2600 3264 καὶ
2630 3211 3050 3280 ὲνανθρωπῆσαι
3081 3212 3220 3265 κατά
3248 3210 3507 3281 ἀλήθειαν
3535 3210 3708 3263 αὑτὸν
3733 3211 3917 3278 ἔφασαν

2338 3302 2431 3354 τὸν
2473 3304 2535 3354 ἐκ
2564 3300 2700 3354 Θεοῦ
2744 3302 2956 3372 Πατρὸς
2980 3302 3153 3370 Λόγον
3197 3301 3509 3372 ἀτρέπτως,
3556 3301 3655 3354 καὶ¹
3691 3301 3915 3370 ἀσυγχύ-

2339 3411 2464 3456 τως.
2504 3395 2841 3466 Ἀπόρῤητος
2860 3395 2917 3447 δὲ
2957 3394 3237 3458 παντελῶς
3273 3393 3376 3464 τῆς
3404 3394 3730 3464 οἰκονομίας
3755 3397 3783 3447 ό
3816 3395 3918 3462 τρό-

2340 3503 2457 3549 πος.
2490 3487 2794 3558 Μάρτυρας
2823 3486 2880 3540 δὲ
2920 3485 3031 3539 τῶν
3063 3487 3373 3558 εἰρημένων
3398 3486 3524 3550 τοὺς
3560 3486 3751 3540 αὐτῶν
3784 3489 3916 3556 ποιή-

2342 3591 2402 3627 σο
2409 3592 2506 3644 μαι
2540 3575 2730 3644 λόγους
2742 3615 2756 3627 .

2412 3665 2635 3734 Πέτρου
2658 3666 2961 3736 μάρτυρος
3007 3667 3350 3723 ἐπισκόπου
3387 3669 3856 3739 Ἀλεξανδρείας.

2413 3780 2576 3832 Ὅθεν
2600 3783 2694 3833 καὶ
2719 3782 2746 3833 6
2768 3781 3160 3854 εύαγγελιστὴς
3189 3781 3442 3854 ἀληθεύει
3470 3785 3646 3853 λέγων
3665 3803 3677 3814 ·
3716 3807 3734 3836 ι
3759 3788 3815 3838 ὐ
3835 3786 3917 3836 A6-

2338 3886 2432 3938 γος
2469 3870 2605 3942 σὰρξ
2646 3873 2900 3940 ἐγένετο,
2937 3874 3031 3926 καὶ
3075 3875 3388 3944 ἐσκήνωσεν
3429 3878 3486 3929 ὲν
3531 3880 3707 3947 ἡμῖν·
3758 3899 3774 3930 ι
3816 3877 3914 3930 τότε

2344 3962 2612 4032 δηλονότι,
2640 3966 2734 4034 ἀφ’
2763 3960 2822 4018 οῦ
2848 3968 2882 4022 ὁ.
2910 3965 3140 4035 ἄγγελος
3170 3968 3461 4037 ἠσπάσατο
3498 3969 3598 4039 τὴν
3632 3970 3914 4041 Παρθένον,

2339 4054 2529 4108 εἰπών’
2552 4075 2570 4107 ι
2598 4057 2794 4127 Χαῖρε,
2822 4058 3265 4128 κεχαριτωμένη,
3317 4062 3345 4112 6
3368 4060 3572 4130 Κύριος
3600 4063 3746 4132 μετὰ
3772 4061 3858 4114 σοῦ
3877 4078 3912 4111 Ί

2337 4147 2400 4199 τὸ
2428 4146 2553 4216 γάρ,
2593 4166 2610 4198 ι
2656 4146 2861 4218 Κύριος
2891 4149 3030 4218 μετὰ
3061 4149 3180 4213 σοῦ,
3208 4168 3226 4200 ι
3257 4150 3355 4203 νῦν
3392 4150 3541 4204 ἔστιν
3570 4153 3809 4206 ἀκοῦσαι
3840 4150 3914 4203 τοῦ

2339 4238 2603 4310 Γαϐριὴλ,
2635 4239 2755 4292 ἀντὶ
2783 4239 2900 4304 τοῦ,
2933 4241 2993 4294 '0
3014 4241 3144 4304 Θεὸς
3162 4242 3334 4311 Λόγος
3362 4243 3500 4314 μετὰ
3528 4244 3650 4298 σοῦ’
3676 4245 3914 4316 σημαίνει

2340 4331 2448 4398 γὰρ
2499 4328 2663 4382 αὐτὸν
2696 4329 3036 4401 γεννώμενον
3081 4334 3140 4386 ὲν
3179 4334 3379 4405 μήτρᾳ,
3425 4335 3522 4388 καὶ
3569 4336 3754 4408 σάρκα
3786 4337 3915 4406 γινόι

661 4412 917 4481 scriptum
954 4417 1036 4467 est
1077 4426 1089 4462 :
1129 4428 1150 4461 ‹
1186 4409 1420 4480 Spiritus
1451 4420 1668 4465 sanctus
1703 4412 2048 4481 superveniet
2076 4411 2128 4464 in
2160 4419 2230 4472 te,

2343 4439 2522 4492 μενον,
2567 4422 2749 4487 καθὼς
2794 4423 3142 4493 γέγραπται·
3185 4446 3202 4477 ι
3236 4427 3459 4497 Πνεῦμα
3508 4428 3665 4496 ἅγιον
3711 4429 3915 4482 ἐπελεύ-

660 4513 715 4557 et
743 4504 910 4556 virtus
954 4503 1216 4558 Altissimi
1276 4503 1618 4557 obumbrabit
1673 4503 1766 4558 tibi
1799 4520 1814 4557 :
1849 4503 1969 4557 ideo
2001 4511 2056 4557 et
2095 4501 2236 4571 quod

661 4607 914 4652 nascetur
939 4608 1210 4662 sanctum,
1241 4596 1516 4651 vocabitur
1549 4597 1718 4652 Filius
1745 4596 1840 4650 Dei
1862 4596 1931 4647 ⁸³.
1961 4616 1980 4648 ι

987 4715 1261 4768 Athanasii
1299 4714 1524 4784 episcogii
1548 4713 1908 4768 Alexandrina

733 4826 884 4882 Unde
914 4836 1113 4882 etcum
1157 4837 1472 4883 nasceretur
1497 4841 1624 4880 caro
1667 4841 1730 4880 ex
1768 4824 1860 4878 Dei
1897 4823 2052 4893 163
2084 4821 2233 4893 geni-

659 4923 793 4976 trice
850 4920 1055 4985 Maria,
1107 4921 1221 4989 ipse
1277 4922 1474 4976 dicitur
1528 4929 1684 4975 natus
1740 4932 1894 4980 esse,
1970 4918 2059 4984 qui
2118 4916 2238 4971 aliis

657 5013 998 5067 nativitatem
1033 5023 1091 5067 ut
1125 5014 1235 5068 siut
1263 5014 1510 5078 exhibet,
1541 5023 1597 5067 ut
1630 5021 1868 5066 nostram
1899 5010 1949 5063 in
1981 5025 2040 5064 se
2067 5016 2245 5063 trans-

660 5103 828 5156 ferret
851 5102 1208 5158 nativitatem.

919 5215 1171 5286 Ejusdem
1196 5233 1259 5271 ea:
1289 5219 1508 5285 epistola
1548 5218 1616 5270 ad
1651 5216 1966 5285 Epictetum.

733 5329 1018 5395 Quomodo
1046 5339 1101 5386 et
1133 5333 1408 5401 ambigere
1451 5332 1567 5387 ausi
1605 5343 1766 5396 sunt,
1808 5331 1898 5399 qui
1935 5330 2229 5388 Christiani

2341 4531 2492 4568 σεται
2523 4514 2615 4566 ἐπὶ
2655 4514 2736 4582 σὲ,
2769 4517 2862 4569 καὶ¹
2907 4517 3138 4586 δύναμις
3165 4518 3425 4587 Ὑψίστου
3464 4519 3784 4574 ἐπισκιάσει
3814 4536 3909 4572 σοι’

2337 4605 2416 4659 διὸ
2451 4606 2546 4660 καὶ
2573 4606 2632 4660 τὸ
2653 4606 2992 4677 γεννώμενον
3020 4609 3195 4676 ἅγιον,
3218 4609 3552 4682 κληθήσεται
3582 4613 3712 4676 Υἱὸς
3735 4612 3906 4666 Θεοῦ.»

2489 4722 2841 4776 Ἀθανασίου
2874 4721 3215 4778 ἐπισκόπου
3244 4734 3268 4773 ιι
3311 4724 3788 4794 Ἀλεξανδρείας.

2418 4833 2582 4886 Ὅθεν
2613 4834 2708 4886 καὶ
2743 4835 3089 4905 γεννωμένης
3123 4837 3222 4905 τῆς
3262 4837 3465 4907 σαρκὸς
3502 4839 3564 4889 ἐκ
3603 4838 3708 4906 τῆς
3742 4836 3910 4891 Θεοτό-

2346 4941 2441 4978 κου
2458 4924 2694 4994 Μαρίας,
2713 4925 2875 4986 αὐτὸς
2901 4924 3152 4979 λέλεκται
3172 4925 3539 4994 γεγεννῆσθαι
3563 4928 3590 4978 ό
3606 4930 3722 4987 τοῖς
3750 4926 3908 4985 ἄλλοις

2339 5019 2553 5084 γένεσιν
2583 5019 2661 5080 εἰς
2695 5017 2751 5069 τὸ
2778 5013 2918 5070 εἶναι
2955 5018 3233 5089 παρέχων,
3267 5019 3352 5070 ἵνα
3382 5018 3478 5088 τὴν
3504 5019 3663 5089 ἡμῶν
3703 5023 3782 5082 εἰς
3802 5021 3908 5071 tau-

2336 5109 2427 5161 τὸν
2461 5107 2670 5179 μεταθῇ
2700 5107 2976 5178 γέννησιν.

2378 5220 2485 5274 Τοῦ
2515 5221 2702 5275 αὑτοῦ
2727 5221 2796 5274 ἐκ
2824 5221 2932 5290 τῆς
2962 5223 3114 5290 πρὸς
3153 5224 3508 5291 Ἐπίκτητον
3533 5220 3876 5288 ἐπιστολῆς.

2401 5331 2527 5397 Πῶς
2571 5334 2628 5388 δὲ
2662 5336 2753 5387 καὶ
2800 5333 3165 5404 ἀμφιϐάλλειν
3209 5335 3520 5408 ἐτόλμησαν
3545 5339 3596 5390 οἱ
3639 5336 3908 5406 λεγόμενοι

730 5485 775 5516 η
805 5483 908 5542 lsa.
934 5500 1052 5551 Lm,
1083 5485 1189 5552 ης
1223 5483 1385 5540 Marc.
1409 5501 1497 5553 xv,
1532 5484 1622 5539 28.
1700 5485 1746 5516 ⁸³
1783 5484 1938 5539 Rom.
1971 5500 2048 5549 vt,
2080 5485 2136 5540 '5.
2170 5484 2218 5516 ”

2338 5487 2488 5557 ilipp.
2527 5503 2585 5554 ιι,
2630 5488 2662 5541 6
2689 5459 2840 5558 seqq.
2918 5488 2966 5521 "
3001 5487 3135 5544 Luc.
3172 5505 3213 5558 ι,
3242 5488 3334 5547 28.
3409 5488 3457 5521 ⁸⁸
3486 5489 3617 5546 ibid.
3650 5489 3721 5545 35

1707 5643 1881 5698 Variae
1907 5643 2164 5699 lectiones
2189 5659 2252 5700 ex
2277 5645 2464 5701 codice
2494 5645 2870 5716 Seguieriano.

736 5799 1085 5875 δκαταλύση.
1161 5810 1198 5837 ω
1219 5799 1399 5870 λόγος.
1476 5809 1502 5836 ³
1537 5799 1665 5854 τῶν.

1746 5805 1771 5835 ο
1803 5799 2085 5871 ἐλεύθερος
2119 5801 2269 5865 Θεός.
2349 5812 2375 5852 Ρ
2408 5803 2864 5873 ἀρχιεπισκόπου.
