4088 6474
250 325 361 384 525

857 321 1393 380 APOLOGLTICUS
1431 321 1566 378 PRO
1603 321 1695 375 XII
1736 321 2104 378 CAPITIBUS
2137 323 2416 379 CONTRA
2453 322 2913 384 ORIENTALES.

3415 335 3521 394 326

245 444 602 518 Χριστιανοὶ,
634 442 682 495 εί
720 442 748 495 ὁ
775 441 838 494 ὲκ
869 440 1090 512 Μαρίας
1120 438 1400 512 προελθὼν
1441 437 1666 505 Κύριος,
1707 437 1804 491 Υἱὸ

1908 448 2238 504 ηνοοοιιιυτ,
2299 455 2425 494 num
2485 442 2776 508 Dominus,
2829 443 2919 512 qui
2950 444 3172 501 eMaria
3230 454 3518 520 processit,

247 539 349 608 μὲν
376 539 443 608 τῇ
469 535 646 606 οὐσίᾳ,
676 534 772 588 καὶ
798 537 863 607 τῇ
889 535 1050 605 φύσει
1073 533 1166 588 τοῦ
1189 532 1323 586 Θεοῦ
1349 535 1490 586 ἐστι·
1516 532 1578 584 τὸ
1605 531 1662 584 δὲ
1691 530 1832 585 κατά

244 629 453 699 σάρκα,
495 629 558 679 ὲκ
612 627 932 697 σπέρματός
978 626 1092 680 ἐστι
1143 624 1326 688 Δαυῖδ,
1364 623 1564 696 σαρκὸς
1619 623 1677 678 δὲ
1731 624 1830 694 τῆς

239 722 411 788 ἀγίας
437 719 694 790 Μαρίας;
731 720 884 784 Τίνες
917 719 974 774 δὲ
1000 717 1108 790 ἄρα
1138 717 1279 772 οὕτω
1309 717 1571 788 τολμηροὶ⁵
1604 718 1831 786 γεγόναο

239 827 352 873 σιν,
382 809 522 863 ὥστε
553 811 727 863 εἰπεῖν
755 809 847 862 τὸν
877 809 1113 875 Χριστὸν
1151 807 1244 861 τὸν
1267 807 1433 877 σαρκὶ
1467 807 1709 860 παθόντα
1733 807 1829 862 καὶ⁵

237 900 663 972 ἐσταυρωμένον
700 899 774 970 μὴ
825 895 966 952 εἶναι
1016 900 1246 968 Κύριον,
1290 898 1384 950 καὶ
1433 898 1693 970 Σωτῆρα,
1733 899 1829 951 καὶΙ

235 991 396 1057 Θεὸν,
436 992 532 1046 καὶ
559 991 686 1045 Υίὸν
722 991 817 1044 τοῦ
863 991 1113 1061 Πατρός;
1149 991 1180 1061 ἢ
1219 990 1336 1054 πῶς
1376 991 1698 1063 Χριστιανοὶ
1740 991 1827 1046 θέ-

233 1083 426 1138 λουσιν
466 1083 829 1155 ὀνομάζεσθαι
857 1084 908 1136 οί
947 1083 1197 1150 λέγοντες
1235 1085 1313 1146 εἰς
1336 1083 1622 1151 ἄνθρωπον
1646 1083 1820 1152 ἆγιον,

233 1175 313 1238 ὡς
341 1177 436 1230 ἐπὶ
465 1176 562 1230 ἕνα
593 1174 700 1229 τῶν
734 1175 1027 1244 προφητῶν
1053 1173 1367 1244 ἐληλυθέναι
1390 1174 1479 1227 τὸν
1512 1174 1703 1243 Λόγον,
1729 1174 1824 1227 καὶ¹

237 1269 314 1338 μὴ
333 1267 496 1321 αὑτὸν
527 1268 814 1338 ἄνθρωπον
842 1266 1150 1334 γεγονέναι,
1177 1266 1410 1320 λαϐόντα
1439 1268 1502 1319 ὲκ
1523 1266 1738 1338 Μαρίας
1759 1266 1822 1320 τὸ

231 1360 423 1428 σῶμα,
439 1360 554 1413 ἀλλ’
570 1359 756 1430 ἓτερον
773 1356 911 1412 εἶναι
927 1359 1018 1411 τὸν
1036 1359 1291 1426 Χριστὸν,
1306 1359 1399 1412 καὶ
1415 1358 1600 1430 ἓτερον
1622 1358 1712 1411 τὸν
1729 1358 1820 1411 τοῦ

228 1453 373 1507 Θεοῦ
386 1453 582 1521 Λόγον,
599 1453 690 1506 τὸν
712 1453 818 1523 πρὸ
830 1450 1070 1524 Μαρίας,
1085 1452 1179 1505 καὶ
1197 1451 1302 1521 πρὸ
1323 1451 1533 1506 αίώνων
1550 1452 1676 1506 Υίδν
1693 1453 1822 1506 ὅντα

225 1545 327 1598 τοῦ
347 1546 557 1616 Πατρός
576 1562 590 1611 ;
609 1545 642 1616 ἦ
664 1545 780 1608 πῶς
793 1542 932 1598 εἷναι
947 1544 1268 1616 Χριστιανοὶ
1293 1544 1546 1598 δύνανται
1574 1546 1622 1598 οἱ
1642 1545 1821 1614 λέγον-

225 1651 323 1697 τες
340 1635 498 1688 ἄλλον
516 1630 655 1688 εἶναι
670 1635 762 1688 τὸν
778 1634 926 1698 Υίδν,
941 1635 1037 1687 καὶ
1057 1634 1215 1688 ἄλλον
1236 1634 1326 1688 τὸν
1344 1633 1438 1687 τοῦ
1459 1635 1594 1688 Θεοῦ
1609 1636 1780 1705 Λόγον
1801 1655 1815 1703 ;

302 1725 545 1789 Ταύταις
575 1728 741 1796 ἡμεῖς
766 1729 886 1789 ταῖς
910 1727 1020 1779 τῶν
1062 1726 1234 1794 ἁγίων
1279 1725 1538 1796 Πατέρων
1573 1726 1817 1797 ἑψόμεθα

1934 528 2106 583 Filius
2153 529 2366 598 quidem
2423 530 2724 585 substantia
2759 541 2814 586 et
2855 543 3046 588 natura
3092 537 3183 592 Dei
3219 538 3318 602 sit,
3375 545 3518 611 quod

1932 635 2058 674 vero
2092 621 2386 674 secundum
2418 636 2660 687 carnem,
2690 637 2754 676 ex
2790 627 2993 678 semine
3025 614 3096 680 sit
3131 627 3320 695 David,
3348 643 3513 687 came

1932 721 2108 764 autem
2163 722 2368 767 sancta}
2427 712 2671 768 Mariae?
2723 714 2830 781 Qui
2893 725 3071 772 autem
3115 729 3222 774 tam
3288 725 3518 778 audam

1932 802 2116 869 fuere,
2147 812 2208 858 ut
2236 805 2501 871 dicerent,
2536 805 2846 873 Christum,
2880 809 2972 880 qui
3016 825 3178 866 carne
3219 829 3408 882 passus
3435 826 3516 871 est

1929 902 1981 948 et
2014 895 2344 962 cruciﬁxus,
2377 912 2478 951 non
2524 913 2645 954 esse
2671 900 2954 956 Dominum
2987 915 3038 956 et
3063 902 3394 960 Salvatorem
3420 946 3434 972 ,
3464 919 3516 963 et

1927 983 2093 1039 Deum
2126 996 2178 1040 et
2205 986 2396 1040 Filium
2422 988 2599 1044 Patris
2635 1007 2648 1055 ;
2689 993 2768 1046 vel
2799 1009 2904 1062 quo
2937 1005 3098 1064 pacto
3132 997 3312 1052 volunt
3337 1003 3510 1055 nomi-

1927 1075 2046 1129 nari
2093 1077 2417 1147 Christiani,
2461 1081 2550 1149 qui
2599 1083 2784 1136 dicunt
2839 1085 2890 1138 in
2928 1087 3194 1140 hominem
3243 1103 3510 1160 sanctum,

1925 1166 2064 1220 sicut
2103 1166 2156 1220 in
2190 1184 2353 1222 unum
2407 1159 2826 1240 prophetarum,
2883 1177 3095 1230 venisse
3152 1177 3381 1254 Verbum
3409 1224 3423 1246 ,
3456 1159 3513 1238 et

1926 1272 2028 1312 non
2063 1258 2235 1329 ipsum
2268 1260 2538 1316 hominem
2577 1262 2799 1329 factum,
2829 1281 2949 1320 cum
2982 1272 3210 1339 sumpsit
3243 1288 3305 1325 ex
3336 1273 3505 1330 Maria

1923 1365 2164 1419 corpus:
2195 1353 2286 1406 sed
2345 1352 2506 1406 alium
2557 1371 2678 1410 esse
2727 1356 3041 1423 Christum,
3083 1373 3134 1414 et
3180 1363 3345 1418 alium
3413 1367 3506 1422 Dei

1923 1437 2159 1494 Verbum
2206 1442 2346 1510 quod
2399 1453 2525 1498 ante
2561 1444 2784 1500 Mariam
2853 1459 3058 1504 etante
3093 1455 3286 1508 srecula
3337 1456 3506 1514 Filius

1921 1541 2038 1586 erat
2071 1531 2245 1586 Patris
2274 1533 2401 1589 2vel
2436 1539 2704 1604 quomodo
2750 1537 3044 1595 Christiani
3082 1559 3200 1599 esse
3253 1559 3504 1614 possunt.

1921 1622 2164 1678 dicentes
2199 1624 2362 1678 alium
2386 1641 2505 1682 esse
2529 1626 2724 1682 Filium
2749 1667 2764 1694 ,
2799 1639 2853 1685 et
2879 1631 3040 1684 alium
3082 1634 3169 1689 Dei
3223 1636 3506 1694 Verbum?

1992 1714 2102 1768 llas
2135 1731 2234 1771 nos
2266 1727 2578 1772 sanctorum
2606 1718 2828 1776 Patrum
2862 1739 3156 1793 sequemur
3185 1733 3498 1788 sententias.

221 1815 432 1883 δόξαις.
468 1786 538 1870 El
677 1786 762 1880 τίς
811 1786 1318 1888 ἑτεροδιδασκαλεῖ,
1355 1786 1450 1870 καὶ
1505 1786 1804 1891 ἑτερόιρρωη

1925 1805 1980 1860 Si
2013 1817 2191 1862 autem
2253 1811 2374 1879 quis
2406 1811 2682 1866 diversum
2723 1815 2916 1880 docet,
2950 1827 3003 1870 et
3029 1819 3300 1873 diversum
3334 1823 3498 1892 sapit,

223 1908 402 1972 ἐστὶν,
443 1908 549 1973 ἔξω
575 1909 674 1979 τῆς
711 1911 792 1973 είς
827 1911 979 1972 εὐθὺ,
1017 1910 1114 1964 καὶ
1148 1909 1434 1980 βασιλικῆς
1458 1909 1683 1980 φέρεται
1709 1912 1818 1982 τρί-

221 1999 348 2054 ϐου.
382 2001 506 2054 Ὀτι
545 2001 602 2054 δὲ
633 2002 729 2054 καὶ
763 2001 823 2055 τὸ
855 2001 1134 2072 σαρκικῶς
1179 2000 1434 2069 λέγεσθαι
1487 2002 1816 2072 γεννηθῆναι

218 2093 492 2164 Χριστὸν,
550 2093 649 2146 οὐκ
679 2092 950 2163 ἀσύνηθες
983 2095 1096 2156 τοῖς
1127 2091 1303 2159 ἁγίοις
1361 2091 1662 2162 Πατράσιν,
1700 2091 1815 2146 ἔστι

216 2183 278 2235 δὲ
313 2183 383 2254 δὴ
415 2183 614 2253 μᾶλλον
658 2183 754 2236 καὶ
803 2185 1014 2254 ἑτέροις
1069 2181 1327 2254 ἐντριϐὴς
1372 2183 1405 2251 ἡ
1444 2182 1609 2248 λέξις,
1661 2183 1813 2237 οὐδὲν

217 2267 390 2345 ἦττον
421 2275 551 2342 ἡμῖν
594 2272 794 2344 ἀληθὲς
838 2273 1086 2346 ὑπάρχον
1131 2271 1421 2326 ἀποφαίνει
1453 2273 1512 2324 τὸ
1549 2273 1809 2326 ὑποτετα-

218 2365 426 2435 γμένον
459 2365 624 2434 ῥητόν
643 2381 657 2395 ·
691 2363 803 2435 ἔχει
825 2365 882 2418 δὲ
908 2365 1102 2429 οὕτως’

485 2477 865 2546 Ἆμφιλοχίου
903 2477 1245 2532 ἐπισκόπου
1283 2479 1555 2532 Ἰκονίου.
1605 2543 1610 2546 _

295 2562 358 2614 Ei
391 2563 467 2634 μὴ
499 2566 610 2634 γάρ
645 2565 854 2628 ἐκεῖνος
886 2566 1150 2637 ἐγεννήθη
1184 2567 1485 2636 σαρκικῶς,
1513 2566 1613 2619 οὐκ
1645 2564 1710 2619 ἂν
1743 2566 1806 2619 σὺ

215 2655 520 2727 ἐγεννήθης
548 2659 937 2727 πνευματικῶς
961 2676 974 2690 ·
1005 2661 1054 2712 εί
1086 2660 1161 2731 μὴ
1189 2661 1396 2723 ἐκεῖνος
1423 2660 1680 2730 ἠνέσχετο
1707 2655 1808 2729 τῆς

211 2745 314 2798 τοῦ
343 2747 532 2800 δούλου
576 2749 812 2819 μορφῆς,
852 2751 953 2803 οὐκ
983 2751 1050 2804 ἂν
1083 2754 1146 2804 σὺ
1175 2752 1272 2822 τὴν
1303 2751 1462 2816 δόξαν
1491 2751 1590 2821 τῆς
1627 2749 1804 2802 υίοθε-

213 2839 344 2901 σίας
372 2840 693 2909 ὲκὲρδανας.
745 2841 910 2912 Δηλοῖ
947 2842 1004 2896 δὲ
1054 2842 1333 2896 κάνταῦθα
1370 2843 1454 2908 τὸ,
1500 2841 1801 2912 σαρκικῶς,

209 2929 298 2994 τὸ,
331 2931 476 2984 κατά
526 2933 739 3004 σάρκαο
787 2933 1042 2988 καθάπεο
1089 2935 1282 2988 ἀμέλει
1343 2935 1406 2988 τὸ
1471 2933 1689 2997 θεῖκῶς,
1719 2934 1800 3000 τὸ,

213 3020 366 3074 κατά
387 3022 645 3092 θεότητα.

652 3140 1241 3195 ΑΝΑΘΕΜΑΤΙΣΜΟΣ
1278 3141 1350 3195 Γ.

285 3251 357 3306 Et
390 3271 473 3319 τις
504 3254 597 3308 ἐπὶ
625 3253 720 3308 τοῦ
761 3255 882 3319 ἑνὸς
920 3254 1159 3326 Χριστοῦ
1200 3255 1401 3327 διαιρεῖ
1439 3256 1536 3320 τὰς
1561 3257 1800 3311 ὑποστά-

211 3357 332 3405 σεις
359 3344 498 3412 μετὰ
555 3343 654 3415 τὴν
683 3343 896 3410 ἕνωσιν,
957 3344 1096 3416 μόνῃ
1131 3345 1420 3399 συνάπτων
1470 3345 1640 3410 αὑτὰς
1677 3364 1801 3399 συν-

207 3435 382 3505 αφείᾳ
410 3439 474 3508 τῇ
511 3439 651 3490 κατὰ
682 3436 779 3507 τὴν
804 3436 962 3502 ἀξίαν
991 3476 1005 3501 ,
1038 3437 1206 3506 ἤγουν
1238 3437 1546 3502 αὑθεντίαν,
1575 3438 1609 3509 ἢ
1643 3437 1802 3492 δυνα-

208 3528 403 3580 στείαν
427 3568 440 3591 ,
479 3529 572 3581 καὶ
606 3529 727 3598 οὐχὶ
757 3527 822 3598 δὴ
872 3527 1076 3598 μᾶλλον
1109 3528 1310 3600 συνόδῳ
1341 3531 1405 3582 τῆ
1446 3529 1567 3582 καθ’
1608 3529 1799 3583 ἕνωσιν

208 3619 455 3688 φυσικήν
478 3635 492 3649 ο
519 3619 767 3691 ἀνάθεμα
798 3619 957 3675 ἔστω.
1021 3628 1026 3630 ’

532 3731 914 3800 Ἀντίῤῥησις
939 3729 1058 3785 τῶν
1090 3731 1498 3787 Ἀνατολικῶν.

286 3821 461 3875 Πάλιν
492 3823 654 3876 αὑτὸν
674 3823 782 3877 τῶν
813 3823 978 3877 αὑτοῦ
1011 3824 1400 3894 ὑπομνήσομεν
1423 3834 1450 3873 ιι
1477 3823 1671 3892 λόγων,
1697 3825 1799 3878 δει-

204 3913 440 3976 κνύντες
464 3914 627 3968 αὑτὸν
664 3915 758 3968 δύο
787 3915 1114 3979 ὑποστάσεις
1143 3915 1388 3984 λέγοντα,
1425 3916 1482 3969 ὲν
1519 3909 1601 3978 οἷς
1632 3932 1796 3986 φησιν

204 4011 266 4064 ὲν
290 4007 368 4078 τῷ
392 4009 593 4080 πρώτῳ
618 4010 792 4079 τόμῳ·
826 4009 1032 4063 Οὐκοῦν
1059 4010 1180 4062 ὅσον
1206 4010 1282 4070 είς
1325 4008 1460 4092 ἰδίαν
1485 4007 1668 4077 φύσιν,
1697 4010 1795 4080 οὐχ

198 4101 474 4171 ⁷ἡγίασται
506 4102 666 4170 μόνος
697 4101 725 4153 ὁ
767 4103 832 4154 ὲκ
882 4100 1018 4154 Θεοῦ
1054 4102 1270 4172 Πατρὺς
1310 4101 1481 4168 Λόγος
1505 4117 1518 4128 “
1560 4103 1608 4154 εἰ
1641 4101 1698 4154 δὲ
1727 4102 1790 4172 δή

200 4208 289 4255 τις
320 4193 488 4244 οἴοιτο
515 4191 608 4244 τὸν
650 4193 714 4244 ὲκ
745 4193 842 4262 τῆς
889 4191 1051 4262 ἁγίας
1098 4192 1371 4263 Παρθένου
1397 4193 1792 4264 γεγεννημένον

200 4281 500 4352 κεχρῦθαί
552 4299 612 4334 τε
675 4282 768 4334 καὶ
816 4282 1073 4352 ἡγιάσθαι
1156 4282 1334 4353 μόνον,
1394 4283 1647 4354 ταύτῃτοι
1697 4283 1791 4337 καὶ

196 4372 528 4442 ὠνομάσθαι
578 4373 710 4425 Θεόν
735 4383 756 4411 τ
788 4389 801 4401 °
838 4373 956 4437 πῶς
998 4369 1091 4426 οῦν
1113 4374 1188 4435 ὼς
1244 4373 1632 4444 ἐπιλαθόμενος
1682 4376 1790 4428 τῶν

1919 1907 2071 1952 extra
2101 1909 2299 1954 rectam
2319 1909 2372 1956 et
2397 1903 2598 1974 regiam
2635 1905 2774 1958 viam
2803 1907 2998 1961 fertur.
3057 1909 3207 1976 Quod
3243 1922 3421 1966 autem
3445 1926 3500 1969 et

1919 1991 2212 2046 carnaliter
2240 1993 2343 2046 dici
2375 2004 2558 2048 natum
2606 2011 2729 2051 esse
2761 1996 3058 2066 Christum,
3085 2017 3188 2055 non
3223 2004 3494 2059 insolitqu

1920 2080 1993 2134 sit
2035 2084 2240 2138 sanctis
2288 2083 2576 2154 Patribus,
2610 2088 2720 2143 imo
2763 2105 2890 2145 vero
2925 2093 3086 2146 etiam
3128 2093 3251 2149 aliis
3307 2097 3494 2152 tritum

1917 2174 2174 2238 verbum,
2221 2193 2325 2232 non
2363 2179 2542 2234 minus
2586 2196 2775 2236 verum
2828 2184 2983 2239 nobis
3029 2201 3152 2240 esse
3209 2188 3497 2258 subjuncta

1916 2264 2077 2318 verba
2120 2268 2512 2324 demonstrant.
2556 2271 2627 2326 Ea
2657 2273 2735 2328 sic
2761 2274 2968 2330 habent

2282 2468 2635 2538 Ampltilocltit'
2669 2473 2902 2542 episwpi
2945 2473 3134 2529 Iconii.

1981 2555 2094 2610 Nisi
2129 2556 2272 2610 enim
2305 2557 2390 2611 ille
2447 2569 2608 2615 natus
2644 2573 2790 2615 esset
2833 2565 3159 2631 carnaliter,
3211 2584 3382 2638 neque
3434 2580 3489 2625 tu

1911 2657 2066 2701 natus
2103 2662 2251 2703 esses
2285 2649 2600 2720 spiritaliter
2633 2668 2646 2706 :
2685 2653 2786 2708 nisi
2818 2654 2905 2710 ille
2933 2657 3144 2712 tulisset
3185 2663 3326 2716 servi
3373 2662 3489 2717 for-
3545 2715 3549 2719 .

1908 2755 2081 2806 mam,
2116 2756 2292 2811 neque
2333 2752 2386 2796 tu
2427 2743 2652 2813 gloriam
2689 2746 2993 2816 adoptionis
3035 2749 3262 2806 ﬁliorum
3302 2765 3492 2810 nactus

1905 2844 2080 2886 esses.
2146 2831 2430 2902 Signiﬁcat
2490 2845 2670 2891 autem
2722 2848 2775 2892 et
2829 2839 2929 2894 hoc
2987 2840 3105 2897 loco
3159 2846 3486 2912 carnaliter,

1905 2921 2046 2978 idem
2079 2924 2222 2992 quod
2251 2926 2548 2980 secundum
2579 2943 2822 2998 carnem,
2848 2931 2992 2986 sicut
3023 2933 3234 2990 scilicet
3285 2938 3487 3006 divine,

1905 3014 2208 3070 secundum
2240 3016 2602 3074 divinitatem.

2317 3127 2957 3192 ANATHEMATISMUS
2996 3136 3088 3193 Ill.

1976 3235 2034 3291 Si
2071 3238 2193 3308 quis
2223 3239 2275 3294 in
2317 3256 2423 3296 uno
2457 3241 2676 3300 Christo
2704 3255 2828 3315 post
2872 3249 3130 3305 unionem
3161 3252 3347 3308 dividit
3388 3254 3490 3326 hy-

1904 3337 2182 3398 postases,
2236 3331 2492 3402 ipsasque
2533 3344 2744 3391 tantum
2795 3340 3181 3410 conjunctione
3234 3345 3374 3400 inter
3427 3361 3490 3402 se

1903 3422 2199 3486 connectit,
2234 3439 2353 3492 qua:
2385 3427 2683 3482 secundum
2719 3429 3059 3501 dignitatem,
3092 3433 3206 3489 sive
3246 3439 3486 3492 auctori-

1905 3521 2092 3580 tatem,
2125 3513 2208 3568 vel
2244 3525 2592 3583 potestatem,
2620 3528 2672 3574 ct
2709 3536 2812 3574 non
2845 3525 3024 3590 potius
3063 3541 3356 3595 concursu,
3394 3532 3485 3601 qui

1901 3613 1986 3658 est
2019 3605 2316 3660 secundum
2349 3607 2652 3662 naturalem
2685 3612 2969 3666 unionem:
3000 3619 3288 3672 anathema
3319 3620 3410 3678 sit.

2277 3717 2437 3790 164
2482 3719 2834 3776 Orientalium
2878 3726 3120 3794 objectio.

1971 3809 2168 3863 Iterum
2190 3809 2338 3864 illum
2364 3827 2582 3866 suorum
2603 3818 3154 3875 commonefaciemus
3169 3838 3478 3889 verberum,

1899 3903 2248 3958 ostendentes
2293 3904 2468 3972 ipsum
2498 3905 2633 3960 duas
2659 3907 3039 3965 subsistentias
3075 3913 3294 3969 dixisse.
3343 3916 3481 3973 Dicit

1898 3993 2039 4046 enim
2071 3993 2121 4046 in
2145 3994 2318 4062 primo
2351 4005 2496 4050 tomo
2533 4015 2546 4050 :
2587 3997 2768 4067 Itaque
2795 4013 3055 4069 quantum
3082 4005 3148 4057 ad
3190 4022 3341 4059 suam
3379 4025 3475 4062 na-

1900 4093 2099 4146 turam,
2129 4100 2234 4138 non
2271 4086 2674 4142 sanctificatum
2707 4099 2791 4144 est
2812 4092 2984 4146 solum
3013 4092 3105 4147 Dei
3140 4095 3318 4151 Patris
3347 4099 3479 4153 Ver-

1897 4175 2045 4229 bum.
2076 4175 2130 4230 Si
2162 4185 2342 4231 autem
2376 4179 2498 4249 quis
2534 4181 2827 4250 putaverit,
2873 4198 3019 4250 eum,
3055 4187 3143 4256 qui
3180 4203 3244 4242 ex
3290 4200 3472 4247 sancta

1895 4266 2116 4338 Virgine
2164 4269 2376 4337 genitus
2422 4280 2525 4337 est,
2560 4280 2781 4326 unctum
2817 4289 2936 4329 esse
2981 4285 3032 4330 et
3081 4280 3474 4335 sanctificatum

1895 4357 2087 4425 solum,
2108 4360 2208 4414 hac
2230 4361 2438 4416 ratione
2461 4363 2624 4417 etiam
2653 4366 2986 4421 nominatum
3005 4369 3296 4429 Christum.
3334 4373 3476 4440 Quo-

198 4464 428 4532 ὲαυτοῦ,
453 4467 532 4528 εἰς
563 4465 690 4535 μίαν
721 4466 1016 4519 ὑπόστασιν
1044 4465 1260 4534 συνάγει
1289 4467 1530 4536 συγχέων
1556 4468 1652 4530 τὰς
1683 4467 1782 4536 φύ-

1914 4452 2054 4506 nodo
2103 4453 2288 4522 igitur,
2336 4457 2492 4524 quasi
2528 4458 2730 4513 oblitus
2777 4476 2999 4515 suorum
3053 4466 3358 4532 verborum,
3406 4469 3472 4521 ad

198 4575 346 4621 σεις,
381 4557 618 4627 φυσικὴν
650 4557 750 4627 τὴν
785 4557 935 4611 θείαν
963 4558 1155 4610 ἕνωσιν
1193 4559 1516 4622 dictamni»);
1565 4560 1673 4611 Kal.
1701 4560 1786 4622 τίς

195 4667 336 4702 ποτε
370 4649 733 4720 παραδέξεται
765 4649 1001 4720 φυσικὴν
1030 4650 1126 4720 τὴν
1163 4649 1311 4703 θείαν
1334 4650 1527 4703 ἕνωσιν
1555 4650 1649 4704 τοῦ
1686 4669 1786 4722 μυ-

194 4742 433 4812 στηρίου
473 4743 573 4812 τῆς
618 4743 968 4811 οίκονομίας;
1003 4741 1064 4794 Εἰ
1111 4740 1221 4812 γὰρ
1259 4743 1462 4811 φυσικὴ
1504 4745 1537 4812 ἡ
1570 4743 1781 4808 ἓνωσις,

193 4833 307 4886 ποῦ
334 4836 369 4904 ἡ
410 4833 604 4904 χάρις;
635 4834 739 4887 ποῦ
773 4835 835 4888 τὸ
889 4833 1031 4887 θεῖον
1070 4835 1401 4905 μυστήριον;
1430 4837 1497 4887 Αἱ
1536 4836 1644 4906 γὰρ
1677 4835 1782 4905 φύ-

193 4943 341 4990 σεις,
375 4926 451 4989 ὼς
479 4926 860 4997 δεδιδάγμεθα,
889 4925 1034 4992 ἅπαξ
1063 4925 1214 4996 παρὰ
1251 4925 1344 4979 τοῦ
1361 4926 1619 4991 τάξαντος
1646 4927 1780 4980 Θεοῦ

190 5019 486 5083 ταγείσαι,
521 5017 768 5087 ἀνάγκης
814 5016 1106 5088 ἀκολουθία
1133 5025 1154 5052 ³
1196 5016 1570 5070 δουλεύουσιν⁹
1620 5019 1652 5088 ἢ
1686 5020 1783 5072 καὶ

188 5108 356 5161 ἔσται
392 5108 554 5162 πάλιν
586 5109 729 5162 κατὰ
761 5108 1152 5179 ἁνακύκλησιν,
1188 5110 1282 5162 καὶ
1321 5109 1533 5178 φύσεως
1558 5111 1781 5163 ἀκολου-

188 5199 320 5250 θίαν
355 5199 418 5252 τδ
445 5199 544 5269 τῆς
582 5200 896 5270 οἰκονομίας
937 5205 1124 5274 χρῆμα
1163 5201 1304 5254 κατὰ
1333 5201 1424 5254 τὸν
1453 5200 1635 5272 λῆρον,
1684 5202 1777 5254 κα)⁸

189 5288 421 5360 μυθώδη
467 5290 567 5360 τῆς
606 5290 1094 5363 χιλιονταετηρίδος
1121 5289 1218 5345 τοῦ
1252 5289 1571 5359 δυσωνύμου
1615 5290 1776 5344 Ἀπο-

188 5380 445 5456 λιναρίου
473 5382 720 5453 δόγματα
736 5401 752 5450 ;

1893 4561 2055 4599 unam
2102 4547 2414 4617 bypostasin
2462 4550 2626 4617 cogit,
2662 4561 2880 4607 naturas
2913 4553 3269 4620 confundens,
3316 4571 3474 4611 natu-

1889 4639 2056 4695 ralem
2092 4642 2328 4694 divinam
2381 4642 2677 4698 unitionem
2725 4647 3052 4702 nominans?
3094 4649 3156 4702 Et
3208 4651 3328 4720 quis
3373 4670 3472 4706 un-

1887 4747 2047 4800 quam
2084 4731 2333 4786 admittet
2368 4735 2668 4789 naturalem
2696 4735 2932 4789 divinam
2969 4739 3265 4794 unitionem
3303 4742 3353 4794 in
3385 4758 3472 4796 sa-

1888 4833 2166 4878 cramento
2197 4824 2658 4892 dispensationis?
2703 4827 2760 4882 Si
2797 4829 2941 4883 enim
2983 4831 3245 4885 naturalis
3276 4834 3466 4899 unitio,

1891 4916 1977 4968 ubi
2035 4916 2247 4984 gratia?
2311 4917 2400 4972 ubi
2453 4917 2693 4972 divinum
2747 4924 3190 4976 sacramentum?
3251 4921 3469 4982 Natura:

1887 5006 2054 5071 enim,
2093 5017 2149 5061 ut
2177 5009 2354 5062 edocti
2391 5023 2597 5073 sumus,
2623 5010 2788 5064 semel
2820 5010 2888 5064 ab
2911 5012 3198 5069 ordinante
3233 5015 3341 5070 Deo
3372 5033 3466 5072 or-

1887 5100 2119 5163 dinatae,
2187 5101 2510 5155 necessariis
2558 5103 2960 5171 eonsequentiis
3009 5106 3276 5162 serviunt.
3327 5107 3462 5164 Num

1884 5192 2046 5244 etiam
2085 5191 2281 5245 iterum
2310 5193 2415 5246 erit.
2449 5195 2742 5248 secundum
2772 5196 3159 5252 revolutionem
3183 5211 3237 5254 et
3259 5212 3464 5258 natura:

1883 5283 2326 5352 consequentiam
2381 5285 2802 5355 dispensationis
2861 5304 2996 5359 Optts
3052 5289 3203 5360 juxta
3263 5294 3461 5348 delira-

1883 5381 2088 5441 menta,
2121 5373 2476 5447 t‘abulosaque
2515 5377 2661 5434 mille
2693 5394 2955 5437 annorum
3001 5381 3222 5438 infausti
3252 5384 3462 5455 Apolli-

1885 5466 2022 5520 narii
2053 5466 2342 5537 dogmata?

1244 5605 1421 5661 Variae
1442 5605 1700 5659 lectiones
1732 5619 1794 5659 ex
1823 5603 2009 5659 codice.
2035 5603 2409 5673 Seguieriano.

259 5767 286 5808 οι
318 5758 746 5832 ὑπομνήσωμεν.
829 5771 850 5799 τ
883 5762 1134 5834 Χριστόν.

1219 5773 1239 5799 ³
1273 5762 1545 5831 ταγεῖσαι,
1580 5758 1844 5828 ἀνάγκαις
1876 5757 2221 5832 ἀκολουθίας,
2248 5763 2286 5834 ἢ
2319 5764 2485 5832 ἴσως,
2530 5765 2869 5837 ἀναγκαίαις
2891 5768 3253 5834 ἀκολουθίαις.
