4088 6468
615 334 719 388 527
1372 310 1383 317 ’
1611 325 1671 378 s.
1713 322 1988 379 CYtttLLI
2027 322 2495 378 ALEXANDRlNI
2535 324 2854 380 ABCHIEP.
3777 324 3893 384 ω

1168 438 1357 511 Cyrilli
1398 438 1652 509 defensio.
2238 444 2283 498 Α
2436 498 2453 511 ι
2778 441 2782 458 ς

2238 444 2283 498 Δ
2436 498 2453 511 ι
2778 438 3085 509 Ἀπολογιά
3114 440 3434 507 Κιφίλλου.

696 555 921 612 Divinus
955 552 1173 618 Paulus,
1198 551 1468 622 quomodo
1498 551 1696 604 factum
1724 551 1795 605 sit
1823 551 1983 603 homo
2018 551 2203 620 unige-

2388 552 2443 603 Ὀ
2474 551 2758 615 θεσπέσιος
2805 552 3013 616 Παῦλος
3044 552 3122 614 τὸ,
3170 553 3291 606 τίνα
3322 553 3386 625 δὴ
3422 569 3629 623 τροπον
3661 553 3892 622 γέγονεν

619 651 794 704 nilum
828 648 924 703 Dei
964 646 1221 709 Verbum,
1246 655 1301 697 ut
1330 643 1502 698 tidelis
1524 642 1863 712 dispensator
1899 656 2205 697 sacramen-

2306 642 2591 713 ἄνθρωπος
2644 644 2673 694 ὁ
2724 643 3022 713 μονογενὴς
3066 641 3161 695 τοῦ
3216 642 3350 696 Θεοῦ
3400 644 3604 711 Λόγος,
3657 645 3893 716 ἐναργὲς

623 750 798 795 torum
828 738 919 793 Dei
944 738 1085 803 ",et
1111 737 1283 806 ipsum
1306 733 1510 788 habens
1541 734 1592 786 in
1626 749 1685 788 se
1711 733 2016 798 loquentem
2044 732 2203 786 Chri-

2305 732 2475 785 ἀπασι
2506 732 2786 797 καθιστὰς,
2824 734 2900 796 ὡς
2933 733 3215 802 οἰκονόμος
3248 734 3564 805 μυστηρίων
3596 734 3757 798 Θεοῦ,
3794 736 3892 788 καὶ

621 842 763 888 stum
790 831 859 897 ⁸⁸,
895 829 1179 885 manifeste
1209 827 1462 881 omnibus
1490 826 1787 881 ostendens
1820 845 1833 879 :
1868 845 1886 877 ι
1915 824 2030 879 Νοη
2058 826 2202 879 enim

2305 825 2464 876 αὐτὸν
2513 824 2650 895 ἔχων
2684 827 2742 877 έν
2799 825 2977 893 ἑαυτῷ
3010 824 3275 878 λαλοῦντα
3305 827 3539 896 Χριστόν
3560 843 3575 857 ⁵
3613 846 3632 872 ο
3653 828 3736 880 Ού
3778 828 3892 898 γὰρ

623 924 843 994 angelos
871 918 1249 991 apprehendit,
1273 919 1472 987 inquit,
1502 918 1594 971 sed
1629 931 1811 971 semen
1848 917 2080 971 Abrahae
2108 931 2203 986 ap-

2303 914 2367 982 δή
2406 931 2506 965 που
2536 914 2783 981 ἀγγέλων
2833 914 3283 983 ἐπιλαμϐάνεται,
3325 916 3512 985 φησὶν,
3538 914 3679 969 ἀλλά
3714 916 3890 987 σπέρ-

622 1014 991 1083 prehendit".
1023 1031 1042 1065 ι
1068 1010 1221 1065 Unde
1238 1011 1495 1078 Oportuit,
1519 1025 1645 1064 eum
1681 1024 1776 1079 per
1808 1011 1988 1063 omnia
2019 1009 2205 1063 fratri-

2308 1022 2477 1075 ματος
2512 1005 2763 1076 Ἀϐραὰμ
2800 1005 3264 1076 ἐπιλαμϐάνεται·
3307 1025 3326 1057 ι
3369 1007 3489 1059 ὅθεν
3514 1006 3717 1076 ὤφειλε
3746 1009 3888 1063 κατὰ

620 1109 721 1161 bus
750 1104 979 1160 similem
1013 1102 1159 1167 ﬁeri,
1192 1110 1248 1155 ut
1283 1101 1593 1155 misericors
1613 1110 1668 1153 et
1700 1099 1869 1154 lldelis
1889 1100 2040 1154 ﬁeret
2072 1114 2206 1169 pon-

2305 1099 2481 1151 πάντα
2514 1101 2625 1161 τοῖς
2654 1099 2901 1167 ἀδελφοῖς
2927 1098 3288 1168 ὁμοιωθῆναι,
3321 1099 3407 1152 ἵνα
3436 1100 3690 1171 ἐλεήμων
3720 1102 3888 1170 γένη-

623 1196 752 1252 tifex
785 1195 835 1250 in
872 1194 977 1257 his,
1013 1207 1132 1262 qua:
1161 1194 1227 1245 ad
1265 1192 1431 1245 Deum
1466 1191 1531 1244 ‘°.
1570 1190 1679 1245 Nos
1704 1204 1835 1243 vero
1866 1201 1922 1242 ut
1959 1188 2203 1242 rectissi-

2304 1207 2411 1251 ται,
2431 1191 2525 1242 καὶ
2552 1190 2741 1255 πιστὸς
2772 1191 3061 1261 ἀρχιερεὺς
3090 1191 3158 1243 τὰ
3193 1189 3329 1261 πρὸς
3342 1191 3431 1244 τὸν
3452 1192 3605 1245 Θεόν.
3624 1191 3888 1262 Ἡμεῖςᾶ

621 1306 710 1346 me
757 1290 1028 1358 prolatum
1061 1286 1162 1340 hoc
1196 1283 1414 1338 dictum'
1446 1293 1631 1336 nostra
1685 1282 1953 1336 sententia
2005 1281 2200 1350 proba-

2303 1282 2424 1341 ταῖς
2464 1281 2542 1341 είς
2576 1280 2845 1351 ὀρθότητα
2892 1280 3092 1350 ψήφοις
3147 1281 3535 1351 στεφανοῦντες
3566 1282 3627 1335 τὸ
3656 1285 3887 1353 εἰρημέ-

620 1394 762 1445 mus,
792 1382 1082 1446 sequentes
1113 1372 1313 1440 ubique
1348 1371 1609 1425 divinitus
1637 1370 1929 1440 inspiratas
1952 1369 2205 1439 Scriptu-

2303 1387 2412 1431 νον,
2437 1370 2694 1440 ἑπόμενοί
2722 1388 2781 1423 τε
2806 1373 3053 1442 πανταχῆ
3074 1374 3193 1435 ταῖς
3215 1371 3589 1437 θεοπνεύστοις
3617 1374 3885 1444 Γραφαῖς,

622 1486 733 1534 ras,
770 1479 824 1523 et
865 1469 1020 1521 valde
1061 1465 1396 1518 admirantes
1445 1462 1818 1531 theologorum
1870 1474 2052 1524 voces,
2098 1458 2205 1511 imo

2304 1464 2397 1515 καὶ
2427 1464 2527 1527 τὰς
2573 1461 2681 1515 τῶν
2716 1461 2994 1535 θεηγόρων
3026 1465 3213 1533 φωνὰς
3246 1465 3340 1518 τοῦ
3377 1466 3579 1529 παντὸς
3605 1466 3885 1532 ἀξιοῦντες

621 1576 714 1616 eas
752 1576 846 1629 pro
888 1556 1090 1612 divinis
1136 1555 1343 1625 legibus
1381 1553 1665 1618 habentes,
1705 1552 1938 1606 dicimus
1970 1548 2063 1603 Dei
2099 1548 2203 1603 Pa-

2304 1553 2601 1625 θαύματος,
2636 1555 2834 1625 μᾶλλον
2870 1555 2929 1609 δὲ
2977 1556 3070 1609 καὶ
3121 1556 3299 1619 θείους
3338 1557 3630 1627 ἡγούμενοι
3665 1560 3882 1628 νόμους,

622 1651 720 1704 tris
751 1648 982 1703 Verbum
1033 1660 1139 1698 non
1190 1642 1620 1713 apprehendisse
1664 1654 1841 1709 neque
1890 1650 2202 1694 sanctorum

2304 1648 2364 1699 οὗ
2397 1646 2497 1716 τῆς
2538 1646 2651 1699 τῶν
2703 1648 2875 1715 ἁγίων
2929 1648 3200 1717 ἀγγέλων,
3227 1648 3350 1702 οὔτε
3394 1651 3500 1719 μὴν
3538 1653 3640 1721 τῆς
3686 1651 3882 1704 ἑαυτοῦ

622 1743 959 1812 angelorum,
996 1753 1169 1809 neque
1192 1753 1345 1793 suam
1375 1747 1625 1790 naturam
1659 1753 1673 1790 :
1699 1735 1975 1790 credimus
2001 1743 2201 1797 autem,

2268 1793 2275 1812 ι
2305 1736 2517 1805 φύσεως
2548 1738 2905 1791 ἐπιλαὸἐσθαι
2942 1741 3122 1809 φαμὲν
3152 1741 3245 1793 τὸν
3276 1744 3343 1793 ὲκ
3372 1741 3506 1793 Θεοῦ
3536 1741 3761 1811 Πατρὸς
3789 1743 3882 1796 Δό-

622 1788 959 1812 ....,,ν.-.η.--,
996 1788 1167 1809 -.-.,_-
1192 1788 1343 1793 νίκη
1663 1788 1669 1790 .
1710 1788 1722 1790 _
2188 1788 2200 1797 ,

622 1836 916 1891 secundum
942 1833 1083 1902 quod
1110 1830 1283 1885 sacris
1316 1827 1538 1882 Litteris
1575 1827 1810 1891 videtur,
1839 1826 1981 1895 quod
2011 1825 2205 1879 obum-

2268 1793 2434 1897 ιγοψ
2484 1829 2929 1901 πεπιστεύκαμεν
2986 1788 3067 1894 δέ,
3121 1832 3207 1884 ὅτι
3253 1832 3392 1886 κατά
3443 1831 3505 1884 τὺ
3547 1788 3692 1894 τοῑςΓ
3723 1833 3882 1903 ἱεροῖς

622 1929 786 1981 hrans
820 1936 1019 1981 sanctae
1052 1924 1287 1993 Virgini,
1332 1932 1517 1991 utpote
1548 1921 1722 1973 virtus
1748 1919 2016 1972 exsistens
2049 1918 2203 1971 altis-

2307 1924 2345 1974 Γ
2352 1923 2601 1993 ράμμασι
2629 1922 2839 1984 δοκοῦν,
2868 1924 3197 1987 ὲπισκιάσας
3218 1928 3285 1995 τῇ
3319 1925 3451 1995 ἁγίᾳ
3479 1923 3769 1995 Παρθένῳ.
3791 1926 3879 1978 ἁτε

620 2018 743 2069 simi
782 2015 977 2079 Patris,
1016 2013 1271 2067 formavit
1305 2011 1407 2065 sibi
1447 2024 1644 2076 corpus
1676 2022 1740 2061 ex
1780 2008 1891 2073 illa,
1932 2017 2204 2060 verumta-

2304 2017 2367 2087 δὴ
2409 2016 2501 2070 καὶ
2551 2014 2782 2085 δύναμις
2826 2014 2902 2070 ὢν
2934 2016 3030 2069 τοῦ
3087 2016 3310 2086 ὑψίστου
3366 2016 3603 2087 Πατρὸς,
3650 2017 3882 2070 ἔπλασεν

622 2123 742 2161 men
770 2123 866 2176 per
895 2106 1267 2174 operationem
1299 2102 1471 2157 sancti
1502 2101 1771 2170 Spiritus;
1807 2111 1858 2154 et
1886 2099 2083 2154 factum
2120 2108 2203 2153 est

2308 2107 2484 2177 ἑαυτῷ
2517 2106 2578 2159 τὸ
2617 2107 2777 2177 σῶμα
2804 2107 2866 2159 τὸ
2900 2107 2959 2171 ἐξ
2989 2108 3183 2177 αὐτῆς,
3219 2108 3358 2179 πλὴν
3384 2108 3451 2161 δι’
3478 2108 3767 2177 ἐνεργείας
3794 2108 3878 2161 τοῦ

622 2203 802 2266 hoino,
837 2198 1273 2269 appellatumque
1315 2202 1400 2248 est
1436 2192 1576 2247 (ilius
1606 2193 1835 2247 Abrahae
1870 2202 1924 2245 et
1952 2192 2200 2255 Davidis;

2307 2200 2462 2267 ἁγίου
2504 2198 2819 2267 Πνεύματος
2843 2215 2857 2229 ’
2899 2199 2993 2251 καὶ
3028 2200 3250 2266 γέγονεν
3265 2200 3572 2270 ἄνθρωπος,
3602 2198 3881 2268 κεχρημάο

622 2308 725 2347 non
765 2292 1021 2344 amittens
1060 2298 1278 2357 propter
1309 2285 1727 2350 humanitatem,
1754 2284 1896 2353 quod
1939 2283 2008 2337 sit
2038 2282 2203 2336 Filius

2306 2292 2421 2344 τικέ
2448 2308 2505 2343 τε
2564 2291 2659 2344 καὶ
2697 2290 2810 2351 υἱὸς
2851 2289 3122 2360 Ἀϐραὰμ,
3154 2290 3248 2343 καὶ
3270 2289 3462 2343 Δαυῒδ’
3499 2290 3603 2342 οὐκ
3639 2292 3881 2358 ἀπεμπο-

623 2384 715 2438 Dei
743 2392 797 2437 et
836 2380 1011 2434 Patris
1053 2378 1349 2433 secundum
1396 2377 1719 2438 veritatem;
1768 2390 1992 2428 manens
2022 2384 2201 2429 autem

2306 2386 2472 2452 λήσας
2506 2384 2593 2436 διὰ
2659 2384 2719 2435 τὸ
2764 2382 3104 2453 ἀνθρώπινον
3146 2384 3208 2435 τὸ
3262 2380 3401 2436 εἶναι
3436 2385 3575 2436 κατὰ
3627 2383 3879 2451 ἀλήθειαν

623 2474 826 2543 potius,
858 2471 1107 2541 quamvis
1135 2468 1337 2522 factum
1370 2467 1441 2520 sit
1471 2480 1622 2527 caro,
1661 2464 1817 2535 165
1852 2466 1903 2517 in
1934 2476 2125 2519 natura
2151 2475 2205 2519 et

2307 2476 2433 2537 Υἱὸς
2465 2474 2556 2526 τοῦ
2592 2473 2752 2536 Θεοῦ,
2801 2476 2893 2526 καὶ
2941 2476 3174 2544 Πατρὸς,
3214 2474 3537 2545 μεμενηκὼς
3570 2476 3628 2528 δὲ
3659 2475 3877 2544 μᾶλλον.

619 2562 910 2635 eminentia
930 2570 982 2613 et
1005 2558 1175 2628 gloria
1195 2557 1431 2609 deitatis.
1467 2553 1822 2607 lmmutabilis
1848 2555 1991 2606 enim
2025 2562 2128 2616 est,
2150 2561 2205 2605 et

2306 2568 2398 2619 καὶ
2439 2569 2489 2618 εἰ
2539 2566 2732 2633 γέγονε
2771 2567 2927 2637 σὰρξ,
2957 2570 3013 2618 ὲν
3065 2567 3228 2636 φύσει
3253 2584 3313 2619 τε
3358 2570 3454 2621 καὶ
3489 2569 3758 2638 ὑπεροχῇ,
3793 2570 3879 2621 καὶ

619 2654 971 2710 conversione
988 2648 1280 2719 potentior,
1297 2656 1353 2699 ut
1374 2644 1533 2699 Deus.
1549 2645 1644 2698 Est
1659 2645 1821 2714 igitur
1838 2659 1977 2698 unus
1993 2655 2046 2696 et
2061 2643 2201 2696 idem

2303 2657 2428 2729 δόξῃ
2479 2657 2759 2727 θεότητος’
2794 2658 3149 2722 ἀναλλοίωτος
3177 2659 3283 2729 γάρ
3336 2660 3473 2724 ἐστι,
3525 2661 3620 2713 καὶ
3676 2660 3880 2729 τροπῆς

618 2755 673 2799 et
694 2743 862 2798 Filius
884 2750 937 2796 et
963 2738 1220 2794 Dominus
1246 2745 1300 2790 et
1343 2746 1468 2789 ante
1505 2745 1559 2789 et
1598 2746 1717 2803 post
1750 2735 2199 2788 incarnationem.

2303 2750 2563 2819 ἀμείνων,
2591 2749 2665 2809 ὡς
2687 2750 2839 2811 Θεός.
2870 2748 3027 2801 Ἐστι
3066 2752 3083 2785 ι
3115 2749 3295 2802 τοίνυν
3322 2746 3404 2811 εἷς
3428 2767 3487 2803 τε
3537 2752 3632 2804 καὶ
3664 2751 3697 2802 ὁ
3725 2751 3878 2812 αὐτὸς

622 2837 869 2892 Dividere
892 2843 1072 2888 autem
1103 2845 1267 2884 unum
1304 2828 1357 2882 in
1385 2827 1520 2881 duos
1551 2827 1708 2893 ﬁlios,
1736 2835 1791 2881 et
1818 2826 2029 2882 solvere
2062 2842 2203 2880 vera:

2307 2843 2453 2907 Υἱὸς,
2481 2844 2574 2895 καὶ
2602 2841 2809 2912 Κύριος
2838 2842 2933 2895 καὶ
2958 2841 3094 2909 πρὸς
3115 2842 3215 2909 τῆς
3244 2841 3595 2913 σαρκώσεως,
3617 2843 3717 2896 καὶ
3751 2841 3880 2913 μετὰ

620 2927 878 2983 unitionis
920 2939 1083 2995 opus,
1116 2922 1499 2990 distinguendo
1540 2934 1806 2984 seorsum,
1854 2928 1909 2973 et
1956 2920 2202 2989 pauenda

2304 2935 2401 3006 τὴν
2425 2935 2724 3006 σάρκωσιν.
2748 2934 2860 2987 Καὶ
2884 2934 2944 2985 τὸ
2971 2934 3199 3003 διαιρεῖν
3231 2936 3311 2996 είς
3345 2934 3494 2996 υἱοὺς
3522 2934 3617 2987 δύο
3644 2934 3742 2987 τὸν
3770 2936 3876 2997 ἕνα,

619 3019 870 3090 privatim
891 3018 1189 3078 hominem,
1208 3024 1261 3066 et
1290 3011 1541 3082 privatim
1568 3012 1755 3079 Deum,
1782 3011 1952 3066 crime
1977 3028 2009 3064 ιι
2037 3020 2121 3065 est
2145 3010 2200 3065 in

2304 3028 2401 3080 καὶ
2428 3027 2487 3079 τὸ
2524 3027 2623 3097 τῆς
2654 3024 2889 3096 ἀληθοῦς
2920 3024 3164 3089 ὲνώσεως
3209 3024 3513 3095 παραλύειν
3555 3026 3778 3096 χρῆμα,
3806 3026 3878 3078 δι-

620 3116 809 3184 primis
841 3113 1082 3180 impium.
1115 3106 1282 3162 Porro
1304 3104 1584 3159 Nestorius
1614 3105 1714 3159 ista
1748 3121 1933 3173 parum
1972 3120 2197 3172 curans,
2230 3129 2234 3164 ι

2261 3117 2273 3176 Ξ
2310 3118 2565 3179 ιστάντας
2596 3117 2697 3169 ἀνὰ
2738 3115 2925 3185 μέρος,
2964 3116 3058 3167 καὶ
3089 3113 3337 3177 τιθέντας
3364 3113 3545 3176 ίδικῶς
3573 3115 3875 3184 ἄνθρωπον,

619 3206 780 3260 audet
814 3203 943 3273 ipsis
973 3199 1239 3255 verbissic
1264 3198 1445 3252 dicere
1479 3214 1491 3249 :
1525 3215 1545 3247 ι
1574 3196 1685 3250 lloc
1714 3197 1915 3251 sentite
1934 3196 1987 3250 in
2020 3197 2199 3263 vobis,

2304 3210 2398 3262 καὶ
2426 3205 2609 3268 ίδικῶς
2630 3205 2783 3268 Θεὸν,
2814 3202 3133 3266 δυσσεϐείας
3163 3202 3277 3273 ἔχει
3308 3202 3410 3271 τῆς
3450 3204 3718 3256 ἀνωτάτω
3750 3219 3874 3273 γρα-

619 3298 763 3367 quod
795 3295 919 3349 etin
950 3291 1168 3347 Christo
1190 3286 1340 3351 Iesu,
1376 3286 1469 3357 qui
1491 3286 1542 3340 in
1576 3286 1747 3341 forma
1781 3287 1873 3341 Dei
1905 3288 2198 3351 exsistens,

2304 3304 2429 3373 φήν.
2476 3298 2661 3366 Ὀλίγα
2687 3308 2713 3335 υ
2746 3296 2803 3348 δὲ
2846 3295 3037 3348 τούτου
3091 3294 3472 3367 πεφροντικὼς
3495 3296 3524 3347 ό
3559 3294 3872 3365 Νεστόριος,

619 3390 855 3460 seipsum
884 3382 1202 3446 exinanivit,
1232 3380 1459 3434 formam
1483 3379 1623 3432 servi
1650 3380 2042 3448 aceipiens“.»
2086 3379 2198 3434 Non

2300 3392 2634 3461 τετόλμηκεν
2656 3386 2829 3439 εἰπεῖν
2861 3388 3053 3449 αὑταῖς
3073 3386 3285 3450 λέξεσιν
3309 3385 3504 3448 οὕτως·
3528 3385 3735 3438 «Τοῦτο
3756 3402 3871 3457 φρο-

618 3481 757 3534 dixit
797 3496 814 3533 :
860 3477 971 3531 lloc
1005 3475 1204 3530 sentite
1239 3473 1289 3525 in
1323 3469 1493 3534 vobis,
1519 3470 1659 3538 quod
1691 3481 1745 3523 et
1778 3472 1828 3523 in
1866 3471 1971 3524 Deo
2001 3469 2196 3535 Verbo,

2302 3482 2498 3537 νείσθω
2525 3484 2582 3534 έν
2620 3481 2768 3552 ὑμῖν,
2796 3479 2824 3532 ὃ
2858 3479 2948 3532 καὶ
2974 3480 3032 3531 ὲν
3064 3477 3289 3549 Χριστῷ
3329 3476 3504 3545 Ἰησοῦ
3529 3493 3544 3507 ο
3581 3477 3641 3541 ὃς
3668 3478 3731 3530 ὲν
3761 3493 3875 3547 μορ-

617 3570 761 3640 quod
789 3569 1029 3622 informa
1056 3564 1147 3619 Dei
1168 3562 1459 3627 exsistens,
1492 3562 1634 3615 servi
1663 3561 1892 3615 formam
1926 3562 2194 3630 suscepit:

2302 3578 2375 3646 φῇ
2428 3573 2562 3627 Θεοῦ
2591 3573 2877 3644 ὑπάρχων,
2924 3570 3117 3625 ἑαυτὸν
3144 3572 3401 3633 ὲκένωσε,
3441 3571 3661 3641 μορφὴν
3693 3570 3873 3623 δούλου

618 3665 713 3719 sed
739 3679 858 3717 cum
890 3660 1192 3728 accepisset
1224 3656 1325 3709 hoc
1348 3668 1568 3716 nomen,
1600 3653 1869 3716 Christus,
1899 3655 2196 3707 utduarum

2300 3667 2500 3722 λαϐών.
2531 3686 2551 3719 ι
2587 3667 2701 3719 Ούκ
2730 3660 2871 3729 εἷπε,
2902 3662 3073 3716 Τοῦτο
3108 3664 3411 3734 φρονείσθω
3451 3665 3509 3717 ὲν
3546 3664 3699 3732 ὑμῖν,
3731 3663 3761 3715 ὃ
3791 3661 3873 3716 καὶ

617 3764 930 3809 naturarum
945 3750 1358 3821 appellationem
1383 3746 1817 3815 signiﬁcativam,
1834 3746 1950 3798 sine
1964 3744 2199 3813 periculo

2301 3760 2359 3812 ὲν
2392 3756 2471 3828 τῷ
2498 3756 2617 3827 Θεῷ
2648 3754 2837 3824 Λόγῳ,
2870 3753 2927 3815 ὃς
2965 3753 3022 3804 ὲν
3065 3755 3245 3824 μορφῇ
3276 3750 3416 3805 Θεοῦ
3449 3752 3741 3824 ὑπάρχων,
3773 3750 3872 3804 δούο

618 3852 789 3920 ipsum
843 3857 897 3901 et
940 3844 1081 3899 servi
1128 3844 1355 3898 formam
1396 3842 1529 3895 dicit
1577 3841 1903 3908 suscepisse,
1941 3850 1991 3895 et
2028 3840 2195 3895 Deum

2300 3845 2390 3898 λου
2426 3844 2641 3915 μορφὴν
2671 3842 2861 3895 ἔλαϐεν
2882 3841 3059 3893 «me
3086 3840 3266 3894 λαϐὼν
3283 3840 3365 3899 τὸ,
3397 3842 3654 3913 Χριστὸς,
3675 3842 3755 3905 ὡς
3775 3840 3872 3894 τῶν

619 3942 881 4002 nominat,
934 3939 1064 3992 dum
1104 3952 1191 3999 ea,
1232 3950 1349 4004 qua:
1380 3935 1657 3996 dicuntur,
1712 3933 1763 3985 in
1798 3937 1931 3986 duas
1978 3943 2197 3989 naturas

2299 3938 2392 3991 δύο
2424 3938 2637 4005 φύσεων
2678 3935 3049 4006 προσηγορίαν
3077 3951 3142 4003 ση
3153 3934 3440 4005 μαντικὴν,
3459 3933 3765 3996 ἀκινδύνως
3792 3934 3874 3985 αύ-

615 4033 732 4086 sine
754 4028 1174 4099 reprehensione
1196 4027 1531 4081 dividuntur.
1566 4025 1619 4079 In
1644 4025 1810 4079 altera
1835 4034 2013 4078 autem
2040 4040 2199 4079 enar-

2298 4031 2388 4081 τὸν
2422 4030 2515 4081 καὶ
2555 4027 2743 4080 δούλου
2800 4025 3014 4097 μορφὴν
3043 4025 3249 4087 λαῦεῐν,
3282 4027 3377 4077 καὶ
3423 4026 3556 4078 Θεὸν
3582 4024 3868 4093 ὀνομάζει·

615 4124 824 4179 ratione
869 4122 1064 4175 iterum
1113 4120 1242 4174 dicit
1298 4135 1313 4170 :
1369 4137 1387 4169 ι
1422 4117 1491 4173 Ut
1521 4119 1577 4172 in
1613 4117 1831 4171 nomine
1871 4115 1997 4170 Jesu
2037 4130 2197 4172 omne

2298 4119 2404 4173 τῶν
2434 4119 2490 4172 δὲ
2522 4106 2753 4189 λεγοιῖέν
2766 4136 2841 4171 ων
2875 4127 2897 4157 ν
2928 4120 3008 4181 είς
3036 4117 3097 4170 τὸ
3118 4116 3226 4170 τῶν
3258 4116 3473 4185 φύσεων
3498 4115 3763 4184 ἀλήπτως
3791 4130 3872 4183 με·

614 4232 751 4289 genn
775 4215 1019 4270 ﬂectatur
1033 4212 1360 4277 caelestium,
1377 4211 1715 4265 terrestrium
1739 4223 1791 4264 et
1819 4209 2152 4264 infernorum
2178 4227 2192 4264 :

2303 4209 2601 4281 ριζομένων
2622 4209 2862 4263 διπλοῦν.
2911 4208 2999 4261 Ἑν
3031 4206 3194 4278 ἑτέρᾳ
3222 4207 3277 4259 δὲ
3298 4207 3458 4259 πάλιν
3485 4205 3749 4275 ἐξηγήσει
3779 4220 3870 4273 φη-

613 4320 670 4363 et
701 4307 878 4361 onmis
904 4306 1081 4375 lingua
1106 4303 1452 4368 conﬁteatur,
1480 4303 1622 4371 quod
1647 4300 1910 4356 Dominus
1938 4310 2019 4356 est
2041 4301 2196 4356 Jesus

2300 4302 2418 4355 σίν*
2456 4320 2473 4353 ι
2504 4302 2623 4353 ’Ίνα
2659 4303 2716 4354 ὲν
2764 4300 2842 4369 τῷ
2880 4300 3105 4370 ὀνόματι
3146 4298 3317 4369 Ἰησοῦ
3353 4300 3462 4351 πᾶν
3506 4299 3636 4363 γόνυ
3679 4296 3870 4366 κάμψῃ

614 4399 864 4456 Christus
885 4400 954 4449 “.
995 4416 1012 4448 ι
1047 4394 1275 4465 Propter
1309 4403 1637 4464 gestantem,
1675 4409 1797 4448 eum
1829 4394 1920 4463 qui
1954 4402 2197 4464 gestator

2254 4456 2264 4465 _
2301 4391 2662 4462 ἐπουρανίων,
2728 4391 2822 4441 καλ⁴
2876 4389 3153 4456 ἐπιγείων,
3198 4387 3289 4440 καὶ
3335 4383 3742 4454 καταχθονίων,
3785 4383 3868 4436 καὶ

614 4505 843 4545 veneror
882 4508 896 4543 :
950 4496 1167 4558 propter
1211 4486 1493 4548 latentem,
1532 4485 1676 4555 quod
1724 4454 2190 4554 apparetvadoro.

2252 4456 2271 4507 )
2303 4454 2453 4538 πᾶσα
2492 4482 2715 4551 γλῶσσα
2758 4454 3258 4551 ἑξομολοὴήσηται,
3304 4478 3386 4530 ὅτι
3422 4476 3627 4549 Κύριος
3666 4472 3866 4545 Ἰησοῦς

617 4579 1001 4650 luseparabilis
1042 4587 1125 4633 est
1170 4580 1239 4633 ab
1276 4593 1340 4631 eo
1368 4576 1460 4647 qui
1493 4577 1708 4630 videtur
1738 4572 1921 4640 Deus;
1972 4584 2197 4643 propter

2296 4575 2546 4647 Χριστός.
2589 4592 2606 4624 ι
2635 4571 2734 4625 Διά
2766 4573 2856 4624 τον
2887 4571 3175 4641 φοροῦντα,
3222 4571 3283 4622 τὸ
3314 4566 3653 4638 φορούμενον
3691 4564 3863 4617 σέϐω·

615 4678 720 4731 hoc
751 4674 889 4745 ejus,
921 4675 1011 4742 qui
1046 4688 1150 4727 non
1189 4681 1496 4741 separatur,
1529 4671 1790 4725 honorem
1827 4683 1932 4723 non
1971 4682 2192 4737 separo;

2293 4669 2381 4723 διὰ
2406 4668 2495 4721 τὸν
2522 4666 2906 4737 κεκρυμμένον
2942 4664 3231 4736 προσκυνῶ
3259 4664 3319 4716 τὺ
3351 4661 3708 4730 φαινόμενον·
3742 4658 3868 4728 ἀχὼ-

614 4782 810 4839 separo
846 4778 1085 4829 naturas,
1118 4765 1210 4820 sed
1244 4766 1372 4819 unio
1416 4764 1808 4818 adorationem.
1844 4760 1945 4829 (Et
1994 4760 2191 4815 iterum

2296 4774 2472 4826 ριστος
2505 4755 2599 4809 τοῦ
2629 4753 2954 4825 φαινομένου
2979 4754 3139 4815 Θεόςο
3174 4753 3259 4805 διὰ
3282 4751 3442 4804 τοῦτο
3466 4750 3564 4803 τοῦ
3603 4750 3678 4820 μὴ
3711 4766 3866 4819 χωρι-

615 4859 670 4914 ἰιι
707 4858 813 4912 alia
842 4855 1199 4926 explicatione
1230 4874 1243 4909 :
1282 4853 1375 4909 Dic
1422 4856 1487 4907 de
1516 4869 1580 4907 eo
1620 4853 1711 4922 qui
1745 4851 2002 4919 suscepit,
2050 4851 2191 4918 quod

2293 4850 2521 4917 ζομένου
2562 4848 2660 4917 τὴν
2689 4847 2854 4917 τιμὴν
2885 4848 2946 4899 ού
2982 4843 3217 4916 χωρίζω.
3256 4844 3490 4912 Χωρίζω
3518 4841 3620 4905 τὰς
3659 4842 3864 4909 φύσεις.

614 4952 686 5006 sit
716 4949 894 5015 Deus;
923 4963 1130 5017 appone
1156 4946 1305 5001 illum
1330 4947 1418 5015 qui
1451 4955 1735 5014 susceptus
1766 4952 1867 5005 est,
1897 4942 2020 5010 quia
2046 4942 2187 4996 servi

2300 4938 2413 4988 ἀλλ’
2452 4938 2555 4989 ὲνῶ
2599 4938 2698 5007 τὴν
2734 4935 3125 5007 προσκύνησιν.
3157 4934 3265 4987 Καὶ
3314 4936 3371 4986 ὲν
3421 4931 3683 5002 ἐξηγήσει
3715 4930 3865 4983 πάλιν

614 5047 819 5105 forma;
852 5042 1022 5110 adjice
1047 5043 1283 5109 posthmc
1307 5037 1672 5093 connexionis
1695 5036 2038 5106 dignitatem,
2063 5034 2185 5103 quia

2298 5028 2483 5097 ἑτέρᾳ·
2523 5028 2655 5080 Εἰπὲ
2687 5028 2777 5080 τὸν
2807 5027 3167 5080 ἀναλαϐόντα’
3202 5027 3283 5079 ὅτι
3313 5024 3466 5088 Θεός.
3501 5022 3748 5094 Πρόσθες
3785 5022 3864 5072 τὸν

614 5134 844 5187 duorum
883 5130 1179 5183 auctoritas
1207 5129 1532 5189 communis,
1566 5127 1690 5194 quia
1729 5126 1956 5178 duorum
1998 5128 2187 5179 eadem

2296 5120 2701 5189 ἀναληφθέντα,
2733 5122 2815 5173 ὅτι
2846 5119 3032 5172 δούλου
3063 5118 3275 5189 μορφή·
3313 5118 3563 5185 ἐπάγαγε
3590 5116 3729 5186 μετά
3755 5111 3866 5167 ταῦ-

614 5225 877 5295 tlignitas;
909 5220 1119 5275 naturis
1151 5218 1517 5281 manentibus,
1553 5217 1724 5272 fatere
1753 5217 2029 5287 dignitatis
2065 5218 2187 5267 uni-

2298 5231 2365 5265 τα
2400 5214 2459 5265 τὸ
2486 5212 2585 5281 τῆς
2614 5211 2906 5278 συναφείας
2928 5210 3166 5280 ἀξίωμα,
3185 5210 3269 5261 ὅτι
3303 5208 3413 5260 τῶν
3430 5207 3525 5260 δύο
3554 5209 3585 5276 ἡ
3617 5202 3864 5258 αύθεντία

687 5400 731 5432 ⁸⁷
763 5403 776 5452 ι
810 5399 931 5455 Cor.
970 5416 1020 5453 tv
1076 5400 1125 5453 l.
1202 5399 1249 5431 "
1282 5398 1320 5452 ll
1350 5380 1473 5454 Cor.
1508 5413 1623 5460 ιιιιι,
1654 5397 1697 5450 5.
1782 5394 1827 5424 ³⁸
1857 5392 2019 5446 llebr.
2052 5408 2109 5454 ιι,
2146 5392 2229 5443 l6.

2153 5392 2229 5443 l6.
2311 5390 2354 5419 "
2380 5387 2541 5443 llcbr.
2572 5404 2630 5454 ιι,
2670 5388 2755 5442 l7.
2834 5388 2874 5418 ⁶¹
2905 5385 3135 5457 Philipp.
3164 5402 3218 5451 lt,
3267 5386 3321 5444 5.
3345 5385 3393 5440 6.
3473 5384 3517 5415 "
3547 5380 3677 5436 ibid.
3710 5379 3767 5438 8.

1663 5572 1834 5626 Variae
1858 5572 2115 5624 let-tiones
2139 5584 2203 5623 ex
2238 5567 2422 5621 codice
2448 5567 2818 5636 Seguieriano.

691 5735 916 5809 ‘v‘ﬂat.
990 5741 1020 5771 ιι
1050 5731 1247 5801 ὀλίγον.
1311 5739 1335 5768 τ
1361 5732 1466 5783 τῶν
1495 5729 1823 5798 λεγομένων.
1856 5726 1893 5794 ἡ
1928 5726 2098 5790 ἴσως,
2129 5724 2236 5777 τῶν
2264 5721 2326 5795 δὴ
2364 5723 2689 5793 λεγομένων,
