4088 6454
121 349 232 405 529

737 346 1265 405 APOLOGETICUS
1302 347 1439 407 ΡΙὶο
1484 350 1574 407 XII
1614 349 1983 409 CAPITIBUS
2022 351 2302 409 CONTRA
2344 350 2809 410 ORIENTALES.

3192 381 3195 385 ·
3291 356 3395 411 530

121 467 305 538 κοινὴ,
338 465 553 521 ὅτιτῶν
586 465 680 521 δύο
706 467 907 522 ταυτὸν
938 466 1002 520 τὸ
1045 465 1299 539 ἀξίωμα,
1332 469 1441 524 τῶν
1479 470 1699 541 φύσεων

1820 473 2041 542 tatem.)
2075 470 2242 526 Vides
2269 470 2469 540 ubique
2512 480 2861 540 separantem
2897 471 3114 541 quidem
3163 472 3306 528 inter
3339 492 3397 526 se

122 559 410 631 μενουσῶν
464 560 719 631 ὁμολόγει
767 560 867 632 τὴν
905 559 1004 630 τῆς
1042 558 1200 626 ἀξίας
1250 562 1498 634 ἑνότητα.
1549 564 1713 634 Ὁρᾷς

120 653 381 724 πανταχῆ
402 653 706 726 διορίζοντα
732 653 830 724 μὲν
861 655 1109 727 ἀλλήλων
1133 655 1230 720 τὰς
1251 655 1461 724 φύσεις,
1488 656 1713 711 ἑνοῦν-τα

118 742 202 808 δὲ,
237 744 315 808 ῶς
344 763 497 816 φησι,
535 746 632 816 τὴν
659 746 1051 818 προσκύνησιν,
1079 750 1169 803 καὶ
1200 749 1386 820 κοινὴν
1426 748 1712 803 αύθεντίαν

118 837 483 909 ὀνομάζοντα,
518 840 613 893 καὶ
635 839 732 910 τὴν
763 839 861 910 τῆς
894 840 1052 907 ἀξίας
1091 841 1319 912 ἑνότητα
1344 841 1529 912 μόνης.
1553 841 1627 894 Τὸ
1656 841 1713 894 δὲ

120 930 309 982 κοινὸν
338 930 435 1000 οὐχ
470 930 548 992 ἓν,
586 931 632 983 εί
685 929 865 983 κοινὸν
912 944 960 997 ι,
1012 932 1097 1002 εῖη
1132 934 1196 985 ἂν
1223 943 1273 998 3’,
1316 933 1449 986 ἀλλά
1481 933 1573 986 δύο
1609 950 1711 986 που

121 1021 372 1087 πάντως,
403 1022 436 1092 ἦ
468 1021 709 1075 πλείοσιν
747 1020 930 1086 ἱδικῶς
954 1041 1012 1076 τε
1046 1024 1141 1078 καὶ
1167 1025 1269 1079 ἀνὰ
1294 1024 1455 1096 μέρος
1476 1026 1712 1098 θεωρου-

125 1112 336 1181 μένοις.
378 1112 524 1166 Ἀνθ’
558 1114 680 1166 ὅτου
714 1114 779 1185 δὴ
812 1112 904 1169 οῦν
930 1115 1200 1187 τοσαύτην
1250 1116 1526 1170 ποιοῦνται
1562 1126 1584 1153 ι
1614 1117 1714 1187 τὴν

122 1205 473 1277 κατάρῤησιν
513 1203 609 1259 τοῦ
653 1206 722 1259 τά
770 1206 951 1261 τοιάδε
992 1208 1173 1270 καλῶς
1221 1207 1713 1278 ἀναθεματίσαντος

121 1295 325 1364 λόγου;
363 1298 427 1350 Τί
463 1299 523 1351 τὸ
549 1298 769 1363 άτοπον,
809 1301 859 1354 εί
896 1303 1008 1365 τοῖς
1062 1299 1334 1372 βδελυροῖς
1363 1301 1457 1353 καὶ
1513 1303 1717 1371 ἀπηχε-

123 1390 344 1455 στάτοις
387 1391 684 1463 Νεστορίου
714 1391 893 1461 λόγοις
929 1392 998 1445 τὰ
1039 1394 1138 1463 τῆς
1168 1392 1450 1455 εὐσεϐείας
1472 1392 1717 1461 ἀντεγείο

126 1500 320 1555 ροντες
346 1483 616 1554 δόγματα,
640 1485 741 1554 τῆς
782 1485 891 1538 τῶν
943 1484 1189 1553 ἀδελφῶν
1220 1484 1520 1554 ἀσφαλείας
1562 1501 1717 1554 φρον⁹

123 1576 247 1629 τίδα
276 1576 378 1646 τὴν
400 1575 626 1629 δέουσαν
654 1576 1041 1647 πεποιήμεθα;
1089 1575 1308 1646 Ἐπειδὴ
1341 1574 1399 1628 δέ
1427 1592 1590 1645 φασιν
1615 1574 1714 1647 ἐμὲ

122 1668 240 1730 τοῖς
267 1664 432 1720 αὑτοῦ
481 1666 752 1737 μάχεσθαι
792 1667 994 1736 λόγοις,
1020 1666 1462 1737 παρακομίζουσι
1494 1665 1549 1719 δὲ
1579 1666 1715 1737 πρὸς

123 1754 404 1821 ἀπόδειξιν
428 1757 591 1828 μέρος
616 1757 714 1826 τῆς
739 1755 1047 1827 ἐπιστολῆς,
1070 1751 1138 1828 ῆς
1156 1757 1409 1825 γέγραφα
1436 1754 1571 1827 πρὸς
1592 1757 1717 1819 τοὺς

126 1849 325 1917 ἁγίους
352 1847 649 1918 μοναστάς,
680 1851 789 1902 δεῖν
825 1848 1007 1919 ᾠήθην
1035 1849 1100 1901 τά
1132 1848 1319 1901 εἰκότα
1356 1849 1451 1901 καὶ
1481 1846 1617 1917 πρός
1647 1864 1711 1915 γε

121 1939 287 1994 τοῦτο
324 1942 502 1993 εἰπεῖν
522 1956 536 1971 ·
570 1941 704 2010 φασι
728 1940 837 2011 γὰρ
871 1941 949 1994 ὅτι
979 1939 1070 1993 δύο
1111 1941 1204 1993 καὶ
1223 1940 1383 2002 αὐτὸς
1408 1940 1709 2011 ὠνόμασαα

123 2035 485 2098 ὑποστάσεις·
516 2033 612 2087 καὶ¹
641 2034 975 2105 ἀποχρήσειν
994 2033 1020 2072 δ
1044 2033 1230 2096 αὐτοῖς
1260 2034 1340 2096 εἰς
1368 2032 1588 2103 ἔλεγχον
1616 2034 1711 2088 τοῦ

122 2127 219 2181 καὶ
252 2127 405 2195 ἡμᾶς
431 2124 646 2179 ἑλέσθαι
675 2125 839 2178 ταυτδ
884 2126 1057 2179 εἰπεῖν
1100 2126 1211 2187 τοῖς
1236 2134 1257 2163 ο
1297 2123 1430 2178 αύτδ
1469 2124 1533 2195 δὴ
1558 2125 1715 2179 τοῦτο

122 2217 430 2287 νομίζουσι.
452 2215 727 2288 Παραθεὶς
757 2211 849 2270 οῦν
871 2215 1187 2284 ἀναγκαίως
1214 2215 1276 2269 τὸ
1308 2215 1407 2287 τῆς
1427 2215 1713 2287 ἐπιστολῆς

128 2306 324 2378 μέρος,
353 2306 699 2376 προσεποίσω
732 2306 873 2377 μετὰ
910 2303 1070 2358 τοῦτο
1100 2304 1165 2358 τὰ
1195 2304 1261 2357 δι’
1304 2297 1378 2359 ὧν
1405 2306 1472 2359 ἂν
1503 2306 1715 2374 γένοιτο

124 2398 491 2469 ψευδομυθεῖν
526 2398 839 2469 ᾑρημένους
889 2398 1165 2468 ἀποφῆναι
1222 2396 1520 2467 πανταχοῦ.
1560 2399 1715 2469 Ἔχει

124 2489 182 2542 δὲ
231 2488 439 2553 οὕτως·
479 2489 688 2542 Οὐκοῦν
734 2489 857 2542 ὅσον
898 2483 1033 2559 ἧκεν
1084 2489 1162 2551 είς
1224 2487 1360 2542 ἰδίαν
1395 2486 1583 2557 φύσιν,
1617 2489 1715 2560 οὐχ

128 2581 392 2650 ἡγίασται
421 2581 738 2649 καταμόνας
767 2582 795 2634 ὁ
822 2583 885 2633 ὲκ
929 2580 1065 2633 Θεοῦ
1096 2580 1310 2652 Πατρὸς
1344 2581 1514 2649 Λόγος
1534 2600 1547 2613 ο
1577 2583 1625 2635 εί
1660 2582 1716 2635 δὲ

124 2674 188 2745 δή
224 2692 314 2737 τις
341 2676 506 2727 οῖοιτο
539 2674 630 2727 τὸν
661 2675 725 2727 ἐκ
762 2675 860 2743 τῆς
890 2674 1051 2742 ἁγίας
1079 2674 1359 2747 Παρθένου
1388 2676 1717 2746 γεγεννημέ·

124 2784 213 2821 νον
241 2766 533 2838 κεχρίσθαι
562 2783 619 2819 τε
655 2766 749 2820 καὶ
780 2765 1042 2836 ὴγιάσθαι
1077 2766 1260 2836 μόνον,
1300 2765 1473 2840 ταύτῃ
1505 2783 1586 2820 τοι
1622 2768 1717 2820 καὶ

122 2857 445 2928 ὠνομάσθαι
478 2858 735 2927 Χριστὸν,
757 2858 965 2925 λεγέτω
996 2857 1304 2930 παρελθὼν,
1334 2859 1382 2910 εί
1409 2859 1627 2931 ἀπόχρη
1658 2859 1717 2914 τὸ

121 2951 341 3022 χρίσμα
371 2950 504 3021 πρὸς
533 2950 594 3003 τὸ
619 2950 896 3020 ἀποφῆναι
925 2950 1015 3003 τὸν
1037 2950 1325 3022 χριόμενον
1361 2950 1579 3003 ίσοκλεᾶ
1622 2951 1719 3004 καὶ

122 3042 423 3111 όμόθρονον
471 3040 548 3111 τῷ
582 3043 801 3095 πάντων
858 3040 1116 3094 ἐπέκεινα
1166 3039 1304 3110 Θεῷ.
1363 3040 1581 3111 Ἐπειδὴ
1610 3039 1719 3112 γάρ

1817 573 2060 627 naturas,
2099 563 2372 617 unientem
2408 568 2609 625 autem,
2660 570 2718 614 ut
2754 560 2907 624 dicit,
2942 563 3312 617 adorationem
3344 575 3399 615 et

1816 670 2160 708 communem
2190 654 2573 708 auctoritatem
2605 653 2997 718 nominantem,
3034 663 3089 709 et
3123 654 3286 708 solius
3316 656 3397 707 tli-

1814 746 2042 818 gnitatis
2070 747 2359 800 unitatem.
2389 745 2543 811 Quod
2588 755 3119 818 autemAcommune,
3160 760 3263 798 non
3295 747 3400 797 ιιιί-

1815 814 1923 906 que
1962 837 2053 891 uni
2082 850 2373 891 commune
2407 845 2513 901 est,
2539 835 2632 889 sed
2661 814 2870 889 duobus
2902 850 3144 904 prorsus,
3177 836 3257 888 vel
3284 836 3401 903 plu-

1818 930 1986 990 ribus,
2019 927 2109 997 qui
2145 940 2392 981 seorsum
2418 936 2472 980 et
2504 926 2793 995 separatim
2828 926 3263 979 considerantur.
3293 926 3402 977 Cur

1818 1020 1986 1090 igitur
2010 1027 2159 1073 tanta
2184 1017 2323 1073 facta
2348 1027 2433 1072 est
2456 1017 2781 1071 declamatio
2803 1018 3063 1072 adversus
3090 1032 3398 1072 sermonem

1820 1122 1966 1167 recte
2001 1113 2115 1166 [nec
2159 1110 2759 1166 anathematizantem?
2802 1110 2939 1177 Quid
2976 1110 3294 1175 absurdum,
3326 1111 3396 1173 si,

1817 1203 2243 1259 exsecrabilibus
2269 1214 2324 1258 et
2354 1202 2763 1258 absurdissimis
2791 1202 3025 1257 Nestorii
3055 1202 3400 1256 sermonibus

1818 1296 1902 1365 pia
1934 1296 2187 1364 dogmata
2216 1305 2572 1365 opponentes,
2608 1296 2674 1349 de
2714 1294 2945 1348 fratrum
2993 1293 3165 1348 salute
3197 1293 3397 1364 justam

1817 1403 2002 1442 curam
2027 1388 2332 1458 gessimus?
2356 1388 2621 1455 Quoniam
2650 1387 2835 1442 dicunt
2882 1402 3001 1442 mea
3025 1387 3187 1442 verba
3215 1402 3398 1441 secum

1818 1495 2080 1549 pugnare,
2105 1489 2159 1534 et
2187 1478 2419 1534 all'erunt
2445 1480 2510 1535 ad
2542 1458 3062 1535 demonstrationem
3095 1479 3255 1550 166
3276 1494 3401 1547 par-

1819 1580 1926 1626 tem
1976 1571 2219 1640 epistolte
2258 1586 2420 1641 quam
2467 1572 2658 1641 scripsi
2708 1573 2774 1626 ad
2821 1581 3045 1627 sanctos
3084 1574 3400 1636 monachos,

1818 1679 1997 1735 opera:
2028 1666 2260 1734 pretium
2296 1664 2538 1719 arbitror
2579 1675 2633 1720 et
2662 1666 2726 1718 ad
2762 1663 2865 1719 hoc
2908 1666 3286 1719 convenientia
3322 1665 3403 1718 di-

1818 1770 1964 1811 cere.
2001 1753 2199 1810 Dicunt
2224 1756 2372 1811 enim
2407 1755 2550 1826 quod
2599 1758 2739 1811 duas
2768 1756 2932 1811 etiam
2971 1758 3085 1825 ipse
3127 1756 3401 1810 nominavi

1818 1848 2222 1915 subsistentias,
2272 1856 2327 1903 et
2383 1845 2630 1903 suﬂicere
2685 1848 2765 1903 eis
2820 1847 2888 1902 ad
2947 1848 3433 1917 redarguendum,"

1815 1942 1957 2010 quod
2001 1957 2099 1995 nos
2147 1942 2288 1996 idem
2337 1952 2503 2011 atque
2539 1941 2638 2011 ipsi
2672 1941 2853 1996 dicere
2897 1955 3003 1994 non
3038 1941 3400 2005 renuerimus,

1816 2034 1905 2103 qui
1963 2035 2107 2089 istud
2175 2035 2351 2105 ipsum
2412 2036 2623 2090 scilicet
2694 2044 2908 2103 putant.
2983 2034 3241 2103 Apposita
3304 2034 3403 2103 igi-

1819 2138 1903 2181 tur
1932 2129 2240 2182 necessario
2280 2143 2345 2181 ea
2394 2139 2548 2197 parte
2597 2128 2865 2198 epistolae,
2918 2126 3253 2181 subinferam
3285 2136 3405 2195 post

1818 2221 1931 2275 haec
1963 2235 2048 2287 ea,
2096 2220 2293 2290 quibus
2326 2221 2526 2290 ubique
2565 2219 2703 2275 falso
2750 2220 2940 2289 nugari
2989 2219 3127 2274 velle
3175 2222 3405 2273 demun-

1817 2321 2077 2367 strentur.
2108 2312 2281 2366 llabct
2302 2322 2478 2366 autem
2504 2312 2583 2367 sic
2610 2331 2622 2366 :
2656 2311 2842 2380 Itaque
2864 2320 3127 2380 quantum
3155 2309 3221 2364 ad
3250 2324 3403 2364 suam

1819 2414 2092 2467 naturam,
2129 2420 2231 2458 non
2272 2404 2675 2458 sanctiﬁcatum
2706 2412 2790 2459 est
2821 2404 3117 2471 separatim
3165 2403 3257 2457 Dei
3306 2400 3405 2455 Pa-

1822 2495 1917 2551 tris
1946 2493 2209 2551 Verbnm.
2240 2492 2295 2548 Si
2322 2502 2501 2548 antem
2534 2494 2659 2563 quis
2690 2493 2978 2549 existimet
3025 2508 3172 2557 eum,
3201 2492 3292 2562 qui
3324 2501 3407 2546 est

1818 2602 1883 2642 ex
1916 2594 2103 2641 sancta
2142 2582 2362 2655 Virgine
2394 2593 2576 2647 natus,
2613 2594 2836 2638 unctum
2862 2597 2984 2639 esse
3014 2589 3069 2637 et
3095 2584 3407 2638 sanctillca-

1819 2688 1929 2733 tum
1973 2678 2168 2743 solum,
2218 2686 2273 2731 et
2328 2677 2430 2731 hac
2484 2676 2693 2730 ratione
2728 2678 3067 2731 nominatum
3105 2677 3402 2741 Christum,

1821 2770 2045 2839 prodeat
2082 2778 2137 2821 et
2184 2768 2350 2833 dicat,
2404 2782 2530 2821 num
2568 2765 2798 2822 suﬁiciat
2840 2767 3024 2823 unctio
3059 2768 3125 2822 ad
3170 2767 3296 2831 hoc,
3347 2779 3407 2821 ut

1820 2862 2035 2928 ellit-iat,
2073 2862 2215 2930 quod
2264 2869 2460 2914 unctus
2504 2859 2729 2929 :rqualis
2776 2859 2963 2929 gloria:
3006 2868 3061 2913 et
3104 2858 3405 2927 majestatis

1822 2956 1891 3009 sit
1932 2969 2053 3007 cum
2103 2967 2187 3015 eo,
2223 2953 2311 3021 qui
2360 2961 2446 3005 est
2487 2966 2652 3019 super
2679 2952 2884 3015 omnia,
2936 2950 3099 3004 Deus.
3138 2951 3403 3016 Quoniam

1822 3049 1965 3100 enim
2006 3044 2099 3099 Dei
2129 3042 2366 3098 Verlmm
2399 3044 2624 3097 seorsim
2651 3040 2922 3097 nominari
2958 3040 3256 3103 Christum,
3293 3038 3404 3093 Ne-

124 3134 217 3186 τὸν
244 3135 313 3185 ὲκ
345 3132 482 3187 Θεοῦ
515 3133 688 3203 Λόγον
721 3133 904 3196 ἱδικῶς
928 3131 1243 3203 ὠνομάσθαι
1274 3132 1527 3203 Χριστὸν,
1557 3135 1585 3186 ὁ
1611 3133 1717 3185 τῶν

1823 3138 2046 3199 storias,
2098 3135 2435 3188 novellarum
2469 3133 2624 3188 nobis
2651 3131 3114 3200 blasphemiarum
3159 3132 3407 3185 inventor

124 3224 267 3279 νέων
326 3228 460 3296 ἡμῖν
517 3224 878 3296 βλασφημιῶν
939 3225 1165 3297 εὑρετὴς
1210 3225 1503 3296 Νεστόριος
1533 3225 1717 3278 διαδε-

128 3317 386 3372 6αιοῦται
411 3317 619 3389 συχνῶς
639 3334 651 3346 ⁸
695 3316 876 3380 ίδικῶς
926 3316 1005 3383 δὲ,
1035 3319 1131 3370 καὶ
1158 3316 1262 3371 ἀνὰ
1290 3319 1454 3388 μέρος
1485 3318 1718 3389 Χριστὸν

128 3412 323 3482 ἓτερον
366 3410 460 3464 τὸν
510 3413 574 3463 ὲκ
620 3410 717 3481 τῆς
756 3408 921 3478 ἁγίας
970 3407 1249 3480 Παρθένου
1290 3410 1715 3480 γεγεννημένονο

129 3501 695 3573 κατακιϐδηλεύοντες
716 3501 817 3570 τὴν
839 3500 1018 3567 δόξαν,
1052 3499 1127 3563 ὼς
1156 3499 1366 3570 ἀκαλλῆ
1417 3502 1511 3554 καὶ
1544 3499 1719 3570 ἀσύμ-

129 3589 297 3658 φυλον
318 3589 344 3629 ά
369 3591 467 3642 καὶ
494 3590 592 3661 τῆς
622 3588 884 3660 ἀληθείας
930 3588 1325 3659 ὲξῳκισμένην,
1346 3588 1469 3643 οὔτε
1489 3589 1543 3644 δὲ
1574 3602 1597 3629 θ
1627 3591 1719 3644 τὸν

128 3681 194 3731 ὲκ
223 3678 367 3733 Θεοῦ
398 3680 613 3751 Πατρὸς
643 3681 818 3747 Λόγον
844 3680 989 3734 κατὰ
1017 3680 1185 3750 μόνας
1219 3681 1506 3752 νοούμενον
1540 3680 1721 3752 κεχρί-

129 3769 263 3823 σθαι
320 3770 402 3841 τῷ
452 3770 618 3841 ἐλαίῳ
652 3773 764 3843 τῆς
809 3772 1186 3840 ἀγαλλιάσεως
1238 3773 1717 3846 διαδεϐαιούμεθα,

124 3860 255 3915 οὔτε
291 3862 400 3933 μὴν
438 3863 544 3935 ἰδίᾳ
581 3881 642 3916 τε
674 3866 768 3918 καὶ
800 3864 946 3918 κατά
979 3866 1146 3936 μόνας
1177 3864 1253 3929 ὡς
1290 3866 1593 3936 ἄνθρωπον,
1626 3870 1721 3922 καὶ

126 3954 320 4025 ἕτερον
352 3953 483 4008 ὄντα
540 3955 668 4008 Υίδν
700 3955 852 4026 παρά
901 3956 993 4010 τὸν
1022 3958 1087 4011 ἑκ
1137 3956 1273 4010 Θεοῦ
1312 3958 1504 4028 Λόγον,
1541 3959 1630 4013 τὸν
1657 3961 1720 4013 ἐκ

127 4045 229 4116 τῆς
279 4045 443 4115 ἀγίας
481 4047 784 4120 Παρθένου.
819 4046 959 4103 Ἕνα
1008 4048 1065 4102 δὲ
1100 4050 1299 4121 μᾶλλον
1335 4051 1530 4121 χρῆναι
1582 4053 1721 4123 πρὸς

127 4138 394 4193 ἁπάντων
415 4138 865 4213 διισχυριζόμεθα
891 4142 1274 4211 ὁμολογεῖσθαι
1297 4144 1553 4215 Χριστὸν,
1582 4137 1719 4218 σαρ-

129 4229 385 4283 κωθέντα
420 4231 517 4284 καὶ⁵
562 4231 1101 4303 ὲνανθρωπήσαντα,
1152 4235 1245 4288 τὸν
1306 4237 1568 4307 μονογενῆ
1625 4236 1718 4290 τοῦ

128 4320 273 4374 Θεοῦ
305 4322 514 4391 Λόγον·
560 4342 579 4374 ι
609 4318 701 4386 Εἷς
734 4323 844 4396 γάρ
883 4324 1111 4395 Κύριος,
1160 4325 1259 4396 μία
1298 4326 1501 4393 πίστις,
1533 4327 1590 4379 ἓν
1626 4326 1721 4398 βά-

131 4429 370 4483 πτισμα.
403 4433 423 4466 ι
455 4414 814 4469 Ἔστιτοίνυν
842 4414 1019 4469 οὐδενὶ
1052 4416 1161 4470 τῶν
1194 4417 1332 4489 ὀρθά
1350 4423 1566 4489 φρονεῖν
1600 4422 1723 4473 εἰω-

1825 3229 2042 3282 assidue
2066 3225 2325 3290 aﬂirmat;
2360 3239 2413 3282 et
2444 3226 2673 3280 seorsim
2707 3224 2983 3278 Christum
3018 3222 3275 3288 alterum,
3310 3224 3402 3291 qui

1823 3334 1886 3374 ex
1924 3328 2110 3373 sancta
2141 3316 2363 3386 Virgine
2407 3317 2623 3387 genitus
2664 3322 2744 3369 est
2789 3332 2803 3368 :
2839 3321 2896 3367 nt
2931 3314 3069 3368 hanc
3095 3314 3403 3382 Opinionem

1825 3419 2143 3464 notaremus
2186 3419 2449 3478 tanquam
2495 3406 2903 3477 improbandam
2931 3419 2996 3459 ac
3034 3406 3403 3470 temerariam,

1822 3512 1878 3558 et
1922 3520 1951 3557 a
2003 3504 2233 3557 veritate
2266 3502 2531 3563 alienam,
2577 3513 2751 3568 neque
2804 3497 3041 3552 Verbum
3097 3499 3186 3552 Dei
3230 3498 3408 3553 Patris

1821 3610 2067 3649 seorsum
2115 3596 2542 3659 consideratam,
2583 3602 2806 3646 unctum
2851 3606 2971 3647 esse
3018 3590 3137 3645 oleo
3170 3590 3406 3645 exsulta-

1824 3686 1990 3741 tionis
2035 3684 2407 3749 amrmamus,
2445 3696 2619 3752 neque
2666 3697 2915 3736 seorsum
2955 3690 3009 3735 et
3046 3682 3298 3749 privatim
3352 3693 3408 3734 nt

1823 3776 2119 3840 hominem,
2146 3786 2200 3829 et
2222 3775 2386 3829 alium
2418 3773 2613 3827 Filium
2644 3774 2711 3827 ab
2732 3788 2821 3837 eo,
2842 3774 2932 3842 qui
2966 3783 3050 3827 est
3076 3772 3313 3827 Verbum
3338 3788 3407 3826 ex

1824 3868 1957 3932 Deo,
2000 3882 2123 3921 eum
2171 3866 2260 3935 qui
2306 3880 2337 3921 e
2372 3874 2559 3920 sancta
2604 3864 2856 3933 Virgine;
2898 3865 3193 3919 asserimus
3226 3874 3405 3919 autem

1822 3958 2192 4014 necessarium
2248 3971 2393 4023 esse,
2445 3966 2508 4011 ut
2564 3971 2758 4011 omnes
2822 3956 3183 4011 conﬁteantur
3238 3971 3405 4010 unum

1823 4050 2125 4114 Christum,
2164 4051 2504 4105 incarnatum
2547 4058 2603 4103 et
2650 4048 2926 4103 hominem
2980 4047 3180 4103 factum
3217 4049 3409 4115 unige-

1824 4126 2444 4195 nitumDei'Verbum:
2504 4156 2521 4189 ι
2558 4138 2708 4193 Unus
2760 4139 2905 4192 enim
2958 4137 3241 4204 Dominus,
3300 4155 3406 4193 una

1824 4230 1976 4295 ﬁdes,
2041 4247 2204 4286 unutn
2248 4232 2513 4301 baptisma
2560 4230 2625 4283 ".
2659 4248 2678 4281 ι
2724 4228 2891 4300 Igitur
2945 4230 3096 4295 nulli,
3132 4232 3222 4300 qui
3260 4241 3409 4285 recte

1826 4324 2030 4378 sentire
2069 4322 2224 4389 solet,
2279 4324 2570 4378 obscurum
2612 4332 2717 4387 est,
2776 4321 2921 4392 quod
2961 4323 3154 4377 vitiant
3190 4338 3406 4379 sensum

1825 4432 2013 4471 eorum
2066 4430 2187 4486 qua:
2235 4432 2264 4470 a
2316 4432 2401 4471 nte
2471 4419 2672 4483 scripta
2723 4426 2869 4479 sunt,
2914 4426 2968 4471 et
3004 4417 3410 4473 calumniantur

132 4506 309 4560 θότων
362 4507 703 4578 ἀσυμφανὲς,
759 4510 841 4562 ὅτι
902 4511 1388 4581 παραχαράττουσι
1427 4513 1536 4565 τῶν
1588 4513 1717 4585 παρ’

1829 4509 1993 4563 etiam
2029 4508 2081 4562 in
2120 4510 2223 4563 hoc
2255 4510 2564 4564 veritatem.
2591 4510 2696 4564 Sed
2729 4520 2783 4564 et
2804 4509 2910 4563 alio
2944 4511 3104 4564 modo
3131 4510 3284 4578 culpa
3315 4525 3409 4561 va—

132 4597 273 4668 ἐμοῦ
302 4599 714 4671 γεγραμμένων
748 4600 848 4672 τὴν
882 4600 1145 4664 διάνοιαν,
1183 4604 1279 4655 καὶ
1321 4606 1719 4674 συκοφαντοῦσι

129 4690 233 4743 κάν
271 4690 449 4761 τούτῳ
476 4691 575 4762 τὴν
613 4690 893 4763 ἀλήθειαν.
930 4693 1039 4746 Καὶ
1068 4694 1189 4747 καθ’
1221 4694 1409 4765 ἓτερον
1435 4696 1492 4749 δὲ
1521 4697 1721 4767 τρόπον

129 4780 498 4852 ἀπλημμελὲς
544 4781 631 4851 είη
664 4780 752 4846 ἂν,
795 4782 893 4836 καὶ
925 4783 1072 4853 μάλα
1117 4786 1361 4852 εἰκότως,
1401 4787 1723 4859 ἀμοιρήσειε

128 4869 171 4921 δ’
205 4867 281 4923 ἀν
309 4869 406 4922 καὶ
450 4868 645 4939 μώμου
669 4872 874 4935 παντὸς
908 4872 969 4925 τὸ
1007 4873 1205 4929 ειδέναι
1232 4876 1416 4946 τυχὸν,
1453 4877 1527 4942 ὡς
1558 4878 1723 4951 ἑτέρα

135 4966 232 5034 μὲν
270 4964 389 5019 ἔστι
422 4965 563 5018 κατά
600 4964 765 5035 φύσιν
812 4967 951 5021 ἰδίαν
984 4970 1017 5039 ἡ
1063 4968 1201 5040 σὰρξ
1248 4971 1402 5043 παρά
1437 4987 1501 5040 γε
1531 4972 1624 5025 τὸν
1658 4975 1723 5026 ὲκ

130 5053 272 5109 Θεοῦ
305 5055 524 5126 Πατρὺς
566 5054 745 5125 φύντα
771 5056 790 5096 τ
816 5058 1011 5127 Λόγον,
1043 5059 1229 5131 ἔτερος
1266 5060 1323 5114 δὲ
1368 5057 1435 5115 αὖ
1476 5063 1618 5117 κατά
1661 5080 1725 5132 γε

132 5149 221 5201 τὸν
252 5148 359 5217 τῆς
409 5147 544 5212 ἰδίας
578 5148 796 5219 φύσεως
844 5151 1002 5221 λόγον
1046 5153 1075 5206 ὁ
1114 5154 1448 5228 Μονογενής.
1484 5155 1622 5210 Ἀλλ’
1662 5156 1723 5210 ού

1826 4611 1978 4655 caret
2023 4610 2077 4653 et
2132 4600 2278 4654 omni
2332 4602 2777 4669 reprehensione,
2813 4600 2973 4669 idque
3010 4600 3228 4664 merito,
3267 4601 3410 4654 scire

1826 4692 2076 4756 forsitan,
2108 4694 2253 4761 quod
2301 4692 2405 4746 alia
2443 4692 2660 4761 quidem
2703 4699 2788 4745 est
2827 4692 3120 4746 secundum
3157 4702 3407 4743 naturam

1827 4786 2104 4855 propriam
2129 4798 2258 4839 caro
2294 4799 2322 4838 a
2363 4783 2540 4838 Verbo
2591 4782 2702 4837 Deo
2756 4783 2915 4837 Patre
2963 4792 3113 4843 nato,
3166 4791 3220 4835 ct
3273 4783 3410 4834 alius

1824 4893 2022 4933 rursus
2052 4876 2383 4946 Unigenitus
2419 4878 2717 4930 secundum
2751 4886 2955 4929 natura:
2988 4874 3218 4942 propria:
3240 4875 3407 4926 ratio-

1825 4987 1966 5026 nem.
2002 4969 2106 5025 Sed
2142 4970 2285 5025 scire
2315 4971 2452 5033 haec,
2488 4984 2592 5023 non
2629 4977 2713 5023 est
2749 4967 2990 5021 dividere
3023 4976 3250 5019 naturas
3287 4975 3409 5035 post

1826 5066 2150 5120 unitionetn.
2196 5062 2315 5118 lam
2352 5068 2397 5118 si
2444 5064 2567 5132 quis
2599 5063 2831 5117 voluerit
2879 5062 3203 5117 sacramenti
3239 5062 3412 5116 virtu-

1832 5169 1941 5214 tem
1973 5168 2167 5213 exacto
2191 5159 2389 5213 mentis
2419 5154 2578 5211 oculo
2601 5157 2969 5220 considerare,
2998 5156 3201 5210 videbit.
3225 5156 3412 5224 utique

132 5240 191 5292 τὸ
224 5240 638 5307 εἰδέναιταῦτα,
674 5241 916 5315 μερίζειν
947 5245 1064 5299 ἐστὶ
1104 5244 1202 5310 τάς
1236 5246 1429 5317 φύσεις
1457 5249 1597 5320 μετά
1629 5248 1717 5321 τὴι

1838 5250 1981 5321 quod
2012 5248 2189 5320 (sicut
2242 5247 2350 5303 dixi
2386 5247 2438 5303 in
2475 5246 2779 5318 principio)
2826 5261 2934 5301 non
2969 5261 3119 5301 suam
3160 5256 3408 5300 naturam

201 5394 249 5426 ⁸³
281 5394 480 5463 Ephes.
518 5411 590 5456 tv,
622 5396 657 5450 5

1204 5550 1378 5607 Varia:
1412 5551 1671 5608 lectiones
1696 5568 1762 5621 ex
1789 5553 1975 5610 codice
2010 5552 2394 5627 Segnieriano.

141 5788 243 5830 σίν.
321 5789 342 5812 ι
376 5776 579 5835 αὐτοῖς.
656 5773 680 5811 ἀ
712 5774 1006 5843 ἀσύφηλον.

466 5868 734 5927 Pnnm.
770 5867 884 5925 (in.
915 5866 1181 5929 LXXVI.

204 5717 234 5746 ι
266 5705 326 5757 τ),
349 5703 404 5757 δὲ
432 5704 639 5773 κοινὴν,
677 5703 823 5786 Ζσως
858 5703 959 5757 οὐκ
990 5703 1190 5758 ἐννοεῖν
1238 5708 1441 5777 κοινήν.
1520 5715 1548 5756 1
1586 5746 1600 5767 ,
1627 5707 1726 5778 ούχ
1755 5707 1834 5760 ἐνὶ
1868 5708 2048 5763 κοινὸν
2068 5709 2176 5781 εἴη.
2257 5720 2277 5748 τ
2309 5713 2654 5783 πεποίηνται.
2732 5726 2758 5755 ει
2788 5714 3124 5786 ὠνόμασενῶ
3155 5716 3400 5793 ἀπόχρη-

204 5792 243 5830 δ.
321 5789 342 5812 ι
376 5776 579 5832 αὐτοῖς.
656 5773 680 5811 ἀ
712 5774 1006 5832 ἀσυφηλον.
1090 5786 1113 5813 θ
1146 5775 1312 5832 ἴσως.
1348 5779 1430 5832 6n.
1518 5777 1535 5817 ί
1575 5779 1872 5832 πεφηνότα.

1171 5789 1312 5842 σως,
1348 5789 1430 5848 οη.
1518 5789 1531 5817 ι
1575 5789 1872 5849 πεφηνότα.

2932 5876 2994 5939 11
