4088 6456
170 356 276 413 333

760 350 1288 414 APOLOGETICUS
1324 355 1462 413 PRO
1497 354 1593 411 ΧΙῙ
1630 351 1994 414 CAPITIBUS
2027 360 2307 418 CONTRA
2346 361 2807 419 οιιξΕΝτΛιΕε.

3306 368 3411 424 334

172 475 427 545 ελέγχειν,
448 471 822 545 ἐπειγομένοις
847 475 941 528 ἐπὶ⁸
956 476 1017 529 τὸ
1032 475 1393 548 προκείμενον
1414 476 1731 547 κεφάλαιον·

1856 479 2032 543 tuendi
2060 480 2183 548 hoc,
2220 482 2606 538 festinantibus
2648 485 2714 538 ad
2735 482 3066 553 propositum
3094 486 3401 555 capitulum.

169 565 261 620 τοῦ
293 565 400 636 γὰρ
432 562 605 631 δεῖξαι
641 563 736 618 δύο
775 565 1103 630 ὑποστάσεις
1145 567 1309 621 αὑτὸν
1346 566 1595 635 λέγοντα,
1643 565 1739 620 καὶ

172 656 343 728 ἑαυτῷ
370 655 801 726 ἐναντιούμενον,
837 658 1236 729 παρεθήκαμεν
1282 658 1352 713 τὰ
1390 659 1561 713 πάλαι
1591 658 1740 729 αὑτῷ

170 747 449 819 εἰρημένα.
489 747 579 810 Ὠς
603 747 660 799 δὲ
699 748 715 787 ί
750 752 1061 820 προσώποις
1089 748 1263 813 δυσὶν,
1291 751 1324 820 ἢ
1358 750 1739 815 ὑποστάσεσιν,

171 844 202 915 ἦ
235 845 366 906 υἱοῖς
393 842 512 895 δυσὶ
555 841 897 914 διαιροῦντας
926 844 1025 915 τὴν
1053 845 1267 911 ἕνωσιν,
1299 847 1467 918 ἤγουν
1506 847 1598 901 τὸν
1645 847 1740 900 ἕνα

176 938 318 1003 Υἱὸν,
349 936 448 1000 τὰς
476 936 659 1006 φωνὰς
688 937 1019 1008 ἐφαρμόζειν
1040 940 1100 992 οὑ
1126 937 1230 993 δεῖὶ
1269 956 1283 971 ο
1313 940 1616 1011 ἀδιαίρετος
1634 940 1742 1012 γὰρ

172 1032 261 1083 καὶ
306 1027 609 1099 ἀχώριστος
657 1029 691 1098 ἡ
738 1028 880 1099 ἄκρα
922 1030 1146 1093 ἓνωσις·
1200 1031 1295 1085 καλ⁵
1343 1033 1371 1085 6
1420 1026 1499 1095 εἷς
1545 1032 1675 1094 Υἱὸς
1712 1033 1741 1072 ιι

170 1122 302 1175 κατὰ
329 1121 508 1173 πάντα
540 1121 632 1173 καὶ
656 1119 836 1189 λόγον,
877 1121 972 1175 καὶ
999 1122 1217 1192 τρόπον,
1242 1125 1333 1176 καὶ
1367 1123 1574 1178 ἔννοιάν
1603 1126 1739 1179 ἐστι.

169 1215 274 1276 Τῆς
300 1213 354 1266 δὲ
383 1214 557 1284 ἄκρας
595 1211 840 1276 ἐνῶσεως
884 1214 1314 1287 φυλαττομένης,
1362 1217 1453 1271 καὶ
1501 1218 1591 1270 τοῦ
1627 1218 1745 1281 ἐνὸς

170 1304 293 1357 Υἱοῦ
338 1301 385 1368 ι,
437 1303 531 1356 καὶ
569 1302 829 1374 Χριστοῦ,
888 1304 983 1357 καὶ
1034 1306 1239 1376 Κυρίου
1289 1308 1742 1380 ὁμολογουμένου,

171 1397 291 1467 περ)⁵
319 1395 412 1449 τὸν
438 1396 536 1449 ’ἐνα
594 1398 685 1449 καὶ
719 1397 810 1449 τὸν
837 1397 998 1449 αὑτὸν
1029 1398 1155 1451 Υἰὸν
1179 1400 1617 1468 ἐκλαμϐάνεσθαι
1640 1402 1745 1473 χρὴ

169 1490 234 1542 τὰ
286 1488 576 1559 λεγόμενα.
654 1488 812 1541 Κατὰ
871 1488 1057 1558 μέντοι
1113 1490 1212 1561 τὴν
1279 1491 1389 1545 τῶν
1442 1492 1745 1546 ἐνωθεισῶν

172 1580 380 1649 φύσεων
418 1578 649 1648 δύναμιν
679 1580 1090 1651 ἐφαρμόζεσθαι
1130 1580 1330 1653 πρέπει
1378 1581 1455 1652 τῷ
1501 1584 1581 1636 ἐνὶ
1632 1582 1746 1653 Υἱῷ

170 1674 233 1725 τὰ
260 1671 574 1742 λεγόμενα.)
600 1671 672 1723 Τὸ
703 1672 760 1725 δὲ
801 1671 875 1743 μὴ
907 1674 1054 1743 ἐρεῖν
1084 1682 1121 1710 πι
1152 1675 1251 1738 τὰς
1279 1676 1335 1727 ἐν
1364 1678 1476 1739 τοῖς
1495 1676 1746 1745 Εὑαγγε-

172 1763 298 1827 λὶοις
326 1762 537 1831 φωνὰς,
569 1762 603 1833 ἢ
630 1764 728 1827 τὰς
760 1764 891 1834 παρ’
920 1764 1084 1816 αὑτοῦ
1114 1764 1205 1817 τοῦ
1239 1765 1442 1835 Κυρίου
1472 1766 1599 1837 περὶ
1623 1767 1749 1820 ἐαυ-

169 1854 257 1908 τοῦ
284 1852 602 1925 εἰρημένας,
628 1854 661 1926 ἢ
689 1854 790 1918 τὰς
832 1858 888 1908 ἐν
917 1857 1029 1918 τοῖς
1057 1856 1431 1920 ἁποστολικοῖς
1462 1858 1744 1928 συγγράμ-

175 1963 299 2017 μασι
353 1948 640 2017 κειμένας,
689 1946 849 2001 ποίαν
896 1946 1201 2019 ὑπερϐολὴν
1251 1949 1602 2020 βλασφημίας
1644 1950 1745 2021 οὑχ

173 2038 489 2109 ὑπεραίρει;
539 2039 601 2091 Ei
630 2038 737 2109 γὰρ
778 2038 852 2109 μὴ
892 2039 1209 2112 διαιροῦμεν
1244 2041 1342 2105 τὰς
1388 2042 1592 2112 φωνὰς,
1627 2043 1745 2107 πῶς

174 2132 234 2186 ἂν
260 2131 685 2202 ἀντιϐλέψαιμεν
713 2134 825 2195 τοῖς
854 2134 1117 2204 Εὑνομίου
1167 2136 1262 2188 καὶ
1294 2134 1531 2206 Ἀρείου,
1568 2136 1746 2190 πάντα

171 2222 242 2286 ὡς
291 2223 375 2286 εἷς
420 2223 549 2291 μῖαν
598 2222 759 2290 φύσιν
803 2225 1073 2294 εἰρημένα
1114 2225 1481 2297 συμφύρουσι,
1532 2227 1627 2280 xui.
1677 2227 1747 2281 τὰ

174 2314 400 2368 ταπεινὰ
440 2315 540 2385 τῆς
580 2313 1002 2387 ἀνθρωπότητος
1046 2319 1125 2380 εἰς
1151 2318 1250 2389 τὴν
1280 2317 1622 2389 ὑψηλοτάτην
1650 2319 1747 2388 τῆς

175 2407 449 2478 ἀκηράτου
511 2406 780 2478 Θεότητος
814 2408 975 2477 φύσιν
1025 2409 1360 2480 βλασφήμως
1416 2411 1746 2478 ἀνάγουσιν;

179 2502 245 2555 Ἦ
267 2501 383 2563 πῶς
409 2500 675 2571 νοήσομεν
701 2500 796 2564 τὰς
826 2499 918 2553 τοῦ
954 2500 1160 2571 Κυρίου
1192 2500 1394 2571 φωνὰς,
1419 2502 1505 2554 διὰ
1526 2501 1623 2571 τὴν
1651 2503 1749 2571 τῆς

178 2590 502 2660 φαινομένης
545 2590 747 2661 σαρκὸς
781 2590 942 2660 φύσιν
987 2590 1261 2654 εἰπόντος’
1303 2610 1321 2642 ι
1350 2592 1463 2643 Οὑκ
1500 2586 1662 2662 ἦλθον
1689 2593 1751 2646 τὸ

176 2682 299 2753 ἐμὸν
331 2682 545 2753 θέλημα
565 2682 791 2752 ποιῆσαι
820 2698 833 2745 ;
861 2700 877 2733 ι
911 2683 1003 2735 καὶ
1035 2682 1096 2735 τὸ
1116 2723 1130 2747 ,
1166 2703 1183 2733 ι
1208 2682 1459 2754 Ἐντολὴν
1483 2683 1677 2739 ἔλαϐον
1699 2686 1752 2739 τι

176 2775 323 2839 εἴπω,
353 2775 465 2827 καὶ-
492 2773 544 2827 τί
575 2774 835 2844 λαλήσω;
873 2793 890 2826 ι
928 2774 1110 2828 καὶτὸ
1137 2816 1150 2838 ,
1191 2794 1210 2827 ι
1254 2773 1396 2842 Ἐγὼ
1437 2776 1531 2828 ἀπ’
1578 2779 1752 2847 ἐμαυ-

174 2866 262 2921 τοῦ
309 2867 467 2921 οὐδὲν
512 2867 682 2931 ποιῶ;
717 2886 734 2919 ι
787 2868 881 2920 καὶ
915 2869 1011 2932 τὸ,
1072 2886 1090 2919 ι
1116 2868 1429 2939 Πορεύομαι
1479 2869 1618 2941 πρὸς
1662 2870 1755 2923 τὸν

176 2957 391 3026 Πατέρα
419 2975 540 3029 μου,
572 2960 666 3011 καὶ
710 2959 930 3030 Πατέρα
969 2958 1143 3028 ὑμῶν,
1179 2960 1275 3013 καὶ
1322 2959 1456 3014 Θεόν
1490 2978 1614 3032 μου,
1658 2962 1755 3016 καὶ

177 3048 301 3102 Θεὸν
325 3049 513 3119 ὑμῶν·
547 3069 564 3101 ι
598 3050 692 3103 καὶ
722 3048 789 3102 τὰ
810 3048 973 3101 λοιπὰ
996 3050 1095 3103 ὅσα
1108 3049 1371 3116 τοιαῦτα;
1412 3052 1756 3124 Ἀδιαιρέτων

178 3140 276 3195 τῶν
309 3140 526 3211 φωνῶν,
557 3140 743 3215 ὥσπερ
766 3142 859 3195 καὶ
883 3142 989 3194 τῶν
1015 3140 1250 3210 φύσεων,
1282 3144 1579 3212 μενουσῶν,
1604 3144 1756 3198 ἔσται

184 3234 296 3285 κατ’
330 3233 496 3286 αὑτὸν
563 3233 656 3286 τοῦ
721 3233 1042 3304 μονογενοῦς
1079 3233 1213 3287 Θεοῦ
1252 3233 1409 3299 Θεὸς,
1450 3235 1479 3287 6
1528 3236 1756 3307 Πατήρο

182 3321 487 3395 λειτουργὸς
533 3323 589 3377 δὲ
645 3326 739 3377 καὶ
796 3324 1039 3387 διάκονος
1082 3323 1191 3378 τῶν
1248 3324 1533 3398 πατρικῶν
1589 3344 1761 3399 προσ-

182 3415 492 3485 ταγμάτων,
511 3417 539 3468 ὀ
561 3415 685 3477 Υἱὸς
702 3417 840 3468 κατὰ
856 3416 954 3485 τὴν
971 3415 1200 3487 θεότητα
1217 3432 1231 3448 ’
1257 3417 1353 3471 καὶ
1375 3419 1423 3471 εἱ
1444 3418 1512 3472 τὰ
1532 3420 1764 3474 ταπεινὰ

182 3506 255 3567 εἰς
278 3506 375 3575 τὴν
407 3508 507 3577 τῆς
530 3504 778 3575 θεότητος
806 3505 966 3576 φύσιν
1005 3506 1353 3577 ἐκλάϐοιμεν,
1382 3507 1488 3563 τίνι
1527 3510 1618 3563 καὶ
1656 3509 1715 3562 τὸ
1743 3550 1759 3575 ,

194 3616 209 3647 t
229 3595 362 3667 Ἐγὼ
406 3597 501 3650 καὶ
531 3598 559 3649 6
586 3598 774 3669 Πατὴρ
804 3599 862 3652 ’ἐν
893 3600 1082 3670 ἐσμεν,
1113 3618 1132 3651 ι
1165 3599 1515 3672 ἁρμόσομεν;
1558 3602 1652 3655 καὶ
1680 3602 1759 3668 τὸ,

186 3690 379 3761 ὁμοίως
436 3689 595 3743 αὑτὸν
652 3692 824 3744 ποιεῖν
859 3690 936 3761 τῷ
968 3690 1176 3762 Πατρί;
1213 3693 1309 3746 καὶ
1353 3694 1415 3747 τὸ
1437 3734 1451 3761 ,
1510 3714 1528 3745 ι
1551 3696 1761 3766 Ὥσπερ

185 3780 289 3852 γὰρ
324 3780 351 3833 6
394 3782 581 3853 Πατὴρ
605 3782 809 3851 ἐγείρει
841 3783 965 3845 τοὺς
986 3785 1238 3855 νεκροὺς,
1274 3783 1417 3840 οὕτω
1448 3787 1541 3840 καὶ
1570 3789 1597 3841 6
1634 3787 1763 3851 Υἱὸς

183 3868 272 3933 οὑς
319 3869 481 3935 θέλει,
542 3872 638 3924 καὶ
692 3872 788 3943 οὑχ
832 3872 925 3937 οὓς
955 3874 1378 3944 προστάσσεται,
1433 3876 1756 3945 ζωοποιεῖ;›

197 3963 330 4017 Ἀλλ’
358 3964 509 4019 ἔστιν
532 3964 706 4035 ὀρθῶς
734 3967 876 4021 κατὰ
903 3967 1000 4038 τὴν
1030 3967 1196 4021 αὑτοῦ
1221 3967 1316 4022 τοῦ
1341 3969 1550 4042 Κυρίου
1578 3970 1763 4042 φωνὴν

188 4055 389 4128 Πατὴρ,
422 4056 519 4110 καὶ
547 4056 698 4122 Θεὸς,
736 4058 765 4110 6
795 4059 1014 4131 Πατήρ’
1049 4059 1182 4124 Θεὸς
1217 4061 1312 4131 μὲν
1340 4060 1435 4115 τοῦ
1466 4072 1492 4099 ιι
1522 4063 1580 4115 ἐν
1610 4063 1764 4116 ὑστέ-

190 4163 297 4217 ροις
336 4149 551 4218 καιροῖς
594 4147 659 4200 ἐκ
702 4148 1016 4220 σπέρματος
1050 4149 1215 4203 Δαυῖδ
1267 4151 1407 4220 μετὰ
1450 4151 1650 4223 σαρκὸς
1700 4160 1759 4219 ο,

188 4239 372 4310 Πατὴρ
404 4239 461 4293 δὲ
486 4238 581 4291 τοῦ
609 4239 667 4305 ἐξ
692 4240 853 4292 αὑτοῦ
877 4240 1106 4305 ἀπαθῶς
1132 4259 1192 4294 τε
1222 4241 1318 4296 καὶ
1344 4242 1529 4306 ἀῖδὶως
1570 4261 1764 4315 γεννη-

190 4330 365 4397 θέντος
412 4332 549 4387 Θεοῦ
594 4332 792 4400 Λόγου,
831 4333 929 4403 τῆς
976 4333 1225 4404 υἱότητος
1261 4334 1319 4388 ἐν
1364 4333 1442 4405 τῷ
1491 4337 1763 4407 μοναδικῷ

188 4423 338 4496 τύπῳ
381 4425 790 4495 φυλαττομένης
832 4442 891 4478 τε
923 4426 1016 4478 καὶ
1043 4425 1503 4497 ὁμολογουμένης.
1548 4427 1669 4491 Πῶς
1717 4427 1760 4479 δ’

1839 565 1998 635 Nam,
2029 580 2085 625 nt
2106 574 2519 629 ostenderemus
2550 588 2673 628 eum
2702 574 2885 628 dicere
2917 575 3049 628 duas
3071 575 3412 646 hypostasw,

1840 661 2026 716 etsibi
2064 664 2165 733 ipsi
2195 679 2318 721 esse
2361 666 2719 729 contrarium,
2769 664 3117 734 apposnimns
3160 680 3246 732 ea,
3296 681 3417 736 quae

1843 752 1968 808 olim
2003 755 2071 809 ab
2103 757 2221 825 ipso
2248 758 2389 812 dicta
2426 766 2576 813 sunt.
2608 756 2891 828 Tanquam
2918 774 3045 811 vero
3068 759 3274 812 duabus
3296 774 3415 827 per-

1843 844 2011 910 sonis,
2048 846 2134 899 vel
2169 848 2379 902 duabus
2410 848 2750 912 substantiis,
2786 848 2869 902 vel
2916 848 3122 902 duobus
3163 848 3307 914 liliis,
3340 852 3417 902 di-

1842 936 2073 990 videndo
2124 938 2448 1005 unitionem,
2482 940 2584 994 hoc
2645 949 2727 993 est
2785 954 2950 993 unum
2979 938 3198 1003 Filium,
3257 954 3419 993 voces

1845 1036 2028 1092 aptare
2058 1042 2163 1081 nou
2200 1038 2416 1098 oportet
2456 1044 2471 1083 :
2508 1030 2853 1084 indivisibilis
2882 1029 3024 1083 enim
3059 1039 3114 1082 et
3144 1029 3421 1100 insepara-

1844 1117 1967 1172 bilis
1999 1129 2081 1173 est
2112 1135 2319 1173 summa
2349 1121 2555 1187 unitio;
2584 1133 2637 1174 et
2662 1136 2801 1174 unus
2832 1118 3001 1175 Filius
3034 1121 3283 1175 omnibus
3310 1137 3422 1173 mo-

1846 1211 1928 1263 dis
1956 1222 2011 1265 et
2037 1211 2333 1267 rationibus
2361 1223 2415 1267 et
2450 1214 2870 1284 cogitationibus
2895 1222 2975 1269 est
3026 1230 3040 1266 :
3073 1215 3166 1269 sed
3211 1228 3421 1267 summa

1847 1304 2088 1358 unitioue
2116 1314 2350 1371 servata,
2369 1315 2421 1361 et
2442 1306 2749 1361 conﬁtendo
2773 1322 2935 1360 unum
2954 1305 3145 1360 Filium
3186 1313 3234 1361 et
3265 1306 3425 1359 Chri-

1846 1404 1987 1449 stum
2010 1405 2062 1450 et
2087 1396 2488 1458 Domiuutn,'de
2515 1414 2619 1453 uno
2646 1406 2699 1450 et
2722 1400 2910 1451 eodem
2949 1395 3086 1451 Filio
3111 1397 3423 1464 accipienda

1847 1499 1974 1541 sunt
2013 1503 2133 1557 quae
2168 1490 2421 1543 dicuntur
2452 1507 2467 1543 :
2502 1499 2743 1543 attamen
2777 1490 2928 1559 juxta
2966 1491 3222 1542 virtutem
3271 1500 3427 1541 natu-

1847 1593 2029 1633 rarum
2071 1580 2345 1634 uuitarum
2392 1582 2651 1649 adaptare
2687 1581 2941 1635 convenit
2986 1581 3075 1634 uni
3127 1580 3263 1634 Filio
3308 1596 3427 1648 qua:

1848 1671 2162 1742 dicuntur.)
2193 1671 2465 1725 Caeterum
2499 1688 2603 1727 non
2638 1688 2895 1740 separare
2955 1688 3116 1727 voccs
3152 1688 3270 1741 qutc
3302 1684 3428 1727 Sunt

1851 1758 1903 1813 in
1940 1760 2269 1829 Evangeliis,
2300 1777 2435 1830 quas
2468 1761 2551 1816 vel
2592 1763 2707 1832 ipse
2732 1762 2992 1815 Dominus
3024 1764 3090 1815 de
3118 1777 3177 1815 se
3217 1762 3426 1816 locutus

1849 1858 1955 1916 est,
2000 1849 2084 1905 vel
2119 1851 2415 1921 apostolica
2446 1852 2647 1920 scripta
2695 1853 2917 1917 habent,
2958 1868 3116 1922 quam
3160 1854 3430 1923 hyperbo-

1851 1941 1936 1996 len
1964 1941 2312 2011 blasphemiae.
2344 1958 2449 1998 non
2482 1944 2860 1999 transcendit?
2890 1944 3020 1999 Nam
3052 1946 3096 2000 si
3121 1960 3285 2000 voces
3321 1961 3425 1999 non

1852 2033 2252 2101 distinguimus,
2279 2038 2550 2106 quomodo
2575 2038 2903 2093 obsistemus
2918 2037 3049 2092 Ario
3073 2045 3127 2091 et
3144 2037 3428 2103 Eunomia,

1851 2127 2032 2180 omnia
2065 2136 2320 2196 tauquam
2369 2128 2423 2183 in
2454 2144 2615 2184 unam
2644 2137 2891 2185 naturam
2918 2131 3061 2184 dicta
3088 2129 3430 2186 confunden-

1856 2217 2021 2284 tibus,
2054 2227 2109 2272 et
2141 2218 2363 2275 humilia
2395 2219 2754 2276 humanitatis
2781 2220 2840 2275 in
2872 2234 3141 2275 summam
3180 2221 3430 2275 incorru-

1855 2309 2061 2378 ptibilis
2094 2309 2314 2366 deitatis
2364 2320 2617 2366 naturam
2668 2310 2834 2381 impie
2882 2311 3283 2369 referentibus?
3340 2312 3435 2369 Vel

1856 2401 2126 2469 quomodo
2161 2401 2526 2474 intelligemus
2570 2404 2784 2459 Domini
2816 2419 2999 2470 voces,
3025 2415 3247 2477 propter
3277 2416 3438 2463 natu-

1857 2508 1975 2548 ram
2022 2494 2229 2562 carnis,
2289 2511 2411 2566 qua;
2458 2497 2696 2563 videtur,
2747 2498 3030 2555 dicentis:
3083 2499 3263 2556 «Non
3314 2502 3436 2558 veni

1856 2599 2033 2640 meam
2059 2588 2398 2643 voluntatem
2434 2588 2620 2645 facere
2651 2590 2729 2655 ⁸⁶;
2766 2608 2787 2643 ι
2820 2600 2873 2646 ει
2903 2605 2920 2643 :
2957 2609 2976 2642 ι
3010 2590 3316 2647 Mandatum
3346 2608 3439 2647 ac-

1858 2678 1975 2747 cepi
2004 2677 2133 2743 quid
2172 2679 2370 2744 dicam,
2399 2688 2456 2735 et
2504 2681 2635 2750 quid
2675 2681 2870 2752 loquar
2905 2684 2986 2750 ‘7;
3028 2703 3047 2737 ι
3076 2694 3169 2740 et:
3214 2705 3232 2739 ι
3268 2686 3378 2754 Εκο
3406 2702 3438 2741 a

1859 2771 2065 2838 meipso
2119 2772 2252 2826 nihil
2287 2772 2426 2828 facio
2450 2772 2529 2841 '3;
2560 2792 2577 2825 ι
2604 2783 2696 2828 et:
2726 2774 2907 2830 «Vado
2929 2777 2994 2830 ad
3020 2776 3234 2832 Patrem
3259 2793 3436 2835 meum

1859 2869 1916 2916 et
1944 2859 2163 2917 Patrem
2196 2872 2463 2929 vestrum,
2507 2874 2563 2920 et
2598 2864 2769 2920 Deum
2810 2881 2989 2921 meum
3033 2877 3089 2923 et
3135 2868 3304 2924 Deum
3347 2884 3442 2925 ve-

1862 2959 2032 3006 strum
2066 2953 2145 3022 ⁶⁹;
2179 2972 2198 3005 ι
2236 2963 2291 3009 ει
2332 2965 2533 3011 cratera
2574 2970 2911 3028 quaecunque
2936 2960 3060 3013 talia
3104 2961 3272 3015 sunt?
3298 2960 3442 3017 Indi—

1863 3041 1994 3097 visis
2027 3042 2172 3097 enim
2219 3045 2464 3109 vocibus,
2507 3046 2650 3101 sicut
2698 3056 2751 3102 et
2806 3049 3019 3104 naturis
3072 3051 3440 3117 manentibus,

1786 3175 1829 3234 ϐ
1864 3133 1970 3188 erit
1998 3136 2291 3190 secundum
2324 3137 2474 3191 illum
2502 3139 2767 3210 unigeniti
2808 3141 2901 3195 Dei
2938 3140 3081 3195 Deus
3121 3140 3304 3207 Pater,
3338 3144 3444 3198 mi-

1864 3226 2039 3281 nister
2060 3238 2237 3283 autem
2276 3239 2331 3284 et
2363 3240 2652 3286 exsecutor
2679 3241 3027 3301 paternorum
3065 3234 3440 3290 mandatorum

1863 3319 2033 3374 Filius
2062 3320 2355 3375 secundum
2388 3321 2746 3379 divinitatem.
2782 3324 2851 3379 Et
2887 3326 2931 3380 si
2975 3326 3197 3379 humilia
3235 3328 3285 3380 in
3325 3329 3442 3380 dei-

1867 3412 1995 3465 tatis
2042 3423 2289 3467 naturam
2338 3415 2731 3483 acceperimus,
2783 3416 2869 3469 cui
2915 3416 3218 3484 aptabimus
3261 3416 3440 3473 illud:

1871 3522 1890 3555 ι
1919 3503 2030 3573 Ego
2059 3516 2113 3559 et
2137 3503 2299 3560 Pater
2331 3523 2493 3561 ttnum
2530 3523 2718 3561 sumus
2746 3508 2833 3560 ὀἳ
2864 3527 2880 3558 ι
2912 3521 2966 3561 et
2998 3507 3147 3574 illud,
3193 3509 3445 3563 Similiter

1863 3610 1928 3649 ac
1970 3595 2207 3664 Patrem,
2242 3598 2413 3666 ipsum
2456 3600 2715 3667 operari?
2748 3610 2801 3653 et
2838 3600 2968 3654 illud
3005 3617 3018 3653 :
3059 3618 3076 3650 ι
3108 3599 3263 3653 Sicut
3300 3599 3443 3655 enim

1863 3686 2025 3742 Pater
2062 3689 2263 3742 excitat
2296 3701 2556 3757 mortuos,
2592 3693 2661 3744 ita
2706 3701 2757 3744 et
2806 3690 2973 3745 Filius
3006 3706 3141 3761 quos
3188 3692 3320 3757 vult,
3352 3702 3447 3745 »ει

1864 3794 1970 3833 non
1988 3794 2120 3847 quos
2145 3779 2218 3832 illi
2247 3782 2575 3849 praecipitur,
2603 3801 2620 3832 ι
2642 3782 2934 3836 vivilicat“
2959 3783 2981 3835 ?
3011 3801 3028 3834 ι
3063 3782 3167 3837 Sed
3192 3793 3277 3836 est
3301 3792 3448 3836 recte

1865 3870 2157 3925 secundum
2192 3871 2361 3940 ipsius
2397 3871 2615 3926 Domini
2644 3888 2856 3936 vocem,
2890 3872 3050 3927 Pater
3082 3884 3137 3927 et
3166 3872 3305 3927 Deus
3334 3872 3449 3942 ipse

1865 3963 2044 4018 Pater.
2082 3962 2226 4017 Deus
2256 3963 2470 4032 quidem
2508 3964 2671 4029 illius,
2710 3964 2870 4035 169
2918 3965 3007 4033 qui
3046 3966 3096 4017 in
3137 3963 3448 4018 novissimis

1866 4056 2200 4125 temporibus
2230 4071 2294 4112 ex
2326 4058 2533 4111 semine
2560 4056 2728 4111 David
2757 4058 2965 4113 exstitit
3006 4061 3301 4112 secundum
3325 4071 3449 4113 car-

1864 4163 1987 4203 nem
2032 4146 2236 4202 :Pater
2277 4156 2458 4202 autem
2501 4149 2639 4218 ejus,
2683 4150 2774 4217 qui
2807 4165 2874 4203 ex
2923 4149 3042 4218 ipso
3085 4149 3290 4218 absque
3323 4163 3450 4218 pas-

1863 4241 2018 4294 sione
2049 4249 2103 4292 et
2133 4247 2337 4292 aeterne
2368 4249 2526 4292 natus
2546 4250 2649 4305 est,
2679 4239 2769 4294 Dei
2803 4239 2964 4293 Verbi
2994 4257 3007 4293 :
3041 4250 3101 4293 ut
3134 4238 3445 4294 liliationem

1864 4330 2005 4384 intra
2032 4330 2253 4384 unitatis
2275 4331 2646 4399 praescriptum
2672 4346 2949 4385 servemus
2989 4341 3044 4386 et
3067 4330 3446 4389 conliteamur.

1864 4422 2145 4489 Quomodo
2189 4432 2369 4475 autem
2406 4422 2773 4489 intelligemus
2798 4422 2927 4475 illud
2960 4438 2973 4473 :
3010 4440 3028 4473 ι
3058 4422 3255 4487 Amen,
3287 4436 3445 4476 amen

192 4515 254 4568 ἂν
297 4524 324 4565 P
357 4516 627 4587 νοήσομεν
661 4515 758 4582 τὸ,
816 4514 1028 4588 ιἈμὴν
1065 4516 1212 4587 ἀμὴν
1256 4515 1399 4584 λέγω
1436 4517 1586 4586 ὑμῖν,
1633 4517 1756 4587 πρὶν

1871 4512 1987 4565 dico
2010 4511 2185 4573 vobis,
2215 4511 2524 4580 priusquam
2557 4511 2834 4565 Abraham
2867 4512 3019 4565 fieret
3053 4526 3152 4580 ego
3173 4526 3290 4565 sum
3315 4511 3439 4565 τη.

190 4605 436 4678 Ἀϐραὰμ
448 4605 702 4675 γενέσθαι
723 4605 832 4675 ἐγώ
853 4607 994 4677 sint;
1025 4625 1044 4657 ι
1068 4605 1163 4659 καὶ
1183 4605 1263 4671 τὸ,
1286 4625 1303 4657 ι
1329 4606 1756 4660 Πάνταδι“αὑτοῦ

1870 4611 1923 4657 ει
1958 4603 2059 4656 hoc
2090 4619 2102 4654 :
2147 4619 2165 4653 ι
2206 4602 2399 4657 Omnia
2437 4618 2531 4672 per
2560 4603 2733 4672 ipsum
2780 4603 2918 4658 facta
2950 4616 3076 4658 sunt
3111 4605 3187 4669 ⁷³;
3220 4623 3238 4655 ι
3277 4604 3322 4658 si
3359 4604 3443 4657 in-

191 4697 439 4765 ἔγένετος
466 4718 485 4751 ι
536 4697 879 4770 Ἀδιαιρέτων
923 4696 1031 4751 τῶν
1069 4696 1264 4767 φωνῶν
1302 4697 1611 4768 μενουσῶν,
1657 4694 1767 4771 ἆρα

192 4788 529 4859 περιάψομεν
558 4798 585 4838 τι
618 4787 715 4857 τὴν
747 4790 931 4859 φωνὴν
954 4790 1021 4859 τῇ
1048 4787 1227 4857 φύσει,
1259 4789 1325 4858 τῇ
1360 4789 1423 4841 ἐκ
1452 4788 1767 4859 σπέρματος

194 4879 349 4933 Δαυῖδ
409 4882 468 4934 ἐν
523 4879 769 4952 ὑστέροις
824 4882 1034 4951 καιροῖς
1081 4879 1375 4952 γενομένῃ,
1406 4879 1467 4933 τὸ
1520 4881 1625 4951 πρὸ
1670 4879 1765 4935 τοῦ

204 4971 452 5045 Ἀϐραὰμ
502 4973 597 5028 καὶ
662 4972 825 5026 Δαυῒδ
872 4967 1034 5038 εἶναι,
1086 4972 1178 5025 καὶ
1218 4974 1397 5026 πάντα
1435 4973 1502 5027 δι’
1540 4973 1709 5044 αὐτῆς
1746 4983 1769 5011 τ

196 5068 440 5133 γενέσθαι
466 5084 480 5132 ;
509 5068 541 5138 ἦ
573 5068 821 5139 φήσομεν
849 5064 1111 5132 εὐσεϐῶς,
1139 5064 1249 5119 τῶν
1280 5065 1496 5135 φύσεων
1526 5064 1765 5134 ἀσυγχύ-

196 5173 296 5209 των
326 5169 347 5195 ³
383 5158 682 5228 μενουσῶν,
708 5158 801 5210 καί
827 5158 926 5228 τῆς
955 5157 1203 5223 ἐνώσεως
1234 5158 1538 5229 ἀδιαιρέτου
1577 5156 1769 5226 ὁμολο-

1870 4694 2119 4750 discreta:
2148 4707 2404 4749 maneant
2430 4696 2632 4750 voces?
2657 4696 2792 4749 Num
2819 4696 3125 4765 aptabimus
3153 4709 3315 4750 voces
3342 4695 3442 4748 has

1872 4793 2102 4850 natura},
2128 4800 2246 4855 ιιιιεε
2268 4802 2332 4839 ex
2359 4787 2565 4841 semine
2592 4785 2757 4839 David
2785 4786 3092 4839 novissimis
3114 4784 3448 4854 temporibus

1875 4875 2013 4930 facta
2037 4886 2138 4943 est,
2172 4890 2363 4947 nempe
2389 4878 2531 4946 quod
2564 4878 2633 4931 sit
2650 4886 2776 4932 ante
2800 4876 3069 4930 Abraham
3101 4883 3156 4929 et
3183 4874 3370 4939 David,
3395 4885 3450 4928 et

1873 4965 2053 5020 omnia
2081 4981 2176 5036 per
2199 4968 2368 5035 ipsam
2400 4970 2538 5021 facta
2565 4966 2716 5021 sint?
2741 4980 2807 5018 an
2841 4965 3079 5019 dicemus
3107 4963 3212 5033 pie,
3241 4964 3449 5017 naturis

1875 5058 2176 5115 inconfusis
2204 5061 2564 5123 manentibus,
2593 5067 2649 5111 et
2680 5056 2922 5109 unitioue
2963 5054 3312 5124 inseparabili
3357 5070 3451 5123 po-

1876 5155 2003 5217 sita,
2032 5152 2204 5221 aptari
2231 5151 2449 5220 quidem
2493 5150 2590 5204 has
2637 5163 2798 5203 voces
2844 5148 3139 5201 secundum
3176 5147 3448 5199 nnitarum

267 5335 309 5363 “
336 5334 490 5387 Joan.
530 5350 602 5398 vr,
643 5334 731 5386 '58.
807 5334 852 5365 “7
896 5333 1054 5388 Joan.
1077 5350 1176 5400 xu,
1204 5334 1295 5389 49.
1372 5333 1415 5365 ⁸⁸
1441 5330 1599 5387 Joan.
1633 5347 1753 5397 vui,
1787 5330 1878 5386 28.
1957 5329 2002 5360 θ’
2030 5327 2185 5383 Joan.
2218 5344 2310 5393 xx,
2341 5328 2431 5383 l7.
2503 5323 2728 5381 "Joan.
2757 5339 2813 5391 κ,
2845 5324 2939 5379 50.
3014 5324 3056 5354 ’ί
3092 5322 3319 5382 Joan.v.
3353 5324 3442 5377 21.

198 5404 240 5436 τ’
265 5407 419 5458 Joan.
455 5421 577 5470 vni,
607 5405 699 5458 58.
773 5402 1069 5468 “103ml,
1097 5406 1153 5459 5.

1269 5554 1443 5608 Variae
1476 5553 1737 5607 lectiones
1770 5566 1835 5605 ex
1864 5551 2052 5606 codice
2082 5550 2461 5622 Seguieriano.

277 5718 295 5758 ἱ
332 5716 471 5771 οὐδέ.
552 5728 565 5767 l
603 5716 699 5770 δεῖ,
746 5716 770 5755 k
807 5715 973 5781 ισως,
1000 5713 1093 5767 καὶ
1125 5706 1205 5775 εἷς
1231 5714 1259 5764 ὁ
1288 5710 1437 5772 Υἱός.
1490 5706 1509 5748 ι
1544 5710 1635 5763 καὶ
1668 5707 1962 5781 ἑνὸς-Υἱοῦ.
2004 5724 2041 5746 ιη
2070 5708 2315 5781 διαιρεῖν.
2390 5714 2418 5745 ⁸
2449 5707 2545 5779 τῆς
2569 5708 2728 5762 Δαυῒδ
2760 5709 2979 5780 σαρκός.
3025 5717 3050 5745 ο
3082 5706 3223 5762 κατὰ
3254 5707 3371 5780 σάρξ
3398 5727 3455 5768 α.

274 5796 302 5837 ρ
333 5786 498 5856 ἴσως,
532 5784 621 5857 αὑ.
697 5798 725 5838 ιι
749 5778 1131 5858 περιάψωμεν.
1213 5791 1234 5819 τ
1274 5781 1460 5836 αὑτοῦ.
1536 5797 1559 5836 .ι
1592 5778 1931 5849 ἀσυγχύτους.
