4088 6462
637 355 743 411 535

1627 347 1689 405 S.
1729 341 2007 401 CYRILLI
2044 335 2522 415 ALEXANDRINI
2558 333 2882 393 ARCHIEP.

3797 331 3906 386 336

638 482 957 528 naturarum
1002 469 1110 523 vim
1157 467 1336 541 (sicut
1385 467 1703 538 prazdictum
1752 464 1891 535 est),
1940 464 1994 517 in
2045 477 2208 517 unum

2331 457 2609 527 (ουμένης,
2657 454 2756 517 τὰς
2786 452 2971 523 φωνὰς
3028 448 3437 524 ἐφαρμόζεσθαι
3480 447 3625 503 κατά
3667 444 3765 518 τὴν
3798 446 3906 500 τῶν

638 564 856 630 Filium,
888 571 943 619 et.
976 561 1288 627 Dominum,
1312 570 1365 616 et
1392 561 1690 625 Christum,
1721 558 1816 614 sed
1840 572 1947 612 non
1975 557 2025 610 in
2052 571 2213 610 unam

639 668 887 713 naturam
905 656 1087 711 omnia
1120 656 1545 720 contrahentes;
1577 653 1648 707 ita
1679 661 1738 707 ut
1760 667 1828 706 ex
1859 664 1966 704 uno
1990 657 2214 703 natura-

640 766 758 804 rum
789 749 1009 804 nomine
1036 756 1266 818 utraque
1294 746 1626 817 intelligatur
1654 754 1875 815 propter
1911 743 2219 810 incompre-

642 840 964 895 hensibilem
1015 838 1277 893 unitionis
1324 835 1719 901 summitatem,
1764 830 2217 903 quemadmodum

641 943 694 989 et
718 934 822 987 hoc
855 950 868 985 :
911 951 929 983 ι
956 928 1127 984 Nemo
1155 928 1401 983 ascendit
1426 928 1477 982 in
1503 926 1722 993 coalum,
1744 925 1847 980 nisi
1876 924 1963 994 qui
1995 924 2217 977 descen-

641 1025 719 1078 dit
744 1024 811 1079 de
838 1023 977 1077 coelo
1010 1020 1182 1075 Filius
1219 1018 1456 1075 hominis
1478 1017 1570 1086 qui
1606 1026 1688 1072 est
1719 1018 1770 1070 in
1803 1016 1941 1071 coelo
1963 1015 2040 1079 τὶς
2073 1032 2091 1066 ι
2124 1019 2213 1065 et:

646 1132 667 1167 ι
698 1112 754 1168 Si
806 1112 970 1181 igitur
1018 1110 1262 1165 videritis
1308 1106 1506 1164 Filium
1553 1107 1790 1162 hominis
1836 1105 2216 1160 ascendentem

642 1204 733 1261 ubi
765 1204 914 1274 prius
947 1202 1170 1269 erat";
1204 1219 1224 1255 ›
1263 1213 1441 1256 nonne
1480 1214 1548 1255 ex
1579 1198 1938 1269 appellatione
1971 1196 2088 1251 Filii
2124 1197 2221 1250 ho-

644 1297 805 1351 minis
828 1297 991 1350 etiam
1018 1295 1190 1359 illum,
1215 1295 1307 1365 qui
1343 1294 1394 1348 ei
1425 1292 1712 1346 inconfuse
1749 1300 1802 1345 et
1838 1289 2221 1359 inseparabili-

643 1400 724 1443 ter
750 1388 931 1442 unitus
953 1396 1036 1441 est
1070 1384 1466 1455 intelligimus?
1500 1382 1631 1437 Nam
1661 1382 1911 1453 quamvis
1934 1392 1988 1435 et
2024 1380 2218 1435 Filium

644 1476 877 1530 hominis
925 1476 1225 1529 nominarit
1271 1483 1490 1543 propter
1535 1484 1832 1542 assumpta:
1888 1482 1942 1526 et
1991 1471 2221 1526 visibilis

643 1569 826 1621 carnis
851 1577 1133 1633 naturam;
1160 1573 1338 1619 tamen
1372 1581 1468 1634 per
1493 1580 1576 1630 ea,
1608 1579 1727 1634 quae
1760 1565 1826 1618 ab
1854 1563 1969 1632 ipso
1998 1563 2218 1627 ﬁebant,

646 1661 812 1714 Deum
863 1659 1097 1729 seipsum
1151 1657 1579 1713 demonstrabat.
1644 1656 1708 1711 Et
1740 1658 1980 1712 iterum:
2022 1654 2223 1710 (Iesus

642 1752 893 1807 Christus
927 1767 1024 1822 per
1064 1766 1226 1821 quem
1272 1750 1455 1805 omnia
1485 1751 1570 1816 '°;
1604 1769 1621 1802 ι
1652 1759 1706 1804 et
1741 1750 1934 1805 iterum
1962 1765 1976 1802 :
2013 1767 2031 1799 ι
2065 1747 2222 1803 Jesus

2323 547 2626 603 ἐνωθεισῶν
2673 545 2885 615 φύσεων
2914 544 3163 615 δύναμιν,
3203 543 3280 605 ὡς
3311 541 3660 613 προείρηται,
3693 539 3775 601 εις
3813 538 3909 589 ἱνα

2326 642 2425 713 μὲν
2455 639 2547 693 τὸν
2576 639 2725 703 Υἰὸν,
2756 639 2849 691 καὶ
2880 636 3108 709 Κύριον,
3139 634 3236 689 καὶ
3265 631 3524 705 Χριστὸν,
3551 629 3667 685 ἀλλ’
3702 628 3805 681 οὐκ
3834 630 3911 691 εὶς

2328 734 2454 805 μίαν
2487 730 2647 802 φύσιν
2677 729 2747 784 τὰ
2780 729 2958 783 πάντα
2991 725 3374 797 συναιροῦντες
3396 738 3411 755 ⁸
3463 722 3541 787 ὡς
3568 720 3667 775 καὶ
3704 720 3767 784 ἐξ
3794 720 3911 782 ἐνὸς

2323 826 2435 879 τῶν
2466 826 2683 896 φύσεων
2723 823 2991 894 ὀνόματος
3034 819 3301 889 ἑκατέρας
3333 815 3573 870 νοεῖσθαι
3599 813 3688 867 διὰ
3720 812 3785 865 τὸ
3814 811 3913 879 τῆς

2324 916 2572 980 ἐνώσεως
2605 917 2799 988 ἀκρον,
2831 915 2925 968 καὶ
2949 916 3083 985 ἡμῖν
3111 909 3500 981 ἀκατάληπτον
3520 923 3535 938 ’
3568 906 3647 971 ῶς
3686 922 3797 959 που
3821 905 3914 957 καὶ

2324 1013 2385 1065 τὸ
2408 1051 2423 1077 ,
2457 1030 2475 1062 ι
2506 1010 2696 1073 Οὐδεὶς
2727 1007 3068 1078 ἀναϐέϐηκεν
3101 1007 3181 1069 εἰς
3215 1004 3306 1059 τὸν
3337 1002 3584 1075 οὐρανὸν,
3619 1002 3669 1054 εί
3707 998 3787 1070 μὴ
3808 999 3915 1050 se:

2325 1102 2419 1156 τοῦ
2453 1100 2685 1173 οὐρανοῦ
2722 1099 2992 1164 καταϐὰς,
3027 1098 3057 1151 ὁ
3089 1097 3220 1160 Υἱὸς
3260 1094 3357 1149 τοῦ
3402 1093 3717 1163 ἀνθρώπου,
3770 1093 3800 1142 ὁ
3842 1088 3916 1141 ῶν

2326 1197 2383 1249 ἐν
2406 1193 2483 1265 τῷ
2509 1191 2724 1265 οὐρανῷ
2744 1207 2758 1223 ’
2794 1211 2813 1244 ι
2861 1192 2957 1245 καὶ
2985 1190 3079 1257 τὸ,
3133 1208 3152 1241 ι
3175 1188 3301 1243 Ἐὰν
3340 1182 3435 1242 οὖν
3463 1186 3612 1256 ῐδητε
3655 1184 3753 1236 τὸν
3794 1182 3917 1235 Υἱδν

2326 1286 2420 1341 τοῦ
2457 1284 2744 1357 ἀνθρώπου
2780 1283 3160 1349 ἀναϐαίνοντα,
3198 1283 3335 1336 ὅπου
3362 1275 3430 1351 ἦν
3469 1278 3531 1332 τὸ
3559 1277 3909 1349 πρότερον-ι

2325 1381 2448 1451 οὐχὶ
2478 1381 2543 1433 ἐκ
2568 1379 2671 1449 τῆς
2698 1378 3072 1450 προσηγορίας
3100 1376 3193 1431 τοῦ
3226 1375 3358 1430 Υἱοῦ
3384 1373 3478 1429 τοῦ
3506 1373 3804 1445 ἀνθρώπου
3829 1372 3919 1425 καὶ

2326 1473 2417 1526 τὸν
2453 1470 2603 1542 αὐτῷ
2638 1469 2967 1540 ἀσυγχύτως
2996 1486 3057 1523 τε
3090 1470 3208 1539 ἅμα
3236 1467 3330 1522 καὶ
3358 1466 3677 1538 ἀχωρίστως
3712 1480 3916 1533 συνημ-

2332 1564 2492 1636 μένον
2533 1562 2799 1635 νοοῦμεν;
2850 1552 2914 1616 Eii
2946 1562 3056 1633 γὰρ
3078 1560 3173 1614 καὶ
3200 1561 3329 1614 Υἱὸν
3352 1557 3640 1630 ἀνθρώπου
3669 1554 3919 1625 ὠνόμαζε

2326 1654 2415 1708 διὰ
2440 1654 2537 1726 τὴν
2563 1653 2661 1723 τῆς
2696 1651 3149 1723 προσληφθείσης
3218 1650 3314 1704 καὶ
3344 1648 3679 1719 φαινομένης
3723 1645 3919 1715 σαρκὸς

2331 1747 2515 1816 φύσιν,
2539 1743 2674 1798 ἀλλά
2689 1743 2778 1797 διὰ
2797 1742 2950 1815 [τῶν]
2968 1742 3064 1796 καὶ
3086 1741 3216 1812 παρ’
3238 1740 3405 1794 αὑτοῦ
3425 1738 3777 1808 τελουμένων
3797 1736 3919 1789 θεὸν

644 1844 896 1899 Christus
926 1844 1041 1899 heri
1064 1853 1119 1898 et
1146 1843 1324 1905 hodie,
1364 1843 1476 1912 ipse
1501 1853 1555 1898 et
1592 1842 1642 1896 in
1670 1841 1948 1897 smcnla".
1977 1860 1993 1891 ι
2028 1840 2082 1895 Si
2110 1841 2225 1895 heri

2332 1836 2522 1891 ἑαυτὸν
2569 1835 2919 1907 παρεδείκνυ.
2962 1833 3072 1888 Καὶ
3113 1834 3308 1887 πάλιν⁹
3358 1851 3377 1883 ι
3407 1830 3619 1901 Ἰησοῦς
3660 1827 3918 1901 Χριστὸς,

632 1946 698 1989 et
722 1935 904 2001 hodie,
934 1934 1207 2003 quomodo
1243 1948 1341 2002 per
1371 1934 1545 2002 ipsum
1574 1931 1796 1986 omnia?
1822 1932 1877 1986 Si
1922 1940 2101 1986 autem
2138 1946 2232 2001 per

644 2028 817 2095 ipsum
850 2026 1055 2090 omnia,
1082 2024 1355 2095 quomodo
1401 2025 1513 2079 heri
1563 2032 1617 2080 et
1663 2023 1863 2079 hodie?
1889 2023 1995 2079 Sed
2020 2035 2229 2079 certum

640 2131 727 2176 est
754 2128 809 2175 et
836 2120 977 2189 quod
1005 2138 1018 2173 :
1046 2138 1066 2173 ι
1088 2120 1278 2176 Omnia
1307 2135 1403 2189 per
1430 2121 1604 2189 ipsum
1632 2120 1703 2188 ⁷⁸,
1735 2139 1753 2172 ι
1778 2128 1831 2174 et
1860 2121 2026 2190 quod,
2057 2140 2075 2173 ι
2103 2120 2229 2175 Heri

638 2225 699 2267 et
732 2214 911 2280 hodie,
944 2232 961 2263 ι
992 2213 1094 2268 ﬁde
1137 2213 1531 2282 recipiendum,
1560 2221 1614 2266 et
1653 2214 1755 2268 hoc
1795 2232 1809 2268 :
1845 2232 1865 2266 ι
1896 2212 2014 2283 Ipse
2043 2215 2095 2269 in
2127 2230 2230 2268 saa-

636 2304 761 2359 cula
781 2345 796 2369 ,
835 2324 854 2356 ι
882 2320 1090 2368 verum,
1117 2305 1162 2359 si
1195 2305 1491 2359 secundum
1519 2302 1880 2359 diﬂ'erentiam
1915 2318 2229 2361 naturarum

648 2395 930 2451 inconfuse
956 2404 1014 2451 et
1062 2395 1499 2465 inseparabiliter
1556 2395 1828 2449 unitarum
1872 2411 2029 2451 voces
2076 2412 2230 2467 apte-

649 2502 789 2553 mus,
867 2488 1250 2559 intelligentes,
1299 2487 1595 2543 secundum
1645 2486 1856 2542 visiliile
1928 2491 2147 2559 quidem
2214 2510 2226 2546 :

648 2595 671 2627 1
710 2576 836 2632 lteri
865 2587 920 2633 et
948 2579 1135 2645 hodie;
1168 2597 1186 2630 ι
1224 2579 1524 2633 secundum
1558 2589 1685 2631 vero
1715 2577 2050 2650 intelligibile
2078 2600 2092 2637 :
2125 2601 2142 2632 ι
2177 2582 2229 2635 In

648 2669 881 2735 saecula;
935 2689 954 2723 ι
1005 2671 1299 2727 secundum
1362 2680 1543 2727 autem
1603 2670 1879 2731 tiliationis
1944 2675 2227 2741 unitatem,

647 2776 675 2810 4
716 2774 881 2815 unum
908 2768 962 2817 et
989 2760 1265 2819 eumdem.
1296 2779 1315 2815 ι

1207 3067 1397 3138 Cyrilli
1422 3068 1681 3138 defensio.

2331 1930 2398 1983 δι’
2425 1922 2486 1983 οὗ
2506 1927 2574 1982 τὰ
2605 1928 2805 1982 πάντα.
2832 1946 2851 1980 ι
2875 1926 2990 1980 Καὶ
3022 1925 3206 1981 πάλιν·
3239 1945 3259 1978 ι
3301 1923 3508 1997 Ἰησοῦς
3532 1922 3777 1994 Χριστὸς
3805 1920 3920 1991 χθὲς

2333 2024 2429 2077 καὶ
2461 2023 2702 2093 σήμερον
2735 2022 2764 2074 ό
2792 2020 2954 2083 αὐτὸς
2982 2020 3077 2073 καὶ
3113 2020 3193 2084 είς
3224 2018 3354 2081 τοὺς
3395 2015 3621 2079 αἰῶνας.
3649 2033 3669 2067 ι
3709 2014 3781 2067 El
3805 2011 3921 2083 χθὲς

2333 2115 2428 2168 καὶ
2457 2114 2721 2185 σήμερον,
2754 2110 2874 2174 πῶς
2895 2109 2961 2163 δι’
2982 2108 3148 2162 αὑτοῦ
3172 2108 3241 2162 τὰ
3261 2107 3468 2172 πάντας
3497 2105 3561 2158 Ei
3584 2104 3642 2157 δὲ
3667 2103 3743 2156 δι’
3764 2099 3919 2155 αὑτοῦ

2332 2208 2401 2261 τὰ
2452 2206 2652 2267 πάντα,
2709 2202 2827 2265 πῶς
2873 2202 3000 2272 χθὲς
3045 2200 3143 2255 καὶ
3190 2201 3464 2272 σήμερον;
3506 2196 3669 2251 Ἀλλά
3702 2194 3807 2249 καὶ
3836 2195 3919 2256 τὸ,

2340 2315 2358 2347 ι
2390 2297 2573 2350 Πάντα
2619 2295 2686 2348 δι’
2739 2291 2930 2357 αὑτοῦ,
2961 2311 2979 2344 ι
3022 2290 3223 2363 ἀληθές
3247 2309 3261 2323 ·
3312 2290 3409 2345 κα)⁵
3454 2290 3537 2353 τὸ,
3577 2308 3596 2341 ι
3627 2287 3801 2353 Χθὲς,
3837 2287 3923 2339 καὶ

2336 2390 2595 2458 σήμερον,
2617 2406 2635 2438 ι
2664 2385 2877 2439 πιστόν·
2904 2384 2997 2438 καὶ
3014 2383 3096 2449 τὸ,
3125 2404 3143 2435 ι
3168 2383 3225 2436 '0
3243 2382 3404 2447 αὐτὸς
3424 2384 3503 2447 είς
3521 2382 3648 2445 τοὺς
3664 2381 3917 2442 αἰῶνας.»

2334 2477 2587 2549 ἀληθινόν
2606 2492 2623 2510 ⁸
2656 2476 2753 2530 ἐὰν
2784 2475 2926 2530 κατὰ
2955 2474 3018 2528 τὸ
3049 2473 3158 2527 τῶν
3189 2473 3492 2528 ἐνωθεισῶν
3521 2472 3854 2543 ἀσυγχύτως
3870 2487 3921 2522 τε

2333 2568 2426 2621 καὶ
2458 2565 2781 2637 ἀχωρίστως
2810 2564 3029 2633 φύσεων
3057 2563 3315 2636 διάφορον
3342 2565 3441 2627 τάς
3466 2564 3653 2634 φωνάς
3683 2562 3923 2633 ἐφαρμόο

2333 2657 2538 2728 ζωμεν,
2581 2656 2829 2719 νοοῦντες
2866 2657 3009 2710 κατὰ
3070 2656 3168 2727 μὲν
3199 2656 3262 2709 τὸ
3327 2656 3678 2725 φαινόμενον,
3717 2674 3739 2705 ι
3794 2653 3922 2717 Χθές

2334 2746 2427 2801 καὶ
2472 2749 2746 2819 σήμερον’
2777 2766 2794 2797 ι
2842 2748 2984 2801 κατὰ
3041 2747 3098 2799 δὲ
3154 2746 3215 2800 τὸ
3259 2745 3569 2816 νοούμενον,
3622 2765 3641 2798 ι
3679 2744 3783 2809 Εἰς
3810 2746 3923 2807 τοὺς

2334 2836 2568 2899 αἰῶνας’
2601 2855 2618 2888 ι
2651 2835 2795 2889 κατά
2820 2834 2955 2889 δὲτὸ
2996 2834 3097 2905 τῆς
3123 2833 3372 2905 υίότητος
3409 2832 3719 2905 μοναδικὸν,
3758 2851 3777 2882 ι
3802 2830 3923 2885 Ἐνα

2334 2928 2430 2982 καὶ
2458 2929 2547 2982 τὸν
2575 2929 2756 2983 αὐτόν.
2770 2948 2788 2978 ι

2794 3062 3124 3132 Ἀπολογία
3164 3061 3490 3130 Κυρίλλου.

718 3178 795 3234 Ut
822 3188 1063 3249 apparet,
1093 3179 1175 3233 his
1201 3181 1293 3250 qui
1329 3185 1816 3239 anathematismos
1866 3199 1893 3238 a
1937 3186 2096 3256 1'70
2129 3203 2225 3241 no-

2409 3184 2617 3249 Σκοπὸς
2666 3178 2776 3247 οὖν,
2820 3182 2895 3245 ὡς
2942 3183 2961 3217 ι
3012 3181 3179 3244 ἔοικε,
3242 3180 3355 3242 τοῖς
3398 3176 3683 3231 ἐθέλουσιν
3738 3177 3926 3247 ἀπερι·

645 3272 738 3327 bis
771 3272 1057 3326 utilissime
1093 3281 1146 3326 et
1179 3275 1486 3330 necessario
1531 3274 1703 3331 factos
1745 3279 2118 3347 imprudenter
2148 3296 2233 3334 rc-

644 3363 992 3433 prehendere
1026 3364 1447 3431 volunt,unicus
1480 3366 1569 3421 ille
1599 3382 1793 3436 scopns
1838 3379 1943 3434 est,
1994 3379 2051 3424 ut
2100 3373 2231 3425 nihil

656 3471 844 3509 verum
884 3455 965 3508 vel
991 3455 1203 3523 sapiant
1230 3457 1311 3510 vel
1342 3456 1556 3524 dicant,
1591 3459 1983 3532 declarentque
2032 3477 2090 3518 se
2116 3465 2233 3518 solo

653 3546 1019 3601 calumniandi
1050 3548 1224 3601 studio
1242 3558 1557 3619 occupatos.
1583 3548 1715 3604 Nam
1740 3554 1784 3607 si
1805 3563 2037 3609 mentem
2077 3570 2230 3611 suam

650 3634 896 3689 studiose
927 3650 990 3688 ac
1019 3634 1307 3703 diligenter
1341 3637 1566 3707 scriptis
1595 3640 1857 3695 adhibere
1885 3650 2224 3712 paterentur,

658 3743 762 3779 non
793 3728 1152 3798 ignorassent,
1193 3730 1334 3798 quod
1367 3732 1481 3786 suis
1534 3733 1820 3787 sententiis
1866 3742 1919 3789 et
1962 3737 2230 3789 sermoni-

658 3820 779 3885 bus,
807 3836 941 3889 quos
974 3818 1199 3887 faciunt,
1247 3822 1524 3877 stabiliant
1568 3824 2112 3892 anathematismum,
2178 3839 2232 3883 et

654 3924 998 3979 nequaquam
1034 3911 1327 3965 ostendant
1356 3911 1505 3965 illum
1531 3912 1800 3983 inerudite
1838 3916 2140 3972 conditum.
2170 3919 2233 3973 Et

652 4003 948 4072 quomodo,
979 4002 1177 4055 dicam.
1200 4000 1381 4058 Bonus
1412 4003 1692 4059 Nestorius
1714 4005 1929 4060 dicebat
1954 4008 2059 4064 tale
2076 4012 2234 4079 quid-

650 4096 799 4157 dam,
832 4095 884 4147 in
920 4094 1149 4148 ecclesia
1199 4107 1487 4148 enarrans.
1527 4091 1598 4147 Ut
1627 4100 1808 4148 autem
1840 4094 2021 4164 ipsum
2061 4100 2231 4153 mani-

656 4184 847 4239 l'estius
896 4170 1100 4248 dicam,
1160 4194 1212 4239 et
1269 4184 1339 4238 ita
1400 4193 1458 4236 ut
1510 4198 1696 4238 omnes
1732 4184 1942 4241 facilius
1972 4190 2229 4257 capiant:

654 4276 834 4343 Arius,
870 4284 924 4329 et
958 4275 1276 4337 Eunomius,
1308 4282 1362 4326 et
1388 4273 1776 4342 Apollinarius,
1805 4284 1860 4329 et
1917 4291 2108 4332 omnes
2137 4294 2229 4333 so-

655 4367 870 4421 cietatis
905 4366 1114 4420 illorum
1141 4365 1316 4430 chori,
1382 4364 1673 4419 studebant
1726 4365 1985 4421 inducere
2036 4383 2228 4423 nomen

654 4459 778 4524 hoc,
808 4458 900 4513 Dei
937 4458 1192 4528 genitrix,
1222 4466 1280 4511 ut
1302 4456 1345 4510 si
1370 4455 1677 4511 commistio
1731 4457 1904 4523 ﬁeret,
1933 4469 1989 4513 et
2017 4470 2225 4516 naturae

660 4566 762 4604 non
802 4560 1205 4619 separarentur,
1264 4547 1397 4602 nihil
1446 4546 1725 4601 humiliter
1773 4549 1973 4604 dictum
2014 4551 2080 4604 de
2125 4552 2226 4605 hu-

662 4639 919 4695 manitate
943 4637 1316 4709 accipiendum
1348 4647 1512 4703 esset,
1571 4637 1857 4710 locumque
1901 4641 2015 4711 jam
2068 4643 2231 4697 habe-

659 4744 777 4787 rent
808 4732 908 4803 ipsi
944 4742 1130 4787 contra
1168 4732 1419 4786 deitatem
1447 4747 1461 4797 ;
1507 4732 1664 4800 quasi
1691 4731 1895 4797 omnia,
1916 4748 2035 4802 qua:
2077 4734 2232 4788 dice-

657 4826 873 4887 hantur,
897 4825 961 4876 de
990 4838 1094 4875 uno
1125 4822 1456 4876 dicerentur.
1486 4819 1611 4874 llwc
1636 4838 1756 4876 cum
1778 4823 1860 4877 sic
1911 4822 2054 4877 dicta
2101 4826 2230 4888 sint,

661 4912 949 4967 utilissime
979 4912 1490 4966 anathematisntum
1538 4910 1785 4973 fecimus,
1849 4928 1952 4965 non
2010 4916 2233 4981 permit-

665 5013 837 5057 tentes
882 5004 936 5056 in
994 5003 1128 5056 duas
1194 5003 1358 5055 dividi
1424 5017 1683 5071 personas
1723 5012 1776 5056 et
1834 5003 2214 5061 subsistentias

661 5112 824 5149 unum
857 5092 1143 5150 Dominum
1178 5092 1360 5148 Jesutn
1394 5094 1693 5148 Christum.
1726 5095 1877 5160 Quod
1940 5106 2120 5149 autem
2171 5107 2225 5151 et

658 5186 757 5257 ipsi
789 5201 911 5241 cum
936 5186 1137 5241 nostris
1149 5186 1491 5240 sermonibus
1515 5187 1861 5251 conveniant,
1884 5187 2225 5257 perspicuum

2330 3275 2589 3335 σκέπτως
2628 3273 2893 3343 ἐπιτιμᾷν
2924 3272 3036 3333 τοῖς
3084 3269 3214 3340 παρ’
3244 3267 3401 3339 ἡμῶν
3430 3266 3846 3340 χρειωδέστατά
3874 3285 3926 3321 τε

2336 3368 2430 3421 καὶ
2474 3364 2790 3433 ἀναγκαίως
2833 3361 3117 3432 γεγονόσιν
3160 3359 3655 3431 ἀναθεματισμοῖς,
3709 3362 3925 3431 φρονεῖν

2342 3459 2441 3530 μὲν
2487 3457 2520 3529 ἢ
2578 3456 2762 3524 λέγειν
2804 3454 2913 3507 τῶν
2962 3453 3233 3525 ἀληθινῶν
3287 3453 3459 3518 οὐδὲν,
3502 3451 3835 3523 φιλοψογίας
3878 3453 3927 3505 δὲ

2339 3552 2507 3622 μόνης
2542 3547 2818 3614 ἀπόδειξιν
2850 3547 3059 3619 ἐναργῆ
3094 3546 3369 3599 ποιεῖσθαι
3395 3545 3455 3599 τὸ
3480 3546 3672 3617 χρῆμα
3694 3559 3709 3573 ⁵
3759 3548 3809 3599 εί
3832 3546 3926 3616 γὰρ

2335 3643 2626 3712 ἀνίσχοντα
2646 3652 2695 3704 ιι,
2716 3639 2812 3693 καὶ
2832 3637 3038 3710 ἀκριϐῆ
3058 3641 3171 3700 τοῖς
3194 3636 3600 3708 γεγραμμένοις
3619 3636 3713 3689 τὸν
3737 3639 3926 3690 οἰκεῖον

2336 3732 2711 3802 ἐνερείσαντες
2756 3728 2901 3794 νοῦν,
2949 3728 3050 3782 οὐκ
3090 3729 3398 3799 ἠγνόησαν,
3461 3728 3544 3781 ὅτι
3600 3729 3924 3799 κρατύνουσι

2334 3823 2456 3883 ταῖς
2513 3819 2643 3889 παρ’
2690 3818 2900 3872 ἑαυτῶν
2932 3827 2960 3859 Y
2985 3819 3211 3889 ψήφοις,
3248 3819 3340 3871 καὶ
3385 3818 3453 3871 δι’
3496 3812 3573 3873 ὧν
3600 3819 3927 3889 πεποίηνται

2335 3910 2531 3980 λόγων,
2597 3909 2689 3964 τὸν
2742 3908 3209 3980 ἀναθεματισμὸν,
3282 3911 3378 3964 καὶ
3430 3910 3549 3981 οὐχὶ
3600 3910 3666 3981 δὴ
3734 3911 3926 3982 μᾶλλον

2336 4003 2789 4075 ἀνεπιστημόνως
2818 4002 2982 4057 αὑτὸν
3016 4002 3286 4071 γεγονότα
3310 4002 3796 4056 καταδεικνύουσι.
3830 4004 3927 4055 Καὶ

2334 4099 2457 4152 τίνα
2482 4096 2706 4168 τρόπον,
2736 4095 2868 4169 ἐρῶ⁶
2915 4092 2975 4148 Ὀ
3006 4094 3244 4166 χρηστὸς
3268 4095 3402 4166 ἡμῖν
3433 4094 3729 4166 Νεπόριος
3756 4096 3858 4166 ἔφη
3883 4114 3925 4147 τι

2333 4189 2575 4244 τοιοῦτον
2619 4191 2707 4242 ἐπ’
2750 4190 3047 4261 ἐκκλησίας
3081 4198 3109 4226 ι
3150 4188 3535 4261 ἐξηγούμενος.
3565 4189 3684 4244 Ἵνα
3709 4188 3776 4243 δὲ
3805 4189 3927 4243 αὐτὸ

2337 4283 2670 4353 σαφέστερον
2724 4281 2818 4336 καὶ
2878 4284 3045 4336 πᾶσιν
3102 4281 3499 4353 εύληπτότερον
3589 4282 3757 4348 είπω,
3822 4282 3925 4344 τοῖς

2348 4370 2579 4440 Ἀρείου,
2616 4371 2711 4425 κα)⁸
2745 4372 3037 4442 Εύνομίου,
3073 4372 3168 4425 καὶ
3207 4371 3608 4443 Ἀπολιναρίου,
3650 4373 3749 4425 καὶ
3800 4373 3924 4427 πάν-

2265 4496 2305 4549 υ
2333 4479 2439 4515 των
2464 4464 2574 4525 τοῖς
2596 4464 2775 4533 χοροῖς
2799 4462 2907 4515 τῶν
2935 4462 3036 4534 τῆς
3070 4462 3325 4534 τοιαύτης
3357 4463 3588 4535 φατρίας
3607 4472 3660 4528 3',
3695 4464 3919 4534 σπουδὴ,

2333 4554 2415 4620 τὸ,
2452 4553 2739 4621 Θεοτόκος,
2772 4555 3032 4623 εἰσάγειν,
3080 4554 3157 4619 ὡς
3193 4556 3444 4627 κράσεως
3484 4556 3807 4628 γινομένης,
3842 4559 3923 4609 καὶ

2338 4646 2448 4698 τῶν
2490 4644 2706 4715 φύσεων
2747 4645 2822 4717 μὴ
2861 4646 3277 4717 διαιρουμένων,
3334 4646 3500 4717 μηδὲν
3542 4646 3654 4700 τῶν
3694 4648 3923 4700 εὐτελῶν

2337 4737 2418 4800 εἰς
2442 4736 2539 4808 τὴν
2569 4736 2665 4789 ἀνθ
2676 4736 2964 4808 ρωπότητα
2987 4736 3381 4807 λαμϐάνεσθαι,
3408 4738 3502 4791 καὶ
3527 4736 3712 4809 χώραν
3730 4740 3921 4801 αὐτοὺς

2337 4827 2525 4881 λοιπὸν
2574 4827 2713 4882 κατά
2768 4828 2867 4900 τῆς
2927 4828 3182 4899 θεότητος
3225 4828 3368 4901 ἔχειν
3395 4846 3407 4858 '
3436 4829 3512 4893 ὡς
3557 4830 3779 4883 πάντων
3822 4830 3921 4884 τῶν

2338 4917 2648 4990 λεγομένων
2693 4920 2824 4991 παρ’
2855 4919 2973 4983 ἐνὸς
3007 4919 3335 4991 λεγομένων.
3382 4920 3601 4975 Τούτων
3626 4922 3725 4975 ὡδὶ
3772 4922 3921 4989 λεγο-

2343 5009 2539 5081 μένων,
2575 5010 2999 5081 χρειωδέστατος
3029 5021 3050 5048 ι
3081 5014 3208 5084 παρ’
3241 5022 3259 5043 ³
3299 5011 3455 5084 ἡμῶν
3486 5012 3707 5082 γέγονεν
3734 5016 3765 5068 ό
3798 5014 3920 5067 ἀνα·

2341 5100 2697 5173 θεματισμὸς,
2749 5104 2849 5156 οὐκ
2889 5105 3064 5174 ἐφιεὶς
3116 5103 3195 5169 εἰς
3256 5104 3347 5159 δύο
3387 5103 3712 5179 μερίζεσθαι
3756 5106 3918 5178 πρόσ-

2340 5193 2467 5245 ωπά
2490 5210 2546 5246 τε
2582 5194 3037 5261 καὶλύποστάσεις
3066 5197 3159 5252 τὸν
3191 5197 3286 5251 ἕνα
3316 5197 3520 5270 Κύριον
3550 5197 3764 5269 Ἰησοῦν
3790 5201 3917 5269 Χρι-

723 5365 770 5399 ⁷⁶
794 5364 946 5421 Joan.
977 5380 1062 5431 ιιι,
1099 5364 1189 5419 t5.
1264 5362 1310 5395 ⁷⁸
1345 5359 1500 5419 Joan.
1533 5379 1615 5430 Vl,
1652 5363 1739 5420 6'5.
1809 5365 1852 5397 ⁷⁸
1884 5364 2050 5421 Hebr.
2083 5382 2143 5434 ιι,
2176 5368 2225 5420 1(

2336 5370 2380 5400 ⁷⁷
2415 5368 2579 5426 llebr.
2619 5388 2734 5439 xm,
2769 5373 2824 5428 8.
2902 5377 2947 5406 "
2974 5374 3129 5434 Joau.
3167 5393 3207 5443 ι,
3252 5377 3306 5431 5.

1720 5518 1893 5575 Variae
1928 5520 2187 5578 lectiones
2224 5540 2287 5579 ex
2313 5525 2499 5580 codice
2536 5525 2911 5596 Segnieriano.

730 5683 750 5721 ι
781 5680 1009 5746 Σκοπὸς,
1038 5679 1134 5742 ὡς.

655 5765 679 5796 υ
711 5751 1044 5821 λελεγμένων
1075 5746 1495 5819 χρειωδέστατα.
1576 5746 1601 5787 ἀ
1637 5746 1724 5801 ίσ.
1760 5748 1910 5819 περί,

1246 5676 1395 5751 'ji'o'.
1427 5677 1475 5729 εί
1508 5675 1616 5748 γὰρ
1638 5675 1919 5751 ῂνείχοντο
1965 5678 2241 5733 dato-.699).
2320 5690 2344 5719 ν
2378 5681 2504 5751 παρ’
2536 5680 2738 5737 αὐτῶν.

2856 5690 2880 5717 ι
2923 5681 3211 5754 ἐκκλησίᾳ.
3333 5692 3361 5730 3’
3400 5683 3570 5747 αὖτῆς
3605 5684 3907 5755 φρατρίας·
