4088 6462
212 415 331 475 367

828 412 1362 473 APOLOGETICUS
1402 414 1541 472 PRO
1580 416 1677 472 ΧΠ
1714 413 2082 472 CAPITIBUS
2122 412 2406 471 CONTRA
2443 410 2902 471 ORIENTALES.

3366 414 3472 471 338

211 532 362 585 στόν.
391 531 513 583 Ὀτι
533 528 590 583 δὲ
613 529 708 584 καὶ
735 530 922 596 αὐτοῖς
945 532 1061 596 τοῖς
1089 534 1220 603 παρ’
1250 534 1410 604 ἡμῶν
1434 536 1797 608 συμφέρονται

1912 533 2092 590 eritex
2123 534 2209 590 his
2248 548 2370 604 quae
2397 534 2736 605 scripserunt
2801 541 2859 589 et
2925 533 3189 592 sentiunt.
3258 535 3472 595 Habent

208 620 415 690 λόγοις,
442 621 600 692 δῆλον
629 622 696 676 ἂν
726 622 813 694 εἴη
839 623 1108 694 δήπουθεν
1141 625 1202 689 ἐξ
1238 619 1314 681 ὦν
1340 629 1673 699 γεγράφασι,
1704 630 1797 684 καὶ

208 716 432 784 φρονεῖν
469 714 773 782 ἐγνώκασιν
798 732 813 747 ο
858 716 974 788 ἔχει
1012 716 1071 772 δὲ
1114 718 1290 784 οὕτως
1314 735 1331 767 .°
1400 721 1490 785 Ὠς
1518 722 1577 775 δὲ
1625 739 1794 794 προσ-

207 804 405 869 ὡποις,
425 806 461 877 ἦ
487 806 515 847 δ
538 806 868 863 ὑποστάσεσι
888 809 1062 877 δυσὶν,
1091 811 1125 883 ἢ
1158 813 1295 877 υἱοῖς
1313 812 1436 868 δυσὶ
1457 813 1797 887 διαιροῦντας

204 898 311 969 τὴν
334 899 551 966 ἕνωσιν,
584 901 755 971 ἧγουν
784 901 874 955 τὸν
900 902 997 957 ἕνα
1022 903 1172 967 Υίδν,
1199 904 1301 968 τὰς
1333 906 1519 975 φωνάς
1548 908 1796 979 ἐφαρμό-

207 990 331 1054 ζειν
358 991 419 1044 οὐ
443 990 557 1045 δεῖ·
609 991 917 1063 ἀδιαίρετος
952 992 1062 1065 γὰρ
1093 995 1189 1050 καὶ
1219 995 1527 1069 άχώριστος
1574 1001 1607 1070 ἠ
1648 1001 1797 1073 ἄκρα

213 1084 416 1148 ἔνωσις
436 1098 453 1113 ·
501 1083 599 1138 καὶ
624 1086 654 1138 ό
682 1079 765 1149 εἷς
799 1085 928 1150 Υἱὸς
952 1086 1097 1141 κατὰ
1139 1086 1319 1143 πάντα
1346 1091 1442 1144 καὶ
1478 1089 1656 1161 λόγον,
1703 1093 1799 1147 xui.

205 1174 438 1245 τρόπον,
478 1177 575 1230 καὶ
611 1176 821 1231 ἔννοιάν
858 1178 1000 1233 ἐστι.
1042 1177 1154 1249 Τῆς
1206 1178 1266 1233 δὲ
1327 1179 1505 1252 ἄκρας
1551 1182 1799 1248 ἑνώσεως

206 1263 650 1347 φυλαττομένης,
689 1266 786 1320 καὶ
816 1266 911 1321 τοῦ
938 1268 1058 1331 ἑνὸς
1090 1268 1245 1336 Υίοῦ,
1277 1271 1373 1325 καὶ
1400 1272 1664 1343 Χριστοῦ,
1705 1274 1801 1329 καὶ

205 1357 422 1428 Κυρίου
450 1359 912 1431 ὁμολογουμένου,
941 1360 1073 1433 περὶ
1110 1362 1203 1417 τὸν
1233 1363 1331 1418 ἕνα
1382 1365 1479 1418 καὶ
1512 1366 1606 1421 τὸν
1636 1366 1798 1420 αὑτὸν

208 1447 343 1502 Υίὸν
369 1449 699 1505 ὲκλαὸἑσθαι
741 1461 763 1489 ε
822 1451 930 1524 χρὴ
969 1452 1039 1507 τὰ
1070 1453 1375 1525 λεγόμενα’
1422 1458 1565 1510 κατά
1616 1458 1798 1529 μέντοι

203 1540 309 1611 τὴν
354 1540 466 1595 τῶν
510 1541 813 1596 ἑνωθεισῶν
860 1544 1080 1615 φύσεων
1118 1546 1348 1618 δύναμιν
1391 1549 1801 1619 ἐφαρμόζεσθαι

207 1632 420 1702 πρέπει
480 1632 563 1704 τῷ
594 1635 676 1689 ἑνὶ
730 1635 845 1708 Υἱῷ
880 1637 950 1690 τά
991 1637 1283 1709 λεγόμενα.
1327 1640 1537 1695 Οὐκοῦν
1570 1641 1672 1711 τῆς
1720 1644 1801 1707 εἰς

207 1724 386 1795 ἄκρον
442 1726 692 1791 ὲνώσεως
780 1728 1119 1801 σωζομένης,
1176 1732 1305 1787 ποία
1362 1733 1713 1803 παρείσδυσις
1765 1736 1800 1807 ἢ

204 1816 345 1885 γοῦν
397 1820 673 1887 φαντασία
722 1824 899 1891 τομῆς
935 1822 1378 1893 παρεισκρίνοιτο
1412 1824 1479 1877 ἂν
1508 1824 1623 1890 Eu;
1651 1828 1743 1879 καὶ
1772 1828 1802 1879 ὁ

209 1910 458 1980 μερίζειν
484 1911 807 1981 ἁποτολμῶν
828 1912 944 1976 πῶς
963 1915 1063 1967 οὐκ
1086 1913 1192 1979 ἔξω
1218 1915 1445 1985 φέρεται
1466 1917 1565 1987 τῆς
1586 1916 1802 1981 εὐθείας

204 2002 354 2067 ὀδοῦ,
405 2003 501 2056 καὶ
548 2002 659 2057 τῶν
703 2006 804 2075 τῆς
854 2006 1139 2070 εὐσεὸείας
1187 2008 1474 2078 δογμάτων
1526 2012 1606 2073 είς
1657 2010 1802 2064 ἅπαν

206 2094 569 2163 άποφοιτῶνς
605 2096 671 2148 Τί
712 2093 806 2149 οὖν
836 2113 1004 2166 φησιν
1036 2100 1065 2152 ὁ
1105 2099 1596 2171 ἁναθεματισμός;
1629 2101 1696 2153 Et
1722 2117 1805 2164 τις

210 2185 430 2255 μερίζει
461 2186 560 2250 τὰς
602 2186 787 2254 φωνάς
816 2188 958 2242 κατά
987 2205 1051 2257 γε
1076 2190 1289 2243 τουτονὶ
1324 2189 1417 2243 τὸν
1451 2191 1677 2261 τρόπον,
1709 2192 1805 2245 καὶ

207 2271 309 2334 τὰς
336 2271 364 2310 ἀ
393 2272 489 2342 μὲν
510 2273 586 2335 ὡς
612 2273 883 2345 ἀνθρώπῳ
900 2275 1051 2347 παρὰ
1075 2276 1167 2330 τὸν
1184 2278 1247 2331 ὲκ
1271 2277 1406 2332 Θεοῦ
1428 2280 1600 2349 Λόγον
1624 2280 1806 2345 ξδικῶς

211 2364 492 2434 νοουμένῳ
532 2366 890 2437 προσάπτειν,
947 2368 1043 2433 τὰς
1087 2368 1146 2422 δὲ
1188 2369 1265 2434 ὡς
1302 2370 1628 2443 θεοπρεπεῖς
1659 2372 1807 2444 μόνῳ

209 2454 291 2525 τῷ
327 2456 395 2508 ὲκ
422 2456 559 2511 Θεοῦ
599 2459 792 2529 Λόγῳ’
822 2460 1074 2533 ἀνάθεμα
1136 2462 1298 2517 ἔστω.
1347 2465 1413 2518 Εί
1464 2464 1564 2535 μὲν
1609 2461 1703 2519 οῦν
1754 2466 1808 2519 οἱ

212 2547 521 2612 διιστάντες
549 2561 573 2589 ε
610 2553 704 2605 καὶ
728 2551 1060 2624 διορίζοντες
1086 2556 1166 2619 είς
1196 2555 1485 2625 ἄνθρωπον
1513 2557 1696 2622 ίδικῶς
1742 2575 1809 2611 τε

213 2637 311 2690 καὶ
344 2638 451 2694 ἀνά
495 2640 682 2710 μέρος,
718 2643 814 2696 καὶ
856 2644 937 2706 είς
979 2643 1112 2698 Θεὸν
1164 2644 1338 2713 Λόγον
1375 2645 1559 2709 ίδικῶς
1601 2663 1661 2699 τε
1710 2646 1807 2700 καὶ

212 2727 319 2780 ἀνά
368 2727 555 2798 μέρος,
588 2730 648 2781 οὐ
686 2731 969 2801 μερίζουσι
999 2734 1091 2786 τὸν
1121 2733 1218 2788 ἕνα
1252 2735 1507 2805 Χριστὸν,
1540 2738 1632 2789 καὶ
1661 2735 1801 2789 δύοτ

211 2818 472 2886 λέγουσιν
507 2820 678 2884 υἱοὺς,
728 2823 1211 2891 άγανακτείτωσαν
1240 2824 1361 2879 καθ’
1386 2826 1545 2897 ἡμῶν
1572 2828 1621 2879 οἱ
1681 2828 1805 2895 φιλ-

213 2910 558 2981 εγκλήμονες
584 2928 598 2941 ’
629 2914 678 2967 εί
695 2913 752 2966 δὲ
771 2914 913 2986 τομὴ
934 2918 1030 2970 καὶ
1053 2916 1314 2986 διαίρεσις
1332 2919 1394 2972 τὸ
1419 2919 1562 2973 οὕτω
1588 2923 1805 2991 φρονεῖν

215 3004 359 3068 ἐστι,
387 3004 529 3059 κατὰ
561 3005 684 3059 τίνα
712 3009 915 3079 τρόπον
934 3012 1049 3074 τοῖς
1079 3014 1208 3077 παρ’
1241 3014 1398 3082 ἡμῶν
1427 3014 1605 3083 λόγοις
1632 3018 1807 3069 ἐπιτι-

218 3097 330 3165 μᾷν
362 3095 657 3165 ἐγνώκασι,
699 3101 880 3153 καίτοι
906 3102 1003 3155 καὶ
1033 3102 1209 3167 αὐτοὶ,
1246 3104 1392 3158 καθά
1411 3123 1593 3173 φασιν,
1627 3107 1805 3160 ἀδιαί-

1897 635 2075 682 autem
2112 627 2193 681 sic
2223 643 2237 679 :
2263 625 2547 696 Tanquam
2576 640 2705 681 vero
2728 626 2977 695 personis
3004 625 3319 689 duabus,vel
3339 632 3472 684 sub-

1896 717 2162 772 sistentiis
2194 719 2424 783 duabus,
2461 716 2547 771 vel
2601 716 2728 772 [iliis
2760 716 2992 781 duobus,
3044 716 3332 773 dividendo
3352 720 3476 773 uni-

1899 810 2122 873 tionem,
2151 811 2252 864 hoc
2274 818 2359 863 est
2382 826 2547 863 unum
2580 809 2968 874 Filium,voces
2998 820 3189 879 aptare
3210 825 3316 864 non
3345 825 3467 865 con-

1900 900 2063 955 venit.
2093 900 2447 955 lndivisibilis
2472 900 2615 955 enim
2655 909 2711 955 et
2740 900 3115 971 inseparabilis
3144 908 3229 955 est
3264 910 3472 954 summa

1898 990 2093 1054 unitio,
2133 996 2187 1044 ct
2208 1004 2347 1045 unus
2384 989 2555 1044 Filius
2582 998 2667 1044 est
2702 990 2999 1045 secundum
3052 1004 3268 1045 omnem
3310 992 3477 1043 ratio-

1899 1096 2021 1136 nem
2051 1090 2106 1136 et
2136 1080 2353 1136 modum
2394 1091 2448 1136 et
2472 1081 2879 1151 cogitationem.
2925 1080 2983 1135 Si
3035 1089 3221 1134 autem
3264 1096 3475 1134 summa

1899 1174 2076 1228 unitio
2109 1185 2378 1237 servetur,
2414 1183 2467 1227 et
2507 1189 2645 1228 unus
2676 1172 2843 1227 Filius
2864 1183 2920 1227 et
2945 1172 3192 1228 Christus
3214 1181 3267 1226 et
3293 1171 3473 1226 Domi-

1900 1280 2002 1320 nus
2038 1273 2290 1335 ponatur,
2323 1265 2389 1319 de
2421 1281 2529 1320 uno
2557 1274 2613 1319 et
2637 1266 2828 1320 eodem
2863 1262 3001 1318 Filio
3028 1264 3281 1333 accipere
3310 1276 3475 1333 opor-

1903 1365 2000 1421 tet,
2040 1371 2160 1426 quae
2186 1356 2445 1411 dicuntur
2474 1373 2488 1410 :
2522 1357 2616 1410 sed
2650 1365 2829 1409 tamen
2862 1355 3157 1410 secundum
3202 1354 3475 1408 unitarum

1901 1457 2216 1503 naturarum
2261 1449 2517 1503 virtutem
2549 1447 2964 1502 accommodare
2996 1448 3150 1501 decet
3199 1446 3291 1499 uui
3317 1444 3475 1507 Filio,

1901 1553 2024 1608 qua:
2050 1538 2327 1592 dicuntur.
2357 1538 2527 1607 Igitur
2560 1538 2686 1593 dum
2711 1546 2964 1592 servatur
3012 1550 3226 1593 summa
3276 1538 3481 1600 unitas,

1902 1629 2077 1698 qualis
2108 1629 2352 1698 irreptio,
2386 1628 2470 1683 vel
2499 1627 2687 1683 saltem
2719 1628 3031 1697 imaginatio
3051 1627 3477 1682 sectionisindu-

1903 1720 2155 1776 ceretur?
2187 1720 2251 1774 Et
2281 1721 2372 1789 qui
2409 1721 2572 1775 audet
2598 1719 2866 1785 dividere,
2892 1720 3163 1788 quomodo
3187 1734 3290 1773 non
3327 1727 3483 1773 extra

1907 1818 2113 1865 rectam
2181 1812 2323 1865 viam
2383 1809 2682 1873 iucedit,et
2739 1823 2770 1861 a
2812 1807 3025 1876 pietatis
3057 1806 3395 1875 dogmatibus
3424 1808 3480 1859 in

1907 1903 2218 1956 universum
2260 1899 2662 1965 recedit‘IQuid
2725 1898 2890 1968 igitur
2938 1898 3070 1952 dicit
3121 1895 3484 1949 anathemati-

1906 1994 2092 2049 smus?
2118 1992 2175 2049 Si
2208 1994 2329 2063 quis
2373 1991 2567 2046 dividit
2623 2005 2803 2051 voces,
2833 1989 3129 2044 secundum
3181 1988 3323 2041 hunc
3369 2000 3484 2041 mo-

1907 2086 2055 2149 dum,
2088 2094 2146 2139 ut
2174 2085 2309 2139 alias
2346 2084 2563 2153 quidem
2595 2092 2847 2151 tanquam
2879 2081 3084 2134 homini
3122 2095 3150 2133 a
3195 2077 3305 2133 Deo
3330 2093 3490 2134 seor-

1905 2177 2009 2232 sim
2037 2177 2309 2231 intellecto
2331 2176 2568 2244 adaptet,
2598 2174 2734 2227 alias
2756 2186 2904 2237 vero,
2931 2179 2989 2223 ut
3012 2170 3117 2225 Deo
3138 2171 3349 2235 dignas,
3378 2168 3482 2224 soli

1909 2268 2087 2323 Verbo
2120 2266 2234 2333 Dei,
2272 2266 2564 2320 anathema
2601 2264 2692 2318 sit.
2748 2262 2804 2317 Si
2866 2263 3027 2331 igitur
3075 2267 3391 2328 separantes
3432 2265 3493 2314 et

1907 2358 2306 2428 distiuguentes
2335 2356 2387 2409 iu
2421 2355 2695 2411 hominem
2728 2353 2943 2423 proprie
2981 2361 3037 2403 et
3065 2350 3320 2411 seorsim,
3348 2358 3403 2403 et
3428 2348 3491 2402 in

1908 2449 2145 2507 Verbum
2176 2449 2268 2505 Dei
2307 2448 2523 2518 proprie
2551 2456 2605 2500 et
2627 2446 2880 2511 seut-sim,
2912 2444 3068 2513 171
3095 2456 3199 2496 non
3234 2439 3493 2510 partiun-

1906 2550 1997 2597 tur
2021 2556 2189 2596 unum
2218 2539 2648 2602 Cliristum,non
2676 2538 2812 2591 duos
2835 2536 3026 2590 dicunt
3063 2532 3241 2599 ﬁlios;
3268 2545 3497 2587 succen-

1908 2646 2067 2693 seant
2102 2634 2255 2689 nobis
2282 2634 2685 2688 criminatores.
2723 2629 2781 2684 Si
2810 2639 2992 2684 autem
3025 2627 3197 2682 sectio
3231 2632 3285 2679 et
3335 2638 3503 2692 sepa-

1907 2729 2047 2785 ratio
2068 2738 2152 2782 est
2179 2728 2250 2780 ita
2281 2724 2523 2780 sentire:
2554 2721 2851 2777 secundum
2909 2733 3071 2789 quem
3113 2717 3331 2774 modum
3387 2730 3492 2770 uo-

1908 2830 2057 2877 suos
2086 2831 2369 2874 sermones
2399 2813 2799 2884 reprehendere
2823 2818 3159 2874 statuerunt,
3194 2808 3411 2878 quando
3435 2814 3493 2860 et

1909 2911 2037 2981 ipsi,
2066 2912 2207 2965 sicut
2234 2909 2439 2971 dicunt,
2468 2903 2849 2961 indivisibilem
2879 2912 2935 2958 et
2986 2916 3152 2956 unum
3184 2900 3501 2957 secundum

1909 3019 2173 3061 summam
2203 3001 2501 3055 unitionem
2524 2997 3029 3052 conﬁteanturesse
3062 2990 3503 3050 Emmanuelem’:

1910 3095 2098 3165 Itaque
2128 3094 2429 3163 prudenter
2471 3103 2910 3159 unamquamque
2935 3102 3145 3151 vocem,
3185 3088 3265 3137 vel
3328 3083 3506 3137 etiam

220 3187 380 3257 ρετόν
419 3206 480 3243 τε
533 3192 626 3245 καὶ
661 3192 759 3245 ἕνα
786 3192 931 3247 κατὰ
975 3195 1152 3266 ἄκραν
1189 3196 1382 3251 ἕνωσιν
1413 3172 1803 3267 ὁμολογοῦντες

1912 3186 1974 3239 ab
2046 3185 2162 3252 ipso
2196 3182 2335 3235 forte
2385 3181 2606 3243 dictum,
2664 3177 3034 3246 accipiendam
3095 3189 3255 3238 esse,
3304 3172 3497 3227 lauda-

217 3281 491 3352 ὑπάρχειν
529 3283 624 3336 τὸν
658 3284 1039 3355 ⁹Εμμανουήλ;
1101 3286 1173 3338 Τὸ
1223 3288 1321 3355 μὲν
1379 3284 1471 3342 οῦν
1521 3290 1803 3359 ἐμφρόνως

219 3374 465 3445 ἑκάστην
494 3375 702 3448 φωνὴν,
730 3379 779 3431 εἰ
800 3377 897 3431 καὶ
932 3377 1061 3448 παρ’
1093 3378 1257 3431 αὑτοῦ
1287 3379 1449 3449 τυχὸν
1483 3382 1803 3451 εἰρημένην,

220 3464 669 3535 ἐπιλαμϐάνεσθαι
701 3467 831 3534 δεῖν,
871 3468 1220 3539 ἐπαινέσαιμ’
1252 3468 1319 3523 ἂν
1350 3472 1443 3524 καὶ
1475 3472 1636 3536 αὐτὸς
1672 3472 1806 3541 ἐγὼ,

222 3557 317 3610 καὶ
343 3558 702 3625 άπαστισοῦν,
721 3554 898 3629 οἶμαι,
929 3558 1037 3613 τῶν
1071 3560 1205 3631 ὀρθὰ
1236 3565 1455 3630 φρονεῖν
1500 3563 1769 3617 εἰωθότων
1791 3580 1807 3594 ’

222 3650 279 3704 αἱ
323 3650 426 3720 μὲν
451 3652 563 3722 γάρ
598 3652 708 3705 alat
736 3651 1095 3725 θεοπρεπεῖς,
1128 3655 1185 3706 αἱ
1223 3654 1281 3707 δὲ
1328 3657 1396 3724 τῇ
1434 3654 1573 3725 μετὰ
1610 3656 1811 3726 σαρκὸς

221 3744 510 3816 οἰκονομίᾳ
535 3744 735 3815 μᾶλλον
767 3746 1189 3818 ἁρμοδιώτεραι.
1224 3748 1443 3819 Ἐπειδὴ
1471 3748 1529 3801 δέ
1557 3749 1704 3801 ἐστιν
1733 3743 1812 3811 εἷς

224 3838 325 3892 καὶ
353 3840 385 3891 ό
414 3838 596 3904 αὐτὸς,
625 3839 759 3904 Θεός
789 3857 850 3894 τε
876 3840 1015 3911 ὁμοῦ
1051 3840 1144 3894 καὶ
1178 3840 1486 3907 ἄνθρωπος,
1527 3840 1699 3910 ταύτῃ
1734 3858 1815 3894 τοι

226 3929 322 3984 καὶ
341 3930 466 3984 λίαν
484 3930 683 4002 ὀρθῶς,
699 3931 832 3985 ποτὲ
854 3932 953 4001 μὲν
980 3931 1197 3995 θεῖκῶς,
1226 3931 1355 3984 ποτὲ
1377 3931 1434 3985 δὲ
1458 3930 1815 4001 ἀνθρωπίνως

225 4024 465 4076 ποιεῖται
501 4023 628 4086 τοὺς
657 4023 850 4092 λόγους
874 4040 888 4054 ·
919 4023 1059 4095 πλὴν
1082 4023 1177 4077 τοῦ
1204 4023 1319 4087 ἐνὸς
1375 4023 1548 4092 Ἰησοῦ
1572 4024 1812 4093 Χριστοῦ

228 4113 432 4177 ταύτας
482 4130 542 4168 τε
596 4114 858 4179 κάκείνας
904 4110 1044 4168 εἶναι
1103 4114 1287 4184 φωνὰς
1338 4114 1816 4187 διισχυριζόμεθα·

227 4204 357 4259 οῦτε
390 4205 675 4275 ψιλοῦντες
707 4206 961 4278 Θεότητος
999 4206 1091 4259 τὸν
1133 4207 1197 4259 ἐκ
1226 4204 1327 4275 τῆς
1355 4206 1630 4273 παναγίας
1665 4207 1816 4275 Παρ-

230 4298 391 4350 θένου
438 4298 587 4361 ναὸν,
621 4296 749 4351 οὔτε
796 4298 902 4369 μὴν
939 4298 1179 4368 ἄσαρκον
1212 4296 1413 4360 εἰδότες
1452 4297 1546 4351 τὸν
1583 4299 1649 4350 ὲκ
1683 4296 1819 4350 Θεοῦ

231 4388 451 4459 Πατρὸς
488 4389 663 4455 Λόγον
705 4387 843 4459 μετὰ
882 4389 981 4459 τὴν
1016 4388 1256 4460 ἄρρητον
1295 4388 1507 4443 ἕνωσιν.
1546 4386 1823 4458 Θαυμάζω

233 4480 289 4532 δὲ
327 4482 440 4543 ὅτι,
471 4481 651 4534 καίτοι
677 4480 1264 4551 πολυπραγμονοῦντες
1293 4480 1452 4548 άγαν,
1498 4481 1593 4535 καὶ
1638 4480 1712 4543 ὥς
1756 4497 1819 4548 γε

234 4570 542 4639 νομίζουσι,
578 4570 792 4635 λεπτῶς
843 4569 1223 4639 βασανίζοντες
1238 4570 1337 4633 τὰς
1352 4570 1489 4640 ἐμὰς
1509 4570 1819 4633 ἐπιστολάς,

234 4660 302 4713 τὰ
339 4660 445 4729 μὲν
478 4661 577 4714 ὅσα
599 4660 748 4714 ἐστὶν
774 4661 832 4714 ὲν
849 4660 1039 4723 αὐταῖς
1061 4659 1308 4730 χρήσιμά
1336 4676 1393 4712 τε
1423 4658 1517 4712 καὶ
1545 4659 1820 4727 ἀναγκαῖα

238 4752 382 4823 πρὸς
410 4751 685 4817 ἀπόδειξιν
722 4754 819 4823 τῆς
840 4752 949 4805 τῶν
987 4752 1275 4822 δογμάτων
1308 4749 1599 4821 ὀρθότητός
1632 4767 1691 4803 τε
1727 4749 1821 4803 καὶ

238 4841 552 4912 ἀκριὸείας,
591 4841 868 4906 ἐθέλοντες
906 4838 1369 4914 παρατρέχουσιν,
1422 4840 1730 4912 ἐπιπηδῶσι
1765 4840 1823 4894 δὲ

239 4935 333 4987 καὶ
354 4934 505 5004 μάλα
518 4932 736 5004 γοργῶς
771 4936 885 4998 τοῖς
911 4933 1017 4988 κᾶν
1057 4933 1188 5003 γοῦν
1216 4933 1401 5004 ἰσχνὴν
1457 4932 1669 5003 ἔχουσιν
1717 4933 1822 4985 ὑπο

239 5026 427 5093 οιίαν,
467 5025 611 5079 κατά
646 5042 709 5094 γε
730 5025 792 5079 τὸ
827 5025 1009 5089 αὐτοῖς
1036 5023 1248 5087 δοκοῦν,
1275 5024 1354 5086 είς
1384 5025 1445 5077 τὸ
1472 5022 1730 5078 δύνασθαι
1761 5022 1827 5074 δι’

243 5115 429 5168 αὐτῶν
515 5115 614 5179 τὰς
677 5114 799 5169 καθ’
871 5113 1027 5184 ἡμῶν
1108 5112 1381 5167 ποιεῖσθαι
1441 5110 1825 5180 συκοφαντίας.

246 5208 618 5278 Μεμνήσομαι
641 5205 699 5258 δὲ
724 5205 833 5259 τῶν
852 5203 1091 5276 ἐμαυτοῦ
1133 5202 1312 5275 ῥητῶν
1345 5212 1391 5256 κ.
1440 5202 1696 5273 Γέγραφα
1720 5201 1829 5271 γὰρ

248 5298 424 5362 οῦτως
464 5298 522 5349 ὲν
549 5300 617 5368 τῇ
647 5296 783 5368 πρὸς
803 5295 1097 5365 Νεστόριον
1134 5295 1391 5365 ἐπιστολῇ
1412 5308 1424 5321 ·
1446 5293 1557 5357 Τὰς
1588 5293 1645 5345 δέ
1679 5311 1740 5362 γε
1769 5295 1826 5345 ὲν

246 5393 358 5453 τοῖς
425 5389 775 5460 [εὐαγγελίοις
827 5388 920 5443 τοῦ
969 5389 1219 5458 Σωτῆρος
1277 5384 1432 5457 ἡμῶν
1478 5384 1660 5455 φωνὰς
1703 5382 1827 5437 οὔτε

1910 3275 2011 3328 rim
2038 3274 2202 3328 etiam
2236 3286 2355 3341 ego,
2383 3279 2455 3334 et,
2482 3279 2539 3324 ut
2564 3267 2779 3337 opinor,
2798 3266 3029 3336 quisque
3062 3273 3208 3320 recte
3232 3262 3509 3318 sentiens-

1908 3364 2044 3421 Nam
2079 3364 2201 3419 aliae
2226 3362 2443 3432 quidem
2475 3358 2730 3416 suntDeo
2758 3359 2955 3427 dignae,
2987 3358 3105 3411 aliae
3141 3371 3266 3410 vero
3283 3356 3507 3425 dispen-

1913 3456 2115 3513 sationi
2144 3470 2266 3509 cum
2313 3467 2480 3507 carne
2525 3451 2993 3520 congruentiores.
3020 3448 3284 3516 Quoniam
3316 3459 3499 3503 autem

1912 3560 1993 3605 est
2012 3564 2149 3603 unus
2166 3556 2221 3602 et
2237 3547 2374 3601 idem
2393 3545 2533 3601 Deus
2549 3542 2772 3598 simulet
2806 3542 2985 3606 homo,
3008 3542 3109 3595 bac
3129 3540 3335 3595 ratione
3352 3547 3509 3595 recte

1914 3640 2204 3711 aliquando
2246 3638 2443 3705 divine,
2476 3637 2765 3705 aliquando
2819 3634 3053 3688 humane
3099 3632 3336 3700 loquitur
3373 3645 3502 3685 :ve-

1918 3744 2224 3789 rumtamen
2247 3731 2405 3785 unius
2431 3728 2556 3783 Jesu
2587 3727 2785 3782 Christi
2804 3733 2856 3780 et
2885 3725 2984 3779 has
3000 3733 3054 3777 et
3071 3723 3186 3778 illas
3205 3737 3363 3777 voces
3380 3737 3516 3775 esse

1916 3825 2233 3889 asseriuius,
2259 3837 2357 3876 nec
2387 3820 2675 3875 divinitate
2709 3816 3011 3885 spoliantes
3041 3814 3324 3883 templum,
3354 3813 3496 3882 quod

1920 3930 1985 3969 ex
2018 3921 2206 3967 sancta
2236 3910 2464 3980 Virgine
2493 3917 2598 3970 est,
2628 3922 2727 3961 nec
2757 3906 2873 3959 siue
2892 3918 3062 3958 carne
3121 3911 3375 3971 putantes
3406 3900 3512 3953 Dei»

1922 4004 2099 4058 Patris
2130 4001 2361 4057 Verbum
2407 4008 2526 4068 posl
2561 3997 2885 4051 inclfabileut
2941 3995 3263 4048 nuitioueni.
3313 3991 3499 4045 Admi-
3538 4042 3541 4045 .

1924 4112 2014 4151 ror
2033 4105 2212 4150 autem
2240 4092 2405 4163 quod,
2441 4089 2686 4161 quamvis
2708 4087 2860 4141 valde
2883 4089 3099 4141 curiose
3135 4085 3499 4153 iuquireutes,

1922 4197 1998 4251 et,
2028 4196 2085 4240 ut
2135 4186 2496 4246 arbilrantur,
2548 4181 2821 4236 subtiliter
2890 4178 3266 4234 exaniiuantes
3347 4189 3501 4228 meas

1925 4278 2203 4349 epistolas,
2241 4290 2582 4346 quaecunque
2603 4273 2653 4325 in
2676 4272 2756 4326 eis
2786 4282 2912 4325 sunt
2933 4270 3083 4325 utilia
3115 4278 3168 4323 et
3197 4265 3511 4321 necessaria

1926 4368 1992 4422 ad
2021 4362 2494 4421 demonstrandam
2526 4363 2835 4429 dogiuatutn
2862 4357 3237 4412 rectitudiuem
3288 4364 3341 4407 et
3388 4353 3517 4408 dili-

1928 4460 2185 4527 gentiam,
2268 4455 2512 4510 volentes
2585 4461 2941 4522 praetereunt;
3016 4449 3262 4502 insiliunt
3322 4455 3502 4499 autem

1855 4558 1899 4616 ι)
1928 4548 2349 4620 promptissime,
2381 4544 2424 4598 si
2451 4558 2555 4612 qua
2606 4542 2737 4609 ipsis
2767 4540 2850 4594 vel
2892 4539 3173 4592 minimam
3227 4535 3505 4605 conjectus-

1932 4657 2042 4695 ram
2069 4639 2309 4710 praebere
2342 4638 2653 4699 videantur,
2686 4648 2752 4686 ex
2790 4631 2920 4701 ipsis
2938 4641 3129 4685 contra
3164 4644 3265 4684 nos
3298 4628 3505 4681 calum»

1933 4734 2051 4787 uias
2096 4730 2311 4786 contexi
2345 4742 2521 4798 posse.
2551 4725 3003 4781 Cummemurabo
3030 4733 3208 4776 autem
3276 4730 3332 4775 et
3388 4734 3505 4773 mea

1933 4826 2119 4887 verba,
2148 4837 2268 4893 qua:
2291 4822 2369 4876 sic
2399 4821 2451 4875 in
2480 4818 2707 4889 epistola
2765 4817 2831 4871 ad
2888 4815 3199 4869 Nestorium
3257 4811 3445 4879 scripsi
3485 4826 3500 4861 :

1936 4919 2105 4973 Voces
2124 4926 2300 4971 autem
2326 4914 2622 4970 Salvatoris
2653 4912 2821 4967 nostri
2850 4911 2902 4964 in
2956 4906 3281 4977 Evangeliis,
3336 4920 3520 4973 neque

1937 5009 2258 5066 substantiis
2290 5009 2519 5068 duabus,
2555 5020 2728 5072 neque
2793 5013 2942 5056 certe
2995 5001 3202 5055 duabus
3266 4995 3512 5067 personis

1936 5102 2312 5156 distribuimus
2374 5099 2505 5169 (non
2533 5098 2678 5152 enim
2712 5096 2908 5165 duplex
2934 5104 3017 5150 est
3072 5108 3211 5147 unus
3263 5100 3318 5145 ct
3364 5092 3511 5144 solus

1934 5194 2209 5259 Christus,
2236 5192 2448 5248 etiamsi
2477 5206 2543 5245 ex
2576 5190 2784 5245 duabus
2810 5198 2865 5243 et
2891 5186 3122 5242 diversis
3160 5185 3316 5239 rebus
3355 5180 3513 5236 intel-

1936 5287 2129 5353 ligatur
2165 5287 2216 5339 iu
2242 5286 2498 5338 unitatem
2520 5282 2899 5337 iudivisibilem
2929 5279 3265 5335 coaduuatus
3288 5292 3303 5341 ;
3329 5288 3514 5343 quem-

1933 5382 2219 5432 admodum
2279 5377 2487 5433 scilicet
2535 5387 2589 5431 ct
2618 5376 2777 5431 homo
2816 5389 2885 5429 ex
2910 5374 3088 5428 anima
3118 5369 3433 5439 intelligitur
3459 5377 3517 5420 et

1326 5601 1498 5657 Varia:
1525 5598 1783 5654 lectiones
1808 5611 1872 5650 ex
1905 5596 2090 5652 codice
2123 5596 2491 5666 Seguieriauo.

355 5812 384 5852 ιο
422 5808 729 5880 προσώποις
765 5808 935 5876 δυσὶν,
970 5807 1024 5877 ἡ.
1096 5815 1115 5845 ε
1148 5802 1397 5875 Υίὸνικαι
1432 5794 1889 5870 ὲκλαμὸάνεσθαι.
1954 5793 1979 5833 ἀ
2017 5794 2088 5857 ὼς
2116 5811 2223 5857 τις.
2293 5804 2315 5832 ε
2350 5794 2411 5846 οῦ
2442 5792 2756 5856 διιστάντες.
2804 5789 2911 5843 ίοῦ
2950 5787 3063 5841 δύο.
3144 5789 3169 5826 ε
3207 5786 3489 5857 ῥημάτων.
