  <div class='ocr_page' id='page_1' title='image "/cluster/home/n/w/nwhite01/storage/ocr_20150623/76/hvd.32044019207943/177.png"; bbox 0 0 4088 6462; ppageno 0'>
   <div class='ocr_carea' id='block_1_1' title="bbox 667 403 775 462">
    <p class='ocr_par' dir='ltr' id='par_1_1' title="bbox 667 403 775 462">
     <span class='ocr_line' id='line_1_1' title="bbox 667 403 775 462; baseline 0.009 -1"><span class='ocrx_word' id='word_1_1' title='bbox 667 403 775 462; x_wconf 76' lang='lat'><strong>339</strong></span> 
     </span>
    </p>
   </div>
   <div class='ocr_carea' id='block_1_2' title="bbox 1663 406 2911 466">
    <p class='ocr_par' dir='ltr' id='par_1_2' title="bbox 1663 406 2911 466">
     <span class='ocr_line' id='line_1_2' title="bbox 1663 406 2911 466; baseline 0.002 -6"><span class='ocrx_word' id='word_1_2' title='bbox 1663 406 1723 461; x_wconf 88' lang='lat' dir='ltr'><strong>S.</strong></span> <span class='ocrx_word' id='word_1_3' title='bbox 1765 407 2038 463; x_wconf 82' lang='lat' dir='ltr'><strong>CYRILLI</strong></span> <span class='ocrx_word' id='word_1_4' title='bbox 2077 408 2549 465; x_wconf 77' lang='lat' dir='ltr'><strong>ALEXANDRIM</strong></span> <span class='ocrx_word' id='word_1_5' title='bbox 2587 408 2911 466; x_wconf 80' lang='lat' dir='ltr'><strong>ARCHIEP.</strong></span> 
     </span>
    </p>
   </div>
   <div class='ocr_carea' id='block_1_3' title="bbox 3822 410 3900 465">
    <p class='ocr_par' dir='ltr' id='par_1_3' title="bbox 3822 410 3900 465">
     <span class='ocr_line' id='line_1_3' title="bbox 3822 410 3900 465; baseline -0.026 0"><span class='ocrx_word' id='word_1_6' title='bbox 3822 410 3900 465; x_wconf 76' lang='grc' dir='ltr'>5ίο</span> 
     </span>
    </p>
   </div>
   <div class='ocr_carea' id='block_1_4' title="bbox 670 522 2250 599">
    <p class='ocr_par' dir='ltr' id='par_1_4' title="bbox 670 523 2250 599">
     <span class='ocr_line' id='line_1_4' title="bbox 670 523 2250 599; baseline 0.004 -24"><span class='ocrx_word' id='word_1_7' title='bbox 670 537 919 594; x_wconf 73' lang='lat' dir='ltr'><strong>rut-pore,</strong></span> <span class='ocrx_word' id='word_1_8' title='bbox 952 532 1006 579; x_wconf 90' lang='lat' dir='ltr'><strong>et</strong></span> <span class='ocrx_word' id='word_1_9' title='bbox 1041 539 1146 580; x_wconf 91' lang='lat' dir='ltr'><strong>non</strong></span> <span class='ocrx_word' id='word_1_10' title='bbox 1172 523 1390 595; x_wconf 77' lang='lat' dir='ltr'><strong>duplex,</strong></span> <span class='ocrx_word' id='word_1_11' title='bbox 1422 526 1518 581; x_wconf 86' lang='lat' dir='ltr'><strong>sed</strong></span> <span class='ocrx_word' id='word_1_12' title='bbox 1550 527 1724 597; x_wconf 77' lang='lat' dir='ltr'><strong>magis</strong></span> <span class='ocrx_word' id='word_1_13' title='bbox 1759 541 1899 582; x_wconf 90' lang='lat' dir='ltr'><strong>unus</strong></span> <span class='ocrx_word' id='word_1_14' title='bbox 1950 527 2035 599; x_wconf 67' lang='lat' dir='ltr'><strong>(ex</strong></span> <span class='ocrx_word' id='word_1_15' title='bbox 2087 529 2250 582; x_wconf 84' lang='lat' dir='ltr'><strong>utris-</strong></span> 
     </span>
    </p>
   </div>
   <div class='ocr_carea' id='block_1_5' title="bbox 2353 522 3901 599">
    <p class='ocr_par' dir='ltr' id='par_1_5' title="bbox 2356 522 3901 599">
     <span class='ocr_line' id='line_1_5' title="bbox 2356 522 3901 599; baseline -0.005 -16"><span class='ocrx_word' id='word_1_16' title='bbox 2356 529 2690 584; x_wconf 83' lang='grc' dir='ltr'><strong>ὑποστάσεσι</strong></span> <span class='ocrx_word' id='word_1_17' title='bbox 2728 533 2902 593; x_wconf 88' lang='grc' dir='ltr'>δυσιν,</span> <span class='ocrx_word' id='word_1_18' title='bbox 2924 525 3049 581; x_wconf 77' lang='grc' dir='ltr'>οὔτε</span> <span class='ocrx_word' id='word_1_19' title='bbox 3073 525 3181 599; x_wconf 85' lang='grc' dir='ltr'><strong>μὴν</strong></span> <span class='ocrx_word' id='word_1_20' title='bbox 3210 523 3529 597; x_wconf 80' lang='grc' dir='ltr'><strong>προσώποις</strong></span> <span class='ocrx_word' id='word_1_21' title='bbox 3546 522 3671 577; x_wconf 78' lang='grc' dir='ltr'>δυσὶ</span> <span class='ocrx_word' id='word_1_22' title='bbox 3699 539 3901 594; x_wconf 70' lang='grc' dir='ltr'>καταμει</span> 
     </span>
    </p>
   </div>
   <div class='ocr_carea' id='block_1_6' title="bbox 668 616 2251 689">
    <p class='ocr_par' dir='ltr' id='par_1_6' title="bbox 668 616 2251 689">
     <span class='ocr_line' id='line_1_6' title="bbox 668 616 2251 689; baseline 0.004 -20"><span class='ocrx_word' id='word_1_23' title='bbox 668 616 819 685; x_wconf 86' lang='lat' dir='ltr'><strong>que),</strong></span> <span class='ocrx_word' id='word_1_24' title='bbox 843 617 937 673; x_wconf 89' lang='lat' dir='ltr'><strong>sed</strong></span> <span class='ocrx_word' id='word_1_25' title='bbox 974 618 1243 673; x_wconf 85' lang='lat' dir='ltr'><strong>humanas</strong></span> <span class='ocrx_word' id='word_1_26' title='bbox 1273 627 1325 672; x_wconf 89' lang='lat' dir='ltr'><strong>et</strong></span> <span class='ocrx_word' id='word_1_27' title='bbox 1353 618 1566 673; x_wconf 80' lang='lat' dir='ltr'><strong>divinas</strong></span> <span class='ocrx_word' id='word_1_28' title='bbox 1592 634 1810 689; x_wconf 90' lang='lat' dir='ltr'><strong>quoque</strong></span> <span class='ocrx_word' id='word_1_29' title='bbox 1834 621 1901 674; x_wconf 90' lang='lat' dir='ltr'><strong>ab</strong></span> <span class='ocrx_word' id='word_1_30' title='bbox 1938 636 2048 676; x_wconf 91' lang='lat' dir='ltr'><strong>uno</strong></span> <span class='ocrx_word' id='word_1_31' title='bbox 2076 621 2251 675; x_wconf 87' lang='lat' dir='ltr'><strong>dictas</strong></span> 
     </span>
    </p>
   </div>
   <div class='ocr_carea' id='block_1_7' title="bbox 668 710 2248 779">
    <p class='ocr_par' dir='ltr' id='par_1_7' title="bbox 668 710 2248 779">
     <span class='ocr_line' id='line_1_7' title="bbox 668 710 2248 779; baseline 0.004 -20"><span class='ocrx_word' id='word_1_32' title='bbox 668 717 789 763; x_wconf 83' lang='lat' dir='ltr'><strong>esse</strong></span> <span class='ocrx_word' id='word_1_33' title='bbox 814 710 1216 776; x_wconf 81' lang='lat' dir='ltr'><strong>cognoscimus,</strong></span> <span class='ocrx_word' id='word_1_34' title='bbox 1237 719 1383 765; x_wconf 88' lang='lat' dir='ltr'><strong>recte</strong></span> <span class='ocrx_word' id='word_1_35' title='bbox 1409 710 1705 779; x_wconf 73' lang='lat' dir='ltr'><strong>sapientes.</strong></span> <span class='ocrx_word' id='word_1_36' title='bbox 1733 710 1961 777; x_wconf 80' lang='lat' dir='ltr'><strong>Quando</strong></span> <span class='ocrx_word' id='word_1_37' title='bbox 1992 711 2165 777; x_wconf 90' lang='lat' dir='ltr'><strong>enim,</strong></span> <span class='ocrx_word' id='word_1_38' title='bbox 2188 721 2248 767; x_wconf 91' lang='lat' dir='ltr'><strong>ut</strong></span> 
     </span>
    </p>
   </div>
   <div class='ocr_carea' id='block_1_8' title="bbox 670 798 2254 870">
    <p class='ocr_par' dir='ltr' id='par_1_8' title="bbox 670 798 2254 870">
     <span class='ocr_line' id='line_1_8' title="bbox 670 798 2254 870; baseline 0.004 -19"><span class='ocrx_word' id='word_1_39' title='bbox 670 798 837 852; x_wconf 90' lang='lat' dir='ltr'><strong>Deum</strong></span> <span class='ocrx_word' id='word_1_40' title='bbox 870 799 1045 865; x_wconf 82' lang='lat' dir='ltr'><strong>decet,</strong></span> <span class='ocrx_word' id='word_1_41' title='bbox 1077 800 1145 855; x_wconf 92' lang='lat' dir='ltr'><strong>de</strong></span> <span class='ocrx_word' id='word_1_42' title='bbox 1175 816 1234 856; x_wconf 89' lang='lat' dir='ltr'><strong>se</strong></span> <span class='ocrx_word' id='word_1_43' title='bbox 1260 800 1501 870; x_wconf 76' lang='lat' dir='ltr'><strong>loquitur</strong></span> <span class='ocrx_word' id='word_1_44' title='bbox 1537 816 1551 853; x_wconf 88' lang='lat'><strong>:</strong></span> <span class='ocrx_word' id='word_1_45' title='bbox 1582 818 1603 855; x_wconf 76' lang='grc' dir='ltr'><strong>ι</strong></span> <span class='ocrx_word' id='word_1_46' title='bbox 1640 800 1740 867; x_wconf 88' lang='lat' dir='ltr'><strong>Qui</strong></span> <span class='ocrx_word' id='word_1_47' title='bbox 1779 802 1913 856; x_wconf 91' lang='lat' dir='ltr'><strong>vidit</strong></span> <span class='ocrx_word' id='word_1_48' title='bbox 1957 817 2065 869; x_wconf 89' lang='lat' dir='ltr'><strong>me,</strong></span> <span class='ocrx_word' id='word_1_49' title='bbox 2117 803 2254 858; x_wconf 84' lang='lat' dir='ltr'><strong>vidit</strong></span> 
     </span>
    </p>
   </div>
   <div class='ocr_carea' id='block_1_9' title="bbox 668 890 2249 964">
    <p class='ocr_par' dir='ltr' id='par_1_9' title="bbox 668 890 2249 964">
     <span class='ocr_line' id='line_1_9' title="bbox 668 890 2249 964; baseline 0.003 -21"><span class='ocrx_word' id='word_1_50' title='bbox 668 899 725 944; x_wconf 85' lang='lat' dir='ltr'><strong>et</strong></span> <span class='ocrx_word' id='word_1_51' title='bbox 778 890 996 947; x_wconf 75' lang='lat' dir='ltr'><strong>Patrem</strong></span> <span class='ocrx_word' id='word_1_52' title='bbox 1027 893 1109 959; x_wconf 80' lang='lat'><strong>&quot;;</strong></span> <span class='ocrx_word' id='word_1_53' title='bbox 1149 912 1169 945; x_wconf 74' lang='grc' dir='ltr'><strong>ι</strong></span> <span class='ocrx_word' id='word_1_54' title='bbox 1227 902 1334 948; x_wconf 88' lang='lat' dir='ltr'><strong>et:</strong></span> <span class='ocrx_word' id='word_1_55' title='bbox 1407 910 1428 946; x_wconf 79' lang='grc' dir='ltr'><strong>ι</strong></span> <span class='ocrx_word' id='word_1_56' title='bbox 1469 894 1581 964; x_wconf 73' lang='lat' dir='ltr'><strong>Ego</strong></span> <span class='ocrx_word' id='word_1_57' title='bbox 1639 902 1696 949; x_wconf 87' lang='lat' dir='ltr'><strong>et</strong></span> <span class='ocrx_word' id='word_1_58' title='bbox 1752 893 1912 949; x_wconf 86' lang='lat' dir='ltr'><strong>Pater</strong></span> <span class='ocrx_word' id='word_1_59' title='bbox 1957 911 2122 949; x_wconf 93' lang='lat' dir='ltr'><strong>unum</strong></span> <span class='ocrx_word' id='word_1_60' title='bbox 2154 910 2249 950; x_wconf 88' lang='lat' dir='ltr'><strong>su-</strong></span> 
     </span>
    </p>
   </div>
   <div class='ocr_carea' id='block_1_10' title="bbox 671 980 2252 1056">
    <p class='ocr_par' dir='ltr' id='par_1_10' title="bbox 671 980 2252 1056">
     <span class='ocr_line' id='line_1_10' title="bbox 671 980 2252 1056; baseline 0.006 -25"><span class='ocrx_word' id='word_1_61' title='bbox 671 980 882 1047; x_wconf 77' lang='lat' dir='ltr'><strong>mus”;</strong></span> <span class='ocrx_word' id='word_1_62' title='bbox 917 998 941 1035; x_wconf 76' lang='grc' dir='ltr'><strong>ι</strong></span> <span class='ocrx_word' id='word_1_63' title='bbox 983 982 1220 1037; x_wconf 83' lang='lat' dir='ltr'><strong>divinam</strong></span> <span class='ocrx_word' id='word_1_64' title='bbox 1260 982 1432 1053; x_wconf 83' lang='lat' dir='ltr'><strong>ipsius</strong></span> <span class='ocrx_word' id='word_1_65' title='bbox 1456 983 1858 1040; x_wconf 81' lang='lat' dir='ltr'><strong>etinell&#39;abilem</strong></span> <span class='ocrx_word' id='word_1_66' title='bbox 1894 984 2252 1056; x_wconf 81' lang='lat' dir='ltr'><strong>intelligimus</strong></span> 
     </span>
    </p>
   </div>
   <div class='ocr_carea' id='block_1_11' title="bbox 670 1073 2253 1147">
    <p class='ocr_par' dir='ltr' id='par_1_11' title="bbox 670 1073 2253 1147">
     <span class='ocr_line' id='line_1_11' title="bbox 670 1073 2253 1147; baseline 0.004 -23"><span class='ocrx_word' id='word_1_67' title='bbox 670 1079 945 1140; x_wconf 85' lang='lat' dir='ltr'><strong>naturam,</strong></span> <span class='ocrx_word' id='word_1_68' title='bbox 977 1073 1273 1129; x_wconf 89' lang='lat' dir='ltr'><strong>secundum</strong></span> <span class='ocrx_word' id='word_1_69' title='bbox 1307 1090 1471 1145; x_wconf 89' lang='lat' dir='ltr'><strong>quam</strong></span> <span class='ocrx_word' id='word_1_70' title='bbox 1514 1086 1597 1131; x_wconf 91' lang='lat' dir='ltr'><strong>est</strong></span> <span class='ocrx_word' id='word_1_71' title='bbox 1648 1075 1830 1131; x_wconf 84' lang='lat' dir='ltr'><strong>Patris</strong></span> <span class='ocrx_word' id='word_1_72' title='bbox 1883 1077 1987 1143; x_wconf 91' lang='lat' dir='ltr'><strong>sui,</strong></span> <span class='ocrx_word' id='word_1_73' title='bbox 2028 1086 2253 1147; x_wconf 84' lang='lat' dir='ltr'><strong>propter</strong></span> 
     </span>
    </p>
   </div>
   <div class='ocr_carea' id='block_1_12' title="bbox 670 1164 2253 1239">
    <p class='ocr_par' dir='ltr' id='par_1_12' title="bbox 670 1164 2253 1239">
     <span class='ocr_line' id='line_1_12' title="bbox 670 1164 2253 1239; baseline 0.004 -22"><span class='ocrx_word' id='word_1_74' title='bbox 670 1164 1008 1220; x_wconf 89' lang='lat' dir='ltr'><strong>identitatem</strong></span> <span class='ocrx_word' id='word_1_75' title='bbox 1042 1166 1379 1232; x_wconf 71' lang='lat' dir='ltr'><strong>substantiae,</strong></span> <span class='ocrx_word' id='word_1_76' title='bbox 1421 1177 1476 1222; x_wconf 91' lang='lat' dir='ltr'><strong>et</strong></span> <span class='ocrx_word' id='word_1_77' title='bbox 1534 1168 1709 1239; x_wconf 80' lang='lat' dir='ltr'><strong>imago</strong></span> <span class='ocrx_word' id='word_1_78' title='bbox 1755 1179 1809 1223; x_wconf 89' lang='lat' dir='ltr'><strong>et</strong></span> <span class='ocrx_word' id='word_1_79' title='bbox 1864 1170 2148 1225; x_wconf 85' lang='lat' dir='ltr'><strong>character</strong></span> <span class='ocrx_word' id='word_1_80' title='bbox 2197 1178 2253 1224; x_wconf 91' lang='lat' dir='ltr'><strong>et</strong></span> 
     </span>
    </p>
   </div>
   <div class='ocr_carea' id='block_1_13' title="bbox 670 1256 2251 1331">
    <p class='ocr_par' dir='ltr' id='par_1_13' title="bbox 670 1256 2251 1331">
     <span class='ocr_line' id='line_1_13' title="bbox 670 1256 2251 1331; baseline 0.004 -20"><span class='ocrx_word' id='word_1_81' title='bbox 670 1256 926 1325; x_wconf 85' lang='lat' dir='ltr'><strong>splendor</strong></span> <span class='ocrx_word' id='word_1_82' title='bbox 951 1258 1135 1329; x_wconf 66' lang='lat' dir='ltr'><strong>gloria:</strong></span> <span class='ocrx_word' id='word_1_83' title='bbox 1164 1259 1333 1329; x_wconf 90' lang='lat' dir='ltr'><strong>ipsius</strong></span> <span class='ocrx_word' id='word_1_84' title='bbox 1352 1262 1419 1316; x_wconf 75' lang='grc' dir='ltr'><strong>δι.</strong></span> <span class='ocrx_word' id='word_1_85' title='bbox 1441 1262 1600 1331; x_wconf 79' lang='grc'><strong>172</strong></span> <span class='ocrx_word' id='word_1_86' title='bbox 1618 1262 1838 1328; x_wconf 87' lang='lat' dir='ltr'><strong>Quando</strong></span> <span class='ocrx_word' id='word_1_87' title='bbox 1860 1272 2038 1317; x_wconf 89' lang='lat' dir='ltr'><strong>autem</strong></span> <span class='ocrx_word' id='word_1_88' title='bbox 2057 1263 2251 1317; x_wconf 82' lang='lat' dir='ltr'><strong>huma-</strong></span> 
     </span>
    </p>
   </div>
   <div class='ocr_carea' id='block_1_14' title="bbox 670 1347 2254 1427">
    <p class='ocr_par' dir='ltr' id='par_1_14' title="bbox 670 1347 2254 1427">
     <span class='ocr_line' id='line_1_14' title="bbox 670 1347 2254 1427; baseline 0.008 -27"><span class='ocrx_word' id='word_1_89' title='bbox 670 1347 861 1404; x_wconf 88' lang='lat' dir='ltr'><strong>nitatis</strong></span> <span class='ocrx_word' id='word_1_90' title='bbox 884 1365 1194 1406; x_wconf 88' lang='lat' dir='ltr'><strong>mensuram</strong></span> <span class='ocrx_word' id='word_1_91' title='bbox 1222 1354 1520 1409; x_wconf 89' lang='lat' dir='ltr'><strong>observans</strong></span> <span class='ocrx_word' id='word_1_92' title='bbox 1537 1355 1735 1410; x_wconf 66' lang='lat' dir='ltr'><strong>Judaeis</strong></span> <span class='ocrx_word' id='word_1_93' title='bbox 1764 1356 2033 1427; x_wconf 82' lang='lat' dir='ltr'><strong>loquitur:</strong></span> <span class='ocrx_word' id='word_1_94' title='bbox 2059 1376 2077 1409; x_wconf 83' lang='grc' dir='ltr'><strong>ι</strong></span> <span class='ocrx_word' id='word_1_95' title='bbox 2102 1356 2254 1413; x_wconf 86' lang='lat' dir='ltr'><strong>Nunc</strong></span> 
     </span>
    </p>
   </div>
   <div class='ocr_carea' id='block_1_15' title="bbox 670 1444 2253 1516">
    <p class='ocr_par' dir='ltr' id='par_1_15' title="bbox 670 1444 2253 1516">
     <span class='ocr_line' id='line_1_15' title="bbox 670 1444 2253 1516; baseline 0.004 -24"><span class='ocrx_word' id='word_1_96' title='bbox 670 1448 852 1494; x_wconf 86' lang='lat' dir='ltr'><strong>autem</strong></span> <span class='ocrx_word' id='word_1_97' title='bbox 889 1455 976 1496; x_wconf 89' lang='lat' dir='ltr'><strong>me</strong></span> <span class='ocrx_word' id='word_1_98' title='bbox 1005 1444 1248 1511; x_wconf 85' lang='lat' dir='ltr'><strong>quaeritis</strong></span> <span class='ocrx_word' id='word_1_99' title='bbox 1279 1445 1536 1500; x_wconf 88' lang='lat' dir='ltr'><strong>occidere</strong></span> <span class='ocrx_word' id='word_1_100' title='bbox 1566 1447 1867 1513; x_wconf 84' lang='lat' dir='ltr'><strong>hominem,</strong></span> <span class='ocrx_word' id='word_1_101' title='bbox 1926 1447 2014 1516; x_wconf 87' lang='lat' dir='ltr'><strong>qui</strong></span> <span class='ocrx_word' id='word_1_102' title='bbox 2052 1446 2253 1501; x_wconf 88' lang='lat' dir='ltr'><strong>verita-</strong></span> 
     </span>
    </p>
   </div>
   <div class='ocr_carea' id='block_1_16' title="bbox 672 1531 2255 1603">
    <p class='ocr_par' dir='ltr' id='par_1_16' title="bbox 672 1531 2255 1603">
     <span class='ocr_line' id='line_1_16' title="bbox 672 1531 2255 1603; baseline 0.006 -18"><span class='ocrx_word' id='word_1_103' title='bbox 672 1542 780 1586; x_wconf 88' lang='lat' dir='ltr'><strong>tem</strong></span> <span class='ocrx_word' id='word_1_104' title='bbox 815 1531 968 1589; x_wconf 81' lang='lat' dir='ltr'><strong>vobis</strong></span> <span class='ocrx_word' id='word_1_105' title='bbox 994 1533 1208 1592; x_wconf 87' lang='lat' dir='ltr'><strong>locutus</strong></span> <span class='ocrx_word' id='word_1_106' title='bbox 1254 1551 1376 1592; x_wconf 87' lang='lat' dir='ltr'><strong>sum</strong></span> <span class='ocrx_word' id='word_1_107' title='bbox 1428 1537 1504 1603; x_wconf 73' lang='lat'><strong>8’;</strong></span> <span class='ocrx_word' id='word_1_108' title='bbox 1552 1557 1569 1590; x_wconf 85' lang='grc'>›</span> <span class='ocrx_word' id='word_1_109' title='bbox 1632 1556 1842 1593; x_wconf 90' lang='lat' dir='ltr'><strong>rursum</strong></span> <span class='ocrx_word' id='word_1_110' title='bbox 1906 1539 2255 1595; x_wconf 89' lang='lat' dir='ltr'><strong>nihilominus</strong></span> 
     </span>
    </p>
   </div>
   <div class='ocr_carea' id='block_1_17' title="bbox 671 1625 2253 1696">
    <p class='ocr_par' dir='ltr' id='par_1_17' title="bbox 671 1625 2253 1696">
     <span class='ocr_line' id='line_1_17' title="bbox 671 1625 2253 1696; baseline 0.004 -17"><span class='ocrx_word' id='word_1_111' title='bbox 671 1625 847 1693; x_wconf 90' lang='lat' dir='ltr'><strong>ipsum</strong></span> <span class='ocrx_word' id='word_1_112' title='bbox 875 1627 927 1680; x_wconf 90' lang='lat' dir='ltr'><strong>in</strong></span> <span class='ocrx_word' id='word_1_113' title='bbox 960 1628 1275 1696; x_wconf 69' lang='lat' dir='ltr'><strong>aequalitate</strong></span> <span class='ocrx_word' id='word_1_114' title='bbox 1342 1637 1398 1685; x_wconf 89' lang='lat' dir='ltr'><strong>et</strong></span> <span class='ocrx_word' id='word_1_115' title='bbox 1446 1631 1803 1687; x_wconf 87' lang='lat' dir='ltr'><strong>similitudine</strong></span> <span class='ocrx_word' id='word_1_116' title='bbox 1860 1631 2037 1687; x_wconf 88' lang='lat' dir='ltr'><strong>Patris</strong></span> <span class='ocrx_word' id='word_1_117' title='bbox 2086 1630 2253 1686; x_wconf 91' lang='lat' dir='ltr'><strong>Deum</strong></span> 
     </span>
    </p>
   </div>
   <div class='ocr_carea' id='block_1_18' title="bbox 671 1717 2257 1791">
    <p class='ocr_par' dir='ltr' id='par_1_18' title="bbox 671 1717 2257 1791">
     <span class='ocr_line' id='line_1_18' title="bbox 671 1717 2257 1791; baseline 0.004 -19"><span class='ocrx_word' id='word_1_118' title='bbox 671 1717 932 1785; x_wconf 87' lang='lat' dir='ltr'><strong>Verbum,</strong></span> <span class='ocrx_word' id='word_1_119' title='bbox 972 1731 1027 1775; x_wconf 90' lang='lat' dir='ltr'><strong>et</strong></span> <span class='ocrx_word' id='word_1_120' title='bbox 1050 1736 1114 1775; x_wconf 78' lang='lat' dir='ltr'><strong>ex</strong></span> <span class='ocrx_word' id='word_1_121' title='bbox 1139 1721 1499 1777; x_wconf 88' lang='lat' dir='ltr'><strong>humanitatis</strong></span> <span class='ocrx_word' id='word_1_122' title='bbox 1537 1738 1648 1778; x_wconf 79' lang='lat' dir='ltr'><strong>sua:</strong></span> <span class='ocrx_word' id='word_1_123' title='bbox 1694 1726 1966 1779; x_wconf 85' lang='lat' dir='ltr'><strong>mensuris</strong></span> <span class='ocrx_word' id='word_1_124' title='bbox 2000 1724 2257 1791; x_wconf 75' lang='lat' dir='ltr'><strong>agnosci-</strong></span> 
     </span>
    </p>
   </div>
   <div class='ocr_carea' id='block_1_19' title="bbox 672 1809 2256 1886">
    <p class='ocr_par' dir='ltr' id='par_1_19' title="bbox 672 1809 2256 1886">
     <span class='ocr_line' id='line_1_19' title="bbox 672 1809 2256 1886; baseline 0.005 -23"><span class='ocrx_word' id='word_1_125' title='bbox 672 1825 815 1866; x_wconf 91' lang='lat' dir='ltr'><strong>mus.</strong></span> <span class='ocrx_word' id='word_1_126' title='bbox 845 1809 979 1865; x_wconf 86' lang='lat' dir='ltr'><strong>Nam</strong></span> <span class='ocrx_word' id='word_1_127' title='bbox 1015 1812 1058 1865; x_wconf 92' lang='lat' dir='ltr'><strong>si</strong></span> <span class='ocrx_word' id='word_1_128' title='bbox 1089 1813 1463 1867; x_wconf 83' lang='lat' dir='ltr'><strong>necessarium</strong></span> <span class='ocrx_word' id='word_1_129' title='bbox 1493 1824 1605 1869; x_wconf 82' lang='lat' dir='ltr'><strong>est-</strong></span> <span class='ocrx_word' id='word_1_130' title='bbox 1641 1818 1866 1871; x_wconf 86' lang='lat' dir='ltr'><strong>credere</strong></span> <span class='ocrx_word' id='word_1_131' title='bbox 1910 1817 2055 1886; x_wconf 87' lang='lat' dir='ltr'><strong>quod</strong></span> <span class='ocrx_word' id='word_1_132' title='bbox 2115 1815 2256 1871; x_wconf 87' lang='lat' dir='ltr'><strong>Deus</strong></span> 
     </span>
    </p>
   </div>
   <div class='ocr_carea' id='block_1_20' title="bbox 2356 610 3902 693">
    <p class='ocr_par' dir='ltr' id='par_1_20' title="bbox 2356 610 3902 693">
     <span class='ocr_line' id='line_1_20' title="bbox 2356 610 3902 693; baseline -0.005 -17"><span class='ocrx_word' id='word_1_133' title='bbox 2356 621 2581 693; x_wconf 77' lang='grc' dir='ltr'>ρίζομεν</span> <span class='ocrx_word' id='word_1_134' title='bbox 2600 638 2613 651; x_wconf 93' lang='grc'><strong>·</strong></span> <span class='ocrx_word' id='word_1_135' title='bbox 2647 621 2709 675; x_wconf 85' lang='grc' dir='ltr'><strong>οὐ</strong></span> <span class='ocrx_word' id='word_1_136' title='bbox 2749 620 2859 693; x_wconf 90' lang='grc' dir='ltr'><strong>γάρ</strong></span> <span class='ocrx_word' id='word_1_137' title='bbox 2895 620 3014 674; x_wconf 72' lang='grc' dir='ltr'>ἐστι</span> <span class='ocrx_word' id='word_1_138' title='bbox 3067 619 3291 683; x_wconf 84' lang='grc' dir='ltr'><strong>διπλοῦς</strong></span> <span class='ocrx_word' id='word_1_139' title='bbox 3319 618 3349 671; x_wconf 99' lang='lat'><strong>6</strong></span> <span class='ocrx_word' id='word_1_140' title='bbox 3373 610 3455 681; x_wconf 75' lang='grc' dir='ltr'>εἷς</span> <span class='ocrx_word' id='word_1_141' title='bbox 3485 617 3588 671; x_wconf 61' lang='grc' dir='ltr'><strong>καλ⁵</strong></span> <span class='ocrx_word' id='word_1_142' title='bbox 3625 616 3775 686; x_wconf 83' lang='grc' dir='ltr'>μόνος</span> <span class='ocrx_word' id='word_1_143' title='bbox 3800 618 3902 688; x_wconf 85' lang='grc' dir='ltr'>Χρι-</span> 
     </span>
    </p>
   </div>
   <div class='ocr_carea' id='block_1_21' title="bbox 2354 708 3903 784">
    <p class='ocr_par' dir='ltr' id='par_1_21' title="bbox 2354 708 3903 784">
     <span class='ocr_line' id='line_1_21' title="bbox 2354 708 3903 784; baseline -0.005 -16"><span class='ocrx_word' id='word_1_144' title='bbox 2354 716 2500 779; x_wconf 82' lang='grc' dir='ltr'>στὸς,</span> <span class='ocrx_word' id='word_1_145' title='bbox 2522 714 2626 769; x_wconf 79' lang='grc' dir='ltr'>κᾶν</span> <span class='ocrx_word' id='word_1_146' title='bbox 2642 714 2708 769; x_wconf 85' lang='grc' dir='ltr'>ὲκ</span> <span class='ocrx_word' id='word_1_147' title='bbox 2738 713 2831 767; x_wconf 86' lang='grc' dir='ltr'><strong>δύο</strong></span> <span class='ocrx_word' id='word_1_148' title='bbox 2843 712 3033 784; x_wconf 83' lang='grc' dir='ltr'>νοῆται</span> <span class='ocrx_word' id='word_1_149' title='bbox 3058 712 3152 765; x_wconf 72' lang='grc' dir='ltr'><strong>καὶ</strong></span> <span class='ocrx_word' id='word_1_150' title='bbox 3186 710 3461 782; x_wconf 87' lang='grc' dir='ltr'>διαφόρων</span> <span class='ocrx_word' id='word_1_151' title='bbox 3488 708 3824 781; x_wconf 80' lang='grc' dir='ltr'><strong>πραγμάτων</strong></span> <span class='ocrx_word' id='word_1_152' title='bbox 3845 712 3903 774; x_wconf 83' lang='grc' dir='ltr'>εἰς</span> 
     </span>
    </p>
   </div>
   <div class='ocr_carea' id='block_1_22' title="bbox 2353 801 3902 879">
    <p class='ocr_par' dir='ltr' id='par_1_22' title="bbox 2353 801 3902 879">
     <span class='ocr_line' id='line_1_22' title="bbox 2353 801 3902 879; baseline -0.005 -18"><span class='ocrx_word' id='word_1_153' title='bbox 2353 808 2583 879; x_wconf 79' lang='grc' dir='ltr'><strong>ἑνότητα</strong></span> <span class='ocrx_word' id='word_1_154' title='bbox 2626 806 2723 879; x_wconf 79' lang='grc' dir='ltr'><strong>τὴν</strong></span> <span class='ocrx_word' id='word_1_155' title='bbox 2784 806 3076 877; x_wconf 75' lang='grc' dir='ltr'>ἀμέριστον</span> <span class='ocrx_word' id='word_1_156' title='bbox 3138 802 3640 874; x_wconf 78' lang='grc' dir='ltr'><strong>συνενηνεγμένος·</strong></span> <span class='ocrx_word' id='word_1_157' title='bbox 3693 801 3902 872; x_wconf 80' lang='grc' dir='ltr'>καθάπερ</span> 
     </span>
    </p>
   </div>
   <div class='ocr_carea' id='block_1_23' title="bbox 2350 892 3900 971">
    <p class='ocr_par' dir='ltr' id='par_1_23' title="bbox 2350 892 3900 971">
     <span class='ocr_line' id='line_1_23' title="bbox 2350 892 3900 971; baseline -0.006 -18"><span class='ocrx_word' id='word_1_158' title='bbox 2350 899 2545 970; x_wconf 88' lang='grc' dir='ltr'>ἀμέλει</span> <span class='ocrx_word' id='word_1_159' title='bbox 2574 899 2667 952; x_wconf 81' lang='grc' dir='ltr'><strong>καὶ</strong></span> <span class='ocrx_word' id='word_1_160' title='bbox 2689 898 2975 971; x_wconf 77' lang='grc' dir='ltr'>ἄνθρωπος</span> <span class='ocrx_word' id='word_1_161' title='bbox 2997 898 3063 950; x_wconf 84' lang='grc' dir='ltr'>ὲκ</span> <span class='ocrx_word' id='word_1_162' title='bbox 3087 896 3265 968; x_wconf 83' lang='grc' dir='ltr'>ψυχῆς</span> <span class='ocrx_word' id='word_1_163' title='bbox 3284 898 3485 949; x_wconf 86' lang='grc' dir='ltr'>νοεῖται</span> <span class='ocrx_word' id='word_1_164' title='bbox 3530 892 3632 946; x_wconf 80' lang='grc' dir='ltr'><strong>καὶ</strong></span> <span class='ocrx_word' id='word_1_165' title='bbox 3664 892 3900 963; x_wconf 85' lang='grc' dir='ltr'>σώματος·</span> 
     </span>
    </p>
   </div>
   <div class='ocr_carea' id='block_1_24' title="bbox 2352 983 3901 1060">
    <p class='ocr_par' dir='ltr' id='par_1_24' title="bbox 2352 983 3901 1060">
     <span class='ocr_line' id='line_1_24' title="bbox 2352 983 3901 1060; baseline -0.005 -14"><span class='ocrx_word' id='word_1_166' title='bbox 2352 992 2448 1046; x_wconf 73' lang='grc' dir='ltr'><strong>καὶ</strong></span> <span class='ocrx_word' id='word_1_167' title='bbox 2472 992 2533 1045; x_wconf 86' lang='grc' dir='ltr'><strong>ού</strong></span> <span class='ocrx_word' id='word_1_168' title='bbox 2576 990 2801 1055; x_wconf 79' lang='grc' dir='ltr'>διπλοῦς</span> <span class='ocrx_word' id='word_1_169' title='bbox 2834 988 3055 1060; x_wconf 82' lang='grc' dir='ltr'>μᾶλλον,</span> <span class='ocrx_word' id='word_1_170' title='bbox 3104 988 3223 1043; x_wconf 77' lang='grc' dir='ltr'>ἀλλ’</span> <span class='ocrx_word' id='word_1_171' title='bbox 3259 983 3385 1051; x_wconf 72' lang='grc' dir='ltr'>εἴςὶι</span> <span class='ocrx_word' id='word_1_172' title='bbox 3423 987 3484 1051; x_wconf 79' lang='grc' dir='ltr'><strong>ἐξ</strong></span> <span class='ocrx_word' id='word_1_173' title='bbox 3517 985 3755 1056; x_wconf 80' lang='grc' dir='ltr'>ἀμφοῖν·</span> <span class='ocrx_word' id='word_1_174' title='bbox 3800 986 3901 1039; x_wconf 72' lang='grc' dir='ltr'>ἀλλὰ</span> 
     </span>
    </p>
   </div>
   <div class='ocr_carea' id='block_1_25' title="bbox 2350 1075 3902 1155">
    <p class='ocr_par' dir='ltr' id='par_1_25' title="bbox 2350 1075 3902 1155">
     <span class='ocr_line' id='line_1_25' title="bbox 2350 1075 3902 1155; baseline -0.005 -17"><span class='ocrx_word' id='word_1_175' title='bbox 2350 1084 2449 1148; x_wconf 89' lang='grc' dir='ltr'><strong>τάς</strong></span> <span class='ocrx_word' id='word_1_176' title='bbox 2481 1101 2540 1137; x_wconf 92' lang='grc' dir='ltr'><strong>τε</strong></span> <span class='ocrx_word' id='word_1_177' title='bbox 2573 1082 2942 1155; x_wconf 84' lang='grc' dir='ltr'>ἀνθρωπίνας,</span> <span class='ocrx_word' id='word_1_178' title='bbox 2989 1082 3085 1135; x_wconf 80' lang='grc' dir='ltr'><strong>καὶ</strong></span> <span class='ocrx_word' id='word_1_179' title='bbox 3122 1080 3263 1152; x_wconf 80' lang='grc' dir='ltr'>πρός</span> <span class='ocrx_word' id='word_1_180' title='bbox 3304 1097 3371 1149; x_wconf 92' lang='grc' dir='ltr'><strong>γε</strong></span> <span class='ocrx_word' id='word_1_181' title='bbox 3404 1077 3586 1147; x_wconf 80' lang='grc' dir='ltr'>τούτῳ</span> <span class='ocrx_word' id='word_1_182' title='bbox 3624 1076 3723 1139; x_wconf 83' lang='grc' dir='ltr'>τὰς</span> <span class='ocrx_word' id='word_1_183' title='bbox 3756 1075 3902 1142; x_wconf 75' lang='grc' dir='ltr'>θεῖκάς</span> 
     </span>
    </p>
   </div>
   <div class='ocr_carea' id='block_1_26' title="bbox 2352 1168 3899 1247">
    <p class='ocr_par' dir='ltr' id='par_1_26' title="bbox 2352 1168 3899 1247">
     <span class='ocr_line' id='line_1_26' title="bbox 2352 1168 3899 1247; baseline -0.001 -20"><span class='ocrx_word' id='word_1_184' title='bbox 2352 1176 2483 1246; x_wconf 80' lang='grc' dir='ltr'>παρ’</span> <span class='ocrx_word' id='word_1_185' title='bbox 2521 1174 2641 1239; x_wconf 77' lang='grc' dir='ltr'>ἑνὸς</span> <span class='ocrx_word' id='word_1_186' title='bbox 2673 1173 2947 1247; x_wconf 74' lang='grc' dir='ltr'>εἰρῆσθαι,</span> <span class='ocrx_word' id='word_1_187' title='bbox 2971 1172 3366 1243; x_wconf 88' lang='grc' dir='ltr'>διακεισόμεθα</span> <span class='ocrx_word' id='word_1_188' title='bbox 3389 1168 3720 1242; x_wconf 76' lang='grc' dir='ltr'>φρονοῦντες</span> <span class='ocrx_word' id='word_1_189' title='bbox 3746 1168 3899 1239; x_wconf 79' lang='grc' dir='ltr'>ὀρθῶς.</span> 
     </span>
    </p>
   </div>
   <div class='ocr_carea' id='block_1_27' title="bbox 2354 1260 3900 1338">
    <p class='ocr_par' dir='ltr' id='par_1_27' title="bbox 2354 1260 3900 1338">
     <span class='ocr_line' id='line_1_27' title="bbox 2354 1260 3900 1338; baseline -0.006 -16"><span class='ocrx_word' id='word_1_190' title='bbox 2354 1268 2524 1322; x_wconf 82' lang='grc' dir='ltr'>Ὅταν</span> <span class='ocrx_word' id='word_1_191' title='bbox 2568 1267 2664 1338; x_wconf 78' lang='grc' dir='ltr'><strong>μὲν</strong></span> <span class='ocrx_word' id='word_1_192' title='bbox 2703 1266 2811 1337; x_wconf 82' lang='grc' dir='ltr'>γὰρ</span> <span class='ocrx_word' id='word_1_193' title='bbox 2848 1266 3170 1338; x_wconf 82' lang='grc' dir='ltr'>θεοπρεπῶς</span> <span class='ocrx_word' id='word_1_194' title='bbox 3212 1264 3347 1335; x_wconf 82' lang='grc' dir='ltr'>λέγῃ</span> <span class='ocrx_word' id='word_1_195' title='bbox 3394 1262 3530 1333; x_wconf 77' lang='grc' dir='ltr'>περὶ</span> <span class='ocrx_word' id='word_1_196' title='bbox 3557 1260 3752 1315; x_wconf 82' lang='grc' dir='ltr'>ἑαυτοῦ</span> <span class='ocrx_word' id='word_1_197' title='bbox 3778 1278 3793 1291; x_wconf 88' lang='grc'><strong>·</strong></span> <span class='ocrx_word' id='word_1_198' title='bbox 3829 1261 3900 1313; x_wconf 78' lang='grc'><strong>(⁸0</strong></span> 
     </span>
    </p>
   </div>
   <div class='ocr_carea' id='block_1_28' title="bbox 2354 1352 3901 1432">
    <p class='ocr_par' dir='ltr' id='par_1_28' title="bbox 2354 1352 3901 1432">
     <span class='ocr_line' id='line_1_28' title="bbox 2354 1352 3901 1432; baseline -0.005 -18"><span class='ocrx_word' id='word_1_199' title='bbox 2354 1359 2614 1432; x_wconf 79' lang='grc' dir='ltr'>ἑωρακὼς</span> <span class='ocrx_word' id='word_1_200' title='bbox 2662 1359 2785 1430; x_wconf 78' lang='grc' dir='ltr'>ἐμὲ,</span> <span class='ocrx_word' id='word_1_201' title='bbox 2831 1357 3047 1430; x_wconf 80' lang='grc' dir='ltr'>ἑώρακε</span> <span class='ocrx_word' id='word_1_202' title='bbox 3078 1358 3173 1413; x_wconf 78' lang='grc' dir='ltr'><strong>τὸν</strong></span> <span class='ocrx_word' id='word_1_203' title='bbox 3204 1356 3428 1427; x_wconf 81' lang='grc' dir='ltr'>Πατέρα</span> <span class='ocrx_word' id='word_1_204' title='bbox 3448 1370 3461 1384; x_wconf 92' lang='grc'><strong>·</strong></span> <span class='ocrx_word' id='word_1_205' title='bbox 3488 1373 3509 1405; x_wconf 71' lang='grc' dir='ltr'><strong>ι</strong></span> <span class='ocrx_word' id='word_1_206' title='bbox 3560 1352 3658 1407; x_wconf 70' lang='grc' dir='ltr'><strong>καὶ</strong></span> <span class='ocrx_word' id='word_1_207' title='bbox 3677 1390 3696 1419; x_wconf 92' lang='grc'><strong>,</strong></span> <span class='ocrx_word' id='word_1_208' title='bbox 3752 1371 3769 1405; x_wconf 82' lang='grc' dir='ltr'><strong>ι</strong></span> <span class='ocrx_word' id='word_1_209' title='bbox 3796 1354 3901 1422; x_wconf 83' lang='grc' dir='ltr'><strong>Ἐγὼ</strong></span> 
     </span>
    </p>
   </div>
   <div class='ocr_carea' id='block_1_29' title="bbox 2354 1445 3901 1524">
    <p class='ocr_par' dir='ltr' id='par_1_29' title="bbox 2354 1445 3901 1524">
     <span class='ocr_line' id='line_1_29' title="bbox 2354 1445 3901 1524; baseline -0.006 -17"><span class='ocrx_word' id='word_1_210' title='bbox 2354 1455 2450 1508; x_wconf 70' lang='grc' dir='ltr'><strong>καὶ</strong></span> <span class='ocrx_word' id='word_1_211' title='bbox 2473 1455 2501 1506; x_wconf 88' lang='grc' dir='ltr'>ὁ</span> <span class='ocrx_word' id='word_1_212' title='bbox 2533 1452 2722 1524; x_wconf 78' lang='grc' dir='ltr'>Πατὴρ</span> <span class='ocrx_word' id='word_1_213' title='bbox 2754 1452 2812 1504; x_wconf 76' lang='grc' dir='ltr'>ἓν</span> <span class='ocrx_word' id='word_1_214' title='bbox 2850 1452 3053 1522; x_wconf 73' lang='grc' dir='ltr'>ἐσμεν·</span> <span class='ocrx_word' id='word_1_215' title='bbox 3082 1469 3101 1503; x_wconf 74' lang='grc' dir='ltr'><strong>ι</strong></span> <span class='ocrx_word' id='word_1_216' title='bbox 3130 1449 3231 1522; x_wconf 82' lang='grc' dir='ltr'>τὴν</span> <span class='ocrx_word' id='word_1_217' title='bbox 3266 1449 3415 1503; x_wconf 90' lang='grc' dir='ltr'>θείαν</span> <span class='ocrx_word' id='word_1_218' title='bbox 3447 1446 3624 1501; x_wconf 80' lang='grc' dir='ltr'>αὐτοῦ</span> <span class='ocrx_word' id='word_1_219' title='bbox 3650 1445 3742 1500; x_wconf 78' lang='grc' dir='ltr'>καὶ</span> <span class='ocrx_word' id='word_1_220' title='bbox 3765 1446 3901 1517; x_wconf 77' lang='grc' dir='ltr'>ἀπόρ-</span> 
     </span>
    </p>
   </div>
   <div class='ocr_carea' id='block_1_30' title="bbox 2358 1538 3900 1618">
    <p class='ocr_par' dir='ltr' id='par_1_30' title="bbox 2358 1538 3900 1618">
     <span class='ocr_line' id='line_1_30' title="bbox 2358 1538 3900 1618; baseline -0.004 -19"><span class='ocrx_word' id='word_1_221' title='bbox 2358 1550 2519 1618; x_wconf 81' lang='grc' dir='ltr'>ρητον</span> <span class='ocrx_word' id='word_1_222' title='bbox 2559 1543 2846 1614; x_wconf 78' lang='grc' dir='ltr'>ἐννοοῦμεν</span> <span class='ocrx_word' id='word_1_223' title='bbox 2892 1542 3076 1613; x_wconf 86' lang='grc' dir='ltr'>φύσιν,</span> <span class='ocrx_word' id='word_1_224' title='bbox 3123 1541 3245 1596; x_wconf 87' lang='grc' dir='ltr'>καθ’</span> <span class='ocrx_word' id='word_1_225' title='bbox 3296 1542 3364 1613; x_wconf 83' lang='grc' dir='ltr'>ἧν</span> <span class='ocrx_word' id='word_1_226' title='bbox 3422 1542 3551 1594; x_wconf 77' lang='grc' dir='ltr'>ἐστι</span> <span class='ocrx_word' id='word_1_227' title='bbox 3592 1541 3612 1581; x_wconf 81' lang='grc' dir='ltr'><strong>ί</strong></span> <span class='ocrx_word' id='word_1_228' title='bbox 3666 1538 3792 1610; x_wconf 77' lang='grc' dir='ltr'>πρὸς</span> <span class='ocrx_word' id='word_1_229' title='bbox 3834 1540 3900 1593; x_wconf 73' lang='grc' dir='ltr'>τὸν</span> 
     </span>
    </p>
   </div>
   <div class='ocr_carea' id='block_1_31' title="bbox 2356 1630 3900 1709">
    <p class='ocr_par' dir='ltr' id='par_1_31' title="bbox 2356 1630 3900 1709">
     <span class='ocr_line' id='line_1_31' title="bbox 2356 1630 3900 1709; baseline -0.007 -16"><span class='ocrx_word' id='word_1_230' title='bbox 2356 1637 2576 1709; x_wconf 82' lang='grc' dir='ltr'>Πατέρα</span> <span class='ocrx_word' id='word_1_231' title='bbox 2620 1636 2713 1689; x_wconf 81' lang='grc' dir='ltr'><strong>τὸν</strong></span> <span class='ocrx_word' id='word_1_232' title='bbox 2755 1635 2951 1690; x_wconf 72' lang='grc' dir='ltr'>ἑαυτοῦ</span> <span class='ocrx_word' id='word_1_233' title='bbox 2998 1635 3085 1688; x_wconf 86' lang='grc' dir='ltr'>διὰ</span> <span class='ocrx_word' id='word_1_234' title='bbox 3132 1634 3232 1705; x_wconf 85' lang='grc' dir='ltr'>τὴν</span> <span class='ocrx_word' id='word_1_235' title='bbox 3273 1632 3603 1704; x_wconf 84' lang='grc' dir='ltr'>ταυτότηταῖ</span> <span class='ocrx_word' id='word_1_236' title='bbox 3621 1631 3720 1701; x_wconf 76' lang='grc' dir='ltr'><strong>τῆς</strong></span> <span class='ocrx_word' id='word_1_237' title='bbox 3759 1630 3900 1694; x_wconf 80' lang='grc' dir='ltr'>οὐσίας</span> 
     </span>
    </p>
   </div>
   <div class='ocr_carea' id='block_1_32' title="bbox 2356 1721 3900 1798">
    <p class='ocr_par' dir='ltr' id='par_1_32' title="bbox 2356 1721 3900 1798">
     <span class='ocr_line' id='line_1_32' title="bbox 2356 1721 3900 1798; baseline -0.006 -15"><span class='ocrx_word' id='word_1_238' title='bbox 2356 1729 2522 1783; x_wconf 88' lang='grc' dir='ltr'>είκών</span> <span class='ocrx_word' id='word_1_239' title='bbox 2561 1745 2623 1782; x_wconf 89' lang='grc' dir='ltr'><strong>τε</strong></span> <span class='ocrx_word' id='word_1_240' title='bbox 2652 1728 2747 1781; x_wconf 73' lang='grc' dir='ltr'><strong>καὶ</strong></span> <span class='ocrx_word' id='word_1_241' title='bbox 2781 1725 3090 1798; x_wconf 80' lang='grc' dir='ltr'>χαρακτὴρ,</span> <span class='ocrx_word' id='word_1_242' title='bbox 3123 1725 3221 1779; x_wconf 79' lang='grc' dir='ltr'><strong>καὶ</strong></span> <span class='ocrx_word' id='word_1_243' title='bbox 3268 1722 3626 1793; x_wconf 79' lang='grc' dir='ltr'>ἀπαύγασμα</span> <span class='ocrx_word' id='word_1_244' title='bbox 3661 1722 3753 1793; x_wconf 82' lang='grc' dir='ltr'>τῆς</span> <span class='ocrx_word' id='word_1_245' title='bbox 3782 1721 3900 1792; x_wconf 68' lang='grc' dir='ltr'>δόξης</span> 
     </span>
    </p>
   </div>
   <div class='ocr_carea' id='block_1_33' title="bbox 2357 1814 3900 1891">
    <p class='ocr_par' dir='ltr' id='par_1_33' title="bbox 2357 1814 3900 1891">
     <span class='ocr_line' id='line_1_33' title="bbox 2357 1814 3900 1891; baseline -0.006 -14"><span class='ocrx_word' id='word_1_246' title='bbox 2357 1821 2724 1877; x_wconf 85' lang='grc' dir='ltr'>αὑτοῦ.Ὄταν</span> <span class='ocrx_word' id='word_1_247' title='bbox 2771 1820 2830 1874; x_wconf 84' lang='grc' dir='ltr'>δὲ</span> <span class='ocrx_word' id='word_1_248' title='bbox 2876 1819 2938 1873; x_wconf 82' lang='grc' dir='ltr'><strong>τὸ</strong></span> <span class='ocrx_word' id='word_1_249' title='bbox 2969 1820 3071 1890; x_wconf 83' lang='grc' dir='ltr'>τῆς</span> <span class='ocrx_word' id='word_1_250' title='bbox 3118 1818 3550 1891; x_wconf 87' lang='grc' dir='ltr'>ἀνθρωπότητος</span> <span class='ocrx_word' id='word_1_251' title='bbox 3607 1815 3794 1886; x_wconf 80' lang='grc' dir='ltr'>μέτρον</span> <span class='ocrx_word' id='word_1_252' title='bbox 3831 1814 3900 1867; x_wconf 74' lang='grc' dir='ltr'><strong>οὐκ</strong></span> 
     </span>
    </p>
   </div>
   <div class='ocr_carea' id='block_1_34' title="bbox 670 1893 2250 1988">
    <p class='ocr_par' dir='ltr' id='par_1_34' title="bbox 670 1907 2247 1980">
     <span class='ocr_line' id='line_1_34' title="bbox 670 1907 2247 1980; baseline 0.003 -19"><span class='ocrx_word' id='word_1_253' title='bbox 670 1907 940 1962; x_wconf 84' lang='lat' dir='ltr'><strong>exsistens</strong></span> <span class='ocrx_word' id='word_1_254' title='bbox 983 1915 1177 1962; x_wconf 88' lang='lat' dir='ltr'><strong>natura</strong></span> <span class='ocrx_word' id='word_1_255' title='bbox 1229 1908 1432 1964; x_wconf 84' lang='lat' dir='ltr'><strong>factum</strong></span> <span class='ocrx_word' id='word_1_256' title='bbox 1468 1919 1552 1964; x_wconf 89' lang='lat' dir='ltr'><strong>est</strong></span> <span class='ocrx_word' id='word_1_257' title='bbox 1594 1925 1722 1964; x_wconf 86' lang='lat' dir='ltr'><strong>caro</strong></span> <span class='ocrx_word' id='word_1_258' title='bbox 1747 1952 1761 1975; x_wconf 88' lang='lat'><strong>,</strong></span> <span class='ocrx_word' id='word_1_259' title='bbox 1806 1914 1908 1966; x_wconf 93' lang='lat' dir='ltr'><strong>hoc</strong></span> <span class='ocrx_word' id='word_1_260' title='bbox 1950 1920 2035 1966; x_wconf 90' lang='lat' dir='ltr'><strong>est</strong></span> <span class='ocrx_word' id='word_1_261' title='bbox 2053 1912 2247 1980; x_wconf 70' lang='grc' dir='ltr'>ίιιοιιιο,</span> 
     </span>
    </p>
   </div>
   <div class='ocr_carea' id='block_1_35' title="bbox 2353 1893 3897 1988">
    <p class='ocr_par' dir='ltr' id='par_1_35' title="bbox 2356 1906 3897 1988">
     <span class='ocr_line' id='line_1_35' title="bbox 2356 1906 3897 1988; baseline -0.007 -17"><span class='ocrx_word' id='word_1_262' title='bbox 2356 1914 2659 1988; x_wconf 80' lang='grc' dir='ltr'>ἀτιμάζων,</span> <span class='ocrx_word' id='word_1_263' title='bbox 2712 1916 2827 1977; x_wconf 89' lang='grc' dir='ltr'>τοῖς</span> <span class='ocrx_word' id='word_1_264' title='bbox 2870 1913 3149 1977; x_wconf 81' lang='grc' dir='ltr'>Ἰουδαίοις</span> <span class='ocrx_word' id='word_1_265' title='bbox 3196 1910 3516 1983; x_wconf 81' lang='grc' dir='ltr'>προσλαλῇ·</span> <span class='ocrx_word' id='word_1_266' title='bbox 3574 1927 3594 1961; x_wconf 79' lang='grc' dir='ltr'><strong>ι</strong></span> <span class='ocrx_word' id='word_1_267' title='bbox 3621 1907 3733 1961; x_wconf 90' lang='grc' dir='ltr'>Νῦν</span> <span class='ocrx_word' id='word_1_268' title='bbox 3767 1906 3815 1961; x_wconf 83' lang='grc' dir='ltr'><strong>δέ</strong></span> <span class='ocrx_word' id='word_1_269' title='bbox 3853 1924 3897 1977; x_wconf 79' lang='grc' dir='ltr'><strong>με</strong></span> 
     </span>
    </p>
   </div>
   <div class='ocr_carea' id='block_1_36' title="bbox 668 1995 2256 2069">
    <p class='ocr_par' dir='ltr' id='par_1_36' title="bbox 668 1995 2256 2069">
     <span class='ocr_line' id='line_1_36' title="bbox 668 1995 2256 2069; baseline 0.006 -24"><span class='ocrx_word' id='word_1_270' title='bbox 668 2007 835 2047; x_wconf 87' lang='lat' dir='ltr'><strong>carne</strong></span> <span class='ocrx_word' id='word_1_271' title='bbox 872 1995 1111 2050; x_wconf 89' lang='lat' dir='ltr'><strong>animata</strong></span> <span class='ocrx_word' id='word_1_272' title='bbox 1145 1997 1326 2052; x_wconf 88' lang='lat' dir='ltr'><strong>anima</strong></span> <span class='ocrx_word' id='word_1_273' title='bbox 1358 1997 1616 2053; x_wconf 87' lang='lat' dir='ltr'><strong>rationali</strong></span> <span class='ocrx_word' id='word_1_274' title='bbox 1652 2016 1664 2051; x_wconf 90' lang='lat'>:</span> <span class='ocrx_word' id='word_1_275' title='bbox 1705 2001 1953 2069; x_wconf 74' lang='lat' dir='ltr'><strong>quamam</strong></span> <span class='ocrx_word' id='word_1_276' title='bbox 1985 2002 2123 2057; x_wconf 83' lang='lat' dir='ltr'><strong>ratio</strong></span> <span class='ocrx_word' id='word_1_277' title='bbox 2174 2000 2256 2055; x_wconf 83' lang='lat' dir='ltr'><strong>le-</strong></span> 
     </span>
    </p>
   </div>
   <div class='ocr_carea' id='block_1_37' title="bbox 669 2087 2253 2159">
    <p class='ocr_par' dir='ltr' id='par_1_37' title="bbox 669 2087 2253 2159">
     <span class='ocr_line' id='line_1_37' title="bbox 669 2087 2253 2159; baseline 0.006 -22"><span class='ocrx_word' id='word_1_278' title='bbox 669 2094 774 2150; x_wconf 89' lang='lat' dir='ltr'><strong>rat,</strong></span> <span class='ocrx_word' id='word_1_279' title='bbox 800 2094 858 2139; x_wconf 91' lang='lat' dir='ltr'><strong>ut</strong></span> <span class='ocrx_word' id='word_1_280' title='bbox 886 2087 1009 2155; x_wconf 90' lang='lat' dir='ltr'><strong>quis</strong></span> <span class='ocrx_word' id='word_1_281' title='bbox 1032 2103 1191 2144; x_wconf 84' lang='lat' dir='ltr'><strong>voces</strong></span> <span class='ocrx_word' id='word_1_282' title='bbox 1217 2090 1334 2159; x_wconf 84' lang='lat' dir='ltr'><strong>ejus</strong></span> <span class='ocrx_word' id='word_1_283' title='bbox 1389 2090 1702 2155; x_wconf 87' lang='lat' dir='ltr'><strong>erubescat,</strong></span> <span class='ocrx_word' id='word_1_284' title='bbox 1742 2092 1789 2145; x_wconf 91' lang='lat' dir='ltr'><strong>si</strong></span> <span class='ocrx_word' id='word_1_285' title='bbox 1819 2092 1973 2147; x_wconf 71' lang='lat' dir='ltr'><strong>facta:</strong></span> <span class='ocrx_word' id='word_1_286' title='bbox 2001 2102 2126 2148; x_wconf 91' lang='lat' dir='ltr'><strong>sunt</strong></span> <span class='ocrx_word' id='word_1_287' title='bbox 2162 2094 2253 2147; x_wconf 86' lang='lat' dir='ltr'><strong>ho-</strong></span> 
     </span>
    </p>
   </div>
   <div class='ocr_carea' id='block_1_38' title="bbox 668 2174 2251 2252">
    <p class='ocr_par' dir='ltr' id='par_1_38' title="bbox 668 2174 2251 2252">
     <span class='ocr_line' id='line_1_38' title="bbox 668 2174 2251 2252; baseline 0.006 -24"><span class='ocrx_word' id='word_1_288' title='bbox 668 2174 800 2230; x_wconf 83' lang='lat' dir='ltr'><strong>mini</strong></span> <span class='ocrx_word' id='word_1_289' title='bbox 835 2181 1228 2249; x_wconf 80' lang='lat' dir='ltr'><strong>congruentes?</strong></span> <span class='ocrx_word' id='word_1_290' title='bbox 1255 2181 1391 2235; x_wconf 88' lang='lat' dir='ltr'><strong>Nam</strong></span> <span class='ocrx_word' id='word_1_291' title='bbox 1421 2181 1465 2236; x_wconf 90' lang='lat' dir='ltr'><strong>si</strong></span> <span class='ocrx_word' id='word_1_292' title='bbox 1498 2192 1769 2251; x_wconf 81' lang='lat' dir='ltr'><strong>respueret</strong></span> <span class='ocrx_word' id='word_1_293' title='bbox 1835 2198 2116 2237; x_wconf 87' lang='lat' dir='ltr'><strong>sermones</strong></span> <span class='ocrx_word' id='word_1_294' title='bbox 2159 2183 2251 2252; x_wconf 88' lang='lat' dir='ltr'><strong>qui</strong></span> 
     </span>
    </p>
   </div>
   <div class='ocr_carea' id='block_1_39' title="bbox 668 2263 2254 2340">
    <p class='ocr_par' dir='ltr' id='par_1_39' title="bbox 668 2263 2254 2340">
     <span class='ocr_line' id='line_1_39' title="bbox 668 2263 2254 2340; baseline 0.005 -22"><span class='ocrx_word' id='word_1_295' title='bbox 668 2263 981 2322; x_wconf 86' lang='lat' dir='ltr'><strong>hominibus</strong></span> <span class='ocrx_word' id='word_1_296' title='bbox 1006 2281 1336 2337; x_wconf 85' lang='lat' dir='ltr'><strong>congruunt,</strong></span> <span class='ocrx_word' id='word_1_297' title='bbox 1368 2272 1491 2340; x_wconf 90' lang='lat' dir='ltr'><strong>quis</strong></span> <span class='ocrx_word' id='word_1_298' title='bbox 1526 2272 1790 2339; x_wconf 88' lang='lat' dir='ltr'><strong>compulit</strong></span> <span class='ocrx_word' id='word_1_299' title='bbox 1820 2283 1877 2325; x_wconf 92' lang='lat' dir='ltr'><strong>ut</strong></span> <span class='ocrx_word' id='word_1_300' title='bbox 1907 2274 2067 2328; x_wconf 88' lang='lat' dir='ltr'><strong>homo</strong></span> <span class='ocrx_word' id='word_1_301' title='bbox 2097 2273 2254 2328; x_wconf 83' lang='lat' dir='ltr'><strong>ﬁeret</strong></span> 
     </span>
    </p>
   </div>
   <div class='ocr_carea' id='block_1_40' title="bbox 666 2356 2249 2434">
    <p class='ocr_par' dir='ltr' id='par_1_40' title="bbox 666 2356 2249 2434">
     <span class='ocr_line' id='line_1_40' title="bbox 666 2356 2249 2434; baseline 0.005 -23"><span class='ocrx_word' id='word_1_302' title='bbox 666 2356 862 2413; x_wconf 83' lang='lat' dir='ltr'><strong>similis</strong></span> <span class='ocrx_word' id='word_1_303' title='bbox 882 2360 1075 2415; x_wconf 77' lang='lat' dir='ltr'><strong>nobis?</strong></span> <span class='ocrx_word' id='word_1_304' title='bbox 1122 2362 1221 2429; x_wconf 90' lang='lat' dir='ltr'><strong>Qui</strong></span> <span class='ocrx_word' id='word_1_305' title='bbox 1254 2372 1435 2416; x_wconf 88' lang='lat' dir='ltr'><strong>autem</strong></span> <span class='ocrx_word' id='word_1_306' title='bbox 1469 2378 1528 2417; x_wconf 90' lang='lat' dir='ltr'><strong>se</strong></span> <span class='ocrx_word' id='word_1_307' title='bbox 1558 2362 1779 2416; x_wconf 81' lang='lat' dir='ltr'><strong>demisit</strong></span> <span class='ocrx_word' id='word_1_308' title='bbox 1812 2377 2036 2434; x_wconf 88' lang='lat' dir='ltr'><strong>propter</strong></span> <span class='ocrx_word' id='word_1_309' title='bbox 2069 2381 2168 2420; x_wconf 92' lang='lat' dir='ltr'><strong>nos</strong></span> <span class='ocrx_word' id='word_1_310' title='bbox 2193 2366 2249 2419; x_wconf 93' lang='lat' dir='ltr'><strong>in</strong></span> 
     </span>
    </p>
   </div>
   <div class='ocr_carea' id='block_1_41' title="bbox 665 2451 2247 2526">
    <p class='ocr_par' dir='ltr' id='par_1_41' title="bbox 665 2451 2247 2526">
     <span class='ocr_line' id='line_1_41' title="bbox 665 2451 2247 2526; baseline 0.005 -24"><span class='ocrx_word' id='word_1_311' title='bbox 665 2451 1026 2506; x_wconf 82' lang='lat' dir='ltr'><strong>voluntariam</strong></span> <span class='ocrx_word' id='word_1_312' title='bbox 1050 2456 1502 2520; x_wconf 81' lang='lat' dir='ltr'><strong>exinanitionem,</strong></span> <span class='ocrx_word' id='word_1_313' title='bbox 1534 2465 1754 2525; x_wconf 86' lang='lat' dir='ltr'><strong>propter</strong></span> <span class='ocrx_word' id='word_1_314' title='bbox 1800 2472 1962 2526; x_wconf 89' lang='lat' dir='ltr'><strong>quam</strong></span> <span class='ocrx_word' id='word_1_315' title='bbox 2026 2472 2247 2512; x_wconf 87' lang='lat' dir='ltr'><strong>causam</strong></span> 
     </span>
    </p>
   </div>
   <div class='ocr_carea' id='block_1_42' title="bbox 668 2549 2253 2612">
    <p class='ocr_par' dir='ltr' id='par_1_42' title="bbox 668 2549 2253 2612">
     <span class='ocr_line' id='line_1_42' title="bbox 668 2549 2253 2612; baseline 0.005 -17"><span class='ocrx_word' id='word_1_316' title='bbox 668 2554 951 2612; x_wconf 89' lang='lat' dir='ltr'><strong>respueret</strong></span> <span class='ocrx_word' id='word_1_317' title='bbox 979 2560 1262 2603; x_wconf 87' lang='lat' dir='ltr'><strong>sermones</strong></span> <span class='ocrx_word' id='word_1_318' title='bbox 1293 2563 1409 2602; x_wconf 68' lang='lat' dir='ltr'><strong>sum</strong></span> <span class='ocrx_word' id='word_1_319' title='bbox 1436 2550 1805 2604; x_wconf 84' lang='lat' dir='ltr'><strong>exinanitioni</strong></span> <span class='ocrx_word' id='word_1_320' title='bbox 1834 2549 2253 2604; x_wconf 82' lang='lat' dir='ltr'><strong>convenientes?</strong></span> 
     </span>
    </p>
   </div>
   <div class='ocr_carea' id='block_1_43' title="bbox 667 2633 2254 2710">
    <p class='ocr_par' dir='ltr' id='par_1_43' title="bbox 667 2633 2254 2710">
     <span class='ocr_line' id='line_1_43' title="bbox 667 2633 2254 2710; baseline 0.005 -23"><span class='ocrx_word' id='word_1_321' title='bbox 667 2633 836 2705; x_wconf 82' lang='lat' dir='ltr'><strong>lgitur</strong></span> <span class='ocrx_word' id='word_1_322' title='bbox 861 2638 952 2691; x_wconf 89' lang='lat' dir='ltr'><strong>uni</strong></span> <span class='ocrx_word' id='word_1_323' title='bbox 986 2654 1232 2708; x_wconf 67' lang='lat' dir='ltr'><strong>personae</strong></span> <span class='ocrx_word' id='word_1_324' title='bbox 1252 2655 1443 2697; x_wconf 90' lang='lat' dir='ltr'><strong>omnes</strong></span> <span class='ocrx_word' id='word_1_325' title='bbox 1476 2641 1715 2695; x_wconf 84' lang='lat' dir='ltr'><strong>vocesin</strong></span> <span class='ocrx_word' id='word_1_326' title='bbox 1760 2640 2087 2710; x_wconf 79' lang='lat' dir='ltr'><strong>Evangeliis,</strong></span> <span class='ocrx_word' id='word_1_327' title='bbox 2124 2642 2254 2696; x_wconf 84' lang='lat' dir='ltr'><strong>sub-</strong></span> 
     </span>
    </p>
   </div>
   <div class='ocr_carea' id='block_1_44' title="bbox 666 2728 2253 2801">
    <p class='ocr_par' dir='ltr' id='par_1_44' title="bbox 666 2728 2253 2801">
     <span class='ocr_line' id='line_1_44' title="bbox 666 2728 2253 2801; baseline 0.005 -20"><span class='ocrx_word' id='word_1_328' title='bbox 666 2728 952 2795; x_wconf 68' lang='lat' dir='ltr'><strong>sistentire,</strong></span> <span class='ocrx_word' id='word_1_329' title='bbox 991 2730 1237 2801; x_wconf 91' lang='lat' dir='ltr'><strong>inquam,</strong></span> <span class='ocrx_word' id='word_1_330' title='bbox 1271 2733 1365 2788; x_wconf 91' lang='lat' dir='ltr'><strong>uni</strong></span> <span class='ocrx_word' id='word_1_331' title='bbox 1398 2732 1565 2788; x_wconf 90' lang='lat' dir='ltr'><strong>Verbi</strong></span> <span class='ocrx_word' id='word_1_332' title='bbox 1620 2731 1889 2787; x_wconf 87' lang='lat' dir='ltr'><strong>incarnati</strong></span> <span class='ocrx_word' id='word_1_333' title='bbox 1949 2733 2253 2789; x_wconf 58' lang='lat' dir='ltr'><strong>tribuendas</strong></span> 
     </span>
    </p>
   </div>
   <div class='ocr_carea' id='block_1_45' title="bbox 666 2820 2254 2892">
    <p class='ocr_par' dir='ltr' id='par_1_45' title="bbox 666 2820 2254 2892">
     <span class='ocr_line' id='line_1_45' title="bbox 666 2820 2254 2892; baseline 0.002 -17"><span class='ocrx_word' id='word_1_334' title='bbox 666 2828 792 2875; x_wconf 89' lang='lat' dir='ltr'><strong>sunt</strong></span> <span class='ocrx_word' id='word_1_335' title='bbox 848 2820 1131 2892; x_wconf 84' lang='lat' dir='ltr'><strong>(Dominus</strong></span> <span class='ocrx_word' id='word_1_336' title='bbox 1165 2825 1310 2879; x_wconf 90' lang='lat' dir='ltr'><strong>enim</strong></span> <span class='ocrx_word' id='word_1_337' title='bbox 1368 2839 1512 2880; x_wconf 87' lang='lat' dir='ltr'><strong>unus</strong></span> <span class='ocrx_word' id='word_1_338' title='bbox 1547 2823 1708 2880; x_wconf 79' lang='lat' dir='ltr'><strong>Jesus</strong></span> <span class='ocrx_word' id='word_1_339' title='bbox 1743 2823 2017 2888; x_wconf 89' lang='lat' dir='ltr'><strong>Christus,</strong></span> <span class='ocrx_word' id='word_1_340' title='bbox 2059 2840 2254 2880; x_wconf 88' lang='lat' dir='ltr'><strong>secun-</strong></span> 
     </span>
    </p>
   </div>
   <div class='ocr_carea' id='block_1_46' title="bbox 667 2906 2253 2985">
    <p class='ocr_par' dir='ltr' id='par_1_46' title="bbox 667 2906 2253 2985">
     <span class='ocr_line' id='line_1_46' title="bbox 667 2906 2253 2985; baseline 0.003 -21"><span class='ocrx_word' id='word_1_341' title='bbox 667 2911 790 2964; x_wconf 91' lang='lat' dir='ltr'><strong>dum</strong></span> <span class='ocrx_word' id='word_1_342' title='bbox 820 2906 1179 2985; x_wconf 89' lang='lat' dir='ltr'><strong>Scripturas).</strong></span> <span class='ocrx_word' id='word_1_343' title='bbox 1220 2913 1410 2985; x_wconf 83' lang='lat' dir='ltr'><strong>Igitur,</strong></span> <span class='ocrx_word' id='word_1_344' title='bbox 1439 2924 1702 2984; x_wconf 89' lang='lat' dir='ltr'><strong>quantum</strong></span> <span class='ocrx_word' id='word_1_345' title='bbox 1732 2929 1795 2970; x_wconf 83' lang='lat' dir='ltr'><strong>ex</strong></span> <span class='ocrx_word' id='word_1_346' title='bbox 1822 2930 1933 2982; x_wconf 70' lang='lat' dir='ltr'><strong>1am</strong></span> <span class='ocrx_word' id='word_1_347' title='bbox 1972 2925 2097 2970; x_wconf 91' lang='lat' dir='ltr'><strong>ante</strong></span> <span class='ocrx_word' id='word_1_348' title='bbox 2123 2917 2253 2971; x_wconf 88' lang='lat' dir='ltr'><strong>scri-</strong></span> 
     </span>
    </p>
   </div>
   <div class='ocr_carea' id='block_1_47' title="bbox 667 3002 2251 3076">
    <p class='ocr_par' dir='ltr' id='par_1_47' title="bbox 667 3002 2251 3076">
     <span class='ocr_line' id='line_1_47' title="bbox 667 3002 2251 3076; baseline 0.004 -22"><span class='ocrx_word' id='word_1_349' title='bbox 667 3002 795 3071; x_wconf 86' lang='lat' dir='ltr'><strong>ptis,</strong></span> <span class='ocrx_word' id='word_1_350' title='bbox 827 3020 930 3059; x_wconf 89' lang='lat' dir='ltr'><strong>non</strong></span> <span class='ocrx_word' id='word_1_351' title='bbox 964 3005 1245 3074; x_wconf 84' lang='lat' dir='ltr'><strong>ignorasse</strong></span> <span class='ocrx_word' id='word_1_352' title='bbox 1293 3004 1752 3075; x_wconf 89' lang='lat' dir='ltr'><strong>deprehendimur</strong></span> <span class='ocrx_word' id='word_1_353' title='bbox 1770 3007 2251 3076; x_wconf 86' lang='lat' dir='ltr'><strong>dispensationem,</strong></span> 
     </span>
    </p>
   </div>
   <div class='ocr_carea' id='block_1_48' title="bbox 664 3097 2251 3171">
    <p class='ocr_par' dir='ltr' id='par_1_48' title="bbox 664 3097 2251 3171">
     <span class='ocr_line' id='line_1_48' title="bbox 664 3097 2251 3171; baseline 0.004 -25"><span class='ocrx_word' id='word_1_354' title='bbox 664 3103 721 3146; x_wconf 89' lang='lat' dir='ltr'><strong>et</strong></span> <span class='ocrx_word' id='word_1_355' title='bbox 751 3110 877 3149; x_wconf 84' lang='lat' dir='ltr'><strong>suas</strong></span> <span class='ocrx_word' id='word_1_356' title='bbox 912 3097 1198 3166; x_wconf 89' lang='lat' dir='ltr'><strong>utriusque</strong></span> <span class='ocrx_word' id='word_1_357' title='bbox 1222 3107 1430 3154; x_wconf 70' lang='lat' dir='ltr'><strong>naturae</strong></span> <span class='ocrx_word' id='word_1_358' title='bbox 1462 3103 1751 3165; x_wconf 81' lang='lat' dir='ltr'><strong>voces,sed</strong></span> <span class='ocrx_word' id='word_1_359' title='bbox 1785 3103 1965 3171; x_wconf 91' lang='lat' dir='ltr'><strong>potius</strong></span> <span class='ocrx_word' id='word_1_360' title='bbox 2000 3115 2105 3155; x_wconf 91' lang='lat' dir='ltr'><strong>non</strong></span> <span class='ocrx_word' id='word_1_361' title='bbox 2128 3116 2251 3171; x_wconf 91' lang='lat' dir='ltr'><strong>per-</strong></span> 
     </span>
    </p>
   </div>
   <div class='ocr_carea' id='block_1_49' title="bbox 2357 1997 3899 2078">
    <p class='ocr_par' dir='ltr' id='par_1_49' title="bbox 2357 1997 3899 2078">
     <span class='ocr_line' id='line_1_49' title="bbox 2357 1997 3899 2078; baseline -0.008 -18"><span class='ocrx_word' id='word_1_362' title='bbox 2357 2006 2569 2078; x_wconf 82' lang='grc' dir='ltr'>ζητεῖτε</span> <span class='ocrx_word' id='word_1_363' title='bbox 2597 2005 2917 2059; x_wconf 86' lang='grc' dir='ltr'>ἀποκτεῖναι</span> <span class='ocrx_word' id='word_1_364' title='bbox 2976 2002 3283 2073; x_wconf 79' lang='grc' dir='ltr'>ἄνθρωπον,</span> <span class='ocrx_word' id='word_1_365' title='bbox 3319 2000 3378 2065; x_wconf 84' lang='grc' dir='ltr'>ὃς</span> <span class='ocrx_word' id='word_1_366' title='bbox 3410 2001 3516 2071; x_wconf 84' lang='grc' dir='ltr'>τὴν</span> <span class='ocrx_word' id='word_1_367' title='bbox 3543 1998 3787 2069; x_wconf 87' lang='grc' dir='ltr'>ἀλήθειαν</span> <span class='ocrx_word' id='word_1_368' title='bbox 3809 1997 3899 2066; x_wconf 71' lang='grc' dir='ltr'>ὑμῖν</span> 
     </span>
    </p>
   </div>
   <div class='ocr_carea' id='block_1_50' title="bbox 2356 2086 3900 2167">
    <p class='ocr_par' dir='ltr' id='par_1_50' title="bbox 2356 2086 3900 2167">
     <span class='ocr_line' id='line_1_50' title="bbox 2356 2086 3900 2167; baseline -0.006 -16"><span class='ocrx_word' id='word_1_369' title='bbox 2356 2097 2631 2167; x_wconf 83' lang='grc' dir='ltr'>λελάληκα</span> <span class='ocrx_word' id='word_1_370' title='bbox 2659 2113 2673 2128; x_wconf 95' lang='grc'><strong>·</strong></span> <span class='ocrx_word' id='word_1_371' title='bbox 2710 2114 2728 2147; x_wconf 86' lang='grc'><strong>›</strong></span> <span class='ocrx_word' id='word_1_372' title='bbox 2768 2096 2930 2150; x_wconf 81' lang='grc' dir='ltr'>πάλιν</span> <span class='ocrx_word' id='word_1_373' title='bbox 2959 2094 3111 2147; x_wconf 83' lang='grc' dir='ltr'>οὐδὲν</span> <span class='ocrx_word' id='word_1_374' title='bbox 3145 2086 3308 2164; x_wconf 83' lang='grc' dir='ltr'>ἦττον</span> <span class='ocrx_word' id='word_1_375' title='bbox 3338 2091 3505 2145; x_wconf 80' lang='grc' dir='ltr'>αὐτὸν</span> <span class='ocrx_word' id='word_1_376' title='bbox 3538 2091 3632 2144; x_wconf 83' lang='grc' dir='ltr'><strong>τὸν</strong></span> <span class='ocrx_word' id='word_1_377' title='bbox 3662 2090 3717 2144; x_wconf 81' lang='grc' dir='ltr'>ὲν</span> <span class='ocrx_word' id='word_1_378' title='bbox 3742 2088 3900 2157; x_wconf 72' lang='grc' dir='ltr'>ἰσότητί</span> 
     </span>
    </p>
   </div>
   <div class='ocr_carea' id='block_1_51' title="bbox 2355 2180 3897 2259">
    <p class='ocr_par' dir='ltr' id='par_1_51' title="bbox 2355 2180 3897 2259">
     <span class='ocr_line' id='line_1_51' title="bbox 2355 2180 3897 2259; baseline -0.008 -17"><span class='ocrx_word' id='word_1_379' title='bbox 2355 2206 2415 2242; x_wconf 89' lang='grc' dir='ltr'><strong>τε</strong></span> <span class='ocrx_word' id='word_1_380' title='bbox 2446 2188 2537 2242; x_wconf 72' lang='grc' dir='ltr'><strong>καὶ</strong></span> <span class='ocrx_word' id='word_1_381' title='bbox 2561 2188 2841 2259; x_wconf 85' lang='grc' dir='ltr'>ὁμοιότητι</span> <span class='ocrx_word' id='word_1_382' title='bbox 2867 2184 2963 2240; x_wconf 87' lang='grc' dir='ltr'><strong>τοῦ</strong></span> <span class='ocrx_word' id='word_1_383' title='bbox 2991 2183 3206 2256; x_wconf 84' lang='grc' dir='ltr'>Πατρδς</span> <span class='ocrx_word' id='word_1_384' title='bbox 3237 2183 3370 2237; x_wconf 81' lang='grc' dir='ltr'>Θεὸν</span> <span class='ocrx_word' id='word_1_385' title='bbox 3400 2182 3601 2250; x_wconf 83' lang='grc' dir='ltr'>Λόγον,</span> <span class='ocrx_word' id='word_1_386' title='bbox 3626 2183 3717 2234; x_wconf 69' lang='grc' dir='ltr'><strong>καὶ</strong></span> <span class='ocrx_word' id='word_1_387' title='bbox 3742 2182 3798 2232; x_wconf 81' lang='grc' dir='ltr'><strong>ἐκ</strong></span> <span class='ocrx_word' id='word_1_388' title='bbox 3822 2180 3897 2232; x_wconf 80' lang='grc' dir='ltr'><strong>τῶν</strong></span> 
     </span>
    </p>
   </div>
   <div class='ocr_carea' id='block_1_52' title="bbox 2356 2268 3897 2351">
    <p class='ocr_par' dir='ltr' id='par_1_52' title="bbox 2356 2268 3897 2351">
     <span class='ocr_line' id='line_1_52' title="bbox 2356 2268 3897 2351; baseline -0.008 -18"><span class='ocrx_word' id='word_1_389' title='bbox 2356 2283 2455 2351; x_wconf 83' lang='grc' dir='ltr'><strong>τῆς</strong></span> <span class='ocrx_word' id='word_1_390' title='bbox 2484 2279 2905 2350; x_wconf 83' lang='grc' dir='ltr'>ἀνθρωπότητος</span> <span class='ocrx_word' id='word_1_391' title='bbox 2937 2276 3104 2330; x_wconf 81' lang='grc' dir='ltr'>αὑτοῦ</span> <span class='ocrx_word' id='word_1_392' title='bbox 3135 2274 3350 2346; x_wconf 88' lang='grc' dir='ltr'>μέτρων</span> <span class='ocrx_word' id='word_1_393' title='bbox 3391 2269 3831 2341; x_wconf 78' lang='grc' dir='ltr'>ὲπιγινώσκομεν.</span> <span class='ocrx_word' id='word_1_394' title='bbox 3853 2268 3897 2321; x_wconf 74' lang='lat' dir='ltr'><strong>Ei</strong></span> 
     </span>
    </p>
   </div>
   <div class='ocr_carea' id='block_1_53' title="bbox 2356 2361 3899 2441">
    <p class='ocr_par' dir='ltr' id='par_1_53' title="bbox 2356 2361 3899 2441">
     <span class='ocr_line' id='line_1_53' title="bbox 2356 2361 3899 2441; baseline -0.006 -17"><span class='ocrx_word' id='word_1_395' title='bbox 2356 2372 2465 2441; x_wconf 77' lang='grc' dir='ltr'><strong>γάρ</strong></span> <span class='ocrx_word' id='word_1_396' title='bbox 2497 2370 2646 2423; x_wconf 77' lang='grc' dir='ltr'>ἐστιν</span> <span class='ocrx_word' id='word_1_397' title='bbox 2692 2370 2990 2437; x_wconf 88' lang='grc' dir='ltr'>ἀναγκαῖον</span> <span class='ocrx_word' id='word_1_398' title='bbox 3036 2366 3100 2420; x_wconf 78' lang='grc' dir='ltr'><strong>τὸ</strong></span> <span class='ocrx_word' id='word_1_399' title='bbox 3140 2365 3441 2430; x_wconf 83' lang='grc' dir='ltr'>πιστεύειν,</span> <span class='ocrx_word' id='word_1_400' title='bbox 3479 2365 3565 2418; x_wconf 85' lang='grc' dir='ltr'>ὅτι</span> <span class='ocrx_word' id='word_1_401' title='bbox 3594 2363 3719 2425; x_wconf 80' lang='grc' dir='ltr'>Θεὸς</span> <span class='ocrx_word' id='word_1_402' title='bbox 3742 2361 3805 2415; x_wconf 81' lang='grc' dir='ltr'><strong>ὢν</strong></span> <span class='ocrx_word' id='word_1_403' title='bbox 3829 2361 3899 2430; x_wconf 65' lang='grc' dir='ltr'><strong>φῦ-</strong></span> 
     </span>
    </p>
   </div>
   <div class='ocr_carea' id='block_1_54' title="bbox 2360 2452 3898 2532">
    <p class='ocr_par' dir='ltr' id='par_1_54' title="bbox 2360 2452 3898 2532">
     <span class='ocr_line' id='line_1_54' title="bbox 2360 2452 3898 2532; baseline -0.001 -16"><span class='ocrx_word' id='word_1_404' title='bbox 2360 2481 2470 2530; x_wconf 89' lang='grc' dir='ltr'>σει,</span> <span class='ocrx_word' id='word_1_405' title='bbox 2523 2462 2721 2532; x_wconf 89' lang='grc' dir='ltr'>γέγονε</span> <span class='ocrx_word' id='word_1_406' title='bbox 2769 2459 2941 2532; x_wconf 83' lang='grc' dir='ltr'>σὰρξ,</span> <span class='ocrx_word' id='word_1_407' title='bbox 2994 2460 3164 2531; x_wconf 72' lang='grc' dir='ltr'>ἤγουν</span> <span class='ocrx_word' id='word_1_408' title='bbox 3215 2458 3529 2529; x_wconf 79' lang='grc' dir='ltr'>ἄνθρωπος,</span> <span class='ocrx_word' id='word_1_409' title='bbox 3555 2452 3898 2527; x_wconf 74' lang='grc' dir='ltr'>ἐμψυχωμένης</span> 
     </span>
    </p>
   </div>
   <div class='ocr_carea' id='block_1_55' title="bbox 2355 2544 3897 2627">
    <p class='ocr_par' dir='ltr' id='par_1_55' title="bbox 2355 2544 3897 2627">
     <span class='ocr_line' id='line_1_55' title="bbox 2355 2544 3897 2627; baseline -0.008 -18"><span class='ocrx_word' id='word_1_410' title='bbox 2355 2556 2501 2627; x_wconf 75' lang='grc' dir='ltr'>ψυχῇ</span> <span class='ocrx_word' id='word_1_411' title='bbox 2532 2556 2725 2627; x_wconf 79' lang='grc' dir='ltr'>λογικῇ</span> <span class='ocrx_word' id='word_1_412' title='bbox 2760 2554 2861 2625; x_wconf 83' lang='grc' dir='ltr'>τῆς</span> <span class='ocrx_word' id='word_1_413' title='bbox 2900 2551 3137 2623; x_wconf 83' lang='grc' dir='ltr'>σαρκός·</span> <span class='ocrx_word' id='word_1_414' title='bbox 3175 2549 3364 2604; x_wconf 81' lang='grc' dir='ltr'>ποῖονὶ</span> <span class='ocrx_word' id='word_1_415' title='bbox 3427 2550 3499 2604; x_wconf 83' lang='grc' dir='ltr'><strong>ἀν</strong></span> <span class='ocrx_word' id='word_1_416' title='bbox 3544 2548 3657 2619; x_wconf 84' lang='grc' dir='ltr'>ἔχοι</span> <span class='ocrx_word' id='word_1_417' title='bbox 3700 2547 3830 2615; x_wconf 87' lang='grc' dir='ltr'>λόγον</span> <span class='ocrx_word' id='word_1_418' title='bbox 3852 2544 3897 2597; x_wconf 68' lang='grc' dir='ltr'>τὸ</span> 
     </span>
    </p>
   </div>
   <div class='ocr_carea' id='block_1_56' title="bbox 2357 2637 3895 2719">
    <p class='ocr_par' dir='ltr' id='par_1_56' title="bbox 2357 2637 3895 2719">
     <span class='ocr_line' id='line_1_56' title="bbox 2357 2637 3895 2719; baseline -0.008 -17"><span class='ocrx_word' id='word_1_419' title='bbox 2357 2647 2778 2719; x_wconf 83' lang='grc' dir='ltr'>ὲπαισχύνεσθαί</span> <span class='ocrx_word' id='word_1_420' title='bbox 2794 2663 2914 2700; x_wconf 89' lang='grc' dir='ltr'>τινα</span> <span class='ocrx_word' id='word_1_421' title='bbox 2933 2648 3054 2709; x_wconf 91' lang='grc' dir='ltr'>ταῖς</span> <span class='ocrx_word' id='word_1_422' title='bbox 3072 2645 3204 2716; x_wconf 83' lang='grc' dir='ltr'>παρ’</span> <span class='ocrx_word' id='word_1_423' title='bbox 3220 2643 3385 2699; x_wconf 85' lang='grc' dir='ltr'>αὐτοῦ</span> <span class='ocrx_word' id='word_1_424' title='bbox 3409 2644 3643 2713; x_wconf 81' lang='grc' dir='ltr'>φωναῖς,</span> <span class='ocrx_word' id='word_1_425' title='bbox 3664 2640 3709 2692; x_wconf 82' lang='grc' dir='ltr'><strong>εί</strong></span> <span class='ocrx_word' id='word_1_426' title='bbox 3722 2637 3895 2710; x_wconf 73' lang='grc' dir='ltr'>γεγόνα-</span> 
     </span>
    </p>
   </div>
   <div class='ocr_carea' id='block_1_57' title="bbox 2359 2728 3895 2813">
    <p class='ocr_par' dir='ltr' id='par_1_57' title="bbox 2359 2728 3895 2813">
     <span class='ocr_line' id='line_1_57' title="bbox 2359 2728 3895 2813; baseline -0.008 -18"><span class='ocrx_word' id='word_1_427' title='bbox 2359 2758 2443 2795; x_wconf 92' lang='grc' dir='ltr'><strong>σιν</strong></span> <span class='ocrx_word' id='word_1_428' title='bbox 2467 2739 2986 2813; x_wconf 82' lang='grc' dir='ltr'>ἀνθρωποπρεπῶς;</span> <span class='ocrx_word' id='word_1_429' title='bbox 3021 2737 3087 2791; x_wconf 79' lang='grc' dir='ltr'><strong>Εἰ</strong></span> <span class='ocrx_word' id='word_1_430' title='bbox 3121 2736 3232 2807; x_wconf 82' lang='grc' dir='ltr'>γὰρ</span> <span class='ocrx_word' id='word_1_431' title='bbox 3264 2738 3571 2808; x_wconf 76' lang='grc' dir='ltr'>παρῃτεῖτο</span> <span class='ocrx_word' id='word_1_432' title='bbox 3594 2735 3713 2796; x_wconf 70' lang='grc' dir='ltr'>τοὺς</span> <span class='ocrx_word' id='word_1_433' title='bbox 3737 2728 3895 2801; x_wconf 75' lang='grc' dir='ltr'>ἀνθρὼο</span> 
     </span>
    </p>
   </div>
   <div class='ocr_carea' id='block_1_58' title="bbox 2358 2820 3897 2904">
    <p class='ocr_par' dir='ltr' id='par_1_58' title="bbox 2358 2820 3897 2904">
     <span class='ocr_line' id='line_1_58' title="bbox 2358 2820 3897 2904; baseline -0.008 -17"><span class='ocrx_word' id='word_1_434' title='bbox 2358 2851 2446 2904; x_wconf 83' lang='grc' dir='ltr'>πῳ</span> <span class='ocrx_word' id='word_1_435' title='bbox 2475 2834 2782 2904; x_wconf 86' lang='grc' dir='ltr'>πρέποντας</span> <span class='ocrx_word' id='word_1_436' title='bbox 2803 2830 3016 2899; x_wconf 86' lang='grc' dir='ltr'>λόγους,</span> <span class='ocrx_word' id='word_1_437' title='bbox 3041 2829 3123 2894; x_wconf 89' lang='grc' dir='ltr'><strong>τίς</strong></span> <span class='ocrx_word' id='word_1_438' title='bbox 3146 2832 3173 2882; x_wconf 89' lang='lat'><strong>6</strong></span> <span class='ocrx_word' id='word_1_439' title='bbox 3196 2828 3523 2897; x_wconf 84' lang='grc' dir='ltr'>ἀναγκάσας</span> <span class='ocrx_word' id='word_1_440' title='bbox 3544 2824 3781 2895; x_wconf 84' lang='grc' dir='ltr'>γενέσθαι</span> <span class='ocrx_word' id='word_1_441' title='bbox 3800 2820 3897 2875; x_wconf 80' lang='grc' dir='ltr'>καθ’</span> 
     </span>
    </p>
   </div>
   <div class='ocr_carea' id='block_1_59' title="bbox 2356 2917 3895 2996">
    <p class='ocr_par' dir='ltr' id='par_1_59' title="bbox 2356 2917 3895 2996">
     <span class='ocr_line' id='line_1_59' title="bbox 2356 2917 3895 2996; baseline 0.001 -18"><span class='ocrx_word' id='word_1_442' title='bbox 2356 2927 2505 2996; x_wconf 77' lang='grc' dir='ltr'>ἡμᾶς</span> <span class='ocrx_word' id='word_1_443' title='bbox 2547 2924 2875 2995; x_wconf 84' lang='grc' dir='ltr'>ἀνθρωπον;</span> <span class='ocrx_word' id='word_1_444' title='bbox 2920 2922 2977 2977; x_wconf 87' lang='grc'><strong>’0</strong></span> <span class='ocrx_word' id='word_1_445' title='bbox 3009 2922 3065 2975; x_wconf 81' lang='grc' dir='ltr'>δὲ</span> <span class='ocrx_word' id='word_1_446' title='bbox 3100 2921 3290 2985; x_wconf 76' lang='grc' dir='ltr'>καθεὶς</span> <span class='ocrx_word' id='word_1_447' title='bbox 3336 2920 3536 2973; x_wconf 77' lang='grc' dir='ltr'>ἑαυτὸν</span> <span class='ocrx_word' id='word_1_448' title='bbox 3585 2919 3652 2972; x_wconf 83' lang='grc' dir='ltr'>δι’</span> <span class='ocrx_word' id='word_1_449' title='bbox 3681 2918 3807 2988; x_wconf 75' lang='grc' dir='ltr'>ἡμᾶς</span> <span class='ocrx_word' id='word_1_450' title='bbox 3840 2917 3895 2978; x_wconf 68' lang='grc' dir='ltr'><strong>εἰς</strong></span> 
     </span>
    </p>
   </div>
   <div class='ocr_carea' id='block_1_60' title="bbox 2358 3008 3895 3083">
    <p class='ocr_par' dir='ltr' id='par_1_60' title="bbox 2358 3008 3895 3083">
     <span class='ocr_line' id='line_1_60' title="bbox 2358 3008 3895 3083; baseline -0.008 -12"><span class='ocrx_word' id='word_1_451' title='bbox 2358 3018 2605 3073; x_wconf 79' lang='grc' dir='ltr'>ἑκούσιον</span> <span class='ocrx_word' id='word_1_452' title='bbox 2657 3016 2910 3082; x_wconf 77' lang='grc' dir='ltr'>κένωσιν,</span> <span class='ocrx_word' id='word_1_453' title='bbox 2940 3013 3031 3069; x_wconf 84' lang='grc' dir='ltr'><strong>διὰ</strong></span> <span class='ocrx_word' id='word_1_454' title='bbox 3078 3014 3241 3067; x_wconf 86' lang='grc' dir='ltr'>ποίαν</span> <span class='ocrx_word' id='word_1_455' title='bbox 3297 3013 3489 3068; x_wconf 84' lang='grc' dir='ltr'>αἰτίαν</span> <span class='ocrx_word' id='word_1_456' title='bbox 3543 3012 3815 3083; x_wconf 75' lang='grc' dir='ltr'>παρῃτεῖτο</span> <span class='ocrx_word' id='word_1_457' title='bbox 3850 3008 3895 3061; x_wconf 82' lang='grc' dir='ltr'>ἂν</span> 
     </span>
    </p>
   </div>
   <div class='ocr_carea' id='block_1_61' title="bbox 2355 3099 3894 3182">
    <p class='ocr_par' dir='ltr' id='par_1_61' title="bbox 2355 3099 3894 3182">
     <span class='ocr_line' id='line_1_61' title="bbox 2355 3099 3894 3182; baseline -0.01 -15"><span class='ocrx_word' id='word_1_458' title='bbox 2355 3116 2484 3176; x_wconf 78' lang='grc' dir='ltr'>τοὺς</span> <span class='ocrx_word' id='word_1_459' title='bbox 2528 3114 2593 3182; x_wconf 80' lang='grc' dir='ltr'>τῇ</span> <span class='ocrx_word' id='word_1_460' title='bbox 2629 3109 2858 3164; x_wconf 80' lang='grc' dir='ltr'>κενώσει</span> <span class='ocrx_word' id='word_1_461' title='bbox 2906 3108 3219 3179; x_wconf 88' lang='grc' dir='ltr'>πρέποντας</span> <span class='ocrx_word' id='word_1_462' title='bbox 3247 3105 3443 3174; x_wconf 81' lang='grc' dir='ltr'>λόγους</span> <span class='ocrx_word' id='word_1_463' title='bbox 3472 3120 3490 3172; x_wconf 87' lang='grc'>;</span> <span class='ocrx_word' id='word_1_464' title='bbox 3532 3104 3646 3157; x_wconf 78' lang='grc' dir='ltr'><strong>Ἐνὶ</strong></span> <span class='ocrx_word' id='word_1_465' title='bbox 3666 3099 3894 3171; x_wconf 75' lang='grc' dir='ltr'>τοιγαροῦν</span> 
     </span>
    </p>
   </div>
   <div class='ocr_carea' id='block_1_62' title="bbox 668 3188 2250 3292">
    <p class='ocr_par' dir='ltr' id='par_1_62' title="bbox 668 3188 2250 3262">
     <span class='ocr_line' id='line_1_62' title="bbox 668 3188 2250 3262; baseline 0.003 -21"><span class='ocrx_word' id='word_1_466' title='bbox 668 3188 885 3244; x_wconf 85' lang='lat' dir='ltr'><strong>mittere</strong></span> <span class='ocrx_word' id='word_1_467' title='bbox 939 3190 1289 3257; x_wconf 87' lang='lat' dir='ltr'><strong>animalibus,</strong></span> <span class='ocrx_word' id='word_1_468' title='bbox 1350 3202 1403 3247; x_wconf 92' lang='lat' dir='ltr'><strong>et</strong></span> <span class='ocrx_word' id='word_1_469' title='bbox 1448 3193 1698 3262; x_wconf 89' lang='lat' dir='ltr'><strong>spiritum</strong></span> <span class='ocrx_word' id='word_1_470' title='bbox 1745 3211 1849 3250; x_wconf 93' lang='lat' dir='ltr'><strong>non</strong></span> <span class='ocrx_word' id='word_1_471' title='bbox 1896 3195 2250 3259; x_wconf 81' lang='lat' dir='ltr'><strong>habentibus,</strong></span> 
     </span>
    </p>
   </div>
   <div class='ocr_carea' id='block_1_63' title="bbox 2353 3188 3894 3292">
    <p class='ocr_par' dir='ltr' id='par_1_63' title="bbox 2368 3192 3894 3279">
     <span class='ocr_line' id='line_1_63' title="bbox 2368 3192 3894 3279; baseline -0.01 -20"><span class='ocrx_word' id='word_1_472' title='bbox 2368 3204 2645 3279; x_wconf 84' lang='grc' dir='ltr'>προσώπῳ</span> <span class='ocrx_word' id='word_1_473' title='bbox 2676 3202 2776 3267; x_wconf 83' lang='grc' dir='ltr'>τὰς</span> <span class='ocrx_word' id='word_1_474' title='bbox 2810 3204 2869 3255; x_wconf 81' lang='grc' dir='ltr'>ὲν</span> <span class='ocrx_word' id='word_1_475' title='bbox 2900 3203 3015 3265; x_wconf 86' lang='grc' dir='ltr'>τοῖς</span> <span class='ocrx_word' id='word_1_476' title='bbox 3048 3198 3403 3269; x_wconf 87' lang='grc' dir='ltr'>Εὑαγγελίοις</span> <span class='ocrx_word' id='word_1_477' title='bbox 3442 3197 3632 3261; x_wconf 85' lang='grc' dir='ltr'>πάσας</span> <span class='ocrx_word' id='word_1_478' title='bbox 3666 3192 3894 3249; x_wconf 77' lang='grc' dir='ltr'>ἀναθετέον</span> 
     </span>
    </p>
   </div>
   <div class='ocr_carea' id='block_1_64' title="bbox 667 3282 2245 3352">
    <p class='ocr_par' dir='ltr' id='par_1_64' title="bbox 667 3282 2245 3352">
     <span class='ocr_line' id='line_1_64' title="bbox 667 3282 2245 3352; baseline 0.004 -18"><span class='ocrx_word' id='word_1_479' title='bbox 667 3282 805 3336; x_wconf 91' lang='lat' dir='ltr'><strong>duos</strong></span> <span class='ocrx_word' id='word_1_480' title='bbox 826 3282 1072 3352; x_wconf 74' lang='lat' dir='ltr'><strong>cogitare</strong></span> <span class='ocrx_word' id='word_1_481' title='bbox 1101 3283 1183 3338; x_wconf 88' lang='lat' dir='ltr'><strong>vel</strong></span> <span class='ocrx_word' id='word_1_482' title='bbox 1208 3285 1388 3340; x_wconf 87' lang='lat' dir='ltr'><strong>dicere</strong></span> <span class='ocrx_word' id='word_1_483' title='bbox 1417 3286 1601 3351; x_wconf 85' lang='lat' dir='ltr'><strong>Filios,</strong></span> <span class='ocrx_word' id='word_1_484' title='bbox 1636 3288 1709 3341; x_wconf 88' lang='lat' dir='ltr'><strong>ita</strong></span> <span class='ocrx_word' id='word_1_485' title='bbox 1740 3297 1799 3341; x_wconf 94' lang='lat' dir='ltr'><strong>ut</strong></span> <span class='ocrx_word' id='word_1_486' title='bbox 1823 3288 2070 3342; x_wconf 90' lang='lat' dir='ltr'><strong>dividant</strong></span> <span class='ocrx_word' id='word_1_487' title='bbox 2099 3290 2245 3342; x_wconf 84' lang='lat' dir='ltr'><strong>inter</strong></span> 
     </span>
    </p>
   </div>
   <div class='ocr_carea' id='block_1_65' title="bbox 666 3373 2240 3446">
    <p class='ocr_par' dir='ltr' id='par_1_65' title="bbox 666 3373 2240 3446">
     <span class='ocr_line' id='line_1_65' title="bbox 666 3373 2240 3446; baseline 0.004 -19"><span class='ocrx_word' id='word_1_488' title='bbox 666 3386 727 3427; x_wconf 85' lang='lat' dir='ltr'><strong>se</strong></span> <span class='ocrx_word' id='word_1_489' title='bbox 772 3373 1159 3430; x_wconf 89' lang='lat' dir='ltr'><strong>subsistentias</strong></span> <span class='ocrx_word' id='word_1_490' title='bbox 1208 3387 1329 3446; x_wconf 87' lang='lat' dir='ltr'><strong>post</strong></span> <span class='ocrx_word' id='word_1_491' title='bbox 1368 3378 1689 3433; x_wconf 90' lang='lat' dir='ltr'><strong>indivulsam</strong></span> <span class='ocrx_word' id='word_1_492' title='bbox 1751 3380 2073 3434; x_wconf 89' lang='lat' dir='ltr'><strong>unitionem.</strong></span> <span class='ocrx_word' id='word_1_493' title='bbox 2130 3380 2240 3434; x_wconf 90' lang='lat' dir='ltr'><strong>Sed</strong></span> 
     </span>
    </p>
   </div>
   <div class='ocr_carea' id='block_1_66' title="bbox 665 3464 2246 3540">
    <p class='ocr_par' dir='ltr' id='par_1_66' title="bbox 665 3464 2246 3540">
     <span class='ocr_line' id='line_1_66' title="bbox 665 3464 2246 3540; baseline 0.005 -24"><span class='ocrx_word' id='word_1_494' title='bbox 665 3464 796 3534; x_wconf 88' lang='lat' dir='ltr'><strong>quia</strong></span> <span class='ocrx_word' id='word_1_495' title='bbox 830 3480 1019 3534; x_wconf 89' lang='lat' dir='ltr'><strong>parum</strong></span> <span class='ocrx_word' id='word_1_496' title='bbox 1053 3466 1183 3537; x_wconf 89' lang='lat' dir='ltr'><strong>quid</strong></span> <span class='ocrx_word' id='word_1_497' title='bbox 1208 3483 1273 3522; x_wconf 78' lang='lat' dir='ltr'><strong>ex</strong></span> <span class='ocrx_word' id='word_1_498' title='bbox 1335 3480 1519 3524; x_wconf 89' lang='lat' dir='ltr'><strong>nostra</strong></span> <span class='ocrx_word' id='word_1_499' title='bbox 1580 3470 1809 3540; x_wconf 84' lang='lat' dir='ltr'><strong>cpistola</strong></span> <span class='ocrx_word' id='word_1_500' title='bbox 1844 3479 2147 3538; x_wconf 90' lang='lat' dir='ltr'><strong>posuerunt</strong></span> <span class='ocrx_word' id='word_1_501' title='bbox 2193 3471 2246 3524; x_wconf 89' lang='lat' dir='ltr'><strong>in</strong></span> 
     </span>
    </p>
   </div>
   <div class='ocr_carea' id='block_1_67' title="bbox 667 3555 2245 3628">
    <p class='ocr_par' dir='ltr' id='par_1_67' title="bbox 667 3555 2245 3628">
     <span class='ocr_line' id='line_1_67' title="bbox 667 3555 2245 3628; baseline 0.006 -20"><span class='ocrx_word' id='word_1_502' title='bbox 667 3555 941 3626; x_wconf 88' lang='lat' dir='ltr'><strong>principio</strong></span> <span class='ocrx_word' id='word_1_503' title='bbox 1001 3573 1223 3614; x_wconf 91' lang='lat' dir='ltr'><strong>suorum</strong></span> <span class='ocrx_word' id='word_1_504' title='bbox 1293 3575 1630 3626; x_wconf 82' lang='lat' dir='ltr'><strong>sermonum,</strong></span> <span class='ocrx_word' id='word_1_505' title='bbox 1661 3570 1718 3615; x_wconf 91' lang='lat' dir='ltr'><strong>et</strong></span> <span class='ocrx_word' id='word_1_506' title='bbox 1772 3562 2245 3628; x_wconf 88' lang='lat' dir='ltr'><strong>minanturnobis,</strong></span> 
     </span>
    </p>
   </div>
   <div class='ocr_carea' id='block_1_68' title="bbox 666 3648 2251 3723">
    <p class='ocr_par' dir='ltr' id='par_1_68' title="bbox 666 3648 2251 3723">
     <span class='ocr_line' id='line_1_68' title="bbox 666 3648 2251 3723; baseline 0.006 -24"><span class='ocrx_word' id='word_1_507' title='bbox 666 3650 811 3714; x_wconf 88' lang='lat' dir='ltr'><strong>quod</strong></span> <span class='ocrx_word' id='word_1_508' title='bbox 851 3648 903 3702; x_wconf 91' lang='lat' dir='ltr'><strong>in</strong></span> <span class='ocrx_word' id='word_1_509' title='bbox 940 3656 1184 3719; x_wconf 87' lang='lat' dir='ltr'><strong>tempore</strong></span> <span class='ocrx_word' id='word_1_510' title='bbox 1208 3651 1711 3723; x_wconf 84' lang='lat' dir='ltr'><strong>sintredarguturi,</strong></span> <span class='ocrx_word' id='word_1_511' title='bbox 1770 3655 1923 3723; x_wconf 89' lang='lat' dir='ltr'><strong>quasi</strong></span> <span class='ocrx_word' id='word_1_512' title='bbox 1979 3669 2084 3708; x_wconf 88' lang='lat' dir='ltr'><strong>non</strong></span> <span class='ocrx_word' id='word_1_513' title='bbox 2137 3669 2251 3710; x_wconf 83' lang='lat' dir='ltr'><strong>me-</strong></span> 
     </span>
    </p>
   </div>
   <div class='ocr_carea' id='block_1_69' title="bbox 666 3740 2249 3812">
    <p class='ocr_par' dir='ltr' id='par_1_69' title="bbox 666 3740 2249 3812">
     <span class='ocr_line' id='line_1_69' title="bbox 666 3740 2249 3812; baseline 0.008 -21"><span class='ocrx_word' id='word_1_514' title='bbox 666 3740 924 3794; x_wconf 82' lang='lat' dir='ltr'><strong>tlioeriter</strong></span> <span class='ocrx_word' id='word_1_515' title='bbox 958 3744 1364 3809; x_wconf 88' lang='lat' dir='ltr'><strong>peccaverimus</strong></span> <span class='ocrx_word' id='word_1_516' title='bbox 1389 3744 1440 3799; x_wconf 91' lang='lat' dir='ltr'><strong>in</strong></span> <span class='ocrx_word' id='word_1_517' title='bbox 1468 3744 1704 3799; x_wconf 86' lang='lat' dir='ltr'><strong>Verbum</strong></span> <span class='ocrx_word' id='word_1_518' title='bbox 1732 3762 1797 3800; x_wconf 83' lang='lat' dir='ltr'><strong>ex</strong></span> <span class='ocrx_word' id='word_1_519' title='bbox 1825 3746 1935 3801; x_wconf 92' lang='lat' dir='ltr'><strong>Deo</strong></span> <span class='ocrx_word' id='word_1_520' title='bbox 1965 3745 2133 3801; x_wconf 90' lang='lat' dir='ltr'><strong>Patre</strong></span> <span class='ocrx_word' id='word_1_521' title='bbox 2154 3788 2168 3812; x_wconf 95' lang='lat'><strong>,</strong></span> <span class='ocrx_word' id='word_1_522' title='bbox 2195 3760 2249 3803; x_wconf 92' lang='lat' dir='ltr'><strong>et</strong></span> 
     </span>
    </p>
   </div>
   <div class='ocr_carea' id='block_1_70' title="bbox 665 3829 2246 3909">
    <p class='ocr_par' dir='ltr' id='par_1_70' title="bbox 665 3829 2246 3909">
     <span class='ocr_line' id='line_1_70' title="bbox 665 3829 2246 3909; baseline 0.005 -24"><span class='ocrx_word' id='word_1_523' title='bbox 665 3829 1060 3886; x_wconf 88' lang='lat' dir='ltr'><strong>incrementum</strong></span> <span class='ocrx_word' id='word_1_524' title='bbox 1092 3848 1156 3888; x_wconf 88' lang='lat' dir='ltr'><strong>ac</strong></span> <span class='ocrx_word' id='word_1_525' title='bbox 1183 3835 1607 3904; x_wconf 76' lang='lat' dir='ltr'><strong>profectum,qui</strong></span> <span class='ocrx_word' id='word_1_526' title='bbox 1638 3837 1705 3890; x_wconf 87' lang='lat' dir='ltr'><strong>ad</strong></span> <span class='ocrx_word' id='word_1_527' title='bbox 1737 3851 1958 3893; x_wconf 86' lang='lat' dir='ltr'><strong>carnem</strong></span> <span class='ocrx_word' id='word_1_528' title='bbox 1988 3839 2246 3909; x_wconf 89' lang='lat' dir='ltr'><strong>pertinet,</strong></span> 
     </span>
    </p>
   </div>
   <div class='ocr_carea' id='block_1_71' title="bbox 664 3924 2250 4001">
    <p class='ocr_par' dir='ltr' id='par_1_71' title="bbox 664 3924 2250 4001">
     <span class='ocr_line' id='line_1_71' title="bbox 664 3924 2250 4001; baseline 0.006 -24"><span class='ocrx_word' id='word_1_529' title='bbox 664 3933 873 3979; x_wconf 72' lang='lat' dir='ltr'><strong>natum</strong></span> <span class='ocrx_word' id='word_1_530' title='bbox 901 3924 1070 3992; x_wconf 87' lang='lat' dir='ltr'><strong>ipsius</strong></span> <span class='ocrx_word' id='word_1_531' title='bbox 1096 3925 1547 3996; x_wconf 87' lang='lat' dir='ltr'><strong>insipientissime</strong></span> <span class='ocrx_word' id='word_1_532' title='bbox 1596 3929 2002 3985; x_wconf 88' lang='lat' dir='ltr'><strong>tribuerimus:</strong></span> <span class='ocrx_word' id='word_1_533' title='bbox 2047 3946 2147 4001; x_wconf 78' lang='lat' dir='ltr'><strong>age</strong></span> <span class='ocrx_word' id='word_1_534' title='bbox 2195 3940 2250 3986; x_wconf 88' lang='lat' dir='ltr'><strong>et</strong></span> 
     </span>
    </p>
   </div>
   <div class='ocr_carea' id='block_1_72' title="bbox 663 4017 2241 4092">
    <p class='ocr_par' dir='ltr' id='par_1_72' title="bbox 663 4017 2241 4092">
     <span class='ocr_line' id='line_1_72' title="bbox 663 4017 2241 4092; baseline 0.005 -22"><span class='ocrx_word' id='word_1_535' title='bbox 663 4018 731 4073; x_wconf 85' lang='lat' dir='ltr'><strong>ad</strong></span> <span class='ocrx_word' id='word_1_536' title='bbox 758 4017 862 4073; x_wconf 89' lang='lat' dir='ltr'><strong>hoc</strong></span> <span class='ocrx_word' id='word_1_537' title='bbox 876 4018 1260 4074; x_wconf 85' lang='lat' dir='ltr'><strong>convenientia</strong></span> <span class='ocrx_word' id='word_1_538' title='bbox 1285 4018 1553 4083; x_wconf 87' lang='lat' dir='ltr'><strong>dicamus,</strong></span> <span class='ocrx_word' id='word_1_539' title='bbox 1589 4018 1894 4087; x_wconf 75' lang='lat' dir='ltr'><strong>adiiciendo</strong></span> <span class='ocrx_word' id='word_1_540' title='bbox 1923 4030 2093 4077; x_wconf 87' lang='lat' dir='ltr'><strong>totam</strong></span> <span class='ocrx_word' id='word_1_541' title='bbox 2120 4023 2241 4092; x_wconf 85' lang='lat' dir='ltr'><strong>epi-</strong></span> 
     </span>
    </p>
   </div>
   <div class='ocr_carea' id='block_1_73' title="bbox 664 4106 2250 4180">
    <p class='ocr_par' dir='ltr' id='par_1_73' title="bbox 664 4106 2250 4180">
     <span class='ocr_line' id='line_1_73' title="bbox 664 4106 2250 4180; baseline 0.004 -19"><span class='ocrx_word' id='word_1_542' title='bbox 664 4107 817 4161; x_wconf 82' lang='lat' dir='ltr'><strong>stolae</strong></span> <span class='ocrx_word' id='word_1_543' title='bbox 849 4117 1081 4176; x_wconf 92' lang='lat' dir='ltr'><strong>partem.</strong></span> <span class='ocrx_word' id='word_1_544' title='bbox 1134 4106 1240 4176; x_wconf 88' lang='lat' dir='ltr'><strong>Ipsi</strong></span> <span class='ocrx_word' id='word_1_545' title='bbox 1299 4110 1445 4164; x_wconf 91' lang='lat' dir='ltr'><strong>enim</strong></span> <span class='ocrx_word' id='word_1_546' title='bbox 1493 4118 1797 4165; x_wconf 89' lang='lat' dir='ltr'><strong>metuentes</strong></span> <span class='ocrx_word' id='word_1_547' title='bbox 1844 4113 2153 4180; x_wconf 87' lang='lat' dir='ltr'><strong>veritatem,</strong></span> <span class='ocrx_word' id='word_1_548' title='bbox 2192 4122 2250 4168; x_wconf 93' lang='lat' dir='ltr'><strong>et</strong></span> 
     </span>
    </p>
   </div>
   <div class='ocr_carea' id='block_1_74' title="bbox 664 4198 2244 4272">
    <p class='ocr_par' dir='ltr' id='par_1_74' title="bbox 664 4198 2244 4272">
     <span class='ocr_line' id='line_1_74' title="bbox 664 4198 2244 4272; baseline 0.007 -22"><span class='ocrx_word' id='word_1_549' title='bbox 664 4198 941 4252; x_wconf 89' lang='lat' dir='ltr'><strong>auditores</strong></span> <span class='ocrx_word' id='word_1_550' title='bbox 984 4198 1254 4267; x_wconf 82' lang='lat' dir='ltr'><strong>fallentes,</strong></span> <span class='ocrx_word' id='word_1_551' title='bbox 1309 4210 1515 4268; x_wconf 81' lang='lat' dir='ltr'><strong>partem</strong></span> <span class='ocrx_word' id='word_1_552' title='bbox 1561 4204 1853 4271; x_wconf 90' lang='lat' dir='ltr'><strong>quamdam</strong></span> <span class='ocrx_word' id='word_1_553' title='bbox 1924 4216 2244 4272; x_wconf 85' lang='lat' dir='ltr'><strong>posuerunt,</strong></span> 
     </span>
    </p>
   </div>
   <div class='ocr_carea' id='block_1_75' title="bbox 664 4292 2249 4363">
    <p class='ocr_par' dir='ltr' id='par_1_75' title="bbox 664 4292 2249 4363">
     <span class='ocr_line' id='line_1_75' title="bbox 664 4292 2249 4363; baseline 0.006 -18"><span class='ocrx_word' id='word_1_554' title='bbox 664 4307 782 4346; x_wconf 85' lang='lat' dir='ltr'><strong>eam</strong></span> <span class='ocrx_word' id='word_1_555' title='bbox 810 4304 931 4353; x_wconf 67' lang='lat' dir='ltr'><strong>quae</strong></span> <span class='ocrx_word' id='word_1_556' title='bbox 961 4292 1091 4360; x_wconf 89' lang='lat' dir='ltr'><strong>ipsis</strong></span> <span class='ocrx_word' id='word_1_557' title='bbox 1128 4292 1419 4347; x_wconf 89' lang='lat' dir='ltr'><strong>utilissima</strong></span> <span class='ocrx_word' id='word_1_558' title='bbox 1455 4308 1577 4350; x_wconf 91' lang='lat' dir='ltr'><strong>esse</strong></span> <span class='ocrx_word' id='word_1_559' title='bbox 1619 4293 1905 4349; x_wconf 88' lang='lat' dir='ltr'><strong>videbatur</strong></span> <span class='ocrx_word' id='word_1_560' title='bbox 1923 4296 1989 4348; x_wconf 89' lang='lat' dir='ltr'><strong>ad</strong></span> <span class='ocrx_word' id='word_1_561' title='bbox 2027 4297 2151 4363; x_wconf 90' lang='lat' dir='ltr'><strong>hoc,</strong></span> <span class='ocrx_word' id='word_1_562' title='bbox 2187 4307 2249 4354; x_wconf 92' lang='lat' dir='ltr'><strong>ut</strong></span> 
     </span>
    </p>
   </div>
   <div class='ocr_carea' id='block_1_76' title="bbox 664 4383 2245 4456">
    <p class='ocr_par' dir='ltr' id='par_1_76' title="bbox 664 4383 2245 4456">
     <span class='ocr_line' id='line_1_76' title="bbox 664 4383 2245 4456; baseline 0.006 -19"><span class='ocrx_word' id='word_1_563' title='bbox 664 4383 790 4438; x_wconf 88' lang='lat' dir='ltr'><strong>inde</strong></span> <span class='ocrx_word' id='word_1_564' title='bbox 848 4391 1069 4453; x_wconf 84' lang='lat' dir='ltr'><strong>possent</strong></span> <span class='ocrx_word' id='word_1_565' title='bbox 1097 4397 1161 4438; x_wconf 92' lang='lat' dir='ltr'><strong>ac</strong></span> <span class='ocrx_word' id='word_1_566' title='bbox 1184 4384 1670 4456; x_wconf 85' lang='lat' dir='ltr'><strong>viderenturjuste</strong></span> <span class='ocrx_word' id='word_1_567' title='bbox 1694 4387 1994 4441; x_wconf 86' lang='lat' dir='ltr'><strong>calumnias</strong></span> <span class='ocrx_word' id='word_1_568' title='bbox 2039 4388 2091 4443; x_wconf 92' lang='lat' dir='ltr'><strong>in</strong></span> <span class='ocrx_word' id='word_1_569' title='bbox 2147 4406 2245 4446; x_wconf 90' lang='lat' dir='ltr'><strong>nos</strong></span> 
     </span>
    </p>
   </div>
   <div class='ocr_carea' id='block_1_77' title="bbox 661 4476 2243 4547">
    <p class='ocr_par' dir='ltr' id='par_1_77' title="bbox 661 4476 2243 4547">
     <span class='ocr_line' id='line_1_77' title="bbox 661 4476 2243 4547; baseline 0.004 -16"><span class='ocrx_word' id='word_1_570' title='bbox 661 4486 900 4531; x_wconf 84' lang='lat' dir='ltr'><strong>struere.</strong></span> <span class='ocrx_word' id='word_1_571' title='bbox 933 4476 1107 4530; x_wconf 87' lang='lat' dir='ltr'><strong>Habet</strong></span> <span class='ocrx_word' id='word_1_572' title='bbox 1136 4486 1319 4533; x_wconf 90' lang='lat' dir='ltr'><strong>autem</strong></span> <span class='ocrx_word' id='word_1_573' title='bbox 1342 4478 1421 4533; x_wconf 85' lang='lat' dir='ltr'><strong>sic</strong></span> <span class='ocrx_word' id='word_1_574' title='bbox 1471 4480 1612 4547; x_wconf 87' lang='lat' dir='ltr'><strong>quod</strong></span> <span class='ocrx_word' id='word_1_575' title='bbox 1660 4479 1864 4535; x_wconf 85' lang='lat' dir='ltr'><strong>dictum</strong></span> <span class='ocrx_word' id='word_1_576' title='bbox 1910 4490 1993 4537; x_wconf 90' lang='lat' dir='ltr'><strong>est</strong></span> <span class='ocrx_word' id='word_1_577' title='bbox 2025 4500 2040 4540; x_wconf 91' lang='lat'><strong>:</strong></span> <span class='ocrx_word' id='word_1_578' title='bbox 2077 4483 2144 4537; x_wconf 88' lang='lat' dir='ltr'><strong>Et</strong></span> <span class='ocrx_word' id='word_1_579' title='bbox 2198 4483 2243 4539; x_wconf 91' lang='lat' dir='ltr'><strong>si</strong></span> 
     </span>
    </p>
   </div>
   <div class='ocr_carea' id='block_1_78' title="bbox 2353 3286 3891 3373">
    <p class='ocr_par' dir='ltr' id='par_1_78' title="bbox 2353 3286 3891 3373">
     <span class='ocr_line' id='line_1_78' title="bbox 2353 3286 3891 3373; baseline -0.01 -19"><span class='ocrx_word' id='word_1_580' title='bbox 2353 3300 2557 3373; x_wconf 80' lang='grc' dir='ltr'>φωνὰς,</span> <span class='ocrx_word' id='word_1_581' title='bbox 2590 3295 2887 3351; x_wconf 78' lang='grc' dir='ltr'>ὑποστάσει</span> <span class='ocrx_word' id='word_1_582' title='bbox 2918 3293 3018 3364; x_wconf 77' lang='grc' dir='ltr'>μιᾷ</span> <span class='ocrx_word' id='word_1_583' title='bbox 3043 3294 3109 3363; x_wconf 79' lang='grc' dir='ltr'>τῇ</span> <span class='ocrx_word' id='word_1_584' title='bbox 3141 3290 3235 3344; x_wconf 88' lang='grc' dir='ltr'><strong>τοῦ</strong></span> <span class='ocrx_word' id='word_1_585' title='bbox 3258 3289 3438 3360; x_wconf 84' lang='grc' dir='ltr'>Λόγου</span> <span class='ocrx_word' id='word_1_586' title='bbox 3462 3286 3832 3363; x_wconf 80' lang='grc' dir='ltr'>σεσαρκωμένῃ</span> <span class='ocrx_word' id='word_1_587' title='bbox 3851 3286 3891 3323; x_wconf 66' lang='grc' dir='ltr'><strong>κ’</strong></span> 
     </span>
    </p>
   </div>
   <div class='ocr_carea' id='block_1_79' title="bbox 2352 3378 3892 3463">
    <p class='ocr_par' dir='ltr' id='par_1_79' title="bbox 2352 3378 3892 3463">
     <span class='ocr_line' id='line_1_79' title="bbox 2352 3378 3892 3463; baseline -0.013 -14"><span class='ocrx_word' id='word_1_588' title='bbox 2352 3393 2557 3463; x_wconf 81' lang='grc' dir='ltr'>Κύριος</span> <span class='ocrx_word' id='word_1_589' title='bbox 2587 3388 2697 3459; x_wconf 81' lang='grc' dir='ltr'>γὰρ</span> <span class='ocrx_word' id='word_1_590' title='bbox 2728 3380 2809 3449; x_wconf 73' lang='grc' dir='ltr'>εἷς</span> <span class='ocrx_word' id='word_1_591' title='bbox 2842 3385 3051 3455; x_wconf 85' lang='grc' dir='ltr'>Ἰησοῦς</span> <span class='ocrx_word' id='word_1_592' title='bbox 3076 3382 3374 3457; x_wconf 73' lang='grc' dir='ltr'>Χριστδςι,</span> <span class='ocrx_word' id='word_1_593' title='bbox 3399 3383 3549 3438; x_wconf 83' lang='grc' dir='ltr'><strong>κατά</strong></span> <span class='ocrx_word' id='word_1_594' title='bbox 3577 3382 3673 3445; x_wconf 81' lang='grc' dir='ltr'>τὰς</span> <span class='ocrx_word' id='word_1_595' title='bbox 3704 3378 3892 3451; x_wconf 74' lang='grc' dir='ltr'>Γραφάς.</span> 
     </span>
    </p>
   </div>
   <div class='ocr_carea' id='block_1_80' title="bbox 2351 3471 3893 3549">
    <p class='ocr_par' dir='ltr' id='par_1_80' title="bbox 2351 3471 3893 3549">
     <span class='ocr_line' id='line_1_80' title="bbox 2351 3471 3893 3549; baseline -0.011 -8"><span class='ocrx_word' id='word_1_596' title='bbox 2351 3485 2561 3542; x_wconf 81' lang='grc' dir='ltr'>Οὐκοῦν</span> <span class='ocrx_word' id='word_1_597' title='bbox 2597 3483 2725 3546; x_wconf 77' lang='grc' dir='ltr'><strong>ὡςω</strong></span> <span class='ocrx_word' id='word_1_598' title='bbox 2756 3480 2866 3535; x_wconf 87' lang='grc' dir='ltr'><strong>ἀπό</strong></span> <span class='ocrx_word' id='word_1_599' title='bbox 2898 3496 2964 3549; x_wconf 92' lang='grc' dir='ltr'><strong>γε</strong></span> <span class='ocrx_word' id='word_1_600' title='bbox 2990 3477 3101 3531; x_wconf 85' lang='grc' dir='ltr'><strong>τῶν</strong></span> <span class='ocrx_word' id='word_1_601' title='bbox 3132 3477 3233 3549; x_wconf 73' lang='grc' dir='ltr'><strong>ἤδη</strong></span> <span class='ocrx_word' id='word_1_602' title='bbox 3263 3475 3794 3549; x_wconf 84' lang='grc' dir='ltr'>προγεγραμμένων,</span> <span class='ocrx_word' id='word_1_603' title='bbox 3822 3471 3893 3523; x_wconf 70' lang='grc' dir='ltr'><strong>οὐκ</strong></span> 
     </span>
    </p>
   </div>
   <div class='ocr_carea' id='block_1_81' title="bbox 2348 3562 3893 3649">
    <p class='ocr_par' dir='ltr' id='par_1_81' title="bbox 2348 3562 3893 3649">
     <span class='ocr_line' id='line_1_81' title="bbox 2348 3562 3893 3649; baseline -0.014 -16"><span class='ocrx_word' id='word_1_604' title='bbox 2348 3577 2679 3649; x_wconf 74' lang='grc' dir='ltr'>ἠγνοηκότες</span> <span class='ocrx_word' id='word_1_605' title='bbox 2732 3574 2831 3643; x_wconf 79' lang='grc' dir='ltr'>μὲν</span> <span class='ocrx_word' id='word_1_606' title='bbox 2871 3571 3195 3642; x_wconf 84' lang='grc' dir='ltr'>ἁλωσόμεθα</span> <span class='ocrx_word' id='word_1_607' title='bbox 3222 3571 3322 3642; x_wconf 82' lang='grc' dir='ltr'>τὴν</span> <span class='ocrx_word' id='word_1_608' title='bbox 3351 3569 3691 3640; x_wconf 73' lang='grc' dir='ltr'>οἰκονομίαν,</span> <span class='ocrx_word' id='word_1_609' title='bbox 3719 3564 3799 3618; x_wconf 72' lang='grc' dir='ltr'>καὶ</span> <span class='ocrx_word' id='word_1_610' title='bbox 3822 3562 3893 3630; x_wconf 79' lang='grc' dir='ltr'>τὴν</span> 
     </span>
    </p>
   </div>
   <div class='ocr_carea' id='block_1_82' title="bbox 2350 3653 3893 3743">
    <p class='ocr_par' dir='ltr' id='par_1_82' title="bbox 2350 3653 3893 3743">
     <span class='ocr_line' id='line_1_82' title="bbox 2350 3653 3893 3743; baseline -0.013 -18"><span class='ocrx_word' id='word_1_611' title='bbox 2350 3671 2558 3743; x_wconf 77' lang='grc' dir='ltr'>ἑκάστῃ</span> <span class='ocrx_word' id='word_1_612' title='bbox 2611 3668 2771 3738; x_wconf 86' lang='grc' dir='ltr'>φύσει</span> <span class='ocrx_word' id='word_1_613' title='bbox 2834 3664 3155 3736; x_wconf 87' lang='grc' dir='ltr'>πρέπουσαν</span> <span class='ocrx_word' id='word_1_614' title='bbox 3204 3661 3407 3734; x_wconf 84' lang='grc' dir='ltr'>φωνὴν,</span> <span class='ocrx_word' id='word_1_615' title='bbox 3457 3662 3565 3716; x_wconf 76' lang='grc' dir='ltr'><strong>οὐκ</strong></span> <span class='ocrx_word' id='word_1_616' title='bbox 3609 3656 3820 3728; x_wconf 79' lang='grc' dir='ltr'>ἐφιέντες</span> <span class='ocrx_word' id='word_1_617' title='bbox 3853 3653 3893 3705; x_wconf 81' lang='grc' dir='ltr'>δὲ</span> 
     </span>
    </p>
   </div>
   <div class='ocr_carea' id='block_1_83' title="bbox 2353 3748 3892 3835">
    <p class='ocr_par' dir='ltr' id='par_1_83' title="bbox 2353 3748 3892 3835">
     <span class='ocr_line' id='line_1_83' title="bbox 2353 3748 3892 3835; baseline -0.012 -18"><span class='ocrx_word' id='word_1_618' title='bbox 2353 3763 2554 3835; x_wconf 82' lang='grc' dir='ltr'>μᾶλλον</span> <span class='ocrx_word' id='word_1_619' title='bbox 2608 3763 2722 3823; x_wconf 88' lang='grc' dir='ltr'>τοῖς</span> <span class='ocrx_word' id='word_1_620' title='bbox 2766 3759 3038 3829; x_wconf 71' lang='grc' dir='ltr'>ψυχικοῖς,</span> <span class='ocrx_word' id='word_1_621' title='bbox 3067 3756 3163 3809; x_wconf 69' lang='grc' dir='ltr'>καὶ</span> <span class='ocrx_word' id='word_1_622' title='bbox 3192 3755 3412 3825; x_wconf 84' lang='grc' dir='ltr'>πνεῦμα</span> <span class='ocrx_word' id='word_1_623' title='bbox 3460 3755 3542 3825; x_wconf 80' lang='grc' dir='ltr'><strong>μὴ</strong></span> <span class='ocrx_word' id='word_1_624' title='bbox 3578 3754 3765 3823; x_wconf 79' lang='grc' dir='ltr'>έχουσι,</span> <span class='ocrx_word' id='word_1_625' title='bbox 3792 3748 3892 3800; x_wconf 79' lang='grc' dir='ltr'>νοεῖν</span> 
     </span>
    </p>
   </div>
   <div class='ocr_carea' id='block_1_84' title="bbox 2349 3842 3890 3923">
    <p class='ocr_par' dir='ltr' id='par_1_84' title="bbox 2349 3842 3890 3923">
     <span class='ocr_line' id='line_1_84' title="bbox 2349 3842 3890 3923; baseline -0.012 -15"><span class='ocrx_word' id='word_1_626' title='bbox 2349 3854 2443 3908; x_wconf 91' lang='grc' dir='ltr'><strong>δύο</strong></span> <span class='ocrx_word' id='word_1_627' title='bbox 2469 3855 2640 3917; x_wconf 78' lang='grc' dir='ltr'>υἱοὺς,</span> <span class='ocrx_word' id='word_1_628' title='bbox 2673 3854 2705 3923; x_wconf 84' lang='grc' dir='ltr'>ἢ</span> <span class='ocrx_word' id='word_1_629' title='bbox 2738 3852 2941 3918; x_wconf 84' lang='grc' dir='ltr'>λέγειν,</span> <span class='ocrx_word' id='word_1_630' title='bbox 2974 3847 3321 3919; x_wconf 84' lang='grc' dir='ltr'>διαιροῦντας</span> <span class='ocrx_word' id='word_1_631' title='bbox 3371 3846 3629 3917; x_wconf 78' lang='grc' dir='ltr'>ἀλλήλων</span> <span class='ocrx_word' id='word_1_632' title='bbox 3672 3843 3759 3906; x_wconf 82' lang='grc' dir='ltr'>τὰς</span> <span class='ocrx_word' id='word_1_633' title='bbox 3793 3842 3890 3894; x_wconf 79' lang='grc' dir='ltr'>ὑπο-</span> 
     </span>
    </p>
   </div>
   <div class='ocr_carea' id='block_1_85' title="bbox 2352 3928 3890 4013">
    <p class='ocr_par' dir='ltr' id='par_1_85' title="bbox 2352 3928 3890 4013">
     <span class='ocr_line' id='line_1_85' title="bbox 2352 3928 3890 4013; baseline -0.012 -15"><span class='ocrx_word' id='word_1_634' title='bbox 2352 3945 2573 4008; x_wconf 88' lang='grc' dir='ltr'>στάσεις</span> <span class='ocrx_word' id='word_1_635' title='bbox 2622 3941 2760 4013; x_wconf 85' lang='grc' dir='ltr'><strong>μετά</strong></span> <span class='ocrx_word' id='word_1_636' title='bbox 2796 3940 2896 4012; x_wconf 82' lang='grc' dir='ltr'>τὴν</span> <span class='ocrx_word' id='word_1_637' title='bbox 2939 3940 3309 3993; x_wconf 84' lang='grc' dir='ltr'>ἀδιάσπαστον</span> <span class='ocrx_word' id='word_1_638' title='bbox 3329 3948 3357 3975; x_wconf 79' lang='grc' dir='ltr'>ιι</span> <span class='ocrx_word' id='word_1_639' title='bbox 3386 3937 3610 3992; x_wconf 77' lang='grc' dir='ltr'>ἕνωσιν.</span> <span class='ocrx_word' id='word_1_640' title='bbox 3628 3932 3818 4001; x_wconf 81' lang='grc' dir='ltr'>Ἐπειδὴ</span> <span class='ocrx_word' id='word_1_641' title='bbox 3851 3928 3890 3980; x_wconf 77' lang='grc' dir='ltr'><strong>δὲ</strong></span> 
     </span>
    </p>
   </div>
   <div class='ocr_carea' id='block_1_86' title="bbox 2351 4022 3889 4107">
    <p class='ocr_par' dir='ltr' id='par_1_86' title="bbox 2351 4022 3889 4107">
     <span class='ocr_line' id='line_1_86' title="bbox 2351 4022 3889 4107; baseline -0.01 -16"><span class='ocrx_word' id='word_1_642' title='bbox 2351 4036 2524 4107; x_wconf 80' lang='grc' dir='ltr'>βραχύ</span> <span class='ocrx_word' id='word_1_643' title='bbox 2576 4053 2631 4089; x_wconf 90' lang='grc' dir='ltr'><strong>τι</strong></span> <span class='ocrx_word' id='word_1_644' title='bbox 2682 4034 2847 4105; x_wconf 82' lang='grc' dir='ltr'>μέρος</span> <span class='ocrx_word' id='word_1_645' title='bbox 2879 4032 3139 4095; x_wconf 75' lang='grc' dir='ltr'>λαϐόντες</span> <span class='ocrx_word' id='word_1_646' title='bbox 3190 4030 3250 4096; x_wconf 80' lang='grc' dir='ltr'>ἐξ</span> <span class='ocrx_word' id='word_1_647' title='bbox 3301 4030 3588 4102; x_wconf 81' lang='grc' dir='ltr'>ἡμετέρας</span> <span class='ocrx_word' id='word_1_648' title='bbox 3633 4022 3889 4090; x_wconf 76' lang='grc' dir='ltr'>ἐπιστολῆς,</span> 
     </span>
    </p>
   </div>
   <div class='ocr_carea' id='block_1_87' title="bbox 2347 4114 3891 4195">
    <p class='ocr_par' dir='ltr' id='par_1_87' title="bbox 2347 4114 3891 4195">
     <span class='ocr_line' id='line_1_87' title="bbox 2347 4114 3891 4195; baseline -0.011 -16"><span class='ocrx_word' id='word_1_649' title='bbox 2347 4126 2657 4179; x_wconf 82' lang='grc' dir='ltr'>τεθείκασιν</span> <span class='ocrx_word' id='word_1_650' title='bbox 2710 4127 2768 4178; x_wconf 82' lang='grc' dir='ltr'>ὲν</span> <span class='ocrx_word' id='word_1_651' title='bbox 2815 4125 2958 4195; x_wconf 78' lang='grc' dir='ltr'>ἀρχῇ</span> <span class='ocrx_word' id='word_1_652' title='bbox 3008 4123 3118 4176; x_wconf 84' lang='grc' dir='ltr'>τῶν</span> <span class='ocrx_word' id='word_1_653' title='bbox 3173 4120 3320 4175; x_wconf 79' lang='grc' dir='ltr'>ἰδίων</span> <span class='ocrx_word' id='word_1_654' title='bbox 3370 4120 3573 4189; x_wconf 87' lang='grc' dir='ltr'>λόγων,</span> <span class='ocrx_word' id='word_1_655' title='bbox 3601 4114 3891 4173; x_wconf 79' lang='grc' dir='ltr'>ἀπειλοῦντες</span> 
     </span>
    </p>
   </div>
   <div class='ocr_carea' id='block_1_88' title="bbox 2349 4210 3890 4302">
    <p class='ocr_par' dir='ltr' id='par_1_88' title="bbox 2349 4210 3890 4302">
     <span class='ocr_line' id='line_1_88' title="bbox 2349 4210 3890 4302; baseline -0.008 -29"><span class='ocrx_word' id='word_1_656' title='bbox 2349 4220 2497 4289; x_wconf 79' lang='grc' dir='ltr'>ἡμᾶς</span> <span class='ocrx_word' id='word_1_657' title='bbox 2529 4218 2623 4271; x_wconf 74' lang='grc' dir='ltr'><strong>ἐπὶ</strong></span> <span class='ocrx_word' id='word_1_658' title='bbox 2650 4214 2843 4285; x_wconf 83' lang='grc' dir='ltr'>καιροῦ</span> <span class='ocrx_word' id='word_1_659' title='bbox 2876 4214 3197 4284; x_wconf 85' lang='grc' dir='ltr'>διελέγχειν,</span> <span class='ocrx_word' id='word_1_660' title='bbox 3223 4211 3299 4276; x_wconf 82' lang='grc' dir='ltr'>ὡς</span> <span class='ocrx_word' id='word_1_661' title='bbox 3327 4212 3391 4266; x_wconf 80' lang='grc' dir='ltr'><strong>οὐ</strong></span> <span class='ocrx_word' id='word_1_662' title='bbox 3428 4211 3665 4284; x_wconf 86' lang='grc' dir='ltr'>μετρίως</span> <span class='ocrx_word' id='word_1_663' title='bbox 3692 4210 3890 4302; x_wconf 51' lang='lat' dir='ltr'><strong>unum:</strong></span> 
     </span>
    </p>
   </div>
   <div class='ocr_carea' id='block_1_89' title="bbox 2347 4297 3887 4376">
    <p class='ocr_par' dir='ltr' id='par_1_89' title="bbox 2347 4297 3887 4376">
     <span class='ocr_line' id='line_1_89' title="bbox 2347 4297 3887 4376; baseline -0.011 -13"><span class='ocrx_word' id='word_1_664' title='bbox 2347 4310 2512 4373; x_wconf 89' lang='grc' dir='ltr'>κότας</span> <span class='ocrx_word' id='word_1_665' title='bbox 2540 4310 2620 4371; x_wconf 81' lang='grc' dir='ltr'><strong>είς</strong></span> <span class='ocrx_word' id='word_1_666' title='bbox 2652 4308 2745 4361; x_wconf 80' lang='grc' dir='ltr'><strong>τὸν</strong></span> <span class='ocrx_word' id='word_1_667' title='bbox 2789 4308 2854 4360; x_wconf 86' lang='grc' dir='ltr'>ἐκ</span> <span class='ocrx_word' id='word_1_668' title='bbox 2890 4305 3028 4359; x_wconf 88' lang='grc' dir='ltr'>Θεοῦ</span> <span class='ocrx_word' id='word_1_669' title='bbox 3065 4304 3279 4376; x_wconf 86' lang='grc' dir='ltr'>Πατρὸς</span> <span class='ocrx_word' id='word_1_670' title='bbox 3311 4303 3510 4372; x_wconf 82' lang='grc' dir='ltr'>Λόγον,</span> <span class='ocrx_word' id='word_1_671' title='bbox 3543 4302 3635 4356; x_wconf 78' lang='grc' dir='ltr'><strong>καὶ</strong></span> <span class='ocrx_word' id='word_1_672' title='bbox 3664 4302 3723 4371; x_wconf 85' lang='grc' dir='ltr'>τῇ</span> <span class='ocrx_word' id='word_1_673' title='bbox 3763 4297 3887 4350; x_wconf 77' lang='grc' dir='ltr'>αὑτοῦ</span> 
     </span>
    </p>
   </div>
   <div class='ocr_carea' id='block_1_90' title="bbox 2347 4389 3886 4468">
    <p class='ocr_par' dir='ltr' id='par_1_90' title="bbox 2347 4389 3886 4468">
     <span class='ocr_line' id='line_1_90' title="bbox 2347 4389 3886 4468; baseline -0.008 -17"><span class='ocrx_word' id='word_1_674' title='bbox 2347 4397 2506 4467; x_wconf 84' lang='grc' dir='ltr'>φύσει</span> <span class='ocrx_word' id='word_1_675' title='bbox 2532 4398 2630 4468; x_wconf 85' lang='grc' dir='ltr'><strong>τὴν</strong></span> <span class='ocrx_word' id='word_1_676' title='bbox 2654 4399 2721 4467; x_wconf 82' lang='grc' dir='ltr'>τῇ</span> <span class='ocrx_word' id='word_1_677' title='bbox 2752 4395 2917 4466; x_wconf 70' lang='grc' dir='ltr'>σαρκὶ</span> <span class='ocrx_word' id='word_1_678' title='bbox 2949 4394 3272 4464; x_wconf 85' lang='grc' dir='ltr'>πρέπουσαν</span> <span class='ocrx_word' id='word_1_679' title='bbox 3308 4391 3545 4464; x_wconf 75' lang='grc' dir='ltr'>αὔξησίν</span> <span class='ocrx_word' id='word_1_680' title='bbox 3583 4408 3640 4445; x_wconf 87' lang='grc' dir='ltr'><strong>τε</strong></span> <span class='ocrx_word' id='word_1_681' title='bbox 3672 4389 3754 4443; x_wconf 74' lang='grc' dir='ltr'><strong>καὶ</strong></span> <span class='ocrx_word' id='word_1_682' title='bbox 3787 4401 3886 4456; x_wconf 82' lang='grc' dir='ltr'>προ-</span> 
     </span>
    </p>
   </div>
   <div class='ocr_carea' id='block_1_91' title="bbox 2347 4473 3887 4554">
    <p class='ocr_par' dir='ltr' id='par_1_91' title="bbox 2347 4473 3887 4554">
     <span class='ocr_line' id='line_1_91' title="bbox 2347 4473 3887 4554; baseline -0.005 -17"><span class='ocrx_word' id='word_1_683' title='bbox 2347 4483 2522 4554; x_wconf 85' lang='grc' dir='ltr'>κοπὴν</span> <span class='ocrx_word' id='word_1_684' title='bbox 2551 4483 2890 4537; x_wconf 75' lang='grc' dir='ltr'>ἀϐουλότατα</span> <span class='ocrx_word' id='word_1_685' title='bbox 2915 4482 3470 4553; x_wconf 86' lang='grc' dir='ltr'>προσνενεμηκότας·</span> <span class='ocrx_word' id='word_1_686' title='bbox 3517 4481 3647 4553; x_wconf 78' lang='grc' dir='ltr'>φέρε</span> <span class='ocrx_word' id='word_1_687' title='bbox 3674 4477 3758 4532; x_wconf 76' lang='grc' dir='ltr'><strong>καὶ</strong></span> <span class='ocrx_word' id='word_1_688' title='bbox 3786 4473 3887 4544; x_wconf 77' lang='grc' dir='ltr'>πρός</span> 
     </span>
    </p>
   </div>
   <div class='ocr_carea' id='block_1_92' title="bbox 660 4563 2250 4645">
    <p class='ocr_par' dir='ltr' id='par_1_92' title="bbox 660 4569 2241 4645">
     <span class='ocr_line' id='line_1_92' title="bbox 660 4569 2241 4645; baseline 0.005 -22"><span class='ocrx_word' id='word_1_689' title='bbox 660 4569 900 4623; x_wconf 84' lang='lat' dir='ltr'><strong>audieris</strong></span> <span class='ocrx_word' id='word_1_690' title='bbox 943 4570 1085 4640; x_wconf 88' lang='lat' dir='ltr'><strong>quod</strong></span> <span class='ocrx_word' id='word_1_691' title='bbox 1122 4569 1597 4639; x_wconf 87' lang='lat' dir='ltr'><strong>profecerithsus</strong></span> <span class='ocrx_word' id='word_1_692' title='bbox 1631 4582 1793 4628; x_wconf 81' lang='lat' dir='ltr'><strong>aetate</strong></span> <span class='ocrx_word' id='word_1_693' title='bbox 1815 4583 1869 4628; x_wconf 90' lang='lat' dir='ltr'><strong>et</strong></span> <span class='ocrx_word' id='word_1_694' title='bbox 1892 4576 2161 4645; x_wconf 88' lang='lat' dir='ltr'><strong>sapientia</strong></span> <span class='ocrx_word' id='word_1_695' title='bbox 2187 4587 2241 4631; x_wconf 92' lang='lat' dir='ltr'><strong>et</strong></span> 
     </span>
    </p>
   </div>
   <div class='ocr_carea' id='block_1_93' title="bbox 2353 4563 3887 4645">
    <p class='ocr_par' dir='ltr' id='par_1_93' title="bbox 2353 4563 3887 4644">
     <span class='ocr_line' id='line_1_93' title="bbox 2353 4563 3887 4644; baseline -0.003 -15"><span class='ocrx_word' id='word_1_696' title='bbox 2353 4593 2405 4644; x_wconf 82' lang='grc' dir='ltr'><strong>γε</strong></span> <span class='ocrx_word' id='word_1_697' title='bbox 2436 4576 2610 4629; x_wconf 85' lang='grc' dir='ltr'>ταῦτα</span> <span class='ocrx_word' id='word_1_698' title='bbox 2647 4575 2715 4629; x_wconf 88' lang='grc' dir='ltr'>τὰ</span> <span class='ocrx_word' id='word_1_699' title='bbox 2761 4575 2949 4628; x_wconf 74' lang='grc' dir='ltr'>εἰκότα</span> <span class='ocrx_word' id='word_1_700' title='bbox 2989 4574 3261 4643; x_wconf 82' lang='grc' dir='ltr'>λέγωμεν,</span> <span class='ocrx_word' id='word_1_701' title='bbox 3296 4574 3419 4627; x_wconf 86' lang='grc' dir='ltr'>ὅλον</span> <span class='ocrx_word' id='word_1_702' title='bbox 3456 4571 3776 4644; x_wconf 82' lang='grc' dir='ltr'>παραθέντες</span> <span class='ocrx_word' id='word_1_703' title='bbox 3814 4563 3887 4631; x_wconf 80' lang='grc' dir='ltr'>τῆς</span> 
     </span>
    </p>
   </div>
   <div class='ocr_carea' id='block_1_94' title="bbox 660 4656 2250 4737">
    <p class='ocr_par' dir='ltr' id='par_1_94' title="bbox 660 4659 2243 4735">
     <span class='ocr_line' id='line_1_94' title="bbox 660 4659 2243 4735; baseline 0.005 -23"><span class='ocrx_word' id='word_1_704' title='bbox 660 4661 833 4730; x_wconf 72' lang='lat' dir='ltr'><strong>gratia</strong></span> <span class='ocrx_word' id='word_1_705' title='bbox 867 4660 933 4725; x_wconf 74' lang='grc'>³³,</span> <span class='ocrx_word' id='word_1_706' title='bbox 971 4674 1039 4715; x_wconf 90' lang='lat' dir='ltr'><strong>ne</strong></span> <span class='ocrx_word' id='word_1_707' title='bbox 1063 4670 1219 4728; x_wconf 81' lang='lat' dir='ltr'><strong>putes</strong></span> <span class='ocrx_word' id='word_1_708' title='bbox 1271 4659 1507 4715; x_wconf 90' lang='lat' dir='ltr'><strong>Verbum</strong></span> <span class='ocrx_word' id='word_1_709' title='bbox 1575 4661 1670 4717; x_wconf 90' lang='lat' dir='ltr'><strong>Dei</strong></span> <span class='ocrx_word' id='word_1_710' title='bbox 1735 4664 1954 4732; x_wconf 90' lang='lat' dir='ltr'><strong>sapiens</strong></span> <span class='ocrx_word' id='word_1_711' title='bbox 1999 4665 2243 4735; x_wconf 80' lang='lat' dir='ltr'><strong>profectu</strong></span> 
     </span>
    </p>
   </div>
   <div class='ocr_carea' id='block_1_95' title="bbox 2353 4656 3887 4737">
    <p class='ocr_par' dir='ltr' id='par_1_95' title="bbox 2353 4656 3887 4737">
     <span class='ocr_line' id='line_1_95' title="bbox 2353 4656 3887 4737; baseline -0.005 -17"><span class='ocrx_word' id='word_1_712' title='bbox 2353 4667 2640 4736; x_wconf 74' lang='grc' dir='ltr'>ἐπιστολῆς</span> <span class='ocrx_word' id='word_1_713' title='bbox 2663 4667 2723 4719; x_wconf 80' lang='grc' dir='ltr'>τὸ</span> <span class='ocrx_word' id='word_1_714' title='bbox 2756 4667 2940 4737; x_wconf 82' lang='grc' dir='ltr'>μέρος.</span> <span class='ocrx_word' id='word_1_715' title='bbox 2976 4666 3285 4728; x_wconf 78' lang='grc' dir='ltr'>Δεδοικότες</span> <span class='ocrx_word' id='word_1_716' title='bbox 3305 4674 3331 4703; x_wconf 79' lang='grc'><strong><em>⁸</em></strong></span> <span class='ocrx_word' id='word_1_717' title='bbox 3359 4665 3470 4736; x_wconf 80' lang='grc' dir='ltr'>γὰρ</span> <span class='ocrx_word' id='word_1_718' title='bbox 3504 4667 3657 4719; x_wconf 69' lang='grc' dir='ltr'>αὐτοὶ</span> <span class='ocrx_word' id='word_1_719' title='bbox 3679 4662 3767 4731; x_wconf 76' lang='grc' dir='ltr'><strong>τὴν</strong></span> <span class='ocrx_word' id='word_1_720' title='bbox 3789 4656 3887 4725; x_wconf 79' lang='grc' dir='ltr'>ἀλή-</span> 
     </span>
    </p>
   </div>
   <div class='ocr_carea' id='block_1_96' title="bbox 659 4747 2250 4828">
    <p class='ocr_par' dir='ltr' id='par_1_96' title="bbox 659 4752 2249 4827">
     <span class='ocr_line' id='line_1_96' title="bbox 659 4752 2249 4827; baseline 0.005 -23"><span class='ocrx_word' id='word_1_721' title='bbox 659 4752 909 4807; x_wconf 76' lang='lat' dir='ltr'><strong>eli‘ectum</strong></span> <span class='ocrx_word' id='word_1_722' title='bbox 925 4766 1068 4808; x_wconf 90' lang='lat' dir='ltr'><strong>esse.</strong></span> <span class='ocrx_word' id='word_1_723' title='bbox 1104 4752 1553 4809; x_wconf 81' lang='lat' dir='ltr'><strong>Commemorabo</strong></span> <span class='ocrx_word' id='word_1_724' title='bbox 1575 4761 1753 4807; x_wconf 90' lang='lat' dir='ltr'><strong>autem</strong></span> <span class='ocrx_word' id='word_1_725' title='bbox 1788 4757 1979 4825; x_wconf 85' lang='lat' dir='ltr'><strong>magis,</strong></span> <span class='ocrx_word' id='word_1_726' title='bbox 2007 4757 2148 4827; x_wconf 91' lang='lat' dir='ltr'><strong>quod</strong></span> <span class='ocrx_word' id='word_1_727' title='bbox 2169 4757 2249 4812; x_wconf 90' lang='lat' dir='ltr'><strong>sic</strong></span> 
     </span>
    </p>
   </div>
   <div class='ocr_carea' id='block_1_97' title="bbox 2353 4747 3886 4828">
    <p class='ocr_par' dir='ltr' id='par_1_97' title="bbox 2353 4747 3886 4828">
     <span class='ocr_line' id='line_1_97' title="bbox 2353 4747 3886 4828; baseline -0.001 -19"><span class='ocrx_word' id='word_1_728' title='bbox 2353 4756 2520 4821; x_wconf 89' lang='grc' dir='ltr'>θειαν,</span> <span class='ocrx_word' id='word_1_729' title='bbox 2550 4758 2646 4811; x_wconf 77' lang='grc' dir='ltr'><strong>καὶ</strong></span> <span class='ocrx_word' id='word_1_730' title='bbox 2676 4756 3118 4828; x_wconf 75' lang='grc' dir='ltr'>συναρπάζοντες</span> <span class='ocrx_word' id='word_1_731' title='bbox 3163 4756 3293 4819; x_wconf 81' lang='grc' dir='ltr'>τοὺς</span> <span class='ocrx_word' id='word_1_732' title='bbox 3341 4756 3736 4827; x_wconf 84' lang='grc' dir='ltr'>ἀκροωμένους,</span> <span class='ocrx_word' id='word_1_733' title='bbox 3762 4747 3886 4819; x_wconf 81' lang='grc' dir='ltr'>μέρος</span> 
     </span>
    </p>
   </div>
   <div class='ocr_carea' id='block_1_98' title="bbox 662 4833 2250 4919">
    <p class='ocr_par' dir='ltr' id='par_1_98' title="bbox 662 4843 2243 4913">
     <span class='ocr_line' id='line_1_98' title="bbox 662 4843 2243 4913; baseline 0.005 -18"><span class='ocrx_word' id='word_1_734' title='bbox 662 4844 876 4897; x_wconf 76' lang='lat' dir='ltr'><strong>divinus</strong></span> <span class='ocrx_word' id='word_1_735' title='bbox 926 4843 1127 4899; x_wconf 87' lang='lat' dir='ltr'><strong>Paulus</strong></span> <span class='ocrx_word' id='word_1_736' title='bbox 1174 4845 1458 4913; x_wconf 87' lang='lat' dir='ltr'><strong>scripserit</strong></span> <span class='ocrx_word' id='word_1_737' title='bbox 1497 4860 1510 4897; x_wconf 89' lang='lat'><strong>:</strong></span> <span class='ocrx_word' id='word_1_738' title='bbox 1552 4863 1571 4896; x_wconf 85' lang='grc' dir='ltr'><strong>ι</strong></span> <span class='ocrx_word' id='word_1_739' title='bbox 1606 4845 1858 4901; x_wconf 90' lang='lat' dir='ltr'><strong>Christus</strong></span> <span class='ocrx_word' id='word_1_740' title='bbox 1909 4847 2004 4902; x_wconf 87' lang='lat' dir='ltr'><strong>Dei</strong></span> <span class='ocrx_word' id='word_1_741' title='bbox 2049 4848 2243 4913; x_wconf 89' lang='lat' dir='ltr'><strong>virtus,</strong></span> 
     </span>
    </p>
   </div>
   <div class='ocr_carea' id='block_1_99' title="bbox 2353 4833 3884 4919">
    <p class='ocr_par' dir='ltr' id='par_1_99' title="bbox 2353 4833 3884 4919">
     <span class='ocr_line' id='line_1_99' title="bbox 2353 4833 3884 4919; baseline -0.007 -19"><span class='ocrx_word' id='word_1_742' title='bbox 2353 4865 2398 4900; x_wconf 83' lang='grc' dir='ltr'><strong>τι</strong></span> <span class='ocrx_word' id='word_1_743' title='bbox 2427 4848 2762 4913; x_wconf 86' lang='grc' dir='ltr'>τεθείκασιν,</span> <span class='ocrx_word' id='word_1_744' title='bbox 2794 4850 2933 4919; x_wconf 86' lang='grc' dir='ltr'>ὅπερ</span> <span class='ocrx_word' id='word_1_745' title='bbox 2965 4848 3148 4911; x_wconf 86' lang='grc' dir='ltr'>αὐτοῖς</span> <span class='ocrx_word' id='word_1_746' title='bbox 3191 4847 3367 4900; x_wconf 77' lang='grc' dir='ltr'>ἐδόκει</span> <span class='ocrx_word' id='word_1_747' title='bbox 3401 4846 3803 4917; x_wconf 73' lang='grc' dir='ltr'>χρειώδεστατον</span> <span class='ocrx_word' id='word_1_748' title='bbox 3829 4833 3884 4890; x_wconf 72' lang='grc' dir='ltr'><strong>εἶ-</strong></span> 
     </span>
    </p>
   </div>
   <div class='ocr_carea' id='block_1_100' title="bbox 659 4929 2250 5010">
    <p class='ocr_par' dir='ltr' id='par_1_100' title="bbox 659 4935 2245 5010">
     <span class='ocr_line' id='line_1_100' title="bbox 659 4935 2245 5010; baseline 0.003 -20"><span class='ocrx_word' id='word_1_749' title='bbox 659 4947 714 4990; x_wconf 90' lang='lat' dir='ltr'><strong>et</strong></span> <span class='ocrx_word' id='word_1_750' title='bbox 751 4937 841 4991; x_wconf 90' lang='lat' dir='ltr'><strong>Dei</strong></span> <span class='ocrx_word' id='word_1_751' title='bbox 868 4936 1131 5006; x_wconf 87' lang='lat' dir='ltr'><strong>sapientia</strong></span> <span class='ocrx_word' id='word_1_752' title='bbox 1163 4936 1229 4991; x_wconf 72' lang='grc'><strong>⁸⁸.</strong></span> <span class='ocrx_word' id='word_1_753' title='bbox 1275 4955 1294 4989; x_wconf 71' lang='grc' dir='ltr'><strong>ι</strong></span> <span class='ocrx_word' id='word_1_754' title='bbox 1338 4935 1523 5006; x_wconf 86' lang='lat' dir='ltr'><strong>Neque</strong></span> <span class='ocrx_word' id='word_1_755' title='bbox 1554 4953 1745 4992; x_wconf 87' lang='lat' dir='ltr'><strong>rursus</strong></span> <span class='ocrx_word' id='word_1_756' title='bbox 1774 4938 1901 4993; x_wconf 89' lang='lat' dir='ltr'><strong>illud</strong></span> <span class='ocrx_word' id='word_1_757' title='bbox 1965 4944 2245 5010; x_wconf 84' lang='lat' dir='ltr'><strong>nugaciter</strong></span> 
     </span>
    </p>
   </div>
   <div class='ocr_carea' id='block_1_101' title="bbox 2353 4929 3881 5010">
    <p class='ocr_par' dir='ltr' id='par_1_101' title="bbox 2353 4929 3881 5010">
     <span class='ocr_line' id='line_1_101' title="bbox 2353 4929 3881 5010; baseline -0.005 -20"><span class='ocrx_word' id='word_1_758' title='bbox 2353 4956 2435 4991; x_wconf 66' lang='grc' dir='ltr'><strong>ναι</strong></span> <span class='ocrx_word' id='word_1_759' title='bbox 2470 4939 2605 5008; x_wconf 84' lang='grc' dir='ltr'>πρὸς</span> <span class='ocrx_word' id='word_1_760' title='bbox 2625 4941 2687 4993; x_wconf 80' lang='grc' dir='ltr'><strong>τὸ</strong></span> <span class='ocrx_word' id='word_1_761' title='bbox 2715 4939 2977 4993; x_wconf 87' lang='grc' dir='ltr'>δύνασθαί</span> <span class='ocrx_word' id='word_1_762' title='bbox 3011 4958 3073 4993; x_wconf 87' lang='grc' dir='ltr'><strong>τε</strong></span> <span class='ocrx_word' id='word_1_763' title='bbox 3116 4941 3258 4994; x_wconf 68' lang='grc' dir='ltr'>καὶι)</span> <span class='ocrx_word' id='word_1_764' title='bbox 3294 4939 3400 5010; x_wconf 83' lang='grc' dir='ltr'><strong>μὴν</strong></span> <span class='ocrx_word' id='word_1_765' title='bbox 3432 4941 3528 4992; x_wconf 66' lang='grc' dir='ltr'><strong>καλ⁵</strong></span> <span class='ocrx_word' id='word_1_766' title='bbox 3565 4938 3733 4991; x_wconf 85' lang='grc' dir='ltr'>δοκεῖν</span> <span class='ocrx_word' id='word_1_767' title='bbox 3765 4929 3881 4986; x_wconf 82' lang='grc' dir='ltr'>εὐλό-</span> 
     </span>
    </p>
   </div>
   <div class='ocr_carea' id='block_1_102' title="bbox 660 5017 2250 5100">
    <p class='ocr_par' dir='ltr' id='par_1_102' title="bbox 660 5026 2243 5098">
     <span class='ocr_line' id='line_1_102' title="bbox 660 5026 2243 5098; baseline 0.003 -19"><span class='ocrx_word' id='word_1_768' title='bbox 660 5026 809 5080; x_wconf 88' lang='lat' dir='ltr'><strong>ausis</strong></span> <span class='ocrx_word' id='word_1_769' title='bbox 839 5026 1041 5091; x_wconf 90' lang='lat' dir='ltr'><strong>dicere,</strong></span> <span class='ocrx_word' id='word_1_770' title='bbox 1066 5026 1208 5097; x_wconf 83' lang='lat' dir='ltr'><strong>quod</strong></span> <span class='ocrx_word' id='word_1_771' title='bbox 1233 5026 1499 5097; x_wconf 86' lang='lat' dir='ltr'><strong>prolicere</strong></span> <span class='ocrx_word' id='word_1_772' title='bbox 1534 5029 1587 5084; x_wconf 91' lang='lat' dir='ltr'><strong>in</strong></span> <span class='ocrx_word' id='word_1_773' title='bbox 1606 5040 1764 5083; x_wconf 71' lang='lat' dir='ltr'><strong>aetate</strong></span> <span class='ocrx_word' id='word_1_774' title='bbox 1796 5030 2155 5098; x_wconf 88' lang='lat' dir='ltr'><strong>etsapientia,</strong></span> <span class='ocrx_word' id='word_1_775' title='bbox 2188 5040 2243 5086; x_wconf 92' lang='lat' dir='ltr'><strong>et</strong></span> 
     </span>
    </p>
   </div>
   <div class='ocr_carea' id='block_1_103' title="bbox 2353 5017 3881 5100">
    <p class='ocr_par' dir='ltr' id='par_1_103' title="bbox 2353 5017 3881 5100">
     <span class='ocr_line' id='line_1_103' title="bbox 2353 5017 3881 5100; baseline -0.013 -5"><span class='ocrx_word' id='word_1_776' title='bbox 2353 5043 2479 5095; x_wconf 87' lang='grc' dir='ltr'>γους</span> <span class='ocrx_word' id='word_1_777' title='bbox 2494 5039 2521 5078; x_wconf 69' lang='grc' dir='ltr'><strong>(ι</strong></span> <span class='ocrx_word' id='word_1_778' title='bbox 2550 5030 2649 5093; x_wconf 76' lang='grc' dir='ltr'><strong>τὰς</strong></span> <span class='ocrx_word' id='word_1_779' title='bbox 2677 5028 2801 5082; x_wconf 83' lang='grc' dir='ltr'>καθ’</span> <span class='ocrx_word' id='word_1_780' title='bbox 2827 5029 2986 5100; x_wconf 82' lang='grc' dir='ltr'>ἡμῶν</span> <span class='ocrx_word' id='word_1_781' title='bbox 3012 5029 3283 5083; x_wconf 87' lang='grc' dir='ltr'>ποιεῖσθαι</span> <span class='ocrx_word' id='word_1_782' title='bbox 3314 5028 3705 5097; x_wconf 76' lang='grc' dir='ltr'>συκοφαντίας·</span> <span class='ocrx_word' id='word_1_783' title='bbox 3736 5023 3825 5092; x_wconf 78' lang='grc' dir='ltr'>ἔχει</span> <span class='ocrx_word' id='word_1_784' title='bbox 3840 5017 3881 5069; x_wconf 83' lang='grc' dir='ltr'>δὲ</span> 
     </span>
    </p>
   </div>
   <div class='ocr_carea' id='block_1_104' title="bbox 660 5117 2250 5193">
    <p class='ocr_par' dir='ltr' id='par_1_104' title="bbox 660 5117 2245 5191">
     <span class='ocr_line' id='line_1_104' title="bbox 660 5117 2245 5191; baseline 0.004 -22"><span class='ocrx_word' id='word_1_785' title='bbox 660 5117 858 5187; x_wconf 76' lang='lat' dir='ltr'><strong>gratia,</strong></span> <span class='ocrx_word' id='word_1_786' title='bbox 890 5117 1090 5172; x_wconf 89' lang='lat' dir='ltr'><strong>homini</strong></span> <span class='ocrx_word' id='word_1_787' title='bbox 1122 5118 1483 5175; x_wconf 83' lang='lat' dir='ltr'><strong>attribuamus</strong></span> <span class='ocrx_word' id='word_1_788' title='bbox 1517 5139 1531 5175; x_wconf 87' lang='lat'><strong>:</strong></span> <span class='ocrx_word' id='word_1_789' title='bbox 1563 5121 1666 5175; x_wconf 87' lang='lat' dir='ltr'><strong>hoc</strong></span> <span class='ocrx_word' id='word_1_790' title='bbox 1703 5121 1858 5191; x_wconf 80' lang='lat'><strong>173</strong></span> <span class='ocrx_word' id='word_1_791' title='bbox 1877 5120 2106 5184; x_wconf 87' lang='lat' dir='ltr'><strong>enim,ut</strong></span> <span class='ocrx_word' id='word_1_792' title='bbox 2136 5122 2245 5189; x_wconf 81' lang='lat' dir='ltr'><strong>Opi-</strong></span> 
     </span>
    </p>
   </div>
   <div class='ocr_carea' id='block_1_105' title="bbox 2353 5117 3881 5193">
    <p class='ocr_par' dir='ltr' id='par_1_105' title="bbox 2353 5117 3881 5193">
     <span class='ocr_line' id='line_1_105' title="bbox 2353 5117 3881 5193; baseline -0.003 -21"><span class='ocrx_word' id='word_1_793' title='bbox 2353 5119 2522 5182; x_wconf 84' lang='grc' dir='ltr'>οῦτως</span> <span class='ocrx_word' id='word_1_794' title='bbox 2559 5120 2621 5172; x_wconf 80' lang='grc' dir='ltr'><strong>τὸ</strong></span> <span class='ocrx_word' id='word_1_795' title='bbox 2658 5120 2949 5191; x_wconf 84' lang='grc' dir='ltr'>εἰρημένον</span> <span class='ocrx_word' id='word_1_796' title='bbox 2974 5136 2988 5150; x_wconf 92' lang='grc'><strong>·</strong></span> <span class='ocrx_word' id='word_1_797' title='bbox 3026 5122 3145 5175; x_wconf 80' lang='grc' dir='ltr'>Κᾶν</span> <span class='ocrx_word' id='word_1_798' title='bbox 3178 5121 3442 5193; x_wconf 77' lang='grc' dir='ltr'>ἀκούσῃς,</span> <span class='ocrx_word' id='word_1_799' title='bbox 3473 5122 3555 5174; x_wconf 87' lang='grc' dir='ltr'>ὅτι</span> <span class='ocrx_word' id='word_1_800' title='bbox 3598 5117 3881 5189; x_wconf 79' lang='grc' dir='ltr'>προέκοπτεν</span> 
     </span>
    </p>
   </div>
   <div class='ocr_carea' id='block_1_106' title="bbox 662 5203 2250 5285">
    <p class='ocr_par' dir='ltr' id='par_1_106' title="bbox 662 5208 2241 5279">
     <span class='ocr_line' id='line_1_106' title="bbox 662 5208 2241 5279; baseline 0.003 -18"><span class='ocrx_word' id='word_1_801' title='bbox 662 5224 783 5272; x_wconf 83' lang='lat' dir='ltr'><strong>nor,</strong></span> <span class='ocrx_word' id='word_1_802' title='bbox 818 5208 952 5262; x_wconf 84' lang='lat' dir='ltr'><strong>nihil</strong></span> <span class='ocrx_word' id='word_1_803' title='bbox 977 5208 1120 5263; x_wconf 86' lang='lat' dir='ltr'><strong>aliud</strong></span> <span class='ocrx_word' id='word_1_804' title='bbox 1151 5218 1258 5272; x_wconf 81' lang='lat' dir='ltr'><strong>est,</strong></span> <span class='ocrx_word' id='word_1_805' title='bbox 1290 5225 1451 5279; x_wconf 87' lang='lat' dir='ltr'><strong>quam</strong></span> <span class='ocrx_word' id='word_1_806' title='bbox 1505 5211 1747 5265; x_wconf 85' lang='lat' dir='ltr'><strong>dividere</strong></span> <span class='ocrx_word' id='word_1_807' title='bbox 1801 5213 1853 5265; x_wconf 89' lang='lat' dir='ltr'><strong>in</strong></span> <span class='ocrx_word' id='word_1_808' title='bbox 1898 5211 2033 5265; x_wconf 82' lang='lat' dir='ltr'><strong>duos</strong></span> <span class='ocrx_word' id='word_1_809' title='bbox 2079 5228 2241 5265; x_wconf 87' lang='lat' dir='ltr'><strong>unum</strong></span> 
     </span>
    </p>
   </div>
   <div class='ocr_carea' id='block_1_107' title="bbox 2353 5203 3879 5285">
    <p class='ocr_par' dir='ltr' id='par_1_107' title="bbox 2353 5203 3879 5285">
     <span class='ocr_line' id='line_1_107' title="bbox 2353 5203 3879 5285; baseline 0.007 -22"><span class='ocrx_word' id='word_1_810' title='bbox 2353 5213 2377 5264; x_wconf 87' lang='lat'><strong>6</strong></span> <span class='ocrx_word' id='word_1_811' title='bbox 2413 5212 2619 5281; x_wconf 83' lang='grc' dir='ltr'>Ἰησοῦς</span> <span class='ocrx_word' id='word_1_812' title='bbox 2665 5214 2867 5285; x_wconf 76' lang='grc' dir='ltr'>ἡλικίᾳ,</span> <span class='ocrx_word' id='word_1_813' title='bbox 2904 5214 2997 5268; x_wconf 64' lang='grc' dir='ltr'><strong>καὶ</strong></span> <span class='ocrx_word' id='word_1_814' title='bbox 3050 5215 3229 5283; x_wconf 72' lang='grc' dir='ltr'>σοφίᾳ,</span> <span class='ocrx_word' id='word_1_815' title='bbox 3264 5215 3361 5267; x_wconf 77' lang='grc' dir='ltr'><strong>καὶ</strong></span> <span class='ocrx_word' id='word_1_816' title='bbox 3404 5214 3606 5284; x_wconf 77' lang='grc' dir='ltr'>χάριτι,</span> <span class='ocrx_word' id='word_1_817' title='bbox 3648 5212 3715 5281; x_wconf 76' lang='grc' dir='ltr'>μὴ</span> <span class='ocrx_word' id='word_1_818' title='bbox 3754 5203 3879 5272; x_wconf 49' lang='grc' dir='ltr'>σοφὸν</span> 
     </span>
    </p>
   </div>
   <div class='ocr_carea' id='block_1_108' title="bbox 658 5296 2250 5377">
    <p class='ocr_par' dir='ltr' id='par_1_108' title="bbox 658 5296 2244 5373">
     <span class='ocr_line' id='line_1_108' title="bbox 658 5296 2244 5373; baseline 0.003 -22"><span class='ocrx_word' id='word_1_819' title='bbox 658 5296 933 5353; x_wconf 83' lang='lat' dir='ltr'><strong>Christum</strong></span> <span class='ocrx_word' id='word_1_820' title='bbox 965 5317 981 5354; x_wconf 91' lang='lat'><strong>:</strong></span> <span class='ocrx_word' id='word_1_821' title='bbox 1011 5303 1131 5366; x_wconf 84' lang='lat' dir='ltr'><strong>sed,</strong></span> <span class='ocrx_word' id='word_1_822' title='bbox 1150 5300 1291 5354; x_wconf 85' lang='lat' dir='ltr'><strong>sicut</strong></span> <span class='ocrx_word' id='word_1_823' title='bbox 1316 5301 1476 5370; x_wconf 89' lang='lat' dir='ltr'><strong>paulo</strong></span> <span class='ocrx_word' id='word_1_824' title='bbox 1503 5311 1628 5355; x_wconf 91' lang='lat' dir='ltr'><strong>ante</strong></span> <span class='ocrx_word' id='word_1_825' title='bbox 1664 5302 1800 5370; x_wconf 76' lang='lat' dir='ltr'><strong>dixi,</strong></span> <span class='ocrx_word' id='word_1_826' title='bbox 1823 5300 2014 5370; x_wconf 80' lang='lat' dir='ltr'><strong>Filius,</strong></span> <span class='ocrx_word' id='word_1_827' title='bbox 2039 5302 2128 5373; x_wconf 87' lang='lat' dir='ltr'><strong>qui</strong></span> <span class='ocrx_word' id='word_1_828' title='bbox 2161 5313 2244 5357; x_wconf 74' lang='lat' dir='ltr'><strong>est</strong></span> 
     </span>
    </p>
   </div>
   <div class='ocr_carea' id='block_1_109' title="bbox 2353 5296 3877 5377">
    <p class='ocr_par' dir='ltr' id='par_1_109' title="bbox 2353 5298 3877 5377">
     <span class='ocr_line' id='line_1_109' title="bbox 2353 5298 3877 5377; baseline -0.002 -21"><span class='ocrx_word' id='word_1_829' title='bbox 2353 5304 2409 5369; x_wconf 76' lang='grc' dir='ltr'><strong>ἐξ</strong></span> <span class='ocrx_word' id='word_1_830' title='bbox 2444 5304 2733 5368; x_wconf 70' lang='grc' dir='ltr'>ἐπιδΰσεως</span> <span class='ocrx_word' id='word_1_831' title='bbox 2761 5305 2989 5377; x_wconf 82' lang='grc' dir='ltr'>νομίσῃς</span> <span class='ocrx_word' id='word_1_832' title='bbox 3022 5306 3274 5374; x_wconf 83' lang='grc' dir='ltr'>γενέσθαι</span> <span class='ocrx_word' id='word_1_833' title='bbox 3307 5306 3401 5361; x_wconf 79' lang='grc' dir='ltr'><strong>τὸν</strong></span> <span class='ocrx_word' id='word_1_834' title='bbox 3428 5305 3521 5358; x_wconf 86' lang='grc' dir='ltr'><strong>τοῦ</strong></span> <span class='ocrx_word' id='word_1_835' title='bbox 3556 5302 3684 5357; x_wconf 85' lang='grc' dir='ltr'>Θεοῦ</span> <span class='ocrx_word' id='word_1_836' title='bbox 3712 5298 3877 5365; x_wconf 77' lang='grc' dir='ltr'>Λόγον·</span> 
     </span>
    </p>
   </div>
   <div class='ocr_carea' id='block_1_110' title="bbox 726 5456 2250 5532">
    <p class='ocr_par' dir='ltr' id='par_1_110' title="bbox 726 5456 2250 5525">
     <span class='ocr_line' id='line_1_110' title="bbox 726 5456 2250 5525; baseline 0.001 -16"><span class='ocrx_word' id='word_1_837' title='bbox 726 5458 771 5488; x_wconf 72' lang='grc'><strong>⁷⁵³</strong></span> <span class='ocrx_word' id='word_1_838' title='bbox 794 5456 955 5511; x_wconf 88' lang='lat' dir='ltr'><strong>.loan.</strong></span> <span class='ocrx_word' id='word_1_839' title='bbox 988 5472 1102 5521; x_wconf 78' lang='lat' dir='ltr'><strong>xw,</strong></span> <span class='ocrx_word' id='word_1_840' title='bbox 1130 5457 1184 5511; x_wconf 92' lang='lat'><strong>9.</strong></span> <span class='ocrx_word' id='word_1_841' title='bbox 1263 5458 1308 5488; x_wconf 83' lang='grc' dir='ltr'><strong>⁸ο</strong></span> <span class='ocrx_word' id='word_1_842' title='bbox 1338 5456 1492 5512; x_wconf 83' lang='lat' dir='ltr'><strong>Joau.</strong></span> <span class='ocrx_word' id='word_1_843' title='bbox 1521 5473 1555 5511; x_wconf 72' lang='grc' dir='ltr'>χ</span> <span class='ocrx_word' id='word_1_844' title='bbox 1611 5457 1690 5512; x_wconf 76' lang='lat'><strong>30.</strong></span> <span class='ocrx_word' id='word_1_845' title='bbox 1765 5458 1807 5489; x_wconf 84' lang='grc'>⁸¹</span> <span class='ocrx_word' id='word_1_846' title='bbox 1837 5459 1999 5513; x_wconf 90' lang='lat' dir='ltr'><strong>llebr.</strong></span> <span class='ocrx_word' id='word_1_847' title='bbox 2032 5475 2069 5525; x_wconf 84' lang='grc' dir='ltr'><strong>ι,</strong></span> <span class='ocrx_word' id='word_1_848' title='bbox 2104 5460 2160 5513; x_wconf 78' lang='grc'><strong>5.</strong></span> <span class='ocrx_word' id='word_1_849' title='bbox 2238 5460 2250 5491; x_wconf 81' lang='grc' dir='ltr'><strong>ε</strong></span> 
     </span>
    </p>
   </div>
   <div class='ocr_carea' id='block_1_111' title="bbox 2353 5456 3739 5532">
    <p class='ocr_par' dir='ltr' id='par_1_111' title="bbox 2353 5458 3739 5532">
     <span class='ocr_line' id='line_1_111' title="bbox 2353 5458 3739 5532; baseline -0.002 -17"><span class='ocrx_word' id='word_1_850' title='bbox 2353 5476 2475 5515; x_wconf 87' lang='lat' dir='ltr'><strong>oan.</strong></span> <span class='ocrx_word' id='word_1_851' title='bbox 2516 5478 2627 5525; x_wconf 77' lang='lat' dir='ltr'><strong>rm,</strong></span> <span class='ocrx_word' id='word_1_852' title='bbox 2660 5461 2748 5516; x_wconf 69' lang='grc'><strong>40.</strong></span> <span class='ocrx_word' id='word_1_853' title='bbox 2827 5461 2872 5494; x_wconf 79' lang='grc'>⁸¹</span> <span class='ocrx_word' id='word_1_854' title='bbox 2900 5462 3031 5518; x_wconf 89' lang='lat' dir='ltr'><strong>Luc.</strong></span> <span class='ocrx_word' id='word_1_855' title='bbox 3065 5480 3124 5532; x_wconf 89' lang='lat' dir='ltr'><strong>ll,</strong></span> <span class='ocrx_word' id='word_1_856' title='bbox 3150 5463 3237 5521; x_wconf 74' lang='grc'><strong>52.</strong></span> <span class='ocrx_word' id='word_1_857' title='bbox 3314 5464 3363 5496; x_wconf 74' lang='grc'><strong>⁸⁸</strong></span> <span class='ocrx_word' id='word_1_858' title='bbox 3393 5463 3557 5521; x_wconf 88' lang='lat' dir='ltr'><strong>lCor.</strong></span> <span class='ocrx_word' id='word_1_859' title='bbox 3594 5480 3628 5525; x_wconf 89' lang='lat' dir='ltr'><strong>l,</strong></span> <span class='ocrx_word' id='word_1_860' title='bbox 3660 5458 3739 5513; x_wconf 66' lang='grc'><strong>24.</strong></span> 
     </span>
    </p>
   </div>
   <div class='ocr_carea' id='block_1_112' title="bbox 1732 5612 2909 5689">
    <p class='ocr_par' dir='ltr' id='par_1_112' title="bbox 1732 5612 2909 5689">
     <span class='ocr_line' id='line_1_112' title="bbox 1732 5612 2909 5689; baseline 0.008 -25"><span class='ocrx_word' id='word_1_861' title='bbox 1732 5612 1902 5667; x_wconf 73' lang='lat' dir='ltr'><strong>Variae</strong></span> <span class='ocrx_word' id='word_1_862' title='bbox 1929 5615 2189 5671; x_wconf 89' lang='lat' dir='ltr'><strong>lectiones</strong></span> <span class='ocrx_word' id='word_1_863' title='bbox 2221 5631 2287 5670; x_wconf 78' lang='lat' dir='ltr'><strong>ex</strong></span> <span class='ocrx_word' id='word_1_864' title='bbox 2320 5616 2503 5671; x_wconf 82' lang='lat' dir='ltr'><strong>codice</strong></span> <span class='ocrx_word' id='word_1_865' title='bbox 2538 5616 2909 5689; x_wconf 82' lang='lat' dir='ltr'><strong>Seguieriano.</strong></span> 
     </span>
    </p>
   </div>
   <div class='ocr_carea' id='block_1_113' title="bbox 740 5762 1545 5838">
    <p class='ocr_par' dir='ltr' id='par_1_113' title="bbox 740 5762 1545 5838">
     <span class='ocr_line' id='line_1_113' title="bbox 740 5762 1545 5838; baseline 0.004 -18"><span class='ocrx_word' id='word_1_866' title='bbox 740 5763 770 5805; x_wconf 71' lang='grc' dir='ltr'><strong>ιι</strong></span> <span class='ocrx_word' id='word_1_867' title='bbox 794 5766 1033 5830; x_wconf 84' lang='grc' dir='ltr'>διπλοῦς,</span> <span class='ocrx_word' id='word_1_868' title='bbox 1079 5767 1279 5838; x_wconf 81' lang='grc' dir='ltr'>μᾶλλον</span> <span class='ocrx_word' id='word_1_869' title='bbox 1309 5767 1425 5820; x_wconf 80' lang='grc' dir='ltr'>ἀλλ’</span> <span class='ocrx_word' id='word_1_870' title='bbox 1447 5762 1545 5831; x_wconf 72' lang='grc' dir='ltr'>εἷς.</span> 
     </span>
    </p>
   </div>
   <div class='ocr_carea' id='block_1_114' title="bbox 1633 5769 2283 5839">
    <p class='ocr_par' dir='ltr' id='par_1_114' title="bbox 1633 5769 2283 5839">
     <span class='ocr_line' id='line_1_114' title="bbox 1633 5769 2283 5839; baseline 0.008 -17"><span class='ocrx_word' id='word_1_871' title='bbox 1633 5769 1647 5807; x_wconf 80' lang='grc' dir='ltr'><strong>ί</strong></span> <span class='ocrx_word' id='word_1_872' title='bbox 1690 5770 1812 5823; x_wconf 79' lang='grc' dir='ltr'>καθ’</span> <span class='ocrx_word' id='word_1_873' title='bbox 1840 5773 1906 5839; x_wconf 79' lang='grc' dir='ltr'>ἣν</span> <span class='ocrx_word' id='word_1_874' title='bbox 1937 5774 2029 5825; x_wconf 68' lang='grc' dir='ltr'><strong>καὶ</strong></span> <span class='ocrx_word' id='word_1_875' title='bbox 2056 5773 2115 5825; x_wconf 75' lang='grc' dir='ltr'>ἓν</span> <span class='ocrx_word' id='word_1_876' title='bbox 2146 5774 2283 5827; x_wconf 77' lang='grc' dir='ltr'>ἐστι.</span> 
     </span>
    </p>
   </div>
   <div class='ocr_carea' id='block_1_115' title="bbox 673 5834 1403 5912">
    <p class='ocr_par' dir='ltr' id='par_1_115' title="bbox 673 5834 1403 5912">
     <span class='ocr_line' id='line_1_115' title="bbox 673 5834 1403 5912; baseline 0.001 -19"><span class='ocrx_word' id='word_1_877' title='bbox 673 5834 695 5879; x_wconf 72' lang='grc' dir='ltr'><strong><em>λ</em></strong></span> <span class='ocrx_word' id='word_1_878' title='bbox 723 5842 752 5893; x_wconf 88' lang='grc' dir='ltr'>ὁ</span> <span class='ocrx_word' id='word_1_879' title='bbox 784 5839 1042 5912; x_wconf 79' lang='grc' dir='ltr'>Χριστός.</span> <span class='ocrx_word' id='word_1_880' title='bbox 1080 5834 1090 5838; x_wconf 51' lang='grc'>⁷</span> <span class='ocrx_word' id='word_1_881' title='bbox 1120 5839 1275 5911; x_wconf 8' lang='grc' dir='ltr'>’,καὶ</span> <span class='ocrx_word' id='word_1_882' title='bbox 1309 5839 1403 5902; x_wconf 79' lang='grc' dir='ltr'><strong>ὡς.</strong></span> 
     </span>
    </p>
   </div>
   <div class='ocr_carea' id='block_1_116' title="bbox 1550 5766 3819 5854">
    <p class='ocr_par' dir='ltr' id='par_1_116' title="bbox 1550 5766 3819 5854">
     <span class='ocr_line' id='line_1_116' title="bbox 1550 5766 3819 5854; baseline 0.006 -33"><span class='ocrx_word' id='word_1_883' title='bbox 1550 5838 1597 5851; x_wconf 34' lang='lat' dir='ltr'>ﬂ</span> <span class='ocrx_word' id='word_1_884' title='bbox 1633 5769 1654 5850; x_wconf 36' lang='grc' dir='ltr'><strong>ί,</strong></span> <span class='ocrx_word' id='word_1_885' title='bbox 1690 5770 1812 5823; x_wconf 79' lang='grc' dir='ltr'>καθ’</span> <span class='ocrx_word' id='word_1_886' title='bbox 1840 5773 1906 5839; x_wconf 79' lang='grc' dir='ltr'>ἣν</span> <span class='ocrx_word' id='word_1_887' title='bbox 1937 5773 2115 5854; x_wconf 30' lang='grc' dir='ltr'>καὶρὲν</span> <span class='ocrx_word' id='word_1_888' title='bbox 2146 5774 2283 5854; x_wconf 69' lang='grc' dir='ltr'>έστι.</span> <span class='ocrx_word' id='word_1_889' title='bbox 2373 5785 2387 5822; x_wconf 79' lang='lat' dir='ltr'><strong>t</strong></span> <span class='ocrx_word' id='word_1_890' title='bbox 2422 5773 3016 5854; x_wconf 44' lang='lat' dir='ltr'><strong>Ep&#39;ithptévocutiIUXﬁ</strong></span> <span class='ocrx_word' id='word_1_891' title='bbox 3053 5779 3269 5854; x_wconf 74' lang='grc' dir='ltr'>λογικῇ.</span> <span class='ocrx_word' id='word_1_892' title='bbox 3347 5777 3375 5821; x_wconf 64' lang='grc' dir='ltr'>δ</span> <span class='ocrx_word' id='word_1_893' title='bbox 3410 5766 3819 5854; x_wconf 62' lang='grc' dir='ltr'>σεσᾶρκωμένονι</span> 
     </span>
    </p>
   </div>
   <div class='ocr_carea' id='block_1_117' title="bbox 1482 5845 2274 5908">
    <p class='ocr_par' dir='ltr' id='par_1_117' title="bbox 1482 5845 2274 5908">
     <span class='ocr_line' id='line_1_117' title="bbox 1482 5845 2274 5908; baseline 0.003 -13"><span class='ocrx_word' id='word_1_894' title='bbox 1482 5849 1506 5877; x_wconf 72' lang='grc' dir='ltr'><strong>η</strong></span> <span class='ocrx_word' id='word_1_895' title='bbox 1537 5845 1891 5896; x_wconf 62' lang='grc' dir='ltr'>ἀδιάστατον.</span> <span class='ocrx_word' id='word_1_896' title='bbox 1974 5850 1997 5876; x_wconf 84' lang='grc' dir='ltr'>ο</span> <span class='ocrx_word' id='word_1_897' title='bbox 2023 5845 2274 5908; x_wconf 59' lang='grc' dir='ltr'>δεδότες.</span> 
     </span>
    </p>
   </div>
   <div class='ocr_carea' id='block_1_118' title="bbox 2359 5846 3344 5921">
    <p class='ocr_par' dir='ltr' id='par_1_118' title="bbox 2359 5846 3344 5921">
     <span class='ocr_line' id='line_1_118' title="bbox 2359 5846 3344 5921; baseline 0.012 -26"><span class='ocrx_word' id='word_1_898' title='bbox 2359 5855 2385 5895; x_wconf 77' lang='grc' dir='ltr'>Ρ</span> <span class='ocrx_word' id='word_1_899' title='bbox 2419 5846 2504 5903; x_wconf 74' lang='grc' dir='ltr'><strong>ἴσ.</strong></span> <span class='ocrx_word' id='word_1_900' title='bbox 2547 5849 2659 5901; x_wconf 77' lang='grc' dir='ltr'>ναί.</span> <span class='ocrx_word' id='word_1_901' title='bbox 2740 5858 2767 5898; x_wconf 63' lang='grc' dir='ltr'><strong>οἱ</strong></span> <span class='ocrx_word' id='word_1_902' title='bbox 2793 5846 3055 5921; x_wconf 71' lang='grc' dir='ltr'>εὐδοκεῖν,</span> <span class='ocrx_word' id='word_1_903' title='bbox 3087 5846 3344 5921; x_wconf 68' lang='grc' dir='ltr'>εὐλόγως.</span> 
     </span>
    </p>
   </div>
  </div>
