4088 6490
620 422 731 482 343

692 539 891 596 Felicis
922 536 1244 592 sanctissimi
1268 536 1499 605 episcopi
1544 534 1743 599 Roma»,
1766 547 1814 591 et
1846 536 2117 605 martyris.
2218 536 2268 591 Δ

689 712 765 768 De
786 710 949 767 Verbi
977 718 1157 776 autem
1187 707 1565 765 incarnatione
1593 718 1649 764 et
1682 706 1808 773 (ide,
1840 708 2113 764 credimus
2141 709 2194 765 in

618 805 907 861 Dominum
934 812 1179 858 nostrum
1206 800 1391 857 Jesum
1420 800 1697 856 Christum
1735 816 1798 857 ex
1839 799 2058 870 Virgine
2084 801 2197 856 Ma-

620 898 703 949 ria
738 904 943 960 natum,
969 895 1111 963 quod
1141 893 1257 963 ipse
1286 900 1371 948 est
1399 892 1768 962 sempiternus
1792 891 1887 947 Dei
1937 891 2111 947 Filius
2141 900 2198 947 et

622 988 899 1055 Verbum,
956 1002 1063 1043 non
1115 996 1296 1041 autem
1347 984 1507 1041 homo
1547 1000 1577 1039 a
1620 983 1732 1039 Deo
1791 994 2119 1053 assumptus,
2140 994 2198 1038 ut

617 1080 759 1135 alius
791 1080 864 1136 sit
900 1079 970 1135 ab
998 1079 1109 1134 illo.
1143 1076 1329 1147 Neque
1387 1078 1530 1132 enim
1592 1077 1867 1132 hominem
1902 1075 2199 1144 assumpsit

522 1170 523 1173 “
620 1175 714 1229 Dei
741 1174 997 1240 Filius,ut
1020 1174 1160 1228 alius
1189 1174 1257 1227 ab
1284 1172 1402 1242 ipso
1427 1170 1661 1225 exsistat
1693 1185 1707 1223 :
1738 1170 1831 1224 sed
1873 1185 1994 1225 cum
2021 1168 2200 1237 perfe-

615 1279 739 1323 ctus
761 1268 901 1324 Deus
918 1277 1084 1332 esset,
1115 1265 1289 1320 factus
1318 1273 1404 1320 est
1424 1263 1585 1319 simul
1629 1272 1685 1318 et
1712 1263 1873 1318 homo
1899 1259 2197 1333 perfectus,

614 1376 685 1416 ex
713 1359 928 1433 Virgine
959 1362 1294 1416 incarnatus.

1016 1557 1665 1615 ANATHEMATISMUS
1687 1553 1799 1610 Vll.

701 1672 759 1729 Si
796 1672 919 1743 quis
955 1669 1141 1726 Jesum
1179 1680 1436 1740 tanquam
1470 1669 1747 1723 hominem
1796 1682 1824 1722 a
1883 1666 1978 1721 Dei
2021 1665 2201 1722 Verbo

621 1764 866 1833 agitante
898 1773 1105 1818 motum
1138 1761 1415 1824 habuisse,
1442 1759 1831 1829 Unigenitique
1863 1758 2088 1827 gloriam
2124 1757 2199 1812 illi

620 1864 877 1923 tanquam
926 1853 1077 1908 alteri
1108 1851 1341 1921 cuipiam
1400 1852 1468 1908 ab
1522 1851 1639 1922 ipso
1698 1851 1891 1917 Verbo,
1916 1850 2202 1906 advenisse

621 1947 825 2001 dixerit
857 1962 870 1998 :
909 1946 1196 2000 anathema
1221 1944 1312 2000 sit.

1076 2057 1432 2113 Orientalium
1451 2058 1699 2128 objectio.

692 2171 1014 2229 Possessum
1047 2172 1214 2229 fuisse
1236 2173 1524 2229 Dominum
1552 2181 1801 2228 nostrum
1822 2170 2008 2228 Jesum
2041 2172 2203 2229 Chri-

620 2278 769 2320 stum
790 2280 820 2320 a
859 2264 1062 2339 Spirjtu
1100 2265 1341 2335 agitante
1362 2275 1422 2320 ut
1445 2264 1723 2321 hominem
1756 2265 2100 2335 simpliciter,
2118 2266 2201 2322 vel

624 2370 683 2411 ut
713 2359 1055 2430 prophetam,
1086 2358 1171 2414 vel
1210 2368 1269 2413 ut
1300 2358 1628 2427 apostolum,
1677 2358 1858 2413 nullus
1912 2359 2203 2414 conﬁtebi-

624 2462 715 2505 tur
751 2455 887 2505 :sed
917 2459 1098 2505 tamen
1128 2449 1461 2518 apostolicas
1514 2464 1677 2505 voces
1727 2449 1795 2504 de
1829 2449 1920 2506 illo
1978 2460 2203 2520 propter

622 2539 852 2595 visibilis
874 2540 1058 2595 carnis
1092 2550 1345 2595 naturam
1367 2542 1562 2602 dictas,
1633 2554 1809 2609 neque
1861 2542 2198 2610 negabimus,

625 2644 801 2699 neque
830 2644 1240 2699 expungemus,
1288 2631 1530 2684 dicentes
1584 2630 1802 2700 quidem
1859 2630 2197 2699 aliquando:

630 2740 647 2772 ι
688 2720 994 2774 Secundum
1031 2721 1402 2789 operationem
1434 2720 1643 2776 roboris
1659 2721 1874 2777 virtutis
1895 2723 2199 2792 ejus,quam

621 2822 882 2878 operatus
911 2822 995 2867 est
1033 2812 1087 2866 in
1114 2812 1354 2876 Christo,
1403 2813 1672 2868 suscitans
1720 2813 1893 2883 ipsum
1935 2829 2002 2869 ex
2048 2831 2197 2871 mor-

624 2905 749 2970 tuis,
778 2904 994 2960 solvens
1022 2904 1238 2960 dolores
1262 2906 1453 2959 mortis
1480 2905 1605 2945 ⁹¹-⁸¹
1633 2916 1747 2973 μοι
1770 2906 1965 2961 iterum
1995 2926 2007 2962 :
2040 2906 2199 2963 «Vir-

624 3005 738 3050 tute
757 2996 849 3050 Dei
877 2997 1146 3051 exaltatus
1179 2997 1263 3064 ⁸¹;
1302 3015 1319 3049 ι
1342 3006 1396 3052 et
1423 3012 1759 3067 quaecunque
1793 2999 1941 3052 talia.
2000 2998 2198 3055 Verum

622 3088 873 3156 quamvis
897 3088 1015 3143 haec
1050 3089 1223 3158 posita
1284 3089 1393 3143 sint
1424 3098 1647 3157 propter
1681 3091 1751 3152 id,
1790 3091 1932 3160 quod
1970 3102 2090 3145 erat
2121 3092 2200 3146 vi-

622 3179 800 3244 sibile,
830 3194 989 3235 nemo
1017 3189 1196 3235 tamen
1227 3180 1299 3234 ita
1325 3181 1576 3250 accipiet,
1618 3196 1681 3236 ac
1706 3182 1749 3237 si
1789 3183 1867 3236 vel
1923 3193 1981 3236 ut
2038 3184 2200 3238 homo

623 3274 943 3343 simpliciter
966 3284 1112 3331 esset
1154 3274 1347 3331 aliena:
1378 3277 1709 3346 Operationis
1768 3276 1818 3329 vi
1881 3286 2086 3340 motus,
2118 3275 2200 3329 Vel
2230 3261 2271 3317 C

627 3376 681 3418 ut
703 3366 902 3436 justus,
930 3367 1011 3421 vel
1045 3376 1102 3421 ut
1134 3372 1419 3438 propheta,
1449 3368 1529 3422 vel
1560 3377 1615 3422 ιιι
1665 3368 1975 3437 apostolus:
2031 3381 2203 3436 neque

626 3472 814 3513 rursus
843 3458 1058 3514 divinas
1090 3474 1248 3513 voces
1278 3470 1371 3513 aut
1413 3459 1655 3515 delemus
1698 3470 1790 3514 aut
1856 3458 2200 3521 inliciamur;

626 3562 802 3617 neque
835 3548 1084 3617 imperite
1110 3550 1269 3605 simul
1304 3559 1358 3605 et
1391 3550 1711 3621 blaspheme
1764 3551 2203 3604 anathematiza-

627 3658 746 3696 mus
778 3641 952 3697 dictas
991 3652 1045 3696 et
1070 3641 1230 3713 175
1260 3642 1467 3712 positas
1491 3650 1713 3713 propter
1743 3641 1975 3695 visibilis
2023 3642 2202 3696 carnis

628 3747 909 3801 naturam;
937 3751 1114 3805 neque
1139 3743 1195 3790 ut
1228 3737 1501 3791 hominem
1529 3734 1870 3806 simpliciter,
1902 3734 1983 3789 vel
2022 3745 2079 3789 ut
2108 3734 2202 3805 ju-

622 3836 791 3892 stum,
821 3824 903 3879 vel
929 3825 1271 3895 prophetam,
1322 3828 1402 3881 vel
1467 3827 1796 3896 apostolum.
1853 3826 2204 3896 Operationes

621 3918 798 3971 aliena
831 3918 1028 3975 virtute
1055 3921 1365 3974 exercuisse
1387 3920 1653 3974 dicemus.
1716 3917 1831 3973 Non
1885 3918 2029 3972 enim
2057 3918 2205 3973 dice-

620 4008 750 4063 bat:
792 4008 916 4064 Haac
951 4010 1082 4065 dicit
1108 4009 1524 4074 Dominus;st
1573 4020 1624 4065 ut
1664 4008 1834 4064 Filius
1874 4007 2199 4078 legislator:

629 4118 648 4153 ι
682 4100 796 4170 Ego
825 4112 1005 4157 autem
1037 4102 1157 4157 dico
1176 4104 1328 4157 vobis
1362 4100 1430 4156 ⁸³.
1460 4120 1479 4154 ι

1138 4212 1328 4286 Cyrilli
1368 4214 1624 4283 defensio.

695 4332 760 4386 Et
790 4346 933 4385 nunc
960 4344 1175 4401 quoque
1225 4330 1417 4385 iisdem
1467 4330 1812 4385 sermonibus
1869 4331 2203 4386 defensionis

626 4425 818 4478 modus
849 4424 1081 4478 incedet.
1120 4421 1253 4476 Nam
1292 4437 1431 4475 unus
1454 4421 1671 4490 quidem
1715 4430 1797 4476 est
1817 4424 2020 4492 absque
2047 4424 2203 4478 dubi-

1618 414 1677 470 S.
1718 413 1993 471 CYRILLI
2031 406 2503 468 ALEXANDRINI
2539 404 2861 465 ARCHIEP.

3803 398 3939 456 344

2336 530 2599 599 «humo;
2627 528 2736 584 τοῦ
2766 520 3099 611 ἀτιωτάξοὺ
3124 521 3467 579 ἐπισκόπου
3493 519 3752 590 Ῥώμης,
3773 518 3895 571 καὶ

2933 612 3252 665 μαρτυρος.

2373 715 2510 787 Περὶ
2559 712 2618 767 δι
2658 712 2757 783 τῆς
2806 709 3138 782 σαρκώσεως
3169 705 3266 761 τοῦ
3293 704 3493 774 Λόγου,
3530 700 3631 756 καὶ
3672 699 3791 771 τῆς
3820 699 3939 751 πι-

2306 824 2520 872 στεως,
2563 806 2895 877 πιστεύομεν
2947 805 3029 867 εἰς
3074 800 3168 854 τὸν
3219 797 3430 869 Κύριον
3478 795 3643 867 ἡμῶν
3696 788 3939 864 Ἰησοῦν

2304 900 2563 971 Χριστὸν,
2596 901 2686 955 τὸν
2719 901 2785 953 ὲκ
2818 897 2916 968 τῆς
2952 892 3234 965 Παρθένου
3272 889 3493 961 Μαρίας
3535 882 3937 957 γεννηθέντα,

2303 995 2387 1047 ὅτι
2428 992 2591 1056 αὐτός
2635 992 2783 1043 ἐστιν
2824 990 2853 1042 ὁ
2885 984 2979 1042 τοῦ
3015 982 3153 1038 Θεοῦ
3188 981 3359 1045 ἀΐδιος
3385 979 3514 1043 Yth;
3546 978 3645 1031 καὶ
3707 975 3935 1043 Λόγος.

2304 1089 2400 1142 καί.
2422 1087 2522 1141 οὐκ
2547 1086 2832 1157 ἄνθρωπος
2859 1079 2965 1134 ὑπὸ
2995 1076 3133 1133 Θεοῦ
3164 1073 3516 1145 ἀναληφθεὶς,
3540 1072 3612 1127 ἶν’
3638 1070 3866 1139 ἔτερος

2305 1182 2433 1252 παρ’
2459 1181 2685 1233 ἐκεῖνον.
2704 1174 2839 1230 Οὐδὲ
2865 1173 2976 1243 γὰρ
3000 1169 3287 1242 ἄνθρωπον
3307 1165 3571 1221 ἀνέλαϐεν
3587 1166 3618 1218 ὁ
3776 1158 3938 1214 Θεοῦ

2305 1251 2454 1337 Υιδς,
2477 1273 2567 1326 ἵνα
2596 1265 2632 1345 ᾖ
2656 1268 2843 1339 ἕτερος
2866 1262 2997 1335 παρ’
3028 1261 3190 1316 αὐτόν
3211 1276 3224 1291 ο
3254 1258 3391 1313 ἀλλὰ
3410 1256 3545 1320 Θεὸς
3570 1255 3645 1309 ὢν
3664 1251 3938 1317 τέλειος,

2305 1366 2529 1435 γέγονεν
2566 1344 2683 1434 ἅμα
2733 1361 2828 1413 καὶ
2876 1355 3081 1419 τέλειος
3129 1350 3441 1424 ἄνθρωπος,
3472 1346 3809 1420 σαρκωθεὶς
3864 1344 3941 1397 ὲκ

2305 1456 2607 1530 Παρθένου.

2747 1554 3345 1618 ΑΝΑΘΕΜΑΤΙΣΜΟΣ
3382 1554 3458 1608 Z'.

2378 1684 2447 1740 Εἴ
2484 1681 2568 1746 τίς
2607 1695 2793 1751 φησιν,
2828 1675 2904 1737 ὡς
2939 1670 3234 1760 ἄνθρωπον
3260 1663 3598 1760 ὲνηργῆσθαι
3642 1660 3775 1760 ῦπῗ

2308 1777 2445 1835 Θεοῦ
2474 1775 2648 1844 Λόγου
2674 1769 2766 1824 τὸν
2804 1763 3034 1837 Ἰησοῦν,
3062 1760 3159 1815 καὶ
3188 1759 3290 1831 τὴν
3322 1756 3417 1811 τοῦ
3442 1750 3814 1824 Μονογενοῦς
3835 1750 3939 1803 εὖ·

2236 1901 2278 1957 Β
2308 1870 2488 1933 δοξὶαν
2518 1860 2821 1936 περιῆφθαι
2867 1859 2943 1923 ὡς
2985 1854 3156 1926 ἑτέρῳ
3183 1851 3314 1923 παρ’
3350 1848 3513 1903 αὐτὸν
3549 1846 3893 1917 ὑπάρχοντι
3916 1857 3934 1871 ο

2309 1960 2561 2030 ἀνάθεμα
2593 1954 2754 2008 ἔστω.

2612 2066 2985 2136 Ἀντίρῤησις
3023 2060 3145 2116 τῶν
3194 2052 3608 2114 Ἀνατολικῶν.

2392 2182 2761 2258 Ἐνηργῆσθαι
2804 2180 2896 2233 τὸν
2948 2176 3155 2249 Κύριον
3203 2171 3363 2245 ἡμῶν
3404 2164 3613 2239 Ἰησοῦν
3657 2161 3938 2235 Χριστὸν

2309 2284 2416 2340 ὑπὸ
2448 2281 2545 2336 τοῦ
2585 2277 2904 2346 Πνεύματος
2932 2273 3009 2336 ὡς
3041 2271 3330 2341 ἄνθρωπον
3362 2262 3567 2327 ἁπλῶς,
3600 2259 3634 2326 ἢ
3664 2258 3763 2322 ὡς
3789 2273 3941 2327 «po.

2308 2378 2507 2447 φήτην,
2537 2373 2571 2444 ἢ
2602 2372 2678 2435 ὡς
2714 2366 3036 2429 ἀπόστολον,
3069 2362 3249 2425 οὐδεὶς
3276 2358 3344 2413 ἂν
3369 2355 3745 2447 ὁμολογήσειε
3770 2366 3786 2378 ·
3828 2348 3937 2447 cf;

2312 2439 2501 2539 pit-vros
2539 2439 2904 2522 άποστολικάς
2936 2454 3122 2527 φωνὰς
3151 2453 3282 2523 περὶ
3307 2447 3471 2503 αὑτοῦ
3517 2444 3607 2539 διά
3648 2442 3771 2539 τὴν
3827 2439 3938 2539 τῆς

2308 2533 2642 2631 ξραινομένης
2690 2551 2893 2625 σαρκὸς
2939 2548 3100 2621 φύσιν
3155 2543 3475 2617 εἰρημένας,
3520 2536 3635 2631 οὔτ’
3659 2533 3935 2631 ἀρνησό-

2312 2626 2485 2725 μεθα,
2521 2648 2631 2704 οὔτ’
2669 2647 2734 2703 ἂν
2772 2644 3159 2715 ὲξαλείψαιμεν
3184 2640 3229 2703 ί,
3262 2635 3392 2689 ποτὲ
3436 2631 3536 2725 μὲν
3581 2626 3934 2725 its-70:55:34.-

2314 2718 2331 2795 ὲ
2362 2741 2525 2796 Κατά
2550 2739 2647 2811 τὴν
2682 2738 2968 2808 ἐνέργειαν
3001 2731 3095 2787 τοῦ
3126 2729 3363 2802 κράτους
3394 2725 3493 2795 τῆς
3529 2720 3723 2791 ἰσχύος
3748 2718 3935 2773 αὑτοῦ

2306 2835 2372 2907 ἣν
2397 2833 2705 2904 ἐνήργησεν
2752 2830 2811 2882 ἐν
2841 2827 2919 2898 τῷ
2952 2822 3197 2896 Χριστῷ,
3230 2819 3454 2888 ἐγείρας
3495 2813 3657 2870 αὑτὸν
3711 2814 3937 2907 ἕλε-νει

2308 2903 2475 2993 διρῶν,
2513 2923 2680 2986 λύσας
2715 2921 2813 2985 τὰς
2838 2918 3031 2981 ὀδύνας
3059 2914 3153 2969 τοῦ
3187 2913 3450 2967 θανάτου’
3489 2928 3507 2959 ι
3563 2907 3661 2960 καὶ
3708 2903 3932 2966 πάλιν,

2314 3036 2331 3067 ι
2365 3018 2443 3087 Τῇ
2473 3014 2703 3084 δυνάμει
2734 3011 2829 3065 τοῦ
2863 3008 3000 3063 Θεοῦ
3027 3004 3297 3077 ὑψωθείςο
3332 3023 3351 3056 ι
3386 3001 3481 3054 καὶ
3514 3000 3613 3052 ὅσα
3648 2994 3935 3048 τοιαῦτα.

2320 3108 2457 3161 Ἀλλ’
2490 3110 2538 3161 εἰ
2586 3106 2681 3160 καὶ
2728 3103 2907 3158 ταῦτα
2954 3102 3278 3175 πρόσκειται
3326 3093 3417 3148 διὰ
3456 3092 3516 3144 τὸ
3550 3087 3933 3158 φαινόμενον,

2307 3200 2481 3261 οὐδεὶς
2525 3198 2590 3251 ἂν
2642 3193 2864 3249 ὲκλάϐοι
2912 3193 2947 3265 ἢ
3007 3192 3079 3254 ὡς
3127 3188 3417 3260 ἄνθρωπον
3451 3182 3636 3244 ἁπλῶς
3668 3179 3933 3233 taurini

2306 3286 2718 3358 ἐνεργούμενον,
2752 3285 2785 3357 ἢ
2826 3286 2903 3348 ὼς
2946 3284 3181 3345 δίκαιον,
3213 3281 3246 3351 ἦ
3285 3279 3360 3341 ὡς
3403 3276 3723 3349 προφήτην,
3776 3271 3820 3344 ἦ
3854 3271 3935 3333 ὡς

2307 3379 2632 3433 ἀπόστολον’
2687 3376 2799 3433 οὔτ’
2828 3372 2895 3431 αὖ
2931 3376 3070 3440 τὰς*
3104 3375 3254 3435 θείας
3298 3369 3483 3440 φωνὰς
3515 3364 3932 3434 ἐξαλείφομεν,

2304 3470 2338 3541 ἢ
2383 3468 2715 3541 ἀρνούμεθα,
2759 3466 3061 3540 ἧάμαθῶς
3112 3481 3170 3518 τε
3214 3461 3355 3533 ὁμοῦ
3410 3460 3502 3513 καί
3559 3456 3936 3527 βλασφήμως

2304 3560 2800 3633 ἀναθεματίζομεν,
2862 3557 3163 3630 εἰρημένας
3207 3554 3303 3609 καὶ
3360 3552 3616 3624 κειμένας
3664 3548 3773 3602 διὰ
3830 3548 3934 3619 τὴν

2304 3655 2401 3725 τῆς
2451 3654 2788 3722 φαινομένης
2834 3650 3040 3722 σαρκὸς
3091 3648 3276 3719 φύσιν,
3312 3645 3438 3699 οὔτε
3485 3646 3558 3709 ὡς
3612 3642 3936 3715 ἄνθρωπον

2304 3744 2512 3809 ἁπλῶς.
2542 3745 2575 3816 ἣ
2605 3746 2679 3809 ὡς
2709 3745 2941 3808 δίκαιον,
2976 3744 3009 3814 ἢ
3044 3742 3120 3805 ὡς
3151 3742 3464 3812 προφήτην,
3499 3738 3532 3808 ἦ
3559 3738 3634 3799 ὡς
3668 3736 3937 3789 ἀπόστο-

2304 3836 2393 3890 λον
2432 3836 2768 3907 ὲνηργῆσϐαι
2816 3835 3090 3905 φήσομενο
3122 3833 3185 3885 ού
3216 3832 3325 3901 γάρ
3356 3830 3534 3897 ἔλεγε·
3574 3826 3723 3880 Τάδε
3766 3825 3935 3892 λέγει

2305 3928 2541 4001 Κύριος’
2577 3928 2693 3984 ἀλλ’
2722 3927 2799 3993 ὡς
2846 3926 2976 3990 Υἱὸς
3023 3923 3365 3996 νομοθετῶνο
3416 3918 3598 3989 «Ἐγὼ
3647 3918 3709 3971 δὲ
3772 3917 3936 3987 λέγω

2305 4022 2456 4093 ὑμῖν.
2489 4041 2509 4073 ι

2762 4216 3091 4284 Ἀπολογία
3118 4212 3450 4283 Κυρίλλου.

2374 4331 2485 4385 Καὶ
2517 4330 2612 4386 νῦν
2658 4331 2790 4401 ἡμῖν
2840 4329 2994 4383 οὐδὲν
3022 4324 3185 4400 ἦττον
3224 4325 3315 4379 διὰ
3363 4323 3475 4377 τῶν
3512 4320 3644 4375 ἴσων
3675 4320 3937 4391 ἔρχεται

2302 4423 2475 4493 λόγων
2504 4424 2605 4494 τῆς
2650 4421 2950 4490 ἀπολογίας
2976 4423 3005 4474 ὁ
3035 4419 3266 4491 τρόπος·
3317 4411 3399 4481 εἷς
3448 4416 3547 4486 μὲν
3589 4414 3702 4485 γάρ
3760 4417 3937 4468 ἐστιν

627 4519 829 4570 latione
857 4515 1121 4570 Dominus
1148 4524 1330 4569 noster
1381 4511 1538 4567 Jesus
1594 4512 1865 4578 Christus,
1901 4515 1992 4584 qui
2057 4516 2200 4569 idem

2316 4516 2749 4588 5μολογουμένως
2803 4516 2830 4568 ὁ
2878 4512 3084 4583 Κύριος
3131 4511 3289 4583 ἡμῶν
3325 4508 3535 4581 Ἰησοῦς
3581 4506 3876 4578 Χριστὸς,
3908 4509 3937 4559 ὁ

624 4608 862 4662 creditus
886 4616 1109 4661 estesse
1139 4613 1195 4659 et
1228 4619 1294 4659 ex
1328 4602 1437 4659 Deo
1470 4604 1628 4658 Patre
1669 4604 1905 4659 Verbum
1938 4616 2201 4662 aeternum

2316 4606 2466 4671 αὐτὸς
2515 4602 2702 4659 εἰναικ
2752 4604 3184 4675 πεπιστευμένος
3226 4602 3322 4656 καὶ
3374 4603 3439 4671 εκ
3491 4596 3624 4651 Θεοῦ
3680 4596 3935 4669 Πατρεὺς

625 4706 826 4752 ctante
846 4698 1150 4757 s:ecula;et
1185 4695 1236 4749 in
1288 4695 1597 4750 novissimis
1636 4696 1815 4752 saeculi
1867 4699 2199 4768 temporibus

2316 4698 2474 4768 λόγος
2505 4697 2674 4762 state;
2706 4715 2764 4751 τε
2790 4697 2887 4751 καὶ
2916 4695 3262 4768 πρωιὼνιος,
3304 4692 3403 4747 καὶ
3434 4694 3493 4745 ὲν
3519 4690 3789 4761 ἐσχάτοις
3824 4690 3934 4743 τοῦ

626 4789 789 4845 homo
817 4804 881 4843 ex
903 4788 1150 4853 muliere,
1188 4786 1277 4855 qui
1334 4786 1708 4841 admirabilem
1768 4790 1949 4842 habuit
2008 4805 2201 4845 secun-

2316 4788 2499 4851 ῑίὦνος
2547 4790 2758 4859 καιροῖς
2809 4786 3092 4858 ἄνθρωπος
3143 4787 3208 4839 ὲκ
3249 4782 3545 4853 γυναικὸς,
3590 4779 3936 4851 παράδοξον

627 4883 751 4934 dum
785 4894 1003 4934 carnem
1041 4877 1402 4932 nativitatem.
1441 4875 1826 4932 Verumtamen
1882 4895 1998 4935 cum
2064 4897 2201 4937 unus

2316 4879 2549 4951 εσχηκὼς
2581 4879 2677 4950 τὴν
2711 4878 2854 4933 κατά
2904 4878 3086 4949 σάρκα
3133 4877 3411 4945 γέννησιν.
3431 4871 3572 4925 Ἀλλ’
3603 4865 3683 4933 εἷς
3714 4871 3938 4943 ὑπάρ-

625 4983 765 5027 esset
805 4970 975 5026 Filius
1007 4980 1062 5027 et
1103 4969 1243 5025 Deus
1271 4979 1326 5025 et
1361 4969 1639 5037 Dominus,
1688 4974 2017 5041 operabatur
2045 4974 2197 5043 signa

2316 4989 2412 5041 (ων
2444 4971 2589 5036 Υἱὸς,
2620 4973 2713 5025 καί⁸
2758 4969 2913 5035 Θεὸς,
2946 4970 3041 5023 καὶ
3080 4968 3308 5040 Κύριος,
3335 4963 3626 5037 εἰργάζετο
3649 4962 3758 5027 τὰς
3797 4964 3937 5018 θεοο

626 5080 720 5133 por
756 5064 1010 5118 virtutem
1078 5063 1364 5133 plusquam
1422 5063 1749 5129 humanam;
1811 5064 2204 5121 sufﬁcientibus

2316 5064 2539 5134 σημείας
2578 5064 2666 5116 διὰ
2711 5066 2812 5135 τῆς
2860 5063 3002 5134 ὑπὲρ
3035 5061 3327 5131 ἄνθρωπον
3366 5056 3583 5128 ἰσχύος·
3617 5054 3935 5127 πληροφο-

626 5155 958 5224 argumentis
988 5154 1210 5218 docens,
1247 5155 1390 5222 quod
1423 5156 1670 5224 quamvis
1726 5155 1903 5211 lactus
1932 5158 2003 5212 sit
2049 5172 2201 5222 caro,

2316 5155 2417 5226 ρῶν
2447 5156 2549 5221 ὃτι,
2581 5156 2675 5208 καὶ
2718 5157 2766 5209 εἰ
2811 5155 3007 5224 γέγονε
3047 5153 3205 5223 σὰρξ,
3246 5151 3362 5207 ἀλλ’
3398 5150 3553 5206 οὐδὲν
3582 5141 3752 5220 ἧττόν
3790 5151 3933 5205 ἐστι

628 5247 980 5303 nihilominus
1003 5256 1181 5301 tamen
1215 5248 1285 5301 sit
1309 5247 1473 5300 etiam
1510 5248 1588 5300 sic
1622 5246 1760 5302 Deus
1803 5265 1984 5314 verus,
2016 5261 2068 5305 et
2097 5252 2205 5303 vir-

2316 5248 2402 5301 καὶ
2444 5246 2585 5300 οὕτω
2622 5248 2753 5311 Θεὸς
2786 5247 3041 5319 ἀληθινὸς
3074 5248 3169 5300 καὶ
3220 5245 3459 5315 δύναμις
3507 5241 3600 5295 τοῦ
3636 5242 3885 5313 Πατρός
3910 5261 3927 5276 ·

630 5348 715 5391 tus
750 5337 948 5391 l’atris.
982 5336 1098 5392 Non
1137 5338 1280 5391 enim
1311 5338 1661 5393 destititesse
1680 5342 1822 5408 quod
1860 5351 1997 5405 erat,
2030 5342 2205 5397 lactus

2316 5342 2369 5394 ού
2404 5340 2512 5413 γὰρ
2542 5340 2814 5395 πέπαυται
2852 5339 2946 5394 τοῦ
2982 5335 3122 5394 εἶναι
3166 5337 3194 5392 ὃ
3235 5332 3323 5410 ἦν,
3356 5335 3650 5406 γενόμενος
3680 5332 3931 5406 avem.

687 5512 809 5553 at-“
837 5512 1037 5583 Εμιιρς,
1073 5530 1110 5576 ι,
1142 5513 1225 5569 19,
1289 5515 1332 5545 ⁸³
1368 5515 1488 5568 Act.
1530 5529 1588 5575 II,
1624 5516 1704 5569 55.
1790 5516 1836 5547 ⁸³
1870 5516 2057 5570 Matth.
2099 5531 2154 5581 ν,
2182 5516 2273 5575 92.

1692 5672 1865 5728 Varia:
1902 5674 2162 5729 lectiones
2192 5691 2257 5728 ex
2294 5675 2477 5731 codice
2503 5674 2873 5748 St'guicriuno.

701 5820 721 5857 ⁸
749 5814 816 5876 αὖ
846 5819 1220 5892 ἐξαλεῑᾲομεν,
1295 5834 1321 5862 υ
1357 5827 1441 5880 ie.
1478 5828 1654 5883 αὐτόν.
1728 5838 1752 5866 ν
1786 5825 1875 5883 οὖν
1906 5828 2022 5893 τάς.
2104 5836 2127 5864 ι
2158 5824 2269 5880 οὖν.
