4088 6458
238 418 350 479 ’ἔιέὅ

850 418 1381 477 APOLOGETICUS
1420 419 1555 478 PRO
1596 419 1689 475 ΧΠ
1727 416 2092 474 CAPITIBUS
2129 416 2408 474 CONTRA
2450 398 2904 473 ORIEN'I‘ALES.

3384 406 3491 467 546

235 537 649 609 πος.Ἐπλήρου
686 537 978 609 τοιγαροῦν
1032 537 1098 592 τά
1147 537 1454 610 παράδοξα·
1507 537 1667 592 τοῦτο
1723 536 1820 608 μὲν

1928 536 2108 591 homo.
2135 534 2392 590 Faciebat
2421 533 2585 602 igitur
2616 530 2855 596 insolita,
2905 538 3018 582 tum
3064 528 3204 595 quod
3225 525 3489 580 daemonia

232 629 536 703 δαιμονίοις
581 629 869 700 ἐπιτιμῶν,
896 630 991 683 καὶ
1042 630 1340 702 συντρίϐων
1383 630 1473 684 τὸν
1531 630 1810 683 Σατανᾶν·

234 723 399 777 τοῦτο
428 723 484 777 δὲ
511 722 732 793 τυφλοῖς
758 723 821 775 τὸ
848 722 964 792 φῶς
996 722 1187 787 ὲνιείςο
1220 724 1447 796 νεκροὺς
1493 720 1724 777 ἀνιστῶν
1744 728 1772 768 1
1798 734 1812 750 ’

236 817 517 871 Θάλασσαν
548 814 939 885 ἀγριαίνουσαν
982 814 1062 869 ἑνὶ
1090 816 1435 881 κατευνάζων
1465 817 1687 886 ρήιιατι’
1714 812 1813 882 οὐχ

234 907 315 972 ὡς
345 908 630 976 ἄνθρωπόν
662 924 804 973 τινα,
835 908 931 962 καὶ
965 907 1151 978 ἕτερον
1180 908 1308 962 ὅντα
1338 908 1650 975 καταμόνας
1681 908 1815 976 Χρι-

236 998 391 1065 στὸν,
424 996 741 1063 δοξάζεσθαι
771 997 959 1063 ποιῶν,
979 998 1231 1071 καθάπερ
1248 997 1439 1068 ἀμέλει
1469 998 1559 1051 καὶ
1589 996 1685 1050 ἕνα
1708 994 1814 1049 τῶν

233 1090 414 1159 ἀγίων
458 1088 771 1161 προίρητῶν,
813 1089 846 1161 ῆ
893 1088 1020 1159 γοῦν
1065 1090 1443 1143 ἀποστόλων²’
1499 1088 1611 1142 ἀλλ’
1642 1085 1818 1157 ἑαυτῷ

236 1183 340 1252 τὴν
390 1182 547 1249 δόξαν
589 1182 1134 1254 πραγματευόμενος,
1171 1182 1257 1236 ἵνα
1294 1181 1447 1252 παρὰ
1478 1180 1695 1234 πάντων
1728 1197 1818 1232 πι-

238 1272 501 1345 στεύηται
546 1273 677 1337 Θεὸς
722 1272 798 1326 ὣν
840 1272 1022 1342 φύσει,
1053 1274 1149 1327 καὶ
1183 1274 1232 1327 εί
1264 1272 1483 1342 γέγονεν
1512 1271 1814 1342 ἄνθρωπος.

237 1360 351 1419 Ἦν
383 1361 478 1418 οὖν
505 1363 615 1436 ἄρα
656 1362 766 1417 τῶν
806 1362 1198 1417 ὲκτοπωτάτων
1244 1362 1575 1433 ἀνασχέσθαι
1619 1363 1821 1415 Νεστο-

238 1454 362 1527 ρίου
391 1454 639 1523 λέγοντος
658 1469 672 1482 ·
700 1455 893 1509 Κοιναὶ
921 1453 1031 1524 γὰρ
1063 1455 1119 1509 αἱ
1140 1453 1240 1524 τῆς
1270 1453 1496 1525 Τριάδος
1524 1451 1816 1524 ἐνέργειαι,

236 1545 339 1599 καὶ
372 1545 560 1615 μόναις
587 1543 914 1598 ὑποστάσεσι
949 1544 1048 1615 τὴν
1072 1544 1335 1616 διαίρεσιν
1363 1543 1583 1616 ἔχουσαι
1607 1562 1619 1575 ο
1650 1544 1820 1614 ἤγουν

235 1634 336 1690 τοῦ
367 1634 705 1703 Μονογενοῦς
736 1636 769 1706 ή
803 1631 1021 1699 εὐδοξία
1038 1635 1166 1688 ποτὲ
1204 1635 1301 1706 μὲν
1333 1635 1411 1707 τῷ
1458 1635 1634 1706 Πατρὶ
1660 1652 1819 1706 περι-

234 1725 437 1795 ἧπται,
467 1726 597 1780 ποτὲ
622 1726 679 1779 δὲ
706 1724 785 1796 τῷ
816 1726 1112 1797 Πνεῦματι,
1137 1727 1268 1779 ποτὲ
1292 1725 1346 1778 δὲ
1376 1729 1441 1797 τῇ
1462 1725 1555 1779 τοῦ
1582 1724 1819 1796 Χριστοῦ

235 1816 547 1889 δυναστείᾳ.
580 1816 789 1871 Οὐκοῦν
837 1816 869 1888 ἢ
917 1816 1371 1884 δεικνύτωσαν,οἱ
1417 1819 1676 1887 ἐπιτιμᾷν
1705 1816 1821 1869 ἐθέ-

235 1908 446 1974 λοντες,
485 1909 668 1980 ἕτερον
698 1910 829 1981 ἡμῖν
862 1910 1094 1979 Χριστὸν
1128 1910 1233 1980 ίδίᾳ
1264 1909 1355 1962 καὶ
1380 1909 1485 1962 ἀνά
1524 1910 1687 1979 μέρος
1716 1908 1820 1961 ὑπ·
1853 1891 1894 1946 Β

236 2001 480 2070 ἀρχοντα
534 2001 627 2055 καὶ
669 2001 989 2070 νοούμενον,
1018 1994 1062 2067 ᾧ
1107 2001 1206 2071 τὴν
1254 1999 1447 2053 ἑαυτοῦ
1504 1999 1821 2054 δυναστείαν

237 2092 516 2163 περιῆψεν
536 2095 564 2145 6
599 2093 894 2163 μονογενὴς
921 2091 1015 2145 τοῦ
1047 2090 1183 2145 Θεοῦ
1217 2092 1409 2160 Λόγος,
1434 2092 1510 2155 ὡς
1536 2092 1723 2163 ἕτερος
1746 2091 1821 2144 ὢν

235 2184 375 2254 παρ’
405 2184 563 2237 αὑτὸν
595 2183 778 2248 ίδικῶς
806 2185 835 2237 6
862 2184 983 2247 Υίός
1002 2199 1016 2215 ο
1047 2184 1140 2236 καὶ
1165 2183 1198 2253 ἢ
1224 2185 1273 2236 εί
1291 2197 1313 2224 α
1341 2186 1414 2254 μή
1443 2186 1588 2237 ἐστιν
1612 2184 1819 2254 ἕτερος,

237 2280 337 2329 καὶ
372 2277 575 2345 ἕτερος,
605 2276 719 2330 ἀλλ’
748 2270 830 2339 είς
861 2292 921 2328 τε
949 2276 1042 2329 καὶ
1082 2276 1111 2328 6
1153 2275 1336 2341 αὐτὸς,
1373 2276 1465 2328 καὶ
1502 2276 1567 2328 ὲκ
1610 2276 1823 2347 Πατρὸς

239 2368 557 2439 μονογενὴς,
588 2370 681 2422 καὶ
712 2367 970 2438 γυναικὸς
1000 2366 1282 2438 ἄνθρωπος
1316 2366 1457 2421 κατά
1480 2367 1676 2439 σάρκα,
1705 2366 1823 2431 πῶς

234 2454 310 2532 ἦν
336 2459 625 2515 ἀκόλουθον
656 2459 869 2513 ἑλέσθαι
895 2460 1071 2530 σιγᾷν,
1098 2460 1191 2512 καὶ
1224 2459 1344 2528 οὐχὶ
1366 2459 1430 2528 δὴ
1464 2458 1661 2527 μᾶλλον
1693 2459 1823 2511 ἀντ-

235 2553 576 2624 αναστῆναιδ
624 2552 787 2606 πάλιν
829 2553 929 2622 τῆς
974 2552 1233 2623 ἀληθείας
1275 2551 1375 2622 τὴν
1423 2550 1649 2620 δύναμιν
1714 2553 1824 2614 τοῖς

235 2646 375 2716 παρ’
416 2644 625 2699 ἐκείνου
680 2644 1090 2716 βατταρισμοῖς,
1119 2644 1226 2696 τῶν
1279 2644 1379 2711 τῆς
1425 2642 1707 2705 εὐσεϐείας
1738 2642 1825 2694 δο-

232 2738 468 2808 γμάτων
492 2737 553 2791 τὸ
574 2737 768 2801 κάλλος
797 2736 1275 2809 παρασημαίνουσι
1296 2755 1309 2802 ;
1334 2733 1443 2788 Ἦν
1474 2734 1573 2806 μὲν
1596 2729 1688 2787 οῦν
1732 2733 1825 2786 καὶ

231 2827 356 2881 ἐστι
390 2826 520 2891 Θεὸς
545 2829 573 2880 6
608 2827 756 2891 Υἱός.
775 2825 991 2897 Ἐπειδὴ
1019 2825 1075 2878 δὲ
1105 2826 1249 2893 ama
1271 2827 1331 2879 τὸ
1354 2829 1450 2897 τῆς
1475 2825 1827 2897 ἀνθρωπότη-

228 2935 332 2982 τος
380 2919 545 2972 ὑπέδυ
599 2918 816 2990 μέτρον,
855 2918 949 2972 καὶ
998 2920 1138 2971 οὐκο
1191 2918 1497 2989 ἀπόϐλητον
1537 2918 1827 2987 ἐποιήσατο

230 3009 339 3080 τὴν
368 3011 695 3081 οἰκονομίαν,
730 3011 988 3081 ὑπέμεινε
1028 3009 1085 3062 δὲ
1115 3010 1290 3063 πάντα
1327 3009 1413 3063 διὰ
1451 3009 1551 3081 τὴν
1598 3008 1827 3062 κένωσιν

232 3102 521 3157 ἐθελοντὶ(ι
573 3102 639 3157 δι’
670 3104 818 3174 ἡμᾶς
839 3120 852 3133 ·
909 3102 1083 3173 ταύτῃ
1114 3120 1218 3165 τοι,
1276 3101 1457 3155 καίτοι
1497 3101 1637 3154 κατά
1667 3100 1827 3169 φύσιν

234 3197 503 3271 ὑπάρχων
532 3194 665 3266 ζωὴ,
698 3194 1078 3260 ζωοποιεῖσθαι
1108 3194 1323 3262 λέγεται
1372 3193 1524 3264 παρὰ
1571 3191 1666 3246 τοῦ
1712 3194 1828 3245 Πα-
1855 3224 1897 3281 c

233 3289 401 3360 τρός·
435 3287 530 3341 καὶ
570 3288 671 3353 τῆς
699 3286 857 3357 δόξης
888 3285 1093 3355 Κύριος
1130 3286 1227 3348 ὢν,
1261 3285 1420 3350 δόξαν
1466 3284 1688 3352 λέγεται
1730 3284 1829 3337 λα-

238 3379 379 3432 ϐεῖν.
400 3378 542 3447 Ἔφη
572 3375 704 3445 γοῦν
732 3377 761 3428 6
793 3375 1038 3447 Ἐϐραῖος
1063 3375 1124 3439 ἐξ
1152 3373 1439 3444 Ἑϐραίων,
1466 3375 1494 3426 6
1515 3370 1831 3442 νομομαθὴς

238 3468 483 3538 ἀληθῶς,
516 3469 612 3523 καὶ⁷
640 3471 706 3522 ὲκ
730 3470 903 3539 φυλῆς
933 3466 1220 3536 Βενιαμίν*
1258 3484 1276 3517 ι
1305 3464 1512 3527 Παῦλος
1534 3462 1831 3527 ἀπόστολος

236 3561 345 3615 οὐκ
375 3562 471 3614 ἀπ’
509 3559 833 3631 ἀνθρώπων,
868 3557 988 3611 οὐδὲ
1015 3556 1081 3610 δι’
1105 3555 1412 3628 ἀνθρώπου,
1441 3555 1574 3608 ἀλλά
1602 3555 1689 3608 διὰ
1724 3555 1830 3624 Ἰη-

239 3652 342 3707 σοῦ
382 3652 644 3723 Χριστοῦ,
685 3652 780 3705 καλ⁹
820 3650 956 3704 Θεοῦ
996 3651 1229 3721 Πατρὸς,
1259 3648 1351 3702 τοῦ
1382 3649 1696 3717 ἐγείραντος
1733 3647 1834 3700 αὑ-

233 3746 338 3798 τὸν
363 3746 431 3797 ὲκ
465 3742 693 3813 νεκρῶν,
723 3740 817 3793 καὶ
844 3740 998 3804 δόξαν
1028 3738 1178 3810 αὐτῷ
1206 3739 1406 3799 δόντος.
1444 3756 1461 3788 ι
1502 3736 1661 3789 Ἀλλά
1707 3735 1831 3789 καί·

234 3851 330 3888 τοι
373 3833 664 3903 λεγόμενος
714 3829 870 3896 δόξαν
908 3828 1091 3882 λαϐεῖν
1138 3827 1291 3898 παρά
1335 3826 1428 3879 τοῦ
1480 3826 1713 3895 Πατρὸς,
1747 3825 1830 3878 δι-

234 3926 475 3998 ἠκοντος
518 3923 614 4001 τοῦ
662 3922 988 3995 πράγματος
1042 3919 1135 3973 ἐπὶ
1183 3918 1242 3972 τὸ
1286 3918 1383 3987 τῆς
1409 3916 1832 3987 ἀνθρωπότητος

240 4017 467 4088 μέτρον,
492 4011 636 4071 οἶδεν
669 4015 858 4070 ἑαυτὸν
907 4013 1119 4083 ἔχοντα,
1150 4009 1285 4065 καθὸ
1331 4012 1533 4065 νοεῖται
1586 4009 1676 4062 καὶ
1717 4007 1833 4061 ἐστι

236 4110 401 4173 Θεὸς,
443 4108 507 4162 τὸ
553 4109 695 4177 ὑπὲρ
746 4107 920 4161 κτίσιν
966 4104 1355 4176 ἀξίωμα.Ἔφη
1399 4101 1561 4171 γοῦν’
1599 4120 1618 4154 ι
1650 4101 1832 4155 Πάντα

241 4220 341 4274 μοι
373 4201 644 4273 παρεδόθη
673 4198 826 4270 παρά
848 4198 942 4252 τοῦ
973 4196 1185 4269 Πατρός
1221 4212 1321 4267 μου
1341 4212 1355 4227 ·
1386 4196 1480 4248 καλ⁵
1510 4193 1687 4257 οὐδεὶς
1712 4196 1833 4247 ἐπι-

235 4292 509 4363 γινώσκει
540 4293 625 4357 τίς
655 4295 804 4346 ἐστιν
831 4294 859 4345 6
888 4290 1035 4353 Υἱὸς,
1081 4290 1131 4342 εί
1177 4288 1251 4359 μὴ
1280 4290 1309 4342 6
1339 4288 1529 4359 Πατήρ
1552 4305 1564 4318 ’
1597 4287 1718 4341 οὐδὲ
1742 4287 1834 4340 τὸν

238 4387 469 4457 Πατέρα
500 4403 585 4450 τις
613 4385 969 4454 ἐπιγινώσκει
998 4384 1081 4446 τίς
1119 4384 1288 4444 ἐστιν,
1319 4383 1367 4434 εί
1397 4381 1471 4452 μὴ
1505 4383 1534 4434 ὁ
1556 4381 1703 4446 Υἱὸς,
1737 4380 1834 4434 καὶ

235 4471 293 4547 ᾧ
336 4478 405 4531 ἂν
430 4480 459 4531 6
488 4477 615 4541 Υίὸς
660 4475 1005 4549 ἀποκαλύψῃ.
1040 4494 1057 4525 ι
1096 4474 1233 4527 Ἀλλ’
1261 4471 1393 4536 ἴσως
1443 4475 1557 4543 ἐρεῖ
1598 4490 1682 4535 τις
1724 4472 1833 4525 τῶν

1918 629 2253 697 increpabat,
2280 637 2335 683 et
2381 626 2637 682 Satanam
2698 622 3016 680 conterebat
3052 621 3138 683 “;
3195 629 3305 672 tum
3351 621 3493 688 quod

1918 722 2074 777 ezecis
2105 721 2279 775 lumen
2308 718 2598 789 praestabat
2628 717 2698 784 ⁸⁵,
2725 724 2967 772 mortuos
3022 712 3385 768 resuscitabat
3422 712 3492 773 “,

1921 826 2069 866 mare
2093 810 2446 880 procellosum
2469 824 2577 863 uno
2606 809 2773 863 verbo
2817 803 3150 870 sedabat";
3196 817 3305 857 non
3356 802 3498 855 sicut

1923 902 2189 957 hominem
2207 901 2598 972 quempiam,et
2616 899 2843 953 alterum
2866 897 3215 951 exsistentem
3268 891 3495 947 seorsim

1918 989 2190 1045 Christum
2211 990 2495 1059 glorilieari
2563 988 2793 1051 faciens,
2824 984 3289 1056 quemadmmlum
3348 981 3497 1036 scili-

1918 1091 2005 1137 cet
2032 1091 2088 1136 et
2133 1097 2295 1135 unum
2331 1096 2396 1135 ex
2426 1081 2628 1136 sanctis
2654 1079 2932 1149 prophetis
2968 1076 3051 1131 vel
3088 1074 3379 1144 apostolis:
3402 1072 3496 1128 sed

1916 1174 2016 1229 sibi
2036 1173 2257 1245 gloriam
2283 1188 2603 1243 procurans,
2638 1180 2697 1226 ut
2742 1172 2811 1225 ab
2875 1167 3134 1223 omnibus
3179 1166 3499 1220 crederetur

1919 1264 2060 1321 Deus
2093 1265 2359 1320 exsistens
2388 1274 2601 1328 natura,
2628 1260 2846 1317 tametsi
2891 1262 3068 1313 factus
3123 1266 3270 1311 esset
3308 1257 3494 1310 homo.

1920 1357 2313 1428 Fuissetigitur
2336 1355 2788 1411 absurdissimum
2858 1352 3006 1405 ferre
3067 1348 3373 1403 Nestorium
3412 1347 3499 1401 di-

1917 1458 2127 1506 centem
2164 1467 2178 1504 :
2219 1450 2546 1505 Communes
2570 1448 2715 1502 enim
2742 1443 3032 1499 Trinitatis
3067 1450 3195 1496 sunt
3229 1440 3501 1508 operatio-

1919 1559 2036 1608 nes,
2070 1553 2122 1598 et
2146 1543 2276 1598 solis
2324 1540 2700 1597 subsistentiis
2743 1536 3153 1592 distinctionem
3207 1533 3497 1586 habentes.

1921 1634 2150 1688 Proinde
2177 1629 2450 1699 Unigeniti
2484 1629 2655 1701 gloria
2692 1629 2968 1682 interdum
3003 1623 3152 1678 Patri
3183 1621 3498 1690 adaptatur,

1921 1725 2188 1779 interdum
2222 1722 2469 1792 Spiritui,
2505 1721 2775 1776 interdum
2808 1717 3009 1774 Christi
3071 1712 3350 1784 potentiae.
3412 1709 3501 1765 Id-

1923 1817 2068 1870 circo
2098 1816 2187 1884 qui
2226 1814 2624 1884 reprehendere
2660 1810 2869 1875 volunt,
2899 1807 2982 1863 vel
3014 1806 3308 1861 ostendant
3345 1800 3502 1856 nobis

1923 1906 2086 1960 alium
2111 1905 2409 1969 Christum,
2439 1903 2530 1972 qui
2562 1901 2812 1970 privatim
2873 1898 3103 1953 seorsim
3154 1894 3387 1949 exsistat
3448 1900 3503 1944 et

1922 1995 2274 2065 intelligatur,
2304 1995 2390 2048 cui
2416 2008 2566 2046 suam
2600 1990 2898 2061 potentiam
2931 1984 3258 2056 applicuerit
3312 1982 3503 2052 unigee

1923 2089 2095 2144 nitum
2118 2087 2207 2141 Dei
2229 2084 2490 2149 Verbum,
2536 2083 2693 2151 quasi
2740 2080 2974 2136 seorsim
3030 2077 3280 2131 diversus
3311 2076 3383 2128 sit
3436 2072 3506 2125 ab

1924 2180 2041 2249 ipso
2067 2177 2274 2243 Filius;
2303 2175 2508 2230 velnisi
2544 2174 2617 2228 sit
2645 2173 2784 2227 alius
2811 2180 2865 2225 et
2922 2170 3083 2232 alius,
3129 2167 3223 2221 sed
3266 2178 3406 2219 unus
3451 2169 3508 2215 et

1924 2268 2065 2322 idem
2097 2274 2150 2320 et
2170 2280 2237 2320 ex
2276 2264 2435 2318 Patre
2460 2262 2792 2332 unigenitus,
2823 2268 2877 2314 et
2910 2274 2977 2313 ex
3012 2266 3183 2310 matre
3235 2255 3397 2308 homo
3420 2266 3509 2306 se-

1923 2358 2155 2414 eundmn
2181 2369 2427 2419 carnem,
2464 2352 2735 2422 quomodo
2773 2349 2968 2405 silendi
3020 2347 3172 2402 locus
3227 2352 3396 2409 esset,
3447 2352 3505 2395 et

1925 2465 2030 2505 non
2060 2447 2230 2516 magis
2258 2445 2504 2501 veritatis
2526 2442 2767 2514 potentia
2800 2441 2947 2495 illius
2980 2438 3135 2507 nugis
3159 2434 3505 2505 Opponenda,

1926 2540 2143 2609 pulchra
2170 2537 2388 2607 pietatis
2442 2537 2697 2604 dogmata
2763 2528 3275 2598 corrumpentibus?
3323 2524 3510 2593 Itaque

1926 2631 2275 2699 eratqnidem
2312 2640 2367 2683 et
2391 2636 2473 2682 est
2505 2628 2645 2681 Deus
2669 2624 2784 2693 ipse
2828 2620 2989 2692 “[76
3026 2618 3213 2673 Filius.
3243 2614 3508 2682 Quoniam

1924 2733 2103 2778 autem
2134 2719 2299 2777 semel
2325 2719 2490 2774 subiit
2525 2715 2877 2772 humanitatis
2926 2725 3259 2772 mensuram,
3288 2716 3343 2761 et
3397 2706 3513 2761 dis-

1927 2811 2293 2882 pensationem
2348 2807 2489 2862 haud
2522 2804 2875 2874 rejieiendam
2925 2799 3164 2864 censuit,
3217 2798 3286 2850 ob
3325 2796 3515 2849 exina—

1928 2905 2186 2959 nitionem
2219 2909 2399 2954 autem
2426 2897 2686 2953 sustinuit
2750 2895 2935 2950 omnia
2990 2888 3297 2945 voluntarie
3328 2886 3510 2941 nostri

1928 3010 2089 3052 causa
2116 2995 2517 3061 ":eapropter
2544 3028 2559 3054 ,
2603 2988 2851 3058 quamvis
2901 2986 2974 3040 sit
3031 2981 3515 3039 secundumnatu-

1928 3104 2045 3142 ram
2077 3087 2209 3149 vita,
2247 3083 2513 3138 viviﬁcari
2536 3081 2738 3135 dicitur
2770 3094 2797 3131 a
2828 3077 3031 3131 Patro:
3069 3084 3267 3129 etcum
3296 3072 3370 3126 sit
3400 3071 3516 3140 glo-

1934 3180 2023 3234 riae
2060 3177 2320 3232 Dominus
2343 3176 2412 3239 ⁸⁸,
2434 3172 2632 3228 dicitur
2656 3170 2884 3240 gloriam
2912 3167 3208 3235 accepisse.
3251 3162 3386 3217 Hinc
3410 3160 3517 3215 lle-

1935 3272 2111 3324 brazus
2132 3284 2196 3322 ex
2233 3264 2496 3331 Hebrazis,
2521 3276 2649 3317 vere
2679 3260 2874 3315 doctus
2914 3259 2966 3313 in
2995 3258 3131 3327 lege,
3160 3264 3215 3310 et
3272 3268 3339 3308 ex
3370 3252 3515 3306 tribu

1933 3361 2239 3429 Beniamin,
2266 3356 2481 3412 dicebat
2518 3374 2531 3410 :
2571 3374 2589 3406 ι
2627 3353 2827 3407 Paulus
2852 3348 3136 3419 apostolus
3167 3361 3273 3401 non
3312 3345 3379 3398 ab
3414 3344 3515 3398 ho-

1933 3453 2193 3517 minibus,
2230 3464 2403 3519 neque
2425 3462 2521 3516 per
2554 3445 2852 3506 hominem,
2888 3439 2986 3495 sed
3014 3454 3107 3509 per
3146 3436 3332 3491 Jesum
3359 3433 3519 3490 Chri-

1932 3554 2097 3608 stum,
2130 3552 2183 3596 et
2216 3541 2381 3595 Deum
2408 3537 2648 3602 Patrem,
2681 3533 2772 3604 qui
2803 3531 3089 3586 suscitavit
3130 3544 3255 3584 eum
3305 3541 3335 3580 a
3372 3540 3519 3581 mor—

1934 3637 2137 3701 tuis”,
2168 3645 2223 3690 et
2256 3633 2481 3703 gloriam
2503 3629 2579 3684 illi
2616 3628 2766 3683 dedit
2795 3626 2896 3679 θι.»
2933 3622 3130 3677 Verum
3157 3618 3406 3690 quamvis
3437 3616 3520 3671 di-

1932 3741 2088 3786 catur
2115 3727 2346 3798 gloriam
2405 3722 2682 3791 accepisse
2734 3734 2763 3771 a
2820 3715 3001 3778 Patre,
3053 3727 3176 3767 eum
3226 3726 3288 3765 ea
3324 3724 3410 3763 res
3451 3707 3521 3763 ad

1935 3818 2284 3875 humanitatis
2319 3828 2627 3870 mensuram
2657 3807 2965 3879 perveniat,
3003 3805 3152 3859 novit
3206 3814 3386 3857 tamen
3439 3812 3523 3854 se-

1931 3909 2108 3979 ipsum
2170 3907 2368 3961 habere
2395 3902 2712 3970 dignitatem
2754 3898 2894 3951 ultra
2947 3903 3279 3955 creaturam,
3318 3902 3519 3945 secun-

1933 4002 2059 4056 dum
2092 3997 2236 4068 quod
2271 3994 2583 4065 intelligitur
2615 4001 2671 4047 et
2702 3999 2786 4044 est
2816 3988 2977 4043 Deus.
3008 3984 3241 4039 Proinde
3268 3981 3517 4036 dicebat:

1940 4111 1958 4145 ι
1988 4092 2183 4148 Omnia
2222 4090 2353 4144 mihi
2383 4085 2582 4142 tradita
2617 4092 2746 4138 sunt
2775 4098 2805 4135 a
2865 4079 3024 4133 Patre
3057 4092 3215 4131 meo:
3247 4082 3304 4130 et
3359 4085 3521 4127 nemo

1933 4181 2210 4250 cognoscit
2236 4181 2356 4249 quis
2385 4178 2457 4232 sit
2490 4175 2686 4239 Filius,
2715 4172 2818 4227 nisi
2865 4168 3031 4223 Pater
3057 4184 3071 4234 ;
3101 4180 3276 4234 neque
3302 4162 3519 4217 Patrem

1933 4280 2054 4346 quis
2076 4273 2317 4346 agnoscit
2345 4271 2468 4341 quis
2503 4270 2592 4334 sit,
2627 4266 2729 4320 nisi
2764 4263 2953 4324 Filius,
2994 4270 3047 4315 et
3096 4258 3180 4312 cui
3208 4255 3378 4310 Filius
3422 4268 3514 4308 re-

1933 4367 2196 4424 velaverit
2229 4367 2322 4421 ⁹¹“.
2365 4382 2383 4414 ι
2419 4361 2673 4416 Fortasse
2706 4354 2976 4425 quispiam
3014 4349 3402 4406 studiosiorum
3433 4346 3520 4400 in-

1934 4459 2271 4530 terrogabit:
2326 4456 2382 4510 Si
2435 4454 2615 4509 omnia
2678 4450 2771 4503 tibi
2818 4446 3016 4501 tradita
3071 4450 3204 4496 sunt
3259 4456 3288 4493 a
3328 4438 3513 4504 Patre,

240 4530 723 4639 τριλομαθεστέρων
744 4583 759 4598 ο
809 4568 872 4620 Ei
918 4530 1098 4620 πάντα
1129 4581 1211 4618 σοι
1240 4530 1512 4635 παρεδόθη
1560 4530 1714 4635 παρὰ
1741 4562 1828 4616 τοῦ

1941 4552 2091 4622 quasi
2151 4551 2199 4605 ei
2236 4549 2326 4619 qui
2363 4546 2535 4618 gloria
2573 4540 2900 4610 indigneris,
2935 4549 2991 4593 et
3042 4532 3296 4591 debueris
3322 4530 3523 4585 habere

240 4662 483 4732 Πατρὸς,
508 4660 583 4723 ὡς
604 4659 759 4731 δόξης
788 4658 1113 4729 δεδεημένῳ,
1142 4657 1236 4709 καί
1263 4656 1410 4709 δοτὸν
1436 4655 1579 4725 ἔχειν
1597 4653 1836 4723 ὀφείλον-

237 4771 303 4807 τι
339 4752 404 4806 τὸ
428 4751 571 4805 κατὰ
600 4751 856 4805 πάντωνθ
886 4751 1087 4821 κράτος
1115 4748 1201 4802 διὰ
1224 4749 1283 4803 τὸ
1308 4747 1680 4819 ἀνθρώπινον·
1718 4746 1835 4810 πῶς

242 4841 541 4912 ἀνέφικτον
564 4842 684 4902 ταῖς
727 4837 1031 4909 ἀνθρώπων
1062 4836 1322 4901 διανοίαις
1354 4831 1493 4888 εἶναι
1524 4834 1632 4903 φὴς
1666 4832 1728 4885 τὸ
1758 4832 1837 4884 εί-

241 4935 403 4989 δέναι
447 4949 529 4997 σε,
555 4930 806 5001 καθάπερ
856 4929 1051 4999 ἀμέλει
1096 4929 1189 4982 καὶ
1228 4928 1319 4981 τὸν
1366 4925 1617 4997 Πατέρα;
1676 4922 1836 4977 Ἀλλὰ

243 5025 361 5089 ναὶ,
408 5025 593 5093 φησὶν,
617 5024 677 5076 οὐ
718 5023 880 5093 μέχρι
930 5020 1038 5073 τῶν
1083 5020 1435 5091 όρωμένωνή
1469 5017 1554 5070 ἐπ’
1589 5016 1711 5086 ἐμοὶ
1738 5033 1834 5068 συ-

249 5116 535 5171 στέλλεται
571 5114 792 5183 γνῶσις.
824 5114 953 5182 Εἰμὶ
1000 5111 1108 5183 γὰρ
1158 5109 1289 5174 Θεὸς
1324 5111 1381 5162 ὲν
1415 5108 1579 5176 σοιρκλ⁸
1625 5107 1717 5159 καὶ
1747 5104 1835 5159 αῖ-

251 5226 411 5280 ματι,
444 5207 581 5261 κατά
636 5206 736 5278 μὲν
785 5206 884 5275 τὴν
919 5206 1096 5274 σάρκα
1138 5202 1557 5273 γινωσκόμενος.
1595 5197 1735 5252 κατὰ
1779 5197 1836 5250 δὲ

250 5301 354 5374 τὴν
381 5300 633 5371 θεότητος
674 5298 836 5369 φύσιν
864 5315 923 5350 τε
950 5299 1046 5351 καὶ
1075 5295 1232 5360 δόξαν
1264 5293 1562 5364 ίσομέτρως
1592 5290 1727 5361 ἔχων
1760 5287 1837 5358 τῷ

1937 4647 2120 4700 datum
2153 4641 2440 4711 imperium
2477 4639 2530 4693 in
2560 4649 2750 4692 omnes
2819 4639 3050 4700 prepter
3083 4623 3518 4684 humanitatem;

1935 4734 2207 4807 quomodo
2233 4732 2484 4787 humanis
2509 4727 2782 4783 mentibus
2820 4719 3157 4792 impossibile
3217 4730 3340 4769 esse
3385 4712 3521 4766 dicis

1937 4803 2080 4883 scire
2104 4836 2172 4890 te,
2204 4822 2656 4893 quemadmodum
2714 4817 2856 4872 scire
2911 4824 2962 4868 et
3027 4806 3284 4864 Patrem?
3335 4803 3517 4891 Certe,

1939 4918 2132 4989 inquit,
2160 4918 2262 4971 mei
2289 4913 2526 4983 cognitio
2557 4927 2665 4966 non
2702 4923 2872 4979 usque
2908 4906 2974 4958 ad
3034 4900 3308 4955 visibilem
3357 4890 3521 4951 natu-

1943 5028 2057 5067 ram
2078 5019 2408 5066 coarctatnr.
2439 5005 2576 5060 Nam
2598 5005 2738 5058 Deus
2761 5016 2878 5056 sum
2901 4999 2951 5051 in
2976 5009 3140 5049 carne
3163 5000 3217 5047 et
3234 4990 3518 5060 sanguine,

1941 5114 1996 5160 et
2026 5103 2321 5158 secundum
2350 5113 2568 5154 carnem
2599 5095 2815 5165 quidem
2841 5102 3171 5158 cognoscor,
3216 5081 3517 5139 secundum

1944 5203 2191 5249 naturam
2221 5201 2400 5245 autem
2431 5198 2486 5244 et
2505 5188 2731 5259 gloriam
2768 5176 3374 5248 divinitatisgequalem
3397 5187 3519 5228 cum

1948 5287 2056 5341 Dee
2079 5294 2133 5340 et
2160 5284 2317 5338 Patre
2356 5296 2663 5337 mensuram
2698 5278 2894 5339 habeo,
2930 5273 3171 5330 omnium
3214 5276 3448 5323 mentem
3467 5274 3523 5319 et

312 5459 363 5489 ν’
401 5456 586 5509 M-mh.
631 5471 704 5518 ιν,
736 5456 770 5507 4
804 5469 956 5523 seqq.
1028 5452 1071 5483 ⁸⁵
1096 5449 1253 5505 Joan.
1290 5448 1418 5523 ιτ]
1451 5462 1604 5523 seqq.
1676 5441 1828 5523 δεξιοί

1936 5442 2075 5523 ,ιιι-1
2100 5454 2264 5523 seqq.
2411 5436 2595 5490 Matth.
2634 5449 2745 5497 Juv,
2776 5430 2845 5484 26
2871 5446 3023 5501 seqq.
3091 5425 3137 5456 ⁸⁸
3167 5418 3245 5477 Pd
3269 5421 3397 5491 lipp.
3435 5433 3518 5488 ιιι,

254 5529 379 5582 5-7.

454 5529 496 5557 ι·
525 5507 704 5582 lca:
734 5542 793 5591 ιι,
815 5507 895 5579 sg'
922 5507 990 5556 ’³ο
1015 5522 1190 5578 Galat.
1219 5538 1257 5585 1,
1297 5520 1415 5573 1."
1450 5518 1463 5571 l
1498 5507 1637 5571 r'eir.
1677 5533 1713 5581 l,
1738 5516 1826 5568 ει.

1936 5512 1970 5542 ⁸⁸
2006 5507 2204 5565 Μιιιιίιζ
2229 5507 2291 5574 il,
2319 5507 2413 5561 ‘27.

1342 5679 1516 5734 Variae
1548 5677 1805 5734 lectiones
1836 5690 1899 5731 ex
1936 5673 2121 5731 codice
2156 5668 2529 5741 Seguieriano.

309 5859 336 5902 ι
366 5847 605 5911 ἀνιστάς.
691 5854 711 5883 ³
741 5845 776 5915 ἦ
803 5841 1132 5899 ἀποστόλων.

1176 5853 1199 5881 a
1239 5836 1419 5902 ὶδικῶς
1446 5835 1591 5898 Υἱός
1623 5832 1655 5905 ἢ
1692 5835 1759 5887 εἱ.
1839 5831 1865 5873 ιθ
1901 5827 2324 5900 ἀνταναστῆσαι.
2407 5834 2427 5863 ε
2462 5823 2657 5897 μέτρον
2687 5820 2806 5880 οὐκ.
2874 5817 2897 5859 3
2928 5814 3228 5889 ἐθελοντής.
3276 5826 3297 5855 ε
3325 5815 3518 5873 πάντα.
