3956 6458
578 383 689 443 347

1617 391 1675 450 S.
1702 391 1982 450 CYRILLI
2032 391 2504 449 ALEXANDRINI
2533 389 2855 450 ARCHIEP.

3767 380 3894 439 διε

578 520 888 561 sermonem
923 510 1264 566 transcendo.
1301 511 1534 568 Proinde
1573 513 1846 583 (revertor
1895 515 2039 570 enim
2090 515 2146 568 ad

2261 513 2382 585 Θεῷ
2415 514 2509 568 καὶ
2540 513 2736 586 Πατρὶ,
2769 515 2863 568 καὶ
2892 512 2984 566 νοῦ
3049 511 3144 566 καὶ
3169 509 3330 580 λόγου
3359 508 3567 572 παντὸς
3599 506 3896 561 ἐπέκεινα

579 597 875 664 propositae
904 598 976 652 rei
1005 601 1356 672 sententiam)
1387 615 1564 671 neque
1607 603 1939 671 apostolicas
1997 617 2159 658 voces

581 685 838 755 tollimus,
901 689 1085 745 absit!
1153 707 1329 762 neque
1371 681 1494 748 dum
1543 693 1646 748 alia
1708 695 1952 764 quaedam
1985 694 2162 749 minus

577 789 945 836 consentanea
976 783 1292 850 sentientes,
1329 785 1412 841 vel
1445 785 1750 854 loquentes,
1771 787 2161 841 incarnationis

579 871 884 929 rationibus
949 875 1324 931 adversamur.
1385 876 1676 947 Sequimur
1716 887 1898 933 autem
1965 880 2161 947 ubique

577 977 766 1019 sacras
796 963 1191 1034 Scripturas.et
1221 969 1596 1041 theologorum
1633 971 1856 1026 vocibus
1885 985 2158 1026 summum

573 1053 662 1122 jus
680 1059 1068 1124 concedentes,
1094 1061 1412 1116 obsistimus
1442 1064 1576 1120 solis
1604 1065 1744 1131 istis,
1764 1067 1853 1135 qui
1883 1075 2030 1120 recta
2057 1065 2160 1122 Ec-

576 1145 762 1202 clesiae
802 1149 1052 1219 dogmata
1098 1164 1433 1221 pervertunt.
1465 1156 1617 1222 Quod
1660 1168 1840 1212 autem
1880 1156 2043 1212 Pater
2090 1174 2158 1214 ex

576 1237 807 1292 mortuis
831 1240 1188 1298 resuscitasse
1209 1243 1499 1300 Dominum
1523 1257 1767 1304 nostrum
1787 1247 1968 1304 Jesum
1995 1250 2149 1305 Chri-

574 1337 716 1382 stum
756 1330 977 1397 dicitur,
1013 1347 1077 1388 eo
1106 1349 1271 1403 opere
1297 1337 1504 1392 scilicet
1549 1340 1698 1395 circa
1757 1340 1878 1412 ejus
1930 1357 2153 1397 carnem

573 1419 791 1488 eli’ecto,
815 1438 974 1480 nemo
999 1435 1084 1481 est
1114 1429 1204 1496 qui
1244 1429 1507 1500 ambigat.
1532 1429 1652 1502 lpse
1684 1441 1890 1496 autem,
1921 1449 2041 1488 cum
2083 1435 2159 1489 sit

573 1513 704 1577 vita,
725 1522 781 1569 et
817 1516 1138 1585 viviﬁcator,
1163 1528 1218 1574 et
1243 1526 1552 1590 operatoria
1575 1527 1754 1580 virtus
1785 1526 2155 1588 Patris.suum

573 1603 887 1662 viviﬁcabat
923 1610 1204 1679 templum,
1229 1613 1384 1682 juxta
1411 1616 1581 1686 illud;
1625 1637 1644 1670 ι
1673 1616 1878 1675 Solvite
1901 1620 2154 1689 templum

573 1695 699 1761 hoc,
729 1707 783 1752 et
805 1698 859 1753 in
885 1700 1058 1758 tribus
1091 1704 1282 1759 diebus
1315 1708 1568 1764 excitabo
1629 1710 1758 1766 illud
1791 1713 1864 1762 ⁸³.
1907 1731 1926 1764 ι
1967 1712 2156 1782 Itaque

570 1789 716 1858 quod
752 1791 1152 1862 vivificabatnr,
1187 1814 1295 1854 non
1326 1811 1443 1854 erat
1475 1800 1732 1868 alienum,
1769 1819 1945 1874 neque
1985 1805 2156 1860 alicu-

2263 604 2494 676 τρέχων.
2526 604 2736 658 Οὐκοῦν
2766 603 3083 674 (ἀνθέξομαι
3117 603 3226 675 γὰρ
3267 603 3368 673 τῆς
3397 601 3508 654 τῶν
3549 597 3890 670 προκειμέ-

2263 713 2369 750 νων
2402 696 2630 768 ὲννοίας)
2663 695 2787 750 οὔτε
2839 695 2938 760 τὰς
2983 695 3347 758 ἀποστολικὰς
3375 691 3726 764 ἁναιροῦμεν
3761 709 3892 759 φω-

2262 789 2378 852 νὰς,
2410 788 2484 860 μὴ
2511 789 2742 857 γένοιτο,
2769 787 2892 842 οῦτε
2923 787 3028 860 μὴν
3061 788 3224 860 ἒτερα
3256 789 3392 844 ἄττα
3428 786 3587 858 παρὰ
3611 785 3678 839 τὺ
3717 783 3889 843 εἰδὼς

2261 879 2294 950 ἦ
2335 878 2682 950 φρονοῦντες.
2715 879 2750 949 ἢ
2781 878 3052 949 λέγοντες,
3083 882 3197 944 τοῖς
3237 882 3336 950 τῆς
3377 877 3888 949 ὲνανθρωπήσεως

2261 968 2700 1040 ἀντιπράττομεν
2744 969 2958 1038 λόγοις⁶
3005 969 3260 1041 ἑπόμενοι
3303 969 3368 1022 δὲ.
3408 965 3694 1037 πανταχοῦ
3756 967 3890 1024 cci;

2265 1059 2431 1129 ἱεροῖς
2460 1061 2776 1131 Γράμμασι,
2805 1063 2900 1116 καὶ
2937 1065 3056 1126 ταῖς
3097 1061 3204 1116 τῶν
3243 1062 3520 1132 θεηγόρων
3549 1061 3786 1129 cavat;
3820 1057 3888 1108 τὸ

2261 1149 2460 1220 χρῆναι
2506 1155 2728 1219 κρατεῖν
2771 1153 3161 1223 ἀπονέμοντες,
3195 1151 3642 1218 άντανιστάμεθα
3672 1150 3886 1221 μόνοις

2258 1245 2372 1306 τοῖς
2402 1241 2471 1296 τὰ
2498 1241 2634 1314 ὀρθὰ
2656 1246 2755 1314 τῆς
2785 1244 3108 1315 Ἐκκλησίας
3134 1245 3380 1314 δόγματα
3403 1243 3880 1314 διαστρέφουσιν.

2261 1334 2382 1386 Ὅτι
2413 1334 2468 1387 δὲ
2515 1337 2543 1387 6
2588 1336 2778 1406 Πατὴρ
2812 1338 2876 1390 ἐκ
2920 1337 3131 1408 νεκρῶν
3173 1338 3476 1407 ἀναστῆσαι
3507 1336 3604 1389 τὸν
3647 1333 3882 1405 Κύριον

2259 1425 2415 1496 ἡμῶν
2451 1426 2658 1498 Ἰησοῦν
2684 1429 2919 1500 Χριστὸν
2964 1428 3206 1497 λέγεται,
3241 1430 3322 1481 ὲνε
3334 1427 3641 1499 ργουμένου
3667 1426 3879 1496 δηλον-

2258 1516 2340 1570 ότι
2380 1519 2507 1587 περὶ
2536 1519 2635 1589 τὴν
2669 1519 2849 1590 σάρκα
2891 1519 3057 1575 αὐτοῦ
3104 1521 3199 1574 τοῦ
3250 1522 3602 1592 πράγματος,
3635 1520 3751 1572 οὐκ
3801 1521 3878 1571 ἂν

2259 1607 2551 1662 ὲνδοιάσειέ
2584 1627 2686 1673 τις.
2722 1610 2892 1674 Αὐτὸς
2938 1610 2996 1664 δὲ
3030 1610 3292 1680 ὑπάρχων
3346 1613 3378 1682 ἡ
3409 1609 3544 1682 ζωὴ,
3580 1609 3878 1674 (atomi-65‘

2256 1716 2316 1752 τε
2348 1702 2439 1753 καὶ
2492 1701 2720 1772 ἐνεργὴς
2747 1700 2975 1772 δύναμις
3003 1702 3097 1754 τοῦ
3127 1702 3359 1772 Πατρδς,
3391 1702 3484 1756 τὸν
3515 1701 3653 1754 ἴδιον
3682 1701 3874 1766 ὲζωοο

2259 1793 2399 1845 ποίει
2433 1793 2587 1846 ναόνο
2621 1813 2638 1844 ι
2670 1795 3024 1849 Καταλύσατε
3047 1795 3067 1833 ί
3115 1795 3206 1849 τὸν
3251 1795 3377 1848 ναὸν
3429 1794 3645 1861 τοῦτον,
3692 1796 3871 1867 φησὶ,

567 1881 656 1948 jus
690 1883 850 1955 177
877 1901 941 1940 ex
972 1888 1281 1946 hominibus
1348 1893 1504 1948 nobis
1547 1895 1835 1962 similibus,
1886 1898 1980 1952 sed
2025 1914 2146 1963 pro-

2259 1883 2352 1934 κιὶ
2384 1883 2440 1935 ἐν
2467 1883 2648 1954 τρισὶν
2677 1885 2914 1957 ἡμέραις
2943 1885 3117 1956 ἐγερῶ
3155 1885 3334 1940 αὐτόν.
3370 1882 3507 1940 ιἾΙν
3531 1882 3629 1940 οῦν
3651 1885 3778 1958 ἄρα
3805 1886 3873 1938 τὸ

568 1973 746 2043 prium
777 1977 947 2048 ipsius
971 1978 1134 2036 Verbi
1162 1997 1378 2052 corpus.

940 2299 1598 2356 ANATHEMATISMUS
1637 2301 1776 2356 Vill.

643 2408 700 2464 Si
731 2410 853 2480 quis
885 2413 1065 2468 dicere
1098 2414 1262 2486 audet
1315 2413 1596 2468 hominem
1659 2423 1999 2482 assumptum
2044 2430 2149 2468 una

564 2515 689 2556 cum
731 2501 822 2557 Dei
861 2502 1044 2559 Verbo
1065 2504 1426 2569 adorandum,
1477 2512 1534 2558 et
1595 2505 2148 2574 conglorillcandum,

563 2601 620 2648 ct
643 2592 833 2661 Deum,
865 2604 1118 2665 tanquam
1153 2595 1383 2652 alterum
1412 2611 1538 2652 cum
1558 2595 1730 2652 altero
1759 2598 2151 2653 connominan-

562 2682 693 2738 dum
727 2699 851 2742 esse
875 2685 1041 2757 (hunc
1068 2687 1214 2743 enim
1256 2686 1593 2742 intellectum
1651 2688 1937 2758 particula,
1998 2704 2144 2754 cum,

562 2773 798 2844 adjecta,
823 2787 1086 2847 perpetuo
1113 2793 1177 2833 ac
1201 2779 1509 2834 necessario
1541 2777 1720 2850 alIert)
1748 2789 1802 2833 et
1829 2795 1934 2834 non
1968 2781 2147 2851 potius

562 2883 670 2922 una
717 2871 1035 2927 adoratione
1077 2871 1487 2928 Emmanuelem
1541 2873 1802 2940 honorat,
1869 2889 2146 2943 unamque

564 2951 642 3007 illi
701 2955 1154 3024 gloriﬁcationem
1228 2960 1502 3025 attribuit,
1572 2973 1838 3032 quatenus
1905 2963 2144 3018 Verbum

561 3043 764 3101 factum
798 3057 883 3104 est
909 3064 1079 3116 caro;
1115 3053 1406 3107 anathema
1436 3055 1526 3108 sit.

1020 3159 1376 3216 Orientalium
1412 3165 1689 3233 oppositio.

633 3265 928 3322 Coadorari
988 3278 1044 3325 et
1078 3271 1500 3340 congloriﬁcari,
1533 3275 1689 3343 quasi
1749 3276 1818 3330 de
1868 3279 2138 3346 personis,

561 3357 647 3415 vel
669 3359 1056 3425 subsistentiis,
1131 3362 1216 3418 vel
1275 3363 1399 3419 ﬁliis
1466 3367 1676 3421 duobus
1735 3383 1841 3422 non
1887 3369 2138 3437 dicimus,

560 3452 714 3521 quasi
770 3452 930 3506 aliter
978 3453 1071 3507 liat
1115 3455 1363 3511 adoratio
1417 3459 1526 3511 Deo
1591 3457 1804 3525 Verbo,
1857 3469 1910 3516 et
1985 3462 2145 3518 aliter

561 3543 745 3610 carni;
773 3544 868 3600 sed
902 3561 1061 3601 unam
1087 3549 1268 3618 potius
1309 3551 1703 3617 adorationem,
1753 3563 1805 3608 et
1839 3563 2033 3610 cartera
2084 3565 2144 3611 ut

561 3635 658 3690 uni
695 3636 831 3693 Filio
875 3639 1171 3705 oli'erimus,
1203 3653 1256 3697 et
1301 3643 1473 3712 ipsum
1527 3647 1838 3713 coadorari,
1882 3650 2024 3706 sicut
2089 3659 2144 3705 et

559 3724 677 3795 ipse
708 3728 760 3782 in
787 3729 963 3798 primo
991 3740 1138 3788 tomo
1168 3735 1319 3790 dicit.
1347 3735 1477 3790 Nam
1530 3740 1779 3808 quamvis
1825 3755 2042 3811 semper
2085 3752 2145 3798 ut

559 3815 798 3874 Verbum
831 3837 951 3876 cum
976 3822 1139 3881 Patre
1167 3841 1268 3882 suo
1300 3827 1603 3898 consideat,
1637 3840 1691 3887 et
1721 3847 1785 3886 ex
1829 3833 1947 3900 ipso
2002 3844 2057 3889 et
2089 3837 2139 3890 in

558 3910 676 3981 ipso
704 3915 998 3971 secundum
1058 3927 1305 3974 naturam
1344 3923 1595 3989 exsistat,
1650 3934 1830 3981 tamen
1889 3927 2143 3984 audiebat

555 4003 721 4057 etiam
767 4021 888 4059 cum
942 4021 1108 4062 carne
1173 4011 1445 4067 exsistens
1494 4015 1818 4069 dicentem:
1857 4036 1877 4069 ι
1916 4015 2056 4072 Sede
2108 4034 2138 4073 a

557 4095 764 4151 dextris
803 4100 958 4166 meis,
989 4100 1162 4156 donec
1187 4118 1381 4172 ponam
1418 4105 1668 4161 inimicos
1695 4117 1813 4162 tuos
1843 4109 2136 4166 scabellum

557 4188 752 4254 pedum
777 4199 994 4246 tuorum
1010 4193 1078 4247 ".
1125 4214 1144 4246 ι
1171 4195 1250 4249 lta
1285 4205 1338 4250 et
1362 4199 1575 4252 adorari
1615 4201 1849 4255 dicimus
1886 4203 2058 4271 ipsum
2085 4213 2139 4258 et

559 4293 591 4332 a
625 4281 780 4335 nobis
808 4282 942 4352 ipsis
988 4294 1043 4340 et
1069 4288 1321 4342 asanctis
1358 4291 1584 4360 angelis.
1637 4292 1869 4347 Proinde
1899 4295 1965 4347 ad
2025 4296 2138 4350 luce

556 4369 825 4437 dicimus,
857 4375 1000 4442 quod
1025 4377 1162 4431 scite
1219 4378 1508 4435 admodum
1564 4385 1823 4454 praecepit
1877 4385 1984 4446 his,
2045 4386 2136 4455 qui

556 4475 680 4516 cum
699 4477 866 4519 carne
891 4480 1056 4520 unum
1092 4475 1145 4522 et
1171 4469 1417 4524 eumdem
1445 4469 1640 4526 Filium
1669 4475 1897 4530 adorare
1923 4477 2132 4541 volunt,

2171 3212 2218 3274 C

2257 1974 2690 2047 ζωοποιούμενον
2735 1977 2834 2030 οὐκ
2882 1975 3185 2048 ἀλλότριον,
3234 1977 3360 2030 οὒτε
3406 1980 3512 2050 μὴν
3562 1980 3688 2043 ἐνὸς
3747 1978 3869 2032 τῶν

2256 2063 2376 2116 καθ’
2416 2065 2562 2135 ἡμᾶς
2610 2063 2944 2136 ἀνθρώπων,
2985 2066 3100 2120 ἀλλ’
3128 2066 3258 2120 ἴδιον
3312 2067 3479 2121 αὐτοῦ
3527 2068 3627 2122 τοῦ
3668 2068 3868 2137 Λόγου

2258 2173 2440 2227 σωμα.

2691 2288 3286 2344 ΑΝΑΘΕΜΑἹΊΣΜΟΣ
3325 2292 3406 2345 H'.

2323 2402 2394 2456 Εἴ
2434 2421 2520 2468 τις
2566 2403 2742 2476 τολμᾷ
2781 2404 2960 2473 λέγειν
2994 2404 3084 2457 τὸν
3126 2404 3508 2475 ἀναληφθέντα
3552 2404 3866 2476 ἄνθρωπον

2254 2497 2789 2568 συμπροσκυνεῖσθαι
2818 2495 2927 2549 δεῖν
2954 2495 3031 2566 τῷ
3064 2496 3182 2567 Θεῷ
3229 2497 3408 2567 Λόγῳ,
3441 2498 3534 2550 καὶ
3584 2497 3860 2563 συνδοξά-

2251 2588 2459 2652 ζεσθαι,
2496 2589 2592 2642 καὶ
2621 2586 3088 2660 συγχρηματίζειν
3121 2589 3287 2654 Θεὸν,
3332 2589 3407 2652 ώς
3437 2588 3625 2659 ἕτερον
3668 2589 3861 2660 ἑτέρῳ

2251 2681 2330 2752 (τὸ
2360 2681 2471 2754 γὰρ
2502 2683 2644 2747 σὺν,
2670 2682 2758 2738 ἀεὶ
2780 2681 3205 2754 προστιθέμενον
3236 2681 3394 2736 τοῦτο
3421 2683 3559 2736 νοεῖν
3584 2681 3855 2749 ἀναγκά-

2250 2770 2353 2843 σει)
2384 2789 2401 2804 ο
2421 2772 2531 2828 ,καὶ
2564 2773 2683 2843 οὐχὶ
2716 2773 2779 2844 δὴ
2818 2771 3017 2843 μᾶλλον
3052 2773 3149 2842 μιᾷ
3175 2774 3540 2844 προσκυνήσει
3573 2774 3712 2844 τιμᾷ
3759 2772 3859 2825 τὸν

2261 2863 2648 2936 Ἐμμανουήλ,
2697 2863 2793 2918 καὶ
2846 2863 2975 2934 μίαν
3024 2862 3173 2934 αὐτῷ
3221 2864 3322 2936 τὴν
3366 2863 3662 2935 ὁμολογίαν
3712 2881 3852 2916 suv-

2247 2953 2472 3021 άπτειε⁹
2512 2953 2647 3008 καθὸ
2677 2953 2866 3024 γέγονε
2907 2951 3044 3024 σὰρξ
3081 2955 3110 3006 6
3136 2954 3307 3023 Λόγος
3330 2970 3345 2985 ο
3386 2953 3636 3024 ἀνάθεμα
3673 2954 3851 3009 ἔστω.

2559 3157 2928 3227 Ἁντῖρῤησις
2963 3155 3082 3210 τῶν
3130 3153 3545 3210 Ἀνατολικῶν.

2317 3269 2392 3324 T6
2421 3268 2981 3340 συμπροσκυνεῖσθαι,
3016 3267 3110 3322 καὶ
3141 3265 3580 3332 συνδοξάζεσθαι,
3598 3265 3681 3331 ώς
3705 3283 3848 3338 περ.

2244 3360 2573 3434 προσώπων,
2605 3360 2638 3430 ἥ
2675 3360 3026 3414 ὑποστάσεων
3077 3358 3111 3430 ἢ
3156 3359 3290 3412 υίῶν
3337 3358 3430 3412 δύο
3465 3358 3526 3412 οὐ
3577 3358 3844 3430 λέγομεν,

2243 3455 2319 3519 ώς
2365 3457 2432 3526 τῇ
2475 3452 2643 3525 σαρκὶ
2681 3453 2885 3524 ἑτέρως
2937 3453 3362 3522 προσκυνήσεως
3393 3451 3714 3523 γινομένης,
3742 3452 3850 3506 καὶ

2201 3547 2205 3552 ’
2242 3547 2320 3616 τῷ
2347 3544 2467 3616 Θεῷ
2503 3544 2662 3617 Λόγῳ
2691 3543 2925 3615 ἑτέρως·
2953 3544 3090 3597 ἀλλᾶ
3122 3543 3325 3615 μᾶλλον
3357 3544 3487 3614 μίαν
3520 3543 3850 3615 προσκύνη-

2246 3653 2349 3702 σιν,
2382 3635 2569 3690 καὶτὰ
2594 3636 2759 3690 λοιπὰ
2784 3636 2862 3699 ώς
2905 3635 2988 3690 ἑνὶ
3044 3636 3160 3707 Υἱῷ
3210 3637 3616 3708 προσφέρομεν,
3652 3637 3749 3691 καὶ
3781 3638 3849 3690 τὸ

2246 3729 2806 3803 συμπροσκυνεῖσθαι,
2835 3729 2912 3793 ὡς
2941 3730 3037 3784 καὶ
3063 3730 3226 3793 αὐτὸς
3258 3730 3318 3783 ὲν
3342 3729 3420 3800 τῷ
3453 3728 3658 3800 πρώτῳ
3680 3731 3847 3800 τὸμῳ

2246 3823 2416 3892 λέγει.
2460 3823 2655 3876 Καίτοι
2679 3823 2791 3893 γὰρ
2817 3822 2908 3876 άεὶ
2938 3822 3275 3894 συνεδρεύων
3298 3822 3376 3886 ώς
3402 3823 3576 3890 Λόγος
3607 3823 3688 3892 τῷ
3723 3822 3848 3892 ἰδίῳ

2243 3914 2442 3985 Πατρὶ,
2469 3915 2564 3968 καὶ
2605 3914 2666 3978 ἐξ
2689 3912 2857 3968 αὐτοῦ
2885 3930 2944 3966 τε
2980 3913 3075 3968 καὶ
3101 3915 3160 3966 ἐν
3185 3912 3337 3982 αὐτῷ
3358 3912 3502 3968 κατὰ
3534 3911 3701 3982 φύσιν
3732 3913 3845 3968 ὑπ-

2242 4005 2447 4075 άρχων,
2488 4005 2650 4059 πάλιν
2699 4006 2866 4076 ἤκουε
2911 4006 3200 4075 λέγοντοςδ
3260 4006 3350 4062 καὶ
3400 4004 3540 4076 μετὰ
3589 4007 3797 4078 σαρκός
3823 4024 3841 4038 ο

2247 4114 2267 4147 ι
2300 4094 2484 4149 Κάθῖδυ
2513 4097 2578 4149 ὲκ
2614 4094 2803 4160 δεξιῶν
2837 4111 2962 4165 μου,
2993 4094 3096 4158 ἕως
3129 4093 3196 4148 ἂν
3219 4092 3297 4146 θῶ
3317 4093 3445 4156 τοὺς
3475 4091 3711 4164 ἐχθρούς
3737 4110 3839 4146 σου

2243 4187 2534 4241 ὑποπόδιον
2565 4185 2673 4239 τῶν
2721 4185 2899 4241 ποδῶν
2946 4203 3064 4239 σου.
3103 4203 3122 4235 ι
3188 4184 3344 4239 Οῦτω
3383 4185 3476 4237 καὶ⁵
3507 4188 3844 4256 προσκυνεῖ-

2243 4278 2367 4333 σθαί
2415 4297 2595 4350 φαμεν
2631 4277 2794 4333 αὑτὸν
2843 4278 2981 4349 πρός
3029 4294 3090 4330 τε
3143 4275 3302 4347 ἡμῶν
3343 4274 3545 4341 αὐτῶν,
3576 4275 3674 4329 καὶ
3723 4276 3840 4331 τῶν

2241 4370 2412 4439 ἁγίων
2460 4370 2729 4439 ἀγγέλων.
2765 4367 2911 4439 Πρὸς
2955 4362 3049 4422 οῦν
3099 4366 3274 4420 ταῦτά
3326 4383 3528 4436 φαμεν,
3558 4366 3636 4430 ὡς
3686 4367 3836 4420 πάνυ

2241 4460 2679 4532 ὲπιστημονικῶς
2713 4458 3000 4528 ἐπέσκηψε
3043 4460 3156 4521 τοῖς
3195 4457 3294 4510 σὺν
3330 4459 3394 4527 τῇ
3448 4457 3615 4526 σαρκὶ
3655 4473 3836 4528 προσ-

558 4561 812 4621 tanquam
874 4555 1018 4612 aliud
1071 4559 1325 4628 quiddam
1385 4564 1456 4616 sit
1499 4565 1665 4633 μετὰ,
1717 4581 1882 4636 quam
1929 4569 2049 4632 σὺν,
2078 4571 2131 4624 id

2256 4555 2420 4606 ιυνεῖν
2465 4553 2544 4622 τῷ
2595 4552 2676 4605 ἑνὶ
2737 4551 2832 4604 καὶ⁵
2879 4550 2957 4620 τῷ
3001 4548 3153 4620 αὐτῴ
3186 4548 3305 4620 Υἱῷ
3335 4547 3677 4618 βουλομένοις
3701 4564 3714 4579 ο
3756 4549 3837 4613 ὡς

557 4644 700 4712 quod
721 4652 775 4698 et
795 4645 908 4715 ipse
953 4651 1156 4718 posuit,
1202 4651 1343 4705 sicut
1391 4655 1707 4722 praedictum
1756 4667 1862 4722 est,
1921 4659 2128 4726 dicens,

556 4733 731 4801 ipsum
762 4750 884 4791 cum
911 4751 1080 4794 carne
1095 4741 1450 4807 adorandum,
1473 4761 1677 4818 negans
1710 4760 1890 4805 autem
1925 4753 2126 4807 coado-

557 4829 782 4884 randam
814 4844 936 4885 cum
963 4830 1246 4888 divinitate
1269 4850 1512 4894 carnem.

1095 5034 1284 5108 Cyrilli
1319 5040 1573 5110 defensio.

629 5144 808 5201 Mente
857 5150 1218 5209 attentissima
1289 5171 1386 5211 nos
1448 5173 1572 5212 esse
1624 5159 1873 5216 hortatur
1916 5161 2135 5216 divinus

561 5237 779 5303 Paulus,
800 5238 1049 5308 Idicens:
1087 5261 1106 5295 ι
1145 5243 1378 5301 Probate
1403 5264 1497 5303 vos
1542 5250 1714 5320 ipsos,
1753 5267 1880 5306 num
1925 5253 2044 5308 sitis
2080 5253 2131 5308 in

2242 4645 2433 4715 ἐτέρου
2465 4645 2612 4708 τινὸς
2663 4642 2820 4706 ὄντος
2849 4642 3001 4714 παρὰ
3047 4641 3104 4694 τὸ
3146 4641 3289 4705 σὺν,
3320 4641 3416 4694 τοῦ
3456 4639 3645 4710 μετά,
3692 4641 3834 4710 ὅπερ

2239 4737 2402 4800 αὐτὸς
2452 4736 2680 4807 ἔθηκεν,
2718 4734 2794 4798 ώς
2843 4733 3190 4805 προείρηται,
3239 4732 3414 4800 λέγων
3467 4731 3631 4785 αὑτὸν
3688 4731 3833 4802 μετὰ

2241 4831 2444 4900 σαρκὸς
2467 4831 2576 4884 δεῖν
2605 4829 3047 4901 προσκυνεῖσθαι,
3065 4827 3426 4900 ἀπαγορεύων
3451 4828 3510 4881 δὲ
3541 4844 3831 4899 συμπροσ-

2241 4925 2518 4980 κυνεῖσθαι
2556 4927 2623 4996 τῇ
2651 4923 2886 4995 Θεότητι
2916 4922 3016 4994 τὴν
3055 4923 3257 4992 σάρκα.

2708 5036 3019 5105 Ἀπολογία
3051 5035 3373 5102 Κιῳίλλου.

2314 5152 2780 5224 Νουνεχεστάτους
2809 5165 2822 5190 ι
2857 5150 3003 5222 ἡμᾶς
3042 5151 3069 5203 6
3103 5149 3388 5213 θεσπέσιος
3437 5149 3649 5212 Παῦλος
3682 5152 3823 5206 ἁπο-

2241 5247 2441 5314 φαίνει,
2462 5245 2664 5314 λέγων’
2703 5263 2722 5296 ‹
2761 5243 3018 5305 Ἑαυτοὺς
3047 5241 3395 5312 δοκιμάζετε,
3423 5243 3470 5294 ει
3500 5241 3626 5293 ἐστὲ
3657 5242 3717 5294 ὲν
3751 5244 3818 5314 τῇ

557 5329 664 5385 ﬁde
683 5331 750 5384 ³⁵.
813 5348 833 5384 ι
888 5330 1022 5387 Nam
1063 5349 1215 5392 mens
1255 5338 1513 5407 humana,
1559 5341 1686 5398 licet
1735 5357 2124 5412 nonnunquam

2256 5339 2437 5393 τίστει.
2466 5357 2484 5392 ι
2522 5337 2665 5401 Νοῦς
2700 5336 2798 5408 μὲν
2837 5335 2945 5407 γὰρ
2973 5337 3000 5388 ὁ
3033 5331 3372 5407 ἀνθρώπινος
3403 5332 3506 5386 ὑπὸ
3533 5332 3819 5404 φιλαυτίας,

625 5512 672 5544 ’³
699 5511 859 5570 Joan.
905 5531 969 5582 ll,
997 5518 1082 5573 l9.
1161 5518 1206 5551 "
1238 5519 1382 5574 Psal.
1411 5535 1520 5585 cur,
1559 5522 1608 5585 Ι,
1649 5521 1706 5578 2.
1784 5522 1831 5554 ³⁸
1865 5519 1904 5574 ll
1937 5521 2062 5576 Cor.
2092 5537 2192 5577 xm
2215 5567 2228 5591 ,
2260 5520 2312 5577 5.

1608 5676 1784 5733 Variae
1816 5677 2072 5735 lectiones
2104 5696 2170 5734 ex
2197 5680 2383 5736 codice
2413 5679 2790 5752 Seguicriano.

629 5825 650 5869 ί
696 5828 838 5885 κατὰ
862 5832 955 5898 τὸς
979 5833 1176 5891 λύσατε
1205 5835 1296 5895 τὸν
1317 5837 1463 5895 ναόν.
1542 5839 1568 5880 ⁸
1597 5839 1847 5908 ἀνάπτει,
1880 5838 1918 5910 ἢ
1947 5839 2285 5912 ἀναπέμπει.
2363 5841 2392 5883 h
2422 5839 2666 5910 λέγοντα.
2749 5840 2765 5882 ι
2799 5839 3230 5912 Νουνεχέστατα.
