4088 6486
178 432 219 487 3
232 431 307 486 ι’)

818 428 1361 486 APOLOGETICUS
1398 429 1536 487 PRO
1577 430 1668 487 XII
1707 431 2075 491 CAPlTlBUS
2114 430 2400 491 CONTRA
2438 434 2900 493 ORIENTALES.

3281 429 3285 434 ’
3366 433 3474 492 360

181 547 320 602 ἐσθ’
351 549 462 612 ὅτε,
503 545 607 601 κᾶν
648 547 696 600 εί
729 545 835 612 ἔξω
869 547 1088 620 φέροιτο
1114 548 1217 620 τῆς
1250 549 1466 613 εὐθείας
1506 551 1652 617 ὁδοῦ,
1696 552 1781 607 καὶ

1893 563 2119 623 propter
2162 569 2403 609 amorem
2459 555 2539 611 sui
2578 571 2609 610 a
2654 564 2805 611 recta
2848 555 2933 610 via
2989 555 3320 627 egrediatur,
3355 566 3409 610 et
3438 570 3468 609 a

176 638 304 693 τῶν
343 640 442 711 τῆς
485 638 749 710 ἀληθείας
776 639 1063 710 δογμάτων
1111 640 1497 710 ἀποφοιτῶσαν
1527 641 1642 713 ἔχοι
1686 643 1786 715 τὴν

177 732 438 803 κίνησιν,
476 731 591 786 τῶν
642 730 788 786 ἰδίων
836 731 1058 786 ἐννοιῶν
1112 732 1421 805 καθορὶζειν
1464 734 1527 788 τὸ
1577 735 1788 807 ἀπηχὲς

175 826 352 879 ὀκνεῖ
380 842 502 889 πως
529 824 618 879 ἀεὶ
642 823 740 878 καὶ
765 822 937 877 δέδιεν
956 840 972 855 ·
1003 824 1196 879 ἑαυτόν
1227 842 1292 894 γε
1328 826 1436 898 μὴν
1477 825 1789 898 ἐπανορθὼ-

180 931 356 970 σεται
397 915 497 970 καὶ
530 915 677 986 μάλα
713 914 943 987 ῥαδίως,
987 914 1117 978 τοὺς
1166 914 1276 970 τῶν
1307 915 1481 984 ἁγίων
1528 915 1787 987 Πατέρων

178 1010 743 1081 πολυπραγμονήσας
793 1008 1024 1075 πόνους,
1066 1010 1117 1063 οἱ
1148 1010 1244 1065 καὶ
1295 1011 1385 1065 ἐπ’
1432 1010 1685 1083 ὀρθότητι
1727 1029 1787 1065 τε

185 1103 285 1157 καὶ
317 1102 581 1175 ἀκριϐείᾳ
616 1102 902 1175 δογμάτων
939 1103 1226 1176 διαόόητον
1250 1103 1435 1175 έχουσι
1471 1104 1623 1176 παρὰ
1651 1106 1787 1160 πάν-

177 1211 301 1247 των
337 1194 440 1266 τὴν
481 1195 781 1267 εὐφημίαν.
806 1195 942 1250 Τότε
968 1196 1068 1268 τὴν
1093 1197 1304 1252 οἰκείαν
1333 1196 1603 1268 εὐτέχνως
1643 1197 1787 1251 δοκι-

184 1287 363 1357 μάσει
404 1289 621 1342 πίστινο
653 1288 858 1355 σκοπὸς
904 1289 1014 1359 γὰρ
1061 1289 1232 1344 ἅπασι
1274 1292 1389 1354 τοῖς
1443 1290 1652 1362 ἀρτίοις
1688 1290 1788 1361 τήν

182 1378 401 1448 φρένα,
441 1382 562 1443 ταῖς
610 1379 837 1434 ἐκείνων
880 1380 1120 1434 ἕπεσθαι·
1144 1380 1357 1447 δόξαις·
1384 1381 1467 1434 ὅτι
1507 1380 1602 1434 καὶ
1632 1380 1788 1434 αὐτοὶ

177 1471 288 1541 τῆς
339 1488 399 1524 τε
452 1471 818 1542 άωστολικῆς
876 1471 972 1525 καὶ
1015 1471 1379 1543 εὐαγγελικῆς
1433 1470 1789 1542 παραδόσεως

182 1558 281 1614 τὸν
308 1562 515 1615 οἰκεῖον
544 1562 927 1634 ἐμπλήσαντες
954 1561 1104 1627 νοῦν,
1130 1563 1225 1617 καὶ
1250 1562 1360 1616 τῶν
1390 1562 1485 1617 ἐπὶ
1509 1565 1577 1634 τῇ
1605 1561 1786 1616 πίστει

180 1652 368 1723 λόγων
394 1652 410 1705 i
443 1653 623 1727 ὀρθῶς
648 1673 709 1709 τε
738 1655 833 1710 καὶ
858 1657 1174 1728 ἀμωμήτως
1195 1658 1259 1711 ὲκ
1283 1657 1393 1710 τῶν
1417 1656 1577 1729 ἱερῶν
1601 1658 1640 1710 Γ
1645 1674 1787 1729 ραμ-

185 1744 385 1812 μάτων
430 1738 488 1797 εὖ
528 1744 677 1815 μάλα
724 1745 1174 1815 κατωρθωκότες,
1209 1748 1495 1818 φωστῆρες
1542 1742 1685 1818 ἦσαν
1726 1749 1786 1801 ὲν

184 1825 411 1906 κόσμῳ,
441 1833 601 1904 λόγον
616 1834 763 1908 ζωῆς
792 1836 1101 1907 ἐπέχοντες,
1133 1837 1276 1892 κατὰ
1290 1838 1351 1891 τὺ
1371 1839 1781 1910 γεγραμμένον.

178 1924 399 1995 Γράφει
421 1925 599 1981 τοίνυν
618 1928 645 1979 ό
661 1926 765 1996 τῆς
785 1926 956 1980 ἀϊδίου
1002 1928 1221 1999 μνήμης
1242 1928 1270 1967 ιι
1293 1927 1482 2000 Πατὴρ
1504 1928 1663 2000 ἡμῶν
1688 1931 1779 1984 καὶ

177 2015 499 2083 ἐπίσκοπος
551 2019 872 2084 Ἀθανάσιος
932 2020 1061 2091 περὶ
1097 2018 1191 2073 τοῦ
1237 2020 1454 2075 πάντων
1484 2022 1643 2093 ἡμῶν
1668 2024 1783 2076 Σω-

176 2108 354 2181 τῆρος
377 2111 619 2182 Χριστοῦ
647 2113 706 2166 ἐν
725 2114 839 2177 τοῖς
864 2112 996 2184 περὶ
1023 2113 1125 2184 τῆς
1161 2113 1488 2185 σαρκώσεως
1506 2132 1519 2146 ·
1561 2114 1781 2187 Ὁμολο-

176 2199 396 2271 γοῦμεν
425 2201 523 2254 καὶ
544 2197 686 2256 εἶναι
711 2204 873 2257 αὐτὸν
896 2203 1026 2259 Υίὸν
1051 2203 1144 2257 τοῦ
1176 2204 1336 2268 Θεοῦ,
1362 2205 1455 2258 καὶ
1483 2203 1614 2257 Θεδν
1638 2205 1781 2259 κατά

176 2291 409 2363 πνεῦμα
428 2336 443 2361 ,
484 2294 598 2349 υίδν
626 2294 918 2366 ἀνθρώπου
948 2295 1089 2350 κατὰ
1118 2296 1318 2367 σάρκα.
1349 2296 1424 2350 Οὐ
1460 2295 1555 2348 δύο
1589 2295 1782 2365 φύσεις

177 2385 275 2437 τὸν
303 2385 405 2439 ἕνα
438 2386 588 2453 Υίὸν,
620 2387 750 2457 μίαν
783 2388 1189 2459 προσκυνητὴν,
1216 2388 1311 2441 καὶ
1343 2387 1472 2459 μίαν
1501 2387 1779 2460 ἀπροσκύ-

176 2493 366 2547 νητον,
394 2476 536 2531 ἀλλά
573 2478 704 2548 μίαν
734 2477 895 2547 φύσιν
918 2477 1013 2532 τοῦ
1047 2477 1183 2533 Θεοῦ
1210 2478 1387 2547 Λόγου
1425 2478 1779 2551 σεσαρκωμέ‹

179 2585 303 2639 νην,
331 2570 433 2623 καὶ
457 2569 931 2641 προσκυνούμενον
968 2569 1108 2640 μετά
1131 2572 1230 2642 τῆς
1255 2571 1457 2645 σαρκὸς
1482 2570 1647 2624 αὐτοῦ
1681 2572 1779 2643 μιᾷ

180 2661 598 2731 προσκυνήσει·
630 2662 751 2715 οὐδὲ
791 2661 885 2716 δύο
914 2664 1084 2729 υἱοὺς,
1125 2663 1284 2718 ἄλλον
1331 2664 1430 2736 μὲν
1472 2663 1603 2717 Υίὸν
1644 2662 1778 2717 Θεοῦ

179 2748 444 2818 ἀληθινὸν
470 2752 564 2803 καὶ
594 2752 1089 2823 προσκυνούμενον,
1110 2754 1269 2809 ἀλλον
1291 2754 1347 2808 δὲ
1368 2755 1431 2808 ἐκ
1452 2753 1673 2825 Μαρίας
1694 2754 1783 2809 άν-

181 2841 412 2911 θρωπον
436 2843 511 2913 μὴ
538 2845 1031 2917 προσκυνούμενον,
1055 2846 1197 2900 κατά
1225 2847 1387 2919 χάριν
1411 2846 1469 2900 δὲ
1494 2847 1621 2901 Υίδν
1642 2846 1777 2901 Θεοῦ

181 2934 503 3005 γενόμενον,
529 2936 604 3001 ὡς
632 2938 724 2991 καὶ
761 2937 1059 3010 ἄνθρωποι.
1088 2940 1199 2993 Kal
1242 2940 1361 3011 μεθ’
1391 2940 1556 3011 ἔτερα
1595 2941 1777 2995 πάλιν·

194 3024 255 3077 Ὀ
296 3026 484 3083 τοίνυν
512 3028 796 3097 γεννηθεὶς
824 3032 889 3084 ἐκ
919 3031 1022 3101 τῆς
1049 3031 1333 3103 Παρθένου
1366 3033 1608 3104 Μαρίας,
1654 3032 1781 3096 Υἱὸς

183 3115 321 3169 Θεοῦ
348 3115 531 3185 φύσει,
550 3119 643 3173 καὶ
657 3119 792 3184 Θεὸς
820 3121 1093 3191 ἀληθινὸς,
1112 3123 1206 3177 καὶ
1232 3123 1293 3176 οὐ
1311 3124 1499 3194 χάίιτι
1529 3123 1621 3177 καὶ
1647 3140 1779 3195 μετα

182 3208 398 3309 ουσία,.
425 3210 566 3309 κατά
598 3212 785 3309 σάρκα.
808 3213 977 3309 μόνην
1003 3214 1103 3285 τὴν
1131 3216 1195 3268 ἐκ
1220 3215 1442 3288 Μαρίας
1471 3216 1778 3287 ἄνθρωπος,
1807 3250 1851 3309 c

186 3300 329 3353 κατά
348 3300 410 3354 δὲ
429 3302 647 3372 πνεῦμα
668 3303 829 3367 αὐτὸς
848 3304 972 3369 Υἱὸς
993 3305 1129 3359 Θεοῦ
1176 3308 1270 3360 καὶ
1290 3308 1423 3371 Θεός
1439 3324 1452 3338 ·
1475 3309 1572 3362 καὶ
1590 3309 1752 3364 πάλιν
1766 3327 1777 3340 ·

185 3392 249 3444 Εί
276 3392 334 3445 δέ
359 3408 449 3456 τις
471 3393 623 3464 παρὰ
652 3393 822 3447 ταῦτα
848 3395 909 3449 ὲκ
936 3394 1046 3449 τῶν
1071 3396 1232 3449 θείων
1260 3398 1495 3469 Γραφῶν
1514 3399 1779 3464 διδάσκει,

186 3481 376 3553 ἓτερον
412 3481 592 3552 λέγων
621 3485 750 3538 Υίδν
773 3487 866 3539 τοῦ
910 3486 1069 3551 Θεοῦ,
1110 3489 1201 3542 καὶ
1233 3488 1419 3560 ἓτερον
1452 3490 1542 3544 τὸν
1574 3492 1640 3544 ἐκ
1681 3491 1781 3562 τῆς

186 3574 432 3646 Μαρίας,
459 3576 601 3630 κατὰ
625 3577 785 3650 χάριν
809 3577 1194 3650 υἱοποιηθέντα
1212 3579 1287 3645 ὡς
1312 3582 1476 3651 ήμεῖς
1496 3597 1510 3612 ·
1535 3582 1610 3646 ὡς
1640 3578 1781 3637 εἶναι

184 3660 277 3714 δύο
302 3665 475 3728 υἱοὺς,
502 3664 598 3719 ἕνα
623 3667 764 3721 κατά
790 3666 949 3737 φύσιν
976 3668 1103 3722 Υἱὺν
1129 3668 1287 3735 Θεοῦ,
1316 3672 1409 3725 τὸν
1431 3673 1496 3725 ὲκ
1513 3672 1671 3738 Θεοῦ,
1690 3674 1781 3727 καὶ

185 3754 283 3807 ἕνα
302 3756 450 3809 κατά
478 3757 632 3827 χάριν
655 3758 748 3811 τὸν
775 3762 839 3814 ὲκ
862 3759 1084 3830 Μαρίας
1106 3760 1393 3833 ἄνθρωπον
1410 3777 1423 3793 ⁸
1446 3763 1479 3832 ἠ
1508 3763 1561 3816 εῐ
1577 3781 1661 3828 τις
1682 3766 1780 3834 τὴν

185 3844 279 3897 τοῦ
310 3847 519 3919 Κυρίου
538 3850 569 3918 ή
580 3849 696 3919 μῶν
726 3851 907 3922 σάρκα
929 3849 1134 3905 ἀνωθεν
1156 3850 1329 3921 λέγει,
1357 3853 1450 3907 καὶ
1481 3854 1556 3925 μὴ
1586 3856 1651 3909 ὲκ
1679 3854 1779 3925 τῆς

186 3938 469 4009 Παρθένου
482 3942 700 4013 Μαρίας
716 3959 729 3971 ·
750 3943 783 4014 ἢ
798 3947 1101 4024 τραπεῖσαν
1114 3945 1215 4018 τὴν
1232 3946 1461 4019 θεότητα
1477 3948 1558 4011 εἰς
1576 3948 1776 4020 σάρκα,

185 4026 219 4096 ἢ
260 4032 713 4105 συγχυθεῖσαν,ἥ
748 4033 1156 4102 ἀλλοιωθεῖσαν,
1196 4037 1231 4109 ἢ
1275 4036 1526 4111 παθητὴν
1553 4037 1653 4109 τὴν
1683 4037 1777 4092 τοῦ

186 4120 395 4191 Κυρίου
442 4124 709 4196 θεότητα·
749 4126 783 4197 ἢ
840 4128 1256 4201 ἀπροσκύνητον
1302 4132 1402 4203 τὴν
1429 4130 1524 4185 τοῦ
1571 4131 1776 4203 Κυρίου

187 4213 340 4282 ἡμῶν
372 4217 553 4287 σάρκα
584 4217 660 4281 ὡς
692 4218 1004 4291 ἀνθρώπου,
1036 4222 1133 4277 καὶ
1164 4223 1241 4295 μὴ
1272 4223 1675 4295 προσκυνητὴν,
1701 4222 1777 4287 ὡς

187 4306 390 4375 Κυρίου
444 4307 539 4360 καὶ
558 4307 695 4362 Θεοῦ
716 4311 894 4382 σάρκα
913 4328 925 4340 ·
952 4312 1141 4366 τοῦτον
1164 4314 1550 4385 ἀναθεματίζει
1572 4316 1604 4385 ἡ
1625 4315 1774 4383 ἁγία,

186 4399 278 4450 καὶ
309 4398 579 4472 καθολικὴ
611 4402 910 4474 Ἐκκλησία
932 4445 947 4469 ,
997 4406 1297 4478 πειθομένη
1337 4408 1415 4477 τῷ
1446 4408 1576 4480 θείῳ
1607 4409 1775 4460 Ἀπο-

188 4485 357 4556 στόλῳ
389 4485 637 4555 λέγοντιο
676 4507 693 4540 ι
726 4491 795 4544 Εἴ
831 4509 917 4556 τις
952 4495 1098 4565 ὑμᾶς
1142 4496 1555 4563 εὐαγγελίζεται
1592 4498 1722 4568 παρ’
1748 4497 1776 4550 ὃ

1890 647 2035 703 veris
2065 646 2406 719 dogmatibus
2439 649 2705 713 discedat,
2748 664 2973 705 suarum
3031 658 3213 705 tamen
3266 650 3471 719 cogita-

1890 738 2096 792 tionum
2152 739 2549 795 absurditatem
2607 725 2847 797 statuere
2910 740 3313 812 quodammodo
3363 757 3469 794 non

1887 829 2072 883 audet.
2107 829 2215 885 Sed
2250 839 2426 888 tamen
2456 833 2690 902 seipsam
2717 832 2874 888 facile
2895 833 3154 903 corriget.
3184 832 3227 886 si
3253 831 3471 886 labores

1886 929 2129 975 scrutata
2185 920 2349 977 fuerit
2411 932 2726 978 sanctorum
2783 923 3029 986 Patrum,
3075 923 3237 993 178
3275 923 3364 991 qui
3402 925 3470 974 ab

1888 1014 2145 1070 omnibus
2202 1016 2271 1070 de
2333 1018 2663 1073 rectitudine
2694 1028 2749 1073 et
2777 1017 3106 1073 certitudine
3155 1018 3466 1083 dogmatutn

1889 1105 2260 1171 celebrantur,
2320 1117 2433 1162 tum
2486 1124 2638 1163 suam
2682 1097 2889 1165 rectam
2934 1110 3092 1162 iidem
3143 1106 3468 1176 explorabit.

1888 1198 2092 1254 Omnes
2111 1202 2278 1267 enim,
2307 1202 2504 1272 quibus
2536 1203 2806 1273 integrum
2830 1216 2926 1257 cor
2962 1212 3068 1269 est,
3104 1200 3319 1256 illorum
3343 1215 3471 1254 sen—

1886 1292 2087 1348 tentias
2115 1293 2267 1363 sequi
2323 1295 2661 1349 contendunt
2697 1312 2710 1348 :
2752 1294 2880 1364 quia
2923 1302 2979 1349 et
3028 1292 3126 1363 ipsi
3169 1290 3468 1361 apostolica

1888 1392 1946 1438 et
1973 1383 2284 1455 evangelica
2337 1385 2630 1439 traditione
2662 1399 2813 1440 suam
2850 1394 3087 1439 mentem
3114 1397 3238 1437 cum
3275 1381 3473 1451 imple-

1889 1474 2116 1542 vissent,
2141 1482 2197 1530 et
2223 1490 2288 1529 ex
2317 1476 2490 1531 sacris
2521 1475 2822 1546 Scripturis
2858 1490 3142 1530 sermones
3172 1472 3294 1527 ﬁdei
3324 1482 3471 1528 recte

1893 1574 1948 1619 et
1982 1567 2121 1619 citra
2173 1566 2654 1634 reprehensionem
2695 1573 3050 1629 tractassent,
3088 1562 3275 1617 mundi
3318 1560 3472 1617 fuere

1888 1654 2254 1719 lnminariam,
2282 1670 2588 1710 sermonem
2620 1656 2744 1710 vitae
2774 1656 3134 1718 continentes,
3154 1652 3469 1724 proutscri-

1885 1750 2034 1816 ptum
2074 1753 2157 1799 est
2186 1745 2254 1800 θ’,
2286 1743 2473 1814 Itaque
2514 1745 2705 1799 scribit
2738 1755 2955 1799 (eterna;
2994 1745 3270 1799 memoriae
3308 1743 3471 1797 Pater

1889 1846 2073 1890 noster
2107 1845 2160 1890 et
2190 1837 2478 1906 episc0pus
2515 1836 2846 1892 Athanasius
2882 1838 2948 1893 de
3007 1837 3179 1892 nostri
3224 1835 3468 1889 omnium

1815 1908 1859 1964 Β
1891 1925 2171 1984 Salvatore
2216 1927 2434 1983 Christo
2480 1928 2533 1982 in
2576 1928 2732 1983 libris
2767 1930 2831 1983 de
2868 1928 3285 1983 incarnatione:
3321 1925 3469 1980 Cou-

1883 2020 2105 2076 ﬁtemur
2154 2021 2319 2076 etiam
2347 2035 2469 2076 esse
2519 2020 2666 2074 illum
2713 2019 2907 2073 Filium
2942 2020 3057 2085 Dei,
3086 2028 3141 2074 et
3172 2019 3338 2074 Deum
3380 2032 3468 2071 sc—

1881 2115 2117 2169 cundum
2150 2115 2425 2183 spiritum,
2464 2111 2663 2167 Filium
2724 2113 2962 2168 hominis
3015 2112 3309 2166 secundum
3341 2125 3460 2165 car-

1882 2220 2029 2269 nem,
2059 2218 2164 2258 non
2205 2204 2340 2258 duas
2378 2212 2623 2269 naturas,
2664 2219 2828 2257 unum
2866 2203 3059 2257 Filium
3094 2219 3109 2273 ;
3152 2216 3314 2257 unam
3346 2215 3467 2270 qua:

1882 2296 2162 2360 adoretur,
2197 2304 2251 2349 et
2272 2295 2500 2349 alteram
2540 2310 2659 2363 quae
2685 2309 2788 2348 non
2826 2293 3081 2349 adoretur
3112 2310 3127 2359 ;
3169 2293 3264 2348 sed
3302 2308 3465 2347 unam

1882 2397 2135 2443 naturam
2168 2385 2262 2440 Dei
2305 2385 2465 2442 Verbi
2509 2385 2847 2439 incarnatam
2877 2385 3296 2439 et‘adorandam
3343 2398 3464 2439 cum

1881 2495 2049 2536 carne
2088 2495 2185 2535 sua
2214 2494 2318 2533 una
2352 2478 2701 2533 adorationc:
2726 2492 2902 2546 neque
2938 2478 3072 2532 duos
3106 2475 3464 2543 ﬁlios;alium

1881 2573 2100 2643 quidem
2156 2570 2353 2625 Filium
2420 2568 2515 2623 Dei
2561 2585 2746 2624 verum
2790 2580 2844 2623 et
2883 2569 3260 2633 adorandum;
3299 2567 3464 2621 alittnt

1881 2677 2013 2718 vero
2045 2676 2113 2717 ex
2150 2660 2321 2715 Maria
2374 2659 2645 2715 hominem
2681 2674 2785 2713 non
2827 2658 3162 2714 adorandum
3204 2675 3219 2724 ;
3256 2656 3466 2712 scilicet

1882 2754 2177 2810 secundum
2215 2752 2451 2824 gratiam
2493 2751 2691 2805 Filium
2725 2749 2821 2803 Dei
2864 2749 3065 2803 factum
3114 2749 3334 2803 sicutet
3363 2748 3466 2801 lto-

1884 2846 2057 2900 mines
2097 2844 2225 2915 (1).
2270 2844 2336 2898 Et
2364 2852 2484 2914 post
2537 2843 2641 2897 alia
2676 2842 2872 2895 iterum
2910 2860 2925 2897 :
2966 2842 3134 2912 Igitur
3182 2840 3271 2911 qui
3303 2851 3465 2894 natus

1882 2952 1953 2992 ex
1990 2935 2217 3007 Virgine
2270 2935 2460 3000 Maria,
2520 2944 2716 2989 natura
2754 2934 2923 2987 Filius
2974 2933 3063 2986 Dei
3101 2940 3206 2995 est,
3242 2942 3295 2987 et
3322 2930 3466 2986 Deus

1883 3044 2064 3096 verus,
2105 3039 2160 3083 et
2214 3044 2319 3082 non
2352 3029 2522 3097 gratia
2573 3036 2627 3081 et
2674 3024 3116 3095 participatione,
3164 3023 3463 3077 secundum

1883 3135 2105 3176 carnem
2140 3120 2309 3176 solum
2339 3137 2403 3172 ex
2423 3119 2592 3173 Maria
2622 3118 2784 3172 homo
2817 3133 2831 3181 ;
2874 3115 3172 3171 secundum
3209 3114 3461 3184 spiritum

1884 3223 2091 3278 autem,
2132 3213 2246 3283 ipse
2312 3211 2483 3266 Filius
2538 3210 2629 3265 Dei
2685 3219 2740 3265 et
2790 3211 2950 3263 Deus.
3016 3207 3082 3261 Et
3122 3208 3320 3261 iterum
3354 3224 3369 3261 :
3408 3202 3466 3259 Si

1883 3305 2007 3375 quis
2046 3313 2224 3359 autem
2256 3313 2454 3371 praeter
2491 3302 2605 3356 haec
2630 3316 2694 3355 ex
2730 3300 2929 3354 divinis
2966 3298 3263 3371 Scripturis
3286 3298 3469 3363 docet,

1885 3394 2049 3449 alium
2090 3394 2277 3449 dicens
2317 3378 2514 3447 Filium
2544 3391 2661 3454 Dei,
2690 3393 2856 3447 alium
2884 3409 2949 3447 ex
2972 3391 3139 3445 Maria
3171 3391 3468 3445 secundum

1882 3485 2111 3553 gratiam
2155 3483 2322 3537 lilium
2368 3482 2713 3551 adoptatum,
2767 3480 2907 3535 sicut
2952 3494 3071 3542 nos,
3125 3487 3184 3531 ut
3226 3478 3332 3531 sint
3363 3476 3470 3530 duo

1886 3579 2001 3643 ﬁlii,
2034 3593 2176 3631 unus
2225 3575 2521 3631 secundum
2563 3586 2813 3627 naturam
2861 3572 3033 3625 Filius
3091 3569 3207 3632 Dei.
3268 3569 3359 3637 qui
3402 3582 3468 3621 ex

1886 3670 2034 3733 Deo;
2060 3679 2113 3723 et
2157 3684 2295 3723 unus
2343 3667 2640 3722 secundum
2676 3666 2931 3734 gratiam,
2960 3666 3120 3719 homo
3153 3678 3221 3717 ex
3259 3662 3468 3715 Maria:

1883 3762 1967 3818 vel
1991 3762 2035 3817 si
2066 3762 2186 3831 quis
2215 3761 2428 3814 Domini
2452 3760 2624 3813 nostri
2658 3773 2880 3813 carnem
2906 3773 3140 3823 superne
3166 3770 3290 3809 esse
3311 3756 3463 3816 dicit,

1882 3863 1937 3909 et
1982 3867 2091 3907 non
2118 3866 2182 3905 ex
2215 3848 2436 3921 Virgine
2488 3847 2694 3913 Maria;
2733 3847 2814 3901 vel
2852 3860 3171 3900 conversam
3210 3844 3468 3897 divinita-

1884 3955 1988 4001 tem
2022 3945 2075 3998 in
2107 3957 2351 4009 carnem,
2387 3951 2479 3997 aut
2510 3938 2816 4005 confusam,
2854 3949 2947 3993 aut
2983 3941 3360 4003 immutatam;
3387 3936 3469 3990 vel

1883 4036 2191 4108 passibilem
2239 4033 2450 4089 Domini
2496 4033 2799 4097 deitatem;
2835 4031 2916 4086 vel
2970 4046 3076 4085 non
3131 4031 3464 4083 adorantlmn

1882 4130 2093 4184 Domini
2119 4127 2289 4183 nostri
2323 4140 2570 4191 carnem,
2606 4132 2667 4178 ut
2689 4122 2945 4185 hominis,
2994 4132 3178 4175 etnon
3228 4122 3467 4173 adorau—

1880 4224 2003 4278 dam
2040 4232 2097 4276 ut
2123 4219 2333 4276 Domini
2365 4227 2420 4273 et
2452 4217 2545 4272 Dei
2593 4231 2814 4271 carnem
2848 4232 2863 4282 ;
2898 4216 3041 4268 hunc
3096 4211 3465 4266 anathemati-

1879 4321 2179 4368 zatsancta
2237 4319 2294 4367 et
2334 4309 2612 4365 catholica
2672 4306 2915 4361 Ecclesia
2965 4305 3151 4358 divino
3201 4301 3464 4372 Apostolo

1879 4405 2283 4474 obtemperans,
2335 4401 2430 4471 qui
2470 4401 2601 4455 dicit
2631 4417 2647 4455 :
2691 4418 2710 4451 ι
2762 4397 2819 4452 Si
2855 4397 2976 4467 quis
3007 4395 3162 4449 vobis
3188 4394 3463 4463 evangeli-

1880 4498 2085 4553 zaverit
2108 4504 2304 4567 praeter
2324 4494 2400 4562 id,
2418 4493 2563 4563 quod
2590 4490 2907 4561 accepistis,
2932 4488 3223 4542 anathema
3246 4485 3316 4541 sit
3333 4486 3401 4540 ".
3437 4504 3457 4538 ›

189 4572 549 4644 παρελάΰετε,
580 4576 831 4648 ἀνάθεμα
863 4581 1025 4637 ἔστω.
1049 4602 1068 4633 ι
1104 4584 1287 4637 Ταῦτα
1316 4587 1639 4657 φρονοῦντος
1675 4589 1768 4642 καὶ

1881 4589 2033 4661 [Haec
2071 4605 2192 4644 cum
2217 4588 2301 4641 vir
2333 4586 2422 4642 ille
2453 4584 2692 4641 senserit
2725 4593 2781 4638 et
2807 4581 3091 4652 scripserit
3140 4579 3320 4643 nobis,
3354 4576 3462 4631 Ne-

188 4666 490 4737 γράφοντος
518 4667 535 4705 ι
570 4671 700 4741 ἡμῖν
725 4672 820 4726 τοῦ
850 4674 1064 4743 ἀνδρὸς,
1095 4677 1123 4727 ὁ
1146 4678 1212 4747 τῇ
1244 4677 1481 4748 Χριστοῦ
1515 4678 1640 4751 δόξῃ
1672 4697 1770 4734 πο-

186 4757 373 4829 λεμεῖν
413 4762 732 4832 ᾑρημένος,
783 4768 880 4819 καὶ
928 4767 1213 4822 ἀπύλωτον
1265 4771 1352 4823 ἐπ’
1400 4770 1611 4842 αὐτῷω
1669 4771 1769 4844 τὴν

187 4847 440 4916 γλῶσσαν
470 4852 621 4914 ἀνεὶς
666 4853 959 4925 Νεστόριος
980 4897 996 4923 ,
1046 4857 1188 4912 οὓτω
1223 4878 1324 4912 που
1362 4861 1525 4915 πάλιν
1562 4863 1729 4933 φησίν
1753 4880 1767 4893 ·

200 4939 600 5014 Ὀμολογοῦμεν
618 4945 708 4999 τὸν
731 4948 788 5000 ὲν
810 4947 1081 5021 ἀνθρώπῳ
1103 4950 1256 5016 Θεὸν,
1280 4953 1510 5025 σέϐομεν
1558 4958 1622 5026 τῇ
1650 4956 1772 5028 θείᾳ

194 5032 458 5105 συναφείά
484 5034 563 5104 τῷ
594 5034 712 5105 Θεῷ
742 5037 901 5109 Λόγῳ
945 5041 1530 5114 συμπροσκυνούμενον
1561 5046 1773 5117 ἄνθρωο

193 5140 315 5178 πον.
337 5119 469 5196 'Ap’
493 5126 595 5180 οὐκ
620 5128 870 5200 ἐναργῶς
920 5130 1179 5203 θεοφόρον
1206 5135 1491 5207 ἄνθρωπον
1515 5138 1773 5210 ὀνομάζει

191 5215 444 5287 Χριστὸν,
480 5219 574 5271 καὶ
623 5221 915 5292 συνάφειαν
946 5224 1131 5290 ἁπλῶς
1182 5227 1470 5301 ἀνθρώπου
1513 5230 1645 5303 φησὶ
1678 5248 1772 5301 γε-

258 5376 304 5410 ⁶⁸
326 5376 563 5451 Philipp.
604 5379 788 5446 17,15.
865 5381 910 5414 ⁵⁸
950 5379 1127 5437 Galat.
1163 5399 1202 5449 I,
1230 5382 1284 5439 9.

1874 4682 2076 4737 storius
2097 4681 2320 4752 gloriam
2340 4679 2545 4736 Christi
2575 4691 2892 4748 oppugnare
2914 4675 3122 4739 volens,
3150 4681 3205 4727 et
3231 4669 3463 4725 θαι-επιει-

1878 4783 1986 4828 tam
2026 4774 2266 4845 linguam
2301 4774 2512 4840 laxans,
2540 4789 2759 4828 rursum
2795 4773 2874 4827 sic
2916 4768 3091 4824 dicit:
3126 4763 3463 4822 Conﬁtentur

1879 4867 1931 4922 in
1988 4867 2208 4922 homine
2274 4866 2444 4922 Deum
2485 4884 2500 4935 ;
2543 4866 2706 4938 179
2726 4865 2952 4920 colimus
3003 4859 3185 4915 divina
3230 4853 3460 4921 conjun-

1876 4960 2059 5016 ctione
2092 4961 2200 5014 Dco
2232 4959 2412 5015 Verbo
2461 4958 2864 5014 coadorandum
2911 4948 3240 5019 hominem.)
3272 4944 3463 4999 Nonne

1876 5053 1965 5109 hic
1993 5052 2276 5108 manifeste
2307 5054 2581 5109 hominem
2606 5050 2868 5107 deiferum
2895 5047 3137 5103 nominat
3161 5042 3457 5105 Christum,

1875 5152 1929 5198 et
1963 5142 2398 5210 coniunctionem
2432 5143 2756 5211 simpliciter
2808 5138 2939 5194 dicit
2975 5133 3210 5190 hominis
3254 5130 3457 5185 factam

1878 5250 1999 5289 esse
2022 5251 2143 5291 cum
2172 5234 2305 5302 Deo,
2331 5235 2625 5289 secundum
2655 5231 2782 5287 illud
2824 5229 3095 5295 fortassis,
3136 5224 3277 5297 quod
3317 5232 3396 5279 cst
3427 5235 3459 5275 a

1251 5520 1429 5577 Varia:
1463 5523 1727 5579 lectiones
1747 5540 1811 5580 ex
1849 5526 2035 5582 codice
2065 5527 2440 5597 Seguieriano.

265 5650 282 5703 ἱ
321 5652 492 5720 Ῑσως,
527 5652 618 5709 τὸν
651 5654 743 5709 ἐπὶ
769 5659 835 5728 τῇ
879 5658 1059 5710 πίστει
1091 5656 1267 5726 λόγον.
1345 5659 1372 5699 Β
1408 5658 1676 5732 ἀοιδίμου.
1761 5658 1779 5699 1
1812 5662 2171 5735 γεγραφότος.
2249 5673 2289 5702 ιη
2322 5662 2516 5735 αὐτήν.

265 5806 341 5875 (l)
382 5808 457 5863 De
486 5807 571 5888 his
598 5810 810 5888 dicendi
843 5810 1015 5869 modis
1046 5812 1185 5883 apud
1245 5810 1435 5869 Patres
1465 5829 1604 5885 sa‘pc
1639 5814 1880 5881 usitatis,
1937 5817 2059 5873 Vide
2115 5814 2355 5888 Magistr.
2392 5815 2567 5886 Sent.,
2591 5814 2685 5873 lib.
2708 5829 2795 5885 tu,
2821 5814 2949 5873 dist.
2973 5813 3040 5883 ὃς
3064 5820 3119 5871 et
3146 5811 3205 5870 S.
3231 5810 3403 5871 Thom
3431 5849 3453 5885 ,

204 5888 283 5945 ιιι,
318 5898 368 5949 μ.
391 5896 447 5949 q.
484 5880 539 5946 3,
570 5891 670 5935 art.
712 5883 769 5941 9_
