4088 6464
627 405 733 466 351
1638 403 1703 463 S.
1740 401 2016 463 CYRILLI
2055 402 2528 461 ALEXANDRINI
2568 401 2891 458 ARCIIIEP.
3831 391 3953 449 353

633 520 804 578 Paulo
834 522 1042 579 dictum
1076 540 1091 579 :
1135 541 1155 577 ι
1185 521 1287 592 Qui
1313 521 1561 581 adhaeret
1586 524 1814 583 Domino
1830 543 1972 584 unus
2000 529 2227 599 spiritus

2334 526 2516 581 νέσθαι
2550 526 2689 596 πρὸς
2725 522 2881 588 Θεὸν,
2914 523 3035 577 κατ’
3075 521 3251 574 έκεῖνο
3302 518 3443 589 τάχα
3473 534 3581 571 που
3614 514 3681 569 τὸ
3710 512 3806 567 διὰ
3836 516 3948 579 τῆς

628 625 715 671 est
739 616 834 670 "1
874 634 894 669 ι
930 614 1190 683 Quamvis
1225 617 1501 685 quomodo
1541 632 1650 674 non
1675 627 1757 673 est
1818 634 2009 676 verum
2032 660 2047 684 ,
2075 625 2219 692 quod

2334 618 2538 675 Παύλου
2561 618 2743 687 φωνῆς
2760 633 2775 648 σ
2804 635 2823 667 ι
2846 613 2907 670 '0
2928 611 3268 684 κολλώμενος
3285 610 3364 681 τῷ
3384 610 3599 681 Κυρίῳ,
3625 606 3689 659 ἒν
3712 603 3948 673 πνεῦμά

632 707 749 777 ipse
774 707 941 764 fuerit
981 711 1163 780 potius
1191 710 1332 764 Deus
1382 708 1546 764 simul
1572 718 1629 763 et
1669 710 1833 765 homo
1859 751 1875 778 ,
1905 719 1962 766 et
1985 726 2091 769 non
2120 712 2220 766 ho-

2334 712 2477 775 iort;
2511 729 2529 760 ι
2568 707 2761 762 Καίτοι
2826 704 2942 767 πῶς
2972 704 3073 758 οὐκ
3107 701 3330 773 ἀληθὲς,
3358 702 3439 755 ὅτι
3475 698 3687 770 μᾶλλον
3720 698 3752 749 6
3777 705 3806 733 ³
3836 694 3948 748 αἰ-

631 814 723 855 mo
756 799 998 871 quidam,
1061 800 1151 871 qui
1194 802 1427 855 seorsim
1459 815 1525 856 ac
1551 801 1803 872 privatim
1861 802 2220 874 intelligatur,

2332 802 2415 866 τὸς
2450 800 2585 863 Θεός
2613 817 2673 852 τε
2710 797 2845 868 ὁμοῦ
2889 797 2983 850 καὶ
3011 794 3320 867 ἅνθρωπος,
3348 793 3444 847 καὶ
3480 792 3585 846 οὐκ
3634 786 3946 859 ἄνθρωπός

631 890 1073 960 coniunctionem
1130 907 1255 947 cum
1317 893 1432 947 Deo
1482 893 1784 948 secundum
1838 894 2220 951 habitudinem

2328 913 2407 960 τις
2452 894 2557 949 ἀνὰ
2604 892 2771 965 μέρος
2815 906 2874 943 τε
2916 889 3013 943 καὶ
3070 887 3256 949 ιδικῶς
3295 885 3618 955 νοούμενος,
3660 882 3767 935 καὶ
3805 897 3942 950 cxs-

636 982 889 1039 habens?
920 981 1133 1039 Etenim
1182 993 1305 1055 post
1359 984 1691 1042 tnet’t‘ahilem
1749 987 2075 1050 unitionem.
2104 989 2222 1044 sive

2328 988 2483 1058 τικὴν
2512 985 2652 1056 ἔχων
2683 983 2981 1053 συνάφειαν
3016 981 3154 1052 πρὸς
3180 978 3349 1043 Θεόνς
3381 977 3540 1032 Μετὰ
3564 976 3682 1047 γάρ
3718 991 3808 1026 τοι
3835 973 3942 1041 τὴν

632 1075 757 1145 quis
814 1075 958 1130 dicat
1013 1076 1183 1130 Deum
1232 1076 1644 1134 Emmanuelem
1694 1080 1970 1136 hominem
2014 1080 2217 1137 factum

2332 1080 2604 1151 ἄφραστον
2638 1076 2852 1137 ἕνωσιν,
2887 1073 2992 1128 κᾶν
3014 1072 3068 1125 εἴ
3105 1088 3191 1135 τις
3224 1070 3358 1143 λέγῃ
3401 1068 3536 1124 Θεὸν
3568 1068 3667 1122 τὸν
3708 1066 3946 1136 Ἐμμα-

632 1173 689 1220 et
714 1166 1078 1229 incarnatum,
1115 1166 1211 1223 Dei
1252 1166 1489 1224 Verbum
1522 1169 1749 1243 intelligi
1775 1174 2076 1239 convenit;
2104 1174 2221 1229 sive

2336 1170 2485 1243 νουὴλ
2531 1168 3031 1242 ἐνανθρωπήσαντα
3064 1166 3161 1219 καὶ⁵
3204 1161 3654 1234 σεσαρκωμένον,
3713 1158 3814 1212 τὸν
3840 1154 3950 1209 τοῦ

633 1258 909 1315 hominem
940 1260 1201 1324 nominet.
1238 1263 1446 1318 scimus
1469 1272 1672 1330 tamen,
1704 1280 1826 1320 cum
1853 1267 2024 1322 hocet
2043 1267 2217 1336 ipsum

2330 1263 2458 1321 Θεοῦ
2484 1263 2657 1333 Λόγον
2682 1260 2922 1315 νοεῖσθαι
2947 1259 3179 1331 πρέπει·
3205 1256 3310 1312 κᾶν
3334 1254 3625 1325 ἄνθρωπον
3650 1250 3944 1319 ὀνομάσῃ,

631 1364 757 1405 esse
813 1350 909 1406 Dei
943 1350 1123 1408 Patris
1169 1352 1431 1409 Verbum.
1480 1355 1579 1412 Est
1632 1358 1799 1428 igitur
1851 1359 2021 1426 aliud,
2052 1376 2217 1416 unum

2332 1360 2438 1416 ἀλλ’
2464 1358 2685 1429 οἴδαμεν
2719 1356 2859 1427 μετὰ
2895 1354 3087 1407 τούτου
3118 1350 3214 1406 καὶ
3244 1348 3417 1416 Λόγον
3450 1346 3585 1400 ὄντα
3616 1342 3803 1397 αὑτὸν
3844 1339 3946 1393 τοῦ

631 1442 821 1499 dicere
848 1440 1043 1499 Filium
1081 1459 1204 1499 cum
1231 1447 1382 1501 unita
1411 1446 1516 1503 sibi
1542 1463 1708 1503 carne
1738 1446 1833 1505 Dei
1864 1449 2046 1506 Patris
2082 1448 2219 1506 Ver-

2332 1451 2559 1524 Πατρός.
2583 1451 2741 1503 Ἐστι
2768 1447 2947 1501 τοίνυν
2975 1446 3163 1516 ἕτερον
3193 1442 3254 1495 τὸ
3286 1441 3384 1494 ἕνα
3408 1439 3591 1506 λέγειν
3620 1434 3769 1488 Υἱὸν
3800 1431 3946 1503 μετὰ

634 1533 785 1601 bum,
838 1544 894 1591 et
949 1535 1203 1593 similiter
1225 1538 1396 1605 aliud,
1455 1539 1509 1595 in
1571 1540 1793 1598 homine
1852 1543 2038 1600 dicere
2095 1558 2219 1601 esse

2333 1545 2420 1616 τῆς
2469 1542 2766 1612 ένωθείσης
2813 1537 2961 1609 αύτῷ
3012 1534 3217 1608 σαρκὸς
3264 1534 3358 1588 τὸν
3395 1534 3459 1586 ὲκ
3508 1528 3647 1584 Θεοῦ
3708 1524 3947 1596 Πατρὸς

630 1626 1303 1698 Deum,quemadmodum
1331 1631 1592 1705 videlicet
1634 1633 1689 1690 in
1732 1636 2020 1705 prophetis
2074 1646 2214 1706 erat,

2329 1615 2516 1708 Λόγον,
2543 1638 2638 1691 καὶ
2660 1635 2860 1706 ὁμοίως
2885 1634 2969 1687 Ere
2980 1649 3069 1704 ρον
3094 1630 3154 1684 τὸ
3179 1631 3236 1682 ὲν
3262 1625 3537 1699 ἀνθρώπῳ
3562 1624 3767 1692 λέγειν
3796 1615 3943 1673 εἶναι

630 1717 747 1774 sive
793 1721 958 1776 etiam
1010 1722 1064 1777 in
1098 1722 1254 1779 nobis
1304 1724 1440 1795 ipsis
1497 1740 1595 1796 per
1645 1725 1913 1797 Spiritum
1942 1739 2210 1785 sanctum.

2334 1732 2475 1792 Θεὸν,
2521 1728 2775 1798 καθάπερ
2806 1725 2999 1795 ἀμέλει
3040 1723 3136 1777 καὶ
3167 1725 3225 1776 ὲν
3264 1721 3575 1791 προφήταις
3616 1712 3719 1787 ἦν,
3758 1714 3948 1783 ἤγουν

630 1807 838 1879 Itaque,
864 1813 1077 1870 utmihi
1104 1815 1341 1882 videtur,
1412 1817 1547 1873 citra
1585 1820 1885 1889 periculum
1920 1830 1975 1877 et
2002 1821 2214 1893 culpam

2325 1822 2418 1875 καὶ
2450 1823 2509 1875 ὲν
2542 1821 2673 1891 ἡμῖν
2703 1818 2886 1880 αὐτοῖς
2916 1815 3005 1869 διὰ
3037 1813 3132 1868 τοῦ
3167 1812 3324 1881 ἁγίου
3358 1810 3706 1880 Πνεύματος.
3748 1808 3939 1860 ’Δκινο

630 1898 830 1959 dixerit
857 1908 1002 1977 quis,
1027 1908 1170 1977 quod
1210 1908 1553 1965 incarnatum
1586 1887 1693 1966 Dei
1730 1908 1991 1980 Verbum,
2033 1887 2218 1984 utpote

2324 1912 2492 1976 δύνως
2624 1911 2719 1965 κοιλ⁵
2775 1908 3062 1978 ἀλήπτως,
3092 1904 3168 1968 ὣς
3208 1921 3275 1973 γε
3308 1898 3495 1973 οἶμαι,
3528 1902 3664 1972 φαίη
3708 1916 3810 1962 τις
3848 1899 3938 1961 ἂν,

631 2009 769 2050 unus
812 1998 1088 2065 exsistens
1129 2000 1321 2064 Filius,
1373 2016 1480 2057 non
1518 2004 1724 2072 absque
1762 2018 1861 2058 sua
1893 2019 2083 2071 carne,
2119 2006 2218 2061 sed

2330 2005 2402 2059 ότι
2441 2006 2471 2057 6
2503 2001 2808 2073 σαρκωθεὶς
2839 2000 2934 2054 τοῦ
2968 1996 3106 2052 Θεοῦ
3137 1996 3345 2065 Λόγος,
3388 1995 3465 2059 ὡς
3514 1989 3597 2058 εἷς
3645 1992 3944 2062 ὑπάρχων

628 2102 750 2141 cum
794 2087 881 2142 illa
907 2091 1085 2161 potius
1105 2092 1442 2147 adorandum
1472 2094 1544 2149 sit
1576 2112 1589 2148 :
1621 2097 2080 2164 quemadmodum
2104 2099 2219 2152 sci-

2328 2096 2469 2161 Υἱὸς,
2512 2096 2634 2164 οὐχὶ
2662 2094 2786 2164 δίχα
2823 2093 2921 2163 τῆς
2951 2088 3147 2143 ἑαυτοῦ
3178 2087 3402 2158 σαρκὸς,
3444 2086 3582 2157 μετὰ
3612 2083 3853 2152 ταύτης
3883 2084 3942 2135 ἃ

629 2179 758 2234 licet
784 2182 950 2236 etiam
980 2183 1218 2240 hominis
1252 2186 1433 2239 anima
1467 2201 1590 2240 cum
1640 2202 1739 2242 suo
1778 2202 2012 2256 corpore
2041 2190 2218 2245 hono-

2327 2187 2545 2259 μᾶλλον,
2585 2186 2703 2237 ἐστὶ
2737 2180 3137 2255 προσκυνητός.
3181 2179 3451 2248 Καθάπερ
3489 2177 3689 2246 ἀμέλει
3749 2176 3861 2229 καὶ
3907 2178 3941 2245 ἡ

632 2280 830 2338 ratur;
866 2286 971 2325 una
1000 2282 1183 2328 autem
1234 2274 1623 2345 appellatione,
1664 2279 1806 2347 quod
1852 2295 1917 2334 ex
1969 2282 2218 2351 utrisque

2329 2280 2411 2336 τοῦ
2457 2278 2748 2351 ἀνθρώπου
2781 2276 2927 2347 ψυχὴ
2961 2274 3098 2345 μετὰ
3129 2272 3224 2327 τοῦ
3260 2271 3394 2326 ἰδίου
3443 2274 3671 2341 τιμᾶται
3737 2267 3943 2336 σώμα-

629 2369 865 2426 constat,
895 2371 954 2417 ut
983 2379 1150 2418 unum
1174 2366 1397 2432 animal,
1434 2368 1798 2435 signiﬁcatur.
1837 2368 2008 2441 Igitur
2044 2386 2217 2441 quan-

2328 2392 2429 2440 τος,
2460 2373 2651 2443 κλήσει
2672 2372 2730 2425 δὲ
2764 2371 2863 2441 μιᾷ
2888 2370 2950 2423 τὸ
2982 2367 3042 2432 ἐξ
3067 2369 3292 2438 ἀμφοῖν,
3318 2364 3393 2427 ὡς
3424 2363 3481 2417 ἓν
3508 2362 3667 2429 ζῶον,
3720 2363 3942 2433 σημαξ-

630 2452 700 2506 do
731 2453 798 2509 de
825 2455 1067 2509 omnium
1104 2467 1349 2512 nostrum
1378 2458 1661 2517 Salvatore
1689 2461 1911 2517 Christo
1930 2478 2215 2521 sermones

2327 2484 2488 2522 νεται.
2514 2466 2682 2518 Ὅταν
2712 2462 2893 2515 τοίνυν
2932 2461 3061 2532 περὶ
3090 2458 3186 2511 τοῦ
3218 2457 3435 2511 πάντων
3465 2456 3623 2527 ἡμῶν
3652 2456 3941 2526 Σωτῆρος

630 2542 814 2601 facere
839 2558 1064 2616 paratus
1100 2550 1353 2606 diviseris
1379 2551 1431 2606 in
1464 2552 1571 2609 duo
1610 2569 1775 2608 unum
1807 2570 1823 2620 ;
1856 2562 1911 2610 et
1939 2556 2213 2612 hominem

2325 2556 2553 2631 Χριστοῦ
2576 2558 2703 2619 τοὺς
2726 2553 2918 2622 λόγους
2946 2549 3215 2605 ποιεῖσθαι
3232 2548 3715 2621 προθυμούμενος,
3738 2546 3939 2616 διέλῃς

631 2635 888 2703 privatim
918 2653 983 2695 ac
1011 2641 1243 2696 seorsim
1302 2642 1717 2715 intelligendum
1753 2648 2213 2716 pronuntiaveris,

2325 2649 2398 2714 εἰς
2425 2647 2519 2702 δύο
2545 2646 2636 2701 τὸν
2668 2646 2785 2709 ἕνα,
2806 2644 2901 2698 καὶ
2926 2641 3214 2713 ἄνθρωπον
3249 2639 3439 2703 ἱδικῶς
3469 2641 3563 2692 καὶ
3602 2638 3717 2692 ἀνὰ
3758 2637 3939 2709 μέρος

630 2728 826 2785 deinde
847 2728 997 2785 illum
1026 2732 1430 2789 coadorantlum
1462 2741 1518 2789 et
1544 2737 1986 2806 coappellandum
2022 2738 2212 2807 Deum,

2326 2740 2605 2812 νοούμενον
2635 2740 2948 2809 ἀποφήνῃς,
2978 2733 3098 2788 εἶτα
3132 2731 3322 2785 τοῦτον
3360 2749 3424 2785 συ
3433 2729 3940 2802 μπροσκυνεῑσθαι

630 2822 784 2892 quasi
823 2822 914 2879 ille
944 2823 1083 2881 alius
1112 2825 1181 2880 sit
1213 2840 1242 2878 a
1284 2826 1503 2882 Christo
1536 2841 1603 2882 ex
1634 2828 1743 2883 Deo
1793 2829 2091 2884 secundum
2116 2846 2214 2885 na~

2327 2833 2426 2887 Βεῖν
2477 2832 2570 2887 καὶ
2597 2828 3063 2901 συγχρηματίζειν
3092 2827 3247 2891 Θεὸν,
3270 2825 3346 2889 ὡς
3375 2825 3547 2894 ἑτέρῳ
3581 2824 3721 2893 παρ’
3762 2822 3941 2876 αὐτὸν

631 2926 807 2970 turam
846 2918 1053 2986 genito,
1086 2917 1271 2975 dicere
1292 2917 1464 2975 fueris
1491 2935 1692 2988 ausus;
1720 2922 1842 2992 quis
1883 2920 2025 2977 ferre
2059 2933 2215 2993 pote-

2326 2926 2617 2998 ὑπάρχοντι
2645 2921 2867 2994 Χριστῷ
2896 2918 2975 2991 τῷ
3006 2922 3071 2972 ὲκ
3099 2916 3234 2971 Θεοῦ
3263 2918 3404 2971 κατὰ
3434 2916 3592 2985 φύσιν
3617 2914 3777 2986 Υἱῷ,
3814 2916 3940 2967 τολ-

630 3007 727 3073 rit,
757 3016 810 3062 et
842 3018 951 3062 tam
984 3010 1325 3079 perspicuam
1361 3022 1553 3068 contra
1592 3012 1741 3067 illum
1776 3016 2213 3072 criminationem

2328 3021 2502 3090 μήσῃς
2533 3019 2731 3078 εἰπεῖν,
2770 3015 2855 3077 τίς
2879 3014 2906 3065 6
2945 3011 3292 3083 καρτερῆσαι
3326 3010 3647 3077 δυνάμενος.
3680 3008 3804 3061 καὶ
3838 3010 3942 3077 τὴν

631 3096 852 3152 silentio
897 3101 1225 3169 praeterire?
1256 3100 1443 3158 Potius
1495 3103 1641 3158 enim
1706 3104 1994 3160 dicendum
2051 3118 2213 3163 erat:

2326 3112 2459 3165 οὕτω
2492 3109 2744 3183 προφανῆ
2775 3104 3156 3177 γλωσσαλγίαν
3192 3103 3313 3156 κατ’
3336 3101 3505 3155 αὐτοῦ
3537 3104 3727 3171 σιωπῇ
3763 3108 3793 3135 ο
3832 3118 3940 3153 πει-

628 3189 763 3246 Colo
812 3191 1032 3261 quidem
1076 3194 1311 3249 Verbum
1356 3195 1451 3252 Dei
1480 3195 1684 3252 factum
1734 3198 2030 3263 hominem,
2064 3201 2208 3270 quod

2327 3202 2632 3277 ρατρέχων;
2663 3200 2811 3253 Ἔδει
2846 3199 2955 3268 γὰρ
2995 3195 3193 3266 μᾶλλον
3233 3196 3441 3247 εἰπεῖν·
3483 3193 3736 3289 Σέῦομεν
3775 3203 3810 3241 P
3848 3193 3941 3289 τὸν

630 3280 936 3351 appellatur
969 3282 1136 3351 Deus,
1172 3297 1228 3341 et
1262 3286 1318 3341 in
1378 3289 1717 3344 humanitate
1760 3291 2017 3345 adoratur
2043 3310 2057 3359 ;
2085 3294 2211 3362 quia

2328 3294 2411 3351 τοῦ
2440 3292 2578 3348 Θεοῦ
2608 3292 2801 3360 Λόγον,
2836 3289 3126 3359 γενόμενον
3165 3284 3471 3354 ἄνθρωπον,
3500 3284 3596 3337 καὶ
3634 3284 3942 3355 χρηματί-

631 3383 825 3430 natura
860 3376 1000 3432 Deus
1029 3386 1135 3443 est,
1172 3387 1228 3435 et
1255 3394 1318 3434 ex
1338 3380 1448 3434 Deo
1473 3380 1634 3437 Patre
1664 3383 1936 3451 apparuit.
1970 3384 2044 3439 At
2068 3386 2213 3440 enim

2328 3389 2480 3455 ’ζοντα
2508 3386 2662 3451 Θεὸν,
2691 3384 2788 3438 καὶ
2816 3386 2874 3436 ἐν
2905 3379 3258 3452 ἀορωπότητι
3295 3377 3827 3450 προσκυνούμενον,
3860 3378 3942 3430 ὅτι

629 3465 818 3522 dicunt
864 3469 1164 3527 adversarii
1197 3469 1401 3528 :Certe
1456 3474 1877 3540 deprehenderis
1928 3485 1982 3531 et
2016 3477 2132 3546 ipse
2160 3479 2212 3532 in

2324 3482 2411 3535 καὶ
2447 3482 2606 3549 φύσει
2646 3476 2777 3539 Θεός
2818 3477 2935 3528 ἔστι
2958 3514 2973 3539 ,
3012 3473 3107 3527 καὶ
3140 3472 3205 3525 ἐκ
3239 3470 3376 3524 Θεοῦ
3416 3470 3625 3540 πέφηνε
3667 3470 3938 3540 Πατρός.

628 3560 862 3629 epistola
905 3564 1175 3629 scribens,
1227 3565 1371 3635 quod
1421 3567 1627 3621 sederit
1680 3567 1849 3623 Filius
1896 3583 2019 3622 cum
2054 3569 2217 3625 Patre

2330 3571 2493 3626 ’Λλλὰ
2533 3571 2641 3643 γὰρ
2684 3568 2807 3633 ναὶ,
2848 3566 3015 3635 φασιν
3041 3567 3090 3619 οἱ
3138 3564 3209 3617 δι’
3233 3562 3506 3627 ἐναντίας,
3540 3561 3737 3632 ἁλὼσῃ
3778 3572 3941 3615 πουτί

630 3667 755 3707 cum
794 3656 1013 3725 propria
1039 3673 1229 3713 carne:
1253 3659 1527 3730 quomodo
1571 3675 1703 3731 ergo
1738 3662 2094 3729 reprehendis
2133 3663 2214 3718 di-

2329 3666 2411 3718 ιιαὶ
2438 3663 2600 3727 αὐτὸς
2640 3664 2698 3715 ὲν
2729 3658 2985 3729 ἐπιστολῇ
3018 3653 3338 3727 γεγραφὼς,
3377 3655 3460 3707 ὅτι
3490 3652 3890 3724 συνήδρευσεν
3917 3656 3943 3705 6

628 3754 866 3813 centem,
907 3750 1052 3819 quod
1107 3765 1229 3806 cum
1282 3752 1393 3807 Deo
1422 3751 1602 3807 Verbo
1649 3753 1922 3808 hominem
1970 3756 2213 3823 adorari,

2328 3757 2447 3819 Υἱὸς
2498 3755 2577 3826 τῷ
2624 3753 2804 3825 Πατρὶ
2846 3751 2985 3823 μετὰ
3023 3751 3125 3821 τῆς
3160 3749 3294 3810 ἰδίας
3335 3749 3557 3819 σαρκός.
3604 3744 3755 3802 Εἶτα
3816 3750 3942 3813 an};

627 3847 683 3893 et
715 3839 879 3895 simul
906 3840 1077 3898 Deum
1104 3844 1286 3899 vocari
1313 3853 1566 3914 oporteat
1594 3846 1617 3900 ?
1652 3845 1795 3901 Idem
1823 3847 1967 3902 enim
2005 3858 2091 3904 est
2132 3850 2216 3904 di-

2328 3846 2664 3918 ὲπιλαμὸάνῃ
2689 3844 2783 3898 τοῦ
2811 3844 3083 3913 λέγοντος,
3109 3843 3189 3896 ὅτι
3224 3841 3329 3914 χρὴ
3364 3841 3942 3913 συμπροσκυνεῖσθαι

625 3945 752 3987 cere
783 3933 903 4001 σὺν,
938 3945 993 3991 et
1023 3937 1179 4009 μετὰ.
1231 3938 1466 3993 Proinde
1497 3940 1889 4009 redarguamus
1934 3955 2029 3997 eos
2058 3942 2214 4012 igno-

2326 3941 2407 3995 τὸν
2457 3938 2744 4011 ἄνθρωπον
2794 3935 2873 4007 τῷ
2910 3934 3031 4006 Θεῷ
3066 3934 3246 4004 Λόγῳ,
3298 3934 3393 3986 καὶ
3437 3934 3940 4003 συγχρηματξζειν

626 4038 753 4080 rare
810 4026 1080 4082 dictorum
1123 4030 1250 4094 vim,
1284 4038 1340 4085 et
1375 4046 1555 4085 rerum
1591 4037 1842 4085 naturam
1889 4048 1994 4088 non
2038 4035 2215 4106 inSpi-

2329 4034 2484 4101 Βεόν;
2514 4032 2723 4086 Ταυτὸν
2750 4030 2858 4101 γάρ
2885 4030 3031 4081 ἐστιν
3060 4029 3235 4081 εἰπεῖν
3277 4027 3374 4080 καὶ
3401 4026 3462 4080 τὸ
3504 4026 3647 4091 σὺν,
3715 4029 3839 4081 καὶ
3884 4029 3943 4079 τὸ

626 4129 775 4171 cere.
838 4117 1001 4189 180
1052 4119 1267 4175 Etenim
1328 4123 1546 4191 quando
1585 4122 1639 4177 in
1686 4140 1792 4178 una
1865 4141 2099 4195 persona
2160 4139 2217 4185 et

2327 4126 2482 4194 μετά.
2512 4124 2719 4180 Οὐκοῦν
2745 4121 3086 4193 ἠγνοηκότας
3114 4120 3430 4193 ἐλέγχωμεν
3456 4119 3562 4173 τῶν
3590 4120 3941 4191 εἰρημένων

631 4216 848 4272 natura,
876 4209 980 4265 hoc
1016 4221 1119 4279 est,
1153 4213 1508 4270 subsistentia
1552 4231 1679 4280 una,
1720 4230 1900 4271 sermo
1925 4220 2216 4290 diligenter

2327 4222 2416 4293 τὴν
2445 4219 2698 4289 δύναμιν,
2746 4216 2841 4270 καὶ
2872 4218 2937 4285 τῇ
2966 4224 2987 4252 ι’
3017 4214 3128 4268 τῶν
3160 4214 3504 4284 πραγμάτων
3542 4212 3641 4264 οὐκ
3671 4212 3941 4283 ἐνορῶν-

627 4301 951 4358 examinans
979 4320 1064 4370 ea,
1095 4320 1163 4361 ex
1182 4307 1380 4377 quibus
1401 4317 1507 4372 est,
1534 4308 1638 4363 hoc
1660 4318 1768 4373 est,
1809 4319 2027 4366 constat
2058 4324 2217 4369 natu-

2324 4331 2414 4378 τας
2483 4311 2642 4383 φύσει
2668 4321 2713 4367 ⁸.
2777 4308 2947 4362 Ὅταν
3003 4306 3103 4378 μὲν
3132 4304 3242 4375 γὰρ
3292 4307 3379 4375 ἐφ’
3434 4305 3550 4367 ἐνὸς
3577 4303 3938 4373 προσώπου,

628 4396 839 4460 raliter,
873 4399 1151 4473 subiungit
1182 4404 1621 4474 praepositionem
1665 4407 1762 4460 σὺν
1791 4406 1873 4461 vel
1908 4406 2071 4478 μετὰ,
2097 4422 2215 4462 ser-

2328 4405 2411 4460 καὶ
2445 4404 2688 4475 φύσεως,
2726 4402 2894 4473 ἤγουν
2940 4398 3294 4462 ὑποστάσεως
3345 4400 3494 4469 μιᾶς,
3523 4394 3864 4467 βασανίζων
3915 4399 3942 4450 6

625 4488 775 4542 vavit
806 4489 971 4546 etiam
1021 4495 1101 4549 sic
1153 4493 1209 4549 in
1272 4510 1332 4551 re
1376 4496 1703 4567 significata,
1772 4500 1914 4568 quod
1944 4515 2109 4553 unum
2143 4499 2213 4554 sit

2328 4499 2471 4568 λόγος
2507 4496 2575 4551 τὰ
2607 4495 2665 4561 ἐξ
2696 4489 2769 4548 ὧν
2804 4493 2971 4556 ἔστιν,
3007 4493 3127 4555 ἦτοι
3158 4489 3443 4558 σύγκειται
3478 4487 3754 4558 φυσικῶς,
3810 4490 3942 4543 tm-

626 4580 925 4636 secundum
950 4587 1423 4657 compositionem,
1452 4600 1508 4645 et
1557 4607 1668 4646 non
1709 4591 1765 4646 in
1792 4592 1899 4648 duo
1950 4593 2207 4648 distincte

2328 4592 2453 4663 ρέρῃ
2481 4589 2541 4644 τὸ
2569 4588 2711 4652 σὺν,
2738 4588 2855 4657 ἦτοι
2889 4584 2951 4639 τὸ
3001 4584 3186 4653 μετὰ,
3233 4583 3503 4653 τετήρηκε
3531 4580 3605 4650 τῷ
3638 4597 3942 4651 σημαινο-

628 4669 913 4728 discernit.
933 4674 1160 4742 Quando
1188 4690 1370 4734 autem
1398 4690 1523 4738 ante
1546 4683 1818 4739 distinctis
1841 4684 2210 4741 subsistentiis

2326 4684 2486 4757 μένῳ,
2514 4683 2606 4736 καὶ
2638 4680 2782 4734 οὕτω
2817 4679 2878 4731 τὸ
2923 4678 2981 4732 ἓν
3010 4674 3152 4732 εῖναι
3191 4674 3334 4730 κατὰ
3363 4674 3631 4737 σύνθεσιν,
3674 4675 3795 4727 καὶ
3831 4676 3940 4729 οὐκ

630 4759 684 4814 in
718 4763 845 4832 duo,
870 4776 925 4821 et
953 4778 1011 4822 ut
1057 4784 1306 4827 seorsum
1355 4784 1645 4848 utrumque
1680 4785 1734 4833 et
1764 4778 2019 4848 privatim
2042 4778 2209 4833 intel-

2324 4781 2393 4842 εἰς
2431 4776 2524 4831 δύο
2569 4772 2913 4847 διῃρημένως
2962 4770 3154 4841 διοριεῖ
3180 4768 3233 4805 ί·
3274 4769 3402 4821 ὅταν
3436 4766 3492 4820 δὲ
3530 4766 3938 4839 προδιῃρημέ-

629 4853 850 4925 ligatur,
906 4865 1221 4933 praepositio
1301 4868 1421 4935 σὺν,
1474 4869 1559 4924 vel
1625 4871 1765 4942 μετὰ
1811 4872 2031 4938 dicitur,
2086 4882 2212 4927 tunc

2326 4888 2418 4924 νων
2443 4882 2472 4909 ιι
2504 4866 2967 4927 ύποστὰσεωνέἰς
2996 4862 3111 4928 δύο,
3140 4861 3236 4916 καὶ
3266 4860 3417 4931 πρός,
3437 4876 3500 4927 γε
3538 4859 3597 4911 τὸ
3639 4859 3768 4911 δεῖν
3824 4863 3940 4915 ἁνᾶ

626 4945 758 5014 duo,
805 4951 892 5006 vel
948 4955 1111 5010 etiam
1160 4958 1337 5026 plura,
1394 4971 1450 5015 et
1509 4977 1615 5016 non
1680 4979 1846 5018 unum
1913 4965 2208 5019 secundum

2324 4960 2484 5032 μέρος
2514 4958 2773 5029 ἑκάτερον
2807 4954 3049 5008 νοεῖσθαι
3077 4953 3170 5006 καὶ
3204 4951 3387 5015 ἰδικῶς
3416 4951 3476 5003 τὸ
3518 4949 3656 5010 σὺν,
3678 4950 3888 5019 ἦγουν
3908 4962 3938 4993 ν

626 5042 1079 5112 compositionem
1110 5050 1406 5121 significari
1437 5054 1690 5111 dicimus.
1720 5056 1965 5126 Exempli
1989 5056 2158 5126 gratia
2190 5096 2205 5122 ,

2324 5054 2378 5105 τὸ
2437 5052 2586 5122 μετὰ
2624 5050 2883 5119 λέγηται,
2929 5046 3049 5099 τότε
3083 5043 3316 5113 δυοῖν,ἢ
3369 5043 3463 5096 καὶ
3505 5041 3584 5093 ἔτι
3638 5040 3938 5098 πλειόνων

625 5136 669 5191 si
707 5136 845 5191 forte
876 5138 1142 5207 dicamus,
1174 5144 1497 5201 cohonorari
1530 5147 1769 5201 animam
1804 5148 2042 5203 hominis
2084 5162 2206 5201 cum

2323 5143 2468 5207 αὐτὸ,
2499 5144 2593 5196 καὶ
2621 5143 2719 5213 οὐχ
2764 5138 2879 5203 ἑνὸς
2919 5136 3061 5193 κατά
3110 5134 3363 5189 σύνθεσιν
3405 5132 3678 5187 ποιεῖσθαί
3724 5149 3937 5206 φαμεν

624 5245 723 5284 suo
759 5246 1013 5301 corpore,
1055 5234 1101 5289 si
1151 5236 1275 5304 quis
1310 5238 1483 5293 honor
1513 5247 1663 5294 certe
1706 5238 1864 5294 ﬁeret
1888 5253 1917 5292 a
1946 5238 2205 5309 quapiam

2323 5234 2415 5307 τὴν
2443 5233 2693 5305 δήλωσιν.
2726 5224 2870 5293 Οἶον,
2892 5230 2939 5281 εἰ
2971 5228 3225 5299 λέγοιμεν
3252 5224 3417 5296 τυχὸν
3436 5223 3820 5294 συντιμᾶσθαι
3856 5228 3937 5297 τῷ

622 5339 750 5392 erga
777 5340 943 5381 unum
974 5328 1273 5395 hominem,
1308 5330 1507 5401 quiest
1534 5346 1600 5386 ex
1634 5330 1921 5401 utrisque:
1954 5331 2056 5385 hoc
2083 5343 2191 5393 est,

2325 5328 2419 5397 δίῳ
2453 5325 2665 5396 σώματι
2698 5321 2796 5392 τὴν
2823 5319 2915 5374 τοῦ
2944 5318 3235 5391 ἀνθρώπου
3261 5316 3463 5388 ψυχὴν,
3497 5316 3549 5368 ετ
3574 5333 3658 5379 τις
3688 5317 3939 5385 γένοιτο

689 5485 733 5517 ⁸⁷
774 5487 789 5542 l
826 5486 955 5545 Cor.
983 5506 1057 5555 vr,
1090 5491 1174 5543 l7.

1694 5619 1871 5675 Variae
1905 5620 2163 5676 lectiones
2194 5636 2259 5675 cx
2288 5620 2474 5675 codice
2504 5620 2883 5689 chuict'iano.

686 5780 804 5848 *ἣν
844 5781 891 5834 6.
974 5788 998 5817 °
1031 5783 1177 5853 σιγῇ.
1255 5791 1282 5833 Ρ
1317 5778 1460 5837 σέϐω
1485 5779 1603 5852 μέν.
1708 5788 1734 5830 ιι
1765 5777 1838 5842 ὦς
1868 5794 1989 5834 που.
2100 5787 2122 5815 τ
2155 5776 2239 5829 ἵν.
2273 5776 2388 5847 τήν.
2505 5786 2525 5813 ³
2562 5773 2647 5831 id.
2687 5774 2883 5845 φύσιν.ξ
2965 5781 2983 5812 ι
3020 5775 3236 5848 διαιρεῖ.
3316 5782 3343 5811 υ
3378 5773 3930 5847 προσὸιῃρημὲνων.

680 5848 818 5918 ᾕτοι.

622 5855 648 5889 '
680 5855 818 5904 ἤτοι.
