4088 6472
150 353 268 410 563
308 404 311 407 λ

761 350 1287 412 APOLOGETICUS
1327 353 1460 411 PRO
1505 354 1600 412 XII
1640 354 2009 414 CAPITIBUS
2047 356 2327 416 CONTRA
2367 358 2825 417 OlllENTALES.

3251 369 3425 428 σοι

152 473 291 544 παρ’
318 470 484 525 αὐτοῦ
512 480 536 509 ι
569 472 701 543 τιμὴ
750 474 878 545 περὶ
908 473 1000 527 τὸν
1029 475 1127 527 ἕνα
1158 474 1466 546 ἄνθρωπον,
1495 476 1553 540 ὅς
1598 478 1743 531 ἐστιν

1851 478 1899 533 si
1944 479 2069 548 quis
2106 480 2335 544 diceret,
2403 480 2641 535 animam
2704 497 2829 536 cum
2878 497 2978 540 suo
3030 488 3259 556 carpare
3302 506 3428 549 esse

150 567 217 634 ἐξ
264 566 470 636 ἀμφοῖν
491 581 506 595 ·
541 565 731 635 ἤγουν,
768 566 820 618 εἴ
850 582 933 629 τις
978 565 1126 635 λέγει
1172 567 1229 620 ἓν
1258 568 1396 633 ζῶον
1427 563 1568 623 εἶναι
1605 570 1746 640 μετά

146 656 252 711 τοῦ
292 655 423 711 ἰδίου
455 656 731 727 σώματος,
776 657 896 728 οὐχὶ
934 659 1154 722 πάντως
1182 661 1263 722 είς
1299 658 1619 730 ἀνθρώπους
1651 659 1749 715 δύο

146 750 352 821 διοριεῖ
385 749 480 804 τὸν
512 748 639 803 έναι
688 750 941 819 φαίνεται
990 752 1048 805 δὲ
1086 751 1289 823 μᾶλλον
1327 753 1429 806 οὐκ
1458 752 1747 824 ὴγνοηκὼς

149 843 227 897 τὰ
263 844 324 911 ἐξ
356 836 433 898 ὧν
465 843 634 909 ἔστιν,
670 844 790 916 ἦτοι
824 845 1156 900 συντέθειται
1200 845 1467 916 φυσικῶς.
1490 847 1659 900 Ὅταν
1689 846 1747 901 δὲ

153 933 335 986 εῖπωσ
366 933 572 1006 Πέτρος
597 951 655 989 τε
682 936 776 991 καὶ
804 936 1057 1007 Ἰωάννης
1090 936 1626 1008 συγχρηματίζουσιν
1654 938 1755 993 ἀνα

153 1024 396 1097 θρωποι,
424 1026 457 1098 ἢ
493 1026 646 1095 γοῦν,
684 1028 766 1081 ὅτι
793 1028 951 1082 Μετά
984 1029 1195 1100 Πέτρου
1240 1032 1335 1083 καὶ
1367 1028 1618 1102 Ἰωάννης
1649 1032 1744 1084 ἀν-

152 1116 379 1171 έόαινεν
404 1118 485 1181 είς
504 1119 563 1172 τὸ
594 1119 757 1189 ἱερὸν,
783 1120 967 1173 ούκέτι
989 1119 1052 1173 τὸ
1068 1120 1210 1185 σὺν,
1232 1121 1265 1191 ἢ
1294 1121 1427 1189 γοῦν
1466 1121 1527 1175 τὸ
1571 1123 1743 1191 μετὰ,

150 1207 259 1277 τὴν
291 1208 411 1271 ἐνὸς
437 1212 676 1264 ποιεῖται
710 1210 962 1281 δήλωσιν.
1009 1213 1083 1264 υύ
1131 1210 1241 1282 γὰρ
1274 1213 1611 1267 συντέθειται
1646 1213 1748 1267 Πέ-

151 1313 292 1368 τρος
329 1297 574 1370 Ἰωάννῃ.
617 1298 731 1353 ἀλλ’
754 1299 874 1353 οὐδὲ
908 1301 989 1363 εἰς
1016 1299 1133 1364 ἐνὸς
1164 1299 1455 1372 ἀνθρώπου
1488 1300 1748 1355 σύστασιν

153 1392 406 1447 τελοῦσιν
431 1395 752 1466 ἀμφότεροι.
785 1396 851 1448 Τί
878 1395 1056 1448 τοίνυν
1085 1396 1395 1465 σοφίζονται
1418 1404 1447 1445 Υ
1480 1397 1577 1468 τὴν
1616 1397 1749 1469 ἀλή-

154 1486 332 1551 θειαν,
362 1487 694 1559 διαιροῦντες
723 1486 950 1557 ἀμαθῶς
976 1488 1057 1551 είς
1084 1486 1179 1540 δύο
1206 1489 1250 1540 Χ
1261 1489 1476 1558 ριστοὺς
1506 1488 1597 1542 τὸν
1618 1489 1744 1554 ἕνας

156 1579 299 1631 mae
330 1578 666 1649 νομίζουσιν,
691 1579 795 1642 ὅτι,
822 1578 1160 1649 συνεδρεύειν
1186 1579 1437 1648 λέγοντες
1466 1579 1544 1652 τῷ
1572 1580 1747 1650 Harp!

153 1670 250 1722 τὸν
288 1670 414 1723 Υίὸν
463 1672 602 1741 μετά
630 1670 724 1723 τοῦ
762 1670 892 1724 ίδίου
926 1670 1212 1742 σώματος,
1255 1671 1349 1725 δύο
1388 1671 1627 1725 νοεῖσθαι
1658 1671 1746 1723 δε-

152 1761 414 1834 δώκαμεν
467 1764 652 1829 υἱοὺς,
705 1763 1116 1832 ὲρευνάτωσαν,
1159 1765 1206 1818 εί
1246 1763 1320 1836 μὴ
1355 1764 1450 1817 ἕνα
1495 1763 1746 1833 λέγοντες

1848 586 2012 626 unum
2034 570 2255 635 animal.
2285 587 2394 627 non
2421 582 2704 642 prapterea
2733 573 2787 628 in
2819 573 2956 631 duos
2983 576 3231 634 homines
3257 597 3422 637 unum

1848 661 2316 729 dividit;videtur
2344 672 2523 716 autem
2548 663 2728 730 potius
2780 679 2887 719 non
2938 664 3188 735 ignorare
3220 685 3307 733 ea,
3354 686 3420 724 ex

1847 752 2046 823 quibus
2094 765 2198 816 est,
2237 754 2343 810 hoc
2382 763 2490 821 est,
2537 755 2897 825 compositum
2942 764 3027 811 est
3072 760 3421 815 naturaliter.

1848 844 2072 911 Quando
2101 860 2230 901 vero
2263 846 2407 912 dico,
2432 845 2622 901 Petrus
2650 856 2706 901 et
2738 845 2980 903 Joannes
3016 849 3426 919 coappellantur

1848 937 2119 1002 homines,
2173 937 2259 991 vel
2286 938 2476 1003 etiam,
2510 938 2646 992 Cum
2682 938 2845 994 Petro
2896 937 3136 995 Joannes
3178 943 3424 998 ascendit

1848 1028 1902 1083 in
1946 1028 2247 1100 templum:
2281 1046 2386 1085 non
2438 1030 2550 1099 jam
2597 1031 2714 1097 σὺν,
2759 1030 2843 1086 vel
2893 1031 3054 1103 μετὰ,
3086 1033 3138 1087 id
3170 1043 3253 1088 est
3280 1051 3420 1102 cum,

1849 1135 2012 1175 unum
2054 1122 2308 1190 quiddam
2334 1123 2625 1193 signiﬁcat.
2668 1122 2785 1177 Non
2823 1124 2967 1179 enim
3004 1124 3241 1180 Joannes
3268 1141 3423 1181 com-

1849 1213 2053 1282 positus
2087 1224 2168 1267 est
2192 1229 2312 1268 cum
2342 1214 2523 1280 Petro,
2556 1215 2650 1270 sed
2688 1232 2861 1286 neque
2885 1217 2952 1271 ad
2999 1218 3160 1273 unius
3188 1219 3426 1274 hominis

1848 1305 2294 1359 constitutionem
2319 1306 2480 1360 ambo
2514 1307 2865 1361 conveniunt.
2906 1307 3015 1364 Cur
3049 1324 3179 1378 ergo
3208 1310 3421 1364 veritati

1848 1397 2097 1461 illudunt,
2138 1398 2441 1453 dividentes
2491 1399 2740 1469 imperite
2785 1416 2951 1454 unum
2991 1401 3042 1455 in
3092 1402 3228 1456 duos
3269 1401 3426 1457 Chri-

1848 1489 2004 1544 stos?
2034 1487 2091 1542 Si
2124 1500 2303 1543 autem
2345 1499 2557 1558 putant,
2606 1492 2749 1561 quod
2796 1492 3028 1547 dicendo
3067 1493 3262 1547 Filium
3298 1509 3423 1548 cum

1848 1581 2066 1648 proprio
2098 1595 2328 1650 corpore
2353 1582 2636 1636 considere
2668 1581 2840 1647 Patri,
2877 1583 3013 1638 duos
3045 1585 3427 1655 intelligendos

1851 1672 2016 1727 Filius
2109 1674 2604 1741 concesserimus;
2660 1674 2959 1743 inquirant,
3028 1692 3095 1729 an
3156 1677 3424 1744 dicamus,

1850 1780 2014 1819 unum
2044 1762 2237 1839 Filium
2273 1767 2430 1820 unica
2465 1767 2798 1822 considentia
2850 1770 3172 1825 honoratum
3201 1784 3346 1832 esse,
3371 1780 3427 1826 et

155 1854 312 1915 Υίὺν,
344 1856 442 1926 μιᾷ
469 1855 811 1924 συνεδρεύσει
835 1856 1161 1925 τετιμῆσθαι
1188 1874 1388 1927 φαμεν,
1415 1857 1510 1909 καὶ
1534 1857 1595 1909 οὐ
1620 1856 1741 1909 δυσί

1850 1873 1953 1912 non
1986 1857 2217 1919 duabus,
2262 1860 2335 1913 ita
2364 1869 2423 1912 ut
2462 1874 2567 1913 una
2602 1870 2655 1914 et
2696 1861 2949 1929 privatim
2983 1861 3183 1915 tributa
3204 1862 3275 1916 sit
3304 1876 3428 1915 cor-

154 1946 400 2014 μᾶλλον’
427 1947 503 2010 ὡς
555 1947 683 2017 μίαν
726 1947 826 2018 μὲν
868 1948 963 2002 καὶ
997 1948 1170 2020 ίὸικὴν
1219 1947 1620 2020 ὲκνενεμῆσθαι
1666 1947 1744 2017 τῷ

153 2038 397 2109 σώματι,
435 2039 626 2111 ἑτέραν
661 2040 719 2093 δὲ
758 2039 921 2094 πάλιν
954 2043 1049 2095 καὶ
1082 2042 1252 2113 ίδικὴν
1282 2043 1359 2112 τῷ
1391 2042 1569 2114 Λόγῳ.
1603 2042 1743 2095 Ἀλλ’

148 2131 257 2184 οὐκ
305 2131 372 2185 ἂν
408 2132 580 2201 ἔχοιεν
625 2132 889 2200 ἐπιδεῖξαι
929 2132 1120 2186 ⁴ιξοῦτο·
1155 2133 1274 2197 πῶς
1306 2135 1434 2206 γὰρ,
1474 2135 1508 2207 ἢ
1546 2132 1741 2200 πόθεν;

152 2223 301 2277 Ἕνα
326 2224 434 2295 γὰρ
475 2225 604 2279 ὄντα
638 2225 766 2278 Υίὺν
798 2226 936 2297 μετὰ
966 2226 1068 2295 τῆς
1103 2227 1238 2289 ἰδίας
1268 2227 1469 2298 σαρκὸς
1500 2226 1593 2280 τὸν
1616 2227 1747 2280 Υίὸν

150 2312 293 2368 Θεὰν
321 2332 379 2369 τε
408 2315 543 2386 ὁμοῦ
567 2318 661 2370 καὶ
685 2317 973 2389 ἄνθρωπον
999 2318 1092 2372 τὸν
1124 2319 1309 2381 αὑτὸν,
1338 2321 1436 2391 μιᾷ
1464 2319 1745 2390 συνεδρεύ-

156 2422 239 2458 σει
268 2410 336 2477 τῇ
368 2407 502 2477 πρὸς
528 2407 619 2460 τὸν
649 2408 869 2479 Πατέρα
896 2408 1220 2480 διαπρέπειν
1248 2411 1706 2482 διαϐεϐαιούμεθα
1726 2428 1742 2443 ·

152 2497 216 2550 τό
247 2515 315 2567 γε
352 2499 459 2570 μὴν
502 2500 1041 2571 συμπροσκυνεῖσθαι
1073 2502 1252 2571 λέγειν
1282 2502 1571 2576 ἄνθρωπον
1601 2502 1739 2574 Θεῷ,

154 2592 250 2644 καὶ
280 2594 743 2664 συγχρηματίζειν
773 2596 927 2662 Θεὸν,
948 2597 1042 2650 δύο
1066 2614 1171 2650 που
1213 2597 1429 2661 πάντως
1462 2598 1747 2668 ὁμολογεῖν

153 2685 277 2736 ἐστι
304 2686 428 2748 τοὺς
452 2688 979 2763 προσκυνουμένους,
1001 2688 1035 2759 ἢ
1067 2689 1155 2742 καὶ
1183 2698 1206 2725 ³
1226 2688 1473 2758 ἀλλήλοις
1509 2705 1746 2761 τυγχρη-

155 2775 508 2843 ματίζοντας.
548 2778 767 2850 Εὑήθης
805 2779 861 2832 δὲ
891 2778 1032 2843 λίαν,
1082 2780 1176 2833 καὶ
1214 2779 1321 2833 τῶν
1354 2782 1434 2843 εἰς
1477 2778 1744 2849 ὀρθότητα

152 2870 249 2921 καὶ
299 2869 559 2939 ἀλήθειαν
593 2869 811 2925 ἐννοιῶν
843 2870 1122 2942 ἀλλότριος
1160 2869 1438 2933 παντελῶς
1464 2872 1493 2923 ὁ
1537 2868 1743 2922 τοιόσδε

150 2960 336 3029 λόγος.
379 2961 573 3031 Γέγονε
613 2965 790 3017 τοίνυν
823 2963 1266 3035 ἀναθεματισμὸς
1314 2962 1454 3016 κατά
1487 2960 1594 3014 τῶν
1628 2960 1742 3013 ὁλο-

150 3053 376 3122 τρόπως
414 3053 753 3125 διοριζόντων
798 3056 888 3110 τὸν
934 3054 1284 3127 Ἐμμανουήλ
1329 3056 1408 3118 είς
1455 3053 1742 3124 ἄνθρωπον

156 3144 369 3209 ίδικῶς,
403 3147 497 3200 καὶ
523 3146 656 3201 Θεὸν
685 3147 857 3217 Λόγον
888 3148 1071 3212 ἰδικῶς
1090 3165 1103 3177 ·
1134 3147 1231 3201 ἕνα
1261 3147 1369 3219 γὰρ
1408 3149 1542 3218 ἡμῖν
1576 3146 1740 3200 αὑτὸν

152 3237 179 3290 ὁ
202 3236 314 3290 τῶν
340 3237 620 3310 θεηγόρων
645 3212 878 3311 ἐκήρυξε
908 3240 1085 3308 λόγος,
1113 3240 1210 3294 καὶ
1233 3212 1351 3293 τῶν
1368 3212 1527 3312 ἱερῶν
1553 3239 1738 3310 Γραμ-
1767 3212 1809 3269 C

159 3330 349 3398 μάτων
380 3330 414 3400 ἡ
444 3328 829 3401 ἀκιὸδήλευτος
857 3329 1078 3400 γνῶσις.

597 3441 1188 3497 ΑΝΑΘΕΜΑΤΙΣΜΟΣ
1226 3442 1302 3498 Θ⁹.

225 3557 293 3611 Εῐ
326 3557 413 3620 τίς
447 3574 582 3629 φησι
621 3559 713 3613 τὸν
750 3559 843 3612 ἕνα
882 3561 1088 3631 Κύριον
1122 3560 1330 3632 Ἰησοῦν
1381 3561 1617 3632 Χριστὸν
1649 3562 1738 3615 δο-

156 3649 467 3715 ξάζεσθαιι
501 3651 651 3722 παρά
692 3651 787 3705 τοῦ
835 3652 1184 3723 Πνεύματος,
1229 3653 1304 3718 ὼς
1347 3654 1607 3726 ἀλλοτρίᾳ
1649 3656 1739 3708 δυ-

155 3743 321 3813 νάμει
350 3745 420 3813 τῇ
452 3743 556 3814 ἰδίᾳ
582 3743 744 3797 αὐτοῦ
770 3744 796 3784 b
824 3742 1126 3814 χρώμενον,
1162 3747 1256 3799 καὶ
1287 3745 1418 3816 παρ’
1447 3745 1611 3799 αὐτοῦ
1642 3746 1739 3799 λα-

153 3834 321 3887 ϐόντα
338 3834 403 3887 τὸ
427 3836 667 3906 ἐνεργεῖν
691 3834 948 3889 δύνασθαι
973 3836 1115 3889 κατά
1142 3837 1470 3907 πνευμάτων
1491 3837 1738 3908 ἀκαθάρ-

153 3943 282 3991 των,
303 3927 403 3982 καὶ
434 3927 495 3980 τὸ
526 3928 766 4003 πληροῦν
794 3930 871 3992 εἰς
894 3928 1214 3999 ἀνθρώπους
1244 3929 1343 3993 τὰς
1377 3928 1703 4000 θεοσημείας
1723 3947 1736 3960 ·

156 4020 248 4073 καὶ
275 4022 401 4091 οὐχὶ
431 4019 498 4093 δὴ
533 4021 733 4092 μᾶλλον
774 4021 903 4074 ἴδιον
939 4021 1105 4075 αὑτοῦ
1134 4022 1194 4075 τὸ
1227 4022 1453 4093 Πνεῦμά
1486 4040 1640 4094 φησι,
1671 4023 1738 4075 δι’

154 4104 215 4164 οὗ
241 4114 337 4167 καὶ
378 4114 652 4185 ἐνήργησε
682 4113 779 4177 τὰς
810 4113 1162 4185 θεοσημείαςο
1195 4113 1445 4186 ἀνάθεμα
1470 4114 1631 4168 ἔστω.

469 4314 834 4383 Ἆντίρῤησις
864 4313 985 4369 τῶν
1027 4314 1435 4370 Ἀνατολικῶν.

223 4424 395 4492 Αὖθις
444 4428 610 4483 καλὸν
638 4430 707 4483 τά
752 4430 918 4484 πάλαι
958 4430 1107 4501 αύτῷ
1154 4432 1424 4502 εἰρημένα
1458 4432 1537 4495 είς
1574 4430 1737 4502 μέσον

1848 1951 1989 2022 pori,
2016 1951 2185 2006 altera
2204 1967 2335 2006 vero
2362 1968 2574 2007 rursum
2608 1961 2663 2006 et
2696 1953 2949 2023 privatim
3001 1953 3197 2009 Verbo.
3225 1952 3425 2008 Verum

1853 2042 1957 2096 hoc
2003 2058 2110 2096 non
2147 2052 2404 2112 poterunt
2444 2043 2754 2098 ostendere.
2806 2043 3089 2110 Quomodo
3134 2045 3303 2109 enim,
3343 2044 3428 2100 vel

1847 2134 2037 2188 unde?
2068 2131 2202 2187 Nam
2232 2149 2396 2187 unum
2430 2142 2485 2187 et
2504 2134 2753 2188 eumdem
2786 2135 2956 2188 Deum
2989 2133 3219 2189 simulet
3247 2136 3429 2188 homi-

1849 2239 1972 2278 nem
2026 2240 2128 2277 una
2166 2224 2505 2279 considentia
2541 2226 2683 2295 apud
2725 2224 2940 2280 Patrem
2973 2226 3249 2281 honestari
3283 2226 3428 2279 auir-

1849 2331 2079 2369 tnamus.
2124 2314 2399 2371 Caeterum
2473 2316 2657 2372 dicere
2693 2316 2968 2372 hominem
3026 2317 3243 2371 adorari
3303 2334 3424 2372 ctutt

1846 2409 1981 2473 Deo,
2014 2419 2069 2464 et
2115 2410 2441 2479 coappellari
2507 2409 2703 2478 Deum,
2776 2412 2998 2467 omnino
3051 2422 3135 2467 est
3178 2412 3424 2467 conﬁteri

1850 2505 1983 2557 duos
2011 2502 2335 2568 adorandos,
2385 2502 2467 2558 vel
2508 2504 2673 2557 etiam
2709 2503 2854 2558 inter
2903 2518 2964 2559 se
2988 2503 3420 2573 coappellandos.

1845 2595 2009 2663 Atqui
2059 2594 2213 2649 valde
2251 2594 2452 2661 fatuus,
2493 2606 2549 2650 et
2590 2610 2619 2649 a
2662 2596 2829 2650 rectis
2862 2604 2919 2651 et
2951 2596 3097 2651 veris
3141 2597 3428 2666 cogitatio-

1848 2687 2006 2741 nibus
2042 2688 2265 2741 omnino
2318 2688 2530 2741 alienus
2573 2696 2656 2740 est
2698 2685 2967 2756 ejusmodi
3013 2701 3215 2742 sermo.
3260 2688 3428 2758 Igitur

1849 2776 2025 2831 factus
2068 2786 2151 2832 est
2187 2776 2678 2831 anatltematismus
2726 2786 2916 2831 contra
2953 2790 3066 2842 eos,
3101 2776 3193 2845 qui
3248 2777 3425 2830 modis

1846 2870 2100 2925 omnibus
2152 2870 2399 2923 dividunt
2446 2869 2850 2924 Emmanuelem
2885 2870 2938 2924 in
2971 2869 3246 2925 hominem
3274 2884 3427 2923 seor-

1847 2963 1974 3028 sim,
2014 2971 2068 3016 et
2108 2962 2296 3015 Deum.
2337 2960 2504 3016 Nobis
2544 2961 2688 3015 enim
2742 2977 2906 3015 unum
2959 2962 3132 3032 ipsum
3174 2964 3423 3015 eumdem

1850 3054 2222 3124 theologorum
2255 3068 2436 3108 sermo
2470 3054 2804 3122 praedicavit,
2848 3069 3237 3125 sacrarumque
3276 3052 3426 3109 Scri-

1847 3158 2127 3218 pturarum
2158 3144 2520 3201 iuadulterata
2556 3146 2811 3217 cognitio.

2150 3439 2307 3510 18],
2344 3436 2992 3494 ANATHEMATISMUS
3024 3436 3115 3494 IX.

1916 3555 1975 3612 Si
2016 3553 2140 3622 quis
2167 3568 2334 3608 unum
2360 3550 2649 3605 Dominum
2687 3548 2870 3606 Jesum
2918 3549 3196 3605 Christum
3225 3566 3252 3603 a
3296 3552 3422 3621 Spi—

1842 3648 1949 3704 ritu
1987 3646 2342 3703 clariﬁcatum
2366 3643 2587 3708 dixerit,
2614 3643 2830 3713 prOpria
2874 3643 3074 3697 virtute
3114 3645 3281 3715 ipsius
3306 3656 3425 3700 tan-

1843 3753 2007 3809 quam
2072 3735 2246 3790 aliena
2306 3743 2596 3798 utentem;
2645 3746 2709 3786 ac
2758 3732 2866 3785 vim
2922 3742 2976 3787 et
3023 3731 3315 3788 eﬂicaciam
3354 3735 3422 3789 ab

1842 3830 2031 3885 eodem
2071 3827 2367 3895 accepisse,
2415 3825 2542 3892 quia
2594 3834 2785 3877 contra
2836 3823 3142 3878 immundos
3192 3830 3422 3894 spiritus

1841 3928 2185 3992 operaretur,
2232 3926 2288 3972 et
2335 3917 2517 3970 divina
2570 3916 2714 3969 inter
2748 3914 2998 3970 homines
3032 3916 3291 3970 miracula
3329 3933 3424 3986 pa-

1845 4019 2032 4073 traret,
2081 4023 2145 4062 ac
2176 4022 2281 4062 non
2322 4007 2503 4076 potius
2550 4004 2729 4074 ipsum
2790 4002 3071 4074 Spiritum,
3117 4020 3214 4076 per
3258 4022 3419 4076 quem

1842 4104 2023 4160 divina
2050 4102 2203 4168 signa
2226 4099 2414 4163 edidit,
2462 4096 2607 4151 illius
2656 4095 2934 4166 proprium
2969 4110 3091 4150 esse
3136 4095 3423 4152 confessus

1842 4192 2004 4250 fuerit
2027 4211 2041 4261 ;
2061 4192 2347 4247 anathema
2380 4190 2469 4243 sit.

2292 4303 2649 4359 Orientalium
2685 4301 2964 4371 oppositio.

1912 4421 2111 4474 lterum
2144 4430 2324 4487 Opera:
2351 4414 2579 4484 pretium
2616 4412 2778 4467 fuerit.
2804 4426 2890 4482 ea,
2930 4427 3051 4483 quae
3078 4411 3207 4467 olim
3236 4413 3305 4467 ab
3327 4414 3421 4470 illo

155 4524 409 4593 ἀγαγεῖν,
445 4525 540 4577 καὶ
575 4523 703 4589 ἴσως
745 4525 1169 4597 ἐπιλελησμένον
1223 4525 1316 4579 τοῦ
1343 4537 1364 4565 ο
1399 4525 1564 4580 αὐτοῦ
1602 4527 1735 4579 ὐπο-

1846 4512 1983 4567 dicta
2014 4517 2161 4575 sunt,
2185 4508 2238 4562 in
2309 4505 2544 4560 medium
2582 4505 2873 4568 adducere,
2921 4516 2975 4558 et
3007 4520 3226 4557 suorum
3252 4505 3421 4559 dicto-

159 4617 367 4688 μνῆσαι
413 4617 578 4670 αὐτόν
598 4633 612 4647 ·
645 4619 705 4671 οὐ
738 4618 846 4689 γὰρ
880 4595 1039 4690 μόνον
1066 4618 1156 4671 τὸν
1186 4618 1394 4689 Κύριον
1425 4618 1494 4671 τά
1537 4621 1738 4689 σημεῖα

1846 4621 1963 4660 rum
1998 4603 2246 4657 fortassis
2271 4601 2498 4655 oblitum
2538 4598 2854 4651 admouere.
2914 4595 3032 4651 Non
3064 4596 3207 4651 enim
3246 4597 3419 4651 solum

156 4710 210 4761 ὲν
245 4708 533 4779 Πνεύματι
580 4711 753 4764 ποιεῖν
795 4711 1133 4781 ἀπεφήνατο,
1174 4710 1310 4763 ἀλλά
1352 4710 1417 4781 δὴ
1450 4709 1543 4762 καὶ
1578 4710 1739 4763 αὐτὸν

153 4799 240 4851 τον
264 4798 515 4853 τεθνῶτα
535 4799 560 4839 ἀ
592 4799 989 4871 ζωοποιηθίψαι
1033 4798 1332 4871 Πνεύματι,
1370 4801 1427 4853 ἐν
1463 4793 1546 4863 οἷς
1574 4816 1739 4871 φησιν

156 4893 210 4943 ὲν
239 4891 319 4962 τῷ
351 4890 558 4963 πρώτῳ
587 4892 764 4964 τόμῳ·
798 4893 861 4946 El
889 4891 1066 4946 τοίνυν
1095 4892 1157 4945 ού
1192 4890 1425 4945 πέπονθε
1455 4891 1517 4944 τὸ
1550 4890 1740 4945 τεθνά-

156 4999 237 5035 ναι
271 4983 556 5054 σαρκικῶς
600 4985 739 5038 κατὰ
774 4986 873 5049 τὰς
920 4984 1179 5055 Γραφὰς,
1228 4983 1347 5037 οὐδὲ
1394 4983 1736 5055 ὲζωοποιήθη

161 5070 461 5141 Πνεύματι.
508 5072 739 5126 Σκοπείν
778 5074 834 5127 δὲ
873 5074 952 5127 δεῖ
984 5074 1082 5144 τὴν
1127 5071 1318 5126 ἑαυτοῦ
1372 5072 1508 5144 πρὸς
1543 5073 1733 5125 ἑαυτὸν

159 5163 531 5236 ἐναντιότητα,
557 5166 615 5219 ὲν
647 5168 743 5236 μὲν
771 5169 881 5231 τοῖς
910 5166 1379 5237 ἀναθεματισμοῖς
1409 5165 1574 5218 αὑτοῦ
1631 5165 1733 5218 ἀπ-

158 5255 557 5325 αγορεύσαντος
583 5257 675 5310 τὸν
701 5258 904 5329 Κύριον
922 5258 979 5311 ὲν
1011 5256 1441 5329 ΠνεύματιΘεοῦ
1474 5255 1734 5327 δαίμονας

158 5346 465 5411 ἐκϐάλλειν,
504 5350 598 5402 καὶ
627 5350 697 5403 τὰ
739 5350 875 5406 ἀλλα
929 5352 1134 5422 σημεῖα
1172 5350 1372 5413 ποιεῖν,
1416 5349 1509 5403 καὶ
1541 5348 1641 5420 τὴν
1675 5350 1734 5401 ἐν

159 5438 263 5500 τοῖς
292 5436 648 5507 Εὑαγγελίοις
676 5441 936 5513 κειμένην
964 5440 1241 5513 ἔγγραφον
1270 5439 1363 5492 τοῦ
1391 5440 1596 5510 Κυρίου
1624 5457 1734 5509 φω-

1844 4698 2135 4752 Dominum
2170 4696 2322 4765 signa
2346 4693 2397 4746 in
2419 4691 2623 4761 Spiritu
2667 4689 2859 4743 fecisse
2896 4688 3265 4759 pronuntiavit
3291 4690 3419 4753 ;setl

1841 4791 2006 4847 etiam
2039 4790 2215 4861 ipsum
2252 4794 2521 4840 mortuum
2549 4781 2880 4836 viviﬁcatum
2904 4796 3025 4834 esse
3051 4777 3256 4849 Spiritu
3286 4781 3420 4834 dixit

1841 4884 2017 4955 primo
2050 4892 2217 4947 tomo,
2256 4879 2342 4933 his
2382 4875 2595 4931 verbis:
2620 4873 2790 4943 Igitur
2826 4871 2871 4927 si
2901 4887 3003 4926 nou
3036 4871 3257 4940 pertulit
3283 4872 3417 4926 mori

1842 4974 2137 5034 carnaliter
2197 4971 2491 5026 secundum
2542 4967 2877 5036 Scripturas,
2930 4979 3032 5018 non
3082 4964 3210 5018 item
3246 4964 3419 5018 viviﬁ-

1842 5079 1997 5124 catus
2026 5074 2109 5120 est
2144 5060 2370 5133 Spiritu.
2401 5060 2499 5114 llic
2523 5058 2711 5112 videre
2757 5056 2907 5119 licet,
2948 5066 3206 5124 quantum
3236 5069 3417 5110 secum

1844 5162 1959 5232 ipse
2021 5166 2243 5228 pugnet,
2278 5169 2400 5207 cum
2434 5147 2997 5205 in'nnathematismis
3050 5147 3280 5217 negarit,
3316 5147 3418 5201 Do-

1844 5254 2048 5306 minum
2102 5249 2155 5302 in
2196 5247 2399 5316 Spiritu
2455 5245 2731 5316 daemones
2781 5240 2998 5308 ejicere,
3045 5250 3099 5296 et
3130 5241 3231 5294 alia
3266 5244 3417 5311 signa

1843 5343 2045 5405 facere,
2087 5350 2143 5394 et
2204 5339 2461 5407 scriptam
2518 5336 2572 5389 in
2614 5333 2922 5404 Evangeliis
2964 5348 3151 5387 vocem
3208 5331 3417 5386 Domini

1843 5433 2160 5504 cxploserit,
2207 5429 2472 5486 dicentis:
2506 5448 2523 5479 ι
2559 5427 2615 5482 Si
2648 5439 2827 5481 autem
2860 5426 2910 5480 in
2952 5424 3156 5495 Spiritu
3192 5424 3282 5479 Dei
3317 5439 3418 5493 ego

1234 5618 1407 5674 Varia:
1436 5616 1699 5673 lectiones
1738 5629 1802 5669 ex
1834 5612 2020 5669 codice
2054 5609 2431 5682 Seguieriano.

182 5786 191 5811 ³
223 5774 308 5830 ἵσ.
342 5775 495 5846 ποιρά
516 5793 630 5830 του.
710 5784 735 5824 Υ
768 5774 1031 5844 σοφίζετε.

1133 5784 1154 5811 ι
1192 5791 1386 5845 προσκ.
1432 5772 1525 5827 καί
1625 5784 1649 5813 ο
1685 5768 2015 5835 δεδοξάσθαι.
2094 5766 2121 5806 ι’
2152 5764 2219 5819 δι’
2253 5765 2437 5820 αὐτοῦ.
2517 5776 2539 5804 ε
2573 5765 2658 5818 Ia.
2691 5780 2819 5818 των.
2862 5759 2889 5801 (ι
2919 5760 3080 5816 αὐτὸν
3118 5755 3411 5813 τεθνεῶτα.
