4088 6482
699 366 806 428 355
1720 362 1780 421 S.
1817 362 2089 421 CYRILLI
2130 358 2599 420 ALEXANDRINI
2638 356 2959 416 ARClllEP.
3829 362 3906 419 356

698 486 863 555 eiicio
925 480 1284 537 daamonia”.
1332 498 1352 533 ο
1403 479 1472 535 At
1523 494 1622 536 nos
1671 480 1961 537 Dominum
2022 490 2312 544 nostrum}

2294 485 2343 545 Α
2369 482 2468 552 νὴν
2495 477 2834 541 ἀθετοῦντος.
2864 474 3115 539 εἰπόντος
3134 489 3149 505 ⁸
3186 491 3206 527 t
3233 473 3297 529 El
3329 473 3385 529 δὲ
3413 474 3472 528 ἐν
3507 472 3784 545 Πνεύματι
3807 478 3906 536 Θεοῦ

701 576 885 632 Iesum
922 573 1201 629 Christum
1238 580 1295 626 et
1341 586 1438 626 sua
1488 572 1690 626 virtute
1734 582 1788 626 et
1816 571 2053 642 Spiritus
2078 585 2274 642 opera-

2375 570 2487 642 ὲγὼ
2526 570 2774 625 ἐκϐάλλω
2804 570 2871 624 τὰ
2908 568 3180 641 δαιμόνια.
3208 587 3227 621 ι
3265 568 3406 622 Ἀλλ’
3428 572 3604 641 ἡμεῖς
3631 569 3723 623 τὸν
3752 573 3910 644 Κύριον

705 669 850 724 tione
890 665 1188 738 perfecisse
1238 664 1389 735 signa
1419 663 1768 719 confitemur.
1800 664 1919 719 Non
1940 666 2081 719 enim
2115 665 2271 734 quasi

2374 664 2533 738 ἡμῶν
2564 665 2772 737 Ἰησοῦν
2804 664 2895 717 τὸν
2933 662 3188 735 Χριστὸν,
3234 662 3328 716 καὶ⁵
3356 664 3422 735 τῇ
3469 662 3660 734 οἰκείᾳ
3698 663 3909 736 δυνάμει,

703 767 890 814 careat
932 755 1149 826 propria
1181 756 1403 819 virtute,
1460 755 1532 809 uti
1579 755 1809 810 dicimus
1849 757 2050 811 virtute
2100 756 2278 826 Spiri-

2374 756 2471 812 καὶ
2496 758 2562 828 τῇ
2593 754 2686 809 τοῦ
2713 754 3027 827 Πνεύματος
3048 754 3299 826 ὲνεργείᾳ
3319 754 3642 808 ἐπιτελέσαι
3666 753 3733 808 τὰ
3759 762 3911 827 σημεῖα

705 860 794 904 tus
837 848 1032 904 sancti.
1089 846 1205 902 Non
1242 856 1418 900 autem
1473 845 1735 916 Spiritum
1808 856 2053 903 sanctum
2112 847 2277 903 simul

2374 847 2747 918 ὁμολογοῦμεν
2769 863 2784 879 ο
2820 847 2881 900 οὺ
2932 845 3042 918 γάρ
3082 846 3157 909 ὡς
3202 846 3303 899 οὐκ
3335 845 3533 915 ἔχοντα
3566 845 3668 917 τὴν
3704 846 3825 901 ίδίαν
3848 851 3911 902 διὶ-

706 941 898 995 adesse
932 940 1133 1003 dicere,
1175 952 1361 993 eorum
1409 947 1495 993 est
1533 940 1790 1005 arbitror,
1821 940 1913 1009 qui
1963 938 2277 1010 Scripturas

2376 937 2808 1010 ναμιν,χρῆσθαι
2826 940 2894 1009 τῇ
2919 937 3145 1008 δυνάμει
3168 935 3262 989 τοῦ
3299 930 3476 1005 ἁγίου,
3496 936 3835 1006 Πνεῦματοςο
3861 941 3911 1012 μὴ

710 1040 929 1086 sanctas
982 1036 1197 1101 negant.
1258 1027 1391 1082 Nam
1445 1032 1691 1099 quamvis
1748 1031 1944 1086 alicubi
1993 1032 2277 1101 Scriptura

2380 1031 2619 1083 συνεῖναι
2647 1028 2707 1083 δὲ
2734 1028 2795 1081 τὸ
2833 1027 3058 1099 Πνεῦμα
3086 1027 3147 1080 τὸ
3180 1026 3358 1097 ἀγιον,
3382 1027 3744 1098 ἀρνουμένων
3779 1031 3910 1094 ἔστιν,

704 1125 873 1188 dicat,
915 1122 1130 1177 Patrem
1170 1122 1433 1193 perlicere
1478 1138 1639 1193 opera
1686 1123 2093 1190 miraculorum,
2150 1124 2276 1178 dum

2376 1121 2454 1184 ὡς
2491 1116 2667 1191 οἶμαι,
2695 1122 2795 1184 τὰς
2841 1119 2995 1183 θείας
3021 1120 3266 1191 Γραφάς.
3309 1118 3429 1173 Κᾶν
3480 1118 3599 1190 γάρ
3642 1122 3795 1190 πουὴ
3828 1121 3912 1177 θεία

706 1215 838 1270 dicit
870 1232 884 1269 :
922 1231 941 1265 ι
971 1213 1133 1267 Pater
1171 1213 1264 1284 qui
1308 1225 1490 1269 manet
1517 1216 1570 1269 iu
1605 1230 1711 1278 me,
1746 1216 1861 1284 ipse
1930 1216 2059 1270 facit
2108 1230 2276 1286 opera

2378 1212 2571 1284 Γραφὴ
2600 1212 2754 1285 λέγῃ,
2772 1211 2864 1265 τὸν
2899 1212 3118 1282 Πατέρα
3147 1210 3414 1265 ἐπιτελεῖν
3443 1210 3517 1264 τὰ
3535 1210 3678 1281 ἔργα
3701 1212 3799 1264 τῶν
3820 1212 3912 1266 01o-

704 1321 825 1374 qua:
842 1319 940 1375 ego
974 1304 1113 1359 facio
1132 1306 1215 1371 ";
1256 1325 1275 1359 ι
1315 1305 1484 1361 Filius
1542 1316 1718 1362 tamen
1755 1308 1953 1375 estqui
1989 1307 2119 1362 facit
2160 1323 2279 1363 om-

2383 1301 2588 1372 μάτων,
2624 1301 2693 1354 δι’
2728 1295 2802 1355 ὧν
2838 1315 3030 1370 φησιν·
3070 1319 3088 1352 t
3127 1300 3186 1353 '0
3220 1300 3410 1372 Πατὴρ
3436 1302 3466 1354 ό
3506 1301 3690 1371 μένων
3719 1302 3771 1355 ὲν
3804 1304 3908 1375 ἐμοὶ,

707 1398 795 1452 nia
830 1412 993 1466 opera
1046 1395 1347 1451 Patris:et
1396 1398 1526 1451 licet
1549 1412 1711 1466 opera
1759 1396 1879 1452 Filii
1923 1398 2159 1467 Spiritus
2192 1400 2279 1453 di-

2381 1392 2545 1457 αὐτὸς
2574 1394 2717 1445 ποιεῖ
2747 1391 2815 1445 τὰ
2839 1392 3006 1462 ἔργα,
3038 1390 3074 1444 ὃ.
3100 1390 3211 1460 ἐγὼ
3256 1391 3395 1443 ποιῶ
3425 1407 3439 1421 ο
3471 1410 3492 1443 ι
3530 1393 3563 1444 ὁ
3594 1391 3719 1453 Υἱός
3749 1394 3867 1446 ἐστιν
3892 1400 3910 1449 6

707 1496 865 1540 catur
895 1486 1091 1549 facere,
1125 1485 1250 1538 dum
1272 1486 1405 1538 dicit
1433 1502 1447 1539 :
1488 1502 1507 1535 ι
1551 1486 1607 1537 Si
1641 1494 1817 1540 autem
1863 1501 1961 1556 ego
1986 1486 2038 1539 iu
2076 1486 2279 1555 Spiritu

2382 1485 2552 1539 ποιῶν
2594 1486 2770 1539 πάντα
2799 1484 2868 1538 τά
2900 1483 3035 1555 ἔργα
3068 1484 3161 1536 τοῦ
3196 1484 3439 1556 Πατρός·
3469 1483 3583 1537 κᾶν
3615 1486 3685 1539 τὰ
3710 1485 3795 1538 τοῦ
3820 1487 3909 1541 1·ξοῦ

708 1575 803 1631 Dei
840 1576 999 1644 ejicio
1016 1575 1279 1630 daemonia
1316 1576 1365 1641 ¹;
1396 1594 1415 1626 ι
1451 1575 1711 1631 Dominus
1732 1587 1908 1630 tamen
1936 1578 2121 1646 estqui
2151 1578 2282 1632 facit

2380 1577 2442 1631 τὸ
2469 1576 2692 1648 Πνεῦμα
2720 1576 2853 1647 λέγῃ
2889 1578 3082 1640 ποιεῖν,
3112 1576 3180 1629 δι’
3207 1569 3282 1630 ὧν
3320 1593 3486 1645 φησιν
3512 1592 3578 1640 ’,ο
3611 1575 3674 1629 El
3704 1577 3756 1628 δὲ
3774 1578 3907 1647 ὲγὼὲν

709 1664 766 1724 in
800 1664 1030 1734 Spiritu.
1080 1663 1199 1719 Non
1234 1664 1380 1720 enim
1412 1664 1678 1718 alienatus
1723 1674 1804 1719 est
1838 1665 2002 1721 Filius
2032 1682 2059 1718 a
2097 1665 2277 1730 Patre,

2382 1667 2659 1738 Πνεύματι
2714 1667 2849 1722 Θεοῦ
2904 1666 3148 1721 ἐκϐάλλω
3193 1669 3263 1722 τὰ
3314 1666 3609 1738 δαιμόνια*
3642 1685 3663 1717 ι
3694 1670 3722 1721 ό
3760 1670 3910 1740 Κύριός

710 1756 799 1810 vel
835 1755 1284 1825 Spiritu;neque
1314 1766 1563 1824 separata
1617 1764 1671 1810 et
1726 1759 1953 1811 seorsim
2013 1758 2277 1827 disjuncta
2314 1826 2324 1832 _

2314 1826 2350 1832 _
2384 1764 2530 1815 ὲστιν
2557 1763 2587 1815 ό
2614 1761 2781 1813 ποιῶν
2832 1762 2889 1815 ὲν
2928 1760 3222 1831 Πνεύματι.
3268 1760 3405 1813 Οὐδὲ
3463 1760 3580 1831 γὰρ
3612 1760 3907 1832 ἠλλοτρίωται

710 1858 838 1907 sunt
874 1851 1158 1906 Trinitatis
1199 1865 1365 1920 opera
1395 1869 1411 1906 :
1442 1852 1536 1907 sed
1600 1853 1815 1922 propria
1876 1826 2161 1907 Trinitatis
2202 1826 2324 1908 est]

2314 1826 2356 1880 Β
2384 1854 2413 1906 ὁ
2441 1853 2564 1917 Υἱὸς
2589 1852 2682 1905 τοῦ
2712 1853 2946 1923 Πατρὸς,
2970 1853 3003 1923 ἢ
3034 1826 3131 1906 τοῦ
3164 1826 3488 1923 Πνεύματος
3503 1868 3518 1882 ·
3550 1826 3676 1904 οὐδὲ
3730 1826 3906 1923 κεχωρι-

712 1944 1133 2014 uniuscujusque
1155 1944 1539 2007 subsistentia},
1560 1960 1679 2014 qua:
1708 1946 1759 1999 in
1783 1944 2059 2012 Scriptura
2085 1947 2283 2000 dicitur

2386 1946 2581 2014 σμέναι
2611 1944 2705 1997 καὶ
2740 1942 3035 2007 ίδιάζουσαί
3057 1961 3158 1996 που
3186 1944 3242 1996 αἱ
3266 1943 3367 2014 τῆς
3400 1942 3640 2013 Τριάδος
3670 1942 3903 2015 ἐνέργειαι,

708 2036 954 2104 operatio
989 2053 1003 2091 :
1051 2036 1209 2105 182
1267 2046 1326 2090 ut
1355 2035 1634 2105 Scriptura
1669 2036 1801 2091 dicit
1843 2038 2135 2105 aliquando
2165 2054 2282 2092 om-

2384 2038 2500 2093 ἀλλ’
2526 2040 2701 2093 οίκεία
2733 2040 2831 2109 τῆς
2860 2040 3089 2109 Τριάδος
3115 2041 3146 2110 ἡ
3175 2040 3414 2112 ἑκάστης
3439 2040 3785 2102 ὑποστάσεως
3804 2042 3847 2093 ὲν
3864 2046 3905 2113 τῇ

614 2179 619 2186 ,
710 2142 831 2182 nem
862 2136 1173 2183 creaturam
1198 2127 1321 2182 Filii
1348 2143 1503 2197 opus,
1525 2128 1714 2184 dicens
1743 2147 1757 2183 :
1797 2148 1816 2181 ι
1861 2130 2037 2185 Verbo
2072 2132 2228 2186 Domi

2383 2133 2574 2203 Γραφῇ
2610 2131 2878 2203 λεγομένη
2920 2132 3208 2202 ἐνέργεια·
3240 2131 3428 2201 ὥσπερ
3456 2145 3481 2172 ο
3517 2133 3616 2187 καὶ
3650 2134 3812 2186 πᾶσαν
3836 2136 3903 2204 τὴν

722 2219 846 2274 caeli
871 2218 1070 2273 firmati
1101 2228 1261 2286 sunt;
1296 2237 1317 2272 ι
1342 2219 1630 2289 aliquando
1661 2230 1838 2277 autem
1868 2221 2124 2291 Spiritus,
2152 2223 2281 2278 dum

2383 2224 2561 2278 κτίσιν
2595 2222 2726 2277 ποτὲ
2764 2224 2863 2295 μὲν
2891 2223 3039 2292 λέγει
3062 2226 3095 2294 ἡ
3137 2224 3329 2295 Γραφὴ
3353 2223 3451 2277 τοῦ
3487 2224 3626 2277 Υῑοῦ
3665 2224 3825 2295 ἔργον,
3847 2225 3904 2277 λέ-

709 2310 903 2365 infert:
928 2329 946 2362 ι
970 2311 1037 2365 Ει
1061 2310 1270 2379 Spiritu
1298 2311 1411 2366 oris
1442 2310 1558 2380 ejus
1573 2314 1749 2368 omnis
1773 2314 1944 2369 virtus
1969 2317 2217 2369 eorum”.
2256 2334 2279 2368 ι

2382 2332 2582 2384 γουσασ
2624 2334 2642 2367 ‹
2673 2313 2764 2385 Τῷ
2811 2316 2969 2386 Λόγῳ
3016 2316 3221 2387 Κυρίου
3263 2317 3313 2370 οί
3358 2316 3586 2387 οὐρανοὶ
3626 2318 3900 2388 ἐστερεώθη-

711 2402 819 2457 Scd
855 2418 960 2457 non
984 2405 1135 2472 quasi
1161 2403 1322 2459 Pater
1353 2419 1457 2458 non
1485 2405 1656 2473 possit
1695 2405 1876 2460 omnia
1916 2406 2119 2471 lacere,
2153 2422 2285 2477 ope-

2385 2424 2515 2461 σανο
2541 2427 2560 2460 ο
2596 2407 2726 2461 ποτὲ
2757 2407 2816 2461 δὲ
2847 2407 2941 2461 τοῦ
2971 2408 3308 2477 Πνεύματος,
3341 2408 3411 2462 δι’
3433 2401 3513 2462 ὧν
3539 2408 3757 2478 ἐπάγει·
3787 2427 3804 2461 t
3827 2411 3902 2462 Καὶ

710 2503 863 2550 ratur
884 2493 1050 2549 etiam
1086 2494 1290 2549 Filius:
1343 2504 1398 2550 et
1454 2495 1690 2565 Spiritus
1738 2512 1951 2565 quoque
1984 2500 2284 2554 assumitur

2383 2499 2462 2570 τῷ
2510 2499 2790 2570 Πνεύματι
2848 2498 2944 2553 τοῦ
2981 2500 3248 2570 στόματος
3278 2499 3447 2554 αὑτοῦ
3479 2501 3636 2554 πᾶσα
3664 2502 3695 2572 ή
3728 2499 3898 2571 δῦναμις

710 2588 777 2641 ad
835 2586 1153 2653 creandum,
1211 2602 1318 2643 non
1360 2592 1515 2657 quasi
1544 2588 1788 2643 infirmus
1826 2591 1898 2644 sit
1926 2589 2283 2663 Filiustvere

2384 2591 2584 2647 αὐτῶν.
2612 2610 2630 2643 ι
2672 2590 2810 2645 Ἀλλ’
2830 2591 2929 2661 οὐχ
2958 2591 3034 2655 ὡς
3079 2590 3480 2654 ἀδυνατοῦντος
3526 2592 3623 2645 τοῦ
3654 2592 3835 2662 Πατρδς
3854 2591 3900 2643 τὰ

709 2678 852 2732 enim
875 2679 1077 2732 dictum
1095 2686 1198 2744 est,
1222 2679 1365 2747 quod
1387 2693 1482 2747 per
1499 2678 1674 2749 ipsum
1698 2679 1839 2735 facta
1857 2692 1982 2736 sunt
2001 2685 2181 2739 omnia
2203 2684 2279 2755 ³),

2386 2685 2564 2739 πάντα
2595 2687 2842 2755 ποιῆσαι.
2873 2684 3199 2754 δημιουργεῖ
3249 2685 3345 2738 καὶ
3368 2685 3397 2737 ό
3434 2684 3565 2747 Υἱός
3584 2699 3599 2714 ·
3632 2678 3810 2737 οὺδάὖ
3832 2686 3900 2736 πί-

710 2769 805 2823 sed
838 2778 895 2825 ut
918 2769 1205 2823 Trinitatis
1230 2769 1422 2825 eadem
1457 2772 1780 2839 substantia,
1814 2773 1968 2841 idem
2002 2775 2207 2848 Ιιοιιοτ,ξ
2227 2786 2283 2830 et

2383 2778 2488 2842 λιν,
2524 2777 2600 2840 ὡς
2630 2776 2979 2840 ἀσθενοῦντος
3004 2777 3099 2830 τοῦ
3132 2776 3261 2830 Υίοῦ
3306 2778 3386 2841 είς
3432 2776 3538 2847 τὴν
3587 2776 3899 2847 δημιουργίαν,

708 2861 897 2914 eadem
930 2860 1103 2915 virtus
1137 2863 1572 2926 commendetur,
1601 2863 1733 2918 dicit
1766 2865 1954 2918 eadem
2008 2866 2279 2921 interdum

2384 2867 2992 2940 συμπαραλαμϐάνεται
3041 2869 3104 2923 τὸ
3156 2869 3381 2940 Πνεῦμα
3423 2868 3669 2939 (ἀληθὲς
3704 2868 3796 2939 γὰρ
3831 2867 3896 2930 τὸΙ

708 2969 737 3006 a
768 2952 949 3019 Patre,
976 2954 1243 3008 interdum
1263 2970 1290 3007 a
1318 2954 1478 3020 Filio,
1509 2954 1776 3009 interdum
1809 2970 1836 3008 a
1866 2956 2067 3024 Spiritu
2093 2968 2283 3013 sancto

2389 2981 2408 3016 t
2440 2962 2629 3016 Πάντα
2656 2962 2722 3015 δι’
2745 2963 2911 3017 αὑτοῦ
2932 2962 3152 3032 ἐγένετο
3183 2963 3229 3032 ι)
3247 2980 3260 2993 σ
3281 2962 3395 3015 ἀλλ’
3429 2962 3524 3015 ἵνα
3539 2962 3602 3014 τὸ
3618 2961 3710 3029 τῆς
3729 2959 3899 3030 Τριάὁος

706 3060 827 3100 esse
874 3042 1037 3099 facta.
1077 3043 1169 3099 Sic
1233 3044 1377 3099 enim
1425 3054 1480 3100 et
1526 3046 1594 3100 ab
1641 3062 1743 3099 una
1782 3047 2082 3101 substantia
2102 3049 2282 3103 divina

2383 3054 2689 3125 ὁμοούσιον,
2713 3059 2806 3109 καὶ
2831 3056 3113 3127 ὁμότιμον,
3145 3055 3237 3108 καὶ
3265 3054 3617 3125 όμοδύνσιμον
3637 3055 3753 3123 ἡμῖν
3772 3068 3898 3121 mp:-

708 3133 944 3205 pendere
970 3136 1150 3189 omnia
1180 3136 1550 3204 intelligimus.
1582 3135 1715 3191 Nam
1742 3150 1799 3192 ut
1832 3136 2063 3193 Verbum
2092 3156 2322 3214 esseu-q

2307 3159 2349 3215 ο
2385 3146 2582 3216 στήσῃ,
2609 3145 2757 3215 λέγει
2783 3146 2850 3199 τὰ
2875 3146 3017 3199 αὐτὰ
3036 3147 3168 3200 ποτὲ
3206 3147 3305 3218 μὲν
3323 3146 3430 3199 ὑπὸ
3448 3144 3783 3216 τοῦιηατρὸς,
3810 3142 3899 3194 ποτὲ

710 3223 837 3278 tiale
862 3233 913 3277 et
946 3223 1253 3278 subsistens
1275 3225 1390 3293 ipse
1441 3224 1761 3294 Unigenitus
1793 3229 1995 3297 absque
2025 3231 2279 3298 passione

2382 3236 2441 3288 δὲ
2480 3236 2584 3289 ὑπὸ
2629 3237 2724 3290 τοῦ
2757 3236 2910 3301 Υἱοῦ,
2952 3239 3083 3291 ποτὲ
3111 3238 3169 3291 δὲ
3207 3239 3311 3291 ὑπὸ
3330 3238 3425 3291 τοῦ
3454 3238 3617 3306 ἁγίου
3654 3235 3896 3304 Πνεῦματος

706 3330 772 3370 ex
842 3331 907 3371 eo
959 3316 1170 3386 genitus
1211 3324 1335 3383 est;
1368 3327 1423 3371 et
1481 3318 1716 3387 Spiritus
1768 3333 1986 3375 sanctus
2037 3337 2101 3375 ex
2164 3322 2281 3392 ipso

2384 3328 2733 3397 γεγενῆσθαι.
2755 3328 2910 3382 Οὕτω
2922 3330 3031 3400 γάρ
3050 3329 3143 3383 καὶ
3169 3332 3299 3400 μιᾶς
3322 3347 3467 3392 τινος
3483 3330 3672 3391 οὐσίας
3693 3328 3816 3389 θείας
3835 3327 3898 3392 ἠρ-

708 3409 1026 3477 procedens,
1096 3408 1147 3462 in
1201 3410 1416 3479 propria
1503 3412 1858 3465 subsistentia
1917 3414 2281 3479 exsistit;ita

2384 3418 2581 3488 τῆσθαι
2621 3419 2798 3472 πάντα
2841 3419 3090 3489 νοοῦμεν.
3130 3420 3220 3483 Ὧς
3255 3419 3363 3489 γὰρ
3404 3416 3693 3481 ὲνούσιοςῖ
3739 3417 3813 3469 καὶ
3842 3418 3896 3465 ὲν-

708 3512 765 3551 ιιι
797 3516 849 3553 tn
874 3500 1045 3554 tribus
1073 3500 1441 3555 subsistentiis
1490 3517 1594 3554 una
1625 3502 1931 3557 substantia
1964 3518 2204 3571 notetur,
2229 3515 2282 3561 et

2280 3545 2282 3559 .
2387 3511 2689 3573 υπόστατος
2721 3511 3072 3582 ὁΜονογενὴς
3115 3510 3173 3576 ἐξ
3206 3511 3370 3565 αὐτοῦ
3397 3510 3662 3573 sanatio;
3678 3506 3894 3577 ἐγεννήθη.

710 3591 856 3645 nulla
893 3593 1131 3661 ipsarum
1168 3592 1221 3645 in
1250 3594 1458 3647 ratione
1517 3595 1832 3651 substantiae
1882 3598 2055 3652 aliena
2096 3601 2280 3656 consi-

2390 3603 2482 3655 καὶ
2511 3603 2572 3655 τὸ
2602 3603 2827 3672 Πνεῦμα
2854 3603 2911 3656 δὲ
2947 3604 3041 3656 καὶ
3072 3602 3204 3655 αὐτὸ
3236 3603 3296 3668 ἐξ
3340 3603 3510 3657 αὑτοῦ
3535 3604 3564 3643 h
3602 3598 3895 3670 ἐκπορευόμε-

707 3681 1116 3748 deretur;solis
1166 3694 1344 3737 autem
1404 3687 1828 3754 proprietatibus
1876 3690 2279 3759 denotantibus,

2385 3706 2497 3756 νον,
2525 3693 2582 3746 ἐν
2612 3692 2717 3763 ἰδίᾳ
2748 3693 3044 3745 ὑποστάσει
3069 3692 3357 3762 τυγχάνει·
3395 3691 3542 3744 ὥστε
3575 3692 3694 3762 μίαν
3722 3691 3736 3729 ί
3762 3686 3894 3740 οὐσίαν

708 3774 824 3829 sive
850 3774 1309 3844 distinguentibus
1352 3776 1492 3830 inter
1526 3778 1668 3846 ipsas
1699 3779 2087 3848 intelligantur.
2136 3782 2283 3848 Quo-

2276 3811 2283 3824 ι
2382 3782 2443 3835 ὲν
2491 3784 2669 3854 τρισὶν
2723 3783 3058 3837 ὑποστάσεσι
3116 3783 3644 3855 χαρακτηρίζεσθαι,
3688 3779 3767 3833 καὶ
3801 3776 3890 3847 μηδ-

708 3865 866 3920 Ino‘do
892 3867 1054 3935 igitur
1085 3867 1425 3937 eritpropria
1475 3870 1745 3937 operatio,
1792 3886 2023 3940 quorum
2066 3890 2169 3928 una
2196 3885 2280 3931 est

2278 3920 2280 3928 ,
2382 3872 2576 3945 ετέραν
2621 3874 2800 3928 αὐτῶν
2848 3875 2926 3946 τῷ
2963 3876 3063 3945 τῆς
3104 3876 3292 3938 οὐσίας
3329 3875 3476 3946 λόγῳ
3528 3869 3892 3947 ἠλλοτριωμένην

705 3959 964 4023 essentia,
999 3967 1051 4011 et
1075 3958 1405 4027 potentia,et
1435 3958 1725 4014 voluntas?
1755 3960 1888 4015 Nam
1926 3965 2121 4032 quibus
2161 3967 2278 4022 haec

2380 3965 2723 4036 θεωρεῖσθαι,
2752 3967 2944 4037 μόναις
2966 3966 3021 4019 δὲ
3049 3967 3271 4037 ἰδιότησι
3293 3963 3810 4038 χαρακτηριστικαῖς,
3829 3956 3894 4007 εἴτ’

706 4047 1182 4112 suutcommuuia,
1220 4060 1405 4099 eorum
1441 4062 1544 4100 una
1574 4062 1795 4114 prorsus
1821 4057 1903 4102 est
1928 4052 2196 4116 Operatio.

2374 4050 2468 4109 οῦν
2506 4056 2884 4128 διοριστικαῖς,
2922 4056 3168 4127 ἀλλήλων
3203 4052 3465 4111 νοεῖσθαι.
3524 4056 3643 4120 Πῶς
3682 4050 3762 4107 οῦν
3801 4048 3891 4102 ἰδιά-

704 4136 874 4205 ζουσαι
913 4137 1184 4207 ἐνέργεια,
1223 4129 1298 4190 ὧν
1337 4136 1435 4207 μία
1467 4136 1564 4191 καὶ
1611 4139 1645 4210 η
1681 4138 1860 4206 οὐσία,
1906 4139 2000 4193 καὶ
2032 4141 2324 4213 ήδύναμις,
2364 4148 2459 4200 καὶ
2496 4151 2528 4220 ἡ
2588 4149 2878 4221 βούλησις;
2906 4142 2980 4203 ὧν
3012 4150 3120 4220 γάρ
3178 4149 3355 4203 ταῦτα
3386 4147 3579 4214 κοινά,
3613 4145 3702 4217 μία
3732 4142 3891 4197 πάντως

704 4231 973 4303 ἐνέργεια.

1259 4347 1445 4418 Cyrilli
1471 4348 1724 4417 defensio.
2308 4356 2355 4413 Ι)
2835 4355 2873 4409 Ἀ

2308 4356 2355 4413 Ι)
2835 4354 3152 4425 Ἀπολογία
3190 4354 3518 4421 Κυρίλλου.

776 4460 1053 4530 Numquid
1092 4460 1222 4516 mihi
1254 4463 1468 4515 testium
1525 4477 1659 4516 voce
1696 4476 1831 4531 opus
1871 4460 1975 4516 erit
2023 4460 2088 4515 ad
2131 4474 2281 4515 com-

2273 4489 2281 4499 ’
2454 4462 2603 4537 *Αρά
2638 4484 2726 4537 μοι
2760 4466 3053 4539 μαρτύρων
3092 4466 3275 4537 δεήσει
3312 4465 3501 4535 φωνῆς
3545 4462 3674 4534 πρὸς
3711 4459 3763 4512 τὸ
3792 4458 3887 4510 ἀπο·

704 4554 1137 4618 monstrandutn,
1191 4553 1531 4607 adversarios
1604 4568 1738 4607 vana
1804 4552 1946 4621 loqui
2006 4551 2162 4617 velle,
2225 4560 2279 4605 et

2272 4562 2279 4605 ἱ
2385 4562 2550 4632 φῆναι
2603 4560 2729 4621 τοὺς
2768 4559 2836 4611 δι’
2891 4557 3139 4621 ἐναντίας
3187 4557 3558 4625 είκαιολόγους
3601 4544 3886 4607 ἐθέλοντας).

703 4646 993 4700 adversum
1027 4658 1126 4700 nos
1175 4654 1378 4700 temere
1408 4644 1757 4712 blasphemiis
1789 4644 1914 4698 uti?
1951 4644 2145 4698 Verum
2174 4644 2277 4697 hoc

2274 4663 2277 4694 ί
2384 4649 2477 4703 καὶ
2507 4650 2628 4711 ταῖς
2665 4646 2787 4701 καθ’
2812 4650 2844 4718 ὴ
2856 4648 2971 4716 μῶν
2996 4646 3329 4717 δυσφημίαις
3365 4643 3764 4716 ἀπερισκέπτως
3788 4652 3888 4705 χρω-

703 4736 854 4792 solus
892 4735 1108 4790 illorum
1148 4751 1348 4802 sermo,
1385 4745 1443 4790 ut
1481 4735 1695 4805 Opinor,
1739 4735 2020 4790 indicabit.
2049 4734 2182 4789 Nam
2221 4735 2274 4788 in

2386 4737 2614 4809 μένουςς
2650 4735 2813 4801 Ἀλλ’,
2844 4732 3020 4806 οἶμαι,
3048 4736 3201 4789 τουτὶ
3245 4733 3341 4787 καὶ
3380 4733 3537 4803 μόνος
3566 4735 3592 4785 ό
3624 4730 3739 4799 παρ’
3762 4723 3888 4777 αὐτῶν

704 4828 983 4898 proposito
1024 4827 1482 4882 anathematismo
1527 4825 1916 4882 alﬁrmavimus
1966 4826 2273 4892 manifeste,

2270 4868 2273 4886 .
2381 4827 2633 4894 διαδείξει
2660 4828 2685 4867 Ιι
2713 4827 2890 4897 λόγος.
2934 4828 3023 4880 Ἐν
3067 4827 3164 4898 μὲν
3202 4825 3310 4898 γάρ
3338 4825 3418 4896 τῷ
3455 4820 3775 4907 προκειμένῳ
3797 4816 3884 4907 ἅναξ

704 4922 981 4992 proprium
1036 4936 1155 4977 esse
1199 4921 1324 4976 Filii
1387 4921 1651 4992 Spiritum
1702 4930 1951 4977 sanctum
1986 4936 1999 4987 ;
2040 4931 2094 4975 et
2133 4921 2277 4991 quod

2271 4922 2277 4975 ι
2384 4915 2708 4988 θεματισμῷ
2749 4917 3211 4988 διισχυρισάμεθα
3263 4915 3451 4984 σαφῶς
3506 4914 3631 4967 ἴδιον
3669 4906 3787 5005 εἶναι
3823 4918 3885 5005 του

706 5028 801 5082 per
827 5013 1063 5082 seipsum
1114 5013 1405 5084 perfecerit
1444 5014 1624 5068 divina
1656 5012 1830 5084 signa.
1867 5014 1937 5068 At
1963 5013 2059 5079 illi,
2084 5029 2274 5084 quam-

2270 5043 2274 5052 ι
2383 5010 2515 5064 Υίοῦ
2530 5010 2588 5063 τὸ
2615 5009 2907 5081 Πνεῦματδ
2930 5010 3105 5078 ἅγιον,
3135 5009 3234 5062 καὶ
3265 5007 3392 5079 μὴν,
3418 5007 3499 5060 ὅτι
3526 5005 3592 5059 δι’
3616 4997 3760 5056 αὐτοῦ

704 5106 786 5160 vis
810 5117 950 5176 smpe
976 5103 1267 5173 ailirmcnt,
1298 5120 1384 5161 me
1419 5106 1647 5162 oblitum
1701 5119 1824 5161 esse
1884 5120 2129 5159 meorum
2160 5120 2278 5159 ser-

2270 5133 2278 5146 -
2381 5103 2507 5156 λεκε
2528 5102 2628 5166 τὰς
2660 5102 3014 5175 θεοσημείας.
3039 5103 3102 5155 Ol
3129 5102 3209 5167 δὲ,
3235 5100 3411 5154 καίτοι
3439 5098 3690 5157 πολλάκις
3712 5091 3727 5129 ι
3751 5085 3884 5176 ἐπιλίγ-

705 5174 945 5261 tuonum,
997 5195 1049 5249 in
1080 5208 1200 5250 eam
1240 5196 1658 5268 progrediuntur
1706 5195 2097 5266 stnpiditatem,
2166 5195 2277 5252 imo

2269 5213 2277 5249 ι
2383 5195 2558 5266 σμονά
2584 5212 2651 5267 με
2674 5195 2782 5248 τῶν
2809 5193 3047 5266 ἐμαυτοῦ
3069 5202 3108 5230 ιιι
3136 5193 3312 5261 λόγων
3344 5190 3592 5260 γενέσθαι
3629 5174 3883 5253 διισχυριξό’

772 5365 1031 5441 ⁸⁸ιιίαιιιπ
1075 5384 1150 5436 xr,
1176 5367 1269 5424 28.
1344 5368 1389 5400 θ’
1420 5365 1577 5424 Joan.
1597 5382 1711 5434 xw,
1743 5365 1839 5422 10.
1915 5366 2143 5438 ⁸,Μοιι1ι.
2169 5380 2268 5433 xu,
2290 5365 2379 5420 28.

1778 5365 1839 5422 0.
1915 5366 2143 5438 ‘,Matth.
2169 5380 2268 5433 xu,
2290 5365 2379 5420 28.
2458 5366 2479 5396 ¹
2504 5362 2649 5420 Psal.
2692 5378 2863 5430 um,
2895 5360 2948 5417 6.
3026 5362 3048 5393 ³
3080 5357 3237 5415 Joan.
3271 5376 3308 5429 ι,
3335 5359 3390 5413 5.

1770 5524 1942 5577 Varizc
1973 5522 2231 5577 lectiones
2259 5536 2326 5576 ex
2355 5520 2542 5576 codice
2571 5518 2954 5590 Seguieriano.

775 5708 799 5735 °
830 5695 905 5759 ὥς
931 5713 1054 5749 πουο
1135 5694 1154 5733 ί
1185 5695 1260 5756 ὡς
1292 5692 1399 5763 γὰρ
1420 5693 1608 5765 [λόγος.
1686 5698 1710 5736 ⁸
1742 5695 1930 5765 αὐτῆς.
2006 5694 2034 5734 ιι
2066 5692 2255 5763 αὐτῆς.
2338 5693 2352 5731 ἱ
2387 5689 2463 5753 ὡς
2491 5689 2588 5761 τὴν
2623 5687 2767 5759 μίαν.
2851 5684 2864 5736 i
2911 5684 3276 5752 είκαιολογεῖν
3300 5681 3597 5741 ἐθέλοντας.
3667 5674 3687 5711 ¹ί
3710 5664 3877 5728 διδάξει·

708 5765 726 5806 ι
761 5767 1103 5832 πλειστάκις.
1178 5777 1216 5804 ιιι
1248 5763 1464 5818 ἑαυτοῦ.
