4088 6462
192 352 305 408 5⁸η

804 330 1339 395 APOLOGETICUS
1378 327 1519 384 ΡΙὶο
1559 324 1652 383 ΧΗ
1690 321 2057 380 CAPITIBUS
2095 324 2377 381 CONTRA
2414 323 2879 385 ORIENTALES.

3358 331 3468 392 358

192 486 373 543 μενοι,
393 466 729 536 προήκουσιν
754 462 836 525 είς
870 459 1030 515 τοῦτο
1045 460 1274 522 νωθείας
1292 456 1469 520 αὐτοὶ,
1502 450 1642 525 [καὶ]
1670 449 1777 521 μὴν

1883 460 2010 502 vero
2049 448 2404 513 dementiam,
2440 456 2499 503 ut
2553 458 2746 518 putent
2774 466 2863 507 me
2888 451 3090 519 dicere,
3130 454 3273 525 quod
3303 455 3464 514 Iesus

192 540 294 617 καὶ
323 556 678 628 ἀϐελτηρίας,
696 555 771 618 ὡς
790 553 996 608 οἴεσθαί
1014 570 1085 623 με
1115 551 1295 618 λέγειν
1312 548 1373 603 οὐ
1388 545 1479 601 διὰ
1492 544 1586 599 τοῦ
1603 540 1777 596 Ilvati-

193 668 368 724 ματος
409 648 696 704 ἐκϐάλλειν
732 646 825 700 τὸν
861 643 1073 715 Ἰησοῦν
1113 642 1183 696 τά
1211 639 1484 711 δαιμόνια.
1516 632 1641 707 Ἆρ’
1676 634 1777 688 οὐκ

192 743 437 816 ἐναργὴς
486 736 821 808 συκοφαντία
874 734 1034 789 τοῦτό
1082 750 1187 802 γε;
1230 733 1292 784 El
1341 731 1416 802 μὴ
1464 726 1628 799 γάριι
1676 725 1777 779 οὐκ

191 834 438 899 ἀξιοῦσιν
467 831 749 903 ὁμολογεῖν
788 826 1113 898 θεοσημείας
1149 820 1287 878 εἶναι
1334 823 1534 894 τρόπον
1570 820 1633 873 τὸ
1681 819 1775 872 ἐκ·-

192 923 489 979 ϐἁλλεσθαι
516 922 584 975 τά
611 921 882 991 δαιμόνια,
914 918 1182 987 λεγόντων
1210 917 1246 969 ἃ
1277 914 1577 986 βούλονται,
1602 910 1777 965 ποιεί-

190 1033 378 1070 τωσαν
404 1016 526 1068 κατ’
556 1013 692 1084 ἐμοῦ
710 1020 734 1047 ο
764 1011 824 1064 τὸ
852 1012 1039 1081 χρῆμα
1085 1008 1325 1080 γραφὴν,
1370 1002 1778 1074 ἐγκαλείτωσαν

189 1107 274 1159 ὅτι
327 1105 402 1175 μὴ
448 1103 606 1157 τοῦτο
635 1102 775 1173 ἔφην
806 1098 1055 1168 ἐναργῶς
1080 1138 1095 1161 ,
1146 1098 1431 1165 σιωπήσας
1458 1092 1556 1155 τὰς
1584 1091 1778 1161 θεοση-

196 1197 383 1269 μείας.
418 1197 482 1249 Et
509 1195 564 1248 δὲ
584 1192 723 1265 ὀμοῦ
758 1195 871 1256 τοῖς
907 1190 1089 1252 ἄλλοις
1120 1189 1216 1243 καὶ
1239 1188 1299 1242 τὸ
1328 1184 1685 1240 ἐκϐάλλεσθαι
1709 1180 1778 1235 τὰ

190 1290 452 1360 δαιμόνια
473 1327 491 1352 ,
524 1286 724 1359 τρόπος
766 1283 831 1337 ἂν
881 1284 989 1354 εἴη,
1012 1283 1107 1336 καὶ
1149 1281 1250 1334 οὐκ
1280 1274 1778 1348 ἀθαύμαστος,τῆς

195 1380 567 1451 θεοσημείας,
628 1378 680 1430 τί
726 1377 928 1447 δήποτε
994 1373 1253 1444 μεθέντες
1307 1370 1382 1434 ὡς
1431 1367 1660 1440 ἀκερδὲς
1717 1364 1779 1420 τὺ

193 1472 415 1526 ἑλέσθαι
452 1470 652 1541 μᾶλλον
676 1470 991 1539 εὐστομεῖν,
1025 1467 1119 1519 καὶ
1141 1465 1203 1518 τὸ
1225 1464 1422 1535 χρῆναι
1457 1460 1641 1514 λαλεῖν
1677 1458 1778 1529 τὴν

194 1569 462 1639 ἀλήθειαν
500 1563 574 1627 ὡς
620 1563 789 1616 ἐωλον
834 1558 1311 1632 παραιτούμενοι,
1362 1555 1424 1608 τὸ
1465 1557 1608 1626 τῆςρ
1654 1551 1778 1606 καθ’

192 1659 354 1731 ἡμῶν
380 1653 786 1726 ἀθυροστομίας
830 1650 1160 1720 τετιμήκασι
1184 1648 1372 1718 χρῆμα
1392 1655 1441 1710 ς,
1474 1645 1569 1697 καὶ
1591 1643 1693 1695 οὐκ
1719 1642 1777 1693 ἐν

195 1748 383 1822 μικρῷ
405 1747 732 1815 πεποίηνται
764 1744 906 1812 λόγῳ
930 1740 991 1794 τὸ
1016 1740 1160 1793 οὕτω
1193 1735 1598 1806 κατεψεγμένον
1626 1733 1778 1805 παρά

1880 540 2144 596 daemonia
2205 556 2311 596 non
2355 541 2580 610 ejecerit
2635 556 2732 613 per
2796 542 3084 614 Spiritum.
3129 546 3337 604 Annon
3379 559 3464 605 est

1882 630 2169 688 manifesta
2200 633 2472 689 calumnia
2498 633 2667 689 haec?
2713 633 2849 688 Nam
2888 636 2934 690 si
2960 636 3235 708 refugiunt
3284 639 3461 694 confi-

1881 722 2025 789 teri,
2050 724 2353 779 divinorum
2406 724 2682 793 signorum
2732 738 2901 795 genus
2932 741 3052 783 esse
3090 728 3215 798 ejici
3252 730 3463 784 dmmo-

1832 839 1838 843 -
1879 814 1990 881 nia,
2060 815 2242 870 dicant
2266 831 2385 885 quae
2420 816 2625 881 volunt,
2660 816 2711 871 id
2741 816 2869 871 mihi
2903 834 3001 888 pro
3031 819 3260 875 crimine
3292 822 3467 876 ascri-

1879 906 2027 972 baut,
2074 919 2328 963 accusent
2384 910 2526 977 quod
2576 909 2681 964 hoc
2725 925 2830 965 nou
2884 910 3171 966 manifeste
3206 912 3462 981 dixerim,

1879 998 2169 1068 divinaque
2200 999 2351 1068 signa
2384 1000 2604 1055 silentio
2635 1001 3013 1069 prmterierim.
3054 1002 3111 1057 Si
3146 1012 3327 1058 autem
3371 1005 3464 1059 iu-

1881 1098 1960 1144 ter
1989 1102 2185 1145 caetera
2214 1090 2414 1159 ejicere
2447 1093 2711 1146 daemonia
2745 1092 2902 1163 183
2933 1108 3104 1164 genus
3139 1104 3223 1149 est
3248 1096 3459 1150 divino-

1879 1197 1998 1235 rum
2053 1182 2327 1252 signorum
2383 1184 2742 1239 admiratione
2791 1186 3050 1252 dignum,
3116 1200 3214 1240 cur
3262 1186 3460 1256 linguae

1879 1280 2187 1342 temperare
2220 1283 2476 1342 tanquam
2506 1289 2621 1327 rem
2657 1275 2907 1328 inutilem
2938 1284 3370 1342 contemnentes,
3406 1285 3463 1331 et

1880 1364 2024 1433 loqui
2058 1365 2349 1420 veritatem
2380 1375 2637 1435 tanquam
2686 1380 2801 1420 rem
2831 1366 3073 1436 putidam
3106 1368 3460 1438 refugientes,

1879 1457 2091 1511 dicendi
2119 1456 2554 1525 intemperantia
2583 1456 2871 1511 adversum
2899 1472 2998 1512 nos
3027 1457 3103 1511 uti
3131 1460 3458 1525 maluerunt,

1878 1556 1934 1602 et
1966 1562 2077 1602 rem
2116 1557 2399 1615 tantopere
2431 1550 2577 1617 apud
2615 1550 2780 1603 Deum
2822 1558 2877 1602 et
2908 1550 3157 1604 homines
3186 1550 3460 1620 vitupera-

1882 1648 1989 1694 tam
2022 1638 2157 1692 nihil
2217 1638 2487 1694 interesse
2518 1638 2878 1707 putaverunt?
2916 1640 3022 1694 Sed
3052 1641 3300 1696 videntur
3329 1640 3459 1695 mihi

1879 1743 2004 1785 esse
2045 1730 2199 1784 obliti
2231 1728 2436 1785 Christi
2464 1731 2695 1786 dicentis
2722 1748 2737 1786 :
2769 1750 2787 1783 ι
2816 1732 3097 1798 Quomodo
3123 1733 3271 1788 dices
3300 1733 3465 1789 fratri

188 1809 249 1895 τε
423 1840 518 1893 καὶ
569 1809 909 1908 ἀνθρώποιςς
941 1829 1326 1900 Ἐπιλελῆσθαι
1355 1829 1412 1881 δέ
1441 1844 1531 1899 μοι
1558 1824 1775 1879 δοκοῦσι

1884 1823 1975 1870 tuo
2004 1831 2020 1869 :
2051 1814 2268 1883 Frater,
2306 1817 2427 1872 sine
2459 1816 2672 1887 ejiciam
2697 1817 2958 1873 festucam
2988 1820 3053 1874 de
3077 1821 3232 1876 oculo
3262 1829 3373 1885 tuo,
3406 1831 3461 1877 et

189 1932 449 2001 λέγοντος
475 1929 570 1983 τοῦ
598 1926 840 1998 Χριστοῦ
865 1942 877 1954 ·
915 1944 933 1976 ι
971 1924 1099 1988 Πῶς
1133 1925 1275 1995 ἐρεῖς
1302 1920 1392 1992 τῷ
1415 1918 1630 1989 ἀδελφῷ
1655 1933 1771 1971 σουο

203 2021 452 2092 Ἀδελφὲ,
486 2020 623 2088 ἄφες
654 2016 870 2071 ἐκϐάλω
898 2025 919 2053 ι’
946 2015 1007 2068 τὸ
1042 2013 1252 2084 κάρφος
1283 2013 1347 2064 ἐκ
1374 2009 1467 2063 τοῦ
1490 2006 1772 2079 ὀφθαλμοῦ

191 2133 308 2179 σου,
328 2114 429 2167 καὶ
453 2113 562 2165 ίδοὺ
592 2110 799 2182 ἡὸοκδς
828 2111 886 2161 ἐν
908 2107 985 2178 τῷ
1014 2106 1091 2178 σῷ
1118 2102 1419 2175 ὀφθαλμῷ;
1449 2099 1770 2172 Ὑποκριτά,

190 2206 390 2261 ἔκϐαλε
420 2203 636 2275 πρῶτον
661 2201 761 2271 τὴν
783 2200 939 2254 δοκὸν
975 2202 1039 2251 ἐκ
1067 2198 1162 2251 τοῦ
1199 2194 1482 2267 ὀφθαλμοῦ
1523 2212 1641 2260 σου,
1678 2193 1774 2247 καὶ

189 2300 311 2353 τότε
342 2296 639 2368 ἐμϐλέψεις
663 2305 685 2332 ⁸
740 2291 993 2346 ἐκϐαλεῖν
1023 2290 1084 2343 τὸ
1117 2288 1328 2361 κάρφος
1356 2289 1422 2340 ἐκ
1452 2284 1547 2338 τοῦ
1576 2284 1776 2353 ὀφθαλ-

195 2391 297 2462 μοῦ
325 2392 420 2445 τοῦ
463 2387 692 2457 ἀδελφοῦ
725 2403 843 2441 σου.
882 2405 900 2439 t
938 2386 1060 2438 Ὅτι
1093 2384 1192 2455 μὲν
1219 2382 1325 2452 γὰρ
1385 2378 1671 2452 ὁμοούσιός
1710 2378 1771 2431 τέ

192 2486 341 2536 ἐστιν
365 2488 384 2517 ι
412 2481 447 2552 ἡ
482 2480 613 2548 ἁγία
642 2477 836 2550 Τριὰς,
872 2475 1153 2547 ίσοσθενής
1180 2491 1265 2539 τε,
1288 2474 1381 2526 καὶ
1415 2470 1683 2542 ίσουργδς,
1714 2469 1775 2524 οὐ

190 2575 279 2627 διά
307 2590 373 2641 γε
421 2570 518 2625 τοῦ
549 2570 681 2641 παρ’
716 2568 871 2640 ὐμῶν
900 2565 1223 2637 ἐγνώκαμεν
1256 2564 1417 2633 λόγου
1438 2579 1452 2593 ⁸
1494 2561 1775 2633 πεπληρο-

191 2661 487 2734 φορήμεθα
532 2660 588 2713 δὲ
635 2659 835 2731 μᾶλλον
881 2659 944 2710 ἐκ
977 2656 1075 2727 τῆς
1126 2653 1485 2709 θεοπνεύστου
1528 2652 1772 2724 Γραφῆς.

193 2757 315 2807 Ὀτι
346 2754 405 2806 δὲ
432 2753 550 2806 κατ’
585 2751 775 2805 οὐδένα
804 2749 1006 2821 τρόπον
1044 2750 1155 2811 τοῖς
1194 2747 1296 2816 τῆς
1324 2745 1491 2819 ὀρθῆς
1538 2744 1776 2807 πίστεως

188 2846 600 2916 διαλυμανεῖται
640 2841 837 2910 λόγοις,
870 2839 1077 2909 ὀνίνησι
1106 2838 1161 2891 δὲ
1194 2837 1395 2909 μᾶλλον
1424 2839 1452 2891 ὀ
1482 2835 1777 2907 προκείμε-

189 2955 278 3002 νος
310 2935 781 3007 άναθεματισμὸς,
807 2933 1195 3003 ἀταλαίπωρον
1229 2931 1375 2984 ἰδεῖν.
1395 2930 1532 2993 Τοὺς
1560 2929 1671 3000 γάρ
1696 2945 1776 2981 τοι

189 3029 539 3101 διαιροῦντας
568 3027 661 3081 τὸν
689 3026 787 3081 ἐνα
831 3025 1038 3098 Κύριον
1081 3022 1291 3096 Ἰησοῦν
1328 3023 1584 3095 Χριστὸν,
1621 3022 1779 3093 μερί-

190 3124 387 3190 ζοντάς
415 3140 477 3176 τε
504 3120 687 3185 αὐτὸν,
719 3120 792 3184 ὡς
837 3118 937 3190 ήδη
986 3116 1307 3180 πλειστάκις
1337 3117 1662 3187 εἰρήκαμεν,
1698 3115 1776 3175 εἰς

191 3213 761 3290 ά·ιορωπον,ἰδικῶς,
809 3212 903 3264 καὶ
950 3212 1029 3273 είς
1060 3209 1193 3263 Θεὸν
1234 3209 1408 3278 Λόγον
1451 3207 1653 3272 ίδικώς,
1702 3207 1777 3268 ὡς

192 3310 331 3365 δύοιι
356 3307 599 3363 νοεῖσθαι
627 3304 896 3377 πρόσωπά
920 3321 979 3356 τε
1016 3303 1111 3356 καὶ
1139 3301 1468 3363 ὑποστάσεις
1513 3299 1779 3370 διισχυρι-

196 3403 434 3474 ζομένας
467 3401 561 3455 ἀπ’
583 3397 831 3468 ἀλλήλων
845 3395 1073 3462 τ’,τοῦτο
1096 3395 1230 3466 δρᾷν
1256 3393 1357 3446 οὐκ
1387 3393 1454 3463 ἐᾷ
1474 3408 1487 3422 °
1520 3390 1643 3445 οῦτε
1672 3390 1777 3461 μὴν

197 3496 381 3567 ἐφίησι
430 3493 612 3562 λέγειν
657 3493 732 3555 ὡς
775 3489 872 3543 ἕνα
921 3488 1099 3542 κοινὸν
1130 3486 1419 3556 ἄνθρωπον
1450 3482 1780 3554 ἐνηργῆσθαι

200 3588 349 3660 παρά
392 3586 490 3642 τοῦ
538 3584 857 3655 ΙΙνεύματος
879 3581 972 3635 τὸν
1012 3578 1241 3650 Ἰησοῦν,
1270 3576 1407 3648 πρός
1439 3592 1502 3645 γε
1534 3576 1595 3628 τὸ
1623 3573 1782 3627 δύνα-

200 3683 327 3735 σθαι
377 3676 682 3749 κατορθοῦν
730 3675 828 3738 τὰς
862 3670 1193 3743 θεοσημείας
1217 3687 1231 3701 ·
1277 3669 1398 3721 ἐπεὶ
1436 3669 1556 3720 κατ’
1590 3665 1782 3720 οὐδένα

195 3774 387 3826 διοίσει
418 3771 619 3841 τρόπον
647 3766 753 3821 τῶν
780 3766 950 3834 ἁγίων
979 3762 1316 3826 ἀποστόλων,
1340 3760 1373 3833 ἢ
1406 3757 1539 3828 γοῦν
1565 3772 1779 3828 προφη-

194 3867 325 3929 τῶν,
361 3863 413 3918 οἳ
460 3862 547 3917 διά
585 3863 683 3932 τῆς
716 3858 923 3915 ἀνωθεν
967 3855 1310 3928 ἡμερότητος
1350 3853 1461 3906 τῶν
1491 3851 1652 3906 θείων
1686 3867 1780 3920 χα-

198 3957 486 4029 ρισμάτων
512 3951 995 4024 ἀναπιμπλάμενοι
1012 3951 1171 4018 φαῖεν
1196 3948 1263 4001 ἂν
1288 3945 1534 4008 εἰκότως
1556 3942 1780 4012 «Χάριτι

196 4048 329 4103 Θεοῦ
371 4051 542 4118 ἐσμεν
566 4046 595 4099 ὃ
623 4046 809 4114 ἐσμεν.
846 4062 864 4095 ι
910 4040 1074 4094 Ἀλλά
1102 4041 1214 4103 τοῖς
1249 4039 1346 4109 μὲν
1378 4037 1552 4107 ἁγίοις
1580 4034 1779 4106 ἀνδρά-

196 4159 301 4206 σιν,
356 4136 443 4201 οἴς
484 4139 517 4208 ἡ
566 4135 677 4188 τῶν
718 4132 869 4205 παρά
917 4130 1054 4185 Θεοῦ
1101 4129 1458 4202 χαρισμάτων
1504 4125 1781 4197 ἐμπρέπει

196 4230 429 4299 διανομὴ
455 4270 469 4293 ,
522 4227 814 4298 ἀρμόσειεν
858 4223 925 4278 ἂν
969 4222 1245 4285 είκότως³ι
1300 4222 1333 4291 ἡ
1375 4219 1556 4273 τοιάδε
1600 4218 1778 4287 φωνὴ,

196 4319 423 4391 Χριστῷ
450 4317 506 4370 δέ
534 4316 739 4370 οὐκέτι.
770 4314 930 4367 ΙῚδιον
958 4312 1067 4384 γὰρ
1097 4309 1246 4379 αὐτῷ
1270 4318 1299 4357 Y
1326 4309 1385 4362 τὸ
1410 4306 1637 4377 Πνεῦμά
1664 4308 1779 4359 ἐστι

196 4413 257 4466 τὸ
281 4412 465 4480 ἅγιον,
496 4408 751 4478 καθάπερ
781 4405 976 4475 ἀμέλει
999 4402 1211 4457 καὶτοῦ
1240 4400 1376 4455 Θεοῦ
1407 4400 1501 4453 καὶ
1532 4399 1779 4470 Πατρός·

1880 1917 2010 1959 ecce
2058 1905 2206 1960 trabs
2255 1915 2337 1960 est
2388 1907 2440 1961 in
2474 1908 2631 1963 oculo
2673 1910 2803 1964 tuo?
2831 1908 3156 1981 Hypocrita,
3189 1911 3324 1981 ejice
3356 1915 3461 1982 pri-

1879 2009 2028 2048 mum
2064 1996 2273 2050 trabem
2315 1996 2383 2050 de
2422 1997 2581 2052 oculo
2623 2006 2735 2062 tuo,
2778 2010 2833 2055 et
2872 2010 3001 2055 tunc
3027 2000 3233 2057 videbis
3259 2002 3459 2071 ejicere

1878 2085 2146 2142 festucam
2186 2089 2252 2142 de
2284 2088 2443 2143 oculo
2475 2088 2662 2145 fratris
2691 2090 2765 2144 tui
2792 2091 2831 2146 ⁸.
2864 2111 2882 2141 ι
2916 2091 3050 2146 Nam
3087 2094 3228 2163 quod
3269 2106 3457 2150 sancta

1877 2177 2123 2233 Trinitas
2168 2176 2410 2246 ejusdem
2465 2180 2535 2234 sit
2582 2181 2922 2248 substantiae,
2954 2183 3198 2253 ejusdem
3248 2184 3459 2240 roboris

1877 2279 1932 2324 et
1976 2270 2333 2340 operationis,
2377 2286 2485 2325 non
2517 2286 2614 2340 per
2648 2284 2887 2327 vestrum
2926 2273 3211 2330 didicimus
3253 2291 3461 2331 sermo-

1878 2373 2025 2427 nem,
2063 2360 2157 2414 sed
2198 2374 2385 2414 sumus
2413 2361 2589 2414 edocti
2627 2361 2806 2429 potius
2849 2376 2914 2417 ex
2946 2378 3101 2418 sacra
3148 2365 3455 2435 Scriptura.

1878 2450 2034 2519 Quod
2064 2460 2246 2505 autem
2268 2451 2580 2519 propositus
2605 2453 3096 2508 anathematismus
3117 2456 3265 2511 nullo
3298 2460 3458 2513 modo
3520 2494 3536 2516 Α

1879 2550 2045 2597 rectae
2099 2540 2221 2594 fidei
2271 2540 2619 2595 sermonibus
2668 2540 2835 2607 obsit,
2876 2544 2969 2596 sed
3017 2543 3190 2612 prosit
3234 2545 3455 2613 potius,

1880 2634 1999 2689 sine
2026 2633 2216 2688 labore
2241 2633 2429 2687 videre
2451 2632 2597 2687 licet.
2628 2631 2761 2687 Nam
2786 2648 2879 2689 eos
2900 2634 2991 2704 qui
3018 2634 3267 2691 dividunt
3294 2653 3456 2692 unum

1878 2725 2166 2780 Dominum
2207 2721 2390 2778 Jesum
2423 2723 2733 2792 Christum,
2780 2734 2834 2780 et
2878 2726 3122 2782 dividunt
3169 2727 3365 2795 ipsum.
3402 2740 3460 2784 ut

1873 2818 1983 2886 jam
2014 2816 2315 2885 smpissime
2350 2815 2604 2880 diximus,
2642 2816 2692 2871 in
2726 2816 2998 2872 hominem
3035 2820 3287 2884 seorsim,
3317 2833 3372 2874 et
3403 2822 3457 2876 in

1881 2910 2049 2965 Deum
2098 2908 2336 2964 Verbum
2394 2909 2649 2973 seorsim,
2706 2909 2779 2963 ita
2832 2920 2886 2963 ut
2927 2910 3046 2966 duae
3091 2912 3460 2984 intelligantur

1879 3017 2124 3071 persona:
2173 3011 2229 3056 et
2277 3001 2652 3055 subsistentia:
2704 3001 2845 3057 inter
2890 3017 2949 3057 se
2996 3002 3297 3070 disiunctae,
3357 3005 3460 3060 hoc

1888 3097 2064 3152 facere
2120 3110 2227 3150 non
2279 3095 2408 3149 sinit
2444 3111 2457 3146 :
2488 3108 2663 3163 neque
2714 3095 2984 3163 permittit
3039 3096 3265 3160 dicere,
3316 3097 3459 3165 quod

1888 3198 2140 3256 tanquam
2170 3202 2311 3240 unus
2343 3183 2650 3239 communis
2678 3183 2840 3238 homo
2866 3184 3023 3239 .lesus
3053 3184 3232 3239 divina
3267 3186 3315 3239 vi
3346 3186 3462 3255 agi-

1887 3288 2035 3332 tante
2073 3289 2250 3332 motus
2285 3277 2451 3333 fuerit
2480 3296 2506 3333 a
2534 3278 2740 3349 Spiritu
2774 3279 2987 3341 sancto,
3018 3284 3076 3329 ut
3115 3275 3288 3345 possit
3316 3277 3463 3331 scili-

1884 3380 1967 3426 cet
2023 3371 2207 3424 divina
2255 3372 2411 3441 signa
2501 3372 2804 3441 perficere;
2850 3368 3048 3437 alioqui
3105 3368 3253 3423 nullo
3301 3369 3460 3423 modo

1883 3460 2096 3515 differet
2132 3477 2161 3515 a
2216 3463 2421 3517 sanctis
2463 3463 2726 3532 apostolis
2758 3462 2842 3514 vel
2885 3461 3184 3531 prOphetis,
3226 3461 3315 3530 qui
3365 3476 3462 3531 per

1883 3554 2121 3609 divinam
2155 3554 2549 3625 benignitatem
2582 3553 2782 3609 divinis
2815 3553 3019 3624 impleti
3052 3552 3228 3616 donis,
3265 3553 3462 3607 merito

1884 3645 2069 3701 dicere
2134 3656 2400 3715 possunt:
2441 3664 2459 3696 ι
2493 3645 2680 3701 Gratia
2734 3645 2831 3700 Dei
2893 3660 3115 3707 sumus,
3171 3646 3315 3713 quod
3369 3661 3462 3699 su-

1883 3755 2004 3795 mus
2026 3740 2069 3792 '.
2106 3756 2123 3789 ι
2164 3739 2269 3792 Sed
2305 3739 2510 3793 sanctis
2541 3740 2759 3807 quidem
2791 3739 2949 3803 viris,
2983 3739 3036 3792 in
3062 3738 3257 3807 quibus
3288 3738 3461 3791 dono-

1886 3847 2005 3886 rum
2037 3833 2212 3886 sancti
2245 3831 2485 3901 Spiritus
2510 3831 2825 3885 distributio
2856 3829 3139 3901 praecellit,
3171 3830 3306 3884 bene
3327 3845 3459 3884 con-

1883 3924 2028 3995 gruit
2070 3924 2184 3978 htec
2223 3937 2349 3987 vox,
2381 3922 2604 3977 Christo
2645 3933 2823 3977 autem
2857 3937 2965 3976 non
3013 3921 3169 3976 item.
3203 3920 3465 3990 Proprins

1883 4016 2028 4071 enim
2065 4026 2149 4071 est
2181 4013 2296 4082 ejus
2329 4012 2570 4083 Spiritus
2598 4024 2841 4079 sanctus,
2869 4012 3322 4083 quemadmodum
3354 4013 3464 4066 sci-

1882 4108 2012 4163 licet
2057 4118 2141 4164 est
2186 4109 2278 4163 Dei
2331 4107 2512 4162 Patris
2544 4124 2557 4160 :
2587 4118 2845 4176 Operatur
2891 4115 3073 4160 autem
3119 4106 3261 4160 sicut
3297 4103 3465 4158 Pater

1882 4217 1982 4272 per
2016 4200 2301 4271 Spiritum,
2349 4201 2421 4254 ita
2470 4210 2526 4254 ct
2570 4200 2705 4267 ipse.
2744 4198 2931 4268 Itaque
2966 4197 3216 4266 quamvis
3253 4195 3463 4249 diceret

1882 4292 2084 4348 .ludaris
2120 4309 2133 4347 :
2169 4310 2187 4342 ‹
2220 4291 2382 4345 Multa
2417 4291 2558 4345 bona
2590 4304 2752 4359 opera
2786 4288 3000 4344 Ostendi
3032 4288 3187 4343 vobis
3225 4303 3253 4342 a
3300 4286 3465 4342 Patre

1884 4400 2008 4440 meo
2033 4385 2084 4450 ’ς
2118 4401 2136 4434 ι
2163 4393 2217 4438 et
2250 4401 2264 4438 :
2297 4400 2315 4433 ι
2346 4382 2386 4436 Α
2416 4383 2621 4451 meipsu
2678 4395 2781 4434 non
2821 4380 3052 4449 loquor:
3078 4378 3240 4434 Pater
3280 4388 3461 4433 autem

199 4472 416 4574 ἐνεργεῖ
443 4472 501 4555 δὲ
526 4472 776 4572 ὣσπερ-ό
812 4472 1003 4567 ίῖατὴρ
1031 4495 1117 4548 διὰ
1149 4494 1242 4548 τοῦ
1282 4489 1777 4562 Πνεύματος,οὐτω

1887 4480 1942 4534 in
1983 4494 2072 4533 me
2117 4490 2362 4539 manens,
2395 4476 2510 4543 ipse
2547 4472 2677 4526 facit
2725 4486 2886 4542 opera
2912 4472 2972 4536 ';
3005 4488 3023 4523 ι
3059 4484 3246 4523 rursus
3282 4479 3462 4522 tamen

198 4596 289 4649 καὶ
310 4593 504 4655 αὐτός.
523 4592 635 4646 Καὶ
657 4589 810 4658 γοῦν,
836 4587 1013 4641 καίτοι
1040 4586 1211 4653 λέγων
1227 4583 1502 4646 Ἰουδαίοις
1522 4599 1535 4612 ·
1563 4602 1580 4633 ‹
1606 4580 1783 4635 Πολλὰ

198 4685 340 4741 καλά
370 4684 549 4748 ἔδειξα
576 4684 707 4753 ὑμῖν
736 4680 874 4752 ἔργα
896 4677 1050 4749 παρά
1079 4676 1172 4729 τοῦ
1206 4676 1419 4744 Πατρός
1456 4691 1557 4744 μου
1578 4691 1624 4725 ο»
1659 4674 1783 4740 καὶ,

204 4799 220 4831 ι
261 4778 385 4831 Ἀπ’
428 4773 672 4847 ἐμαυτοῦ
701 4774 762 4827 οὐ
791 4771 938 4826 λαλῶ
958 4786 971 4800 ⁸
1002 4772 1031 4824 ό
1066 4770 1123 4823 δέ
1158 4765 1345 4839 Πατὴρ
1390 4768 1419 4820 ό
1449 4768 1506 4820 ἐν
1535 4767 1656 4837 ἐμοὶ
1688 4764 1787 4836 μέ-

198 4887 324 4934 νων,
356 4865 597 4921 ποιεῖτά
626 4864 767 4936 ἔργα
798 4862 961 4925 αὐτός
985 4870 1030 4898 κ·
1053 4879 1071 4914 ι
1102 4859 1205 4931 ἔφη
1233 4859 1289 4913 δέ
1320 4875 1424 4912 που
1458 4857 1639 4911 πάλιν·
1676 4874 1694 4907 ι
1722 4857 1786 4909 Et

198 4962 253 5015 δὲ
286 4962 402 5030 ἐγὼ
434 4961 494 5013 ἐν
536 4957 815 5027 Πνεῦματι
852 4952 990 5008 Θεοῦ
1039 4952 1284 5006 ἐκϐάλλω
1331 4951 1403 5005 τὰ
1447 4950 1719 5021 δαιμόνιαο
1756 4967 1774 5000 ι

197 5055 296 5123 τὴν
319 5052 412 5106 διὰ
440 5049 533 5103 τοῦ
566 5048 887 5119 Πνεύματος
908 5047 1191 5117 ἐνέργειαν
1222 5043 1496 5106 ἀνατιθεὶς
1523 5041 1697 5111 ἐαυτῷ
1720 5058 1779 5094 τε

199 5145 292 5199 καὶ
322 5142 405 5213 τῷ
457 5139 634 5211 Πατρὶ
664 5138 753 5192 διὰ
788 5136 886 5208 τὴν
942 5135 1246 5207 ταυτότητα
1279 5135 1378 5205 τῆς
1420 5133 1626 5196 οὐσίας.
1669 5132 1781 5185 Καὶ

172 5220 367 5298 imm;
408 5232 479 5287 ἂν
506 5232 714 5302 γένοιτο
748 5229 844 5283 καὶ
876 5227 1083 5301 μακρὸς
1115 5229 1143 5281 ό
1187 5227 1318 5299 περὶ
1352 5224 1557 5280 τούτων
1583 5224 1739 5292 λόγος
1760 5238 1775 5255 ο

268 5397 291 5424 ⁸
326 5389 521 5447 Matth.
570 5403 665 5455 vn,
694 5386 752 5453 4,
788 5388 844 5443 5.
920 5387 941 5417 ⁵
970 5386 991 5440 Ι
1022 5387 1244 5453 Cor.xv,
1280 5384 1369 5437 10.
1447 5384 1468 5415 ⁸
1493 5381 1649 5438 Joan.
1688 5397 1742 5447 x,
1772 5381 1777 5431 ε

1940 5379 1960 5409 ⁷
1994 5376 2154 5431 Joan.
2201 5389 2311 5437 xw,
2350 5372 2439 5425 l0.

1884 4569 2082 4627 alicubi
2114 4568 2327 4622 dicebat
2357 4580 2372 4619 ι
2409 4585 2429 4617 ι
2466 4565 2522 4619 Si
2564 4574 2743 4619 autem
2789 4578 2887 4632 ego
2917 4562 2967 4616 in
3001 4560 3205 4630 Spiritu
3238 4561 3329 4614 Dei
3364 4560 3466 4626 eji-

1883 4664 1970 4718 cio
2011 4658 2354 4723 dmmonia';
2392 4677 2411 4710 ι
2444 4658 2815 4726 operationem
2865 4668 2960 4723 per
3009 4650 3273 4722 Spiritum
3321 4654 3467 4706 refe-

1886 4769 2014 4810 rens
2043 4754 2094 4808 in
2128 4767 2187 4808 se
2223 4761 2278 4806 et
2303 4750 2544 4816 Patrem,
2573 4758 2796 4819 propter
2823 4747 3160 4801 identitatem
3194 4743 3455 4798 substan-

1886 4850 1994 4905 tiae.
2037 4849 2102 4904 Et
2154 4846 2357 4902 multus
2403 4844 2617 4913 quidem
2669 4858 2733 4896 ac
2785 4840 3027 4912 prolixus
3076 4844 3223 4892 esset
3270 4838 3335 4889 de
3380 4834 3466 4889 his

1888 4946 2051 5002 rebus
2109 4957 2328 4998 sermo:
2365 4938 2527 5012 184
2554 4939 2647 4993 sed
2688 4936 2835 4991 illum
2886 4932 3116 4989 dilatare
3160 4929 3467 4985 volentibus

1889 5038 2231 5096 convenieuti
2286 5044 2548 5103 tempore,
2600 5038 2657 5084 ut
2693 5038 2842 5098 puto,
2884 5040 3019 5094 opus
3070 5031 3233 5077 esset.
3278 5020 3467 5089 Itaque

1889 5148 1994 5188 non
2024 5129 2179 5200 quasi
2224 5129 2399 5182 aliena
2433 5125 2632 5179 virtute
2659 5136 2754 5191 per
2785 5118 3048 5189 Spiritum
3083 5123 3288 5169 motum
3332 5112 3468 5165 dici-

1888 5238 2010 5278 mus
2064 5219 2467 5275 Emmauuelem
2498 5256 2513 5281 ,
2555 5215 2652 5270 sed
2702 5211 2788 5266 illa
2845 5210 3022 5281 potius
3077 5207 3259 5262 divino
3315 5217 3469 5258 more

2535 5369 2557 5400 ⁸
2590 5367 2782 5421 Matth.
2824 5382 2920 5432 ιιι,
2956 5365 3049 5420 28.

1269 5539 1447 5594 Variae
1490 5538 1749 5593 lectiones
1779 5548 1847 5588 ex
1871 5531 2058 5589 codice
2098 5526 2475 5599 Seguieriano.

483 5724 511 5758 ιδ
542 5703 671 5775 γάρ.
751 5707 777 5737 ο
807 5695 1182 5775 ποιείσθωσαν
1226 5696 1282 5775 δέ
1317 5693 1438 5748 κατ’
1468 5691 1623 5775 ἐμοῦ.
1701 5702 1728 5739 ι)
1849 5686 1973 5775 τῆς.
2051 5694 2079 5735 τι
2107 5683 2212 5769 χρή
2226 5699 2377 5775 ματι.
2460 5676 2746 5775 ζέκϐαλῶ.

1184 5778 1207 5805 ν
1247 5757 1707 5835 διεσχοινισμένας
1739 5757 2003 5830 ἀλλήλων.

274 5714 302 5742 ’³
332 5708 381 5759 εἰ
412 5705 479 5759 μὲ

279 5724 302 5742 ⁷³
332 5724 381 5759 ει
412 5724 511 5813 μεν
542 5724 671 5775 γαρ.
751 5724 777 5737 "’
807 5724 1105 5755 ποιεισυωῦ

207 5778 467 5845 ὐμοουσ.α
490 5777 545 5831 τέ
576 5779 738 5828 ἐστιν.
818 5784 844 5812 ιι
879 5775 955 5833 εἰς
992 5770 1105 5824 δυο.

2823 5682 2845 5710 ³
2872 5670 3241 5753 περιϐλέψας.
3324 5673 3341 5707 ί
3371 5664 3468 5726 οὖν

2082 5745 2386 5816 ι”ἐὶκότως.
2460 5759 2486 5799 7
2517 5749 2703 5804 αὐτοῦ.
2786 5757 2806 5784 ι
2842 5745 3029 5800 αὐτοῦ.
