4062 6456
644 344 753 401 559
1248 358 1253 365 ‘
1669 336 1729 392 S.
1770 334 2043 392 CYRILLl
2082 329 2551 389 ALEXANDRINI
2592 328 2915 387 ARCHIEP.
3783 334 3859 388 560

641 467 824 518 usum,
858 460 914 506 et
954 450 1232 522 propriam
1270 449 1533 506 habuisse
1570 449 2050 505 consubstantialis
2081 448 2245 518 8ρί-¹

2254 456 2289 515 Α
2314 447 2411 512 δῶ,
2456 441 2611 517 οἶμαι
2636 458 2686 513 ιι,
2737 442 2931 516 καιροῦ
2981 440 3078 496 τοῦ
3127 440 3463 529 καθήκοντος
3511 440 3624 505 τοῖς
3665 442 3858 501 ἐθέλουσι

644 547 781 602 ritus
823 545 1103 599 virtutem.
1154 540 1291 596 Nam
1336 542 1485 597 beati
1519 541 1738 612 quidem
1786 540 2032 611 discipuli
2070 539 2223 608 signa

2329 536 2681 609 κατευρύνειν
2701 538 2728 577 δ
2776 534 2962 590 αὐτόν.
2997 531 3208 588 Οὐκοῦν
3234 532 3334 604 ούχ
3362 532 3436 597 ὡς
3468 532 3719 605 ἀλλοτρίᾳ
3739 534 3858 593 δυνά.

646 638 908 693 facientes
954 635 1260 691 dicebant:
1302 652 1321 686 ι
1360 634 1494 699 Viri,
1544 632 1672 703 quid
1719 631 1874 687 nobis
1922 630 2224 695 attenditis,

2330 646 2421 700 μει
2445 631 2509 700 τῇ
2539 628 2626 682 διά
2648 627 2965 698 Πνεύματος
2993 624 3331 698 ὲνηργῆσθαί
3360 642 3545 696 φαμεν
3566 625 3655 679 τὸν
3690 628 3856 699 Ἐμμα-

646 727 799 797 quasi
841 726 1059 795 propria
1116 725 1319 780 virtute
1362 733 1457 778 aut
1490 723 1691 793 pietate
1723 720 2009 776 lecerimus
2035 720 2225 774 ambu-

2327 719 2490 790 νουὴλ
2512 761 2527 785 ,
2563 717 2982 791 ἀποκεχρῆσθαι
3014 716 3074 771 δὲ
3120 716 3321 788 μᾶλλον
3362 716 3503 788 αὐτῇ
3550 715 3754 783 θεῖκῶς,
3792 723 3858 775 καὶ

647 819 763 873 lare
811 818 1084 889 Speciosaa
1141 827 1312 888 portae
1371 817 1702 871 assidentem
1754 813 2039 869 claudum?
2099 811 2225 866 Pro-

2331 811 2467 864 ίδίαν
2498 809 2644 881 ἔχειν
2686 810 2787 883 τὴν
2819 809 2914 864 τοῦ
2958 809 3248 881 όμοουσίου
3291 808 3612 879 Πνεύματος
3652 810 3855 881 δύναμιν.

648 910 799 979 prius
833 921 1013 963 autem
1046 909 1253 964 Christi
1310 918 1394 964 est
1426 907 1661 977 Spiritus
1709 904 1885 973 ejus“.
1920 924 1938 957 ι
1971 905 2080 959 Illis
2125 920 2225 958 au-

2329 903 2392 957 Οί
2423 901 2522 973 μὲν
2569 902 2679 976 γὰρ
2720 902 2980 976 μακάριοι
3029 901 3272 975 μαθηταὶ
3300 900 3367 955 τά
3399 903 3606 973 σημεῖα
3632 903 3859 967 ποιοῦντες

651 1011 756 1057 tem
794 1002 884 1070 qui
935 1011 1117 1055 nostra
1147 1000 1499 1065 cavillantur,
1550 999 1652 1053 hoc
1687 997 1917 1053 dicimus
1948 1014 1961 1050 :
1998 995 2055 1051 Si
2099 995 2224 1065 qni-

2328 992 2515 1063 ἐλεγον
2535 1010 2548 1024 ·
2594 1014 2612 1047 ι
2652 994 2901 1066 Ἀνδρες,
2949 994 3001 1048 τί
3034 997 3165 1067 ἡμῖν
3198 996 3525 1068 προσέχετε,
3574 994 3647 1058 ὡς
3680 995 3773 1066 ἰδίᾳ.
3797 997 3860 1050 δυ-

649 1094 768 1149 dem
804 1108 908 1146 non
936 1093 1186 1162 displicet
1224 1092 1441 1147 illorum
1477 1090 1750 1145 mentibus
1784 1088 1947 1142 dividi
1983 1087 2228 1142 indivisi-

2328 1086 2493 1159 νάμει
2522 1086 2557 1159 ἢ
2594 1087 2848 1159 εὐσεϐείᾳ
2879 1088 3213 1159 πεποιηκόσι
3237 1088 3330 1142 τοῦ
3360 1090 3685 1159 περιπατεῖν
3708 1088 3785 1141 τὸν
3812 1093 3857 1159 τῇ

650 1183 906 1249 bilem,et
922 1184 1123 1245 dicere.
1147 1185 1290 1238 sicut
1310 1197 1651 1237 communem
1677 1182 1949 1236 hominem
1970 1180 2225 1249 operandi

2341 1178 2533 1249 Ὡραίᾳ
2551 1178 2692 1250 πύλῃ
2712 1178 2912 1252 προῖζή
2922 1196 3094 1233 σαντα
3113 1190 3136 1218 ο
3159 1179 3331 1250 χωλόν
3350 1196 3364 1245 ;
3400 1179 3567 1252 715m
3593 1179 3651 1232 δὲ
3671 1180 3858 1252 Χριστοῦ

650 1278 947 1349 impulsum
978 1278 1162 1333 Jesum
1210 1276 1490 1343 accepisse
1519 1289 1615 1343 per
1639 1273 1897 1342 Spiritum
1924 1289 1938 1326 :
1965 1286 2069 1326 non
2114 1285 2226 1326 ma-

2328 1270 2391 1323 τδ
2436 1269 2665 1341 Πνεῦμα
2707 1270 2896 1325 αὐτοῦ.
2946 1290 2965 1324 ι
3024 1272 3149 1336 Τοῖς
3203 1288 3267 1341 γε
3327 1270 3436 1344 μὴν
3488 1273 3857 1325 κατασκοταῖνά

649 1385 883 1440 gnopere
911 1370 1213 1424 curandum
1274 1368 1384 1421 erit
1414 1365 1482 1420 de
1516 1365 1582 1419 iis
1616 1364 1707 1434 qui
1757 1363 1837 1419 sic
1867 1360 2047 1417 allecti
2080 1370 2225 1416 sunt.

2330 1361 2575 1416 ἐθέλουσι
2622 1362 2691 1416 τά
2734 1364 2864 1435 παρ’
2912 1364 3091 1435 ἡμῶν,
3125 1364 3305 1418 ὲκεῖνό
3334 1380 3550 1435 φαμεν·
3583 1364 3644 1416 El
3675 1365 3761 1433 μὲν
3781 1366 3858 1435 γὰρ

652 1459 746 1514 Sin
798 1459 1070 1514 Christum
1123 1472 1291 1511 unum
1352 1464 1410 1510 et
1441 1453 1636 1509 Filium
1682 1462 1738 1509 et
1781 1452 2063 1507 Dominum
2107 1465 2229 1507 esse

2331 1452 2432 1507 οὐκ
2461 1453 2659 1525 ἀπᾴδει
2699 1457 2819 1519 ταῖς
2848 1455 3032 1510 αὐτῶν
3058 1454 3316 1520 διανοίαις
3343 1455 3406 1509 τὸ
3434 1454 3746 1527 μερίζεσθαι
3776 1456 3823 1508 τὸ
3843 1469 3857 1495 ο

650 1551 1009 1615 conﬁtentur,
1058 1548 1426 1617 eumdemque
1467 1561 1591 1602 esse
1629 1545 1790 1601 simul
1834 1545 2000 1601 Deum
2032 1554 2089 1601 et
2131 1545 2231 1601 ho-

2330 1545 2657 1618 ἀμέριστον,
2689 1549 2784 1601 καὶ
2810 1548 2887 1613 ὡς
2914 1550 3091 1605 κοινὸν
3130 1551 3417 1622 ἄνθρωπον
3446 1547 3769 1619 ἐνηργῆσθαι
3798 1548 3855 1601 λέ-

652 1642 892 1703 minem;
925 1641 1150 1694 credant
1197 1639 1508 1701 nobiscum,
1534 1636 1679 1707 quod
1728 1651 1835 1691 non
1866 1637 2063 1707 accipit
2101 1650 2230 1707 ope-

2331 1652 2451 1705 γειν
2494 1636 2585 1690 διά
2627 1638 2723 1692 τοῦ
2773 1628 3099 1711 Πνεύματος.
3134 1640 3226 1695 τόν
3268 1638 3500 1711 Ἰησοῦν,
3546 1638 3745 1702 πολὺςί
3779 1639 3855 1691 τῶν

651 1734 802 1787 randi
841 1733 1153 1787 facultatem
1192 1731 1352 1801 quasi
1389 1745 1418 1784 a
1450 1729 1675 1784 meliore
1705 1729 1937 1799 quadam
1972 1736 2027 1783 et
2055 1727 2227 1783 aliena

2332 1726 2476 1782 οὕτω
2503 1729 2870 1801 διακειμένων
2918 1735 2946 1785 ὁ
2991 1733 3167 1803 λόγος.
3213 1733 3277 1787 El.
3308 1732 3367 1786 δὲ
3401 1730 3641 1803 Χριστὸν
3675 1729 3760 1784 ἕνα
3789 1732 3856 1784 καὶ

650 1828 719 1879 ab
750 1825 839 1878 illo
873 1825 1106 1890 virtute;
1156 1824 1277 1893 ipse
1323 1831 1507 1875 autem
1546 1822 1723 1890 potius
1762 1828 2019 1888 operatur
2048 1819 2229 1874 divina

2263 1812 2306 1871 Β
2336 1818 2485 1887 Υίδν,
2508 1822 2603 1873 καὶ
2618 1821 2823 1892 Κύριον
2853 1822 3260 1894 ὁμολογούντων
3281 1830 3306 1871 8
3328 1821 3620 1891 ὑπάρχειν,
3638 1818 3719 1871 τὸν
3740 1818 3857 1872 αὐτὸν

648 1918 798 1987 signa
826 1919 979 1986 quasi
1008 1932 1103 1986 per
1128 1916 1410 1986 proprium
1438 1912 1725 1982 Spiritum,
1754 1914 1805 1966 in
1837 1926 1945 1981 quo
1971 1918 2025 1966 et
2050 1912 2228 1966 omnis

2329 1910 2462 1966 ὄντα
2506 1911 2643 1967 Θεόν
2690 1931 2749 1967 τε
2800 1914 2935 1985 ὁμοῦ
3007 1916 3100 1968 καὶ
3145 1913 3456 1985 ἄνθρωπον,
3511 1909 3856 1964 πιστευέτωσαν

647 2021 828 2062 rerum
859 2007 1124 2061 factarum
1158 2007 1332 2059 virtus
1358 2004 1427 2057 ¹⁰.
1455 2003 1590 2057 Nam
1634 2003 1712 2057 sic
1740 2001 1990 2057 desinent
2020 2000 2223 2055 frustra

2332 2004 2452 2075 μεθ’
2485 2006 2663 2076 ἡμῶν,
2697 2009 2773 2072 ὼς
2808 2009 2910 2061 οὐκ
2957 2007 3259 2078 ὲνεργείᾳιι
3292 2005 3496 2077 μᾶλλον
3544 2003 3619 2067 ὡς
3646 2002 3856 2074 κρείττονι

648 2112 748 2151 nos
776 2098 1025 2161 irridere,
1059 2105 1113 2151 et
1154 2095 1376 2150 invidiae
1404 2092 1656 2148 dentibus
1688 2091 1741 2145 in
1776 2106 1875 2145 nos
1906 2090 2220 2146 intremere.

2329 2098 2460 2167 παρ’
2488 2099 2651 2153 αὑτὸν
2683 2102 2778 2153 καὶ
2801 2100 3057 2171 ἀλλοτρίᾳ
3082 2100 3307 2170 δυνάμει
3327 2101 3395 2169 τῇ
3418 2098 3510 2152 διά
3539 2096 3629 2150 τοῦ
3660 2094 3854 2164 Πνεῦμα-

645 2204 758 2252 τος,
787 2188 1037 2260 ἐνεργείᾳ
1061 2186 1117 2240 δὲ
1146 2188 1159 2227 ί
1201 2186 1399 2256 μᾶλλον
1426 2185 1588 2237 αὐτὸν
1616 2182 1717 2252 τῆς
1743 2184 1757 2232 Ῐ
1834 2182 2185 2253 θεοσημείας,
2225 2185 2302 2250 ὡς
2339 2189 2407 2242 δι’
2441 2190 2571 2245 ίδίου
2601 2193 2919 2263 Πνεύματος
2939 2236 2953 2260 ,
2990 2194 3051 2246 ὲν
3076 2186 3122 2261 ᾧ
3154 2193 3247 2246 καὶ
3273 2193 3426 2245 πᾶσα
3456 2190 3569 2244 τῶν
3592 2186 3857 2259 γεννητῶνι

647 2281 682 2349 ἡ
712 2279 958 2348 δύναμις.
1008 2278 1387 2330 Πεπαύσονται
1428 2276 1536 2347 γὰρ
1563 2274 1707 2327 οὕτω
1738 2273 2224 2346 διαλοιδορούμενοι
2267 2279 2465 2353 μάτην,
2515 2286 2612 2338 καὶ
2658 2286 2785 2350 τοὺς
2821 2288 2956 2357 ντῆς
3004 2284 3302 2356 βασκανίας
3367 2282 3591 2346 ὀδόντας
3619 2282 3739 2352 ἡμῖν
3771 2279 3857 2333 ἐπι·

651 2373 995 2445 στηρίζοντες
1021 2370 1063 2427 ι.

1064 2479 1712 2537 ANATHEMATISMUS
1748 2479 1817 2536 Χ.
1998 2542 2003 2547 _

1998 2542 2003 2547 _
2783 2481 3375 2537 ΑΝΑΘΕΜΑΤῙΣΜΟΣ
3416 2480 3472 2536 l'.

720 2596 1095 2652 Confessionis
1133 2605 1334 2651 nostra:
1371 2596 1684 2668 pontificem
1726 2605 1781 2649 et
1821 2594 2122 2664 apostolum
2151 2595 2235 2651 fa-

2423 2593 2705 2665 Ἀρχιερέα
2728 2595 2822 2648 καὶ
2838 2595 3133 2649 ἀπόστολον
3166 2595 3266 2667 τῆς
3300 2595 3597 2665 ὁμολογίας
3626 2596 3763 2667 ἡμῶν
3791 2614 3855 2666 γε·

652 2702 797 2744 ctum
850 2705 974 2744 esse
1023 2689 1341 2751 Christum,
1396 2688 1679 2758 Scriptura
1731 2687 1911 2741 divina
1959 2688 2231 2744 docet“:

2338 2684 2601 2756 γενῆσθαι
2628 2686 2862 2757 Χριστὸν
2898 2689 2931 2758 ἡ
2968 2687 3087 2740 θεία
3115 2687 3265 2757 λέγει
3298 2690 3519 2761 Γραφὴ,
3550 2708 3853 2763 προσκεκομι-

651 2782 914 2837 obtulisse
942 2796 1163 2851 quoque
1187 2781 1543 2848 semetipsum
1570 2795 1667 2846 pro
1699 2779 1851 2834 nobis
1880 2780 1987 2834 Deo
2008 2790 2059 2833 et
2087 2779 2232 2833 Patri

2337 2778 2491 2831 κέναι
2536 2779 2594 2833 δὲ
2637 2778 2827 2832 ἑαυτὸν
2860 2780 2999 2851 ὑπὲρ
3031 2779 3189 2851 ἡμῶν
3233 2781 3313 2844 είς
3352 2781 3535 2852 ὀσμὴν
3580 2783 3775 2844 εὐωδίας
3802 2780 3855 2849 τῷ

652 2874 708 2929 in
745 2874 965 2928 odorem
1004 2873 1293 2928 suavitatis
1322 2874 1389 2927 ¹².
1427 2873 1484 2926 Si
1529 2873 1651 2941 quis
1676 2887 1807 2941 ergo
1843 2872 2045 2925 dixerit
2090 2886 2228 2941 pon-

2336 2871 2457 2943 Θεῷ
2486 2871 2583 2926 καὶ
2612 2871 2807 2943 Πατρί.
2841 2873 2909 2925 Et
2933 2889 3016 2936 τις
3043 2873 3223 2929 τοίνυν
3256 2874 3521 2945 ἀρχιερέα
3548 2875 3637 2928 καὶ
3681 2875 3855 2928 ἀπόστο-

656 2966 853 3019 tilicem
887 2974 943 3019 et
989 2963 1293 3034 apostolum
1332 2977 1574 3018 nostrum
1628 2979 1732 3017 non
1766 2978 1887 3017 esse
1921 2964 2094 3033 ipsum
2136 2963 2229 3019 Dei

2338 2967 2430 3021 λον
2457 2966 2613 3039 ἡμῶν
2657 2965 2982 3037 γεγενῆσθαί
3032 2982 3199 3036 φησιν
3243 2966 3343 3019 οὐκ
3376 2966 3542 3019 αὑτὸν
3569 2966 3653 3018 τὸν
3678 2967 3732 3019 ἐκ
3758 2965 3853 3018 Θεοῦ

654 3057 914 3120 Verbum,
950 3067 1299 3127 posteaquam
1346 3072 1476 3111 caro
1518 3067 1572 3111 et
1618 3057 1780 3111 homo
1834 3057 1989 3111 nobis
2035 3056 2258 3111 similis‘

2257 3039 2300 3097 (ἶ
2337 3058 2551 3130 Πατρὸς
2578 3057 2771 3127 Λόγον,
2822 3058 2910 3111 ὅτε
2934 3069 2973 3096 ιιι
3001 3057 3191 3126 γέγονε
3239 3055 3414 3127 σὰρξ,
3468 3057 3560 3110 καί
3610 3057 3719 3110 καθ’
3750 3058 3854 3125 ἡμᾶς

656 3148 856 3202 factum
907 3159 1020 3213 est;
1058 3149 1150 3202 sed
1198 3149 1476 3202 hominem
1532 3148 1699 3212 illum,
1754 3149 1843 3217 qui
1891 3164 1957 3202 ex
2010 3148 2236 3203 muliere

2337 3149 2642 3221 ἄνθρωπος,
2675 3149 2792 3203 ἀλλ’
2813 3149 2887 3213 ὡς
2910 3149 2996 3203 ἓτε
3007 3166 3098 3220 ρον
3128 3149 3258 3220 παρ’
3290 3148 3478 3214 αὑτὸν,
3506 3148 3678 3211 ίδικῶς
3701 3147 3854 3216 ἀνθρω-

657 3250 818 3296 natus
860 3250 961 3306 est,
1003 3240 1157 3309 quasi
1206 3240 1437 3294 alterum
1472 3238 1782 3310 quempiain
1820 3241 1889 3293 ab
1917 3239 2032 3309 ipso
2059 3241 2237 3295 diver-

2341 3259 2439 3295 πον
2482 3244 2547 3295 ὲκ
2594 3240 2883 3311 γυναικός*
2929 3240 2962 3311 ἢ
3024 3240 3079 3294 εί
3121 3257 3204 3304 τις
3278 3239 3426 3309 λέγει
3485 3240 3667 3311 ύπὲριι
3712 3238 3854 3292 ἑαυτιῦ

655 3344 774 3385 sum
802 3344 818 3383 :
847 3340 938 3384 aut
973 3330 1018 3385 si
1058 3330 1180 3399 quis
1214 3331 1363 3383 iilnm
1404 3345 1505 3398 pro
1554 3331 1734 3399 seipso
1765 3344 2001 3397 quoque,
2044 3340 2100 3383 et
2130 3344 2235 3383 non

2339 3334 2724 3402 προσενεγκεῖν
2774 3330 2937 3385 αὑτὸν
2983 3332 3082 3403 τὴν
3134 3332 3479 3402 προσφορὰν,
3541 3332 3628 3384 καὶ
3669 3331 3770 3399 ούχὶ
3812 3329 3856 3396 δὴ

657 3422 837 3491 potius
865 3436 963 3493 pro
997 3422 1154 3475 nobis
1201 3424 1335 3476 solis
1383 3423 1717 3476 sacrificium
1751 3422 2013 3474 obtulisse
2040 3422 2239 3475 tlixcrit

2343 3424 2541 3495 μᾶλλον
2582 3425 2722 3494 ὑπὲρ
2771 3423 2947 3495 μόνων
2980 3422 3137 3494 ἡμῶν
3169 3423 3250 3493 (οὒ
3284 3422 3393 3495 γάρ
3428 3423 3496 3477 ἂν
3525 3422 3704 3494 ἐδεήθη
3729 3436 3853 3491 προσ-

658 3515 855 3583 (neqne
888 3513 1031 3569 enim
1086 3514 1367 3568 oblatione
1414 3515 1630 3582 egebat,
1680 3514 1769 3583 qui
1811 3522 2090 3584 peccaturo
2131 3527 2237 3568 non

2081 3530 2090 3566 I
2131 3527 2237 3568 non
2342 3517 2513 3589 φορᾶς
2540 3518 2568 3569 ό
2599 3515 2674 3587 μὴ
2703 3515 2858 3579 εἰδὼς
2890 3513 3189 3587 ἁμαρτίαν)
3245 3514 3503 3585 ἀνάθεμα
3537 3515 3685 3568 ἔστω.

659 3604 829 3676 novit)
860 3622 874 3659 :
908 3606 1195 3659 anathema
1237 3606 1328 3659 sit.

1133 3714 1490 3770 Orientalium
1533 3716 1777 3785 objectio.
2652 3718 2737 3772 Ἂν

2652 3717 3016 3787 Ἀντίῤῥησις
3053 3715 3172 3771 τῶν
3217 3714 3626 3769 Ἀνατολικῶν.

732 3829 787 3885 Si
822 3829 961 3885 Deus
997 3830 1235 3885 Verbum
1287 3840 1369 3886 est
1416 3847 1661 3886 summus
1692 3831 1969 3895 sacerdos,
2012 3830 2098 3884 cui
2134 3830 2243 3884 Deo

2415 3836 2477 3888 Ei
2527 3833 2820 3905 ἀρχιερεὺς
2853 3835 2882 3886 ό
2917 3832 3048 3895 Θεὸς
3111 3831 3276 3901 Λόγος
3300 3871 3317 3898 ,
3357 3830 3468 3885 τίνι
3513 3830 3626 3901 Θεῷ
3662 3825 3796 3882 αὑτοῦ
3836 3824 3855 3889 ἦ

660 3936 779 3986 suo,
815 3921 897 3974 vel
932 3921 1077 3989 quali
1120 3922 1485 3977 ministerium
1537 3938 1693 3977 suum
1740 3923 1936 3977 uli‘ert?
1969 3924 2077 3978 Sed
2106 3921 2242 3976 obli-

2343 3924 2482 3995 ποίῳ
2500 3922 2571 3975 τά
2590 3922 2689 3992 τῆς
2715 3920 3009 3990 θεραπείας
3040 3919 3372 3992 προσφέρει;
3414 3920 3555 3974 Ἀλλ’
3587 3917 3858 3975 ἐπελάθετοο

662 4024 750 4068 tus
775 4024 857 4067 est
895 4016 1036 4068 beati
1082 4013 1233 4069 Pauli
1283 4016 1559 4069 dicentis:
1597 4035 1615 4067 ι
1650 4015 1763 4071 Νοιι
1808 4017 1950 4070 enim
1980 4017 2243 4071 habemus

2343 4015 2436 4068 τοῦ
2469 4013 2741 4085 μακαρίου
2764 4013 2980 4067 Παύλου
3008 4013 3260 4077 είπόντος
3277 4030 3291 4045 ο
3328 4034 3347 4065 ι
3372 4015 3450 4068 Οὐ
3474 4013 3580 4083 γὰρ
3601 4012 3770 4081 ἔχομεν
3788 4008 3857 4074 ἀρ·

663 4105 1006 4175 pontiﬁcem,
1049 4107 1141 4173 qui
1191 4120 1298 4159 non
1349 4108 1522 4173 possit
1570 4108 1802 4176 compati
1838 4105 2243 4160 inﬁrmitatibus

2344 4105 2532 4176 χιερέα
2568 4105 2643 4174 μὴ
2692 4104 2993 4175 δυνάμενον
3044 4104 3402 4176 συμπαθῆσαι
3452 4107 3572 4167 ταῖς
3617 4098 3858 4155 ἀσθενείαις

666 4194 828 4265 185
865 4196 1105 4260 nosu'is,
1146 4198 1239 4250 sed
1278 4207 1542 4251 tentatum
1591 4212 1685 4266 per
1716 4198 1896 4251 omnia
1943 4198 2241 4251 secundum

2343 4194 2523 4266 ἡμῶν,
2558 4194 2964 4266 πεπειραμένον
2998 4194 3054 4248 δὲ
3101 4195 3243 4249 κατά
3272 4196 3450 4250 πάντα
3478 4194 3599 4249 καθ’
3629 4191 3858 4263 ὁμοιότητα

662 4285 1075 4341 similitudinem
1135 4286 1344 4356 absque
1386 4297 1612 4356 peccato
1638 4286 1703 4340 ’³.
1737 4306 1754 4338 ι
1791 4286 1925 4353 Quis
1959 4287 2124 4357 igitur
2160 4296 2247 4340 est

2346 4288 2514 4359 χωρὶς
2542 4287 2839 4360 ἁμαρτίας.
2879 4304 2899 4339 ι
2932 4287 3029 4351 Τίς
3056 4283 3150 4342 οὖν
3184 4289 3331 4342 ἐστιν
3358 4289 3386 4342 ό
3421 4284 3814 4358 πεπειραμένος
3841 4281 3858 4329 6

667 4385 905 4431 tentatus
935 4376 1057 4431 ille?
1084 4393 1208 4431 num
1245 4376 1388 4431 Deus
1416 4377 1765 4445 Verbum,an
1798 4380 2026 4433 humana
2054 4388 2246 4433 natura

2278 4387 2321 4441 Ι)
2350 4379 2480 4442 Θεὸς
2529 4379 2739 4447 Λόγος,
2787 4378 2820 4448 ἢ
2869 4378 2903 4449 ὴ
2950 4378 3263 4450 ἀνθρωπεία
3310 4378 3475 4450 φύσις
3514 4380 3573 4434 τὸ
3613 4376 3697 4431 τοῦ
3741 4371 3858 4426 Δαυῖδ

664 4482 848 4521 semen
905 4468 1109 4523 David?
1166 4469 1232 4523 Et
1286 4470 1481 4523 iterum
1534 4489 1604 4525 τι
1642 4470 1809 4524 Nemo
1856 4471 1955 4524 sibi
2013 4470 2246 4523 assumit

2351 4470 2610 4541 σπέρμα;
2644 4470 2755 4524 Καὶ
2790 4470 2954 4526 πάλιν
2976 4486 2991 4502 ο
3024 4490 3043 4523 ι
3071 4472 3181 4542 Ούχ
3207 4471 3385 4543 ἑαυτῷ
3412 4489 3498 4536 τις
3526 4470 3762 4539 λαμϐάνει
3789 4462 3857 4529 τὴν

666 4562 949 4625 honorem,
1000 4561 1094 4614 sed
1126 4570 1350 4615 vocatus
1385 4578 1412 4614 a
1455 4562 1587 4627 Deo,
1622 4564 1765 4617 sicut
1807 4572 1860 4618 et
1904 4563 2085 4616 Aaron
2121 4581 2133 4615 :
2167 4560 2242 4615 ita

2348 4562 2535 4630 τιμὴν,
2564 4559 2703 4614 ἀλλὰ
2723 4570 2748 4609 P
2778 4560 3108 4631 καλούμενος
3131 4561 3236 4614 ὑπὸ
3266 4560 3427 4625 Θεοῦ,
3463 4559 3735 4626 καθώσπερ
3771 4555 3858 4605 Ἀα-

663 4662 718 4703 et
749 4652 996 4706 Christus
1039 4668 1143 4706 non
1180 4656 1423 4724 seipsum
1458 4655 1809 4725 glorificavit,
1848 4664 1903 4708 ut
1931 4657 2081 4709 ﬁeret
2110 4670 2244 4724 pon-

2350 4648 2531 4721 ρώνιι·
2568 4648 2711 4703 οὕτω
2741 4648 2838 4703 καλ⁸
2882 4652 2911 4704 ό
2956 4649 3192 4719 Χριστὸς
3222 4651 3321 4721 οὐχ
3350 4651 3545 4704 ἑαυτὸν
3576 4648 3768 4713 ὲδόξισε
3791 4657 3856 4708 γε·

666 4740 795 4794 tilex
821 4742 883 4794 ἐν.
920 4759 937 4792 ι
973 4741 1106 4807 Quis
1154 4743 1318 4811 igitur
1364 4743 1473 4808 ille,
1511 4744 1603 4813 qui
1654 4753 2006 4812 comparatur
2049 4758 2245 4798 secun-

2348 4741 2536 4796 νέσθαι
2564 4741 2845 4812 ἀρχιερέα.
2882 4760 2899 4793 ι
2930 4740 3027 4804 Τίς
3054 4736 3146 4796 οὖν
3172 4744 3202 4795 ό
3230 4741 3306 4813 τῷ
3340 4741 3549 4814 Ἀαρὼν
3580 4740 3705 4795 κατὰ
3725 4732 3857 4798 τὸτῆς

664 4833 792 4884 dum
846 4832 1136 4886 sacerdotii
1186 4834 1505 4903 dignitatem
1559 4834 1658 4902 ipsi
1703 4836 1908 4898 Aaron,
1958 4843 2013 4887 et
2056 4849 2159 4888 non
2210 4847 2242 4887 a

2350 4833 2649 4906 ἱερωσύνης
2688 4834 2905 4905 ἀξίωμα
2927 4876 2942 4899 ο
2984 4834 3080 4888 καὶ
3125 4834 3204 4905 τῷ
3235 4836 3311 4907 μὴ
3348 4836 3441 4905 ἀφ’
3470 4833 3629 4889 αὑτοῦ
3649 4841 3669 4871 τ
3696 4823 3855 4897 λαμϐά-

664 4924 849 4992 ecipso
880 4925 1137 4980 honorem
1169 4925 1494 4991 assumenti,
1533 4927 1627 4980 sed
1654 4940 1844 4981 vocato
1873 4943 1901 4980 a
1932 4926 2063 4989 Deo,
2090 4935 2145 4981 et
2174 4924 2242 4979 ad

2348 4940 2491 4978 νοντι
2513 4935 2535 4963 ³
2581 4924 2681 4997 τὴν
2722 4925 2906 4997 τιμὴν,
2938 4924 3075 4979 ἀλλά
3104 4925 3425 4996 καλουμένῳ
3454 4928 3473 4963 ί
3510 4925 3608 4979 ὑπὸ
3636 4920 3719 4975 τοῦ
3743 4913 3854 4973 Θεοῦ.

668 5016 982 5084 dignitatem
1017 5017 1320 5072 sacerdOtis
1361 5018 1724 5073 ascendenti?
1769 5034 1895 5073 num
1924 5020 2101 5074 divina
2141 5032 2242 5071 na-

2351 5017 2444 5070 καὶ
2467 5017 2546 5081 είς
2566 5017 2664 5088 τὴν
2687 5018 2846 5082 ἀξίαν
2869 5018 2967 5089 τῆς
2994 5015 3295 5089 ἱερωσύνης
3325 5016 3660 5072 ἀναϐαίνοντι
3688 5022 3856 5077 συγκρι-

734 5191 756 5222 ⁹
792 5192 913 5247 Act.
951 5208 1034 5256 ιιι,
1065 5191 1249 5256 12,13.
1316 5194 1358 5225 ¹⁰
1392 5193 1532 5247 Psal.
1566 5209 1739 5259 χχχιι,
1773 5192 1827 5247 6.
1903 5195 1942 5225 ¹¹
1978 5192 2139 5247 llebr.
2176 5209 2258 5259 ιιι,
2290 5195 2338 5249 1.

2250 5233 2258 5258 ,
2290 5195 2339 5249 1.
2399 5197 2441 5228 ¹¹
2480 5195 2814 5264 Ephcs.v,2.
2879 5196 2921 5228 ’³
2955 5194 3119 5252 Hebr.
3159 5211 3232 5264 tv,
3268 5197 3353 5252 15.
3404 5196 3447 5228 “
3480 5196 3634 5252 llebr.
3669 5207 3712 5255 γ,
3745 5187 3787 5249 ι,
3819 5183 3854 5235 5-

1718 5349 1896 5405 Varite
1916 5349 2175 5403 lecriones
2199 5363 2263 5403 ex
2293 5350 2481 5405 codice
2509 5350 2879 5420 Segnieriano.

746 5540 770 5568 ι
806 5526 885 5600 δεῖ
906 5528 981 5600 δὲ,
1023 5526 1195 5600 οἶμαι.
1289 5530 1317 5570 δ
1343 5528 1712 5582 κατευθύνειν.
1817 5539 1839 5568 ε
1877 5526 2370 5600 προσιζήσαντα,-ἢ
2404 5526 2686 5600 ίςζὴσιξντιιἶ
2762 5522 2789 5600 ξ
2819 5524 3263 5600 κατασκῴπτειν.
3295 5596 3317 5600 _
3346 5538 3368 5565 ε
3403 5526 3545 5600 τόν.-
3595 5510 3854 5600 (οὕρξτολῖίᾷ

677 5602 703 5640 ε
732 5588 1103 5668 ὁμολογῶσιν,
1179 5601 1205 5640 ιι
1239 5602 1577 5671 ἐνεργεῖται.
1660 5600 1677 5639 i
1720 5588 1936 5671 ἐνεργεῖ
1957 5598 2034 5651 δέ.
2055 5588 2066 5591 “
2099 5588 2149 5646 ’1
2201 5588 2366 5671 αὐτὸέ
2389 5588 2510 5671 τᾲς,
2532 5594 2592 5661 ἢ,
2629 5596 2941 5671 a0F0'3_75_1§_~
3048 5596 3379 5671 κ-γενητεῦν-
3408 5666 3457 5671 Δ,
3491 5595 3504 5633 ¹
3532 5588 3853 5671 ὲπιτξίξθνῗξῖ·

672 5678 714 5709 ιι
738 5664 838 5722 ὅτι.
910 5664 941 5705 ιι
966 5674 1059 5726 καὶ
1092 5671 1254 5743 ὑπέρ.
1331 5664 1355 5708 δ
1376 5664 1692 5724 ἔπελάὸετο.
1769 5664 1936 5724 ιδ’ἀλλῒ
1966 5671 2013 5723 ὁ.
2090 5678 2117 5719 ιι
2148 5670 2239 5723 καὶ
2280 5668 2509 5737 Ἀαρὼν.
2614 5675 2632 5700 τ
2665 5666 2765 5717 οὐκ
2794 5666 2885 5734 ἀφ’
2913 5665 3135 5723 ἑαυτοῦ.
3234 5664 3259 5705 δ
3283 5666 3589 5738 λαμϐάνων.
3662 5664 3678 5697 ⁸
3708 5668 3855 5708 καλου·

676 5755 856 5811 μενος-
