3912 6464
572 272 686 337 365

1533 274 1596 333 S.
1634 271 1917 332 CYRILLI
1955 277 2428 338 ΑιεΧΑΝιιιιιΝι
2463 279 2783 339 ARCIIIEP.

3748 283 3833 340 ΞΜ

578 401 786 454 lactant
835 410 955 453 esse
1005 394 1185 454 nullus
1240 412 1350 455 non
1396 397 1783 466 conﬁtebitur;
1834 415 1939 456 non
1978 410 2147 458 tamen

2259 406 2621 478 γεγεννῆσθαι
2649 405 2740 462 τὸν
2769 405 2975 477 Κύριον
3004 405 3162 478 ἡμῶν
3200 402 3433 479 Ἰησοῦν
3458 404 3693 479 Χριστὸν
3715 411 3833 465 κατά

577 498 888 557 separatum
930 488 1159 543 seorsim
1194 488 1468 544 hominem
1507 503 1572 545 ex
1611 490 1833 544 muliere
1859 506 1888 545 a
1922 490 2015 547 Dei
2050 493 2153 548 Pa-

581 579 677 632 tris
709 576 907 643 Verbo,
936 577 1011 631 ita
1034 585 1093 630 ut
1115 578 1256 646 quod
1283 592 1351 632 ex
1380 579 1590 633 semine
1622 577 1789 633 David
1820 580 2035 634 unitum
2070 591 2155 637 est

578 665 887 729 inconluse,
924 664 1271 720 ineﬂ'abiliter
1300 673 1356 719 et
1412 666 1849 736 inseparabiliter
1874 667 2051 724 Verbo
2086 683 2152 723 ex

577 755 741 810 Patre
770 754 973 823 genito,
1006 755 1077 809 sit
1115 754 1359 825 pontifex
1407 765 1646 811 tentatus
1683 772 1780 826 per
1812 759 1993 813 omnia
2025 760 2153 815 abs-

577 860 682 916 que
716 856 938 914 peccato
961 845 1028 912 ⁸⁸,
1068 854 1125 900 et
1166 845 1390 901 edoctus
1436 862 1502 902 ex
1539 847 1645 911 bis,
1668 862 1796 915 qua:
1831 864 2019 918 passus
2051 859 2153 913 est.

575 936 973 1003 obedientiam;
1021 939 1115 1008 qui
1153 937 1415 994 obtulerit
1453 937 1564 994 Deo
1616 951 1671 994 et
1702 938 1848 994 Patri
1905 955 2008 995 non
2057 955 2156 1010 pro

578 1031 783 1101 seipso.
812 1031 905 1085 sed
938 1044 1037 1100 pro
1069 1030 1202 1087 solis
1225 1030 1383 1086 nobis
1407 1044 1559 1085 suam
1592 1045 1835 1085 carnem.
1861 1029 1977 1085 Non
2008 1032 2152 1084 enim

578 1119 825 1188 imperite
876 1119 1118 1174 dicemus
1176 1118 1346 1175 Deum
1400 1117 1638 1175 Verbum
1691 1120 2039 1190 pontiﬁcem,
2100 1126 2157 1173 et

578 1209 839 1264 obtulisse
869 1209 1235 1280 seipsumpeo
1260 1219 1316 1265 et
1345 1209 1492 1265 Patri
1517 1228 1532 1265 :
1562 1225 1686 1266 nam
1722 1211 1994 1281 Uuigeniti
2036 1212 2154 1268 dei-

580 1300 708 1357 tatis
744 1300 856 1371 ipse
883 1297 1049 1356 Pater
1081 1314 1189 1357 non
1217 1310 1303 1356 est
1338 1299 1507 1369 Deus,
1530 1302 1625 1375 sed
1654 1300 1840 1358 Pater.

1124 1584 1313 1660 (ἐφ’ὶηὶ
1340 1584 1601 1660 defensio.

646 1698 849 1757 lterum
879 1698 1209 1755 adversariis
1232 1709 1537 1770 opportune
1572 1700 1814 1756 dicemus
1843 1713 1857 1753 :
1888 1716 1907 1750 ι
1941 1698 2149 1769 Usque-

576 1802 688 1857 quo
739 1788 1059 1843 claudicatis
1120 1764 1383 1843 ambobus
1432 1788 1753 1858 peplitibus
1784 1788 1985 1842 vestris
2008 1764 2145 1841 ‘3?»
2181 1764 2227 1825 Β

574 1875 803 1946 Oportet
850 1879 992 1932 enim
1040 1890 1136 1932 vos
1180 1875 1383 1932 habere
1430 1892 1618 1931 sanam
1664 1885 1720 1932 et
1773 1877 2039 1947 integram
2086 1877 2153 1931 ad

577 1970 952 2038 cognoscenda
987 1977 1132 2023 recte
1168 1968 1291 2023 iidei
1335 1970 1586 2039 dogmata
1631 1979 1891 2035 mentem,
1922 1984 2030 2025 non
2056 1971 2153 2025 du—

575 2061 822 2133 plicitate
854 2061 1021 2115 animi
1065 2060 1487 2127 claudicantem,
1526 2070 1581 2115 et
1622 2060 1776 2114 valde
1806 2060 2149 2130 imbecillem,

572 2160 633 2206 et
684 2162 831 2207 recte
883 2151 1134 2207 incedere
1182 2164 1288 2206 non
1351 2150 1617 2206 valentem
1665 2168 1737 2206 ιι
1766 2150 1901 2206 Nam
1955 2152 2151 2222 duplex

576 2242 758 2298 animo
795 2243 1111 2298 inconstans
1152 2252 1237 2297 est
1267 2241 1321 2296 itt
1361 2243 1616 2298 omnibus
1660 2244 1760 2297 viis
1791 2244 1926 2310 suis,
1963 2254 2018 2298 et
2047 2260 2148 2298 non

569 2334 811 2403 "accip'iet
860 2331 1066 2400 aliquid
1109 2348 1139 2386 a
1194 2332 1421 2386 Domino
1448 2333 1517 2386 “.
1550 2351 1568 2384 ι
1620 2332 1787 2401 idque
1832 2332 1953 2389 dico
1997 2334 2151 2388 valde

578 2421 875 2485 admirans,
923 2420 1266 2474 adversarios
1294 2428 1401 2473 tam
1454 2419 1797 2489 impudenter
1838 2436 1902 2475 ac
1951 2431 2152 2477 temere

576 2512 910 2581 propositum
954 2511 1251 2565 etiamnum
1309 2510 1844 2565 anathematismum
1898 2511 2151 2581 perstrin-

576 2615 705 2672 gere
731 2599 886 2658 velle.
926 2598 1039 2655 Nec
1081 2601 1395 2664 absurdum,
1431 2601 1575 2669 quod
1615 2599 1803 2656 nolunt
1838 2599 1935 2655 Dei
1974 2601 2151 2656 Patris

577 2691 814 2747 Verbum
847 2706 877 2745 a
914 2692 1069 2747 nobis
1093 2691 1363 2746 nominari
1398 2691 1558 2762 187
1597 2691 1900 2761 apostolum
1930 2700 1984 2746 et
2016 2706 2151 2762 pon-

576 2782 775 2838 tilieem
828 2781 1190 2838 confessionis
1249 2791 1484 2849 nostrae,
1540 2785 1758 2853 quando
1807 2781 2010 2838 factum
2067 2794 2152 2839 est

574 2876 761 2929 homo.
804 2873 951 2930 Nam
968 2874 1060 2945 qui
1090 2888 1317 2944 prorsus
1347 2883 1620 2929 attentant
1663 2876 2000 2930 nativitatem
2032 2876 2149 2945 ejus

576 2965 875 3019 secundum
915 2978 1137 3020 carnem
1168 2964 1511 3030 calumniari,
1539 2973 1594 3019 et
1624 2965 1781 3036 quasi
1816 2980 1924 3021 non
1963 2980 2147 3021 verum

575 3053 803 3122 rejieere
851 3054 1076 3123 audent,
1125 3069 1224 3110 nec
1276 3054 1513 3110 ferentes
1564 3065 1807 3111 sanctam
1871 3055 2145 3126 Virginem

576 3145 681 3201 dici
720 3144 814 3200 Dei
859 3145 1200 3216 genitricem,
1231 3148 1499 3217 qumttodo
1534 3162 1644 3203 nou
1683 3156 1737 3203 et
1781 3147 2147 3218 dispensatio-

480 3236 489 3251 ‘
574 3236 663 3289 nis
716 3234 904 3289 modos
952 3233 1239 3303 rejicient?
1302 3235 1536 3290 Audiant
1618 3236 1783 3306 igitur
1848 3238 1953 3293 hoc
2005 3240 2148 3305 quod

574 3322 745 3381 Isaias
773 3325 910 3379 dixit
936 3340 952 3379 :
983 3342 1004 3377 ι
1034 3323 1148 3380 Nisi
1171 3324 1536 3391 credideritis,
1567 3340 1673 3380 non
1703 3326 2092 3397 intelligetis".
2122 3347 2142 3381 ι

574 3414 789 3471 Etenim
817 3414 1029 3470 divinus
1065 3414 1393 3484 evangelista
1431 3413 1667 3471 Joannes
1700 3431 1955 3485 magnum
1995 3419 2151 3487 quid~

575 3506 699 3560 dam
734 3514 790 3561 et
830 3505 1105 3559 insolitum
1143 3505 1453 3560 hominibus
1496 3506 1749 3574 intonuit,
1796 3509 1984 3565 dicens
2017 3511 2147 3565 Ver-

576 3588 707 3644 bum
761 3603 980 3643 carnem
1030 3602 1153 3644 esse
1198 3587 1396 3644 factum
1422 3589 1489 3642 ".
1530 3590 1630 3656 Qui
1673 3603 1851 3648 autem
1894 3594 2145 3649 virtutem

572 3680 820 3736 veritatis
849 3678 1202 3747 sull'urantur,
1237 3681 1310 3735 ita
1339 3696 1558 3737 carnem
1586 3682 1762 3753 ipsum
1794 3683 1994 3740 factum
2026 3700 2147 3742 esse

564 3758 779 3835 dicunt,
809 3769 951 3826 sicut
995 3778 1053 3825 et
1098 3770 1443 3827 maledictum
1467 3773 1536 3840 “,
1566 3783 1621 3830 et
1652 3786 1932 3845 peccatum
1954 3778 2001 3809 “
2027 3792 2147 3833 esse

573 3860 772 3916 factum
818 3861 1154 3932 intelligitur.
1202 3861 1269 3917 Et
1302 3863 1367 3918 de
1415 3866 1499 3920 itis
1548 3865 1664 3936 jam
1705 3876 1831 3922 ante
1881 3868 2143 3935 diximus,

572 3966 668 4022 per
693 3966 811 4021 qua:
834 3966 932 4023 par
951 3961 1073 4007 erat
1099 3953 1364 4024 ejusmodi
1398 3970 1683 4012 sermones
1712 3956 1874 4012 falsos
1898 3968 1952 4013 et
1981 3974 2145 4014 vanos

571 4043 878 4098 ostendere.
908 4042 1015 4097 Sed
1052 4045 1310 4099 adversus
1349 4044 1773 4101 calumniatores
1819 4046 1883 4100 ad
1908 4062 2146 4116 priuso-ts

572 4129 702 4184 illud
727 4130 958 4184 dicimus
986 4147 1000 4183 :
1033 4129 1236 4185 Discite
1263 4130 1473 4197 audire,
1511 4132 1839 4199 angustiati,
1880 4133 2141 4204 suscipite

574 4218 981 4273 'undamentum
1038 4220 1365 4274 sacramenti
1436 4223 1735 4275 secundum
1824 4221 2141 4288 Christum,

570 4309 743 4379 prima
775 4309 1189 4378 dispensationis
1223 4311 1467 4377 exordia,
1514 4320 1569 4367 et
1598 4312 1797 4383 ipsum,
1851 4324 1912 4369 ut
1952 4316 2024 4369 ita
2060 4315 2141 4369 di-

2252 498 2353 561 τὰς
2396 498 2546 562 θείας
2580 496 2803 569 Γραφάς
2834 497 3011 562 οὐδεὶς
3042 498 3123 552 ·ἃν
3166 498 3278 569 οὐχ
3327 496 3753 570 ὁμολογήσειεν·
3784 504 3831 556 οὐ

2256 590 2663 661 κεχωρισμένον
2710 589 2895 662 μέντοι
2945 589 3127 655 ίδικῶς
3158 590 3475 662 ἄνθρωπον
3503 590 3571 642 ὲκ
3606 594 3834 657 γυναικᾱ

2254 680 2348 733 τοῦ
2383 678 2518 733 Θεοῦ
2547 680 2759 753 Πατρός
2790 681 2985 750 Λόγου,
3034 682 3111 745 ὡς
3155 677 3310 735 εἶναι
3354 680 3420 734 τὸ
3450 683 3518 735 ὲκ
3550 683 3833 753 σπέρματος

2255 771 2418 826 Δαυῒδ
2459 772 2739 844 ἡνωμένον
2766 773 3110 845 ἀσυγχύτως,
3153 774 3502 845 ἀφράστως,
3536 774 3633 827 καὶ
3660 778 3834 846 ἀχωρί-

2258 879 2398 927 στως
2442 862 2521 934 τῷ
2554 866 2619 917 ὲκ
2650 862 2864 936 Πατρὸς
2894 864 3086 935 Λόγῳ,
3124 864 3409 935 ἀρχιερέα
3452 864 3832 933 πεπειραμένων

2256 950 2399 1005 κατὰ
2442 952 2619 1005 πάντα
2666 953 2835 1025 χωρὶς
2874 954 3151 1025 ἁμαρτίας
3178 993 3192 1018 ,
3225 954 3335 1006 καὶ
3372 952 3628 1023 μαθόντα
3655 953 3742 1019 ἀφ’
3775 948 3834 1007 ὧν

2256 1041 2424 1094 ἔπαθε
2457 1044 2558 1113 τὴν
2586 1044 2857 1114 ὑπακοὴν,
2883 1046 3390 1115 προσκεκομικότα
3421 1044 3483 1097 δὲ
3517 1042 3595 1113 τῷ
3625 1042 3737 1114 Θεῷ
3759 1046 3835 1099 καὶ

2257 1132 2433 1205 Πατρὶ
2459 1134 2556 1202 οὐχ
2588 1133 2731 1205 ὑπὲρ
2766 1134 3000 1199 ἑαυτοῦ,
3035 1135 3151 1188 ἀλλ’
3179 1135 3331 1206 ὑπὲρ
3367 1133 3537 1205 ἡμῶν
3568 1134 3736 1203 μόνων
3756 1134 3835 1204 τὴν

2258 1223 2437 1277 ἰδίανί
2476 1226 2675 1295 σάρκα.
2726 1226 2802 1278 Uti
2848 1225 2958 1298 γὰρ
3002 1225 3233 1297 ἀμαθῶς
3293 1227 3565 1298 φήσομεν
3600 1226 3690 1281 τὸν
3726 1226 3832 1279 Θείν

2254 1315 2429 1383 Λόγον
2477 1316 2740 1385 ἀρχιερέα
2765 1356 2782 1381 ,
2830 1317 2931 1371 καὶ⁵
2972 1317 3500 1389 προσκεκομικέναι
3546 1317 3731 1370 ἑαυτὸν
3768 1317 3832 1386 τῷ

2255 1405 2374 1475 Θεῷ
2395 1406 2489 1459 καῖ
2520 1406 2693 1478 Πατρί
2713 1421 2726 1435 ο
2748 1409 2813 1460 ού
2832 1406 2941 1479 γάρ
2968 1409 3066 1479 τῆς
3090 1409 3183 1463 τοῦ
3214 1407 3586 1478 Μονογενούς
3614 1407 3830 1478 θεότητος

2254 1495 2387 1558 Θεὸς
2415 1499 2442 1550 ὁ
2470 1496 2678 1569 Πατὴρ,
2715 1497 2850 1552 ἀλλά
2879 1500 3087 1570 Πατήρ.

2717 1627 3025 1697 Ἀπολογία
3058 1631 3403 1698 Κυρίλλου.

2337 1740 2461 1795 Ἐπὶ
2494 1734 2684 1812 καίρου
2728 1741 2793 1813 δὴ
2847 1741 3008 1796 πάλιν
3039 1743 3335 1814 εἰρήσεται
3372 1741 3520 1813 πρὸς
3550 1741 3705 1814 ἡμῶν
3738 1745 3828 1806 τοῖς

2251 1836 2316 1890 δι’
2350 1836 2631 1901 ἐναντίας·
2671 1857 2690 1889 ι
2714 1838 2862 1902 Ἕως
2889 1839 3020 1892 πότε
3054 1837 3359 1909 χωλανεῖτε
3391 1836 3488 1889 ἐπ’
3520 1826 3825 1908 ἀμφοτέραις

2250 1931 2370 1992 ταῖς
2419 1927 2629 1996 ίγνύαις
2681 1928 2866 1999 ὑμῶν;
2904 1948 2922 1979 t
2966 1929 3087 2000 Χρὴ
3140 1929 3251 2000 γάρ
3303 1929 3468 1999 ὑμᾶς
3527 1927 3694 1997 ὑγιῆὶ
3750 1928 3825 1979 καὶ

2251 2022 2454 2093 ἀρτίως
2484 2022 2676 2093 ἔχοντα
2702 2024 2839 2093 πρὸς
2868 2024 3075 2094 εἴδησιν
3099 2022 3312 2094 ἀκριϐῆ
3348 2023 3463 2094 τῆς
3494 2021 3707 2083 εὐθείας
3735 2019 3822 2073 τῶν

2251 2114 2537 2185 δογμάτων
2563 2114 2707 2186 ἔχειν
2735 2115 2826 2168 τὸν
2858 2114 3004 2178 νοῦν,
3063 2115 3122 2167 ού
3165 2118 3288 2178 ταῖς
3328 2113 3619 2185 διψυχίαις
3647 2110 3822 2182 χωλεύ-

2251 2222 2399 2271 οντα,
2429 2207 2524 2259 κα)⁸
2554 2206 2690 2259 πολὺ
2722 2205 2980 2259 νοσοῦντα
3002 2204 3062 2257 τὸ
3091 2204 3311 2271 άναλκι,
3344 2206 3449 2259 καὶ
3481 2202 3620 2275 epos
3647 2200 3819 2271 βαίνειν

2251 2297 2350 2350 οὐκ
2390 2297 2750 2368 ἀνεχόμενονο
2797 2317 2815 2349 ι
2839 2295 3242 2360 Ἀκατάστατος
3291 2297 3413 2367 γὰρ
3464 2298 3494 2349 ὁ
3540 2294 3747 2363 δίψυχος
3774 2293 3821 2343 ὲν

2253 2390 2454 2451 πάσαις
2487 2392 2608 2453 ταῖς
2634 2390 2775 2453 ὁδοῖς
2809 2388 2998 2453 αὐτοῦ,
3027 2390 3122 2443 καὶ
3160 2389 3259 2442 οὐκ
3312 2388 3385 2442 ἀν
3420 2405 3475 2440 τι
3512 2386 3662 2440 λάὗοι
3694 2382 3817 2454 παρὰ

2250 2478 2344 2532 τοῦ
2370 2479 2597 2553 Κυρίου.
2632 2500 2650 2530 ι
2680 2482 2788 2536 Καὶ
2834 2480 3009 2535 ταῦτά
3045 2498 3187 2551 φημι
3210 2519 3224 2542 .
3274 2475 3657 2549 τεθαυμακὼς
3703 2477 3815 2543 ἄταν

2249 2572 2374 2635 τοὺς
2410 2572 2435 2610 ¹ί
2472 2573 2539 2626 δι’
2567 2574 2815 2637 ἐναντίας
2866 2571 3131 2643 ἀναίδηνι
3180 2571 3330 2624 οὕτω
3388 2571 3490 2623 καὶ
3539 2567 3813 2640 προαλῶς¹¹

2250 2663 2604 2734 ἐπιπλήττειν
2646 2664 2929 2726 ἐθέλοντας
2955 2663 3033 2734 τῷ
3068 2662 3433 2734 προκειμένῳ
3466 2661 3563 2715 καὶ
3590 2658 3680 2713 νῦν
3705 2658 3811 2710 ἀνα⁸

2253 2752 2594 2825 θεματισμῷ.
2625 2756 2735 2807 Καὶ
2761 2754 2822 2807 τὸ
2859 2754 3087 2817 ἀπεικὸς
3122 2754 3298 2818 οὐδὲν,
3334 2754 3389 2806 εί
3429 2751 3508 2823 μὴ
3531 2749 3810 2820 βούλοιντοΙΙ

2249 2847 2340 2900 τὸν
2372 2850 2435 2900 ὲκ
2470 2846 2605 2899 Θεοῦ
2639 2846 2851 2917 Πατρός
2880 2846 3050 2913 Λόγον
3098 2844 3474 2915 ὀνομάζεσθαι
3516 2841 3651 2911 πρὸς
3680 2837 3809 2908 ἡμῶν

2250 2938 2546 2992 ἀπόστολον
2586 2939 2681 2990 καὶ
2731 2938 2993 3009 ἀρχιερέα
3026 2937 3126 3008 τῆς
3153 2937 3458 3008 ὁμολογίας
3491 2932 3667 3004 ἡμῶν,
3692 2930 3810 2983 ὅτε⁸

2250 3027 2475 3096 γέγονεν
2521 3025 2824 3097 ἄνθρωπος.
2866 3027 2931 3080 Oi
2977 3024 3084 3097 γὰρ
3129 3027 3266 3090 ὅλως
3306 3024 3413 3096 τὴν
3463 3022 3604 3076 κατά
3656 3018 3808 3087 σάρκα

2172 3108 2217 3168 C
2250 3121 2502 3189 γέννησιν
2552 3118 2714 3171 αὑτοῦ
2753 3120 3107 3187 συκοφαντεῖν
3142 3116 3527 3188 πειρώμενοι,
3567 3112 3659 3166 καὶ
3696 3108 3809 3164 ἀπό-

2250 3213 2465 3282 ϐλητον,
2501 3212 2575 3274 ὡς
2624 3211 2723 3263 οὐκ
2770 3210 2985 3282 ἀληθῆ,
3033 3209 3258 3279 ποιῆσαι
3291 3209 3695 3280 τολμήσαντες,
3723 3200 3805 3254 οὐκ

2248 3302 2565 3373 ἀνεχόμενοί
2591 3319 2650 3354 τε
2680 3301 2938 3355 Θεοτόκον
2966 3303 3140 3354 εἰπεῖν
3181 3300 3278 3372 τὴν
3327 3301 3498 3369 ἁγίαν
3534 3294 3805 3368 Παρθένον,

2249 3394 2366 3456 πῶς
2392 3394 2452 3445 οὐ
2477 3394 2910 3465 παραιτήσονται
2938 3392 3037 3463 τῆς
3061 3391 3380 3462 οἰκονομίας
3409 3391 3537 3453 τοὺς
3563 3388 3801 3457 τρόπουςῖ

2234 3484 2629 3537 ⁴’Λκουέτωσαν
2681 3484 2863 3538 τοίνυν
2921 3482 2983 3536 τὸ
3025 3482 3113 3536 διά
3162 3482 3264 3552 τῆς
3325 3482 3518 3553 φωνῆς
3571 3474 3799 3531 Ἡσαΐου*

2254 3594 2272 3628 ι
2318 3576 2444 3630 Ἐἀν
2481 3576 2555 3647 μὴ
2583 3574 2931 3645 πιστεύσητε,
2958 3574 3068 3627 οὐδ’
3099 3574 3162 3627 οὐ
3195 3575 3269 3644 μὴ
3302 3573 3533 3643 συνῆτε.
3572 3588 3591 3622 t
3636 3567 3688 3620 '0
3717 3562 3799 3634 μὲν

2246 3667 2357 3738 γὰρ
2402 3667 2686 3732 θεσπέσιος
2733 3664 3125 3737 εὐαγγελιστὴς
3157 3666 3420 3737 Ἰωάννης
3456 3664 3599 3736 μέγα
3622 3676 3672 3713 τι
3720 3655 3797 3709 καὶ

2246 3756 2480 3823 ἐξαίσιον
2512 3756 2913 3827 κατεᾶρόντησε
2943 3758 3056 3818 τοῖς
3090 3755 3181 3809 ὑπ’
3226 3755 3482 3827 οὐρανὸν,
3525 3751 3694 3823 σάρκα
3723 3743 3792 3797 λέ·

2245 3864 2358 3916 γων
2398 3846 2728 3917 γεγενῆσθαι
2763 3846 2856 3899 τὸν
2886 3846 3077 3915 Λόγον.
3113 3847 3177 3899 Οἱ
3205 3846 3262 3899 δὲ
3292 3845 3400 3917 τῆς
3435 3840 3685 3913 ἀληθείας
3708 3834 3793 3904 τὴν

2245 3935 2472 4006 δύναμιν
2510 3934 2961 4001 ὑποκλέπτοντες,
2992 3933 3134 3988 οὕτω
3161 3936 3342 4005 σάρκα
3368 3932 3621 4004 γενέσθαι
3652 3924 3791 3998 φασὶν

2246 4028 2426 4091 αὐτὸν,
2460 4027 2535 4089 ὡς
2580 4027 2645 4081 ἂν
2678 4028 2849 4079 νοοῖτο
2878 4026 3134 4095 γενέσθαι
3167 4025 3386 4096 κατάρα
3416 4024 3514 4079 καὶ
3554 4014 3789 4091 ἁμαρτία.

2244 4120 2356 4172 Καὶ
2384 4118 2516 4191 περὶ
2548 4117 2647 4188 μὲν
2674 4117 2878 4171 τούτων
2909 4118 3012 4188 ἤδη
3046 4116 3353 4185 φθάσαντες
3382 4119 3637 4185 εἴπομεν,
3668 4108 3793 4173 ἅπερ

2241 4209 2309 4283 ἧν
2341 4212 2486 4275 εἰκὸς
2517 4212 2682 4265 ἕωλον
2710 4213 2893 4275 αὐτοῖς
2915 4212 3237 4281 ἀποφαίνειν
3261 4210 3524 4265 δύνασθαι
3556 4204 3641 4260 τὸν
3661 4200 3712 4254 ἐν
3734 4211 3789 4264 τε

2241 4306 2478 4359 τουτοισὶ
2524 4304 2701 4373 λόγον.
2740 4302 2883 4373 Πρὸς
2911 4303 2968 4356 δέ
3011 4319 3074 4371 γε
3110 4302 3237 4365 τοὺς
3282 4301 3585 4371 φιλαιτίους
3627 4292 3700 4353 εἰς
3738 4285 3791 4338 τδ

571 4415 715 4465 cam,
758 4401 1114 4469 ingressum:
1160 4402 1363 4457 credite
1414 4403 1692 4459 nobiseum
1728 4445 1746 4473 ,
1805 4406 1917 4461 imo
1968 4406 2141 4461 sacris

2251 4396 2417 4468 παρὸν
2450 4396 2624 4449 ἐκεῖνό
2672 4411 2887 4465 φαμεν·
2923 4395 3140 4450 Μάθετε
3181 4394 3425 4463 ἀκούειν,
3459 4378 3785 4502 στενοχωρῗῗ-

574 4486 904 4559 Seripturis;
944 4488 1090 4554 date,
1116 4489 1242 4545 date
1285 4491 1529 4546 veritatis
1556 4492 1848 4561 calculum,
1878 4494 2142 4549 conﬁten-

572 4590 656 4634 tes
690 4579 833 4649 quod
877 4579 993 4649 ipse
1037 4579 1359 4650 Unigenitus
1400 4582 1493 4637 Dei
1543 4578 1931 4655 Verbunt,'qui
1969 4595 2052 4640 est
2084 4586 2138 4640 in

571 4670 695 4726 sinu
737 4669 937 4737 Patris,
972 4687 1069 4742 per
1100 4687 1259 4743 quem
1302 4676 1503 4740 omnia,
1538 4683 1591 4729 et
1628 4676 1679 4730 in
1721 4691 1831 4745 quo
1866 4677 2046 4731 omnia
2068 4677 2135 4742 '°,

571 4759 745 4816 factus
768 4761 839 4816 sit
868 4775 1016 4825 caro,
1051 4776 1156 4816 non
1188 4776 1382 4830 passus
1407 4766 1851 4832 conversionem,
1877 4767 1959 4821 vel
1992 4781 2139 4821 com-

570 4851 908 4919 mistionem,
952 4853 1046 4909 sed
1093 4868 1306 4924 semper
1354 4856 1622 4913 exsisteus
1674 4857 1778 4912 hoc
1836 4858 2132 4914 secundum

568 4951 849 5007 naturam,
877 4946 1021 5014 quod
1057 4956 1196 5012 erat,
1247 4955 1301 5000 et
1331 4956 1436 5013 est,
1465 4957 1519 5003 et
1549 4950 1675 5005 erit.
1712 4949 1912 5005 Factus
1952 4960 2133 5006 autem

566 5042 652 5087 est
692 5047 853 5099 eam,
905 5036 1242 5093 nativitatem
1292 5039 1471 5096 ferens
1523 5055 1589 5095 ex
1648 5052 1837 5096 sancta
1881 5043 2139 5113 Virgine,

640 5182 683 5252 ξ’
713 5182 874 5252 Hebr.
904 5202 975 5252 tv,
1002 5186 1087 5241 15.

567 5252 613 5283 ³⁸
643 5251 683 5305 ll
714 5251 840 5307 Cor.
869 5269 896 5306 v
952 5255 1043 5309 ει.
1132 5258 1177 5288 ³⁸
1206 5257 1221 5312 l
1247 5258 1373 5313 Cor.
1407 5251 1524 5324 νῖιι,
1554 5260 1609 5314 6.

2250 4506 2428 4560 μενοι·
2450 4486 2813 4551 καταδέξασθε
2835 4486 2929 4541 τοῦ
2964 4487 3107 4542 κατὰ
3135 4486 3373 4560 Χριστὸν
3406 4479 3692 4558 μυστηρίου
3712 4472 3786 4560 τὸν

2245 4559 2517 4650 θεμέλιον,
2562 4577 2663 4648 τῆς
2700 4577 3010 4648 οἰκονομίας
3055 4578 3155 4640 τάς
3191 4559 3428 4650 πρώτας
3475 4570 3675 4646 ἀρχάςν
3708 4559 3783 4615 καὶ

2243 4669 2433 4741 αὐτὴν,
2480 4670 2547 4723 ἵν’
2596 4667 2770 4732 οὕτως
2813 4670 2972 4734 εἴπω,
3020 4669 3120 4741 τὴν
3158 4670 3442 4740 εἰσϐολήν·
3494 4656 3783 4719 πιστεύσατε

2244 4740 2376 4833 μεθί
2396 4762 2573 4833 ἡμῶν,
2607 4760 2807 4831 μᾶλλον
2832 4759 2888 4813 δὲ
2912 4763 3021 4824 τοῖς
3054 4763 3219 4832 ἱεροῖς
3251 4760 3546 4831 Γράμμασι
3564 4769 3578 4784 ο
3601 4748 3706 4804 δότε
3725 4740 3778 4833 δὴ

2240 4831 2339 4925 τῆς
2371 4831 2633 4924 ἀληθείας
2669 4853 2766 4923 τὴν
2798 4850 3001 4922 ψῆφον,
3053 4831 3442 4920 ὁμολογοῦντες
3476 4849 3556 4901 ὅτι
3585 4836 3726 4896 αὐτὸς
3755 4831 3781 4882 ὁ

2245 4946 2538 5018 μονογενὴς
2570 4944 2664 5000 τοῦ
2690 4945 2826 4999 Θεοῦ
2856 4944 3047 5015 Λόγος,
3082 4945 3111 4997 ό
3138 4947 3195 4997 ὲν
3223 4944 3442 5007 κόλποις
3469 4939 3540 4992 ὢν
3566 4930 3651 4987 τοῦ
3683 4926 3773 4981 Πα-

2247 5040 2392 5110 τρδς,
2422 5041 2450 5091 ὁ
2482 5040 2551 5092 δι’
2580 5032 2639 5093 οὗ
2664 5037 2734 5093 τὰ
2761 5038 2939 5091 πάντα
2959 5075 2975 5101 ,
3002 5037 3097 5091 καὶ
3130 5038 3188 5091 ὲν
3212 5029 3257 5106 ᾧ
3287 5038 3357 5089 τά
3396 5035 3587 5093 πάντα,
3616 5021 3773 5092 γέγονε

1187 5189 1231 5258 ’9
1257 5186 1323 5242 lli
1358 5188 1490 5258 Reg.
1528 5204 1683 5257 xvttt,
1725 5191 1817 5247 2i.
1887 5192 1929 5224 "
1959 5190 2079 5247 Jac.
2114 5207 2147 5257 ι,

2284 5169 2291 5172 ’
2323 5194 2367 5224 ’³
2398 5190 2501 5248 lsa.
2538 5208 2640 5258 vn,
2672 5192 2726 5249 9.
2803 5193 2851 5225 “
2876 5190 3033 5247 Joan.
3067 5208 3104 5258 ι,
3142 5190 3231 5246 M.
3312 5189 3359 5221 “
3394 5187 3565 5243 Galat.
3594 5193 3668 5239 ιιι,
3698 5168 3766 5224 ίόι

1626 5412 1802 5469 Varia:
1826 5412 2096 5468 lectiones
2125 5425 2194 5469 ex
2215 5411 2404 5469 codice
2433 5409 2808 5482 Seguieriano.

633 5571 656 5649 ξ
687 5566 915 5625 οἰκείαν.
996 5582 1007 5620 t
1049 5569 1197 5641 ὑγιᾶ.
1273 5569 1301 5610 ι
1329 5567 1653 5641 τεθαύμακα
1681 5568 1791 5641 γὰρ
1827 5567 1967 5639 ἄγαν
1997 5568 2141 5633 τούς.
2224 5568 2243 5610 ι
2275 5570 2494 5645 ἀνέδην.
2570 5581 2608 5612 ι·
2632 5571 2997 5647 προδήλως-,ἧ
3033 5572 3349 5649 προφανῶς.
3424 5580 3453 5608 ιι
3477 5561 3758 5641 βούλωνται.

566 5647 609 5678 ι
625 5638 735 5695 δτι.
