4062 6474
170 347 271 410 355

760 348 1293 408 APOLOGETICUS
1331 350 1468 408 PRO
1508 351 1601 407 XII
1642 350 2005 409 CAPITIBUS
2044 353 2324 412 CONTRA
2367 358 2831 419 ORIENTALES.

3301 373 3409 428 368

171 464 297 534 σάρξ
317 478 329 493 ·
357 460 418 516 οὗ
453 460 678 535 τροπὴν,
706 463 739 534 ἦ
781 466 1001 537 φυρμὸν
1025 465 1320 538 ὑπομείνας
1346 506 1361 532 ,
1398 466 1510 521 ἀλλ’
1542 466 1618 520 ὢν
1645 468 1730 523 ἀεὶ

1838 470 2133 526 secundum
2169 485 2416 541 carnem,
2449 475 2693 547 inquam,
2744 486 2800 534 et
2838 480 3140 550 appellatus
3183 483 3404 559 [factusl

168 552 315 607 τοῦτο
359 552 499 607 κατά
534 552 718 621 φύσιν,
756 554 895 623 ὅπερ
922 550 992 625 ἦν
1020 571 1101 619 τε,
1140 557 1234 609 καὶ
1265 554 1403 618 ἐστι,
1436 556 1531 608 καὶ
1557 554 1729 611 ἔσται.

170 646 349 713 Γέγονε
385 643 442 698 δὲ
479 642 616 716 σάρξ
638 684 655 710 ,
703 645 958 716 γέννησιν
1009 646 1311 717 ὑπομείνας
1344 649 1408 701 ἐκ
1433 651 1533 719 τῆς
1573 648 1733 716 ἁγίας

169 733 457 805 Παρθένου,
481 735 578 805 τὴν
609 735 752 790 κατά
779 736 960 807 σάρκα
986 738 1165 809 φημί·
1194 740 1288 791 καὶ
1324 738 1733 811 κεχρημάτικεν

170 825 285 887 Υἱὸς
306 823 614 895 ἀνθρώπου,
640 828 735 880 καὶ
762 828 1166 901 παραπλησίως
1196 830 1330 900 ἡμῖν
1361 831 1625 900 μετέσχεν
1658 829 1736 884 αῖ-

170 932 328 985 ματος
370 915 465 969 καὶ
504 917 726 989 σαρκός.
777 917 935 972 οὕτω
982 918 1381 990 διατιθεμένοις
1402 930 1452 987 ιι,
1499 922 1595 975 καὶ
1631 922 1733 992 τὴν

167 998 297 1059 οὕτω
338 1006 538 1079 σεπτὴν
573 1009 666 1063 καὶ
692 1008 1067 1082 ἀληθεστάτην
1093 1010 1276 1065 πίστιν
1308 1011 1730 1083 εἰσδεξαμένοις,

168 1100 329 1153 πάντα
353 1104 600 1168 φανεῖται
634 1103 703 1159 τά
724 1103 923 1175 ἑφεξῆς
959 1104 1170 1175 βάσιμά
1198 1121 1279 1169 τε,
1310 1105 1403 1159 καὶ
1430 1105 1727 1175 ίππήλατα,

168 1190 251 1245 καὶ
271 1190 417 1244 οὐδὲν
445 1191 675 1261 ἄναντες
699 1194 731 1265 ἢ
761 1194 959 1266 τραχύ.
979 1196 1295 1267 Γέγραπται
1316 1196 1422 1266 γὰρ
1448 1196 1529 1250 ὅτι
1551 1197 1730 1251 πάντα

169 1281 358 1335 ἐνώπια
406 1286 521 1348 τοῖς
575 1286 857 1351 συνιοῦσι,
909 1288 1004 1340 καὶ
1051 1287 1188 1360 όρθά
1239 1290 1354 1351 τοῖς
1414 1286 1730 1359 εὑρίσκουσι

170 1375 371 1443 γνῶσιν.
407 1376 621 1448 Χρῆναι
657 1378 716 1431 δὲ
763 1371 917 1449 οἶμαι
967 1379 1061 1432 καὶ
1091 1378 1186 1432 νῦν
1217 1379 1366 1450 ἡμᾶς
1414 1378 1512 1449 τὴν
1551 1380 1729 1435 αἰτίαν

167 1466 343 1531 εἰπεῖν,
370 1466 438 1520 δι’
465 1468 533 1539 ἣν
562 1468 743 1524 αἰτίαν
764 1469 988 1539 γέγονεν
1010 1472 1039 1524 6
1060 1471 1519 1543 ἀναθεματισμός.
1538 1472 1596 1526 '0
1621 1473 1730 1544 γάρ

169 1575 244 1611 τοι
273 1558 442 1614 πάντα
486 1560 803 1633 διακινήσας
827 1600 844 1627 ,
875 1561 989 1616 ἀνω
1028 1580 1088 1616 τε
1122 1562 1217 1616 καὶ
1260 1564 1412 1618 κάτω
1444 1565 1513 1619 τά
1550 1564 1730 1619 πάντα

169 1651 388 1721 συγχέας
419 1653 718 1725 Νεστόριος
746 1653 849 1725 ἔφη
872 1671 927 1707 τι
955 1654 1194 1709 τοιοῦτον
1231 1655 1359 1727 περί
1383 1654 1477 1709 τοῦ
1508 1656 1726 1713 πάντων

168 1743 310 1813 ἡμῶν
341 1743 596 1816 Σωτῆρος
628 1745 896 1816 Χριστοῦ·
932 1747 1272 1818 (Ἄπεστάλη
1306 1746 1538 1818 κηρύξαι
1568 1749 1728 1820 αἰχμ-

1836 570 1922 617 est
1952 562 2124 618 Filius
2148 564 2405 634 hominis,
2436 575 2488 621 et
2519 567 2773 623 similiter
2799 578 2856 624 ut
2881 585 2980 627 nos
3005 575 3278 646 particeps
3306 577 3407 632 fuit

1836 654 2117 724 sanguinis
2145 664 2199 711 et
2244 658 2428 712 carnis
2450 657 2520 712 ³⁷.
2570 658 2663 714 Sic
2696 658 3040 728 habentibus,
3075 672 3131 720 et
3174 676 3283 722 tam
3316 682 3406 722 vc-

1836 745 2172 812 ncrandam,
2223 746 2676 820 verissimamque
2725 750 2884 807 fidem
2929 753 3406 825 amplexantibns,

1834 834 2018 889 omnia
2050 835 2308 909 deinceps
2336 842 2672 909 apparebunt
2705 846 2888 913 pervia
2935 854 2991 901 et
3019 846 3200 917 plana,
3233 859 3287 904 et
3323 851 3406 904 ni-

1836 923 1911 979 llil
1943 939 2166 996 prorsus
2207 942 2458 999 asperum
2481 938 2538 984 et
2566 933 2815 989 arduum.
2842 932 3115 1004 Scriptum
3143 947 3225 994 est
3258 940 3405 996 enim

1834 1016 1977 1084 quod
2006 1019 2187 1075 omnia
2215 1022 2495 1091 perspicua
2535 1032 2661 1077 sunt
2696 1023 3143 1096 intelligentibus,
3179 1039 3236 1085 et
3258 1040 3407 1086 recta

1834 1103 2236 1166 inveneintibus
2298 1112 2581 1169 scientiam
2610 1114 2676 1169 ²⁸ι
2730 1115 2936 1186 Opinor
2983 1128 3165 1177 autem
3227 1137 3408 1192 operte

1834 1199 2064 1266 pretium
2125 1201 2264 1269 fore,
2310 1203 2355 1259 si
2398 1220 2543 1261 nunc
2572 1221 2787 1277 quoque
2818 1223 3038 1266 causam
3073 1227 3410 1281 exponamus

1831 1298 2051 1358 propter
2075 1307 2234 1361 quam
2264 1294 2439 1352 factus
2466 1306 2550 1351 est
2580 1298 3095 1357 anathematismus.
3122 1301 3405 1361 Nestorius

1833 1376 2003 1442 enim,
2035 1380 2127 1449 qui
2166 1383 2348 1437 omnia
2386 1365 2742 1454 perturbavit,
2774 1396 2829 1442 et
2866 1390 3047 1444 omnia
3084 1405 3285 1461 susque
3314 1393 3410 1449 de~

1832 1482 1939 1538 que
1986 1471 2248 1539 confudit,
2304 1475 2408 1529 tale
2452 1476 2705 1544 quiddam
2746 1477 2814 1533 de
2864 1480 3105 1535 omnium
3157 1493 3405 1539 nostrum

1833 1551 2114 1615 Salvatore
2156 1560 2374 1619 Christo
2417 1563 2675 1620 dicebat:
2718 1566 2938 1636 (Missus
2966 1579 3056 1633 est,
3093 1573 3161 1626 ad
3214 1575 3408 1641 prmdi-

1832 1646 2063 1702 randum
2113 1649 2347 1720 captivis
2402 1654 2776 1712 remissionem
2802 1658 2881 1725 ",
2934 1659 3022 1715 hic
3074 1661 3247 1719 fidelis
3297 1663 3408 1722 Deo

1832 1733 2005 1793 factus
2031 1741 2293 1809 pontifex.
2321 1737 2521 1801 Factus
2553 1753 2636 1802 est
2685 1748 2831 1803 cnim
2861 1748 2969 1818 hic,
3012 1766 3117 1807 non
3145 1762 3408 1824 perpetuo

166 1830 373 1896 αὶιὶιτοις
409 1832 625 1902 ἄφεσιν,
644 1830 796 1899 οὗτος
826 1838 857 1915 ό
889 1837 1079 1899 πιστὸς
1106 1836 1184 1907 τῷ
1217 1835 1336 1907 Θεῴ
1366 1838 1729 1908 πεποιημένος

1833 1837 1950 1882 erat
1981 1846 1997 1884 :
2026 1831 2113 1886 hic
2135 1833 2395 1901 paulatim
2434 1837 2500 1891 ad
2530 1839 2805 1907 pontificis
2852 1841 3175 1912 dignitatem
3210 1861 3404 1915 prove-

166 1898 471 1993 ἀρχιερεύςξ
504 1898 756 1993 Ἐγένετο
784 1898 892 1998 γάρ
921 1898 1095 1993 οὗτος,
1125 1898 1226 1981 ούκ
1246 1898 1432 1991 ἀῖδίως
1452 1898 1727 1999 ἦν’-οὗτος

166 2016 197 2066 6
243 2014 375 2068 κατά
414 2017 614 2088 μικρὸν
639 2020 718 2083 είς
763 2019 1096 2090 ἀρχιερέως,
1144 2019 1410 2091 αἱρετικὲ,
1445 2020 1727 2091 προκόψας

170 2106 412 2178 ἀξίωμα.)
446 2109 652 2179 Ἕτερα
673 2119 700 2160 q
728 2110 784 2164 δὲ
829 2110 1040 2173 τούτοις
1066 2109 1302 2181 ἀδελφὴν
1331 2110 1591 2164 ὠδίνοντα
1627 2111 1727 2181 τὴν

166 2195 404 2250 ἀσέϐειαν
433 2198 775 2265 προσεπάγει
807 2198 997 2254 πολλά.
1028 2200 1123 2263 Τίς
1167 2195 1259 2255 οὖν
1282 2200 1391 2272 ἄρα
1419 2200 1526 2253 τῶν
1555 2196 1728 2264 οὕτως

166 2286 389 2359 αἰσχρῶν
423 2288 735 2353 ἐπακούσας
764 2289 961 2359 λόγων,
1008 2291 1070 2344 ού
1128 2291 1306 2345 πάντα
1336 2292 1401 2346 ἂν
1428 2292 1601 2345 ἕλοιτο
1632 2309 1728 2344 πα-

169 2378 287 2445 θεῖν,
316 2380 345 2449 ῆ
381 2380 473 2451 τὴν
518 2378 600 2452 τῷ
630 2380 750 2453 Θεῷ
782 2383 1266 2456 κατεστυγημένην
1316 2384 1602 2455 ἀγαπῆσαι
1642 2402 1727 2438 σι-

169 2472 291 2544 γὴν;
327 2473 622 2528 ’Δπέθανεν
680 2475 821 2547 ὑπὲρ
867 2475 1023 2547 ἡμῶν
1065 2477 1094 2529 6
1140 2477 1412 2547 Χριστὸς,
1464 2478 1727 2549 αἰσχύνης

169 2567 605 2636 καταφρονήσας·
658 2567 889 2639 σταυρὸν
944 2567 1242 2638 ὑπέμεινε,
1291 2568 1384 2622 καὶ
1439 2567 1532 2623 τὸν
1584 2571 1727 2624 κατά

172 2656 332 2727 σάρκα
362 2657 615 2713 θάνατον.
645 2656 781 2713 Εἶτα
809 2660 969 2729 ἡμεῖς
998 2659 1118 2713 οὐδὲ
1144 2660 1267 2723 ταῖς
1294 2659 1377 2722 εἰς
1405 2658 1598 2727 λόγους
1636 2660 1726 2714 εύ-

168 2744 323 2809 νοίαις
350 2746 697 2817 ἀμειψόμεθα
740 2748 833 2802 τὸν
858 2748 1190 2820 εύεργέτην;
1238 2748 1351 2803 ἀλλ’
1388 2750 1565 2820 ἡσυχῆ
1601 2750 1729 2804 καθ-

171 2838 548 2909 εδούμεθα,τῶν
569 2838 744 2904 οὕτως
760 2840 1006 2894 ἐκτόπων
1025 2839 1347 2912 δυσφημιῶν
1363 2840 1724 2912 ἀκροώμενοι,

169 2930 199 2998 ἢ
224 2930 351 3000 τάχα
378 2948 477 2984 που
498 2931 599 2986 καὶ
624 2930 973 3003 μεριζόμενοι
992 2932 1090 3003 τῆς
1113 2933 1235 2986 κατ’
1258 2930 1420 2987 αὐτοῦ
1444 2932 1725 3002 γλωσσαλ-

170 3018 282 3087 γίας
299 3021 363 3074 τά
382 3021 704 3092 ἐγκλήματα
722 3038 738 3089 ;
769 3021 834 3074 Τί
858 3020 982 3091 φὴς,
1008 3015 1053 3074 ὦ
1072 3012 1258 3086 οὗτος
1285 3020 1627 3093 Προέκοπτεν
1648 3024 1727 3085 είς

171 3108 409 3180 ἀρχιερέα
461 3109 822 3181 καταδραχύ;
874 3109 985 3163 Καί
1046 3126 1129 3163 τοι
1173 3110 1479 3164 κεκένωκεν
1535 3111 1725 3165 ἑαυτὸν

171 3158 408 3260 923;"le
419 3158 1129 3279 δ’ᾇζέῖοἷῖέέσίσε“ἑέιλᾷζ›’
1143 3158 1376 3271 ,ᾦξξῆκῖ
1380 3200 1409 3253 6
1440 3199 1727 3270 ἐλεύθερος
1754 3158 1796 3217 C

172 3290 296 3343 κατά
320 3290 472 3359 φύσιν
491 3309 504 3323 ·
527 3290 933 3345 τεταπείνωκεν
960 3290 1149 3344 ἑαυτὸν
1183 3292 1212 3344 6
1237 3290 1437 3354 παντὸς
1469 3290 1729 3345 ἐπέκεινα

172 3381 433 3453 γεννητοῦ,
459 3385 555 3437 καὶ
588 3384 702 3447 τοῖς
723 3383 822 3454 τῆς
847 3380 1102 3453 θεότητος
1128 3381 1382 3453 ὲπαυχῶν
1412 3381 1724 3454 ὑψώμασιν.

173 3472 228 3524 Εἰ
254 3471 306 3526 δὲ
336 3473 624 3545 προέκοψε,
653 3472 796 3527 κατά
821 3472 942 3527 τίνα
965 3472 1263 3527 κεκένωται
1286 3473 1487 3544 τρόπον
1510 3490 1524 3538 ;
1548 3472 1581 3544 ἦ
1613 3473 1728 3537 πῶς

174 3565 345 3619 ἑαυτὸν
395 3566 637 3637 καθῆκεν
689 3566 769 3627 εἰς
828 3565 1188 3631 ταπείνωσιν;
1242 3565 1419 3636 Τιμῆς
1467 3564 1579 3638 ἄρα
1632 3565 1729 3619 καὶ

173 3654 312 3726 δόξης
335 3656 478 3727 αὐτῷ
503 3659 922 3728 προμνήστριαν
952 3654 1211 3722 γενέσθαι
1242 3655 1378 3726 φαίη
1406 3672 1493 3719 τις
1527 3655 1593 3709 ἂν
1626 3656 1727 3726 τὴν

173 3744 409 3812 ximam;
441 3741 581 3802 Εἶτα
611 3747 727 3811 πῶς
761 3746 841 3800 ἔτι
892 3745 1123 3810 κένωσις
1161 3746 1462 3820 πρόχρημά
1488 3756 1509 3783 ι’
1543 3746 1727 3810 ὲστιν;

185 3834 348 3901 vim,
392 3838 499 3904 ναὶ,
557 3835 753 3909 φησὶν,
801 3837 849 3890 εί
901 3836 1066 3900 αὐτὸς
1117 3838 1147 3889 6
1203 3838 1268 3890 ὲκ
1319 3836 1454 3890 Θεοῦ
1513 3836 1728 3907 Πατρός

173 3926 327 3993 Λόγος
354 3929 574 3997 γέγονεν
624 3926 916 4000 ἀρχιερεὺς
938 3966 953 3992 ,
1002 3924 1085 3989 τίς
1129 3925 1241 3998 ἄρα
1289 3925 1438 3980 ἐστὶν
1467 3927 1495 3979 6
1524 3925 1730 3995 μείζων

172 4015 351 4083 αὑτοῦ,
391 4019 484 4072 καὶ
526 4019 630 4090 τῆς
689 4017 998 4090 ἱερουργίας
1045 4015 1364 4090 λειτουργίᾳ
1428 4015 1730 4088 θεραπευό-

177 4124 343 4176 μενος
395 4110 606 4163 Οὐκοῦν
656 4108 769 4181 ἐρῶ
820 4109 883 4180 δή
941 4125 995 4161 τι
1045 4107 1239 4163 πάλιν
1294 4108 1592 4162 Πίστευσον
1648 4108 1731 4161 ὃτι

176 4199 334 4252 καίτοι
378 4200 507 4264 Θεὸς
573 4201 719 4255 κατὰ
770 4199 931 4270 φύσιν
976 4200 1269 4271 ὑπάρχων,
1312 4201 1405 4254 καὶ
1447 4200 1505 4253 ὲν
1544 4200 1730 4270 μορφῇ

171 4289 257 4342 τοῦ
304 4292 505 4362 [ἰατρὸς
550 4293 581 4345 6
634 4290 798 4357 Υἱὸς,
848 4293 945 4363 οὐχ
1010 4291 1304 4364 ἁρπαγμὸν
1361 4292 1608 4362 ἡγήσατο
1670 4290 1732 4342 τὸ

173 4376 297 4434 εἶναι
366 4383 452 4435 ἶσα
508 4382 630 4453 Θεῷ
661 4423 677 4445 .
740 4382 855 4436 ἀλλ’
913 4383 1105 4437 ἑαυτὸν
1164 4381 1401 4435 ὲκένωσε
1427 4420 1442 4447 ,
1517 4380 1732 4452 μορφὴν

1831 1928 1970 1987 ctus,
2002 1923 2301 1998 haeretica.)
2348 1928 2624 1999 Multaque
2663 1932 2767 1985 alia
2817 1933 2902 1988 his
2941 1935 3278 1991 consimilem
3319 1952 3406 2007 pa-

1831 2013 2022 2069 ricntia
2084 2015 2414 2088 impietatem
2469 2021 2734 2092 adiungit.
2788 2023 2920 2091 Quis
2968 2025 3155 2096 igitur,
3204 2030 3409 2086 auditis

1832 2111 1939 2156 tam
1988 2104 2146 2163 ftcdis
2191 2109 2555 2173 sermonibus,
2614 2112 2779 2182 188
2820 2128 2925 2168 non
2984 2114 3169 2170 mallet
3223 2118 3406 2173 omnia

1831 2194 1963 2262 pati,
2009 2210 2169 2265 quam
2230 2197 2498 2255 silentium
2535 2200 2648 2257 Deo
2688 2218 2913 2258 exosum
2961 2205 3222 2276 diligere?
3264 2207 3405 2262 Mor—

1832 2290 1954 2336 tuus
1985 2291 2067 2338 est
2096 2299 2194 2355 pro
2228 2288 2383 2343 nobis
2426 2289 2697 2356 Christus,
2734 2293 3106 2349 confusionem
3158 2308 3406 2353 contem-

1831 2372 1936 2442 psit
1955 2372 2021 2440 ”,
2042 2391 2258 2432 crucem
2281 2390 2335 2433 et
2355 2390 2583 2437 mortem
2618 2383 2739 2437 tulit
2762 2386 3058 2441 secundum
3082 2403 3325 2457 carnem,
3348 2400 3406 2446 et

1830 2478 1929 2519 nos
1962 2464 2293 2523 benefactori
2323 2479 2509 2525 nostro
2536 2486 2602 2526 ne
2630 2473 2898 2529 sermonis
2926 2475 3141 2544 quidem
3168 2478 3403 2537 ollicium

1828 2565 1984 2624 grato
2034 2561 2216 2611 animo
2276 2560 2653 2629 rcpendemus,
2708 2562 2803 2618 sed
2854 2564 3026 2636 quieti
3073 2568 3406 2637 sedebimus,

1831 2653 1938 2700 tam
1981 2647 2245 2704 absurdas
2289 2651 2572 2707 audientes
2622 2651 3009 2723 blasphemias,
3041 2658 3123 2712 vel
3152 2657 3405 2718 fortassis

1829 2736 1995 2791 etiam
2029 2739 2275 2794 criminis
2308 2741 2545 2797 incitans
2576 2743 2838 2800 adversus
2880 2759 3003 2800 eum
3047 2748 3243 2819 linguae
3282 2767 3409 2821 par-

1834 2826 2025 2894 ticipes
2060 2829 2305 2900 erimus]
2350 2822 2494 2885 lleus
2552 2839 2632 2897 tu,
2681 2832 2811 2901 quid
2853 2833 3025 2891 dicis?
3064 2835 3301 2894 Profecit
3350 2841 3407 2896 in

1829 2930 2099 2972 summum
2152 2920 2487 2975 sacerdotem
2543 2920 2843 2991 paulatim?
2890 2926 3053 2995 Atqui
3104 2929 3407 2984 exinanivit

1828 3009 2064 3078 seipsum
2100 2999 2359 3076 Verbum,
2406 3028 2526 3067 cum
2577 3014 2721 3069 Deus
2756 3016 2961 3071 esset“
2994 3035 3010 3072 :
3062 3029 3113 3072 et
3144 3021 3237 3090 qui
3288 3029 3410 3079 erat

1832 3099 1965 3154 liber
1999 3103 2295 3157 secundum
2328 3114 2574 3159 naturam
2607 3107 2820 3177 accepit
2860 3110 3003 3163 servi
3050 3108 3276 3165 formam
3305 3130 3318 3165 :
3352 3122 3409 3167 et

1832 3193 1922 3263 qui
1958 3193 2098 3249 ultra
2126 3210 2341 3251 onmem
2371 3203 2679 3253 creaturam
2710 3207 2815 3266 est,
2848 3209 2903 3256 et
2939 3202 3242 3260 divinitatis
3270 3205 3408 3259 emi-

1830 3293 1921 3337 net
1957 3282 2147 3354 gloria,
2186 3286 2492 3342 humiliavit
2538 3287 2801 3360 seipsum.
2845 3288 2902 3344 Si
2932 3299 3111 3346 autem
3146 3294 3403 3363 profecit,

1828 3390 2062 3445 quonam
2095 3377 2252 3431 modo
2280 3379 2589 3436 cxinanitus
2624 3388 2731 3447 est,
2763 3380 2845 3437 vel
2889 3397 2994 3452 quo
3034 3393 3193 3454 pacto
3224 3401 3282 3441 se
3311 3386 3409 3441 de-

1830 3466 1979 3520 misit
2011 3468 2076 3522 ad
2116 3468 2585 3525 lmmiliationem?
2631 3470 2868 3528 llonoris
2919 3473 3082 3542 igitur
3125 3484 3180 3531 et
3222 3478 3408 3548 gloria

1828 3559 1930 3628 ipsi
1955 3560 2379 3617 conciliatricem
2409 3561 2575 3620 fuisse
2599 3566 2798 3622 dixerit
2822 3567 3019 3638 aliquis
3045 3568 3187 3624 hanc
3212 3571 3406 3625 exina-

1830 3652 2128 3706 nitionem?
2160 3652 2359 3708 Deinde
2398 3668 2556 3724 quem
2590 3656 2767 3714 locum
2810 3660 3032 3715 habebit
3065 3662 3406 3719 exinanitiol

1828 3743 1899 3795 At
1938 3742 2104 3807 enim,
2148 3743 2343 3812 inquit,
2392 3744 2437 3799 si
2474 3746 2652 3816 ipsum
2700 3747 2794 3804 Dei
2843 3748 3022 3805 Patris
3052 3748 3287 3807 Verbum
3323 3752 3407 3806 fa-

1833 3842 1979 3887 ctum
2006 3842 2089 3888 est
2120 3832 2389 3903 pontifex,
2423 3835 2567 3906 quis,
2602 3852 2720 3903 oro,
2755 3839 2928 3907 major
2958 3850 3039 3895 est
3070 3842 3179 3904 illo,
3229 3851 3287 3897 et
3319 3845 3406 3898 cui

1831 3923 2151 3978 sacerdotali
2215 3924 2520 3983 ministerio
2588 3929 2804 3984 servit?
2859 3929 3030 4000 Igitur
3084 3932 3261 3987 dicam
3306 3935 3407 3989 itc-

1833 4030 1949 4069 rum
2006 4032 2019 4068 :
2074 4014 2245 4071 Crede
2313 4018 2497 4088 quod,
2569 4021 2819 4089 quamvis
2894 4021 3038 4078 Deus
3109 4026 3407 4079 secundum

1833 4115 2078 4162 naturam
2156 4117 2301 4164 esset
2394 4118 2450 4165 et
2536 4110 2585 4165 in
2685 4112 2859 4168 forma
2934 4112 3115 4169 Patris
3192 4114 3407 4183 Filius,

1834 4211 1937 4252 non
1972 4199 2215 4267 rapinam
2261 4200 2559 4257 arbitratus
2581 4210 2667 4257 est
2709 4217 2829 4259 esse
2858 4219 2916 4259 se
2949 4206 3210 4275 asqualem
3254 4207 3406 4272 Deo;

1833 4290 1926 4343 sed
1955 4292 2191 4360 seipsum
2239 4292 2561 4360 exinanivit,
2604 4293 2833 4349 formam
2883 4297 3024 4351 servi
3089 4312 3402 4353 assumens.

1834 4372 1890 4435 Si
1916 4391 2092 4434 autem
2130 4380 2303 4437 factus
2322 4391 2406 4438 est
2438 4383 2619 4450 homo,
2658 4385 2952 4455 assumpsit
2981 4394 3164 4442 autem
3190 4388 3406 4442 etservi

173 4469 339 4549 δούλου
384 4470 585 4527 λαϐὼν.
639 4473 702 4525 Εἰ
740 4472 796 4525 δὲ
830 4473 1052 4541 γέγονεν
1094 4472 1415 4543 ἄνθρωπος,
1469 4470 1629 4524 έλαόε
1673 4468 1730 4523 δὲ

1839 4471 2108 4535 formam;
2146 4471 2417 4541 quomodo
2448 4473 2693 4528 censebit
2725 4488 2975 4543 parvum,
3024 4484 3080 4531 et
3127 4477 3411 4547 dispensa-

174 4540 259 4612 καὶ
285 4559 466 4615 δούλου
510 4563 751 4634 μορφὴν,
792 4540 917 4628 πῶς
937 4540 1209 4635 ἡγήσεται
1250 4561 1465 4634 μικρὸν,
1490 4561 1587 4616 καὶ
1614 4563 1730 4623 τοῖς

177 4652 263 4723 τῆς
302 4654 609 4725 οἰκονομίας
646 4654 825 4725 λόγοις
870 4656 1233 4727 ἀνάρμοστον,
1280 4655 1343 4709 τὸ
1388 4654 1730 4727 χρηματίσαι

178 4742 262 4796 καὶ
292 4743 581 4809 ἀπόστολος
614 4746 709 4798 καὶ
740 4747 1061 4817 ἀρχιερεύς;
1094 4747 1203 4799 Kal.
1242 4745 1272 4798 6
1303 4744 1403 4815 τῆς
1432 4743 1554 4797 καθ’
1584 4744 1733 4815 ἡμᾶς

178 4834 571 4908 ἀνθρωπότητος
590 4836 652 4891 τὺ
688 4836 884 4910 μέτρον
912 4839 1011 4890 ούκ
1040 4837 1334 4908 ἀτιμάσας,
1358 4836 1475 4901 πῶς
1500 4838 1566 4891 ἂν
1597 4829 1733 4890 ἀπό-

178 4922 333 4991 ϐλητα
363 4928 584 4996 ποιήσαι
627 4936 649 4965 ι
691 4926 760 4980 τά
800 4924 1149 4996 ἀνθρώπινα;
1200 4926 1310 4981 Καὶ
1354 4921 1424 4998 ἦν
1468 4925 1568 4997 μὲν
1601 4926 1732 5008 ἴσως

175 5016 388 5084 χαλεπὸν
418 5017 573 5073 οὐδὲν
624 5018 721 5073 καὶ
764 5017 853 5071 διὰ
898 5017 1160 5073 πλειόνων
1204 5017 1284 5072 ἔτι
1317 5016 1492 5087 λόγων
1533 5017 1730 5081 ἐλθεῖν,

176 5110 259 5161 καὶ
291 5111 629 5182 μακροτέραν
660 5113 741 5174 εἰς
771 5109 929 5164 τοῦτο
959 5111 1274 5164 κατατεῖναι
1301 5109 1400 5181 τὴν
1433 5110 1727 5181 ἀφήγησιν.

176 5199 356 5264 Mallet;
398 5202 455 5257 δὲ
482 5201 644 5257 τοῦτο
679 5201 816 5273 πρὸς
847 5200 909 5255 τὸ
958 5201 1152 5273 παρὸν,
1201 5202 1327 5265 τοὺς
1372 5200 1501 5272 παρ’
1548 5200 1729 5254 αὐτῶν

177 5292 446 5359 γεγονότας
497 5292 747 5365 παροίσω
801 5292 1013 5361 λόγους.
1067 5293 1380 5365 Γεγράφασι
1426 5291 1537 5363 γάρ
1589 5290 1722 5345 ὡδίο

239 5469 280 5501 ιτ
309 5470 467 5531 llebr.
505 5490 546 5542 ι,
582 5477 669 5532 ιι.

1837 4559 2001 4614 tionis
2064 4560 2361 4615 rationibus
2411 4560 2814 4630 incongruum,
2872 4565 3132 4633 appellari
3185 4575 3241 4621 et
3286 4582 3411 4623 esse

1838 4649 2139 4720 apostolum
2170 4658 2223 4704 et
2249 4647 2557 4720 pontiﬁcem
2581 4652 2604 4705 ζ’
2629 4664 2685 4707 et
2714 4653 2807 4723 qui
2850 4669 3159 4709 mensuram
3210 4657 3407 4711 huma-

1842 4741 2029 4795 nitatis
2060 4750 2259 4795 nostrae
2282 4755 2388 4795 non
2428 4742 2749 4810 dedignatus
2777 4754 2899 4821 est,_
2926 4748 3197 4813 quomodo
3230 4761 3400 4816 repu-

1841 4826 2039 4887 dianda
2094 4832 2321 4888 duceret
2364 4833 2645 4888 humana?
2704 4829 2953 4891 Forsitan
2998 4837 3137 4892 haud
3192 4836 3409 4893 difﬁcile

1840 4923 1983 4980 foret
2015 4924 2066 4980 id
2092 4922 2335 4994 pluribus
2369 4934 2611 4981 tractare
2641 4928 3008 4993 sermonibus,
3065 4937 3118 4983 et
3146 4928 3410 4997 prolixio-

1841 5031 1952 5071 rem
1979 5016 2045 5070 ad
2062 5015 2165 5072 hoc
2192 5017 2559 5072 narrationem
2580 5018 2915 5088 protrahere.
2936 5019 3062 5086 Sed,
3083 5020 3168 5074 his
3187 5020 3253 5074 ad
3284 5036 3415 5088 prte-

1839 5118 1965 5161 sens
1991 5107 2396 5176 praetermissis,
2430 5107 2672 5178 ipsorum
2696 5107 2918 5163 alleram
2937 5124 3239 5167 sermones.
3268 5112 3413 5166 Scri-

1839 5207 2064 5268 pserunt
2090 5199 2235 5253 enim
2268 5198 2347 5254 sic
2381 5214 2394 5251 :
2429 5196 2633 5254 Verum
2660 5214 2728 5255 ne
2763 5200 3009 5255 turbetur
3037 5212 3214 5257 vestra
3246 5217 3399 5257 mens

1838 5291 2061 5345 audiens
2088 5290 2156 5346 de
2194 5304 2280 5356 eo,
2317 5292 2419 5361 qui
2452 5305 2650 5362 passus
2696 5299 2780 5347 est
2813 5308 2827 5348 :
2869 5311 2889 5345 ι
2923 5291 2990 5348 Ει
3034 5296 3249 5365 quidem
3285 5309 3407 5350 cum

745 5477 791 5509 ’⁸
820 5478 976 5535 Prov.
1007 5490 1120 5537 vm,
1152 5473 1204 5527 9.
1296 5472 1338 5502 ’³
1373 5474 1469 5531 lsa.
1504 5473 1592 5538 6l,
1632 5474 1681 5538 l;

1833 5487 1873 5527 ε.
1907 5485 1980 5541 tv,
2012 5475 2095 5529 19.
2167 5475 2211 5506 ³θ
2236 5474 2398 5531 llebr.
2431 5488 2529 5536 xn,
2558 5474 2611 5529 2.
2690 5475 2729 5509 ⁸⁸
2762 5474 2993 5546 Philipp.
3034 5491 3092 5541 ιι,
3116 5475 3177 5529 7.

1247 5630 1415 5686 Varia:
1456 5630 1711 5685 lectiones
1738 5644 1804 5684 ex
1836 5629 2019 5685 codice
2046 5630 2414 5698 Seguicriano.

246 5772 272 5812 Ρ
300 5770 728 5842 διατεθειμένοις.
805 5787 833 5828 ει
868 5777 960 5830 καὶ
992 5776 1174 5847 ἔτερα.
1255 5784 1276 5813 τ
1306 5774 1366 5828 τὸ
1390 5773 1598 5845 χρῆμα.

1679 5785 1699 5812 ³
1740 5774 2043 5847 ποιήσαιτε.
