3912 6462
517 366 620 422 367

1502 349 1564 406 S.
1606 346 1891 404 CYBILLI
1930 342 2404 402 ALEXANDRINI
2444 346 2767 406 ARClllEP.

3670 354 3799 410 363

517 492 662 539 esset
689 480 915 535 Filius.)
946 475 1063 533 Non
1088 476 1233 532 enim
1259 475 1394 532 duos
1417 476 1554 532 ﬁlios
1573 477 1825 543 dicimus;
1859 491 1981 532 eum
2006 474 2098 545 qui

2220 475 2375 529 Ἀλλά
2417 476 2492 549 μὴ
2539 476 2893 547 ταραττέσθω
2946 477 3099 548 ὑμῶν
3150 478 3182 549 ἡ
3232 477 3462 539 διάνοια,
3515 479 3796 548 περὶτοῦ

520 590 707 645 passus
738 581 841 638 est,
877 580 930 625 et
967 585 1091 625 eum
1138 569 1229 638 qui
1256 569 1461 624 mansit
1492 570 1870 639 impassibilis.
1908 569 2099 638 Neque

518 666 661 718 enim
694 680 721 716 a
753 663 957 716 deitate
988 661 1217 714 seorsim
1251 667 1657 728 scquestratum
1712 659 1767 715 id
1818 659 1963 730 quod
2014 665 2098 713 est

519 772 585 810 cx
620 755 829 809 semine
883 751 1050 807 David
1088 749 1260 805 Filius
1306 750 1619 805 nominatus
1664 759 1777 815 est,
1816 759 1874 805 ut
1922 762 2098 818 neque

520 848 703 901 deitas
718 854 841 915 post
877 844 1180 898 unitionem
1208 843 1326 899 sine
1357 842 1561 897 visibili.
1583 857 1747 897 cerne
1777 841 1965 898 Filius
1989 856 2087 910 ap-

520 926 840 1007 pellataJﬁt
869 934 1063 988 iterum
1092 950 1105 986 :
1143 931 1295 988 Unde
1333 947 1498 985 unum
1532 939 1587 986 et
1621 932 1868 987 eumdem
1902 930 2096 985 Filium

520 1028 844 1083 conﬁtemur
864 1024 1162 1080 inconfusis
1187 1026 1394 1079 naturis
1412 1023 1779 1089 manentibus,
1810 1039 1915 1078 non
1934 1022 2097 1077 alium

518 1128 575 1173 et
602 1120 764 1173 alium
793 1118 1055 1180 dicentes;
1081 1116 1255 1171 absit!
1287 1115 1385 1171 sed
1410 1130 1577 1169 unum
1609 1124 1660 1169 et
1686 1116 1937 1169 eumdem
1965 1129 2099 1183 pon-

522 1211 766 1275 tincem;
843 1222 974 1279 ergo
996 1214 1049 1264 et
1084 1208 1387 1277 apostolum
1442 1215 1689 1261 nostrum
1740 1206 1940 1260 factum
1979 1218 2101 1260 esse

432 1356 435 1357 ,
525 1301 686 1371 189
702 1299 987 1356 Dominum
1012 1308 1253 1353 nostrum
1271 1296 1454 1352 Jesum
1478 1297 1776 1360 Christum,
1803 1294 2099 1351 secundum

521 1395 734 1446 divinas
768 1390 1109 1461 Scripturas,
1150 1389 1331 1444 nullus
1382 1404 1489 1443 non
1542 1389 1939 1453 conﬁtebitur;
1994 1402 2100 1441 non

524 1493 702 1537 tamen
725 1488 1037 1549 separatum
1062 1480 1292 1535 seorsim
1325 1481 1599 1535 hominem
1616 1496 1681 1534 ex
1708 1479 1933 1533 muliere
1959 1493 1988 1531 a
2007 1477 2101 1532 Dei

522 1574 703 1629 Patris
733 1571 929 1627 Verbo.
973 1570 1159 1641 itaque
1213 1571 1257 1625 si
1289 1587 1454 1625 unum
1482 1572 1671 1627 dicunt
1695 1570 1914 1635 Filium,
1957 1568 2103 1625 nullo

526 1664 689 1720 modo
713 1666 1009 1733 partientes
1039 1663 1103 1717 inv
1126 1663 1265 1718 duos
1300 1680 1313 1716 :
1350 1679 1519 1718 unum
1549 1678 1617 1718 ex
1669 1664 1880 1718 semine
1908 1659 2101 1726 David,

521 1766 577 1811 et
609 1756 773 1810 alium
807 1770 873 1810 ex
898 1753 1015 1809 Deo
1038 1753 1199 1809 Patre
1224 1753 1487 1823 Verbum;
1524 1756 1802 1826 quomodo
1849 1769 1960 1809 non
2013 1755 2103 1808 lae-

521 1850 659 1905 dunt
680 1853 1115 1911 sacramentum,
1132 1847 1429 1915 partientes
1444 1848 1900 1919 dispensationem
1916 1847 2026 1902 Deo
2048 1855 2103 1900 et

520 1942 726 1997 homini
741 1948 816 2005 et;
850 1954 955 1996 non
986 1939 1166 2009 potius
1190 1954 1354 1993 unum
1378 1949 1434 1994 et
1461 1941 1708 1994 eumdem
1742 1942 1907 1995 Deum
1927 1951 1982 1994 et
2004 1941 2103 1995 ho-

521 2033 721 2088 minem
741 2029 1078 2096 essedicunt,
1095 2030 1467 2085 utsintomnia
1491 2030 1629 2099 ejus,
1648 2038 1836 2100 etquaa
1848 2030 2026 2086 divina
2049 2039 2102 2087 ct

520 2137 641 2193 qua
666 2120 938 2175 humana?
962 2119 1095 2176 Nam
1127 2120 1587 2190 quando-aliquid,
1611 2122 1753 2192 quod
1779 2122 1948 2177 Deum
1981 2137 2101 2176 ma-

520 2217 665 2271 xime
692 2217 878 2278 decet,
902 2213 971 2269 de
998 2212 1115 2284 ipso
1146 2213 1363 2275 dicitur,
1393 2213 1495 2268 hoc
1520 2224 1668 2269 certe
1698 2213 2012 2268 omnimodo
2045 2219 2101 2268 et

520 2317 709 2359 verum
733 2318 853 2357 esse
875 2302 1126 2364 dicimus.
1156 2303 1321 2356 Deum
1346 2302 1488 2356 cnim
1519 2302 1695 2371 ipsum
1734 2317 1851 2357 csse
1875 2302 2097 2357 scimus.

522 2395 661 2451 Etsi
701 2395 938 2449 humane
966 2393 1243 2463 quidpiam
1298 2392 1502 2446 dictum
1554 2391 1741 2459 fuerit,
1791 2393 1954 2447 etiam
1997 2392 2103 2447 hoc

522 2486 893 2542 admittemus.
943 2482 1280 2539 Conﬁtemur
1330 2484 1474 2538 enim
1528 2484 1673 2552 quod
1720 2482 1865 2540 Deus
1920 2491 2003 2538 est
2046 2484 2100 2537 in

522 2593 691 2637 carne
730 2586 786 2631 et
817 2576 1102 2641 sanguine,
1157 2583 1213 2631 et
1243 2576 1605 2631 humanitatis
1644 2590 1955 2632 mensutam
2003 2591 2101 2645 per

520 2669 759 2726 humana
794 2666 1162 2737 agnoscimus.
1217 2665 1382 2721 Millia
1429 2666 1574 2722 enim
1608 2666 1839 2721 millium
1890 2678 2102 2721 sanctu-

520 2774 644 2816 rum
696 2758 1011 2826 angelorum
1066 2757 1381 2813 ministrant
1440 2757 1536 2825 ei;
1599 2765 1656 2813 et
1694 2757 1940 2812 divinum
1984 2758 2102 2827 ejus

522 2852 779 2908 thronum
857 2850 1220 2905 circumstant
1265 2847 1576 2919 Scrapltim.
1639 2848 1868 2917 Quando
1916 2859 2097 2905 autem

520 2946 700 3000 factus
732 2951 816 2997 est
842 2941 1023 3005 homo,
1052 2948 1283 2995 vocatus
1326 2949 1411 2994 est
1434 2940 1597 2994 etiam
1643 2937 1930 3009 pontifex;
1991 2954 2098 2993 non

520 3034 685 3108 quod
706 3042 962 3101 tanquam
996 3030 1186 3101 majori
1218 3029 1330 3085 Deo
1362 3029 1584 3084 oil‘erret
1611 3031 1966 3094 sacriilcium,
1999 3031 2095 3085 sed

2198 566 2462 630 παθόντος
2515 567 2791 622 ἀκούουσα
2826 572 2843 606 ⁸
2866 612 2879 634 ,
2920 588 2939 619 ‹
2970 568 3191 639 Καίπερ
3216 568 3293 621 ὢν
3322 568 3473 630 Υἱός.
3516 586 3533 619 ι
3569 566 3644 621 ω
3671 570 3799 639 γὰρ

2193 658 2291 712 δύο
2330 657 2481 721 υἱούς
2514 675 2717 729 φαμεν,
2752 660 2845 713 τόν
2892 676 2951 712 τε
2985 660 3246 724 παθόντα,
3298 660 3395 713 καὶ
3444 659 3539 711 τὸν
3593 660 3796 729 ἀπαθῆ

2200 750 2481 821 μείναντα.
2516 749 2591 802 Οὐ
2622 749 2732 821 γὰρ
2761 750 3187 822 κεχωρισμένως
3218 752 3313 804 καὶ
3339 748 3657 813 ἰδιαζόντως
3680 749 3801 820 τῆς

2199 842 2452 914 θεότητος
2476 843 2534 897 τὸ
2562 847 2627 899 ὲκ
2654 844 2969 916 σπέρματος
2996 844 3159 899 Δαυῖδ
3186 844 3311 907 Υἱὸς
3335 844 3649 913 ὠνόμασται
3668 858 3680 872 ·
3706 841 3803 904 ὡς·

2198 935 2319 989 οὐδὲ
2347 938 2382 1007 ἡ
2415 935 2606 1007 θεότης
2638 937 2779 1007 μετὰ
2806 935 2903 1007 τὴν
2931 935 3125 989 ἕνωσιν
3154 935 3280 990 ἄνευ
3312 934 3415 1005 τῆς
3458 932 3801 1004 φαινομένης

2203 1026 2404 1098 σαρκὸς
2434 1027 2563 1091 Υἱὸς
2595 1027 3053 1099 προσηγόρευται.
3103 1026 3215 1080 Καὶ
3257 1026 3421 1079 πάλιν
3443 1041 3457 1055 ο
3497 1025 3656 1079 Ὅθεν
3687 1025 3805 1078 ἱνα

2201 1118 2295 1171 καὶ
2346 1118 2439 1172 τὸν
2488 1120 2649 1173 αὐτὸν
2684 1120 2813 1173 Υίδν
2859 1119 3251 1190 ὁμολογοῦμεν,
3306 1116 3634 1187 ἁσυγχύτων
3676 1116 3802 1169 τῶν

2202 1209 2417 1278 φύσεων
2452 1211 2747 1282 μενουσῶν,
2775 1212 2879 1266 οὐκ
2902 1211 3061 1267 ἄλλον
3089 1212 3183 1264 καὶ
3215 1210 3375 1264 ἄλλον
3405 1210 3676 1278 λέγοντες,
3709 1210 3799 1277 μὴ

2202 1301 2433 1371 γένοιτο,
2465 1301 2579 1356 ἀλλ’
2613 1303 2709 1356 ἕνα
2742 1303 2841 1357 καὶ
2864 1303 2957 1357 τὸν
2988 1304 3171 1357 αὐτόν.
3226 1301 3515 1374 ’Δρχιερέα
3548 1297 3643 1355 οὖν
3690 1301 3799 1353 καὶ

2203 1391 2503 1445 ἀπόστολον
2545 1393 2705 1463 ήμῶν
2752 1387 3081 1464 γεγενῆσθαι
3115 1394 3207 1447 τὸν
3235 1392 3637 1463 Κύριονιήμῶν
3686 1392 3801 1460 ’1η-

2205 1483 2339 1536 σοῦν-
2363 1483 2598 1552 Χριστὸν
2630 1484 2768 1537 κατὰ
2798 1485 2897 1549 τὰς
2925 1484 3076 1548 θείας
3106 1484 3352 1556 Γραφάς,
3388 1484 3568 1546 οὐδεὶς
3602 1482 3666 1535 ἂν
3688 1482 3797 1551 οὐχ

2203 1575 2609 1647 ὁμολογήσειεν,
2656 1576 2717 1628 οὐ
2752 1576 3339 1647 χωριζόμενοννμέντοι
3374 1574 3558 1639 ίᾶικῶς
3582 1574 3802 1646 ἄνθρω-

2205 1683 2305 1720 πον
2333 1667 2397 1719 ἐκ
2421 1664 2677 1734 γυναικὸς
2708 1665 2802 1718 τοῦ
2836 1666 2900 1719 ὲκ
2942 1664 3077 1718 Θεοῦ
3109 1664 3324 1738 Harpe”;
3350 1665 3547 1734 Λόγου.
3580 1664 3799 1719 Οὐκοῦν

2205 1757 2255 1809 εί
2290 1756 2387 1810 ἕνα
2421 1757 2585 1825 φασὶν
2620 1756 2767 1819 Υίὸν,
2812 1757 2933 1810 κατ’
2978 1756 3167 1810 οὐδένα
3206 1752 3407 1825 τρόπον
3451 1754 3801 1826 διαιροῦντες

2205 1851 2286 1913 εις
2301 1847 2415 1915 δύο,
2447 1848 2541 1901 τόν
2556 1865 2616 1901 τε
2646 1848 2710 1901 ὲκ
2741 1848 3054 1919 σπέρματος
3084 1846 3269 1911 Agrum,
3302 1847 3397 1900 καὶ
3422 1847 3517 1900 τὸν
3553 1849 3622 1900 ἐκ
3653 1846 3801 1901 Θεοῦ

2204 1939 2418 2011 [ἰατρὸς
2469 1941 2661 2008 Λόγον,
2725 1939 2843 2004 πῶς
2896 1940 2997 1993 οὐκ
3045 1939 3292 1994 ἀδικοῦσι
3344 1938 3406 1991 τὸ
3465 1940 3796 2010 μυστήριον,

2207 2033 2523 2103 μερίζοντες
2555 2032 2653 2102 τὴν
2692 2029 3005 2102 οἰκονομίαν
3055 2029 3175 2100 Θεῷ
3218 2030 3313 2084 καὶ
3352 2029 3647 2100 ἀνθρώπῳ,
3697 2032 3801 2083 καὶ

2202 2128 2323 2197 οὐχὶ
2351 2125 2415 2197 δὴ
2452 2124 2652 2196 μᾶλλον
2681 2124 2770 2178 τὸν
2796 2124 2914 2187 ἕνα,
2949 2122 3152 2177 καὶτὸν
3182 2121 3349 2176 αὑτὸν
3374 2122 3469 2175 καὶ
3488 2120 3625 2175 Θεὸν
3652 2117 3803 2175 εἶναί

2203 2232 2357 2286 φασι,
2392 2216 2486 2269 καὶ
2518 2214 2827 2285 ἄνθρωπον,
2869 2214 2945 2277 ὠς
2996 2208 3136 2267 εἶναι
3178 2212 3359 2266 πάντα
3412 2211 3599 2278 αὐτοῦ,
3634 2214 3706 2268 τά
3734 2228 3799 2265 τε

2204 2306 2505 2378 θεοπρεπῆ,
2538 2306 2633 2359 καὶ
2664 2307 2732 2360 τὰ
2758 2303 3107 2376 ἁνθρὼπινα;
3137 2304 3306 2357 Ὅταν
3338 2302 3449 2373 γάρ
3476 2319 3531 2355 τι
3562 2301 3671 2354 τῶν
3708 2303 3799 2355 ὅτι

2207 2400 2442 2471 μάλιστα
2474 2397 2964 2469 θεοπρεπεστάτων
2996 2395 3220 2465 λέγηται
3250 2395 3378 2464 περὶ
3413 2390 3601 2458 αὐτοῦ,
3633 2393 3803 2447 τοῦτο

2202 2488 2267 2562 δὴ
2296 2489 2515 2552 πάντως
2556 2487 2650 2541 καὶ
2686 2480 3051 2555 άληθέςνεῖναί
3083 2498 3288 2554 φαμενσ
3317 2481 3450 2536 Θεὸν
3488 2481 3599 2554 γάρ
3633 2482 3803 2553 ἴσμεν

2204 2579 2390 2635 αὐτόν.
2421 2578 2539 2631 Κᾶν
2566 2574 2909 2647 ἀνθρώπινόν
2933 2591 2985 2627 τι
3005 2572 3068 2627 τὸ
3096 2567 3507 2646 λαλούμενονῇ,
3536 2571 3632 2624 καὶ
3649 2571 3804 2625 οὕτω

2207 2670 2604 2740 συννεύσομεν·
2655 2665 3030 2738 ὁμολογοῦμεν
3074 2664 3185 2736 γὰρ
3229 2664 3321 2718 ὃτι·
3358 2664 3491 2727 Θεός
3534 2665 3684 2718 ἐστιν
3735 2666 3801 2717 ὲν

2205 2764 2372 2834 σαρκὶ
2411 2763 2505 2816 καὶ
2532 2760 2725 2831 αἵματι
2746 2776 2759 2789 ·
2794 2758 2890 2811 καὶ
2917 2758 2977 2811 τὸ
3008 2758 3107 2829 τῆς
3138 2756 3562 2827 ἀνθρωπότητος
3593 2756 3799 2827 μέτρον

2202 2856 2291 2910 διὰ
2317 2854 2427 2909 τῶν
2455 2850 2812 2925 ἀνθρωπίνων
2838 2848 3296 2919 ὲπιγινώσκομε-ν.
3330 2848 3517 2902 Χίλιαι
3547 2848 3652 2919 μὲν
3681 2852 3799 2919 γὰρ

2204 2946 2438 3019 χιλιάδες
2463 2944 2632 3012 ἁγίων
2657 2942 2905 3011 ἀγγέλων
2934 2940 3347 3012 λειτουργοῦσιν
3368 2940 3542 3012 αὐτῷ,
3573 2942 3670 2994 καὶ
3699 2943 3803 2995 τὸν

2206 3038 2348 3092 θεῖον
2376 3033 2544 3089 αὑτοῦ
2573 3033 2762 3103 θρόνον
2796 3030 3106 3101 περιιστᾶσι
3134 3028 3205 3083 τά
3246 3028 3518 3100 Σεραφίμ.
3569 3029 3799 3102 Ἐπειδὴ

522 3128 667 3201 quod
712 3124 918 3195 sibiipsi
973 3132 1027 3177 et
1081 3122 1229 3177 Patri
1275 3122 1399 3177 ﬁdei
1441 3130 1640 3176 nostrae
1694 3122 2093 3177 confessionem

2205 3131 2257 3188 δὲ
2287 3128 2509 3197 γέγονεν
2531 3124 2836 3194 ἄνθρωπος,
2863 3121 3244 3193 κεχρημάτικε
3271 3122 3364 3174 καὶ
3385 3120 3664 3192 άχιερεὺς,
3695 3122 3798 3191 οὐχ

520 3225 858 3287 procuraret.
890 3214 1128 3269 Audiens
1159 3211 1301 3281 quod
1339 3212 1517 3267 dictus
1540 3222 1623 3267 est
1674 3213 1936 3269 sacerdos
1964 3228 2097 3283 pro-

520 3319 644 3383 pter
664 3307 1077 3370 humanitatem,
1119 3305 1426 3360 erubescis?
1448 3304 1652 3360 Deinde
1676 3308 1954 3375 quomodo
1986 3321 2094 3362 non

523 3399 826 3455 admiratus
854 3411 936 3460 es,
962 3394 1107 3464 quod
1153 3409 1263 3449 non
1292 3396 1587 3448 secundum
1610 3395 1956 3450 sacerdotum
1986 3414 2100 3453 mo-

524 3505 661 3556 rem,
694 3488 847 3543 alteri
885 3487 1139 3543 detulerit
1168 3487 1421 3541 sacrilicii
1459 3487 1698 3553 modum,
1742 3488 1853 3542 sed
1885 3489 2098 3556 sibiipsi

522 3583 705 3655 potius
739 3592 793 3638 et
830 3580 997 3645 Patri,
1041 3589 1102 3633 ut
1140 3579 1298 3634 dixi?
1340 3578 1571 3645 Quando
1624 3579 1761 3635 dicis
1821 3580 2099 3649 indignum

522 3689 645 3729 esse
706 3673 814 3727 Deo
856 3681 915 3725 ut
968 3669 1261 3736 sacriﬁcet,
1325 3668 1588 3737 astipulor
1640 3680 1695 3724 et
1724 3684 1845 3740 ego.
1900 3671 2005 3726 Sed
2055 3673 2101 3729 si

522 3765 699 3822 solum
730 3772 877 3819 esset
922 3772 978 3818 et
1010 3761 1219 3833 absque
1259 3775 1426 3816 carne
1468 3761 1729 3829 Verbum,
1781 3771 1925 3819 recte
1954 3764 2103 3819 dicc-

522 3869 653 3911 res:
684 3861 737 3909 at
767 3866 892 3907 vero
912 3851 1039 3921 quia
1074 3851 1276 3905 factum
1315 3859 1400 3905 est
1454 3866 1606 3917 caro,
1661 3852 1783 3908 vide
1830 3863 1887 3908 et
1923 3855 2099 3910 sacri-

523 3948 776 4001 ﬁcantem
824 3952 1047 4014 propter
1084 3942 1516 4009 humanitatem;
1546 3952 1602 3997 et
1642 3943 1695 3997 in
1746 3944 2101 4014 dignitatibus

521 4039 669 4093 ultra
699 4046 1007 4092 creaturam
1032 4074 1049 4101 ,
1084 4034 1223 4089 sicut
1252 4033 1419 4089 Deum
1464 4048 1480 4086 :
1514 4033 1759 4089 considet
1792 4037 1937 4090 enim
1978 4051 2101 4091 cum

524 4132 637 4186 Deo
666 4126 927 4183 et'Patre.
977 4124 1168 4195 Itaque
1220 4134 1285 4179 et‘
1316 4125 1438 4180 vide
1482 4124 1657 4194 ipsum
1696 4126 2100 4183 sacriﬁcantem

524 4218 821 4275 secundutn
872 4218 1311 4282 humanitatem,
1378 4216 1750 4273 considentem
1806 4228 1991 4275 autem
2042 4230 2101 4275 ut

524 4310 716 4366 Deum.
765 4307 903 4374 Quid
937 4307 1081 4361 enim
1130 4307 1262 4361 dicit
1308 4307 1499 4362 beatus
1548 4305 1797 4364 Paulus?
1844 4328 1862 4362 ι
1915 4310 2102 4366 Talem

524 4402 790 4458 habemus
822 4398 1160 4467 pontiﬁcem,
1193 4398 1283 4468 qui
1303 4400 1552 4454 consedit
1581 4401 1635 4455 in
1657 4400 1885 4456 dextera
1919 4402 2100 4459 throni

524 4490 918 4562 magnitudinis
950 4490 1004 4544 in
1034 4490 1262 4546 excelsis
1290 4490 1357 4544 ³¹.
1394 4510 1412 4543 ι
1467 4491 1715 4549 Scientes
1744 4494 1910 4564 igitur
1956 4500 2100 4567 quod

524 4586 703 4640 factus
727 4593 809 4638 est
835 4586 1016 4645 itomo,
1044 4596 1166 4636 cum
1197 4582 1337 4637 Deus
1382 4594 1527 4637 esset
1577 4592 1682 4654 (est
1721 4596 1901 4641 autem
1962 4603 2103 4645 unus

525 4686 582 4731 et
608 4675 749 4729 idem
777 4670 992 4742 Filius),
1023 4670 1097 4725 illi
1125 4672 1305 4726 omnia
1336 4672 1654 4741 tribuemus,
1682 4685 1739 4731 ut
1767 4678 1879 4743 uni;
1908 4688 1964 4733 et
1992 4680 2102 4735 dis-

524 4767 860 4837 pensationis
920 4762 1111 4819 modos
1155 4779 1261 4817 non
1300 4764 1708 4835 ignorabimus,
1751 4769 2100 4841 cogitationis

525 4858 635 4911 vim
684 4870 899 4926 semper
938 4854 1164 4926 provide
1202 4865 1257 4910 et
1298 4857 1573 4926 sapienter
1621 4859 1688 4914 ad
1730 4862 2098 4919 obedientiam

526 4947 646 5015 ejus
677 4956 1066 5002 convertentes.

2202 3222 2278 3287 ὡς
2313 3217 2520 3290 μείζονι
2558 3212 2678 3284 Θεῷ
2727 3211 3113 3285 προσκομεζων
3155 3210 3255 3281 τὴν
3305 3211 3649 3281 ἱερουργίαν,
3675 3210 3796 3264 ἀλλ’

2205 3310 2382 3383 ἑαυτῷ
2417 3327 2479 3364 τε
2512 3308 2603 3361 καὶ
2630 3305 2709 3375 τῷ
2752 3304 2928 3377 lla-:91
2957 3303 3059 3372 τῆς
3087 3303 3323 3367 πίστεως
3350 3303 3508 3373 ἡμῶν
3539 3302 3639 3373 τὴν
3667 3304 3800 3372 ὁμο-

2204 3408 2389 3476 λογίαν
2450 3398 2996 3474 πραγματευόμενος.
3078 3394 3371 3466 Ἐρνθριᾷς
3428 3395 3648 3448 ἁκούων
3704 3389 3796 3447 ’ὅτι

2204 3496 2615 3570 κεχρημάτικεν
2660 3492 2838 3562 ἱερεὺς
2868 3489 2959 3543 διὰ
2999 3489 3061 3542 τὸ
3093 3486 3471 3560 ἀνθρώπινον;
3506 3483 3644 3542 Εἶτα
3680 3488 3800 3551 πῶς

2203 3594 2263 3647 οὐ
2285 3587 2637 3659 τεθαύμακας
2664 3586 2744 3637 ὅτι
2780 3581 2857 3653 μὴ
2883 3581 3023 3635 κατὰ
3050 3580 3111 3634 τὸ
3129 3580 3239 3633 τῶν
3266 3578 3457 3651 ἱερέων
3477 3578 3600 3642 ἔθος
3620 3578 3801 3649 ἑτέρῳ

2204 3681 2428 3751 ποιῆται
2460 3689 2485 3716 ιι
2515 3676 2612 3746 τῆς
2644 3671 2952 3744 ἱερουργίας
2982 3671 3073 3724 τὸν
3104 3669 3326 3741 τρόπον,
3356 3669 3537 3739 ἑαυτῷ
3566 3669 3623 3722 δὲ
3659 3669 3796 3740 μᾶλ-

2203 3770 2315 3833 λον,
2345 3767 2420 3830 ὡς
2450 3766 2609 3835 ἔφην,
2632 3764 2726 3815 καὶ
2756 3761 2833 3831 τῷ
2863 3761 3038 3831 Πατρί
3063 3778 3081 3826 ;
3116 3761 3285 3813 Ὅταν
3319 3760 3477 3833 εἴπῃς
3508 3759 3611 3813 οὐκ
3642 3759 3794 3824 ἄξιον

2204 3851 2345 3909 εἶναι
2378 3852 2473 3908 τοῦ
2506 3853 2641 3907 Θεοῦ
2674 3852 2737 3905 τδ
2771 3853 3094 3922 ἱερουργεῖν,
3128 3850 3381 3922 σύμφημι
3422 3849 3599 3919 κάγώ.
3651 3849 3796 3902 Ἀλλ’

2204 3949 2251 4000 εί
2286 3947 2448 4018 μόνος
2488 3939 2579 4016 ἦν,
2610 3944 2704 3997 καὶ
2751 3941 2875 4013 δίχα
2903 3942 3108 4011 σαρκὸς
3140 3942 3391 4011 όυΛόγος,
3430 3940 3567 4012 ἔφης
3595 3940 3664 3996 ἂν
3703 3942 3797 4011 ὀρ-

2205 4038 2345 4103 θῶς·
2380 4037 2567 4106 ἐπειδὴ
2598 4035 2654 4090 δὲ
2684 4035 2907 4104 γέγονεν
2953 4034 3263 4105 ἄνθρωπος,
3296 4034 3401 4104 ὅρα
3442 4032 3538 4086 κα)⁸
3574 4032 3797 4103 ἱερουρ-

2204 4129 2405 4199 γοῦντα
2433 4128 2527 4183 διὰ·
2567 4128 2628 4180 τὸ
2670 4125 3033 4197 ἀνθρώπινον,
3069 4125 3163 4179 καὶ
3212 4125 3283 4177 ὲν»
3301 4126 3415 4187 τοῖς
3446 4124 3587 4194 ὑπὲρ
3615 4124 3797 4177 κτίσιν

2205 4222 2533 4292 ἀξιώμασιν,
2585 4219 2661 4281 ὡς
2713 4218 2886 4272 Θεόνσ
2936 4216 3243 4289 συνεδρεύει
3278 4216 3387 4287 γὰρ
3432 4214 3510 4285 τῷ
3542 4214 3665 4285 Θεῷ
3701 4216 3795 4268 καὶ

2204 4315 2400 4387 Πατρί.
2439 4315 2591 4386 Ὅρα·
2610 4312 2791 4365 τοίνυν
2837 4310 3184 4383 ἱερατεύοντα
3216 4308 3315 4379 μὲν
3346 4308 3509 4361 αὐτὸν
3545 4308 3689 4360 κατὰ
3734 4307 3795 4359 τδ

2206 4405 2568 4478 ἀνθρώπινον,
2600 4400 2987 4473 συνεδρεύοντα
3024 4400 3081 4453 δὲ
3106 4400 3182 4462 ὼς
3211 4398 3366 4451 Θεόν.
3398 4395 3464 4449 Τί
3494 4397 3607 4467 γάρ
3627 4412 3797 4467 φησιν

2208 4502 2237 4553 ὁ
2274 4497 2540 4570 μακάριος
2573 4494 2812 4557 Παῦλος;
2850 4511 2869 4545 ο
2906 4492 3162 4547 Τοιοῦτον
3190 4490 3389 4561 ἔχομεν
3419 4490 3710 4561 ἀρχιερέα,
3737 4490 3796 4552 ὃς

2212 4588 2464 4644 ἐκάθισεν
2494 4589 2551 4641 ὲν
2595 4585 2744 4656 δεξιᾷ
2786 4582 2880 4637 τοῦ
2918 4583 3110 4656 θρόνου
3154 4583 3255 4653 τῆς
3298 4580 3692 4652 μεγαλωσύνης
3738 4583 3795 4633 ὲν

2210 4683 2325 4743 τοῖς
2358 4679 2601 4750 ὑψηλοῖς.
2644 4696 2661 4729 ι
2699 4675 2914 4738 Εἱδότες
2946 4675 3125 4729 τοίνυν
3170 4674 3252 4728 δτι
3284 4673 3420 4737 Θεὸς
3460 4671 3537 4725 ὢν
3572 4673 3794 4741 γέγονεν

2212 4772 2519 4843 ἄνθρωπος,
2548 4769 2663 4822 ἔστι
2696 4768 2751 4822 δὲ
2780 4766 2861 4832 εἷς
2884 4769 2975 4821 καὶ
3009 4768 3038 4820 ό
3065 4766 3225 4829 αὐτὸς
3256 4765 3405 4831 Υίδς,
3441 4763 3593 4835 αὑτῷ
3618 4765 3793 4818 πάντα

2211 4857 2629 4932 προσνεμοῦμεν
2656 4855 2732 4919 ὼς
2776 4856 2888 4909 ένί’
2925 4855 3018 4909 καὶ
3052 4855 3181 4918 τοὺς
3216 4852 3318 4923 τῆς
3352 4851 3668 4923 οίκονομίας
3695 4853 3792 4905 οὐκ

2209 4952 2535 5021 ὲννοήσομεν
2558 4948 2870 5020 ντρόπους,
2900 4948 2999 5016 τὴν
3036 4946 3146 5000 τῶν
3179 4944 3398 5001 ἐννοιῶν
3430 4944 3666 5015 δύναμιν
3701 4944 3791 4996 εὑ-

526 5032 728 5104 τέχνως
770 5035 862 5087 καὶ
898 5035 1184 5105 ἐμφρόνως
1222 5036 1308 5089 ἀεὶ
1358 5036 1781 5107 περιτρέποντες
1810 5048 1837 5075 ι
1870 5044 1951 5104 εξς
1996 5042 2096 5115 τὴν
2140 5044 2388 5114 ὑπακοὴν
2423 5039 2608 5095 αὐτοῦ.

813 5144 971 5216 190
1000 5146 1640 5229 ANATHEMATISMUS
1674 5149 1766 5205 XI.

599 5255 657 5310 Si
683 5256 804 5325 quis
827 5256 1037 5311 Domini
1065 5272 1285 5313 carnem
1314 5258 1603 5327 viviﬁcam,
1625 5259 1901 5332 ipsiusque
1923 5259 2109 5329 Verbi,

527 5348 671 5419 quod
712 5364 777 5403 ex
818 5349 923 5404 Deo
955 5349 1115 5406 Patre
1150 5360 1252 5417 est,
1301 5351 1578 5423 propriam
1609 5368 1731 5410 esse
1765 5357 2054 5425 negaverit
2087 5373 2103 5423 ;

602 5527 644 5559 "
672 5526 834 5581 Hebr.
868 5543 986 5597 vttt,
1016 5526 1071 5583 1.

2625 5150 3221 5208 ΑΝΑΘΕΜΑΤΙΣΜΟΣ
3259 5150 3344 5206 lA’

2282 5267 2349 5322 El’
2370 5285 2453 5331 τις
2474 5268 2571 5337 οὐχ
2595 5266 2845 5338 ὁμολογεῖ
2868 5265 2965 5336 τὴν
2985 5263 3080 5319 τοῦ
3094 5265 3185 5347 _Ku
3193 5263 3311 5336 ρίου
3332 5263 3512 5334 σάρκα
3534 5262 3790 5325 ζωοποιδν

2208 5354 2370 5425 εἶναι,
2407 5360 2502 5413 καὶ
2534 5358 2667 5412 ἰδίαν
2711 5357 2875 5411 αὑτοῦ
2907 5356 3004 5412 τοῦ
3050 5358 3114 5411 ἐκ
3146 5355 3281 5410 Θεοῦ
3334 5354 3547 5425 Πατρός
3594 5353 3787 5423 Λόγου,

1616 5616 1790 5672 Varia:
1823 5617 2084 5673 lectiones
2106 5632 2169 5673 ex
2195 5617 2385 5674 codice
2416 5617 2787 5691 Segnieriano.

604 5714 624 5750 ι
653 5710 954 5769 ἀκούσασα.
1028 5722 1056 5750 ιι
1083 5710 1330 5781 ποιεῖται.
1409 5718 1434 5746 ν
1468 5709 1829 5779 ἀγνοήσομεν.
1908 5715 1934 5745 κ
1961 5707 2401 5782 περιϐλέποντες,
2428 5712 2489 5781 ἢ,
2524 5713 2903 5786 περιέποντες.
