3980 6516
199 467 396 527 IHS

1284 455 1655 527 sovsnsus
1694 448 2506 524 surnnoponoapntrss.

3413 456 3555 523 HM

200 587 457 658 μένει,
506 589 650 647 καθὰ
677 588 774 644 καὶ
816 588 886 643 τὰ
943 586 1196 658 σώματα,
1247 586 1416 657 ἤγουν
1462 585 1530 638 τὰ
1560 584 1724 655 ἕτερα
1756 582 1861 637 τῶν

1971 580 2316 636 Diviuitatem
2371 579 2746 649 incorpoream
2809 592 2953 644 esse,
2987 578 3168 651 ﬁgura:
3213 582 3267 633 et
3316 581 3550 649 partium

199 681 624 751 κτισμάτων.
654 681 817 744 Ἴσως
843 679 902 733 δὲ
933 676 1206 749 ἠγνόησαν
1238 677 1320 732 δτι
1348 676 1410 731 τὸ
1432 675 1587 729 Θεῖον
1631 675 1865 747 ἀσώμα-

197 770 327 823 τόν
362 772 537 836 ἐστι,
569 772 1002 843 ἀσχημάτιστον,
1032 767 1261 840 ἀμερὲς,
1293 769 1355 822 ού
1393 766 1664 839 μετρητὸν
1704 765 1867 819 ποσό-

198 876 407 932 τητι,
451 866 518 918 ού
548 861 1029 937 περιγραφόμενον
1079 860 1251 932 τόπῳ,
1302 858 1439 913 ἀλλὰ
1484 857 1729 929 πληροῦν
1761 857 1867 927 μὲν

200 953 295 1006 τὰ
326 957 573 1022 πάντα,
605 955 705 1010 καὶ
730 956 788 1010 ὲν
818 955 974 1019 πᾶσι,
1004 951 1292 1024 ἀχώρητον
1321 951 1381 1005 ὃν
1419 950 1542 1004 κατ’
1595 949 1732 1003 ίδίαν
1765 947 1868 1018 φύ-

206 1060 359 1099 σιν.
420 1048 756 1119 Γέγραπται
787 1045 918 1118 γὰρ,
960 1044 1045 1100 ὅτι
1095 1062 1115 1096 s
1148 1043 1259 1097 Ποῦ
1314 1040 1570 1114 πορευθῶ
1614 1040 1723 1095 ἀπὸ
1770 1038 1865 1093 τοῦ

211 1136 605 1207 Πνεῦματός
653 1155 771 1201 σου,
800 1136 899 1191 καὶ
918 1135 1029 1190 ἀπὸ
1069 1133 1365 1208 προσώπου
1402 1150 1497 1186 σου
1526 1131 1631 1186 ποῦ
1671 1132 1862 1203 φύγω;

223 1225 404 1279 Ἰ-ὶὰν
440 1228 635 1283 ἀναὸῶ
667 1229 747 1293 είς
778 1228 873 1282 τὸν
898 1222 1147 1298 οὐρανὸν,
1174 1226 1239 1280 σὺ
1257 1227 1376 1280 ἐκεῖ
1397 1221 1479 1278 εἴ·
1515 1224 1611 1279 ἐὰν
1640 1223 1866 1279 καταδῶ

213 1320 317 1382 εἰς
354 1310 478 1374 τδν
510 1308 665 1392 ᾅδην,
707 1321 896 1392 παρετ.
939 1319 1067 1373 Ἐὰν
1092 1317 1419 1389 ἀναλάόοψι
1458 1318 1558 1381 τὰς
1584 1316 1866 1389 πτέρυγάς

214 1429 358 1480 μου
394 1415 533 1468 κατ’
582 1413 798 1486 ὄρθρον,
830 1402 926 1467 καὶ
971 1410 1383 1485 κατασκηνώσω
1418 1412 1500 1475 εἰς
1544 1411 1614 1465 τὰ
1658 1410 1864 1482 ἔσχατα

211 1502 352 1573 τῆς
391 1504 725 1576 Θαλάσσης.
779 1496 874 1560 καὶ
910 1505 1021 1575 γὰρ
1058 1506 1178 1558 ἐκεῖ
1229 1504 1263 1575 ή
1299 1502 1419 1575 χείρ
1468 1520 1561 1557 σου
1604 1502 1864 1575 ὁδηγήσει

220 1613 359 1665 μου
383 1600 440 1653 θ.
468 1618 489 1651 ι
526 1597 871 1653 Ἔδειτοίνυν
893 1597 1091 1662 αὐτοὺς
1134 1596 1237 1651 οὐκ
1265 1596 1326 1662 ἐξ
1364 1596 1635 1668 ἀμαθείας
1682 1597 1867 1668 φωνὰς

220 1688 605 1760 ὲρεύγεσθαι
632 1692 948 1762 προπετεῖς,
988 1688 1103 1744 ἀλλ’
1138 1688 1362 1756 ἐννοεῖν,
1393 1685 1482 1745 οἷά
1506 1706 1567 1743 τε
1608 1691 1705 1745 καὶ
1736 1690 1862 1757 ὅσα,

223 1781 352 1834 καὶ
390 1783 461 1836 ὲν
505 1781 619 1835 τίσι
653 1782 949 1854 ὑπεροχαῖς
978 1781 1012 1852 ή
1061 1780 1182 1835 θεία
1208 1780 1305 1835 καὶ
1334 1781 1724 1853 ὑπερμεγέθης
1771 1780 1869 1837 καὶ

224 1872 592 1946 ἀπόρρητος
623 1872 742 1927 ἐστὶ
769 1872 865 1927 τοῦ
889 1872 1022 1927 Θεοῦ
1053 1871 1236 1943 φύσις.
1268 1872 1392 1938 Πῶς
1430 1871 1527 1946 [aL
1562 1873 1728 1948 Πότε]
1753 1874 1867 1946 γὰρ

1967 684 2267 745 expertem,
2313 687 2538 742 qumque
2599 670 2905 741 quantitate
2952 672 3255 726 mensursri
3320 681 3375 727 et
3432 671 3551 727 loco

1967 765 2337 821 circumscribi
2388 772 2621 833 nequeat
2652 780 2666 817 :
2697 763 2791 817 sed
2847 761 3014 833 389
3050 762 3275 832 implere
3327 765 3548 833 quidem

1965 859 2166 921 omnia,
2204 866 2259 913 et
2319 858 2371 913 in
2426 855 2698 922 omnibus,
2764 855 3194 923 immensamque
3239 869 3358 909 esse
3393 854 3548 922 juxta

1966 952 2235 1023 propriam
2261 966 2412 1006 suam
2439 955 2705 1003 naturam.
2737 945 3011 1016 Scriptum
3039 955 3123 1000 est
3150 945 3331 999 enim:
3357 964 3375 997 ι
3400 934 3549 1013 Quo-

1966 1061 2094 1100 nam
2116 1044 2204 1100 ibo
2243 1058 2271 1096 a
2303 1042 2509 1112 Spiritu
2537 1049 2651 1104 tuo,
2678 1048 2733 1094 et
2770 1053 2801 1093 a
2831 1037 2971 1093 facie
3014 1046 3104 1092 tua
3161 1052 3268 1107 quo
3313 1028 3553 1107 fugiam?

1968 1137 2024 1193 Si
2066 1135 2360 1193 ascendere
2407 1134 2459 1188 in
2511 1133 2733 1197 coelum,
2760 1140 2815 1186 tu
2858 1130 2967 1186 illic
3014 1142 3111 1188 es:
3138 1129 3182 1186 si
3218 1130 3551 1186 desccudero

1967 1230 2020 1285 in
2048 1229 2340 1295 infernum,
2367 1228 2518 1283 ades.
2545 1225 2602 1281 Si
2634 1239 2917 1296 sumpsero
2953 1225 3068 1279 alas
3098 1238 3248 1279 meas
3295 1222 3548 1290 diluculo,
3595 1254 3605 1263 .

1965 1333 2019 1378 et
2044 1322 2357 1377 habitavere
2379 1319 2431 1374 in
2453 1318 2713 1375 extremis
2747 1317 2936 1383 maris,
2976 1300 3180 1370 etenim
3212 1314 3322 1370 illic
3359 1325 3552 1368 manus

1970 1426 2056 1471 tua
2089 1415 2316 1470 deducet
2343 1429 2429 1469 me
2452 1412 2521 1467 ".
2561 1430 2580 1464 ι
2618 1409 2917 1482 Oportebat
2941 1410 3105 1478 igitur
3148 1423 3244 1465 eos
3286 1424 3393 1462 non
3442 1413 3552 1477 pra!

1970 1509 2181 1566 inscitia
2208 1507 2529 1563 temerarias
2556 1505 2719 1560 hasce
2743 1519 2907 1559 voces
2931 1510 3203 1569 eructare,
3233 1501 3327 1557 sed
3364 1516 3547 1556 secum

1966 1600 2300 1674 perpendere
2330 1598 2508 1670 qualis
2539 1604 2596 1652 et
2623 1607 2845 1666 quanta,
2879 1604 2936 1651 et
2970 1610 3132 1665 quam
3182 1593 3456 1650 excellens
3482 1591 3554 1647 sit

1968 1693 2152 1750 divina
2204 1701 2368 1763 atque
2417 1692 2684 1747 immensa
2731 1686 3129 1759 ineﬂabilisque
3182 1686 3279 1742 Dei
3334 1694 3550 1740 natura.

1969 1785 2088 1852 Quo
2114 1794 2274 1855 pacto
2317 1784 2460 1840 enim
2493 1783 2633 1839 Deus
2662 1780 2899 1837 Verbum
2926 1779 3234 1849 seiunctum
3259 1776 3551 1848 aliquando

1970 1878 2136 1935 fuerit
2171 1893 2202 1933 a
2232 1877 2411 1943 Patre,
2430 1886 2523 1931 aut
2550 1876 2607 1931 in
2645 1876 2764 1948 ipso
2788 1886 3009 1930 manere
3030 1869 3291 1929 desierit?
3319 1869 3378 1926 Si
3406 1868 3551 1924 enim

226 1966 262 2017 6
286 1964 456 2028 Θεὸς
490 1954 665 2033 Λόγος
705 1962 919 2035 ἀπέστη
945 1960 1042 2017 τοῦ
1072 1956 1216 2016 εἶναι
1251 1963 1392 2033 μετὰ
1427 1961 1522 2015 τοῦ
1564 1963 1798 2035 Πατρός,
1829 1961 1861 2034 ἢ

1968 1971 2085 2027 ﬁeri
2114 1980 2292 2043 potest
2322 1981 2382 2026 ut
2408 1987 2437 2025 a
2463 1970 2667 2027 lumine
2699 1968 2917 2025 excidat
2940 1973 3330 2037 separeturque
3360 1962 3549 2035 splen-

227 2055 354 2110 τοῦ
406 2059 468 2111 ὲν
498 2055 650 2127 αύτῷ
678 2056 903 2128 μένεινς
947 2056 1013 2110 El
1064 2055 1175 2127 γὰρ
1219 2054 1497 2126 ἐνδέχεται
1530 2054 1624 2110 τοῦ
1684 2055 1865 2125 φωτὸς

232 2148 552 2212 ἆκπεσεῖν,
577 2146 673 2203 καὶ
712 2145 1053 2219 χωρισθῆναι
1080 2145 1143 2199 τὸ
1171 2145 1517 2218 ἀπαύγασμα
1539 2145 1602 2199 τὸ
1640 2146 1738 2199 ἀπ’
1766 2145 1865 2202 αύο

231 2235 385 2301 τοῦ,
417 2231 487 2309 ἦν
516 2236 584 2291 ἂν
616 2236 764 2301 εἰκὸς
785 2236 1059 2308 ἐννοῆσαι,
1087 2237 1171 2291 ὅτι
1196 2235 1286 2290 τὸν
1310 2236 1439 2291 Υίδν
1470 2236 1750 2307 ἐνδέχεται
1784 2235 1864 2311 μῆ

236 2325 412 2383 εἶναι
453 2327 598 2399 μετὰ
635 2327 731 2382 τοῦ
776 2328 1015 2401 Πατρός.
1058 2328 1185 2393 Πῶς
1215 2327 1325 2401 γὰρ
1362 2328 1463 2382 οὐκ
1507 2328 1740 2400 ἐνόησαν
1780 2329 1863 2383 ὅτι

237 2421 529 2493 γεννητὸς
550 2421 629 2476 ὣν
660 2423 690 2475 6
720 2421 901 2493 ἥλιος·
934 2421 1145 2491 κτίσμα
1173 2421 1285 2494 γάρ
1310 2422 1449 2488 ἐστι,
1474 2421 1541 2475 δι’
1570 2419 1739 2476 αὐτοῦ
1767 2420 1862 2476 τοῦ

243 2514 448 2583 Λόγου
501 2514 865 2585 παρενεχθεὶς
906 2516 987 2579 είς
1034 2513 1318 2585 γέννησιν·
1365 2512 1577 2585 διέρπει
1631 2512 1733 2585 μὲν
1762 2512 1865 2585 τὴν

242 2606 381 2661 ἄνω
433 2606 535 2660 καὶ
584 2594 734 2678 αύτῷ
800 2606 1097 2677 ταχθεῖσαν
1149 2605 1302 2671 ὁδὸν,
1359 2604 1585 2677 καθίησι
1638 2605 1695 2659 δὲ
1750 2607 1863 2669 τοῖς

246 2697 619 2768 ἁπανταχόσε
652 2698 712 2752 τὸ
738 2698 877 2767 φῶς,
908 2698 1002 2751 καὶ
1024 2697 1203 2751 πάντα
1229 2695 1456 2767 πληρῶν
1484 2696 1583 2768 τῆς
1611 2694 1669 2762 ἐξ
1694 2693 1860 2748 αὐτοῦ

253 2790 651 2861 προχεομένης
680 2788 879 2860 αὐγῆς,
901 2787 1015 2859 ἔχει
1043 2788 1207 2842 πάλιν
1234 2786 1407 2857 αὐτὴν
1436 2787 1494 2839 ὲν
1520 2785 1693 2858 αὑτῷ;
1721 2787 1860 2840 Πότε

253 2881 450 2938 τοίνυν
499 2881 603 2937 οὐκ
643 2877 712 2953 ἦν
741 2883 799 2936 ἐν
848 2881 1026 2950 Πατρὶ
1059 2881 1121 2933 τὸ
1171 2879 1515 2949 ἀπαύγασμα
1558 2880 1657 2951 τῆς
1701 2878 1861 2951 δόξης

254 2974 436 3031 αὐτοῦ
468 2975 614 3047 (ﬂ);
648 2974 780 3027 πότε
814 2972 1147 3045 κεχώρισται
1175 2973 1272 3044 τῆς
1313 2973 1664 3039 ὑποστάσεως
1692 2972 1859 3027 αὐτοῦ

255 3070 289 3121 6
319 3068 619 3141 χαρακτὴρ
645 3068 850 3135 αὐτοῦς
900 3068 997 3122 καὶ
1040 3068 1112 3123 τὰ
1160 3067 1340 3121 πάντα
1384 3065 1723 3139 πληροῦντος
1764 3065 1859 3122 τοῦ

260 3157 510 3231 Πατρός,
534 3158 638 3211 οὐκ
659 3158 775 3229 ἔχει
801 3156 962 3212 τοῦτο
989 3155 1131 3211 κατὰ
1151 3155 1313 3227 φύσιν
1337 3157 1365 3209 6
1388 3155 1537 3223 Υἱὸς,
1565 3156 1627 3210 τὸ
1658 3156 1857 3225 πάντα,

258 3252 435 3322 φημὶ,
467 3250 737 3321 πληροῦν,
760 3250 854 3303 καὶ
878 3246 1154 3320 πανταχοῦ
1179 3242 1341 3313 εἶναι,
1367 3247 1462 3302 καὶ
1490 3248 1702 3313 οὐδενὸς
1720 3251 1857 3304 ἀπο-

260 3340 671 3411 λιμπάνεσθαι;
706 3340 1039 3413 Έτεροφυὴς
1069 3339 1179 3413 ἄρα
1211 3339 1342 3411 παρ’
1365 3339 1529 3394 αὐτόν
1562 3341 1699 3395 ἐστι.
1737 3341 1861 3395 Ἐκ-

266 3432 535 3487 πίπτουσι
571 3432 755 3487 τοίνυν
790 3432 872 3495 είς
903 3433 1005 3503 τὴν
1047 3430 1156 3485 τῶν
1198 3432 1464 3503 Ἀριανῶν
1503 3434 1862 3505 πεπλανημέ-

264 3542 365 3595 νην
398 3526 562 3591 δόξαν
587 3526 638 3578 οἱ
662 3524 835 3577 ταῦτα
860 3524 1042 3593 λέγειν
1073 3523 1384 3595 τολμῶντες
1414 3526 1546 3595 περὶ
1574 3524 1763 3581 αὑτοῦ.
1796 3525 1859 3579 Εἰ

268 3615 372 3685 μὲν
403 3618 515 3688 γὰρ
549 3616 767 3687 ἀληθῶς
804 3615 1204 3671 πεπιστεύκασι
1244 3616 1328 3670 ὅτι
1358 3616 1456 3670 καὶ
1490 3615 1642 3683 Θεὸς,
1675 3616 1771 3671 καὶ
1794 3618 1860 3670 ὲκ

266 3707 404 3760 Θεοῦ
431 3708 650 3777 Πατρὸς
696 3707 838 3762 κατὰ
884 3706 1048 3777 φύσιν
1098 3708 1343 3778 πέφυκεν
1365 3709 1394 3761 6
1418 3708 1567 3773 Υἱὸς,
1595 3710 1647 3763 τί
1671 3711 1747 3781 μὴ
1770 3710 1858 3763 νέ-

268 3816 434 3869 μουσι
462 3799 618 3871 αύτῷ
652 3801 723 3854 τὰ
753 3803 819 3873 τῇ
843 3800 965 3874 θείᾳ
996 3800 1151 3871 θύσει
1176 3801 1489 3873 πρέποντας
1512 3804 1576 3856 El
1596 3802 1652 3856 δὲ
1685 3804 1859 3874 ὄνομα

271 3893 371 3961 μὲν
398 3891 552 3963 αύτῷ
579 3892 643 3947 τὸ
674 3891 768 3946 τοῦ
799 3893 936 3948 Θεοῦ
970 3892 1428 3966 περιπλάττουσι,
1460 3893 1570 3948 τῶν
1608 3893 1861 3964 ἀξιωμά-

269 3996 375 4039 των
429 3986 489 4038 δὲ
537 3985 902 4056 ἀποστεροῦσι
947 3986 1050 4057 τῆς
1097 3986 1380 4058 θεότητος,
1404 3986 1733 4058 ἠγνοήκασι,
1774 3988 1859 4041 ὅτι

269 4077 640 4149 καταφέρουσι
687 4080 747 4132 ἐν
784 4079 1048 4150 κτίσμασι
1082 4079 1176 4133 τὸν
1206 4079 1481 4152 -Ποιητὴν,
1532 4080 1627 4133 καὶ
1674 4082 1733 4134 ὲν
1788 4082 1857 4153 τῇ

273 4169 440 4240 μοίρᾳ
460 4169 573 4222 τῶν
607 4169 913 4239 γεγονότων
946 4170 1203 4225 τάττουσι
1238 4169 1331 4224 τὸν
1364 4170 1472 4224 τῶν
1517 4169 1655 4224 ὅλων
1700 4170 1859 4223 Γενε-

271 4260 524 4333 σιουργὺν
568 4262 666 4316 καὶ
707 4260 937 4333 Κύριον.
970 4261 1182 4317 Οὐκοῦν
1219 4257 1288 4333 ἦν
1324 4262 1424 4333 μὲν
1463 4262 1556 4315 ἐπὶ
1583 4261 1686 4331 γῆς
1720 4260 1858 4331 6nd»—

271 4369 433 4423 μενος
466 4352 613 4407 κατὰ
641 4353 826 4424 σάρκα
870 4353 1181 4425 ἄνθρωπος,
1222 4353 1453 4424 πλήρεις
1483 4353 1541 4407 δὲ
1587 4353 1682 4406 καὶ
1716 4351 1859 4407 οὕτω

268 4446 363 4514 τῆς
389 4443 563 4498 αὑτοῦ
591 4444 845 4515 θεότητος
872 4440 1013 4516 ἦσαν
1042 4445 1093 4498 οί
1121 4444 1370 4517 οὐρανοί·
1413 4443 1611 4515 πληροῖ
1645 4443 1752 4515 γὰρ
1789 4443 1859 4496 τὰ

270 4536 451 4591 πάντα
482 4535 617 4602 Θεὸς
657 4535 733 4589 ὢν
759 4537 789 4589 6
811 4535 1007 4604 Λόγος.

869 4627 1125 4683 ΚΕΦΔΛ.
1164 4627 1252 4682 Κ’.

267 4721 422 4789 Ποὸς
457 4719 602 4788 τοὺς
632 4718 946 4789 λέγοντας.
981 4720 1072 4774 ὅτι
1106 4718 1307 4786 ὶδικῶς
1334 4720 1369 4774 ό
1410 4719 1601 4788 Λόγος
1632 4719 1867 4788 ἐνεργεῖ

336 4740 602 4856 ιοᾶςτους
632 4740 946 4789 ..εδιτιον-τας.
981 4740 1072 4774 οτι
1106 4740 1307 4808 ιοιῖιως
1334 4740 1369 4774 ο
1410 4740 1856 4801 Λοτοςρνερζει

336 4807 368 4844 τ
475 4792 823 4860 θεοσημίας,
851 4789 1035 4845 οὐδὲν
1058 4791 1326 4861 ἐχουσης
1352 4789 1505 4859 πρὸς
1530 4806 1710 4844 τουτο
1743 4807 1856 4859 της

334 4861 512 4930 ἁγίας
542 4861 733 4915 αὐτοῦ
769 4861 1020 4930 σαρκός.

334 4951 477 5016 Τοὺς
501 4950 558 5006 δὲ
586 4950 865 5021 λέγοντας,
887 4952 969 5007 ὅτι
989 4952 1052 5004 οὐ
1074 4952 1180 5024 χρὴ
1205 4953 1528 5007 κοινοποιεῖν
1550 4951 1650 5023 τὴν
1673 4951 1857 5022 σάρκα

1886 3292 1929 3350 C

344 5068 390 5100 ⁷⁸
412 5067 562 5125 Psal.
588 5085 853 5137 cxsxvm,
882 5069 1040 5125 7—l0.

1890 4644 1931 4698 ο

1967 2064 2066 2120 dor
2094 2066 2185 2134 qui
2220 2064 2287 2119 ab
2319 2064 2436 2134 ipso
2473 2061 2719 2132 procedit
2748 2078 2765 2116 :
2803 2057 3173 2118 verisimiliter
3201 2056 3362 2113 etiam
3397 2051 3555 2110 intel-

1966 2155 2062 2228 ligi
2092 2162 2274 2226 posset
2304 2152 2421 2209 ﬁeri
2460 2167 2620 2224 posse
2666 2160 2727 2206 ut
2765 2148 2935 2206 Filius
2971 2163 3094 2205 cum
3120 2145 3284 2203 Patre
3315 2160 3421 2203 non
3453 2144 3549 2201 sit.

1944 2244 2246 2317 Quomodo
2277 2255 2463 2302 autem
2505 2259 2613 2300 non
2672 2243 3077 2308 intellexerunt,
3108 2246 3438 2307 creaturam,
3469 2246 3550 2305 ut,

1965 2338 2195 2410 exempli
2229 2337 2426 2408 gratia,
2456 2335 2627 2393 solem
2657 2336 2807 2407 (nam
2835 2343 2892 2390 et
2920 2333 3003 2391 sol
3039 2342 3292 2390 creatura
3317 2340 3429 2397 est,
3453 2346 3551 2401 per

1968 2432 2198 2489 Verbum
2236 2430 2410 2501 ipsum
2435 2430 2502 2485 ad
2524 2440 2703 2485 ortum
2736 2425 3075 2496 traductus),
3104 2440 3203 2494 per
3227 2422 3549 2489 Zodiacum,

1966 2524 2281 2596 praescripta
2310 2523 2414 2580 sibi
2460 2523 2513 2577 in
2550 2522 2693 2579 caelo
2739 2522 2829 2577 via
2864 2520 2919 2576 in
2950 2519 3137 2575 orbem
3162 2516 3326 2584 ferri;
3357 2515 3551 2571 demit-

1967 2627 2080 2672 tere
2118 2624 2298 2671 autem
2357 2614 2548 2684 quovis
2597 2612 2839 2670 locorum
2867 2627 3027 2670 suum
3073 2610 3253 2666 lumen
3280 2627 3294 2664 :
3321 2622 3553 2678 cumque

1962 2708 2143 2761 omnia
2203 2708 2424 2778 impleat
2478 2706 2768 2777 splendore
2817 2720 2978 2775 quem
3007 2719 3075 2761 ex
3101 2719 3161 2760 se
3196 2701 3441 2768 eﬂ'undit,
3468 2701 3551 2753 ni-

1964 2798 2259 2854 hilominus
2295 2807 2473 2853 tamen
2538 2797 2688 2852 illum
2736 2799 2900 2852 etiam
2934 2797 2989 2851 in
3021 2810 3080 2852 se
3113 2793 3392 2850 retinere?
3439 2791 3550 2845 Ali-

1962 2890 2251 2955 quandone
2280 2886 2445 2958 igitur
2475 2902 2582 2942 non
2611 2886 2777 2942 fuerit
2796 2886 2853 2941 in
2893 2886 3054 2941 Patre
3084 2883 3337 2954 splendor
3365 2881 3553 2955 gloriae

1963 2978 2116 3047 ejus?
2143 2991 2462 3049 separatave
2493 2979 2659 3035 fuerit
2678 2978 2971 3049 aliquando
3003 2979 3071 3034 ab
3099 2979 3376 3049 bypostasi
3409 2975 3549 3046 eius,

1964 3071 2139 3142 imago
2180 3071 2391 3142 ipsius?
2426 3082 2481 3127 et
2509 3071 2861 3135 cumfomnia
2895 3070 3117 3141 impleat
3160 3064 3341 3135 Pater,
3367 3082 3551 3122 annon

1962 3161 2126 3218 etiam
2153 3162 2259 3219 hoc
2307 3161 2463 3234 juxta
2516 3162 2793 3232 propriam
2844 3177 2998 3217 suam
3039 3170 3290 3216 naturam
3332 3160 3552 3214 habebit

1964 3253 2156 3322 Filius,
2200 3257 2342 3324 quod
2406 3256 2657 3311 videlicet
2712 3254 2896 3310 omnia
2962 3253 3199 3325 impleat.
3248 3262 3305 3309 et
3373 3252 3553 3308 ubivis

1961 3346 2206 3405 locorum
2258 3351 2352 3414 sit,
2385 3363 2559 3419 neque
2614 3348 2682 3403 ab
2734 3348 2842 3403 ullo
2886 3347 3329 3403 absit?Divcrsa2
3385 3346 3551 3416 igitur

1962 3453 2169 3500 naturae
2195 3441 2262 3496 ab
2313 3442 2431 3512 ipso
2479 3442 2603 3496 erit.
2630 3440 2895 3508 Quocirca
2932 3440 2985 3495 in
3035 3439 3362 3494 Arianorum
3396 3450 3549 3490 erro-

1963 3551 2122 3592 neam
2154 3534 2463 3604 opinionem
2512 3532 2888 3601 prolabuntur,
2918 3530 3006 3600 qui
3046 3530 3161 3585 lucc
3202 3530 3268 3583 de
3311 3530 3425 3597 ipso
3458 3526 3546 3581 di-

1962 3642 2089 3682 cere
2126 3626 2352 3679 audent.
2383 3624 2439 3678 Si
2485 3625 2629 3677 enim
2672 3639 2798 3678 vere
2837 3623 3212 3687 crediderunt,
3255 3619 3451 3673 Filium
3494 3626 3551 3671 ct

1963 3717 2155 3781 Deum,
2185 3723 2239 3770 et
2265 3729 2329 3768 ex
2367 3715 2474 3768 Deo
2499 3713 2658 3766 Patre
2678 3714 2975 3768 secundum
3009 3723 3258 3765 naturam
3303 3709 3545 3779 genitum

1960 3822 2228 3865 essc:cur
2263 3822 2364 3860 non
2389 3808 2675 3862 ascribunt
2708 3806 2782 3861 illi
2810 3822 2928 3875 qua:
2959 3806 3156 3859 divinae
3185 3813 3393 3858 natura:
3416 3819 3545 3856 con-

1962 3898 2229 3954 veniunt?
2262 3896 2319 3951 Si
2353 3911 2483 3951 vero
2514 3912 2713 3951 nomen
2745 3896 2963 3966 quidem
2987 3892 3083 3949 Dei
3120 3894 3218 3962 ipsi
3257 3893 3544 3963 allingunt,

1960 3990 2267 4046 divinitatis
2342 3999 2523 4043 autem
2587 3987 2944 4057 dignitatibus
3013 3996 3173 4056 atque
3240 3985 3545 4055 insignibus

1963 4084 2141 4153 ipsum
2189 4082 2431 4152 privam,
2496 4081 2752 4151 ignorant
2777 4095 2837 4136 se
2878 4078 3192 4135 Creatorem
3231 4077 3301 4133 ad
3359 4082 3542 4132 creata

1959 4171 2273 4236 deturbare,
2294 4170 2650 4241 omniumque
2671 4179 2824 4225 ortus
2844 4170 3139 4224 Auctorem
3168 4182 3233 4224 ac
3256 4166 3547 4222 Dominum

1959 4268 2147 4322 eodem
2202 4280 2324 4321 cum
2387 4264 2653 4320 creaturis
2699 4263 2891 4319 ordine
2930 4261 3223 4318 collocare.
3274 4259 3547 4328 Quocirca

1958 4367 2079 4413 erat
2101 4358 2319 4427 quidem
2348 4357 2401 4412 in
2428 4363 2597 4423 terra,
2617 4356 2766 4411 visus
2784 4354 3082 4411 secundum
3100 4368 3322 4411 carnem
3348 4354 3543 4419 homo;

1958 4449 2102 4519 pleni
2162 4457 2344 4503 autem
2400 4446 2750 4502 nihilominus
2805 4446 2978 4515 ipsius
3034 4444 3340 4502 divinitatis
3390 4450 3551 4499 erant

1959 4538 2104 4597 εαξη.
2136 4536 2332 4595 Omnia
2360 4537 2505 4593 enim
2550 4537 2739 4607 implet
2781 4537 2924 4593 Deus
2954 4537 3231 4595 exsistens
3282 4535 3545 4593 Verbum.

2450 4624 2616 4697 390
2655 4624 2885 4683 CAPUT
2923 4626 3042 4683 xx.
3529 4646 3532 4650 λ

1966 4717 2228 4771 Adversus
2276 4716 2529 4781 dicentes,
2603 4714 2832 4770 Verbum
2899 4714 3238 4785 peculiariter
3280 4714 3545 4769 miracula

2034 4788 2264 4856 operari,
2305 4796 2487 4841 sancta
2529 4786 2693 4855 ipsius
2739 4801 2899 4840 carne
2946 4785 3079 4839 nihil
3126 4786 3198 4839 ad
3223 4785 3320 4839 ltoc
3362 4785 3546 4853 confe-

2033 4868 2198 4910 rente.

2031 4950 2138 5005 Eos
2160 4958 2344 5005 autem
2366 4948 2459 5017 qui
2489 4946 2761 5004 aﬂirmant
2784 4962 2892 5005 non
2914 4955 3170 5019 oportere
3198 4961 3548 5005 communem

1468 5189 1627 5248 BON.
1658 5189 2004 5247 VULCANII
2032 5188 2269 5246 ΝΟΤᾸΕ.

336 5340 452 5411 (il)
494 5340 644 5395 Πότε
682 5340 891 5414 τοίνυν
926 5342 1038 5396 οὐκ
1065 5337 1144 5413 ἦν
1180 5341 1250 5395 ἐν
1278 5341 1362 5414 τῷ
1394 5341 1575 5412 [Iath
1604 5341 1668 5395 τὸ
1701 5341 1861 5414 ditari

1967 5357 2071 5414 rga
2105 5341 2215 5411 τῆς
2263 5341 2449 5414 δόξης
2483 5341 2670 5414 αὐτοῦ
2690 5358 2710 5408 ;
2740 5340 2867 5414 lsid.
2903 5342 3204 5399 Pelusiotes
3252 5341 3543 5414 epist.p58,

268 5410 356 5484 lib.
390 5410 963 5484 tit,eleganterlocum
994 5410 1137 5467 hunc
1170 5413 1424 5480 explicat,
1461 5410 1685 5484 dicens;
1719 5413 1861 5466 Kuh

1974 5410 2195 5478 σπὲσιος
2230 5413 2439 5476 Παῦλος
2472 5414 2566 5466 καὶ
2594 5411 2783 5484 ὥσπερ
2813 5413 2999 5479 ἔνθους
3032 5410 3340 5484 γενόμενος,
3369 5412 3549 5466 πάντα

266 5482 335 5534 τὰ
357 5482 985 5564 γήϊνα’τιεεξρίιδείγματα⁹
1028 5484 1493 5564 ύπερνηξ-άμενος,
1538 5482 1883 5564 ἀπαύγασμα
1912 5484 2013 5564 τῆς
2051 5484 2232 5564 δόξης,
2278 5484 2734 5564 καίχαρακτῇρα
2756 5482 2875 5564 *τῆς
2921 5482 3275 5564 ὑποστάσεως
3316 5486 3415 5553 τῆς
3444 5500 3549 5564 παῖ-

267 5551 459 5621 τρικῆς
486 5551 579 5605 τὸν

656 5554 733 5606 ίὸν
785 5550 928 5626 εἶναι
952 5550 1233 5626 ῶρίσατοί
1254 5550 1343 5626 ῥὰ
1372 5554 1471 5626 μὲν
1498 5553 1603 5626 τοῦ,
1636 5550 1857 5626 πρῴτόυν
1897 5550 2289 5619 ἰδ’συναῖδιον,
2318 5550 2507 5607 διὰδὲ
2558 5550 2940 5626 τοῦδευτέρου
2989 5550 3453 5626 παραδείγματος,
3485 5553 3546 5606 τὸ

268 5622 633 5676 ἐνυπόστατον
671 5624 914 5693 μηνύων.
951 5622 1065 5677 Huc
1113 5634 1215 5691 est,
1248 5622 1316 5677 Et
1347 5622 1553 5677 divinus
1580 5622 1691 5677 ille
1722 5623 1947 5689 Paulus,

273 5703 512 5746 rationes
538 5694 865 5759 transiliens,
890 5693 1219 5761 splendorem
1250 5694 1435 5763 gloriw
1463 5704 1512 5747 et
1561 5693 1911 5747 characterem
1950 5708 2184 5763 paternw
2218 5695 2549 5759 subslanliw,

1993 5642 2054 5679 ac
2090 5626 2225 5679 velut
2258 5627 2365 5678 Deo
2398 5626 2578 5693 plenus
2583 5625 2799 5747 (lactus,
2833 5642 3009 5679 omnes
3054 5625 3289 5678 terrenas
3330 5640 3544 5690 compa-

1993 5708 2184 5747 aternw
2218 5695 2549 5747 subslanliw.
2636 5696 2783 5747 ilium
2812 5712 2921 5747 esse
2953 5696 3162 5747 statuit.
3197 5711 3286 5747 uer
3310 5694 3541 5747 priorem

2636 5696 2783 5747 ilium
2812 5712 2921 5748 esse
2953 5696 3162 5758 statuit,
3195 5711 3286 5761 per
3308 5694 3541 5763 priorem

268 5763 717 5833 comparatiortem
757 5773 1073 5833 cowternum
1112 5780 1221 5833 esse
1252 5763 1425 5833 Patri,
1455 5779 1546 5830 per
1590 5764 1926 5831 posteriorem
1964 5782 2081 5819 iero
2130 5767 2597 5833 comparationem,
2632 5767 2686 5818 in
2722 5763 2884 5818 Patre
2928 5767 3177 5819 exsistere
3222 5781 3339 5818 eum
3367 5765 3535 5829 signi-

269 5830 454 5907 ﬁcans.
488 5831 565 5907 Ita
582 5832 849 5907 _erillus_
869 5832 1146 5907 Christum
1172 5832 1377 5907 Filium
1410 5832 1524 5907 Dei.
1566 5830 1630 5885 ὲκ
1656 5833 1795 5907 Θεοῦ
1846 5851 1861 5903 ι

1981 5838 2190 5905 Ιιατρὸς
2222 5830 2329 5906 πρὸ
2362 5835 2563 5899 παντὸς
2599 5834 2791 5899 αἰῶνος
2820 5837 2913 5888 καὶ
2955 5837 3147 5907 χρόνου
3176 5834 3530 5907 γεννηθέντα,

267 5901 419 5970 θεὸν,
454 5902 547 5956 καὶ
582 5903 861 5974 Move-{svi}
893 5904 984 5955 καί
1018 5903 1379 5958 ὲνυπόστατον
1410 5904 1581 5971 Λόγον
1610 5904 1791 5969 αὑτοῦ,
1814 5901 1990 5960 Vocat.
2100 5901 2110 5905 ’
2265 5901 2276 5906 ’
3187 5901 3196 5905 τ
3326 5901 3347 5915 ~-
