4146 6510
532 415 671 471 1115

1517 414 1575 470 S.
1594 490 1597 495 ν
1615 413 1887 472 CYRILLI
1926 409 2394 469 ALEXANDRINI
2434 408 2755 465 ARCHIEP.

3669 406 3802 463 HIC

535 535 716 584 tacere
745 542 969 585 carnem
1004 543 1127 584 cum
1164 526 1454 585 divinitate
1490 526 1788 598 Unigeniti,
1823 544 1999 599 neque
2030 528 2103 583 di-

2226 529 2283 599 τῇ
2334 526 2551 598 θεότητι
2594 523 2690 579 τοῦ
2743 522 3122 592 Μονογενοῦς,
3166 523 3285 577 οὐδὲ
3335 521 3433 594 τὴν
3466 521 3697 595 θεότητα
3736 528 3801 597 τῇ

536 622 812 677 vinitatem
856 635 977 677 cum
1014 635 1182 676 carne
1225 621 1278 678 in
1315 618 1645 675 editionibus
1682 621 2112 675 miraculorum:

535 712 815 768 autetiam
853 713 1175 768 suscitatam
1225 726 1344 767 esse
1394 710 1658 765 Lazarum
1699 728 1729 767 e
1765 720 2114 767 monumento

534 802 804 858 clamante
841 818 947 858 non
978 804 1217 866 nomine,
1265 803 1359 858 sed
1402 802 1510 859 Deo
1538 801 1752 858 Verbo:
1781 813 1836 858 et
1864 819 1986 859 cum
2013 805 2117 859 iter

538 892 761 962 faceret,
792 909 899 950 non
932 895 1097 949 Deum
1128 884 1497 950 lassitudinem
1532 896 1787 960 sensisse,
1807 897 1901 950 sed
1938 896 2115 951 homi-

538 999 658 1040 nem
710 994 1089 1055 assumptum:
1137 986 1229 1056 qui
1278 989 1444 1041 etiam
1500 986 1698 1041 famem
1746 1003 1809 1043 ac
1853 987 1999 1043 sitim
2035 998 2117 1044 est

534 1083 818 1145 expertus,
858 1075 1115 1145 crucique
1157 1075 1344 1133 alIixus
1371 1086 1426 1132 et
1461 1085 1707 1133 mortuus
1758 1088 1877 1134 est:
1911 1078 1964 1133 in
1994 1079 2115 1133 uni-

538 1178 753 1217 versum
784 1179 813 1217 a
843 1164 1073 1220 veritate
1117 1166 1371 1219 aberrare
1399 1165 1649 1233 dicimus,
1685 1168 2118 1238 mysteriumque

490 1234 500 1243 ’
539 1253 929 1309 incarnationis
978 1255 1250 1324 ignorare.
1299 1254 1484 1325 Neque
1536 1258 1681 1311 enim
1714 1257 1945 1313 dicimus
1981 1259 2117 1313 duos

536 1359 658 1399 esse
687 1344 875 1412 Filios,
913 1360 1088 1416 neque
1138 1346 1272 1401 duos
1314 1346 1589 1411 Christus,
1628 1349 1723 1404 sed
1769 1365 1933 1403 unum
1960 1351 2112 1405 Chri-

538 1445 680 1490 stum
726 1446 781 1491 et
832 1436 1063 1503 Filium;
1111 1438 1202 1506 qui
1251 1438 1467 1505 quidem
1521 1454 1587 1493 ex
1638 1439 1749 1494 Deo
1791 1439 1956 1497 Patre
1988 1451 2117 1498 ante

536 1526 718 1582 omnia
753 1526 950 1582 saecula
986 1536 1040 1582 et
1101 1537 1341 1598 tempora
1389 1529 1626 1598 genitus,
1672 1539 1728 1585 et
1775 1532 1826 1585 in
1868 1533 1983 1601 ipso
2018 1550 2115 1588 ex-

538 1618 684 1673 sistit
714 1616 951 1673 Verbum
984 1620 1153 1688 ipsius
1185 1638 1199 1675 :
1236 1622 1286 1675 in
1319 1621 1525 1678 ultimis
1555 1632 1734 1679 autem
1764 1625 1941 1679 saeculi
1981 1634 2118 1680 tem-

539 1713 761 1780 poribus
793 1715 1044 1769 eumdem
1070 1716 1366 1769 secundum
1403 1732 1623 1771 carnem
1651 1735 1716 1773 ex
1753 1720 1977 1775 muliere
2017 1738 2117 1774 na-

541 1817 675 1866 tum.
720 1806 798 1862 Ne
837 1808 1003 1878 igitur
1048 1818 1305 1878 tanquam
1348 1808 1640 1865 bianimem
1685 1812 2024 1883 distinguant
2052 1832 2116 1871 ac

538 1906 819 1966 separent,
891 1912 1025 1953 neve
1078 1898 1211 1952 duos
1264 1900 1420 1955 nobis
1471 1901 1730 1956 inducant
1779 1902 1977 1957 Filios.
2025 1907 2118 1959 sed

539 2001 705 2039 unum
736 1996 899 2056 atque
929 1988 1178 2042 eumdem
1217 1989 1511 2053 lateantur,
1550 2000 1608 2043 ut
1639 1991 1981 2047 incarnatum
2019 1996 2116 2051 Dei

539 2068 805 2142 Verbum;
842 2079 1192 2149 ejusdemque
1219 2095 1339 2136 esse
1368 2082 1548 2134 omnia
1581 2122 1598 2148 ,
1624 2094 1679 2136 et
1708 2086 1868 2139 verba
1897 2095 1950 2141 et
1987 2103 2117 2157 ope-

539 2169 799 2225 rationes.
833 2171 967 2227 Cum
990 2172 1136 2227 enim
1172 2172 1286 2243 ipse
1328 2172 1471 2228 Deus
1501 2175 1592 2239 sit,
1624 2184 1679 2229 et
1720 2175 1881 2232 simul
1909 2195 2121 2249 quoque

540 2261 733 2326 homo,
771 2260 1010 2331 loquitur
1043 2264 1431 2319 convenienter
1454 2274 1509 2320 et
1536 2267 1798 2322 divinitati
1842 2279 1895 2323 et
1931 2272 2121 2324 lnnna-

541 2353 693 2407 nitati
722 2370 737 2408 :
762 2364 1018 2423 operatur
1053 2366 1230 2410 autem
1263 2355 1427 2411 etiam
1459 2357 1714 2415 similiter
1756 2370 1811 2415 et
1856 2363 2036 2416 divina
2068 2372 2123 2417 et

540 2444 799 2501 humana.
830 2444 964 2501 Cum
1002 2446 1167 2518 igitur
1195 2462 1299 2502 non
1344 2447 1585 2505 fatentur
1637 2468 1801 2506 unum
1837 2452 2032 2508 Filium
2070 2465 2123 2510 et

543 2534 849 2602 Dominum,
870 2537 1125 2593 desinant
1172 2540 1424 2610 imperite
1463 2556 1585 2596 eum
1641 2543 1882 2599 dividere
1906 2555 1960 2599 et
1997 2562 2122 2615 par-

541 2627 628 2681 tiri
660 2628 713 2682 ln
737 2630 911 2695 duos;
951 2640 1010 2683 ut
1037 2646 1177 2685 unus
1202 2632 1424 2701 quidem
1461 2634 1755 2701 separatim
1789 2645 1842 2691 et
1871 2637 2124 2693 distincte

541 2717 712 2774 Filius
740 2719 1097 2793 intelligatur,
1132 2720 1370 2778 Verbum
1400 2726 1655 2781 videlicet
1685 2742 1749 2781 ex
1786 2726 1895 2782 Deo
1927 2729 2121 2791 Patre:

541 2810 681 2867 alius
723 2822 902 2867 autem
958 2830 1145 2871 rursus
1185 2816 1478 2887 separatim
1531 2827 1586 2872 et
1630 2819 1885 2876 distincte
1930 2821 2123 2885 Filius,

541 2911 601 2953 nt
645 2900 746 2971 ipsi
794 2901 1010 2973 quidem
1067 2903 1278 2969 volunt,
1326 2905 1416 2974 qui
1464 2907 1737 2962 hominem
1808 2913 2124 2981 assumpsit.

516 2990 653 3047 ‘Nos
678 2993 826 3075 enim
863 3009 1202 3065 nequaquam
1236 2996 1308 3051 ita
1342 2997 1596 3065 dicimus,
1637 3014 1810 3069 neque
1844 3001 1914 3056 ita
1946 3004 2127 3075 credi-

544 3072 701 3140 mus:
733 3086 829 3139 sed
861 3088 1004 3156 quod
1054 3088 1198 3143 Deus
1225 3089 1497 3146 exsisteus
1543 3091 1779 3147 Verbum
1808 3094 2007 3148 factum
2042 3072 2129 3151 est

543 3188 706 3239 caro,
736 3189 910 3243 neque
939 3177 1098 3233 desiit
1121 3192 1245 3233 esse
1271 3179 1434 3246 Deus,
1468 3181 1561 3235 sed
1584 3183 1879 3250 permansit
1900 3182 1953 3237 id
1978 3186 2121 3255 quod

542 3272 682 3329 erat,
712 3266 917 3336 absque
955 3267 1061 3323 ulla
1091 3271 1391 3325 mutatione
1423 3272 1538 3326 sive
1571 3272 1910 3343 alteratione,
1933 3286 1987 3331 et
2007 3291 2128 3331 car-

547 3355 635 3411 nis
663 3367 823 3426 atque
846 3361 1126 3428 sanguinis
1157 3363 1429 3432 particeps
1459 3362 1756 3418 secundum
1785 3364 2126 3436 Scripturas:

546 3462 769 3503 carnem
814 3465 941 3504 vero
974 3452 1073 3522 ipsi
1110 3453 1341 3517 unitam,
1375 3456 1758 3525 propriamque
1799 3457 1969 3527 ipsius
1996 3459 2132 3514 eﬂ'e-

547 3551 714 3608 ctam,
767 3544 947 3599 anima
980 3546 1317 3615 intelligente
1347 3547 1641 3601 animatam
1679 3548 1849 3606 fuisse
1876 3551 2106 3609 dicimus

1042 3659 1202 3731 391
1234 3659 1460 3716 CAPUT
1494 3659 1635 3716 XXI.

545 3762 810 3839 Adversus
848 3769 1079 3825 dicentes
1128 3788 1229 3825 non
1268 3788 1381 3826 esse
1431 3783 1757 3839 assumptum
1806 3793 1923 3831 cum
1973 3796 2132 3834 came

618 3837 719 3891 sibi
743 3839 924 3920 unitg;
939 3851 1008 3920 et.
1024 3842 1270 3920 aduersus
1305 3837 1768 3920 dicentes,_corpm
1800 3860 2129 3920 assumptum

621 3919 819 3964 sancta:
856 3907 1105 3964 Trinitati
1136 3913 1462 3965 commistum
1490 3907 1674 3981 fuisse,

617 4080 966 4151 Assumptum
1008 4096 1137 4136 vero
1171 4096 1295 4138 esse
1317 4098 1439 4137 cum
1484 4097 1653 4137 carne
1686 4083 1785 4138 sibi
1818 4088 1967 4144 unita
1995 4106 2132 4161 quo-

548 4171 710 4227 modo
733 4172 1003 4243 quispiam
1041 4175 1354 4243 negaverit?
1381 4176 1714 4233 Suscitatum
1746 4180 1891 4235 enim
1923 4198 1954 4237 a
1988 4199 2134 4239 more

2217 619 2384 691 σαρκὶ
2404 621 2462 673 ὲν
2485 620 2606 682 ταῖς
2631 615 3095 690 θαυματουργίαις
3113 632 3127 647 ο
3157 615 3190 687 ἢ
3217 616 3310 671 καί
3335 616 3416 670 ὅτι
3438 616 3530 670 τὸν
3555 615 3808 689 Λάζαρον

2217 713 2282 765 ὲκ
2313 708 2407 764 τοῦ
2459 692 2725 781 μνημείου
2774 708 2998 779 ἤγειρεν
3034 707 3295 779 φωνήσας
3344 708 3442 780 οὐχ
3481 708 3802 780 ἄνθρωπος’

2217 802 2332 856 ἀλλ’
2362 801 2390 855 6
2420 800 2552 863 Θεὸς
2605 800 2806 869 Λόγος*
2836 798 2929 852 καὶ
2958 798 3041 852 ὅτι
3074 797 3172 868 ούχ
3212 798 3241 851 6
3271 797 3405 863 Θεὸς
3447 799 3709 853 ἐκοπίασε
3752 802 3805 854 ὲν

2216 897 2282 966 τῇ
2318 891 2619 963 ὁδοιπορίᾳ,
2656 890 2771 945 ἀλλ’
2800 890 2829 943 6
2862 888 3193 959 ἀναληφθεὶς
3238 887 3553 960 ἄνθρωπος,
3586 891 3681 944 καὶ
3714 892 3807 945 αὖ-

2217 987 2310 1050 τὸς
2351 985 2636 1057 ὲπείνησε,
2686 984 2781 1038 καὶ
2827 982 3078 1053 ἐδίψησε,
3118 982 3213 1034 καὶ
3260 981 3683 1054 ὲνεσταυρὼθη,
3718 983 3808 1036 καὶ

2219 1078 2517 1135 ἀπέθανεν·
2547 1076 2859 1148 όλοτρόπως
2888 1074 3066 1146 φαμὲν
3098 1073 3531 1145 διημαρτηκέναι
3560 1074 3665 1144 τῆς
3690 1074 3808 1144 ἀλη-
3834 1060 3843 1095 δ

2221 1171 2392 1236 θείας,
2434 1169 2529 1223 καὶ
2562 1168 2663 1238 τῆς
2693 1166 2837 1240 μετά
2865 1166 3067 1237 σαρκὸς
3108 1164 3424 1237 οἰκονομίας
3448 1166 3720 1235 ἀγνοῆσαι
3752 1166 3809 1218 τὸ

2225 1263 2541 1335 μυστήριον.
2563 1260 2637 1315 Οὐ
2679 1260 2788 1331 γὰρ
2826 1254 2967 1313 εἷναί
3007 1274 3187 1327 φαμεν
3215 1258 3380 1320 Υίοὺς
3410 1256 3525 1321 δύο,
3560 1256 3685 1310 οὐδὲ
3723 1256 3811 1309 δύο

2221 1354 2524 1426 Χριστοὺς,
2567 1353 2681 1407 ἀλλ’
2726 1340 2823 1406 ἕνα
2854 1350 3108 1422 Χριστὸν,
3138 1349 3234 1405 καὶ
3266 1349 3418 1413 Υίὸν,
3452 1348 3544 1402 τὸν
3578 1350 3645 1402 ὲκ
3676 1348 3809 1401 Θεοῦ

2226 1448 2323 1519 μὲν
2367 1445 2581 1516 Πατρὸς
2618 1444 2725 1517 πρὸ
2756 1444 2961 1507 παντὸς
2994 1441 3192 1504 αἰῶνος
3224 1441 3319 1494 καὶ
3359 1440 3555 1511 χρόνου
3615 1456 3810 1509 γεννη-

2223 1536 2384 1591 θέντα
2409 1536 2562 1600 Θεὸν,
2601 1533 2869 1606 μονογενῆ
2907 1532 3002 1587 καὶ
3022 1531 3385 1586 ὲνυπόστατον
3411 1530 3584 1599 Λόγον
3611 1528 3779 1583 αὑτοῦ
3796 1545 3808 1559 °

2223 1629 2280 1681 ὲν
2312 1627 2563 1698 ἐσχάτοις
2598 1626 2655 1679 δὲ
2687 1625 2780 1679 τοῦ
2828 1622 3023 1688 αίῶνος
3067 1625 3281 1695 καιροῖς
3330 1621 3420 1675 τὸν
3474 1621 3640 1677 αὐτὸν
3674 1621 3815 1676 κατά

2226 1718 2407 1788 σάρκα
2434 1718 2498 1770 ὲκ
2530 1715 2809 1785 γυναικός.
2834 1714 3027 1769 Τοίνυν
3058 1714 3134 1778 ὡς
3165 1714 3389 1785 δίψυχον
3429 1712 3505 1784 μὴ
3534 1712 3813 1783 ἀποδιορι-

2225 1806 2488 1872 ζέτωσαν,
2519 1804 2657 1875 μηδὲ
2678 1803 2773 1857 δύο
2814 1805 2947 1874 ἡμῖν
2976 1802 3442 1874 είσκομιζέτωσαν
3465 1802 3648 1869 Υίοῦς,
3677 1802 3812 1856 ἀλλά

2152 1870 2194 1929 Β
2226 1870 2321 1952 ένα
2362 1899 2459 1952 καὶ
2490 1870 2593 1951 τὸν-
2624 1896 2785 1950 αὑτὸν
2830 1870 3287 1966 ό-μολογείτωσαν,
3333 1895 3411 1958 ὡς
3455 1894 3811 1965 ὲνανθρωπή-

2226 2008 2392 2046 σαντα
2417 1988 2552 2043 Θεοῦ
2582 1987 2773 2058 Λόγον,
2802 1987 2897 2041 καὶ
2924 1986 3089 2041 αὐτοῦ
3121 1987 3324 2053 πάντα,
3356 1986 3452 2040 καὶ
3482 1985 3691 2054 φωνὰς,
3724 1986 3813 2039 καὶ

2224 2081 2523 2154 ἐνεργείας.
2559 2078 2779 2150 Ἐπειδὴ
2805 2078 2914 2150 γάρ
2939 2080 2967 2133 6
2994 2077 3159 2142 αὐτὸς
3192 2073 3261 2151 ἦν
3289 2077 3422 2141 Θεὸς
3449 2077 3586 2148 ὁμοῦ
3637 2095 3697 2131 τε
3724 2078 3816 2131 καὶ

2223 2170 2543 2243 ἄνθρωπος,
2586 2169 2740 2223 λαλεί
2782 2169 2877 2222 καὶ
2927 2167 3251 2239 θεοπρεπῶς
3291 2168 3387 2222 καὶ
3435 2167 3813 2238 ἀνθρωπίνως.

2236 2264 2479 2335 Ἐνεργεί
2502 2262 2558 2315 δὲ
2584 2264 2786 2334 ὁμοίως
2810 2260 2904 2315 καὶ
2930 2260 3001 2314 τὰ
3033 2259 3355 2332 ἀνθρώπινα
3382 2260 3477 2313 καὶ
3510 2260 3817 2331 θεοπρεπῆ.

2226 2356 2397 2409 Ὅταν
2435 2354 2614 2410 τοίνυν
2645 2354 2744 2425 οὐχ
2791 2350 3117 2423 ὁμολογοῦσι
3147 2350 3247 2405 ἕνα
3277 2350 3406 2404 Υίὸν
3452 2350 3550 2405 καὶ
3583 2350 3817 2422 Χριστὸν

2226 2449 2320 2503 καὶ
2358 2448 2593 2522 Κύριον,
2644 2444 2981 2518 διαιροῦντες
3030 2444 3264 2515 ἀμαθῶς
3311 2443 3685 2497 πεπαύσονται
3726 2443 3819 2497 καὶ

2226 2539 2528 2601 διῖστάντες
2561 2537 2643 2600 είς
2680 2535 2794 2603 δύο,
2826 2535 2904 2600 ὡς
2947 2527 3048 2589 ἕνα
3081 2534 3180 2605 μὲν
3217 2533 3403 2598 ἰδικῶς
3451 2534 3546 2587 xui.
3578 2532 3685 2587 ἀνά
3726 2532 3820 2602 μέ-

2230 2647 2320 2701 ρος
2343 2629 2471 2683 Υίὸν
2495 2627 2755 2695 νοεῖσθαι,
2782 2626 2874 2680 τὸν
2903 2626 2968 2679 ὲκ
2992 2622 3128 2679 Θεοῦ
3162 2623 3379 2694 Πατρὸς
3400 2624 3572 2692 Λόγον
3634 2621 3821 2693 ἕτερον

2224 2722 2282 2776 δὲ
2320 2720 2481 2776 πάλιν
2527 2719 2714 2783 ίδικῶς
2757 2718 2853 2773 καὶ
2896 2715 3000 2772 ἀνά
3032 2716 3196 2788 μέρος
3223 2715 3376 2779 Υίὸν,
3407 2714 3522 2779 τὸν,
3551 2712 3632 2777 ὡς
3666 2713 3818 2766 αὐτοί

2228 2831 2383 2886 φασι,
2408 2810 2787 2883 ἀναληφθέντα
2816 2808 3127 2882 ἄνθρωπον.
3161 2807 3351 2878 Φαμὲν
3380 2806 3490 2877 γὰρ
3517 2805 3619 2876 οὐχ
3647 2804 3819 2869 οὓτως

2228 2908 2423 2979 ἡμεῖς,
2466 2904 2575 2958 οὐδ’
2612 2903 2785 2967 οὕτως
2825 2901 3181 2972 πιστεύομεν,
3225 2898 3345 2953 ἀλλ’
3383 2899 3466 2952 ὃτι
3509 2897 3642 2961 Θεὸς
3686 2895 3761 2949 ῶν
3790 2899 3821 2950 6

2228 2999 2401 3068 Λόγος
2433 2998 2659 3066 γέγονεν
2690 2994 2850 3068 σὰρξ,
2890 2994 2991 3047 οὐκ
3039 2990 3334 3048 ἀποϐαλὼν
3363 2990 3425 3044 τὸ
3468 2984 3609 3042 εἶναι
3651 2988 3818 3053 Θεὸς,

2230 3090 2366 3145 ἀλλά
2412 3089 2510 3143 καὶ
2544 3086 2870 3159 μεμενηκὼς
2899 3086 3039 3157 ὅπερ
3082 3080 3153 3155 ἦν
3196 3082 3481 3156 ἀτρέπτως
3511 3080 3608 3134 καὶ
3652 3078 3821 3134 ἀναλ-

2231 3182 2491 3248 λοιώτως,
2520 3182 2615 3234 καὶ
2666 3178 2866 3251 σαρκὸς
2894 3177 2989 3231 καὶ
3020 3176 3256 3247 αἵματος
3294 3171 3647 3247 μετεσχηκὼς
3680 3170 3823 3224 κατά

2231 3277 2333 3341 τάς
2362 3274 2618 3347 Γραφάς·
2652 3272 2751 3345 τὴν
2792 3269 2850 3324 δέ
2884 3287 2949 3339 γε
2995 3267 3289 3322 ἑνωθεῖσαν
3331 3266 3503 3337 αὐτῷ,
3544 3265 3639 3319 καὶ
3686 3263 3823 3316 ἰδίαν

2233 3365 2397 3421 αὑτοῦ
2440 3365 2741 3439 γενομένην
2808 3361 2989 3435 σάρκα
3049 3358 3366 3432 ὲψυχῶσθαί
3428 3373 3612 3430 φαμεν
3673 3355 3823 3427 ψυχῇ

2234 3463 2417 3533 νοερᾷ.
2846 3466 2849 3469 ’

2814 3652 3067 3709 ΚΕΦΑΛ.
3108 3648 3242 3707 KA'.

2233 3770 2391 3840 Πρὸς
2429 3767 2570 3835 τοὺς
2600 3767 2911 3836 λέγοντας,
2941 3765 3031 3818 ὅτι
3058 3764 3169 3816 οὐκ
3196 3759 3510 3829 ἀνελήφθη
3532 3757 3683 3847 μετὰ
3714 3756 3824 3824 τῆς

2302 3841 2629 3885 ἐνωθείσηρ
2671 3835 2833 3885 αὐτῶ
2897 3833 3146 3885 σαρκός.
3193 3831 3301 3884 Καὶ
3341 3831 3493 3885 πρὸς
3534 3846 3681 3885 τους
3716 3829 3819 3881 λέ-

2302 3841 2629 3904 ἐνωθείσης
2671 3841 2833 3901 αὐτῷ
2897 3841 3146 3903 σαρκός.
3193 3841 3301 3908 [gat
3341 3841 3493 3909 ,πρ-ὸς
3534 3841 3681 3893 τοὺς
3716 3841 3819 3881 ,ιε-

2304 3926 2544 3980 γοντας,
2576 3908 2666 3961 ὅτι
2687 3906 2754 3960 τὸ
2780 3902 3131 3975 ἀναληφθὲν
3158 3913 3333 3971 σωμα
3360 3918 3433 3969 τῃ
3458 3900 3597 3970 ἁγίᾳ
3627 3899 3821 3967 Τριάδι

2305 3980 2729 4051 συγκέκραται.

2309 4095 2432 4149 Ὅτι
2469 4093 2525 4147 δὲ
2557 4092 2651 4145 καὶ
2683 4088 2960 4161 ἀνελήφθη
3002 4088 3141 4159 μετά
3174 4088 3274 4158 τῆς
3323 4084 3620 4154 ἑνωθείσης
3671 4083 3821 4153 αύτῷ

2238 4188 2457 4261 σαρκὸς,
2499 4185 2617 4248 πῶς
2646 4184 2712 4237 ἂν
2740 4181 3031 4235 ὲνδοιάσειέ
3061 4197 3187 4245 τις;
3235 4178 3342 4232 Τὸν
3370 4176 3480 4248 γάρ
3514 4178 3579 4229 ὲκ
3608 4175 3821 4247 νεκρῶν

552 4263 679 4330 tuis,
721 4264 895 4335 ipstnn
940 4265 1208 4331 videlicet,
1244 4268 1386 4322 sicut
1423 4270 1674 4337 apparuit
1721 4280 1776 4326 et
1818 4272 2123 4344 intelligitur

2235 4274 2627 4349 ἐγηγερμένον,
2660 4271 2822 4326 αὐτὸν
2849 4269 3111 4340 δηλονότι,
3140 4268 3261 4322 καθ’
3282 4268 3535 4339 ὂπέφηνε
3565 4266 3665 4319 καὶ
3693 4266 3821 4317 νοεῖ-

552 4357 738 4422 homo,
758 4358 1050 4413 collocavit
1084 4358 1246 4414 Pater
1291 4360 1343 4414 in
1374 4361 1567 4415 dextra
1611 4362 1792 4418 throni
1831 4366 2123 4437 maiestatis

2234 4386 2324 4423 ται
2354 4366 2659 4438 ἄνθρωπος,
2694 4361 2987 4417 κεκάθικεν
3017 4363 3043 4415 6
3073 4358 3264 4431 Πατὴρ
3300 4360 3349 4414 ὲν
3379 4359 3529 4428 δεξιᾷ
3566 4355 3664 4410 τοῦ
3699 4356 3822 4427 θρό-

552 4451 606 4503 in
630 4450 887 4517 excelsis,
919 4468 1078 4520 supra
1115 4468 1329 4509 omnem
1377 4456 1765 4527 principatum,
1798 4468 1853 4514 et
1891 4471 2132 4529 potesta-

2235 4478 2326 4515 νου
2353 4460 2449 4529 τῆς
2475 4454 2861 4528 μεγαλωσύνης
2885 4454 2945 4507 ὲν
2968 4453 3081 4516 τοῖς
3101 4452 3344 4523 ὑψηλοῖς,
3366 4450 3624 4519 ὑπεράνω
3643 4448 3821 4517 πάσης

553 4550 684 4607 tem,
719 4552 773 4596 et
807 4543 1253 4610 dominationem,
1285 4556 1340 4600 et
1374 4560 1537 4615 supra
1574 4562 1736 4603 omne
1764 4564 1957 4604 nomen
1987 4550 2123 4622 quod

2238 4550 2413 4623 ἀρχῆς
2439 4548 2534 4602 καὶ
2572 4546 2838 4613 ἐξουσίας,
2874 4544 2967 4598 καὶ
2993 4542 3303 4614 δυνάμεως,
3334 4542 3428 4595 καὶ
3460 4539 3818 4612 κυριότητος,

552 4632 863 4687 nominatur
888 4635 955 4688 ⁷⁸.
988 4635 1177 4689 Veniet
1209 4646 1387 4690 autent
1416 4639 1490 4691 ita
1524 4653 1711 4693 rursus
1738 4654 1835 4695 suo
1866 4649 2128 4710 tempore.

552 4721 839 4779 Suffecerit
868 4735 1046 4779 autem
1074 4725 1141 4780 ad
1175 4727 1337 4797 hujus
1378 4728 1456 4783 rei
1497 4728 1653 4784 [idem
1688 4743 2000 4786 sanctorum
2029 4748 2129 4787 an-

550 4813 789 4881 gelorum
832 4830 957 4881 vox,
992 4817 1083 4885 qui
1107 4817 1600 4888 contemplantibus
1644 4822 1817 4892 ipsum
1866 4824 1919 4878 in
1965 4824 2131 4885 caelos

550 4906 961 4977 ascendentem,
1007 4916 1293 4977 postquam
1321 4924 1351 4964 e
1384 4912 1613 4968 mortuis
1643 4913 1934 4968 suscitatus
1961 4924 2128 4981 esset,

551 5006 738 5065 aperte
769 4998 1072 5054 clamarunt
1098 5017 1113 5056 :
1151 5020 1170 5053 ι
1207 5000 1306 5057 Hic
1330 5012 1414 5058 est
1436 5001 1594 5060 Jesus
1623 5012 1936 5074 assumptus
1960 5020 1992 5061 a
2032 5022 2128 5061 vo-

552 5087 671 5152 bis;
700 5088 789 5143 bic
814 5092 994 5145 veniet
1015 5091 1204 5146 eodem
1232 5094 1395 5148 modo
1413 5108 1521 5163 quo
1543 5096 1717 5166 ipsum
1751 5096 1963 5151 vidistis
1995 5113 2129 5151 eun-

552 5188 660 5232 tem
688 5178 741 5233 in
768 5178 964 5235 caelum
1007 5182 1075 5236 ".
1124 5202 1143 5235 ι
1176 5181 1234 5237 Si
1281 5199 1411 5255 ergo
1440 5186 1534 5256 qui
1581 5186 1968 5256 assumptionis
2013 5186 2132 5257 ejus

553 5279 886 5341 spectatores
914 5273 1148 5341 fuerunt,
1170 5274 1404 5331 Verbum
1420 5291 1587 5331 carne
1612 5287 1830 5333 exutum
1858 5278 2130 5332 viderunt:

557 5360 752 5414 merito
784 5363 1027 5417 nonnulli
1059 5366 1224 5419 etiam
1268 5366 1342 5419 ita
1388 5375 1677 5421 venturum
1723 5382 1846 5421 eum
1888 5368 2133 5437 suspica-

559 5463 764 5509 rentur.
802 5455 937 5510 Cum
984 5472 1110 5512 vero
1141 5459 1344 5513 sanctis
1383 5459 1644 5529 apostolis
1671 5460 2033 5515 certissimam
2069 5461 2131 5515 li-

558 5541 680 5601 dem
719 5546 929 5615 fecerit,
975 5550 1246 5620 palpabile
1287 5567 1485 5621 corpus
1529 5567 1685 5607 suum
1732 5553 2046 5619 ostendens,
2078 5563 2134 5609 et

559 5639 638 5691 sic
662 5649 969 5710 assumptus
1004 5653 1086 5697 est
1116 5659 1128 5696 :
1167 5642 1240 5698 ita
1278 5656 1493 5697 rursum
1523 5650 1785 5699 venturus
1820 5655 1927 5708 cst,
1960 5658 2132 5713 neque

637 5813 678 5845 ⁷¹
706 5814 902 5884 Epltcs.
936 5831 973 5881 ι,
1001 5816 1092 5870 21.
1169 5817 1361 5874 "Act.
1398 5833 1436 5883 ι,
1474 5816 1571 5887 11.-

2237 4644 2333 4697 καὶ
2380 4639 2580 4703 παντὸς
2624 4637 2889 4709 ὀνόματος
2937 4635 3363 4707 ὀνομαζομένου.
3397 4633 3557 4700 Ἥξει
3583 4632 3641 4685 δὲ
3678 4630 3821 4684 οῦτω

2236 4733 2377 4787 κατά
2416 4728 2664 4802 καιρούς.
2714 4729 2825 4780 Καὶ
2864 4726 3091 4797 ἀρκέσει
3130 4724 3268 4794 πρὸς
3310 4723 3467 4777 τοῦτο
3502 4722 3615 4776 τῶν
3650 4723 3819 4790 ἁγίων

2235 4825 2484 4895 ἀγγέλων
2516 4824 2548 4893 ἡ
2581 4819 2733 4891 φωνὴ
2762 4820 2876 4884 τοῖς
2926 4818 3221 4887 θεωμένοις
3262 4816 3426 4871 αὐτὸν
3460 4816 3820 4871 ἀναϐαίνοντα

2239 4918 2376 4991 μετά
2404 4917 2504 4986 τὴν
2535 4917 2600 4967 ἐκ
2628 4912 2836 4982 νεκρῶν
2864 4912 3181 4975 ἀναϐίωσιν,
3204 4909 3507 4980 ἀναφανδὸν
3538 4906 3816 4977 βοώντων·

2243 5029 2261 5062 ι
2299 5002 2465 5070 Οὗτος
2512 5008 2541 5059 6
2593 5003 2802 5075 Ἰησοῦς
2842 5004 2871 5055 6
2906 5001 3235 5073 ἀναληφθεὶς
3282 5002 3375 5070 ἀφ’
3422 5001 3600 5071 ὑμῶν,
3650 4999 3823 5062 οὕτως

2236 5101 2537 5164 ἐλεύσεται,
2571 5098 2629 5151 ὃν
2661 5096 2861 5168 τρόπον
2892 5094 3191 5149 ἐθεάσασθε
3243 5094 3406 5147 αὐτὸν
3450 5093 3820 5164 πορευόμενον

2234 5192 2317 5253 είς
2355 5189 2449 5241 τὸν
2478 5185 2727 5257 οὐρανόν.
2756 5204 2775 5237 ι
2812 5187 2885 5243 El.
2911 5185 3010 5256 μὲν
3036 5179 3135 5238 οῦν
3155 5184 3202 5237 οἱ
3242 5184 3340 5255 τῆς
3370 5183 3697 5254 ἀναλήψεως
3727 5184 3819 5237 αύ-

2234 5279 2330 5335 τοῦ
2359 5278 2556 5349 θεωροὶ
2587 5275 2895 5345 γεγονότες,
2931 5276 3138 5346 γυμνὸν
3163 5275 3262 5345 τῆς
3297 5274 3500 5346 σαρκὸς
3533 5276 3627 5328 τὸν
3653 5275 3820 5343 Λόγον

2234 5368 2543 5430 τεθέανται,
2572 5364 2716 5419 οὕτω
2735 5365 2896 5420 αὐτὸν
2930 5365 3023 5419 καὶ
3050 5364 3201 5436 ἥξειν
3221 5364 3627 5419 ὑπονοείτωσάν
3656 5380 3816 5426 τινες.

2238 5461 2301 5512 Ei
2345 5460 2402 5513 δὲ
2436 5456 2896 5528 πεπληροςρόρηκε
2939 5458 3066 5519 τοὺς
3114 5456 3304 5524 ἁγίους
3345 5453 3723 5517 ἀποστόλους,
3762 5452 3819 5504 τὸ

2235 5548 2555 5629 ψηλαφητόν
2575 5549 2758 5613 αὐτοῖς
2780 5549 2940 5619 σῶμα
2967 5547 3163 5613 δείξας,
3188 5547 3280 5600 καὶ
3307 5545 3484 5609 οὕτως
3506 5544 3785 5616 ἀνελήφθη
3799 5558 3815 5573 ο

2235 5643 2379 5697 οὔτω
2427 5641 2588 5698 πάλιν
2622 5641 2921 5707 ἐλεύσεται,
2967 5640 3058 5693 καὶ
3092 5640 3190 5693 οὐκ
3224 5639 3288 5694 ἂν
3320 5637 3677 5705 διαψεύσαιτο
3710 5638 3818 5692 τῶν
