4146 6502
378 470 513 526 lll7

1370 478 1743 536 ADVERSUS
1786 477 2589 537 ANTIIROI‘OMORPHITAS.

3499 475 3644 530 1118

372 585 542 661 ἁγίων
570 583 883 639 ἀποστόλων
912 586 940 640 ό
974 586 1061 640 ἐπ’
1093 588 1241 660 αὐτῴ
1275 589 1451 661 λόγος.
1488 593 1654 647 Ἀλλὰ
1696 594 1830 666 μηδέ
1875 612 1954 648 τι·

2061 598 2287 667 apostoli
2334 598 2471 653 falsa
2498 598 2563 651 de
2608 596 2725 667 ipso
2757 594 3118 665 praedicarim.
3164 594 3333 651 Porro
3364 608 3540 665 neque
3575 595 3639 650 il—

370 692 459 739 νες
489 678 663 730 έκεῖνο
686 676 871 741 κακῶς
896 678 1339 748 φανταξέτωσαν,
1378 684 1514 754 μήτε
1549 683 1656 756 μὴν
1697 686 1949 739 ὑπονοεί·

370 782 570 832 τωσαν,
603 767 686 821 ὅτι
716 767 778 821 τὸ
808 768 1006 823 ένωθὲν
1044 770 1202 843 σῶμα
1229 773 1309 844 τῷ
1343 774 1503 847 Λόγῳ
1548 779 1612 848 τῇ
1648 777 1809 848 φύσει
1850 778 1953 847 τῆς

372 858 531 926 ἁγίας
557 858 785 930 Τριάδος
814 862 1204 935 συγκέκραται.
1247 864 1556 937 Ἀμήχανον
1582 867 1714 940 γὰρ,
1738 869 1953 939 ἐκείνην

370 949 467 1018 τὴν
502 950 835 1022 ἀπόρρητον,
866 955 961 1008 καὶ
1001 955 1279 1028 ὑπερφυᾶ,
1324 960 1420 1011 καὶ
1458 959 1660 1025 παντὸς
1692 959 1953 1015 ἐπέκεινα

372 1041 467 1094 καὶ
494 1041 586 1096 νοῦ
616 1042 711 1098 καὶ
737 1042 896 1115 λόγου
927 1047 1225 1121 νοουμένην
1245 1049 1454 1117 οὐσίαν,
1474 1052 1793 1124 προσθήκην
1810 1053 1952 1122 τινὰ,

371 1131 466 1186 καὶ
499 1134 735 1205 μάλιστα
770 1139 869 1210 τῆς
904 1137 1104 1204 ἔξωθεν
1142 1141 1238 1195 καὶ
1282 1140 1476 1215 ἑτέρας
1507 1142 1745 1213 φύσεως,
1789 1143 1953 1200 δύνα-

373 1223 495 1277 σθαι
528 1222 713 1279 λαϐεῖν
729 1243 743 1257 ·
767 1226 883 1283 ἔστι
907 1229 1018 1301 γὰρ
1044 1233 1103 1285 έν
1129 1233 1242 1295 τοῖς
1270 1232 1394 1287 καθ’
1416 1234 1610 1289 ἑαυτὸν
1640 1234 1951 1303 παντέλεια,

372 1315 467 1368 κα)⁵
504 1314 627 1370 οὔτε
665 1319 785 1373 τινα
824 1321 1051 1392 μείωσιν
1091 1322 1419 1395 ἐπιδέχεται,
1448 1323 1539 1379 διὰ
1578 1325 1637 1379 τὸ
1667 1325 1956 1398 ἀτρέπτως

372 1406 466 1460 καὶ
513 1407 889 1477 ἁναλλοιὼτως
935 1413 1081 1485 ἔχειν
1126 1415 1250 1478 ἀεὶ,
1292 1415 1417 1471 οὔτε
1473 1417 1614 1490 μὴν,
1659 1419 1733 1482 ὡς
1784 1418 1950 1489 ἔφην,

372 1498 690 1573 προσθήκης
716 1500 785 1557 ἂν
812 1502 985 1558 δέοιτό
1015 1522 1181 1571 τινος.
1210 1506 1664 1578 Περιττολογοῦσι
1693 1508 1873 1562 τοίνυν
1904 1509 1953 1562 οι

372 1591 438 1642 ὲκ
475 1590 675 1663 πολλῆς
708 1590 978 1664 ἁμαθείας
1022 1596 1166 1652 κατὰ
1213 1597 1517 1669 σύγκρασιν
1559 1601 1728 1671 ήγουν
1764 1616 1955 1653 συνου-

376 1680 495 1735 σίαν
517 1682 626 1739 τῶν
650 1687 708 1740 έν
738 1689 805 1758 τῇ
848 1687 1007 1758 φύσει
1032 1690 1131 1761 τῆς
1161 1691 1322 1761 ἁγίας
1350 1693 1584 1764 Τριάδος
1614 1694 1865 1764 χωρῆσαι
1895 1691 1955 1745 τὸ

375 1772 534 1845 σῶμα
565 1776 831 1847 λέγοντες.
879 1781 1210 1853 Διακείμεθα
1240 1785 1366 1855 νγὰρ
1412 1786 1510 1856 οὐχ
1557 1783 1731 1849 οὕτως
1771 1786 1952 1855 ἡμεῖς,

370 1866 489 1919 ἁλλ’
521 1866 688 1942 ὀρθήν
731 1868 927 1943 ἔχομεν
956 1874 1082 1945 περὶ
1109 1873 1205 1929 τοῦ
1242 1876 1461 1929 πάντων
1502 1876 1659 1948 ήμῶν
1702 1877 1955 1948 Σωτῆρος

2055 688 2144 743 lud
2182 689 2425 743 nonnulli
2473 702 2755 757 perperam
2793 686 3181 755 imaginentur,
3217 688 3312 742 sed
3356 701 3424 742 ne
3464 689 3641 756 suspi-

2054 792 2245 834 centur
2276 780 2528 848 quidem:
2559 792 2759 849 corpus
2801 775 2983 831 Verbo
3035 777 3246 831 unitum
3277 788 3481 834 sanctae
3513 778 3637 833 Tri-

2054 872 2245 928 uitatis
2295 881 2505 926 natura:
2543 869 2889 925 commistum
2939 866 3127 923 fuisse.
3158 866 3300 923 Fieri
3339 873 3482 924 enim
3533 887 3639 926 non

2053 975 2252 1036 potem,
2285 973 2343 1019 ut
2370 965 2436 1018 ad
2471 961 2798 1019 ineffabilem
2846 960 2990 1015 illam
3013 968 3069 1013 et
3103 959 3636 1020 immensam.omni-

2054 1073 2159 1128 que
2186 1056 2463 1112 intellectu
2505 1064 2562 1109 et
2599 1052 2781 1110 verbis
2824 1052 3164 1122 superiorem
3206 1052 3499 1107 essentiam
3543 1069 3639 1108 ac-

2053 1149 2231 1204 cessio
2281 1146 2483 1216 aliqua,
2527 1161 2591 1200 ac
2634 1142 2978 1214 potissimum
3028 1149 3303 1197 extraneae
3347 1150 3512 1211 atque
3560 1142 3639 1198 di-

2055 1247 2489 1302 versae-naturae,
2523 1237 2633 1291 tiat.
2685 1235 2782 1291 Est
2829 1234 2975 1290 enim
3018 1233 3071 1288 in
3110 1248 3171 1288 se
3209 1233 3320 1300 ipsa
3354 1232 3638 1304 perfectis-

2055 1334 2213 1397 sima,
2271 1329 2512 1399 nullique
2549 1325 2912 1382 imminutioni
2970 1325 3203 1380 obnoxia
3242 1342 3255 1378 :
3303 1326 3640 1395 quandoqui-

2054 1422 2175 1476 dem
2230 1420 2282 1474 in
2318 1420 2485 1489 ipsam
2542 1416 2684 1473 nulla
2732 1415 2891 1487 plane
2940 1415 3170 1469 mutatio
3226 1416 3342 1472 sive
3389 1416 3637 1471 alteratio

2057 1516 2230 1577 ('zulit,
2263 1528 2439 1582 neque
2467 1519 2782 1583 augmento,
2825 1519 2885 1563 ut
2912 1508 3042 1573 dixi,
3087 1507 3197 1564 ullo
3229 1508 3454 1578 indiget.
3490 1508 3640 1564 Vana

2057 1605 2237 1674 itaque
2267 1615 2323 1660 et
2370 1603 2546 1658 inanis
2576 1612 2660 1659 est
2706 1616 2897 1657 eorum
2939 1599 3147 1669 Opinio,
3184 1600 3304 1669 qui,
3338 1616 3449 1671 pra!
3478 1602 3642 1656 nimia

2056 1696 2294 1765 inscitia,
2342 1695 2643 1752 secundum
2688 1692 3122 1749 commistionem
3177 1692 3293 1747 sive
3325 1693 3640 1758 coitionem,

2058 1787 2110 1842 in
2147 1787 2259 1858 ipsa
2286 1795 2491 1843 sanctae
2535 1784 2821 1840 Trinitatis
2852 1792 3045 1839 natura
3076 1783 3290 1854 corpori
3317 1783 3492 1839 locum
3522 1799 3642 1839 esse

2059 1876 2412 1933 contendunt.
2466 1873 2656 1946 Neque
2697 1875 2843 1930 enim
2907 1889 3007 1931 nos
3053 1874 3127 1929 ita
3188 1874 3493 1936 sentimus:
3546 1876 3641 1930 sed

373 1958 608 2027 Χριστοῦ
646 1961 744 2033 τὴν
772 1962 949 2028 δόξαν.
973 1965 1156 2036 Φαμὲν
1195 1966 1303 2038 γάρ
1350 1966 1513 2021 αὐτὸν
1544 1969 1635 2020 τὸν
1683 1968 1953 2038 μονογενῆ

2059 1980 2261 2025 rectam
2307 1968 2591 2038 sequimur
2621 1968 2687 2021 de
2716 1966 2933 2022 Christo
2967 1967 3206 2021 omnium
3241 1977 3485 2021 nostrum
3520 1967 3641 2022 Sal-

378 2051 550 2119 Λὸγον
602 2054 1020 2126 ὲνανθρωπῆσαι
1053 2057 1145 2119 τὸν
1191 2058 1324 2112 Θεὸν
1353 2056 1471 2130 [τοῦ
1495 2056 1631 2112 Θεοῦ
1650 2057 1719 2134 ?],
1746 2059 1847 2112 οὐκ
1876 2059 1959 2122 εἰς

378 2145 555 2214 σάρκα
594 2144 695 2216 τὴν
742 2147 877 2200 ίδίαν
907 2147 1069 2218 φύσιν
1117 2152 1580 2221 μεταποιήσαντα,
1618 2149 1732 2204 ἁλλ’
1760 2151 1825 2205 ἐκ
1857 2151 1959 2222 τῆς

373 2236 534 2303 ἁγίας
588 2237 862 2309 Παρθένου
916 2238 1149 2296 λαϐόντα
1214 2242 1420 2313 αὐτὴν,
1466 2242 1667 2314 ἦξοντά
1736 2260 1795 2295 τε
1860 2244 1958 2299 σὺν

376 2328 510 2399 αὐτῇ
556 2328 717 2384 πάλιν
754 2331 813 2385 ὲν
851 2334 919 2404 τῇ
946 2332 1073 2407 δόξῃ
1101 2331 1196 2387 τοῦ
1230 2336 1444 2398 Πατοὸς
1478 2334 1615 2405 μετὰ
1642 2334 1753 2389 τῶν
1778 2334 1955 2405 ἁγίων

372 2418 640 2487 ἀγγέλων.

949 2539 1206 2596 ΚΕΦΛΛ.
1239 2539 1369 2594 ΚΒ¹.

373 2621 493 2679 Ὅτι
518 2622 617 2679 διὰ
647 2623 757 2699 τῆς
782 2626 939 2695 ἰδίας
959 2628 1198 2699 ,σαρκὸς
1235 2628 1471 2699 ἐνεργεῖ
1494 2629 1602 2697 τὰς
1633 2628 1959 2699 θεοσημίας

866 2697 1012 2767 Θεὸς
1048 2699 1135 2753 ὢν
1179 2703 1213 2753 ό
1250 2697 1459 2769 Λόγος.

444 2806 759 2879 Ἄνθρωπον
804 2809 861 2863 δὲ
890 2811 982 2865 τὸν
1026 2811 1293 2883 μονογενῆ
1332 2811 1511 2879 Λόγον
1541 2810 1635 2865 τοῦ
1679 2810 1815 2865 Θεοῦ
1863 2828 1957 2880 γε-

370 2896 557 2952 νέσθαι
591 2899 793 2970 φαμὲν,
822 2900 920 2971 οὐχ
966 2902 1056 2956 ἵνα
1083 2901 1144 2955 τὸ
1173 2896 1313 2955 εἶναι
1350 2901 1485 2965 Θεὸς
1528 2900 1801 2971 ἀποϐάλῃ,
1835 2899 1955 2955 ἁλλ’

369 2987 483 3043 οὔθ’
507 2990 593 3045 ἵνα
619 2991 825 3061 γυμνὸς
853 2994 1023 3046 νοοῖτο
1049 2992 1243 3062 Λόγος,
1274 2991 1703 3063 ὲνανθρωπήσας
1728 2991 1786 3046 δὲ
1821 2990 1957 3062 μᾶλ-

371 3080 481 3145 λον,
515 3082 611 3135 καλ⁹
642 3082 774 3137 ῐδιον
818 3082 978 3154 σῶμα
1019 3084 1392 3155 ποιησάμενος
1424 3085 1485 3138 τὸ
1513 3085 1577 3137 ὲκ
1607 3084 1707 3153 τῆς
1740 3083 1955 3156 Παρθέ-

371 3187 463 3222 νου
497 3170 590 3225 καὶ
621 3170 904 3227 Θεοτόκου.
938 3173 1147 3228 Οὐκοῦν
1172 3174 1201 3226 ό
1230 3172 1465 3244 Χριστὸν
1489 3172 1795 3244 ὀνομάζων,
1829 3172 1954 3227 οὗτε

2059 2072 2246 2115 vatore
2293 2060 2641 2116 sententiam.
2690 2059 2930 2114 Dicimus
2979 2058 3122 2113 enim
3172 2057 3508 2130 unigenitum
3543 2057 3638 2113 Dei
3684 2114 3685 2117 η

2064 2152 2296 2209 Verbum
2331 2152 2677 2208 incarnatum
2723 2165 2866 2216 esse,
2908 2165 3015 2205 non
3054 2150 3271 2220 propria
3319 2165 3416 2205 sua
3447 2160 3639 2204 natura

2058 2244 2113 2301 in
2164 2259 2381 2300 carnem
2438 2244 2601 2315 392
2661 2252 3043 2307 transmutata,
3089 2243 3183 2299 sed
3233 2258 3297 2298 ea
3337 2257 3402 2297 ex
3455 2257 3642 2297 sacro-

2058 2345 2243 2392 sancta
2284 2335 2508 2407 Virgine
2548 2344 2808 2406 acciepta:
2848 2345 3247 2405 venturumque
3284 2349 3407 2389 cum
3452 2334 3638 2390 eadem

2056 2443 2223 2486 carne
2255 2443 2468 2485 rursum
2498 2429 2552 2483 in
2590 2427 2782 2499 gloria,
2819 2442 2941 2480 cum
2972 2426 3179 2480 sanctis
3210 2425 3440 2496 angelis.

2620 2535 2847 2592 CAPUT
2901 2532 3068 2593 ΧΧΙΙ.

2059 2630 2216 2697 Quod
2267 2645 2359 2700 per
2410 2628 2678 2700 propriam
2747 2643 2989 2700 carn_e_m_
3022 2626 3280 2681 miracula
3327 2625 3446 2681 edat
3501 2623 3640 2679 Deus

2567 2699 2827 2753 exsistam
2866 2694 3115 2751 Verbum.
3244 2730 3247 2731 ν
3494 2700 3495 2703 “

2128 2812 2410 2869 Hominem
2447 2827 2597 2876 vero,
2641 2811 2975 2881 unigenitum
3010 2810 3107 2867 Dei
3152 2810 3386 2867 Verbum
3436 2812 3638 2867 factum

2058 2906 2228 2961 fuisse
2282 2904 2535 2969 dicimus,
2592 2918 2695 2959 non
2740 2912 2799 2957 ut
2847 2903 3118 2959 desineret
3159 2916 3281 2958 esse
3329 2902 3503 2966 Deus,
3544 2903 3641 2957 sed

2060 3010 2234 3067 neque
2263 3005 2321 3052 ut
2352 2997 2553 3052 nudum
2588 2994 2920 3065 intelligatur
2953 2991 3210 3059 Verbum,
3250 2993 3343 3048 sed
3372 2994 3550 3060 potius
3581 3002 3640 3045 ut

2059 3088 2423 3153 incarnatum,
2478 3085 2759 3156 proprium
2808 3084 2911 3139 sibi
2956 3098 3154 3152 corpus
3198 3097 3265 3137 ex
3322 3081 3539 3153 Virgine
3585 3092 3642 3136 et

2057 3178 2285 3249 Deipara
2313 3176 2573 3234 alliceret.
2600 3175 2893 3243 Quocirca,
2929 3174 3022 3244 qui
3057 3174 3333 3249 Qliristum
3373 3173 3640 3240 nominat,

374 3262 547 3329 Λόγον
572 3264 829 3334 σημαίνει
863 3265 1089 3336 γυμνὸν,
1118 3264 1241 3318 οὗτε
1268 3264 1555 3337 ἄνθρωπον
1586 3264 1786 3330 κοινὸν,
1817 3266 1852 3337 ἢ
1878 3264 1953 3331 ὡς

2059 3286 2165 3325 non
2220 3269 2424 3345 nudum
2483 3266 2720 3324 Verbum
2772 3266 3074 3338 signiﬁcat,
3132 3278 3308 3334 neque
3368 3264 3641 3319 hominem

370 3354 467 3407 Eva
512 3353 620 3408 τῶν
658 3355 780 3409 καθ’
807 3358 981 3427 ἡμᾶς·
1013 3357 1089 3421 ὡς
1126 3356 1265 3429 ἔφην
1305 3356 1397 3423 δὲ,
1444 3356 1952 3429 ὲνανθρωπήσαντα

370 3445 461 3499 τὸν
488 3447 551 3500 ὲκ
575 3446 710 3501 Θεοῦ
733 3448 944 3517 Πατρὺς
970 3449 1168 3517 Λόγον,
1198 3450 1293 3504 καὶ
1321 3447 1683 3519 κεχρισμένον
1712 3449 1794 3511 εἰς
1818 3448 1957 3502 ἁπο-

372 3538 587 3610 στολήν.
635 3538 711 3593 Οὐ
761 3540 869 3612 γὰρ
913 3540 1200 3613 ἄνθρωπος
1247 3539 1605 3611 ὲθεοποιήθη,
1637 3539 1786 3595 καθά
1822 3539 1956 3611 φασί

369 3647 542 3697 τινες,
569 3630 792 3695 ένωθεὶς
821 3631 901 3703 τῷ
928 3632 1108 3702 Λόγῳ,
1143 3632 1260 3687 ἁλλ’
1302 3632 1465 3697 αὐτὸς
1494 3633 1523 3685 ὁ
1554 3633 1728 3701 Λόγος
1772 3631 1954 3701 σάρκα

370 3724 568 3789 λαϐὼν,
602 3727 694 3779 καὶ
717 3726 1008 3797 γενόμενος
1034 3725 1346 3797 ἄνθρωπος,
1387 3724 1663 3799 μεμένηκε
1690 3725 1785 3781 καὶ
1814 3724 1958 3779 οὕτω

372 3816 524 3879 Θεός.
556 3816 720 3871 Ὅταν
750 3811 845 3872 οὖν
874 3818 973 3882 τάς
1008 3816 1306 3889 θεοσημίας
1336 3815 1650 3889 ἐργάζεται,
1683 3817 1760 3889 μὴ
1790 3816 1958 3889 διορί-

376 3922 474 3969 σας
501 3906 605 3959 ἁνὰ
650 3908 816 3978 μέρος
841 3906 940 3977 τῆς
981 3906 1146 3976 ἁγίας
1173 3907 1375 3980 σαρκὸς
1405 3906 1569 3961 αὑτοῦ
1612 3907 1703 3961 τὸν
1730 3910 1794 3961 ὲκ
1820 3907 1956 3962 Θεοῦ

373 3998 566 4066 Λόγον,
592 3999 739 4070 αὑτῷ
790 3997 932 4052 κατὰ
978 3999 1150 4070 μονὴν
1198 4000 1298 4071 τὴν
1339 3998 1433 4051 ἐπὶ
1477 4001 1573 4070 τῆς
1627 3998 1958 4069 τελουμένης

374 4089 581 4163 mon;
607 4089 835 4161 δύναμιν
861 4088 997 4163 (15)⁶
1024 4090 1133 4146 νόει
1159 4091 1218 4145 δὲ
1246 4090 1446 4162 μᾶλλον
1474 4090 1735 4157 εὐσεϐῶς,
1766 4092 1847 4145 ὅτι
1876 4107 1960 4160 γε-

374 4183 594 4254 νόμενος
624 4182 915 4255 ἄνθρωπος
944 4184 974 4238 ὁ
1010 4184 1310 4254 μονογενὴς
1341 4183 1514 4251 Λόγος
1542 4181 1636 4236 τοῦ
1674 4181 1833 4247 Θεοῦ,
1866 4181 1960 4236 καὶ

372 4274 462 4329 διὰ
500 4275 599 4345 τῆς
648 4274 784 4339 ἰδίας
820 4276 988 4331 αὐτοῦ
1035 4276 1240 4347 σαρκὸς
1288 4274 1551 4338 πολλάκις
1584 4275 1837 4347 ἐνήργει,
1882 4274 1959 4338 ὡς

378 4367 511 4421 ἰδίαν
540 4367 677 4439 ἔχων
707 4368 903 4440 αὐτὴν,
931 4368 993 4423 οὐ
1026 4367 1171 4424 κατὰ
1205 4367 1467 4439 σύγχυσιν
1501 4367 1534 4438 ἢ
1576 4366 1814 4440 φυρμόν.
1848 4366 1960 4421 Καὶ

374 4460 559 4530 ὥσπερ
588 4460 703 4514 ἐστι
732 4464 873 4516 νοεῖν
901 4461 1041 4534 ὑπὲρ
1071 4460 1366 4533 ἀνθρώπου
1398 4460 1671 4525 τέκτονος,
1712 4460 1958 4530 τεχνίτου

374 4553 552 4625 τυχὸν,
578 4553 610 4625 ἢ
639 4553 1025 4626 σιδηρέως,ὅτι
1054 4557 1200 4609 ποιεῖ
1228 4554 1297 4608 τά
1325 4552 1463 4625 ἔργα
1495 4553 1637 4607 κατὰ
1661 4554 1679 4574 ’
1704 4552 1797 4607 τοῦ
1828 4552 1958 4606 ἰδίου

2056 3363 2358 3433 vulgarem,
2390 3360 2474 3417 vel
2523 3370 2781 3430 tanquam
2815 3374 2979 3413 unum
3008 3357 3183 3413 nostri
3212 3354 3443 3412 similem
3476 3373 3491 3410 :
3524 3357 3641 3421 sed,

2058 3464 2117 3509 ut
2142 3453 2278 3518 dixi,
2321 3452 2665 3509 incarnatum
2714 3465 2782 3505 ex
2818 3449 2926 3505 Deo
2956 3448 3119 3506 Patre
3147 3447 3407 3516 Verbum,
3455 3458 3509 3504 et
3538 3464 3641 3502 uu-

2058 3553 2202 3600 ctum
2233 3546 2286 3601 in
2316 3544 2698 3614 apostolatum.
2726 3539 2915 3613 Neque
2942 3541 3085 3597 enim
3115 3542 3301 3608 homo,
3330 3549 3390 3596 ut
3422 3540 3641 3611 quidam

2057 3636 2269 3703 volunt,
2310 3636 2454 3692 Deus
2502 3644 2588 3691 est
2616 3634 2865 3700 ell‘ectus,
2909 3633 3096 3689 unitus
3133 3631 3353 3688 Verbo:
3388 3632 3483 3688 sed
3512 3629 3645 3687 Ver-

2057 3728 2186 3784 bum
2220 3729 2392 3798 ipsum
2429 3742 2595 3783 carne
2643 3735 2920 3797 assumpta
2975 3726 3135 3780 homo
3171 3725 3394 3790 factum,
3442 3723 3643 3783 mansit

2057 3824 2218 3880 etiam
2246 3822 2412 3877 Deus.
2458 3819 2593 3875 Cum
2629 3818 2796 3889 igitur
2845 3815 3105 3873 miracula
3144 3815 3280 3882 edit,
3316 3828 3385 3869 ne
3412 3814 3641 3869 seorsim

2057 3929 2371 3987 separansa
2422 3920 2610 3969 sancta
2663 3910 2833 3981 ipsius
2880 3922 3051 3964 carne
3094 3905 3332 3962 Verbum
3374 3905 3494 3971 Dei,
3538 3905 3642 3960 soli

2058 4007 2159 4076 ipsi
2193 4008 2302 4061 vim
2334 4001 2582 4059 miraculi
2619 4000 2751 4056 editi
2785 3998 3036 4054 tribuas:
3081 4000 3178 4053 sed
3224 3997 3298 4052 ita
3340 3998 3519 4067 potius
3556 3996 3645 4066 pie

2056 4100 2258 4170 cogita,
2305 4095 2645 4167 unigenitum
2693 4093 2789 4149 Dei
2833 4090 3070 4149 Verbum
3120 4090 3397 4146 hominem
3441 4091 3641 4144 factum

2056 4190 2219 4246 etiam
2246 4202 2341 4259 per
2372 4187 2651 4258 propriam
2686 4198 2837 4239 suam
2865 4196 3083 4238 carnem
3118 4195 3490 4251 saepenumero
3513 4194 3643 4249 0pc-

2060 4290 2232 4335 ratum
2262 4294 2402 4345 esse,
2450 4278 2647 4356 quippe
2670 4277 2759 4347 qui
2793 4274 3067 4346 propriam
3102 4274 3247 4328 illam
3292 4273 3396 4327 sibi
3441 4272 3644 4326 habue-

2059 4374 2151 4438 rit,
2196 4388 2302 4427 non
2350 4386 2446 4441 per
2504 4369 2879 4425 confusionem
2938 4375 2994 4421 et
3047 4363 3515 4421 commistioncm.
3567 4367 3646 4418 Ac
3735 4392 3740 4398 -

2059 4462 2514 4535 quemadmodum
2565 4456 2795 4529 intelligi
2849 4464 3032 4527 potest
3075 4455 3144 4511 de
3179 4453 3331 4509 fabro
3381 4451 3646 4523 (lignario

2061 4563 2184 4624 puta
2215 4556 2298 4610 vel
2329 4551 2621 4623 ferrario),
2644 4551 2789 4621 quod
2819 4557 3076 4619 operatur
3098 4546 3316 4617 quidem
3341 4546 3519 4600 anima
3549 4559 3645 4615 per

378 4645 625 4717 σώματος
653 4648 687 4717 ή
724 4646 871 4718 ψυχή
893 4664 909 4679 ’
944 4648 1041 4701 καὶ
1072 4647 1173 4702 οὐκ
1210 4646 1277 4701 ἄν
1310 4663 1397 4710 τις
1433 4646 1577 4699 εἴποι
1609 4644 1790 4715 ψυχῆς
1820 4644 1954 4715 ἔργα

2062 4645 2336 4717 prOprium
2368 4659 2596 4713 corpus;
2631 4655 2792 4696 nemo
2824 4650 3001 4694 tamen
3033 4635 3425 4693 dixeritsolius
3454 4634 3647 4689 anima:

378 4737 543 4808 μόνης
586 4732 745 4802 εἶναι,
792 4738 897 4793 κᾶν
930 4739 1070 4811 αὑτὴ
1113 4740 1256 4793 κινεῖ
1300 4739 1439 4808 πρὸς
1483 4737 1622 4807 ἔργα
1656 4737 1718 4790 τὸ
1754 4735 1951 4806 σῶμα,

372 4827 507 4883 ἀλλὰ
533 4829 624 4883 τοῦ
661 4830 1099 4903 συναμφοτέρου·
1132 4829 1277 4883 οὕτω
1305 4829 1412 4883 νόει
1445 4828 1539 4882 καὶ
1566 4828 1660 4882 ἐπὶ
1689 4826 1951 4898 Χριστοῦ.

374 4920 485 4992 Πρὸ
510 4920 608 4993 μὲν
632 4922 741 4994 γὰρ
764 4923 864 4994 τῆς
887 4923 1353 4995 ὲνανθρωπήσεως
1376 4922 1582 4992 γυμνὸς
1608 4919 1682 4975 ὢν
1710 4919 1791 4974 ἔτι
1829 4921 1951 4975 καθ’

350 5013 561 5093 ,ἑαυτὸν
586 5015 615 5067 ό
653 5013 825 5083 Λόγος
855 5014 1150 5087 ἐργάζεται
1178 5014 1245 5068 τὰ
1275 5015 1590 5085 θεοπρεπῆ·
1622 5014 1861 5084 γεγονὼς
1896 5014 1954 5068 δὲ

370 5101 684 5174 ἄνθρωπος,
727 5105 947 5177 ἐνήργει
994 5105 1090 5160 καὶ
1123 5105 1210 5159 διὰ
1259 5108 1360 5177 τῆς
1407 5106 1609 5177 σαρκὸς
1656 5104 1843 5171 αὑτοῦ,
1878 5106 1954 5171 ὡς

370 5194 529 5266 ἔφην’
557 5196 729 5261 οὕτως
756 5196 932 5269 ἥψατο
959 5196 1067 5250 τῶν
1088 5196 1323 5265 τυφλῶν,
1346 5196 1519 5261 οὕτως
1544 5198 1767 5269 ἤγειρεν
1793 5197 1955 5251 πάλιν

372 5286 464 5341 τὸν
504 5290 605 5358 τῆς
641 5290 817 5362 χήρας
844 5290 984 5356 υἱὸν,
1016 5290 1113 5361 τὴν
1154 5291 1312 5361 χεῖρα
1359 5289 1639 5354 ἐκτείνας,
1677 5289 1772 5344 καὶ
1814 5288 1955 5359 ἁψάο

374 5396 532 5448 μενος
577 5382 677 5451 τῆς
710 5382 900 5453 σοροῦ·
938 5381 1082 5436 οὕτω
1114 5382 1323 5446 πτύσας
1371 5381 1465 5435 καὶ
1503 5380 1673 5450 ηλὸν
1710 5381 1947 5451 ποιήσας

2059 4753 2180 4793 esse
2211 4751 2403 4806 Opera,
2432 4733 2650 4790 tametsi
2683 4733 2772 4789 illa
2800 4730 2991 4787 incitet
3020 4745 3084 4784 ac
3112 4736 3325 4784 moveat
3356 4741 3550 4796 corpus
3577 4726 3646 4779 ad

2060 4844 2217 4898 opus,
2251 4830 2347 4883 sed
2381 4828 2667 4896 utriusque
2695 4843 2710 4880 :
2745 4824 2819 4880 ita
2848 4838 3064 4892 quoque
3097 4818 3438 4876 sentiendum
3468 4826 3551 4874 est
3577 4818 3646 4871 de

2061 4921 2296 4976 Christo.
2383 4917 2517 4973 Nam
2575 4925 2703 4971 ante
2755 4913 3186 4969 incarnationem
3247 4909 3447 4964 nudum
3503 4907 3647 4964 exsi-

2060 5020 2211 5067 stens
2258 5010 2433 5066 adhuc
2472 5023 2568 5080 per
2609 5021 2670 5063 se
2718 5003 2953 5061 Verbum
2995 5015 3163 5072 opera
3209 4998 3379 5054 edidit
3419 4998 3643 5052 divina:

2062 5103 2225 5158 homo
2274 5112 2457 5156 autem
2501 5099 2732 5162 factum,
2766 5109 2863 5167 per
2906 5107 3126 5149 carnem
3163 5091 3330 5147 etiam
3381 5103 3558 5152 suam,
3589 5096 3648 5141 ut

2062 5195 2194 5258 dixi,
2225 5209 2392 5265 opera
2427 5192 2620 5249 edidit.
2649 5189 2726 5245 lta
2760 5189 2903 5243 enim
2932 5185 3174 5241 admovit
3200 5197 3421 5239 manum
3457 5179 3642 5243 cmcis,

2062 5282 2137 5338 ita
2172 5300 2387 5339 rursum
2433 5292 2654 5337 extensa
2704 5293 2865 5333 manu
2911 5275 3144 5332 loculum
3176 5274 3443 5345 attingens
3471 5271 3647 5326 susci-

2056 5374 2192 5430 tavit
2216 5376 2390 5430 viduze
2424 5374 2627 5427 lilium:
2668 5372 2739 5425 ita
2775 5371 2887 5424 luto
2912 5384 2978 5424 ex
3019 5378 3233 5438 sputoe
3293 5374 3437 5421 terra
3476 5363 3644 5426 facto,

372 5468 556 5540 ἔχρισε
587 5472 681 5526 τοῦ
710 5474 775 5526 ὲκ
801 5474 1023 5543 γενετῆς
1053 5471 1254 5543 τυφλοῦ
1280 5473 1406 5537 τοὺς
1429 5471 1765 5543 ὀφθαλμούς.
1793 5473 1856 5526 Εἰ
1887 5471 1945 5525 δὲ

2057 5470 2205 5524 unxit
2251 5468 2438 5524 oculos
2486 5467 2611 5522 οωσί
2654 5465 2725 5519 ab
2786 5473 2934 5519 ortu.
2994 5461 3052 5515 Si
3108 5472 3238 5513 vero
3281 5454 3645 5527 spiritualitet‘

1584 5629 1736 5685 BON.
1784 5626 2105 5685 VULCANII
2146 5625 2381 5683 NOTAE.

444 5787 556 5856 (15)
582 5788 746 5854 Αὐτῷ
778 5788 925 5843 κατὰ
953 5788 1154 5858 μονὴν
1188 5788 1301 5856 τὴν
1334 5787 1431 5841 ἐπὶ
1459 5786 1567 5855 τῆς
1609 5785 1954 5858 τελουμένηε

2058 5786 2260 5854 νάψῃς
2297 5786 2574 5858 δύναμιν.
2612 5783 2784 5858 Locus
2823 5791 3115 5858 corruptus
3137 5787 3199 5858 ,οι
3234 5774 3473 5858 mutilus.
3503 5770 3642 5858 _\'iile

373 5846 550 5911 an'ita'
595 5846 870 5914 emendari
914 5846 1108 5928 possit,
1144 5846 1293 5927 αὐτῷ
1343 5846 1659 5928 καταμόνας
1685 5846 1954 5928 τῆν’ὲλπὶῖε

2095 5846 2424 5927 τέλόυμένης
2450 5846 2801 5925 ’θεοσημεὶας
2835 5846 3047 5924 ἁνάψῂς
3089 5849 3341 5918 δύναμιν.
3395 5847 3449 5899 In
3503 5846 3645 5898 lianc

374 5928 555 5999 itaque
578 5927 922 5987 sententiam
943 5927 1133 5987 Latine
1166 5930 1395 5986 reddidi.
