3980 6518
440 443 573 498 ιιιο

1428 440 1490 494 s.
1530 426 1802 496 CYRILLI
1844 427 2313 496 AtexAantNt
2354 437 2673 495 ARCHIEP.

3590 418 3760 480 H20

434 556 598 610 etiam
630 553 779 612 vixit.
812 552 985 622 cogita
1019 567 1206 623 rJursus
1230 552 1370 621 quod
1398 553 1682 608 traducens
1714 555 1999 607 humanam

2121 556 2203 608 tati.
2232 555 2615 626 πνευματικῶς
2652 555 2858 625 διῆγεν,
2896 552 3067 607 ἐννόει
3098 549 3283 611 πάλιν,
3313 546 3399 600 ὅτι
3435 543 3758 599 ἀναειεὰ-

435 655 684 699 naturam
717 643 784 699 ad
819 642 1153 712 spiritualcm
1185 643 1397 697 vivendi
1431 644 1721 704 rationem,
1748 648 1859 713 ipse
1897 662 2007 698 rem

439 734 745 789 humaniter
785 746 942 787 orsus
986 732 1171 795 fuerit,
1221 744 1280 787 ut
1307 734 1389 787 via
1424 750 1489 789 ac
1536 734 1855 803 principium
1908 737 2008 789 lm-

436 842 608 880 ntana:
677 833 888 879 natura:
964 833 1127 887 esset,
1212 836 1270 878 ut
1330 824 1492 877 vitam
1563 826 1756 893 degere
1832 836 2010 894 posset

434 916 594 986 393
623 931 727 969 non
751 914 863 984 jam
893 915 1186 969 carnaliter
1213 925 1266 969 et
1306 914 1640 986 voluptuose,
1681 919 1774 970 sed
1830 919 2007 987 potius

436 1016 620 1061 sancte
645 1016 698 1060 et
720 1006 1091 1076 spiritualiter.
1118 1007 1307 1061 Omnis
1330 1008 1472 1061 enim
1528 1007 1651 1062 boni
1685 1009 2006 1078 principium

438 1098 592 1152 nobis
622 1096 794 1150 factus
824 1096 941 1151 fuit.
993 1095 1198 1151 Idcirco
1224 1098 1366 1151 enim
1419 1096 1594 1153 factus
1628 1108 1709 1153 est
1741 1102 1922 1164 homo,
1952 1109 2010 1154 ut

436 1193 503 1241 ab
534 1188 901 1243 imbecillitate
946 1188 997 1241 in
1040 1187 1212 1244 Adam
1259 1198 1562 1253 contracta,
1599 1199 1788 1244 natura
1823 1201 2007 1245 nostra

438 1278 682 1338 liberata.
701 1289 951 1348 tanquam
972 1280 1023 1333 in
1052 1279 1189 1349 ipso,
1209 1288 1261 1333 et
1284 1281 1498 1350 quidem
1524 1282 1717 1353 primo,
1749 1282 2007 1352 spiritua-

438 1370 539 1425 lem
567 1372 707 1424 illam
744 1372 1061 1426 declararet.

984 1482 1214 1538 CAPUT
1248 1480 1439 1538 XXIII.

438 1593 695 1647 Adversus
728 1595 974 1656 dicentes.
1014 1595 1098 1648 Αη
1123 1595 1240 1663 ﬁeri
1277 1594 1500 1661 potuerit
1530 1604 1583 1649 ut
1616 1595 1856 1651 Christus
1885 1612 2007 1665 pec-

485 1674 643 1725 caret,
675 1674 883 1734 gestam
908 1665 1309 1719 similitudinem
1332 1666 1461 1719 Adit:
1484 1676 1694 1735 propter
1718 1683 1922 1721 carnem
1949 1666 1975 1723 ?

507 1842 698 1896 Stolidi
726 1858 853 1898 vero
888 1858 951 1897 ac
974 1844 1249 1899 dementes
1273 1858 1497 1912 prorsus
1523 1855 1670 1909 sunt,
1708 1845 1797 1912 qui
1829 1845 2003 1915 ipsum

2112 647 2221 711 ξων
2258 646 2328 698 τὰ
2367 645 2488 699 καθ’
2515 647 2663 715 ἡμᾶς
2707 648 2787 710 είς
2826 643 3204 715 πνευματικὴν
3247 637 3565 701 πολιτείαν,
3627 633 3754 685 αὑ-

2109 738 2200 801 τὸς
2227 738 2429 809 ἤρξατο
2454 736 2545 791 τοῦ
2572 738 2895 809 πράγματος
2924 731 3305 806 ἀνθρωπίνως,
3333 731 3423 783 ἵνα
3456 730 3599 791 ὁδὸς
3636 725 3756 779 καὶ

2111 828 2253 898 ἀρχὴ
2291 830 2357 899 τῇ
2398 826 2684 898 ἀνθρώπου
2719 825 2878 895 φύσει
2905 826 3130 897 γένηται
3176 822 3314 893 πρὸς
3345 819 3407 873 τὸ
3437 817 3756 873 δύνασθαι

2109 919 2319 989 διαξῇν,
2350 919 2532 972 οὐκέτι
2578 918 2855 990 σαρκικῶς
2900 916 2996 970 καὶ
3043 915 3371 986 φιληδόνως,
3416 911 3616 979 ἁγίως
3682 905 3755 960 δὲ

2114 1009 2313 1080 μᾶλλον
2354 1009 2447 1062 καὶ
2484 1006 2889 1079 πνευματικῶς.
2926 1006 3156 1075 Ἀγαθοῦ
3194 1006 3305 1075 γὰρ
3334 1003 3541 1065 παντὸς
3580 1000 3752 1067 ἡμῖν

2111 1101 2303 1170 γέγονε
2347 1102 2511 1172 ἀρχή.
2539 1102 2648 1155 Καὶ
2685 1099 2776 1154 διὰ
2815 1099 2974 1153 τοῦτο
3013 1097 3221 1167 πέφηνε
3253 1094 3575 1165 ἄνθρωπος,
3640 1091 3749 1142 ἵνα

2108 1195 2209 1265 τῆς
2230 1196 2288 1247 ὲν
2313 1193 2483 1264 Ἀδὰμ
2503 1193 2785 1256 ἀσθενείας
2809 1191 2907 1262 τὴν
2934 1189 3089 1262 ἡμῶν
3115 1188 3277 1258 φύσιν
3298 1182 3744 1255 ἐλευθερώσας,

2108 1285 2184 1351 ὡς
2215 1288 2270 1340 ὲν
2300 1284 2449 1357 αὐτῴ
2476 1286 2567 1340 καὶ
2601 1284 2803 1357 πρώτῳ
2827 1281 2978 1353 δείξῃ
3004 1278 3406 1351 πνευματικήν.

2685 1481 2939 1535 ΚΕΦΑΛ.
2984 1477 3114 1534 ΚΓ.

2109 1586 2419 1666 Πρὸςῖτοὺς
2433 1590 2742 1666 λέγοντας.
2763 1590 2834 1666 ι
2858 1587 3170 1666 ἑγεδεεχετο
3197 1585 3543 1666 ἀμιξρτηιζᾳι
3570 1582 3737 1666 Χρῗ

2178 1646 2330 1751 σξὸν
2355 1646 2854 1747 φίῖιρέόνανταντὴν
2884 1646 3172 1728 ὁμοιῶσιν
3216 1646 3329 1710 ἰοῦ
3384 1646 3570 1721 ’Ᾱϐὰμ
3607 1646 3735 1702 διὰ

2178 1746 2294 1800 την
2323 1746 2522 1799 σαρκα
2541 1746 2560 1794 ;

2190 1844 2461 1898 Ἀσύνετοι
2493 1843 2551 1897 δὲ
2578 1841 2857 1905 παντελῶς
2872 1842 2922 1895 οἱ
2942 1830 3038 1896 καὶ
3062 1838 3244 1904 αὐτὸν,
3272 1837 3375 1891 οὐκ
3403 1824 3502 1890 οἶδ’
3523 1834 3729 1895 ὅπως.

437 1932 601 1984 etiam
621 1930 919 1998 Chrisutm,
949 1933 1130 1986 nescio
1166 1948 1271 2002 quo
1307 1943 1485 2001 pacto,
1518 1948 1743 2002 peccare
1771 1913 2008 2002 potuisse

2121 1937 2204 1990 τὸν
2241 1936 2475 2007 Χριστὸν
2504 1935 2948 2005 ὑποτυπήσαντες
2984 1930 3375 2003 πλημμελῆσαι
3407 1926 3723 1991 δύνασθαι,

438 2020 731 2084 aﬂirmant,
780 2037 898 2075 eam
934 2022 1002 2076 ob
1039 2038 1283 2089 causam,
1343 2025 1485 2091 quod
1531 2024 1585 2077 in
1637 2024 1805 2078 l‘orma
1853 2025 2007 2079 nobis

438 2108 600 2162 simili
642 2124 738 2178 per
774 2110 1203 2165 incarnationem
1250 2112 1319 2166 sit
1367 2111 1579 2179 factus;
1610 2114 1862 2182 quodque
1895 2114 2008 2167 lor-

440 2212 584 2251 mam
615 2200 757 2254 servi
788 2202 1080 2269 acceperit,
1105 2214 1156 2258 et
1190 2220 1311 2258 cum
1343 2204 1655 2261 hominibus
1687 2207 1738 2261 in
1772 2216 1913 2260 terra
1938 2206 2009 2260 sit

441 2294 711 2344 Versatus.
758 2290 814 2347 Si
863 2294 1007 2348 enim
1050 2294 1212 2350 desiit
1258 2312 1380 2352 esse
1430 2297 1573 2366 quod
1620 2307 1760 2363 erat,
1806 2308 1900 2352 aut
1941 2312 2008 2352 ex

442 2378 625 2435 divina
670 2391 863 2438 natura
898 2384 949 2438 in
986 2387 1273 2441 humanam
1310 2396 1514 2443 tantum
1562 2403 1625 2443 ac
1653 2390 1820 2445 nostri
1860 2388 2009 2444 simi-

443 2470 545 2523 lem
590 2481 843 2528 naturam
897 2475 1029 2531 abiit
1067 2496 1082 2535 :
1132 2479 1381 2535 humana:
1432 2481 1819 2535 imbecillitatis
1858 2480 2005 2533 illutn

438 2572 690 2632 arguant.
726 2563 782 2619 Si
814 2581 964 2633 vero,
997 2569 1196 2624 idcirco
1226 2570 1513 2625 humanam
1549 2583 1797 2627 naturam
1827 2583 2005 2643 gesta-

441 2652 536 2717 vit,
567 2660 651 2717 ut,
676 2668 793 2723 qua:
823 2656 875 2711 in
910 2659 1081 2712 Adam
1116 2659 1385 2716 imbecilla
1410 2673 1547 2729 erat,
1576 2664 1626 2716 in
1653 2678 1712 2719 se
1738 2664 2009 2719 validissi-s

440 2758 584 2796 niam
617 2753 671 2799 et
703 2758 927 2815 peccato
953 2752 1285 2819 superiorem
1321 2754 1620 2808 declararet
1650 2770 1783 2810 :cur
1808 2755 2005 2809 frustra

439 2832 492 2887 id
536 2836 694 2891 anxie
752 2838 1030 2907 inquirunt
1086 2842 1231 2912 quod
1296 2844 1542 2899 invenire
1593 2861 1699 2899 non
1752 2847 2008 2916 possunt?

438 2926 719 2991 Quomodo
747 2940 927 2986 autem
966 2932 1133 3002 ipsius
1161 2933 1312 2989 obliti
1345 2945 1473 2989 sunt
1500 2936 1729 2991 dicentis
1758 2957 1771 2991 :
1809 2956 1825 2988 ι
1856 2936 2008 2990 Venit

440 3020 690 3089 princeps
718 3023 927 3088 mundi,
959 3033 1015 3078 et
1042 3026 1094 3078 in
1131 3041 1213 3079 me
1253 3042 1357 3081 non
1391 3027 1551 3081 habet
1580 3029 1872 3098 quidquam
1888 3028 1959 3080 "?
1987 3047 2004 3077 ι

439 3110 631 3180 Arguit
665 3113 881 3180 quidem
921 3115 1130 3182 peccati
1168 3132 1382 3172 onmem
1427 3133 1669 3182 carnem,
1717 3118 1884 3186 ipsius
1917 3133 2010 3170 au-

440 3216 559 3256 ctor
603 3220 617 3257 :
657 3205 752 3258 sed
806 3207 969 3261 stulta
1021 3216 1185 3276 atque
1234 3210 1458 3264 sinistra
1510 3210 1678 3277 ipsius
1735 3211 2010 3264 accusatio

442 3294 647 3348 nullum
678 3295 731 3349 in
758 3295 976 3351 Christo
1000 3297 1179 3353 locum
1215 3300 1421 3355 habuit.
1451 3300 1661 3355 Nullum
1688 3301 1829 3354 enim
1857 3317 2010 3371 pror-

440 3399 534 3437 sus
582 3385 632 3437 in
685 3386 801 3454 ipso
853 3400 1135 3457 peccatum
1189 3391 1465 3445 inventum
1510 3392 1631 3446 l'uit.
1685 3392 1893 3446 Etenim
1947 3394 2012 3445 ad

437 3476 653 3531 .lndmos
689 3478 864 3547 inquit
895 3493 912 3532 :
944 3498 961 3531 ι
995 3480 1127 3547 Quis
1158 3495 1224 3537 ex
1272 3483 1422 3538 vobis
1456 3492 1645 3553 arguet
1676 3497 1759 3537 me
1785 3485 1851 3538 de
1886 3497 2011 3552 pec-

438 3566 603 3618 cato?
634 3565 689 3620 Si
721 3568 1002 3623 veritatem
1036 3571 1178 3636 dico,
1212 3586 1309 3626 cur
1337 3586 1444 3627 non
1470 3574 1692 3627 creditis
1722 3574 1850 3628 mihi
1875 3574 1960 3626 "?
1988 3593 2006 3627 ι

442 3659 911 3723 Quemadmodum
956 3661 1121 3731 igitur
1155 3663 1207 3717 in
1246 3663 1418 3717 Adam
1452 3664 1795 3719 condemnati
1829 3681 2015 3721 sumus

442 3752 515 3803 ob
567 3751 1010 3819 inobedicntiam,
1072 3754 1423 3824 mandatique
1476 3756 2011 3827 transgressionem:

446 3843 519 3895 ita
566 3842 618 3896 in
665 3844 1180 3915 Christojustilicati
1228 3862 1439 3911 sumus,
1492 3859 1712 3917 propter
1748 3850 2016 3903 omnimo-

445 3935 570 3987 dam
603 3936 769 4003 ipsius
795 3951 825 3990 a
856 3946 1080 4006 peccato
1109 3939 1525 4005 immunitatem,
1554 3939 1667 3994 sive
1702 3939 2010 4009 puritatem,

446 4032 497 4076 et
525 4024 816 4093 perfectam
845 4026 1279 4098 inculpatamque
1303 4029 1663 4084 obedientiam
1692 4038 1778 4082 :et
1811 4038 2016 4082 naturae

447 4116 696 4171 humana":
748 4118 917 4189 gloria
963 4135 1026 4175 ac
1078 4121 1319 4191 dignitas
1368 4122 1421 4175 in
1474 4121 1576 4176 hoc
1622 4120 2011 4176 est-restituta.

446 4209 735 4264 (.bslructa
788 4212 969 4281 itaque
1019 4223 1103 4268 est
1150 4213 1482 4279 maledictio,
1528 4222 1582 4266 et
1613 4213 1921 4268 obturatum
1954 4229 2016 4267 os

445 4300 676 4368 peccati,
716 4310 767 4354 et
801 4318 922 4355 cum
964 4302 1082 4372 ipso
1117 4305 1310 4359 mortis
1346 4304 1632 4374 imperium
1681 4303 1898 4357 irritum
1936 4304 2017 4358 fa-

447 4404 593 4445 tum
636 4404 739 4454 est,
785 4408 849 4447 ac
878 4395 1274 4463 quodammodo
1310 4410 1431 4449 cum
1473 4410 1569 4448 sua
1618 4395 1800 4450 radice
1835 4409 2019 4450 emam

448 4482 580 4540 (Lit.
632 4484 686 4535 Si
723 4485 865 4538 enim
902 4497 1205 4555 peccatum,
1247 4486 1367 4542 fons
1405 4495 1566 4555 atque
1597 4486 1748 4555 origo
1774 4487 2016 4541 omnium

2112 2026 2201 2081 διὰ
2232 2026 2294 2080 τὸ
2324 2028 2381 2079 ὲν
2410 2026 2540 2080 εῐδει
2573 2025 2651 2097 τῷ
2686 2025 2807 2080 καθ’
2839 2026 2989 2095 ἡμᾶς
3025 2021 3383 2093 οἰκονομικῶς
3411 2018 3722 2089 γενέσθαι,

2115 2117 2210 2171 καὶ
2254 2116 2441 2171 δούλου
2502 2115 2717 2187 μορφὴν
2768 2115 2973 2180 λαϐεῖν,
3026 2115 3123 2169 καὶ
3178 2110 3720 2180 συναναστραφῆναι

2112 2211 2224 2273 τοῖς
2262 2209 2354 2262 ἐπὶ
2384 2208 2488 2277 γῆς
2517 2206 2846 2278 ἀνθρώποις,
2881 2206 2943 2260 Ei
2990 2206 3090 2278 μὲν
3130 2205 3238 2275 γὰρ
3265 2202 3361 2257 τοῦ
3395 2198 3539 2256 εἶναι
3569 2202 3599 2254 ὃ
3637 2195 3721 2269 ἦν

2113 2302 2346 2372 ἀπέστη,
2373 2302 2429 2370 ἦ,
2464 2303 2528 2354 ὲκ
2557 2301 2653 2353 τοῦ
2680 2295 2820 2353 εἶναι.
2835 2299 2987 2365 Θεὸς,
3020 2300 3098 2363 εἰς
3130 2297 3192 2351 τὸ
3221 2296 3342 2351 καθ’
3370 2296 3530 2366 ἡμᾶς
3556 2288 3719 2348 εἶναι

2117 2393 2276 2463 μόνον
2330 2392 2791 2462 μεταπεφοίτηκε,
2822 2391 3141 2462 ζητήτωσαν
3181 2390 3240 2443 ὲν
3284 2387 3438 2457 αὐτῷ
3485 2386 3558 2440 τὰ
3599 2384 3721 2454 τῆς

2114 2482 2458 2552 ἀνθρωπίνης
2499 2482 2782 2545 ἀσθενείας
2811 2482 3150 2551 ἐγκλήματα.
3201 2472 3264 2534 Ei
3311 2478 3371 2531 δὲ
3398 2476 3491 2530 διὰ
3542 2475 3719 2528 τοῦτο

2113 2576 2211 2645 τὴν
2232 2574 2324 2626 τοῦ
2352 2574 2636 2644 ἀνθρώπου
2667 2573 2828 2644 φύσιν
2857 2574 3187 2643 πεφόρηκεν,
3211 2571 3320 2637 ἵνα,
3338 2570 3414 2633 ὡς
3437 2569 3497 2621 ὲν
3528 2568 3720 2636 Ἀδὰμ

2114 2666 2508 2737 ἀσθενήσασαν,
2527 2667 2584 2719 ὲν
2611 2665 2761 2737 αὐτῷ
2784 2665 2980 2732 δείξει⁴
3002 2663 3379 2732 δυνατωτάτην
3392 2661 3491 2713 καὶ
3522 2660 3717 2730 ἁμαρ-

2114 2756 2237 2819 τίας
2264 2756 2571 2826 κρείττονα,
2603 2755 2656 2809 τί
2685 2754 2863 2826 μάτην
2903 2754 3354 2825 περιεργάζονται
3382 2750 3413 2803 ὃ
3442 2748 3717 2803 δύνανται.

2114 2848 2212 2917 οὐχ
2268 2847 2481 2917 εὐρεῖν;
2539 2846 2659 2910 πῶς
2710 2845 2768 2900 δὲ
2818 2846 3069 2915 λέγοντος
3118 2842 3283 2897 αὑτοῦ
3333 2840 3713 2894 ἐπελάθοντο·

2121 2958 2140 2990 ι
2197 2940 2456 3009 Ἔρχεται
2492 2940 2521 2992 ό
2554 2936 2649 2991 τοῦ
2700 2938 2905 3009 κόσμου
2957 2937 3161 3007 ἄρχων,
3208 2934 3299 2987 καὶ
3338 2935 3395 2986 ἐν
3442 2930 3572 3001 ἐμοὶ
3604 2930 3716 2982 οὐκ

2116 3026 2228 3097 ἔχει
2253 3027 2424 3080 οὐδέν.
2464 3045 2483 3079 ι
2525 3027 2840 3099 Κατηγορεί
2890 3026 2987 3095 μὲν
3014 3026 3104 3078 καὶ
3132 3024 3310 3093 πάσης
3360 3020 3571 3090 σαρκὸς
3605 3018 3714 3086 τῆς

2116 3118 2389 3190 ἁμαρτίας
2420 3121 2447 3172 ὁ
2475 3119 2704 3189 εὑρετής
2724 3136 2735 3148 ·
2764 3118 2880 3171 ἀλλ’
2909 3113 2976 3189 ἦν
3012 3117 3109 3186 τῆς
3137 3115 3345 3168 ἐκείνου
3378 3111 3715 3179 σκαιότητος

2118 3209 2149 3278 ἡ
2183 3208 2470 3279 περιεργία
2498 3208 2778 3277 ἄπρακτος
2808 3209 2866 3260 ὲν
2894 3208 2937 3259 Χ
2949 3204 3144 3276 ριστῷ⁸
3180 3202 3410 3275 εὓρηται
3434 3202 3549 3269 γὰρ
3569 3199 3715 3258 ὅλως

2117 3297 2270 3351 οὐδὲν
2299 3300 2357 3350 ὲν
2390 3297 2557 3367 αὐτῷ.
2591 3298 2699 3350 Καὶ
2729 3295 2859 3365 γοῦν
2890 3296 3025 3367 πρὸς
3068 3293 3354 3354 Ἰουδαίους
3386 3290 3495 3359 ἔφη
3520 3308 3533 3317 ·
3563 3308 3581 3339 ι
3610 3288 3713 3349 Τίς

2120 3389 2179 3452 ἐξ
2231 3388 2383 3458 ὑμῶν
2431 3387 2640 3457 ἐλέγχει
2695 3405 2764 3457 με
2814 3389 2906 3441 ἐπὶ
2958 3386 3263 3457 ἀμαρτίας;
3324 3384 3385 3435 Εἰ
3442 3380 3714 3450 ἀλήθειαν

2119 3479 2280 3547 λέγω,
2300 3479 2387 3532 διὰ
2416 3478 2467 3530 τί
2495 3480 2650 3548 ὑμεῖς
2676 3479 2735 3531 οὐ
2768 3480 3049 3531 πιστεύετὲ
3082 3494 3201 3546 μοι;
3234 3495 3252 3527 ι
3285 3477 3500 3541 Ὥσπερ
3526 3472 3711 3523 τοίνυν

2120 3569 2178 3619 ἐν
2224 3566 2396 3637 Ἀδὰμ
2428 3566 2829 3637 κατεκρίθημεν
2874 3567 2963 3619 διὰ
3002 3565 3100 3636 τὴν
3131 3564 3433 3634 παρακοὴν,
3475 3560 3575 3612 καὶ
3605 3560 3711 3628 τῆς

2122 3659 2341 3728 ἐντολῆς
2374 3657 2471 3728 τὴν
2504 3657 2834 3728 παράϐασιν,
2866 3656 3038 3720 οὕτως
3069 3659 3126 3709 ὲν
3156 3652 3374 3725 Χριστῷ
3418 3650 3709 3705 δεδικαμῦ-

2124 3751 2263 3822 μεθα
2309 3751 2399 3803 διὰ
2454 3750 2515 3802 τὸ
2572 3749 2927 3820 ἀπλημμελὲς
2970 3748 3297 3815 ὁλοτρόπως,
3331 3745 3427 3797 καὶ
3476 3744 3583 3813 τὴν
3630 3744 3712 3803 είς

2122 3844 2268 3898 ἅπαν
2296 3844 2390 3897 καὶ
2427 3842 2726 3914 ἀμώμητον
2769 3842 3015 3912 ὑπακοήν
3035 3858 3050 3872 ο
3082 3841 3177 3893 καὶ
3207 3838 3268 3892 τὸ
3299 3836 3570 3906 καύχημα
3606 3835 3709 3904 τῆς

2120 3935 2463 4007 ἀνθρωπείας
2515 3934 2730 4004 φύσεως
2773 3935 2831 3988 ὲν
2880 3933 3055 4005 τούτῳ
3106 3934 3318 4001 γέγονε.
3376 3932 3710 4002 Πέφρακται

2122 4027 2251 4097 γοῦν
2299 4029 2334 4099 ἡ
2378 4026 2508 4099 ἀρὰ,
2550 4027 2642 4079 καὶ
2669 4027 2731 4079 τὸ
2763 4026 2937 4096 στόμα
2965 4026 3065 4095 τῆς
3100 4024 3375 4096 ἁμαρτίας
3408 4023 3708 4093 ἐμπέφρα-

2124 4136 2272 4187 κται,
2301 4119 2397 4174 καὶ
2421 4118 2520 4172 σὺν
2542 4118 2689 4189 αὐτῷ
2719 4119 2781 4171 τὸ
2808 4118 2902 4171 τοῦ
2926 4117 3153 4171 θανάτου
3184 4115 3383 4188 κράτος
3414 4115 3710 4184 κατείργηά

2120 4213 2253 4276 rat‘,
2294 4210 2484 4280 ὥσπερ
2533 4210 2712 4281 οἰκεία
2741 4208 2866 4282 ῥίζῃ
2922 4205 3428 4278 συναπομαρανθέν.
3484 4203 3551 4257 Ei
3596 4204 3710 4273 γὰρ

2123 4302 2340 4356 πάντων
2359 4301 2467 4356 τῶν
2492 4301 2674 4355 κακῶν
2698 4301 2956 4371 πρόξενος
2980 4301 3111 4371 ἡμῖν
3135 4301 3167 4370 ἡ
3193 4297 3433 4370 ἁμαρτία
3452 4296 3708 4365 γέγονεν,

2121 4392 2400 4463 ἀναίρεσις
2428 4390 2582 4445 ἔσται
2610 4389 2720 4444 τῶν
2751 4389 3176 4461 συμϐεϐηκότων
3207 4392 3240 4459 ἠ
3283 4391 3340 4443 ὲν
3367 4386 3593 4457 Χριστῷ
3626 4385 3708 4437 δι-

2124 4484 2368 4548 καίωσις,
2398 4482 2465 4536 δι’
2499 4483 2744 4554 ὑπακοῆς
2772 4480 3136 4548 είσϐαίνουσα,
3170 4481 3267 4536 καὶ
3292 4480 3354 4534 τὸ
3386 4479 3711 4535 ἀνυπαὶτιον

450 4575 719 4630 malorum
774 4577 930 4630 nobis
976 4577 1074 4630 fuit
1119 4593 1132 4630 :
1174 4578 1397 4633 abolitio
1445 4593 1633 4632 eorum
1684 4594 1804 4647 quae
1858 4579 2011 4633 nobis

2126 4578 2322 4647 ἔχουσα
2354 4574 2649 4638 παντελῶς.
2692 4575 2853 4627 ’Ὥστε
2888 4574 2982 4628 καὶ¹
3010 4577 3059 4628 εί
3085 4574 3178 4628 τὸν
3218 4572 3407 4643 ⁹Δδὰμ,
3446 4570 3524 4634 ῶς
3549 4586 3707 4640 φασι,

450 4667 768 4722 acciderant
818 4667 982 4723 fuerit
1040 4669 1361 4739 justiﬁcatio
1409 4670 1461 4724 in
1496 4669 1714 4725 Christo
1752 4685 1849 4741 per
1888 4670 2020 4726 obe-

452 4758 708 4815 c'ientiam
741 4762 1004 4831 ingressa,
1049 4763 1305 4832 omnique
1347 4761 1504 4831 plane
1531 4760 1696 4833 395.
1738 4761 1891 4831 culpa
1930 4776 2023 4816 ca-

449 4863 603 4905 rens.
656 4852 925 4917 Quocirca
965 4853 1127 4907 etiam
1179 4851 1487 4918 Adamum,
1539 4863 1601 4907 ut
1647 4853 1751 4923 ipsi
1800 4854 2019 4917 dicunt,

452 4943 674 4999 indutus
708 4955 790 4999 est
820 4964 833 5000 :
863 4962 965 5000 non
996 4956 1175 5001 tamen
1197 4947 1269 5001 illi
1288 4946 1482 5002 similis
1516 4954 1654 5010 erat,
1675 4946 1764 5014 qui
1795 4960 1856 5001 ex
1879 4953 2022 5000 terra

452 5042 703 5091 terrenus
736 5054 748 5089 :
777 5038 870 5091 sed
923 5046 981 5092 ut
1030 5039 1293 5103 caelestis,
1346 5036 1840 5107 incomparabiliter
1882 5051 2026 5105 prae;

452 5126 686 5181 stantior
730 5134 972 5181 terreno.
1024 5128 1192 5183 Porro
1241 5127 1493 5198 puritatis
1538 5142 1566 5180 a
1614 5134 1834 5195 peccato
1864 5125 2024 5179 laude

452 5211 742 5266 humanam
788 5225 1038 5270 naturam
1080 5220 1132 5271 in
1184 5219 1299 5287 ipso
1358 5224 1605 5272 ornatam
1661 5215 1823 5268 fuisse
1865 5215 2022 5269 facile

2127 4665 2459 4737 πεφόρηκεν,
2489 4666 2604 4722 ἀλλ’
2646 4666 2706 4719 οὐ
2735 4665 2855 4720 κατ’
2879 4666 3087 4720 ἐκεῖνον
3125 4660 3215 4736 ἦν,
3243 4663 3337 4717 τὸν
3365 4664 3431 4716 ὲκ
3456 4664 3565 4732 γῆς
3589 4665 3711 4731 χοῖ-

2127 4758 2243 4824 κδν,
2294 4758 2409 4812 ἀλλ’
2440 4759 2516 4822 ὡς
2558 4758 2899 4829 ἐπουράνιος,
2933 4758 3174 4828 ἀμείνων
3216 4754 3569 4825 ἀσυγκρίτως
3612 4750 3710 4805 τοῦ

2128 4844 2313 4917 χοϊκοῦ
2332 4861 2347 4875 ο
2380 4847 2472 4899 καὶ
2499 4848 2612 4910 τοῖς
2640 4847 2738 4917 τῆς
2764 4846 3180 4918 ἀναμαρτησίας
3209 4844 3452 4907 ἐπαίνοις
3475 4842 3581 4913 τὴν
3610 4843 3710 4897 ἀν-

2129 4939 2533 5011 θρώπου’φύσιν
2565 4940 2981 5012 στεφανωμένην
3004 4943 3022 4963 ⁶
3054 4942 3111 4992 ὲν
3140 4938 3289 5009 αὑτῷ
3314 4936 3600 5007 θεωρῆσαί
3619 4946 3707 4999 τις

2129 5032 2195 5086 ἃν
2231 5033 2463 5097 δύναιτο,
2498 5032 2599 5102 τῆς
2637 5033 2991 5087 θεοπνεύστου
3026 5031 3251 5102 Γραφῆς
3299 5029 3711 5099 ἐπιμαρτυρού-

2133 5140 2229 5194 σης
2247 5123 2417 5194 αὐτῷ,
2435 5126 2516 5177 ὅτι
2552 5142 2571 5175 ι
2593 5124 2891 5195 Ἀμαρτίαν
2916 5126 3014 5178 οὐκ
3046 5124 3322 5194 ἐποίησεν,
3349 5120 3473 5174 οὐδὲ
3506 5118 3707 5191 εὑρέθη

2128 5216 2275 5278 δόλος
2306 5218 2364 5267 ἐν
2395 5215 2473 5284 τῷ
2503 5216 2730 5287 στόματι.
2768 5216 2952 5270 αὑτοῦ.
2991 5235 3009 5267 ι

457 5305 577 5373 quis
618 5307 1035 5376 contempletur,
1082 5324 1204 5364 cum
1255 5310 1533 5380 Scriptura
1588 5322 1742 5363 sacra
1790 5307 1855 5361 de
1905 5308 2019 5378 ipso
2064 5318 2332 5365 lestetur:
2370 5328 2389 5361 ι
2419 5310 2551 5375 Quia
2595 5321 2872 5379 peccatum
2945 5327 3047 5364 non
3082 5310 3422 5378 fecit,neque
3454 5309 3707 5365 inventus

476 5405 537 5453 ξι
568 5398 618 5451 in
650 5413 745 5454 ore
776 5397 892 5467 ejus
923 5401 1075 5457 dolus
1094 5403 1162 5455 ⁷⁸.
1197 5421 1216 5454 ι

545 5554 769 5610 "Joan.
807 5574 912 5611 xw
946 5559 1033 5613 50.
1111 5560 1154 5591 ⁷³
1180 5557 1338 5615 Joan.
1377 5576 1490 5627 ml,
1521 5561 1606 5614 ili.

1684 5562 1728 5592 ⁷⁸
1755 5559 1769 5612 l
1794 5559 1937 5613 Pctr.
1978 5574 2033 5622 tt,
2067 5559 2154 5612 '22.
