4146 6482
340 336 483 390 Ηἳῦ

335 544 438 615 τὴν
465 542 658 613 τέχνην
700 544 986 612 ἐπάγουσι,
1022 544 1349 615 ἐκφανείσης
1394 545 1577 613 πάσης
1607 544 1703 615 τῆς
1732 544 1887 597 νόσου
1910 560 1922 573 ο

334 634 512 698 οὕτως
539 635 634 688 καὶ
661 636 789 698 τοὺς
817 635 1005 698 κακῶς
1034 634 1256 705 ἔχοντας
1283 636 1383 707 τὴν
1419 634 1598 706 ψυχὴν
1641 634 1925 706 ἰατρεύων,

333 727 436 799 τὴν
463 728 528 781 ἐκ
557 727 756 791 κακίας
781 726 933 781 νόσον
976 728 1251 799 ἀνέμεινε,
1344 724 1714 797 κατεκράθηὴ
1740 724 1924 795 φύσις,

335 821 523 874 πᾶσαν
563 818 993 888 ἐκκαλυφθῆναι,
1025 818 1102 881 ὡς
1148 818 1215 872 ἂν
1269 817 1435 889 μηδὲν
1467 816 1573 871 τῶν
1608 816 1929 888 κεκρυμμέ-

338 929 450 966 νων
479 910 854 981 άθεράπευτον
885 908 1105 979 μείνειε*
1134 908 1227 962 τοῦ
1266 906 1451 981 ἰατροῦ
1488 908 1645 979 μόνον
1675 908 1735 962 τὸ
1761 908 1927 978 φανὲν

340 1003 761 1075 θεραπεύοντος.
794 1002 904 1055 Καὶ
925 1002 1013 1056 διά
1038 999 1199 1054 τοῦτο
1236 998 1359 1053 οὔτε
1384 1000 1528 1055 κατὰ
1546 1001 1673 1063 τοὺς
1701 1000 1928 1071 καιροὺς

334 1092 437 1151 τοῦ
485 1097 632 1160 Νῶε,
662 1096 845 1165 πάσης
880 1092 1085 1166 σαρκὸς
1116 1094 1174 1147 ἐν
1223 1093 1410 1164 ἀδικίᾳ
1457 1090 1926 1164 καταφθαρείσης,

342 1191 541 1259 ἐπάγει
570 1188 657 1243 διὰ
694 1189 791 1259 τῆς
828 1187 963 1251 ἰδίας
996 1185 1298 1258 ἐμφανείας
1326 1186 1426 1256 τὴν
1467 1184 1629 1252 ῐασιν,
1657 1185 1738 1238 ὅτι
1775 1184 1927 1239 οῦπω

336 1282 440 1353 τῆς
482 1280 781 1349 Σοδομικῆς
821 1277 1021 1341 κακίας
1065 1278 1095 1329 6
1134 1275 1362 1347 βλαστὸς
1386 1274 1585 1347 ἐξεφύη
1667 1274 1787 1328 οὐδὲ
1834 1273 1927 1328 ἐπὶ

336 1373 434 1426 τοῦ
460 1370 651 1443 καιροῦ
681 1370 781 1441 τῆς
808 1370 1058 1441 Σοδόμων
1092 1367 1480 1439 καταστροφῆς
1507 1369 1535 1421 6
1566 1366 1769 1437 Κύριος
1800 1366 1927 1435 φαί-

337 1482 512 1529 νεται,
544 1463 676 1516 διότι
703 1461 873 1515 πολλά
914 1461 1024 1515 τῶν
1052 1461 1361 1515 ὑπολοίπων
1402 1460 1589 1515 κακῶν
1616 1462 1682 1531 τῇ
1714 1458 1928 1531 ἀνθρω-

340 1560 474 1633 πίνῃ
502 1558 580 1612 ἐτι
625 1557 1033 1629 κατεκρύπτετο
1082 1557 1265 1627 φύσει.
1316 1556 1427 1610 Ποῦ
1459 1556 1568 1627 γάρ
1600 1558 1628 1609 6
1659 1554 1929 1625 θεομάχος

336 1648 578 1722 Φαραώξ
610 1649 713 1703 ποῦ
757 1649 867 1703 τῶν
898 1649 1213 1717 Αἰγυπτίων
1244 1651 1278 1720 ἡ
1320 1648 1629 1718 ἀδάμαστος
1658 1645 1924 1718 πονηρία;

338 1743 418 1797 Ού
461 1742 568 1814 μὴν
596 1741 718 1796 ούδέ
750 1741 873 1796 τότε
907 1741 986 1813 τῷ
1013 1740 1280 1814 διορθωτῇ
1314 1738 1409 1795 τοῦ
1442 1738 1644 1803 παντὸς
1671 1738 1929 1811 εὔκαιρον

342 1837 459 1906 (ἐπὶ
487 1836 598 1888 τῶν
636 1835 953 1903 Αἰγυπτίων
986 1835 1129 1903 λέγω
1157 1833 1374 1903 κακῶν)
1409 1831 1818 1903 καταμιχθῆναι
1853 1830 1932 1902 τῷ

342 1927 468 2000 βίῳ.
510 1926 651 1981 Ἀλλ’
682 1927 790 1981 ἔδει
817 1928 909 1981 καὶ
938 1927 1047 1981 τῶν
1080 1926 1431 1998 Ἰσραηλιτῶν
1454 1925 1554 1997 τὴν
1586 1924 1931 1999 παρανομίαν

341 2022 648 2094 ἀναφῆναιο
698 2020 806 2074 ἔδει
857 2019 1080 2090 καὶτῆς
1144 2017 1445 2088 Ἀσσυρίων
1492 2015 1789 2088 βασιλείας,
1837 2014 1934 2070 καὶ

340 2110 438 2168 τοῦ
483 2111 975 2183 Ναϐουχοδονόξωρ
1002 2109 1101 2182 τὴν
1134 2108 1544 2181 ὑπερηφάνειαν
1588 2106 1934 2179 ὑποσμύχου-

343 2224 447 2260 σαν
473 2205 555 2260 ἐτι
580 2204 662 2286 τῷ
691 2203 791 2275 βίῳ
821 2202 1064 2273 φανερὰν
1086 2201 1367 2272 γενέσθαιο
1400 2201 1507 2255 ἔδει
1532 2201 1630 2271 τὴν
1657 2200 1797 2255 κατὰ
1824 2199 1933 2255 τῶν

339 2294 506 2347 ὁσίων
536 2291 873 2363 μιαιφονίαν,
906 2287 1018 2344 οἷόν
1047 2306 1168 2345 τινα
1198 2290 1435 2361 πονηρὸν
1474 2289 1761 2361 άκανθώδη
1807 2289 1935 2361 βλα-

344 2384 472 2439 στὸν
517 2385 616 2454 τῆς
662 2382 842 2452 κακῆς
888 2380 984 2435 τοῦ
1030 2380 1277 2435 διαϐόλου
1344 2380 1500 2452 ῥίζης
1562 2381 1930 2452 ἀναδραμεῖν·

342 2478 450 2531 ἔδει
498 2476 600 2547 τὴν
648 2474 758 2529 τῶν
804 2472 1073 2528 Ἰουδαίων
1107 2473 1250 2527 κατὰ
1296 2473 1407 2527 τῶν
1456 2473 1627 2541 ἁγίων
1676 2472 1771 2526 τοῦ
1798 2472 1933 2527 Θεοῦ

344 2566 727 2640 φανερωθῆναι
768 2565 994 2630 λύσσαν,
1040 2564 1151 2619 τῶν
1192 2565 1321 2630 τοὺς
1373 2566 1659 2637 προφήτας
1692 2566 1926 2619 ἀποκτα-

342 2659 566 2722 νόντων,
596 2657 691 2711 καὶ
726 2655 1147 2711 λιθοϐολούντων
1176 2657 1302 2720 τοὺς
1334 2655 1807 2727 ἀπεσταλμένους,
1841 2656 1937 2712 καὶ

343 2749 499 2813 τέλος
533 2746 627 2803 τοῦ
653 2746 784 2803 ναοῦ
814 2745 1023 2801 καὶτοῦ
1055 2746 1448 2819 θυσιαστηρίου
1481 2746 1686 2817 μεταξὺ
1715 2746 1775 2801 τὸ
1796 2746 1938 2802 κατά

344 2838 440 2893 τὸν
473 2838 749 2911 Ζαχαρίαν
780 2837 911 2908 άγος
956 2838 1373 2909 ἐργασαμένων.
1424 2837 1667 2909 Πρόσθες
1719 2837 1797 2910 τῷ
1833 2855 1935 2893 κα-

345 2931 559 3001 ταλόγῳ
587 2930 696 2984 τῶν
729 2928 982 3000 πονηρῶν
1024 2928 1445 3000 βλαστημάτων,
1483 2930 1577 2983 καὶ
1622 2928 1717 2982 τοῦ
1761 2928 1937 3000 Ἠρώο

346 3025 441 3077 δου
471 3023 569 3093 τὴν
601 3021 974 3092 παιδοφονίαν.
1021 3021 1172 3074 Ἐπεὶ
1210 3016 1304 3076 οὖν
1334 3023 1486 3075 πᾶσα
1524 3022 1621 3092 τῆς
1655 3021 1855 3086 κακίας
1901 3023 1935 3093 η

347 3115 578 3185 δύναμις
621 3115 687 3167 ἐκ
715 3113 812 3183 τῆς
843 3112 1087 3183 πονηρᾶς
1117 3110 1278 3183 ῥίζης
1306 3111 1554 3183 ἀνεδόθη,
1588 3112 1681 3166 καὶ
1720 3111 1938 3165 πολυει-

347 3208 454 3272 δῶς
482 3206 688 3279 ηὔξησε
718 3207 775 3259 ἐν
819 3208 939 3269 ταῖς
986 3204 1341 3276 προαιρέσεσι
1390 3203 1498 3256 τῶν
1531 3202 1654 3256 καθ’
1701 3203 1939 3274 ἑκάστην

349 3298 567 3367 γενεὰν,
610 3300 675 3369 τῇ
726 3297 896 3369 κακίᾳ
942 3296 1275 3367 ἀγνωρίμως
1321 3295 1744 3367 ύλομανησάσῃ,
1795 3295 1938 3363 τότε,

351 3390 536 3455 καθώς
566 3409 699 3463 φησι
739 3389 877 3462 πρὸς
920 3388 1243 3459 Ἀθηναίους
1285 3388 1314 3440 6
1342 3387 1577 3453 Παῦλος,
1617 3406 1636 3438 ι
1679 3387 1819 3450 Τοὺς
1839 3386 1941 3457 τῆς

352 3480 575 3550 ἀγνοίας
603 3481 827 3553 χρόνους
864 3477 1136 3549 ὑπεριδὼν
1178 3480 1206 3529 ὁ
1231 3477 1381 3540 Θεὸς,
1428 3478 1523 3530 ἐπὶ
1552 3476 1661 3529 τῶν
1693 3475 1941 3545 ἐσχάτων

352 3570 579 3643 ἡμερῶν
613 3570 1000 3642 παραγίνεται,
1060 3587 1078 3621 ι
1114 3568 1201 3621 ὅτε
1234 3568 1335 3620 ούκ
1370 3563 1439 3638 ἦν
1473 3569 1501 3620 6
1551 3564 1770 3630 συνιὼν,
1815 3564 1941 3619 οὗτε

353 3665 456 3716 οὐκ
483 3659 551 3734 ἦν
594 3664 621 3716 6
650 3660 897 3731 ἐκζητῶν
938 3660 1032 3714 τὸν
1084 3659 1237 3725 Θεὸν,
1269 3659 1359 3712 ὅτε
1409 3659 1609 3721 πάντες
1642 3657 1941 3725 ἐξέκλιναν,

356 3757 475 3825 ἅμα
525 3754 929 3826 ἠχρειώθησαν,
979 3754 1069 3808 ὅτε
1114 3750 1467 3822 συνεκλείσθη
1517 3752 1587 3804 τά
1641 3751 1818 3804 πάντα
1864 3751 1944 3813 εἰς

357 3847 658 3919 ἁμαρτίαν,
691 3847 780 3900 ὅτε
828 3844 1157 3898 ἐπλεόνασεν
1197 3845 1231 3914 ἡ
1282 3843 1546 3915 ἁμαρτία,
1598 3843 1685 3896 ὅτε
1720 3841 1854 3914 πρὸς
1886 3841 1945 3894 τὸ

357 3940 658 4010 ἀκρότατον
693 3938 890 4009 μέτρον
941 3937 970 3989 6
1007 3935 1105 4005 τῆς
1135 3934 1333 3998 κακίας
1364 3932 1566 4005 ηὖξησε
1597 3932 1757 4001 ζόφος
1777 3949 1790 3964 ο
1823 3932 1945 3986 τότε

357 4032 607 4101 ἐπεφάνη
652 4032 685 4103 ἡ
738 4032 920 4101 χάρις,
954 4028 1075 4082 τότε
1106 4030 1139 4099 ἡ
1173 4026 1266 4081 τοῦ
1296 4026 1552 4098 ἀληθινοῦ
1583 4026 1759 4095 φωτὸς
1788 4025 1946 4088 ἀκτὶς

359 4125 701 4187 ἐπανέτειλε,
732 4123 852 4177 τότε
883 4122 1157 4192 ἐπέφανεν
1199 4123 1228 4175 6
1256 4120 1357 4191 τῆς
1388 4119 1733 4191 δικαιοσύνης
1755 4119 1945 4182 Ἤλιος

357 4219 473 4280 τοῖς
495 4218 551 4269 ἐν
573 4215 754 4269 σκότει
784 4214 879 4268 καὶ
910 4215 1039 4285 σκιᾷ
1068 4211 1421 4283 καθημένοις,
1455 4210 1580 4264 τότε
1613 4210 1713 4275 τάς
1744 4209 1946 4274 πολλάς

360 4308 606 4378 κεφαλάς
632 4306 727 4360 τοῦ
756 4306 1049 4378 δράκοντος
1080 4302 1427 4367 συνέθλασεν,
1459 4301 1655 4367 ἐπιϐάς
1703 4302 1781 4374 τῷ
1823 4302 1946 4356 ποδὶ

358 4401 448 4455 διὰ
491 4401 588 4470 τῆς
618 4398 969 4471 ἀνθρωπίνης
1001 4396 1224 4469 σαρκὸς,
1255 4395 1350 4450 καὶ
1385 4397 1452 4467 τῇ
1496 4397 1567 4465 γῇ
1600 4394 1946 4465 προσθλάσας

1345 331 1718 389 ADVERSUS
1756 331 2566 395 ANTIIROPOMOBPIIITAS.

337 452 493 506 οειαν
514 466 526 480 ’
574 449 796 504 ἐπειδὰν
839 450 894 504 δέ
943 450 1204 522 στάσιμον
1241 450 1466 524 γένηται
1497 452 1557 505 τὸ
1590 452 1779 517 κακὸν,
1810 451 1931 505 τάτε

2043 459 2149 506 tum
2179 455 2514 522 pervenerit,
2544 460 2672 509 tunc
2699 456 2932 523 primum
2958 466 3130 513 artem
3157 470 3309 512 suam
3336 432 3613 526 adhibent,
3710 517 3719 525 _

3477 343 3616 401 “‘26

2034 559 2158 598 cum
2186 537 2297 613 jam
2343 555 2488 599 totus
2522 546 2742 601 morbus
2770 561 2830 602 se
2862 549 3179 603 exeruerit:
3214 550 3285 603 ita
3326 548 3491 604 etiam
3522 562 3618 605 eos

2034 636 2125 705 qui
2163 636 2357 691 animae
2383 637 2528 692 vitiis
2558 638 2813 693 laborant
2842 653 3067 705 curans,
3109 641 3297 697 morbo
3328 655 3397 697 ex
3428 643 3617 709 nequi-

2036 728 2108 781 tia
2167 728 2406 784 curando
2463 730 2727 797 tantisper
2762 730 3134 798 supersedit,
3189 733 3363 788 donec
3419 744 3615 787 natura

2035 818 2296 890 quidquid
2338 820 2391 875 in
2428 835 2488 876 se
2539 821 2666 876 mali
2703 822 2939 877 habebat
2985 831 3155 876 totum
3206 823 3501 892 patefecit,
3551 841 3619 879 ue

2035 912 2164 982 quid
2195 912 2395 968 occulti
2429 914 2736 969 iucuratum
2764 914 3191 984 relinqueretur:
3224 930 3345 968 cum
3378 917 3620 971 medicus

2034 1018 2095 1057 ea
2131 1012 2341 1057 tantum
2369 1020 2488 1074 qua:
2523 1014 2789 1087 apparent
2824 1014 2999 1060 curet.
3046 1005 3252 1059 Idcirco
3279 1018 3453 1074 neque
3480 1012 3618 1059 tem-

2035 1096 2257 1164 poribus
2283 1093 2418 1162 Noe,
2455 1112 2579 1151 cum
2606 1097 2784 1152 omnis
2813 1111 2944 1152 caro
2976 1098 3029 1150 in
3057 1096 3343 1165 iniquitate
3366 1105 3619 1166 corrupta

2034 1195 2222 1251 esset,
2264 1186 2603 1257 apparitione
2641 1203 2737 1242 sua
2785 1187 3052 1243 medelam
3096 1184 3253 1241 all‘ert
3282 1202 3295 1239 :
3320 1184 3446 1255 quia
3482 1200 3622 1240 non-

2035 1280 2160 1334 dum
2193 1279 2542 1335 Sodomitira:
2576 1281 2834 1350 nequitizn
2863 1294 3086 1351 germen
3116 1279 3482 1348 epullularat:
3518 1295 3614 1332 ne—

2036 1387 2139 1441 que
2176 1388 2241 1427 eo
2278 1383 2519 1441 tempore
2550 1387 2657 1441 quo
2697 1371 3059 1427 Sodomorum
3097 1371 3227 1427 urbs
3268 1386 3461 1428 eversa
3495 1370 3618 1437 fuit,

2038 1464 2296 1519 Dominus
2348 1467 2641 1534 apparuit:
2679 1463 2807 1533 quia
2857 1463 3024 1518 multa
3071 1464 3249 1517 adhuc
3282 1464 3335 1518 in
3384 1462 3619 1517 humana

2038 1557 2215 1610 anima
2246 1556 2374 1609 vitia
2405 1555 2818 1609 delitescebant.
2859 1554 2960 1609 Ubi
2990 1554 3133 1610 enim
3167 1552 3427 1609 adversus
3450 1552 3618 1608 Deum

2037 1647 2247 1702 hellans
2276 1646 2526 1700 Pharao?
2551 1647 2641 1700 ubi
2671 1644 3056 1716 [Egyptiorum
3086 1645 3351 1700 indomita
3382 1644 3623 1699 malitia?

2036 1733 2106 1786 At
2164 1748 2231 1787 ne
2294 1742 2406 1787 tum
2471 1733 2691 1803 quidem
2741 1734 2906 1789 totius
2962 1734 3202 1789 universi
3266 1735 3618 1789 instauraturi

1962 1821 2005 1875 Β
2038 1833 2404 1894 Opportunum
2460 1823 2636 1877 visum
2689 1821 2794 1877 fuit
2833 1822 2979 1894 (post
3028 1820 3307 1894 Egyptia,
3368 1823 3615 1892 inquam,

2042 1914 2206 1986 mala)
2238 1916 2360 1969 vita:
2388 1915 2626 1970 misceri.
2658 1912 2956 1987 Oportebat
2981 1916 3126 1971 enim
3159 1915 3322 1971 etiam
3355 1916 3624 1972 Israelita-

2042 2024 2159 2063 rum
2186 2006 2352 2079 395
2380 2008 2803 2064 inohedientiam
2835 2007 3209 2075 manifestari;
3258 2009 3543 2080 oportebat
3571 2019 3625 2062 et

2041 2101 2192 2169 regni
2233 2099 2584 2170 Assyriorum
2633 2110 2688 2157 et
2720 2099 3232 2157 Nabuchodonozor
3268 2102 3624 2171 ﬂagrantissi-

2044 2207 2191 2246 mam
2232 2193 2545 2262 superbiam
2591 2190 2935 2247 manifestam
2986 2192 3104 2248 ﬁeri
3138 2193 3463 2263 :oportebat
3498 2208 3626 2249 san-

2043 2296 2256 2341 ctorum
2296 2285 2497 2341 caedem
2538 2285 2703 2341 veluti
2737 2300 2962 2355 pravum
3000 2284 3218 2355 aliquod
3257 2296 3312 2340 et
3345 2287 3622 2356 spinosum

2044 2380 2202 2433 mala:
2251 2378 2449 2434 diaboli
2505 2378 2709 2434 radicis
2760 2393 2981 2448 germen
3038 2377 3627 2449 excitarizoportebat

2042 2470 2359 2525 Judaaorum
2421 2469 2683 2524 adversus
2716 2478 2937 2525 sanctos
2986 2468 3082 2524 Dei
3146 2469 3351 2524 rabiem
3405 2470 3627 2523 manife-

2043 2563 2203 2626 stari,
2249 2560 2610 2616 occidentium
2644 2560 2957 2631 prophetas,
2982 2570 3036 2616 et
3061 2574 3155 2616 eos
3174 2559 3267 2629 qui
3294 2558 3447 2615 missi
3470 2569 3627 2614 erant

2043 2657 2314 2727 lapidibus
2353 2656 2730 2722 obruentinm,
2777 2672 2844 2712 ac
2876 2656 3092 2711 tandem
3139 2654 3421 2726 piaculare
3452 2656 3629 2711 scelus

2045 2751 2099 2804 in
2133 2749 2456 2804 zachariam
2489 2749 2633 2804 inter
2665 2749 2840 2820 ipsum
2872 2750 3044 2805 altare
3067 2760 3119 2806 et
3152 2748 3408 2821 templum
3436 2764 3627 2820 perpe-

2046 2840 2304 2895 trautium
2328 2858 2342 2908 ;
2368 2840 2506 2896 adde
2532 2842 2696 2896 etiam
2721 2842 2969 2913 catalogo
2994 2858 3278 2914 pravorum
3300 2841 3627 2913 germinum,

2047 2933 2337 2988 infantium
2398 2934 2601 2989 caedem
2667 2935 2736 2989 ab
2776 2934 2991 2991 llerode
3050 2945 3439 3006 perpetratam.
3491 2934 3628 2990 Cum

2048 3024 2211 3093 igitur
2250 3026 2432 3080 oumis
2471 3024 2525 3079 in
2574 3025 2890 3081 universum
2939 3027 3195 3096 nequitiw
3234 3026 3318 3082 vis
3350 3040 3417 3080 ex
3465 3041 3627 3095 prava

2048 3116 2230 3171 radice
2262 3115 2507 3183 emersit,
2535 3117 2827 3187 multisque
2861 3117 3040 3173 modis
3077 3115 3324 3173 excrevit
3354 3116 3406 3169 in
3441 3116 3631 3169 volun-

2046 3209 2253 3265 tatibus
2284 3224 2349 3265 ac
2375 3196 2572 3265 studiis
2599 3224 2695 3279 per
2723 3223 3163 3279 unamquamque
3197 3200 3627 3279 generationem,

2047 3300 2250 3356 malitia
2294 3302 2602 3373 promiscue
2646 3300 2998 3356 luxuriante:
3030 3310 3144 3356 tum
3199 3300 3440 3365 demum,
3488 3301 3632 3353 sicut

2044 3394 2122 3448 ait
2166 3395 2232 3447 ad
2278 3394 2642 3449 Athenienses
2688 3393 2906 3459 Paulus,
2952 3411 2971 3445 ι
3016 3392 3338 3463 Ignorantia:
3389 3402 3631 3461 tempora

2045 3485 2353 3556 despiciens
2402 3486 2561 3551 Deus,
2610 3484 2817 3540 ultimis
2869 3485 3208 3554 temporibus
3252 3484 3565 3550 advenit";
3607 3502 3624 3534 ι

2045 3595 2171 3633 cum
2217 3594 2323 3634 non
2360 3589 2506 3635 esset
2537 3580 2628 3650 qui
2674 3579 3020 3650 intelligeret,
3066 3594 3242 3649 neque
3292 3578 3633 3634 inveniretur

2046 3670 2137 3740 qui
2196 3680 2466 3739 quaereret
2518 3671 2683 3725 Deum
2728 3687 2744 3726 :
2787 3672 3007 3741 quando
3053 3685 3245 3725 omnes
3289 3671 3633 3726 declinaraut

2045 3762 2315 3834 simulque
2347 3762 2566 3816 inutiles
2596 3760 2723 3816 facti
2766 3773 2943 3826 erant,
2973 3763 3193 3831 quando
3225 3762 3408 3816 omnia
3452 3762 3631 3832 impli-

2046 3865 2165 3910 cata
2203 3854 2424 3909 luerunt
2467 3852 2692 3917 malitia,
2736 3853 2954 3923 quando
2983 3853 3279 3909 abundavit
3317 3864 3625 3923 peccatum,

2046 3946 2262 4016 quando
2314 3948 2380 3999 ad
2436 3960 2703 4001 summam
2772 3959 3082 4000 mensuram
3138 3944 3394 4014 nequitia:
3453 3946 3630 4015 Caligo

2045 4036 2291 4093 excrevit
2322 4049 2340 4091 :
2368 4045 2517 4102 tunc,
2553 4036 2792 4106 inquam,
2831 4035 3086 4104 apparuit
3122 4036 3317 4106 gratia,
3358 4045 3488 4090 tunc
3515 4038 3627 4089 veri

2048 4130 2269 4185 luminis
2298 4132 2483 4187 radius
2508 4128 2732 4197 etl‘ulsit,
2764 4139 2892 4185 tunc
2922 4138 3146 4185 exortus
3173 4140 3256 4184 est
3284 4130 3377 4185 Sol
3403 4130 3629 4200 juStitia:

2048 4226 2117 4281 iis
2144 4223 2236 4295 qui
2279 4223 2335 4279 in
2389 4224 2628 4280 tenebris
2660 4235 2826 4295 atque
2857 4224 2911 4280 in
2944 4226 3132 4279 umbra
3183 4225 3465 4289 sedebant,
3501 4232 3630 4279 tunc

2049 4316 2216 4373 multa
2262 4316 2441 4386 capita
2479 4316 2737 4371 draconis
2782 4316 3063 4382 contrivit,
3098 4317 3234 4388 pede
3286 4316 3375 4370 illa
3411 4317 3630 4385 procul-

2049 4425 2183 4467 cans
2222 4425 2317 4479 per
2342 4408 2637 4464 humanam
2687 4423 2932 4472 carnem,
2968 4417 3237 4479 terraque
3276 4408 3430 4464 illisit
3469 4418 3630 4479 atque

359 4494 456 4549 xui.
478 4492 893 4564 καταπατήσας.
926 4491 1037 4545 Καὶ
1059 4490 1250 4562 μηδεὶς
1279 4488 1415 4561 πρὸς
1437 4489 1505 4542 τά
1535 4487 1629 4541 νῦν
1655 4489 1715 4541 ἐν
1735 4487 1815 4559 τῷ
1845 4487 1937 4559 βίῳ

2051 4502 2323 4571 protrivit.
2376 4499 2562 4571 Neque
2607 4515 2737 4557 vero
2781 4501 3050 4573 quispiam
3114 4502 3167 4555 in
3213 4502 3462 4571 praesenti
3508 4503 3631 4556 vitae

360 4584 801 4656 καταψεύδεσθαι
830 4582 1099 4654 νομιζέτω
1140 4580 1440 4649 τὸν,λόγον,
1472 4580 1594 4633 καθ’
1622 4580 1681 4634 ὃν
1727 4582 1786 4634 ἐν
1834 4582 1945 4644 τοῖς

359 4679 693 4741 τελευταίοις
740 4677 955 4749 χρόνοις
1009 4675 1191 4747 φαμὲν
1240 4674 1547 4747 ἐπιλάμψαι
1596 4673 1674 4746 τῷ
1719 4673 1820 4746 βίῳ
1856 4678 1949 4728 τὸν

361 4771 588 4842 Κύριον.
617 4770 765 4842 Ἐρεῖ
800 4767 909 4841 γάρ
938 4768 967 4820 6
994 4768 1294 4838 ἀντιλέγων
1326 4768 1489 4840 τυχὸν
1510 4807 1524 4833 ,
1566 4768 1647 4821 ὄτι
1681 4767 1786 4820 Τὸν
1816 4768 1947 4821 ἀνα-

364 4866 620 4937 μείνοντα
654 4863 783 4927 τοὺς
827 4864 1051 4934 χρόνους
1098 4859 1235 4931 πρὸς
1263 4859 1363 4932 τὴν
1414 4862 1513 4931 τῆς
1551 4860 1752 4923 κακίας
1782 4858 1947 4930 φανέ-

362 4973 557 5028 ρωσιν,
606 4956 755 5020 ὅπως
783 4955 953 5025 αὐτὴν
982 4952 1312 5023 αὐξηθεῖσαν
1355 4952 1532 5024 ἐξέλῃ,
1575 4952 1947 5023 προθέλυμνον

348 5044 545 5119 ξπᾶσαν
561 5048 730 5119 αὐτὴν
748 5046 895 5110 εἰκὸς
912 5046 1265 5117 ἀνῃρηκέναι,
1279 5043 1354 5108 ὡς
1375 5044 1539 5115 μηδὲν
1552 5045 1720 5115 αὐτῆς
1732 5044 1943 5098 ὑπολει-

343 5100 1099 5210 ¹φθῆναι*τῷΊβίῳλείψανόνι·
1122 5134 1241 5189 νυνὶ
1254 5100 1310 5188 δέ
1329 5100 1497 5203 φόνόι,
1511 5135 1604 5187 καὶ
1622 5100 1838 5199 κλοπαὶ,
1853 5134 1947 5187 καὶ

369 5232 632 5303 μοιχεῖαι,
662 5231 757 5284 καὶ
787 5229 967 5285 πάντα
994 5227 1259 5299 τολμᾶται
1288 5226 1355 5280 τά
1399 5227 1765 5297 πονηρότατα.
1810 5226 1949 5279 Ἀλλ’

363 5331 394 5383 6
423 5329 560 5400 πρὸς
588 5326 745 5381 τοῦτο
776 5326 1009 5397 βλέπων,
1064 5322 1421 5394 ὑποδείγματί
1463 5338 1568 5374 τινι
1600 5319 1708 5373 τῶν
1749 5318 1950 5389 γνωρί-

368 5438 486 5492 μων
515 5419 612 5491 τὴν
644 5418 772 5489 περί
818 5417 1022 5471 τούτων
1072 5414 1404 5487 ἀμφιϐολίαν
1448 5413 1683 5468 λυσάτω.
1738 5413 1949 5483 Ὠσπερ

362 5514 474 5583 γάρ
507 5512 633 5565 ἰδεῖν
665 5510 778 5564 ἔστι
809 5509 903 5564 ἐπὶ
930 5510 1030 5581 τῆς
1060 5510 1167 5562 τῶν
1199 5506 1444 5580 ἑρπετῶν
1470 5504 1824 5575 ἀναιρέσεως,
1850 5506 1950 5559 οὐκ

362 5604 525 5667 εὐθὺς
572 5605 637 5675 τῇ
687 5602 898 5675 κεφαλῇ
949 5601 1040 5657 τὸν
1083 5600 1239 5656 ὂλκον
1289 5597 1799 5670 συγκεκρουμένων,
1833 5596 1949 5651 ἀλλ’

439 5780 485 5813 ⁷⁸
505 5780 625 5836 Act.
663 5794 793 5844 xvu,
823 5779 913 5833 30.

2050 4604 2193 4650 statu
2243 4608 2553 4649 sermonem
2599 4591 2746 4648 hunc
2788 4593 3007 4648 veritati
3055 4606 3358 4662 repugnare
3400 4592 3632 4647 arbitre-

2052 4694 2159 4749 tur,
2188 4700 2296 4749 quo
2324 4683 2624 4739 asserimus
2644 4682 2942 4743 Dominum
2984 4681 3189 4736 ultimis
3219 4681 3468 4735 humana:
3506 4682 3632 4735 vitae

2054 4775 2397 4846 temporibus
2430 4775 2693 4830 illuxisse.
2725 4774 2876 4829 Dicet
2902 4773 3046 4828 enim
3084 4771 3333 4828 fortassis
3373 4769 3630 4825 adversa-

2052 4868 2187 4932 rius,
2231 4867 2526 4923 verisimile
2558 4880 2682 4923 esse
2713 4880 2837 4920 eum
2870 4864 2961 4934 qui
3014 4872 3259 4933 tempora
3292 4862 3633 4931 pmstolatus

2050 4960 2218 5014 estad
2252 4958 2506 5027 nequitia!
2529 4956 3027 5012 manilestationem
3055 4955 3363 5020 commoda,
3384 4962 3443 5009 ut
3464 4953 3630 5018 illam,

2052 5065 2175 5105 cum
2227 5050 2291 5102 ad
2328 5062 2601 5102 summum
2642 5046 3000 5110 excrevisset,
3038 5044 3287 5099 tolleret:
3318 5042 3629 5109 verisimile,

2062 5142 2311 5209 inquam,
2333 5153 2454 5194 esse
2473 5153 2594 5193 eum
2619 5152 2834 5192 omnem
2866 5135 3013 5189 illam
3043 5134 3211 5189 semel
3242 5133 3482 5189 funditus
3507 5149 3633 5188 sus-

2058 5231 2248 5287 tulisse
2273 5271 2288 5295 ,
2340 5230 2412 5284 ita
2459 5238 2519 5283 ut
2559 5227 2717 5282 nulla:
2745 5227 2976 5297 amplius
3006 5225 3121 5296 ejus
3159 5227 3210 5281 in
3248 5228 3354 5281 vita
3391 5225 3634 5295 reliquiae

2056 5326 2347 5379 hmrerent.
2382 5319 2537 5375 Nunc
2569 5336 2698 5375 vero
2731 5330 2787 5373 et
2817 5320 3010 5382 caules,
3045 5328 3099 5373 ct
3133 5319 3357 5389 rapinae,
3387 5327 3440 5373 et
3480 5317 3634 5370 adul-

2055 5417 2214 5479 teria,
2266 5424 2319 5469 et
2359 5415 2485 5484 quid
2532 5429 2638 5467 nan
2688 5410 3047 5483 pessimorum
3084 5408 3409 5480 ﬂagitiorum
3442 5423 3633 5479 perpe-

2055 5507 2266 5562 tratur?
2305 5507 2493 5574 Atqui
2536 5522 2600 5560 eo
2648 5505 2967 5575 respexerit,
3014 5501 3371 5558 similitudine
3398 5504 3629 5571 quadam

2054 5616 2082 5653 τι
2112 5600 2271 5655 rebus
2308 5598 2612 5653 notioribus
2645 5611 2855 5667 sumpta
2884 5596 3105 5649 dubium
3139 5593 3317 5649 solvat
3366 5592 3634 5659 Quemad-
