4146 6522
309 437 454 492 H29

1305 433 1672 494 ADVERSUS
1716 426 2504 489 ANTHROPOMORPHITAS.

3405 434 3540 490 H50

304 554 535 626 ὄψομαι,
570 555 725 626 φησὶ,
757 556 818 609 τὸ
853 555 994 627 μέγα
1023 557 1200 627 ὅραμα
1232 555 1388 608 τοῦτο
1409 574 1420 586 ⁸
1455 575 1471 607 ι
1523 557 1584 609 οὐ
1623 553 1870 626 τοπικὴν,

1994 561 2173 613 meret,
2226 571 2244 603 ι
2275 549 2572 604 Transiens
2603 545 2814 612 videbo,
2854 545 3050 614 inquit,
3090 562 3340 618 magnam
3377 551 3544 606 visio-

297 639 482 715 οἶμαι,
517 646 731 717 κίνησιν
777 649 952 718 δηλῶν
983 648 1068 700 διὰ
1100 649 1211 717 ιτῆς
1241 647 1588 713 διαϐάσεως,
1619 648 1753 701 ἀλλὰ
1777 647 1874 716 τὴν

302 737 605 806 παρώικήν
633 737 727 790 τοῦ
771 739 960 810 χρόνου
989 739 1259 796 διάϐασιν.
1309 738 1381 791 Τὸ
1410 741 1518 809 γὰρ
1546 741 1670 792 τότε
1696 739 1874 791 διατυ-

303 825 490 880 πωθὲν
523 829 579 880 ἐν
614 831 681 899 τῇ
713 830 872 898 φλογὶ
899 830 994 883 καὶ
1018 833 1084 902 τῇ
1126 829 1294 900 βάτῳ,
1326 830 1609 894 διαϐάντος
1635 829 1729 883 τοῦ
1777 830 1875 899 μέ-

305 931 408 969 σου
435 917 649 990 χρόνου,
695 919 882 990 σαφῶς
930 922 988 972 ὲν
1031 919 1109 989 τῷ
1146 921 1288 975 κατὰ
1324 923 1422 992 τὴν
1459 921 1733 993 Παρθένον
1771 939 1875 991 μυ-

308 1011 523 1080 στηρίῳ
571 1010 938 1080 άνεκαλύφθη.
1003 1012 1093 1074 Ὠς
1139 1013 1246 1083 γὰρ
1292 1013 1408 1066 ἐκεῖ
1451 1013 1481 1064 6
1528 1013 1729 1082 θάμνος
1781 1012 1876 1065 καὶ

306 1098 475 1151 ἅπτει
506 1098 566 1152 τὸ
595 1099 711 1168 φῶς
739 1101 833 1153 καὶ
861 1100 921 1154 ού
950 1099 1164 1154 καίεται
1188 1117 1201 1129 ⁸
1233 1100 1375 1154 οὕτω
1419 1104 1513 1155 καὶ
1542 1105 1574 1171 ἡ
1605 1101 1877 1172 Παρθένος

306 1189 564 1255 ἐνταῦθα,
596 1191 692 1243 καὶ
720 1191 892 1244 τίκτει
922 1191 985 1243 τὸ
1007 1191 1141 1259 φῶς.
1175 1193 1271 1244 καὶ
1301 1192 1362 1244 ού
1391 1193 1689 1264 φθείρεται.
1723 1194 1784 1246 EE
1821 1192 1878 1244 δὲ

310 1277 478 1348 βάτος
503 1281 857 1350 προδιατυποῖ
885 1279 946 1334 τὸ
965 1280 1225 1334 Θεοτόκον
1256 1283 1415 1351 σῶμα
1445 1284 1542 1353 τῆς
1579 1282 1875 1353 Παρθένου,

311 1371 392 1441 μὴ
431 1373 792 1444 ἐπαισχυνθῇς
830 1373 906 1443 τῷ
953 1375 1257 1445 αἰνίγματι.
1292 1376 1448 1428 Πᾶσα
1477 1375 1585 1445 γὰρ
1617 1374 1754 1445 σὰρξ
1791 1375 1880 1428 διὰ

305 1461 412 1531 τὴν
454 1462 554 1532 τῆς
596 1464 873 1533 ἁμαρτίας
918 1467 1251 1537 παραδοχὴν,
1283 1466 1403 1519 κατ’
1433 1465 1566 1519 αὐτὸ
1585 1465 1762 1530 τοῦτο,
1797 1465 1882 1518 ὅτι

311 1549 453 1621 σάρξ
480 1552 594 1606 ἔστι
626 1553 804 1622 μόνον,
829 1556 1075 1626 ἁμαρτία
1101 1558 1266 1610 ἐστίν.
1299 1556 1364 1609 Ἦ
1385 1555 1442 1609 δὲ
1467 1556 1706 1628 ἁμαρτία
1728 1557 1880 1629 παρὰ

307 1639 412 1710 τῆς
453 1640 676 1713 Γραφῆς
703 1643 769 1714 τῇ
813 1647 913 1715 τῆς
950 1645 1216 1714 ἀκάνθης
1251 1645 1535 1716 ἐπωνυμίᾳ
1575 1647 1878 1718 κατονομά-

308 1729 491 1793 ζεται.

889 1825 1140 1881 ΚΕΦΑΛ.
1181 1829 1304 1882 ΚΖ⁸.

1984 656 2106 702 nem
2133 641 2269 694 hanc
2290 634 2372 693 "z
2404 657 2422 687 ι
2457 651 2553 706 per
2578 637 2876 699 transitura,
2911 650 3014 689 non
3043 635 3288 704 localem,
3317 650 3375 695 ut
3404 643 3541 699 arbi-

1985 741 2127 793 tror,
2184 741 2384 785 motum
2435 728 2778 797 significans,
2849 727 2942 781 sed
2998 738 3200 783 certam
3258 735 3542 800 quamdam

1986 821 2240 889 temporis
2281 818 2664 875 evolutlonem.
2709 817 2862 885 Quod
2903 817 3044 872 enim
3078 830 3206 874 tunc
3249 823 3298 874 in
3333 823 3545 880 ﬁamma

1983 913 2145 983 397
2177 921 2230 966 et
2262 912 2397 966 rubo
2433 910 2716 981 ﬁguratum
2744 908 2880 973 fuit,
2923 908 2976 964 id
3005 909 3189 979 elapso
3230 907 3547 970 iutermedio

1989 1014 2228 1072 tempore
2258 1000 2542 1055 manifeste
2576 1000 2629 1055 in
2652 998 2914 1070 ‘Virginis
2961 1001 3216 1070 mysterio
3249 1002 3544 1057 revelatum

1984 1091 2104 1146 fuit.
2150 1090 2612 1157 Quemadmodum
2662 1091 2803 1145 enim
2857 1088 2965 1145 illic
3012 1090 3193 1146 lumen
3254 1092 3544 1161 virgultum

1986 1182 2253 1246 accendit,
2307 1195 2481 1249 neque
2536 1189 2715 1235 tamen
2779 1179 3077 1235 aduritur:
3122 1180 3195 1235 ita
3249 1181 3411 1236 etiam
3461 1183 3550 1239 hic

1987 1271 2148 1340 Virgo
2184 1281 2238 1324 et
2278 1271 2418 1340 parit
2452 1271 2655 1335 lumen,
2687 1281 2741 1325 et
2775 1285 2880 1326 non
2918 1271 3302 1340 corrumpitur.
3329 1270 3389 1326 Si
3420 1288 3549 1328 vero

1987 1364 2150 1417 rubus
2182 1363 2406 1432 ﬁgurate
2441 1362 2712 1433 signiﬁcat
2746 1361 3023 1431 deiparum
3056 1362 3292 1432 Virginis
3331 1378 3548 1433 corpus,

1987 1469 2054 1509 ne
2101 1462 2154 1510 te
2202 1453 2438 1509 offendat
2485 1453 2674 1523 figura.
2713 1453 2899 1509 Omnis
2944 1453 3088 1509 enim
3134 1467 3284 1520 caro,
3330 1464 3552 1524 propter

1987 1543 2191 1612 peccati
2217 1543 2638 1612 susceptionem,
2681 1558 2746 1598 ea
2783 1543 2990 1598 ratione
3017 1557 3124 1613 qua
3153 1558 3283 1598 caro
3311 1554 3397 1599 est
3432 1554 3550 1598 tan-

1987 1636 2123 1694 tum,
2196 1642 2476 1697 peccatum
2525 1639 2628 1685 est.
2667 1630 2957 1686 Peccatum
3003 1639 3135 1687 vero
3182 1648 3214 1686 a
3267 1630 3549 1703 Scriptura

1984 1719 2150 1786 spina:
2181 1719 2540 1788 appellatione
2565 1720 2891 1775 nominatur.

2526 1825 2756 1890 CAPUT
2792 1830 3006 1889 XXVII'

313 1935 436 1992 Τὸν
456 1938 684 2014 μεταξὺ
711 1935 819 2014 τοῦ
847 1939 998 2014 ναοῦ
1026 1940 1122 2014 καί
1157 1939 1263 2014 τοιξ
1306 1941 1740 2014 θυσιασλτηρίου
1773 1957 1879 2008 φο-

1994 1937 2308 2014 lae/{artam
2337 1941 2476 1995 inter
2501 1943 2752 2012 templum
2789 1952 2835 2014 et
2863 1943 3034 1998 altare
3065 1946 3417 2014 interfectum.
3449 1961 3555 2000 non

382 2005 1023 2078 νεὺθένταίΖαχαρίαν,
1055 2011 1166 2062 οὐκ
1196 2009 1476 2076 εὔκαιρον
1500 2005 1580 2078 ἦν
1593 2005 1703 2075 wsic
1731 2005 1884 2078 μὰρ-

383 2079 597 2200 τιὸρίιιν
625 2077 737 2144 τῆς
767 2080 1037 2148 ἀφθόρου
1070 2079 1311 2146 Μητρὸς
1347 2079 1458 2150 (l9)
1492 2077 1884 2147 παραστήσα-

385 2161 430 2200 σ
467 2162 549 2200 αι.

396 2296 598 2366 ἰερεὺς
619 2291 770 2359 οῧτος
797 2298 826 2350 6
855 2297 1125 2368 Ζαχαρίας
1151 2292 1240 2369 ἦν,
1263 2298 1358 2352 καὶ
1384 2298 1539 2369 ἐντῷ
1556 2300 1655 2368 τῆς
1679 2316 1890 2371 προφη-

311 2384 465 2449 τείας
492 2388 809 2458 χαρίσματι.
850 2390 915 2442 Ἤ
935 2389 992 2441 δὲ
1024 2390 1122 2457 τῆς
1143 2388 1474 2461 προφητείας
1508 2391 1736 2462 δύναμις
1762 2392 1890 2446 ἀνά-

312 2493 560 2546 γραπτος
590 2480 646 2531 ὲν
667 2478 742 2548 τῷ
760 2477 944 2548 βιόλίῳ
963 2479 1058 2532 τοῦ
1079 2479 1406 2548 Εὑαγγελίου
1437 2480 1792 2551 κηρύσσεται,
1809 2481 1889 2534 ὅτι

318 2565 745 2634 προοδοποιοῦσα
763 2570 872 2630 τοῖς
901 2568 1250 2639 ἀνθρώποιςὴ
1277 2570 1394 2622 θεία
1415 2571 1594 2640 χάρις,
1612 2571 1688 2642 μὴ
1703 2570 1794 2623 τὸν
1825 2571 1890 2623 ἐκ

318 2657 613 2724 παρθενίας
626 2657 778 2710 τόκον
800 2657 1025 2710 ἄπιστον
1043 2660 1371 2730 ἡγήσασθαι,
1386 2663 1495 2724 τοῖς
1507 2661 1750 2714 ἐλάττοσι
1764 2661 1864 2714 θαύ
1876 2691 1890 2700 -

321 2760 458 2813 μασι
477 2743 842 2813 προγυμνάζει
862 2745 968 2798 τῶν
991 2747 1234 2800 ἀπίστων
1257 2747 1353 2816 τὴν
1379 2748 1793 2815 συγκατάθεσιν.
1810 2748 1889 2817 Τῇ

321 2834 514 2906 στείρᾳ
547 2838 638 2888 καὶ
666 2837 928 2907 παρήλικι
957 2838 1196 2891 τίκτεται
1225 2840 1374 2901 παῖς.
1407 2839 1581 2893 Τοῦτο
1606 2840 1890 2909 προοίμιον

319 2923 417 2976 τοῦ
446 2925 584 2978 κατὰ
619 2925 716 3008 τὴν
751 2927 1022 2997 Παρθένον
1053 2928 1352 2998 μυστηρίου
1383 2929 1612 2997 γίνεται.
1671 2930 1759 2991 Ὦς
1784 2929 1892 3000 γὰρ

333 3012 617 3068 Ἐλισάϐετ
648 3015 708 3068 ού
741 3015 952 3085 φύσεως
976 3018 1198 3087 δυνάμει
1228 3019 1412 3088 μήτηρ
1437 3019 1669 3086 γίνεται,
1703 3021 1895 3087 ἄγονος

319 3103 415 3156 τὸν
446 3102 558 3172 βίον
588 3107 1037 3177 καταγηράσασα,
1051 3109 1164 3161 ἀλλ’
1184 3111 1275 3161 ἐπὶ
1294 3111 1354 3161 τὸ
1371 3110 1510 3162 θεῖον
1536 3109 1781 3179 βούλημα
1800 3108 1892 3161 τοῦ

323 3193 517 3258 παιδὸς
543 3197 576 3255 ἡ
605 3198 820 3265 γένεσις
845 3200 1173 3269 ἀναφέρεται
1198 3215 1212 3226 ·
1247 3199 1390 3252 οὕτω
1423 3201 1518 3253 καὶ
1557 3200 1657 3270 τῆς
1686 3200 1893 3270 παρθε-

2059 2010 2221 2091 fuisse
2282 2010 2630 2079 opportunum
2687 2022 2743 2064 ut
2795 2013 2850 2065 in
2908 2010 3260 2069 testimonium
3325 2015 3551 2088 Virginis

2059 2089 2248 2132 matris
2277 2091 2612 2134 statueretur.

2061 2275 2354 2332 Zacharias
2398 2277 2486 2333 hic
2520 2279 2774 2334 sacerdos
2819 2289 2934 2335 erat
2975 2290 3030 2336 et
3073 2282 3366 2351 prophetia:
3413 2282 3556 2341 dono

1992 2367 2191 2421 clarus.
2244 2368 2547 2438 Prophetiaa
2596 2379 2777 2425 autem
2836 2373 2916 2428 vis
2966 2372 3237 2446 descripta
3308 2377 3362 2432 in
3420 2375 3556 2432 libro

1994 2455 2404 2528 Evangeliorum
2445 2461 2790 2529 praedicatur,
2837 2465 2978 2532 quod
3022 2465 3198 2520 divina
3247 2469 3417 2536 gratia
3459 2467 3559 2522 ho-

1995 2549 2227 2604 minibus
2257 2550 2401 2604 viam
2439 2559 2706 2617 sternens,
2746 2569 2814 2609 ne
2836 2563 3048 2623 partum
3077 2572 3141 2611 ex
3178 2559 3386 2628 virgine
3418 2559 3559 2614 imii-

1992 2656 2153 2710 gnum
2187 2656 2308 2698 esse
2338 2643 2444 2699 fide
2488 2645 2880 2712 existimarent,
2933 2648 3232 2704 minoribus
3279 2650 3558 2707 miraculis

1994 2731 2392 2787 incredibilium
2435 2735 2806 2791 assensionem
2862 2751 2926 2792 ac
2976 2738 3132 2793 ﬁdem
3181 2750 3554 2809 praeexercet:

1996 2825 2119 2878 anui
2170 2826 2454 2893 decrepita:
2503 2827 2743 2882 nascitur
2792 2827 2955 2884 ﬁlius.
3003 2827 3117 2884 lloc
3154 2831 3321 2885 veluti
3355 2836 3558 2902 praelit-

1995 2919 2139 2971 dium
2179 2928 2262 2972 est
2294 2918 2535 2988 mysterii
2574 2929 2761 2986 partus
2791 2919 3038 2989 virginei.
3090 2920 3555 2986 Quemadmodum

1994 3011 2138 3062 enim
2181 3010 2458 3065 Elizabeth
2505 3025 2608 3063 non
2657 3019 2863 3064 naturae
2906 3011 3166 3065 beneficio
3198 3026 3262 3066 ac
3303 3013 3561 3067 facultate

1999 3101 2059 3152 fit
2111 3108 2309 3163 mater,
2373 3113 2494 3152 cum
2543 3099 2745 3154 sterilis
2796 3114 2893 3168 per
2939 3114 3152 3154 omnem
3209 3102 3370 3155 vitam
3432 3117 3560 3156 con-

1997 3189 2282 3256 senuisset,
2304 3189 2396 3244 sed
2419 3190 2614 3243 divinae
2634 3188 2896 3243 voluntati
2927 3190 3018 3244 ﬁlii
3042 3193 3317 3260 generatio
3341 3203 3560 3264 accepta

320 3285 480 3355 νικῆς
507 3259 691 3350 ὠδῖνος
719 3289 752 3357 ἡ
769 3259 992 3342 ἀπιστία
1016 3259 1105 3359 τῇ,
1130 3291 1266 3361 πρὸς
1291 3291 1350 3342 τὸ
1381 3291 1533 3343 Θεῖον
1561 3259 1809 3360 ἀναφοριῖι
1833 3289 1892 3343 τὸ

1999 3282 2237 3337 refertur
2265 3299 2279 3334 :
2316 3282 2389 3335 ita
2422 3282 2587 3336 etiam
2612 3280 2839 3350 virginei
2862 3290 3047 3349 partus
3075 3259 3560 3338 incredibilius-ad

320 3376 516 3430 πιστὸν
561 3376 692 3447 ἔχει.
755 3379 974 3449 Ἐπειδὴ
1033 3381 1213 3432 τοίνυν
1260 3381 1632 3450 προλαμϐάνει
1683 3380 1774 3432 τὸν
1827 3382 1892 3433 ὲκ

325 3466 630 3536 παρθενίας
655 3468 812 3520 τόκον
838 3471 866 3522 6
888 3469 997 3523 ἀπὸ
1024 3474 1124 3541 τῆς
1150 3472 1390 3541 στείρας,
1420 3475 1448 3524 6
1490 3471 1626 3542 πρὸς
1653 3472 1752 3542 τὴν
1782 3489 1893 3539 cptu-

322 3556 424 3627 νῆν
450 3557 552 3626 τῆς
580 3559 950 3629 κυοφορούσης
973 3560 1063 3613 τὸν
1097 3561 1300 3632 Κύριον
1338 3562 1466 3631 πρὶν
1493 3563 1573 3624 είς
1611 3561 1726 3629 φῶς
1759 3578 1894 3630 προ-

324 3644 502 3697 ελθεῖν
553 3647 611 3697 ὲν
663 3649 728 3718 τῇ
794 3647 1021 3720 μητρῴᾳ
1071 3650 1226 3720 νηδύϊ
1289 3652 1618 3723 σκιρτήσας’
1670 3651 1786 3722 ἅμα
1838 3651 1894 3704 δὲ

323 3735 574 3804 παρῆλθε
619 3738 698 3800 είς
739 3738 950 3805 γένεσιν
978 3741 1007 3792 6
1048 3741 1143 3792 τοῦ
1172 3740 1349 3810 Λόγου
1399 3741 1724 3811 πρόδρομος,
1775 3742 1894 3794 τότε

327 3823 518 3879 λύεται
547 3827 625 3897 τῷ
653 3829 896 3898 Ζαχαρία.
939 3829 1028 3882 διά
1070 3832 1170 3900 τῆς
1203 3833 1547 3902 προφητικῆς
1579 3832 1897 3902 περιπνοίας

328 3915 366 3985 ἡ
396 3917 594 3987 σιωπὴ.
621 3919 713 3970 καὶ
737 3919 836 3972 ὅσα
864 3920 1193 3991 διεξέρχεται
1214 3923 1242 3974 6
1272 3922 1565 3992 Ζαχαρίας,
1593 3923 1895 3993 προφητεία

327 4001 426 4055 τοῦ
464 4005 748 4073 μέλλοντος
803 4003 899 4078 ἦν·
953 4002 1106 4072 οὗτος
1154 4011 1332 4064 τοίνυν
1381 4012 1410 4062 6
1452 4011 1531 4080 τῷ
1579 4012 1898 4080 προφητικῷ

331 4093 614 4166 Πνεύματι
657 4097 793 4168 πρὸς
817 4101 914 4169 τὴν
952 4101 1060 4154 τῶν
1088 4102 1344 4172 κρυπτῶν
1392 4103 1591 4170 γνῶσιν
1629 4120 1898 4173 χειραγωο

329 4185 616 4258 γούμενος,
636 4189 696 4241 τὸ
721 4192 1014 4262 μυστήριον
1038 4193 1134 4263 τῆς
1179 4193 1472 4263 παρθενίας
1501 4195 1593 4246 ἐπὶ
1613 4194 1706 4247 τοῦ
1734 4196 1899 4264 ἀφθό-

330 4293 428 4346 ρου
479 4278 638 4331 τόκου
684 4286 1041 4350 κατανοήσας,
1089 4283 1188 4335 οὐκ
1233 4283 1491 4354 ἀπέκρινε
1519 4283 1596 4353 τῷ
1647 4284 1760 4355 ναῷ
1805 4284 1897 4337 τοῦ

329 4369 454 4430 ταῖς
490 4368 776 4438 παρθένοις
830 4372 971 4424 κατὰ
1019 4371 1109 4424 τὸν
1153 4372 1312 4441 νόμον
1360 4374 1894 4444 ἀποκεκληρωμένου

329 4457 498 4511 τόπου
537 4458 635 4527 τὴν
677 4459 947 4526 πάναγνον
1000 4462 1230 4532 μητέρα,
1285 4463 1550 4516 διδάσκων
1593 4467 1717 4526 τοὺς
1773 4467 1897 4516 Ἰου-

1997 3373 2165 3428 Deum
2197 3373 2362 3428 relata
2398 3373 2556 3427 ﬁdem
2588 3373 2813 3428 invenit.
2842 3375 2976 3429 Cum
3008 3375 3173 3444 igitur
3198 3385 3384 3444 partus
3423 3391 3562 3431 anus

1995 3465 2197 3519 sterilis
2268 3465 2570 3533 virgineum
2622 3474 2834 3534 partum
2891 3465 3199 3534 prrecedat,
3263 3466 3310 3518 is
3359 3467 3448 3534 qui
3496 3468 3561 3519 ad

1995 3569 2180 3608 vocem
2225 3555 2342 3624 ejus
2394 3570 2512 3623 quae
2549 3555 2831 3608 Dominum
2875 3565 3028 3609 utero
3073 3555 3337 3626 gestabat,
3385 3572 3561 3626 prius-

1997 3661 2158 3714 quam
2193 3646 2246 3699 in
2276 3645 2446 3699 lucem
2489 3648 2750 3712 prodiret,
2783 3648 2835 3699 in
2863 3655 3107 3700 materno
3143 3655 3294 3700 utero
3320 3647 3562 3702 exsulta-

1998 3738 2110 3803 bat,
2154 3739 2316 3792 simul
2346 3752 2474 3792 vero
2505 3739 2665 3792 etiam
2703 3747 2860 3790 natus
2899 3748 2981 3791 cst
3013 3738 3170 3791 Verbi
3208 3752 3510 3805 prtecnrsor
3545 3753 3560 3791 :

2004 3831 2129 3881 tduc
2177 3828 2389 3882 demum
2443 3826 2670 3882 solvitur
2728 3826 3004 3880 Zachariae
3053 3841 3148 3895 per
3191 3827 3561 3894 propheticam

1999 3919 2322 3974 alllationem
2351 3919 2646 3984 silentium,
2685 3930 2738 3974 et
2763 3933 3094 3986 quzecunque
3123 3919 3327 3986 profert
3357 3919 3563 3973 Zacha-

2001 4011 2128 4072 rias,
2167 4007 2448 4078 prophetia
2486 4005 2790 4060 futurorum
2843 4013 3018 4059 erant.
3080 4005 3175 4058 llic
3222 4005 3402 4074 itaque
3442 4021 3566 4074 pro-

1999 4101 2213 4169 phetico
2259 4097 2450 4166 spiritu
2497 4097 2564 4150 ad
2610 4095 2945 4151 occultorum
2992 4097 3354 4165 cognitionem
3403 4099 3560 4164 quasi

2001 4203 2159 4242 manu
2197 4187 2412 4250 ductus,
2447 4201 2566 4240 cum
2602 4186 2924 4255 mysterium
2959 4185 3192 4254 Virginis
3217 4186 3282 4240 de
3314 4186 3563 4241 incorru-

2000 4289 2091 4350 pto
2121 4289 2275 4349 partu
2312 4279 2477 4347 probe
2503 4278 2846 4346 intelligeret,
2903 4293 3006 4330 non
3038 4277 3213 4332 arcuit
3242 4279 3564 4332 incontami-

1999 4381 2179 4425 natam
2227 4371 2682 4439 purissimamque
2734 4380 2961 4422 matrem
3005 4369 3072 4422 ab
3113 4381 3177 4422 co
3225 4368 3404 4438 templi
3450 4367 3566 4422 loco

2000 4465 2090 4531 qui
2142 4461 2442 4532 virginibus
2498 4477 2561 4514 ex
2626 4460 2743 4529 lege
2789 4459 3103 4528 designatus
3147 4472 3287 4524 erat,
3338 4460 3558 4525 docens,

328 4547 514 4611 δαίους
543 4550 624 4602 ὄντι
652 4552 680 4602 6
700 4551 806 4604 τῶν
845 4551 980 4604 ὅλων
1012 4554 1347 4622 Δημιουργὸς
1373 4554 1484 4624 (20)
1516 4557 1609 4607 καὶ
1633 4555 1892 4618 Βασιλεὺς

2003 4553 2253 4606 videlicet
2305 4550 2540 4614 .Iudteos,
2599 4549 2913 4603 Creatorem
2973 4549 3134 4603 totius
3176 4550 3409 4602 universi
3449 4563 3565 4601 0m-

329 4639 514 4710 πάσης
541 4639 786 4704 κτίσεως,
817 4643 1126 4712 ὑποχείριον
1161 4643 1272 4712 ἔχει
1303 4645 1480 4714 ἑαυτῷ
1511 4646 1647 4714 μετᾶ
1677 4647 1892 4699 πάντων

328 4730 430 4799 τὴν
477 4731 820 4800 ἀνθρωπίνην
870 4733 1048 4799 φύσιν.
1091 4734 1167 4802 τῷ
1202 4735 1316 4803 ἰδίῳ
1355 4735 1615 4805 θελήματι
1651 4737 1785 4805 πρὸς
1835 4737 1895 4788 τὸ

327 4819 520 4873 δοκοῦν
567 4822 737 4892 αὐτὴν
787 4823 955 4890 ἄγων,
1006 4824 1105 4876 οὐκ
1157 4824 1318 4886 αὐτὸς
1351 4825 1454 4877 ὑπὸ
1496 4825 1698 4896 ταύτης
1739 4825 1896 4877 δυνα-

333 4912 676 4980 στευόμενος,
727 4914 800 4976 ὡς
847 4916 904 4966 ἐν
946 4917 1012 4984 τῇ
1050 4914 1277 4983 δυνάμει
1320 4915 1485 4968 αὐτοῦ
1518 4913 1655 4970 εἶναι
1703 4917 1894 4987 καινὴν

331 5001 583 5071 γέννησιν
609 5003 1027 5074 δημιουργῆσαι,
1055 5005 1171 5073 ἥτις
1216 5007 1314 5074 τὴν
1345 5007 1643 5077 γενομένην
1677 5008 1894 5077 μητέρα

329 5092 390 5144 τὸ
419 5088 557 5144 εἶναι
583 5093 845 5163 παρθένον
869 5095 969 5147 οὐκ
996 5095 1380 5166 ἀφαιρήσεται.
1418 5097 1515 5149 Διὰ
1546 5097 1702 5150 τοῦτο
1729 5097 1896 5167 αὐτὴν
1929 5110 1942 5118 ’

400 5248 444 5276 ⁷³
472 5247 636 5300 Exod.
667 5263 748 5312 ιιι,
778 5249 828 5301 3.

2003 4645 2194 4713 nisque
2245 4655 2506 4698 creatura)
2531 4643 2698 4713 398
2727 4642 3010 4697 Dominum
3073 4641 3363 4694 humanam
3416 4653 3566 4693 natu-

2005 4751 2116 4788 ram
2161 4752 2283 4790 cum
2333 4736 2552 4805 reliquis
2593 4738 2758 4790 etiam
2812 4735 3062 4788 onmibus
3111 4733 3212 4788 sibi
3263 4733 3562 4800 subjectum

2005 4827 2225 4889 habere,
2275 4835 2328 4879 et
2361 4841 2460 4894 pro
2507 4841 2607 4880 suo
2638 4826 2900 4878 arbitratu
2945 4839 3266 4892 quocunque
3311 4823 3436 4876 velit
3472 4824 3566 4875 du-

2002 4931 2147 4981 cere,
2177 4933 2281 4970 non
2307 4927 2486 4971 autem
2514 4917 2683 4987 ipsius
2709 4917 2914 4984 legibus
2937 4915 3217 4969 astrictum
3248 4929 3368 4968 esse
3394 4932 3407 4968 :
3433 4917 3567 4969 adeo

2003 5008 2138 5060 utin
2178 5009 2345 5076 ipsius
2383 5018 2650 5077 potestate
2692 5008 2763 5063 sit
2812 5008 2973 5061 situm
3025 5021 3218 5060 novam
3262 5015 3564 5060 creaturam

2007 5113 2213 5164 creare,
2249 5113 2366 5166 qua:
2402 5108 2574 5153 mater
2611 5098 2799 5153 effecta
2851 5099 3004 5167 virgo
3040 5110 3159 5152 esse
3193 5111 3298 5151 non
3333 5099 3571 5152 desinat.

1553 5385 1707 5439 BON.
1755 5386 2067 5440 VULCANII
2108 5389 2332 5443 NOTAE.

403 5537 532 5619 (l9)~
694 5539 969 5619 659061302.)
1009 5541 1262 5619 ΙῙΙΙηγρόςΣ
1309 5537 1361 5591 In
1414 5540 1474 5592 V.
1507 5541 1567 5593 (ἶ.
1614 5551 1730 5594 erat
1768 5543 1892 5610 ἅφθη

1994 5563 2022 5606 ι,
2067 5547 2159 5598 sed
2199 5545 2476 5614 legendum
2536 5549 2754 5601 omnino
2804 5549 3064 5619 άφθόρου,
3111 5563 3168 5604 ιιι
3214 5562 3268 5605 et
3320 5553 3419 5605 hac
3451 5553 3563 5618 ipsa

335 5621 458 5675 pag.
493 5607 532 5661 C
567 5608 652 5667 Η,
691 5610 782 5659 ἐπὶ
809 5608 901 5659 τοῦ
935 5609 1166 5674 ἀφθόνου
1205 5611 1384 5662 τόκου.

402 5670 514 5745 (20)
552 5677 622 5754 _'0
662 5676 780 5754 τῷν
812 5670 1390 5754 6.10m'_Anm(mp;~c7g,
1425 5688 1528 5754 etc.
1572 5676 1693 5754 "an:
1734 5682 1892 5733 mimi:

1994 5670 2332 5751 'ril'thrastiee
2355 5688 2620 5754 explicant
2649 5691 2752 5741 vim
2785 5690 3028 5742 voca‘lmlt
3062 5692 3428 5753 ἀϐασίλευτος,
3468 5694 3565 5743 hoc

331 5757 433 5805 est,
455 5747 564 5826 .qui
602 5747 792 5797 nullius
827 5747 1106 5831 imperium
1139 5750 1415 5827 agitusrit;
1449 5750 1552 5810 vel,
1586 5751 1672 5829 qui
1719 5747 1988 5803 neminem
2030 5747 2182 5809 liabet
2222 5747 2575 5824 Sttpcridrem,
2604 5761 2743 5826 quod
2786 5761 3052 5826 interpres
3085 5763 3263 5831 (lyr-illi
3301 5747 3565 5812 militum

332 5815 511 5876 vertit,
547 5815 888 5881 inregimtus;
923 5816 1208 5872 interdum.
1247 5819 1419 5866 minus
1453 5833 1610 5880 recte,
1653 5822 1981 5874 iimuortnlis.

665 5904 929 5961 Parnm”
980 5906 1093 5963 (in.
1148 5905 1421 5964 LXXVL

3139 5925 3213 5980 36
