4058 6510
337 467 546 525 1153

545 619 949 630 _——_——-———-

1180 622 1510 633 —.———~.._.____

1332 470 1417 525 DE
1458 469 1682 525 RECTA
1724 469 1902 539 FIDE,
1941 471 2032 525 Al)
2071 470 2513 529 TIIEODOSIUM
2552 472 2693 528 IMP.

3507 480 3646 535 1134

3372 633 3642 643 ο--ι-η

3070 632 3268 659 223—.

3282 646 3641 660 Μ

755 807 1101 940 ΤΟΥ
1198 803 1768 941 ΑΥΤΟΥ
1846 805 2365 943 ΑΓΙΟΥ
2444 810 3305 947 ΚΥΡΙΛΛΟΥ

1447 1063 2018 1117 ΛΡΧΙΕΠΙΣΚΟΙΙΟΥ
2053 1064 2571 1118 ΑΛΕΞΑΝΔΡΕΙΑΣ

1134 1244 1331 1294 ΠΡΟΣ
1373 1244 1512 1295 ΤΟΝ
1547 1243 2126 1296 ΕΥΣΕΒΕΣΤΑΤΟΝ
2160 1246 2481 1297 ΒΑΣΙΑΕΑ
2520 1245 2931 1297 ΘΕΟΔΟΣΙΟΝ

1548 1404 2522 1491 ΠΡΟΣΦΩΝΗΤΙΚΟΣ.

906 1606 1042 1674 Περί
1075 1605 1187 1675 τῆς
1220 1607 1399 1675 ὀρθῆς
1435 1607 1691 1671 πίστεως
1719 1608 1830 1675 τῆς
1866 1610 1952 1673 είς
1984 1607 2090 1661 τὸν
2120 1607 2338 1675 Κύριον
2367 1606 2535 1676 ἡμῶν
2582 1608 2825 1676 Ἰησοῦν
2850 1609 3123 1678 Xpwtdr.

1961 1790 2021 1802 -\

1367 1977 1932 2111 SANCTI
2027 1982 2675 2111 CYRILLI

1506 2231 1973 2288 ALEXANDRINI
2012 2231 2531 2289 ARCHIEPISCOPI

975 2390 1080 2448 AD
1120 2388 1825 2450 RELIGIOSISSIMUM
1885 2389 2480 2450 IMPERATOREM
2530 2390 3056 2452 THEODOSIUM

1838 2567 2190 2656 LIBER

1034 2765 1125 2824 De
1170 2768 1335 2824 recta
1382 2761 1448 2822 in
1492 2759 1836 2821 Dominum
1879 2762 2168 2819 nostrum
2211 2758 2433 2817 Jesum
2478 2756 2798 2818 Christum
2844 2758 2986 2819 ﬁde.

377 2929 878 2993 (lnterpretatlonem
920 2925 1138 2973 Latinam
1168 2938 1313 2986 quam
1358 2924 1609 2993 Joannes"
1623 2920 1877 2993 Antaei-tus
1907 2919 2171 2993 admiserat
2213 2916 2496 2993 reﬁcimus,
2533 2924 2587 2965 et
2625 2929 2733 2969 eam
2758 2921 3041 2984 recepimus
3075 2935 3185 2983 quae
3212 2929 3374 2974 exstat
3405 2928 3452 2975 in
3494 2927 3639 2976 tomis

1574 2980 1899 3034 Conciliorum
1923 2993 1984 3029 ex
2013 2978 2233 3030 editione
2257 2978 2453 3043 Mahsi.)

453 3286 535 3342 A'.
576 3286 685 3352 Τῆς
734 3285 832 3354 μὲν
864 3286 921 3338 ἐν
949 3282 1254 3356 ἀνθρώποις
1296 3283 1544 3347 εὐκλείας
1571 3282 1632 3336 τὸ
1661 3281 1953 3347 ἀνώτατον,

2138 3281 2181 3351 ι
2217 3280 2256 3335 1.
2297 3280 2623 3349 Snpremum
2658 3279 2907 3334 humanae
2975 3279 3158 3350 gloriaa
3191 3280 3425 3347 culmen,
3473 3284 3635 3339 Clu-i-

377 3378 479 3433 καὶ
500 3376 852 3444 ἀσυγκρίτοις
888 3374 1168 3446 διαφοραῖς
1196 3374 1305 3426 τῶν
1344 3373 1518 3428 ἄλλων
1566 3372 1819 3427 ἁπάντων
1869 3374 1963 3426 ἀν-

383 3466 615 3536 εστηκός
668 3482 729 3517 τε
760 3464 855 3517 καὶ¹
895 3465 1308 3534 ὑπερκείμενον,
1340 3466 1514 3533 ὑμεῖς,
1550 3459 1595 3517 ὦ
1628 3464 1961 3533 φιλόχριστοι

382 3556 622 3625 βασιλεῖς
644 3571 658 3584 ·
688 3555 782 3608 καὶ
811 3554 1010 3624 κλῆρος
1053 3555 1179 3624 ὑμῖν
1212 3554 1485 3624 ἐξαίρετός
1520 3572 1578 3607 τε
1613 3553 1706 3607 καὶ
1735 3556 1961 3624 πρέπων

380 3646 537 3719 παρὰ
563 3646 720 3709 Θεοῦ,
751 3646 848 3716 τῆς
882 3646 1106 3715 ἐνούσης
1151 3644 1299 3713 αὑτῷ
1352 3646 1492 3697 κατὰ
1562 3647 1779 3699 πάντων
1800 3646 1962 3715 ὑπερ-

382 3739 536 3808 οχῆς·
563 3736 710 3797 εἰκὸς
738 3736 847 3807 γὰρ
874 3738 967 3788 ἐπὶ
987 3736 1091 3805 γῆς
1119 3736 1179 3788 τὸ
1216 3736 1381 3806 γέρας
1401 3748 1449 3791 α.
1471 3736 1723 3806 Κάμπτει
1740 3737 1836 3807 μὲν
1853 3737 1960 3807 γὰρ

382 3828 534 3899 αὑτῷ
558 3830 668 3882 πᾶν
688 3828 838 3896 γόνυ,
857 3827 1046 3898 Θρόνοι
1074 3844 1134 3879 τε
1156 3827 1248 3879 καὶ
1273 3827 1483 3897 Ἀρχαὶ,
1510 3829 1837 3896 κυριότητες
1867 3828 1961 3880 καὶ

396 3921 690 3985 Ἐξουσίαι,
722 3919 903 3972 δοῦλον
940 3918 1237 3988 ὑπέχουσαι
1273 3918 1301 3956 ι)
1336 3918 1428 3971 τὸν
1461 3918 1682 3988 αὐχένα,
1718 3921 1812 3971 καὶ
1840 3921 1960 3981 ταῖς

383 4010 751 4079 καθηκούσαις
780 4010 867 4062 ἀεί
892 4006 1218 4073 δοξολογίαις
1260 4007 1740 4077 καταγεραίρουσι,
1772 4009 1955 4078 πλήρη

381 4120 441 4155 τε
474 4100 612 4155 εἷναί
652 4119 780 4169 φασι
826 4102 917 4153 τὸν
957 4099 1202 4171 οὐρανὸν.
1250 4100 1342 4152 καὶ
1379 4099 1477 4169 τὴν
1519 4103 1623 4169 γῆν
1655 4099 1754 4168 τῆς
1798 4100 1955 4169 δόξης

382 4194 568 4247 αὑτοῦ.
598 4193 723 4245 Ἰδοι
756 4192 800 4244 δ’
830 4191 895 4244 ἄν
928 4208 1009 4253 τις
1040 4194 1133 4243 καὶ
1165 4192 1260 4244 ἐπὶ
1296 4195 1394 4261 τῆς
1424 4192 1696 4261 ὑμετέρας
1727 4191 1958 4261 γαληνό·

380 4302 573 4354 τητος,
614 4285 714 4352 τῆς
751 4285 892 4337 οὕτω
937 4282 1269 4354 περιφανοῦς
1304 4284 1399 4336 καὶ
1436 4283 1709 4335 ἀνωτάτου
1763 4280 1955 4335 πασῶν

382 4376 631 4437 εὐκλείας
695 4375 1062 4444 διαπρέποντὰ
1117 4392 1175 4426 τε
1228 4375 1322 4426 καὶ
1370 4374 1573 4444 ἐναργῆ
1622 4373 1714 4426 τὸν
1760 4373 1951 4426 τύπον.

393 4468 578 4536 Ὑμεῖς
594 4469 701 4537 γάρ
737 4469 857 4519 ἐστε
872 4468 964 4519 καὶ
995 4466 1100 4518 τῶν
1130 4467 1207 4528 εἰς
1235 4462 1385 4535 λῆξιν
1402 4464 1725 4535 ἀξιωμάτων
1752 4465 1953 4535 πηγαὶ,

381 4561 471 4610 καὶ
508 4561 727 4627 ἀπάσης
758 4559 1030 4628 ὑπεροχῆς
1069 4556 1343 4618 ἐπέκεινα,
1376 4556 1470 4610 καὶ
1503 4559 1602 4627 τῆς
1647 4559 1705 4609 ἐν
1740 4555 1951 4628 ἀνθρώ-

2063 3372 2380 3428 stianissimi
2423 3373 2800 3440 imperatores,
2853 3371 3009 3441 longe
3045 3374 3280 3429 maximo
3328 3376 3637 3431 discrimine

2063 3464 2274 3517 caeteris
2304 3462 2557 3517 omnibus
2585 3463 2913 3519 antecellens
2946 3475 3313 3533 praestansque
3331 3482 3346 3528 ;
3376 3468 3633 3536 praeclara

2063 3552 2245 3606 itidem
2304 3551 2437 3616 fors,
2485 3566 2790 3621 munusque
2825 3554 3130 3623 perillustre
3174 3569 3203 3607 a
3244 3557 3423 3610 divina
3453 3561 3635 3613 excel-

2062 3646 2225 3699 lentia
2273 3652 2329 3697 et
2381 3643 2661 3711 majestate
2689 3644 2742 3698 in
2814 3659 2909 3699 vos
2972 3645 3214 3708 deﬂuxit.
3277 3662 3470 3715 nempe
3529 3664 3638 3717 quo

2062 3751 2285 3790 summa:
2316 3735 2459 3789 illius
2489 3736 2830 3789 celsitudinis
2868 3747 2922 3789 et
2948 3737 3225 3806 dignitatis
3264 3738 3479 3804 aliquod
3508 3756 3640 3809 quo-

2060 3839 2166 3892 que
2213 3824 2495 3892 vestigium
2552 3834 2606 3878 et
2651 3826 2803 3893 quasi
2839 3824 3186 3879 simulacrum
3231 3826 3285 3880 in
3333 3829 3493 3884 terris
3535 3845 3634 3884 ex-

2061 3925 2249 3969 staret.
2290 3914 2458 3983 lgitur
2487 3922 2545 3967 ut
2577 3930 2787 3968 summo
2822 3916 2895 3968 illi
2931 3915 3147 3970 Numini
3183 3932 3343 3972 omne
3387 3934 3522 3989 genu
3551 3923 3635 3975 in-

2061 4014 2336 4070 curvatur,
2355 4003 2666 4073 Thronique
2683 4016 2738 4059 et
2758 4006 3173 4073 Dominationes,
3198 4008 3539 4077 Principalus
3566 4028 3630 4066 ac

2059 4080 2365 4153 Poteslates
2404 4112 2572 4166 pruna
2620 4098 3004 4159 submittentes
3037 4102 3171 4155 colla
3204 4101 3243 4167 ’,
3274 4104 3531 4172 congruis
3568 4104 3633 4158 il-

2060 4188 2149 4242 lud
2189 4189 2435 4243 laudibus
2473 4198 2527 4243 et
2549 4188 2767 4258 hymnis
2813 4202 3159 4255 venerantur,
3198 4206 3405 4247 necnon
3436 4196 3629 4249 malum

2059 4290 2368 4350 terramque
2406 4281 2561 4350 plena
2598 4280 2838 4349 ejusdem
2886 4281 3053 4351 gloria
3089 4293 3145 4337 et
3189 4285 3471 4353 majestate
3511 4301 3633 4341 esse

2060 4373 2379 4441 profitentur
2407 4373 2466 4426 ’:
2502 4374 2575 4427 ita
2607 4375 2660 4428 in
2702 4384 2877 4429 vestra
2918 4390 3132 4445 quoque
3176 4379 3466 4434 serenitate
3499 4379 3633 4434 adeo

2060 4462 2364 4529 conspicua:
2393 4472 2555 4530 atque
2582 4464 2822 4516 omnium
2852 4478 3117 4532 supremae
3142 4466 3476 4521 claritudinis
3512 4468 3633 4521 illu-

2059 4564 2225 4607 strem
2258 4569 2322 4607 ac
2371 4554 2529 4618 plane
2570 4568 2882 4623 expressam
2927 4557 3214 4625 imaginem
3260 4557 3451 4612 intueri
3485 4558 3629 4615 licet.

382 4665 499 4708 ποις
540 4648 838 4717 εὐημερίας
866 4646 1007 4715 ἀρχὴ
1044 4648 1137 4698 καὶ
1171 4646 1379 4712 γένεσις
1405 4659 1420 4674 ⁶
1458 4646 1551 4697 καὶ
1589 4646 1820 4716 νεύμασι
1855 4648 1952 4716 μέν

2058 4643 2163 4697 Vos
2194 4643 2418 4708 etenim,
2441 4646 2588 4698 omni
2644 4654 2858 4699 terreno
2902 4646 3116 4716 fastigio
3148 4651 3477 4717 superiores,
3518 4667 3632 4705 am-

380 4744 486 4802 τοῖς
522 4738 896 4809 ἡμερωτάτοις
923 4738 1015 4790 τοῦ
1046 4738 1310 4807 ὑμετέρου
1346 4738 1599 4806 κράτους,
1642 4737 1863 4808 ἕννομόν
1890 4756 1948 4793 τε

381 4833 465 4883 καὶ
519 4830 846 4897 ἁξιὰγαστον
882 4829 974 4880 καὶ
1021 4829 1265 4897 ἀοίδιμον
1313 4828 1752 4898 πηδαλιουχεῖται
1802 4829 1946 4901 ζωὴν

378 4922 481 4972 πᾶν
506 4922 629 4973 ὅσον
674 4920 791 4971 ἐστὶ
833 4922 943 4980 τοῖς
976 4918 1075 4985 τῆς
1112 4918 1387 4987 βασιλείας
1427 4919 1622 4982 θώκοις
1657 4921 1943 4989 ὑπεστρω-

381 5009 557 5077 μένον.
597 5010 661 5061 Ui.
695 5008 751 5059 δὲ
788 5007 884 5076 τῆς
926 5006 1157 5074 ζεύγλης
1186 5008 1284 5059 οὑκ
1316 5008 1652 5077 ἀνεχόμενοι,
1682 5010 1941 5062 πίπτουσι

382 5099 605 5169 ῥᾳδίως,
656 5100 753 5167 τῆς
807 5098 1033 5167 ἐνούσης
1092 5100 1221 5167 ὑμῖν
1271 5098 1582 5163 εὑσΘενείας
1622 5100 1944 5170 ἡττώμενοι.

379 5191 494 5245 Κᾶν
537 5192 790 5260 ὰστρὰψῃ
843 5191 1000 5261 μόνον
1044 5190 1370 5261 ἡβασιλέως
1402 5192 1596 5257 ἀσπὶς,
1631 5193 1837 5263 φροῦδα
1879 5195 1947 5247 τὰ

374 5284 594 5335 ἐκείνων
630 5284 898 5351 οἴχονται,
939 5282 1033 5335 καὶ
1064 5284 1163 5351 τῆς
1198 5282 1421 5351 ἐνούσης
1460 5282 1641 5345 αὑτοῖς
1689 5283 1945 5347 ἀπονοίας

371 5374 461 5427 τὸν
504 5375 700 5427 οἰκεῖον
731 5374 892 5436 εὐθὺς
934 5376 1338 5443 ἀποστήσαντες
1380 5374 1525 5438 νοῦν,
1570 5374 1827 5436 πεσόντες
1866 5377 1945 5437 εἰς

445 5532 460 5561 ¹
486 5529 587 5584 lsa.
622 5543 742 5582 xcv.
773 5528 863 5581 24.
941 5528 961 5557 ²
988 5525 1090 5581 lsa.
1125 5543 1200 5593 v1,
1228 5529 1279 5582 3.

2059 4734 2423 4801 plissimarum
2464 4734 2784 4803 dignitatum
2839 4736 3019 4791 fontes
3052 4739 3206 4792 estis.
3246 4740 3354 4793 Vos
3384 4743 3633 4795 humana:

2058 4825 2330 4879 fclicitatis
2383 4826 2650 4895 principia
2678 4837 2733 4881 et
2759 4828 3016 4897 origines,
3055 4830 3491 4885 clementissimis
3519 4849 3633 4886 ma-

2050 4918 2266 4986 iestatis
2306 4926 2497 4973 vestrze
2548 4920 2768 4974 nutibus
2816 4920 2880 4979 ad
2909 4922 3109 4986 justam
3144 4920 3536 4989 honestamque
3568 4939 3632 4977 ac

2056 5009 2268 5062 beatam
2304 5009 2516 5063 vivendi
2552 5010 2821 5064 rationem
2852 5021 3202 5077 promovetur
3234 5013 3493 5081 quidquid
3538 5029 3631 5067 us-

2052 5116 2214 5168 quam
2263 5109 2345 5154 est
2394 5102 2653 5170 gentium,
2702 5101 2850 5169 regni
2884 5102 3047 5155 vestri
3084 5103 3234 5157 soliis
3274 5104 3628 5157 substratum.

2052 5191 2205 5256 Quod
2236 5193 2279 5246 si
2312 5193 2404 5261 qui
2446 5193 2691 5261 suntqui
2742 5192 2927 5261 jngum
2973 5194 3297 5259 detrectent,
3336 5195 3408 5248 illi
3454 5206 3629 5248 vestra

2051 5285 2287 5350 potentia
2333 5284 2479 5339 nullo
2528 5299 2665 5353 pene
2699 5286 2917 5355 negotio
2965 5288 3202 5354 superati
3250 5287 3630 5341 succumbunt.

2050 5376 2163 5430 lino
2210 5393 2338 5432 vero
2363 5379 2408 5433 si
2455 5380 2663 5448 regium
2713 5389 2924 5434 scutum
2968 5381 3049 5434 vel
3092 5380 3260 5434 semel
3309 5395 3629 5436 concussum

1458 5682 1627 5735 Varim
1661 5682 1921 5737 lectiones
1964 5685 2551 5758 cmlicisgSeguieriani.

378 5800 392 5808 ι
442 5856 467 5883 ι
498 5843 769 5915 ὑπεροχῆς
799 5838 979 5893 εἰκόνα
1018 5839 1109 5890 ἐπὶ
1136 5838 1239 5908 γῆς
1281 5837 1479 5909 φέρων.
1558 5836 1584 5875 δ
1612 5838 1957 5908 ὑπερέχουσι.
