4058 6446
519 391 664 450 ’1⁸138

1541 393 1599 450 S.
1639 392 1909 452 CYRILLI
1949 394 2416 453 ALEXANDRINI
2457 396 2770 455 ARCHIEP.

3631 395 3758 452 “55

438 515 443 524 ‘
528 509 792 576 micucrit,
831 524 964 565 vana
998 510 1208 568 illorum
1231 511 1451 567 consilia
1489 523 1650 584 atque
1680 517 1856 571 studia
1881 518 1932 571 in
1957 532 2082 573 ven-

2190 521 2311 587 γόνυ
2339 519 2558 590 ζητοῦσι
2584 520 2672 574 τὸν
2698 518 2864 572 ἔλεον.
2892 517 3176 588 Τοιγάρτοι
3203 518 3516 587 κεκράτηκε
3545 517 3643 585 τῆς
3671 519 3760 569 ὑπ’

528 615 612 658 tos
651 617 778 656 mox
825 602 1052 667 abeunt;
1097 603 1294 672 quippe
1337 603 1425 670 qui
1457 607 1740 658 amentiam
1767 622 1919 660 suam
1957 609 2087 662 mis-

527 709 641 748 sam
673 693 969 758 sfacieutes,
1019 693 1276 762 cvcstigio
1302 697 1367 748 ad
1405 710 1577 765 genua
1615 707 1788 751 vestra
1819 713 1940 751 sese
1966 713 2090 766 pro-

526 783 732 849 volant,
781 783 1159 854 supplicesque
1203 783 1414 837 veniam
1462 798 1775 854 exposcam.
1828 786 2090 839 Nimirum

527 877 780 930 cohortes
827 882 1018 929 vestra:
1050 874 1491 938 bellicosissimas,
1543 876 1900 942 militarisque
1927 876 2089 929 disci-

527 965 686 1036 plinas
732 964 1090 1034 peritissimae,
1126 979 1190 1018 ac
1232 965 1512 1033 triumphis
1561 966 1785 1034 agendis
1815 982 2088 1036 nunquam

529 1071 634 1109 non
670 1054 1004 1118 assuefactte,
1049 1065 1308 1109 terrarum
1355 1055 1539 1108 orbem
1572 1056 1944 1125 subjugarunt.
1986 1058 2090 1112 Vos

530 1146 754 1216 proinde
783 1155 925 1202 totus
944 1145 1157 1209 Oriens,
1190 1160 1282 1200 vos
1314 1154 1454 1200 totus
1483 1147 1630 1201 canit
1653 1146 1922 1210 Occidens
1969 1163 2094 1203 om-

533 1238 694 1306 nique
730 1234 948 1290 laudum
994 1249 1192 1302 genere
1223 1235 1594 1303 prosequitur;
1637 1251 1750 1302 vos,
1781 1237 1963 1305 qui-ad
1995 1253 2092 1291 au-

533 1338 706 1383 strum
750 1335 996 1397 vergunt,
1045 1339 1158 1391 vos,
1207 1325 1296 1394 qui
1331 1325 1396 1378 ad
1442 1326 1749 1396 aquilonem
1801 1329 2091 1396 pertinent,

535 1416 738 1471 festivis
761 1414 1209 1485 gratulationibus
1227 1429 1491 1468 exornare
1517 1431 1787 1485 nunquam
1811 1418 2088 1472 desinunt.

532 1505 916 1560 lncoucussum
941 1512 1118 1558 autem
1140 1503 1376 1572 piissimi
1417 1511 1472 1559 et
1495 1505 1848 1560 sacratissimi
1881 1507 2092 1574 imperii

529 1595 694 1650 vestri
737 1594 1139 1648 ﬁrmamentum
1181 1603 1264 1649 est
1303 1593 1419 1662 ipse
1458 1595 1713 1650 Dominus
1740 1593 1900 1651 Jesus
1931 1595 2090 1651 Chri-

530 1696 665 1740 stus.
711 1703 730 1736 ι
770 1683 872 1738 Per
919 1684 1063 1738 hunc
1106 1683 1275 1747 enim,
1309 1692 1367 1736 ut
1407 1684 1669 1752 scriptum
1716 1695 1820 1750 est,
1857 1686 1900 1752 ³,
1943 1700 2094 1757 reges

532 1783 776 1846 regnant,
832 1786 887 1830 et
937 1785 1180 1843 potentes
1223 1776 1521 1830 decernunt
1559 1775 1824 1844 justitiam
1875 1795 1890 1831 :
1942 1795 1960 1828 ι
2011 1789 2094 1833 est

2191 608 2419 678 οὐρανὸν
2447 608 2556 661 τῶν
2586 608 2867 678 ὑμετέρων
2916 607 3271 659 ὑπασπιστῶν
3299 610 3333 678 ή
3372 607 3756 676 μαχιμωτάτη,

2193 700 2284 753 καὶ
2319 699 2807 769 ὲμπειροπόλεμος,
2834 699 2926 751 καὶ
2956 699 3043 751 ἀεί⁵
3071 699 3278 752 νικῶσα
3311 698 3543 768 πληθύς.
3578 697 3758 768 Ὑμεῖς

2191 789 2315 840 ἐστε
2343 786 2452 839 τῶν
2477 787 2612 856 πρὸς
2641 789 2782 857 ἑῴαν
2815 788 2906 840 καὶ
2933 787 3172 857 ἑσπέραν
3197 789 3293 840 καὶ
3316 787 3452 857 ᾠδὴ,
3481 789 3576 839 καὶ
3603 788 3758 858 λύρα,

2195 879 2287 930 καὶ
2321 878 2536 948 ἀπάσης
2563 879 2818 940 ὑπόθεσις
2847 877 3123 948 εὐφημίας
3142 895 3155 908 ·
3185 879 3329 947 ὑμᾶς
3352 879 3402 930 οἱ
3431 877 3568 947 πρὸς
3592 878 3754 936 νότον,

2195 968 2287 1020 καὶ
2336 968 2443 1039 μὴν
2495 969 2588 1020 καὶ
2627 968 2742 1020 ὅσοι
2783 967 3121 1036 βορειότερον
3163 966 3371 1018 οἰκοῦσι
3420 967 3611 1028 τόπον,
3652 984 3758 1035 φω-

2194 1057 2313 1118 ναῖς
2362 1052 2737 1126 χαρίστηρίοις
2783 1056 3173 1124 στεφανοῦντες
3223 1057 3284 1108 οὑ
3336 1056 3758 1124 καταλήγουσιν.

2199 1147 2472 1217 Ἐρεισμα
2500 1145 2558 1199 δὲ
2591 1147 2652 1198 τὸ
2685 1146 3023 1216 ἀκράδαντον
3050 1150 3146 1218 τῆς
3173 1146 3317 1200 οὑτω
3349 1147 3632 1216 θεοφιλοῦς
3670 1150 3758 1202 καὶ

2194 1237 2563 1307 εὑαγεστάτης
2596 1237 2748 1307 ὑμῶν
2787 1235 3082 1307 βασιλείας,
3123 1238 3284 1300 αὑτὸς
3311 1239 3339 1290 ὁ
3371 1237 3577 1307 Κύριος
3607 1239 3760 1307 ἡμῶν

2206 1329 2410 1400 Ἰησοῦς
2455 1329 2726 1398 Χριστόςυ
2782 1346 2800 1379 ι
2830 1329 2908 1381 Δι’
2956 1327 3123 1382 αὑτοῦ
3162 1328 3272 1399 γὰρ
3321 1328 3565 1398 βασιλεῖς
3611 1327 3758 1396 βασι-

2194 1417 2446 1482 λεύουσι,
2491 1417 2582 1470 καὶ
2615 1419 2664 1470 oi
2716 1416 2977 1470 δυνάσται
3025 1417 3295 1487 γράφουσι
3336 1417 3706 1486 δικαιοσύνην,
3737 1439 3756 1470 ι

2195 1510 2336 1562 κατὰ
2364 1508 2424 1562 τὸ
2457 1495 2863 1578 γεγραμμένον.
2893 1509 3052 1563 Ἐστι
3085 1509 3193 1580 γὰρ
3223 1507 3370 1578 αὐτῷ
3400 1509 3677 1572 παναλκὲς
3704 1511 3762 1563 τὸ

2195 1599 2426 1669 θέλημα,
2453 1598 2548 1651 καὶ
2579 1600 2634 1651 ὲν
2665 1597 2742 1668 τῷ
2770 1599 3100 1652 κατανεῦσαι
3135 1601 3293 1669 μόνον
3325 1601 3358 1670 ἡ
3397 1602 3604 1664 παντὸς
3634 1603 3762 1671 πλή-

2196 1707 2360 1762 ρωσις
2415 1689 2642 1758 ἀγαθοῦ.
2691 1689 2945 1760 Διανέμει
2988 1689 3044 1742 δὲ
3085 1692 3180 1744 καὶ
3215 1691 3337 1744 λίαν
3375 1693 3613 1759 ἑτοίμως
3654 1696 3761 1762 τοῖς

2194 1779 2478 1848 ἀγαπῶσιν
2503 1779 2666 1833 αὑτὸν
2703 1780 2772 1832 τά
2803 1781 3023 1846 πάντων,
3047 1780 3298 1851 ἐξαίρετα
3345 1783 3455 1835 τῶν
3487 1784 3594 1836 ὃσα
3621 1784 3762 1837 ἐστὶν

529 1867 670 1921 enim
715 1866 790 1920 illi
823 1865 1070 1920 voluntas
1113 1867 1476 1935 omnipotens,
1529 1867 1810 1935 omnisque
1854 1868 2003 1932 boni,
2045 1869 2087 1923 si

2194 1871 2496 1940 ἀξιόληπτα
2545 1870 2639 1924 καὶ
2667 1871 3111 1939 τεθαυμασμένα.
3146 1873 3255 1925 Καὶ
3283 1871 3502 1943 ἀπόχρη
3545 1873 3646 1940 μὲν
3685 1875 3760 1937 είς

529 1956 701 2012 solum
753 1967 972 2020 annuat,
1026 1955 1202 2024 copia.
1235 1957 1288 2024 2
1333 1955 1622 2026 Dilargitur
1655 1957 1700 2011 is
1745 1971 1874 2027 ergo
1902 1958 2092 2012 amicis

534 2048 645 2101 suis
677 2061 897 2101 munera
945 2047 998 2100 in
1033 2047 1223 2115 primis
1253 2045 1453 2101 eximia
1498 2057 1552 2101 et
1583 2047 1864 2116 praeclara,
1897 2056 1949 2103 et
1972 2063 2090 2118 quae

531 2140 584 2191 in
617 2138 792 2206 pretio
843 2137 1161 2203 habeantur,
1215 2152 1376 2207 quant
1420 2137 1652 2192 maxime
1683 2137 1894 2202 idoneo,
1939 2148 1996 2194 et
2039 2139 2092 2193 id

529 2228 744 2296 quidem
780 2229 1066 2282 admodum
1103 2228 1356 2283 alacriter
1396 2237 1452 2283 et
1504 2238 1771 2298 prompte.
1824 2228 1976 2295 Quod
2006 2231 2092 2284 hic

527 2318 779 2382 dicimus,
820 2317 904 2372 vel
947 2332 1010 2372 ea
1049 2317 1161 2372 sola
1203 2332 1324 2387 qute
1371 2317 1639 2388 maiestati
1687 2329 1880 2374 vestrae
1915 2322 1984 2375 ab
2026 2335 2092 2376 eo

528 2410 723 2465 donata
749 2416 895 2474 sunt,
929 2416 985 2463 et
1006 2408 1132 2464 olim
1158 2409 1352 2472 adhuc,
1389 2408 1839 2478 quemadmodum
1869 2409 2091 2465 conﬁdi-

2195 1959 2468 2024 ἀπόδειξιν
2496 1951 2570 2012 ὦν
2603 1957 2760 2030 ἔφην,
2793 1960 2862 2013 τὰ
2889 1958 2968 2031 τῷ
3009 1960 3261 2031 ὑμετέρῳ
3297 1961 3496 2032 κράτει
3534 1962 3764 2032 δεδωρη-

2200 2050 2358 2118 μένα,
2386 2050 2725 2120 δοθησόμενα
2754 2049 2810 2103 δὲ
2837 2049 2940 2116 ἔτι,
2967 2050 3112 2103 καθά
3146 2051 3616 2122 πεπιστεύκαμεν.
3649 2053 3765 2106 Ὅτι

2188 2140 2244 2194 δέ
2284 2141 2398 2194 ἐστι
2431 2143 2636 2211 κρηπὶς
2679 2143 3068 2206 ἀκατάσειστος
3105 2145 3223 2206 ταῖς
3253 2141 3520 2212 βασιλέων
3559 2144 3763 2212 τιμαῖς,

2189 2230 2286 2300 τῆς
2327 2232 2405 2294 είς
2439 2232 2571 2284 Θεὸν
2603 2231 2880 2296 εὑσεῦείας
2909 2231 2979 2284 τά
3017 2231 3341 2301 αὐχήματα,
3371 2233 3467 2286 καὶ
3508 2232 3574 2296 ἐξ
3598 2231 3766 2301 αὑτῆς

2191 2321 2520 2392 πειράσομαι
2546 2323 2644 2392 τῆς
2662 2323 2824 2391 ἀγίας
2849 2322 2944 2375 καὶ
2969 2322 3327 2376 θεοπνεύστου
3351 2323 3765 2394 πληροφορῆσαι

2190 2411 2433 2481 Γραφῆς,
2469 2412 2902 2484 βραχυλογήσας,
2925 2413 3001 2476 ὡς
3026 2412 3124 2466 ἔνι.

525 2516 668 2568 mus,
701 2499 1060 2563 donabuntur,
1092 2513 1279 2552 verum
1309 2512 1432 2553 esse
1475 2497 1750 2552 evidenter
1770 2500 2082 2554 ostendunt.
2123 2497 2389 2555 Caeterum
2428 2503 2571 2570 quod
2598 2502 2795 2557 eximia
2866 2503 2916 2556 in
2957 2503 3124 2558 Deum
3185 2503 3354 2572 pietas
3383 2505 3764 2560 inconcussum

529 2592 692 2665 regiae
739 2589 1010 2662 dignitatis
1054 2588 1462 2644 fundamentum
1502 2588 1750 2656 exsistat,
1797 2588 1848 2644 id
1887 2599 2088 2660 quanta
2128 2589 2244 2646 lieri
2275 2591 2472 2660 poterit
2531 2592 2795 2648 brevitate
2819 2602 2874 2647 et
2913 2591 3181 2658 claritate,
3215 2593 3302 2649 vel
3364 2608 3431 2650 ex
3464 2593 3581 2664 ipsa
3612 2610 3766 2676 sacra

531 2685 821 2754 divinaque
847 2681 1128 2751 Scriptura
1157 2681 1349 2736 docere
1370 2680 1568 2736 enitar.

576 2800 662 2866 il.
691 2800 916 2858 Plurimi
943 2801 1078 2856 citra
1105 2800 1526 2856 controversiam
1552 2809 1698 2857 retro
1730 2802 1867 2857 actis
1889 2812 2092 2872 tempo-

526 2895 675 2951 ribus
701 2894 979 2958 exstitere,
1007 2894 1098 2962 qui
1129 2891 1364 2947 Judaeum
1395 2894 1724 2963 provinciam
1751 2895 2090 2952 administra-

525 2993 652 3036 runt
698 2981 953 3050 regnique
976 2981 1117 3035 illius
1146 2981 1506 3052 gubernacula
1554 2991 1941 3038 tractaverunt.
1982 2985 2086 3039 Ve-

527 3085 644 3126 rum
675 3078 938 3138 quotquot
963 3082 1029 3122 ex
1055 3069 1159 3124 illis
1183 3071 1326 3124 cultu
1351 3081 1406 3125 et
1436 3071 1798 3135 observantia,
1832 3088 1951 3142 quae
1979 3073 2089 3130 Deo

523 3162 806 3222 debentur,
862 3159 1021 3228 impie
1066 3161 1389 3229 contemptis
1454 3171 1509 3214 et
1554 3160 1776 3228 iustitiae
1833 3165 2088 3232 magistra

526 3251 641 3321 lege
670 3264 768 3320 pro
795 3248 962 3303 nihilo
992 3251 1175 3316 ducta,
1206 3264 1303 3306 suo
1334 3251 1496 3306 lastui
1529 3252 1748 3321 suisque
1782 3253 2089 3310 libidinibus

524 3343 694 3394 libere
725 3338 1106 3408 indulgendum
1137 3354 1256 3396 esse
1284 3349 1629 3410 putaverunt,
1661 3357 1848 3397 omnes
1875 3344 1930 3398 hi
1965 3345 2086 3398 mali

523 3441 578 3486 et
620 3429 801 3484 miseri
836 3430 975 3483 male
1013 3429 1318 3498 misereque
1351 3431 1647 3500 perierunt.
1691 3433 1783 3486 Est
1816 3436 1954 3487 enim
2003 3451 2088 3490 res

520 3519 1008 3592 periculosissima,
1071 3521 1346 3590 quidpiam
1400 3523 1453 3576 in
1515 3520 1684 3578 Deum
1727 3526 2087 3593 committere,

520 3611 938 3684 proculcataquc
976 3611 1232 3681 aequitate
1269 3625 1591 3682 quocunque
1646 3614 1805 3669 modo
1851 3615 1904 3669 in
1945 3616 2087 3671 illius

521 3697 780 3756 oﬂ‘ensam
812 3699 1072 3758 incidere.
1101 3700 1302 3757 Contra
1325 3714 1453 3756 vero
1479 3702 1784 3773 quicunque
1806 3719 1865 3759 se
1900 3706 2014 3775 pios
2036 3708 2087 3760 in

523 3791 671 3848 illum
709 3792 1071 3860 declararunt,
1119 3808 1343 3864 quaeque
1374 3795 1447 3848 illi
1476 3796 1738 3864 placitura
1771 3797 2084 3862 credebant,

520 3883 665 3938 omni
716 3897 817 3952 ope
856 3892 1114 3954 prmstare
1150 3885 1518 3950 elaborarunt,
1547 3886 1683 3940 citra
1731 3887 1984 3942 sudorem
2024 3902 2086 3942 ac

517 3972 815 4041 pulverem,
871 3974 1025 4030 hoste
1053 3973 1265 4030 devicto
1319 3975 1713 4045 debellatoque,
1755 3978 2082 4045 triumphum

517 4063 850 4121 cecinerunt.
880 4061 1155 4134 Ejusmodi
1200 4066 1341 4122 inter
1380 4075 1606 4122 caeteros
1636 4066 1732 4120 fuit
1764 4065 1938 4121 Josias
1970 4067 2082 4134 ille,

517 4153 607 4222 qui
650 4154 914 4211 idolorum
959 4155 1253 4210 cultoribus
1286 4170 1393 4210 una
1423 4171 1545 4212 eum
1593 4156 1724 4226 ipsis
1758 4157 1994 4213 delubris
2031 4168 2086 4212 et

515 4243 624 4301 aris
657 4243 916 4310 incensis,
946 4245 1506 4316 incantationibusque
1537 4257 1591 4302 et
1618 4247 1768 4302 falsis
1796 4248 2083 4304 divinatio-

515 4334 676 4390 nibus
711 4334 964 4391 omnibus
993 4349 1024 4391 e
1058 4336 1233 4391 medio
1274 4337 1522 4402 sublatis,
1580 4352 1643 4392 ac
1683 4339 1933 4393 inanibus
1972 4340 2082 4394 dae-

2266 2804 2339 2857 B'.
2373 2805 2624 2858 Πλεῖστοι
2658 2805 2755 2873 μὲν
2781 2804 2890 2874 γὰρ
2915 2804 3031 2857 ὅσοι
3064 2803 3320 2873 γεγόνασι
3343 2805 3486 2858 κατά
3512 2804 3764 2877 καιροὺς,

2191 2893 2241 2946 oi
2277 2892 2375 2963 τῆς
2410 2893 2674 2946 Ἰουδαίων
2703 2892 2967 2962 ἄρξαντες
2994 2891 3200 2963 χώρας,
3223 2893 3316 2944 καὶ
3346 2893 3472 2956 τοὺς
3499 2893 3605 2963 τῆς
3634 2894 3765 2966 παρ’

2191 2984 2374 3047 αὑτοῖς
2399 2983 2672 3056 βασιλείας
2697 2983 2973 3046 διέποντες
3003 2983 3242 3056 θρόνους.
3283 2983 3423 3038 Ἀλλ’
3454 2986 3502 3038 oi
3537 2986 3641 3056 μὲν
3668 2985 3765 3056 τῆς

2191 3076 2268 3138 είς
2298 3075 2428 3128 Θεὸν
2459 3074 2647 3137 αἰδοῦς
2677 3075 2907 3137 ἀνοσίως
2936 3074 3393 3145 ὀλιγωρήσαντες,
3424 3076 3521 3128 καὶ
3548 3075 3642 3128 τὸν
3668 3077 3766 3149 τῆς

2189 3164 2534 3235 δικαιοσύνης
2569 3164 2834 3233 πρύτανιν
2877 3164 3011 3233 παρ’
3039 3163 3195 3218 οὐδὲν
3232 3167 3550 3234 ποιούμενοι
3579 3167 3764 3235 νόμον,

2190 3258 2284 3309 καὶ
2319 3259 2430 3318 τοῖς
2464 3256 2561 3326 τῆς
2604 3255 2938 3324 φαυλότητος
2960 3267 2982 3294 ε
3019 3254 3230 3325 βόθροις
3261 3255 3490 3319 ἑαυτοὺς
3531 3257 3763 3320 ἐνιέντες

2188 3347 2237 3399 oi
2275 3345 2502 3409 τάλανες
2525 3383 2540 3409 ,
2589 3346 2750 3397 κακοὶ¹
2787 3344 2974 3408 κακῶς
3020 3343 3366 3398 ἀπολώλασι·
3408 3343 3764 3413 παγχάλεπον

2189 3437 2296 3508 γὰρ
2337 3436 2400 3488 τὺ
2441 3433 2805 3505 προσκρούειν
2850 3434 2992 3504 Θεῷ,
3033 3434 3130 3488 καὶ
3179 3435 3322 3489 κατά
3368 3451 3422 3487 τι
3455 3433 3590 3502 γοῦν
3625 3435 3761 3498 ὅλως

2188 3525 2294 3592 ἔξω
2318 3524 2580 3596 φέρεσθαι
2610 3524 2702 3576 τοῦ
2731 3524 2957 3590 εἰκότος,
2984 3523 3286 3588 λυποῦντας
3312 3525 3497 3578 αὐτόν.
3524 3526 3682 3581 Ὅσοι
3701 3527 3760 3582 δὲ

2185 3618 2284 3687 τῆς
2325 3618 2406 3679 είς
2434 3617 2594 3670 αὑτὸν
2634 3614 2914 3678 εὐσεϐείας
2950 3615 3238 3684 γεγόνασιν
3279 3617 3632 3688 ἐπιμεληταὶ,
3668 3621 3762 3673 καὶ

2186 3706 2295 3758 τῶν
2321 3705 2665 3776 ἀρεσκόντων
2695 3704 2850 3774 αὑτῷ
2889 3707 3099 3774 γνήσιοι
3125 3705 3383 3775 φύλακες,
3409 3711 3760 3780 νενικήκασιν

2187 3797 2413 3867 ἐχθροὺς
2452 3796 2710 3866 ἀμογητὶ,
2741 3796 2835 3849 καὶ
2866 3797 3241 3867 κεκρατήκασι
3270 3798 3460 3852 τῶνδι’
3485 3800 3755 3863 ἐναντίας.

2185 3887 2440 3950 Τοιοῦτός
2477 3903 2562 3950 τις
2588 3883 2657 3957 ἦν
2691 3887 2902 3950 Ἰωσίας
2932 3889 3159 3951 ἐκεῖνος,
3185 3887 3244 3951 ὃς
3280 3889 3465 3950 αὐτοῖς
3499 3891 3764 3960 τεμένεσι

2185 3978 2279 4029 καὶ
2333 3977 2536 4046 βωμοῖς
2568 3979 2694 4041 τοὺς
2739 3977 2847 4031 τῶν
2883 3977 3116 4031 εἰδώλων
3153 3981 3552 4050 κατεμπρήσας
3590 3981 3754 4050 θερα-

2186 4069 2404 4131 πευτὰς,
2443 4067 2694 4137 γοητείας
2716 4084 2776 4119 τε
2811 4067 3026 4137 ἀπάσης
3050 4069 3143 4122 καὶ
3167 4069 3596 4138 ψευδομαντείας
3625 4070 3753 4140 τρόο

2185 4174 2319 4220 πους
2363 4157 2649 4227 περιελὼν,
2698 4159 2790 4210 καὶ
2835 4160 2904 4212 τὰ
2951 4158 3050 4228 τῆς
3097 4158 3482 4228 δαιμονιὼδους
3534 4160 3751 4230 ἀπάτης

2184 4245 2492 4308 καταλύσας
2520 4246 2766 4314 παίγνια,
2795 4247 2889 4299 τοῦ
2930 4247 3128 4310 παντὸς
3165 4249 3324 4314 ἀξίαν
3365 4249 3618 4320 ἀπέφηνε
3660 4251 3747 4302 16-

2184 4353 2281 4404 γου
2323 4337 2420 4406 τήν
2449 4337 2642 4389 ἑαυτοῦ
2683 4337 2978 4406 βασιλείαν,
3011 4339 3106 4392 καὶ
3135 4338 3463 4408 ἀξιάγαστον
3504 4341 3603 4410 μὲν
3639 4344 3749 4404 τοῖς

516 4425 778 4482 moniaca:
827 4426 1134 4494 imposturae
1187 4426 1432 4482 ludibriis
1490 4429 1812 4498 proﬂigatis,
1857 4445 2080 4499 regnum

2190 4429 2376 4490 πάλαι,
2417 4429 2873 4500 τεθαυμασμένην
2916 4431 2973 4483 δὲ
3013 4431 3106 4484 καὶ
3145 4434 3224 4495 είς
3270 4433 3450 4504 δεῦρο,
3497 4434 3648 4504 παρά
3684 4449 3746 4500 γε

515 4515 758 4584 apprime
807 4516 1165 4580 nobilitatum,
1222 4531 1540 4588 summaque
1582 4520 1723 4584 apud
1771 4530 1980 4575 veteres
2019 4536 2082 4573 ac

2190 4522 2289 4583 τοῖς
2325 4520 2489 4573 εἰδόσι
2531 4523 2698 4592 τιμᾷν
2741 4523 2809 4576 τὰ
2841 4518 2923 4586 οἷς
2956 4524 3024 4576 ἂν
3069 4526 3096 4577 ό
3126 4525 3270 4588 θεῖος
3312 4527 3564 4596 ὲφήδοιτο
3603 4527 3746 4596 νοῦς.

515 4607 844 4663 recentiores
872 4622 1058 4661 omnes
1089 4607 1206 4675 qui,
1233 4622 1294 4662 ea
1335 4610 1529 4676 quibus
1557 4607 1732 4666 divina
1761 4626 1911 4665 mens
1936 4611 2080 4666 oble-

513 4705 712 4761 ctatur,
742 4698 920 4751 colere
951 4697 1275 4761 didicerunt,
1302 4698 1458 4755 laude
1501 4708 1554 4752 ct
1597 4700 1957 4754 admiratione
1994 4701 2078 4754 di-

2191 4611 2353 4662 Ἀλλά
2389 4613 2547 4664 ταυτὶ
2589 4612 2688 4680 μὲν
2728 4613 2943 4666 ἅπαντα
2980 4615 3092 4678 τοῖς
3120 4616 3409 4686 ὑμετέροις
3466 4617 3748 4684 προγόνοις

2179 4701 2268 4753 καὶ
2298 4702 2423 4772 ὑμῖν
2457 4702 2636 4764 αὑτοῖς
2678 4701 2738 4756 εὖ
2772 4704 2915 4773 μάλα
2955 4706 3336 4775 κατώρθωται.
3372 4708 3749 4777 Διαμεμνήσο-

513 4799 675 4852 suum
715 4787 931 4856 reliquit
961 4788 1000 4841 ⁵.
1063 4787 1543 4843 Verumenimvero
1586 4789 1708 4844 licet
1746 4791 1932 4845 isthaec
1957 4806 2076 4845 Olll-

2190 4810 2275 4860 μαι
2303 4793 2359 4844 δὲ
2397 4794 2682 4864 χρησίμως
2715 4795 2806 4847 καὶ
2843 4797 2952 4848 τῶν
2986 4799 3044 4849 ὲν
3080 4797 3297 4868 Ἐζεκίᾳ
3325 4797 3406 4866 τῷ
3445 4799 3746 4868 σοφωτάτῳ

514 4876 602 4931 nia
627 4890 748 4930 cum
787 4877 989 4934 virtute
1040 4888 1093 4931 et
1122 4880 1291 4947 gloria
1335 4894 1362 4930 a
1394 4879 1688 4949 majoribus
1729 4883 1940 4946 vestris,
1979 4896 2074 4933 vo-

511 4965 700 5035 bisque
734 4967 862 5036 ipsis
895 4981 1139 5037 suseepta
1181 4971 1572 5040 observataque
1610 4973 1801 5036 sciam,
1835 4989 1936 5024 unu
1973 4975 2077 5027 erit

511 5066 690 5116 tamen
740 5059 949 5124 inutile,
1013 5055 1220 5129 opinor,
1257 5063 1298 5114 si
1360 5077 1479 5130 qua:
1534 5065 1788 5133 sapientis
1833 5065 2074 5118 Ezechice

2185 4884 2324 4936 κατὰ
2357 4886 2582 4954 καιροὺς
2613 4888 3015 4956 πεπραγμένων
3034 4904 3049 4919 ·
3077 4889 3260 4958 ὀνήσει
3291 4889 3400 4958 γὰρ
3422 4889 3486 4940 οὑ
3515 4890 3747 4960 μετρίως

2183 4974 2280 5044 τὴν
2312 4975 2707 5045 εὐσεϐεστάτην
2742 4977 2895 5046 ὑμῶν
2942 4978 3185 5047 κορυφὴν
3231 4979 3262 5048 ἡ
3295 4977 3405 5030 τῶν
3450 4976 3626 5046 λόγων
3659 4977 3746 5031 δύο

2182 5082 2364 5134 ναμις.

510 5153 708 5222 pietate
736 5167 798 5212 ac
829 5155 1006 5208 studio
1044 5169 1109 5207 eo
1143 5156 1194 5208 in
1231 5170 1426 5224 genere
1469 5169 1614 5227 gesta
1657 5167 1800 5222 sunt,
1835 5157 1935 5213 hoc
1997 5159 2114 5213 loco
2153 5171 2276 5228 apte
2338 5176 2834 5216 commemoravero
2869 5181 2882 5216 :
2917 5162 3143 5232 hujusce
3191 5178 3424 5234 namque
3480 5163 3744 5220 narratio-

510 5246 592 5300 nis
609 5247 691 5299 vis
712 5255 766 5299 et
797 5248 1012 5314 energia
1049 5263 1153 5301 non
1185 5263 1370 5316 parum
1400 5250 1664 5304 commodi
1692 5259 1885 5305 vestra:
1919 5252 2231 5305 sublimitati
2263 5253 2590 5322 apportabit.

592 5426 612 5457 ³
636 5426 793 5481 Prov.
826 5445 942 5493 Vill,
981 5430 1067 5484 15.
1149 5430 1167 5460 ³
1190 5428 1258 5482 ιν
1290 5429 1422 5500 Reg.
1460 5447 1594 5485 xxttt
1637 5430 1689 5493 4,
1721 5446 1873 5500 seqq.

1618 5588 1788 5642 Variae
1826 5586 2086 5642 lectiones
2113 5585 2315 5642 codicis
2351 5584 2707 5653 Seguieriani.

577 5752 597 5778 τ
634 5741 1038 5810 φιλαυτὸτητος.
