4146 6498
472 368 617 422 Ηὸτ

1416 367 1503 421 DE
1539 366 1766 423 RECTA
1804 365 1979 432 FIDE,
2021 364 2111 419 AD
2150 361 2596 420 THEODOSIUM
2634 360 2772 416 1MP.

3564 352 3700 410 “38

539 482 612 534 p,
667 478 830 549 Ἀνήρ
871 497 951 542 τις
983 480 1089 533 τῶν
1135 482 1199 534 ἐκ
1243 482 1557 546 Βαϐυλῶνος
1594 486 1693 548 τῆς
1734 485 2033 554 Περσικῆςς

2212 481 2300 535 Ill.
2354 481 2479 535 Fuit
2525 495 2588 535 ex
2630 477 2845 533 Persica
2874 476 3145 546 Babylone
3201 474 3287 529 vir
3336 472 3576 544 quidam,
3606 473 3699 527 cui

478 568 762 638 Ῥαψάκης
810 562 965 632 οὗτος
997 564 1087 636 ἦν.
1127 564 1295 633 Οὗτος
1339 573 1515 625 ἀνεῖλε
1550 574 1648 642 μὲν
1692 574 1932 639 ἅπασαν,
1961 575 2036 633 ὼς

470 660 600 722 ἔπος
633 660 825 722 εἰπεῖν,
848 660 947 727 τὴν
985 659 1092 713 τῶν
1129 660 1392 713 Ἰουδαίων
1424 660 1607 732 χώραν
1631 678 1644 693 ο
1686 662 2037 735 καταδῃώσας

469 753 527 804 δὲ
567 753 664 804 σὺν
702 752 839 822 αὐτῇ
878 752 976 821 τὴν
1010 752 1341 823 Σαμάρειαν,
1381 755 1467 805 ἐπ’
1506 754 1676 824 αὐτὴν
1705 754 1791 824 ᾔει
1818 755 1916 825 τὴν
1946 753 2039 807 Ἰε-

476 842 753 912 ρουσαλὴμ
786 842 1093 913 μυριάνδρῳ
1117 842 1144 881 ἀ
1174 842 1373 912 πληθύῖ
1402 843 1509 896 τῶν
1540 844 1647 898 ὐπὸ
1684 847 1840 915 χεῖρα
1883 845 2040 916 δορυ-

474 931 841 1002 φορούμενος⁴
885 931 978 984 καὶ
1011 931 1267 1000 φάλαγγα
1315 931 1413 999 μὲν
1462 931 1690 1002 ἱππικὴν
1720 932 1824 984 οὐκ
1864 931 2039 1001 εὐχεί-

479 1039 647 1092 ρωτον
691 1021 852 1091 ἔχων,
890 1020 1090 1091 μᾶλλον
1121 1021 1179 1075 δὲ
1210 1020 1303 1074 καί¹
1332 1020 1689 1091 δυσάντητονο
1729 1020 1954 1091 ὁπλίτην
1981 1021 2039 1073 δὲ

474 1113 805 1182 πεζομάχον,
845 1113 942 1166 καὶ
984 1114 1103 1176 ταῖς
1144 1113 1391 1183 ψάμμοις
1440 1112 1747 1183 ίσάριθμον.
1796 1109 1930 1166 Εἶτα
1960 1111 2041 1182 τῷ

474 1205 638 1274 τείχει
672 1206 1008 1275 περιστήσας
1030 1216 1054 1244 ο
1085 1204 1356 1267 ἑλεπόλεις
1385 1204 1478 1257 καὶ
1520 1204 1615 1273 τὴν
1642 1205 1737 1257 τοῦ
1802 1203 2039 1274 πολέμου

474 1296 850 1365 παρασκευὴν,
891 1296 1173 1358 ἀπονοίαις
1208 1312 1268 1347 τε
1306 1295 1669 1365 βαρϐαρικαῖς
1698 1296 1759 1349 οὐ
1805 1298 2040 1367 μετρίως

476 1383 981 1454 κατωφρυωμένος,
1027 1384 1277 1454 αἱρήσειν
1327 1384 1426 1453 μὲν
1471 1383 1614 1437 κατὰ
1662 1385 1862 1454 κράτος
1903 1383 2040 1454 ὁμοῦ

474 1476 595 1537 ταῖς
620 1474 808 1536 ἄλλαις
845 1476 940 1528 καὶ
979 1474 1148 1543 αὐτὴν
1180 1474 1384 1543 ἔφασκε
1421 1476 1523 1545 τὴν
1549 1474 1707 1543 ἁγίαν
1744 1475 1918 1542 πόλιν,
1948 1478 2043 1529 καὶ

476 1565 574 1635 τῆς
612 1566 849 1635 ἀρρήτου
876 1564 1033 1633 δόξης
1064 1565 1515 1636 κατεθρασύνετο,
1536 1566 1632 1618 καὶ
1652 1565 1900 1636 παλιμφή
1911 1582 2043 1636 μους

476 1655 625 1724 ἠφίει
647 1656 851 1723 φωνὰς,
874 1655 1089 1725 ἀκρατῆ
1115 1656 1209 1708 καὶ
1233 1655 1481 1725 ἀχάλινον
1502 1655 1600 1726 τὴν
1622 1655 1873 1724 γλῶσσαν
1895 1655 2041 1719 ἀνεὶς

2139 570 2405 639 Bapsaees
2422 583 2635 623 nomen.
2657 566 2754 621 llic
2773 575 3120 635 posteaquam
3147 564 3453 620 universam
3479 559 3695 615 Judan-

2138 675 2255 713 rum
2295 658 2622 728 provinciam
2667 654 3052 723 propemodum
3129 660 3475 721 occupasset,
3502 650 3697 704 Sama-

2139 751 2383 817 riamque
2419 762 2522 801 una
2551 760 2673 803 cum
2707 745 2819 812 ipsa
2858 741 3125 797 hostiliter
3154 740 3502 810 depopulatus
3531 746 3696 799 esset,

2139 840 2308 909 cepiis
2334 835 2820 893 innumerabilibus
2862 834 3094 901 stipatus
3124 833 3291 897 ipsam
3327 843 3539 900 quoque
3576 828 3698 882 llic-

2140 932 2460 1002 rosolymam
2507 928 2706 983 adoriri
2757 925 3095 981 moliebatur.
3143 922 3314 978 Porro
3354 932 3535 977 autem
3577 934 3698 974 cum

2142 1024 2365 1080 minime
2404 1018 2844 1081 contemnendas,
2892 1017 3001 1071 imo
3039 1031 3170 1071 vero
3214 1024 3422 1069 tantum
3466 1026 3572 1067 non
3616 1009 3701 1064 in—

2141 1109 2523 1180 expugnabiles
2560 1107 2804 1177 equitum
2849 1116 3065 1161 turmas.
3100 1094 3500 1174 peditatumque
3540 1097 3706 1150 maris

2142 1216 2335 1258 arenas
2364 1215 2501 1270 pene
2542 1208 2848 1268 aequantem
2882 1196 3194 1258 adduceret,
3261 1191 3580 1247 vastatriees
3614 1204 3704 1242 ur-

2143 1293 2289 1347 bium
2314 1291 2593 1346 machinas
2636 1289 3012 1356 reliquumque
3042 1286 3165 1341 belli
3211 1291 3528 1353 apparatum
3578 1279 3707 1333 civi-
3810 1356 3821 1361 η

2145 1384 2273 1439 tatis
2347 1381 2613 1437 menibus
2680 1380 2963 1445 admovet;
3006 1377 3343 1445 barbaraque
3393 1369 3615 1427 vesania
3646 1382 3710 1421 ac

2142 1474 2431 1542 supercilio
2458 1472 2747 1542 plurimum
2795 1468 2987 1533 elatus,
3019 1468 3073 1539 3
3108 1476 3347 1524 sanetam
3397 1460 3708 1529 Hierosoly-

2143 1580 2353 1621 morum
2390 1565 2663 1620 civitatem
2709 1562 2931 1628 perinde
2968 1575 3033 1616 ac
3064 1559 3199 1617 alias
3228 1558 3280 1612 vi
3318 1571 3379 1612 se
3422 1563 3707 1625 capturum

2143 1663 2674 1726 expugnaturumque
2717 1652 3035 1722 jactitabat,
3079 1658 3159 1717 et,
3209 1656 3396 1704 contra
3447 1656 3712 1699 veneran-

478 1747 572 1799 ἐπὶ
611 1745 750 1815 Θεῷ.
777 1747 919 1816 Ἔφη
950 1744 1060 1817 γὰρ
1102 1748 1185 1800 ὅτι
1218 1745 1321 1799 κᾶν
1362 1747 1411 1800 εί
1443 1745 1683 1814 βούλοιτο
1719 1745 1911 1810 σώζειν
1942 1746 2041 1797 αὐ-

2154 1748 2267 1801 dam
2313 1745 2404 1801 Dei
2441 1744 2776 1814 maiestatem
2830 1742 3130 1812 petulanter
3160 1753 3373 1810 quoque
3408 1737 3709 1804 insurgens.

476 1838 624 1899 τοὺς,
664 1836 919 1905 ἀνόνητον
950 1836 1165 1899 ἐσεσθαι
1192 1837 1307 1899 τοῖς
1342 1835 1430 1888 ἐπ’
1453 1836 1601 1906 αὐτῷ
1633 1835 1917 1891 πεποιθόσι
1945 1834 2046 1906 τὴν

481 1927 637 1996 χάριν
673 1929 772 1997 τῆς
810 1926 1150 1995 ἐπικουρίας.
1183 1926 1407 1996 Ἐπειδὴ
1432 1926 1489 1982 δὲ
1519 1923 1654 1998 ἧκόν
1683 1944 1826 1992 τινες
1856 1929 2042 1995 ἀπαγ-

481 2018 761 2085 γέλλοντες
789 2018 865 2087 τῷ
893 2018 1103 2088 βασιλεῖ
1125 2018 1225 2087 τῆς
1251 2018 1458 2073 ἐκείνου
1484 2020 1806 2090 σκαιότητος
1828 2020 1897 2075 τὰ
1934 2019 2048 2074 τολ-

484 2110 733 2178 μήματα,
781 2109 874 2161 καὶ
915 2108 1044 2170 τοὺς
1088 2108 1359 2178 Περσικοῦ
1406 2111 1752 2181 φρονήματος
1779 2111 2048 2181 γέμοντας

481 2200 689 2267 λόγους,
719 2199 841 2251 τότε
863 2198 953 2267 δὴ,
985 2199 1104 2251 τότε
1143 2199 1329 2268 μόναις
1358 2198 1545 2270 ὥσπερ
1574 2200 1889 2270 ὲπαλγήσας
1928 2201 2055 2262 ταῖς

480 2291 623 2345 κατά
667 2288 804 2347 Θεοῦ
840 2289 1206 2359 δυσφημίαις,
1254 2290 1346 2344 καὶ
1380 2287 1475 2341 τοῦ
1517 2289 1615 2361 τὴν
1656 2290 1808 2343 πόλιν
1844 2289 2049 2345 ἁλῶναι

478 2383 683 2452 ταύτην
708 2381 927 2439 ἔσεσθαι
955 2383 1232 2451 πρόφασιν
1268 2382 1553 2453 ἐμφρόνως
1585 2381 1921 2452 ὑπειληφὼς,
1955 2400 2049 2435 πε-

483 2472 840 2543 ριερρήγνυτο
871 2472 970 2542 τὴν
993 2472 1216 2543 ἐσθῆτα,
1248 2474 1342 2527 καὶ
1366 2475 1446 2537 είς
1471 2474 1565 2529 τὸν
1586 2468 1733 2527 οἷκον
1760 2473 1926 2543 ἀνέϐη
1955 2472 2049 2528 τοῦ

480 2561 637 2626 Θεοῦ,
688 2563 859 2626 λιταῖς
899 2563 1141 2633 δηλονότι
1182 2564 1282 2633 τὴν
1313 2563 1463 2618 θείαν
1499 2563 1670 2634 ὀργὴν
1712 2564 2051 2635 ὑποτρέχων,

484 2655 575 2707 καὶ
621 2654 730 2708 τῶν
772 2655 867 2708 ἐπὶ
913 2657 1034 2718 ταῖς
1094 2654 1425 2725 δυσφημίαις
1476 2657 1815 2725 αίτιαμάτων
1865 2656 2051 2710 ἑαυτὸν

484 2745 859 2802 ἀπαλλάττων.
888 2746 999 2801 Καὶ
1028 2747 1081 2799 τί
1108 2745 1168 2799 τὸ
1195 2745 1471 2813 ὲντεῦθεν;
1504 2747 1725 2816 Εὐμενῆ
1760 2747 1853 2801 καὶ
1893 2748 2052 2801 ἵλεων

483 2836 854 2905 κατεστήσατο
890 2835 982 2888 τὸν
1030 2835 1139 2889 τῶν
1185 2834 1464 2906 δυνάμεων
1522 2833 1724 2903 Κύριον
1747 2852 1764 2867 ⁸
1802 2837 2051 2904 νενίκηκε

483 2927 576 2979 τὸν
611 2926 923 2999 Ἀσσύριον·
955 2926 1052 2997 οὐχ
1092 2926 1260 2980 ἵππον
1303 2928 1383 2989 είς
1418 2926 1596 2996 μάχην
1623 2926 1849 2991 ὁπλίσας
1891 2926 2053 2996 εὐχά·

486 3016 649 3077 λινον,
694 3016 757 3068 οὐ
804 3015 1034 3082 τοξοτῶν
1070 3016 1373 3087 εὐστοχίαις
1395 3057 1411 3082 ,
1451 3017 1515 3069 οὐ
1546 3016 1787 3086 δοράτων
1831 3017 2011 3087 βολαῖς
2035 3056 2050 3080 ,

2148 1836 2422 1904 liberaque
2466 1831 3003 1888 iueontinentissinue
3041 1845 3106 1886 ac
3144 1826 3576 1885 iusolentissimae
3619 1823 3713 1875 lin-

2147 1939 2264 1993 gum
2295 1924 2444 1980 frena
2489 1921 2828 1991 permittens,
2881 1919 3194 1977 maledictas
3242 1917 3297 1973 in
3353 1915 3525 1971 Deum
3554 1929 3713 1969 voces

2148 2019 2470 2084 detorquere
2522 2029 2628 2068 non
2678 2011 2980 2067 dubitabat.
3021 2010 3217 2065 Aiebat
3258 2008 3425 2073 enim,
3475 2022 3570 2063 eos
3621 2006 3715 2077 qui

2147 2121 2299 2161 suam
2337 2105 2389 2159 in
2428 2105 2602 2174 ipsum
2636 2118 2787 2173 spem
2826 2101 3243 2167 collocaveram,
3276 2098 3488 2155 etiamsi
3528 2096 3712 2159 vellet,

2148 2212 2370 2255 servare
2401 2196 2706 2265 speratique
2750 2193 2973 2253 subsidii
3005 2192 3323 2251 beneﬁcium
3355 2190 3555 2247 eisdem
3584 2204 3717 2258 prae-

2150 2299 2298 2344 stare
2333 2304 2439 2344 non
2498 2304 2657 2358 posse
2695 2289 2737 2344 δ.
2773 2288 2907 2347 Cum
2948 2303 3078 2358 ergo
3100 2288 3459 2344 accessissent
3496 2286 3588 2354 qui
3629 2285 3714 2341 in-

2149 2393 2309 2434 sanus
2362 2378 2504 2435 illius
2557 2386 2807 2442 conatus,
2856 2377 3127 2447 verbaque
3168 2377 3384 2433 Persico
3429 2376 3568 2437 lastu
3604 2385 3715 2430 tur-

2148 2470 2328 2539 gentia
2360 2469 2470 2538 regi
2492 2469 2891 2533 denuntiarent,
2926 2469 3036 2535 ille,
3063 2468 3175 2524 sola
3197 2467 3438 2525 convicia
3469 2467 3520 2523 in
3550 2466 3715 2521 Deum

2150 2561 2365 2615 detorta
2400 2559 2683 2628 aegerrime
2714 2560 2919 2624 ferens,
2965 2573 3136 2628 eaque
3166 2558 3444 2627 capiendae
3484 2556 3720 2611 civitatis

2149 2665 2367 2707 causam
2405 2665 2527 2706 esse
2560 2663 2728 2717 posset
2771 2649 2856 2719 pie
2913 2648 3315 2719 prudenterque
3344 2646 3718 2711 considerans,

2150 2742 2438 2810 derepente
2473 2755 2748 2797 conscissa
2796 2748 2947 2794 veste
2980 2740 3034 2795 in
3077 2739 3296 2794 domum
3328 2737 3423 2797 Dei
3457 2735 3718 2799 ascendit,

2150 2832 2462 2902 suppliciter
2518 2832 2612 2887 irae
2658 2831 2851 2886 divinae
2895 2829 3294 2894 obsecundans,
3341 2838 3396 2885 et
3434 2841 3493 2883 se
3529 2825 3726 2883 abillo

2150 2923 2608 2993 blasphemiarum
2651 2922 2880 2978 crimine
2916 2921 3223 2977 exsolvens.
3253 2920 3458 2991 Ecquid
3487 2917 3578 2976 illo
3605 2925 3720 2973 stu-

2153 3015 2241 3071 dio
2269 3015 2572 3084 promovit?
2598 3011 2730 3069 Illud
2757 3015 3032 3080 nimirum,
3068 3016 3210 3083 quod
3248 3014 3505 3067 virtutum
3539 3009 3722 3065 Domi-

486 3106 606 3161 οὐδὲ
640 3108 757 3169 ταῖς
803 3105 910 3159 τῶν
939 3105 1211 3160 τακτικῶν
1254 3107 1570 3177 ἐμπειρίαις
1609 3107 1716 3160 τῶν
1749 3108 1853 3160 ὐπὸ
1881 3111 2051 3177 ,χεῖρα

2159 3081 2284 3159 uuni
2321 3105 2610 3171 benignum
2659 3107 3065 3177 propitiutnque
3087 3081 3211 3161 _sibi
3244 3104 3516 3161 reddidit:
3548 3116 3723 3171 quau-

490 3195 786 3266 χρώμενος,
818 3194 983 3266 ψήφῳ
1007 3195 1063 3247 δὲ
1103 3195 1303 3265 μᾶλλον
1332 3197 1397 3266 τῇ
1434 3194 1583 3265 παρά
1611 3194 1768 3258 Θεοῦ,
1812 3195 1910 3264 τῆς
1944 3196 2052 3248 τῶν

501 3287 798 3358 Ἀσσυρίων
824 3288 1080 3357 στρατιᾶς
1107 3286 1197 3338 τὸν
1239 3287 1299 3339 ὲν
1333 3288 1434 3357 μιᾷ
1468 3286 1624 3341 νυκτὶ
1665 3287 2052 3358 καθορίσαντος

489 3377 737 3431 θάνατον.
770 3395 789 3428 ι
833 3376 1050 3446 Ἐξῆλθε
1076 3375 1206 3446 γὰρ,
1233 3375 1416 3447 φησὶν,
1448 3375 1677 3444 ἄγγελος
1705 3376 1933 3447 Κυρίου,
1962 3376 2056 3429 καὶ

490 3467 697 3523 ἀνεῖλεν
742 3468 808 3519 ὲκ
846 3470 944 3537 τῆς
991 3466 1339 3536 παρεμϐολῆς
1378 3467 1487 3518 τῶν
1520 3465 1819 3537 Ἀσσυρίων
1866 3466 2059 3521 ἑκατὸν

492 3558 819 3628 ὀγδοήκοντα
846 3558 1003 3611 πέντε
1025 3557 1288 3627 χιλιάδας.
1310 3557 1418 3608 Καὶ
1437 3556 1765 3618 ἀναστάντες
1788 3557 1866 3627 τῷ
1892 3556 2059 3627 πρωῒ,

494 3644 650 3719 εὗρον
684 3649 859 3701 πάντα
879 3649 946 3701 τὰ
980 3647 1208 3717 σώματα
1239 3646 1427 3718 νεκρά.
1466 3665 1484 3697 ι
1520 3640 1678 3699 Οὗτοι
1703 3647 1800 3716 τῆς
1836 3648 1914 3710 εἰς
1931 3647 2062 3700 Θεὸν

495 3738 773 3797 εὐσεϐείας
804 3737 1027 3803 καρποὶ,
1058 3737 1152 3790 κα)⁵
1177 3736 1270 3789 τοῦ
1305 3736 1379 3807 μὴ
1408 3736 1735 3807 ἀνασχέσθαι
1773 3737 1978 3808 φωνῆς,
2014 3740 2062 3791 εἰ

500 3828 618 3883 κατ’
642 3828 812 3898 αὐτῆς
838 3831 937 3899 τῆς
963 3828 1112 3892 θείας
1145 3828 1352 3896 γένοιτο
1378 3826 1553 3898 δόξης.

2161 3196 2611 3264 dequidem,nou
2670 3196 2896 3253 frenatis
2948 3205 3002 3252 et
3050 3196 3117 3251 ad
3158 3211 3389 3265 pugnam
3449 3192 3730 3248 instructis

2159 3285 2334 3354 equis,
2368 3301 2475 3341 non
2502 3287 2907 3357 sagittariorum
2954 3287 3300 3349 dexteritate,
3352 3301 3460 3340 non
3491 3285 3730 3339 hastato-

2162 3392 2281 3430 rum
2311 3376 2458 3445 pilis,
2488 3393 2594 3432 non
2623 3378 2820 3433 dueum
2857 3378 3071 3447 peritia,
3101 3380 3193 3433 sed
3235 3377 3327 3432 Dei
3356 3376 3571 3430 auxiliis
3606 3387 3733 3428 usus

2165 3469 2532 3538 munitusque,
2568 3471 2821 3540 Assyrios
2869 3472 3125 3526 debellari
3155 3471 3403 3534 volentis,
3438 3484 3541 3523 una
3576 3476 3734 3524 nocte

2165 3575 2377 3615 onmem
2410 3562 2621 3617 illorum
2667 3563 2964 3619 exercitqu
2994 3563 3209 3621 delevit.
3260 3562 3531 3629 Scriptum
3579 3573 3731 3613 nam-

2167 3665 2272 3717 que
2292 3660 2374 3704 est
2401 3668 2414 3703 :
2462 3669 2482 3702 ι
2514 3651 2774 3720 Egressus
2802 3664 2886 3708 est
2910 3664 3089 3709 autem
3121 3654 3343 3723 angelus
3387 3651 3619 3714 Domini,
3682 3660 3736 3702 et

2170 3741 2435 3806 percussit
2470 3756 2537 3795 ex
2573 3742 2768 3797 castris
2805 3743 3152 3812 Assyriorum
3194 3752 3411 3797 centum
3465 3740 3738 3812 octoginta

2168 3830 2405 3898 quinque
2432 3831 2620 3885 millia.
2650 3832 2717 3886 Et
2736 3843 3016 3901 surgentes
3037 3850 3192 3888 mane
3213 3834 3533 3888 invenerunt
3556 3832 3735 3887 omnia

494 3940 719 3993 corpora
752 3933 961 3981 mortua
990 3923 1033 3977 ⁸.
1074 3943 1092 3975 ι
1136 3922 1202 3979 lli
1286 3922 1502 3993 pietatis
1539 3932 1666 3980 sunt
1705 3922 1955 3990 fruetus;
1994 3924 2106 3980 haec
2147 3939 2356 3992 eorum,
2386 3927 2477 3995 qui
2512 3925 2854 3996 blasphemas
2911 3931 2964 3984 iu
2997 3927 3160 3983 Deum
3203 3944 3359 3989 voces
3389 3945 3493 3983 nou
3536 3928 3736 3992 ferunt,

497 4032 724 4074 IIIBI‘CCS.

564 4109 636 4161 A'.
672 4108 792 4159 Δεῖν
814 4106 871 4160 δὲ
900 4102 1051 4176 οἶμαι
1081 4104 1313 4175 μάλιστα
1341 4107 1460 4169 ταῖς
1495 4104 1759 4175 βασιλέων
1789 4106 2069 4160 εὐσεϐέσιν

497 4199 685 4259 ἀκοαῖς
717 4195 1073 4265 παλίμφημον
1117 4194 1216 4262 μὲν
1243 4194 1394 4248 οὐδὲν
1426 4194 1701 4251 λαλεῖσθαι
1730 4195 1870 4249 κατά
1910 4195 2066 4261 Θεοῦ,

500 4292 681 4342 ἐκεῖνα
722 4288 779 4340 δὲ
825 4287 1044 4356 μᾶλλον,
1081 4287 1182 4339 ὅσα
1230 4286 1324 4340 καὶ¹
1355 4284 1547 4357 μώμου
1587 4287 1786 4349 παντὸς
1833 4287 1926 4339 καὶ
1954 4287 2067 4341 δια-

500 4380 661 4449 ϐολῆς
706 4379 965 4431 ἐπέκεινα
995 4378 1198 4447 τρέχει,
1231 4380 1325 4432 καὶ
1355 4378 1453 4448 τῆς
1500 4378 1815 4449 πρεπούσης
1860 4378 2068 4442 δοξολοο

500 4472 621 4539 γίας
667 4471 815 4540 αὐτῷ
863 4472 1095 4523 ποιεῖται
1131 4469 1229 4538 τὴν
1271 4469 1495 4521 ἔκτισιν.
1540 4470 1772 4539 "Aptata
1813 4469 1870 4521 δὲ
1916 4468 2070 4521 τοῦτο

501 4562 654 4631 κάγὼ
690 4562 841 4627 εἰδὼς
876 4562 1040 4632 ἐχειν,
1071 4561 1452 4632 παρωρμήθην
1483 4561 1819 4630 ἀναγκαίως,
1849 4562 1948 4630 τῆς
1976 4562 2070 4631 ὁρ-

502 4657 598 4724 θῆς
623 4673 681 4707 τε
717 4654 807 4707 καὶ
842 4651 1206 4722 ἀποστολικῆς
1250 4651 1485 4715 πίστεως
1511 4652 1609 4718 τὴν
1646 4650 1940 4719 παράδοσιν
1979 4652 2069 4717 ὲγα

502 4747 709 4817 γράψαι
754 4746 851 4815 μὲν
888 4744 1024 4814 τῷδε
1068 4742 1146 4813 τῷ
1193 4742 1413 4813 βιϐλίῳ,
1468 4742 1640 4807 ξένιον
1681 4742 1737 4793 δὲ
1783 4740 1971 4810 ὥσπερ
2017 4759 2067 4794 τι

504 4840 867 4909 πνευματικὸν
913 4836 1278 4906 προσκομίσαι
1322 4834 1399 4905 τῷ
1430 4835 1676 4905 ὑμετέρῳ
1728 4833 1946 4904 κράτει,
1980 4836 2069 4887 καὶ

504 4933 693 4994 αὐταῖς
718 4930 775 4987 δὲ
803 4931 920 4993 ταῖς
966 4926 1403 4996 θεοφιλεστὰταις
1442 4925 1657 4995 ἀληθῶς
1694 4924 1979 4994 βασιλίσιν,
2016 4924 2071 4975 αἳ

502 5028 568 5095 τῇ
596 4998 843 5093 ὐμετέρᾳ
871 5021 1192 5092 γαληνότητι
1226 5019 1715 5087 συναστράπτουσι.
1747 5017 1857 5075 Καὶ
1885 5019 1918 5085 ἡ
1967 5016 2067 5084 μὲν

505 5118 625 5178 ταῖς
653 5114 1063 5175 εὐκταιοτάταις
1091 5112 1219 5180 ὑμῖν
1248 5110 1561 5180 ὲπαυχοῦσα
1604 5112 1805 5176 γοναῖς,
1838 5111 1931 5162 καὶ
1980 5107 2073 5175 τῆς

506 5208 679 5262 εἰσαεὶ
718 5205 977 5274 διαμονῆς
1006 5204 1104 5266 τὰς
1137 5203 1357 5264 ἐλπίδας
1390 5204 1499 5262 τοῖς
1546 5203 1845 5270 σκήπτροις
1888 5199 2075 5265 εἰσφέ-

509 5316 701 5371 ρουσα·
733 5299 766 5367 ἡ
796 5296 851 5349 δὲ
882 5299 991 5358 τοῖς
1030 5295 1377 5364 παρθενικοῖς
1422 5291 1764 5361 βλαστήμασι
1802 5288 2081 5359 συνακμά-

581 5455 601 5483 ⁶
627 5450 690 5506 IV
723 5452 854 5522 Reg.
890 5467 1044 5516 xvm,
1086 5451 1151 5504 15
1188 5466 1384 5519 seqq;
1423 5448 1521 5503 lsa.
1564 5462 1747 5511 xxxw,
1786 5445 1818 5498 2
1851 5460 2001 5515 seqq.

2248 4108 2338 4163 IV.
2365 4109 2617 4167 Arbitror
2655 4118 2833 4167 autem
2873 4111 2940 4167 ad
2972 4111 3093 4179 pias
3134 4111 3435 4180 principum
3468 4126 3625 4165 aures
3658 4113 3742 4166 ni-

2177 4196 2251 4250 ltil
2284 4198 2426 4266 quod
2474 4198 2527 4253 in
2564 4199 2732 4254 Deum
2764 4199 3134 4269 blaspbcmum
3168 4200 3259 4265 sit,
3290 4198 3479 4254 efferri
3506 4200 3739 4263 debere;

2091 4318 2145 4377 Β
2174 4300 2357 4345 verum
2388 4288 2438 4343 id
2472 4296 2698 4350 unitum,
2736 4291 2876 4357 quod
2909 4301 3063 4344 extra
3105 4306 3317 4345 omnem
3363 4300 3543 4345 notam
3568 4299 3623 4349 et
3656 4306 3743 4345 rr-

2172 4380 2581 4448 prebensiouem
2616 4381 2873 4449 positum,
2909 4382 2974 4438 ad
3020 4382 3228 4439 laudem
3259 4393 3314 4438 et
3344 4382 3593 4453 gloriam,
3625 4399 3744 4452 qum

2170 4486 2381 4527 summo
2406 4471 2530 4538 jure
2564 4485 2779 4529 Summo
2811 4473 2887 4527 illi
2918 4473 3134 4530 Numiui
3171 4475 3457 4543 debentur,
3486 4476 3633 4530 omni
3678 4490 3744 4529 cx

2171 4571 2327 4631 parte
2380 4562 2566 4620 faciat.
2612 4564 2743 4618 Cum
2797 4582 2929 4635 ergo
2977 4568 3235 4635 optimtnu
3299 4568 3745 4623 convenientissi-

2174 4667 2427 4720 mumque
2457 4652 2510 4707 id
2542 4667 2664 4709 esse
2688 4664 3024 4721 compertum
3057 4657 3304 4720 habeam,
3344 4657 3539 4712 incitor
3572 4673 3747 4711 neces-

2176 4744 2339 4808 sario,
2367 4751 2424 4798 ut
2450 4752 2610 4799 recta:
2632 4744 2752 4799 fidei
2782 4761 3043 4800 eauoucm
3082 4751 3148 4800 ab
3183 4748 3440 4816 apostolis
3469 4749 3744 4815 traditum,

2178 4845 2231 4888 et
2294 4836 2737 4890 commcntariolo
2800 4837 2901 4893 hoc
2967 4837 3205 4891 breviter
3274 4838 3745 4908 comprehensum,

2178 4926 2337 4981 veluti
2369 4928 2612 4995 spiritale
2642 4928 2909 4995 quoddam
2946 4928 3184 4993 xeuium,
3233 4944 3353 4983 cum
3389 4940 3583 4984 vestrae
3632 4947 3748 4985 ma-

2170 5017 2380 5085 iestati,
2423 5026 2531 5073 tum
2561 5018 2695 5084 ipsis
2725 5033 2941 5086 quoque
2987 5018 3186 5086 reginis
3223 5034 3362 5073 verae
3396 5020 3610 5090 pietatis
3638 5034 3753 5077 stur

2176 5110 2501 5167 diosissimis
2529 5110 2753 5164 oll‘eram
2776 5149 2789 5173 ,
2826 5121 2884 5164 ut
2931 5125 3049 5177 qua:
3085 5111 3255 5165 amba:
3293 5128 3393 5165 una
3426 5127 3545 5165 cum
3573 5123 3748 5166 vestra

2178 5202 2471 5254 serenitate
2507 5212 2794 5255 eoruseeut
2834 5202 3221 5271 insigniterque
3256 5202 3479 5258 floreant
3521 5223 3531 5257 :
3583 5205 3749 5259 altera

2179 5292 2346 5355 enim,
2386 5291 2569 5349 sobole
2599 5290 2751 5347 vobis
2780 5294 3189 5359 exoptatissima
3218 5294 3362 5361 felix,
3408 5295 3556 5365 regni
3589 5297 3751 5353 vestri

2082 5445 2099 5473 θ
2128 5444 2191 5497 ιν
2232 5445 2359 5514 Reg.
2400 5461 2515 5510 xm,
2554 5445 2641 5507 35',
2678 5447 2777 5500 lsu.
2820 5464 3024 5511 xxxv“,
3058 5448 3142 5502 56.

1594 5602 1759 5656 \‘arize
1791 5600 2046 5656 lectiones
2069 5600 2265 5655 codicis
2301 5597 2651 5667 chuieriaui.

582 5750 607 5793 ά
645 5752 937 5824 μυριάδωνι
1024 5763 1041 5788 ε
1079 5754 1445 5821 πῖραττῄταςη
