4058 6418
466 308 599 363 "'59

1469 308 1525 364 S.
1565 308 1831 364 CYRILLI
1870 310 2333 368 ALEXANDBINI
2369 311 2686 368 ARCHIEP.

3582 320 3727 376 1140

462 428 691 495 sceptris
735 437 1006 498 perpetuae
1054 429 1415 485 successionis
1448 446 1598 500 spem
1630 428 1826 494 aﬂ'ert;
1865 430 2024 485 altera

2137 431 2324 496 ζουσα,
2352 433 2445 486 καὶ
2473 432 2570 495 τὰς
2603 434 2702 501 τῆς
2732 430 3124 502 εὐκλεεστάτης
3151 431 3306 501 ὑμῶν
3335 433 3612 503 βασιλείας
3638 438 3719 489 οίο

462 532 617 581 vero,
651 529 792 574 inter
820 521 1088 590 virgineas
1118 536 1359 591 geminas
1381 522 1717 584 adolescens,
1753 523 1901 590 regni
1937 537 2030 575 ve-

462 608 558 659 stri
613 609 1008 675 prmclarissimi
1066 627 1228 667 curas
1278 613 1554 667 vobiscum
1591 628 1905 667 communes
1937 613 2032 666 ha-

461 696 569 750 bet.
643 699 808 767 igitur
864 714 922 755 ut
975 706 1278 758 veneranda
1335 704 1508 773 capita
1544 715 1811 759 exornant.
1866 704 2027 757 Indici

461 788 722 855 uniones,
781 794 853 847 ita
915 795 1175 862 spiritalis
1219 796 1412 849 animae
1461 794 1764 863 mentisque
1808 803 2030 849 ornatus

460 878 567 931 erit
612 893 778 946 recta,
806 884 861 955 ἀ,
888 887 1095 940 sincera
1156 886 1537 956 incnlpataque
1594 886 1645 939 in
1678 885 1844 939 Deum
1878 886 2029 939 iides.

460 968 629 1032 Quam
658 976 874 1043 quidem
923 976 1101 1041 iidem,
1148 978 1272 1046 quia
1306 993 1398 1032 vos
1435 987 1848 1033 conservaturos
1874 978 2031 1049 plane

460 1068 692 1131 ceniido,
757 1084 993 1136 praesens
1069 1072 1171 1125 hoc
1216 1072 1474 1140 scriptum
1541 1072 1705 1125 veluti
1764 1072 2028 1140 quoddam

458 1161 656 1214 mentis
708 1160 1126 1225 firmamentum,
1177 1162 1475 1231 animaeque
1506 1162 1707 1222 lumen.
1744 1172 1795 1216 et
1848 1163 2030 1216 cordis

457 1264 714 1304 coronam
752 1249 941 1304 oll‘ero.
982 1252 1251 1319 Scriptum
1303 1262 1385 1307 est
1428 1253 1571 1306 enim
1622 1270 1636 1307 :
1676 1272 1694 1306 ι
1735 1254 1922 1308 Melior
1947 1264 2031 1308 est

455 1342 716 1412 sapientia
763 1342 1032 1411 lapidibus
1069 1344 1355 1412 pretiosis;
1388 1352 1440 1397 et
1470 1359 1630 1398 omne
1672 1344 2029 1400 desiderabile

455 1432 504 1486 ei
555 1448 658 1486 non
711 1442 883 1501 potest
929 1436 1230 1501 comparari
1272 1436 1315 1489 ⁷.
1349 1453 1371 1485 ι
1417 1434 1489 1488 De
1541 1434 1807 1503 Unigeniti
1847 1435 2031 1504 itaque

455 1526 828 1579 incarnatione
877 1524 1111 1580 breviter
1153 1526 1315 1580 verba
1364 1526 1623 1590 facturus,
1663 1542 1905 1595 quaenam
1940 1542 2028 1581 sa-

454 1618 725 1673 cramenti
759 1620 917 1687 hujus
960 1620 1097 1673 ratio
1125 1622 1373 1683 exsistat,
1416 1630 1616 1687 quanta
1650 1620 1867 1689 quidem
1903 1636 2029 1689 per-

454 1712 735 1780 spicnitate
775 1712 840 1765 ab
892 1712 958 1766 iis
1018 1712 1069 1764 id
1119 1710 1231 1765 ﬁeri
1284 1711 1481 1779 poterit
1543 1711 1633 1779 qui
1696 1711 1747 1763 in
1810 1711 2030 1778 speculo

2135 523 2429 593 κειουμένη
2460 522 2764 593 φροντίδας.
2795 520 2950 574 Λίθοι
2984 520 3082 590 μὲν
3120 517 3215 575 οὖν
3243 523 3456 575 Ἰνδικοὶ
3472 525 3571 587 τὰς
3598 527 3718 578 ἀοι-

2134 615 2321 684 δίμους
2364 616 2518 685 ὑμῶν
2564 614 3055 685 καταφαιδρύνουσι
3113 614 3388 683 κεφαλὰς,
3437 616 3617 685 ψυχῆς
3656 617 3717 670 δὲ

2137 705 2230 757 καὶ
2262 704 2352 757 νοῦ
2389 705 2575 773 νοητὸς
2606 704 2673 757 ἂν
2706 702 2956 771 γένοιτοί
2994 704 3216 774 κόσμος,
3248 706 3430 767 πίστις
3461 704 3596 775 ὀρθὴ
3619 706 3716 756 καὶ

2137 794 2529 863 ἀκαπήλευτος.
2562 795 2665 847 Ἦν
2697 794 2778 847 ὅτι
2812 793 3082 862 τηρήσετε
3114 792 3494 863 τεθαρσηκὼς,
3538 810 3712 862 προσ-

2135 885 2252 952 άγω
2317 887 2409 939 τὸν
2467 885 2660 953 λόγον,
2713 885 2790 948 ὡς
2842 884 3077 954 ἔρεισμα
3150 884 3282 947 νοῦ,
3370 885 3466 937 καὶ
3532 885 3712 954 ψυχῆς

2132 978 2437 1047 ἀγλάϊσμα,
2479 978 2573 1031 καὶ
2603 978 2830 1048 καρδίας
2879 977 3161 1045 στέφανον.
3211 976 3526 1047 Γέγραπται
3566 976 3705 1046 γὰρ,

2133 1070 2215 1123 ὅτι
2256 1089 2273 1120 ι
2318 1069 2604 1139 Κρείσσων
2645 1069 2804 1137 σοφία
2830 1069 2992 1122 λίθων
3023 1068 3358 1123 πολυτελῶν·
3393 1071 3502 1121 πᾶν
3543 1068 3600 1120 δὲ
3632 1067 3713 1119 τί-

2136 1176 2258 1230 μιον
2287 1160 2388 1223 οὐκ
2432 1158 2579 1223 ἄξιον
2612 1158 2779 1228 αὐτῆς
2825 1160 2991 1215 ἐστιν,
3022 1178 3040 1209 ι
3084 1157 3292 1212 Οὐκοῦν
3324 1158 3415 1210 διά
3462 1157 3716 1227 βραχέων

2134 1253 2306 1306 εἰπεῖν
2342 1253 2674 1323 πειράσομαι
2706 1249 2773 1304 τὰ
2803 1252 2932 1322 περὶ
2966 1251 3068 1321 τῆς
3107 1249 3574 1319 ὲνανθρωπήσεως
3614 1248 3709 1300 τοῦ

2132 1342 2492 1411 Μονογενοῦς,
2526 1343 2616 1395 καὶ
2646 1343 2675 1395 ὃ
2707 1342 2758 1393 τί
2795 1342 2924 1394 ποτε
2955 1342 3070 1393 ἐστι
3110 1340 3171 1394 τὸ
3205 1342 3290 1393 ἐπ’
3321 1339 3473 1407 αὐτῷ
3506 1339 3711 1407 μυστή-

2134 1451 2271 1505 ριον,
2311 1433 2598 1503 διαρθροῦν
2627 1432 2711 1486 δτι
2744 1433 2976 1501 μάλιστα
3012 1431 3226 1498 σαφῶς,
3257 1432 3399 1484 κατά
3428 1449 3492 1499 γε
3522 1431 3584 1483 τὸ
3620 1433 3709 1497 ἐγ·

2132 1521 2344 1593 χωροῦν
2369 1524 2481 1586 τοῖς
2511 1523 2569 1573 ὲν
2593 1522 2842 1591 ἐσόπτρῳ
2874 1523 2969 1574 καὶ
2994 1522 3276 1590 αἰνίγματι
3310 1521 3591 1590 βλέπουσι,
3620 1526 3709 1573 και

2132 1614 2197 1665 ὲκ
2230 1611 2427 1683 μέρους
2464 1610 2815 1679 γινώσκουσι,
2859 1610 3001 1665 κατά
3031 1612 3091 1664 τὸ
3130 1613 3328 1682 μέτρον
3372 1612 3475 1680 τῆς
3503 1612 3707 1681 δωρεᾶς

2131 1702 2231 1771 τῆς
2278 1702 2634 1773 ἐπιχορηγίας
2663 1702 2756 1755 τοῦ
2789 1702 3122 1772 Πνεύματος,
3153 1703 3295 1756 καθά
3330 1704 3421 1757 καὶ
3456 1706 3486 1757 ό
3516 1704 3705 1756 θεσπέ-

456 1812 665 1856 tantnm
692 1812 744 1855 et
774 1800 1060 1870 aenigmate
1103 1800 1506 1868 conspicantur,
1554 1808 1608 1852 et
1650 1813 1712 1853 ex
1750 1813 1902 1867 parte
1936 1815 2024 1853 so-

2127 1810 2242 1857 σιος
2273 1794 2471 1865 γράφει
2502 1795 2732 1858 Παῦλος·
2775 1810 2793 1845 ι
2826 1795 3014 1858 Οὐδεὶς
3045 1795 3152 1866 γὰρ
3176 1795 3325 1862 λέγει
3363 1796 3574 1865 Κύριον
3606 1797 3707 1864 Ἰη-

454 1894 566 1947 lum
590 1891 633 1956 ⁸,
664 1907 854 1960 nempe
877 1890 1171 1946 secundum
1209 1906 1517 1944 mensuram
1559 1890 1870 1945 donationis
1898 1891 2025 1960 Spi-

453 1985 590 2038 ritus
632 1985 826 2047 sancti,
858 1993 916 2036 nt
950 1983 1163 2036 divinus
1216 1980 1414 2035 Paulus
1441 1980 1676 2050 loquitur
1725 1983 1768 2047 ⁹,
1822 1995 2026 2050 cogno-

2127 1885 2351 1948 σοῦν,·εί
2386 1886 2460 1956 μὴ
2487 1888 2544 1938 ὲν
2572 1886 2848 1956 Πνεύματι
2878 1887 3020 1957 ἁγίῳ
3037 1903 3051 1917 ⁶
3078 1889 3172 1941 καὶ
3197 1888 3372 1952 οὐδεὶς
3401 1888 3552 1956 λέγει
3579 1889 3707 1954 ἀνά-

2127 1978 2269 2049 θεμα
2305 1979 2532 2049 Ἰησοῦν,
2563 1980 2612 2031 εί
2649 1980 2723 2048 μὴ
2751 1981 2809 2031 ἐν
2841 1976 3187 2041 Βεελζεϐούλ.
3212 1997 3231 2030 ι

451 2084 609 2131 scunt
638 2075 683 2144 (ι
715 2074 885 2129 Nemo
923 2074 1064 2128 enim
1116 2073 1246 2126 dicit
1285 2072 1565 2125 Dominum
1596 2072 1800 2135 Jesum,
1836 2072 1935 2126 nisi
1976 2085 2073 2141 per
2112 2069 2372 2141 Spiritum
2406 2080 2652 2125 sanetum
2684 2088 2697 2123 :
2733 2071 2875 2125 sicut
2912 2085 3071 2124 nemo
3134 2086 3345 2125 rursum
3396 2072 3531 2125 dicit
3582 2088 3708 2126 ana-

454 2169 631 2223 thema
656 2165 861 2232 .lesum,
909 2165 1010 2219 nisi
1040 2164 1093 2218 in
1136 2161 1439 2218 Beelzebub
1466 2163 1513 2194 ¹⁰
1543 2160 1589 2232 ι)
1625 2162 1899 2232 explicare
1935 2161 2172 2217 tentabo.

519 2259 587 2312 V.
637 2259 843 2314 Dixerit
867 2268 1048 2313 autem
1106 2256 1195 2310 hic
1241 2256 1546 2325 quispiam:
1574 2255 2019 2325 Quandoquidem

448 2350 607 2417 hujus
634 2352 713 2403 rei
745 2364 907 2402 causa
937 2348 989 2402 in
1031 2362 1252 2401 arenam
1281 2346 1636 2412 descendere,
1672 2345 2020 2414 laboremque

449 2455 618 2510 usque
664 2440 797 2494 adeo
841 2438 1107 2494 diﬂicilem
1150 2446 1315 2506 atque
1368 2437 1595 2491 arduum
1630 2435 1813 2490 subire
1853 2435 2016 2501 libet;

448 2546 568 2601 age,
604 2530 650 2583 si
684 2529 877 2599 placet,
927 2528 1176 2582 oratione
1223 2525 1444 2579 minime
1482 2525 1547 2578 ad
1592 2524 1772 2578 fucum
1803 2539 2021 2593 compa-

448 2631 584 2686 rata,
619 2622 719 2675 sed
742 2635 887 2683 vera,
919 2620 1011 2673 sed
1039 2618 1278 2681 sincera,
1309 2617 1402 2670 sed
1435 2616 1502 2669 ab
1530 2615 1679 2669 omni
1708 2625 1839 2669 nota
1870 2614 2021 2669 vitin-

445 2728 551 2782 que
576 2712 765 2777 libera,
797 2709 998 2764 Christi
1032 2708 1344 2778 mysterium
1371 2706 1584 2773 expedi.
1615 2704 1748 2758 Nam
1781 2706 2021 2771 oracula,

444 2819 564 2873 quae
591 2816 711 2857 cum
743 2802 797 2856 in
834 2799 1001 2865 Nova,
1034 2809 1142 2853 tum
1179 2800 1231 2853 in
1270 2798 1447 2853 Veteri
1487 2812 1703 2867 quoque
1736 2797 2018 2867 Scriptura

445 2912 508 2951 ea
538 2894 602 2950 de
627 2910 686 2948 re
709 2894 904 2964 passim
939 2900 1255 2955 occurrunt,
1281 2905 1342 2945 ea
1375 2889 1593 2959 quidam
1625 2889 1790 2943 variis
1811 2889 2020 2958 opinio-

446 2988 604 3041 nibus
637 2986 773 3040 ebrii
816 3001 843 3038 a
884 3000 1013 3039 vero
1050 2997 1414 3053 germanoque
1444 2996 1601 3037 sensu
1642 2982 1694 3034 in
1728 2990 2020 3049 prarposte-

448 3094 565 3131 rum
603 3078 940 3143 detorquent.
992 3075 1104 3127 Non
1152 3074 1283 3141 fugit
1330 3087 1430 3126 nos
1459 3088 1589 3125 sane
1629 3070 1759 3123 nihil
1809 3079 2022 3125 exstare
2049 3067 2092 3123 C

448 3180 557 3222 tam
586 3169 897 3227 absurdum,
926 3167 1065 3232 quod
1097 3165 1412 3233 insipientes
1450 3179 1558 3217 non
1587 3172 1858 3215 attentent
1885 3179 1900 3215 :
1936 3176 2022 3214 ve-

449 3276 568 3313 rum
603 3269 863 3311 corruunt
896 3257 968 3309 illi
996 3256 1151 3325 proni
1195 3258 1245 3307 in
1277 3255 1599 3322 profundum
1638 3252 1854 3314 inferni,
1884 3253 2023 3306 sicut

448 3349 708 3416 scriptum
738 3356 819 3400 est
846 3348 912 3408 “,
946 3356 999 3397 et
1029 3345 1080 3397 in
1121 3343 1338 3413 pedicas
1374 3343 1598 3404 mortis;
1633 3358 1652 3390 ι
1687 3357 1790 3393 non
1827 3339 2024 3393 intelli-

448 3449 635 3509 gentes
678 3454 849 3507 neque
872 3438 1001 3506 quid
1033 3437 1341 3504 loquantur,
1371 3448 1542 3501 neque
1574 3434 1639 3486 de
1666 3432 1861 3500 quibus
1886 3429 2023 3483 aﬂir-

450 3541 599 3584 ment
632 3532 696 3584 ”.
732 3548 749 3581 ›
786 3527 1051 3583 Retulerit
1087 3537 1265 3579 autem
1321 3538 1498 3588 nosse,
1537 3532 1590 3575 et
1629 3536 1874 3590 quamam
1918 3521 2023 3575 illa:

448 3621 909 3690 sintsingulurunt
952 3601 1106 3685 nugs:
1137 3616 1452 3683 stolatteque
1496 3614 1707 3667 fabula}.

518 3713 606 3768 Vl.
638 3712 865 3777 Quidam
917 3710 1081 3779 igitur
1130 3706 1363 3761 Verbum
1397 3721 1461 3760 ex
1505 3704 1614 3760 Deo
1647 3714 1701 3759 et
1740 3704 1899 3758 Patre
1929 3719 2017 3773 ge-

448 3808 619 3861 nitum
671 3805 723 3858 in
788 3804 1023 3871 hominis
1082 3802 1252 3855 forma
1305 3799 1639 3868 apparuisse,
1690 3800 1831 3852 haud
1868 3796 2021 3851 inviti

448 3896 777 3962 concedunt;
807 3904 860 3949 at
888 3910 1016 3949 vero
1043 3909 1109 3947 ex
1141 3907 1293 3945 sacra
1327 3901 1381 3945 et
1412 3891 1626 3958 deipara
1660 3888 1879 3959 Virgine
1905 3903 2024 3941 car-

450 4005 569 4044 nem
612 3987 930 4058 sumpsisse,
979 3985 1033 4039 id
1058 3983 1246 4038 audaci
1315 3982 1618 4038 temeritate
1668 3980 2018 4035 inﬁciantur:

448 4080 716 4148 siquidem
759 4088 925 4132 totam
957 4074 1283 4132 sacramenti
1318 4073 1479 4143 hujus
1520 4072 1779 4126 rationem
1825 4071 1878 4124 in
1907 4068 2021 4124 solo

447 4183 671 4226 externo
708 4172 984 4226 schemate
1030 4169 1256 4237 positam
1305 4166 1473 4220 fuisse
1531 4163 1793 4232 sacrilege
1836 4176 2021 4216 emen-

449 4265 676 4317 tiuntur.
732 4262 834 4315 Alii
887 4271 1040 4330 turpe
1077 4258 1491 4329 pudendumque
1520 4256 1646 4321 rati,
1674 4256 1717 4309 si
1750 4253 2018 4307 hominem

451 4356 685 4409 adorare
746 4354 1053 4415 videantur,
1111 4361 1487 4417 terrenamque
1535 4361 1755 4400 carnem
1810 4358 2021 4400 summo

448 4446 659 4500 honore
690 4441 958 4507 afﬁciunt,
1018 4442 1142 4495 dum
1186 4438 1330 4494 foedo
1376 4439 1477 4493 hoc
1528 4436 1757 4492 inscitiae
1809 4435 2016 4497 morbo,

450 4550 725 4604 pravaque
751 4542 806 4587 et
838 4533 1134 4587 adulterina
1184 4530 1441 4600 religione
1479 4529 1744 4589 laborant,
1785 4524 2017 4582 Verbum

446 4643 511 4681 ex
561 4627 666 4680 Deo
708 4634 889 4679 natum
949 4626 1000 4677 in
1053 4624 1279 4689 ossium,
1308 4631 1361 4676 et
1405 4635 1692 4673 nervorum
1734 4618 2020 4688 carnisque

431 4700 699 4773 naturam
754 4719 1085 4772 detnutatum
1148 4714 1437 4769 affirmant.
1485 4712 1663 4780 Atque
1713 4713 1786 4765 ita
1835 4710 2020 4766 miseri

450 4812 548 4877 illi,
580 4812 945 4865 Etntnanuelis
967 4824 1031 4863 ex
1058 4807 1272 4876 Virgine
1293 4815 1471 4861 ortum
1493 4788 1781 4859 ludibrium
1817 4803 2021 4858 haben-

450 4912 550 4965 tes,
597 4903 855 4972 optimam
903 4901 1047 4955 illam
1106 4898 1605 4965 divinissimamque
1657 4894 2017 4949 oeconomiam

450 4995 759 5047 indecorum
783 4994 1045 5061 iudicant.
1080 4990 1219 5055 Sunt
1242 4989 1332 5057 qui
1370 4996 1699 5041 coaeternum
1735 4985 1842 5040 Deo
1873 4985 2018 5037 Patri

448 5085 686 5137 Verbum
722 5084 871 5136 tarde
913 5091 1116 5143 natum,
1149 5081 1251 5134 hoc
1283 5087 1387 5141 est,
1439 5088 1547 5130 tum
1579 5079 1792 5131 demum
1825 5076 2023 5141 produ-

449 5183 594 5225 ctum
626 5172 876 5232 credunt,
903 5186 1023 5224 cum
1055 5170 1348 5223 secundum
1378 5182 1596 5221 carnem
1627 5167 1683 5218 in
1710 5166 1884 5218 lucem
1914 5164 2023 5218 edi-

452 5272 564 5313 tum
598 5260 647 5331 5
677 5268 778 5315 est.
805 5258 922 5315 Non
952 5260 1146 5313 desunt
1183 5273 1394 5312 rursum
1446 5256 1537 5325 qui
1570 5256 1621 5309 in
1660 5264 1862 5309 tantam
1886 5254 2022 5307 stul-

523 5416 540 5445 ⁷
570 5414 728 5469 Prov.
759 5430 878 5478 vin,
916 5413 1004 5467 il.

1095 5412 1156 5464 ³1
1193 5411 1318 5467 Cor.
1362 5426 1479 5472 xm,
1514 5409 1601 5465 12.
1678 5407 1735 5459 ⁹1
1769 5408 1893 5462 Cor.
1926 5424 2019 5473 xu,
2056 5409 2141 5475 ll,

2200 2256 2275 2309 E'.
2317 2255 2454 2327 Φαίη
2490 2256 2534 2308 δ’
2561 2256 2649 2321 ἂν,
2676 2252 2851 2325 οἶμαι,
2878 2255 2988 2319 τὶς,
3029 2254 3239 2309 Οὐκοῦν
3269 2256 3455 2327 ἐπειδὴ
3496 2274 3580 2309 σοι
3614 2275 3704 2311 και

2125 2345 2227 2415 τῆς
2259 2346 2351 2398 ἐπὶ
2388 2344 2563 2415 τούτῳ
2602 2347 2801 2409 κόνεως
2835 2345 3068 2415 ἅψεσθαι
3100 2345 3265 2409 δοκεῖ,
3294 2345 3389 2398 καὶ
3431 2345 3525 2398 τὸν
3566 2346 3708 2398 οὕτω

2125 2437 2374 2508 διαϐριθῆ
2411 2438 2504 2490 καὶ
2544 2436 2818 2491 δύσοιστον
2859 2437 3155 2507 ἀνατλῆναι
3187 2437 3366 2499 πόνον,
3400 2438 3709 2491 ἀοκνότατα

2124 2528 2378 2597 διασάφει
2413 2527 2505 2581 τὸν
2530 2528 2731 2598 ἀκριϐῆ
2758 2545 2818 2580 τε
2846 2528 2941 2581 καὶ
2964 2527 3367 2597 ἀκιϐδήλευτον.
3400 2530 3495 2581 καὶ
3524 2530 3704 2597 πάσης

2126 2620 2305 2683 αἰτίας
2345 2619 2766 2689 ἀπηλλαγμένον
2800 2618 2894 2672 ἐπὶ
2937 2619 3159 2689 Χριστῷ
3203 2619 3380 2687 λόγον.
3416 2621 3707 2690 Διαφόροις

2123 2712 2232 2784 γάρ
2261 2711 2440 2776 δόξαις
2471 2710 2880 2779 καταμεθύουσί
2910 2728 3074 2774 τινες,
3109 2711 3592 2781 παραπλάττοντες
3626 2712 3704 2773 εἰς

2123 2803 2183 2855 τὸ
2250 2802 2480 2865 ἀκαλλὲς
2524 2802 2592 2855 τὰ
2629 2802 2714 2854 ἐπ’
2756 2800 2904 2871 αὐτῷ
2956 2801 3511 2872 κεχρησμῳδημέναε
3556 2803 3705 2870 παρά

2122 2912 2182 2947 τε
2212 2894 2313 2963 τῆς
2351 2894 2495 2957 Νέας
2529 2893 2625 2946 καὶ¹
2661 2893 3043 2964 ’Λρχαιοτέρας
3073 2893 3315 2963 Γραφῆς.
3353 2895 3467 2947 Οὐκ
3501 2895 3706 2963 ἠγνοή-

2123 3002 2299 3055 καμεν
2343 2980 2458 3049 οῦν,
2488 2986 2565 3047 ὼς
2592 2985 2693 3037 οὐκ
2733 2985 3154 3055 ἀνεπιτήδευτόν
3186 2987 3302 3038 ἐστι
3334 2985 3445 3038 τῶν
3483 2987 3709 3038 ἀτόπων

2124 3081 2238 3141 τοῖς
2276 3078 2553 3139 ἁσυνέτοις
2581 3076 2734 3128 οὐδέν
2753 3092 2767 3106 ο
2798 3076 3059 3128 πίπτουσι
3091 3076 3150 3128 δὲ
3189 3078 3284 3129 καὶ
3319 3076 3439 3129 λίαν
3470 3077 3707 3147 ἑτοίμως

2125 3173 2204 3233 εἰς
2245 3172 2514 3239 πέταυρον
2568 3169 2719 3239 ᾅδου,
2751 3167 2893 3221 κατὰ
2933 3169 2995 3221 τὸ
3033 3168 3442 3239 γεγραμμένον,
3484 3171 3581 3223 καὶ
3626 3172 3707 3232 εἰς

2126 3263 2329 3331 παγίδα
2362 3261 2614 3324 Θανάτου,
2648 3280 2665 3310 ι
2700 3260 2775 3330 μὴ
2800 3260 3045 3322 νοοῦντες
3076 3262 3212 3330 μήτε
3235 3259 3271 3312 ἃ
3293 3260 3535 3327 λέγουσι,
3566 3263 3705 3329 μήτε

2125 3354 2254 3424 περὶ
2287 3353 2448 3405 τίνων
2475 3350 2928 3404 διαϐεϐαιοῦνται.
2960 3370 2976 3401 ι
3010 3350 3167 3413 Τίνες
3194 3350 3237 3403 δ’
3261 3350 3326 3403 ἂν
3357 3346 3468 3404 εἷεν
3493 3353 3543 3403 οί
3576 3352 3707 3421 παρ’

2125 3445 2339 3515 ἑκάστῳ
2382 3443 2597 3516 θρύλλοι
2653 3444 2746 3496 καὶ¹
2796 3442 2867 3495 τὰ
2913 3444 3088 3513 σεμνὰ
3159 3442 3428 3513 μυθάρια,
3477 3442 3707 3495 διειπεῖν

2123 3538 2437 3607 ἀναγκαῖον.

2202 3714 2293 3780 (ζ’.
2338 3714 2401 3766 Οἱ
2439 3712 2539 3783 μὲν
2568 3712 2699 3783 γὰρ,
2746 3712 2828 3765 ὅτι
2869 3711 3075 3780 πέφηνε
3120 3711 3219 3781 μὲν
3256 3710 3543 3781 ἄνθρωπος
3570 3714 3600 3765 ό
3642 3714 3704 3764 ἐκ

2123 3806 2256 3859 Θεοῦ
2287 3806 2501 3877 Πατρός
2529 3806 2722 3873 Λόγος,
2747 3805 2807 3856 ού
2843 3805 2951 3874 μὴν
2973 3805 3055 3857 ὅτι
3078 3805 3172 3857 καὶ
3206 3804 3484 3875 πεφόρηκε
3511 3806 3614 3874 τὴν
3639 3806 3702 3858 ὲκ

2122 3898 2220 3967 τῆς
2249 3895 2407 3963 ἁγίας
2443 3896 2715 3964 Παρθένου
2750 3898 2846 3949 καὶ
2867 3894 3137 3948 Θεοτόκου
3169 3895 3366 3965 σάρκα,
3401 3898 3620 3966 φρονεῖν
3643 3911 3699 3947 τε

2125 3988 2219 4041 καὶ
2252 3986 2431 4054 λέγειν
2453 3987 2841 4057 τετολμήκασι,
2869 3986 3293 4055 καταψεύδονται
3324 3986 3379 4038 δὲ
3410 3986 3582 4056 μόνην
3607 3986 3701 4038 τοῦ

2127 4079 2426 4151 μυστηρίου
2476 4077 2575 4147 τὴν
2626 4078 2864 4146 δόκησιν’
2894 4078 3112 4148 Ἔτεροι
3140 4078 3189 4129 δ’
3215 4072 3282 4130 αῦ
3330 4077 3700 4147 κατερυθριᾷν

2126 4168 2481 4238 σκεπτόμενοι
2517 4169 2545 4208 h
2602 4168 2663 4220 τὸ
2696 4168 2875 4220 δοκεῖν
2918 4166 3189 4237 ἀνθρώπῳ
3230 4170 3577 4237 προσκυνεῖν,
3608 4168 3697 4217 καὶ

2123 4262 2222 4331 τὴν
2258 4261 2366 4313 ἀπὸ
2398 4260 2503 4328 γῆς
2540 4259 2719 4329 σάρκα
2747 4262 2868 4322 ταῖς
2894 4260 3154 4313 ἀνωτάτω
3186 4258 3364 4323 δόξαις
3398 4257 3697 4325 στεφανοῦν

2126 4351 2572 4422 παραιτούμενοι,
2602 4353 2666 4404 ὲκ
2692 4352 2791 4421 τῆς
2818 4353 2957 4420 ἄγαν
2994 4350 3233 4421 ἀμαθίας
3266 4350 3429 4420 νόθην
3453 4352 3577 4403 τινὰ
3607 4352 3695 4403 καὶ

2129 4446 2594 4516 παρεφθαρμὲνην
2645 4443 2926 4507 νοσοῦντες
2982 4444 3300 4507 εὐλάϐειαν,
3349 4444 3691 4514 παρατετρά-

2129 4536 2262 4603 φθαι
2327 4536 2460 4605 φασὶ
2517 4536 2607 4588 τὸν
2650 4536 2714 4587 ὲκ
2782 4534 2916 4587 Θεοῦ
2952 4534 3162 4604 Πατρὸς
3195 4534 3366 4602 φύντα
3407 4535 3585 4602 Λόγον
3618 4535 3695 4594 εἰς

2127 4625 2329 4678 όστὲων
2376 4643 2435 4677 τε
2488 4626 2580 4677 καὶ
2619 4624 2826 4694 νεύρων
2870 4623 2964 4676 καὶ
3014 4621 3215 4691 σαρκὸς
3271 4620 3455 4689 φύσιν,
3500 4622 3598 4685 τὴν
3634 4621 3696 4673 ἐκ

2129 4714 2407 4785 Παρθένου
2438 4715 2693 4784 γέννησιν
2717 4713 2811 4766 τοῦ
2848 4712 3194 4783 Ἐμμανουὴλ
3227 4713 3401 4765 πλατὺ
3430 4712 3696 4780 γελῶντες

2126 4806 2173 4857 οἱ
2219 4805 2467 4869 τάλανες,
2502 4804 2685 4857 καὶτὸ
2714 4805 2962 4875 ἀπρεπὲς
2998 4804 3443 4876 καταγράφοντες
3478 4805 3579 4873 τῆς
3606 4805 3695 4857 οὖ-

2126 4912 2231 4956 τως
2266 4894 2498 4963 ἀρίστης
2530 4896 2625 4947 καὶ
2661 4894 2998 4964 θεοπρεποῦς
3030 4896 3362 4964 οἰκονομίας.
3401 4895 3465 4946 0i
3500 4895 3558 4947 δὲ
3594 4897 3696 4959 ,καὶ

2124 4982 2351 5053 ὀψιγενῆ
2398 4985 2489 5036 τὸν
2537 4985 2805 5037 συναΐδιον
2840 4985 2915 5055 τῷ
2969 4986 3144 5056 ﬂat-rp!
3178 4986 3310 5039 Θεὸν
3343 4986 3516 5053 Λόγον
3559 4981 3696 5039 εἶναι

2128 5076 2544 5141 πεπιστεύκασι,
2574 5078 2665 5129 καὶ
2687 5080 2765 5141 εἰς
2790 5079 2850 5130 τὸ
2880 5078 3030 5148 μόλις
3055 5078 3291 5149 ὑπάρξαι
3311 5078 3696 5149 διακεκλῆσθαι

2125 5166 2267 5230 τότε,
2298 5168 2385 5219 ὅτε
2420 5168 2512 5220 καὶ
2542 5172 2641 5238 τῆς
2669 5169 2810 5222 κατὰ
2852 5170 3030 5239 σάρκα
3073 5172 3380 5241 γεννήσεως
3412 5170 3571 5240 ἔλαχε
3599 5171 3696 5239 τὴν

2126 5257 2320 5327 ἀρχὴν.
2360 5259 2479 5311 Εἰσὶ
2518 5259 2576 5311 δὲ
2610 5262 2663 5312 οἱ
2699 5261 2790 5313 καὶ
2829 5261 2975 5332 πρὸς,
2990 5260 3147 5314 τοῦτο
3190 5262 3387 5330 μανίας
3420 5262 3692 5327 δυσσεϐῶς

2222 5411 2263 5440 ¹⁰
2289 5412 2415 5466 ibid.
2450 5413 2503 5467 5.
2585 5414 2623 5444 ¹¹
2648 5412 2791 5468 Psal.
2826 5430 2951 5481 ων,
2976 5416 3057 5471 16.
3138 5415 3219 5468 ¹¹Ι
3251 5415 3392 5471 Tim.
3423 5431 3461 5482 1,

1552 5540 1719 5594 Varia:
1754 5540 2009 5595 lectiones
2039 5540 2240 5596 codicis
2270 5539 2621 5609 Seguiertani.

528 5682 545 5722 ί
582 5682 809 5748 λέγοιτο.
890 5693 913 5731 ε
944 5677 1512 5753 κεχρησμοδοτημένα.
1587 5671 1613 5710 ιλ
1644 5675 2026 5746 σκηπτόμενοι.
