4058 6508
135 329 305 390 ll“

1140 352 1143 365 Α
1192 351 1286 406 DE
1319 351 1549 410 RECTA
1587 354 1767 422 FIDE,
1808 356 1901 411 AD
1941 356 2387 417 THEODOSIUM
2427 360 2566 419 IMP.

3344 366 3482 422 ιιιε

132 448 482 550 ἡξΐμένρι,
521 461 659 515 ὥστε
698 467 789 518 καὶ
836 467 1206 522 ἀνυπόστατον
1238 472 1332 524 τὸν
1373 472 1437 525 ἐκ
1469 472 1604 525 Θεοῦ
1654 490 1803 541 φασιη

1921 474 2095 530 titiam
2141 488 2196 531 et
2225 477 2556 546 impietatem
2593 478 2827 550 prolapsi
2854 490 3003 547 sunt,
3031 491 3089 537 ut
3117 482 3211 539 Dei
3244 484 3478 541 Verbum

132 535 316 595 εἶναι
354 548 596 619 Λόγον,
624 554 777 625 ῥῆμα
803 557 859 609 δὲ
893 558 1080 623 ἁπλῶς
1107 560 1169 612 τὸ
1199 562 1339 615 κατά
1380 562 1549 631 μόνην
1580 535 1806 634 νοούμε-

133 644 249 723 vt-w
299 643 645 712 προφορὰν
677 647 735 697 ὲν
763 647 1036 719 ἀνθρώπῳ
1082 650 1355 718 γενέσθαι.
1404 654 1720 723 Μάρκελλος
1750 654 1807 707 δὲ

132 715 327 814 οὗτοι
376 733 508 785 καὶ
543 734 825 800 Φωτεινός.
856 741 1015 793 Δοκεῖ
1042 757 1106 808 γε
1138 743 1245 814 μὴν
1275 742 1369 794 καὶ
1398 743 1603 812 ἑτέροις
1652 746 1807 798 ἐναν-

135 811 522 887 θρωπῆσαι
559 824 659 893 μὲν
707 826 921 896 ἀληθῶς
946 830 1039 883 τὸν
1068 811 1376 903 Μονογενῆ,
1410 811 1503 886 καὶ
1546 836 1606 886 ἐν
1644 836 1808 906 σαρκὶ⁹

135 907 484 971 γενέσθαι
528 916 822 983 πιστεύειν,
858 921 931 990 μὴ
967 922 1072 991 μὴν
1098 921 1177 975 ἔτι
1213 925 1306 975 καὶ
1334 925 1687 995 ὲμψυχῶσθαι
1713 944 1805 980 τε-

137 995 349 1062 λείως
410 1005 529 1073 τὴν
574 1007 978 1078 ἀναληφθεῖσαν
1020 1012 1197 1081 σάρκα
1242 1013 1386 1085 ψυχῇ
1428 1016 1654 1087 λογικῇ,
1708 1020 1806 1071 καὶ

139 1087 301 1139 νοῦν
345 1091 586 1168 ἐχούσῃ
614 1097 707 1150 τὸν
739 1098 862 1152 καθ’
899 1102 1081 1170 ἡμᾶς’
1112 1104 1191 1166 είς
1224 1105 1451 1175 ἑνότητα
1494 1106 1552 1159 δὲ
1583 1108 1684 1178 τὴν
1726 1111 1806 1173 είς

138 1180 363 1248 ἅπαν,
412 1186 620 1262 ὥσπερ
649 1187 744 1244 οὖν
772 1193 992 1261 οἴονται,
1024 1198 1491 1266 κατασφίγγοντες
1517 1201 1608 1253 τόν
1646 1219 1706 1254 τε
1740 1203 1806 1256 ὲκ

145 1271 320 1326 Θεσῦ
376 1278 597 1347 Λόγον,
627 1283 721 1335 καὶ
754 1285 848 1337 τὸν
888 1286 952 1339 ἐκ
998 1287 1098 1356 τῆς
1147 1289 1310 1357 ἁγίας
1340 1291 1619 1362 Παρθένου
1653 1295 1804 1360 ναὸν,

145 1370 550 1441 κατοικῆσαί
581 1391 748 1442 φασιν
775 1379 832 1429 ὲν
863 1378 1013 1449 αύτῷ
1037 1380 1127 1433 τὸν
1158 1383 1330 1451 Λόγον
1352 1400 1365 1415 ο
1403 1387 1500 1438 καὶ
1543 1386 1673 1441 τδιον
1706 1388 1804 1457 μὲν

148 1459 560 1529 ποιήσασθαι
600 1466 664 1518 τδ
698 1467 857 1538 σῶμα
896 1470 956 1523 τὸ
987 1472 1310 1543 ἀναληφθὲν,
1338 1475 1517 1545 ψυχῆς
1550 1476 1606 1529 δὲ
1643 1478 1805 1531 αὑτὸν

148 1549 271 1617 τῆς
331 1551 595 1625 λογικῆς
634 1574 694 1610 τε
736 1560 830 1612 καὶ
872 1564 1063 1632 νοερᾶς
1100 1565 1449 1637 ἀναπληροῦν
1481 1568 1573 1621 τὸν
1614 1569 1803 1624 τόπον.

153 1640 440 1713 Ἕτεροι
491 1646 538 1698 δ’
578 1642 645 1700 αὖ
683 1651 1049 1719 πρεσϐεύουσι
1099 1655 1198 1723 μὲν
1237 1660 1359 1721 ταῖς
1385 1659 1592 1712 τούτων
1624 1660 1804 1726 δόξαις

150 1729 235 1782 τὰ
294 1733 588 1801 ἐναντία,
636 1741 730 1793 καὶ
763 1740 1144 1813 ἀντιφέρονται
1187 1750 1301 1811 τοῖς
1336 1751 1698 1821 φρονήμασιν,
1739 1752 1802 1807 ἔκ

155 1838 227 1875 τε
264 1823 445 1880 Θεοῦ
476 1829 652 1898 Λόγου
687 1832 782 1885 κα)⁸
807 1833 983 1906 ψυχῆς
1014 1837 1114 1906 τῆς
1146 1838 1371 1910 λογικῆς
1401 1843 1494 1895 καὶ
1528 1843 1798 1913 σώματος,

161 1914 309 1983 ἦτοι
372 1918 607 1984 τελείας
657 1922 844 1988 ἁπλῶς
879 1926 1320 1999 ἀνθρωπότητος,
1370 1936 1691 1989 συνεστάναι
1740 1954 1800 1989 τε

161 2006 279 2098 καὶ
312 2009 755 2083 ἀναπεπλέχθαι
781 2015 1251 2090 διαϐεϐαιούμενοι
1278 2023 1370 2077 τὸν
1412 2024 1763 2098 Ἐμμανουήλ
1784 2045 1798 2059 ο

164 2096 236 2149 οὗ
282 2098 423 2167 μὴν
468 2101 553 2155 ἔτι
592 2104 689 2157 καὶ
738 2106 866 2174 ὑγιᾶ
910 2108 1004 2161 καὶ
1048 2109 1350 2181 ἀμώμητον
1383 2116 1663 2180 παντελῶς
1702 2096 1804 2189 τὴν

167 2189 271 2279 ἐστ’
321 2192 496 2261 αὐτῷ
541 2199 873 2268 τετηρήκασι
906 2200 1084 2265 δόξαν.
1136 2203 1533 2260 Καταδιιστᾶσι
1567 2208 1675 2279 γὰρ
1721 2210 1804 2272 είς

171 2278 282 2334 δύο
346 2285 456 2339 τὸν
511 2286 607 2340 ἕνα
656 2290 912 2361 Χριστὸν,
967 2293 1060 2345 καὶ
1110 2297 1344 2364 παχεῖαν
1381 2298 1571 2369 ὥσπερ
1618 2278 1803 2364 αὐτοῖς

174 2375 454 2441 ἐνιέντες
506 2378 602 2449 τὴν
647 2380 928 2453 διατομὴν,
973 2384 1076 2437 ἀνά
1114 2385 1277 2456 μέρος
1305 2388 1566 2459 ἑκάτερον
1613 2406 1803 2459 μονον·

179 2467 321 2536 ουχὶ
379 2470 483 2521 καὶ
514 2471 727 2524 ἑστῶτα
759 2472 1279 2547 παραδεικνύουσινο
1308 2476 1497 2548 ἕτερον
1529 2478 1627 2548 μὲν
1662 2476 1801 2533 εἶναι

178 2556 611 2629 ϐιατεινόμενοι
638 2561 730 2615 τὸν
763 2563 827 2615 ὲκ
857 2563 1136 2634 Παρθένου
1175 2566 1433 2637 τεχθέντα
1462 2569 1683 2633 τελείως
1712 2571 1803 2626 ἄν-

187 2645 461 2717 θρωπον,
488 2650 672 2720 ἕτερον
700 2650 745 2704 δ’
768 2648 836 2706 αὖ
866 2654 957 2706 τὸν
983 2655 1046 2708 ὲκ
1075 2656 1211 2708 Θεοῦ
1230 2657 1447 2728 Πατρδς
1467 2659 1641 2727 Λόγον
1662 2678 1674 2691 ·
1703 2662 1803 2732 οὐχ

185 2740 216 2790 ὅ
242 2739 307 2792 τί
344 2742 489 2794 ποτέ
515 2743 663 2796 ἐστιν
690 2744 725 2815 ἦ
758 2762 816 2797 τε
848 2744 941 2798 τοῦ
987 2745 1123 2800 Θεοῦ
1154 2746 1167 2785 ί
1202 2748 1382 2817 φύσις,
1415 2752 1510 2803 καὶ
1537 2754 1635 2822 τῆς
1671 2769 1804 2823 σαρ-

192 2836 322 2902 κδς,
367 2840 759 2910 διακρίνοντες,
787 2843 909 2898 οὐδὲ
952 2845 1144 2915 μόναις
1180 2850 1301 2913 ταῖς
1326 2850 1407 2913 είς
1434 2850 1593 2904 τοῦτο
1620 2851 1804 2921 διαφο⁹

194 2930 336 2994 ραῖς
379 2930 786 3004 ἐμφιλοχωρεῖν
833 2933 1127 3001 ἐθέλοντες.
1161 2939 1295 2992 Οὐδὲ
1339 2939 1447 3011 γὰρ
1480 2941 1546 2994 ἂν
1593 2942 1803 3007 ἑννοίας

1833 1811 1874 1864 Β

1911 568 2330 637 anhypostaton,
2388 571 2490 625 hoc
2528 580 2631 634 est,
2682 572 2882 626 nullam
2920 573 3123 631 habens
3176 577 3477 633 subsisten-

1910 658 2037 713 tiam
2081 661 2471 729 (cujuscemodi
2511 662 2639 716 illud
2677 672 2779 727 est,
2820 664 2963 732 quod
3006 674 3133 720 tunc
3170 666 3341 722 solum
3396 676 3481 724 est

1908 759 1964 804 et
1996 750 2333 820 intelligitur,
2372 752 2495 807 dum
2526 767 2620 806 ore
2649 752 2963 820 profertur),
3009 756 3189 812 dicere
3218 757 3474 822 audeant,

1913 842 2126 911 taleque
2160 842 2391 897 Verbum
2436 843 2489 897 in
2534 843 2751 897 homine
2789 843 2989 898 factum
3030 848 3378 901 contendunt.
3412 846 3478 901 lli

1908 949 2035 1021 vero
2060 943 2187 988 sunt
2213 933 2497 989 Marcellus
2525 945 2579 988 et
2610 933 2889 989 Photinus.
2921 935 3340 1005 Comperiuntur
3388 937 3477 991 alii

1907 1026 2024 1094 qui,
2054 1024 2155 1080 etsi
2183 1026 2513 1094 unigenitum
2549 1026 2639 1080 Dei
2672 1025 2901 1082 Verbum
2934 1041 3059 1081 vere
3102 1027 3372 1082 hominem
3403 1027 3480 1081 fa-

1908 1125 2051 1169 ctum
2084 1124 2138 1170 et
2173 1116 2511 1170 incarnatum
2544 1132 2646 1170 non
2680 1128 2898 1185 negent,
2958 1118 3136 1172 induci
3173 1128 3352 1171 tamen
3387 1133 3481 1171 ne.-

1907 1215 2131 1276 queunt,
2161 1214 2221 1261 ut
2242 1222 2482 1269 carnem,
2512 1223 2672 1277 quam
2710 1209 3021 1277 assumpsit,
3053 1210 3233 1263 anima
3270 1211 3479 1265 ratione

1905 1305 1961 1351 et
2005 1306 2184 1352 mente
2204 1306 2400 1351 nostra:
2444 1298 2604 1352 simili
2650 1300 2869 1367 praedita
2930 1300 3221 1369 perfectam
3272 1299 3479 1353 anima-

1907 1397 2128 1457 tamque
2181 1387 2347 1443 fuisse
2386 1390 2634 1444 credant.
2689 1390 2897 1445 Etenim
2955 1389 3188 1445 Verbum
3230 1390 3372 1460 quod
3412 1405 3477 1444 ex

1906 1479 2083 1545 Patre,
2112 1490 2165 1536 et
2196 1480 2451 1549 templum
2480 1480 2623 1549 quod
2649 1496 2712 1537 ex
2746 1497 2902 1537 sacra
2926 1480 3147 1550 Virgine
3166 1492 3344 1535 ortum
3372 1492 3476 1546 est,

1904 1570 1959 1624 in
1992 1587 2151 1625 unam
2182 1572 2473 1640 perfectam
2512 1573 2773 1628 unitatem
2798 1574 3206 1638 contrahentes,
3240 1571 3475 1627 Verbum

1905 1660 1958 1716 in
1990 1662 2079 1716 illo
2126 1662 2473 1727 inhabitasse,
2520 1678 2826 1733 corpusque
2869 1672 3208 1732 assumptum
3240 1663 3304 1716 ad
3352 1678 3474 1716 eum

1906 1754 2121 1808 modum
2145 1754 2247 1809 sibi
2270 1755 2543 1825 proprium
2569 1754 2814 1810 olfecisse
2837 1754 3173 1823 conﬁngunt,
3204 1764 3263 1807 ut
3285 1754 3477 1807 anima:

1903 1846 2113 1901 ratione
2172 1846 2370 1902 utentis
2435 1847 2611 1902 locum
2660 1861 2755 1915 per
2809 1862 2868 1902 se
2920 1847 3091 1917 ipsum
3142 1844 3468 1914 expleverit.

1904 1937 2043 1992 Sunt
2079 1937 2313 2008 denique
2374 1939 2490 2008 qui,
2541 1940 2732 1993 horum
2792 1938 3032 1993 omnium
3077 1936 3477 2006 opinationibus

1904 2030 2250 2084 adversantes
2278 2030 2667 2099 sententiisque
2700 2029 3053 2098 refragantes,
3073 2043 3137 2081 ex
3162 2025 3261 2080 Dei
3278 2026 3474 2091 Verbo,

1904 2118 2192 2188 animaque
2231 2120 2583 2190 intelligente,
2618 2131 2673 2174 et
2701 2135 2948 2190 corpore,
2983 2121 3086 2175 hoc
3112 2129 3216 2186 est,
3244 2120 3474 2173 humana

1904 2220 2092 2263 natura
2126 2210 2364 2265 numeris
2391 2211 2640 2266 omnibus
2666 2211 2899 2280 perlecta
2942 2210 3318 2279 absolutaque,
3347 2210 3475 2264 Em-

1906 2300 2205 2354 manuelem
2255 2301 2606 2355 constitutum
2652 2300 3119 2370 compositumque
3162 2310 3473 2356 constanter
3517 2361 3521 2365 ,

1905 2389 2208 2459 allirment;
2264 2406 2439 2461 neque
2492 2393 2671 2447 adhuc
2750 2401 2926 2446 tamen
3005 2406 3193 2445 sanam
3253 2405 3474 2460 prorsus

1902 2483 2187 2550 omnisque
2219 2483 2333 2537 vitii
2362 2494 2639 2551 expertem
2671 2483 2998 2537 sententiam
3029 2491 3263 2564 tuentur.
3291 2482 3473 2548 Quan-

1904 2576 2189 2644 doquidem
2236 2592 2400 2630 unum
2436 2576 2711 2631 Christum
2760 2576 2814 2630 in
2865 2575 2998 2629 duos
3054 2584 3364 2637 secernunt,
3397 2585 3473 2641 et,

1903 2682 2089 2723 crassa
2135 2668 2367 2737 quadam
2414 2667 2756 2737 separatione
2779 2667 2920 2722 inter
2952 2666 3092 2719 hunc
3124 2674 3179 2721 et
3214 2664 3358 2719 illum
3393 2666 3473 2718 in-

1904 2760 2085 2820 ducta,
2146 2752 2434 2828 utrumque
2476 2773 2721 2813 seorsum
2775 2772 2839 2812 ac
2883 2756 3038 2826 quasi
3084 2770 3177 2826 per
3222 2771 3281 2811 se
3328 2765 3474 2811 stare

1902 2847 2236 2902 contendunt
2268 2863 2281 2900 :
2318 2856 2372 2902 et
2398 2848 2623 2901 alterum
2658 2849 2897 2915 quidem,
2935 2860 3055 2900 eum
3088 2845 3340 2899 nimirum
3378 2845 3469 2912 qui

1902 2953 1968 2993 ex
2005 2939 2224 3008 Virgine
2250 2950 2407 2993 nutus
2437 2950 2539 3002 est,
2572 2939 2869 3008 perfectum
2902 2935 3207 3000 hominem;
3236 2934 3466 2988 alterum

196 3020 303 3087 τῆς
344 3021 586 3092 ἀληθοῦς
618 3025 697 3087 εἰς
730 3024 887 3079 τοῦτο
924 3026 1245 3100 διήμαρτον,
1287 3031 1409 3084 ἐπεὶ
1455 3032 1532 3103 μὴ
1576 3033 1738 3103 φύσις
1764 3036 1801 3105 ἡ

1905 3044 2118 3084 rursum
2152 3029 2325 3097 ipsum
2359 3027 2451 3082 Dei
2477 3026 2658 3083 Patris
2689 3026 2924 3082 Verbum
2963 3040 3081 3081 esse
3106 3024 3324 3090 dicunt;
3364 3038 3472 3077 non

193 3111 349 3183 αὑτή
387 3114 594 3184 σαρκός
619 3133 679 3168 τε
707 3120 802 3171 καὶ
829 3118 1101 3191 θεότητος.
1144 3121 1304 3176 Ἀλλά
1333 3124 1426 3177 τὸν
1462 3126 1561 3196 μὲν
1591 3128 1667 3190 ὡς
1705 3128 1799 3181 ἄνο

1904 3121 2033 3191 qnid
2075 3120 2215 3175 inter
2264 3118 2357 3174 Dei
2414 3130 2469 3173 et
2513 3120 2695 3175 carnis
2743 3129 2987 3173 naturam
3030 3117 3243 3171 intersit
3282 3113 3473 3169 distin-

197 3202 433 3272 θρωπον
464 3205 569 3277 ίδὶᾳ
595 3206 836 3271 τιθέντες
857 3211 953 3264 καὶ
982 3211 1087 3265 ἀνά
1116 3213 1305 3283 μέρος,
1334 3215 1425 3269 τὸν
1453 3217 1532 3283 δὲ,
1565 3218 1640 3283 ώς
1664 3219 1797 3273 Θεὸν

1902 3220 2148 3283 guentes,
2182 3226 2356 3282 neque
2378 3211 2520 3265 intra
2541 3210 2684 3265 solos
2707 3210 3125 3280 discrepantium
3157 3216 3470 3262 naturarum

199 3293 373 3359 φύσει
424 3312 485 3348 τε
533 3297 627 3350 καὶ
673 3298 891 3368 ἀληθῶς
934 3302 1294 3372 ὀνομάζουσι,
1331 3308 1509 3361 καίτοι
1548 3308 1796 3375 θέλοντες

202 3381 349 3439 εἶναι
380 3388 720 3458 Χριστιανοίο
744 3392 854 3444 Καὶ
881 3392 946 3462 δὴ
978 3396 1069 3448 καὶ
1089 3394 1296 3465 λογίδια
1330 3397 1468 3453 άττα
1502 3402 1633 3472 περὶ
1673 3404 1800 3456 τούο

202 3495 317 3530 των
348 3481 793 3549 συγγράφοντες,
831 3483 1006 3536 εἰπεῖν
1032 3486 1435 3558 τετολμήκασιν
1478 3490 1669 3555 αὑταῖς
1712 3492 1799 3546 λέ-

207 3568 360 3632 ξεσιν
386 3564 490 3624 ὧδε
510 3586 523 3599 °
578 3572 635 3624 Ὀ
669 3573 768 3641 μὲν
800 3573 908 3645 γάρ
936 3574 1095 3643 φύσει
1134 3577 1229 3632 καὶ
1258 3578 1473 3648 ἀληθῶς
1509 3581 1635 3642 Υἱὸς
1665 3582 1693 3634 ό
1732 3583 1797 3635 ὲκ

206 3659 345 3714 Θεοῦ
380 3660 601 3731 Πατρὸς
639 3661 812 3731 Λόγος
858 3665 1027 3730 ἐστὶν,
1059 3667 1088 3719 ὁ
1122 3667 1212 3733 δὲ,
1238 3669 1544 3740 ὁμωνύμως
1572 3670 1649 3742 τῷ
1683 3672 1796 3743 Υίῷ

205 3754 361 3818 Υἱός.
392 3756 503 3809 Καὶ
536 3754 655 3825 μεθ’
683 3755 845 3827 ἕτερα
873 3757 1065 3812 πάλιν·
1088 3759 1232 3831 Σάρξ
1261 3760 1289 3812 ὁ
1317 3760 1412 3814 τοῦ
1438 3760 1573 3814 Θεοῦ
1600 3764 1794 3832 Λόγος,

208 3844 348 3899 ἀλλά
389 3845 679 3915 ἄνθρωπον
725 3846 1056 3917 ἀνειληφώς.
1104 3850 1161 3904 Ὀ
1201 3851 1299 3920 μὲν
1330 3851 1440 3923 γὰρ
1485 3854 1797 3925 Μονογενὴς

210 3935 641 4006 προηγουμένως
680 3937 775 3989 καλ⁵
806 3937 929 3990 καθ’
960 3938 1175 4005 ἑαυτὸν,
1216 3939 1343 4003 Υἱὸς
1373 3939 1468 3993 τοῦ
1502 3940 1637 3994 Θεοῦ
1680 3943 1795 3995 ἐστι

210 4035 304 4089 τοῦ
336 4036 559 4091 πάντων
586 4036 922 4109 δημιουργοῦ
946 4052 959 4066 ⁶
991 4038 1050 4092 ὃν
1092 4038 1149 4092 δὲ
1176 4039 1439 4093 ἀνέλαϐεν
1485 4040 1806 4112 ἄνθρωπον,

209 4126 269 4179 ού
299 4127 460 4195 φύσει
489 4127 620 4189 Θεὸς
654 4127 751 4191 ὢν,
778 4128 866 4184 διά
898 4128 991 4182 τὸν
1022 4129 1364 4185 ἀναλαϐόντα
1390 4131 1555 4185 αὐτὸν
1577 4132 1796 4204 ἀληθῶς

215 4217 340 4271 Υίδν
364 4217 527 4284 Θεοῦ,
549 4219 858 4291 ὁμωνύμως
883 4220 1029 4290 αὐτῷ
1059 4222 1410 4293 χρηματίζει.
1432 4224 1507 4277 Τὸ
1534 4224 1633 4293 μὲν
1653 4225 1761 4296 γάρ
1777 4266 1804 4292 ,

216 4327 233 4359 ι
264 4309 454 4373 Οὐδεὶς
482 4309 630 4377 ἔγνω
659 4310 751 4364 τὸν
781 4311 928 4375 Υἱὸν,
958 4312 1008 4363 εί
1042 4312 1116 4382 μὴ
1151 4315 1179 4365 ό
1220 4314 1433 4385 Πατὴρ,
1473 4334 1491 4364 ›
1518 4315 1608 4369 τὸν
1636 4316 1796 4385 φύσει

212 4400 416 4453 τέλειον
442 4401 540 4453 καὶ
571 4401 979 4477 ἀληθείᾳὶδηλοῖ
999 4402 1070 4456 ὲκ
1097 4401 1190 4456 τοῦ
1216 4404 1430 4475 Πατρὸς
1457 4406 1605 4461 Υίόν.
1630 4407 1703 4460 Τὸ
1738 4406 1795 4462 δὲ

1900 3305 2158 3359 terminos
2203 3305 2584 3359 consistentes.
2639 3300 2718 3356 lta
2788 3302 2931 3356 enim
2994 3316 3022 3354 a
3073 3300 3298 3355 veritate
3366 3311 3471 3351 non

1898 3392 2211 3446 aberrarent
2244 3409 2263 3446 :
2307 3392 2409 3447 alia
2461 3393 2606 3447 enim
2659 3392 2865 3457 carnis,
2920 3390 3022 3445 alia
3076 3403 3263 3444 rursus
3312 3387 3475 3442 Verbi

1896 3490 1980 3535 est
2005 3488 2222 3535 natura.
2271 3481 2343 3534 At
2387 3480 2439 3535 hi
2469 3482 2700 3535 alterum
2741 3494 2988 3535 seorsum
3020 3494 3081 3533 ac
3115 3492 3211 3547 per
3237 3492 3318 3543 se,
3351 3484 3472 3530 tan-

1896 3588 2058 3641 quam
2096 3587 2303 3627 merum
2342 3573 2617 3628 hominem
2662 3582 2943 3638 statuunt;
2992 3570 3218 3626 alterum
3255 3584 3382 3625 vero
3415 3578 3469 3623 ut

1895 3678 2084 3718 verum
2136 3663 2544 3733 naturalemque
2583 3665 2751 3718 Deum
2800 3662 3120 3729 nominant,
3166 3676 3286 3716 cum
3334 3661 3473 3715 inte-

1897 3755 2001 3808 rim
2036 3764 2089 3809 et
2113 3754 2422 3810 Christiano
2456 3754 2677 3807 nomine
2698 3753 2799 3808 sibi
2827 3751 3192 3815 blandiantur,
3221 3758 3275 3805 et
3306 3764 3470 3818 quos-

1896 3846 2019 3899 dam
2047 3861 2258 3915 quoque
2287 3846 2435 3900 hisce
2465 3845 2529 3901 de
2557 3845 2717 3902 rebus
2756 3844 2966 3899 libellos
3023 3842 3467 3910 eonscripserint.

1896 3939 1978 3993 Ad
2026 3939 2247 3993 verbum
2299 3946 2481 3992 autem
2529 3938 2671 3992 hunc
2717 3937 2769 3991 in
2813 3936 3035 3990 modum
3074 3935 3312 3989 scribere
3352 3933 3475 3987 ausi

1896 4039 2070 4087 sunt:
2110 4029 2213 4085 llic
2247 4016 2515 4100 siquidem
2564 4029 2796 4097 (nempe
2848 4027 2940 4082 Dei
2990 4025 3165 4081 Patris
3194 4022 3469 4093 Verbum)

1898 4136 2060 4177 verus
2085 4128 2140 4177 et
2165 4120 2425 4175 naturalis
2446 4129 2527 4174 est
2553 4117 2722 4172 Filius
2752 4135 2766 4172 :
2801 4117 2887 4172 ille
2917 4131 3044 4171 vero
3070 4115 3218 4187 (puta
3234 4113 3475 4183 Virginis

1898 4213 2098 4283 natus)
2146 4212 2419 4280 arquivoce
2461 4208 2553 4263 Dei
2597 4206 2767 4264 Filius
2812 4207 3033 4263 dicitur.
3066 4206 3131 4260 Et
3163 4205 3473 4274 paulopost

1898 4305 2137 4359 iterum:
2194 4304 2391 4373 Utique
2442 4302 2535 4356 Dei
2586 4301 2823 4356 Verbum
2870 4316 2975 4355 non
3023 4309 3106 4354 est
3147 4298 3328 4363 homo,
3376 4294 3472 4352 sed

1900 4395 2174 4451 hominem
2240 4392 2553 4461 assumpsit.
2629 4390 3075 4458 Quandoquidem
3154 4385 3473 4455 Unigenitns

212 4490 501 4562 λεγόμενον
544 4493 650 4546 ὑπὸ
689 4493 785 4547 τοῦ
812 4474 1088 4565 Γαϐριὴλ,
1125 4514 1144 4547 ι
1174 4495 1264 4567 Μὴ
1298 4496 1486 4565 φοϐοῦ,
1531 4499 1784 4569 Μαριάμο

1902 4487 2000 4551 iam
2038 4484 2163 4539 inde
2197 4483 2264 4538 ab
2292 4482 2446 4536 initio
2474 4496 2569 4551 per
2594 4495 2674 4545 se,
2703 4478 2794 4533 Dei
2813 4478 3050 4531 omnium
3069 4476 3278 4547 Opiﬁcis
3304 4474 3474 4529 Filius

215 4578 368 4655 εὗρες
396 4586 509 4657 γὰρ
540 4586 698 4655 χάριν
727 4585 876 4655 παρὰ
903 4586 981 4656 τῷ
1007 4586 1127 4658 Θεῷ
1148 4605 1163 4619 ο
1199 4591 1292 4641 καὶ
1324 4589 1432 4643 ίδοὺ
1463 4589 1710 4661 συλλήψῃ
1735 4591 1794 4643 ὲν

1902 4586 2025 4633 est:
2064 4576 2226 4632 homo
2258 4584 2460 4637 autem,
2484 4587 2646 4641 quem
2670 4573 2932 4643 suscepit,
2964 4586 3085 4626 eum
3111 4579 3304 4625 natura
3331 4568 3472 4622 Deus

216 4675 432 4744 γαστρὶ,
464 4675 562 4728 καὶ
588 4672 719 4745 τέξῃ
757 4675 893 4741 υἱὸν,
926 4677 1021 4729 καὶ
1049 4676 1301 4741 καλέσεις
1330 4678 1390 4731 τὸ
1420 4679 1591 4749 ὄνομα
1626 4679 1799 4735 αὑτοῦ.

226 4766 459 4834 ’1ησοῦν’
482 4784 502 4816 ι
530 4765 607 4836 τῷ
641 4764 917 4838 ἀνθρώπῳ
940 4768 1262 4840 ἐφαρμόζει.
1295 4769 1457 4825 ’Λλλά
1484 4771 1641 4825 ταυτὶ
1671 4771 1792 4841 μὲν,

216 4857 431 4911 ἐκεῖνοι.
453 4858 799 4928 Φρονήσομεν
820 4859 877 4913 δὲ
898 4861 1060 4930 ἡμεῖς
1082 4860 1179 4930 οὐχ
1201 4854 1323 4915 ὧδε.
1359 4861 1665 4916 Ἀναπείσει
1688 4862 1795 4934 γάρ

215 4948 463 5018 οὐδαμῶς
508 4948 618 5001 τῶν
652 4949 976 5022 ἑτεροδόξων
1016 4952 1044 5005 ὁ
1079 4951 1269 5019 λόγος,
1301 4952 1526 5023 τροχιάν
1558 4953 1796 5022 ἀφέντας

216 5038 308 5108 τὴν
333 5039 422 5090 ἐπ’
439 5039 652 5092 εὐθεῖαν
674 5038 687 5089 i
709 5081 723 5105 ,
747 5038 1054 5111 διατρέχειν
1073 5040 1097 5079 ¹κ
1124 5040 1323 5111 ἑτέραν
1338 5040 1435 5111 τὴν
1450 5040 1560 5109 ἔξω
1590 5043 1793 5097 σκοποῦ

219 5131 305 5185 καὶ
331 5131 792 5204 διεστραμμένην.

1903 4687 2007 4727 non
2041 4670 2131 4735 sit,
2176 4677 2395 4739 propter
2439 4667 2496 4738 6
2528 4682 2651 4722 eum
2686 4682 2715 4720 a
2750 4682 2857 4735 quo
2898 4674 3199 4734 assumptus
3245 4670 3348 4726 est,
3381 4660 3471 4729 qui

1903 4774 2061 4816 verus
2082 4760 2175 4815 Dei
2208 4758 2377 4813 Filius
2401 4768 2506 4823 est,
2538 4759 2731 4813 eodem
2756 4773 2878 4812 cum
2905 4758 3020 4824 ipso
3047 4754 3264 4810 nomine
3290 4752 3472 4823 appelc

1904 4852 2066 4906 latur.
2116 4851 2295 4918 Quare
2339 4852 2442 4905 hoc
2483 4850 2689 4905 Christi
2741 4848 3021 4903 oraculum
3053 4863 3068 4905 ε
3106 4864 3123 4895 ι
3156 4844 3324 4899 Nemo
3367 4844 3470 4896 scit

1902 4945 2024 5015 quis
2054 4944 2121 4998 sit
2152 4943 2341 5009 Filius,
2382 4942 2485 4997 nisi
2519 4942 2679 4997 Pater
2718 4942 2781 5004 ⁸³,
2822 4959 2841 4993 ι
2872 4955 3058 4994 verum
3084 4947 3138 4992 et
3172 4937 3469 4991 naturalem

1902 5040 1996 5096 Dei
2024 5038 2201 5093 Patris
2223 5039 2420 5094 Filium
2450 5038 2704 5093 ostendit.
2744 5036 2813 5089 At
2844 5035 2972 5089 illud
3004 5049 3134 5087 vero
3163 5034 3192 5086 α
3223 5030 3472 5087 Gabrielc

1900 5131 2345 5202 pronuntiatum:
2392 5128 2511 5184 «Ne
2558 5129 2768 5192 timeas,
2814 5126 3002 5191 Maria,
3046 5123 3297 5179 invenisti
3323 5122 3466 5178 enim

220 5226 443 5295 gratiam
480 5229 619 5298 apud
660 5226 869 5283 Deum:
914 5236 968 5283 et
1014 5242 1143 5284 ecce
1191 5227 1465 5297 concipies
1502 5227 1554 5283 in
1608 5238 1783 5291 utero,
1825 5235 1879 5280 et
1907 5227 2090 5295 paries
2153 5225 2319 5279 lilium
2367 5234 2420 5279 et
2498 5222 2718 5279 vocabis
2750 5236 2944 5276 nomen
2978 5221 3094 5291 ejus
3122 5218 3304 5275 Jesum
3340 5219 3403 5281 ",
3446 5238 3463 5270 ι

220 5317 267 5372 in
298 5314 570 5371 hominem
600 5318 849 5387 quadrat.
880 5317 947 5372 Et
991 5318 1113 5375 haec
1160 5318 1234 5373 illi
1265 5318 1546 5373 hactenus.
1580 5316 1688 5371 Nos
1714 5324 1894 5371 autem
1958 5316 2074 5387 ejus
2137 5316 2422 5373 sententiae
2472 5330 2809 5386 nequaquam
2850 5329 3058 5370 sumus.
3118 5310 3466 5374 Absitenim,

304 5467 503 5523 “Luc.
535 5485 592 5533 ι,
626 5470 718 5524 2‘2.
818 5470 861 5503 “
884 5470 1016 5525 Luc.
1052 5488 1087 5535 ι,
1127 5472 1215 5527 50.

1284 5583 1457 5638 Variae
1484 5582 1743 5637 lectiones
1768 5581 1972 5637 codicis
2017 5582 2372 5653 Seguieriani.

295 5726 311 5763 ί
345 5725 379 5793 ἦ
410 5741 467 5777 τε
503 5724 593 5779 τοῦ
623 5726 796 5794 Λόγου
828 5724 1009 5795 φύσις,
1090 5737 1103 5777 t
1152 5725 1239 5780 ἐπ’
1276 5726 1424 5781 εὐθύ.
1505 5728 1527 5767 ιι
1557 5726 1904 5797 διαστείχειν.
