4146 6488
613 296 748 350 11ιὸ

1589 303 1647 356 8.
1689 301 1961 359 CHRILLI
2005 307 2471 364 ALEXANDRINI
2508 309 2831 368 ARCHIEP.

3705 310 3838 366 ll“

606 421 664 464 ut
694 414 850 469 aliter
875 415 1225 472 sentientium
1257 421 1432 475 oratio
1477 421 1580 477 huc
1602 439 1699 478 nos
1765 424 1984 479 inducat
2037 436 2094 481 ut
2160 438 2308 484 recta
2341 431 2532 486 semita
2586 433 2794 496 relicta,
2871 433 3180 497 distortam,
3210 441 3266 485 et
3305 446 3335 485 a
3392 438 3543 486 recto
3598 430 3842 492 veritatis

605 517 769 569 scopo
793 503 1143 562 abducenlem
1184 509 1323 564 viam
1360 511 1728 580 ingrediantur
1757 517 1796 568 '.

677 593 785 648 Vll.
825 595 976 660 Quod
1008 597 1052 651 si
1091 598 1214 667 quis
1249 601 1517 668 prolixum
1549 604 1617 658 de
1653 605 1890 673 qualibet
1935 605 2155 662 istarum

2334 611 2408 662 Z'.
2455 611 2562 664 Καὶ
2608 614 2656 664 εὶ
2703 613 2803 681 μέν
2850 631 2932 676 τις
2974 612 3146 666 ἕλοιτο
3191 611 3398 682 μακρὸν
3437 612 3522 680 ἐφ’
3561 610 3840 664 ἓκαστονὶ

604 684 916 754 opinionum
979 703 1342 758 sermonem,
1390 695 1702 764 justumque
1741 707 1791 750 et
1852 708 2164 752 accuratum

604 789 832 830 examen
865 776 1151 836 instituere
1191 782 1385 848 vellet,
1419 800 1499 837 na:
1535 786 1854 840 immensum
1891 789 1980 842 ille
2030 797 2166 845 tetu-

605 880 704 932 pus
757 868 1074 936 insumeret,
1125 873 1416 941 laboreque
1469 877 1734 932 exhausto
1783 881 2068 946 prmarduo
2101 897 2164 934 ae

604 955 802 1011 dillicili
836 963 1162 1030 superabili,
1212 966 1297 1018 vix
1342 967 1619 1034 quidpiam
1665 968 1842 1033 adhuc
1876 968 2035 1024 laude
2081 956 2172 1024 di!

602 1062 764 1116 guunt
798 1063 1098 1124 praestaret.
1141 1054 1308 1123 Nugis
1347 1058 1572 1125 proinde
1629 1060 1998 1129 orationisque
2034 1062 2152 1116 lon-

601 1139 840 1207 gitntline
871 1144 1266 1212 praetermissis,
1320 1149 1546 1216 agedum
1578 1150 1893 1216 perbrevem
1936 1153 2163 1220 singulis

600 1242 882 1284 censuram
914 1234 1286 1290 adhibeamus.
1313 1237 1376 1290 Et
1399 1241 1571 1306 primo
1597 1238 1814 1307 quidem
1843 1241 1958 1296 istis
1994 1245 2163 1313 phan-

604 1325 888 1374 taSmatnm
919 1325 1230 1378 architecus
1265 1327 1386 1394 jure
1416 1328 1521 1382 diei
1569 1340 1731 1397 queat
1777 1348 1792 1384 :
1843 1351 1861 1384 ι
1909 1333 2116 1389 Erratis
2144 1376 2160 1400 ,

602 1411 902 1466 nescientes
934 1413 1240 1480 Scripturas
1271 1418 1349 1480 ⁸⁵,
1412 1434 1586 1487 neque
1637 1438 1886 1490 magnum
1944 1426 2162 1492 pietatis

600 1503 942 1569 mysterium,
973 1505 1075 1560 hoc
1094 1518 1177 1560 est
1204 1509 1497 1576 Christum,
1537 1515 1627 1580 qui
1657 1514 2046 1570 tuanifestatus
2079 1525 2162 1572 est

599 1589 652 1643 in
689 1607 874 1658 carne,
920 1593 1250 1661 justiﬁcatus
1270 1610 1352 1654 est
1388 1602 1440 1654 in
1486 1603 1680 1670 Spiritu
1707 1643 1723 1668 ,
1775 1608 2024 1675 apparuit
2067 1625 2158 1663 an-

597 1681 764 1749 gelis,
824 1687 1144 1754 praedicatus
1196 1701 1278 1744 est
1333 1694 1622 1760 gentibus,
1659 1699 1900 1752 creditus
1955 1710 2037 1753 est
2093 1701 2148 1754 iu

595 1777 817 1844 mundo,
847 1791 1155 1847 assumptus
1214 1792 1298 1836 est
1343 1783 1396 1835 in
1451 1784 1619 1852 gloria
1684 1785 1747 1838 ι’.
1783 1807 1802 1838 ι
1836 1787 2156 1844 Adversarii

593 1877 773 1922 autem
808 1870 886 1923 vel
924 1879 1134 1938 turpem
1166 1883 1344 1925 nOtam
1369 1877 1611 1942 antiquis
1644 1876 2008 1944 scriptoribus
2065 1879 2152 1932 in-

2271 701 2540 754 ποιεῖσθαι
2574 702 2751 770 λόγον,
2807 705 2902 757 καὶ
2949 704 3144 774 διαρκῆ
3175 703 3273 772 τὴν
3323 701 3576 771 βάσανον,
3610 704 3712 755 οὐκ
3750 703 3844 755 εὑ-

2269 791 2574 861 αρίθμητον
2601 793 2700 862 μὲν
2727 794 3026 863 δαπανήσει
3050 793 3260 863 χρόνον.
3282 791 3531 862 Δυσαχθῆ
3560 791 3617 844 δὲ
3645 790 3848 861 ἱδρῶτα

2269 884 2360 936 καὶ
2385 883 2782 953 δυσδιάφυκτον
2820 885 3076 948 ἀνατλὰς,
3110 885 3446 956 κατορθώσει
3477 884 3653 954 μόλις.
3693 884 3846 952 Παρ-

2268 974 2418 1036 έντες
2447 974 2512 1044 δὴ
2540 969 2632 1028 οὖν
2668 975 2729 1027 τὸ
2759 975 2868 1028 δεῖν
2898 974 3105 1028 οἴεσθαι
3149 975 3335 1046 μακρά
3365 975 3460 1028 καὶ
3489 975 3699 1043 σφόδρα
3723 990 3848 1028 στι·

2267 1063 2561 1133 νολεσχεῖν,
2605 1066 2701 1117 καὶ
2737 1065 3149 1136 ὀλίγην-κομιδῇ
3187 1067 3290 1136 τὴν
3335 1066 3570 1135 βάσανον
3626 1066 3847 1136 ἐπιρρι-

2268 1153 2522 1219 πτοῦντες
2558 1155 2794 1224 ἑκάστῳ,
2860 1155 2992 1226 φέρε
3027 1157 3276 1225 λέγωμεν
3323 1157 3418 1210 καὶ
3460 1155 3567 1228 πρό
3610 1171 3679 1222 γε
3732 1155 3846 1208 τῶν

2266 1245 2440 1300 ἄλλων
2465 1249 2578 1310 τοῖς
2616 1249 2914 1317 Δοκηταῖς’
2967 1266 2985 1298 ι
3024 1247 3335 1316 Πλανᾶσθε,
3387 1248 3464 1318 μὴ
3507 1247 3709 1310 εἰδότες
3744 1248 3846 1310 τὰς

2265 1337 2304 1388 Γ
2309 1335 2507 1408 ραφὰς,
2549 1338 2685 1407 μήτε
2735 1335 2842 1407 μὴν
2896 1337 2958 1389 τὸ
2997 1337 3142 1406 μέγα
3181 1339 3280 1407 τῆς
3314 1337 3599 1400 εὐσεϐείας
3631 1338 3842 1406 μυστή-

2269 1444 2402 1497 ριον,
2423 1428 2674 1481 τουτέστι
2699 1428 2955 1499 Χριστὸν,
2979 1429 3038 1492 ὃς
3065 1426 3384 1498 ἐφανερώθη
3407 1429 3464 1480 ἐν
3514 1429 3703 1497 σαρκὶ,
3733 1428 3844 1480 ἐδι-

2263 1518 2475 1591 καιώθη
2525 1520 2583 1572 ἐν
2628 1520 2924 1588 πνεύματι,
2967 1518 3124 1589 ὤφθη
3155 1518 3430 1588 ἀγγέλοις,
3464 1519 3747 1590 ἐκηρύχθη
3783 1519 3845 1570 ἐν

2261 1607 2492 1674 ἔθνεσιν,
2533 1609 2827 1680 ἐπιστεύθη
2877 1611 2935 1664 ἐν
2986 1609 3176 1680 κόσμῳ
3205 1647 3221 1671 ,
3267 1609 3545 1678 ἀνελήφθη
3583 1611 3644 1661 ἐν
3689 1609 3841 1679 δόξῃ.

2261 1701 2381 1752 Δεῖν
2418 1699 2476 1752 δὲ
2519 1695 2673 1770 οἶμαι
2716 1702 2840 1763 τοὺς
2880 1701 2945 1753 δι’
2997 1701 3246 1762 ἐναντίας
3292 1701 3326 1770 ἢ
3375 1701 3555 1769 ψῆφον
3604 1700 3843 1766 ἐπάγειν

2260 1793 2357 1861 τὴν
2387 1791 2582 1860 αἰσχίω
2610 1794 2722 1854 τοῖς
2766 1791 2955 1856 πάλαι,
2999 1793 3096 1844 καὶ
3137 1791 3504 1864 ψευδηγόρους
3541 1791 3848 1844 ἀποκαλεῖν

2261 1881 2388 1944 τοὺς
2431 1881 2530 1950 τῆς
2569 1882 2896 1952 οἰκουμένης
2949 1883 3368 1951 μυσταγωγοὺς,
3399 1879 3479 1946 οἷς
3537 1883 3703 1944 αὐτὸς
3732 1880 3839 1950 ἔφη

595 1968 756 2010 urant
783 1968 1027 2027 Oportet;
1060 1961 1315 2030 orbisque
1338 1963 1623 2028 doctores,
1675 1966 1870 2033 quibus
1911 1965 2155 2022 Christus

2262 1944 2531 2041 Χριστός·
2584 1988 2604 2023 ι
2644 1944 3006 2043 Πορευθέντες
3084 1944 3471 2044 μαθητεύσατε
3518 1973 3703 2026 πάντα

595 2047 709 2118 ipse
737 2051 1013 2119 praecepit,
1068 2070 1086 2104 ι
1129 2052 1331 2108 Eunlcs
1381 2054 1569 2109 docete
1613 2071 1804 2112 omnes
1843 2068 2032 2127 gentes
2063 2059 2106 2088 ”
2140 2101 2155 2124 ,

595 2141 862 2196 mendacii
899 2145 1265 2212 redarguunt;
1305 2145 1389 2198 vel
1409 2154 1558 2200 certe
1586 2146 1633 2201 si
1669 2149 1719 2201 id
1758 2149 1939 2203 facere
1958 2149 2156 2204 exhor-

594 2239 770 2297 reant,
801 2241 858 2284 ut
885 2244 1088 2286 rectam
1129 2235 1194 2287 de
1238 2233 1459 2288 Christo
1507 2236 1822 2290 sententiam
1871 2237 2154 2306 complexi,

593 2331 719 2372 snas
759 2319 1002 2374 inscitias
1055 2321 1236 2374 valere
1285 2320 1552 2388 jubeant;
1635 2324 1939 2394 divinisque
2007 2325 2156 2379 Scri-

592 2409 765 2478 pturis
786 2411 1061 2466 mordicus
1079 2411 1450 2474 adltazreutes,
1488 2427 1694 2467 necnon
1731 2423 1898 2468 tutam
1917 2417 2153 2471 erroris-

591 2515 696 2570 que
728 2513 1000 2569 expertem
1023 2513 1338 2558 sanctorum
1364 2506 1506 2558 viam
1527 2505 1775 2574 ingressi,
1804 2516 1950 2562 recta
1975 2509 2041 2562 ad
2072 2509 2155 2578 ip-

592 2606 708 2645 sam
737 2593 1010 2648 veritatem
1042 2595 1383 2650 contendant.

666 2681 800 2737 Vlll.
833 2682 1000 2737 Porro
1027 2695 1208 2738 autem
1242 2687 1369 2740 illud
1403 2687 1618 2756 pietatis
1655 2687 1965 2758 mysterium
2009 2688 2156 2743 aliud

589 2772 795 2826 nullum
828 2783 909 2828 est
933 2775 1105 2838 nobis,
1131 2785 1188 2829 ut
1219 2776 1430 2845 Opinor,
1461 2791 1622 2845 quam
1647 2777 1822 2846 ipsum
1851 2776 1945 2831 Dei
1981 2777 2154 2832 Patris

594 2862 850 2930 Verbum,
871 2867 1009 2933 quod
1031 2866 1428 2921 manifestatum
1453 2879 1535 2922 est
1563 2868 1613 2920 in
1641 2881 1803 2922 carne
1823 2883 1838 2922 :
1859 2868 2150 2937 siquidem,

590 2954 770 3008 scrvili
805 2955 974 3010 forma
998 2966 1297 3026 assumpta,
1326 2974 1388 3014 ex
1417 2972 1572 3013 sacra
1598 2968 1655 3013 et
1691 2960 1906 3028 deipara
1934 2958 2156 3030 Virgine

590 3053 774 3099 natum
792 3045 1090 3102 est.Visum
1118 3057 1270 3103 estet
1288 3050 1514 3119 angelis,
1542 3065 1665 3104 nam
1687 3058 1741 3104 et
1757 3065 1943 3106 recens
1969 3061 2154 3106 natu-it

587 3138 827 3190 venerati
857 3149 1004 3206 sunt,
1041 3147 1097 3194 et
1125 3139 1461 3210 doxologiam
1490 3141 1633 3196 illam
1663 3160 1681 3192 ι
1707 3141 1890 3196 Gloria
1914 3142 1965 3195 in
2004 3142 2156 3196 altis-

2261 2063 2410 2133 ἕθνηο
2445 2081 2463 2113 ι
2514 2064 2546 2132 ἢ
2589 2063 2746 2133 εἴπερ
2789 2062 2948 2117 τοῦτο
2999 2067 3446 2135 καταπεφρὶκασι
3477 2065 3635 2134 δρᾷν,
3699 2061 3842 2133 ὀρθὰ

2263 2153 2361 2223 μὲν
2392 2152 2606 2207 ἑλέσθαι
2647 2157 2863 2223 φρονεῖν
2894 2157 2962 2206 τά
2996 2157 3089 2208 ἐπὶ
3139 2155 3384 2226 Χριστῷ,
3414 2155 3734 2224 φράσαντας
3779 2151 3840 2206 δὲ

2259 2243 2320 2296 τὸ
2349 2244 2622 2316 ἐρρῶσθαι
2654 2245 2764 2300 δεῖν
2794 2249 2914 2309 ταῖς
2955 2246 3104 2315 σφῶν
3133 2246 3310 2302 αὐτῶν
3341 2245 3628 2315 ἀμαθίαις,
3664 2243 3842 2312 ἀπρὶξ

2263 2333 2360 2402 μὲν
2393 2333 2612 2403 ἔχεσθαι
2639 2335 2747 2387 τῶν
2795 2336 2954 2406 ἱερῶν
2986 2337 3024 2388 Γ
3031 2336 3360 2407 ραμμάτων,
3390 2336 3487 2406 τὴν
3520 2335 3576 2388 δὲ
3614 2332 3842 2402 ἀπλανῆ

2259 2424 2366 2477 τῶν
2411 2426 2583 2494 ἁγίων
2629 2426 2914 2494 διάγοντας
2953 2427 3138 2497 τρίϐον
3161 2465 3177 2492 ,
3232 2427 3320 2479 ἐπ’
3361 2425 3528 2496 αὐτὴν
3563 2424 3704 2482 ἰέναι
3732 2423 3840 2492 τὴν

2259 2515 2535 2588 ἀλήθειαν.

2329 2691 2411 2743 Π’.
2429 2692 2527 2761 Εῖη
2551 2691 2659 2760 γάρ
2694 2691 2759 2744 ἂν
2792 2690 2890 2760 οὐχ
2921 2690 3130 2762 ἕτερον,
3165 2685 3340 2760 οἶμαι,
3365 2689 3416 2742 τὶ
3444 2689 3505 2740 τὸ
3532 2687 3633 2756 τῆς
3674 2683 3834 2736 εὐσε-

2259 2782 2410 2845 ϐείας
2461 2781 2840 2852 μυστήριον,ἥ
2895 2781 3057 2844 αὐτὸς
3104 2783 3237 2851 ἡμῖν
3267 2781 3295 2832 ὁ
3336 2782 3401 2832 ὲκ
3430 2775 3567 2830 Θεοῦ
3616 2774 3830 2844 Πατρὸς

2260 2871 2452 2940 Λόγος,
2490 2870 2549 2933 ὃς
2583 2869 2900 2939 ἐφανερώθη
2931 2871 2988 2922 ἐν
3019 2869 3220 2938 σαρκί·
3253 2867 3574 2936 γεγέννηται
3601 2864 3710 2931 γὰρ
3738 2863 3830 2915 διὰ

2257 2967 2352 3037 τῆς
2380 2966 2540 3034 ἀγίας
2587 2964 2861 3036 Παρθένου
2903 2964 2997 3017 καὶ
3045 2962 3331 3026 Θεοτόκου,
3375 2959 3588 3031 μορφὴν
3636 2956 3831 3009 δούλου

2257 3054 2460 3112 λαϐὼν.
2493 3056 2670 3126 Ὠφθη
2700 3055 2757 3109 δὲ
2797 3057 2888 3108 καὶ
2932 3054 3204 3123 ἀγγέλοις,
3234 3051 3282 3104 οἳ
3308 3049 3636 3120 γεννηθέντα
3661 3063 3830 3100 κατα-

2257 3149 2611 3222 γεραίρουσι·
2643 3166 2660 3199 t
2690 3145 2826 3210 Δόξα
2860 3163 2941 3210 τε,
2974 3145 3156 3213 φασὶν,
3188 3145 3245 3196 ἐν
3271 3141 3517 3212 ὑψίστοις
3559 3138 3701 3208 Θεῷ,
3732 3139 3829 3190 καὶ

591 3226 745 3280 simis
776 3227 906 3293 Deo,
935 3240 988 3283 et
1013 3231 1063 3283 iu
1102 3241 1243 3286 terra
1277 3247 1401 3302 pax.
1447 3232 1499 3284 in
1532 3231 1841 3287 hominibus
1868 3233 2010 3286 bona
2063 3247 2155 3287 vo-

2260 3242 2353 3294 ὲπὶ
2379 3241 2482 3310 γῆς
2508 3240 2720 3311 εἰρήνη,
2741 3241 2798 3292 ἐν
2819 3238 3127 3310 ἀνθρώποις
3153 3237 3390 3292 εὐδοκία.
3419 3241 3440 3288 ῑ
3461 3234 3575 3288 Καὶ
3605 3233 3711 3304 μὴν
3732 3231 3829 3284 καὶ

589 3315 769 3371 lunias
796 3319 861 3383 ’³,
901 3320 1208 3375 ediderunt.
1264 3320 1428 3375 Iidem
1460 3323 1532 3376 illi
1588 3323 1897 3392 pastoribus
1939 3338 2154 3393 quoque

587 3408 756 3463 Deum
787 3411 1017 3466 Verbum
1047 3423 1269 3483 propter
1305 3430 1400 3468 nos
1444 3415 1496 3468 iu
1542 3431 1760 3470 carnem
1806 3415 2017 3471 venisse
2064 3417 2155 3469 de-

587 3499 960 3555 nuntiarunt:
998 3518 1016 3552 ι
1075 3499 1256 3567 Ecce,
1305 3501 1597 3571 inquiunt,
1649 3512 1808 3556 natus
1866 3513 1951 3557 est
1999 3503 2152 3559 vobis

588 3589 747 3646 hodie
778 3592 1047 3657 Salvator,
1076 3595 1166 3663 qui
1193 3605 1277 3650 est
1307 3593 1556 3649 Christus
1594 3595 1856 3649 Dominus
1883 3635 1898 3659 ,
1935 3595 1988 3648 in
2020 3595 2154 3650 civi-

591 3692 698 3737 tate
733 3682 920 3737 David.
940 3684 1006 3738 Et
1039 3685 1143 3738 hoc
1179 3685 1283 3738 erit
1309 3684 1463 3739 vobis
1495 3685 1707 3754 signum
1729 3685 1779 3754 7
1810 3703 1824 3740 :
1864 3684 2154 3741 Invenietis

587 3773 846 3828 infantem
880 3776 1071 3843 pannis
1097 3776 1396 3830 involutum
1425 3817 1443 3841 ,
1489 3786 1542 3830 et
1569 3777 1802 3844 positum
1844 3778 1897 3831 in
1950 3794 2147 3847 praese-

588 3867 678 3937 pio
701 3867 768 3920 ¹⁹.
808 3885 827 3918 ι
848 3867 978 3921 Cum
999 3868 1260 3934 ejusmodi
1293 3884 1422 3937 ergo
1457 3867 1549 3924 Dei
1568 3878 1721 3923 ortus
1748 3884 1844 3938 per
1876 3869 2150 3938 Virginem

589 3958 880 4023 exstiterit,
919 3959 1148 4030 talisque
1185 3959 1427 4027 ejusdem
1460 3960 1510 4014 in
1555 3975 1718 4015 carne
1761 3959 2150 4022 manifestatio,

583 4049 853 4117 quomodo
899 4065 1002 4104 non
1039 4066 1230 4120 inagna
1291 4051 1534 4117 vanitas,
1581 4066 1837 4120 meraque
1881 4051 2155 4105 temeritas

583 4149 694 4204 est;
728 4139 834 4193 imo
860 4155 985 4194 vero
1007 4143 1276 4210 quomodo
1307 4157 1411 4194 non
1455 4149 1636 4209 aperta
1663 4141 1890 4207 insania,
1919 4156 2153 4195 merum-

585 4246 692 4301 que
736 4231 989 4286 delirium
1046 4243 1150 4298 est,
1205 4243 1312 4287 tant
1374 4233 1596 4298 illustri,
1659 4242 1875 4301 tamque
1919 4232 2151 4288 evidenti

587 4324 903 4378 oeconomia:
932 4325 1256 4394 apparentia:
1279 4340 1473 4380 nomen
1517 4325 1792 4394 imponere
1817 4326 1838 4378 ἲ
1867 4325 2154 4378 Enimvero

586 4414 632 4470 si
663 4413 822 4468 Verbi
850 4414 1151 4468 iucarnatio
1177 4415 1368 4468 umbra
1398 4424 1501 4478 est,
1528 4424 1620 4466 aut
1657 4429 1743 4468 res
1776 4424 1980 4467 tantum
2015 4413 2152 4465 ima-

587 4504 814 4572 ginaria,
844 4519 944 4558 nec
969 4503 1130 4571 Virgo
1164 4519 1292 4559 vere
1319 4505 1475 4559 enixa
1503 4513 1606 4567 est,
1645 4519 1775 4574 ergo
1819 4520 1990 4572 neque
2009 4501 2149 4558 Ver-

2257 3331 2370 3392 τοῖς
2400 3328 2622 3398 ποιμέσι
2657 3326 3159 3398 κατασημαῐνοντες
3183 3324 3273 3377 τόν
3307 3324 3374 3377 δι’
3396 3323 3540 3394 ἡμᾶς
3570 3323 3627 3373 ἐν
3663 3319 3829 3389 σαρκὶΙ

2257 3417 2388 3472 Θεὸν
2409 3417 2603 3484 Λόγον,
2648 3435 2666 3466 ι
2704 3415 2836 3469 Ἰδοὺ
2867 3415 2950 3483 δὴ,
2980 3415 3163 3483 φασιν,
3199 3412 3465 3482 ἐγεννήθη
3498 3411 3626 3479 ὑμῖν
3659 3412 3829 3479 σήμε-

2261 3523 2352 3577 ρον
2387 3505 2600 3574 Σωτὴρ,
2624 3505 2684 3567 ὃς
2717 3505 2834 3555 ἐστι
2863 3501 3097 3572 Χριστὸς
3123 3500 3348 3571 Κύριος,
3379 3501 3436 3551 ἐν
3460 3498 3611 3550 πόλει
3636 3493 3823 3549 Δαυῐδ.

2256 3598 2365 3652 Καὶ
2383 3595 2542 3650 τοῦτο
2559 3596 2688 3666 ὑμῖν
2709 3594 2771 3646 τὸ
2799 3596 3026 3664 σημεῖον
3046 3610 3058 3622 ·
3093 3593 3371 3663 Εὑρήσετε
3395 3590 3595 3660 βρέφος
3615 3591 3826 3657 ὲσπαρο

2255 3686 2594 3757 γανωμένον,
2641 3685 2737 3757 καὶ
2769 3685 3024 3754 κείμενον
3067 3683 3124 3734 ἐν
3164 3683 3361 3753 φάτνῃ.
3400 3699 3417 3730 ι
3465 3681 3527 3731 El
3575 3676 3714 3729 Θεοῦ
3767 3676 3826 3729 δὲ

2255 3753 2527 3839 τόκος-διά
2555 3753 2986 3846 παρθένου,γκαὶ
3015 3773 3324 3842 φανέρωσις
3358 3771 3416 3821 ἐν
3465 3767 3650 3837 σαρκὶ,
3708 3766 3826 3825 πῶς

2254 3869 2354 3920 οὐκ
2391 3866 2626 3938 ἀδρανὴς
2680 3864 3051 3934 εἱκαιομυθία,
3103 3863 3222 3925 πῶς
3272 3861 3330 3914 δὲ
3359 3862 3479 3931 οὐχὶ
3513 3859 3684 3930 μανία
3731 3857 3829 3910 καὶ

2254 3957 2438 4026 λῆρος,
2466 3954 2528 4007 τὸ
2570 3956 2669 4024 τῆς
2695 3954 2968 4023 δοκήσεως
2991 3952 3163 4020 ὄνομα
3206 3950 3310 4019 τῆς
3340 3947 3482 4002 οὕτω
3516 3944 3727 4014 σαφοῦς
3761 3960 3825 3996 τε

2255 4048 2348 4100 καὶ⁵
2381 4043 2644 4116 ἐναργοῦς
2669 4043 3044 4113 καταγράφειν
3075 4040 3428 4111 οἰκονομίας;
3469 4039 3530 4092 Εἰ
3558 4037 3668 4106 γὰρ
3699 4034 3825 4087 σκιὰ

2256 4139 2350 4192 καὶ
2396 4137 2619 4205 δόκησις
2676 4131 2766 4206 ἦν,
2805 4135 2899 4188 καὶ
2945 4132 3069 4186 οὕτε
3105 4132 3382 4203 σάρκωσις
3432 4126 3668 4198 ἀληθῶς,
3698 4123 3824 4176 οὕτε

2257 4229 2364 4298 μὴν
2392 4227 2615 4280 τέτοκεν
2639 4227 2673 4296 ἡ
2725 4224 3022 4295 Παρθένος,
3054 4223 3156 4275 οὐκ
3186 4219 3481 4274 ἐπελάϐετο
3511 4216 3824 4286 σπέρματος

2268 4319 2517 4389 Ἀϐραὰμ
2538 4321 2566 4370 ὁ
2590 4319 2653 4371 ὲκ
2677 4315 2813 4369 Θεοῦ
2840 4315 3051 4385 Πατρός
3079 4314 3272 4381 Λόγος,
3301 4311 3401 4381 οὐχ
3425 4307 3684 4379 ὡμοιώθη
3710 4307 3821 4366 10?;

2254 4409 2519 4476 ἀδελφοῖς.
2551 4405 2687 4460 Σκιά
2707 4413 2806 4447 ’³-⁸
2832 4405 3044 4476 γάρ,οὐ
3083 4405 3254 4466 τύπος
3307 4403 3378 4454 τά
3429 4399 3552 4454 καθ’
3580 4397 3752 4468 ἡμᾶς,
3786 4393 3820 4464 ἢ

2253 4501 2494 4571 δόκησις·
2528 4499 2642 4553 ἀλλ’
2667 4508 2694 4536 ο
2726 4499 2894 4568 ἐσμὲν
2907 4500 2964 4552 ἐν
2981 4499 3231 4568 σώμασιν
3263 4497 3456 4556 ἁπτοῖς
3479 4509 3538 4545 τε
3572 4489 3669 4542 καὶ
3692 4489 3821 4557 όρα-

587 4591 740 4657 bttm,
778 4593 918 4662 quod
958 4607 1022 4647 ex
1070 4594 1175 4647 Deo
1225 4592 1387 4648 Patre
1421 4593 1640 4662 prodiit,
1683 4609 1864 4648 semen
1916 4593 2151 4647 Abrahae

2260 4594 2399 4653 τοῖς,
2441 4591 2536 4643 καὶ
2577 4590 2675 4660 τὴν
2722 4591 2926 4659 γηγενῆ
2965 4589 3028 4657 δὴ
3077 4586 3498 4656 ταύτην”σάρκα
3541 4598 3820 4651 κατημφι-

584 4681 938 4748 apprehendit
965 4722 982 4746 .
1039 4697 1215 4751 neque
1264 4680 1522 4762 fratribus
1561 4681 1918 4736 assimilatum
1961 4692 2045 4736 est
2075 4682 2144 4735 ³ο.

2254 4682 2489 4752 εσμένοι,
2522 4681 2616 4734 καὶ
2640 4679 2842 4756 φθορᾶς
2874 4680 2968 4733 καὶ
2997 4679 3183 4734 παθῶν
3217 4676 3527 4748 ἡττώμεθα.

582 4773 794 4829 Etenim
825 4792 942 4843 quae
968 4775 1018 4830 itt
1047 4778 1202 4832 nobis
1233 4788 1547 4841 cernuntur,
1581 4791 1641 4829 ea
1681 4790 1779 4829 nec
1822 4785 1994 4846 typus,
2031 4790 2131 4829 nec
2170 4778 2382 4842 umbra,
2417 4791 2514 4830 nec
2571 4784 2841 4844 spectrum
2888 4783 3033 4840 sunt,
3100 4774 3193 4828 sed
3229 4771 3448 4831 veritas,
3481 4778 3533 4824 et
3560 4783 3650 4823 res
3683 4768 3815 4833 ipsa.

588 4867 830 4922 Vivimus
873 4884 1105 4938 namque
1148 4871 1200 4924 in
1243 4870 1560 4935 corporibus
1589 4908 1601 4931 ,
1645 4883 1765 4937 qua:
1803 4877 1858 4921 et
1907 4868 2047 4938 tangi
2096 4877 2150 4924 et
2189 4868 2357 4923 videri
2429 4878 2685 4937 possunt;
2729 4876 3049 4937 terrenaque
3117 4879 3281 4920 carne
3337 4861 3536 4923 vestiti,
3578 4858 3819 4913 interitui

593 4959 916 5028 ueterisque
942 4960 1291 5030 passionihus
1329 4959 1549 5029 subjecti
1573 4973 1780 5013 sumus.

653 5051 744 5106 IX.
787 5053 952 5122 Igitur
987 5056 1029 5108 si
1066 5055 1156 5109 Dei
1198 5054 1431 5109 Verbqu
1465 5069 1592 5108 caro
1639 5053 1836 5106 factum
1881 5069 1985 5108 non
2023 5063 2103 5107 est
2132 5093 2147 5118 ,

583 5159 706 5198 cum
758 5159 857 5198 nec
886 5147 935 5199 itt
982 5161 1046 5200 eo
1075 5146 1222 5214 quod
1263 5145 1538 5208 sustinuit,
1594 5154 1855 5197 lentatum
1882 5143 1998 5207 sit,
2041 5160 2142 5197 non

658 5302 699 5332 ’⁸
724 5301 906 5354 Matth.
947 5302 1198 5363 xut,‘29.
1312 5302 1354 5331 ’⁵
1414 5301 1428 5352 l
1490 5298 1630 5353 Tim.
1686 5315 1768 5362 ιιι,
1826 5300 1912 5351 lli.

584 5371 629 5402 ²⁰
657 5371 816 5424 Hebr.
854 5388 911 5433 II,
950 5375 1034 5435 tt},
1069 5372 1148 5423 17,

2023 5300 2063 5330 ³⁷
2091 5297 2276 5352 Matth.
2312 5314 2502 5362 xxvnt,
2560 5300 2644 5350 19.

2329 5054 2404 5106 ϐ’.
2447 5052 2659 5105 Οὐκοῦν
2696 5053 2743 5104 εξ
2772 5053 2845 5123 μὴ
2877 5052 3065 5120 γέγονε
3104 5051 3240 5122 σὰρξ
3277 5054 3306 5104 ὁ
3332 5049 3524 5117 Λόγος,
3547 5048 3669 5101 οὐδὲ
3693 5048 3750 5099 ἐν
3779 5038 3822 5112 ᾧ

2259 5143 2524 5197 πέπονθεν
2574 5143 2734 5205 αὐτὸς
2784 5142 3121 5213 πειρασθεὶς,
3157 5142 3378 5194 δύναται
3414 5143 3528 5202 τοῖς
3565 5139 3818 5209 πειραζοο

2752 5298 2792 5328 ¹⁸
2855 5297 2984 5353 an.
3017 5313 3074 5362 tt,
3107 5296 3191 5351 H.
3309 5296 3349 5328 ¹⁹
3405 5295 3534 5349 ibid.
3596 5296 3682 5359 Η,
3733 5295 3816 5350 12.

1668 5502 1834 5557 Varia;
1865 5503 2118 5559 lectiones
2143 5507 2341 5560 codicis
2370 5505 2718 5576 Seguieriani.

660 5659 677 5697 ι
710 5661 938 5727 ὲκάςτῳ.
1015 5666 1107 5698 ἰ’-η
1146 5659 1305 5722 ἵΓως,
1329 5659 1388 5708 οὐ
1423 5658 1561 5710 σκιά.

1649 5665 1669 5686 "
1707 5661 1828 5710 σκιὰ
1858 5663 1961 5728 γὰρ
1992 5661 2106 5714 οὔτι
2147 5679 2245 5714 που
2286 5662 2350 5714 τὰ
2388 5663 2505 5715 καθ’
2537 5663 2701 5730 ἡμᾶς,
2741 5661 2874 5714 ἀλλ’.
