4146 6468
355 329 497 387 1145

1308 328 1395 382 DE
1433 327 1658 384 RECTA
1698 324 1876 389 FIDE.
1921 324 2013 378 AD
2053 325 2502 383 THEODOSIUM
2541 327 2679 382 ΜΡ.

3454 338 3591 393 11ίὸ

354 443 542 509 μένοις
569 440 853 511 βοηθῆσαι.
880 442 1014 496 Οὐδὲ
1042 442 1147 513 γὰρ
1176 442 1240 497 ἄν
1267 461 1318 495 τι
1342 445 1503 498 πάθοι
1537 443 1684 505 σκιὰ,
1710 442 1911 509 οἴχεται

2018 451 2193 512 potest
2226 442 2293 497 iis
2323 444 2413 512 qui
2442 450 2717 497 tentantur
2742 457 2899 514 opem
2927 444 3092 503 ferre.
3128 446 3413 519 Siquidem
3445 456 3591 509 nulla

350 531 421 601 δὴ
454 528 550 584 οὖν
582 532 643 583 τὸ
672 531 893 603 σύμπαν
928 534 1059 603 ἡμῖν
1088 534 1168 596 εἰς
1194 534 1255 586 τὸ
1286 535 1452 607 μηδὲν
1496 533 1731 603 ἀληθῶς.
1766 534 1923 585 Ποῖον

350 623 462 694 γὰρ
500 623 580 676 ἐτι
626 622 794 677 νῶτον
840 624 1071 677 δέδωκεν
1113 626 1251 696 ὑπὲρ
1285 626 1472 697 ἡμῶνς
1528 627 1562 697 ἢ
1606 627 1762 680 ποίαν
1811 630 1924 687 τοῖς

350 714 578 768 παίουσι
612 716 845 785 παρειὰν
879 716 1257 787 ὑποστρώσας,
1291 718 1427 788 πρὸς
1453 718 1551 784 τὰς
1577 721 1640 773 ἐκ
1660 719 1765 771 τῶν
1799 720 1926 772 ἰου-

348 804 520 858 δαίων
558 806 898 877 διεκαρτέρει
947 807 1193 878 πληγάς;
1251 809 1402 881 ἥλοις
1447 810 1503 863 δὲ
1553 810 1922 880 διαπεπάρθαι

349 896 545 966 χεῖράς
571 914 631 950 τε
660 898 755 950 καὶ
784 896 951 962 πόδας
968 898 1059 951 τὸν
1087 899 1184 952 οὐκ
1206 901 1262 953 ἐν
1288 902 1451 969 σαρκὶ
1478 901 1776 969 πεφηνότα,
1803 901 1922 955 τίνα

351 986 420 1056 δὴ
447 987 649 1057 τρόπον
675 989 881 1061 οἰηθείη
911 1008 993 1053 τις
1021 990 1120 1057 av;
1172 990 1204 1061 ἦ
1238 991 1417 1054 ποίαν,
1448 992 1570 1045 εἰπέ
1608 1010 1721 1061 μοι,
1763 993 1923 1044 πλευ-

352 1075 459 1143 ρὰν
503 1076 881 1141 διανύττοντες
910 1081 959 1133 οί
1016 1080 1250 1134 Πιλάτου
1278 1081 1588 1153 δορυφόροι,
1632 1082 1692 1133 τὸ
1742 1081 1922 1152 τίμιον

348 1160 494 1235 αἷμα
522 1169 921 1234 συναναόλύζον
940 1170 1093 1225 ῦδατι
1115 1175 1225 1234 τοῖς
1251 1171 1543 1242 θεωμένοις
1566 1171 1918 1243 παρέδειξαν;

350 1260 466 1313 Καὶ
504 1262 554 1313 εί
586 1261 690 1330 χρὴ
727 1262 933 1315 τούτων
965 1262 1026 1314 τὸ
1051 1264 1306 1316 ἐπέκεινα
1333 1263 1533 1332 λέγειν,
1561 1264 1684 1317 οὔτε
1716 1265 1920 1319 ἀπέθα-

348 1368 443 1403 νεν
474 1352 615 1423 ὑπὲρ
647 1351 827 1422 ἡμῶν,
867 1351 993 1405 οὔτε
1033 1354 1138 1424 μὴν
1175 1354 1518 1426 ἐγήγερταιό
1552 1356 1803 1427 Χριστός.
1844 1350 1920 1411 Οὖ

348 1441 787 1511 παραδεχθέντος
831 1444 911 1505 εἰς
948 1442 1226 1513 ἀλήθειαν,
1274 1444 1570 1498 κεκένωται
1612 1445 1711 1515 μὲν
1759 1447 1792 1514 ἡ
1831 1446 1919 1498 πί-

349 1546 493 1595 στις,
529 1531 735 1601 οἴχεται
773 1532 829 1584 δὲ
877 1534 905 1584 ό
944 1535 1258 1604 σταυρὸς,ἡ
1295 1534 1388 1586 τοῦ
1436 1536 1639 1605 κόσμου
1676 1536 1918 1605 σωτηρία

350 1622 444 1673 καὶ
479 1619 616 1691 ζωὴ,
640 1622 730 1674 καὶ
758 1622 972 1676 διόλωλε
1000 1624 1279 1687 παντελῶς
1314 1627 1346 1694 η
1378 1625 1487 1677 τῶν
1522 1628 1578 1677 ἐν
1614 1626 1792 1678 πίστει
1824 1644 1917 1679 κε-

348 1712 703 1782 κοιμημένων
728 1713 903 1777 ἐλπίς.
932 1710 1005 1768 Εὖ
1055 1715 1160 1786 γὰρ
1202 1708 1301 1769 ὧδε
1342 1716 1483 1785 ἐχειν
1514 1718 1685 1771 ἐδόκει
1724 1718 1816 1773 καὶ
1842 1717 1917 1787 τῷ

352 1802 611 1871 μακαρίῳ
648 1801 844 1873 Παύλῳ
866 1820 879 1832 '
918 1822 936 1854 ι
968 1805 1265 1875 Παρέδωκα
1305 1805 1414 1875 γὰρ
1455 1807 1601 1875 ὑμῖν,
1637 1808 1822 1877 φησὶν,
1858 1808 1915 1860 ἐν

348 1888 609 1958 πρώτοις,
655 1891 683 1943 ὃ
728 1892 821 1944 καὶ
868 1893 1197 1964 παρέλαϐον,
1239 1896 1320 1948 ὅτι
1372 1897 1605 1966 Χριστὸς
1646 1898 1917 1952 ἀπέθανεν

349 1981 491 2051 ὑπὲρ
525 1980 633 2033 τῶν
686 1983 971 2054 ἁμαρτιῶν
1006 1985 1163 2055 ἡμῶν
1200 1986 1338 2040 κατὰ
1385 1988 1483 2052 τὰς
1533 1990 1773 2057 Γραφάς,
1824 1992 1917 2043 καὶ

346 2071 430 2123 ὅτι
458 2070 652 2142 ἐτάφη,
705 2074 800 2125 καὶ
850 2074 931 2127 ὃτι
981 2075 1273 2146 ἐγήγερται
1318 2079 1385 2147 τῇ
1430 2078 1611 2149 ἡμέρᾳ
1656 2082 1721 2149 τῇ
1759 2079 1915 2149 τρίτῃ

346 2163 491 2215 κατὰ
526 2162 623 2227 τὰς
655 2164 898 2235 Γραφὰς,
952 2167 1044 2219 καὶ
1089 2166 1170 2219 δτι
1201 2166 1355 2239 ὤφθη
1408 2170 1595 2238 Κηφᾷ,
1640 2166 1757 2221 εἶτα
1802 2174 1916 2233 τοῖς

344 2252 589 2307 δώδεκα·
626 2254 819 2308 ἔπειτα
850 2254 1003 2327 ὤφθη
1044 2257 1229 2310 ἐπάνω
1265 2259 1638 2323 πεντακοσίοις
1668 2261 1917 2330 ἀδελφοῖς

344 2342 584 2410 ἐφάπαξ,
616 2346 674 2411 ἐξ
714 2340 788 2399 ὧν
826 2348 874 2399 οἱ
919 2347 1136 2410 πλείους
1171 2348 1420 2417 μένουσιν
1461 2350 1564 2413 ἕως
1595 2352 1739 2421 ἄρτι,
1775 2353 1917 2417 τινὲς

342 2434 401 2487 δέ
436 2435 529 2488 καλ¹
562 2437 965 2507 ἐκοιμήθησαν·
997 2436 1185 2491 ἔπειτα
1223 2438 1379 2509 ὢφθη
1426 2439 1686 2510 Ἰακώϐῳ,
1725 2440 1916 2496 ἔπειτα

345 2529 462 2589 τοῖς
496 2528 816 2593 ἀποστόλοις
846 2532 1011 2584 πᾶσιν
1030 2547 1046 2562 ο
1077 2532 1303 2602 ἔσχατον
1334 2531 1391 2584 δέ
1429 2532 1646 2586 πάντων
1677 2532 1916 2603 ὡσπερεὶ

341 2621 421 2691 τῷ
446 2623 777 2694 ἐκτρώματι,
804 2624 957 2697 ὤφθη
984 2627 1171 2695 κάμοί.
1206 2647 1222 2677 ι
1250 2626 1360 2679 Καὶ
1389 2626 1508 2697 μεθ’
1536 2627 1697 2699 ἐτερα
1722 2628 1913 2681 πάλινο

348 2731 367 2763 ι
407 2712 467 2765 Ισὶί
499 2713 553 2766 δὲ
586 2715 820 2786 Χριστὸς
844 2714 1201 2790 κηρύσσεται,
1226 2718 1307 2770 ὅτι
1353 2720 1416 2771 ἐκ
1445 2718 1652 2789 νεκρῶν
1687 2719 1916 2792 ἐγήγερ-

336 2818 453 2868 ται,
498 2803 614 2865 πῶς
652 2803 899 2872 λέγουσιν
933 2807 989 2858 ἐν
1022 2806 1151 2876 ύμῖν
1180 2823 1350 2870 τινες,
1388 2807 1471 2859 ὅτι
1504 2806 1797 2870 ἀνάστασις
1827 2826 1915 2861 νε-

340 2891 493 2958 κρῶν
522 2894 622 2947 οὐκ
654 2893 840 2962 ἐστιν;
886 2897 935 2948 εί
963 2896 1021 2949 δέ
1054 2896 1354 2961 ἀνάστασις
1383 2897 1594 2968 νεκρῶν
1620 2898 1718 2953 οὐκ
1747 2898 1916 2963 ἐστιν,

333 2986 456 3039 οὐδὲ
490 2986 723 3057 Χριστός
747 2990 1045 3059 ἐγήγερται
1072 3005 1085 3018 ·
1126 2989 1174 3041 εἰ
1201 2989 1258 3041 δὲ
1292 2989 1527 3060 Χριστὸς
1551 2989 1651 3042 οὐκ
1680 2991 1916 3063 ἐγήγερ-

2030 536 2080 590 ἰη
2112 535 2356 588 umbram
2405 535 2585 603 passio
2614 535 2809 590 cadere
2859 548 3054 605 potest,
3096 551 3259 610 atque
3294 543 3365 597 ita
3402 547 3583 600 omnia

2025 641 2144 693 qua:
2169 626 2356 680 salutis
2396 634 2593 679 nostra:
2621 640 2783 679 causa
2817 625 2956 680 facta
2999 641 3143 693 sunt,
3176 648 3302 688 vere
3358 634 3411 687 in
3447 636 3592 690 nihi-

2026 718 2133 773 lum
2168 716 2427 791 recideut.
2455 715 2587 769 Nam
2614 715 2771 785 quale
2805 715 3049 781 dorsum,
3082 736 3286 789 quaeso,
3312 738 3409 791 pro
3433 728 3596 781 nobis

2024 786 2332 860 caedendum
2384 804 2610 873 praebuit
2649 807 2742 859 “i
2789 816 2880 861 aut
2922 786 3111 875 quales
3165 786 3592 878 percutientibus

2023 896 2485 966 genasexhihuit?
2524 905 2615 949 aut
2667 900 2937 964 quomodo
2981 901 3047 953 ad
3109 899 3416 957 Iudaeorum
3474 922 3591 961 ver-

2023 988 2149 1040 bera
2187 986 2399 1041 fortiter
2427 987 2710 1056 perstitit?
2776 998 2871 1042 aut
2929 988 3227 1056 cuiusmodi
3275 1009 3463 1050 manus
3498 1008 3593 1051 aut

2022 1078 2186 1147 pedes
2214 1078 2380 1131 clavis
2416 1078 2631 1146 pervios
2665 1079 2847 1133 habuit
2880 1080 2903 1131 ?
2942 1090 3033 1134 aut
3070 1082 3228 1150 quale
3255 1084 3394 1139 latus
3431 1085 3589 1142 Pilati

2022 1170 2283 1223 satellites
2345 1169 2711 1237 perfodientes
2763 1172 3060 1239 pretiosum
3120 1176 3437 1243 sanguinem
3486 1195 3591 1235 una

2021 1275 2141 1313 cum
2176 1275 2311 1328 aqua
2356 1260 2607 1314 fluentem
2645 1263 2995 1316 cernentibus
3026 1252 3379 1321 ostenderunt
3407 1270 3451 1299 ²²
3482 1270 3504 1323 ?
3530 1271 3593 1325 Et

2020 1361 2078 1405 ut
2115 1350 2196 1405 his
2234 1350 2464 1419 amplius
2502 1352 2757 1421 quiddam
2802 1354 2973 1405 dicant
3011 1368 3026 1407 :
3060 1355 3168 1409 Nec
3217 1372 3340 1413 vere
3378 1375 3591 1427 quoque

2019 1458 2115 1511 pro
2142 1442 2294 1495 nobis
2318 1453 2542 1497 mortem
2574 1444 2798 1511 oppetiit
2831 1444 3080 1499 Christus
3108 1446 3383 1513 Dominus,
3416 1464 3591 1518 neque

2017 1545 2079 1585 ex
2100 1530 2323 1583 mortuis
2339 1532 2703 1585 exsuscitatus
2720 1542 2819 1586 est.
2843 1532 2951 1587 lloc
2965 1544 3140 1588 autem
3157 1553 3440 1602 concesso,
3456 1540 3588 1593 fides

2020 1632 2200 1676 nostra
2251 1622 2406 1689 plane
2448 1623 2767 1690 evanescit;
2823 1626 2887 1676 ad
2945 1626 3057 1679 lucc
3105 1643 3281 1692 crux,
3342 1646 3463 1698 qua:
3504 1641 3588 1684 est

2022 1714 2204 1767 mundi
2254 1712 2399 1766 salus
2450 1722 2504 1767 et
2551 1714 2658 1766 vita
2694 1753 2711 1777 ,
2763 1715 2987 1779 interit;
3033 1717 3216 1772 interit
3260 1720 3492 1788 denique
3533 1731 3588 1775 et.

2021 1804 2267 1858 universa
2297 1820 2511 1871 quoque
2547 1803 2755 1857 illorum
2820 1804 3013 1860 fiducia
3066 1808 3155 1876 qui
3207 1810 3258 1862 iu
3304 1809 3407 1864 fide
3460 1812 3585 1865 dor-

2022 1896 2275 1951 mieruut.
2320 1894 2431 1950 Hoc
2469 1910 2697 1962 namque
2738 1906 2884 1951 recte
2931 1898 3053 1951 hinc
3098 1901 3390 1971 consequi,
3422 1911 3477 1956 et
3506 1904 3585 1958 di-

2019 1988 2142 2039 vino
2173 2001 2382 2056 quoque
2414 1985 2577 2041 Paulo
2601 1986 2770 2039 visum
2807 1987 2948 2053 fuit;
2973 1989 3047 2043 ait
3078 2005 3309 2060 namque
3338 2008 3350 2044 :
3383 2011 3401 2043 ι
3444 1993 3585 2048 Tra-

2019 2076 2125 2127 elidi
2152 2077 2295 2129 cnim
2323 2078 2472 2128 vobis
2503 2076 2553 2128 in
2588 2076 2796 2141 primis,
2829 2079 2970 2143 quod
3004 2088 3058 2132 et
3085 2080 3303 2149 accepi:
3330 2083 3582 2151 quoniam

2017 2167 2263 2222 Christus
2317 2176 2562 2220 mortuus
2614 2177 2698 2223 est
2738 2182 2832 2235 pro
2853 2170 3089 2237 peccatis
3139 2172 3339 2227 nostris
3392 2188 3586 2228 secun-

2018 2261 2140 2312 dum
2166 2256 2503 2325 Scripturas;
2551 2266 2605 2311 et
2642 2260 2767 2327 quia
2818 2259 3059 2328 sepultus
3105 2271 3221 2326 est,
3256 2270 3309 2316 et
3345 2263 3468 2332 quia
3492 2279 3582 2317 re-

2017 2352 2255 2403 surrexit
2306 2350 2461 2403 tertia
2500 2350 2587 2404 die
2633 2350 2929 2405 secundum
2982 2350 3325 2422 Scripturas;
3366 2365 3419 2409 et
3457 2354 3583 2423 quia

2018 2443 2164 2495 visus
2195 2450 2275 2495 est
2295 2442 2509 2510 Cephea,
2535 2453 2589 2495 et
2617 2451 2737 2511 post
2763 2442 2867 2497 hoc
2893 2443 3140 2499 undecim
3169 2463 3183 2498 :
3210 2446 3401 2500 deinde
3436 2449 3585 2502 visus

2017 2542 2100 2587 est
2130 2531 2410 2600 plusquam
2434 2532 2744 2599 quingentis
2775 2530 3035 2586 fratribus
3063 2532 3259 2599 simul;
3290 2547 3352 2587 ex
3376 2536 3579 2601 quibus
3624 2514 3641 2525 ~

2018 2621 2169 2676 multi
2208 2630 2429 2675 manent
2461 2636 2632 2690 usque
2664 2622 2860 2684 adhuc,
2889 2623 3105 2691 quidam
3132 2634 3311 2678 autem
3351 2625 3585 2679 dormie-

2018 2724 2144 2768 runt
2177 2730 2192 2766 :
2229 2711 2423 2766 deinde
2468 2711 2613 2766 visus
2673 2721 2755 2767 est
2810 2723 2865 2767 et
2906 2710 3108 2768 Iacobo
3135 2753 3149 2779 ,
3212 2715 3404 2769 deinde
3455 2730 3587 2785 apo-

2018 2802 2171 2858 stolis
2192 2800 2444 2855 omnihus
2476 2817 2489 2852 :
2520 2800 2812 2854 novissime
2844 2809 3022 2854 autem
3052 2801 3292 2855 omnium
3328 2811 3581 2871 tanquam

2020 2891 2270 2947 abortivo
2306 2889 2454 2943 visus
2481 2896 2565 2943 est
2607 2896 2663 2942 et
2708 2888 2839 2942 tnihi
2880 2889 2950 2943 ”.
3000 2907 3018 2939 ι
3075 2888 3141 2942 Et
3189 2890 3374 2958 paucis
3418 2890 3583 2944 inter-

2014 2984 2213 3056 iectis:
2254 3000 2273 3033 ι
2326 2980 2384 3035 Si
2434 2989 2613 3033 autem
2652 2979 2904 3034 Christus
2954 2979 3278 3048 praedicatur
3335 2982 3393 3051 8
3439 2981 3581 3051 quod

331 3095 451 3141 ται,
488 3079 645 3132 κενὸν
697 3079 804 3150 ἄρα
848 3079 910 3132 τὸ
943 3081 1203 3150 κηρυγμα
1249 3080 1425 3149 ἡμῶν.
1461 3081 1608 3153 Κενὴ
1644 3082 1702 3136 δὲ
1736 3085 1829 3136 καὶ
1873 3087 1907 3156 ἡ

2020 3074 2377 3132 resurrexita
2422 3072 2675 3137 mortuis,
2730 3072 3000 3140 quomodo
3049 3073 3266 3142 quidam
3307 3075 3496 3127 dicunt
3531 3075 3583 3125 in

333 3171 520 3234 πίστις
549 3172 725 3242 ἡμῶν,
752 3172 1125 3243 εὑρισκόμεθα
1150 3172 1207 3225 δέ
1231 3172 1325 3225 καὶ
1346 3171 1789 3245 ψευδομάρτυρες
1813 3174 1906 3229 τοῦ

330 3261 493 3327 Θεοῦ,
513 3262 595 3315 ὃτι
625 3263 1090 3333 ἐμαρτυρήσαμεν
1122 3261 1263 3316 κατὰ
1288 3262 1380 3315 τοῦ
1411 3260 1567 3329 Θεοῦ,
1602 3265 1684 3318 ὅτι
1719 3266 1908 3337 ἤγειρε

329 3350 427 3403 τὸν
453 3352 705 3422 Χριστὸν,
740 3351 800 3404 ὃν
843 3353 943 3405 οὐκ
974 3354 1218 3423 ἤγειρεν,
1260 3354 1419 3423 εἴπερ
1452 3352 1564 3424 ἄρα
1590 3357 1774 3425 νεκροὶ
1808 3356 1908 3409 οὐκ

329 3440 652 3511 ἐγείρονται,
692 3462 709 3493 ι
745 3442 977 3513 Τεθναίη
1007 3442 1117 3513 γὰρ
1145 3442 1232 3509 ἂν,
1252 3444 1374 3496 είπέ
1401 3460 1511 3512 μοι,
1538 3443 1659 3497 τίνα
1686 3444 1750 3515 δὴ
1781 3445 1906 3515 τρό-

328 3546 433 3583 πον
464 3532 496 3601 ἡ
532 3530 687 3599 σκιά;
721 3532 839 3597 πῶς
867 3528 961 3587 οὖν
994 3532 1260 3604 ἀνέστησε
1287 3532 1378 3587 τὸν
1405 3534 1639 3603 Χριστὸν
1662 3536 1689 3587 ό
1716 3535 1907 3604 Πατὴρ

330 3624 492 3678 σκιὰν
515 3626 645 3679 ὄντα
679 3628 774 3679 καὶ
821 3625 1063 3695 δόκησιν,
1106 3624 1201 3678 καὶ
1245 3626 1359 3688 τοῖς
1400 3624 1496 3678 τοῦ
1547 3624 1779 3678 θανάτου
1821 3625 1907 3678 δε-

330 3717 493 3784 σμοῖς
520 3717 618 3786 ούχ
649 3715 955 3787 ἁλώσιμον;
985 3715 1226 3786 Οίχέσθω
1252 3716 1317 3786 δὴ
1348 3711 1440 3769 οὖν
1467 3717 1496 3769 ὁ
1522 3717 1745 3771 ἐκείνων
1775 3718 1906 3787 ἐμε-

327 3803 443 3868 τὸς,
478 3805 649 3876 μύθου
680 3806 737 3859 δὲ
766 3806 961 3870 ἄλλως,
998 3806 1093 3858 καὶ
1142 3804 1358 3859 ἀνοσίου
1411 3804 1609 3875 βουλῆς
1656 3807 1901 3876 ἀποδρά-

328 3915 514 3969 σματα
552 3898 619 3951 τὰ
647 3899 776 3969 παρ’
818 3899 1001 3961 αὐτοῖς
1029 3908 1055 3947 P
1081 3896 1383 3967 ἡγούμεθα.
1415 3896 1553 3960 Τοὺς
1583 3898 1691 3967 γάρ
1726 3899 1902 3953 τοιού-

323 4006 455 4052 τους
501 3991 635 4059 ήμῖν
687 3988 1137 4060 προκαταμηνύει
1184 3988 1409 4058 γράφων
1459 3988 1552 4041 τοῦ
1582 3990 1835 4060 Σωτῆρος
1872 3992 1901 4043 ὁ

328 4081 599 4151 μαθητής
636 4098 655 4132 ι
694 4082 814 4136 Ὅτι
838 4080 1020 4133 πολλοὶ
1047 4079 1489 4151 ψευδοπροφῆται
1515 4080 1899 4150 ἐξεληλύθασιν

326 4175 411 4236 εἰς
444 4175 534 4226 τὸν
578 4173 801 4244 κόσμον.
852 4174 943 4227 Ἐν
981 4173 1155 4243 τούτῳ
1198 4174 1522 4241 γινώσκεται
1560 4172 1622 4227 τὸ
1675 4174 1899 4245 Πνεῦμα

322 4265 423 4321 τοῦ
458 4264 611 4320 Θεοῦ,
658 4267 771 4319 Πᾶν
811 4264 1026 4335 πνεῦμα
1057 4264 1085 4316 ὂ
1114 4264 1363 4333 ὁμολογεῖ
1424 4263 1631 4335 Ἰησοῦν
1664 4264 1897 4336 Χριστὸν

324 4358 386 4411 ἐν
434 4355 595 4426 σαρκὶ
642 4355 959 4425 ἐληλυθότα,
1017 4357 1081 4408 ἐκ
1119 4353 1211 4408 τοῦ
1269 4354 1407 4407 Θεοῦ
1463 4356 1600 4409 ἐστι.
1634 4356 1741 4409 Καὶ
1785 4356 1893 4409 πᾶν

2010 3171 2189 3233 vobis,
2238 3164 2493 3237 quoniam
2542 3163 2873 3218 resurrectio
2920 3173 3258 3220 mortuorum
3303 3179 3409 3219 non
3450 3166 3584 3219 est?

2011 3267 2107 3323 Sin
2138 3272 2322 3319 autem
2348 3260 2679 3315 resurrectio
2711 3268 3046 3314 mortuorum
3083 3276 3184 3314 non
3242 3269 3361 3323 est,
3410 3276 3583 3330 neque

2008 3359 2257 3414 Christus
2289 3354 2609 3408 resurrexit.
2642 3352 2698 3405 Si
2750 3362 2930 3406 autem
2962 3351 3213 3406 Christus
3261 3369 3365 3407 non
3400 3367 3582 3405 resur-

2008 3449 2173 3511 rexit,
2226 3447 2400 3500 inanis
2439 3454 2521 3501 est
2560 3443 2877 3510 prmdicatio
2913 3454 3135 3507 nostra,
3170 3444 3347 3499 inanis
3399 3455 3482 3499 est
3526 3454 3583 3498 et

2008 3539 2141 3593 fides
2171 3544 2354 3590 nostra
2382 3550 2396 3597 ;
2432 3533 2741 3586 invenimur
2793 3543 2972 3587 autem
3004 3542 3059 3587 et
3101 3534 3220 3587 falsi
3270 3542 3432 3587 testes
3462 3534 3583 3600 Βυὶ,

2007 3627 2263 3696 quoniam
2290 3624 2657 3679 testimonium
2680 3623 2911 3677 diximus
2938 3626 3201 3678 adversus
3219 3623 3407 3687 Deum,
3436 3627 3587 3694 quod'

2006 3718 2353 3773 Suscitaverit
2419 3715 2737 3778 Christum,
2782 3730 2940 3783 quem
2992 3732 3094 3769 non
3154 3716 3477 3777 suscitavit.
3533 3718 3586 3770 si

2007 3807 2203 3862 mortui
2236 3822 2339 3859 non
2382 3814 2669 3873 resurgunt
2708 3804 2774 3858 ³³.
2816 3823 2835 3855 ι
2872 3803 2968 3858 llic
3014 3820 3113 3874 ego
3153 3805 3262 3872 jam
3305 3815 3357 3858 te
3410 3805 3578 3858 inter-

2009 3911 2179 3967 rogo:
2210 3894 2525 3963 Ecquouam
2561 3893 2720 3948 modo
2747 3896 2937 3947 umbra
2975 3895 3284 3947 moriatur?
3324 3911 3429 3964 quo
3460 3912 3579 3952 rur-

2002 4003 2120 4043 sum
2156 3996 2315 4056 pacto
2353 3984 2592 4040 caelestis
2624 3984 2788 4039 Pater
2820 3985 3093 4040 Christum
3140 3988 3206 4039 ad
3249 3987 3414 4041 vitam
3477 4001 3565 4042 re-

2002 4078 2239 4141 vocavit,
2268 4075 2443 4145 utqui
2474 4076 2718 4138 quaedam
2750 4083 2959 4129 tantum
2993 4076 3181 4131 umbra
3211 4088 3266 4132 et
3312 4094 3407 4132 rex
3442 4080 3578 4133 ima-

1998 4169 2246 4241 ginaria,
2292 4183 2413 4236 qua:
2462 4166 2655 4222 mortis
2718 4167 2958 4222 vinculis
3006 4168 3125 4237 capi
3174 4185 3279 4223 non
3348 4181 3573 4239 potest,

1997 4260 2317 4317 exstiterit?
2359 4258 2651 4313 Facessant
2676 4258 3291 4327 proindcistiuscemodi
3323 4261 3536 4331 ineptia:
3559 4304 3575 4325 ,

1999 4352 2315 4407 insanorum
2361 4350 2521 4423 plane
2578 4349 2929 4404 consiliorum
2977 4361 3031 4406 et
3077 4351 3379 4406 fabularum
3424 4353 3577 4406 ebul-

324 4443 546 4513 πνεῦμα
592 4444 621 4496 ὃ
664 4445 740 4515 μὴ
785 4444 1038 4515 ὁμολογεῖ
1080 4445 1169 4497 τὸν
1225 4445 1451 4515 Ἰησοῦν,
1506 4446 1570 4497 ἐκ
1622 4446 1716 4498 τοῦ
1760 4445 1894 4498 Θεοῦ

2012 4444 2222 4497 [intenta
2267 4442 2411 4498 dicta
2461 4440 2677 4495 illorum
2713 4441 2995 4496 habemus.
3047 4442 3360 4510 ilujusmodi
3408 4459 3574 4510 nuga-

319 4537 425 4591 οὐκ
467 4535 601 4593 εστι.
651 4537 763 4591 Καὶ
814 4537 974 4590 τοῦτό
1027 4538 1143 4589 ἐστι
1193 4538 1253 4589 τὸ
1300 4536 1393 4590 τοῦ
1452 4538 1819 4608 ’Λντιχρίστου
1869 4538 1898 4591 δ

320 4629 618 4699 ἀκηκόατε,
650 4629 730 4683 ὅτι
766 4628 1007 4699 ἔρχεται,
1039 4629 1131 4681 καὶ
1180 4626 1273 4680 νῦν
1306 4631 1362 4682 ἐν
1417 4629 1492 4698 τῷ
1527 4628 1717 4700 κόσμῳ
1750 4630 1897 4682 ἐστὶν

319 4719 446 4789 ἤδη.
482 4721 543 4773 El
574 4720 681 4789 γὰρ
713 4722 787 4789 μὴ
826 4721 1051 4789 γέγονεν
1088 4719 1395 4790 ἄνθρωπος,
1434 4720 1570 4789 μήτε
1607 4719 1713 4790 μὴν
1763 4722 1897 4774 ἀνα-

318 4810 555 4879 ϐέϐηκεν
583 4813 642 4863 ἐν
670 4812 834 4878 σαρκὶ
878 4811 1015 4882 πρὸς
1046 4812 1136 4864 τὸν
1168 4812 1225 4864 ἐν
1254 4810 1503 4880 οὐρανοῖς
1542 4810 1756 4881 Πατέρα
1806 4811 1899 4863 καὶ

317 4902 473 4967 Θεὸν,
512 4903 619 4957 οὐδ’
644 4903 708 4959 ἂν
734 4903 1050 4975 ὑποστρέψῃ
1077 4904 1136 4968 ἐξ
1171 4904 1402 4975 ούρανοῦ
1447 4904 1567 4958 καθ’
1603 4904 1769 4974 ἡμᾶς,
1807 4903 1897 4957 άν-

317 4993 537 5066 θρωπος
563 4995 804 5064 δηλονότι
841 4996 931 5049 καὶ
961 4997 1020 5047 ἐν
1052 4996 1234 5065 σαρκί.

1997 4544 2142 4590 tores
2194 4534 2502 4587 exorituros
2571 4531 2799 4587 dilectus
2854 4533 3156 4588 Salvatoris
3201 4535 3372 4589 nostri
3410 4535 3572 4588 disci-

1999 4626 2154 4695 pulus
2204 4639 2301 4677 nos
2341 4632 2466 4675 ante
2495 4623 2861 4690 praemonuit:
2921 4642 2938 4674 ι
2987 4625 3297 4691 Quoniam,
3354 4625 3573 4694 inquit,

2000 4714 2152 4769 multi
2186 4712 2663 4782 pseudOprophetae
2690 4713 2943 4768 exierunt
2979 4716 3030 4767 in
3068 4715 3347 4767 mundum.
3379 4714 3436 4766 In
3471 4715 3573 4767 hoc

2000 4804 2347 4875 cognoscitur
2374 4802 2611 4871 Spiritus
2637 4803 2730 4859 Dei
2769 4822 2781 4858 :
2815 4805 3004 4859 Omnis
3031 4805 3253 4873 spiritus
3284 4805 3373 4871 qui
3411 4804 3571 4855 confi-

2002 4902 2146 4950 tetur
2189 4893 2377 4949 Jesum
2418 4894 2691 4947 Christum
2737 4894 2791 4947 in
2849 4910 3011 4948 carne
3045 4895 3289 4956 venisse,
3334 4909 3399 4946 ex
3462 4892 3574 4946 Deo

1997 4996 2115 5053 est;
2169 4997 2225 5040 et
2273 4984 2449 5039 omnis
2487 4984 2706 5053 spiritus
2760 4986 2849 5053 qui
2901 4985 3060 5038 solvit
3099 4984 3317 5049 Jesum,
3354 5002 3419 5038 ex
3466 4986 3576 5039 Deo

316 5106 423 5143 non
476 5101 581 5146 est.
656 5090 721 5147 Ει
790 5092 877 5149 hic
927 5091 1330 5154 Antichristus,
1391 5092 1455 5147 dc
1513 5106 1621 5160 quo
1666 5086 1915 5150 audistis,
1951 5083 2209 5154 quoniam
2266 5080 2440 5167 venit,
2473 5089 2527 5133 et
2563 5080 2783 5135 nuncin
2824 5080 3021 5133 mundo
3062 5082 3236 5135 est".
3276 5102 3295 5135 ι
3337 5080 3391 5136 Si
3427 5082 3568 5135 enim

315 5200 431 5255 ipse
502 5196 791 5240 "elusum.
859 5197 961 5251 est,
1040 5201 1213 5253 neque
1289 5200 1451 5237 carne
1495 5185 1713 5236 indutus
1782 5181 1847 5234 ad
1904 5177 2184 5234 coalestem
2245 5174 2455 5226 Patrem
2510 5182 2563 5227 et
2621 5174 2785 5226 Deum
2837 5174 3122 5239 ascendit;
3189 5189 3360 5242 neque
3410 5176 3570 5227 homo

315 5289 531 5341 quoque
602 5274 823 5343 perinde
879 5290 942 5329 ac
970 5288 1067 5329 nos
1127 5288 1289 5328 carne
1310 5271 1617 5326 vestitusde
1648 5270 1800 5325 cwlis
1858 5267 1984 5322 olim
2029 5276 2345 5318 reversurus
2378 5269 2482 5313 est.

388 5434 427 5463 ²¹
456 5432 559 5485 lsa.
596 5450 645 5497 L,
672 5434 725 5485 (ἰ.
805 5437 848 5466 ³³
873 5433 1025 5489 Joan.
1069 5450 1179 5500 xIx,
1218 5435 1307 5489 Si.
1388 5434 1431 5465 ³³
1458 5433 1471 5486 l
1503 5432 1628 5487 Cor.
1662 5447 1749 5497 xv,
1778 5430 1898 5484 5-8.

1991 5428 2038 5459 "‘
2079 5427 2206 5481 ibid.
2244 5428 2422 5481 12-15.

2504 5428 2547 5457 ³⁵
2589 5422 2604 5476 Ι
2636 5420 2791 5476 Joan.
2826 5438 2897 5489 tv,
2933 5422 3037 5481 1-5.

1403 5566 1569 5619 Varizr
1595 5567 1848 5621 lectiones
1880 5562 2079 5619 codicis
2104 5559 2457 5631 Srguieriani.

390 5711 417 5749 P
443 5701 677 5756 ἐκείνων.
