4146 6474
556 354 695 410 1147

549 558 814 613 lidissime
851 555 1168 610 existimant
1201 566 1256 610 et
1280 554 1577 624 praedicant
1609 555 1869 626 (Verbum
1912 571 1978 611 ex
2016 554 2130 611 Deo

549 647 810 717 genitum,
835 655 955 699 ortu
975 659 1041 699 ex
1060 659 1217 699 sacra
1241 644 1460 714 Virgine
1494 646 1781 714 repudiato
1812 656 2132 716 naturaeque

549 750 749 793 nostrae
780 738 989 792 ratione
1013 746 1342 806 contempta,
1372 737 1425 790 in
1459 748 1727 803 terrenam
1756 753 1976 793 carnem
2008 752 2130 793 esse

548 832 883 886 demutatum
907 869 921 893 ,
953 831 1003 883 id
1039 829 1186 883 aliud
1216 830 1475 895 nihilest,
1508 845 1670 898 quam
1700 830 2130 898 dispensationis

450 949 455 954 “
549 931 950 975 sacramentum
979 931 1165 988 aperte
1204 920 1615 989 blasphemare,
1652 921 1969 991 divinisque
2003 939 2132 978 con-

551 1014 688 1069 siliis
724 1023 926 1068 temere
957 1012 1242 1069 insultare.
1287 1013 1504 1066 Etenim
1551 1013 1933 1069 universorum
1985 1014 2131 1070 Con-

551 1106 733 1171 ditor,
791 1114 845 1159 et
892 1106 1117 1159 multum
1162 1104 1215 1158 in
1274 1104 1646 1158 misericordia
1699 1105 1793 1160 Dei
1846 1104 2127 1173 Verbum,

551 1208 773 1267 prapter
793 1212 892 1251 nos
924 1198 1083 1251 homo
1106 1195 1304 1249 factum
1330 1196 1398 1262 “,
1421 1206 1556 1252 etex
1592 1197 1817 1251 muliere
1849 1208 2031 1252 natum
2058 1200 2128 1264 ’⁷,

550 1289 901 1357 semetipsum
954 1287 1325 1341 exinanivit”
1358 1304 1371 1342 :
1410 1307 1427 1337 ι
1478 1288 1549 1344 Ut
1579 1290 1836 1357 quoniam
1876 1289 2049 1358 pueri,
2092 1308 2111 1341 ›

553 1380 657 1434 hoc
691 1389 775 1434 est
809 1394 926 1444 nos,
962 1398 980 1430 ‹
1023 1378 1724 1435 communicaverantcarni
1747 1389 1804 1435 et
1838 1382 2115 1451 sanguini,

551 1479 606 1525 et
634 1471 747 1539 ipse
782 1470 1036 1525 similiter
1060 1470 1412 1539 participaret
1443 1473 1645 1526 eisdem
1678 1488 1693 1527 :
1744 1483 1803 1525 ut
1848 1487 1944 1542 per
1978 1488 2127 1527 mor-

552 1567 659 1614 tem
689 1563 989 1614 destrueret
1025 1575 1149 1614 eum
1186 1563 1274 1629 qui
1310 1561 1544 1616 habebat
1576 1563 1773 1617 mortis
1810 1563 2126 1633 imperium,

552 1651 654 1706 hoc
675 1660 758 1706 est
784 1651 1055 1706 diabolum
1076 1693 1091 1719 ,
1129 1661 1181 1707 et
1208 1652 1465 1708 liberaret
1514 1668 1609 1708 eos
1642 1654 1734 1723 qui
1762 1655 1960 1708 timore
1988 1671 2130 1709 mor-

553 1740 623 1795 tis
651 1754 747 1809 per
764 1734 927 1795 totam
946 1740 1113 1794 vitam
1132 1741 1521 1796 obnoxiierant
1540 1742 1907 1811 servitutij".i
1930 1744 1993 1797 Et
2019 1745 2131 1797 haec

551 1802 770 1902 quidem
788 1832 965 1886 divina
980 1830 1284 1901 Scriptura.
1300 1832 1379 1885 llli
1401 1843 1576 1888 autem
1596 1843 1702 1887 tam
1721 1802 1925 1889 salubri
1944 1835 2134 1889 decen-
2164 1802 2203 1858 Β

554 1924 700 1991 tique
726 1922 952 1977 consilio
1000 1922 1320 1977 indecentia:
1349 1933 1528 1977 notam
1581 1924 1841 1990 inurunt,
1887 1933 1943 1979 et
1976 1926 2128 1994 quasi

552 2012 611 2083 9
636 2012 829 2081 majori
854 2012 1117 2081 sapientia
1144 2013 1378 2082 prtediti,
1408 2013 1578 2082 ipsius
1596 2030 1810 2084 quoque
1847 2016 2133 2085 sapientiae

551 2107 770 2161 decreta
802 2107 1222 2175 reprehendunt.
1256 2106 1425 2161 Aiunt
1464 2108 1606 2162 enim
1643 2124 1752 2164 non
1785 2110 1979 2165 decere
2000 2151 2016 2177 ,
2072 2120 2132 2164 ut

556 2198 899 2270 Unigenitum
955 2215 1079 2255 cum
1127 2199 1313 2254 dolore
1351 2210 1538 2270 partus
1577 2216 1639 2255 ex
1688 2202 1912 2256 muliere
1947 2214 2129 2257 natum

552 2301 897 2357 astruamus;
920 2291 1097 2359 potius
1127 2299 1306 2344 autem
1328 2291 1754 2347 existimandum
1784 2292 2130 2348 diviniVerbi

554 2390 805 2436 naturam
845 2381 898 2435 in
925 2391 1198 2435 terrenum
1226 2380 1330 2435 hoc
1353 2380 1733 2450 inﬁrmumque
1770 2396 1968 2452 corpus
2002 2397 2133 2436 con-

552 2487 764 2529 versam
778 2472 1111 2541 esse.Atque
1133 2472 1208 2527 ita
1240 2487 1362 2527 eum
1380 2472 1665 2541 quiomnis
1686 2473 2005 2529 mutationis
2035 2488 2130 2529 ex-

524 2580 679 2636 pers
699 2574 815 2629 est,
870 2563 1155 2619 mutationi
1192 2562 1495 2631 subjectum
1517 2563 1855 2633 contingunt.
1890 2562 2129 2617 Firmata

553 2669 637 2714 est
663 2672 895 2728 namque
920 2657 1013 2713 Dei
1042 2665 1236 2712 natura
1265 2657 1317 2711 in
1345 2657 1583 2727 propriis
1601 2656 1760 2711 bonis
1790 2656 2127 2727 immoteque

556 2750 609 2804 in
629 2750 824 2820 quibus
839 2760 921 2804 est
939 2748 1238 2804 commodis
1254 2763 1472 2817 semper
1499 2748 1763 2817 persistit.
1791 2751 1863 2804 At
1886 2752 2014 2805 vero
2034 2767 2133 2805 na-

557 2848 676 2894 tura
701 2848 1004 2909 procreata,
1032 2840 1161 2895 etin
1191 2850 1433 2909 tempore
1459 2849 1517 2893 ut
1535 2841 1822 2895 exsisteret
1844 2842 2128 2908 producta,

555 2946 662 2987 non
696 2940 871 3002 potest
898 2932 1183 2987 mutationi
1219 2948 1326 2986 non
1359 2946 1485 2987 esse
1520 2932 1788 3002 subjecta.
1838 2932 1950 2989 Nec
1975 2934 2129 2988 firma

554 3022 711 3077 nobis
750 3023 1070 3077 assertionis
1105 3021 1267 3092 hujus
1302 3023 1653 3077 fundamenta
1722 3023 2130 3095 verissimazque

1651 349 1931 406 CYRILLI
1968 349 2441 407 ALEXANDRINI
2478 351 2801 411 ARCHIEP.

617 467 687 523 X.
724 465 892 520 Porro
917 471 1096 518 autent
1126 462 1443 518 existimare
1495 463 1576 534 (ut
1607 464 1700 519 alii
1738 465 1958 533 quidam
2011 473 2125 519 sto-
2155 467 2205 523 Α

3675 356 3820 410 1188

2303 466 2361 518 I'.
2403 462 2477 516 Τὸ
2506 463 2563 517 δὲ
2586 464 2650 536 δὴ
2681 465 2776 519 καὶ
2805 466 3021 537 ἑτέρους
3055 466 3261 520 οἴεσθαί
3295 484 3352 518 τε
3384 484 3475 521 και
3504 470 3729 537 φρονεῖν
3759 470 3820 523 ἐξ

2233 555 2547 626 ἀμετρήτου
2579 543 2808 620 νωθείας
2834 558 3086 628 γέννησιν
3112 557 3212 626 μὲν
3238 558 3535 627 ἀνήνασθαι
3590 560 3692 629 τὴν
3732 559 3811 611 διὰ

2232 645 2332 715 τῆς
2362 646 2526 715 ἁγίας
2558 647 2837 719 Παρθένου
2879 648 2970 701 τὸν
3013 650 3076 701 ὲκ
3107 649 3241 701 Θεοῦ
3275 649 3448 717 φύντα
3495 650 3692 717 Λόγον,
3723 651 3815 703 καὶ

2235 739 2397 807 φύσιν
2430 740 2532 810 μὲν
2560 741 2828 811 ἀτιμάσαι
2850 742 2951 811 τὴν
2988 741 3111 795 καθ’
3142 743 3312 811 ἡμᾶς,
3360 741 3819 812 παρατετράφθαι

2232 831 2288 884 δὲ
2321 830 2525 900 μᾶλλον
2553 832 2718 884 αὐτὸν
2752 833 2832 895 εἰς
2856 833 2955 903 τὴν
2980 832 3087 885 ἀπὸ
3120 832 3221 901 τῆς
3244 833 3346 903 γῆς
3369 834 3569 901 σάρκα,
3608 832 3818 901 δυσφηο

2236 922 2482 992 μούντων
2512 922 2629 975 ἐστὶ
2661 918 2761 994 τὴν
2791 925 3124 995 οἰκονομίαν,
3156 926 3251 977 καὶ
3286 927 3398 988 τοῖς
3432 924 3602 987 θείοις
3643 925 3819 993 σκέμ-

2236 1028 2403 1081 μασιν
2448 1014 2708 1083 ἐπιτιμᾷν
2763 1013 3072 1083 ᾐρημένων.
3114 1013 3172 1065 Ὀ
3222 1014 3320 1083 μὲν
3364 1012 3472 1081 γὰρ
3510 1013 3623 1065 τῶν
3681 1013 3821 1066 ὅλων

2232 1104 2599 1173 Δημιουργὸς,
2633 1103 2726 1156 καὶ
2753 1104 2919 1168 πολὺς
2942 1106 3021 1167 εἰς
3045 1105 3192 1157 ἔλεον
3220 1104 3313 1158 τοῦ
3336 1105 3472 1158 Θεοῦ
3516 1106 3694 1173 Λόγος
3723 1121 3817 1157 κε-

2234 1196 2475 1251 κένωκεν
2509 1198 2702 1251 ἑαυτὸν
2729 1198 2795 1251 δι’
2820 1200 2852 1268 ἡ
2862 1201 2989 1270 μᾶς,
3011 1200 3303 1270 γενόμενος
3326 1201 3421 1255 ἄνθ
3432 1218 3635 1271 ρωπος,
3664 1200 3820 1268 γενὸο

2236 1304 2398 1357 μενος
2431 1290 2496 1341 ἐκ
2520 1290 2797 1357 γυναικός·
2839 1310 2857 1342 ‹
2893 1292 2987 1343 ”Ιν’
3019 1293 3248 1363 ἐπείπερ
3285 1293 3514 1363 αἵματος
3551 1295 3650 1345 καὶ
3682 1310 3819 1360 σαρ-

2232 1379 2327 1443 κὸς
2348 1380 2711 1451 κεκοινώνηκε
2731 1382 2800 1435 τὰ
2830 1383 3038 1448 παιδία,
3078 1403 3096 1435 ι
3132 1385 3411 1438 τουτέστιν
3441 1389 3628 1456 ἡμεῖς,
3663 1406 3680 1435 ι
3721 1387 3818 1437 καὶ

2233 1470 2397 1535 αὐτὸς
2444 1472 2843 1543 παραπλησίως
2895 1478 3141 1546 μετασχῇ
3193 1475 3302 1529 τῶν
3339 1477 3551 1528 αὐτῶν·
3603 1477 3691 1528 ἵνα
3733 1477 3821 1529 διὰ

2232 1560 2329 1614 τοῦ
2361 1561 2617 1628 θανάτου,
2654 1566 2977 1638 καταργήσῃ
3015 1565 3107 1618 τὸν
3148 1566 3209 1619 τὸ
3242 1568 3439 1638 κράτος
3486 1567 3683 1637 ἔχοντα
3724 1566 3819 1619 τοῦ

2234 1654 2493 1717 θανάτου,
2521 1656 2769 1709 τουτέστι
2806 1657 2898 1710 τὸν
2926 1658 3191 1723 διάϐολον,
3242 1660 3334 1712 κα)⁵
3373 1660 3658 1729 ἀπαλλάξῃ
3695 1661 3793 1712 τοῦ

2231 1762 2377 1810 τους,
2410 1746 2523 1799 ὅσοι
2551 1746 2704 1816 φόϐῳ
2745 1746 2975 1801 θανάτου
3008 1749 3094 1802 διὰ
3141 1750 3340 1813 παντὸς
3378 1751 3470 1803 τοῦ
3504 1752 3607 1822 ζῇν
3641 1751 3819 1821 ἔνοχοι

2238 1834 2379 1909 ἦσαν
2412 1840 2675 1904 δουλείας.
2711 1861 2729 1893 ›
2767 1838 2894 1894 ’Ὧδε
2926 1842 3034 1915 γὰρ
3058 1843 3160 1913 ἔφη
3193 1844 3254 1896 τὸ
3282 1844 3521 1913 Γράμμα
3551 1845 3614 1897 τὸ
3647 1845 3814 1914 ἱερόν.

2240 1934 2300 1984 Oi
2351 1932 2407 1984 δὲ
2454 1933 2554 2001 τῆς
2582 1932 2725 1985 οὕτω
2768 1934 3049 2002 παγκάλου
3096 1936 3191 1987 καὶ
3240 1934 3468 2005 ἀρίστης
3514 1935 3715 2005 βουλῆς
3756 1936 3819 1988 τὺ

2238 2021 2486 2091 ἀπρεπὲς
2532 2023 2909 2094 καθορίςουσι,
2951 2024 3044 2076 καὶ
3103 2023 3291 2093 ὥσπερ
3336 2024 3454 2075 ἐνὸν
3511 2026 3697 2087 αὐτοῖς
3751 2023 3821 2075 τὰ

2237 2111 2448 2181 ἀμείνω
2479 2116 2719 2183 φρονεῖν,
2740 2114 2965 2177 καὶτοῖς
2994 2114 3091 2183 τῆς
3113 2115 3303 2182 σοφίας
3329 2115 3625 2184 ἐπιτιμῶσι
3652 2114 3821 2183 σκέμο

2241 2222 2394 2274 μασι.
2434 2205 2523 2276 Μὴ
2553 2206 2662 2276 γὰρ
2688 2205 2751 2276 δὴ
2780 2206 2979 2277 χρῆναι
3023 2206 3273 2274 λέγουσιν
3319 2206 3481 2259 ὠδῖνα
3524 2206 3621 2259 καὶ
3654 2206 3821 2258 τόκον

2237 2299 2303 2351 ὲκ
2328 2299 2584 2366 γυναικὸς
2617 2297 2989 2368 καταγράφειν
3013 2299 3159 2369 ἡμᾶς
3184 2298 3277 2352 τοῦ
3308 2297 3670 2366 Μονογενοῦς,
3709 2298 3819 2350 οἴε-

2240 2387 2364 2441 σθαι
2392 2388 2450 2442 δὲ
2482 2389 2680 2459 μᾶλλον
2708 2389 2807 2459 τὴν
2854 2388 2946 2442 τοῦ
2980 2388 3155 2457 Λόγου
3194 2388 3354 2457 φύσιν
3389 2390 3467 2452 είς
3511 2386 3574 2441 τὺ
3616 2386 3817 2457 σαθρὸν

2236 2482 2299 2553 δὴ
2339 2481 2496 2535 τοῦτο
2546 2482 2639 2535 καὶ
2691 2482 2920 2551 γηγενὲς
2953 2480 3464 2552 μετεστοιχειῶσθαι
3499 2480 3682 2549 σῶμα,
3719 2478 3816 2532 καὶ

2236 2571 2443 2641 τροπὴν
2467 2570 2835 2638 φαντάζεσθαι
2863 2570 2956 2623 τοῦ
2980 2572 3186 2641 τροπὴν
3205 2572 3306 2623 οὐκ
3325 2570 3544 2633 εἰδότος.
3563 2571 3695 2640 Ἑρή
3708 2586 3817 2639 ρει-

2239 2678 2360 2714 σται
2408 2661 2517 2731 γὰρ
2551 2662 2585 2731 ή
2632 2659 2725 2713 τοῦ
2758 2660 2889 2713 Θεοῦ
2922 2659 3083 2728 φύσις
3142 2662 3201 2713 ἐν
3238 2661 3386 2723 ἰδίοις
3435 2660 3681 2731 ἀγαθοῖς,
3721 2662 3814 2712 καὶ

2236 2753 2631 2807 ἀκατάσειστον
2658 2751 2767 2823 ἔχει
2803 2752 2899 2804 σὺν
2928 2752 3013 2820 ἐφ’
3042 2762 3069 2802 τι
3097 2747 3179 2816 οἷς
3209 2754 3324 2805 ὲστι
3346 2751 3816 2823 διαμονήν.Φύσις

2241 2844 2340 2914 μὲν
2387 2845 2558 2915 γάρὴ
2604 2844 2829 2915 γενητὴ,
2876 2844 2970 2896 καὶ
3010 2843 3188 2914 χρόνῳ
3236 2842 3631 2915 παρενεχθεῖσα
3676 2841 3815 2911 πρὸς

2238 2935 2452 3003 γένεσιν
2481 2944 2526 2999 ι’,
2572 2934 2734 2987 πάθοι
2785 2934 2850 2987 ἂν
2897 2934 2996 3004 τὴν
3048 2933 3354 2986 ἀλλοίωσιν.
3406 2932 3515 2985 Καὶ
3557 2931 3660 2984 οὐκ
3711 2930 3817 2995 ἔξω

2236 3028 2396 3096 λόγου
2447 3027 2540 3082 τοῦ
2593 3027 2925 3098 καθήκοντος
2972 3043 3030 3077 τε
3082 3026 3175 3079 καὶ
3232 3024 3464 3095 ἀληθοῦς
3508 3023 3569 3076 τὸ
3624 3022 3817 3093 χρῆμα

556 3114 793 3169 rationes
824 3113 1042 3168 desunt.
1076 3113 1209 3167 Nam
1243 3129 1407 3169 omne
1437 3114 1580 3182 quod
1628 3114 1709 3168 sui
1750 3129 1871 3170 esse
1925 3116 2132 3186 simpli-

2240 3122 2501 3175 κείσεται.
2529 3120 2602 3172 Τὸ
2634 3120 2742 3190 γάρ
2776 3119 2950 3190 ἀρχὴν
2982 3119 3119 3182 ὅλως
3147 3119 3240 3171 τοῦ
3266 3114 3403 3171 εἶναι
3435 3116 3615 3185 λαχὸν,
3648 3114 3823 3167 οἱονεί

556 3198 696 3259 citer
724 3204 939 3259 initium
973 3204 1186 3269 habuit,
1213 3205 1323 3272 jam
1360 3206 1760 3273 quodammodo
1790 3207 1954 3261 simul
1994 3207 2131 3262 insi-

558 3304 672 3351 tam
702 3296 864 3351 habet
902 3298 1342 3352 mutabilitatem.
1374 3297 1443 3350 At
1472 3313 1600 3354 vero
1636 3299 1778 3355 Deus
1801 3340 1815 3365 ,
1850 3300 1941 3369 qui
1987 3299 2132 3354 omni

557 3398 759 3454 mente,
793 3398 848 3443 et
877 3398 1091 3454 natura,
1113 3399 1165 3443 et
1188 3390 1562 3459 generatione,
1585 3398 1637 3445 et
1666 3390 2013 3460 corruptione
2040 3405 2135 3445 su—

559 3484 745 3551 perior
770 3493 873 3549 est,
904 3486 1263 3539 substantiam
1310 3488 1458 3541 omni
1506 3488 1813 3543 mutatione
1845 3489 2133 3544 sublimio-

559 3590 694 3641 rem,
722 3575 1082 3643 potentiorem
1108 3574 1481 3647 majoremque
1536 3578 1721 3632 habet.
1772 3579 1837 3633 Et
1880 3580 2136 3649 quemad-

561 3666 789 3719 modum
839 3666 884 3720 is
947 3675 1154 3721 naturze
1200 3682 1313 3722 suae
1357 3668 1621 3736 qualitate
1675 3670 1929 3725 omnibus
1974 3672 2135 3727 rebus

557 3757 761 3814 creatis
801 3767 1042 3828 praestat,
1075 3759 1451 3828 immensoque
1476 3760 1761 3814 intervallo
1790 3770 1912 3831 post
1954 3777 2015 3816 se
2044 3778 2134 3815 re-

558 3851 757 3921 linquit
786 3862 904 3906 orta
944 3851 1126 3906 omnia
1158 3871 1171 3906 :
1203 3853 1275 3907 ita
1306 3866 1369 3905 ea
1402 3853 1764 3915 incommoda,
1825 3869 1945 3921 qua:
1974 3854 2136 3908 rebus

560 3943 622 3997 al;
666 3942 757 3996 illo
779 3942 1011 3997 conditis
1047 3943 1297 3997 accidere
1337 3942 1532 4006 solent,
1586 3943 1723 3997 adeo
1781 3944 2134 4008 transcendit,

559 4042 619 4087 ut
646 4032 781 4087 nihil
821 4033 1049 4097 abillis,
1088 4032 1302 4087 tametsi
1354 4044 1549 4086 natura
1604 4048 1701 4086 sua
1754 4033 1930 4090 noxia:
1975 4034 2088 4088 sint
2119 4071 2136 4098 ,

557 4125 670 4194 pati
704 4135 887 4195 queat.
930 4124 1071 4179 Deus
1104 4140 1338 4194 namque
1390 4125 1444 4179 in
1476 4125 1634 4179 bonis
1661 4133 1743 4179 est
1789 4123 1920 4178 nulli
1966 4134 2141 4178 muta-

562 4213 696 4268 tioni
744 4213 1057 4282 subjectus;
1104 4224 1371 4270 creatura:
1406 4225 1588 4269 autem
1624 4217 1677 4268 in
1726 4215 1960 4283 quadam
2011 4231 2138 4285 per-

559 4315 721 4377 petua
747 4307 1049 4361 mutatione
1079 4320 1145 4360 ac
1190 4306 1572 4361 vicissitudine
1620 4313 1933 4359 versantur.
1976 4302 2141 4372 Cujus

561 4398 640 4453 rei
672 4398 933 4467 propheta
965 4395 1234 4452 Jeremias
1260 4413 1601 4467 nequaquam
1638 4398 1896 4467 ignarus,
1935 4396 2139 4467 optime

2239 3234 2359 3279 πως
2403 3216 2503 3285 ἤδη
2554 3216 2648 3268 καὶ
2707 3212 3153 3282 συνεσπαρμένον
3203 3211 3315 3282 ἔχει
3358 3210 3419 3262 τὸ
3468 3206 3821 3262 ἀλλοιοῦσθαι

2235 3308 2363 3361 δεῖν.
2393 3306 2523 3369 Θεὸς
2557 3304 2613 3358 δὲ
2654 3307 2681 3357 ὁ
2724 3304 2929 3366 παντὸς
2977 3302 3237 3355 ἐπέκεινα
3282 3300 3398 3366 νοῦ,
3444 3300 3539 3352 καὶ
3574 3298 3816 3367 φύσεως,

2237 3400 2331 3452 καὶ
2361 3398 2646 3466 γενέσεως,
2684 3397 2778 3448 καὶ
2808 3394 3035 3465 φθορᾶς,
3061 3394 3158 3463 τὴν
3187 3393 3417 3463 ὓπαρξιν
3446 3391 3584 3460 ἔχων
3618 3390 3820 3461 ἐξῃρη-

2240 3490 2408 3561 μένην
2442 3488 2537 3541 καὶ
2575 3486 2975 3557 ὑπερίσχουσαν
3000 3497 3046 3549 9,
3081 3484 3321 3553 ἀμείνων
3363 3482 3515 3534 ἔσται
3566 3481 3661 3532 καὶ
3694 3496 3820 3548 τρο-

2238 3581 2365 3650 πῆς.
2417 3578 2529 3631 Καὶ
2580 3575 2768 3645 ὥσπερ
2811 3572 2888 3643 τῷ
2917 3574 3015 3642 τῆς
3054 3572 3189 3634 ἰδίας
3224 3570 3436 3639 φύσεως
3481 3570 3625 3637 λόγῳ
3676 3585 3821 3621 παν-

2236 3672 2326 3735 τὸς
2376 3669 2471 3723 τοῦ
2512 3668 2835 3739 κεκλιμένου
2884 3665 3020 3736 πρὸς
3054 3664 3266 3732 γένεσιν
3308 3660 3717 3733 ὑπερανέστηκε
3760 3676 3818 3711 τε

2237 3762 2331 3817 καὶ
2387 3760 2786 3831 ὑπερφέρεται,
2848 3757 2943 3809 καὶ
2998 3754 3157 3808 τοῦτο
3223 3753 3576 3824 ἁσυγκρίτοις
3628 3751 3819 3819 διαφο-

2241 3856 2392 3922 ρσιῖς⁸
2447 3849 2590 3902 οὕτω
2649 3847 2744 3901 καὶ
2805 3849 2862 3900 ὲν
2916 3847 3027 3908 τοῖς
3091 3844 3306 3897 εἰωθόσι
3354 3842 3671 3911 συμϐαίνειν
3709 3844 3820 3903 τοῖς

2236 3943 2303 3996 δι’
2355 3941 2518 3995 αὐτοῦ
2571 3939 2849 4008 γεγονόσιν
2898 3936 3324 4007 ὑπερανεστήξει
3376 3934 3537 3987 πάλιν
3591 3934 3817 3996 παθεῖν,

2237 4036 2337 4088 οὐκ
2383 4033 2536 4095 εἰδὼς
2592 4031 2653 4083 τὸ
2707 4028 2950 4097 πεφυκὸς
3014 4028 3241 4081 ἀδικεῖν.
3297 4024 3507 4079 Οὐκοῦν
3559 4026 3618 4076 ἐν
3684 4026 3822 4092 ἀγα-

2243 4126 2359 4189 θοῖς
2391 4125 2490 4197 μὲν
2522 4123 2583 4177 τὸ
2612 4122 2766 4176 Θεῖον
2807 4118 3225 4191 ἀμεταπτώτοις
3264 4118 3380 4170 ἐστὶ
3402 4134 3415 4147 ·
3447 4116 3518 4169 τὰ
3545 4117 3602 4169 δέ
3633 4133 3695 4183 γε
3726 4117 3821 4183 τῆς

2242 4218 2475 4279 κτίσεως
2527 4216 2585 4268 ὲν
2630 4212 2916 4267 ἀλλοιώσει
2947 4212 3041 4265 καὶ
3083 4212 3345 4280 τροπαῖς,
3393 4209 3486 4261 καὶ
3523 4207 3822 4277 ἀγχίθυροι

2243 4308 2436 4379 ἔχοντα
2494 4307 2591 4376 τὴν
2643 4302 2970 4375 παραφοράν
3002 4303 3044 4355 ί.
3082 4301 3192 4353 Καὶ
3223 4300 3381 4352 τοῦτο
3431 4300 3719 4364 γινώσκων
3762 4292 3820 4349 εὖ

2247 4400 2412 4471 μάλα,
2439 4397 2533 4451 καὶ
2572 4396 2647 4461 ὡς
2682 4397 2879 4467 ἄριστα
2918 4392 3225 4463 φιλοσοφῶν
3257 4393 3285 4443 ὁ
3333 4391 3620 4460 προφήτης
3652 4389 3821 4458 Ἰερε-

563 4491 992 4559 philosophatus,
1028 4488 1199 4543 Deum
1243 4490 1316 4543 ita
1357 4489 1692 4559 compellat:
1732 4508 1750 4540 ι
1805 4486 1884 4541 Tu
1914 4488 2134 4557 quidem

2244 4490 2393 4561 μίας,
2438 4485 2703 4555 ἀνεφώνει
2739 4485 2876 4555 πρὸς
2905 4484 2996 4536 τὸν
3024 4482 3189 4545 Θεὸν,
3218 4483 3300 4534 ὅτι
3342 4501 3359 4531 ε
3392 4480 3463 4531 Σὺ
3512 4478 3823 4547 καθήμενος

564 4588 616 4640 ἱιι
644 4585 899 4640 saeculum
926 4600 1250 4655 permanes;
1284 4600 1383 4640 nos
1427 4593 1609 4638 autem
1643 4596 1750 4637 una
1780 4597 1903 4637 cutn
1938 4581 2137 4636 sati-nlo

564 4675 847 4730 interimus
872 4677 938 4732 '°.
976 4694 994 4727 ι
1032 4675 1198 4730 Sedet
1225 4676 1371 4729 enim
1405 4675 1549 4728 Deus
1579 4683 1836 4743 tanquam
1880 4673 1932 4726 in
1976 4671 2135 4735 solio,

566 4782 783 4836 semper
818 4782 1071 4837 regnans,
1127 4776 1181 4821 et
1212 4767 1264 4820 in
1291 4780 1481 4821 omnes
1527 4766 1815 4835 imperium
1851 4778 2138 4828 exercens,

564 4874 741 4928 neque
767 4858 890 4913 ullis
920 4873 1157 4928 unquam
1190 4857 1694 4928 perturbationibus
1721 4856 1961 4926 agitatur
1990 4870 2003 4906 :
2037 4869 2137 4909 nos

2242 4584 2321 4645 εἰς
2344 4580 2435 4633 τὸν
2468 4577 2664 4642 αἰῶνα,
2695 4576 2791 4629 καὶ
2826 4575 2989 4645 ἡμεῖς
3026 4572 3393 4641 ἀπολλύμενοι
3433 4568 3524 4621 τὸν
3559 4567 3755 4620 αἰῶνα.
3798 4585 3818 4616 ι

2240 4669 2563 4724 Καθεδεῖται
2591 4666 2700 4735 γὰρ
2734 4664 2923 4734 ὥσπερ
2951 4664 3007 4715 ἐν
3049 4662 3199 4724 ἰδίοις
3231 4659 3427 4721 θώκοις
3463 4659 3525 4710 τὸ
3545 4656 3701 4709 Θεῖον
3735 4656 3822 4708 ἀεὶ

2246 4758 2527 4831 βασιλεῦον
2559 4758 2651 4810 καὶ
2681 4753 3063 4825 κατακρατοῦν
3086 4754 3193 4805 τῶν
3219 4752 3375 4817 ὅλων,
3409 4751 3502 4803 καὶ
3526 4747 3631 4801 ὑπὸ
3653 4744 3825 4816 μηδε-

2242 4852 2332 4914 νὸς
2382 4849 2489 4903 τῶν
2523 4846 2713 4901 παθῶν
2764 4844 3197 4916 τυραννούμενον
3218 4860 3231 4873 ·
3264 4844 3427 4912 ἡμεῖς
3450 4840 3508 4894 δὲ
3536 4838 3634 4909 τὴν
3660 4836 3823 4905 φύσιν

564 4960 773 5015 autem,
810 4960 1062 5006 naturam
1107 4951 1173 5005 ad
1217 4951 1577 5005 mutationem
1620 4948 2134 5016 conversionemque

2238 4940 2650 5012 εὑτροχωτάτην
2677 4939 2770 4990 καὶ
2792 4936 3177 5007 εὐπαράφορον
3207 4933 3405 5003 κομιδῇ
3434 4931 3573 5001 πρὸς
3601 4927 3823 4982 ἀλλοίω-

572 5040 1053 5111 Dropensissintam
1105 5041 1310 5106 sortiti,
1354 5039 1516 5095 simul
1559 5055 1682 5094 cum
1731 5037 1931 5092 smculo
1976 5038 2142 5091 inter-

573 5131 715 5187 imus
735 5171 750 5196 ,
785 5132 887 5187 hoc
915 5143 1017 5198 est,
1043 5133 1285 5201 quolibet
1317 5142 1575 5201 tempore,
1606 5130 1974 5199 temporisque
2002 5132 2136 5183 arti-

565 5222 691 5277 culo
757 5222 1114 5277 vicissitudini
1197 5223 1544 5291 interituique
1598 5222 1887 5277 obnoxiam
1970 5221 2135 5274 vitam

567 5311 835 5382 «legimus.
864 5310 1051 5382 Neque
1078 5327 1209 5382 ergo
1236 5313 1492 5369 divinitas
1524 5311 1998 5381 perturbationum
2036 5311 2141 5364 im-

2242 5054 2327 5089 σιν
2356 5036 2572 5103 ἔχοντες
2598 5030 2695 5082 καὶ
2715 5028 2945 5099 τροπὴν,
2971 5024 3327 5095 ἀπολλύμεθα
3347 5024 3437 5076 τὸν
3458 5021 3651 5084 αἰῶνα,
3677 5035 3824 5070 τουτ-

2242 5127 2390 5180 έστιν
2416 5126 2475 5177 ὲν
2520 5121 2683 5176 παντί
2712 5138 2772 5173 τε
2826 5119 3004 5190 καιρῷ
3034 5119 3129 5172 καὶ
3164 5118 3342 5188 χρόνῳ
3389 5112 3622 5184 φθαρτοί
3655 5114 3825 5181 ἐσμεν

2243 5218 2337 5271 καὶ
2365 5214 2602 5287 τρεπτοί.
2656 5212 2782 5266 Οὖτ⁵
2828 5207 2921 5264 οῦν
2950 5210 3010 5263 τὸ
3043 5210 3198 5262 Θεῖον
3249 5209 3445 5276 γένοιτ’
3486 5206 3553 5260 ἀν
3586 5221 3719 5256 ποτε
3769 5205 3828 5254 ἐν

2246 5309 2578 5379 παρατροπῇ
2607 5305 2707 5375 τῆς
2739 5304 2875 5368 ἰδίας
2909 5302 3277 5373 ὲδραιότητος,
3313 5300 3548 5366 ἐξωσθὲν
3578 5299 3684 5352 ὑπὸ
3720 5298 3827 5350 τῶν

637 5467 683 5499 ²⁶
718 5465 874 5522 Joan.
904 5483 943 5533 ι,
976 5467 1064 5522 14.
1162 5468 1205 5500 ’⁷
1244 5467 1422 5523 Galat.
1456 5483 1529 5534 tv,
1558 5469 1613 5522 ll.
1688 5467 1734 5499 ’⁸
1774 5466 2005 5536 Philipp.
2035 5481 2094 5530 tt,
2129 5466 2134 5482 ‘

2260 5466 2303 5498 ’ν
2342 5432 2510 5517 llehr.
2544 5478 2605 5531 tt,
2638 5462 2727 5516 14.
2803 5462 2849 5493 ³ο
2888 5460 3120 5516 Baruch.
3156 5475 3237 5524 ιιι,
3272 5459 3324 5513 5.

1651 5604 1825 5659 Variae
1850 5603 2109 5658 lectiones
2133 5603 2335 5657 codicis
2362 5600 2719 5671 Seguieriani.

648 5745 673 5784 τι
711 5735 809 5805 τὴν
838 5736 941 5806 ἐφ’.
1023 5748 1043 5777 ι
1083 5737 1333 5807 ὓπαρξιν.
1415 5748 1435 5777 ε
1480 5737 1930 5809 ὑπερισχύουσαν.

2020 5743 2035 5779 ⁸
2074 5744 2451 5817 παραφθορὰν.
