4146 6460
192 338 332 397 1M9

187 451 378 506 παθῶν
397 469 410 481 ο
439 450 552 504 οὔτ’
582 449 650 503 ἂν
678 451 710 521 ἡ
741 449 954 520 φθαρτή
978 468 1034 503 τε
1064 453 1156 504 καὶ
1188 453 1544 525 ἀλλοιουμένη
1574 456 1759 523 φύσις,

186 542 469 594 τουτέστιν
513 541 546 610 ὴ
597 540 854 609 γεννητὴ,
883 541 1379 611 καταπλουτήσειεν
1413 543 1478 596 ἂν
1525 545 1759 615 ούσιώδη

186 631 288 702 τὴν
315 631 599 702 ἅτρεψίαν,
663 630 771 684 οὐδ’
823 630 890 684 ἂν
929 632 1260 700 ὲπαυχήσειε
1303 636 1417 696 τοῖς
1463 638 1562 704 τῆς
1610 634 1760 699 θείας

188 722 406 790 φύσεως
434 721 678 790 ἀγαθοῖς,
712 722 788 782 ὡς
823 722 995 785 ἰδίοις,
1023 725 1057 791 ἡ
1102 724 1300 787 κτίσις·
1333 725 1625 779 ἀκούσεται
1651 729 1760 798 γὰρ

188 815 452 882 εύλόγως’
485 835 504 866 ι
525 815 588 867 Τί
603 815 712 883 γὰρ
733 813 874 882 ἔχεις
893 815 922 866 ὃ
953 815 1051 867 ούκ
1074 815 1298 881 ἐλαὸες;
1328 836 1345 867 ι
1382 819 1581 872 ’Ότιδέ
1613 821 1760 874 ἐστιν

186 905 456 977 ἄτρεπτος
481 906 578 976 μὲν
612 905 705 970 καὶ
728 905 1088 969 ἀναλλοίωτος
1111 909 1389 972 παντελῶς
1415 911 1448 978 ἡ
1469 910 1563 963 τοῦ
1586 912 1759 980 Λόγου

186 997 371 1066 φύσις,
407 995 669 1064 ἀλλοιωτὴ
697 995 753 1048 δὲ
781 994 959 1064 πάντη
982 996 1015 1065 ἡ
1043 996 1265 1066 γενητὴ,
1301 999 1645 1070 καταθρήσαι
1675 1020 1760 1066 τις

183 1087 254 1141 ἂν
289 1089 382 1142 καὶ
413 1088 533 1141 λίαν
571 1087 828 1152 εὐκόλως,
856 1086 1332 1157 ἀναμελῳδοῦντος
1368 1090 1427 1142 ὲν
1473 1091 1759 1162 Πνεύματι

184 1178 282 1232 τοῦ
314 1178 584 1249 μακαρίου
607 1176 772 1229 Δαυΐδ
790 1193 805 1207 ·
843 1196 860 1226 ι
883 1178 947 1229 Ol
971 1177 1194 1248 οὐρανοὶ
1227 1178 1576 1244 ἀπολοῦνται,
1611 1181 1674 1233 σὺ
1703 1182 1760 1234 δὲ

184 1269 466 1339 διαμένεις
487 1288 500 1300 ·
529 1272 625 1325 καὶ
653 1274 856 1338 πάντες
887 1275 964 1337 ὡς
1008 1276 1226 1346 ἱμάτιον
1263 1278 1758 1348 παλαιωθήσονται,

185 1361 282 1414 καὶ
311 1363 444 1415 ὡσεὶ
497 1365 846 1435 περιϐόλαιον
881 1366 1074 1434 ἑλίξεις
1111 1369 1333 1432 αὐτοὺς,
1376 1371 1470 1423 καὶ
1521 1369 1753 1439 ἀλλαγή-

186 1468 373 1504 σονται
393 1468 406 1481 ·
439 1454 504 1506 σὺ
533 1455 590 1507 δὲ
627 1457 657 1509 ὁ
685 1457 852 1520 αὐτὸς
881 1453 952 1523 εἴ,
978 1459 1076 1512 καὶ
1101 1459 1170 1512 τὰ
1197 1459 1291 1532 ἐτη
1325 1478 1419 1514 σου
1452 1461 1553 1514 ούκ
1581 1462 1759 1516 ἐκλεί-

181 1541 364 1608 ψουσι.
404 1563 423 1596 ι
457 1545 567 1597 Ποῦ
596 1548 888 1618 τοιγαροῦν
917 1545 1236 1620 ’μεμένηκεν
1267 1553 1296 1604 ὁ
1336 1552 1500 1615 αὐτὸς
1530 1552 1610 1605 ἔτι
1639 1555 1668 1606 ὁ
1696 1555 1758 1605 ἐκ

181 1631 320 1684 Θεοῦ
371 1634 565 1702 Λόγος,
616 1635 779 1708 εἴπερ
808 1639 958 1691 ἐστὶν
991 1640 1207 1708 ἀληθὲς
1239 1642 1435 1704 εἰπεῖν,
1459 1644 1539 1695 ὅτι
1576 1643 1758 1712 μεθεὶς

179 1724 247 1777 τὸ
271 1726 678 1797 ἐρηρεισμένως
697 1747 756 1782 τε
784 1731 878 1782 καὶ
901 1731 1212 1802 ἀκλονήτως
1236 1732 1398 1802 ἔχειν,
1419 1733 1756 1802 καταπεφοί-

180 1831 319 1882 τηκε
359 1818 458 1886 μὲν
482 1819 560 1882 είς
591 1819 727 1889 ὅπερ
751 1821 852 1874 ούκ
884 1817 972 1891 ἦν,
1017 1824 1452 1893 μεταπεποίηται
1477 1824 1533 1876 δὲ
1561 1825 1653 1877 καὶ
1682 1825 1763 1886 εἰς

185 1907 388 1976 σαρκὸς
426 1908 610 1977 φύσιν,
644 1911 735 1963 καὶ
768 1912 847 1971 είς
870 1912 932 1963 τὸ
967 1912 1290 1984 φθείρεσθαι
1319 1914 1595 1982 πεφυκύς;
1628 1909 1754 1983 Ἆρ’

180 1995 276 2053 οὖν
302 2001 421 2071 οὐχὶ
440 2001 606 2073 λῆρός
631 2021 690 2056 τε
727 2003 830 2074 ἠδη
853 2003 948 2057 καὶ
981 2005 1145 2075 μανία
1174 2006 1364 2070 ταυτί;
1397 2006 1576 2059 καίτοι
1635 2006 1755 2068 πῶς

179 2087 250 2142 ἂν
273 2089 565 2144 ἐνδοιάσειὲ
602 2109 690 2154 τις
721 2110 736 2156 ;

1147 339 1234 394 DE
1275 340 1504 396 RECTA
1545 341 1718 408 FIDE,
1759 343 1851 397 AD
1890 341 2329 399 TIIEODOSIUM
2373 344 2511 399 IMP.

3292 351 3431 414 “50

1862 457 2113 525 pulsione
2135 467 2288 512 extra
2313 458 2546 527 propria:
2561 459 2877 514 stabilitatis
2901 461 3104 516 limites
3133 461 3429 533 aliquando
3515 443 3518 448 ’

1862 549 2285 614 exturbabitur;
2327 563 2500 617 neque
2534 551 2902 618 corruptibilis
2943 567 3158 607 rursum
3190 563 3245 607 et
3287 554 3428 609 alte-

1864 638 2048 692 rabilis
2080 649 2293 703 natura,
2333 640 2436 694 hoc
2467 648 2554 694 est
2597 649 2806 706 creata,
2848 642 3192 696 essentialem
3231 643 3429 696 immu-

1863 729 2185 783 tabilitatem
2247 731 2570 798 quandoque
2629 731 3003 800 adipiscetur;
3073 748 3248 800 neque
3321 735 3428 788 ulla

1859 822 2080 876 omnino
2113 835 2363 875 creatura
2394 822 2591 876 divinae
2625 832 2832 876 natura:
2860 822 3017 876 bonis
3069 821 3237 876 veluti
3291 839 3420 890 pro-

1860 913 1994 982 priis
2050 912 2343 980 aliquando
2388 913 2780 977 coronabitur;
2827 914 3010 967 audiet
3067 914 3236 980 enim,
3282 925 3336 965 et
3377 915 3429 967 id

1860 1002 2074 1071 quidem
2114 1004 2310 1057 merito
2363 1021 2378 1058 :
2436 1021 2455 1054 ι
2513 1003 2649 1068 Quid
2702 1004 2867 1058 habes
2906 1005 3049 1074 quod
3113 1019 3217 1056 non
3281 1018 3433 1058 acce-

1861 1091 2076 1161 pisti”?
2100 1111 2120 1143 ι
2149 1092 2302 1159 Quod
2332 1103 2508 1146 autem
2532 1094 2698 1163 ipsius
2715 1093 2874 1148 Verbi
2898 1105 3087 1148 natura
3113 1096 3284 1149 modis
3315 1109 3431 1147 om-

1861 1184 2020 1237 nibus
2042 1185 2114 1238 sit
2142 1185 2518 1249 immutabilis,
2562 1198 2618 1241 et
2661 1187 2999 1240 invariabilis
3025 1227 3040 1251 ,
3082 1186 3260 1240 omnis
3300 1200 3431 1240 vero

1860 1284 2038 1328 creata
2069 1277 2287 1328 omnino
2323 1277 2597 1331 mutabilis
2627 1278 2750 1346 ιο,
2779 1277 2830 1330 id
2863 1292 2928 1330 ex
2971 1277 3154 1331 divino
3205 1276 3428 1342 Davide,

1858 1366 2096 1418 suaviter
2114 1365 2166 1417 in
2190 1364 2390 1434 Spiritu
2412 1367 2745 1431 modulante,
2765 1366 2910 1420 nullo
2928 1366 3146 1435 negotio
3166 1365 3432 1434 perspici-

1855 1465 1949 1508 tur
1977 1471 1992 1508 :
2028 1472 2046 1505 ι
2076 1454 2232 1518 Cteli,
2260 1457 2409 1509 canit
2435 1456 2502 1521 is,
2527 1457 2800 1524 peribunt,
2823 1464 2876 1510 tu
2896 1466 3076 1509 autem
3104 1467 3426 1525 permanes;

1859 1557 1914 1601 et
1942 1562 2130 1602 onmes
2164 1547 2306 1601 sicut
2335 1549 2712 1602 vestimentum
2745 1555 3087 1602 veterascent
3112 1586 3128 1612 ,
3185 1555 3242 1601 et
3285 1547 3426 1600 sicut

1858 1639 2196 1708 opertorium
2233 1638 2475 1692 involves
2512 1654 2627 1700 eos.
2660 1639 3089 1693 etmutabuntur
3120 1655 3134 1691 :
3164 1646 3218 1691 tu
3243 1646 3425 1690 autem

1859 1729 2002 1784 idem
2047 1729 2161 1797 ipse
2199 1743 2280 1792 es,
2313 1737 2368 1782 et
2405 1729 2530 1782 anui
2575 1730 2647 1782 tui
2694 1745 2800 1782 non
2825 1727 3161 1784 deficient”.
3205 1728 3310 1780 »Αι
3335 1725 3429 1795 qui

1867 1819 1980 1873 tieri
2015 1828 2213 1889 potest,
2241 1827 2299 1872 ut
2331 1819 2421 1872 Dei
2450 1818 2684 1874 Verbum
2718 1820 2857 1874 idem
2883 1833 3108 1889 prorsus
3135 1816 3423 1878 manserit,

1863 1911 1907 1965 si
1931 1926 2055 1964 vere
2079 1910 2344 1965 asseritur
2366 1909 2664 1964 stabilitate
2685 1911 3240 1978 immutabilitateque
3265 1922 3428 1976 quam

1863 2002 2120 2066 habebat,
2160 2001 2372 2065 relicta,
2419 2001 2470 2054 in
2503 2002 2633 2056 illud
2691 2002 2997 2065 transiisse,
3047 2001 3190 2070 quod
3239 2010 3432 2068 suapte

1870 2104 2061 2148 natura
2101 2109 2207 2148 non
2239 2104 2398 2158 erat,
2446 2103 2979 2162 transmutatumque
3017 2107 3138 2148 esse
3166 2093 3218 2146 ῘΙΙ
3268 2099 3428 2146 natu-

185 2195 328 2246 ram,
362 2180 465 2236 hoc
494 2192 600 2247 est,
651 2184 702 2237 in
769 2186 821 2238 id
881 2186 1026 2255 quod
1068 2187 1342 2255 corrumpi
1393 2196 1577 2241 natum
1622 2198 1725 2240 est.
1791 2185 2009 2248 Annon,
2068 2185 2320 2249 obsecro,
2394 2185 2583 2241 isthaec
2621 2201 2770 2240 mera
2802 2195 2930 2240 sunt
2959 2185 3428 2250 deliria?annon,

183 2283 372 2342 aperte
419 2285 547 2328 sunt
600 2276 870 2332 insaniae?
929 2281 1069 2332 Sunt
1120 2283 1368 2348 equidem
1401 2281 1535 2335 citra
1585 2280 1748 2333 ullam
1791 2294 2017 2350 prorsus
2044 2277 2508 2333 controversiam.

255 2368 360 2418 lA’.
404 2367 546 2437 ’Ὠρα
575 2368 686 2437 γὰρ
718 2369 892 2422 εἰπεῖν
918 2373 1038 2434 ταῖς
1069 2372 1294 2435 ἐκείνων
1322 2371 1585 2441 ἀμαθίαις
1613 2372 1759 2424 ἀντι-

182 2457 460 2520 τείνοντας
508 2458 904 2529 ἀμαθὲστερον,
953 2460 1028 2523 ὡς
1063 2461 1212 2514 ἔστιν
1253 2463 1353 2515 οὐκ
1390 2463 1617 2524 ἀπεικὸς
1662 2462 1757 2514 καὶ

183 2546 284 2612 τὴν
337 2546 438 2598 οὐκ
471 2546 580 2598 ἀπὸ
609 2546 716 2616 γῆς
761 2549 940 2618 σάρκα
984 2548 1119 2619 πρὸς
1145 2558 1173 2586 ιι
1215 2550 1314 2620 τὴν
1355 2551 1455 2617 τῆς
1502 2550 1758 2621 θεότητος

183 2633 349 2701 φύσιν
393 2635 690 2705 ἀναφοιτᾷν
743 2635 1002 2690 δύνασθαί
1033 2654 1186 2702 ποτε,
1220 2638 1316 2690 καὶ
1347 2639 1447 2708 τῆς
1498 2639 1756 2693 ἀνωτάτω

186 2725 381 2778 πασῶν
410 2726 598 2788 ούσίας
639 2725 888 2794 γενέσθαι
935 2727 1211 2782 σύστασιν.
1253 2730 1315 2781 Et
1359 2729 1466 2800 γὰρ
1499 2728 1639 2799 αὑτὴ
1665 2730 1764 2799 τῆς

183 2815 444 2884 θεότητος
475 2815 657 2884 φύσις,
685 2817 830 2870 κατά
859 2835 922 2885 γε
967 2817 1065 2890 τὴν
1111 2820 1335 2872 ἐκείνων
1368 2820 1766 2891 ἐμϐροντησίαν

181 2907 265 2969 εἰς
292 2905 394 2975 τὴν
422 2908 519 2978 τῆς
557 2909 758 2978 σαρκὸς
792 2909 1078 2980 μετακεχώ
1103 2928 1235 2981 ρηκε
1261 2910 1445 2978 φύσιν,
1483 2911 1656 2975 οὐδὲν,
1689 2911 1767 2976 ὡς

181 2996 359 3062 ἔοικε,
397 2999 458 3051 τὸ
504 3000 768 3070 ἀπεῖργον
804 3001 906 3064 ἔτι,
932 3001 1030 3072 τὴν
1059 3001 1158 3072 μὲν
1206 3002 1357 3055 κάτω
1388 3019 1447 3055 τε
1487 3004 1582 3056 καὶ
1625 3003 1764 3055 ἰδίαν

1932 2369 2024 2424 XI.
2061 2369 2273 2438 Alioqui
2305 2377 2477 2423 restat
2506 2376 2564 2420 ut
2594 2367 2862 2431 dicamus,
2898 2368 3111 2422 illorum
3139 2365 3429 2422 stuliditati

1856 2462 2106 2518 stolidius
2137 2461 2419 2532 quidpiam
2451 2471 2809 2530 opponentes,
2842 2461 3134 2530 absurdum
3165 2475 3268 2514 non
3298 2476 3419 2516 esse

1860 2563 1918 2607 nt
1946 2563 2158 2608 terrena
2185 2551 2352 2606 etiam
2384 2566 2512 2606 caro
2553 2551 2724 2618 possit
2747 2552 2799 2605 in
2826 2550 3130 2606 divinitatis
3169 2559 3418 2605 natura:

1859 2643 2152 2712 aliquando
2196 2641 2482 2703 converti,
2531 2636 2758 2710 lieriqu'e
2815 2639 3118 2696 substantia
3150 2640 3426 2694 omnium

1859 2748 2108 2802 suprema
2140 2730 2239 2803 (l).
2269 2729 2403 2785 Nam
2433 2733 2482 2785 si
2510 2731 2692 2785 divina
2719 2731 2835 2800 ipsa
2867 2741 3082 2796 natura,
3108 2730 3264 2794 juxta
3309 2739 3428 2786 stu-

1860 2823 2042 2891 pidum
2081 2823 2296 2878 illorum
2319 2835 2563 2885 sensum,
2597 2823 2816 2876 transiit
2848 2821 2897 2874 in
2929 2823 3114 2876 carnis
3151 2831 3424 2884 naturam,

1861 2914 1994 2970 nihil
2018 2915 2238 2970 obstare
2267 2913 2503 2976 videtur.
2527 2912 2816 2981 quominus
2843 2927 2990 2977 caro,
3039 2912 3350 2967 inferiorem
3376 2921 3432 2966 et

1860 3003 2140 3073 prepriam
2194 3001 2588 3056 transcenderis
2649 3009 2945 3067 naturam,
3015 3000 3432 3054 transformetur

181 3088 350 3158 φύσιν
407 3089 820 3160 ύπερπέτασθαι
874 3092 974 3161 τὴν
1033 3093 1232 3163 σάρκα,
1287 3093 1759 3163 μεταπλὰττεσθαι

1865 3093 2030 3149 etiam
2082 3094 2134 3148 in
2193 3093 2450 3147 deitatem
2492 3100 2549 3144 et
2585 3105 2851 3146 summam
2906 3091 3218 3146 essentiam.
3262 3090 3426 3158 Atqui

175 3181 235 3232 δὲ
281 3182 379 3232 καὶ
430 3181 564 3252 πρὸς
619 3181 891 3252 θεότητα,
950 3184 1046 3236 καὶ
1086 3185 1166 3246 εἰς
1213 3184 1401 3237 οὐσίαν
1455 3183 1554 3255 τὴν
1616 3185 1758 3237 ἀνωο

174 3272 350 3325 τάτω.
403 3271 541 3323 Ἀλλ’
590 3272 652 3324 οὐ
707 3275 828 3336 ταῖς
902 3272 1123 3325 ἐκείνων
1175 3272 1489 3335 ἀσυνεσίαις
1557 3272 1619 3325 τὸ
1669 3273 1760 3326 εύ-

178 3361 372 3426 πειθὲς
434 3363 809 3434 χαριούμεθα,
875 3363 1119 3434 ἑψόμεθα
1162 3373 1189 3402 ν
1238 3364 1296 3417 δὲ
1370 3365 1572 3435 μᾶλλον
1637 3367 1758 3429 ταῖς

177 3454 358 3517 θείαις
383 3455 644 3525 1’ραφαίς,
681 3457 780 3509 καὶ
813 3458 1098 3528 Προφήτου
1132 3458 1230 3526 μὲν
1266 3457 1515 3526 λέγοντος
1538 3475 1550 3488 ·
1587 3477 1606 3509 ‹
1628 3459 1756 3512 Ἰδοὺ

175 3549 216 3618 ἡ
251 3545 524 3618 παρθένος
568 3549 626 3600 ἐν
674 3549 874 3617 γαστρὶ
921 3549 1053 3614 ἕξει,
1095 3550 1191 3602 καὶ.
1223 3549 1435 3616 τέξεται
1483 3551 1619 3616 υίὸν,
1664 3551 1760 3604 καὶ

177 3638 480 3693 καλέσουσι
531 3638 614 3717 τὸ.
644 3639 812 3710 ὄνομα
851 3640 1014 3693 αὑτοῦ
1076 3641 1450 3713 Ἐμμανουήλ*
1505 3661 1525 3694 ι
1585 3660 1757 3698 κατα-

179 3729 582 3800 σφραγίζοντος
614 3730 670 3784 δὲ
708 3731 806 3801 τὴν
841 3732 1301 3802 προαναφώνησιν
1343 3731 1436 3786 τοῦ
1485 3735 1756 3806 μακαρίου

180 3821 222 3874 Γ
226 3821 449 3893 αὸριὴλ,
478 3822 571 3874 καὶ
591 3821 688 3891 τὴν
715 3822 921 3876 ἄνωθεν
952 3823 1132 3892 ψῆφον
1160 3826 1224 3892 τῇ
1263 3807 1520 3896 παρθένῳ
1541 3825 1759 3896 διερμη-

178 3912 467 3976 νεύοντος’
504 3933 521 3964 ι
549 3913 640 3984 Μὴ
682 3912 848 3983 φοϐοῦ
885 3914 1010 3984 γὰρ,
1040 3914 1168 3984 ἔφη,
1211 3915 1481 3987 Μαριάμ·
1512 3919 1596 3970 ὅτι
1646 3919 1757 3972 ἰδοὺ

180 4003 437 4075 συλλήψῃ
472 4005 529 4057 ὲν
557 4005 776 4075 γαστρὶ,
813 4005 908 4058 καὶ
939 4005 1069 4078 τέξῃ
1101 4007 1236 4069 υἱὸν,
1277 4009 1371 4060 καὶ
1421 4008 1671 4073 καλέσεις
1697 4011 1759 4064 τὸ

176 4095 358 4165 ὃνομα
409 4096 576 4149 αὐτοῦ
624 4097 855 4166 Ἰησοῦν.
896 4116 914 4149 ο
961 4099 1056 4150 Ἐκ
1108 4101 1366 4166 γυναικὸς
1410 4096 1505 4154 οὖν
1541 4101 1759 4174 ἀληθῶς

177 4187 550 4256 γεγεννῆσθαι
601 4188 935 4259 πιστεύομεν
991 4189 1082 4242 τὸν
1135 4192 1502 4263 Ἐμμανουὴλ,
1555 4195 1650 4247 καὶ⁸
1697 4193 1760 4246 τὸ

177 4278 443 4348 λαμπρόν
471 4297 532 4332 τε
559 4281 654 4334 καὶ
687 4280 1017 4348 ἀξιάγαστον
1057 4283 1156 4352 τῆς
1195 4284 1404 4337 ἑαυτῶν
1434 4285 1652 4354 φύσεως
1696 4287 1758 4338 ού

177 4371 498 4440 διωσόμεθα
553 4373 850 4444 καύχημα,
890 4375 1213 4445 φρονοῦντες
1250 4377 1445 4447 ὀρθῶς.
1501 4379 1761 4449 Ἐπεδράφ

183 4461 322 4525 ξατο
351 4474 377 4501 ι
408 4461 515 4532 γάρ
541 4463 569 4514 ὁ
601 4463 911 4533 Μονογενὴς
957 4464 1078 4533 οὐχὶ
1113 4464 1213 4533 τῆς
1259 4466 1394 4528 ἰδίας
1421 4467 1638 4536 φύσεως
1665 4464 1759 4539 (ἦν

175 4549 297 4618 γὰρ
331 4549 398 4602 ἂν
427 4550 580 4603 οὐδέν
605 4569 656 4604 τι
687 4550 888 4621 μᾶλλον
914 4552 983 4606 τὰ
1003 4552 1125 4604 καθ’
1163 4555 1313 4624 ἡμᾶς
1341 4556 1400 4607 ἐν
1428 4556 1758 4626 ἀμείνοσιν).

174 4640 301 4693 ἀλλ’
319 4641 440 4694 οὐδὲ
461 4643 559 4712 τῆς
585 4643 830 4711 ἀγγέλων
845 4660 857 4672 ·
878 4644 1034 4711 ἀλλὰ,
1061 4664 1078 4696 ι
1113 4645 1430 4714 σπέρματος
1453 4645 1759 4719 ’Λόραάμ,›

173 4732 335 4786 καθά
381 4733 710 4806 γέγραπται.
737 4731 845 4788 ἿΙν
891 4736 1000 4804 γὰρ
1050 4737 1220 4800 οὕτω,
1256 4739 1352 4791 καὶ
1394 4738 1490 4807 ούχ
1533 4739 1760 4810 ἑτέρως,

171 4825 241 4879 τὸ
276 4823 630 4895 διολισθῆσαν
659 4827 742 4889 είς
771 4825 978 4896 φθορὰν
1016 4825 1406 4881 ἀνασώσασθαι
1435 4828 1614 4892 γένος.

254 5002 361 5054 lB'.
403 5002 468 5054 Τί
512 5003 603 5069 δέ;
636 5003 757 5074 ούχὶ
798 5005 1017 5057 κάκεῖνο
1063 4967 1201 5076 πρὸς
1240 5006 1422 5059 τοῖσδε
1481 5005 1760 5060 καταϐαυ-

173 5093 390 5164 μάζειν
423 5093 605 5159 ἄξιον;
644 5096 926 5166 μονονουχὶ
955 5096 1063 5168 γὰρ
1105 5097 1200 5150 καὶ
1239 5097 1301 5151 τὸ
1328 5097 1602 5170 ἐρρῶσθαι
1633 5097 1767 5168 φρά-

1863 3201 1968 3240 non
2007 3185 2080 3239 ita
2118 3182 2435 3252 desipimus,
2481 3197 2582 3238 uec
2629 3191 2773 3236 tanta
2830 3182 3051 3236 levitate
3099 3195 3310 3243 sumus,
3346 3189 3426 3242 ut,

1860 3275 2191 3347 posthabitis
2223 3283 2430 3328 sanetae
2459 3274 2758 3344 Scriptura:
2793 3274 3011 3335 litteris,
3052 3272 3254 3325 insanae
3309 3270 3431 3323 illo-

1864 3383 1982 3422 rum
2035 3365 2325 3422 sententia:
2378 3375 2488 3420 tam
2563 3364 2756 3420 leviter
2815 3363 3260 3426 subscribamus,
3311 3377 3432 3415 cum

1861 3458 2124 3526 propheta
2167 3457 2370 3511 diserte
2424 3454 2608 3509 dicat:
2649 3473 2667 3504 ι
2710 3453 2850 3509 Ecce
2897 3453 3047 3523 virgo
3074 3451 3343 3519 concipiet
3380 3458 3436 3502 et

1861 3548 2033 3616 pariet
2089 3547 2290 3612 lilium,
2337 3555 2394 3600 et
2444 3545 2725 3601 vocabitur
2779 3558 2973 3597 nomen
3041 3544 3158 3610 ejus
3211 3542 3433 3596 Emma-

1861 3639 1984 3694 nuel
2013 3639 2088 3706 ³⁸;
2112 3657 2133 3690 ι
2174 3637 2474 3705 beatusque
2515 3635 2726 3689 Domini
2763 3633 2992 3703 angelus
3031 3632 3275 3696 Gabriel,
3305 3646 3432 3700 pro-

1858 3730 2035 3798 pheta:
2067 3727 2347 3783 oraculum
2395 3726 2732 3781 conﬁrmans
2781 3724 3114 3791 cmlesteqne
3154 3725 3433 3776 decretum

1865 3819 2064 3890 Virgini
2085 3831 2382 3888 exponens,
2409 3817 2482 3871 ita
2510 3814 2764 3884 praedicet
2792 3829 2807 3867 :
2838 3832 2855 3864 ι
2878 3813 2956 3867 Ne
2985 3814 3198 3876 timeas,
3228 3810 3430 3864 Maria:

1859 3926 1984 3968 ecce
2016 3911 2288 3976 concipies
2313 3910 2366 3964 in
2388 3917 2563 3972 utero,
2588 3915 2643 3961 et
2664 3906 2842 3976 paries
2876 3906 3065 3968 lilium,
3121 3913 3175 3957 et
3205 3901 3431 3958 vocabis

1861 4016 2052 4057 nomen
2088 4000 2204 4071 ejus
2246 3999 2428 4056 Jesum
2457 3999 2522 4052 “.
2573 4015 2592 4048 ι
2630 3995 3036 4051 Emmanuelem
3075 3993 3302 4061 proinde
3359 4004 3426 4044 ex

1861 4093 2087 4148 muliere
2109 4105 2235 4147 vere
2293 4102 2480 4146 nattnn
2513 4097 2679 4156 ,certo
2717 4087 3032 4150 credimus;
3082 4099 3255 4154 neque
3302 4083 3429 4136 illu—

1860 4192 2027 4239 strem
2059 4181 2226 4246 illam,
2272 4195 2595 4249 summaque
2640 4177 3000 4232 admiratione
3035 4177 3250 4244 dignam
3277 4183 3434 4249 natu:-

1862 4290 1936 4328 τω
1957 4282 2154 4328 nostra:
2173 4273 2422 4344 gloriam,
2453 4271 2498 4326 si
2523 4278 2671 4325 certe
2695 4267 2958 4338 sapimus,
2980 4264 3393 4336 aspernabimur
3415 4279 3430 4330 ;

1862 4355 2102 4434 suscepit
2141 4379 2374 4433 namque
2412 4363 2742 4433 Unigenitus
2795 4375 2902 4414 non
2946 4359 3218 4428 propriam
3272 4363 3434 4410 natu-

1862 4473 1976 4512 ram
2018 4457 2146 4528 (hac
2192 4457 2336 4510 enim
2375 4455 2585 4510 ratione
2620 4453 2753 4508 nihil
2802 4451 3051 4506 utilitatis
3091 4459 3298 4504 natura:
3338 4462 3436 4502 no-

1857 4560 1986 4606 strae
2016 4548 2383 4618 accessisset).
2407 4547 2500 4602 sed
2531 4561 2706 4614 neque
2731 4545 3029 4615 angelicam
3056 4556 3270 4613 quoque
3311 4556 3433 4595 sus-

1861 4643 2042 4712 cepit;
2089 4656 2298 4701 verum.
2328 4649 2386 4694 ut
2420 4639 2686 4710 scriptum
2733 4648 2853 4704 est,
2883 4654 2903 4688 ι
2963 4635 3192 4688 Abrahae
3248 4645 3434 4686 semen

1864 4733 2224 4803 apprehendit
2256 4732 2323 4785 ³⁸.
2360 4749 2378 4782 ι
2422 4729 2537 4785 lloc
2569 4730 2738 4791 enim,
2767 4743 2871 4782 non
2897 4727 3004 4781 alio
3040 4726 3196 4779 modo
3240 4723 3432 4774 huma-

1866 4841 1994 4880 num
2031 4840 2202 4896 genus
2233 4826 2287 4880 in
2321 4823 2603 4878 interitum
2650 4820 2961 4892 prolapsum
2997 4813 3286 4870 instaurari
3334 4827 3434 4878 po-

1867 4923 2030 4970 terat.

1931 5007 2046 5064 Xll.
2079 5008 2220 5075 Quid
2250 5008 2472 5064 autem?
2519 5007 2714 5078 Annon
2751 5015 2985 5065 summa,
3014 5012 3219 5067 qumsu,
3254 4992 3432 5048 admi-

1865 5099 2076 5155 ratione
2103 5100 2326 5170 dignum
2357 5108 2462 5166 est,
2508 5095 2798 5167 quosdam,
2830 5094 2958 5148 dum
2996 5099 3229 5145 mentem
3279 5101 3432 5142 suam

252 5248 297 5279 "
346 5250 359 5302 l
396 5249 522 5304 Cor.
558 5264 630 5313 iv,
659 5250 709 5304 7.
787 5249 832 5280 "
872 5249 1012 5304 Psal.
1044 5266 1118 5316 cr,
1153 5249 1357 5316 17,18.
1432 5247 1479 5282 ³⁸
1518 5250 1623 5306 lsa.
1677 5265 1751 5307 vn

1861 5251 1894 5306 ι.
1972 5251 2018 5284 ⁸⁵
2058 5249 2190 5308 Luc.
2220 5267 2259 5318 ι,
2287 5251 2380 5309 50.
2456 5252 2501 5285 ⁸³
2544 5249 2708 5307 Hebr.
2739 5264 2802 5314 Il,
2841 5245 2925 5301 16.

1270 5402 1445 5460 Variae
1464 5403 1719 5460 lectiones
1748 5405 1952 5461 codicis
1977 5404 2336 5474 Seguieriani.

289 5541 454 5601 υεὶς.
533 5537 1043 5608 τπροσκεισύμεθα.
1122 5554 1146 5581 ι
1188 5539 1502 5592 ἐπελάϐετο.
1605 5563 1608 5567 ·

258 5692 339 5761 (ι)
371 5691 431 5743 Al
481 5701 526 5745 et
563 5707 820 5761 suprema:
849 5692 1082 5746 omnium
1106 5692 1415 5762 substantia:
1445 5690 1745 5762 subjectum
1783 5708 1892 5746 esse
1920 5693 2104 5760 possit.
