4058 6450
744 350 876 405 ιιιιι

1735 341 1796 397 S.
1834 341 2109 399 CYI‘ilLLl
2148 341 2614 398 ALEXANDRINI
2654 341 2973 399 ARCIilEP.
3903 341 3992 396 H5

741 480 994 520 errorum
1022 461 1306 530 spiritibus
1341 461 1775 524 accommodant,
1815 461 2122 528 divinaque
2162 458 2310 513 Suri.

2433 473 2611 519 mine;
2639 459 2706 526 τῇ
2733 455 3078 524 Θεοπνεύστῳ
3114 455 3152 505 Γ
3157 455 3326 524 ραφῇ,
3362 453 3456 507 καὶ
3483 452 3776 523 πνεύματι
3819 453 3992 522 πλάνη

741 568 912 625 ptime
950 555 1048 622 ιι
1078 563 1285 607 tantum
1320 567 1422 606 non
1454 553 1700 606 nuntium
1728 553 1968 615 mittunt,
2006 553 2056 604 iii
2083 566 2201 605 eam
2240 562 2314 604 te-

743 647 1088 708 meritatem,
1152 644 1519 712 piieriienique
1557 644 1836 697 stultitiam
1889 643 2209 707 devenisse,
2259 655 2317 696 iit

745 735 1069 789 sit-culorum
1099 733 1349 801 epii‘iceni
1407 733 1572 787 Deum
1609 732 1846 787 Verbum
1875 774 1890 798 ,
1927 735 2035 788 Deo
2069 743 2122 788 et
2167 733 2315 788 Patri

743 836 1099 886 cozeiernum,
1136 839 1231 892 per
1251 823 1436 877 carnis
1461 825 1728 892 originem
1757 824 1989 892 primum
2015 826 2315 880 exsistendi

745 917 961 970 initium
1014 916 1268 984 adeptum
1317 929 1437 968 esse
1487 915 1862 982 arbitrentur;
1900 915 2163 987 illumque
2202 903 2316 987 jam

745 1021 888 1060 nunc
919 1007 1134 1060 demum
1174 1015 1360 1058 natum
1413 1005 1800 1073 imaginentur,
1847 1008 1938 1076 qui
1980 1022 2140 1062 omne
2186 1019 2318 1063 tem-

746 1110 846 1164 piis
893 1105 948 1149 et
977 1110 1148 1147 {L'thm
1184 1094 1478 1155 antecedit,
1522 1102 1574 1146 ut
1629 1092 1767 1148 Dens
1799 1096 1887 1149 vix
1938 1099 2155 1151 tandem
2210 1097 2316 1151 aii-

744 1185 986 1254 quando,
1020 1197 1215 1251 nempe
1251 1182 1512 1236 extremis
1551 1183 1700 1237 hisce
1741 1185 2137 1240 incarnationis
2178 1197 2316 1241 tem-

747 1275 972 1344 poribus
1006 1274 1180 1328 factus
1209 1275 1280 1328 sit
1317 1274 1512 1340 Pater;
1566 1285 1618 1328 et
1668 1276 1734 1340 is,
1784 1291 1879 1345 per
1921 1294 2080 1347 quem
2111 1282 2316 1345 omnia,

747 1375 800 1419 et
829 1366 880 1419 in
915 1381 1022 1435 quo
1052 1365 1254 1428 omnia,
1281 1373 1460 1418 sumat
1489 1367 1785 1420 exsistendi
1816 1367 2026 1422 initium
2063 1386 2166 1424 una
2197 1387 2318 1425 cum

749 1455 974 1524 templo,
1035 1454 1178 1522 quod
1212 1454 1382 1508 edidit
1413 1452 1619 1523 Virgo?
1649 1457 1838 1508 Annon
1867 1456 2032 1524 igitur
2059 1458 2125 1510 ad
2175 1473 2320 1512 sum-

749 1560 894 1597 mnin
928 1543 1196 1598 malorum
1238 1543 1516 1611 fastigium
1551 1558 1918 1612 pervenerunt
1945 1584 1960 1610 ,
1984 1536 2084 1615 'qui
2124 1551 2321 1602 mentis

749 1644 970 1704 stupore
1001 1635 1241 1704 oppressi
1269 1673 1285 1699 ,
1320 1633 1516 1689 fabulae
1547 1635 1682 1690 adeo
1717 1636 1938 1690 animali
1974 1647 2029 1690 et
2058 1653 2317 1693 exsecra-

749 1727 843 1782 bili
891 1737 998 1781 tam
1039 1736 1292 1796 prompto
1327 1727 1512 1779 animo
1553 1727 1861 1782 inhaerent?
1895 1746 1914 1779 i
1959 1729 2100 1784 Vere
2134 1731 2321 1798 sepul-

2423 549 2516 602 τὸν
2549 549 2749 601 οἰκεῖόν
2790 565 2936 609 τινες
2967 547 3333 615 ἀπονέμοντες
3374 543 3520 608 νοῦν,
3552 546 3633 607 εἰς
3672 543 3857 596 τοῦτο
3903 545 3992 596 καί

2429 639 2602 692 ίκοντο
2625 639 2968 700 δυσϐουλίας,
3001 638 3094 689 καὶ
3128 635 3523 706 μειρακιώδους
3552 635 3936 704 ἀσελτηρξας,
3961 633 3992 687 ὦ

2422 730 2630 784 οἴεσθαι
2666 729 2794 790 δεῖν,
2824 729 2916 781 τὸν
2960 728 3067 779 τῶν
3100 725 3315 780 αἰώνων
3359 726 3719 797 δημιουργὸν,
3761 725 3872 777 τὸν
3915 744 3992 780 σπι

2423 821 2593 872 αῒδιον
2624 819 2703 890 τῷ
2745 819 2866 888 Θεῷ
2897 819 2989 871 καὶ
3034 817 3210 885 Πατρὶ
3240 816 3374 868 Θεὸν
3411 817 3607 884 Λάγον,
3638 820 3711 887 τῇ
3741 817 3860 885 τῆς
3899 834 3992 884 σας

2425 912 2520 975 ab;
2549 911 2760 980 γενέσει
2791 907 3378 980 συμπαρομαρτοῦσαν
3416 908 3563 976 ἔχειν
3589 909 3694 978 τῆς
3726 910 3992 979 ὑπάρξειε

2425 1005 2525 1072 τὴν
2558 1003 2755 1072 ἀρχὴν,
2799 1003 2898 1054 καὶ
2948 1001 3174 1069 ὀψιγενῆ
3209 999 3577 1067 φαντάζεσθαι
3609 1001 3707 1052 τὸν
3761 1001 3992 1050 ἒπέκειν

2429 1095 2630 1156 παντὸς
2655 1094 2853 1154 αἰῶνος
2887 1093 2984 1144 καὶ
3014 1092 3210 1161 χρόνου
3230 1109 3244 1121 ·
3262 1090 3338 1153 ὡς
3369 1091 3428 1141 ὲν
3451 1091 3715 1159 ἐσχάτοις
3745 1092 3852 1143 καὶ
3880 1092 3992 1159 pili

2426 1184 2648 1252 τοῖςτῆς
2669 1183 3132 1253 ἐνανορωπήσεως
3154 1184 3388 1252 καιροῖς,
3413 1181 3756 1250 Πατέρα’μὲν
3770 1183 3902 1248 γενέ
3913 1184 3992 1236 σει

2426 1273 2518 1326 τον
2544 1273 2708 1326 Θεόνο
2743 1272 3121 1326 συνεισϐαλεῖν
3151 1272 3209 1324 δὲ
3239 1270 3430 1341 ὥσπερ
3457 1271 3537 1334 εις
3559 1271 3622 1323 τὸ
3645 1267 3806 1325 εἶναι
3841 1289 3902 1323 τε
3939 1289 3992 1324 κε

2429 1361 2728 1429 ὑφεστάναι
2772 1362 2851 1430 τῷ
2895 1364 2957 1414 ἐκ
3005 1361 3107 1430 τῆς
3152 1360 3432 1431 Παρθένου
3459 1360 3594 1425 ναῷ,
3634 1361 3733 1414 τὸν
3762 1363 3840 1414 δι’
3871 1357 3934 1413 οἶν
3963 1379 3992 1413 -:.

2428 1453 2630 1516 πάντα,
2656 1453 2752 1505 καὶ
2785 1453 2844 1504 ἐν
2865 1445 2910 1520 ᾧ
2931 1451 2999 1504 τά
3023 1451 3220 1504 πάντα.
3247 1447 3375 1520 *Δρ*
3408 1446 3503 1503 οὖν
3534 1451 3660 1520 οὐχὶ
3693 1452 3843 1520 πρὸς
3877 1452 3992 1521 λῆξι

2429 1543 2528 1613 ἤδη
2555 1543 2654 1612 τὴν
2686 1541 2948 1595 ἀνωτάτω
2975 1541 3328 1611 διεληλάκασι
3375 1539 3487 1596 τῶν
3516 1541 3735 1603 κακῶν,
3767 1542 3822 1592 οξ
3859 1542 3992 1610 μῦθο

2429 1633 2574 1686 οὕτω
2606 1633 2828 1704 γραώδη
2861 1633 2956 1685 καὶ
2995 1632 3250 1702 βδελυρὸν
3294 1631 3702 1702 προχειρότατα
3731 1634 3992 1702 προσηκά

2435 1741 2606 1794 μενοι,
2629 1724 2723 1776 καὶ
2759 1725 2860 1794 τῆς
2889 1724 3132 1795 ἀκράτου
3159 1723 3391 1785 νωθείας
3425 1725 3517 1775 τὸν
3542 1724 3750 1776 οἰκεῖον
3777 1724 3992 1792 Manlii

750 1833 903 1872 crum
938 1827 1134 1888 patens
1165 1826 1248 1873 est
1277 1827 1463 1887 guttur
1490 1833 1716 1884 eorum;
1750 1830 1805 1874 et
1841 1821 2038 1892 linguis
2075 1823 2190 1876 suis
2225 1823 2323 1879 do-

2433 1813 2702 1883 ρώσαντες
2742 1813 2900 1879 νοῦν;
2941 1833 2960 1864 ι
2994 1814 3177 1882 Τάφος
3223 1811 3439 1882 ἀληθῶς
3473 1811 3843 1881 ἀνεῳγμένος
3868 1815 3896 1864 ὸ
3930 1813 3992 1866 λά

751 1909 867 1964 lose
892 1920 1056 1978 agunt
1083 1933 1094 1964 :
1127 1923 1393 1964 venenum
1430 1910 1678 1980 aspidnm
1705 1913 1805 1966 sub
1834 1912 1992 1966 labiis
2020 1927 2206 1966 eorum
2229 1931 2244 1979 ;
2265 1930 2325 1969 os

751 2011 939 2052 eorum
977 1997 1360 2054 maledictione
1387 2005 1443 2052 et
1464 1998 1828 2054 amaritudine
1852 2001 2065 2070 plenum
2095 2015 2178 2058 est
2201 2004 2265 2056 ³⁸.
2302 2025 2320 2057 ι

752 2086 903 2142 illum
939 2104 1207 2159 namque,
1245 2105 1344 2160 per
1378 2106 1538 2160 quem
1591 2092 1897 2147 subsistunt
1943 2096 2147 2161 omnia,
2200 2107 2327 2152 ante

749 2182 931 2234 omnia
960 2181 1236 2238 exstitisse
1285 2185 1598 2238 necessario
1631 2185 2037 2252 intelligendum
2083 2199 2184 2242 est.
2218 2186 2326 2243 Sed

753 2272 885 2340 quid
939 2277 1194 2341 agerem,
1229 2288 1352 2327 cum
1399 2272 1640 2328 Joannes
1673 2276 1920 2330 scribat:
1957 2294 1976 2327 i
2029 2277 2086 2330 lu
2122 2279 2324 2346 princi-

755 2362 845 2429 pio
882 2372 1001 2418 erat
1045 2363 1302 2429 Verbum,
1331 2374 1385 2418 et
1418 2363 1652 2419 Verbum
1687 2377 1805 2420 erat
1844 2370 1984 2434 apud
2019 2367 2228 2435 Deum;
2273 2378 2329 2424 et

759 2453 899 2508 Deus
933 2464 1052 2508 erat
1105 2455 1384 2518 Verbum:
1416 2457 1541 2515 hoc
1592 2467 1711 2512 erat
1769 2459 1822 2512 in
1871 2459 2136 2528 principio
2186 2463 2327 2530 apud

758 2543 968 2600 Deum?
1001 2545 1193 2601 Omnia
1230 2563 1325 2617 per
1359 2548 1533 2616 ipsum
1575 2548 1717 2603 facta
1768 2559 1914 2613 sunt,
1955 2560 2010 2604 et
2042 2553 2163 2606 sine
2209 2554 2329 2622 ipso

757 2637 960 2692 factum
995 2648 1079 2694 est
1111 2653 1285 2708 neque
1317 2655 1510 2704 unum,
1546 2641 1688 2708 quod
1729 2639 1929 2694 factum
1978 2650 2063 2695 est
2089 2642 2155 2696 ³⁷.
2193 2661 2213 2695 ι
2267 2644 2332 2698 Et

756 2729 866 2782 alio
894 2745 1110 2786 rursum
1139 2729 1298 2785 loco:
1341 2747 1360 2781 i
1399 2729 1551 2796 Quod
1600 2730 1699 2784 fuit
1731 2730 1798 2784 ab
1827 2731 2003 2798 initio,
2041 2734 2184 2802 quod
2234 2747 2331 2787 au-

757 2820 1017 2885 divimus,
1065 2823 1208 2890 quod
1239 2823 1474 2876 vidimus
1505 2823 1684 2878 oculis
1743 2826 1968 2889 nostris,
2012 2825 2154 2894 quod
2201 2839 2330 2896 per-

758 2912 1073 2978 speximus,
1127 2921 1182 2968 et
1233 2929 1428 2970 manus
1483 2927 1684 2970 nostra!
1737 2913 2220 2973 contreetaverunt
2268 2918 2332 2973 de

761 3001 1088 3059 Verbo‘vitzn
1114 3022 1129 3060 :
1153 3007 1332 3060 etvita
1364 3009 1703 3061 manifestata
1737 3017 1820 3062 est
1845 3025 1862 3074 ;
1892 3017 1946 3062 et
1976 3008 2211 3064 vidimus
2235 3050 2250 3075 ,
2279 3019 2334 3064 et

763 3104 1048 3159 testamur,
1080 3107 1135 3150 et
1169 3099 1554 3153 annuntiamns
1613 3099 1765 3153 vobis
1812 3099 1979 3152 vitam
2043 3109 2326 3163 retentam,

759 3201 880 3257 quae
909 3197 1028 3241 erat
1058 3189 1197 3256 apud
1233 3188 1471 3253 Patrem,
1501 3190 1827 3258 etapparuit
1853 3190 2010 3244 nobis
2040 3191 2105 3244 ³⁸.
2134 3209 2154 3243 ι
2189 3191 2329 3257 Quin

759 3287 818 3334 et
868 3278 983 3347 ipse
1015 3294 1230 3349 quoque
1273 3279 1528 3336 Christus
1573 3281 1775 3336 Judieis
1823 3290 1931 3336 tam
1979 3283 2328 3351 spectabilem

762 3369 1078 3424 substantiae
1101 3385 1212 3426 suae
1241 3372 1619 3438 antiquitatem
1647 3372 1964 3442 neutiquam
1989 3375 2218 3430 obscure
2239 3375 2324 3429 in-

764 3459 967 3514 sinuat.
1001 3461 1133 3516 Cum
1161 3462 1304 3516 enim
1333 3463 1581 3519 dicerent
1617 3480 1632 3518 :
1675 3481 1694 3515 i
1729 3463 2126 3534 Quinquaginta
2162 3481 2335 3522 annos

765 3551 1001 3605 nondum
1034 3552 1224 3618 habes,
1256 3563 1310 3609 et
1343 3555 1615 3629 Abraham
1660 3555 1845 3610 vidisti
1872 3556 1964 3609 “‘9
1995 3575 2013 3607 ι
2057 3555 2333 3624 Ejusmodi

763 3657 1083 3712 responsum
1104 3654 1290 3716 aperte
1314 3645 1549 3700 tulerunt
1575 3664 1590 3677 ·
1625 3664 1645 3697 ‹
1674 3646 1868 3710 Amen,
1896 3661 2055 3700 amen
2084 3646 2208 3699 dico
2236 3662 2331 3701 vo-

764 3734 868 3798 bis,
902 3747 1191 3805 antequam
1241 3737 1514 3791 Abraham
1563 3738 1740 3806 fieret,
1777 3753 1875 3806 ego
1911 3753 2030 3793 sum
2055 3736 2121 3794 “.
2158 3756 2176 3789 ι
2213 3737 2333 3792 Jam

763 3841 884 3879 cum
910 3829 1136 3882 verbum
1170 3829 1301 3882 illud
1341 3828 1736 3894 substantiaie,
1777 3839 1930 3893 erat,
1975 3838 2030 3884 et
2065 3845 2203 3894 sum,
2241 3831 2335 3886 ab-

765 3917 940 3974 solute
993 3919 1097 3974 hoc
1163 3919 1286 3974 loco
1343 3931 1637 3988 ponantur,
1693 3921 1764 3974 ita
1817 3921 2056 3989 quidem,
2101 3929 2160 3976 ut
2204 3921 2336 3975 nihil

763 4024 988 4077 prorsus
1021 4010 1290 4064 inferatur
1318 4028 1332 4077 ;
1365 4013 1726 4078 ecquodnam,
1748 4012 1998 4076 obsecro,
2029 4015 2335 4082 generatio-

765 4098 850 4152 nis
883 4098 1094 4154 initiuni
1146 4100 1431 4169 iinaginari
1474 4101 1561 4156 hic
1615 4102 1885 4171 quispiam
1937 4106 2180 4173 poterit?
2231 4109 2338 4162 Aut

764 4204 871 4256 qua
915 4192 1130 4244 tandem
1185 4193 1395 4247 ratione
1445 4193 1562 4247 fieri
1612 4203 1812 4261 potest,
1840 4205 1896 4248 ut
1941 4196 1986 4250 is
2029 4199 2118 4266 qui
2173 4214 2334 4268 supra

763 4290 981 4331 omnem
1030 4286 1268 4333 mentem
1310 4288 1367 4334 et
1417 4295 1636 4336 sensum
1681 4283 1735 4336 in
1787 4282 2051 4353 principio
2097 4296 2235 4352 erat,
2281 4289 2335 4341 in

766 4375 1008 4435 tempore
1036 4379 1093 4422 ut
1144 4370 1491 4433 subsisteret,
1526 4371 1818 4427 inclinatus
1859 4374 2067 4430 fuerit?
2103 4378 2255 4442 Quod
2287 4378 2331 4432 si

764 4456 890 4524 quis
916 4457 1074 4526 paulo
1097 4458 1302 4514 diutius
1336 4461 1538 4515 versari
1592 4462 1648 4516 in
1688 4462 1790 4517 hac
1817 4463 2184 4532 disputatione
2217 4468 2332 4520 vei-

765 4546 860 4612 let,
893 4547 1110 4604 difﬁcile
1131 4565 1236 4605 non
1271 4562 1438 4618 esset,
1468 4553 1796 4608 testimoniis
1824 4553 2132 4609 divinarum
2163 4556 2333 4611 Litte-

766 4657 945 4695 rarum
981 4643 1083 4713 12
1127 4644 1182 4697 in
1223 4644 1460 4698 medium
1511 4644 1778 4710 adductis,
1819 4648 2056 4700 vesania:
2107 4648 2334 4717 hujusce

766 4733 870 4788 tela
905 4737 1188 4802 repellere.
1234 4734 1433 4790 Verum
1475 4752 1941 4804 supervacaneum
1977 4737 2138 4803 duco,
2175 4740 2240 4794 de
2267 4739 2333 4794 iis

763 4841 883 4893 quin
912 4835 1020 4880 tam
1049 4835 1238 4895 aperta
1267 4826 1601 4896 turpitudine
1633 4826 1908 4893 laborant,

2431 1906 2565 1976 ρυγξ
2611 1906 2794 1960 αὐτῶν
2815 1947 2830 1972 ,
2862 1909 2984 1970 ταῖς
3032 1904 3304 1973 γλώσσαις
3338 1903 3518 1958 αὐτῶν
3552 1903 3905 1957 ἐδολιοῦσαν·
3948 1906 3992 1955 ιι

2427 1995 2670 2049 ἀσπίδων
2703 1997 2808 2048 ὑπὸ
2837 1996 2908 2049 τὰ
2951 1997 3105 2067 χείλη
3155 1997 3353 2061 αὐτῶν,
3399 1989 3476 2050 ὧν
3524 1995 3705 2064 στόμα
3749 1996 3894 2064 ἀρᾶς
3931 2011 3992 2046 xa

2432 2087 2663 2158 πικρίας
2703 2089 2886 2158 γέμει.
2919 2107 2935 2139 ι
2971 2088 3074 2140 Τὸν
3099 2088 3206 2158 γάρ
3239 2105 3322 2140 τοι
3356 2087 3425 2140 δι’
3454 2080 3516 2140 οὗ
3560 2088 3630 2140 τά
3665 2089 3888 2148 πάντα,
3927 2106 3992 2138 κα

2430 2181 2842 2250 προϋφεστάναι
2870 2180 2980 2233 τῶν
3015 2181 3279 2234 πάντωνγ
3314 2181 3528 2250 ἀνάγκη
3561 2182 3728 2234 νοεῖν.
3766 2179 3836 2231 Τί
3859 2179 3915 2230 δὲ
3952 2177 3992 2232 δι

2431 2273 2527 2324 καὶ
2552 2272 2727 2342 δρῷεν
2753 2272 2852 2338 ἇνς
2891 2273 3140 2327 Ἰωάννου
3175 2273 3274 2342 μὲν
3305 2273 3614 2343 γράφοντος
3633 2288 3648 2305 ·
3693 2290 3716 2322 ι
3756 2273 3849 2324 Ἑν
3875 2271 3992 2339 ipf]

2428 2360 2498 2434 ἦν
2528 2364 2556 2416 ὁ
2589 2365 2780 2432 Λόγος,
2809 2364 2901 2417 καὶ
2930 2366 2958 2417 ὁ
2987 2363 3158 2432 Λόγος
3187 2358 3256 2434 ἦν
3298 2363 3432 2433 πρὸς
3468 2364 3560 2416 τὸν
3587 2362 3747 2426 Θεὸν,
3770 2364 3865 2414 καὶ
3889 2362 3992 2412 Θεὸι

2428 2452 2498 2526 ἦν
2516 2458 2544 2509 ὁ
2564 2457 2734 2524 Λόγος
2752 2473 2768 2488 '
2799 2448 2953 2519 οὗτος
2985 2451 3056 2526 ἦν
3094 2457 3152 2507 ὲν
3184 2455 3328 2526 ἀρχῇ
3361 2453 3502 2525 πρὸς
3531 2453 3625 2506 τὸν
3651 2453 3814 2506 Θεὸν·
3843 2453 3992 2504 etiam

2429 2549 2497 2601 δι’
2531 2548 2698 2601 αὐτοῦ
2732 2548 2971 2615 ἐγένετο,
3001 2546 3098 2599 καὶ
3121 2547 3292 2616 χωρὶς
3323 2545 3492 2600 αὑτοῦ
3529 2545 3758 2613 ἐγένετο
3787 2544 3909 2597 οὐδὲ
3939 2544 3991 2593 ἒν

2430 2640 2459 2693 ὃ
2497 2640 2710 2708 γέγονε.
2748 2659 2766 2689 ι
2799 2640 2907 2692 Καὶ
2946 2639 3144 2691 πάλινο
3176 2656 3198 2690 ι
3230 2640 3294 2691 Ὃ
3322 2633 3393 2707 ἦν
3419 2637 3517 2691 ἀπ’
3558 2638 3744 2708 ἀρχῆς
3768 2678 3785 2701 ,
3819 2637 3850 2688 ὃ
3883 2638 3992 2704 άκηο

2432 2731 2658 2801 κόαμεν,
2689 2729 2719 2782 ὃ
2746 2729 3076 2800 ἑωράκαμεν
3108 2729 3224 2790 τοῖς
3256 2727 3557 2797 ὀφθαλμοῖς
3587 2729 3778 2798 ἡμῶν,
3813 2728 3844 2780 ὃ
3868 2728 3992 2780 ὲῧειιι

2434 2821 2667 2891 σάμεοα,
2701 2821 2794 2875 καὶ
2831 2822 2887 2873 αἱ
2918 2822 3101 2890 χεῖρες
3144 2818 3304 2890 ἡμῶν
3335 2818 3694 2888 ἐψηλάφησαν
3713 2860 3728 2884 ,
3768 2821 3898 2889 περὶ
3928 2815 3992 2869 τοι

2433 2912 2610 2980 Λόγου
2639 2913 2734 2982 τῆς
2771 2911 2920 2980 ζωῆς
2941 2927 2956 2944 ’
2993 2912 3088 2963 καὶ
3118 2912 3152 2980 ἡ
3185 2910 3300 2981 ζωὴ
3323 2909 3670 2980 ἐφανερώθη,
3704 2911 3809 2963 καὶ
3847 2911 3992 2976 ὲωράς

2434 3021 2608 3074 καμεν
2634 3045 2649 3070 ,
2695 3004 2789 3056 καὶ
2825 3001 3234 3073 μαρτυροῦμεν,
3283 3001 3377 3054 καὶ
3427 3001 3859 3072 ἀπαγγέλλομεν
3897 3003 3991 3069 {apii

2433 3095 2533 3165 τὴν
2577 3093 2723 3165 ζωὴν
2761 3093 2863 3164 τὴν
2908 3093 3148 3156 αἰώνιον,
3183 3093 3305 3163 ἥτις
3346 3087 3416 3163 ἦν
3462 3093 3602 3162 πρὸς
3635 3092 3734 3145 τὸν
3778 3093 3991 3159 Πατέρα

2438 3188 2530 3240 καὶ
2564 3185 2886 3256 ἐφανερώθη
2918 3186 3072 3255 ἡμῖν.
3110 3202 3130 3236 ι
3176 3183 3351 3237 Αὑτοῦ
3384 3185 3442 3238 δὲ
3472 3183 3717 3254 Χριστοῦ
3753 3186 3858 3254 τῆς
3891 3185 3992 3244 ξδξιξ

2437 3276 2728 3348 ὑπάρξεως
2765 3278 2866 3345 τὴν
2908 3276 3152 3330 ἄποπτον
3197 3277 3533 3347 ἀρχαιότητα
3575 3279 3690 3340 τοῖς
3747 3277 3992 3336 Ἰουδαέοιέ

2438 3370 2954 3439 κατασημήναντος.
3020 3369 3239 3439 Ἐπειδὴ
3285 3369 3392 3439 γὰρ
3433 3369 3705 3438 ἔφασκον·
3761 3390 3782 3421 i
3833 3371 3991 3436 Πεντή

2438 3476 2603 3514 κοντα
2649 3459 2744 3528 ἔτη
2788 3457 2942 3512 οὔπω
2984 3458 3162 3528 ἔχεις,
3215 3461 3310 3514 καὶ
3363 3459 3616 3531 Ἀϐραάμ
3669 3459 3992 3531 ἑὼρακαςζι

2437 3552 2779 3621 ἀντήκουσαν
2845 3549 3132 3620 ἐναργῶςο
3189 3569 3209 3603 ι
3253 3551 3425 3622 Ἀμὴν
3471 3551 3617 3619 λέγω
3661 3551 3842 3621 ὑμῖν,
3892 3551 3992 3619 apii

2449 3642 2700 3713 Ἀϐραὰμ
2739 3641 3032 3710 γενέσθαι,
3067 3642 3179 3710 ἐγώ
3215 3644 3349 3712 ειμι.
3388 3662 3408 3694 ι
3451 3638 3528 3696 Οῦ
3559 3643 3619 3696 δὲ
3649 3643 3714 3696 τὸ
3748 3641 3834 3714 ἦν
3873 3645 3992 3694 ἐστι’.

2437 3732 2875 3800 ὲπενηνεγμένου
2909 3731 3158 3801 μηδενὸς,
3193 3731 3284 3786 ναὶ
3315 3732 3424 3801 μὴν
3447 3732 3542 3784 καὶ
3570 3732 3654 3795 τὸ,
3684 3735 3837 3802 εἰμὶ,
3861 3735 3992 3784 τέτα-

2439 3839 2564 3878 κται
2602 3823 2809 3890 σαφῶς,
2839 3823 2961 3876 τινα
2995 3821 3094 3892 τῆς
3136 3822 3404 3890 γενέσεως
3437 3823 3652 3876 κατίδοι
3680 3841 3776 3886 τις
3825 3825 3884 3877 ἂν
3911 3828 3992 3891 τὴν

2437 3913 2640 3983 ἀρχήν;
2678 3914 2748 3964 Ἣ
2787 3912 2909 3967 τίνα
2949 3913 3013 3982 δὴ
3043 3913 3244 3983 τρόπον
3280 3914 3309 3964 ὁ
3339 3912 3415 3965 ὢν
3447 3915 3507 3966 ὲν
3546 3914 3689 3984 ἀρχῇ
3727 3918 3796 3984 τῇ
3827 3914 3992 3976 ante;

2438 4003 2696 4056 ἐπέκεινα
2724 4003 2840 4066 νοῦ,
2860 4004 3228 4074 παραδέξαιτο
3248 4003 3314 4058 ἂν
3341 4004 3406 4057 τὺ
3430 4005 3490 4056 ὲν
3519 4006 3700 4075 καιρῷ
3734 4005 3992 4059 κεκλίσθαι

2441 4093 2575 4164 πρὸς
2606 4093 2868 4167 ὓπαρξιν;
2913 4095 2978 4147 Εἰ
3009 4095 3110 4164 μὲν
3137 4089 3230 4148 οὖν
3253 4111 3337 4157 τις
3376 4093 3552 4148 ἕλοιτο
3576 4105 3600 4131 ι
3648 4095 3868 4158 τούτοις
3899 4112 3992 4163 σχο

2438 4185 2712 4257 λαιότερον
2761 4185 3149 4257 ἀντιφέρεοαι,
3205 4184 3436 4256 χαλεπὸν
3493 4187 3669 4249 οὐδὲν,
3729 4190 3864 4251 τοὺς
3918 4186 3992 4254 τῆς

2440 4279 2797 4334 θεοπνεύστου
2839 4279 2878 4330 Γ
2885 4279 3062 4350 ραφῆς
3101 4279 3575 4350 παρακομίζοντας
3599 4281 3829 4348 λόγους,
3860 4283 3920 4333 τὰ
3947 4282 3992 4330 ἐκ

2439 4373 2539 4440 τῆς
2569 4371 3205 4442 ὲκείνωνὶὲμΰροντησίας
3235 4373 3640 4444 ἀποκρούεσθαι
3673 4374 3836 4444 βέλη.
3858 4373 3930 4425 Τά
3947 4388 3992 4436 7:

2449 4461 2554 4533 μὴν
2581 4462 2752 4525 οὕτως
2795 4462 3001 4534 ἐναργῆ
3045 4464 3305 4518 νοσοῦντα
3343 4465 3435 4517 τὸν
3462 4464 3704 4534 ἔλεγχον,
3755 4465 3856 4518 καὶ
3888 4463 3992 4515 πολὺ

2443 4553 2561 4607 λίαν
2593 4553 2782 4622 ἔχοντα
2827 4553 2890 4606 τὸ
2931 4555 3202 4618 ἀκαλλὲς,
3263 4555 3518 4626 περιττὸν
3557 4551 3718 4626 οἶμαί
3790 4573 3887 4608 που
3923 4555 3992 4604 καὶ

2443 4646 2721 4715 φροντίδος
2769 4644 2974 4712 ἀξιοῦν.
3023 4647 3234 4700 Οὐκοῦν
3279 4649 3367 4700 ἐπ’
3407 4650 3583 4702 ἐκεῖνο
3631 4647 3844 4719 ἴωμεν,
3884 4650 3991 4713 ὅπερ

2439 4739 2558 4790 ἐστὶ
2592 4738 2702 4793 τῶν
2731 4738 3192 4808 κατεγνωσμένων
3223 4740 3502 4807 συγγενές.

1984 4836 2242 4898 tantaque
2309 4829 2570 4884 facilitate
2646 4830 2894 4898 redargui
2919 4841 3164 4899 possunt,
3209 4831 3436 4887 omnino
3496 4846 3716 4886 curare.
3743 4830 3911 4897 Quare
3933 4824 3984 4878 ad

764 4924 816 4977 id
857 4921 998 4990 quod
1031 4920 1324 4986 damnatis,
1358 4919 1510 4975 hisce
1535 4919 1883 4988 Opinionibus
1909 4932 2197 4991 cognatum
2228 4931 2332 4988 est,
2365 4921 2475 4988 jam
2511 4938 2653 4977 nunc
2683 4924 2987 4978 orationem
3053 4936 3456 4981 converiainiis.

834 5012 972 5067 Xlll.
1008 5009 1147 5066 Sunt
1178 5011 1268 5066 alii
1301 5011 1467 5083 igitur
1493 5053 1509 5080 ,
1556 5013 1648 5081 qui
1691 5012 1936 5067 veritatis
1976 5013 2328 5082 pulchritudi-

767 5120 886 5159 nem
926 5106 1254 5168 obscurant,
1307 5105 1663 5172 eamdemque
1708 5105 1931 5171 perinde
1965 5120 2027 5158 ac
2063 5107 2328 5159 iiiiinisina

766 5196 1034 5264 quoddam
1087 5196 1493 5260 adulterantes,
1553 5196 1984 5264 cxtollentesqiie
2055 5200 2105 5251 in
2163 5198 2326 5252 aituin

766 5301 958 5350 cornu,
1000 5285 1386 5354 iniquitatem,
1418 5299 1475 5340 iit
1514 5289 1774 5355 scriptum
1822 5299 1906 5342 est
1952 5288 2034 5352 “,.
2071 5291 2330 5344 adversus

2514 5015 2607 5066 ll".
2651 5017 3136 5088 Παρασημαίνουσι
3187 5018 3292 5090 γάρ
3323 5035 3468 5080 τινες
3509 5016 3608 5086 τῆς
3660 5016 3905 5085 ἀληθείας
3935 5012 3980 5060 τό

2441 5107 2664 5171 κάλλος,
2715 5109 2964 5178 καθάπερ
3001 5127 3052 5161 τι
3084 5110 3325 5178 νόμισμα
3376 5107 3791 5179 κιϐδηλεύοντες
3813 5149 3826 5166 ,
3857 5105 3978 5158 ἐπεὶ·

2442 5195 2624 5264 ροντές
2652 5213 2710 5250 τε
2736 5198 2814 5259 εἰς
2846 5196 2982 5265 ὕψος
3008 5197 3066 5249 τὸ
3098 5198 3263 5266 κέρας
3284 5239 3300 5266 ,
3350 5198 3442 5250 καὶ
3471 5197 3691 5250 ἀδικίαν
3726 5197 3975 5253 λαλοῦντες

2443 5289 2579 5343 κατά
2614 5291 2707 5342 τοῦ
2737 5292 2893 5356 Θεοῦ,
2933 5291 3072 5344 κατά
3105 5291 3164 5344 τὸ
3189 5291 3596 5362 γεγραμμένον.
3641 5287 3977 5360 Ἀνῦπαρκτόν

831 5444 874 5474 ³⁶
896 5441 1036 5498 Psal.
1072 5460 1188 5510 xui,
1213 5445 1268 5510 5,
1301 5447 1350 5499 4.
1433 5448 1471 5478 ³⁷
1505 5445 1658 5501 Joan.
1697 5465 1734 5514 ι,
1773 5450 1875 5503 1-5.
1915 5448 1996 5500 aal
2035 5448 2249 5512 Juan.i,
2286 5449 2326 5513 i,

2464 5451 2506 5482 ³³
2531 5449 2681 5503 Juan.
2716 5467 2832 5513 νιιι,
2860 5449 2949 5502 57.
2992 5449 3034 5479 ¹⁵⁰
3077 5450 3202 5503 ibid.
3237 5451 3323 5505 58.
3395 5449 3434 5481 "
3477 5447 3618 5505 Psal.
3655 5464 3838 5513 LXXI",
3870 5448 3910 5507 5,
3935 5443 3970 5495 δ·

1852 5605 2020 5660 Varizn
2044 5607 2298 5664 lectiones
2326 5605 2524 5664 codicis
2548 5605 2902 5676 Seguieriani‘.

835 5739 864 5780 1
890 5732 1072 5789 ὄντων.
1154 5745 1174 5769 π
1205 5735 1442 5804 βούλοιτο
1464 5738 1543 5792 vel
1571 5737 1678 5790 ἕλοι
1706 5737 1784 5790 τό.
