4146 6464
187 416 334 476 1155

1150 412 1242 468 DE
1276 411 1502 468 RECTA
1543 409 1726 469 FIDE.
1765 409 1858 464 AD
1898 409 2341 468 TIIEODOSIUM
2379 412 2520 467 IMP.

3313 424 3448 480 H56
3525 461 3529 466 -

184 553 251 590 τε
320 539 417 588 καὶ
469 531 654 595 ίόικῶς
703 530 800 600 οὑχ
861 529 1207 600 ὑφεστηκότα
1266 527 1622 598 φαντάζονται
1678 538 1767 580 τον

1876 528 2041 580 Dutttt‘t
2095 528 2409 596 loquuntur.
2475 529 2846 598 tmaginantur
2890 533 3034 588 enim
3101 535 3450 608 Unigenitum

185 625 503 694 Μονογενῆ·
539 625 632 678 καὶ
661 623 760 676 οὑκ
789 618 927 675 εἶναι
965 621 1065 692 μὲν
1108 622 1167 672 ἐν
1209 620 1501 673 ὑποστάσει
1531 622 1598 689 τῇ
1649 618 1768 671 καθ’

189 718 413 778 ἑαυτὸν,
443 715 595 788 ῥῆμα
619 714 679 766 δὲ
708 711 898 774 ἁπλῶς
922 752 937 777 ,
978 712 1072 765 καὶ
1102 710 1258 778 λόγον
1301 709 1392 762 τὸν
1423 709 1566 762 κατὰ.
1605 710 1773 779 μόνην

182 810 292 876 τὴν
327 805 610 877 προφορὰν
638 802 892 872 γενέσθαι
937 801 1091 873 παρὰ
1143 799 1300 853 Θεοῦ.
1339 801 1428 863 Ὠς
1470 800 1565 853 καὶ
1592 802 1649 852 ὲν
1687 801 1774 853 ἁν-

190 895 403 967 θρώπῳ
433 894 754 964 κατοικῆσαι
796 909 960 962 φασιν
1009 895 1059 944 οἱ
1099 891 1347 955 τάλανες.
1394 891 1683 955 Συνοέντες
1715 891 1772 945 δὲ

187 987 341 1043 οὓτω
365 988 459 1042 τὸν
491 985 718 1058 Ἰησοῦν,
753 985 926 1053 ἁγίων
955 983 1054 1054 μὲν
1089 979 1229 1036 εἷναί
1261 1000 1425 1052 φασιν
1449 982 1770 1053 ἁγιώτερον,

188 1082 258 1134 οὑ
289 1080 396 1150 μὴν
424 1079 504 1132 ἔτι
536 1081 632 1132 καὶ
650 1077 804 1135 Θεὸν,
828 1075 1040 1131 Οὐκοῦν
1063 1074 1207 1129 καθὰ
1228 1075 1323 1129 καὶ
1355 1077 1384 1128 6
1403 1074 1497 1129 τοῦ
1523 1075 1773 1146 Σωτῆρος

191 1171 506 1226 ἐπιστέλλει
540 1169 789 1241 μαθητὴς
811 1206 827 1232 ,
860 1169 944 1232 τίς
990 1168 1142 1221 ἐστιν
1173 1169 1202 1221 6
1230 1166 1490 1236 ψεύστης,
1539 1168 1588 1219 εἰ
1639 1166 1712 1236 μὴ
1743 1167 1773 1219 ὁ

189 1264 553 1336 ἀρνούμενος,
583 1263 664 1316 ὅτι
706 1260 914 1332 Ἰησοῦς
939 1262 1040 1314 οὑκ
1079 1259 1228 1313 ἐστιν
1260 1262 1288 1313 6
1315 1259 1584 1330 Χριστύς;
1618 1253 1773 1322 οὗτός

189 1357 346 1409 ἐστιν
389 1359 420 1408 6
454 1355 841 1423 ’Δντίχριστος,
881 1355 910 1406 6
937 1351 1273 1422 ἀρνούμενος
1304 1351 1397 1404 τὸν
1423 1351 1644 1420 Πατέρα
1679 1350 1773 1402 καὶ

190 1446 289 1499 τὸν
323 1445 462 1497 Υίόν.
495 1444 612 1504 Πᾶς
642 1444 670 1494 6
700 1441 1032 1512 ἀρνούμενος
1062 1441 1153 1493 τὸν
1183 1440 1332 1500 Υίὺν,
1385 1439 1507 1492 οὑδὲ
1536 1439 1628 1492 τὸν
1661 1440 1773 1492 Πα-

191 1537 332 1606 τέρα
369 1534 514 1604 ἔχει’
557 1535 586 1586 6
630 1533 907 1603 ὁμολογῶν
947 1532 1036 1584 τὸν
1079 1531 1235 1595 Υἱὸν,
1278 1532 1372 1584 καὶ
1415 1533 1507 1586 τὸν
1553 1531 1772 1602 Πατέρα

190 1627 336 1695 ἔχει..
387 1626 590 1693 Ἄμφω
635 1625 744 1694 γὰρ
797 1624 889 1676 καὶ
938 1621 1006 1674 δι’
1062 1623 1300 1692 ἀμφοῖν,
1361 1623 1458 1675 καὶ
1515 1618 1773 1693 ἑκᾙιτερος

191 1720 258 1771 ὲν
287 1717 534 1787 ἐκατέρῳ
556 1755 572 1780 ,
609 1715 748 1787 πρός
792 1732 852 1768 τε
891 1714 1052 1784 ἡμῶν
1098 1714 1282 1767 αὑτῶν
1341 1715 1436 1766 καὶ
1467 1713 1574 1766 τῶν
1603 1713 1773 1782 ἁγίων

191 1811 449 1879 ἀγγέλων
494 1808 968 1877 ἐπιγινώσκονται.
999 1809 1074 1862 υὺ
1104 1807 1212 1881 γὰρ
1251 1809 1316 1862 ἄν
1345 1826 1429 1871 τις
1477 1809 1770 1879 ἀναμάοοι,

1877 618 1968 671 Dei
2025 619 2256 674 Verbum
2289 622 2712 691 anhyposlaton,
2749 625 2852 679 hoc
2903 636 3006 691 cst,
3055 629 3448 696 subsistentia,

1875 711 1958 763 vel
1989 711 2288 780 hypostasi,
2317 727 2421 779 qua
2463 728 2558 782 per
2585 728 2646 768 se
2673 727 2800 769 vere
2828 730 2894 771 ac
2918 718 3138 786 proprie
3167 722 3470 788 subsistat,

1871 802 2235 868 destitutum;
2277 805 2480 858 nudum
2526 817 2708 860 autem
2750 808 2998 875 verbum,
3053 827 3118 866 ac
3149 789 3472 883 simplicemI

1874 910 2182 950 sermonem
2214 897 2324 949 sola
2359 899 2805 965 pronuntiatione
2835 915 2865 954 ιι
2911 901 3018 956 Deo
3058 903 3264 957 editum
3304 919 3448 959 esse.

1875 987 1987 1041 Hoc
2017 1003 2179 1057 porro
2205 988 2540 1056 prolatitium
2575 990 2800 1046 verbum
2833 993 3018 1049 miseri
3048 995 3124 1049 illi
3155 997 3204 1049 in
3234 997 3451 1054 homine

1875 1078 2210 1134 inhabitasse
2239 1079 2532 1135 allirmaut.
2559 1081 2632 1136 lta
2660 1086 3019 1152 compositum
3057 1086 3244 1142 Jesum
3276 1099 3442 1144 crete-

1875 1170 1952 1224 ris
1981 1171 2190 1226 sanctis
2212 1185 2334 1224 esse
2355 1173 2504 1226 aiunt
2532 1174 2886 1239 sanctiorem,
2912 1191 3016 1231 non
3043 1189 3224 1233 tamen
3257 1181 3448 1237 Deum.

1874 1261 1945 1315 At
1987 1262 2129 1330 quis,
2185 1273 2243 1316 ut
2295 1262 2594 1318 Salvatoris
2654 1268 2822 1320 nostri
2873 1269 3179 1338 discipulus
3239 1274 3450 1339 scribit,

1876 1355 2106 1408 mendax
2134 1365 2238 1419 est,
2276 1356 2377 1410 nisi
2419 1357 2464 1410 is
2494 1358 2585 1426 qui
2657 1362 3102 1430 negauquoniam
3142 1364 3302 1420 Jesus
3344 1383 3451 1422 non

1873 1457 1959 1502 est
1983 1449 2252 1504 Christus.
2287 1449 2388 1504 llic
2441 1461 2528 1505 est
2577 1449 2970 1518 Antichristus,
2999 1457 3090 1523 qui
3142 1467 3301 1526 negat
3350 1457 3451 1511 Pa-

1879 1547 2013 1592 trem
2057 1550 2114 1591 et
2161 1538 2382 1594 Fliium.
2432 1539 2626 1598 Omnis
2677 1544 2768 1612 qui
2818 1554 2982 1615 negat
3031 1545 3248 1614 Filittrn,
3278 1564 3454 1618 nequo

1877 1627 2094 1682 Patrem
2147 1629 2356 1684 habet:
2394 1632 2484 1698 qui
2532 1633 2822 1688 confitetur
2865 1634 3084 1698 Filium,
3133 1646 3187 1691 et
3231 1636 3451 1692 Patrem

1875 1721 2058 1775 habet.
2085 1719 2326 1790 Uterque
2353 1729 2436 1776 est
2459 1722 2606 1776 enim
2641 1739 2738 1792 per
2766 1735 3060 1794 utrumque
3091 1744 3106 1792 ;
3141 1736 3194 1780 et
3227 1737 3455 1799 uterque

1875 1828 2089 1868 rursum
2116 1829 2239 1868 cum
2271 1815 2339 1868 ab
2373 1815 2604 1883 angelis,
2642 1824 2753 1870 tum
2795 1832 2825 1869 a
2867 1818 3028 1872 nobis
3073 1820 3206 1888 ipsis
3239 1836 3456 1890 quoque

191 1903 250 1955 τί
283 1905 401 1954 ἐστι
430 1899 642 1971 Πατὴρ,
680 1901 730 1953 εί
763 1899 838 1971 μὴ
870 1899 997 1952 Υἱὸν
1031 1899 1320 1966 ὑφεστῶτα
1351 1916 1412 1952 τε
1457 1900 1552 1953 καὶ
1581 1916 1767 1966 γεγεν-

1879 1901 1931 1954 iu
1969 1902 2146 1957 altero
2201 1917 2335 1957 esse
2389 1905 2749 1974 dignoscitur.
2783 1903 2932 1960 llaud
2987 1885 3130 1961 enim
3185 1885 3452 1979 quispiam

195 1995 433 2066 νημένον
488 1993 789 2058 είσδέξαιτο
831 1993 976 2047 κατὰ
1018 1991 1163 2046 νοῦν.
1207 1992 1344 2047 Ἀλλ’
1376 1993 1486 2047 οὐδ’
1545 1995 1610 2047 ἂν
1647 1994 1676 2046 ὅ
1721 1994 1767 2045 τι

1876 1993 2006 2061 quid
2065 1994 2137 2048 sit
2193 1993 2359 2049 Pater
2394 1995 2670 2062 didicerit,
2723 1998 2828 2052 nisi
2885 1996 3081 2054 Filium
3137 2011 3344 2067 natum,
3399 2015 3456 2058 et

196 2088 332 2141 ποτέ
361 2090 510 2141 ἐστιν
536 2089 566 2140 ὀ
593 2087 720 2150 Υἱὸς
745 2086 1016 2156 ἀναμὰθοι
1046 2086 1228 2150 πάλιν,
1258 2087 1306 2138 εί
1332 2086 1428 2155 μὴ,
1446 2086 1529 2138 ὅτι
1559 2088 1767 2138 τέτοκεν

1871 2093 2258 2153 enypostatou,
2293 2087 2398 2141 hoc
2429 2097 2514 2142 est
2559 2102 2656 2156 per
2708 2103 2768 2143 se
2817 2089 3230 2158 subsistentem,
3274 2105 3454 2150 mente

197 2183 230 2232 6
272 2179 483 2250 Πατὴρ,
519 2178 853 2248 διενθυμοῖτο
887 2175 1093 2244 σαφῶς.
1128 2175 1340 2229 Οὐκοῦν
1373 2177 1666 2244 ἀναγκαῖον
1700 2171 1767 2228 οἷ-

1875 2176 2172 2245 concipiat.
2209 2175 2316 2231 Sed
2346 2191 2523 2248 neque
2550 2179 2679 2248 quid
2707 2182 2778 2234 sit
2807 2182 2999 2248 Filius,
3036 2199 3253 2240 rursum
3287 2187 3452 2242 intel-

199 2271 302 2340 μαί
326 2287 430 2323 που
459 2270 554 2322 καὶ
578 2269 816 2337 ἀσφαλὲς
848 2269 1041 2329 εἰπεῖν,
1069 2269 1145 2328 ὡς
1172 2268 1329 2338 εἰπερ
1359 2267 1508 2320 ἐστὶν
1539 2266 1767 2336 ἀνύπαρ·

1878 2267 1970 2336 ligi
2021 2283 2050 2319 tt
2099 2281 2372 2336 quoquam
2427 2272 2775 2354 queat,.nisi
2811 2275 2950 2341 quod
2991 2275 3150 2331 Pater
3179 2281 3451 2346 genuerit,

199 2378 329 2426 κτος
359 2365 389 2415 6
414 2363 562 2426 Υἱὸς,
607 2361 720 2414 οὐδ’
769 2362 833 2414 ἂν
871 2362 964 2414 τὸν
1020 2361 1244 2432 Πατέρα
1277 2360 1492 2431 πατέρα
1539 2359 1682 2413 κατὰ
1716 2359 1767 2411 τὲ

1882 2355 2086 2426 liquido
2115 2357 2256 2426 apud
2286 2372 2409 2414 sese
2444 2362 2760 2417 constituat.
2796 2362 3161 2429 Quamobrem
3195 2383 3451 2423 necessa-

195 2453 396 2526 ἀληθὲς
419 2454 699 2524 νοήσωμεν
724 2453 808 2506 ἄν.
843 2451 951 2506 Ποῦ
977 2451 1084 2522 γάρ
1108 2451 1225 2506 ἐστι
1267 2451 1470 2521 πατὴρ,
1504 2452 1553 2503 si
1584 2449 1659 2521 μὴ
1690 2453 1777 2504 τέ-

186 2564 356 2600 ’τοκεν
395 2544 642 2616 ἁληθῶςς
693 2545 726 2616 ἢ
757 2545 916 2615 εἴπερ
951 2547 1248 2616 γεγέννηκε
1287 2543 1350 2596 τὸ
1388 2543 1464 2614 μὴ
1505 2541 1774 2612 ὑφεστὼς,

203 2637 338 2708 μηδὲ
383 2636 625 2707 ὑπάρχον
672 2637 828 2700 ὅλως,
867 2636 930 2689 τὸ
978 2636 1238 2707 γεννηθὲν
1275 2635 1428 2689 ἔσται
1475 2636 1535 2688 τὸ
1589 2634 1771 2705 μηδέν.

197 2729 275 2782 Τὸ
311 2727 420 2800 γάρ
445 2746 529 2782 τοι
565 2727 640 2798 μὴ
661 2728 910 2796 ὑφεστὼς
934 2767 949 2792 ,
982 2729 1040 2780 ὲν
1073 2729 1173 2797 ἴσῳ
1201 2728 1278 2798 τῷ
1311 2727 1521 2797 μηδενὶ,
1573 2727 1774 2796 μᾶλλον

195 2820 254 2873 δὲ
281 2816 556 2880 παντελῶς
587 2816 740 2870 οὐδέν
758 2833 773 2848 ο
801 2811 920 2869 εἶτα
949 2813 1043 2868 τοῦ
1077 2813 1304 2886 μηδενὸς
1341 2814 1493 2867 ἔσται
1527 2811 1716 2882 Πατὴρ
1744 2814 1773 2864 6

194 2909 350 2973 Θεός.

1881 2448 2022 2502 rium
2053 2458 2183 2518 puto
2215 2462 2279 2503 ac
2305 2465 2558 2506 securum
2612 2453 2728 2508 lore
2769 2455 2952 2510 dicere
2981 2458 3149 2526 quod,
3197 2461 3242 2512 si
3283 2461 3455 2516 Filius

1875 2553 1983 2592 non
2019 2538 2292 2606 subsistit,
2327 2555 2504 2610 neque
2530 2541 2698 2597 Pater
2731 2559 2947 2614 quoque
2973 2561 3101 2602 vere
3130 2549 3292 2603 Pater
3323 2552 3448 2605 erit.

1876 2628 1982 2685 Ubi
2013 2629 2160 2684 enim
2190 2631 2296 2686 erit
2337 2642 2512 2700 pater,
2569 2633 2615 2689 si
2653 2647 2780 2691 rere
2810 2651 2915 2691 non
2961 2641 3187 2707 genuit?
3217 2639 3450 2699 Rursum

1873 2720 1917 2774 si
1954 2721 2005 2774 id
2051 2721 2192 2789 quod
2221 2723 2430 2789 genuit,
2473 2738 2580 2778 non
2620 2726 2890 2794 subsistit,
2947 2739 3041 2784 aut
3086 2735 3308 2788 omnino
3346 2752 3450 2791 non

1873 2808 2128 2874 exsistit,
2187 2811 2360 2878 ipsum
2435 2814 2677 2882 genitum
2749 2817 2885 2872 nihil
2946 2822 3242 2890 quidquam
3301 2827 3448 2882 erit:

1875 2899 2314 2970 quandoquithetn
2351 2903 2498 2971 quod
2541 2919 2648 2959 non
2701 2907 2980 2973 subsistit,
3013 2926 3168 2980 mque
3200 2896 3262 2967 ac
3298 2916 3451 2982 nihil,

1875 2999 1968 3042 aut
1991 2989 2076 3061 (ut
2112 2993 2294 3046 verius
2337 2992 2537 3064 dicam)
2567 2997 2698 3051 nihil
2742 3009 2826 3054 est
2856 3015 3119 3068 prorsus:
3147 3019 3279 3074 ergo
3312 3005 3454 3061 Dctts

1875 3081 2056 3136 nullus
2077 3082 2240 3137 Pater
2266 3084 2394 3138 erit.

267 3166 364 3220 lA'.
420 3165 558 3218 Ἀλλ’
606 3156 650 3218 ὦ
690 3162 978 3234 βέλτιστοι,
1019 3163 1186 3232 φαίην
1225 3161 1294 3216 ἂν
1327 3161 1502 3230 ἔγωγε
1536 3161 1675 3231 πρός
1706 3175 1767 3228 γε

1945 3173 2088 3228 XIV.
2151 3175 2352 3233 Verum
2411 3176 2717 3245 hujusmodi
2777 3182 3030 3238 doctores
3082 3188 3275 3242 merito
3320 3203 3454 3244 sane

194 3257 324 3319 τοὺς
349 3255 455 3310 τῶν
474 3254 730 3309 τοιούτων
780 3253 1074 3324 ἐξηγητὰς,
1119 3253 1275 3317 ὕθλος
1299 3254 1505 3314 εἰκαῖος
1534 3251 1603 3304 τὰ
1636 3251 1767 3321 παρ’

196 3347 370 3418 ὑμῶν.
399 3349 470 3400 ’Ἡ
501 3345 635 3415 γοῦν
663 3346 912 3416 ὶρομένῳ
956 3345 1189 3416 φράζετε
1209 3382 1226 3407 ,
1262 3343 1378 3406 πῶς
1423 3341 1700 3412 ἐξαίρετος
1733 3342 1768 3411 ἡ

193 3442 277 3502 εἰς
305 3439 452 3509 ἡμᾶς
475 3438 754 3508 ἀγάπησις
779 3437 873 3490 τοῦ
897 3436 1031 3490 Θεοῦ
1061 3436 1156 3490 καὶ
1203 3435 1435 3505 Πατρός.
1465 3435 1576 3486 Καὶ
1602 3436 1651 3486 εἰ
1679 3433 1766 3486 δέ·

191 3527 366 3581 δωκεν
388 3526 528 3594 ὑπὲρ
559 3527 718 3596 ἡμῶν
756 3524 848 3582 τὸν
887 3524 1035 3583 Υἱὺν,
1066 3525 1158 3577 τὸν
1187 3524 1307 3576 καθ’
1351 3524 1496 3593 ὑμᾶς
1541 3524 1640 3592 οὐχ
1669 3525 1766 3590 ὑφ-

193 3615 482 3686 εστηκότα,
525 3614 586 3666 τὸ
620 3613 789 3684 μηδὲν
835 3614 940 3685 ἄρα
985 3613 1217 3667 δέδωκεν
1248 3612 1389 3682 ὑπὲρ
1435 3611 1613 3682 ἡμῶν.
1657 3612 1769 3665 Καὶ

194 3708 318 3762 οὔτε
348 3707 484 3778 σὰρξ
512 3708 541 3759 6
565 3707 736 3774 Λόγος
765 3706 1010 3773 γέγονεν,
1041 3704 1168 3758 οὕτε
1215 3704 1309 3756 τὸν
1341 3705 1523 3774 τίμιον
1556 3702 1766 3772 ὑπέστη

198 3800 452 3871 σταυρὸν,
486 3798 613 3852 οὔτε
643 3801 964 3868 κατήργηκε
1009 3794 1108 3849 τοῦ
1156 3796 1387 3850 θανάτου
1441 3794 1503 3848 τὸ
1545 3795 1765 3864 κράτος,

194 3891 318 3945 οὔτε
347 3891 453 3962 μὴν
477 3891 739 3944 ἀνεϐίωσε
769 3890 952 3945 πάλιν.
981 3889 1044 3941 Ei
1077 3887 1187 3957 γὰρ
1226 3888 1340 3939 ἐστι
1372 3886 1434 3939 τὸ
1477 3887 1643 3956 μηδὲν
1673 3885 1768 3938 καὶ⁸

194 3981 560 4052 ἀνύπαρκτος,
599 3978 722 4032 καθ’
755 3978 900 4047 ὑμᾶς
920 4015 937 4040 ,
961 3975 1079 4040 πῶς
1132 3974 1189 4029 ἐν
1229 3991 1292 4042 γε
1323 3971 1534 4035 τούτοις
1571 3971 1766 4039 γένοιτ’

193 4071 295 4134 iv;
326 4068 696 4136 Πεφενάκικεν
739 4061 832 4120 οὖν
864 4066 974 4136 ἄρα
1009 4066 1108 4135 τῆς
1159 4063 1318 4132 ἁγίας
1359 4062 1583 4132 Γραφῆς
1619 4063 1647 4114 6
1682 4060 1768 4113 λό-

195 4179 292 4232 γος
319 4162 446 4225 τοὺς
472 4160 930 4222 πεπιστευκότας,
964 4158 1060 4210 καὶ
1095 4158 1129 4226 ἡ
1153 4157 1251 4224 τῆς
1292 4155 1525 4217 πίστεως
1553 4153 1764 4222 ἑδραιό-

193 4272 295 4326 της
340 4254 550 4324 οἴχεται
581 4251 720 4323 πρὸς
765 4251 828 4303 τὸ
876 4250 1062 4319 μηδέν.
1110 4249 1172 4300 Τί
1203 4247 1294 4312 δέ;
1354 4247 1454 4300 οὑκ
1488 4248 1544 4298 ἐν
1582 4245 1762 4316 μορφῇ

192 4344 332 4398 Θεοῦ
361 4343 624 4414 ὑπάρχειν
655 4341 748 4394 τὸν
778 4341 926 4406 Υίὸν,
968 4340 1029 4393 τὸ
1060 4340 1202 4413 ἱερὸν
1241 4341 1374 4409 ἡμῖν
1419 4340 1764 4409 κατεσήμανε

189 4433 454 4505 Γράμμα,
495 4432 680 4486 εἰκόνα
717 4448 779 4484 τε
808 4430 970 4484 αὑτὸν
1006 4429 1101 4482 καὶ
1133 4428 1460 4500 χαρακτῆρὰ
1502 4445 1635 4498 φησι
1667 4428 1762 4480 τοῦ

1871 3280 2103 3334 magnos
2151 3277 2450 3336 nugator-es
2501 3272 2909 3338 appellaverint.
2949 3277 3161 3347 Alioqui
3218 3295 3453 3350 percon-

1869 3356 2018 3411 canti
2073 3357 2209 3412 mihi
2241 3360 2586 3429 respondete,
2618 3377 2922 3433 ecquonam
2957 3379 3114 3436 pacto
3143 3370 3235 3426 Dei
3267 3383 3323 3426 et
3352 3374 3452 3428 Pa-

1873 3447 1972 3500 tris
1994 3462 2121 3518 erga
2155 3463 2254 3504 nos
2303 3451 2520 3505 dilectio
2545 3454 2744 3508 eximia
2773 3460 3066 3513 exstiterit.
3099 3460 3233 3516 Nam
3283 3466 3329 3518 si
3361 3465 3451 3518 Fi-

1871 3535 2022 3602 lium,
2089 3539 2182 3607 qui
2221 3551 2407 3595 vestra
2448 3545 2718 3597 sententia
2765 3561 2870 3599 non
2908 3549 3191 3615 subsistit,
3226 3567 3323 3621 pro
3356 3571 3451 3609 no-

1871 3628 1956 3682 bis
1984 3629 2232 3694 tradidit,
2267 3631 2402 3685 nihil
2439 3633 2625 3702 utique
2650 3637 2874 3692 omnino
2918 3641 3089 3694 nosui
3123 3655 3286 3697 causa
3339 3655 3450 3700 tra-

1871 3719 2027 3775 didit.
2063 3719 2170 3776 Sed
2203 3736 2380 3791 neque
2428 3723 2663 3779 Verbum
2693 3741 2909 3796 quoque
2943 3730 3142 3786 factum
3175 3744 3264 3788 est
3296 3751 3448 3804 caro,

1872 3824 2048 3878 neque
2074 3812 2373 3879 pretiosam
2399 3814 2503 3883 13
2524 3829 2743 3870 crucem
2771 3819 3055 3888 sustinuit,
3084 3839 3264 3894 neque
3293 3842 3443 3881 mor-

1873 3902 1940 3956 tis
1968 3902 2255 3971 imperium
2292 3905 2516 3971 delevit,
2551 3921 2726 3976 neque
2775 3909 2826 3962 in
2872 3912 3062 3977 vitam,
3087 3931 3248 3985 quam
3282 3919 3449 3988 depo-

1869 4004 2073 4058 suerat,
2109 3996 2288 4049 denuo
2320 4011 2598 4052 reversuro
2647 4011 2748 4056 est.
2786 4000 2920 4057 Nam
2956 4006 3024 4068 si,
3067 4017 3122 4060 ut
3152 4021 3244 4063 vos
3273 4026 3445 4080 nuga-

1871 4083 2022 4150 tnini,
2054 4086 2188 4140 nihil
2214 4097 2320 4150 est,
2357 4104 2533 4156 neque
2589 4092 2640 4144 in
2691 4108 2871 4148 rerum
2920 4107 3110 4152 natura
3159 4101 3446 4169 subsistit;

1867 4190 1976 4242 quo
2013 4189 2170 4246 pacto
2219 4179 2330 4234 hmc
2372 4181 2424 4234 itt
2473 4182 2620 4235 illum
2664 4186 3034 4242 conveniunt?
3070 4189 3277 4246 Divina:
3318 4208 3448 4264 ergo

1869 4268 2162 4338 Scriptura:
2201 4273 2284 4326 his
2313 4273 2403 4341 qui
2437 4275 2786 4330 crediderunt
2831 4278 3159 4345 imposuere,
3217 4285 3447 4355 lldeique

1867 4362 2100 4415 lii-initas
2140 4367 2352 4418 redacta
2381 4375 2466 4419 est
2512 4366 2564 4420 in
2603 4368 2858 4422 nihilum.
2900 4373 3097 4428 Annon
3134 4390 3307 4430 sacra:
3333 4376 3445 4432 Lit-

1869 4460 2000 4505 tera:
2025 4451 2219 4507 Filium
2264 4453 2314 4507 in
2349 4456 2520 4510 l'orma
2574 4454 2666 4510 Dei
2717 4475 2838 4514 esse
2878 4477 2975 4516 nos
3021 4465 3218 4521 docent
3259 4468 3351 4522 “?
3379 4487 3446 4524 an

189 4523 623 4595 Γεγεννηκότος;
653 4522 846 4576 Καίτοι
879 4521 998 4583 πῶς
1032 4519 1190 4572 τοῦτό
1227 4521 1374 4572 ἐστιν
1419 4521 1518 4590 οὑχ
1559 4521 1764 4574 ἅπασιν

192 4616 205 4628 .
1444 4611 1694 4628 γε...

1871 4556 1977 4594 non
2001 4542 2276 4598 chitoris
2311 4546 2601 4614 imaginem
2641 4558 2696 4601 et
2731 4551 3100 4607 characterem
3153 4557 3300 4611 illutn
3350 4574 3438 4628 ap-

187 4613 440 4683 ἐναργὲς,
478 4614 546 4666 Αἱ
592 4613 649 4665 δὲ
693 4611 920 4675 εἰκόνες,
967 4610 1042 4674 ὡς
1071 4610 1139 4662 τὰ
1184 4611 1497 4680 ἁρχέτυπα;
1525 4611 1606 4663 δεῖ
1635 4611 1764 4682 γὰρ,

185 4705 364 4768 οὕτως
407 4705 576 4767 αὑτὰς
619 4704 716 4756 καὶ
750 4704 852 4773 οὑχ
897 4703 1098 4772 ἑτέρως
1132 4702 1293 4773 ἔχειν.
1329 4703 1559 4766 Οὐκοῦν,
1607 4704 1657 4756 εἰ
1689 4705 1765 4774 μὴ

183 4796 553 4858 ἑνυπόστατος
603 4797 637 4866 ἡ
672 4793 858 4857 εἰκὼν,
913 4794 1050 4864 μήτε
1099 4795 1204 4864 μὴν
1243 4797 1299 4847 ἐν
1331 4794 1561 4864 ὑπάρξει
1595 4799 1768 4849 νοοῖτο

181 4890 253 4959 τῇ
281 4887 400 4940 καθ’
424 4887 616 4940 ἑαυτὸν
660 4889 690 4940 6
716 4887 1004 4958 χαρακτήρ
1025 4903 1042 4916 ⁸
1083 4887 1452 4940 ἀνυπόστατον
1493 4884 1633 4940 εἶναι
1663 4886 1764 4939 δὼ-

188 4995 404 5044 σουσιν,
439 4979 516 5041 ὡς
553 4979 612 5045 ἐξ
648 4979 950 5045 ἀναγκαίου
984 4978 1164 5046 λόγου,
1193 4979 1287 5031 καὶ
1324 4979 1414 5032 τὸν
1443 4973 1615 5047 οὗπέρ
1649 4981 1763 5031 ἐστι

180 5071 498 5142 χαρακτὴρ,
528 5071 624 5124 καὶ
645 5071 707 5123 τὸ
733 5071 832 5142 τῆς
861 5071 1068 5134 εἰκόνος
1101 5071 1331 5134 ἀκαλλὲς
1367 5072 1759 5150 ἀναδραμεῖται

179 5162 407 5225 πάντως
427 5162 520 5214 ἐπὶ
549 5161 608 5212 τὸ
639 5161 966 5232 ἀρχέτυπον.

253 5337 357 5390 1Ε¹.
399 5331 536 5390 Εἶτα
585 5337 707 5390 εἰπέ
760 5355 892 5406 μοι,
944 5339 1210 5400 Φίλιππος
1263 5343 1632 5413 χριστομαοὴς
1683 5346 1759 5398 ὢν

171 5433 346 5499 ἄγαν,
391 5428 485 5482 τὸν
531 5429 665 5482 ὄντα
719 5432 813 5483 καὶ
853 5431 1198 5499 ὑφεστηκότα
1249 5435 1466 5503 Πατέρα
1518 5437 1758 5491 κατιδεῖν

171 5519 360 5586 ἠξίου,
393 5518 568 5586 λέγων
591 5534 605 5550 ⁸
646 5537 666 5568 ι
692 5519 887 5590 Κύριε,
917 5520 1086 5586 δεῖξον
1116 5524 1246 5591 ἡμῖν
1267 5523 1358 5576 τὸν
1393 5526 1631 5596 Πατέρα,
1663 5533 1757 5584 καὶ

171 5608 344 5678 ἀρκεῖ
376 5610 545 5678 ἡμῖν;
575 5627 594 5659 ι
647 5608 680 5674 ἢ
730 5609 859 5677 γοῦν
906 5611 997 5663 τὸν
1037 5613 1138 5665 οὑκ
1175 5613 1303 5668 ὅντα
1336 5618 1430 5668 καὶ
1457 5619 1756 5692 ἀνυπόσται

169 5713 304 5760 τον;
338 5693 686 5766 Ἀλλ⁹,οῐμαι,
714 5700 848 5769 φαίη
867 5717 948 5762 τις
969 5701 1035 5754 ἂν
1067 5702 1340 5773 μελλήσας
1368 5707 1538 5773 οὐδὲν,
1559 5711 1639 5762 ὅτι
1663 5714 1752 5767 τὸν

253 5834 302 5864 δ’
346 5827 580 5905 Philipp.
614 5851 672 5903 ιι,
706 5835 760 5890 6.
839 5837 882 5868 ⁸³
923 5837 1088 5893 llebr.
1119 5856 1174 5905 ιι,
1210 5842 1260 5895 5.

1341 5846 1386 5876 ⁴⁸
1424 5845 1582 5904 Joau.
1617 5869 1728 5922 λιν,
1760 5859 1812 5911 8.

1866 4633 2070 4702 pellant
2091 4633 2181 4688 Ml?
2208 4636 2273 4688 At
2307 4638 2392 4690 cui
2431 4638 2655 4692 dubium
2685 4656 2804 4696 esse
2861 4655 3038 4713 potest
3081 4647 3341 4718 imagines
3370 4653 3444 4704 ita

1867 4738 1963 4791 per
2000 4726 2182 4780 omnia
2217 4727 2439 4784 affectas
2463 4745 2584 4786 esse
2611 4745 2889 4801 oportere,
2925 4738 3060 4792 sicut
3100 4741 3212 4810 ipsa
3247 4755 3445 4810 proto-

1868 4817 2038 4885 typa?
2074 4818 2148 4871 ita
2176 4821 2347 4885 enim,
2383 4837 2482 4876 nec
2511 4823 2674 4878 aliter
2721 4841 2946 4883 necesse
2975 4841 3057 4885 est
3089 4833 3207 4888 illas
3237 4853 3295 4890 se
3341 4837 3438 4891 ha-

1864 4907 2016 4962 bere.
2055 4908 2111 4963 Si
2147 4925 2276 4980 ergo
2305 4913 2485 4981 imago
2519 4931 2621 4968 non
2649 4918 2922 4982 subsistit,
2952 4935 3126 4989 neque
3159 4927 3445 4983 character

1870 5012 1967 5066 per
1995 5014 2054 5053 se
2093 5003 2343 5069 exsistit;
2381 5015 2435 5057 et
2467 5006 2614 5060 illum
2644 5008 2818 5076 ipsum
2855 5027 3089 5080 quoque,
3123 5017 3275 5085 cujus
3302 5019 3440 5074 inia-

1867 5103 1935 5155 go
1971 5089 2052 5143 vel
2103 5092 2392 5147 character
2436 5106 2542 5161 est,
2600 5113 2705 5152 non
2755 5103 3056 5160 subsistere
3099 5121 3358 5176 Oportet:
3396 5116 3439 5167 si

1866 5179 2081 5245 quidem
2117 5182 2367 5249 imaginis
2401 5187 2589 5240 vitium
2621 5189 2675 5242 in
2714 5191 2888 5260 ipsum
2940 5197 3292 5270 archetypum
3329 5221 3442 5257 om-

1864 5272 1994 5324 nino
2025 5273 2309 5326 redundat.

1935 5359 2052 5414 ΧΥ.
2080 5361 2347 5417 l'razterea
2381 5365 2487 5430 die,
2524 5372 2736 5433 amabo.
2775 5389 2898 5429 cum
2929 5375 3207 5449 Philippus
3235 5383 3436 5440 Christi

1864 5452 2179 5520 discipulus,
2213 5454 2412 5518 Patris,
2448 5460 2537 5527 qui
2584 5471 2665 5514 cst
2692 5473 2743 5516 et
2773 5466 3044 5535 subsistit,
3075 5475 3287 5530 videndi
3315 5495 3437 5547 pcr-

1862 5542 2089 5610 cupidus
2117 5546 2293 5598 aiebat
2327 5564 2338 5598 :
2380 5566 2396 5596 ι
2430 5548 2674 5618 Domine,
2715 5561 2941 5615 ostende
2987 5564 3143 5619 nobis
3199 5542 3432 5632 Patrem.

1859 5642 1912 5685 et
1942 5635 2134 5689 sollieit
2166 5639 2318 5692 nobis
2340 5639 2419 5706 M‘;
2455 5660 2473 5692 ι
2507 5642 2769 5711 ejusmodi
2803 5657 3048 5710 contueri
3091 5658 3324 5727 volebat,
3344 5666 3434 5731 qui

1861 5740 2034 5795 neque
2067 5730 2372 5797 exsisteret,
2409 5750 2583 5806 neque
2629 5741 2988 5801 srbsistcret?
3015 5748 3151 5808 Puto
3179 5767 3309 5808 sane
3339 5730 3435 5811 ne-
