4146 6466
728 419 876 474 H55

1712 415 1769 468 S.
1813 412 2085 469 CYRILLI
2127 413 2596 471 ALEXANDRINI
2635 415 2953 473 ARCIHEP.

3854 420 3989 475 “55

735 532 935 584 minent
996 528 1257 594 futurum,
1306 527 1397 598 qui
1464 542 1567 581 non
1627 526 1892 599 intrepide
1962 531 2301 600 respondeat,

2408 532 2535 585 ὄντα
2568 550 2629 585 τε
2664 534 2759 586 καὶ
2795 531 3157 604 ὑφεστηκότα.
3193 533 3363 603 Εἴπερ
3405 527 3497 586 οὖν
3526 532 3645 585 ἐστι
3674 532 3738 585 τδ
3769 534 3943 603 μηδὲν
3966 541 3993 590 6

737 622 881 676 illum
908 622 1088 676 videre
1114 621 1453 676 desiderasse
1495 619 1586 689 qui
1630 622 1920 676 exsisteret
1958 633 2012 676 et
2045 624 2309 679 subsiste-

736 723 838 768 ret.
891 711 947 766 Si
993 727 1143 776 ergo,
1185 712 1337 782 juxta
1366 710 1681 765 effrenatam
1732 712 1943 767 illorum
2001 716 2306 781 audaciam,

737 803 908 859 Filius
960 804 1092 858 nihil
1149 813 1337 867 est,ut
1397 804 1489 873 qui
1531 818 1634 857 non
1672 804 1965 872 subsistat;
2003 821 2102 859 cur
2145 805 2309 876 igitur

735 911 830 965 per
862 909 920 949 se
973 894 1167 963 ipsum,
1197 902 1257 947 ut
1296 894 1609 962 imaginem,
1646 894 1710 947 ad
1767 894 1944 949 Patris
1973 896 2304 965 agnitionem

734 986 1003 1040 adducere
1035 1001 1132 1038 nos
1185 984 1398 1038 voluit?
1448 984 1538 1037 Ait
1568 984 1710 1038 enim
1745 1002 1759 1038 :
1796 1002 1815 1033 ι
1856 984 2033 1039 Tanto
2067 997 2307 1056 tempore

734 1076 1014 1131 vobiscum
1041 1090 1184 1141 sum,
1220 1084 1401 1129 etnon
1435 1076 1733 1145 cognovisti
1769 1092 1873 1141 me,
1908 1076 2189 1147 Philippe?
2216 1080 2305 1148 qui

734 1167 877 1220 videt
916 1181 1020 1232 me,
1053 1166 1197 1220 videt
1229 1174 1284 1219 et
1312 1165 1545 1219 Patrem.
1577 1165 1691 1220 Non
1728 1168 1927 1232 credis,
1965 1169 2089 1235 quia
2119 1184 2219 1239 ego
2253 1171 2305 1225 in

734 1258 914 1325 Patre,
949 1270 1003 1311 et
1050 1257 1208 1311 Pater
1240 1258 1294 1311 in
1321 1257 1435 1311 'me
1466 1269 1547 1313 est
1574 1259 1658 1312 "1?
1693 1260 1803 1328 Ego
1834 1270 1889 1313 et
1933 1261 2095 1315 Pater
2140 1279 2302 1316 mmm

734 1367 920 1405 sumus
940 1351 1009 1402 ⁸⁸.
1044 1369 1062 1401 ι
1094 1349 1233 1415 Jam,
1266 1359 1324 1403 ιιι
1349 1364 1445 1417 ego
1472 1351 1683 1419 opinor,
1722 1366 1879 1405 nemo
1904 1366 2025 1406 eum
2053 1354 2141 1421 qui
2173 1355 2303 1409 sub—

732 1443 893 1506 sistit,
914 1442 965 1495 in
992 1456 1055 1496 eo
1071 1442 1163 1509 qui
1181 1457 1286 1497 non
1306 1443 1567 1506 subsistit,
1594 1444 1772 1497 videre
1789 1456 1970 1514 queat.
1992 1444 2099 1500 Nec
2124 1445 2299 1514 aliqua

733 1548 946 1586 rursum
980 1532 1188 1587 ratione
1244 1533 1468 1602 intelligi
1526 1543 1724 1602 potest,
1749 1536 2020 1603 quomodo
2062 1537 2199 1590 idem
2232 1538 2304 1592 sit

727 1638 824 1692 per
844 1623 1045 1686 omnia,
1068 1623 1209 1691 quod
1239 1639 1344 1678 non
1377 1625 1617 1687 exsistit,
1652 1640 1771 1677 cum
1808 1640 1872 1680 eo
1902 1627 2043 1694 quod
2062 1628 2297 1683 exsistit.

726 1715 1008 1781 Quomodo
1038 1730 1165 1769 vero
1196 1714 1355 1771 Pater
1380 1717 1485 1771 erit
1517 1718 1567 1770 in
1598 1715 1754 1780 Filio,
1786 1728 1842 1771 et
1864 1718 2031 1773 Filius
2060 1719 2297 1775 vicissim

730 1805 784 1857 in
829 1802 1035 1858 Patre?
1071 1804 1262 1858 Annon
1314 1807 1641 1874 respondere
1690 1805 1744 1859 in
1812 1818 2059 1875 promptu
2109 1816 2214 1873 est,
2251 1808 2295 1862 si

2414 624 2559 686 Υἱὸς,
2597 625 2691 677 ἅτε
2747 623 2811 692 δὴ
2860 624 2934 694 μὴ
2984 622 3328 693 ὑφεστηκὼς,
3374 624 3518 677 κατά
3550 641 3616 691 γε
3662 622 3727 675 τὸ
3768 625 3993 677 ἐκείνων

2409 714 2663 784 ἀχάλινον
2709 715 2929 786 Θράσος
2958 717 3038 777 εἰς
3081 716 3266 769 εἰκόνα
3296 717 3392 769 καὶ
3422 716 3627 784 γνῶσιν
3657 717 3867 785 ἀκρισῆ
3903 718 3989 771 τοῦ

2409 805 2621 875 Πατρὸς
2667 805 2856 857 ἑαυτὸν
2906 807 3036 875 ἡμῖν
3083 805 3311 858 ἀνθότου
3366 806 3734 877 παρεκόμιζε,
3779 807 3987 872 λέγων·

2413 914 2432 947 ι
2461 896 2725 950 Τοσοῦτον
2754 896 2944 965 χρόνον
2978 896 3097 965 μεθ’
3123 896 3280 967 ὑμῶν
3319 899 3452 966 ειμι,
3480 898 3579 950 καὶ
3614 899 3719 950 οὑκ
3749 897 3991 965 ἔγνωκάς

2410 1005 2499 1057 με,
2527 987 2787 1053 Φίλιππες
2822 990 2850 1041 6
2879 987 3139 1061 ἑωρακὼς
3178 990 3299 1057 ἐμὲ,
3332 987 3545 1057 ἑώρακε
3592 987 3693 1040 καὶ
3746 987 3841 1039 τὸν
3886 990 3990 1040 Πα-

2407 1078 2560 1149 τέρα.
2599 1080 2675 1131 Οὐ
2703 1080 3001 1142 πιστεύεις,
3030 1081 3114 1132 ὅτι
3146 1080 3255 1147 ὲγὼ
3283 1080 3343 1131 ὲν
3372 1079 3450 1150 τῷ
3494 1080 3674 1149 Πατρὶ
3702 1080 3802 1133 καὶ
3825 1082 3857 1131 6
3882 1080 3989 1132 Ila~

2403 1170 2509 1240 τὴρ
2556 1170 2615 1222 ὲν
2664 1170 2787 1240 ὲμοί
2818 1173 3001 1235 ἐστιν;
3045 1168 3186 1237 Ἐγὼ
3213 1172 3307 1223 καὶ
3334 1171 3363 1222 6
3389 1171 3582 1239 Πατὴρ
3609 1172 3671 1223 ἓν
3705 1172 3882 1239 ὲσμεν
3912 1188 3926 1233 ;
3965 1192 3982 1222 ι

2418 1260 2557 1313 Ἀλλ’
2586 1260 2687 1313 οὑκ
2706 1260 2792 1324 ἂν,
2820 1257 2974 1329 οἶμαί
2997 1278 3124 1326 που,
3142 1261 3232 1313 τὸν
3248 1261 3594 1330 ὑφεστηκότα
3620 1258 3985 1330 καταθρήσειέ

2402 1365 2489 1410 τις
2526 1348 2582 1401 ἔν
2615 1365 2679 1416 γε
2718 1349 2797 1417 τῷ
2828 1349 2902 1419 μὴ
2933 1349 3296 1417 ὑφεστηκότι·
3332 1348 3440 1401 οὐδ’
3480 1349 3546 1401 ἂν
3584 1349 3828 1401 ὲννοοῖτό
3863 1364 3986 1399 ποτε

2403 1438 2500 1490 καὶ
2530 1437 2727 1490 ταυτὸν
2754 1439 2833 1500 εἰς
2868 1439 3015 1491 ἅπαν
3042 1437 3121 1507 τῷ
3166 1438 3240 1507 μὴ
3287 1438 3587 1508 ὑπάρχοντι
3617 1439 3679 1491 τὸ
3718 1438 3985 1505 ὑπάρχον.

2405 1529 2599 1580 Ἔσται
2630 1528 2686 1580 δὲ
2715 1528 2864 1589 ὅπως
2897 1528 2956 1580 ὲν
2985 1526 3101 1596 Υἱῷ
3134 1527 3230 1595 μὲν
3259 1528 3288 1579 6
3316 1528 3528 1596 Πατὴρ,
3552 1529 3584 1579 6
3615 1526 3749 1587 Υἱὸς
3776 1526 3821 1577 δ’
3844 1522 3911 1577 αὖ
3936 1528 3986 1576 ἐν

2399 1618 2477 1688 τῷ
2506 1618 2710 1688 Πατρί;
2748 1620 2817 1669 Ἢ
2851 1617 2949 1686 οὑχ
2991 1618 3211 1685 ἕτοιμον
3243 1618 3439 1683 εἰπεῖν,
3470 1617 3545 1679 ὡς
3577 1619 3628 1669 εί
3666 1617 3745 1687 μή
3780 1619 3928 1668 ἐστιν
3960 1616 3988 1666 6

2400 1709 2571 1776 Λόγος
2614 1710 2670 1760 ἐν
2710 1707 2940 1777 ὑπάρξει
2968 1710 3035 1778 τῇ
3067 1707 3189 1760 καθ’
3219 1708 3430 1772 ἑαυτὸν,
3470 1707 3883 1759 κινδυνεύσειεν
3926 1706 3987 1758 ἂν

2400 1799 2494 1853 καὶ
2539 1798 2701 1861 αὐτὸς
2744 1800 2772 1850 6
2821 1798 3031 1868 Πατὴρ,
3060 1797 3201 1867 ἔχων
3243 1798 3342 1867 μὲν
3387 1800 3445 1850 ὲν
3490 1798 3671 1867 ἑαυτῷ
3704 1798 3769 1850 τὸ
3798 1797 3983 1866 μηδὲν,

737 1891 962 1946 Verbum
995 1896 1208 1962 propria
1234 1894 1577 1949 subsistentia
1603 1896 1931 1960 destituitur,
1960 1898 2130 1966 ipsunt
2164 1911 2297 1965 quo-

2400 1890 2688 1960 νοούμενος
2712 1889 2770 1942 δὲ
2797 1889 3062 1957 ὑπάρχειν
3096 1889 3153 1940 ὲν
3187 1888 3263 1958 τῷ
3294 1889 3512 1958 μηδενί;
3545 1890 3619 1942 T6
3647 1889 3761 1959 γάρ
3798 1891 3902 1941 οὐκ
3929 1890 3985 1941 ὃν

729 2000 835 2054 que
873 1984 1085 2039 Patrem
1141 1985 1192 2039 iu
1223 1986 1513 2041 discrimen
1561 1987 1852 2042 adductum
1903 1988 1989 2051 iri,
2028 1988 2207 2059 utqui
2247 1990 2297 2043 id

730 2077 782 2128 in
811 2092 867 2130 sc
900 2077 1088 2131 habeat
1114 2076 1258 2144 quod
1299 2076 1431 2133 nihil
1462 2089 1567 2143 est,
1600 2088 1761 2147 atque
1790 2081 1859 2133 ita
1887 2080 1937 2132 in
1963 2079 2107 2133 nullo
2144 2091 2321 2149 pror-'

728 2181 822 2220 sus
860 2181 985 2220 esse
1040 2166 1407 2234 intelligatur?
1430 2166 1564 2220 Nam
1598 2170 1743 2237 quod
1778 2171 1999 2223 omnino
2033 2186 2136 2223 non
2190 2179 2292 2234 est,

730 2253 782 2308 id
817 2256 1082 2309 nihilesse
1110 2256 1330 2323 intelligi
1360 2258 1534 2313 debet.
1564 2259 1701 2312 Sunt
1739 2274 1870 2313 sane
1902 2260 2088 2314 isthaec
2117 2261 2295 2313 omnia

728 2347 1123 2415 spinosissima,
1176 2349 1467 2417 multisque
1512 2360 1567 2404 et
1615 2354 1824 2418 magnis
1878 2352 2297 2406 absurditatibus

728 2436 906 2504 plena.
941 2435 1139 2489 Verum
1188 2436 1620 2493 adversariorum
1661 2439 1854 2508 dogma
1889 2439 1939 2492 in
1979 2443 2156 2493 omnia
2185 2444 2298 2495 lucc

730 2528 960 2580 absurda
1014 2538 1191 2596 urget.
1254 2526 1386 2583 Jure
1451 2545 1583 2584 sane
1640 2532 1943 2601 meritoque
1998 2533 2298 2587 admiretur

728 2619 1017 2688 quispiam,
1046 2637 1151 2690 qua
1202 2623 1412 2678 ratione
1466 2623 1627 2677 Pater
1659 2626 1839 2677 omnia
1880 2640 2000 2694 qua:
2036 2627 2087 2679 in
2117 2642 2295 2680 rerum

731 2710 831 2761 hac
865 2710 1213 2766 universitate
1254 2725 1572 2780 cernuntur,
1606 2731 1700 2782 per
1726 2713 1923 2768 Filium
1966 2717 2298 2781 condiderit,

726 2796 771 2848 si
831 2798 1028 2851 nullam
1089 2800 1177 2853 ille
1258 2817 1490 2869 unquam
1550 2804 1771 2858 sortitus
1832 2814 1916 2858 est
1971 2806 2299 2875 Itypostasin.

731 2886 836 2958 ια,
864 2888 1013 2953 Quod
1045 2889 1089 2943 si
1117 2890 1241 2959 quis
1277 2891 1657 2960 interrogetur,
1692 2906 1868 2948 utrum
1910 2895 1977 2950 is
2011 2910 2131 2963 qua:
2153 2906 2297 2961 sunt,

726 2993 846 3032 esse
870 2980 933 3033 sit
961 2981 1179 3045 bonum,
1198 2996 1266 3035 an
1300 2980 1440 3035 forte
1466 2998 1575 3037 non
1596 2999 1736 3049 esse,
1762 2986 1943 3038 statim
1972 2986 2112 3039 haud
2143 2986 2303 3040 dubie

730 3071 1075 3137 respondebit
1123 3073 1296 3127 satius
1339 3088 1461 3129 esse
1489 3075 1751 3130 exsistere
1815 3091 1977 3145 quam
2022 3092 2126 3131 non
2161 3078 2304 3130 exsi-

2399 1981 2557 2045 ὂλως,
2587 1982 2738 2033 οὐδὲν
2771 1980 2836 2033 ἂν
2863 1983 3035 2033 νοοῖτο
3067 1980 3273 2034 λοιπόν.
3307 1982 3419 2033 Καὶ
3465 1982 3566 2034 οὐκ
3598 1981 3849 2051 ἄτραχνς
3886 1980 3981 2049 μὲν

2398 2075 2427 2125 6
2456 2072 2610 2140 λόγος
2630 2087 2643 2100 ’
2684 2070 2942 2141 πλείστην
2968 2070 3075 2140 γὰρ
3103 2072 3235 2139 ὅσην
3286 2072 3343 2123 ὲν
3392 2072 3570 2141 ἑαυτῷ
3601 2074 3705 2142 τὴν
3752 2072 3981 2124 ἀτοπίαν

2399 2170 2566 2217 νοσεί⁰
2603 2163 2948 2233 περιίστησιν
2989 2157 3081 2215 οὖν
3128 2163 3277 2233 ὅμως
3310 2164 3391 2225 εἰς
3420 2162 3478 2215 τὸ
3510 2164 3726 2231 ἀπηχὲς
3764 2163 3875 2213 τῶν
3904 2162 3979 2214 δι’

2399 2254 2646 2316 ἐναντίας
2677 2254 2741 2306 τὸ
2771 2253 2966 2322 δόγμα.
2999 2252 3384 2322 Κατατεοήποι
3416 2253 3459 2305 δ’
3489 2253 3553 2307 ἄν
3596 2269 3683 2315 τις
3731 2253 3974 2315 εἰκότως,

2398 2346 2520 2399 τινα
2547 2343 2611 2413 δὴ
2643 2344 2841 2416 τρόπον
2890 2345 2948 2395 ὲν
2983 2341 3061 2411 τῷ
3089 2340 3201 2411 Υἱῷ
3233 2340 3311 2411 τῷ
3358 2341 3432 2410 μὴ
3465 2340 3684 2410 λαχόντι
3725 2340 3790 2393 τὸ
3819 2336 3973 2402 εἶναι,

2398 2437 2468 2488 τά
2513 2437 2642 2488 ὄντα
2689 2434 2990 2503 πεποίηκεν
3035 2432 3065 2484 6
3113 2433 3323 2501 Πατήρ.
3369 2432 3431 2484 Et
3463 2431 3521 2483 δὲ
3556 2431 3621 2501 δή
3655 2448 3745 2495 τις
3777 2432 3974 2501 Epona,

2400 2528 2604 2597 πότερα
2632 2529 2743 2587 τοῖς
2779 2521 2897 2579 οὖσι
2924 2524 2985 2576 τὸ
3016 2520 3153 2577 εἶναι
3176 2522 3359 2585 καλὸν,
3394 2521 3427 2591 ἦ
3461 2521 3595 2588 γοῦν
3631 2522 3694 2575 τὸ
3728 2523 3807 2591 μὴ
3841 2517 3980 2575 εἶναι

2399 2621 2559 2688 τυχόν
2580 2632 2596 2647 ·
2630 2619 2765 2687 φαίη
2809 2635 2893 2680 τις
2928 2616 2995 2669 ἂν
3029 2615 3210 2677 εὐθὺς,
3246 2614 3327 2666 ὅτι
3358 2614 3419 2664 τὸ
3454 2608 3690 2665 εἷναι.Ὀ
3719 2612 3833 2683 γάρ
3869 2614 3985 2675 τοῖς

2400 2711 2500 2762 οὑκ
2545 2705 2663 2762 οὖσί
2710 2726 2838 2761 ποτε
2888 2708 2948 2761 τὸ
2994 2703 3134 2760 εἶναι
3184 2705 3330 2769 δοὺς,
3360 2703 3565 2771 ἀγαθὸς
3608 2704 3696 2757 ὅτι
3746 2704 3986 2773 μάλιστα

2402 2800 2775 2869 κεχρημάτικέ
2827 2816 2883 2852 τε
2916 2800 3010 2853 καὶ
3054 2798 3201 2850 ἔστιν
3248 2798 3276 2849 6
3318 2796 3696 2865 Δημιουργός·
3729 2796 3850 2865 ἔχοι
3879 2795 3987 2864 γάρ

2404 2893 2468 2945 ἂν
2514 2887 2613 2946 ὧδε
2648 2893 2707 2945 τὸ
2740 2892 2929 2962 χρῆμα
2958 2895 3024 2962 τῇ
3052 2893 3233 2961 φύσει.
3264 2889 3473 2943 υὺκοῦν
3514 2892 3573 2943 ὲν
3613 2890 3907 2959 ἀμείνοσιν
3952 2891 3985 2958 ἡ

2403 2982 2595 3044 κτίσις,
2626 2982 2767 3051 ἤπερ
2795 2985 2822 3034 6
2847 2982 2914 3034 δι’
2938 2976 2999 3035 οὗ
3027 2983 3095 3034 τά
3124 2983 3301 3034 πάντα
3335 2980 3589 3051 παρήχθη
3638 2980 3780 3049 πρὸς
3833 2980 3989 3045 γένε-

2407 3089 2487 3124 σιν
2507 3088 2520 3100 ·
2556 3075 2585 3124 6
2615 3073 2715 3141 μὲν
2758 3072 2865 3142 γὰρ
2895 3073 2993 3141 οὑχ
3022 3072 3387 3141 ὑφεστηκέναι
3415 3071 3652 3138 λέγεται,
3687 3071 3760 3123 τὰ
3784 3070 3850 3123 δὲ
3885 3071 3986 3137 ὑφ-

728 3171 896 3225 stere,
914 3162 1055 3216 unde
1082 3162 1261 3231 opifex
1286 3164 1376 3219 ille
1414 3180 1619 3230 rerum,
1642 3166 1731 3235 qui
1759 3166 1863 3222 illis
1877 3183 1997 3236 qua:
2015 3168 2301 3237 aliquando

2404 3163 2622 3231 έστηκε,
2663 3165 2756 3214 καὶ
2783 3164 2841 3214 ὲν
2872 3162 2950 3232 τῷ
2982 3159 3120 3215 εἶναι
3145 3163 3437 3216 vesica-""9
3464 3163 3563 3232 τῆς
3603 3163 3717 3214 τῶν
3763 3162 3987 3215 ἐννοιῶν

729 3266 837 3305 ηοιι
863 3262 1045 3318 erant,
1070 3268 1191 3309 esse
1217 3254 1527 3325 impertitus
1565 3266 1668 3323 est,
1700 3258 1936 3325 optimus
1976 3259 2295 3329 appellatur,

2403 3230 2630 3315 ἀτοπίας
2655 3254 2667 3306 ι
2709 3255 2889 3322 ἄπαγε
2915 3230 3014 3325 τῆς
3045 3254 3385 3324 δυσφημίαςῑ
3428 3274 3447 3305 ι
3622 3253 3738 3325 γὰρ
3758 3256 3791 3307 6
3814 3254 3988 3321 Λόγος

729 3353 786 3395 et
813 3353 916 3396 est.
938 3343 1091 3409 Quod
1130 3345 1176 3399 si
1222 3345 1293 3399 ita
1337 3362 1424 3402 res
1469 3347 1647 3413 habet,
1690 3358 1747 3403 ut
1808 3350 2054 3418 profecto
2113 3351 2299 3415 habet,

731 3436 1106 3502 consequitur,
1142 3448 1201 3490 ut
1257 3437 1465 3493 meliori
1524 3440 1833 3494 conditione
1870 3442 1978 3494 sint
2012 3450 2299 3507 creaturae,

731 3541 890 3595 quam
934 3528 1023 3582 ille
1054 3528 1189 3597 ipse,
1217 3544 1313 3598 per
1344 3544 1505 3598 quem
1532 3531 1713 3586 omnia
1736 3543 1921 3587 creata
1951 3540 2109 3586 sunt:
2135 3546 2305 3601 quan-

733 3618 1017 3685 doquidem
1062 3619 1108 3673 is
1130 3619 1426 3676 subsistere
1453 3630 1698 3689 negatur,
1732 3622 1821 3677 illa
1852 3636 1980 3676 vero
2003 3622 2306 3677 subsistunt

735 3712 1120 3779 propriamque
1153 3721 1401 3767 naturam
1429 3715 1622 3768 sortita
1677 3722 2093 3784 cognoscuntur.
2129 3713 2173 3769 Ο
2197 3714 2294 3768 ab-

736 3799 928 3855 surdas
980 3802 1367 3870 cogitationes!
1405 3802 1656 3860 facessite
1684 3820 1807 3859 cum
1860 3804 1983 3859 istis
2014 3811 2298 3857 contume-

735 3888 885 3944 liosis
936 3891 1182 3945 vocibus.
1217 3911 1236 3942 ι
1274 3892 1469 3947 Vivum
1518 3903 1602 3949 est
1641 3896 1782 3949 enim
1829 3894 1923 3949 Dei
1962 3892 2222 3952 Verbum.
2249 3900 2303 3945 et

731 3977 940 4042 efﬁcax,
980 3999 998 4031 ι
1027 3981 1364 4048 utscriptum
1403 3996 1486 4037 est
1508 3984 1572 4038 ⁸⁷.
1613 3986 1791 4050 Quare
1841 3994 1895 4038 et
1943 3984 2059 4053 ipse
2086 3998 2301 4053 quoque

737 4065 993 4122 Dominus
1018 4070 1195 4124 aiebat
1229 4086 1243 4123 :
1284 4087 1304 4121 ι
1346 4071 1457 4139 Ego
1486 4086 1603 4126 sum
1628 4073 1735 4127 vita
1766 4073 1832 4127 ⁸⁸.
1868 4092 1887 4125 ι
1929 4072 2092 4142 Atqui
2126 4073 2167 4126 si
2194 4087 2298 4126 non

735 4157 999 4222 subsistit,
1041 4162 1311 4227 quomodo
1374 4162 1478 4215 vita
1522 4163 1626 4217 dici
1676 4173 1769 4216 aut
1822 4165 2047 4233 cogitari
2076 4164 2304 4232 potest?

2400 3345 2492 3397 τοῦ
2521 3343 2679 3409 Θεοῦ,
2711 3346 2804 3397 καὶ
2834 3346 3082 3415 ἐνεργὴς,
3107 3365 3124 3395 ι
3152 3346 3295 3399 καθὰ
3321 3346 3648 3417 γέγραπται.
3685 3345 3987 3416 Τοιγάρτοι

2401 3436 2493 3489 καὶ
2525 3436 2781 3504 έεασκεν·
2812 3456 2830 3488 ‹
2854 3437 2994 3504 Ἐγώ
3022 3440 3136 3507 ειμι
3164 3440 3197 3507 ἡ
3227 3437 3363 3507 ζωή.
3390 3455 3409 3488 ι
3433 3438 3691 3491 ’Μλόὑκ
3720 3438 3789 3491 ἂν
3812 3440 3988 3491 νοοῖτο

2403 3524 2537 3594 ζωὴ,
2580 3524 2656 3597 μὴ
2692 3525 3041 3594 ὑφεστηκώς·
3076 3524 3190 3595 ζωὴ
3236 3526 3293 3578 δέ
3332 3528 3445 3580 ἐστι
3476 3527 3617 3580 κατὰ
3642 3527 3839 3596 φύσιν
3873 3527 3984 3580 δια-

2400 3612 2660 3682 ψεὺσεται
2688 3612 2795 3683 γὰρ
2829 3613 3095 3683 οὐδαμῶς.
3129 3614 3201 3665 Τὸ
3229 3613 3337 3683 ἄρα
3373 3614 3446 3684 μὴ
3476 3615 3777 3682 ὑφεστάναι
3803 3614 3983 3683 λέγειν

2404 3703 2493 3756 τὸν
2527 3704 2591 3756 ἐκ
2625 3703 2760 3756 Θεοῦ
2792 3706 3067 3774 πεφηνότα
3095 3704 3287 3773 Λόγον,
3312 3704 3708 3775 ψευδηγόρημα
3759 3707 3976 3776 σαθρὸν,

2404 3800 2497 3852 καὶ
2543 3801 2739 3869 φρενός
2784 3801 3115 3869 ἀπόϐρασμα
3157 3801 3254 3870 τῆς
3300 3799 3616 3863 λιθώδουςι.
3642 3803 3842 3855 Μωσεῖ
3876 3802 3978 3869 γὰρ

2404 3890 2639 3957 ἔφασκεν
2670 3892 2829 3955 αὑτός
2854 3907 2866 3919 ·
2902 3910 2919 3940 ι
2944 3890 3085 3957 Ἐγώ
3115 3892 3231 3961 εἰμι
3256 3892 3284 3942 6
3317 3891 3412 3945 ὢν.
3440 3911 3457 3941 ι
3488 3891 3561 3943 T6
3587 3892 3642 3945 δὲ
3672 3890 3734 3943 δν
3764 3892 3976 3962 άληθῶς

2405 3984 2462 4034 ὲν
2508 3981 2801 4034 ὑποστάσει
2848 3984 2912 4051 ’τῇ
2963 3984 3085 4034 καθ’
3139 3983 3303 4035 ἑαυτὸ
3356 3983 3694 4051 σωζόμενον,
3750 3984 3872 4045 πῶς
3918 3984 3977 4034 ειν

2405 4073 2577 4126 νοοῖτό
2606 4090 2732 4125 ποτε
2770 4073 2842 4142 μὴ
2875 4073 3214 4142 ὑφεστηκὸς;
3246 4064 3457 4126 Οὐκοῦν
3483 4074 3592 4125 τῶν
3615 4075 3746 4144 τῇδε
3785 4076 3981 4144 διειληο

2409 4164 2583 4233 φότων
2616 4163 2979 4234 καθοριοῦμεν
3013 4164 3237 4227 εἰκότως
3268 4166 3328 4216 τὸ
3353 4166 3433 4228 εις
3461 4165 3630 4234 ἄκρον
3668 4166 3909 4233 ἀμαθές.

737 4247 828 4301 Est
856 4260 1033 4303 autem
1062 4254 1167 4304 vita
1208 4264 1396 4323 suapte
1441 4265 1656 4320 natura,
1707 4257 1854 4310 nullo
1879 4258 2021 4311 cnim
2066 4266 2221 4325 pacto
2264 4257 2536 4310 mentitur.
2585 4255 2735 4309 Unde
2777 4257 3085 4324 quicunque
3128 4255 3386 4321 Verbum,
3437 4258 3579 4324 quod
3616 4271 3685 4310 ex
3728 4258 3843 4311 Deo
3890 4273 3980 4310 na-

736 4349 847 4393 tum
873 4353 977 4405 est,
1001 4344 1346 4399 subsistentia
1370 4346 1624 4416 spoliant,
1664 4347 1735 4401 illi
1765 4348 2107 4402 mendacium
2176 4346 2331 4416 longe
2407 4346 2807 4414 putidissimnm
2865 4346 3138 4411 effutiunt,
3192 4346 3774 4414 stolidissimarumque
3828 4363 3976 4398 men-

738 4432 867 4483 tium
897 4433 1085 4487 sordes
1113 4445 1394 4489 cvomuut.
1419 4435 1500 4490 Ad
1532 4435 1747 4507 Moysen
1802 4438 1945 4491 enim
1983 4438 2157 4506 ipsum
2190 4436 2299 4487 ait:
2349 4452 2367 4483 ι
2400 4433 2511 4501 Ego
2568 4448 2684 4487 sum
2744 4434 2833 4501 qui
2891 4450 3008 4487 sum
3044 4434 3109 4488 δ’.
3150 4452 3167 4484 ι
3202 4434 3355 4498 Quod
3396 4442 3576 4488 autem
3610 4448 3741 4487 vere
3787 4450 3888 4501 per
3922 4452 3976 4487 se

735 4534 838 4588 est,
897 4524 1165 4591 quomodo
1204 4526 1255 4578 id
1302 4528 1519 4596 propria
1572 4528 1921 4583 subsistentia
1980 4527 2299 4582 destitutum
2340 4524 2570 4591 confingi
2638 4525 2959 4593 quandoque
2981 4525 3192 4593 potest?
3220 4524 3330 4579 llos
3362 4525 3543 4593 itaque
3580 4524 3674 4593 qui
3744 4526 3820 4577 ita
3857 4540 3976 4579 sen-

737 4619 894 4682 tiunt,
930 4618 1053 4687 jure
1106 4634 1330 4673 summae
1375 4621 1656 4691 cujusdam
1704 4624 1933 4676 inscitia:
1975 4620 2475 4676 condemnabimus.

803 4711 944 4765 XVI.
984 4711 1089 4768 Sed
1117 4728 1290 4781 neque
1315 4713 1436 4769 illos
1459 4729 1691 4784 quoque,
1720 4730 1817 4769 nos
1841 4716 1931 4784 qui
1965 4714 2147 4768 sedula
2175 4713 2298 4766 dili-

2471 4712 2585 4776 ις’.
2628 4708 2706 4762 οὐ
2739 4711 2844 4780 μὴν
2864 4712 2891 4750 δ
2922 4712 3043 4765 οὑδὲ
3067 4713 3306 4775 ἐκείνους
3338 4714 3722 4782 ὲπαινέσομεν,
3761 4712 3973 4781 φιλοθη-

735 4802 990 4872 gentiquc
1019 4803 1436 4871 investigatione
1463 4805 1743 4857 veritatem
1793 4804 2064 4872 inquirere
2113 4802 2305 4855 didici-

736 4909 881 4958 mus,
927 4894 1083 4948 facile
1137 4895 1661 4959 commcndabimus,
1715 4894 1809 4962 qui
1851 4909 2068 4947 carnem
2128 4891 2305 4946 Verbo

739 4983 943 5036 unitam
971 4984 1149 5038 anima
1172 4984 1400 5038 rationis
1427 4985 1684 5054 participe
1705 4983 2015 5037 destitutam
2035 4983 2305 5046 arbitrati,

738 5072 973 5125 Verbum
1037 5087 1221 5138 carne,
1252 5088 1373 5142 qua:
1419 5073 1639 5127 vitalem
1694 5082 1898 5125 tantum
1947 5083 2003 5127 et
2055 5073 2306 5127 sensilem

740 5166 1028 5218 motionem
1056 5166 1247 5218 sortita
1282 5164 1373 5227 sit,
1407 5163 1650 5218 indutum
1704 5163 2055 5218 introducunt
2090 5183 2102 5217 :
2139 5174 2306 5217 letam

738 5268 867 5307 vero
894 5254 1088 5307 mentis
1105 5263 1158 5307 et
1180 5254 1528 5322 intelligentis
1562 5254 1755 5307 anima:
1784 5255 1890 5306 vim
1920 5255 2304 5325 energiamqne

743 5344 1028 5414 Unigenito
1058 5346 1393 5411 attribuunt;
1438 5346 1597 5400 fateri
1632 5346 1800 5411 cnim,
1825 5348 2009 5402 nescio
2037 5347 2305 5416 quomodo

808 5501 854 5532 "
891 5498 1049 5556 Joan.
1074 5518 1182 5567 xxv,
1218 5502 1270 5556 9.
1347 5501 1391 5532 “
1428 5499 1581 5559 Joan.
1617 5518 1673 5566 χ,
1704 5501 1790 5555 30.

2414 4804 2525 4873 ρεῖν
2559 4797 2617 4854 εὖ
2663 4803 2805 4871 μάλα
2835 4803 3200 4870 δεδιδαγμένοι
3244 4803 3306 4855 τὸ
3348 4801 3565 4870 ἀληθὲς,
3614 4803 3663 4854 οἳ
3712 4805 3967 4871 τητᾶσθαι

2410 4895 2625 4963 λέγουσι
2685 4896 2859 4964 ψυχῆς
2921 4895 3140 4965 λογικῆς
3195 4896 3294 4967 τὴν
3345 4896 3633 4948 ένωθεῖσαν
3687 4896 3765 4965 τῷ
3824 4899 3969 4965 Λόγῳ

2414 4987 2611 5057 σάρκα.
2642 4986 2815 5053 Σαρκὶ
2863 4986 2971 5054 γάρ
3016 5003 3116 5037 που
3165 4988 3332 5055 μόνην
3379 4985 3477 5055 τὴν
3520 4985 3759 5055 ζωτικὴν
3796 5004 3853 5038 τε
3884 4989 3969 5038 καὶ

2410 5075 2731 5147 αἰσθητικὴν
2758 5075 2998 5145 λαχούσῃ
3020 5077 3233 5145 κίνησιν
3262 5078 3652 5147 ἀμφιεννύντες
3672 5078 3761 5129 τὸν
3787 5079 3968 5144 Λόγον,

2410 5166 2819 5238 παραφέρουσιν
2848 5169 2923 5228 εἰς
2956 5169 3181 5237 κόσμον,
3211 5169 3311 5235 τὴν
3347 5168 3437 5219 νοῦ
3470 5170 3567 5221 καὶ
3603 5168 3780 5236 ψυχῆς
3832 5170 3972 5236 ἐνέρ-

2411 5274 2565 5325 γειαν
2615 5256 2976 5325 ἀπονέμοντες
3024 5257 3102 5327 τῷ
3163 5260 3473 5325 Μονογενεῖ.
3523 5260 3974 5328 Kurd-1775;353:123:

2410 5345 2539 5418 γὰρ,
2578 5348 2677 5399 οὑκ
2705 5344 2799 5399 οἶδ’
2832 5348 2999 5411 ὅπως,
3031 5348 3346 5419 ψυχωθείσῃ
3395 5348 3587 5419 λογικῇ
3614 5350 3759 5419 ψυχῇ
3791 5353 3859 5420 τῇ
3888 5353 3973 5402 ἁν-

1895 5504 1937 5532 δ⁷
1984 5500 2142 5555 llebr.
2178 5518 2248 5564 tv,
2285 5502 2370 5556 12.
2448 5503 2492 5533 ⁸⁸
2532 5500 2686 5558 Joan.
2721 5517 2830 5569 xlv,
2860 5501 2913 5555 6.
2992 5503 3035 5534 ⁸⁸
3077 5503 3247 5559 Exod.
3284 5521 3366 5573 ttt,
3402 5503 3489 5559 14.

1841 5656 2007 5713 Varia
2040 5657 2297 5725 lectiones
2331 5657 2530 5711 codicis
2561 5656 2915 5727 Seguieriani.

1334 5775 1361 5816 δ
1394 5775 1607 5830 οὑκοῦν.

814 5776 842 5804 ⁸
880 5774 1254 5847 ἠλιθιωτάτης.
