4146 6464
317 395 456 451 “5'!

1254 392 1341 445 DE
1378 391 1603 447 RECTA
1644 391 1821 458 FIDE,
1862 390 1955 445 AD
1996 389 2439 446 TllEODOSlUM
2479 390 2614 446 ιλιι).

3413 399 3552 457 “58

317 509 566 584 θρωπίνῃ
626 515 790 580 σαρκὶ
850 518 991 563 κατὰ
1043 517 1205 578 φύσιν
1267 510 1504 579 ἡνῶσθαι
1565 511 1656 562 τὸν
1715 511 1885 577 Λόγον

2004 515 2264 574 terentur,
2288 508 2519 562 Verbum
2542 508 2692 563 carni
2727 509 2990 574 humanas,
3021 510 3199 564 anima
3226 510 3555 583 intelligente

316 602 597 672 ὁμολογεῖν
617 615 632 631 ’
670 603 768 671 τῆς
819 600 918 671 μὲν
951 600 1156 654 ἄνωθέν
1185 617 1245 652 τε
1274 601 1369 653 xal.
1398 601 1758 671 ἀρχαιοτάτης
1790 599 1884 649 πίο

318 710 489 756 στεως
546 694 645 762 τὴν
696 692 992 762 παράδοσιν
1045 692 1223 759 ὀλίγου
1283 691 1561 754 παντελῶς
1610 692 1885 755 ἀξιοῦντες

317 785 497 852 λόγου,
530 784 746 853 θελήσει
793 783 851 835 δὲ
899 783 1036 854 μόνῃ
1084 786 1149 852 τῇ
1185 783 1325 835 κοιτά
1372 784 1511 851 σφᾶς
1556 783 1752 845 αὐτοὺς
1794 786 1887 835 καὶ

317 877 430 939 τοῖς
481 873 843 944 ἀνθρωπίνοις
890 873 1002 925 δεῖν
1050 872 1279 925 ἕπεσθαι
1325 872 1625 941 λογισμοῖς,
1656 871 1886 941 ἀμαθῶς

317 966 608 1035 ᾑρημένοι,
634 964 728 1017 καὶ
749 962 1069 1033 φρονοῦντες
1091 962 1305 1033 ἀληθῶς
1332 963 1461 1032 παρ’
1494 962 1522 1014 ὃ
1549 962 1629 1014 δεῖ
1648 965 1884 1033 φρονεῖν.

318 1059 430 1111 Καὶ
479 1059 563 1120 τίς
594 1059 622 1110 ὁ
665 1057 819 1124 λόγος
850 1056 1033 1118 αὐτοῖς
1064 1055 1156 1107 τοῦ
1204 1054 1408 1107 τοιοῦδε
1450 1055 1738 1125 δόγματος,
1779 1052 1888 1122 ἐγὼ

320 1151 533 1221 φράσω.
564 1150 666 1202 Τὸν
698 1148 831 1201 Θεοῦ
867 1148 1093 1219 μεσίτην
1121 1148 1215 1200 καὶ
1245 1147 1566 1219 ἀνθρώπων,
1604 1148 1743 1201 κατά
1790 1146 1889 1212 τάς

319 1244 359 1294 Γ
367 1242 565 1312 ραφάς,
599 1240 915 1309 συγκεῖσθαι
958 1257 1137 1310 φαμεν
1170 1239 1232 1292 ἐκ
1262 1256 1321 1291 τε
1353 1239 1449 1309 τῆς
1484 1239 1603 1292 καθ’
1630 1241 1778 1309 ἡμᾶς
1797 1241 1890 1292 ἀν·

322 1335 672 1407 θρωπότητος
709 1331 929 1393 τελείως
956 1331 1187 1401 ἐχούσης
1219 1330 1361 1384 κατὰ
1408 1331 1497 1383 τὸν
1532 1331 1661 1383 ἴδιον
1709 1332 1886 1399 λόγον,

321 1428 417 1481 καὶ
464 1429 527 1479 ὲκ
578 1424 672 1478 τοῦ
728 1423 1028 1494 πεφηνότος
1076 1424 1142 1476 ὲκ
1189 1421 1323 1475 Θεοῦ
1371 1421 1511 1475 κατά
1541 1423 1701 1490 φύσιν
1734 1421 1888 1487 Υἱοῦ,

320 1517 565 1572 τουτέστι
589 1515 683 1569 τοῦ
711 1514 1065 1583 Μονογενοῦς.
1098 1514 1563 1583 Διαὸεὸαιούμεθα
1592 1514 1648 1567 δὲ
1679 1515 1892 1568 σύνοδον

325 1609 427 1680 μέν
456 1626 593 1673 τινα,
624 1607 718 1661 καὶ
758 1605 857 1676 τὴν
903 1606 1040 1677 ὑπὲρ
1071 1606 1227 1673 λόγον
1250 1606 1575 1676 συνδρομὴν,
1600 1608 1679 1668 είς
1700 1606 1892 1659 ἕνωσιν

321 1703 523 1755 ἀνίσων
563 1718 624 1753 τε
658 1699 750 1752 καὶ
778 1698 1041 1768 ἀνομοίων
1071 1698 1383 1768 πεπρᾶχθαι
1421 1697 1799 1767 φύσεων.⁹Ενα
1838 1698 1894 1751 δ’

323 1789 417 1846 οῦν
467 1792 615 1861 ὅμως
681 1786 936 1859 Χριστὸν,
976 1788 1070 1841 καὶ
1111 1789 1316 1859 Κύριον
1354 1789 1579 1860 Ἰησοῦν,
1619 1784 1711 1842 καὶ
1767 1789 1893 1842 Υίὸν

1990 600 2227 669 perfecte
2276 608 2331 654 et
2372 599 2658 655 informatc
2702 600 2995 656 secundum
3043 611 3291 657 naturam
3349 605 3553 659 unitum

1990 705 2129 744 esse.
2166 689 2387 756 Verum,
2418 691 2544 745 dum
2597 692 2670 745 ita
2723 692 3187 761 philosophantur,
3212 694 3445 763 antiqua:
3505 705 3559 751 et

1991 780 2116 835 olim
2153 781 2361 835 tradita:
2409 782 2531 835 lidei
2583 781 2847 835 rationem
2902 782 3122 837 omnino
3169 783 3468 854 negligunt,
3501 794 3557 840 et

1992 875 2283 929 voluntatis
2312 889 2423 928 suae
2446 874 2646 943 judicio
2671 873 2807 928 male
2852 889 2982 929 sano
3010 875 3096 945 (ut
3122 876 3262 945 quod
3294 878 3558 932 humanas

1995 973 2200 1018 tantum
2224 966 2459 1019 rationes
2494 977 2543 1019 et
2589 964 2924 1034 conjecturas
2959 967 3110 1035 sequi
3147 966 3350 1036 soleat)
3395 982 3558 1035 prave

1995 1056 2183 1121 innixi,
2216 1070 2373 1110 secus
2421 1071 2583 1125 quam
2630 1071 2814 1110 revera
2870 1067 3204 1127 oportuerat,
3251 1061 3466 1128 sapiunt
3502 1069 3560 1112 et

1995 1152 2251 1203 sentiunt.
2284 1148 2350 1201 Et
2383 1163 2651 1216 quaenam,
2677 1148 2927 1212 obsecro,
2965 1148 3231 1218 dogmatis
3272 1150 3431 1218 hujus
3476 1157 3561 1203 est

1995 1239 2168 1294 ratio?
2201 1239 2405 1295 Dicam.
2461 1238 2808 1293 Mediatorem
2853 1240 2946 1294 Dei
2974 1249 3027 1294 et
3057 1241 3332 1294 hominum
3364 1241 3431 1307 '°,
3458 1242 3560 1295 hoc

1994 1342 2078 1387 est
2107 1333 2406 1397 Christum,
2434 1346 2501 1386 ex
2532 1332 2865 1386 humanitate
2913 1332 3153 1387 numeris
3174 1333 3443 1395 omnibus
3473 1346 3562 1385 se-

1997 1425 2228 1478 cundum
2272 1426 2543 1492 propriam
2598 1425 2860 1479 rationem
2922 1428 3157 1493 perfecta
3212 1433 3269 1479 et
3316 1424 3559 1479 absoluta

1999 1514 2336 1582 naturalique
2381 1515 2472 1568 Dei
2508 1514 2668 1580 Filio,
2713 1516 2814 1569 hoc
2854 1525 2936 1568 est
2967 1513 3274 1584 Unigenito,
3299 1516 3561 1569 constitu-

2001 1616 2136 1670 tum,
2174 1605 2471 1675 Scripturis
2505 1607 2889 1662 convenienter
2916 1609 3287 1676 praedicamus.
3316 1606 3564 1660 AlIirma-

2000 1712 2118 1751 mus
2155 1705 2336 1751 autem
2364 1706 2583 1751 naturas
2607 1698 2872 1768 dispares,
2901 1712 2965 1751 ac
2989 1697 3130 1752 inter
3167 1711 3226 1751 se
3251 1696 3560 1760 dissimiles,

2000 1789 2232 1857 quadam
2286 1788 2521 1844 coitione
2565 1799 2618 1844 et
2660 1804 2926 1843 concursu
2955 1790 3045 1858 qui
3094 1789 3272 1844 verbis
3305 1790 3564 1860 explicari

324 1882 687 1952 ὀνομάζεσθαι
742 1880 1195 1950 ὲπιγινὼσκομεν,
1233 1883 1291 1933 ὲν
1347 1881 1530 1952 ταυτῷ
1576 1883 1671 1934 καὶ
1724 1882 1900 1953 ὑπάρ-

2004 1896 2105 1934 ηοη
2136 1890 2334 1950 potest,
2360 1880 2410 1934 in
2438 1896 2602 1935 unutn
2633 1880 2974 1936 convenisse.
3000 1879 3358 1950 Agnoscimus
3386 1889 3561 1935 tamen

324 1993 508 2046 χοντα,
542 1974 637 2027 καὶ
684 1972 970 2042 νοούμενον
1013 1972 1146 2024 Θεόν
1189 1989 1250 2024 τε
1295 1972 1430 2041 ὁμοῦ
1463 1973 1557 2025 καὶ
1589 1972 1894 2043 ἄνθρωπον.

338 2067 727 2119 Ἀδιάσπαστον
764 2064 821 2117 δὲ
859 2063 1139 2127 παντελῶς
1166 2062 1266 2134 τὴν
1296 2064 1487 2118 ἕνωσιν
1514 2064 1789 2135 διατηρεῖν
1818 2068 1898 2119 εἰ·-

327 2156 580 2226 θίσμεθα,
609 2155 700 2208 τὸν
728 2154 889 2208 αὐτὸν
925 2149 1063 2207 εἶναι
1096 2155 1191 2208 καὶ⁵
1219 2155 1503 2225 Μονογενῆ
1529 2155 1898 2219 πιστεύοντες,

328 2248 423 2300 καὶ
471 2245 838 2315 πρωτότοκον
888 2244 1163 2315 Μονογενῆ
1217 2244 1334 2313 μὲν,
1367 2245 1441 2307 ὡς
1497 2242 1630 2297 Θεοῦ
1690 2246 1902 2315 Πατρὸς

322 2339 520 2407 Λόγον,
561 2339 656 2391 καὶ
683 2338 746 2389 ὲκ
778 2336 875 2405 τῆς
904 2335 1089 2398 οὐσίας
1123 2336 1289 2388 αὑτοῦ
1329 2336 1610 2406 πεφηνότα
1630 2353 1644 2368 ο
1678 2338 1894 2407 πρωτό-

326 2449 486 2485 τοκον
523 2432 568 2482 δ’
596 2425 687 2491 αὖ,
717 2428 851 2481 καθὸ
884 2429 1108 2496 γέγονεν
1136 2426 1440 2497 ἄνθρωπος,
1476 2428 1570 2480 καὶ
1598 2429 1655 2480 ἐν
1680 2427 1898 2490 πολλοῖς

327 2521 814 2591 ἀδελφοῖς.Ὢσπερ
847 2519 956 2590 γὰρ
988 2514 1067 2582 εἷς
1114 2521 1230 2572 ἐστι
1263 2518 1395 2581 Θεὸς
1423 2521 1450 2572 ὁ
1479 2518 1688 2589 Πατὴρ,
1733 2519 1793 2583 ἐξ
1834 2512 1897 2571 οὗ

326 2613 396 2665 τὰ
428 2613 604 2665 πάντα
624 2627 638 2641 °
670 2610 812 2664 οὕτω
835 2609 929 2663 καὶ
956 2604 1037 2673 εἷς
1068 2609 1272 2679 Κύριος
1309 2609 1515 2678 Ἰησοῦς
1543 2609 1798 2679 Χριστὸς,
1825 2610 1903 2662 δι’

327 2700 389 2759 οὗ
413 2704 481 2757 τὰ
507 2704 702 2757 πάντα.
730 2702 861 2756 Θεὸν
890 2703 998 2771 γὰρ
1027 2702 1155 2755 ὄντα
1183 2700 1324 2755 κατὰ
1352 2700 1511 2768 φύσιν
1541 2701 1901 2768 ἐπιγινώσκο-

328 2813 433 2866 μεν
468 2794 559 2848 τὸν
599 2794 664 2847 δι’
697 2788 758 2847 οὗ
783 2793 851 2846 τὰ
881 2794 1079 2858 πάντα,
1108 2793 1302 2861 Λόγον,
1330 2793 1423 2846 καὶ
1453 2794 1502 2845 εί
1527 2792 1714 2861 γέγονε
1744 2792 1901 2863 σὰρξ,

328 2883 608 2936 τουτέστιν
633 2881 938 2950 ἄνθρωπος.

1996 1986 2161 2026 unum
2203 1971 2304 2042 15
2333 1972 2702 2036 Christum,et
2725 1971 3008 2026 Dominum
3038 1970 3246 2037 Jesum,
3277 1983 3331 2025 ct
3364 1971 3559 2025 Filium

1996 2071 2282 2129 vocatum;
2324 2064 2520 2133 quippe
2550 2078 2669 2117 cum
2692 2063 2852 2117 simul
2878 2060 3021 2116 Deus
3045 2072 3099 2117 et
3133 2063 3295 2117 homo
3337 2063 3567 2117 exsistat

2000 2156 2274 2225 mentique
2320 2172 2380 2212 se
2434 2156 2648 2211 olferat.
2676 2156 2889 2211 Etenim
2931 2158 3060 2211 unio
3113 2157 3200 2211 illa
3247 2168 3564 2213 naturarum

2001 2263 2172 2317 usque
2227 2250 2361 2303 adeo
2414 2250 2687 2304 individua
2749 2250 3123 2320 indivulsaque
3172 2260 3257 2306 est
3298 2261 3357 2304 ut
3400 2267 3566 2306 unum

2004 2338 2359 2407 eumdenique
2419 2339 2754 2409 unigenitum
2813 2342 2975 2395 simul
3035 2352 3090 2395 et
3150 2342 3565 2412 primogenitum

2004 2428 2324 2482 credamus:
2360 2428 2693 2497 unigenitum
2728 2430 2966 2497 quidem,
2992 2439 3243 2500 tanquam
3279 2431 3369 2484 Dei
3394 2429 3568 2485 Patris

2004 2517 2261 2581 Verbum,
2288 2533 2351 2571 ex
2380 2518 2522 2574 illius
2547 2519 2851 2575 substantia
2892 2532 3112 2587 natum;
3147 2521 3564 2591 primogenitum

2002 2623 2150 2676 vero,
2185 2618 2447 2677 quatenus
2492 2611 2633 2666 inter
2667 2612 2862 2667 multos
2888 2613 3086 2667 fratres
3134 2614 3293 2667 homo
3321 2612 3567 2667 exstitit:

2001 2700 2432 2768 quandoquidem
2480 2711 2537 2753 ut
2593 2717 2730 2756 unus
2789 2712 2872 2757 est
2923 2703 3067 2757 Deus
3116 2701 3300 2767 Pater,
3345 2716 3409 2757 ex
3465 2717 3572 2770 quo

1999 2790 2213 2856 Omnia;
2247 2791 2315 2843 ita
2355 2806 2496 2845 unus
2524 2806 2739 2860 quoque
2772 2803 2857 2847 est
2896 2793 3155 2848 Dominus
3206 2792 3366 2849 .lesus
3417 2792 3574 2848 Chri-

1999 2890 2135 2944 stus,
2166 2896 2261 2950 per
2307 2896 2466 2950 quem
2517 2882 2698 2937 omnia
2722 2884 2787 2937 ³¹.
2821 2882 2954 2937 Nam
3010 2883 3245 2939 Verbum
3292 2884 3444 2947 illud,
3479 2899 3574 2953 per

327 2975 473 3044 quod
517 2973 693 3028 omnia
740 2975 1066 3037 consistunt,
1098 2971 1393 3027 secundum
1436 2978 1683 3024 naturam
1724 2973 1888 3025 Deum
1929 2972 2342 3038 esseuovimus,
2372 2973 2584 3029 etiamsi
2625 2988 2773 3041 caro,
2844 2975 2947 3029 hoc
2999 2984 3083 3030 est
3154 2976 3315 3031 homo
3371 2975 3573 3031 factum

332 3076 439 3123 est.

401 3156 502 3216 η’.
555 3157 694 3211 Ἀλλ’
724 3156 840 3211 ούτι
868 3173 970 3209 που
999 3156 1202 3227 σφόδρα
1228 3158 1347 3219 ταῖς
1372 3156 1430 3208 ὲν
1454 3156 1585 3226 ἡμῖν
1613 3155 1740 3224 περὶ
1776 3152 1897 3206 τού-

2070 3153 2233 3208 XVll.
2285 3154 2575 3220 Caeterum,
2603 3170 2790 3211 eorum
2841 3158 2983 3211 dicta
3028 3172 3151 3211 cum
3219 3160 3420 3214 nostris
3469 3175 3574 3213 non

332 3270 425 3306 του
471 3250 654 3317 δόξαις
699 3252 769 3303 τά
813 3249 1038 3302 ἐκείνων
1093 3248 1593 3319 συμφέρεται.Ἕνα
1643 3247 1741 3317 μὲν
1794 3246 1901 3316 γὰρ

331 3342 779 3414 ὁμολογουμένως
846 3339 1241 3411 παραδέχονται
1306 3340 1400 3392 καὶ
1460 3339 1615 3391 αὐτοὶ
1696 3337 1902 3408 Ἰησοῦν

332 3435 588 3506 Χριστὸν,
619 3431 998 3503 παρωθοῦνται
1030 3432 1087 3484 δὲ
1116 3431 1257 3494 λίαν,
1289 3431 1362 3492 ὡς
1391 3430 1645 3491 δυσσεῆὲς
1671 3431 1751 3482 ὅτι
1798 3430 1901 3498 μά-

332 3528 509 3589 λιστα,
540 3524 887 3592 καταδιιστᾷν
929 3524 1008 3585 είς
1051 3520 1145 3574 δύο
1189 3521 1281 3573 τὸν
1314 3521 1679 3591 Ἐμμανουήλ.
1713 3522 1904 3592 Ψυχῆς

333 3616 380 3669 δ’
405 3610 499 3669 οῦν
527 3615 674 3684 ὅμως
702 3612 803 3681 τῆς
832 3611 1179 3683 ἀνθρωπίνης
1224 3611 1319 3663 καὶ⁹
1346 3610 1569 3681 λογικῆς
1597 3612 1696 3682 τὴν
1727 3611 1906 3681 σάρκα

335 3702 672 3773 χωρίσαντες
714 3700 809 3753 καῖ¹
851 3700 1254 3769 γυμνώσαντες,
1291 3698 1530 3770 ἡνῶσθαί
1570 3717 1733 3767 φασιν
1766 3702 1903 3772 αὐτῇ

336 3797 427 3849 τὸν
455 3797 519 3847 ὲκ
548 3793 682 3847 Θεοῦ
712 3792 909 3862 Λόγον·
938 3791 1226 3863 ἐξεύρηται
1251 3792 1309 3845 δέ
1340 3809 1423 3854 τις
1459 3792 1640 3856 αὐτοῖς
1686 3793 1779 3846 καὶ
1820 3812 1908 3847 πι-

337 3883 516 3949 θανὸς,
560 3882 636 3945 ὡς
680 3880 906 3945 οἴονται,
944 3880 1079 3951 πρὸς
1113 3880 1270 3933 τοῦτο
1308 3880 1485 3949 λόγος.
1522 3880 1601 3933 Τά
1648 3880 1754 3951 γάρ
1800 3898 1905 3947 τοι,

335 3978 503 4048 φασὶ,
548 3975 689 4029 κατά
742 3973 991 4028 σύνθεσιν
1042 3974 1179 4044 πρὸς
1226 3973 1344 4036 ἐνὸς
1390 3974 1595 4027 τελείου
1649 3975 1907 4027 σύστασιν

337 4066 851 4138 συνδεδραμηκότα,
891 4065 1031 4136 μέρη
1060 4082 1118 4116 τε
1157 4076 1179 4103 ε
1209 4064 1303 4117 καὶ
1329 4064 1388 4128 ἐξ
1430 4065 1634 4119 ἀτελῶν
1677 4065 1907 4136 ὁρᾶσθαι

337 4159 508 4229 φιλεῖο
536 4157 630 4211 τοῦ
667 4157 889 4221 τελείως
937 4157 1152 4227 ἔχοντος
1199 4155 1321 4210 καθ’
1349 4156 1545 4218 ἑαυτὸ,
1580 4157 1676 4209 καὶ
1725 4156 1799 4220 ὼς
1851 4157 1907 4208 ὲν

343 4249 451 4321 ἰδίᾳ
482 4248 664 4318 φύσει,
701 4250 800 4319 τῆς
838 4249 903 4300 ἐκ
932 4246 1114 4317 μερῶν
1142 4246 1443 4310 συνθέσεως
1476 4246 1537 4299 ού
1565 4245 1904 4316 δεδεημένου.

336 4340 655 4410 τοιγάρτοι,
695 4337 847 4407 φασὶ,
911 4335 1272 4407 παραιτητέον
1337 4334 1578 4400 εἰκότως,
1625 4334 1907 4402 ἄνθρωπον
1941 4367 1984 4422 D

339 4429 524 4484 δοῦναι
556 4429 782 4491 τέλειον,
811 4427 903 4480 τὸν
934 4426 1297 4479 συνενωθέντα
1328 4426 1409 4495 τῷ
1441 4426 1597 4495 Λόγῳ
1641 4425 1788 4491 ναὸν,
1821 4425 1910 4479 ἵνα

341 4523 438 4576 καί
468 4523 501 4591 ή
535 4519 791 4583 ἒνωσιςά,
826 4520 970 4590 ἤπερ
1001 4518 1066 4572 ἂν
1112 4519 1206 4571 ἐπὶ
1238 4517 1460 4588 Χριστῷ
1506 4520 1678 4570 νοοῖτο
1724 4516 1909 4586 τυχὸν,

341 4612 547 4683 ἀκριϐῆ
576 4628 635 4664 τε
685 4609 781 4664 καὶ
815 4609 1133 4679 ἀδιάϐλητον
1181 4609 1272 4662 τὸν
1328 4609 1413 4660 ἐπ’
1440 4608 1608 4678 αὐτῆς
1637 4606 1910 4670 ἀποσώζοι

339 4703 518 4769 λόγον.
559 4703 668 4755 Καὶ
723 4703 829 4771 μὴν
874 4703 1092 4755 κάκεῖνο
1144 4699 1427 4771 προσθεῖεν
1472 4700 1558 4761 ἀν,
1588 4698 1776 4770 ὥσπερ
1818 4694 1911 4751 οῦν

338 4794 578 4866 ἠγοῦμαι
604 4805 650 4860 ο,
674 4792 854 4846 πάλιν.
884 4792 944 4844 El
971 4792 1077 4861 γὰρ
1108 4791 1167 4854 ὲξ
1196 4791 1483 4861 ἀνθρώπου
1504 4790 1732 4852 τελείου,
1752 4790 1908 4858 φασὶ,

337 4884 433 4937 καὶ
463 4883 556 4935 τοῦ
593 4882 657 4935 ἐκ
685 4881 779 4935 τοῦ
811 4881 1022 4951 Πατρὸς
1059 4881 1208 4943 ὄντος
1234 4881 1409 4949 Λόγου
1439 4882 1684 4951 φήσομεν
1709 4879 1727 4918 ί
1766 4876 1905 4932 εἶναι

336 4978 429 5030 τὸν
462 4973 830 5045 Ἐμμανουήλ,
864 4974 923 5025 ού
988 4973 1160 5043 βραχὺ
1216 4973 1276 5024 τὸ
1331 4971 1525 5041 δεῖμα,
1588 4971 1785 5041 μᾶλλον
1847 4970 1903 5023 δὲ

276 5094 281 5098 ι
335 5066 668 5134 ἁδιάφυκτον
734 5064 833 5134 ἤδη
873 5080 988 5125 πως
1053 5064 1404 5130 ἀναφανεῖται
1464 5060 1669 5123 λοιπὸν,
1702 5060 1762 5111 τὸ
1808 5059 1902 5112 καὶ

336 5154 652 5227 ἀϐουλήτως
697 5154 808 5206 δεῖν
854 5152 946 5206 δύο
992 5153 1088 5221 μὲν
1119 5152 1286 5215 υἱοὺς,
1334 5151 1602 5219 Χριστοὺς
1644 5145 1776 5204 δἀὗ
1813 5150 1904 5202 δύο

337 5248 555 5316 φρονεῖν
598 5262 657 5297 τε
705 5246 799 5298 καὶ
848 5245 1047 5313 λέγειν.
1078 5239 1212 5296 Εἶτα
1242 5243 1296 5295 τί
1321 5242 1530 5305 τούτοις
1574 5241 1903 5312 ἀντεροῦμεν

336 5338 527 5407 ἡμεῖςς
578 5336 801 5406 Πρῶτον
832 5338 950 5407 μὲν,
978 5336 1059 5389 ὅτι
1085 5334 1187 5405 τῆς
1218 5335 1452 5396 πίστεως
1479 5333 1578 5403 τὴν
1600 5330 1772 5395 οὕτως
1802 5334 1903 5403 ἀρ-

407 5494 452 5525 "
494 5493 512 5546 l
543 5495 683 5550 Tim.
714 5509 776 5558 ιι,
805 5495 858 5547 5.
933 5494 977 5524 ⁸⁸
1020 5492 1037 5545 l
1066 5492 1187 5548 Cor.
1218 5506 1335 5558 VIII,
1368 5490 1423 5547 6.

2009 3246 2143 3300 satis
2174 3254 2495 3315 congruunt.
2541 3244 2671 3301 Nam
2720 3256 2775 3302 et
2811 3247 2909 3317 ipsi
2936 3263 3149 3319 quoque
3186 3266 3351 3304 unum
3402 3251 3575 3307 solum

2009 3338 2279 3392 Christum
2345 3349 2531 3408 aperte
2595 3342 2951 3405 constituunt,
3011 3351 3064 3395 et
3122 3356 3285 3394 unum
3362 3341 3578 3395 Emma-

2011 3428 2221 3484 nuelem
2270 3430 2322 3483 in
2376 3431 2510 3485 duos
2563 3429 2841 3496 divellere,
2892 3441 3145 3500 tanquam
3194 3448 3304 3487 rem
3366 3448 3575 3487 summa

2010 3534 2132 3575 cum
2173 3520 2452 3588 impietate
2492 3520 2857 3589 coniunctam,
2899 3536 3244 3591 summopere
3287 3537 3579 3578 exsecran-

2014 3619 2103 3664 tur
2135 3628 2149 3666 :
2179 3610 2275 3665 sed
2306 3609 2542 3665 Verbum
2596 3611 2811 3666 interim
2842 3614 3016 3676 carni,
3050 3628 3169 3682 qua;
3194 3613 3451 3679 humana,
3472 3617 3577 3670 hoc

2012 3714 2113 3768 est,
2142 3704 2350 3758 ratione
2382 3703 2603 3773 praedita
2655 3704 2833 3757 anima
2883 3714 3046 3757 exuta
3096 3705 3457 3773 destitutaque
3484 3705 3575 3769 sit,

2014 3795 2218 3847 unitum
2249 3794 2572 3863 praedicant;
2604 3804 2655 3848 et
2685 3810 2783 3847 cur
2823 3796 2962 3849 istud
3008 3795 3299 3863 praedicare
3322 3796 3575 3861 debeant,

2015 3882 2275 3936 rationem
2308 3883 2594 3936 admodum
2621 3882 2957 3952 plausibilem
2988 3885 3319 3953 comperisse
3336 3901 3395 3940 se
3421 3896 3578 3940 autu-

2015 3983 2183 4027 mant.
2214 3973 2380 4026 Aiunt
2407 3972 2712 4042 enim,quaa
2743 3975 2809 4027 ad
2857 3976 3015 4028 unius
3057 3974 3280 4043 perfecti
3318 3978 3580 4030 constitu-

2016 4063 2216 4117 tionem
2260 4076 2359 4128 per
2404 4062 2849 4131 compositionem
2906 4074 3260 4127 concurrunt,
3290 4079 3352 4118 ea
3400 4074 3579 4133 partes

2013 4167 2133 4208 esse
2149 4164 2203 4209 et
2225 4155 2660 4224 imperfectorum
2688 4160 2948 4212 rationem
2982 4158 3227 4212 obtinere
3250 4174 3264 4221 ;
3291 4174 3414 4212 nam
3438 4157 3580 4227 quod
3605 4139 3610 4145 ’

2014 4245 2310 4313 perfectum
2343 4256 2427 4302 est
2453 4263 2545 4316 per
2582 4263 2659 4312 se,
2691 4256 2852 4317 atque
2879 4259 2937 4300 nt
2988 4248 3041 4301 in
3097 4248 3309 4317 prapria
3363 4259 3578 4313 natura,

2015 4351 2120 4389 nun
2163 4351 2296 4404 opus
2356 4337 2536 4399 habet.
2573 4347 2633 4391 ut
2686 4337 2754 4390 ad
2803 4337 3080 4405 partialem
3136 4337 3578 4405 compositionem

2011 4427 2192 4481 veniat
2220 4445 2236 4480 :
2269 4436 2431 4497 atque
2457 4428 2577 4482 ideo
2602 4428 2900 4482 cavendum
2929 4442 3050 4482 esse
3101 4428 3290 4482 sedulo
3340 4443 3408 4483 ne
3447 4437 3581 4482 tctu-

2009 4518 2180 4588 plum,
2210 4520 2353 4587 quod
2385 4519 2562 4574 Verbo
2589 4520 2801 4573 unitum
2838 4531 2942 4585 est,
2976 4520 3276 4590 perfectum
3308 4521 3578 4574 hominem

2011 4611 2285 4666 exstitisse
2332 4614 2709 4679 concedentes,
2731 4623 2978 4668 exactam
3034 4615 3179 4667 illam
3227 4615 3387 4668 unius
3414 4616 3582 4668 ratio-

2010 4715 2154 4765 nem,
2183 4716 2303 4769 qua:
2344 4703 2394 4756 in
2418 4702 2634 4758 Christo
2681 4705 2942 4759 accidisse
2990 4705 3344 4772 dignoscitur,
3373 4705 3580 4758 merita:

2010 4790 2291 4845 calumnia:
2337 4808 2691 4861 exponamus.
2727 4795 2862 4859 Quin
2918 4804 2973 4847 et
3022 4796 3150 4848 illud
3202 4808 3416 4862 quoque
3476 4794 3582 4848 huc

2015 4881 2321 4951 adjecturos
2353 4885 2629 4950 suspicor;
2670 4897 2881 4951 nempe,
2908 4884 2951 4937 si
2981 4898 3045 4937 ex
3075 4884 3289 4937 homine
3322 4884 3580 4951 perfecto,

2014 4982 2070 5026 et
2093 4971 2184 5027 Dei
2216 4973 2395 5027 Patris
2429 4973 2602 5028 Verbo
2660 4974 3065 5027 Emmanuelem
3117 4974 3388 5027 coaluisse
3433 4974 3583 5028 diea-

2007 5078 2149 5126 mus,
2184 5063 2238 5116 in
2270 5064 2398 5117 illud
2431 5081 2526 5119 nos
2573 5074 2624 5119 et
2670 5081 2943 5134 magnum,
2976 5075 3023 5119 et
3061 5065 3218 5133 plane
3270 5067 3583 5121 inevitabile

2004 5152 2301 5221 periculum
2329 5162 2585 5207 venturos
2617 5168 2755 5215 esse,
2779 5163 2835 5206 ut
2867 5154 2947 5206 vel
2981 5154 3130 5207 inviti
3156 5156 3287 5209 duos
3310 5156 3578 5220 Christos,

2004 5254 2057 5298 et
2090 5244 2224 5299 duos
2278 5245 2462 5299 itidem
2507 5244 2643 5299 filios
2698 5255 2882 5300 tenere
2927 5257 2980 5299 et
3028 5247 3268 5316 proﬁteri
3302 5261 3577 5316 cogamur.

2002 5334 2170 5402 Cedo,
2201 5336 2329 5405 quid
2390 5350 2488 5390 nos
2544 5337 2610 5390 ad
2670 5337 2781 5391 haec
2827 5339 3582 5408 rcspomlebimus‘lApprime

1425 5633 1597 5691 Varia:
1625 5634 1885 5692 lectiones
1913 5636 2117 5692 codicis
2156 5636 2516 5705 Seguieriani.

412 5779 434 5808 ο
477 5769 615 5840 μέρη
642 5770 698 5823 τέ
725 5771 850 5823 εισι.
926 5769 952 5809 δ
991 5769 1255 5834 σύνθεσις.
1340 5783 1361 5809 ο
1404 5765 1646 5843 ἐγῷμαι.
1730 5773 1749 5811 τ
1783 5774 2104 5843 συντίθεμεν
2134 5773 2225 5827 τὸν
2268 5773 2635 5845 Ἐμμανουήλ.
