4146 6454
587 411 727 469 1159

1549 401 1614 458 S.
1648 402 1927 500 CYRILLI
1954 400 2422 458 ALEXANDRINI
2463 403 2780 460 ARCIIIEP.

3682 416 3846 473 ιιδο

588 526 867 593 indignum
900 534 1023 575 esse
1082 533 1182 573 nos
1206 516 1637 586 antiquissimam
1672 517 1792 571 lidel
1821 518 2160 571 traditionem

2267 521 2578 589 χαιοτάτην,
2605 522 2700 573 καὶ
2737 518 2796 585 ἐξ
2825 522 3001 575 αὐτῶν
3034 523 3143 573 τῶν
3184 525 3351 589 ἁγίων
3397 526 3713 583 ἀποστόλων
3755 532 3846 584 δι-

585 618 679 688 (ιιι
736 630 857 684 qna:
895 614 963 668 ab
994 613 1124 681 ipsis
1175 610 1381 664 sanctis
1410 611 1665 677 apostolis
1700 610 1937 677 profecta
1964 611 2028 662 ad
2064 626 2162 663 nos

588 721 758 777 usque
777 706 1058 774 pervenit)
1084 710 1302 773 propter
1327 701 1570 755 curiosas
1606 700 1864 767 quasdam
1891 715 1953 753 ac
1975 713 2163 768 super-

588 812 858 853 vacaneas
902 797 1146 851 rationes
1190 807 1253 845 ac
1304 791 1722 860 disceptationes
1771 791 2043 856 deserere,
2082 794 2161 845 vel

590 890 775 944 nimiis
800 886 1240 957 inquisitionibus
1273 885 1520 935 humana:
1546 883 1739 936 mentis
1766 894 1980 952 captum
2005 899 2163 938 exce-

589 981 772 1034 dentia
796 978 1103 1046 subjicere;
1140 974 1245 1043 16
1268 972 1350 1025 vel
1382 973 1431 1025 in
1462 973 1693 1024 medium
1741 974 1962 1026 exsilire
1998 974 2160 1027 veluti

586 1071 819 1140 jndices,
850 1079 909 1123 ut
941 1078 1125 1122 nostro
1163 1079 1347 1127 sensu,
1382 1074 1687 1131 contempto
1716 1066 1974 1133 periculo,
2008 1067 2161 1131 quid-

590 1164 674 1218 vis
710 1162 1014 1222 metientes,
1042 1158 1285 1211 dicamus
1317 1172 1329 1209 :
1361 1155 1470 1208 Hoc
1515 1166 1658 1207 recte
1709 1171 1766 1208 se
1821 1157 1999 1218 habet,
2034 1157 2161 1208 illud

590 1266 722 1303 vero
753 1264 927 1304 secus.
947 1247 1159 1312 Quanto
1201 1244 1392 1306 satius,
1429 1254 1737 1311 quantoque
1786 1243 1970 1296 utilius
2002 1245 2160 1307 foret,

590 1340 988 1410 sapientissimo
1008 1337 1117 1390 Deo
1149 1335 1495 1389 consiliorum
1542 1349 1761 1387 suorum
1810 1334 2046 1387 rationes
2074 1337 2157 1387 in-

593 1444 741 1501 tegrc
768 1431 1099 1499 permittere,
1136 1438 1191 1481 et
1215 1441 1277 1480 ea
1311 1441 1429 1493 qua:
1470 1426 1571 1495 ipsi
1602 1426 1980 1495 probatissima
2014 1438 2161 1491 sunt,

592 1526 755 1593 impie
775 1538 878 1577 non
902 1522 1315 1591 reprehendere,
1351 1521 1645 1587 praesertim
1666 1535 1787 1573 eum
1816 1521 1959 1573 illum
1977 1531 2163 1589 aperte

588 1615 881 1677 dicentem,
901 1623 955 1666 et
1003 1612 1158 1681 quasi
1193 1614 1624 1679 expostulanteni
1659 1614 1976 1665 audiamus:
2003 1632 2020 1662 ι
2047 1611 2160 1666 Νοη

588 1716 715 1760 sunt
747 1705 969 1759 consilia
1002 1718 1118 1756 mea
1150 1703 1281 1755 sicut
1305 1703 1525 1755 consilia
1562 1714 1759 1765 vestra,
1789 1717 1885 1756 nec
1911 1704 2007 1756 via:
2032 1718 2161 1757 mea:

588 1807 652 1851 ut
673 1797 774 1852 via:
808 1806 1039 1850 vestrm:
1068 1795 1161 1847 sed
1217 1795 1359 1846 sicut
1398 1795 1562 1849 distat
1611 1794 1807 1848 cmlum
1840 1809 1868 1846 ιι
1897 1805 2061 1857 terra,
2088 1798 2158 1849 ita

589 1892 692 1944 via:
713 1903 844 1943 mea:
864 1905 894 1942 a
922 1889 1024 1943 viis
1064 1888 1281 1952 vestris,
1305 1896 1361 1941 et
1402 1887 1758 1955 cogitationes
1789 1902 1919 1942 mea:
1949 1903 1978 1941 a
2008 1890 2157 1958 cogi-
2194 1864 2235 1919 Β

589 1980 883 2035 tationibus
913 1981 1105 2034 vestris
1126 1980 1191 2032 δ’.
1224 1996 1243 2029 ι

659 2072 847 2127 XVIII.
882 2071 1061 2137 Quare
1100 2073 1227 2125 licet
1263 2067 1542 2137 templum,
1575 2068 1717 2137 quod
1744 2066 1924 2123 Verbo
1950 2070 2157 2123 unitum

588 2175 694 2231 est,
733 2165 909 2217 anima
941 2164 1177 2217 humana
1206 2163 1505 2231 perlectum
1532 2172 1587 2214 et
1632 2161 1979 2215 informatum
2007 2170 2160 2215 certo

586 2258 897 2320 credamus,
937 2271 1042 2309 non
1095 2256 1231 2309 duos
1283 2262 1461 2307 tamen
1517 2253 1658 2307 ﬁlios
1718 2253 2027 2315 adoramus,
2061 2266 2160 2305 nec

585 2352 724 2405 duos
754 2348 1002 2402 Cbristos
1031 2347 1396 2417 agnoscimus.
1423 2344 1495 2399 Ut
1526 2345 1669 2398 enim
1702 2345 1913 2397 tametsi
1946 2342 2160 2396 Emma-

590 2441 802 2495 nuelem
857 2454 921 2492 ex
979 2437 1092 2492 sola
1147 2452 1313 2490 carne
1346 2444 1401 2489 et
1438 2436 1530 2488 Dei
1579 2434 1751 2486 Patris
1787 2430 2157 2497 Verbo,juxta

587 2532 905 2598 opinionem
968 2544 1129 2596 quam
1185 2527 1261 2580 illi
1318 2526 1768 2595 complectuntur,
1798 2522 2157 2591 compositum

589 2628 856 2681 statuant,
917 2616 1061 2669 nulla
1094 2616 1267 2669 adhuc
1302 2624 1479 2668 tamen
1531 2615 1739 2665 ratione
1773 2613 1875 2664 huc
1912 2612 1986 2664 illi
2019 2609 2159 2678 adigi

587 2720 650 2760 se
688 2713 1022 2774 paterentur,
1068 2712 1123 2756 ut
1144 2718 1309 2757 carne
1344 2717 1612 2759 seorsum,
1636 2710 1692 2753 et
1725 2700 2011 2767 Unigenito
2037 2713 2158 2749 rur-

588 2811 707 2849 sum
737 2809 980 2847 seorsum
1036 2793 1231 2861 posito,
1278 2793 1412 2845 does
1450 2791 1693 2845 Christus
1741 2788 2155 2857 proﬁterentur;

590 2889 665 2941 ita
695 2901 791 2940 nos
842 2898 1072 2953 quoque,
1104 2883 1352 2951 quamvis
1406 2881 1498 2934 Dei
1544 2880 1798 2943 Verbum,
1834 2880 2158 2933 humanitati

591 2990 789 3033 unum:
822 2977 1115 3030 secundum
1142 2975 1370 3044 propria:
1402 2985 1606 3027 natura:
1640 2973 1905 3026 rationem
1937 2972 2158 3025 omnino

590 3070 827 3139 perfecte
878 3070 1114 3129 unitum,
1157 3065 1519 3134 ineﬂ‘abilique
1586 3080 1650 3118 ac
1710 3064 2159 3130 incomprehenso

590 3161 750 3229 plane
781 3160 938 3213 modo
981 3158 1247 3212 sociatum
1283 3157 1636 3219 allirmamus,
1684 3170 1790 3208 non
1823 3157 1956 3210 duos
1979 3167 2155 3208 tamen
2185 3193 2230 3253 Ο

591 3252 730 3304 Iilios
784 3259 961 3303 mente
1007 3247 1367 3316 concipimus,
1401 3247 1495 3299 sed
1561 3260 1725 3298 unum
1781 3248 2155 3313 eumdetnque,

589 3340 682 3409 qui
714 3338 931 3406 quidem
980 3345 1171 3389 natura
1216 3335 1356 3388 Deus
1405 3334 1698 3397 exsistens,
1727 3343 1912 3402 utpote
1947 3349 2012 3388 ex
2063 3333 2154 3386 Dei

588 3440 647 3484 et
679 3428 858 3482 Patris
890 3426 1193 3480 substantia
1230 3433 1402 3487 ortus,
1435 3433 1490 3476 et
1540 3424 1593 3476 in
1658 3422 1919 3476 extremis
1976 3422 2156 3477 saeculi

592 3520 926 3589 temporibus
984 3519 1143 3571 homo
1193 3515 1369 3570 Iactus
1404 3515 1474 3575 ⁵³,
1514 3523 1574 3567 et
1614 3528 1681 3567 ex
1735 3528 1889 3567 sacra
1939 3515 2157 3582 deipara

591 3612 815 3681 Virgine
843 3617 1021 3671 natus,
1048 3622 1170 3662 cum
1201 3622 1232 3660 a
1264 3604 1442 3669 nobis,
1485 3614 1595 3658 tum
1643 3605 1711 3657 ab
1767 3604 1899 3671 ipsis
1942 3617 2159 3672 quoque

590 3702 795 3755 sanctis
832 3699 1058 3768 angelis,
1092 3695 1387 3752 secundum
1444 3694 1749 3763 Scriptores
1786 3694 1853 3761 “,
1884 3696 2080 3748 colitur
2105 3704 2158 3749 et

591 3790 869 3843 adorator.

663 3882 801 3937 XIX.
834 3882 983 3948 Quod
1034 3881 1079 3937 si
1120 3879 1356 3933 dixerint
1383 3895 1553 3950 genus
1589 3889 1833 3935 nostrum
1868 3879 1984 3933 solo
2025 3879 2155 3934 Uni-

589 3976 758 4045 geniti
812 3976 1043 4029 adventu
1099 3973 1394 4043 indiguisse
1458 3984 1621 4043 atque
1661 3975 1782 4027 ideo
1812 3973 2155 4041 illum,quod

586 4070 658 4123 ab
694 4070 761 4124 iis
791 4070 881 4137 qui
912 4069 964 4120 in
1010 4067 1169 4121 terris
1206 4067 1426 4136 degunt,
1465 4067 1638 4130 cerni,
1690 4067 1971 4134 amieeque
2032 4081 2154 4119 cum

590 4160 895 4214 hominibus
922 4160 1251 4222 conversari,
1289 4170 1343 4212 et
1370 4160 1490 4213 vitae
1521 4159 1848 4226 evangelica:
1893 4158 2031 4209 viam
2062 4172 2157 4211 no-

586 4251 675 4305 bis
703 4260 1119 4319 praemonstrare
1168 4252 1348 4314 vellet,
1372 4250 1766 4318 dispensatoria
1796 4249 2030 4318 quadam
2063 4264 2154 4302 ra-

588 4344 739 4397 tione
760 4342 928 4394 solam
967 4358 1192 4396 carnem
1234 4343 1390 4397 nobis
1423 4341 1657 4395 similem
1712 4341 1948 4394 induisse
1980 4340 2155 4409 (Deus

587 4416 822 4501 namque
857 4437 1150 4489 secundum
1175 4449 1325 4487 suam
1347 4444 1591 4486 naturam
1610 4434 1711 4487 sub
1746 4441 2022 4501 aspectum
2049 4446 2152 4485 non

2264 613 2502 679 ήκουσαν
2530 613 2608 673 εἰς
2638 614 2784 680 ἡμᾶς
2816 613 3131 682 παράδοσιν,
3164 615 3223 665 οὐ
3264 619 3386 677 ταῖς
3417 619 3793 690 ὑπερμέτροις
3816 632 3845 669 s

2262 701 2567 771 ἀκριϐείαις
2588 703 2873 755 καταλύειν
2892 705 2915 741 δ
2940 704 3108 769 ἄξιον,
3137 705 3258 757 οὔτε
3286 707 3391 776 μὴν
3412 713 3531 773 ταῖς
3562 714 3638 773 είς
3661 714 3848 782 ἄκρον

2262 790 2511 859 ὲρεύναις
2556 791 2848 862 ὑποφέρειν
2890 793 2959 844 τὰ
3026 794 3166 862 ὑπὲρ
3212 796 3354 861 νοῦν,
3384 797 3641 852 ἀλλὀὐδὲ
3676 802 3850 870 ἥκειν

2260 883 2340 943 εἰς
2388 883 2552 951 μέσον
2599 880 2794 953 οἷάπερ
2817 885 2968 947 τινὰς
3008 887 3261 955 ὁριστὰς,
3307 889 3400 940 καὶ
3448 889 3851 959 ῥιψοκινδύνως

2262 974 2550 1042 λέγοντας,
2597 976 2671 1039 ὡς
2723 976 2783 1028 τὸ
2827 978 2973 1031 δεῖνα
3020 977 3120 1047 μὲν
3166 978 3363 1047 ὀρθῶς,
3394 979 3454 1032 τὸ
3488 981 3631 1033 δεῖνα
3683 982 3731 1033 δ’
3766 978 3849 1035 αὖ

2262 1066 2465 1135 ἑτέρως
2494 1067 2658 1136 ἔχειν.
2676 1068 2873 1137 Ἐχρῆν
2907 1068 3103 1138 δήπου,
3125 1071 3222 1121 καὶ
3247 1065 3314 1140 ἦν
3341 1071 3560 1139 ἄμεινον
3593 1072 3845 1141 ἀληθῶς,

2260 1156 2556 1225 ἀπονέμειν
2592 1159 2794 1227 μᾶλλον
2847 1161 2925 1230 τῷ
2954 1162 3213 1231 πανσόφῳ
3240 1163 3360 1231 Θεῷ
3396 1163 3506 1215 τῶν
3540 1164 3686 1217 ίδίων
3717 1165 3849 1217 δια-

2263 1250 2506 1317 σκέψεων
2552 1253 2651 1321 τὴν
2700 1254 2839 1317 ὁδὸν,
2876 1255 2969 1307 καὶ
3002 1254 3075 1325 μὴ
3102 1258 3215 1317 τοῖς
3250 1251 3308 1308 εὖ
3346 1256 3490 1326 ἔχειν
3518 1258 3649 1328 παρ’
3680 1259 3845 1327 αὐτῷ

2258 1341 2757 1412 δεδοκιμασμένοις,
2827 1346 3055 1408 ἀνοσίως
3117 1348 3400 1417 ἐπιτιμᾷν.
3457 1349 3845 1419 ’Λκουσόμεθα

2261 1431 2369 1500 γὰρ
2398 1432 2645 1500 λέγοντος
2676 1435 2919 1503 ἐναργῶς
2939 1450 2951 1463 ⁸
2986 1455 3004 1486 ι
3033 1437 3105 1488 Οὐ
3134 1437 3241 1507 γάρ
3267 1440 3403 1490 εἰσιν
3435 1442 3489 1492 αἱ
3514 1439 3700 1509 βουλαί
3730 1458 3848 1509 μου

2260 1523 2448 1593 ὥσπερ
2480 1525 2536 1576 ai
2569 1524 2754 1593 βουλαὶ
2780 1526 2954 1595 ὑμῶν,
2984 1527 3106 1578 οὐδὲ
3147 1528 3334 1599 ὥσπερ
3365 1530 3421 1581 αἱ
3450 1531 3558 1583 ὁδοὶ
3587 1525 3747 1599 ὑμῶν
3777 1534 3845 1584 αἱ

2259 1612 2366 1663 ὁδοί
2402 1626 2535 1680 μου·
2589 1613 2706 1666 ἀλλ’
2732 1614 2808 1676 ὡς
2838 1615 3027 1683 ἀπέχει
3070 1617 3099 1667 ὁ
3132 1616 3358 1686 οὐρανὸς
3406 1619 3512 1671 ἀπὸ
3552 1620 3651 1688 τῆς
3683 1620 3793 1688 γῆς
3827 1661 3845 1681 ,

2260 1702 2432 1766 οὕτως
2457 1702 2649 1773 ἀπέχει
2682 1708 2715 1775 ἡ
2745 1706 2861 1770 ὁδός
2895 1725 2997 1776 μου
3024 1708 3133 1761 ἀπὸ
3160 1709 3268 1761 τῶν
3284 1710 3419 1762 ὁδῶν
3447 1711 3620 1781 ὑμῶν,
3642 1714 3740 1765 καὶ
3762 1713 3847 1765 τὰ

2259 1792 2595 1862 διανοήματα
2631 1795 2784 1863 ὑμῶν
2815 1795 2922 1848 ἀπὸ
2955 1796 3052 1866 τῆς
3079 1798 3316 1863 διανοίας
3351 1817 3473 1869 μου.
3506 1820 3524 1850 ι

2331 2063 2439 2115 IH'.
2483 2062 2645 2126 Υίοὺς
2701 2063 2760 2116 δὲ
2784 2062 2901 2117 οὔτι
2937 2081 3040 2118 που
3076 2064 3168 2118 δύο
3205 2066 3677 2137 προσκυνήσομεν,
3705 2067 3845 2121 ἀλλ’

2258 2154 2379 2207 οὐδὲ
2410 2156 2679 2226 Χριστοὺς
2708 2156 2937 2226 ἐροῦμεν
2956 2154 3067 2220 δύο,
3090 2156 3195 2209 κᾶν
3219 2156 3528 2226 ἐψυχῶσθαι
3562 2158 3843 2211 πιστεύω-

2262 2262 2362 2314 μεν
2382 2246 2526 2317 ψυχῇ
2550 2247 2741 2317 λογικῇ
2768 2247 2857 2299 τὺν
2884 2246 3153 2301 ἐνωθέντα
3172 2247 3251 2317 τῷ
3282 2249 3439 2318 Λόγῳ
3467 2250 3797 2305 ναόν.“Ὡσπε
3807 2268 3845 2319 ρ

2259 2338 2394 2407 γάρ,
2421 2338 2563 2391 κατά
2586 2354 2649 2405 γε
2680 2338 2741 2391 τὸ
2785 2338 3015 2401 ἐκείνοις
3041 2335 3099 2392 εὖ
3130 2339 3275 2408 ἔχειν
3304 2339 3512 2403 δοκοῦν,
3549 2341 3658 2394 κᾶν
3688 2342 3737 2393 εί
3767 2342 3844 2394 ἐκ

2261 2428 2428 2498 μόνης
2454 2427 2663 2495 λέγοιτο
2683 2429 2756 2477 i-l
2781 2429 2882 2497 τῆς
2909 2426 3129 2498 σαρκὸς,
3158 2427 3357 2480 καὶτοῦ
3374 2430 3439 2480 ἐκ
3458 2429 3594 2482 Θεοῦ
3621 2431 3844 2501 Πατρὸς

2258 2518 2565 2587 πεφηνότος
2612 2518 2810 2585 Λόγου,
2840 2517 3013 2580 οὐδεὶς
3053 2518 3250 2580 αὐτοὺς
3287 2519 3568 2571 ἀναπείσει
3606 2522 3840 2590 τρόπος,

2258 2608 2364 2661 ἀνά
2395 2607 2558 2679 μέρος
2584 2608 2681 2678 τὴν
2718 2608 2894 2679 σάρκα
2924 2608 3192 2674 τιθέντας,
3227 2608 3322 2661 καὶ
3345 2608 3446 2661 ἀνά
3481 2610 3648 2679 μέρος
3669 2611 3845 2663 αὐτὸν

2259 2698 2561 2767 Μονογενῆ,
2589 2697 2756 2750 δυάδα
2806 2698 2861 2750 δὲ
2901 2698 3151 2768 Χριστῶν
3186 2698 3468 2767 ὁμολογεῖν
3491 2716 3503 2727 ·
3535 2698 3681 2749 οὕτω
3730 2698 3846 2750 κᾶν

2259 2790 2326 2857 τῇ
2348 2786 2466 2839 καθ’
2495 2790 2643 2857 ἡμᾶς
2679 2788 3059 2858 ἀνθρωττόιητι
3087 2788 3306 2850 τελείως
3334 2787 3553 2859 ἐχούσῃ,
3596 2789 3740 2841 κατά
3764 2805 3843 2855 γε

2258 2878 2348 2930 τὸν
2376 2879 2474 2948 τῆς
2507 2878 2642 2941 ἰδίας
2689 2879 2902 2947 φύσεως
2952 2878 3129 2946 λόγον,
3161 2880 3324 2930 οἱονεὶ
3357 2878 3741 2948 συνενηνέχθαι
3774 2896 3850 2930 τε

2259 2969 2354 3020 καὶ
2387 2965 2629 3037 ἡνῶσθαι
2676 2967 2918 3037 λέγωμεν
2948 2967 3281 3037 ἀπορρήτως
3312 2983 3372 3019 τε
3408 2966 3504 3018 καὶ
3532 2967 3672 3035 ὑπὲρ
3706 2965 3851 3018 νοῦν

2258 3059 2348 3111 τὸν
2391 3060 2455 3111 ἐκ
2497 3057 2631 3110 Θεοῦ
2673 3058 2864 3125 Λόγον,
2900 3060 2998 3127 οὐχ
3027 3059 3160 3110 υίῶν
3183 3058 3348 3111 δυάδα
3374 3058 3663 3127 νοήσομεν,
3701 3057 3850 3109 ἀλλ’

2260 3149 2356 3201 ἐνα
2383 3149 2477 3202 καὶ
2506 3148 2601 3201 τὸν
2627 3148 2813 3211 αὑτὸν,
2843 3147 3004 3215 φύσει
3044 3149 3143 3217 μὲν
3174 3150 3302 3202 ὄντα
3333 3149 3487 3213 Θεὸν,
3511 3149 3604 3200 καὶ
3649 3147 3712 3211 ἐξ
3736 3148 3854 3200 αὖ-

2258 3239 2357 3308 τῆς
2388 3239 2663 3308 πεφηνότα
2706 3238 2807 3308 τῆς
2852 3238 3038 3301 οὐσίας
3067 3240 3163 3292 τοῦ
3196 3239 3332 3292 Θεοῦ
3378 3240 3470 3293 καὶ
3496 3241 3744 3309 Πατρός·
3781 3242 3853 3292 ἐν

2257 3329 2505 3397 ἐσχάτοις
2534 3329 2592 3381 δὲ
2616 3328 2709 3381 τοῦ
2737 3330 2932 3392 αἰῶνος
2960 3332 3173 3401 καιροῖς
3205 3330 3495 3399 γενόμενον
3518 3330 3848 3400 ἄνθρωπον,

2260 3422 2353 3473 καὶ
2385 3420 2474 3474 διὰ
2512 3421 2610 3490 τῆς
2648 3421 2811 3488 ἁγίας
2840 3422 2934 3474 καὶ
2964 3421 3227 3475 Θεοτόκου
3264 3423 3535 3493 Παρθένου
3568 3440 3853 3493 γεγεννη-

2260 3509 2439 3579 μένον,
2476 3510 2570 3563 καὶ
2600 3510 2738 3580 πρός
2770 3528 2829 3564 τε
2859 3511 3017 3581 ἡμῶν
3047 3512 3226 3565 αὐτῶν
3257 3512 3352 3564 καὶ
3387 3514 3495 3564 τῶν
3523 3514 3698 3581 ἁγίων
3728 3515 3849 3580 ἁγ-

2260 3601 2431 3670 γέλων
2466 3602 2960 3672 προσκυνούμενον,
2996 3603 3138 3656 κατὰ
3162 3602 3260 3665 τὰς
3288 3603 3529 3673 Γραφάς.

2329 3890 2427 3942 ΙΘ’.
2470 3889 2531 3941 Ei
2560 3887 2617 3940 δὲ
2647 3887 2710 3958 δὴ
2738 3889 2912 3956 φαῖεν,
2944 3888 3026 3939 ὅτι
3059 3885 3227 3956 μόνης
3259 3886 3358 3955 μὲν
3396 3884 3571 3937 ἐδεῖτο
3591 3884 3660 3937 τὰ
3694 3884 3811 3938 καθ
3831 3890 3845 3908 ‘

2258 3982 2404 4050 ἡμᾶς
2446 3981 2544 4050 τῆς
2588 3977 2683 4031 τοῦ
2732 3977 3070 4046 Μονογενοῦς
3116 3976 3445 4046 ἐπιδημίας·
3475 3975 3737 4046 ἐθελήσας
3779 3977 3849 4029 δὲ

2256 4072 2488 4140 ὀφθῆναι
2513 4073 2626 4133 τοῖς
2653 4072 2744 4124 ἐπὶ
2774 4072 2895 4140 γῆς.
2920 4072 3014 4123 καὶ
3036 4068 3345 4139 ἀνθρώποις
3376 4070 3844 4137 συναναστραφῆ-

2257 4181 2364 4224 ναι,
2395 4160 2714 4232 παραδεῖξαι
2754 4179 2815 4213 τε
2855 4162 2990 4231 ἡμῖν
3037 4162 3139 4229 τῆς
3187 4158 3524 4231 άγγελικῆςκ
3556 4160 3843 4223 πολιτείας

2257 4254 2354 4324 τὴν
2385 4253 2522 4315 ὁδὸν,
2553 4253 2908 4321 οἰκονομικῶς
2930 4250 3273 4322 ἡμι-τξσχετο1
3306 4252 3405 4321 τὴν
3433 4252 3675 4321 ὁμοίανω
3698 4254 3845 4320 ἡμῖν

2257 4347 2435 4415 σάρκα
2482 4343 2563 4413 (τὸ
2590 4344 2696 4413 γάρ
2724 4361 2806 4397 τοι
2849 4344 3003 4396 Θεῖον
3034 4343 3175 4396 κατὰ
3202 4342 3365 4411 φύσιν
3399 4342 3534 4395 ἰδίαν
3564 4342 3664 4411 οὐχ
3697 4344 3846 4410 ὀρα-

2255 4438 2389 4503 τόν)·
2426 4438 2756 4505 ἠγνοηκότες
2796 4435 3091 4489 ἁλώσονται
3111 4439 3211 4506 τῆς
3242 4434 3705 4504 ὲνανορωπὴσεως
3735 4434 3844 4486 τὸν

584 4525 793 4593 cadit),
832 4525 907 4577 illi
947 4524 1339 4579 incarnationis
1390 4539 1613 4593 scopum
1657 4538 1717 4577 se
1740 4524 2006 4593 ignorare,
2043 4536 2156 4576 ma-

2262 4527 2481 4591 σκοπδν,
2498 4527 2589 4579 καὶ
2607 4527 2879 4589 συνιέντες
2898 4526 3151 4595 οὐδαμῶς
3177 4526 3238 4577 τὸ
3260 4522 3402 4593 μέγα
3425 4524 3523 4593 τῆς
3549 4524 3735 4575 εὑσεϐε
3746 4524 3841 4585 ia;

586 4630 861 4685 gnnmque
926 4617 1055 4671 illud
1112 4617 1332 4686 pietatis
1365 4618 1679 4688 mysterium
1713 4618 1759 4648 ⁵⁵
1793 4631 2016 4685 prorsus
2044 4631 2150 4668 non

588 4707 909 4777 intelligere,
934 4718 1120 4777 aperte
1153 4708 1466 4761 ostendunt.
1496 4708 1627 4761 Nam
1653 4708 1697 4761 si
1734 4706 2057 4775 Unigenitus
2088 4715 2152 4758 ea

587 4801 761 4855 solum
795 4804 859 4855 de
908 4816 1068 4855 causa
1118 4800 1451 4867 incarnatus,
1474 4800 1573 4853 hoc
1620 4808 1723 4863 est,
1763 4800 1923 4852 homo
1983 4799 2156 4852 laetus

588 4901 815 4959 est,quo
840 4894 908 4944 ab
950 4892 1017 4944 iis
1034 4891 1124 4959 qni
1161 4890 1215 4944 in
1257 4891 1413 4944 terris
1454 4899 1665 4944 zelatem
1700 4900 1885 4957 agunt,
1915 4890 2155 4957 conspici

589 4992 791 5052 posset,
820 4982 1062 5051 nihilque
1109 4982 1256 5035 aliud
1313 4992 1571 5050 praeterea
1604 4983 1871 5035 commodi
1902 4981 2046 5035 illius
2076 4983 2157 5033 in-

584 5074 834 5126 carnatio
863 5074 1109 5127 humana:
1152 5084 1354 5126 natura:
1400 5073 1577 5125 attulit
1608 5092 1620 5126 :
1649 5088 1746 5126 cur
1788 5072 1999 5125 illorum
2031 5086 2153 5126 sen-

588 5166 771 5217 tentia:
815 5166 1158 5219 subscribere
1193 5165 1295 5232 17
1328 5180 1429 5217 non
1460 5165 1661 5232 pigeat,
1691 5164 1780 5231 qui
1811 5164 2151 5231 phantastica

590 5266 797 5307 tantum
854 5271 1020 5309 carne
1068 5269 1124 5311 et
1156 5272 1382 5324 corpore
1414 5255 1643 5309 Verbum
1685 5256 1951 5316 indutum,
1977 5268 2151 5322 neque

2264 4618 2579 4687 μυστήριον.
2606 4616 2669 4668 Εἰ
2715 4616 2823 4685 γὰρ
2862 4615 2925 4685 δὴ
2969 4616 3139 4686 μόνην
3165 4617 3279 4685 ἔχει
3312 4617 3410 4686 τὴν
3443 4618 3701 4687 ἀφορμὴν
3730 4618 3837 4670 τοῦ

2255 4711 2483 4781 ὀφθῆναι
2512 4714 2625 4773 τοῖς
2657 4711 2751 4763 ἐπὶ
2784 4712 2887 4781 γῆς
2918 4710 3014 4764 τοῦ
3064 4713 3400 4780 Μονογενοῦς
3450 4716 3482 4782 ἡ
3528 4714 3834 4784 σάρκωσις,

2255 4802 2469 4870 ἧγουνη
2522 4800 2963 4870 ἐνανθρώπησις,
3017 4801 3316 4871 προσετέθη
3349 4811 3453 4869 γεο
3506 4803 3616 4873 μὴν
3643 4804 3837 4873 ἕτερον

2254 4890 2406 4942 οὐδὲν
2443 4894 2507 4961 τῇ
2536 4891 2826 4961 ἀνθρώπου
2850 4891 3030 4959 φύσει·
3064 4892 3180 4953 πῶς
3211 4893 3309 4943 οὐκ
3334 4892 3556 4961 ἄμεινον
3585 4894 3686 4963 ἥδη
3712 4912 3835 4957 πως

2255 4983 2349 5032 καὶ
2381 4983 2559 5049 σοφῶν
2578 4994 2624 5045 ιν,
2664 4985 2730 5052 τῇ
2757 4982 2867 5034 τῶν
2901 4985 3155 5052 Δοκητῶν
3185 4983 3558 5053 συμφέρεσθαι
3734 4988 3836 5038 καὶ

2258 5074 2290 5142 ἡ
2300 5075 2404 5142 μᾶς
2437 5074 2652 5137 αὖτοὺς,
2670 5075 2719 5126 οἳ
2758 5074 2960 5143 σαρκός
2988 5093 3045 5127 τε
3074 5075 3212 5145 ὁμοῦ
3241 5077 3335 5126 καὶ
3362 5076 3549 5144 γηῖνου
3577 5077 3836 5146 σώματος

2259 5165 2731 5233 ἀπαμφιεννὺντες
2774 5165 2864 5217 τὸν
2899 5167 3089 5233 Λόγον,
3124 5162 3303 5234 ὦφθαι
3338 5167 3437 5237 μὲν
3487 5167 3580 5217 ἐπὶ
3618 5168 3723 5237 γῆς
3757 5171 3838 5232 ὡς

2258 5256 2539 5325 ἄνθρωπον
2570 5257 3034 5327 μυθοπλαστοῦσιν
3059 5260 3107 5310 οί
3128 5258 3380 5321 δείλαιοι;
3416 5257 3839 5330 Ἦμαρτηκότῖς

658 5409 702 5439 ⁸¹
744 5408 843 5461 lsa.
875 5424 960 5472 LV,
995 5412 1046 5464 8.
1122 5412 1166 5441 ³³
1209 5410 1366 5463 Hebr.
1402 5426 1439 5472 ι,
1477 5410 1527 5474 1,
1559 5412 1614 5461 ‘2.
1689 5412 1732 5440 "*
1774 5411 1916 5464 I‘sal.
1948 5426 2090 5473 xcvr,
2124 5412 2153 5463 8

2258 5412 2295 5441 ⁵³
2338 5414 2353 5465 Ι
2387 5412 2523 5465 Tim.
2560 5428 2643 5475 ιιι,
2680 5413 2763 5467 I6.

1694 5563 1863 5616 Varia:
1899 5564 2156 5618 lectiones
2189 5566 2389 5619 codicis
2423 5566 2775 5636 Seguieriani.

664 5725 689 5763 ς
730 5716 1085 5787 ὑπέρμετρον.
1163 5718 1187 5755 h
1214 5722 1549 5773 καταλιπεῖν.

596 5787 775 5856 σετίθη
798 5804 881 5853 γε,
958 5797 985 5835 P
1026 5789 1202 5855 σοςὸν.

1637 5722 1718 5769 i-l
1757 5719 1975 5774 ἕλοιντο.
2045 5722 2068 5759 ιί
2102 5721 2480 5791 εὐαγγελικῆς.
2543 5718 2914 5791 ὶήμπέσχετο,
2976 5736 3013 5763 ιιι
3058 5725 3212 5781 ἰδίαν,
3254 5737 3279 5762 ιι
3327 5725 3559 5782 εῖτ“οὖν.
3638 5736 3663 5764 ο
3690 5744 3832 5796 προ-
