4146 6480
303 352 435 410 “Gl

1258 346 1347 404 DE
1386 344 1613 406 RECTA
1652 343 1811 406 FIDE
1848 342 1938 398 AD
1977 343 2423 401 TllEODOSlUM
2466 345 2604 400 IMP.

3425 348 3564 405 “6?.

301 469 359 523 δὲ
388 463 656 539 τάληθοῦς
705 464 886 520 ἁλοῖεν
921 462 988 519 ἂν
1020 462 1115 520 καὶ
1148 463 1208 517 οὐ
1239 465 1338 518 σὺν
1370 462 1556 535 ἱδρῶτι
1587 459 1885 533 μακρῷ.Ἦ

2000 460 2042 514 in
2080 460 2314 518 hominis
2344 469 2558 527 natura,
2592 460 2685 515 sed
2712 460 2765 514 in
2800 461 3037 519 hominis
3067 472 3279 520 tantum
3310 466 3566 522 similitu-

301 563 403 616 οὐκ
430 559 655 630 ἄμεινον
684 558 924 631 ἐροῦσιν,
956 560 1004 613 εί
1030 558 1202 631 μηδὲν
1227 558 1436 629 ὀνίνησι
1466 557 1566 628 τὴν
1593 555 1882 628 ἀνθρώπου

302 652 466 722 φύσιν
510 652 539 704 6
584 653 648 705 ὲκ
685 650 822 705 Θεοῦ
849 650 1044 721 Λόγος,
1080 652 1129 711 εί
1158 651 1254 709 καὶ
1286 650 1479 719 γέγονε
1511 649 1668 721 σὰρξ,
1707 649 1885 703 ἀπαλ-

302 742 594 796 λάττεσθαι
624 742 721 813 μὲν
769 740 1110 813 ἀκαθαρσίας
1159 740 1466 810 σαρκικῆς,
1495 738 1643 805 δόξαι
1667 737 1757 811 [δ’]
1790 733 1885 795 οῦν

301 832 452 899 απαξ
492 832 569 904 τῷ
600 832 774 904 γηΐνῳ
803 830 1247 904 προσκεχρῆσθαι
1281 830 1518 901 σώματι,
1553 829 1883 901 διαπερᾶναι

300 942 363 978 τε
386 925 531 979 οὕτω
563 924 654 978 τὸν
685 923 1022 996 προτεθέντα
1052 922 1283 990 σκοπόν;
1315 923 1411 987 Τίς
1441 918 1533 977 οὖν
1562 923 1628 977 ἂν
1673 924 1889 992 γένοιτο

301 1017 488 1070 λοιπὸν
520 1016 624 1089 τῆς
680 1014 976 1088 ἐπιδημίας
1008 1016 1036 1067 6
1062 1015 1257 1085 λόγος,
1294 1016 1328 1091 ἢ
1371 1014 1455 1079 τίς
1488 1016 1517 1068 ό
1554 1015 1755 1086 τρόπος
1786 1014 1887 1086 τῆς

305 1108 812 1181 ἐνανθρωπήσεως,
860 1108 1179 1180 πέπρακται
1212 1108 1271 1162 δὲ
1314 1109 1437 1165 ὅτου
1467 1106 1649 1180 χάριν,
1705 1107 1761 1161 εἴ
1801 1124 1887 1171 τις

305 1200 484 1271 ἔροιτο
512 1201 694 1271 τυχὸν,
714 1200 1110 1257 ἀντακούσεται
1140 1202 1273 1272 παρ’
1298 1200 1484 1272 ήμῶν*
1515 1201 1580 1255 Ἦ
1597 1199 1719 1254 θεία
1742 1199 1889 1256 διδάη

308 1292 387 1357 ξει
417 1292 745 1363 Γραφή.⁹Ιθι
773 1292 837 1362 δὴ
880 1288 995 1361 οὖν,
1019 1286 1066 1346 ὦ
1114 1296 1351 1363 γενναῖε,
1380 1292 1554 1351 πυθοῦ
1586 1293 1695 1349 τῶν
1725 1291 1888 1363 ίερῶν

306 1386 678 1457 Γραμμὰτων,
711 1385 807 1439 καλ⁸
832 1387 953 1447 ταῖς
997 1385 1106 1439 τῶν
1136 1387 1305 1455 ἁγίων
1335 1388 1650 1440 ἀποστόλων
1677 1390 1887 1457 φωναῖς

306 1477 587 1549 ἐνερείσας
615 1473 673 1530 εῦ
705 1477 852 1547 μάλα
882 1479 983 1548 τῆς
1021 1477 1257 1543 διανοίας
1284 1479 1376 1533 τὸν
1404 1478 1704 1549 ὀφθαλμὸν,
1732 1479 1888 1549 ἄθρει

305 1569 372 1641 δὴ
407 1553 592 1633 καλῶς
623 1570 685 1622 τὸ
707 1570 1062 1642 ζητούμενον.
1088 1572 1233 1642 Ἔφη
1271 1571 1454 1626 τοίνυν
1486 1573 1515 1629 6
1546 1572 1709 1641 σοφὸς
1754 1574 1889 1643 ήμῖν

308 1659 544 1724 Παῦλος,
589 1659 752 1713 αὑτὸν
798 1658 936 1731 ἔχων
984 1661 1043 1712 ὲν
1094 1659 1275 1734 ἐαυτῷ
1317 1659 1582 1713 λαλοῦντα
1630 1660 1886 1735 Χριστόψ

312 1753 579 1824 «Ἐπειδὴ
630 1753 688 1807 δὲ
738 1752 811 1807 τά
858 1752 1050 1806 παιδία
1099 1751 1765 1825 κεκοινώνηκεν“αἴματος
1794 1753 1891 1813 καὶ

308 1845 534 1916 σαρκὸς,
550 1846 645 1899 καὶ
673 1844 837 1909 αὐτὸς
865 1845 1266 1918 παραπλησίως
1291 1847 1521 1918 μετέσχε
1551 1846 1660 1899 τῶν
1683 1845 1884 1910 αὐτῶν,

308 1937 401 1991 ἵνα
425 1937 512 1991 διὰ
533 1936 626 1990 τοῦ
658 1936 891 1992 θανάτου
920 1940 1248 2011 καταργήσῃ
1270 1940 1362 1997 τὸν
1385 1940 1447 1992 τὸ
1471 1940 1677 2009 κράτος
1699 1939 1891 2010 ἔχοντα
1930 1952 1935 1955 ’

304 2025 404 2077 τοῦ
438 2024 690 2090 θανάτου,
719 2025 969 2082 τουτέστι
1001 2027 1092 2080 τὸν
1143 2027 1418 2093 διάὅολον,
1456 2030 1551 2083 καὶ
1600 2030 1888 2103 ἀπαλλάξῃ

305 2115 552 2182 τούτους,
599 2116 715 2170 ὅσοι
770 2117 923 2189 φόϐῳ
972 2118 1206 2173 θανάτου
1255 2120 1344 2180 διὰ
1392 2121 1591 2184 παντὸς
1637 2121 1731 2175 τοῦ
1791 2124 1892 2193 ζῇν

306 2210 483 2279 ἔνοχοι
507 2205 647 2281 ἦσαν
682 2210 992 2276 δουλείας.ῗ›
1022 2214 1131 2265 Καὶ
1166 2212 1273 2287 μήν
1301 2215 1397 2267 καὶ
1425 2213 1649 2285 ἑτέρωθι
1689 2214 1891 2286 τρόπον

305 2303 441 2372 ἡμῖν
487 2302 904 2373 ἀφηγούμενος,
945 2323 964 2356 t
991 2304 1068 2357 Τὸ
1113 2304 1222 2377 γὰρ
1270 2305 1532 2361 ἀδύνατον
1570 2306 1665 2365 τοῦ
1698 2308 1886 2378 νόμον,

308 2394 498 2465 φησὶν,
535 2398 593 2449 ἐν
618 2389 662 2463 ᾧ
692 2396 909 2471 ἠσθένει
934 2396 1025 2452 διὰ
1046 2396 1146 2468 τῆς
1176 2398 1398 2468 σαρκὸς,
1427 2400 1603 2463 ὁΘεδς
1633 2400 1724 2455 τὸν
1755 2402 1888 2455 ἑαυ-

306 2488 403 2543 τοῦ
440 2489 571 2543 Υίὸν
600 2490 892 2563 ἐκπέμψας
922 2491 982 2545 ὲν
1005 2489 1316 2562 ὁμοιώματι
1361 2492 1565 2563 σαρκὸς
1589 2492 1885 2563 ἁμαρτίας,

306 2581 404 2634 καὶ
449 2582 579 2652 περὶ
620 2580 917 2651 ἁμαρτίας,
950 2582 1240 2654 κατέκρινε
1287 2582 1388 2651 τὴν
1435 2580 1713 2655 ἁμαρτίαν
1736 2586 1794 2639 ἐν
1819 2588 1885 2656 τῇ

310 2672 497 2741 σαρκὶ,
532 2671 623 2725 ἴνα
646 2671 709 2724 τὸ
739 2671 1018 2743 δικαίωμα
1042 2672 1136 2726 τοῦ
1160 2673 1327 2743 νόμου
1356 2673 1617 2745 πληρωθῇ
1649 2674 1707 2726 ἐν
1732 2675 1887 2745 ήμῑν,

306 2766 421 2827 τοῖς
453 2765 528 2837 μὴ
560 2763 702 2819 κατά
726 2768 905 2838 σάρκα
939 2766 1357 2838 περιπατοῦσιν,
1385 2765 1523 2821 ἀλλὰ
1550 2765 1693 2826 κατὰ
1726 2765 1892 2820 πνεῦ-

312 2875 409 2928 μα.
442 2878 462 2911 ι

1990 552 2117 607 dine
2155 552 2207 607 in
2239 553 2398 608 terris
2430 552 2755 622 apparuisse
2787 552 3129 610 fabulantur?
3160 557 3355 613 Verum
3388 573 3564 628 quan-

1994 652 2104 698 tum
2129 644 2181 697 hi
2208 644 2391 701 miseri
2427 659 2457 698 a
2486 644 2732 699 veritatis
2775 659 2940 713 scopo
2983 648 3260 715 aberrent,
3297 650 3439 705 facili
3468 666 3562 704 ne-

1992 735 2137 804 gotio
2187 736 2397 791 ostendi
2435 745 2650 806 potest.
2702 736 2780 802 Si,
2844 738 3086 807 inquam,
3146 742 3239 797 Dei
3302 745 3566 811 Verbum,

1992 828 2202 882 etiamsi
2228 843 2356 883 caro
2387 828 2586 884 factum
2630 839 2732 895 est,
2762 829 2965 884 nullum
2997 831 3141 886 aliud
3171 834 3419 893 humana:
3468 854 3568 893 na-

1994 926 2126 972 tura:
2152 919 2490 973 commodum
2512 919 2719 985 attulit,
2757 936 2824 973 an
2861 936 2968 975 non
3001 901 3213 978 rectius
3236 936 3571 983 statueretur

1993 1010 2231 1065 acarnis
2275 1012 2494 1079 quidem
2546 1012 2887 1066 immunditia
2946 1013 3172 1068 omnino
3219 1015 3565 1082 abstinulsso.

1995 1111 2209 1157 terreno
2244 1101 2595 1162 nihilominus
2628 1117 2857 1172 corpore
2918 1106 2990 1158 uti
3026 1107 3197 1161 visum
3234 1122 3375 1173 esse,
3405 1119 3568 1180 atque
3618 1132 3623 1137 '

1992 1192 2094 1248 hac
2125 1193 2334 1248 ratione
2372 1193 2514 1264 quod
2558 1194 2874 1249 decreverat
2930 1195 3260 1262 perfecisse?
3298 1201 3567 1258 Caeterum

1993 1283 2114 1352 quis
2137 1283 2397 1339 adventus
2426 1284 2568 1339 illius
2608 1284 2772 1340 fuerit
2826 1302 2977 1353 usus,
3003 1297 3059 1343 et
3083 1290 3260 1358 qualis
3308 1291 3568 1349 incarna-

1996 1375 2157 1431 tionis
2190 1377 2455 1443 modus,sl
2481 1377 2603 1446 quis
2633 1378 2771 1435 forte
2792 1394 2818 1431 a
2847 1378 3002 1437 nobis
3025 1381 3356 1449 sciscitatur,
3387 1388 3568 1453 cujus.

1994 1486 2099 1538 que
2146 1471 2221 1527 rei
2276 1475 2449 1542 gratia
2488 1483 2697 1542 patrata
2744 1476 2845 1540 sit;
2881 1476 2971 1529 ille
3009 1479 3254 1547 responsi
3314 1479 3432 1535 loco
3468 1482 3569 1535 hoc

1994 1565 2181 1634 paucis
2231 1563 2474 1621 habeat:
2508 1566 2641 1636 Age,
2688 1567 2833 1622 istud
2895 1568 3074 1622 divina
3129 1568 3416 1639 Scriptura
3474 1575 3570 1628 tibi

1996 1656 2300 1729 patefaciet.
2332 1656 2482 1712 Vade
2543 1673 2673 1729 ergo
2719 1668 2776 1713 et
2830 1674 3016 1715 sacras
3046 1660 3278 1717 Litteras
3328 1664 3569 1733 consule,

1996 1751 2302 1819 montisque
2348 1752 2562 1806 oculum
2601 1763 2915 1810 sanctorum
2942 1755 3308 1823 apostolorum
3347 1759 3584 1826 vocibus

1993 1841 2167 1909 infer;
2197 1844 2419 1913 etquod
2439 1845 2968 1913 quaeritnr,dilucide
3000 1847 3086 1901 hic
3111 1862 3231 1903 mox
3262 1848 3566 1908 iutuehere.

1993 1935 2158 2004 Igitur
2210 1936 2648 2005 sapientissimus
2698 1937 2980 2006 apostolus
3025 1938 3247 2007 Paulus,
3286 1940 3376 2009 qui
3413 1940 3572 1997 Citri-

1992 2037 2133 2083 stum
2155 2028 2205 2081 in
2231 2043 2289 2082 se
2312 2028 2618 2098 loquentem
2654 2030 2908 2096 habebat,
2945 2032 3011 2086 ad
3043 2031 3185 2088 hunc
3206 2034 3421 2088 modum
3444 2050 3575 2090 con-

1991 2121 2340 2174 eionaturu
2407 2120 2543 2186 Quia
2616 2136 2745 2191 ergo
2810 2124 2962 2192 pueri
3035 2128 3573 2187 communicaverunt

1993 2214 2144 2269 carni
2173 2222 2227 2268 et
2256 2214 2527 2285 sanguini,
2552 2223 2606 2268 et
2654 2213 2769 2282 ipse
2796 2214 3051 2269 similiter
3094 2216 3439 2286 participavit
3460 2218 3569 2271 eis-
3616 2208 3621 2217 ’

1998 2304 2143 2370 dem,
2172 2313 2228 2357 ut
2265 2319 2360 2373 per
2407 2314 2637 2358 mortem
2685 2306 2991 2359 destrueret
3035 2320 3156 2360 eum
3200 2307 3290 2375 qui
3338 2307 3573 2363 habebat

2000 2397 2190 2449 mortis
2223 2395 2529 2465 imperium,
2568 2396 2619 2448 id
2654 2406 2738 2449 est
2779 2396 3074 2462 diabolum,
3107 2407 3161 2452 et
3192 2396 3448 2453 liberaret
3478 2413 3572 2453 eos

1998 2487 2089 2557 qui
2123 2503 2219 2557 per
2264 2497 2430 2542 totam
2483 2488 2645 2540 vitam
2700 2486 2921 2541 obnoxii
2968 2495 3125 2543 erant
3169 2490 3415 2543 servituti
3444 2490 3514 2543 ".
3547 2507 3567 2542 ι

1997 2580 2137 2635 Alibi
2163 2580 2301 2634 idem
2335 2580 2496 2634 aliam
2534 2595 2747 2649 quoque
2789 2580 2949 2650 hujus
2996 2581 3073 2636 rei
3122 2597 3343 2639 causam
3378 2584 3572 2651 aperit,

2000 2675 2202 2730 Scribit
2231 2673 2375 2727 enim
2403 2690 2416 2726 :
2450 2692 2469 2724 ‹
2505 2674 2671 2744 Quod
2705 2673 3037 2743 impossibile
3074 2687 3190 2729 erat
3221 2674 3349 2745 legi,
3384 2677 3435 2730 in
3466 2691 3576 2747 quo

1997 2768 2378 2825 inlirmabatur
2426 2781 2522 2836 per
2552 2781 2771 2822 carnem
2796 2808 2811 2833 ,
2851 2766 2989 2822 Deus
3012 2766 3207 2823 Filium
3244 2785 3399 2824 suum
3453 2771 3576 2824 ιιιίιε

2002 2873 2119 2917 tens
2151 2862 2203 2913 in
2234 2857 2645 2915 similitudinem
2687 2858 2869 2913 carnis
2910 2860 3141 2926 peccati,
3173 2869 3227 2915 et
3253 2860 3317 2913 de
3349 2870 3575 2928 peccato

311 2954 587 3009 damnavit
631 2962 915 3023 peccatum
976 2953 1030 3010 in
1071 2967 1255 3017 carne,
1292 2962 1351 3007 nt
1387 2954 1705 3023 jnstillcatio
1747 2955 1880 3026 legis
1920 2956 2238 3027 impleretur
2296 2953 2352 3007 in
2375 2952 2550 3016 nobis,
2579 2950 2669 3020 qui
2700 2964 2817 3006 non
2881 2952 3175 3006 secundum
3210 2967 3427 3007 carnem
3458 2967 3577 3007 am-

309 3048 579 3110 bulamus,
604 3046 697 3101 sed
732 3045 1029 3101 secundum
1064 3046 1313 3114 spiritum
1337 3048 1407 3100 ⁸⁷.
1444 3064 1462 3098 ι

380 3141 469 3195 Κ’.
512 3135 635 3215 'Ap‘
662 3136 775 3202 οῦν,
809 3137 930 3208 οὐχὶ
968 3138 1385 3210 προδηλότατον,
1415 3140 1509 3192 καὶ
1560 3140 1738 3193 οὐδενὶ
1786 3140 1895 3197 τῶν

2072 3137 2189 3192 XX.
2222 3149 2410 3190 Annon
2452 3132 2856 3205 apertissimum
2916 3142 3019 3197 est,
3083 3134 3336 3197 obsecro,
3387 3136 3578 3207 unige-

309 3234 481 3287 ὄντων
510 3233 847 3303 ἀσυμφανὲς,
876 3232 959 3286 ὅτι
989 3229 1112 3284 καθ’
1146 3232 1292 3304 ήμᾶς
1332 3231 1556 3301 γέγονεν
1590 3234 1617 3285 6
1646 3233 1888 3299 Μονογε-

310 3325 427 3397 νὴς,
456 3324 704 3378 τουτέστι
730 3324 936 3387 τέλειος
963 3322 1270 3393 ἄνθρωπος,
1305 3322 1391 3377 ἵνα
1425 3323 1528 3392 τῆς
1564 3322 1663 3393 μὲν
1708 3324 1893 3381 ἐπεισ⁴

312 3419 478 3472 ἀκτου
514 3416 720 3490 φθορᾶς
749 3417 811 3474 τὸ
843 3417 1032 3491 γήϊνον
1073 3415 1233 3487 ήμῶν
1277 3414 1565 3487 ἀπαλλάξῃ
1608 3415 1788 3484 σῶμα,
1824 3416 1892 3488 τῇ

311 3512 433 3567 καθ’
468 3512 663 3565 ἕνωσιν
702 3508 986 3581 οἰκονομίᾳ
1026 3506 1127 3583 τήν
1163 3507 1299 3564 ἰδίαν
1330 3504 1480 3576 αὐτῷ
1509 3504 1654 3576 ζωὴν
1690 3505 1851 3568 ὲνιείς
1874 3522 1889 3536 ·

310 3603 490 3676 ψυχὴν
512 3603 567 3656 δὲ
596 3603 732 3657 ἰδίαν
752 3602 852 3675 τὴν
875 3600 1225 3671 ἀνθρωπίνην
1246 3599 1592 3670 ποιούμενος,
1617 3599 1897 3669 ἁμαρτίας

313 3696 486 3768 αὐτὴν
517 3695 773 3769 ἀποφήνῃ
817 3693 1126 3769 κρείττονα,
1163 3690 1265 3761 τῆς
1298 3690 1432 3754 ἰδίας
1465 3691 1681 3760 φύσεως
1708 3690 1766 3742 τὸ
1802 3706 1899 3741 πε-

313 3785 494 3857 πηγός
522 3802 581 3838 τε
610 3784 703 3841 καὶ
727 3783 1020 3857 ἄτρεπτον,
1053 3775 1250 3850 οἷάπερ
1271 3781 1403 3856 ἐρίῳ
1430 3781 1631 3856 βαφὴν,
1663 3781 1899 3848 ἐγκατα-

317 3878 538 3950 χρώσας
583 3877 719 3948 αὐτῇ
744 3894 759 3945 ;
810 3878 930 3929 Δεῖν
958 3875 1068 3951 γὰρ
1101 3869 1255 3945 οἶμαι
1285 3876 1397 3937 τοῖς
1428 3874 1784 3945 περὶτούτων
1812 3874 1897 3927 λό-

315 3985 435 4039 γοις
466 3966 948 4043 παραδειγμάτων,
969 3965 1101 4021 πολὺ
1130 3965 1249 4023 λίαν
1278 3964 1461 4037 ἔχουσι
1479 3966 1539 4017 τὸ
1555 3965 1898 4036 ἀσυμφανέςο

316 4061 430 4133 όρῶ
463 4060 560 4131 μὲν
588 4058 697 4130 γὰρ
733 4058 887 4129 μόλις
918 4061 976 4111 ἐν
1001 4057 1251 4129 ἐσόπτρῳ
1275 4074 1335 4115 τε
1380 4057 1475 4110 καὶ
1520 4056 1800 4128 αἰνίγματι
1832 4057 1901 4115 τὰ

320 4151 441 4206 θεῖά
470 4169 529 4205 τε
558 4152 654 4205 καὶ
684 4150 825 4221 ὑπὲρ
857 4148 984 4203 νοῦν
1018 4149 1314 4220 μυστήρια,
1353 4147 1452 4217 Ειή
1478 4146 1524 4199 δ’
1556 4147 1622 4200 ἂν
1650 4147 1749 4200 οὐκ
1778 4146 1901 4205 ἄτο-

318 4262 448 4310 πον,
476 4238 653 4314 οἶμαι,
689 4241 751 4295 τὸ
780 4241 1000 4315 χρῆμαο
1032 4241 1185 4313 φέρει
1234 4240 1343 4312 γὰρ
1375 4242 1433 4294 ἐν
1468 4238 1645 4314 ἑαυτῷ
1689 4239 1782 4292 τὸν
1824 4241 1902 4296 εἰ·

320 4338 477 4400 κότα,
498 4335 697 4405 μᾶλλον
726 4335 781 4387 δὲ
812 4333 909 4387 καὶ
937 4334 1027 4386 τὸν
1061 4332 1236 4409 ἀληθῆ
1261 4332 1760 4405 λογισμόν.”Ωσπερ
1783 4326 1897 4395 οῦν,

323 4430 508 4503 ἐπειδὴ
530 4428 721 4501 γέγονε
745 4427 884 4498 σάρξ
905 4426 995 4480 τοῦ
1018 4425 1406 4491 ζωοποιοῦντος
1424 4425 1493 4477 τά
1510 4425 1682 4478 πάντα
1700 4425 1895 4493 Λόγου,

2000 3230 2171 3285 ultum
2204 3228 2294 3282 Dei
2324 3226 2517 3285 Filium
2547 3226 2776 3280 similent
2807 3224 2984 3287 nobis,
3014 3224 3114 3278 hoc
3142 3234 3248 3289 est,
3277 3226 3577 3295 perlectum

1997 3323 2269 3378 hominem
2326 3320 2523 3373 factum
2566 3332 2709 3379 esse,
2731 3331 2838 3385 quo
2864 3316 3123 3370 nimirum
3176 3325 3447 3372 terrenum
3478 3318 3579 3379 hoc

1997 3425 2241 3471 nostrum
2271 3428 2491 3483 corpus,
2516 3411 2625 3466 vita
2650 3408 2869 3479 propria
2885 3424 2980 3479 per
3000 3409 3388 3464 ueconomicam
3428 3412 3582 3464 uniov

1998 3522 2117 3561 nem
2144 3506 2216 3558 illi
2250 3504 2517 3565 immissa,
2546 3501 2614 3553 ah
2640 3500 2855 3553 inducta
2888 3500 3235 3568 corruptione
3282 3499 3578 3567 liberaret;

1997 3597 2229 3649 animam
2263 3609 2473 3647 rursum
2527 3590 2845 3653 humanam,
2870 3600 3221 3659 posteaquam
3262 3591 3415 3644 illam
3450 3606 3579 3660 pro,

1998 3686 2172 3756 priam
2202 3684 2305 3738 sibi
2332 3682 2685 3745 reddidisset,
2723 3695 2943 3750 sua‘que
2986 3689 3193 3736 natura:
3231 3679 3488 3736 ﬁrmitate
3517 3698 3581 3737 ac

2004 3776 2442 3834 itnmutahilitate
2466 3773 2691 3843 perinde
2725 3788 2789 3827 ac
2831 3772 3001 3828 vellus
3036 3774 3218 3828 colore
3263 3775 3576 3840 imbuisset,

1999 3880 2220 3942 peccato
2253 3869 2589 3937 superiorem
2614 3866 2917 3923 declararet
2934 3868 3220 3921 ‘lArbitror
3241 3869 3384 3923 enim
3403 3885 3580 3924 exem-

2001 3964 2127 4034 plis,
2167 3976 2286 4031 quae
2322 3976 2430 4015 rem
2468 3975 2563 4029 per
2585 3972 2644 4014 se
2679 3960 2965 4013 obscuram
3002 3959 3243 4013 nonnihil
3283 3961 3578 4028 illustrant,

2003 4057 2054 4110 in
2089 4055 2189 4109 hac
2235 4053 2479 4109 doctrina
2519 4066 2653 4121 Opus
2682 4051 3130 4120 essezsiqnidem
3172 4053 3278 4125 18
3323 4057 3601 4124 mystcria'

2000 4149 2207 4213 divina,
2241 4155 2499 4213 tanquam
2552 4143 2805 4200 humana
2838 4143 3034 4198 mentis
3061 4158 3282 4199 sensum
3308 4148 3580 4202 excedam
3610 4158 3614 4163 ‘

2005 4238 2098 4303 tia,
2126 4240 2209 4291 vix
2253 4238 2305 4292 itt
2364 4235 2583 4304 speculo
2633 4244 2688 4289 et
2729 4234 3068 4303 aznigmatice
3108 4236 3349 4292 videmus
3375 4238 3441 4293 ⁸⁸.
3489 4218 3581 4298 Est

2003 4341 2178 4388 autem
2220 4327 2524 4398 exemplum
2582 4326 2802 4382 allatum
2836 4328 2902 4380 ad
2935 4342 3048 4381 rem
3090 4339 3580 4399 peropportunum,

2003 4424 2200 4495 quippe
2230 4423 2373 4492 quod
2394 4436 2581 4476 verum
2629 4423 2826 4492 potius,
2859 4435 3029 4490 quam
3058 4422 3353 4477 verisimile
3381 4426 3478 4485 rei.
3512 4427 3580 4479 de

322 4521 386 4574 τὸ
419 4520 622 4592 φθορᾶς
658 4520 754 4572 καὶ
799 4518 1030 4573 θανάτου
1079 4515 1445 4593 ὑπερφέρεται
1493 4516 1725 4587 κράτος’
1761 4515 1895 4567 κατᾶ

2009 4533 2112 4588 qua
2144 4532 2325 4571 sermo
2352 4525 2452 4578 est,
2507 4515 2807 4585 symbolum
2864 4528 2974 4584 pra:
3005 4529 3064 4568 se
3122 4514 3283 4577 ferat,
3313 4518 3585 4582 Quemad—

323 4615 416 4670 τὸν
466 4614 648 4679 αὐτὸν,
697 4608 871 4681 οἶμαι,
920 4610 1147 4687 τρόπον,
1204 4610 1325 4664 ἐπεὶ
1371 4608 1563 4679 γέγονε
1613 4608 1759 4679 ψυχὴ
1810 4607 1904 4660 τοῦ

326 4706 667 4778 πλημμελεῖν
709 4705 810 4759 οὐκ
855 4702 1087 4768 εἰδότος,
1120 4702 1518 4778 ἐρηρεισμένην
1554 4700 1670 4773 ἔχει
1718 4700 1904 4758 λοιπὸν

323 4802 425 4871 τὴν
472 4797 751 4867 ἐφ’ὄιπασι
802 4798 916 4859 τοῖς
966 4793 1191 4863 ἀγαθοῖς
1240 4793 1644 4869 ἀμεταποίητον
1693 4792 1901 4858 στάσιν,

326 4894 422 4947 καὶ
459 4892 557 4961 τῆς
601 4888 771 4948 πάλαι
814 4884 937 4943 καθ’
967 4883 1127 4955 ἡμῶν
1156 4884 1593 4959 τυραννευούσης
1623 4884 1900 4961 ἁμαρτίας

327 4982 675 5054 ἀσυγκρίτως
699 4976 1139 5048 εὐσθενεστέραν.
1173 4976 1395 5048 Πρῶτός
1415 4992 1475 5031 τε
1502 4976 1611 5045 γὰρ
1634 4974 1728 5033 καὶ
1752 4974 1909 5045 μόνος

330 5076 615 5146 ἅνθρωπος
665 5072 758 5124 ἐπὶ
808 5071 908 5143 τῆς
950 5071 1054 5140 γῆς
1100 5069 1129 5121 6
1170 5068 1406 5139 Χριστὸς
1456 5087 1475 5119 ε
1504 5068 1603 5123 οὐκ
1652 5067 1910 5137 εποίησεν

332 5167 628 5239 ἁμαρτίαν,
662 5165 781 5221 οὐδὲ
815 5162 1012 5234 εὑρέθη
1043 5160 1189 5223 δόλος
1221 5164 1279 5213 ὲν
1305 5160 1383 5231 τῷ
1415 5160 1638 5230 στόματι
1667 5156 1853 5217 αὑτοῦ,
1887 5176 1904 5209 ι

346 5261 496 5324 Ῥίζα
521 5259 577 5316 δὲ
608 5259 794 5328 ὥσπερ
828 5257 921 5310 καὶ
954 5253 1179 5325 ἀπαρχὴ
1209 5252 1522 5323 τεθειμένος
1548 5252 1658 5309 τῶν
1685 5255 1763 5316 είς
1794 5269 1913 5306 καί·

340 5353 532 5423 νόνητα
561 5352 707 5421 ζωῆς
736 5347 1238 5419 ἀναμορφουμὲνων
1270 5348 1327 5399 ὲν
1358 5348 1655 5423 Πνεῦματι,
1680 5351 1773 5402 καὶ
1805 5348 1904 5423 τὴν

336 5443 430 5498 τοῦ
455 5442 704 5514 σώματος
723 5440 1050 5510 ἀφθαρσίαν,
1075 5438 1252 5492 καὶτὸ
1274 5438 1371 5507 τῆς
1396 5437 1646 5509 θεότητος
1670 5440 1906 5510 ἀσφαλὲς

337 5532 747 5608 ἐρηρεισμένον,
777 5531 851 5595 ὡς
879 5534 935 5585 ὲν
969 5529 1182 5601 μεθέξει
1214 5528 1309 5582 καὶ
1334 5527 1479 5582 κατὰ
1502 5530 1679 5600 χάριν,
1710 5532 1804 5584 καὶ
1829 5534 1907 5596 εἰς

338 5626 485 5680 ἔμπαν
540 5623 642 5695 ἤδη
693 5622 751 5676 τὸ
798 5621 1138 5692 ἀνθρώπινον
1188 5620 1547 5693 παραπέμψει
1586 5622 1761 5690 γένος.
1800 5623 1909 5676 Καὶ

410 5779 457 5812 ⁵⁸
496 5777 657 5833 llebr.
693 5792 752 5841 tl,
787 5777 874 5840 Η,
911 5777 994 5831 lii.

541 5878 626 5936 PI.
642 5892 817 5935 t'ttoL.
860 5876 974 5935 (in.
1028 5874 1059 5937 ι
1076 5872 1295 5937 XXVI.

1070 5776 1115 5807 ⁵⁷
1156 5774 1314 5830 Rom.
1346 5792 1463 5845 vm,
1500 5777 1553 5846 '5,
1595 5777 1647 5833 4.
1723 5779 1768 5812 ⁸⁸
1808 5778 1980 5834 lCor.

2014 4606 2231 4661 modum
2260 4620 2389 4676 ergo
2420 4620 2568 4671 caro,
2594 4615 2948 4675 posteaquam
2983 4605 3140 4662 Verbi
3170 4609 3350 4660 omnia
3404 4609 3583 4665 vivifi-

2013 4701 2192 4755 cantis
2221 4715 2350 4754 caro
2369 4698 2558 4759 ell‘ecta
2586 4706 2688 4762 est,
2730 4699 2918 4754 mortis
2949 4710 3005 4754 et
3028 4701 3392 4770 corruptionis
3411 4702 3585 4770 impe.

2012 4796 2092 4851 rio
2115 4796 2363 4864 superior
2382 4796 2585 4850 evasit:
2611 4794 2689 4849 sic
2721 4796 2923 4860 anima,
2956 4805 3012 4849 ut
3029 4812 3126 4865 ego
3143 4796 3358 4865 quidem
3382 4800 3581 4861 sentio,

2012 4898 2360 4957 posteaquam
2392 4886 2536 4942 illius
2559 4886 2746 4942 effecta
2785 4895 2867 4942 est
2902 4887 2992 4956 qui
3022 4896 3300 4955 peccatum
3348 4903 3452 4942 non
3487 4905 3587 4942 ne.

2010 4982 2108 5046 vit,
2132 4995 2160 5033 e
2192 4979 2420 5049 vestigio
2468 4988 2667 5033 statmn
2704 4981 2940 5044 lirmum,
2982 4992 3046 5032 ac
3074 4978 3124 5031 in
3151 4978 3402 5033 omnibus
3429 4980 3586 5038 bonis

2012 5074 2283 5139 stabilem,
2309 5083 2637 5143 peccatoque
2674 5072 2816 5142 quod
2842 5070 2969 5125 olim
3004 5072 3339 5147 tyrannidem
3366 5087 3590 5128 exerce-

2015 5168 2125 5234 h‘at,
2159 5167 2342 5222 multis
2399 5169 2644 5237 partibus
2686 5164 3045 5235 potentiorem
3078 5176 3236 5221 nacta
3294 5175 3398 5220 est.
3430 5165 3589 5221 Chri-

2014 5268 2131 5312 stus
2187 5273 2419 5329 namque
2460 5259 2667 5327 primus
2716 5266 2769 5313 et
2798 5257 2947 5313 solus
2976 5274 3039 5314 ex
3074 5259 3400 5314 omnibusin
3441 5267 3584 5316 terra

2019 5365 2038 5402 t
2074 5359 2356 5418 peccaturo
2394 5365 2499 5407 non
2520 5349 2669 5415 fecit,
2707 5365 2806 5404 nec
2838 5350 2991 5406 dolus
3030 5352 3281 5407 inventus
3303 5360 3385 5406 est
3420 5354 3469 5405 in
3494 5367 3590 5405 ore

2017 5439 2159 5494 illius
2186 5442 2252 5501 “,
2298 5461 2317 5492 ι
2355 5440 2456 5506 Qui
2506 5456 2643 5495 unus
2686 5442 2908 5512 proinde
2942 5444 3149 5513 positus
3184 5450 3443 5514 tanquam
3500 5460 3588 5497 ηε

2017 5533 2105 5587 dix
2147 5547 2201 5587 et
2232 5535 2442 5589 initium
2490 5536 2759 5603 quoddam
2798 5546 3143 5603 cunctorum,
3178 5538 3269 5608 qui
3294 5537 3347 5592 in
3384 5534 3587 5605 Spiritu

2020 5627 2087 5679 ad
2141 5628 2262 5681 vita:
2320 5628 2613 5683 novitatem
2672 5628 3084 5696 instaurantur,
3126 5638 3179 5686 et
3212 5629 3455 5699 corporis
3492 5626 3593 5681 imv

2012 5796 2135 5847 xm,
2167 5784 2251 5841 l2.
2334 5786 2378 5820 ⁸³
2418 5785 2435 5841 l
2470 5783 2616 5843 Petr.
2651 5802 2710 5857 ll,
2741 5786 2833 5842 22.

3197 5878 3271 5950 3’1
