4146 6470
550 316 690 373 “65

1543 310 1599 365 S.
1640 309 1911 367 CYBILIJ
1949 309 2417 367 ALEXANDRINI
2458 302 2772 370 ARCIIVIEP.

3666 299 3808 354 “64

542 436 954 500 mortalitatem,
978 439 1034 490 et
1060 444 1181 488 eam
1199 444 1318 500 qua:
1339 443 1407 486 ex
1431 429 1716 486 divinitate
1735 431 2120 500 proﬁciscitur,

2225 433 2382 487 τοῦτο
2424 433 2581 498 εἰδὼς
2625 437 2653 488 ό
2703 433 2989 497 θεσπέσιος
3019 430 3221 504 γράφει
3269 425 3513 488 nmm-
3563 420 3806 489 (Ὥσπερ

542 528 897 584 securitatem
960 541 1024 581 ac
1086 524 1423 589 ﬁrmitatem,
1474 527 1769 579 secundum
1831 525 2118 593 quamdam

544 621 737 690 gratia:
794 616 1343 673 communicationem
1400 615 1453 669 in
1495 615 1807 671 universum
1836 615 2116 670 hominum

542 727 714 782 genus
739 711 1095 766 transmittet.
1120 708 1289 779 Cujus
1305 707 1523 779 quidem
1569 707 1646 761 rei
1672 707 1886 763 divinus
1917 706 2121 762 Paulus

541 808 648 859 hon
686 800 929 876 ignarus,
974 803 1046 858 ita
1078 802 1307 857 scribit:
1349 821 1368 854 ι
1418 801 1568 856 Sicut
1605 802 1941 870 portavimus
1986 801 2123 856 ima-

539 891 724 964 ginem
765 895 993 961 terreni,
1024 902 1303 966 portemus
1334 904 1388 949 et
1414 894 1707 963 imaginem
1736 894 1977 949 caelestis
2002 895 2070 948 ⁸ο.
2093 913 2112 947 ι

539 986 835 1056 Imaginem
899 985 1105 1040 terreni
1135 983 1390 1055 peccandi
1427 983 1865 1053 propensionem,
1890 992 1945 1037 et
1970 998 2116 1037 mor-

538 1093 648 1148 tem
677 1093 796 1149 qua:
818 1077 945 1131 hinc
979 1075 1176 1139 orittlr,
1207 1082 1400 1129 vocat:
1426 1082 1481 1128 at
1520 1089 1651 1129 vero
1694 1089 1789 1144 per
1825 1074 2112 1145 imaginem

2226 525 2334 597 γὰρ
2372 527 2715 595 ἐφορέσαμεν
2746 525 2846 597 τὴν
2884 523 3068 579 εἰκόνα
3112 520 3206 576 τοῦ
3250 516 3457 591 χοϊκοῦ,
3487 513 3810 586 φορέσωμεν

2226 619 2321 669 καὶ
2344 618 2443 685 τὴν
2480 617 2663 670 εἰκόνα
2690 615 2785 671 τόῦ
2813 614 3158 686 ἐπουρανίου.
3186 630 3205 665 ι
3230 609 3430 665 Εικόνα
3459 608 3557 679 μὲν
3582 604 3692 673 γὰρ
3713 600 3810 656 τοῦ

2227 708 2438 778 χοϊκοῦ,
2475 708 2534 761 τὸ
2578 706 2854 761 εὑόλισθον
2909 706 3013 777 ἔφη
3064 705 3201 775 πρὸς
3237 699 3533 773 ἁμαρτίαν,
3565 696 3664 751 καὶ
3716 693 3813 747 τὸν

2227 799 2478 853 ἐντεῦθεν
2512 801 2642 870 ἡμῖν
2687 798 3048 871 ὲπιρριφέντα
3079 797 3310 851 θάνατον
3337 811 3352 824 ο
3398 790 3583 846 εἰκόνα
3635 787 3692 840 δὲ
3742 778 3812 837 αὖ

2225 892 2321 945 τοῦ
2375 893 2722 962 ἐπουρανίου,
2754 892 3005 946 τουτέστι
3055 887 3316 960 Χριστοῦ,
3361 885 3423 939 τὸ
3469 883 3680 953 ἑδραῖον
3731 879 3817 940 εἰς

2226 984 2518 1055 ἁγιασμόν,
2550 985 2642 1038 καὶ
2675 984 2773 1056 τὴν
2797 988 2863 1038 ὲκ
2888 984 3119 1039 Θανάτου
3166 982 3262 1036 καὶ
3296 978 3504 1050 φθορᾶς
3546 977 3818 1042 divam?“

2223 1077 2321 1149 δήν
2350 1094 2410 1130 τε
2438 1077 2534 1130 καί⁹
2559 1078 2904 1132 ἀνακαίνισιν
2927 1079 3005 1142 είς
3032 1076 3345 1147 ἀφθαρσίαν
3376 1072 3471 1126 καὶ
3498 1069 3665 1140 ζωήν.

538 1168 799 1234 caelestis,
829 1170 929 1223 hoc
953 1174 1058 1232 est,
1079 1164 1307 1230 Christi,
1340 1165 1704 1219 constantiam
1765 1165 1816 1219 in
1874 1165 2191 1234 sanctitate,
2230 1168 2573 1239 reditumque
2618 1178 2673 1224 et
2723 1170 3170 1225 instaurationem
3195 1183 3264 1223 ex
3298 1176 3473 1221 morte
3514 1173 3570 1217 et
3618 1173 3820 1216 corru—

536 1254 723 1332 ptioiie
756 1262 822 1316 ad
850 1261 1014 1315 vitam
1032 1267 1087 1315 et
1106 1258 1565 1313 immortalitatem
1593 1258 1861 1329 designat.

609 1352 753 1428 XXVI.
797 1350 992 1406 Totum
1026 1350 1210 1418 itaque
1249 1347 1346 1401 Dei
1382 1348 1615 1402 Verbum
1650 1349 1747 1403 toti
1786 1357 1995 1404 natura:
2028 1366 2127 1405 no-

2302 1355 2435 1411 ΚΝ.
2481 1355 2644 1410 Ὅλον
2692 1352 2786 1411 οῦν
2826 1357 2922 1428 ὅλῃ
2972 1352 3312 1426 συνηνῶσθαί
3356 1366 3535 1421 φαμεν
3578 1348 3647 1417 τῇ
3686 1321 3817 1397 καθ’

537 1455 668 1500 stra:
712 1443 967 1497 humana:
1014 1441 1223 1495 unitum
1275 1435 1593 1495 aSSerimus.
1640 1440 1794 1496 Nulla
1849 1443 1993 1496 enim
2038 1458 2121 1499 ra-

2228 1448 2377 1518 ήμᾶς
2402 1447 2786 1521 ἀνθρωπότητι
2828 1448 2921 1502 τὸν
2952 1450 3017 1502 ὲκ
3050 1446 3186 1501 Θεοῦ
3213 1446 3407 1513 Δόγον;
3444 1440 3521 1494 Οὑ
3562 1436 3672 1507 γάρ
3702 1450 3816 1531 που

537 1536 689 1592 tian‘e
721 1525 1017 1603 putandum
1046 1540 1152 1596 est,
1195 1530 1440 1599 principe
1475 1531 1648 1586 nostri
1677 1543 1852 1602 parte,
1888 1534 1992 1589 hoc
2016 1543 2121 1601 est,

2226 1540 2288 1593 τὺ
2335 1541 2558 1609 ἄμεινον
2620 1545 2677 1596 ὲν
2728 1543 2878 1612 ἡμῖν,
2921 1540 3165 1595 τουτέστι
3228 1535 3429 1607 ψυχὴν,
3484 1531 3694 1591 οὐδενὸς
3748 1525 3819 1579 ἂν

536 1625 716 1681 anima
746 1624 1014 1710 neglecta,
1044 1623 1503 1693 peregrinationis
1524 1639 1637 1678 suae
1672 1624 1949 1681 m‘oleStias
1971 1627 2121 1681 carni

2226 1632 2427 1703 ἠξίωσε
2471 1636 2655 1703 λόγου,
2706 1636 2843 1707 μόνῃ
2889 1633 3235 1707 δωρούμενος
3260 1635 3328 1702 τῇ
3358 1627 3525 1701 σαρκὶ
3553 1625 3654 1694 τῆς
3682 1623 3818 1675 ἑπι-

536 1716 725 1785 largiri
760 1714 1017 1769 Voluisse.
1049 1713 1285 1769 Pulchre
1329 1724 1508 1769 autem
1544 1731 1641 1785 per
1676 1727 1966 1789 utramque
1997 1735 2121 1790 par-

2225 1725 2427 1795 δημίοις
2454 1728 2582 1790 τοὺς
2611 1725 2828 1790 πόνους.
2873 1728 3206 1798 Ἐπράττετο
3242 1723 3299 1777 δὲ
3333 1718 3516 1782 καλῶς
3543 1717 3611 1770 δι’
3640 1713 3817 1820 ἄμφω

540 1803 649 1864 tem
707 1804 1132 1876 dispensationis
1188 1817 1590 1873 sacramentum
1634 1810 1906 1876 perfecit:
1957 1823 2121 1865 carne

2226 1817 2323 1887 τῆς
2378 1818 2692 1889 οἰκονομίας
2741 1820 2806 1872 τὸ
2861 1820 3199 1891 μυστήριον’
3250 1812 3666 1887 προσεχρήσατο
3726 1803 3815 1864 δὲ,

537 1905 638 1954 sua
677 1902 929 1966 tanquam
962 1910 1166 1967 organo
1212 1898 1279 1951 ad
1316 1897 1498 1953 carnis
1530 1914 1716 1968 opera,
1744 1902 2121 1971 naturalesque

2226 1909 2482 1981 καθάπερ
2506 1911 2744 1983 ὀργάνῳ,
2777 1915 2847 1983 τῇ
2892 1912 2991 1983 μὲν
3041 1910 3149 1982 ἰδίᾳ
3188 1906 3377 1979 σαρκὶ,
3417 1901 3533 1977 [τὰ]
3568 1898 3703 1969 πρὸς
3743 1894 3817 1948 τὰ

537 1982 908 2060 aegritudines,
936 2003 1000 2044 ac
1034 1998 1228 2044 caetera
1270 1982 1444 2044 ollicla
1486 1992 1900 2061 vituperationis
1929 2008 2122 2062 exper-

536 2081 650 2147 tia;
692 2078 872 2133 anima
913 2093 1125 2132 rursum
1155 2078 1222 2131 ad
1273 2079 1541 2134 humanas
1592 2080 2004 2151 inculpatasque
2037 2083 2121 2137 af-

536 2169 804 2225 fectiones
851 2169 1125 2223 utebatur.
1168 2167 1305 2222 Nam
1355 2178 1408 2223 et
1454 2170 1715 2237 esuriem,
1763 2180 1819 2225 et
1859 2172 2122 2241 longiOri's

534 2262 749 2319 itineris
780 2261 1043 2326 laborem,
1092 2271 1146 2316 et
1191 2275 1445 2329 pavorem
1488 2276 1551 2317 ac
1585 2273 1812 2329 metum,
1856 2273 1911 2319 et
1949 2264 2123 2319 tristi-

538 2350 695 2420 tiam,
727 2363 781 2408 et
813 2367 1100 2429 angorem,
1124 2361 1182 2406 et
1212 2352 1381 2421 ipsam
1417 2352 1652 2422 denique
1685 2354 1739 2407 in
1775 2369 1936 2410 cruce
1975 2370 2124 2409 mor-

537 2438 647 2501 tem
675 2443 967 2513 pertulisse
998 2442 1249 2499 traditur.
1278 2442 1491 2497 Etenim
1537 2443 1684 2500 nullo
1720 2456 1968 2516 cogente,
2003 2448 2123 2502 ani-

535 2552 682 2591 mam
722 2549 875 2591 suam
914 2534 1084 2589 nostri
1120 2551 1283 2590 causa
1320 2537 1504 2605 posuit
1527 2537 1594 2604 σι,
1640 2552 1747 2607 quo
1778 2540 2033 2594 nimirum
2067 2550 2124 2596 et

536 2622 678 2683 vivis
707 2611 761 2681 et
786 2615 1013 2701 mortuis
1036 2627 1414 2682 dominaretur
1435 2628 1503 2683 θ’.
1537 2628 1603 2683 Ει
1625 2631 1842 2699 quidem
1868 2631 1978 2702 ιθ
2001 2649 2123 2688 car-

534 2733 660 2775 nem
693 2708 849 2773 suam
872 2712 1019 2771 citra
1054 2708 1487 2772 controversiam
1519 2706 1859 2776 libe‘rationis
1888 2723 2121 2791 pretium

534 2824 637 2881 pro
670 2808 914 2865 omnium
951 2822 1117 2863 carne
1150 2808 1452 2878 dependit;
1482 2811 1721 2866 animam
1754 2826 1885 2870 vero
1913 2813 2118 2882 justum

536 2916 637 2972 pro
688 2898 995 2954 tnurtalium
1040 2898 1285 2953 omnium
1338 2900 1624 2955 animabus
1680 2894 1913 2971 pretium
1966 2904 2123 2958 exhio

536 2993 681 3057 buit,
729 2992 947 3046 tametsi
980 2990 1144 3045 vitam
1173 3006 1336 3061 quam
1384 3004 1642 3062 posuerat
1674 2995 1821 3065 (nam
1849 2998 1957 3049 vita
2002 3004 2123 3050 erat

2228 2002 2433 2075 σαιρκὺς
2477 2000 2614 2071 ἔργα
2637 2020 2697 2055 τε
2734 2003 2830 2056 καὶ
2861 2002 3282 2074 ἀρρωστήματα
3314 1993 3540 2068 φυσικὰ,
3581 1992 3677 2045 καὶ
3705 1990 3817 2041 ὅσα.

2229 2092 2420 2163 μώμου
2455 2095 2673 2165 μακράν
2692 2109 2707 2123 ⁸
2741 2093 2886 2166 ψυχῇ
2913 2094 2956 2147 δ’
2983 2089 3051 2147 αὗ
3084 2097 3149 2164 τῇ
3189 2092 3316 2164 ἰδίᾳ,
3344 2089 3481 2160 πρὸς
3507 2087 3574 2140 τὰ
3596 2082 3818 2154 ἀνθρώ-

2226 2186 2358 2240 πινά
2387 2203 2447 2238 τε
2476 2187 2569 2241 καὶ
2592 2187 2890 2245 evomam
2919 2186 3092 2257 πάθη.
3121 2187 3383 2255 Πεινῆσαι
3426 2182 3535 2251 γὰρ
3560 2180 3814 2246 λέγεται,

2225 2279 2429 2342 κόπους
2489 2280 2813 2347 ὑπενεγκεῖν
2864 2280 2993 2342 τοὺς
3048 2279 3114 2331 ὲκ
3168 2275 3398 2349 μακρῶν
3462 2268 3815 2345 όδοιποριῶν,

2225 2372 2417 2434 πτοίας
2449 2386 2509 2425 τε
2548 2372 2642 2425 καὶ
2673 2370 2897 2441 φόϐους,
2927 2371 3022 2424 καὶ
3056 2369 3257 2440 λύπην,
3288 2367 3383 2422 καὶ
3411 2364 3673 2433 ἀγωνίαν,
3710 2360 3815 2415 καὶ

2225 2464 2316 2518 τὸν
2350 2463 2444 2516 ἐπὶ
2476 2462 2555 2535 τῷ
2600 2461 2823 2534 σταυρῷ
2858 2462 3111 2516 θάνατον.
3154 2456 3665 2527 Ἐπαναγκάζοντος
3696 2452 3814 2521 γάρ

2225 2549 2461 2614 οὐδενὸς,
2492 2550 2737 2604 τέθεικεν
2779 2552 2872 2621 ἀφ’
2917 2551 3112 2605 ἑαυτοῦ
3146 2549 3244 2621 τὴν
3278 2548 3413 2603 ίδίαν
3440 2546 3618 2617 ψυχὴν
3665 2543 3815 2612 ὑπὲρ

2223 2646 2256 2715 ἡ
2267 2644 2407 2715 μῶν,
2442 2644 2530 2699 ἵνα
2557 2644 2653 2698 κοιλ⁸
2672 2646 2882 2716 νεκρῶν
2920 2646 3015 2699 καὶ
3047 2643 3267 2707 ζώντων
3290 2639 3588 2715 κυριεύσῃ·
3626 2636 3814 2706 σάρκα

2227 2737 2328 2808 μὲν
2364 2736 2461 2808 τὴν
2511 2736 2669 2804 ίδίαν,
2700 2738 2799 2807 τῆς
2846 2737 3104 2791 ἁπάντων
3142 2733 3345 2805 σαρκὸς
3392 2729 3815 2791 ἀνταποτιννὺς,

2225 2827 2395 2899 δῶρον
2434 2827 2650 2897 ἀληθῶς
2671 2829 2944 2895 ἀντάξιον·
2962 2827 3140 2899 ψυχὴν
3163 2827 3242 2888 δὲ,
3276 2826 3455 2896 ψυχῆς
3488 2824 3816 2893 ἀντίλυτρον

2222 2916 2326 2987 τῆς
2353 2917 2612 2971 ἁπάντων
2640 2918 2988 2988 ποιούμενος,
3028 2919 3078 2971 εί
3112 2918 3207 2971 καὶ
3241 2916 3444 2971 ἀνεϐίω
3476 2914 3660 2976 πάλιν,
3691 2913 3817 2983 ζωὴ

2224 3010 2370 3063 κατὰ
2400 3009 2562 3079 φύσιν
2593 3002 2855 3082 ὑπάρχων
2881 3011 2958 3073 ὠς
2988 3010 3141 3073 Θεός.
3174 3010 3286 3063 Καὶ
3310 3008 3442 3078 γοῦν
3464 3008 3493 3061 ό
3522 3005 3817 3068 θεσπέσιος

533 3098 599 3147 ιιι
634 3087 779 3144 Deus
830 3087 1130 3142 secundum
1186 3086 1468 3156 naturane
1513 3086 1692 3142 denuo
1742 3091 2118 3159 resumpserit.

2226 3103 2434 3174 Πέτρος
2456 3142 2471 3171 ,
2510 3123 2527 3155 ι
2566 3103 2793 3175 Ἀνδρες
2822 3103 3068 3172 ἀδελφοὶ,
3098 3103 3287 3172 φησὶν,
3317 3102 3437 3168 ἐξὸν
3466 3102 3641 3154 είπεῖν
3668 3099 3818 3171 μετά

535 3181 677 3238 Hinc
703 3180 920 3235 divinus
963 3178 1203 3234 Petrus:
1240 3196 1260 3230 ι
1292 3176 1427 3245 Viri,
1462 3179 1658 3249 inquit,
1708 3180 1928 3241 fratres,
1966 3182 2125 3237 liceat

536 3272 806 3331 audenter
839 3264 1022 3327 dicere
1067 3271 1135 3325 ad
1171 3285 1266 3327 vos
1296 3270 1362 3327 de
1409 3272 1717 3342 patriarcha
1751 3272 1943 3338 David,
1989 3289 2125 3344 quo-

537 3367 686 3422 niam
714 3374 768 3421 et
793 3362 1081 3420 defunctus
1113 3370 1219 3427 est,
1251 3371 1305 3417 et
1335 3362 1580 3433 sepultus
1600 3370 1706 3427 est,
1732 3369 1786 3417 et
1810 3363 2122 3433 sepulcrum

536 3457 658 3527 ejus
682 3458 770 3513 e‘st
799 3455 940 3525 apud
993 3454 1092 3510 nos
1126 3468 1297 3524 usque
1338 3455 1393 3509 in
1438 3454 1762 3510 hodiernum
1794 3456 1959 3511 diem.
1989 3455 2125 3511 Pro-

537 3552 701 3621 pheta
739 3549 905 3619 igitur
942 3563 1066 3602 cum
1098 3556 1267 3613 esset,
1311 3556 1367 3623 et
1412 3546 1581 3603 sciret
1614 3549 1742 3618 quia
1770 3549 2124 3618 jurejurando

533 3644 777 3714 iurasset
836 3641 911 3696 illi
971 3634 1133 3706 Deus,
1194 3639 1260 3695 de
1318 3638 1499 3695 fructu
1547 3640 1718 3696 lumbi
1772 3642 1889 3711 ejus
1931 3644 2125 3698 sedere

538 3745 703 3808 super
728 3735 913 3793 sedem
942 3734 1081 3805 ejus,
1136 3733 1428 3804 providens
1464 3733 1674 3790 locutus
1710 3747 1795 3791 est
1837 3739 1905 3791 de
1942 3751 2125 3791 resur-

540 3831 782 3885 rectione
823 3827 1049 3896 Christi,
1103 3831 1231 3898 quia
1264 3843 1441 3898 neque
1490 3831 1782 3886 derelictus
1827 3841 1910 3886 est
1944 3833 1996 3887 in
2039 3832 2125 3886 iu-

539 3922 719 3988 lerno,
751 3935 926 3991 neque
951 3935 1082 3975 caro
1112 3920 1231 3989 ejus
1266 3922 1400 3976 vidit
1424 3922 1829 3989 corruptionem
1853 3923 1920 3975 ⁸³.
1958 3940 1977 3974 ι
2012 3921 2124 3976 Nec

538 4012 685 4067 enim
740 4010 823 4065 {as
866 4019 951 4064 est
1001 4009 1203 4075 dicere,
1259 4024 1480 4063 carnem
1531 4006 1711 4063 Verbo
1763 4008 1971 4062 unitam
2022 4007 2125 4060 aii-

538 4102 759 4174 qUando
792 4091 1032 4173 potuisse
1080 4101 1375 4171 corrumpi,
1411 4111 1504 4155 aut
1542 4100 1779 4156 divinam
1815 4100 1961 4153 illam
2004 4099 2124 4153 ani-

540 4213 684 4253 mam
731 4198 875 4252 intra
920 4196 1119 4252 inferni
1156 4207 1345 4267 portas
1383 4196 1639 4250 detineri.
1672 4195 1828 4261 Nam,
1886 4205 1945 4248 ut
1983 4194 2125 4249 divi-

541 4306 650 4347 nus
698 4289 896 4345 Petrus
918 4289 1015 4354 ait,
1056 4288 1237 4343 anima
1285 4282 1404 4356 ejus
1436 4287 1489 4341 in
1524 4286 1742 4341 inferno
1786 4286 1977 4341 relicta
2013 4299 2121 4340 non

540 4384 664 4440 l’uit.
710 4381 897 4453 Neque
946 4395 1075 4437 vero
1122 4390 1373 4433 naturam
1422 4378 1740 4449 illam,qu:e
1786 4393 1888 4433 nec
1938 4388 2121 4433 mente

538 4474 965 4546 comprehendi,
1023 4487 1198 4543 neque
1247 4487 1344 4542 per
1393 4479 1625 4527 mortem
1686 4470 1956 4527 ullatenus
2002 4470 2121 4541 capi

538 4578 739 4641 potest,
767 4569 869 4623 hoc
894 4578 978 4622 est
1002 4565 1277 4637 Unigeniti
1304 4565 1666 4631 divinitatem,
1692 4578 1723 4622 e
1747 4564 2121 4621 subterraneis

539 4660 648 4717 illis
677 4660 945 4728 specubus
981 4672 1197 4713 rursum
1238 4656 1531 4713 emersisse
1562 4657 1804 4713 dicemus
1830 4652 1845 4711 :
1872 4655 2119 4727 quando-

540 4756 757 4824 quidem
822 4752 969 4807 nulla
1017 4750 1377 4805 admiratione
1424 4749 1643 4819 dignum
1692 4759 1875 4815 esset,
1925 4750 1973 4805 si
2024 4749 2120 4806 Dei

542 4847 782 4903 Verbum
818 4843 1117 4901 divinitatis
1146 4845 1198 4898 vi
1232 4844 1593 4913 ejusdemque
1625 4840 1862 4898 elIicacia
1908 4845 2117 4911 nixum,

540 4941 681 5011 apud
706 4939 909 4994 inferos
942 4953 1050 4992 non
1086 4937 1397 5004 mansisset,
1426 4952 1548 4991 cum
1579 4936 1971 4991 admirabiliter
1997 4952 2118 4991 om—

540 5033 702 5087 nibus
765 5031 928 5094 adsit,
987 5029 1317 5099 impleatque
1374 5032 1579 5083 omnia.
1639 5028 1825 5082 Deitas
1882 5044 2119 5097 namque

539 5122 689 5177 omni
725 5121 845 5177 loco
874 5130 930 5176 et
959 5120 1491 5191 circumscriptione,
1528 5131 1582 5174 et
1618 5119 1973 5175 mensurabili
2005 5136 2121 5175 ma-

540 5214 821 5285 gnitudine
867 5214 1138 5283 superior,
1191 5228 1221 5269 a
1272 5212 1425 5268 nullo
1489 5211 1609 5280 capi
1661 5213 2120 5280 comprehendive

539 5318 737 5378 potest.

2226 3194 2539 3265 παρρησίας
2572 3195 2711 3265 πρὸς
2750 3195 2896 3265 ὑμᾶς
2944 3195 3073 3265 περὶ
3103 3194 3195 3247 τοῦ
3227 3194 3568 3267 πατριάρχου
3619 3191 3815 3254 Δαεὶδ,

2223 3283 2308 3337 ὅτι
2336 3284 2433 3337 καὶ
2464 3284 2785 3356 ἐτελεύτησε
2822 3286 2917 3338 καὶ
2950 3285 3125 3357 ἐτάφη
3152 3318 3166 3350 ,
3198 3285 3294 3339 καὶ
3325 3286 3386 3338 τὸ
3419 3285 3608 3356 μνῆμα
3642 3282 3817 3336 αὑτοῦ

2224 3377 2374 3431 ἐστιν
2404 3379 2463 3432 ὲν
2509 3379 2641 3449 ἡμῖν
2686 3377 2815 3449 ἄχρι
2859 3377 2960 3448 τῆς
2996 3360 3207 3450 ἡμέρας
3241 3379 3468 3449 ταύτης,
3514 3381 3818 3452 Προφήτης

2224 3456 2319 3522 οὖν
2350 3468 2636 3540 ὑπάρχων,
2681 3469 2774 3523 καὶ
2800 3468 2965 3539 ,εἰδὼς
2990 3508 3006 3533 ,
3037 3470 3119 3523 ὅτι
3165 3471 3316 3540 ὅρκῳ
3358 3470 3571 3541 ὤμοσεν
3600 3472 3762 3542 αὐτῷ
3786 3474 3817 3524 ὁ

2225 3563 2381 3628 Θεὸς,
2409 3564 2475 3616 ὲκ
2501 3561 2718 3632 καρποῦ
2760 3562 2858 3633 τῆς
2892 3561 3090 3633 ὀσφύος
3120 3562 3286 3617 αὑτοῦ
3328 3563 3551 3618 καθίσαι
3596 3566 3689 3619 ἐπὶ
3716 3567 3815 3620 τοῦ

2226 3652 2419 3725 θρόνου
2462 3653 2651 3727 αὑτοῦ,
2700 3652 2967 3724 προειδὼς
3012 3653 3241 3724 ὲλάλησε
3289 3655 3420 3726 περὶ
3446 3656 3548 3727 τῆς
3573 3658 3816 3712 ἀναστά-

2227 3764 2366 3810 σεως
2397 3745 2491 3799 τοῦ
2537 3746 2797 3816 Χριστοῦ,
2834 3747 2917 3800 ὅτι
2960 3744 3083 3799 οὔτε
3130 3738 3528 3821 ἐγκατελείφθη
3580 3753 3613 3821 ἡ
3665 3750 3817 3823 ψυχὴ

2226 3835 2394 3890 αὑτοῦ
2420 3839 2500 3901 είς
2525 3837 2680 3908 ᾅδην,
2707 3837 2822 3892 οὗθ’
2849 3840 2882 3910 ή
2920 3838 3059 3910 σάρξ
3086 3840 3252 3893 αὑτοῦ
3278 3837 3387 3893 οἶδε
3417 3841 3744 3913 διαφθοράν.
3787 3865 3807 3895 ι

2226 3929 2301 3981 Οὑ
2336 3927 2446 3999 γάρ
2468 3946 2551 3982 τοι
2575 3928 2735 3999 θέμις
2769 3931 2966 3996 εἰπεῖν,
3018 3930 3195 4002 φθορᾷ
3235 3931 3336 4001 μὲν
3365 3931 3626 3987 δύνασθαι
3674 3953 3811 4005 κρα-

2223 4020 2435 4074 τεῖσθαί
2463 4038 2595 4075 ποτε
2640 4021 2738 4095 τὴν
2781 4022 3077 4077 ὲνωθεῖσαν
3118 4024 3197 4095 τῷ
3234 4025 3391 4097 Λόγῳ
3442 4027 3643 4097 σάρκα,
3675 4031 3811 4082 κάτ-

2225 4128 2350 4183 οχον
2366 4112 2412 4167 δ’
2428 4108 2497 4167 αὖ
2518 4116 2638 4178 ταῖς
2658 4114 2786 4186 ᾅδου
2816 4114 3012 4180 πύλαις
3036 4116 3135 4187 τὴν
3159 4116 3309 4172 θείαν
3330 4118 3806 4191 γενέσθαιψυχὴν-

2224 4204 2328 4259 οὑκ
2348 4206 2743 4278 ἐγκατελείφθη
2761 4207 2870 4279 γὰρ
2894 4209 2974 4271 είς
3002 4208 3156 4280 ᾅδην,
3175 4209 3320 4264 καθά
3344 4210 3439 4264 καὶ
3464 4212 3491 4265 ό
3516 4210 3809 4274 θεσπέσιος

2226 4293 2329 4365 ἔφη
2366 4293 2596 4366 Πέτρος.
2627 4295 2702 4348 Οὑ
2734 4298 2843 4367 γάρ
2883 4314 2986 4351 που
3013 4298 3113 4369 τήν
3141 4315 3201 4351 τε
3239 4298 3481 4367 ἄληπτον
3507 4302 3807 4367 παντελῶς,

2229 4386 2324 4439 καὶ
2367 4387 2642 4441 ἀνάλωτον
2684 4387 2762 4458 τῷ
2799 4388 3016 4460 θανάτῳ
3050 4389 3233 4458 φύσιν,
3266 4392 3517 4445 τουτέστι
3545 4392 3647 4464 τὴν
3688 4394 3809 4447 θεό-

2226 4493 2366 4547 τητα
2394 4477 2489 4530 τοῦ
2521 4477 2865 4547 Μονογενοῦς
2887 4519 2904 4544 ,
2955 4480 3064 4534 τῶν
3099 4481 3203 4535 ὑπὸ
3250 4481 3414 4553 χθόνα
3451 4485 3641 4556 μυχῶν
3678 4487 3808 4540 ἀνα-

2226 4569 2550 4639 κεκομίσθαι
2578 4572 2823 4643 φήσομεν
2844 4590 2857 4604 ·
2888 4572 3011 4626 οὔτε
3043 4573 3152 4645 γὰρ
3182 4574 3248 4629 ἂν
3285 4575 3495 4647 ἠξιώθη
3525 4578 3584 4631 τὸ
3618 4580 3810 4650 χρῆμα

2225 4660 2527 4731 θαύματος,
2562 4663 2611 4715 εί
2655 4664 2731 4735 μὴ
2789 4665 3099 4738 μεμένηκεν
3126 4668 3207 4730 είς
3232 4667 3326 4721 τὸν
3359 4668 3491 4739 ᾅδην
3523 4672 3553 4723 ό
3579 4671 3645 4724 ἐκ
3672 4671 3804 4724 Θεοῦ

2220 4756 2415 4825 Λόγος,
2479 4760 2547 4828 τῇ
2591 4758 2690 4828 τῆς
2759 4759 3014 4830 θεότητος
3070 4759 3324 4830 ἐνεργείᾳ
3364 4777 3422 4812 τε
3476 4763 3571 4815 καὶ
3624 4762 3803 4831 φύσει,

2224 4848 2549 4920 παραδόξως
2608 4865 2668 4901 τε
2731 4849 2827 4901 καὶ
2888 4850 3027 4921 ὑπὲρ
3085 4850 3266 4919 λόγον,
3311 4851 3535 4924 πληρῶν
3590 4854 3689 4924 μὲν
3740 4858 3805 4909 τά

2225 4941 2425 5004 πάντα,
2457 4943 2554 4995 καὶ
2583 4944 2696 5004 τοῖς
2727 4943 2893 4995 πᾶσιν
2921 4942 3222 5014 ἐπιδημῶν.
3240 4944 3538 5016 Ἀνὼτερον
3564 4946 3673 5015 γάρ
3702 4963 3800 4998 που

2228 5032 2322 5084 καὶ
2355 5031 2717 5103 περιορισμοῦ
2752 5032 2848 5086 καὶ
2873 5032 3037 5086 τόπου
3068 5035 3162 5087 καὶ
3189 5034 3454 5106 μεγέθους
3485 5034 3801 5108 μετρητοῦς
3898 5106 3899 5109 η

2225 5124 2288 5177 τὸ
2318 5123 2495 5189 Θεῖον,
2532 5124 2664 5177 αὐτὸ
2702 5124 2759 5177 δὲ
2793 5126 2898 5179 ὑπὸ
2928 5127 3155 5199 μηδενὸς
3184 5127 3553 5199 χωρούμενον.

545 5481 549 5485 ι
612 5448 658 5481 ⁸ο
700 5442 873 5503 ι’(ὶσι.
917 5462 1006 5516 xv,
1032 5446 1123 5501 49.
1198 5445 1242 5477 ⁶¹
1286 5445 1491 5503 lJoan.
1521 5463 1602 5515 ιιι,
1637 5448 1724 5507 16.
1803 5448 1847 5478 ⁶²
1889 5446 2047 5503 Rom.
2084 5461 2113 5500 χ

2225 5447 2278 5503 9.
2359 5446 2404 5479 ”
2440 5447 2563 5503 Act.
2599 5464 2658 5515 ιι,
2693 5444 2872 5505 29-31.

1638 5600 1805 5655 Variae
1838 5600 2106 5656 lectiones
2144 5600 2349 5657 codicis
2380 5600 2744 5672 Seguieriani.

614 5768 645 5811 1
672 5758 870 5833 μέτρου
896 5761 987 5814 καὶ
1016 5758 1203 5830 τόμου.
1237 5756 1534 5827 Utrumque
1560 5755 1713 5814 deest
1740 5756 1792 5813 in
1833 5757 2121 5829 manuscrij

2244 5758 2601 5828 Seguierano.
