4058 6460
162 409 364 465 1165
1169 398 1261 455 DE
1301 395 1527 452 RECTA
1569 394 1725 448 FIDE
1762 393 1852 448 AD
1894 389 2341 448 TIIEODOSIUM
2382 390 2524 444 IMP.
3334 388 3471 443 H66

266 529 419 582 ΚΒ.
443 520 755 595 Παράδοξον
773 527 798 559 ⁸
825 518 884 574 δὲ
910 518 1006 573 καὶ
1036 516 1217 571 οὐδενὶ
1250 516 1358 570 τῶν
1383 515 1553 569 ὄντων
1582 514 1798 585 θαυμα-

1968 511 2135 567 XXII.
2180 509 2373 565 Mirum
2424 524 2552 563 vero
2605 507 2776 563 videri
2829 508 3011 571 debet,
3066 507 3208 577 quod
3277 524 3478 580 corpus

164 614 347 669 ςτδν
366 624 412 679 ⁸,
440 616 525 669 ὅτι
555 611 717 683 σῶμα
758 609 857 681 μὲν
891 607 1089 663 ἀνεϐίω
1122 607 1181 661 τὸ
1217 611 1286 678 τῇ
1335 606 1493 675 φύσει
1521 604 1794 675 φθαρτόν·

1909 612 2095 673 suapte
2130 610 2323 658 natura
2368 598 2609 655 iuteritui
2656 610 2712 653 et
2750 599 2910 653 morti
2938 599 3233 654 obnoxium
3290 601 3357 653 ad
3398 602 3479 655 vi-

164 698 260 772 ἦν
301 704 422 773 γὰρ
457 702 590 755 ἴδιον
615 699 709 754 τοῦ
739 697 1019 769 ἀφθάρτου
1046 695 1416 766 Λόγου.Ψυχὴ
1439 696 1494 748 δὲ
1521 694 1585 766 δὴ
1613 695 1797 759 πάλιν,

1909 701 2014 747 lam
2057 692 2235 747 denuo
2302 689 2530 745 redierit
2574 706 2588 743 :
2634 688 2688 743 id
2738 690 2883 743 enim
2938 688 3263 744 immortalis
3312 687 3477 742 Verbi

167 792 312 861 τὴν
366 791 501 863 πρὸς
550 791 713 847 αὑτὸν
743 787 989 858 λαχοῦσα
1018 787 1326 860 συνδρομήν
1357 802 1416 837 τε
1448 790 1541 840 καὶ
1572 787 1790 849 ἕνωσιν,

1909 785 2183 855 proprium
2231 791 2370 839 erat.
2423 781 2515 836 Sic
2564 794 2781 852 quoque
2828 780 3029 844 anima,
3071 796 3189 849 qua:
3222 796 3344 836 cum
3389 782 3482 835 illo

173 886 665 956 καταπεφοίτηκε
699 883 799 954 μὲν
847 885 926 946 εἰς
961 882 1115 954 ᾅδου,
1162 881 1457 951 θεοπρεπεί
1481 880 1540 934 δὲ
1570 878 1798 947 δυνάμει

1909 876 2191 946 conjuncta
2223 876 2581 947 copulataque
2613 875 2811 940 fuerat,
2840 875 2906 928 ad
2933 872 3137 928 inferos
3162 876 3478 937 descendit,

177 978 317 1030 καὶ
379 976 601 1047 ἐξουσία
653 974 936 1046 χρωμένη,
982 974 1228 1037 καὶτοῖς
1280 976 1461 1026 ἐκεῖσε
1523 970 1800 1038 πνεύμασι

1909 971 2193 1039 divinaque
2220 969 2421 1023 virtute
2454 983 2519 1023 ac
2551 966 2793 1038 potentia
2826 974 3005 1031 utens,
3035 968 3315 1035 spiritibus
3342 983 3481 1037 quo-

181 1070 601 1139 κατεφαίνετο.
662 1067 961 1139 Τοιγάρτοι
1039 1067 1133 1120 καὶ
1194 1065 1400 1134 ἔφασκε
1444 1066 1555 1126 τοῖς
1610 1064 1668 1115 ὲν
1718 1061 1803 1114 δε-

1909 1075 2009 1130 que
2039 1058 2239 1114 ibidem
2272 1058 2503 1129 captivis
2532 1073 2652 1113 sese
2682 1057 3017 1113 exhibuit“.
3052 1056 3267 1113 Etenim
3299 1059 3363 1114 iis
3387 1060 3481 1128 qui

186 1166 411 1232 σμοῖς·
448 1181 467 1214 ‹
517 1148 791 1227 Ἐξέλθετε
811 1179 823 1191 ·
855 1160 1086 1223 καὶτοῖς
1112 1160 1169 1212 ὲν
1202 1157 1279 1229 τῷ
1305 1157 1515 1210 otto-car
1566 1156 1796 1208 Ἀνακασ

183 1254 512 1308 λὺπτεσθε.
548 1273 568 1305 ι
606 1253 715 1306 Καί
748 1271 837 1324 μοι
889 1253 1037 1306 δοκεῖ
1079 1251 1246 1321 φάναι
1280 1267 1331 1302 τι
1376 1247 1614 1302 τοιοῦτον
1648 1246 1743 1300 καὶ
1775 1247 1803 1298 ό

190 1340 511 1404 Θεσπέσιος
553 1340 758 1411 Πέτρος
803 1341 935 1412 περῖ⁹
976 1338 1072 1393 τοῦ
1129 1338 1264 1392 Θεοῦ
1319 1337 1518 1406 Λόγον,
1565 1335 1660 1390 καὶ
1704 1335 1803 1405 τῆς

189 1437 344 1489 καθ’
373 1436 567 1489 ἕνωσιν
604 1435 917 1506 οἰκονομίας
938 1437 956 1470 ί
989 1432 1366 1503 γεγενημένης
1399 1429 1561 1483 αὑτοῦ
1586 1426 1765 1498 ψυχῆς
1785 1443 1799 1456 ·

199 1547 224 1581 ι
276 1532 551 1602 Κρείττον
582 1529 691 1600 γὰρ
716 1524 1203 1598 ἀγαθοποιοῦντας,
1240 1526 1288 1577 εἰ
1322 1522 1464 1577 θέλοι
1502 1521 1563 1575 τὸ
1590 1519 1803 1591 θέλημα

191 1623 316 1677 τοῦ
343 1622 503 1687 Θεοῦ,
531 1624 787 1693 πάσχειν,
813 1622 846 1693 ἢ
877 1618 1341 1679 κακοποιοῦντας·
1372 1617 1453 1669 ὅτι
1486 1614 1581 1668 καὶ
1613 1615 1641 1666 ὁ
1666 1614 1805 1684 Χρι-

199 1716 350 1780 στος
388 1713 538 1779 ἅπαξ
570 1714 712 1784 ὑπὲρ
742 1711 1086 1784 ἁμαρτωλῶν
1120 1709 1359 1763 ἀπέθανε
1382 1746 1397 1771 ,
1427 1707 1632 1769 δίκαιος
1664 1705 1804 1774 ὑπὲρ

197 1807 448 1873 ἀδίκων,
496 1807 562 1858 ἵν’
590 1807 741 1877 ἡμᾶς
789 1803 1118 1876 προσαγάγῃ
1169 1801 1247 1872 τῷ
1293 1799 1434 1870 Θεῷ,
1469 1795 1805 1859 θανατωθεὶς

203 1898 324 1967 μὲν
378 1897 578 1969 σαρκὶ,
632 1893 986 1966 ζωοποιηθεὶς
1031 1894 1087 1947 δὲ
1135 1893 1212 1963 τῷ
1257 1892 1564 1961 πνεύματι·

201 1990 379 2058 φησι,
437 1988 533 2041 καὶ
593 1989 703 2051 τοῖς
767 1989 826 2040 ὲν
897 1988 1111 2057 φυλακῇ
1178 1984 1452 2055 πνεύμασι
1515 1981 1802 2053 πορευθεὶς

204 2062 857 2152 ἐκὴρῦξεν,ἀπειθήσασί
882 2094 1033 2131 ποτε.
1063 2097 1081 2130 ι
1113 2077 1245 2131 Οὐδὲ
1274 2076 1403 2146 γὰρ,
1436 2072 1612 2146 οἶμαι,
1644 2075 1801 2142 φαῖεν

205 2170 310 2231 ἂν,
357 2168 429 2232 ὠς
479 2166 660 2238 γυμνὴ
690 2169 784 2221 καὶ
814 2167 932 2221 καθ’
973 2167 1171 2237 ἑαυτὴν
1214 2168 1247 2237 ἡ
1280 2166 1471 2237 θεότης
1499 2163 1592 2217 τοῦ
1624 2166 1800 2218 Μονο-

207 2256 416 2325 γενοῦς
458 2256 902 2327 καταπεφοίτηκε
947 2256 1046 2328 μὲν
1081 2258 1160 2320 εἰς
1208 2255 1359 2327 ᾆδον,
1417 2253 1703 2326 διεκήρυξε
1742 2250 1799 2307 δῖε

205 2351 333 2411 τοῖς
377 2350 560 2402 ἐκεῖσε
606 2348 912 2419 πνεύμασιν
946 2388 961 2412 ,
1013 2349 1255 2413 ἄποπτος
1303 2344 1437 2402 οὖσα
1482 2346 1794 2411 παντελῶςο

211 2442 466 2511 κρεῖττον
496 2440 602 2512 γὰρ
631 2441 718 2494 ἀεὶ
754 2440 849 2493 τοῦ
876 2441 1107 2512 ὁρᾶσθαι
1132 2441 1195 2494 τὸ
1236 2440 1411 2495 Θεῖον.
1450 2440 1592 2493 Ἀλλ’
1619 2440 1679 2492 οὐ
1712 2438 1798 2491 δο-

210 2534 379 2600 κήσει
408 2532 502 2584 καὶ
525 2531 1012 2602 ὲοχηματισμένως
1055 2532 1136 2595 εἰς
1168 2531 1227 2585 τὸ
1254 2531 1435 2602 ψυχῆς
1466 2527 1603 2595 εἶδος
1628 2531 1798 2601 αὐτὴν

217 2621 624 2695 μεμορφῶσθαι
668 2620 912 2692 δώσομεν
936 2636 948 2650 '
1001 2623 1369 2692 παραιτητέον
1404 2622 1511 2692 γὰρ
1551 2621 1801 2691 πανταχῆ

214 2715 319 2785 τὴν
346 2715 590 2786 δόκησιν.
610 2714 747 2767 Ἀλλ’
777 2713 967 2787 ὥσπερ
997 2717 1112 2778 τοῖς
1134 2715 1227 2767 ἐπὶ
1254 2714 1360 2785 γῆς
1384 2715 1798 2783 συνανεστράφη

221 2808 365 2876 μετά
393 2808 617 2879 σαρκὸς,
652 2806 793 2861 οὕτω
841 2808 945 2861 καὶ.
980 2810 1103 2871 ταῖς
1134 2809 1213 2871 εἰς
1242 2806 1369 2878 ᾇδου
1398 2806 1596 2876 ψυχαῖς
1622 2804 1803 2875 διεκή-

221 2900 405 2971 ρυξεν,
459 2900 589 2955 ἴδιον
644 2898 784 2971 ἔχων
843 2900 1094 2971 φόρημα,
1146 2899 1245 2970 τὴν
1303 2897 1595 2952 ἐνωθεῖσαν
1648 2896 1798 2967 αὐτῷ

222 2994 430 3063 ψυχήν-

1904 1148 2137 1205 vinculis
2189 1150 2261 1204 ibi
2295 1147 2577 1203 constricti
2617 1148 3006 1202 detinebantur
3038 1167 3052 1202 :
3090 1166 3107 1198 ι
3142 1149 3318 1212 Exite,
3358 1150 3433 1202 ait
3464 1165 3479 1201 :

1905 1244 1972 1299 iis
1996 1258 2121 1299 vero
2158 1241 2251 1313 qui
2292 1241 2533 1297 tenebris
2554 1240 2974 1311 operiebantur:
3000 1240 3334 1297 Revelamini
3362 1244 3428 1295 ⁸⁵.
3458 1262 3475 1294 ι

1904 1337 2081 1406 Atque
2131 1336 2239 1390 huc
2293 1334 2423 1388 mihi
2477 1346 2705 1404 magnus
2778 1333 2867 1388 ille
2921 1333 3116 1389 Petrus
3173 1336 3484 1406 respexisse

1862 1466 1865 1469 η
1905 1426 2136 1491 videtur,
2175 1439 2297 1479 cum
2326 1424 2393 1479 de
2430 1422 2525 1477 Dei
2560 1420 2760 1487 Verbo,
2796 1420 3147 1493 ejusdemque
3181 1425 3481 1479 secundum

1906 1516 2360 1589 dispensatoriam
2412 1516 2668 1571 unionem
2719 1515 2922 1582 anima,
2980 1518 3123 1570 hunc
3160 1517 3209 1570 in
3263 1519 3479 1572 modum

1906 1610 2264 1666 concionatur
2297 1627 2311 1662 :
2345 1628 2362 1660 ι
2395 1607 2587 1663 Melius
2631 1620 2713 1663 est
2763 1609 2909 1662 enim
2966 1608 3370 1665 benefacieutes
3414 1613 3480 1679 (si

1907 1704 2155 1758 voluntas
2189 1700 2281 1757 Dei
2319 1700 2471 1772 velit)
2506 1701 2641 1771 pati,
2673 1716 2833 1769 quam
2867 1700 3273 1756 malefacientes
3307 1720 3320 1755 :
3353 1705 3481 1773 quia

1907 1806 1961 1851 et
1989 1795 2243 1850 Christus
2275 1792 2439 1848 semel
2478 1808 2577 1863 pro
2605 1794 2844 1864 peccatis
2876 1797 3077 1849 nostris
3106 1805 3351 1852 mortuus
3375 1806 3482 1864 est,

1630 1891 1688 1944 ἐν
1735 1882 1801 1958 ᾧ,
1837 1873 1875 1928 Β
1899 1889 2079 1957 justus
2124 1902 2220 1959 pro
2246 1886 2483 1957 injustis,
2513 1886 2621 1956 20
2649 1894 2706 1939 ut
2752 1900 2852 1941 nos
2883 1884 3103 1942 offerret
3132 1887 3280 1952 Deo;
3331 1904 3482 1945 mor-

1904 1981 2141 2034 tilieatus
2202 1979 2420 2049 quidem
2490 1992 2693 2043 carne,
2760 1977 3066 2034 vivilicatus
3134 1990 3311 2035 autem
3370 1982 3483 2051 spi-

1905 2074 2006 2127 ritu
2026 2072 2092 2135 ",
2156 2071 2207 2126 in
2258 2085 2364 2141 quo
2408 2080 2462 2125 et
2509 2070 2594 2125 bis
2628 2069 2717 2141 qui
2759 2070 2811 2124 in
2859 2085 3081 2127 carcere
3131 2082 3288 2127 erant
3318 2074 3482 2146 spiri-

1904 2165 2044 2219 tibus
2097 2164 2320 2219 veniens
2373 2162 2725 2232 pradicavit,
2780 2162 2873 2229 qui
2949 2164 3208 2220 increduli
3267 2165 3485 2222 fuerant

1901 2254 2212 2324 aliquando.
2227 2271 2245 2303 ι
2275 2250 2386 2307 Nec
2409 2267 2537 2307 vero
2556 2252 2739 2308 dicent
2764 2253 3101 2308 divinitatem
3123 2271 3215 2323 per
3236 2272 3295 2312 se
3314 2256 3483 2312 solam

1907 2346 1975 2401 ad
2014 2345 2219 2401 inferos
2259 2346 2630 2410 descendisse,
2674 2344 3064 2417 spiritibusque
3112 2348 3309 2403 ibidem
3354 2367 3488 2406 cuu-

1906 2438 2073 2495 clusis
2120 2438 2480 2509 praedicasse;
2530 2454 2652 2494 cum
2710 2438 2825 2508 ipsa
2878 2439 3099 2494 omnino
3146 2444 3248 2496 sub
3299 2445 3486 2499 oculos

1910 2546 2015 2585 nou
2045 2530 2235 2595 cadat,
2281 2530 2736 2601 prmstantiorque
2792 2529 2883 2595 sit,
2931 2546 3095 2599 quam
3156 2544 3213 2587 ut
3258 2537 3325 2589 ab
3373 2537 3488 2591 ullo

1909 2621 2055 2675 cerui
2094 2630 2281 2691 queat.
2314 2620 2423 2675 Nec
2452 2621 2615 2675 etiam
2655 2622 3060 2676 concedendum
3098 2634 3179 2677 est
3228 2624 3393 2693 ipsam
3430 2628 3481 2680 iu

1910 2722 2257 2783 apparentem
2303 2712 2499 2767 anima:
2549 2714 2783 2783 speciem
2827 2716 3266 2770 trausformatam
3315 2733 3485 2773 esse:

1905 2804 2175 2874 siquidem
2230 2813 2469 2858 externze
2521 2803 2676 2858 istius
2728 2806 3056 2873 apparentia:
3116 2817 3483 2862 commentum

1908 2897 2134 2954 omnino
2170 2894 2441 2965 repudiari
2492 2895 2670 2951 debet.
2718 2895 2823 2951 Sed
2861 2898 3313 2965 quemadmodum
3356 2898 3488 2955 Uni-

1906 2991 2122 3061 genitus
2171 3005 2298 3045 cum
2356 2988 2459 3053 iis,
2504 2988 2594 3057 qui
2651 3004 2703 3041 ιιι
2772 2990 3097 3059 corporibus
3142 2992 3253 3046 suis
3304 2993 3487 3048 adhuc

220 3085 516 3154 degebant,
566 3094 812 3141 versatus
859 3094 941 3141 est
973 3084 1026 3140 iu
1076 3098 1350 3154 corpore;
1384 3083 1459 3139 ita
1525 3083 1828 3155 spiritibus,
1904 3083 1996 3152 qui
2050 3082 2191 3153 apud
2242 3080 2445 3135 inferos
2501 3080 2853 3148 tenebantur,
2912 3082 3149 3138 animam
3196 3095 3377 3141 mente
3430 3097 3486 3142 et

222 3178 442 3233 ratione
480 3178 761 3246 praeditam
799 3177 901 3233 sibi
934 3176 1282 3247 conjunctam
1318 3177 1547 3241 habens,
1583 3176 1943 3232 concionatus
1983 3183 2090 3231 est.

295 3271 429 3324 Kl".
466 3269 578 3324 Καὶ
615 3268 782 3339 βαθὺς
813 3270 911 3341 μὲν
946 3269 1073 3333 ἴσως
1104 3269 1202 3323 καὶ
1229 3270 1539 3342 ἀπόρρητος
1592 3270 1804 3341 ἀληθῶς

1980 3267 2169 3324 XXIII.
2213 3267 2308 3324 Est
2357 3283 2489 3324 sane
2523 3267 2920 3325 incarnationis
2966 3272 3154 3327 modus
3199 3275 3486 3332 admodum

224 3364 319 3418 καὶ
358 3365 486 3426 ταῖς
530 3363 828 3433 ἡμετέραις
876 3361 1139 3426 διανοίαις
1181 3362 1281 3432 οὐχ
1326 3361 1599 3433 ἁλώσιμος
1637 3364 1665 3416 ὁ
1704 3361 1804 3431 τῆς

223 3453 693 3526 ἑνανθρωπήσεως
721 3452 940 3525 τρόπος.
987 3454 1195 3507 Ἐκεῖνο
1224 3454 1268 3507 δ’
1302 3448 1395 3507 οῦν
1428 3453 1577 3524 ὅμως
1608 3453 1801 3507 ἀναλοο

223 3544 478 3613 γξςεσθαι
524 3543 757 3616 πρέπεν
802 3543 870 3597 τά
912 3543 1023 3614 γάρ
1050 3560 1134 3597 τοι
1185 3542 1264 3614 μὴ
1304 3541 1426 3596 καθ’
1459 3544 1608 3613 ἡμᾶς
1646 3543 1807 3595 πολυ-

226 3637 591 3709 πραγμονεῖν,
624 3636 727 3688 οὐκ
754 3635 988 3706 ἀζήμιον
1010 3652 1026 3667 ⁸
1078 3636 1408 3689 ἀνούστατον
1444 3636 1502 3688 δὲ
1528 3634 1807 3699 παντελῶς

225 3731 286 3783 τὸ
321 3728 579 3799 βασάνοις
617 3728 912 3798 ὑποφέρειν
936 3728 1005 3782 τά
1038 3728 1178 3799 ὑπὲρ
1204 3727 1353 3789 νοῦν,
1391 3728 1483 3780 καὶ
1514 3726 1808 3798 πειρᾶσθαι

227 3823 370 3876 νοεῖν
406 3819 444 3874 ἀ
494 3821 594 3891 οὑχ
617 3814 833 3874 οἷόντε.
866 3822 936 3875 Ἦ
964 3821 1064 3876 οὐκ
1104 3816 1282 3887 οἶσθα,
1328 3822 1411 3875 ὅτι
1456 3824 1518 3873 τὸ
1569 3820 1703 3889 βαθὺ
1744 3820 1807 3891 δὴ

226 3912 388 3967 τοῦτο
420 3912 740 3983 μυστήριον,
773 3911 869 3964 καὶ
894 3911 1017 3964 νοῦν
1045 3912 1314 3983 ὑπερέχον
1346 3910 1434 3965 τὸν
1465 3912 1522 3964 ἐν
1555 3911 1709 3980 ἡμῖν,
1740 3913 1808 3980 τῇ

228 4004 388 4076 ημῶν
411 4002 836 4074 ἀπεριεργάστῳ
863 4004 1044 4056 πίστει
1100 4004 1424 4075 τετίμηται;
1454 4004 1526 4057 Τὸ
1551 4004 1608 4058 δὲ
1641 4006 1807 4059 ἀσυν-

228 4101 368 4164 έτως
404 4100 618 4168 λέγειν,
667 4118 685 4151 ι
718 4098 839 4164 Πῶς
864 4097 1084 4152 δύναται
1111 4095 1283 4151 ταῦτα
1325 4096 1613 4165 γενέσθαι;
1653 4114 1671 4147 ι
1708 4096 1809 4148 Νι-

233 4192 461 4263 κοδήμῳ
480 4208 539 4244 τε
564 4191 758 4260 ἐκείνῳ
800 4190 896 4244 καὶ
927 4190 1041 4253 τοῖς
1068 4190 1191 4243 κατ’
1224 4188 1389 4242 αὑτὸν
1414 4188 1807 4259 ἀπονέμοντες,

233 4281 624 4344 ἀνενδοιάστως
656 4277 1091 4351 παραδεξώμεθα
1124 4278 1193 4333 τά
1215 4278 1304 4332 διὰ
1322 4277 1415 4332 τοῦ
1459 4278 1605 4332 θείου
1640 4277 1809 4331 Πνεῦ-

238 4388 410 4442 ματος
456 4368 948 4441 χρησμῳδούμενα,
989 4369 1083 4422 καὶ
1134 4367 1281 4438 αὑτῷ
1319 4368 1379 4421 δὲ
1428 4368 1809 4437 πιστεύσωμεν

234 4462 445 4532 λέγοντι
480 4460 698 4532 Χριστῷ
720 4476 733 4488 ο
773 4479 791 4511 ι
833 4459 1024 4531 Ἀμὴν,
1057 4458 1203 4531 ἀμὴν
1226 4459 1369 4530 λέγω
1419 4461 1567 4531 ὑμῖν,
1595 4459 1631 4513 ἀ
1662 4459 1803 4512 οἴδαο

237 4574 357 4626 μεν,
411 4554 701 4625 λαλοῦμεν,
751 4553 846 4636 καὶ
887 4552 924 4607 ἀ
957 4553 1303 4625 ἑωράκαμεν,
1344 4552 1750 4625 μαρτυροῦμεν,
1786 4571 1803 4605 ι

1912 3361 2153 3427 subtilis,
2190 3375 2424 3431 vereque
2466 3361 2901 3433 inexplicabilis;
2953 3364 3075 3420 talis
3108 3365 3346 3436 demum,
3388 3371 3484 3440 qui

1912 3454 2260 3524 cogitationis
2300 3464 2601 3525 captusque
2630 3456 2805 3511 nostri
2836 3459 3115 3528 angustias
3142 3460 3327 3517 multis
3366 3477 3490 3533 par-

1912 3547 2057 3601 tibus
2096 3546 2345 3601 excedat.
2379 3545 2722 3616 Quapropter
2760 3548 2895 3603 illud
2943 3550 3136 3606 iterum
3184 3552 3490 3626 iterumque

1912 3638 2218 3705 expendere
2273 3652 2370 3691 nos
2414 3638 2624 3693 decet:
2666 3654 2896 3709 nempe,
2951 3651 3011 3695 ut
3066 3644 3308 3712 periculo
3382 3662 3490 3702 nou

1913 3738 2071 3784 vacat
2114 3729 2387 3784 curiosius
2426 3729 2480 3784 in
2518 3744 2582 3785 ca
2614 3730 2911 3800 inquirere,
2948 3749 3069 3803 qua:
3102 3720 3335 3794 humana
3380 3755 3488 3795 non

1913 3830 2077 3875 sunt:
2106 3821 2176 3875 ita
2221 3829 2481 3878 extrema:
2512 3822 2800 3878 dementiae
2832 3824 3002 3880 videri
3041 3842 3104 3880 ea
3138 3844 3258 3898 qua:
3291 3834 3488 3886 mentis

1915 3922 2114 3969 nostra
2165 3914 2337 3970 aciem
2383 3914 2695 3982 excedunt,
2743 3917 2966 3971 humani
3009 3918 3198 3989 judicii
3260 3924 3485 3978 trutina:

1913 4006 2182 4076 subjicere
2221 4005 2400 4062 moliri
2431 4026 2444 4062 :
2477 4008 2561 4063 vel
2608 4009 2675 4062 ad
2720 4022 2909 4064 eorum
2964 4025 3177 4065 rursum
3224 4014 3492 4084 cognitio-

1914 4115 2037 4155 nem
2091 4099 2250 4164 eniti,
2310 4114 2430 4169 quae
2481 4098 2631 4157 nullo
2684 4109 2842 4171 pacto
2892 4110 3079 4157 nostra
3132 4103 3490 4175 intelligentia

1913 4190 2301 4261 comprehendi
2351 4199 2597 4260 possunt.
2640 4189 2830 4247 Nescis
2860 4193 3179 4262 profundum
3226 4195 3328 4251 hoc
3374 4212 3494 4269 my-

1914 4284 2166 4349 sterium,
2196 4282 2457 4353 omnique
2491 4284 2729 4340 humano
2750 4299 2916 4341 sensu
2950 4286 3258 4357 sublimius,
3287 4288 3392 4345 (ide
3423 4291 3493 4344 ab

1913 4375 2061 4431 omni
2115 4376 2331 4431 curiosa
2384 4375 2636 4444 indagine
2679 4375 2855 4433 aliena
2907 4378 3165 4434 honorari
3217 4395 3247 4435 a
3297 4382 3499 4437 nobis?

1915 4466 2277 4533 Quamobrem
2311 4466 2528 4521 stultam
2559 4466 2701 4521 illam
2733 4468 3085 4538 quaestionem
3114 4487 3130 4527 :
3166 4490 3185 4524 ι
3213 4470 3494 4538 Quomodo

1916 4568 2141 4628 possunt
2183 4560 2296 4615 haec
2331 4558 2443 4615 ﬁeri
2472 4560 2558 4613 '7?
2588 4579 2607 4613 ι
2653 4559 2947 4616 Μεθόριηο
2972 4563 3198 4633 ejusque
3228 4564 3498 4619 similibus

233 4648 476 4720 υἰχέσοω
502 4647 570 4718 δὴ
600 4641 696 4701 οὖν
724 4633 889 4718 λῆρος
921 4645 1022 4715 μὲν
1052 4644 1218 4711 ἄπας,
1269 4644 1435 4716 μῦθός
1466 4662 1524 4699 τε
1551 4643 1804 4715 ἀδρανὴς,

1920 4650 2327 4720 relinquentes,
2381 4649 2515 4704 citra
2581 4649 2744 4705 ullam
2804 4651 3199 4709 haesitationem
3259 4654 3495 4724 Spiritus

233 4743 327 4795 καὶ
365 4739 709 4810 ψευδοδοξξα,
744 4740 837 4792 καὶ
873 4736 1333 4808 κεκομψευμὲνων
1378 4738 1679 4810 ῥημάτωνιι
1726 4754 1816 4806 φε-

233 4833 529 4903 νακισμός·
581 4830 923 4903 προσιέμεθα
966 4828 1084 4883 οῦτι
1137 4847 1239 4883 που
1290 4828 1351 4883 τὸ
1425 4828 1813 4883 κατασίνεσθαι

1913 4741 2089 4798 sancti
2123 4743 2340 4797 oracula
2382 4741 2765 4811 suscipiamus,
2806 4742 3017 4813 ipsique
3058 4744 3275 4801 Clu-isto
3319 4747 3383 4800 de
3434 4762 3494 4801 se

1912 4834 2153 4904 loquenti
2206 4834 2365 4889 tidem
2419 4834 2759 4890 habeamus:
2792 4852 2812 4887 ι
2842 4834 3038 4903 Amen,
3090 4836 3286 4906 inquit,
3334 4852 3494 4894 amen

232 4925 479 4997 πεφυκὸς
503 4964 519 4990 ,
549 4925 652 4978 κᾶν
692 4925 743 4977 εἰ
773 4925 885 4987 τοῖς
918 4922 1058 4991 ἄγαν
1100 4922 1518 4994 ὲξησκημένοις,
1571 4923 1666 4975 καὶ
1707 4922 1804 4993 μὴν

1911 4925 2036 4981 dico
2074 4924 2251 4989 vobis,
2307 4925 2434 4995 quia
2486 4940 2606 4995 qua:
2640 4924 2863 4990 scimus,
2912 4924 3221 4993 loquimur;
3288 4936 3344 4982 et
3375 4943 3495 4997 quae

232 5021 327 5072 καί
354 5020 577 5089 πικροῖς
604 5018 753 5087 ἡμᾶς
780 5018 1168 5088 κατακροτοῖεν
1210 5026 1235 5053 '
1270 5015 1449 5083 λόγοις
1477 5016 1524 5068 οἰ
1566 5015 1634 5068 δι’
1658 5015 1809 5066 ἐναν-

232 5112 371 5173 τίας.
409 5111 566 5162 Ἐστι
597 5108 708 5178 γάρ
750 5108 811 5161 τὸ
855 5107 997 5161 θεῖον
1045 5108 1205 5178 ἡμῶν
1255 5108 1557 5179 μυστήριον
1605 5105 1705 5158 οὐκ
1750 5106 1809 5157 ἐν

234 5202 441 5265 πειθοῖς
469 5201 659 5270 σοφίας
688 5198 1034 5271 ἀνθρωπίνης
1065 5199 1267 5268 λόγοις,
1300 5198 1415 5252 ἀλλ’
1445 5199 1502 5250 ἐν
1532 5196 1810 5260 ἀποδείξει

235 5294 577 5365 Πνεῦματος.

1914 5016 2169 5083 vidimus,
2193 5016 2537 5072 testamur".
2570 5036 2588 5069 ι
2624 5016 2851 5071 Valeant
2882 5016 3046 5087 igitur
3073 5017 3289 5086 deliria,
3320 5020 3498 5076 faces-

1918 5118 2042 5163 Sant
2072 5122 2261 5162 omnes
2293 5107 2521 5164 inﬁrmae
2552 5109 2618 5162 ad
2651 5108 3084 5178 persuadendum
3126 5109 3341 5175 fabulae,
3375 5113 3498 5180 opi-

1922 5199 2217 5266 nionesque
2251 5196 2421 5264 tals-.e,
2453 5212 2515 5252 ac
2546 5196 2948 5267 pbaleratarum
2978 5199 3289 5255 vocularum
3326 5202 3498 5270 impo-

1924 5301 2088 5343 stura:
2115 5306 2129 5343 :
2158 5288 2287 5341 nihil
2320 5288 2461 5343 enim
2504 5288 2647 5357 quod
2680 5288 3066 5345 detrimentum
3097 5288 3298 5346 aﬂerre
3337 5292 3498 5355 solet,

236 5386 601 5452 admittimus;
640 5384 855 5440 etiamsi
916 5383 1212 5440 adversarii
1273 5381 1745 5437 exercitatissimis
1806 5381 2201 5451 acerrimisque
2255 5380 2559 5437 rationibus
2620 5395 2719 5438 nos
2780 5381 3137 5452 pulsaverint.
3198 5382 3293 5441 Est
3352 5385 3498 5442 enim

305 5540 356 5572 “
395 5539 410 5592 Ι
443 5540 589 5596 Petr.
620 5556 699 5606 ιιι,
735 5539 816 5593 I9.
896 5540 940 5569 '-"
982 5537 1085 5593 ista.
1118 5554 1264 5603 χιιι,
1295 5540 1349 5593 9.
1430 5537 1475 5569 “
1516 5536 1531 5590 I
1564 5538 1709 5594 Petr.
1744 5553 1831 5601 ιιι,
1863 5539 1947 5601 Π,
1983 5538 2073 5592 18.

1332 5692 1501 5749 Variae
1534 5692 1792 5748 iectioncs
1824 5693 1975 5748 codic
2001 5711 2028 5750 s
2054 5694 2415 5766 chueiriani.

312 5840 341 5875 ⁸
370 5834 429 5888 οὐ
457 5834 776 5902 παράδοξον.
854 5841 877 5871 ⁸
904 5832 1271 5905 ἀθαῦμαστον.

2153 5539 2194 5570 υ
2236 5539 2394 5593 .luau.
2426 5554 2511 5601 ιιι,
2546 5539 2599 5591 9.
2680 5539 2725 5571 ⁸⁸
2766 5539 2894 5597 ibid.
2928 5541 3017 5597 Η.

1354 5836 1367 5872 ¹
1403 5836 1767 5908 οἰκονομικήν.
1846 5844 1872 5872 ιι
1903 5835 2208 5909 ῥηματῖων.
2288 5846 2311 5875 ν
2345 5838 2616 5907 κρατοῖεν.
