4146 6468
566 333 700 386 ΙΜἸ

1526 322 1583 377 S.
1624 319 1903 378 CYRILLI
1946 315 2414 375 ALEXANDRINI
2452 315 2774 372 AliClilEP.

3678 320 3824 377 “68

563 444 801 495 divinum
826 438 926 495 hoc
958 447 1200 493 nostrum
1236 414 1660 503 sacramentum,
1694 451 1802 491 non
1840 435 1891 488 in
1956 430 2403 503 persuasibilibus
2465 430 2717 486 humanae
2787 429 3068 501 sapientia:
3094 431 3277 490 verbis
3309 452 3325 491 :
3356 436 3451 489 sed
3492 435 3545 490 in
3588 434 3851 507 Spiritus

559 534 873 589 ostensione
912 531 1145 601 positum
1168 530 1236 585 ".
1269 551 1287 583 ι

630 624 820 680 XXIV.
868 622 1185 695 Uuigenitus
1216 624 1400 694 igitur,
1432 623 1523 693 qui
1549 632 1601 676 et
1637 622 1800 687 Deus,
1829 630 1878 675 et
1916 619 2133 674 univer-

2312 619 2435 673 ΚΝ.
2477 619 2609 684 Θεὸς
2651 613 2745 672 οῦν
2780 618 3063 690 ὑπάρχων,
3108 619 3203 671 καὶ
3262 618 3371 672 τῶν
3409 619 3546 673 ὅλων
3594 620 3825 692 Κύριος,

561 734 741 772 sorum
798 717 1096 772 secundum
1148 716 1462 786 Scripturas
1508 716 1768 770 Dominus
1821 724 1936 778 est,
1985 714 2140 768 nobis

561 811 811 880 apparuit
847 828 859 863 :
895 810 1042 863 visus
1072 818 1157 863 est
1194 809 1245 863 in
1284 819 1426 862 terra
1451 808 1521 873 ⁷⁸,
1552 818 1604 861 et
1635 808 1796 862 homo
1821 806 2016 871 factus,
2051 806 2136 861 his

558 902 647 968 qui
693 904 745 955 in
792 901 1031 955 tenebris
1077 902 1454 964 versabantur,
1507 898 1702 963 illuxit,
1762 913 1868 952 non
1913 898 2141 965 phanta-

560 1000 752 1056 smate,
796 1000 887 1044 :mt
936 1003 1163 1046 externo
1206 1001 1412 1044 tantum
1465 992 1772 1055 schemate,
1812 990 1982 1044 abs-it!
2037 992 2140 1044 hoc

559 1086 700 1137 enim
734 1086 956 1149 sentire,
987 1092 1077 1136 aut
1106 1083 1305 1147 dicere,
1337 1093 1414 1136 cst
1446 1091 1631 1151 aperte
1667 1082 1927 1135 insanire.
1956 1080 2140 1150 Neque

561 1191 775 1228 rursum
819 1190 912 1244 per
945 1174 1025 1226 sui
1075 1172 1447 1237 mutationem,
1488 1181 1579 1224 aut
1608 1173 2038 1237 conversiOnem,
2084 1174 2136 1225 in

561 1283 781 1321 carnem
829 1264 1251 1319 transformatus
1282 1264 1385 1333 21
1420 1274 1502 1317 est
1533 1280 1545 1316 :
1578 1261 1671 1317 Dei
1724 1265 1867 1317 enim
1899 1264 2135 1318 Verbum

560 1358 739 1413 nntnis
788 1356 1103 1411 mutationis
1153 1370 1367 1424 expers,
1416 1371 1524 1408 uno
1575 1370 1791 1424 semper
1837 1356 2139 1424 eodemque

561 1448 722 1502 modo
769 1463 827 1503 se
869 1448 1054 1501 habet.
1097 1445 1281 1515 Neque
1329 1460 1568 1499 coacvam
1622 1460 1743 1500 eum
1795 1460 1958 1499 carne
2007 1448 2137 1500 sub—

563 1538 818 1594 stantiam
847 1537 1070 1591 sortitus
1092 1545 1175 1592 est
1203 1554 1217 1590 :
1250 1538 1360 1606 ipse
1391 1551 1623 1605 namque
1664 1537 1985 1591 saeculorum
2016 1552 2139 1593 con-

560 1631 703 1683 ditor
738 1638 844 1684 est.
884 1627 1073 1698 Neque
1112 1629 1467 1698 hypostaseos
1494 1643 1703 1689 exsors,
1737 1638 1794 1683 ut
1829 1645 2011 1684 sermo
2047 1641 2141 1684 aut

558 1724 758 1777 nudum
787 1731 993 1775 tantum
1030 1721 1369 1789 simplexque
1399 1723 1651 1787 verbum,
1673 1722 1815 1791 quod
1844 1722 1896 1775 in
1923 1721 2139 1775 homine

559 1816 880 1872 iultabitavit
910 1834 924 1870 :
957 1830 1080 1869 nam
1113 1814 1201 1884 qui
1250 1830 1312 1868 ea
1356 1830 1475 1885 qua:
1520 1832 1623 1869 non
1663 1826 1811 1881 sunt,
1851 1826 2039 1870 evocat
2082 1824 2141 1869 ut

560 1912 669 1965 sint
717 1919 771 1963 et
813 1908 1101 1971 exsistant,
1160 1907 1206 1961 is
1256 1908 1563 1961 necessario
1611 1909 1937 1977 prmexsistil
1971 1928 1983 1965 :
2020 1909 2138 1979 ipse

2242 712 2383 765 κατὰ
2426 712 2524 776 τὰς
2564 710 2821 783 Γραφὰς,
2868 712 2896 764 ό
2935 711 3283 783 Μονογενὴς,
3344 713 3615 782 ἐπέφανεν
3650 715 3826 785 ἡμῖν·

2241 800 2396 873 ὤφθη
2443 802 2551 874 γὰρ
2596 802 2689 854 ἐπὶ
2730 801 2870 871 γῆς,
2911 802 3006 854 καὶ
3040 802 3322 873 ἐπέλαμψε
3368 806 3481 868 τοῖς
3522 807 3583 858 ἐν
3620 805 3825 863 σκότει.

2240 894 2527 963 γενόμενος
2551 893 2645 947 ἄνθ
2656 910 2837 965 ρωπος
2859 933 2881 958 ,
2901 894 2971 946 οὐκ
2994 894 3211 964 δοκήσει
3234 934 3248 959 ,
3282 894 3355 965 μὴ
3380 895 3621 962 γένοιτοε
3658 897 3828 965 μανία

2242 984 2349 1055 γὰρ
2380 984 2537 1038 τοῦτό
2569 1002 2632 1053 γε
2662 987 2901 1055 φρονεῖν,
2928 984 2961 1055 ἢ
2990 984 3172 1054 λέγειν
3196 1002 3210 1015 ·
3240 987 3363 1039 οὔτε
3397 988 3502 1059 μὴν
3533 991 3614 1051 εἰς
3646 990 3828 1059 σάρκα

2242 1076 2597 1147 παρενεχθεὶς
2623 1075 2766 1130 κατὰ
2808 1077 3162 1147 μετάστασιν,
3198 1078 3230 1147 ἢ
3263 1080 3503 1150 τροπήνο
3526 1080 3823 1133 ἀναλλοίωο

2242 1188 2332 1234 τος
2363 1171 2473 1241 γὰρ
2516 1172 2603 1225 ἀεὶ
2638 1170 2780 1225 κατὰ
2806 1170 2867 1224 τὸ
2904 1171 3037 1225 αὐτὸ
3083 1172 3179 1224 καὶ
3224 1172 3487 1236 ὡσαύτως
3529 1172 3667 1242 ἔχων
3704 1173 3733 1224 ὁ
3759 1175 3827 1225 ἐκ

2242 1264 2375 1317 Θεοῦ
2407 1264 2595 1334 Λόγος.
2642 1264 2787 1317 Ἀλλ’
2812 1264 2936 1318 οὐδέ
2966 1265 3265 1335 όμόχρονον
3288 1269 3354 1337 τῇ
3390 1266 3552 1336 σαρκὶ
3580 1266 3679 1337 τὴν
3718 1266 3824 1319 ῦπ-

2242 1356 2398 1427 αρξιν
2428 1356 2566 1425 ἔχων
2590 1371 2602 1383 ο
2639 1356 2801 1420 αὐτὸς
2842 1359 2942 1429 γάρ
2969 1360 3084 1411 ἐστι
3118 1356 3226 1411 τῶν
3258 1356 3469 1411 αἰώνων
3503 1359 3531 1411 ό
3559 1358 3820 1430 Ποιητής.

2243 1448 2381 1500 (tota
2410 1448 2516 1517 μὴν
2541 1447 2617 1510 ὡς
2641 1446 2799 1513 λόγος
2827 1446 3222 1513 ἀνυπόστατος,
3253 1448 3371 1502 οὐδὲ
3393 1449 3469 1513 ὼς
3493 1450 3644 1521 ῥῆμα
3667 1451 3825 1519 ψιλὸν

2243 1542 2301 1593 ἐν
2338 1538 2611 1610 ἀνθρώπῳ
2637 1537 2859 1606 γεγονός
2876 1546 2906 1574 ³ο
2926 1556 2938 1568 ·
2965 1539 2993 1591 ὁ
3026 1538 3135 1609 γάρ
3164 1556 3245 1592 τοι
3271 1538 3451 1592 καλῶν
3476 1540 3544 1593 τὰ
3568 1541 3667 1592 οὐκ
3694 1540 3823 1592 ὄντα

2245 1631 2376 1684 ποτὲ
2454 1631 2590 1702 πρὸς
2646 1630 2882 1700 ὓπαρξιν
2946 1630 3044 1685 καὶ
3099 1631 3349 1700 γένεσιν,
3405 1633 3822 1703 προῦφέστηκεν

2243 1723 2593 1792 ἀναγκαίωςο
2643 1722 2807 1786 αὐτὸς
2850 1721 2958 1793 γάρ
2990 1723 3138 1775 ἐστιν
3187 1725 3220 1794 ἡ
3268 1722 3418 1791 ζωὴ,
3454 1724 3711 1792 πεφηνὼς
3757 1727 3822 1778 ἐκ

2244 1816 2391 1885 ζωῆς
2428 1814 2521 1868 τοῦ
2553 1814 2689 1868 Θεοῦ
2725 1814 2818 1867 καὶ
2851 1814 3065 1884 [ἰατρὸς
3087 1853 3101 1878 ,
3131 1813 3285 1878 ὄντος
3310 1832 3370 1867 τε
3397 1816 3491 1867 καὶ
3528 1816 3822 1885 νοουμένου

2246 1911 2365 1961 κατ’
2414 1907 2545 1961 [δῖαν
2594 1907 2911 1959 ὑπόστασιν.
2952 1906 3093 1959 Ἀλλ’
3131 1907 3253 1959 οὐδὲ
3289 1908 3460 1978 μόνην
3507 1907 3825 1979 ἠμπέσχετο

558 2001 701 2057 enim
754 2010 837 2056 est
882 2001 987 2054 vita
1025 2014 1092 2053 ex
1141 1998 1248 2052 vita
1308 2000 1418 2053 De’o
1463 1996 1627 2054 Patre
1676 2005 1998 2068 proi-edens,
2044 2004 2133 2071 qui

2247 2001 2425 2070 σάρκα
2453 1999 2629 2071 ψυχῆς
2660 2000 2876 2069 ἐρήμην
2914 1998 3015 2065 τῆς
3059 1998 3314 2069 λογικῆςο
3355 1999 3678 2069 γεγέννηται
3717 2000 3825 2071 γὰρ

560 2092 777 2164 quidem
826 2091 1123 2146 secundum
1167 2091 1440 2161 propriam
1490 2091 1801 2161 hypostasin
1856 2103 1909 2146 et
1954 2104 2038 2146 est
2081 2105 2136 2148 et

559 2183 896 2254 intelligitur.
934 2181 1040 2237 Sed
1076 2197 1251 2251 neque
1290 2198 1508 2237 carnem
1542 2197 1778 2251 quoque,
1804 2199 1923 2252 qum
1953 2184 2131 2236 anima

556 2275 767 2330 ratione
801 2276 1025 2346 praedita
1065 2286 1302 2339 vacaret,
1336 2274 1510 2329 induit
1539 2276 2011 2344 :qnandoqnidem
2056 2276 2134 2329 vi-

551 2381 677 2419 vum
719 2365 849 2419 illud
894 2366 1327 2436 subsistensque,
1374 2382 1438 2420 ac
1470 2366 1577 2421 Deo
1605 2365 1753 2419 Patri
1798 2376 2127 2420 coartcrnum

553 2457 695 2513 Deus
720 2456 957 2512 Verbum
990 2459 1173 2511 servili
1221 2458 1388 2510 {omnia
1423 2469 1695 2527 suscepta,
1745 2472 1873 2510 vere
1906 2473 1971 2510 ex
2017 2473 2137 2509 mu-

554 2552 684 2605 liere
734 2560 941 2615 natum,
988 2561 1041 2604 ct
1077 2551 1238 2604 homo
1283 2549 1483 2606 factum
1535 2560 1651 2615 est,
1687 2560 1877 2618 estque
1908 2549 2135 2619 perinde

554 2642 851 2711 perfectum
905 2642 958 2695 in
1006 2642 1347 2697 humanitate
1378 2657 1443 2696 ac
1491 2641 1543 2696 in
1580 2642 1802 2695 deitate.
1846 2638 1960 2692 Non
1994 2640 2134 2694 enim

551 2750 618 2788 ex
666 2733 782 2788 sola
828 2748 992 2787 carne
1038 2742 1093 2786 et
1144 2733 1363 2799 deitate,
1415 2733 1509 2789 sed
1553 2749 1617 2787 ex
1652 2731 1891 2802 perfecta
1943 2732 2135 2784 huma-

2248 2092 2390 2147 κατὲ
2418 2091 2673 2162 ἀληθειαν
2702 2092 2766 2143 ἐκ
2799 2089 3080 2160 γυναικὸς,
3113 2091 3208 2143 καὶ
3239 2090 3483 2160 πέφηνεν
3513 2089 3823 2160 ἄνθρωπος,

2246 2183 2276 2235 ό
2299 2182 2407 2246 ζῶν
2436 2184 2531 2235 καὶ
2563 2183 2846 2254 ὑπάρχων,
2863 2183 2957 2235 καὶ
2989 2181 3260 2244 συναῖδιος
3281 2180 3359 2252 τῷ
3388 2180 3508 2251 Θεῷ
3538 2182 3631 2234 καὶ
3650 2182 3825 2253 Πατρὶ

2246 2274 2379 2338 Θεὸς
2402 2275 2595 2341 Λόγος,
2642 2275 2855 2345 μορφὴν
2875 2274 3061 2326 δούλου
3093 2272 3273 2328 λαϐὼν
3292 2292 3306 2305 ·
3341 2274 3435 2327 καὶ
3465 2273 3610 2327 ἔστιν
3634 2272 3824 2346 ὥσπερ

2239 2364 2298 2416 ἐν
2334 2362 2549 2435 θεότητι
2600 2364 2847 2431 τέλειος,
2894 2364 3039 2416 οῦτω
3074 2364 3167 2418 καὶ
3210 2365 3269 2417 ἐν
3313 2364 3696 2436 ἁνθρωπότητι
3736 2367 3825 2417 τὲ-

2238 2455 2415 2518 λειος·
2455 2456 2555 2507 οὐκ
2599 2458 2661 2508 ὲκ
2715 2456 2880 2525 μόνης
2929 2455 3182 2525 Θεότητος
3227 2456 3322 2508 καὶ
3369 2456 3570 2528 σαρκὸς
3615 2458 3696 2520 εις
3728 2456 3823 2509 ἕνα

2240 2548 2480 2620 Χριστὸν
2529 2549 2625 2599 καὶ
2659 2548 2863 2618 Κύριον
2909 2548 3004 2600 καὶ
3037 2549 3165 2601 Υἱὸν
3198 2548 3575 2618 συγκείμενος,
3612 2547 3730 2601 ἀλλ’
3759 2549 3824 2600 ἐκ

2241 2640 2388 2693 δυοῖν
2435 2640 2686 2704 τελείοιν,
2729 2639 3129 2710 ἁνθρωπότητα
3158 2639 3223 2711 δὴ
3253 2640 3396 2708 λέγω
3443 2642 3535 2694 καὶ
3566 2640 3821 2710 θεότητα,

2242 2734 2322 2797 εἰς
2350 2732 2448 2787 ἕνα
2475 2734 2565 2785 καὶ
2594 2732 2684 2785 τὸν
2711 2731 2872 2784 αὐτὸν
2901 2730 3221 2803 παραδόξως
3252 2730 3440 2783 συνδοὺ
3450 2747 3629 2801 μενος.

552 2831 721 2884 nitate
751 2837 805 2884 et.
841 2830 1126 2883 divinitate
1156 2829 1208 2883 iu
1256 2845 1421 2884 unum
1490 2831 1852 2900 eamdemque
1918 2827 2209 2881 Dominum
2250 2839 2306 2882 et
2348 2829 2543 2883 Filium
2597 2839 2653 2883 et
2697 2828 2978 2883 Christum
3026 2829 3331 2884 admirabili
3376 2833 3609 2899 quodam
3664 2830 3824 2882 tuodo

553 2922 857 2990 concrevit,
883 2923 1213 2993 coaluitque.

623 3013 793 3072 XXV.
835 3017 903 3071 At
946 3015 1032 3071 hic
1081 3017 1454 3072 sciscitabitur
1508 3016 1645 3072 forte
1681 3020 1948 3089 quispiam
1983 3043 1994 3076 :
2036 3035 2135 3075 eu-

547 3108 790 3178 jusmodi
839 3110 1055 3164 tandem
1085 3124 1237 3163 sacra
1282 3110 1443 3180 Virgo
1470 3111 1717 3180 peperit,
1766 3112 2132 3175 hominemne,

2309 3016 2437 3068 κεν.
2493 3016 2641 3085 Ἐρεῖ
2670 3015 2725 3067 δέ
2755 3033 2861 3082 τις,
2891 3026 3031 3069 κατα
3064 2989 3321 3077 τὸεέκός
3354 3014 3485 3067 Τίνα
3513 3014 3573 3086 δὴ
3607 3011 3702 3068 οὗν
3729 3017 3822 3067 τέ-

2236 3124 2398 3160 τοκεν
2445 3108 2478 3178 ἡ
2530 3108 2661 3172 ἁγία
2699 3108 3015 3178 Ιίαρθένος;
3066 3106 3157 3160 τὸν
3200 3107 3508 3179 ἄνθρωπον,
3544 3111 3577 3180 ἢ
3619 3111 3712 3162 τὸν
3757 3112 3823 3163 ἐκ

554 3217 623 3257 au
657 3200 755 3255 Dei
786 3200 1058 3258 Verbum?
1087 3200 1186 3256 Cui
1211 3216 1310 3256 nos
1335 3202 1746 3271 respondemus,
1772 3203 1914 3257 istud
1945 3204 2133 3274 exqui-

2238 3198 2373 3251 Θεοῦ
2404 3198 2609 3266 Λόγον;
2643 3200 2828 3269 Φαμὲν
2865 3200 2919 3251 δέ
2949 3200 3141 3269 ἡμεῖς·
3176 3200 3286 3251 Καὶ
3310 3199 3469 3253 τοῦτό
3499 3202 3559 3269 γέ
3600 3203 3745 3255 ἐστιν
3784 3205 3818 3272 ἡ

555 3309 700 3357 rere,
752 3292 883 3348 nihil
942 3292 1089 3347 aliud
1149 3308 1296 3355 esse,
1344 3308 1504 3363 quam
1556 3308 1765 3362 errare,
1821 3305 1874 3350 ct
1928 3311 1957 3349 a
2005 3311 2135 3350 vero

554 3386 895 3456 honestoque
929 3384 1141 3439 abduci.
1174 3383 1345 3439 Nemo
1381 3395 1501 3455 post
1528 3387 1783 3441 unionem
1813 3388 2131 3442 divisionem

555 3475 689 3532 mihi
749 3475 949 3545 lingat;
1022 3491 1196 3545 neque
1267 3472 1675 3530 Emmanuelem
1741 3476 1794 3530 in
1858 3477 2131 3531 hominem

554 3582 843 3633 seorsum,
889 3579 941 3621 et
991 3568 1044 3622 in
1095 3566 1263 3621 Deum
1318 3582 1565 3622 seorsum
1616 3570 1953 3638 dispescens,
2001 3568 2133 3624 duas

552 3673 814 3731 personas
860 3658 1107 3714 eii‘ormet
1134 3678 1145 3714 :
1174 3676 1240 3715 ne
1282 3661 1406 3731 quis
1448 3662 1695 3714 meritam
1744 3663 1895 3715 vobis
1928 3659 2130 3733 [nobis]

551 3760 740 3806 notam
794 3751 996 3814 inurat,
1057 3758 1310 3819 tanquam
1353 3749 1445 3820 qui
1496 3750 1629 3804 nihil
1684 3760 1887 3803 rectum
1939 3764 2133 3819 sapere

551 3842 847 3899 instituatis
873 3839 1289 3914 [instituamus],
1318 3841 1411 3896 sed
1443 3841 1495 3895 id
1531 3841 1703 3896 solum
1740 3841 1881 3910 quod
1913 3852 2009 3910 per
2045 3840 2131 3895 di-

549 3937 708 3993 vinas
746 3937 1060 4004 Scripturas
1094 3934 1518 3989 condemnatum
1550 3943 1654 3989 est.
1700 3932 1851 3989 Unus
1887 3933 2030 3987 enim
2064 3948 2129 3988 ex

551 4027 751 4084 Christi
799 4028 1081 4097 discipulis
1116 4026 1233 4081 ait:
1273 4044 1292 4080 ι
1325 4024 1458 4092 Vos,
1495 4025 1828 4091 cbarissimi,
1860 4038 2131 4080 memores

550 4129 725 4173 estote
770 4119 1082 4183 verborum,
1131 4133 1252 4188 qua:
1292 4119 1551 4189 praedicta
1592 4127 1717 4174 sunt
1767 4119 1835 4171 ab
1873 4117 2131 4187 apostolis

552 4210 764 4264 Domini
819 4213 986 4265 nostri
1038 4209 1165 4264 Jesu
1214 4209 1445 4275 Christi,
1508 4210 1600 4280 qui
1651 4210 1905 4264 dicebant
1952 4209 2128 4273 vobis,

551 4300 810 4373 quoniam
859 4301 910 4353 in
963 4300 1273 4357 novissimis
1304 4301 1635 4371 temporibus
1676 4302 1893 4355 venient
1942 4299 2130 4354 illuso-

554 4409 663 4457 res,
701 4396 997 4447 secundum
1031 4395 1298 4449 desideria
1336 4411 1431 4450 sua
1464 4394 1807 4449 ambulantes
1844 4395 1896 4448 in
1945 4394 2132 4463 impie-

553 4485 771 4539 tatibus.
821 4484 883 4538 lli
922 4495 1045 4539 Sttttt
1074 4486 1171 4555 qui
1210 4496 1521 4556 segregant,
1553 4486 1840 4549 animales,
1876 4486 2124 4556 spiritum

554 4589 657 4627 non
696 4574 1042 4628 habentes“.
1085 4594 1102 4627 ι
1150 4573 1306 4630 Nullo
1356 4576 1539 4646 itaque
1583 4579 1740 4631 modo
1788 4578 2125 4647 segregatio—

550 4680 673 4720 nem
729 4668 1028 4721 concedere
1076 4666 1157 4721 ras
1207 4677 1308 4731 est,
1358 4668 1484 4722 licet
1514 4670 1656 4738 'post
1715 4670 1970 4722 unionem
2024 4671 2130 4721 duo

550 4773 812 4828 apparere
839 4758 1093 4826 debeant,
1127 4769 1182 4814 et
1212 4759 1466 4813 distincte
1493 4761 1566 4814 sit
1598 4769 1887 4829 utrumque
1927 4759 2131 4813 intelli-

549 4852 805 4921 gendum.
857 4853 1120 4918 Quocirca
1173 4853 1476 4917 sciendum,
1523 4853 1865 4907 considerari
1912 4852 2128 4923 quidem

551 4946 618 4999 ab
651 4943 925 4999 intellectu
959 4947 1248 5015 quamdam
1273 4953 1589 4999 naturarum
1624 4944 1982 5000 differentiam
2007 4943 2125 5015 (ne-

547 5052 651 5104 que
683 5038 824 5091 enim
854 5046 935 5090 est
959 5037 1149 5090 eadem
1176 5038 1392 5092 deitatis
1419 5048 1472 5092 et
1507 5037 1860 5091 humanitatis
1882 5034 2125 5105 natura),

544 5130 639 5182 sed
686 5144 788 5182 una
824 5144 945 5182 eum
993 5128 1096 5183 hac
1145 5130 1587 5184 consideratione
1617 5128 1888 5198 percipiet
1922 5127 2129 5183 utrius-

544 5236 649 5287 que
685 5234 1013 5276 concursum
1043 5221 1110 5276 ad
1142 5221 1417 5277 unionem.
1456 5220 1606 5276 Unus
1642 5224 1824 5290 itaque
1853 5228 1937 5276 est
1964 5219 2128 5277 Chri-

598 5376 663 5466 »θ’
706 5375 719 5427 l
754 5374 876 5432 Cor.
910 5390 969 5439 tt,
1001 5375 1053 5429 4.
1134 5376 1179 5407 ⁷⁸
1221 5375 1433 5432 Barucb
1462 5392 1543 5445 ιιι,
1576 5376 1665 5433 '58.
1744 5378 1785 5409 τ’
1829 5375 1953 5433 iud.
1987 5378 2163 5434 17-19.

2238 3290 2525 3359 πλάνησις,
2562 3291 2655 3343 καὶ
2686 3291 2747 3343 τὸ
2772 3290 3119 3361 ἀμάρτημαγ
3152 3290 3249 3343 τοῦ
3292 3290 3595 3361 πρέποντάς
3628 3309 3687 3345 τε
3725 3296 3822 3347 καὶ

2235 3383 2489 3453 ἀληθοῦς.
2520 3383 2611 3453 Μὴ
2645 3385 2754 3454 γάρ
2785 3400 2875 3452 μοι
2908 3383 3083 3454 διέλῃς
3123 3384 3261 3453 μετὰ
3307 3383 3406 3453 τὴν
3436 3383 3650 3449 ἕνωσιν,
3683 3387 3821 3456 μηδὲ

2233 3475 2443 3539 διιστὰς
2476 3478 2555 3538 εἰς
2577 3475 2863 3547 ἄνθρωπον
2898 3476 3140 3539 ξδικῶςτ,
3176 3476 3271 3529 καὶ
3300 3478 3381 3539 εἰς
3409 3476 3564 3540 Θεὸν,
3590 3478 3820 3548 διπρόσ-

2234 3583 2382 3619 ωπον
2428 3568 2563 3637 ἡμῖν
2605 3565 2883 3619 ἀνατύπου
2934 3566 3024 3618 τὸν
3066 3566 3446 3637 Ἐμμανουήλ’
3480 3568 3553 3639 μὴ
3590 3569 3697 3638 ἄρα
3736 3588 3823 3632 τις

2235 3660 2367 3728 ἡμῖν
2392 3670 2416 3698 ι
2450 3659 2677 3722 εἰκότως
2704 3658 3140 3728 διαμωμήσαιτο,
3176 3662 3394 3728 φρονεῖν
3418 3659 3699 3729 ἑλομένοις
3728 3662 3819 3731 ὀρ-

2235 3751 2329 3803 θὸν
2361 3752 2465 3822 μένλ
2488 3752 2663 3814 οῦδὲν,
2686 3753 2860 3804 ἐκεῖνο
2883 3751 2939 3803 δὲ
2977 3750 3199 3821 μᾶλλον,
3231 3752 3259 3803 ὃ
3289 3752 3383 3804 καὶ
3413 3751 3499 3805 διὰ
3526 3752 3626 3822 τῆς
3657 3754 3817 3820 ἁγίας

2236 3842 2604 3912 κατεδικάσθη
2660 3842 2905 3913 Γραφῆς.
2943 3835 3069 3895 Ὧδε
3114 3845 3222 3913 γάρ
3277 3860 3361 3906 τις
3418 3843 3521 3914 ἔφη
3569 3844 3679 3897 τῶν
3722 3845 3815 3896 τοῦ

2234 3933 2471 4004 Χριστοῦ
2502 3933 2760 4004 μαθητῶν
2781 3950 2794 3963 ο
2830 3954 2846 3984 ι
2890 3934 3077 4005 Ὑμεῖς
3110 3935 3187 3998 δὲ,
3213 3936 3506 4007 ἀγαπητοὶ,
3536 3936 3809 4007 μνήσθητε

2231 4024 2341 4078 τῶν
2368 4026 2629 4096 ῥημάτων
2658 4025 2769 4077 τῶν
2801 4027 3214 4098 προειρημένων
3238 4028 3343 4081 ὑπὸ
3370 4028 3479 4081 τῶν
3500 4029 3809 4082 ἀποστόλων

2232 4116 2324 4170 τοῦ
2358 4117 2560 4186 Κυρίου
2588 4116 2749 4188 ἡμῶν
2792 4117 2968 4188 Ἰησοῦ
3016 4118 3278 4191 Χριστοῦ,
3321 4121 3401 4172 ὅτι
3443 4120 3631 4189 ελεγον
3663 4122 3806 4191 ὑμῖν,

2231 4212 2314 4265 ὅτι
2363 4212 2702 4282 ἐπ’ἐσχὰτου
2745 4211 2854 4265 τῶν
2883 4211 3089 4283 χρόνων
3134 4212 3443 4265 ἐλεύσονται
3481 4214 3536 4265 ἐν
3571 4214 3810 4281 ἐμπαιγ-

2235 4306 2371 4377 μονῇ
2409 4307 2736 4376 ἐμπαῖκται,
2788 4305 2931 4358 κατὰ
2962 4304 3059 4365 τὰς
3123 4306 3334 4359 ἐαυτῶν
3378 4306 3671 4377 ἐπιθυμίας
3715 4322 3807 4358 πο-

2238 4396 2523 4467 ρευόμενοι
2552 4396 2663 4448 τῶν
2688 4394 2973 4449 ἀσεϐειῶν.
3007 4390 3165 4449 Οὗτοί
3193 4398 3330 4448 εἰσιν
3363 4397 3411 4448 οἱ
3436 4395 3804 4467 ἀποδιορίζον-

2230 4505 2343 4553 τες,
2374 4487 2616 4558 ψυχικοὶ,
2658 4488 2875 4558 πνεῦμα
2905 4488 2978 4558 μὴ
3010 4488 3241 4557 ἔχοντες.
3269 4507 3286 4539 ι
3314 4490 3387 4541 Οὐ
3409 4485 3803 4559 διοριστέονοῦν

2231 4581 2343 4652 ἄρα
2368 4580 2489 4633 κατ’
2515 4581 2703 4633 οὐδένα
2732 4581 2953 4650 τρόπον,
2984 4580 3091 4631 εἴτε
3118 4580 3197 4631 δεῖ
3224 4579 3459 4648 μάλιστα
3489 4581 3558 4633 τέι
3587 4578 3679 4633 δύο
3701 4596 3801 4649 φα-

2230 4671 2389 4741 νῆναι
2432 4673 2571 4741 μετὰ
2620 4671 2718 4739 τὴν
2770 4672 2984 4733 ἕνωσιν,
3045 4669 3137 4722 καὶ
3191 4670 3296 4722 ἀνὰ
3352 4671 3511 4742 μέρος
3546 4672 3803 4743 ἑκάτερον

2229 4765 2389 4816 νοεῖν.
2437 4763 2635 4815 Ἰστέον
2662 4758 2774 4827 οὖν,
2819 4762 2898 4813 ὅτι
2936 4761 3132 4832 θεωρεῖ
3164 4762 3264 4831 μέν
3292 4777 3414 4814 τινα
3450 4762 3665 4830 φύσεων
3696 4765 3804 4819 δια-

2230 4856 2404 4929 φορὰν
2432 4858 2460 4909 ὁ
2496 4855 2619 4918 νοῦς
2639 4873 2659 4886 '
2685 4854 2877 4909 ταυτὸν
2911 4854 3016 4925 γὰρ
3050 4853 3165 4906 οῦτι
3217 4872 3315 4907 που
3343 4853 3596 4924 θεότητός
3626 4873 3687 4908 τε
3717 4876 3747 4909 γ
3767 4860 3804 4909 ti.

2230 4945 2722 5017 ἀνθρωπότητοςδο
2758 4944 3056 5009 εἰσδέξεται
3100 4944 3155 4997 δέ
3198 4945 3331 5016 ὁμοῦ
3378 4950 3497 5011 ταῖς
3532 4950 3662 5018 περὶ
3690 4948 3804 5000 τούς

2232 5056 2338 5091 των
2365 5039 2593 5102 ἐννοίαις
2625 5038 2719 5090 καὶ
2748 5037 2844 5108 τὴν
2868 5039 3073 5107 ἀμφοῖν
3112 5038 3191 5101 εἰς
3228 5038 3454 5109 ἑνότητα
3481 5040 3797 5110 συνδρομήν.

2232 5128 2445 5182 Οὐκοῦν
2489 5127 2663 5191 Θεὸςο
2710 5129 2813 5200 μέν
2860 5127 3023 5198 ἐξέφυ
3059 5128 3150 5181 τοῦ
3188 5130 3399 5201 Πατρὸς
3438 5130 3513 5193 ὡς
3552 5130 3717 5194 Θεὸς,
3746 5134 3802 5184 ἐκ

2233 5220 2512 5292 Παρθένου
2560 5221 2615 5275 δὲ
2663 5221 2971 5293 ἄνθρωπος.
3019 5216 3076 5275 Ὀ
3126 5221 3237 5293 γὰρ
3286 5224 3351 5276 ἐκ
3411 5222 3544 5275 Θεοῦ
3598 5224 3804 5293 Πατρὸς

1646 5534 1815 5589 Varia:
1848 5536 2105 5589 let-tiones
2146 5534 2351 5590 codicis
2381 5533 2737 5604 Seguieriaui.

619 5690 643 5715 ι
676 5680 932 5744 γεγονώς.
1007 5688 1033 5726 γ
1066 5676 1351 5749 ἁμαρτεῖν.

548 5747 851 5818 θριοπὸτης.
932 5760 951 5786 ο
988 5749 1147 5800 Θεοῦ.

1469 5689 1487 5713 ²
1524 5678 1762 5749 ἀληθῶν,
1795 5680 1883 5731 καὶ
1914 5681 1988 5740 εἰς
2014 5677 2133 5730 Θεὸν
2174 5676 2333 5747 λόγον
2364 5677 2579 5741 ἰᾱκῶς.

2678 5688 2695 5707 ⁸
2720 5678 2803 5729 ἵεν.
2844 5678 2990 5747 ὑμῖν.
3108 5678 3133 5717 ι’
3170 5678 3256 5729 ἴσ.
3291 5677 3480 5747 θεότης
3512 5695 3569 5730 τε
3597 5678 3687 5729 καὶ
3709 5678 3797 5728 ἐν»
