4146 6494
410 430 439 486 1
455 430 552 487 169

1362 431 1452 489 DE
1489 432 1718 491 REETA
1757 434 1915 490 FIDE
1956 435 2049 491 AD
2090 434 2542 494 THEODOSIUM
2579 437 2715 491 IMP.

3527 436 3659 491 H70

406 549 737 624 ἀπορῤήτως
771 551 864 605 καὶ
894 552 1035 623 ὑπὲρ
1067 552 1190 607 νοῦν
1216 554 1538 626 ἀναλάμψας
1562 558 1754 626 Λόγος,
1789 576 1966 629 γεγεν-

2082 569 2219 627 ειυε,
2266 560 2358 631 qui
2392 559 2609 630 quidem
2662 574 2727 613 ex
2767 558 2872 613 Deo
2910 556 3072 612 Patre
3121 557 3361 613 nascitur
3394 567 3453 612 ut
3493 543 3657 625 Deus,

405 642 604 712 νῆσθαι
641 636 858 712 λέγεται
890 645 955 698 ἐκ
996 646 1284 713 γυναικὸς,
1330 651 1743 721 καταφοιτήσας
1783 653 1840 704 ὲν
1891 654 1983 707 ἀν-

406 732 719 805 θρωπότητι
737 774 751 797 ,
780 735 875 789 καὶ
903 735 1093 800 καθεὶς
1122 738 1314 792 ἑαυτὸν
1338 741 1423 803 εἰς
1449 727 1586 813 ὅπερ
1619 743 1719 796 οὑκ
1746 738 1815 814 ἦν
1836 761 1849 774 ·
1885 747 1980 817 οὐχ

406 824 495 879 ἵνα
525 826 684 900 μείνῃ
710 827 1104 898 κεκενωμένος,
1135 828 1251 883 ἀλλ’
1280 830 1367 886 ἵνα
1389 831 1521 896 Θεὸς
1559 829 1694 887 εἶναι
1722 836 1982 907 πιστεύη-

402 935 491 971 ται
517 957 532 982 ,
567 918 662 971 καὶ
690 920 747 972 ὲν
778 919 907 973 εῖδει
934 919 1011 991 τῷ
1056 921 1178 975 καθ’
1223 924 1372 995 ἡμᾶς
1402 926 1660 997 πεφηνὼς
1704 928 1797 982 ἐπὶ
1840 932 1977 999 γῆς,

398 1014 500 1082 οὐχ
524 1012 598 1077 ὡς
626 1015 685 1068 ὲν
708 1014 982 1087 ἀνθρώπῳ
1009 1020 1362 1089 κατοικήσας,
1394 1020 1512 1074 ἀλλ’
1542 1022 1620 1084 ὡς
1646 1023 1805 1087 αὐτὸς
1838 1024 1980 1078 κατά

400 1104 704 1177 ἀλήθεια.νά
751 1107 1040 1179 ἄνθρωπος
1072 1111 1331 1180 γεγονὼς,
1383 1115 1523 1185 μετὰ
1559 1117 1656 1168 τοῦ
1701 1117 1801 1185 τὴν
1839 1117 1976 1174 ἰδίαν

400 1197 785 1253 ἀνασώσασθαι
832 1200 1009 1266 δόξαν.
1061 1203 1171 1255 Καὶ
1211 1203 1340 1272 γοῦν
1371 1207 1399 1258 ὁ
1438 1204 1724 1271 θεσπέσιος
1765 1207 1979 1275 Παῦλος

365 1324 371 1329 ι
399 1289 473 1345 τὰ
500 1290 632 1343 πολῦ
662 1291 760 1361 τῆς
795 1292 1038 1363 ἀλλήλων
1072 1295 1487 1367 ὁμοονσιότητος
1547 1297 1870 1369 διεστηκότα
1918 1318 1979 1354 τε

402 1379 498 1432 καὶ
541 1380 838 1452 ἀμετρήτῳ
864 1383 1100 1455 διαφορᾷ
1141 1385 1593 1457 διεσχοινισμένα,
1641 1387 1873 1459 θεότητά
1917 1407 1978 1443 τε

401 1470 497 1525 καὶ
519 1472 934 1545 ἀνθρωπότητα,
968 1475 1244 1546 συλλέγων
1271 1477 1352 1541 εἰς
1380 1476 1440 1531 ἓν
1471 1479 1850 1549 οἰκονομικῶς,
1884 1482 1978 1535 καὶ

398 1561 459 1629 ἐξ
485 1564 688 1635 ἀμφοῖν
716 1566 806 1619 τὸν
837 1565 932 1618 ἕνα
966 1566 1396 1639 κατασημαίνων
1428 1568 1662 1641 Χριστὸν
1707 1572 1800 1624 καὶ
1849 1571 1978 1627 Υίὸν

399 1656 495 1708 καὶ
519 1655 672 1721 Θεὸν,
730 1675 749 1709 ι
790 1657 1003 1722 Παῦλος
1029 1658 1235 1723 δοῦλος,
1284 1660 1468 1730 φησὶν,
1506 1659 1680 1729 Ἰησοῦ
1714 1663 1974 1732 Χριστοῦ,

398 1746 596 1819 κλητὸς
662 1749 995 1815 ἀπόστολος,
1049 1752 1434 1822 ἀφωρισμένος
1498 1755 1579 1816 εἰς
1643 1755 1975 1823 Εὑαγγέλιον

2084 653 2192 723 22
2222 667 2287 707 ex
2315 667 2469 707 sacra
2501 661 2678 706 autem
2704 648 2923 720 Virgine
2954 658 3012 704 ut
3049 648 3233 705 homo.
3279 648 3490 704 Etenim
3517 648 3659 704 idem

2085 744 2212 799 illud
2260 743 2494 800 Verbum
2543 743 2685 812 quod
2734 740 3100 812 inexplicabili
3142 742 3338 807 modo,
3390 755 3660 810 supraque

2082 850 2298 890 omnem
2350 836 2599 889 humanae
2654 832 2853 888 mentis
2911 841 3129 902 captum
3191 832 3361 887 eluxit
3424 848 3489 888 ex
3549 831 3660 889 Dee

2079 924 2263 992 Patre,
2300 925 2352 981 in
2389 926 2682 981 humanam
2723 933 2971 978 naturam
3008 923 3365 989 descendens,
3412 931 3469 978 et
3507 924 3559 976 in
3604 922 3657 977 id

2082 1004 2229 1090 quod
2263 1035 2374 1077 non
2422 1030 2544 1075 erat
2592 1034 2653 1074 se
2700 1018 3001 1081 dimittens,
3050 1030 3118 1071 ex
3169 1015 3397 1071 muliere
3446 1030 3660 1086 quoque

2082 1112 2282 1169 dicitur
2316 1121 2502 1167 natum
2528 1131 2547 1165 :
2584 1127 2689 1166 non
2738 1126 2847 1181 quo
2883 1117 3129 1165 maneret
3168 1107 3530 1170 exinanitum,
3564 1107 3664 1161 sed

2078 1203 2226 1259 Deus
2273 1218 2395 1259 esse
2430 1203 2775 1267 crederetur,
2812 1210 3100 1271 postquam
3147 1198 3311 1254 etiam
3364 1198 3415 1253 in
3450 1207 3658 1252 natura:

2081 1302 2281 1349 nostra:
2308 1292 2480 1348 forma
2512 1293 2564 1348 iu
2618 1293 2780 1347 terris
2822 1291 3076 1362 apparuit
3114 1308 3127 1345 :
3165 1305 3272 1345 non
3310 1300 3563 1359 tauquam
3610 1290 3658 1345 is

2077 1387 2173 1458 qui
2210 1387 2488 1442 hominem
2523 1386 2820 1452 inhabitet,
2853 1385 2947 1440 sed
2982 1394 3238 1455 tanquam
3286 1385 3333 1440 is
3364 1384 3452 1454 qui
3496 1383 3658 1439 homo

2081 1481 2257 1549 reipsa
2287 1479 2539 1544 exsistat,
2576 1478 2746 1550 gloria
2784 1486 2964 1532 tamen
3004 1492 3100 1532 sua
3141 1491 3363 1547 prorsus
3400 1475 3656 1531 incolumi

2079 1578 2134 1624 et
2159 1569 2330 1623 salva.
2362 1567 2704 1639 QuaprOpter
2734 1568 2950 1622 divinus
2980 1566 3178 1622 Paulus
3214 1567 3573 1631 divinitatem,
3604 1578 3662 1622 et

2079 1662 2517 1726 humanitatem,
2574 1675 2695 1730 quae
2736 1661 2881 1730 quod
2936 1661 3005 1714 ad
3065 1671 3273 1714 naturae
3322 1660 3659 1715 identitatem

2079 1754 2298 1818 attinet,
2334 1752 2650 1822 longissimo
2683 1751 2993 1817 intervallo,
3047 1750 3420 1822 immensoque
3459 1751 3657 1807 discri-

396 1840 556 1907 Θεοῦ,
585 1840 613 1894 ὂ
648 1844 1119 1916 προεπηγγείλατο
1144 1845 1231 1899 διὰ
1255 1844 1364 1899 τῶν
1398 1845 1695 1919 προφητῶν
1724 1846 1890 1900 αὑτοῦ
1917 1848 1966 1900 ἐν

2082 1845 2227 1900 miue
2269 1860 2302 1899 a
2343 1859 2404 1900 se
2450 1851 2637 1898 mutuo
2670 1843 2895 1907 distant,
2942 1842 3344 1911 dispensatione
3393 1842 3447 1896 in
3490 1857 3655 1896 unum

394 1931 641 2004 Γραφαίς
675 1911 862 2003 ἀγίαις
880 1911 1023 2007 *περὶ
1046 1935 1141 1989 τοῦ
1170 1936 1303 1991 Υἱοῦ
1331 1911 1530 2000 αὐτοῦ,
1550 1911 1643 1991 τοῦ
1674 1938 1966 2008 γενομένου

2082 1950 2300 2005 cogens,
2337 1943 2392 1989 et
2424 1949 2491 1990 ex
2534 1934 2794 2002 utrisque
2821 1948 2985 1987 unum
3029 1932 3330 1995 Christum,
3359 1931 3529 1986 Deum
3561 1929 3657 1986 Fin

394 2022 462 2076 ὲκ
508 2022 823 2096 σπέρματος
875 2028 1039 2082 Δασιδ
1079 2028 1223 2082 κατά
1260 2029 1461 2099 σάρκα,
1514 2029 1607 2083 τοῦ
1662 2030 1973 2103 ὁρισθέντος

393 2108 527 2163 Υίοῦ
557 2111 695 2167 Θεοῦ
734 2114 793 2166 ἐν
830 2115 1100 2186 δυνάμει,
1143 2114 1285 2169 κατὰ
1327 2116 1544 2187 πνεῦμα
1574 2118 1909 2189 ἁγιωσύνης.
1945 2138 1963 2170 ι

405 2202 537 2258 Ἰδοὺ
558 2203 623 2275 δὴ
657 2204 846 2275 σαφῶς
871 2207 1182 2278 ἀφωρίσθαι
1210 2208 1375 2278 φησὶν
1399 2208 1589 2262 ἑαυτὸν
1610 2210 1691 2272 εἰς
1722 2209 1969 2278 Εὐαγγέ-

390 2294 506 2350 λιον
525 2296 681 2364 Θεοῦ,
719 2298 899 2353 καίτοι
929 2300 1157 2370 γράφων
1191 2301 1516 2371 ἀναφανδόνο
1554 2320 1572 2353 ι
1603 2304 1677 2356 Οὐ
1704 2302 1813 2375 γὰρ
1843 2305 1969 2356 ἑαν‹

390 2389 518 2451 τοὺς
543 2390 910 2461 κηρύσσομεν,
935 2391 1070 2446 ἀλλὰ
1094 2393 1329 2462 Χριστὸν
1361 2393 1587 2464 Ἰησοῦψ
1618 2414 1636 2447 ι
1667 2396 1762 2450 καὶ
1784 2394 1966 2448 πάλιν·

396 2497 417 2530 ι
452 2480 525 2533 Οὐ
555 2481 664 2551 γὰρ
692 2480 885 2552 ἔκρινά
923 2499 975 2536 τι
1008 2484 1207 2539 εἰδέναι
1235 2484 1292 2539 ἐν
1341 2486 1490 2553 ὑμῖν,
1522 2486 1572 2539 εί
1615 2485 1692 2557 μὴ
1734 2486 1969 2559 Χριστὸν

402 2572 633 2643 Ἰησοῦν,
666 2575 761 2629 καὶ
784 2574 975 2629 τοῦτον
1003 2577 1443 2650 ἐσταυρωμένον.
1476 2597 1495 2631 ι

2078 2025 2210 2082 lium
2246 2035 2503 2082 constare
2548 2024 2867 2091 ostendens,
2898 2025 2971 2078 ita
3005 2023 3084 2079 ait
3118 2042 3133 2079 :
3170 2042 3189 2075 ι
3218 2022 3419 2077 Paulus
3450 2034 3665 2079 'servus

2077 2118 2204 2175 Jesu
2232 2118 2465 2184 Christi,
2485 2128 2712 2173 vocatus
2739 2117 3039 2186 apostolus,
3065 2126 3380 2186 segregatus
3401 2116 3453 2169 in
3480 2114 3657 2169 Evan-

2077 2211 2274 2281 gelium
2332 2209 2446 2276 Dei,
2493 2208 2634 2279 quod
2683 2217 2809 2263 ante
2855 2206 3184 2277 promiserat
3231 2220 3329 2276 per
3365 2207 3659 2276 prophetas

2075 2319 2204 2359 suos
2238 2304 2291 2357 in
2321 2302 2624 2374 Scripturis
2666 2301 2873 2357 sanctis
2909 2301 2975 2356 de
3020 2299 3156 2355 Filio
3189 2314 3311 2363 suo,
3340 2298 3434 2369 qui
3479 2298 3656 2355 factus

2073 2404 2160 2450 est
2209 2395 2257 2449 ei
2314 2409 2383 2450 ex
2430 2395 2640 2450 semine
2692 2392 2863 2447 David
2917 2392 3216 2449 secundum
3272 2407 3515 2455 carnem,
3563 2392 3667 2460 qui

2074 2485 2488 2558 praedestinatus
2520 2495 2605 2540 est
2635 2483 2805 2540 Filius
2833 2483 2927 2539 Dei
2978 2483 3031 2538 in
3078 2482 3302 2547 virtute,
3352 2480 3660 2537 secundum

2074 2578 2331 2648 spiritum
2374 2577 2918 2633 sanctiﬁcationis“.
2956 2596 2976 2629 ι
3030 2576 3173 2632 Ecce
3225 2576 3321 2630 tibi
3361 2584 3548 2645 aperte
3598 2573 3653 2627 in

387 2664 743 2734 Evangelium
792 2666 885 2723 Dei
937 2679 1280 2739 segregatum
1329 2670 1584 2727 aﬂirmat.
1629 2670 1790 2739 Atqui
1842 2670 1967 2727 alibi
2010 2671 2213 2726 diserte
2282 2670 2348 2725 ad
2392 2671 2537 2726 hunc
2586 2670 2804 2726 modum
2852 2670 3086 2726 scribit:
3120 2690 3138 2722 ι
3205 2668 3321 2725 Νοιι
3374 2685 3471 2727 nos
3511 2669 3659 2737 ipsos

389 2757 782 2825 praedicamus,
829 2762 924 2815 sed
968 2763 1158 2818 Jesum
1208 2762 1576 2818 Christum".
1606 2783 1626 2816 ι
1682 2762 1965 2818 Rursum:
2011 2780 2031 2815 ι
2067 2759 2442 2832 Nonjudicavi
2476 2777 2563 2819 me
2588 2762 2795 2833 aliquid
2854 2763 2997 2819 scire
3058 2764 3111 2819 in
3141 2764 3324 2830 vobis,
3348 2762 3652 2818 nisiJesum

396 2849 704 2917 Christum,
727 2864 781 2910 et
800 2855 946 2911 hunc
970 2854 1287 2910 cruciﬁxum
1310 2856 1378 2911 ⁷³.
1417 2876 1436 2908 ι
1464 2904 1475 2913 .

456 2943 606 3010 K6,".
648 2933 775 2999 Υὶὸν
798 2946 856 2999 δὲ
879 2946 1041 3000 αὑτὸν
1086 2948 1363 3018 ὀνομάσας
1394 2945 1554 3013 Θεοῦ,
1584 2949 1681 3001 καὶ
1706 2949 1770 3001 ὲκ
1799 2946 1965 3019 σπέρ-

389 3048 561 3103 ματος
612 3034 708 3088 τοῦ
766 3036 929 3091 Δαὸὶδ
980 3037 1343 3108 γεγεννῆσθαί
1405 3054 1591 3109 φησιν,
1625 3038 1857 3112 ὡρίσθαι
1904 3044 1965 3093 τε

385 3125 781 3198 διισχυρίζεται
810 3128 905 3182 καὶ
934 3130 1013 3193 εἰς
1043 3130 1171 3184 Υἱὸν
1196 3130 1356 3185 Θεοῦ.
1400 3132 1525 3196 Πῶς
1552 3127 1666 3197 οὖν,
1694 3133 1815 3185 εἰπέ
1850 3150 1961 3204 μοι,

2146 2944 2340 3003 XXVI.
2382 2945 2554 3002 Porro
2603 2956 2782 3001 autem
2820 2960 2949 3002 cum
2983 2946 3156 3018 ipsum
3195 2945 3290 3001 Dei
3323 2946 3517 3002 Filium
3552 2965 3651 3002 ne.

2073 3038 2267 3103 tniuet,
2298 3046 2354 3093 et
2396 3039 2462 3092 de
2506 3037 2718 3093 semine
2767 3038 2936 3093 David
2974 3046 3164 3091 natmn
3207 3039 3480 3104 enuntiat,
3514 3050 3570 3094 et
3597 3040 3653 3095 iu

2073 3128 2165 3184 Dei
2228 3129 2423 3183 Filium
2475 3130 2919 3199 praedestinatum
2986 3130 3271 3187 confirmat
3309 3132 3455 3202 :jam
3526 3134 3650 3199 dic,

385 3216 519 3281 Θεὸς
560 3220 589 3272 ὁ
638 3219 705 3272 ὲκ
737 3220 1053 3293 σπέρματος
1080 3223 1291 3293 ἀναφὺς
1338 3222 1432 3277 τοῦ
1478 3225 1678 3292 Δαϐίδ;
1723 3226 1781 3278 Ὁ
1812 3226 1869 3278 δὲ
1900 3226 1965 3297 δὴ

2072 3236 2277 3291 qumso,
2327 3237 2434 3292 qua
2486 3223 2699 3278 ratione
2751 3223 2797 3279 is
2852 3223 2995 3279 Deus
3040 3235 3145 3288 est,
3190 3225 3280 3294 qui
3335 3242 3401 3281 ex
3446 3227 3655 3281 semine

372 3311 482 3364 καὶ
511 3312 618 3383 πρὸ
655 3312 891 3379 αἰώνων,
936 3314 1033 3367 καὶ
1060 3315 1248 3379 ἀῖδίως
1280 3315 1426 3381 Υἱὸς,
1462 3317 1601 3370 καθὸ
1629 3318 1869 3389 πέφηνεν
1901 3320 1966 3373 ὲκ

382 3402 543 3469 Θεοῦ,
572 3403 697 3460 τινα
725 3405 787 3477 δὴ
809 3406 1013 3477 τρόπον
1043 3408 1121 3471 εἰς
1143 3408 1273 3461 Υἰὸν
1292 3406 1499 3479 ὡρίσθη
1533 3409 1691 3475 Θεοῦ,
1712 3410 1966 3482 καθάπερ

383 3496 464 3561 είς
507 3496 725 3567 ἀρχὰςο
757 3497 854 3552 τοῦ
888 3500 1189 3569 ὑφεστάναι
1240 3498 1635 3570 παρενεχθείς;
1676 3500 1821 3569 Ἔφη
1856 3502 1966 3573 γὰρ

381 3586 546 3652 αὐτὸς
567 3589 695 3659 περὶ
725 3589 918 3644 ἑαυτοῦ
939 3606 952 3619 ⁸
983 3609 1001 3643 ι
1026 3586 1162 3645 Εῐπε
1185 3591 1390 3660 Κύριος
1418 3590 1555 3662 πρός
1587 3607 1677 3662 με·
1708 3592 1837 3657 Υἱός
1862 3609 1964 3663 μου

380 3673 438 3730 εἷ
482 3678 570 3745 σὺ,
617 3677 731 3747 ἐγὼ
779 3680 1022 3753 σήμερον
1064 3681 1373 3752 γεγέννηκά
1413 3697 1495 3734 σε.
1540 3700 1558 3733 ι
1609 3680 1785 3734 καίτοι
1829 3681 1962 3747 τοῦ,

383 3768 671 3840 σήμερον,
701 3772 910 3836 ἀείπως
936 3774 1070 3844 ἡμῖν
1096 3773 1194 3844 οὐχ
1212 3773 1300 3826 ’ὃτι
1330 3773 1422 3826 τὸν
1452 3773 1849 3843 παρῳχηκότα,
1872 3773 1965 3827 τὸν

382 3862 657 3917 ἐνεστῶτα
684 3863 741 3917 δὲ
774 3864 975 3934 μᾶλλον
995 3865 1434 3939 καταδηλοῦντος
1462 3867 1676 3937 καιρόν.
1714 3868 1859 3921 Βαθὺ
1898 3868 1959 3921 τὸ

386 3956 704 4027 μυστήριον,
752 3957 893 4011 ἀλλὰ
937 3960 1050 4022 τοῖς
1101 3960 1199 4029 μὲν
1245 3958 1350 4013 ἀνὰ
1400 3959 1565 4033 μέρος
1613 3958 1810 4012 τιθεῖσι
1867 3959 1963 4013 καὶ

378 4047 674 4120 διορίζουσι
700 4048 1023 4119 δυσέφικτόν
1047 4067 1106 4103 τε
1131 4051 1228 4116 καὶ
1255 4050 1461 4122 ἄπορον
1485 4050 1724 4122 ἀληθῶς.
1752 4050 1877 4114 Τοῖς
1898 4067 1962 4119 γε

383 4141 496 4214 μὴν
544 4142 626 4207 είς
679 4143 910 4214 ἑνότητα
956 4144 1396 4214 κατασφίγγουσι
1446 4145 1537 4199 τὸν
1589 4146 1960 4216 Ἐμμανουήλ,

320 4302 321 4305 η
374 4233 551 4303 λὲγγύς
577 4251 639 4287 τε
672 4234 814 4288 ἑλεῖν
866 4234 966 4289 καὶ
1011 4236 1336 4306 ἑτοιμοτάτη
1385 4234 1506 4289 λίαν
1555 4237 1589 4307 ή
1640 4236 1749 4288 τῶν
1802 4236 1963 4304 ἱερῶν

377 4326 665 4397 δογμάτων
695 4326 1078 4398 ἀκιόδήλευτος
1128 4325 1349 4394 γνῶσις.
1386 4327 1445 4379 '0
1475 4325 1587 4397 γάρ
1616 4326 1694 4396 τῷ
1727 4326 1963 4395 φύσαντι

380 4415 673 4479 ωναῖδιος,
698 4415 795 4469 καὶ
819 4416 926 4487 πρὸ
954 4416 1154 4481 παντὸς
1184 4415 1381 4481 αἰῶνος
1402 4416 1548 4481 Υἱὸς,
1571 4416 1761 4487 ἐπειδὴ
1787 4434 1963 4470 κατα--

382 4506 616 4578 βέϐηκεν
649 4508 730 4570 εξς
758 4506 856 4579 τὴν
890 4507 1182 4580 ἀνθρώπου
1219 4507 1405 4577 φύσιν,
1435 4508 1536 4561 οὐκ
1586 4508 1960 4579 ἀπολισθήσας

2071 3312 2242 3369 David
2281 3323 2441 3371 natus
2469 3316 2593 3371 est?
2623 3315 2884 3383 Rursum,
2917 3332 3074 3386 quem
3112 3327 3240 3373 ante
3266 3319 3460 3373 smcula
3493 3319 3654 3374 Pater

2069 3405 2169 3462 sibi
2212 3414 2540 3462 comteruum
2580 3408 2795 3478 genuit,
2849 3424 3083 3478 quonam
3135 3421 3296 3480 pacto
3337 3411 3508 3467 Filius
3557 3412 3649 3468 Dei

2068 3498 2490 3567 praedestinatus
2542 3510 2648 3565 est,
2696 3502 2921 3570 perinde
2970 3502 3184 3558 scilicet
3227 3503 3383 3572 quasi
3435 3504 3649 3558 initium

2067 3589 2398 3644 subsisteudi
2446 3592 2764 3659 acciperet?
2797 3594 2910 3661 ipse
2946 3610 3179 3663 namque
3214 3594 3283 3649 de
3316 3596 3495 3664 seipse
3527 3595 3603 3649 ait
3634 3614 3655 3650 :-

2074 3695 2095 3731 ι
2126 3677 2389 3733 Dominus
2437 3680 2575 3733 dixit
2618 3683 2685 3735 ad
2729 3696 2853 3736 me:
2890 3681 3060 3739 Filius
3102 3699 3252 3738 meus
3312 3700 3373 3739 es
3429 3696 3504 3749 tu,
3551 3702 3650 3754 ego

2068 3770 2228 3824 hodie
2256 3772 2414 3840 genui
2444 3780 2494 3825 te
2516 3770 2585 3830 ⁷⁸⁵.
2621 3790 2639 3823 ι
2676 3772 2820 3827 Sane
2846 3789 2971 3828 cum
3002 3775 3266 3843 particula
3306 3776 3440 3842 haec,
3469 3777 3643 3839 hodie,

2067 3876 2304 3930 praesens
2338 3861 2452 3916 fere
2485 3876 2705 3931 semper
2753 3879 3027 3934 nunquam
3068 3866 3399 3936 prmteritum
3439 3877 3649 3937 tempus

2067 3954 2307 4018 denotet,
2339 3953 2665 4022 profundum
2693 3954 2912 4027 aliquod
2937 3961 3262 4030 mysterium
3295 3961 3379 4015 hic
3411 3960 3647 4015 insinua-

2068 4053 2174 4110 tur,
2205 4045 2300 4100 sed
2338 4046 2404 4100 iis
2440 4046 2534 4116 qui
2571 4049 2814 4104 sectione
2845 4050 3064 4105 inducta
3102 4065 3350 4106 seorsum
3386 4052 3641 4107 conside-

2065 4146 2188 4191 rant
2224 4146 2277 4191 ct
2305 4137 2598 4194 collocant.
2632 4139 2768 4194 Nam
2798 4142 2891 4211 qui
2918 4140 3326 4197 Emmanuclem
3362 4144 3428 4197 ad
3464 4145 3648 4197 unita-

2069 4237 2174 4282 tem
2205 4238 2485 4298 revocant,
2519 4231 2584 4287 iis
2630 4240 2688 4286 et
2735 4233 2837 4288 hoc
2880 4233 3080 4303 ipsum,
3123 4243 3176 4289 et
3204 4244 3401 4289 caetera
3441 4235 3642 4302 omnia,

2065 4336 2184 4390 quae
2214 4322 2280 4377 ad
2322 4324 2590 4378 sinceram
2622 4340 2905 4380 sacrorum
2934 4327 3243 4396 dogmatum
3282 4327 3643 4396 cognitionem

2064 4414 2361 4484 pertinent,
2422 4428 2550 4472 sunt
2601 4417 2778 4479 obvia,
2835 4425 3102 4488 captuque
3142 4418 3424 4475 facillima.
3476 4420 3645 4476 Filius

2064 4504 2272 4576 itaque,
2310 4507 2399 4575 qui
2432 4507 2716 4578 generauti
2757 4506 2905 4564 Patri
2939 4519 3243 4566 coaeternus
3282 4520 3389 4577 est,
3421 4521 3475 4568 et
3519 4523 3646 4567 aute
3714 4554 3715 4557 η

378 4597 474 4650 τοῦ
515 4594 655 4652 εἶναι
683 4597 839 4662 Θεὸς,
863 4598 1192 4671 προσλαϐὼν
1217 4599 1281 4652 τὸ
1310 4597 1674 4669 ἀνθρώπινον,
1707 4601 1867 4659 νοοῖτ’
1890 4599 1957 4656 ἂν

2071 4596 2307 4652 omnium
2345 4597 2666 4653 saeculorum
2710 4607 2927 4654 aetatem
2960 4598 3265 4656 subsistens
3297 4610 3400 4665 est,
3429 4612 3646 4670 postea-

379 4689 605 4753 εἰκότως
634 4689 733 4743 καλ
770 4692 837 4743 ὲκ
876 4692 1191 4761 σπέρματος
1229 4688 1589 4759 γεγεννῆσθαι
1618 4688 1785 4742 Δαὸὶδ
1806 4727 1821 4753 ,
1862 4690 1956 4744 καὶ

378 4779 653 4854 νεωτάτην
679 4783 824 4853 ἔχειν
865 4784 964 4855 τὴν
995 4785 1052 4838 ὲν
1084 4784 1463 4856 ἀνθρωπότητι
1492 4784 1744 4855 γέννησιν
1762 4784 1781 4823 ί
1804 4802 1818 4818 ·
1850 4784 1958 4837 ὦσ-

377 4891 440 4927 τε
464 4875 610 4928 οὐκΙς
642 4874 923 4947 ἀλλότριον
970 4876 1136 4930 αὑτοῦ
1178 4876 1238 4929 τὸ
1276 4877 1641 4948 προσληφθέν,
1676 4876 1790 4931 ἀλλ’
1827 4876 1957 4931 ἴδιον

378 4967 615 5039 ἀληθῶς.
670 4968 995 5037 Λελόγισται
1039 4969 1329 5039 τοιγαροῦν
1358 4970 1433 5034 ὡς
1481 4970 1538 5022 ἓν
1580 4969 1716 5040 πρὸς
1767 4969 1952 5035 αὑτὸν,

376 5058 631 5129 καθάπερ
663 5057 854 5128 ἀμέλει
884 5057 980 5113 καὶ
1015 5056 1116 5128 τὴν
1143 5058 1486 5130 ἀνθρωπείαν
1508 5060 1755 5113 σύνθεσιν
1780 5077 1953 5113 κατα-

377 5147 556 5219 θρήσῃ
598 5165 682 5211 τις
720 5149 812 5202 ἄν’
859 5149 1274 5219 συμπέκλεκται
1316 5151 1426 5222 γὰρ
1459 5150 1516 5217 ἐξ
1547 5153 1815 5222 ἀνομοίων
1855 5151 1954 5222 τὴν

376 5240 562 5307 φύσιν,
606 5241 785 5312 ψυχῆς
814 5242 901 5314 δὴ,
933 5242 1098 5311 λέγω,
1134 5244 1231 5296 καὶ
1276 5243 1528 5316 σώματος
1550 5260 1563 5274 ·
1603 5246 1717 5299 ἀλλ’
1748 5242 1840 5301 οὖν
1874 5242 1955 5311 εἷς

376 5329 583 5381 νοεῖται
610 5327 669 5381 τὸ
700 5331 1112 5402 συναμφότερον
1153 5330 1471 5404 ἄνθρωπος·
1518 5333 1595 5397 ὡς
1628 5334 1736 5387 ἀπὸ
1780 5338 1951 5407 μόνης

378 5416 481 5487 μέν
507 5417 608 5488 τῆς
637 5419 839 5491 σαρκὸς
876 5420 996 5474 ὅλον
1021 5421 1133 5475 ἐσθ’
1152 5422 1239 5475 ὅτε
1267 5424 1687 5495 κατωνομάσθαι
1710 5424 1772 5477 τὸ
1789 5425 1949 5489 ζῶον,

448 5544 714 5629 “'Rom.
750 5591 789 5640 ι,
826 5577 932 5635 Ιοιι.
1008 5579 1052 5612 "'
1093 5578 1111 5634 ι
1144 5580 1269 5635 Cor.
1305 5596 1378 5647 ιν,
1408 5581 1463 5635 5.
1538 5582 1585 5614 ⁷³
1624 5582 1642 5637 i
1676 5582 1799 5641 Cor.
1836 5601 1895 5653 tt,
1935 5586 1992 5641 2.

2059 4700 2222 4758 quam
2258 4687 2545 4743 divinitate
2597 4704 2706 4745 non
2753 4690 2977 4757 amissa,
3045 4690 3139 4746 sed
3173 4691 3514 4748 humanitate
3558 4707 3646 4747 as—

2061 4789 2296 4850 sumpta,
2365 4782 2421 4836 in
2480 4781 2718 4837 hominis
2762 4783 2869 4857 23
2914 4792 3167 4838 naturam
3238 4797 3358 4839 sese
3404 4784 3641 4850 dimisit;

2062 4873 2371 4943 meritoque
2400 4882 2456 4929 et
2489 4888 2558 4929 ex
2593 4872 2764 4930 David
2808 4890 3024 4945 quoque
3065 4875 3275 4931 semine
3302 4875 3640 4945 progenitus.

2062 4976 2119 5022 et
2160 4967 2358 5037 Oppido
2415 4982 2606 5024 recens
2657 4976 2818 5023 natus
2876 4968 3213 5022 humanitate
3263 4968 3640 5037 praedicatur:

2065 5061 2268 5131 quippe
2304 5077 2425 5117 cum
2464 5062 2518 5117 id
2561 5062 2706 5132 quod
2740 5062 3058 5131 assumpsit,
3105 5060 3173 5115 ab
3202 5076 3269 5117 eo
3299 5060 3446 5117 nullo
3482 5064 3644 5117 modo

2062 5151 2299 5207 alienum
2332 5155 2426 5210 sed
2459 5168 2588 5209 vere
2622 5153 2767 5209 illius
2802 5154 3083 5225 proprium
3118 5154 3190 5210 sit
3223 5173 3237 5210 :
3274 5171 3445 5226 quare
3471 5172 3639 5211 unum

2064 5254 2318 5303 censetur
2352 5262 2473 5303 cum
2510 5248 2649 5319 ipso.
2677 5247 3147 5316 Quemadmodum
3177 5249 3413 5321 exempli
3454 5265 3639 5317 causa,

2062 5338 2118 5393 in
2152 5340 2388 5396 hominis
2437 5356 2651 5412 quoque
2689 5341 3079 5412 compositione
3115 5342 3366 5399 accidere
3398 5342 3641 5397 animad-

2058 5429 2351 5497 vertimus;
2385 5431 2430 5487 is
2465 5431 2668 5489 etenim
2701 5446 2765 5489 ex
2795 5432 2977 5491 anima
3013 5441 3067 5491 et
3096 5447 3355 5506 corpore,
3390 5433 3640 5502 partibus

2074 5586 2122 5619 ⁷³
2160 5587 2303 5651 Psal.
2333 5603 2391 5657 ιι,
2421 5590 2474 5648 7.

1485 5738 1654 5795 Varia:
1691 5739 1949 5796 lectiones
2001 5745 2203 5803 codicis
2240 5746 2597 5819 Seguicriani.

453 5856 482 5901 (1
513 5858 649 5914 κατά
674 5861 851 5932 φύσιν.
935 5878 954 5903 σε
988 5866 1183 5938 ἀρχὴν.
1268 5870 1285 5907 ί
1317 5870 1546 5939 γὲν;τιν.
1626 5881 1649 5917 ε
1689 5874 1799 5925 ἔστι

1827 5872 1879 5926 δὲ
1905 5875 2023 5933 οὐκ.
