4146 6470
603 357 732 415 1171

1585 374 1643 428 S.
1682 374 1958 434 CYRlLLl
1995 380 2462 444 ALEXANDRINI
2502 389 2823 454 ARClllEl‘.

3702 416 3841 474 “7'2

596 476 782 545 utique
829 478 1123 533 secundum
1161 490 1411 540 naturam
1457 485 1834 559 dissimilibus,
1886 498 2138 554 constitui

599 577 717 599 Iuno
775 580 1007 599 nllus-ann
1063 574 1203 599 ιιι-,ιλ
1260 591 1319 599 Α..
1375 587 1596 599 _-a_.-_,._
1882 586 1937 599 an,

2270 503 2447 576 ψυχῆς
2478 507 2536 599 δὲ
2582 510 2978 587 ὠνομασμένης
3024 523 3262 578 νοεῖσθαι
3305 523 3369 579 «ut
3410 528 3838 599 συναμφότερον.

599 577 719 633 tur;
772 580 1007 625 attamen
1060 574 1203 642 quod
1256 591 1323 632 ex
1375 587 1604 650 utroque
1666 586 1979 655 concredit,
2027 606 2165 647 unus

599 659 763 713 homo
808 671 1135 732 reputatur;
1174 675 1227 720 et
1277 671 1730 736 quemadmodum
1778 689 1808 728 a
1850 677 1963 732 sola
1999 694 2166 735 carne

599 754 771 799 totum
831 747 1101 804 interdum
1154 753 1354 809 animal
1406 757 1813 832 denominatur;
1866 778 1921 821 et
1984 770 2162 824 anima

595 849 809 892 rursum
862 841 1155 911 nominata,
1197 845 1247 900 id
1299 849 1439 917 quod
1491 865 1555 905 ex
1601 861 1830 924 utroque
1871 858 2164 917 conﬂatum

594 941 698 996 est,
727 948 831 988 non
864 934 1230 1005 iulrequenter
1249 940 1562 1012 intelligitur
1596 948 1697 1002 :ad
1759 954 2007 1007 eumdem

596 1021 789 1085 νὶοηάσ
823 1032 967 1079 sunt.
1001 1024 1151 1083 Unus
1190 1038 1273 1085 est
1309 1030 1451 1085 enim
1489 1032 1682 1102 Filius,
1717 1052 1856 1095 unus
1898 1021 2156 1103 Dominus

595 1113 756 1167 homo
789 1116 1058 1185 apparuit.

664 1208 879 1266 XXVII.
918 1212 985 1273 Et
1024 1215 1273 1285 quamvis
1308 1218 1450 1275 idem
1488 1219 1576 1277 ille
1615 1223 1941 1296 Redemptor
1974 1239 2160 1288 noster

592 1393 928 1452 conditiones
960 1397 1234 1455 interdum
1282 1401 1437 1459 nobis
1477 1404 1811 1475 insinuetur,
1847 1425 1951 1466 non
1998 1414 2067 1469 ob
2104 1413 2159 1469 id

592 1494 772 1540 tamen
822 1487 1107 1545 Dominum
1164 1492 1253 1561 qui
1309 1509 1407 1551 nos
1460 1497 1714 1563 redemit,
1771 1500 2156 1560 inﬁciahimur.

590 1574 804 1632 Judzeos
835 1594 966 1641 sane
988 1580 1241 1643 Chrisuts
1266 1584 1529 1641 Dominus
1563 1590 1634 1643 ita
1666 1590 2001 1661 alloquitur:
2039 1614 2056 1646 ι
2100 1593 2158 1651 Si

592 1669 682 1725 lilii
734 1670 966 1727 Abrahae
1015 1674 1184 1741 estis,
1236 1692 1401 1747 opera
1459 1680 1695 1737 Abrahae
1739 1683 1904 1738 facite
1956 1702 1970 1737 :
2018 1701 2161 1743 nunc

589 1771 767 1821 autem
801 1764 1041 1831 quaeritis
1062 1782 1147 1822 me
1180 1767 1489 1827 interﬁcere
1518 1773 1813 1842 hominem,
1841 1777 1934 1847 qui
1960 1777 2161 1832 verita-

592 1862 697 1907 tem
758 1854 910 1909 vobis
968 1855 1179 1914 locutus
1235 1875 1352 1917 sum
1397 1880 1410 1916 :
1457 1862 1561 1925 hoc
1600 1844 1877 1929 Abraham
1926 1884 2030 1926 non
2076 1868 2156 1927 ie-
2189 1844 2231 1899 Β

591 1946 749 1999 cit".
778 1965 799 1998 ι
856 1946 1059 2005 Scribit
1106 1951 1172 2007 de
1223 1968 1289 2009 eo
1332 1953 1531 2012 Paulus
1579 1974 1793 2029 quoque
1832 1979 1846 2017 :
1898 1962 2048 2030 «Qui
2102 1964 2156 2020 in

589 2034 779 2094 diebus
845 2042 1027 2096 carnis
1090 2058 1199 2098 sua:
1257 2060 1448 2115 preces
1516 2050 2042 2124 supplicationesque
2092 2056 2158 2110 ad

588 2143 734 2195 curri,
764 2130 851 2200 qui
899 2135 1069 2203 possit
1100 2136 1250 2193 illum
1278 2140 1488 2196 salvum
1524 2142 1705 2200 facere
1738 2158 1769 2199 a
1812 2155 2006 2213 morte,
2036 2163 2156 2202 cum

477 2292 481 2295 γ
588 2219 827 2282 clamore
864 2223 1042 2281 valido
1077 2236 1132 2281 et
1178 2227 1436 2301 lacrymis
1466 2231 1721 2301 offerens,
1751 2237 2035 2299 exauditus
2074 2246 2158 2293 est

586 2324 685 2379 pro
736 2327 834 2373 sua
897 2319 1252 2377 reverentia:
1285 2332 1338 2377 et
1383 2324 1599 2394 quidem
1634 2341 1758 2381 cum
1805 2340 1949 2385 esset
1989 2332 2157 2388 Filius

588 2400 707 2467 Dei,
738 2404 925 2461 didicit
954 2423 1018 2463 ex
1051 2410 1136 2467 his
1163 2429 1281 2482 quae
1312 2430 1502 2484 passus
1534 2419 2003 2477 estobedientiam
2028 2422 2093 2477 ⁷⁸.
2129 2443 2148 2477 ι

586 2490 837 2565 Nunquid
880 2512 1009 2571 ergo
1042 2502 1184 2557 hunc
1210 2504 1381 2575 ipsum
1420 2506 1693 2564 Christum
1747 2512 2018 2569 hominem
2048 2530 2152 2569 nu-

586 2588 711 2639 dum
746 2590 957 2645 caeteris
978 2592 1120 2648 nulla
1153 2608 1216 2650 ex
1252 2605 1404 2664 parte
1439 2599 1874 2658 excellentiorem
1906 2606 2155 2661 censebi-

587 2677 744 2731 mus?
771 2680 951 2736 Absit!
998 2684 1225 2752 ltursns,
1261 2688 1425 2744 Deine
1450 2691 1771 2762 sapientiam
1805 2703 1861 2752 et
1896 2695 2151 2754 virtutem

587 2768 639 2821 in
666 2784 784 2824 eam
817 2787 875 2827 se
907 2773 1276 2834 inﬁrmitatem
1307 2779 1571 2847 abjecisse
1597 2784 1865 2853 dabimus,
1900 2798 1959 2843 ut
2002 2804 2150 2845 mor-

583 2870 690 2915 tem
732 2864 1085 2937 extimuerit,
1139 2878 1193 2926 et
1240 2886 1269 2926 a
1324 2871 1485 2931 Patre
1540 2876 1739 2933 salvari
1792 2882 2152 2952 expetiverit?

781 2957 833 3010 id
879 2957 1283 3018 Emmanuelem
1335 2966 1499 3022 vitam
1552 2970 1848 3026 secundum
1900 2983 2149 3029 naturam

580 3057 702 3099 esse
747 3047 957 3114 inﬁcias
1000 3051 1233 3110 ibimus?
1264 3059 1342 3111 An
1387 3074 1491 3114 non
1531 3060 1709 3129 potius
1732 3063 1798 3118 ad
1839 3063 2149 3120 humanita-

580 3144 709 3201 tem,
767 3148 821 3193 et
881 3151 1080 3200 nostrae
1133 3157 1341 3204 naturae
1388 3150 1769 3220 humilitatem,
1819 3170 2149 3227 qumcunque

580 3225 799 3288 humilia
843 3233 911 3287 de
959 3234 1076 3306 ipso
1116 3238 1390 3307 dicuntur,
1442 3242 1760 3313 referentes,
1807 3225 2151 3303 laudabiliter

583 3335 679 3381 uos
703 3336 975 3391 geremus,
1012 3328 1057 3383 si
1090 3344 1157 3395 ex
1192 3330 1277 3395 iis,
1322 3333 1517 3402 quibus
1552 3334 1699 3391 Deus
1724 3351 1845 3393 esse
1876 3338 2150 3409 dignosci-

582 3421 707 3477 tur,
774 3430 1041 3481 summam
1112 3421 1283 3491 ipsius
1342 3423 1681 3493 majestatcm
1750 3441 2151 3497 agnoscamus,

582 3503 830 3567 eumdem
876 3507 1049 3576 ipsum
1080 3509 1250 3575 Deum
1299 3515 1506 3583 pariter
1554 3525 1607 3572 et
1646 3516 1943 3580 hominem.
1980 3519 2148 3575 Deum

580 3594 829 3651 videlicet
856 3597 1209 3667 humanatum
1243 3618 1364 3659 esse
1400 3607 1797 3678 iutelligentes?
1824 3610 1936 3683 24
1963 3610 2067 3667 Sed
2096 3612 2148 3667 in

582 3686 819 3745 medium
856 3691 1082 3763 prodeat
1115 3695 1532 3764 probatissimus
1562 3699 1652 3755 ille
1688 3703 1967 3772 apostolus
2009 3704 2151 3760 Pau-

583 3777 689 3843 lus,
714 3780 805 3851 qui
837 3781 977 3849 elata
1004 3799 1138 3841 voce
1171 3786 1225 3841 in
1248 3786 1363 3843 hinc
1387 3789 1548 3849 verba
1574 3793 1927 3851 concionatur
1952 3814 1965 3850 :
1998 3815 2018 3849 ι
2051 3797 2148 3853 ετ.-

581 3870 837 3938 pientiam
858 3872 1131 3953 loquimur
1164 3878 1305 3944 inter
1327 3882 1636 3953 perfectos:
1666 3887 1987 3957 sapientiam
2020 3904 2149 3946 vero

581 3975 690 4024 non
735 3963 897 4032 hujus
947 3968 1151 4036 szeculi,
1185 3985 1361 4040 neque
1395 3974 1701 4046 principum
1734 3978 1895 4050 hujus
1939 3981 2146 4050 seculi,

578 4054 670 4124 qui
723 4055 1081 4118 destruuntur
1109 4080 1123 4117 :
1156 4061 1251 4117 sed
1298 4063 1568 4136 loquimur
1603 4069 1711 4147 Dei.
1744 4072 2062 4142 sapientiam
2094 4074 2147 4130 in

579 4148 860 4225 mysterio,
895 4165 1017 4221 quae
1057 4153 1373 4228 abscondita
1412 4169 1515 4227 est,
1550 4176 1713 4231 quam
1748 4165 2150 4233 prmdestinavit

579 4240 722 4297 Deus
748 4251 875 4311 ante
914 4246 1111 4301 sazcula
1158 4248 1213 4308 in
1241 4250 1465 4320 gloriam
1496 4263 1759 4323 nostram,
1793 4271 1951 4325 quam
1989 4273 2148 4315 nemo

576 4332 881 4404 principum
907 4335 1069 4407 hujus
1090 4341 1273 4400 smculi
1305 4344 1573 4413 cognovit.
1599 4343 1656 4400 Si
1680 4347 1827 4409 enim
1859 4350 2148 4421 cognovis-

580 4435 722 4491 sent,
755 4441 1032 4497 nunquam
1071 4428 1354 4488 Dominum
1384 4434 1567 4505 gloria:
1600 4438 2003 4504 cruciﬁxisseut
2024 4444 2092 4497 ⁷⁷.
2122 4463 2141 4495 ι

582 4516 650 4571 Et
690 4519 799 4576 alio
840 4538 1051 4583 rursum
1090 4524 1252 4583 loco:
1287 4546 1305 4585 ι
1338 4529 1438 4597 Qui
1469 4546 1591 4586 cum
1627 4534 1700 4587 sit
1743 4534 1996 4605 splendor
2026 4537 2143 4607 glo-
2178 4527 2221 4582 Ῐ)

579 4608 698 4681 τίω,
741 4620 796 4666 et
834 4614 1001 4685 ﬁgura
1046 4616 1367 4681 substantiae
1414 4621 1552 4692 ejus,
1583 4633 1917 4695 portansque
1965 4629 2145 4683 omnia

574 4702 741 4759 verbo
769 4704 988 4763 virtutis
1012 4723 1122 4764 suae
1143 4712 1518 4781 purgationem
1546 4726 1894 4785 peccatorum
1922 4719 2147 4785 faciens.

573 4796 727 4860 sedet
767 4812 795 4851 a
835 4798 1078 4856 dexteris
1122 4802 1425 4873 maiestatis
1468 4807 1519 4861 in
1552 4809 1815 4875 excelsis;
1855 4820 2002 4867 tanto
2036 4828 2147 4867 me-

574 4885 677 4949 lior
731 4891 939 4960 angelis
994 4891 1255 4959 eﬁ'ectus,
1303 4907 1506 4968 quanto
1560 4900 1897 4959 diﬂ'erentius
1948 4922 2143 4963 nomen

571 4993 686 5049 pra:
714 4979 820 5036 illis
850 4983 1188 5040 haereditavit
1212 4988 1279 5053 ’⁸.
1316 5007 1335 5040 ι
1373 4990 1534 5060 Atqui
1565 4993 1748 5062 gloria:
1775 4996 2056 5054 Dominum
2090 5009 2145 5057 et

570 5079 695 5121 esse
723 5076 779 5122 et
812 5071 1102 5140 nominari,
1138 5089 1315 5140 nonne
1358 5076 1623 5141 immenso
1654 5084 1831 5152 spatio
1879 5084 1930 5138 id
1983 5102 2144 5142 omne

574 5166 698 5223 post
735 5174 794 5215 se
822 5160 1101 5233 relinquit,
1142 5166 1287 5237 quod
1324 5181 1568 5224 creatqu
1616 5180 1671 5227 et
1705 5175 1980 5240 conditum
2023 5180 2145 5233 est?

572 5245 724 5303 Mitto
754 5249 987 5306 humana
1019 5254 1166 5325 (sunt
1192 5258 1333 5313 enim
1366 5259 1554 5317 isthmc
1577 5266 1758 5333 tenuia
1804 5267 2137 5341 admodum),

570 5354 772 5405 annon,
803 5341 1055 5411 obsecro,
1096 5348 1294 5417 quivis,
1328 5352 1487 5410 modo
1521 5353 1736 5422 ingenio
1774 5367 1827 5411 et
1876 5359 2142 5429 sapientia

568 5429 787 5498 polleat,
831 5434 946 5489 sive
979 5436 1216 5507 Angelos
1264 5444 1567 5511 nominare,
1617 5446 1731 5502 sive
1774 5448 2140 5521 Priucipatus,

568 5520 841 5591 Thronos,
878 5527 1287 5590 Domiuationes
1332 5550 1674 5605 percensere,
1718 5547 1773 5601 ει
1816 5550 1875 5596 ιιι
1910 5520 2142 5613 amplius

569 5613 699 5681 quid
733 5615 931 5685 dicam,
963 5620 1077 5677 sive
1105 5638 1347 5682 summos
1380 5625 1706 5698 Seraphicos
1733 5632 1962 5702 spiritus
1990 5651 2140 5691 com-

2271 595 2427 673 Ιςατά
2455 597 2548 652 τὸν
2576 600 2689 656 ἴσον
2714 605 2821 675 ἀρα
2846 609 3046 679 τρόπον
3087 613 3183 668 καὶ
3215 616 3301 669 ἐπ’
3334 616 3497 671 αὐτοῦ
3527 595 3841 689 παραδέξω-

2271 686 2414 754 μεθα
2464 690 2558 744 τοῦ
2604 694 2865 764 Χριστοῦ.
2897 695 2991 766 Εἷς
3017 702 3126 775 γὰρ
3172 707 3335 773 Υἱὸς,
3385 711 3479 764 καὶ
3521 686 3839 781 εἷς’Κύριος

2280 776 2489 847 Ἰησοῦς
2523 784 2792 855 Χριστὸς,
2838 792 2931 845 καὶ
2952 795 3057 866 πρὸ
3090 800 3310 868 σαρκὸς,
3346 803 3437 856 καὶ
3463 804 3554 857 ὅτε
3595 776 3838 877 πέφηνεν

2268 870 2365 925 ἄνθ
2372 891 2574 944 ρωπος.

2070 956 2504 1056 plane_modum,
2559 986 2680 1041 quae
2726 977 2793 1031 de
2830 976 3048 1039 Christo
3097 999 3313 1056 quoque
3365 986 3644 1053 dicuntur,
3691 987 3835 1043 acci-

2225 1048 2381 1109 Jesus
2426 1055 2700 1131 Christus,
2751 1076 2808 1122 et
2863 1079 2993 1127 ante
3045 1048 3291 1144 carnem,
3341 1086 3399 1134 et
3477 1048 3831 1150 posteaquam

2669 1255 2759 1310 τὸν
2809 1258 3159 1330 ἀγοράσαντα
3203 1263 3352 1335 ἡμᾶς
3402 1264 3684 1336 Δεσπότην
3730 1266 3831 1320 οὐκ

2645 1389 2660 1411 ,
2701 1348 2802 1402 κᾶν
2832 1352 2880 1404 εί
2905 1352 2994 1406 διὰ
3020 1354 3130 1407 τῶν
3158 1355 3515 1427 ἀνθρωπίνων
3551 1359 3706 1428 ἡμῖν,
3738 1360 3830 1413 καὶ

2262 1433 2327 1486 ὲκ
2351 1434 2459 1489 τῶν
2476 1440 2576 1507 τῆς
2601 1440 2883 1506 κενώσεως
2925 1443 3158 1517 μέτρων,
3190 1445 3301 1500 ἔσθ’
3338 1449 3429 1502 ὅτε
3477 1450 3829 1519 aequanimi-

2260 1543 2439 1597 νηται.
2481 1529 2755 1598 Ἰουδαίοις
2787 1535 2885 1605 μὲν
2918 1536 3019 1608 ἔφη
3048 1538 3367 1608 προσλαλῶν
3386 1542 3415 1593 ό
3441 1540 3645 1611 Κύριος
3673 1541 3829 1611 ημῶν

2275 1619 2482 1690 Ἰησοῦς
2511 1623 2777 1694 Χριστός·
2818 1646 2835 1678 ι
2876 1629 2936 1681 El
2973 1629 3139 1684 τέκνα
3166 1630 3260 1684 τοῦ
3302 1631 3553 1702 Ἀϐραὰμ
3595 1628 3724 1703 ἦτε,
3762 1634 3829 1686 τά

2262 1708 2399 1781 ἔργα
2435 1712 2530 1766 τοῦ
2574 1715 2823 1787 ’Δὸραὰμ
2853 1719 3087 1773 ἐποιεῖτε
3132 1721 3231 1776 ἀν·
3281 1722 3376 1777 νῦν
3421 1723 3477 1776 δέ
3509 1723 3723 1793 ζητεῖτὲ
3761 1741 3826 1793 με

2262 1802 2606 1871 ἀποκτεῖναι,
2642 1807 2947 1879 ἄνθρωπον,
2994 1810 3053 1875 ὃς
3079 1812 3179 1883 τὴν
3203 1813 3460 1885 ἀλήθειαν
3500 1815 3631 1885 ὑμῖν
3672 1814 3828 1867 λελά-

2261 1894 2433 1966 ληκα’
2464 1897 2626 1952 τοῦτο
2661 1899 2914 1972 Ἀϐραὰμ
2939 1902 3040 1956 οὐκ
3080 1903 3324 1974 ἐποίησε.
3360 1924 3379 1957 ι
3413 1904 3619 1975 Γράφει
3651 1903 3708 1957 δέ
3735 1904 3827 1957 καὶ

2258 1982 2470 2048 Παῦλος
2526 1988 2656 2058 περὶ
2711 1989 2916 2042 αὐτοῦ·
2965 2011 2983 2042 ι
3034 1993 3127 2055 Ὃς
3175 1994 3233 2046 ἐν
3281 1996 3399 2057 ταῖς
3444 1994 3685 2065 ἡμέραις
3728 1996 3827 2062 τῆς

2260 2076 2462 2147 σαρκὸς
2504 2078 2692 2143 αὑτοῦ,
2732 2080 2947 2151 δεήσεις
2976 2100 3036 2136 τε
3079 2086 3174 2139 καὶ
3222 2085 3505 2156 ἱκετηρίας
3553 2084 3692 2156 πρὸς
3736 2083 3827 2138 τδν

2255 2166 2552 2238 δυνάμενον
2597 2170 2788 2236 σώζειν
2826 2161 2988 2228 αύτδν
3025 2177 3088 2229 ἐκ
3120 2176 3348 2230 θανάτου
3395 2176 3530 2247 μετά
3577 2177 3827 2247 κραυγῆς

2259 2261 2484 2333 ἰσχυρᾶς
2511 2263 2605 2316 καὶ
2623 2263 2873 2336 δακρύων
2907 2268 3301 2339 προσενέγκας,
3328 2268 3419 2322 καὶ
3450 2267 3825 2331 εἰσακουσθεὶς

2255 2353 2363 2406 ἀπὸ
2395 2354 2497 2422 τῆς
2522 2355 2829 2422 εὐλαϐείαςο
2862 2358 3062 2428 καίπερ
3107 2360 3182 2413 ὣν
3207 2360 3354 2424 Υἱὸς,
3392 2361 3591 2432 ἔμαθεν
3620 2362 3716 2430 ἀφ’
3749 2354 3826 2415 ὧν

2256 2445 2425 2502 ἔπαθε
2454 2447 2553 2518 τὴν
2588 2449 2853 2522 ὑπακοήν.
2883 2470 2901 2503 ι
2934 2447 3061 2522 Ἆρ’
3103 2448 3197 2507 οὖν
3239 2452 3523 2523 ἄνθρωπον
3557 2454 3723 2507 αὐτὸν
3759 2452 3824 2522 δὴ

2253 2537 2440 2592 τοῦτον
2463 2538 2637 2608 ψιλὸν,
2656 2541 2748 2594 καὶ
2775 2542 2895 2595 κατ’
2922 2543 3109 2597 οὐδένα
3129 2544 3331 2614 τρόπον
3357 2544 3693 2615 ἀνεστηκότα
3712 2542 3824 2597 τῶν

2254 2626 2377 2679 καθ’
2425 2628 2591 2698 ἡμᾶς,
2642 2629 2971 2701 λογιούμεθα
3012 2632 3104 2686 τὸν
3152 2632 3421 2704 Χριστόν;
3455 2632 3548 2704 Μὴ
3578 2631 3819 2701 γένοιτοί

2232 2716 2366 2787 ’Τὴν
2390 2717 2448 2771 δὲ
2484 2719 2578 2771 τοῦ
2603 2719 2738 2774 Θεοῦ
2770 2721 2959 2791 σοφίαν
2988 2724 3084 2777 καὶ
3132 2723 3385 2795 δύναμιν,
3422 2723 3708 2786 ἀσθενείας
3742 2722 3823 2786 εἷς

2252 2808 2410 2864 τοῦτο
2439 2811 2757 2868 καθικέσθαι
2784 2814 3047 2888 δώσομεν,
3070 2817 3146 2882 ὡς
3170 2817 3400 2872 δεδιέναι
3437 2819 3536 2889 μὲν
3568 2816 3821 2879 θάνατον,

2254 2902 2486 2967 ἐξαιτεῖν
2510 2903 2651 2959 δὲτὸ
2678 2904 2947 2971 σώζεσθαι
2986 2909 3137 2980 παρὰ
3168 2909 3262 2963 τοῦ
3298 2910 3543 2981 Πατρός;
3597 2909 3693 2963 καὶ
3724 2906 3823 2961 τοῦ

2254 2994 2395 3048 κατά
2424 2995 2586 3064 φύσιν
2612 2993 2749 3052 εἶναι
2772 2998 2915 3068 ζωὴν
2942 2999 3298 3071 ἐκπέμψομεν
3319 3001 3411 3055 τὸν
3438 2999 3822 3072 Ἐμμανουὴλς

2256 3088 2326 3141 Ἦ
2374 3089 2795 3160 περιτρέποντες
2850 3092 2932 3156 είς
2980 3092 3080 3164 τὴν
3129 3093 3551 3168 ἀνθρωπότητα,
3598 3093 3694 3147 καὶ
3744 3092 3825 3154 είς

2177 3189 2217 3246 C
2264 3178 2461 3251 μέτρον
2505 3180 2719 3249 φύσεως
2761 3182 2861 3252 τῆς
2893 3184 3014 3238 καθ’
3041 3185 3208 3254 ἡμᾶς,
3239 3186 3300 3239 τὸ
3326 3184 3401 3249 ὡς
3432 3186 3489 3239 ἐν
3516 3184 3696 3254 λόγοις
3732 3200 3823 3252 μι-

2254 3274 2565 3346 κροπρεπὲς
2589 3316 2603 3340 ,
2634 3275 2906 3346 δράσομέν
2947 3294 3000 3329 τι
3028 3276 3137 3329 τῶν
3177 3277 3623 3347 ἐπαινουμένων·
3655 3276 3714 3342 ἐξ
3748 3267 3826 3328 ὧν

2250 3364 2308 3419 δέ
2345 3366 2461 3419 ἐστι
2494 3365 2662 3430 Θεὸς,
2709 3366 2808 3437 τὴν
2855 3365 3223 3438 ύπερκὸσμιον
3263 3367 3428 3423 αὐτοῦ
3472 3366 3827 3438 κατοψόμεθα

2250 3457 2431 3525 δόξαν,
2457 3457 2548 3511 τὸν
2577 3457 2738 3513 αὐτὸν
2771 3455 2909 3512 εἶναι
2954 3459 3227 3523 συνιέντες
3250 3460 3383 3514 Θεόν
3410 3477 3467 3513 τε
3499 3459 3700 3530 ὁμοίως
3728 3459 3824 3513 καὶ

2250 3550 2559 3622 ἄνθρωπον,
2586 3551 2703 3620 ἤτοι
2731 3549 2862 3603 Θεὸν
2884 3550 3346 3622 ὲνηνθρωπηκότα
3366 3567 3381 3613 ;
3399 3549 3612 3604 Ἦκὲτω
3640 3549 3703 3617 δὴ
3728 3544 3821 3602 οὖν

2253 3643 2332 3707 είς
2373 3642 2537 3714 μέσον
2582 3645 2715 3713 ἡμῖν
2743 3644 2771 3696 ὁ
2803 3643 3172 3713 δοκιμώτατος
3212 3643 3423 3706 Παῦλος
3443 3684 3458 3709 ,
3491 3642 3650 3696 ταυτὶ
3683 3640 3819 3710 βοῶν

2250 3751 2309 3787 τε
2340 3733 2436 3787 καὶ
2468 3732 2663 3801 λέγων’
2684 3750 2702 3784 ι
2723 3731 2923 3801 Σοφίαν
2955 3732 3012 3785 δὲ
3047 3730 3320 3798 λαλοῦμεν
3352 3732 3409 3784 ἐν
3438 3730 3549 3792 τοῖς
3573 3726 3817 3788 τελείοις*

2252 3824 2447 3893 σοφίαν
2476 3823 2533 3877 δὲ
2562 3824 2623 3876 οὐ
2649 3822 2745 3877 τοῦ
2779 3822 2976 3887 αἰῶνος
3012 3822 3226 3889 τούτου,
3258 3821 3382 3876 οὐδὲ

2248 3911 2344 3965 τοῦ
2375 3911 2571 3975 αἰῶνος
2596 3911 2787 3965 τούτου
2816 3910 2926 3964 τῶν
2950 3911 3441 3984 καταργουμένωνο
3467 3906 3605 3963 ἀλλὰ
3627 3906 3818 3960 λαλοῦ⁴

2253 4017 2351 4071 μεν
2372 3998 2506 4053 Θεοῦ
2530 4000 2719 4069 σοφίαν
2756 4001 2814 4053 ἐν
2842 4001 3149 4073 μυστηρίῳ,
3166 4000 3267 4070 τὴν
3297 3995 3815 4067 ἀποκεκρυμμένην.

2249 4090 2316 4158 ἢν
2345 4089 2519 4153 οὐδεὶς
2562 4088 2672 4142 τῶν
2713 4088 3038 4161 ἀνθρώπων,
3074 4090 3273 4162 μᾶλλον
3314 4089 3373 4144 δὲ
3406 4088 3518 4142 τῶν
3546 4086 3817 4158 ἀρχόντων

2247 4181 2342 4235 τοῦ
2373 4182 2565 4246 αἰῶνος
2600 4182 2792 4236 τούτου
2826 4182 3083 4252 ἔγνωκεν.
3116 4183 3179 4236 El
3206 4182 3315 4255 γὰρ
3341 4179 3725 4250 έγνωσαν,ούκ
3751 4178 3817 4233 ἂν

2246 4273 2339 4326 τὸν
2383 4273 2586 4345 Κύριον
2615 4273 2714 4347 τῆς
2735 4274 2893 4345 δόξης
2925 4274 3300 4346 ἐσταύρωσαν.
3336 4293 3355 4326 ι
3408 4272 3521 4328 Καὶ
3572 4272 3680 4345 μὴν
3722 4272 3817 4326 καὶ

2246 4364 2340 4418 ἐπὶ
2382 4364 2588 4428 τούτοις
2610 4381 2624 4394 °
2673 4383 2692 4417 ι
2729 4368 2825 4430 Ὃς
2862 4365 2938 4420 ὢν
2972 4366 3312 4437 ἀπαύγασμα
3357 4366 3457 4436 τῆς
3496 4364 3687 4435 δόξης,
3725 4364 3817 4417 καὶ

2248 4456 2536 4527 χαρακτὴρ
2559 4456 2658 4526 τῆς
2686 4457 3036 4520 ὑποστάσεως
3056 4456 3245 4523 αὐτοῦ,
3265 4456 3445 4526 φέρων
3472 4474 3535 4509 τε
3554 4456 3622 4510 τά
3643 4455 3819 4509 πάντα

2250 4547 2327 4618 τῷ
2372 4548 2577 4619 ῥήματι
2620 4548 2719 4616 τῆς
2766 4548 3047 4618 δυνάμεως
3096 4547 3285 4612 αὑτοῦ,
3333 4547 3673 4617 καθαρισμὸν
3710 4547 3817 4599 τῶν

2245 4639 2533 4711 ἀμαρτιῶν
2562 4639 2717 4710 ἡμῶν
2747 4639 3114 4709 ποιησάμενος
3135 4680 3150 4705 ,
3182 4640 3435 4695 ἐκάθισεν
3461 4640 3519 4693 ἐν
3552 4639 3702 4711 δεξιᾷ
3720 4639 3817 4709 τῆς

2248 4727 2642 4800 μεγαλωσύνης
2685 4729 2743 4781 ἐν
2785 4731 2900 4793 τοῖς
2952 4728 3205 4799 ὑψηλοῖςο
3256 4727 3510 4782 τοσοῦτον
3557 4729 3816 4799 κρείττων

2242 4820 2534 4891 γενόμενος
2558 4820 2665 4873 τῶν
2693 4821 2958 4889 ἀγγέλων,
2987 4822 3111 4877 ὅσον
3138 4820 3539 4893 διαφορώτερον
3571 4823 3699 4893 παρ’
3726 4823 3817 4876 ab.

2242 4912 2369 4979 τοὺς
2403 4911 2876 4983 κεκληρονόμηκεν
2910 4911 3103 4983 ὄνομα.
3132 4933 3151 4965 ι
3194 4914 3389 4967 Καίτοι
3416 4930 3479 4982 γε
3504 4915 3565 4967 τὸ
3588 4910 3729 4969 εἶναί
3759 4932 3814 4967 τε

2246 5001 2342 5059 καὶ
2388 5001 2753 5071 ὀνομάζεσθαι
2808 5004 2905 5074 τῆς
2943 5005 3103 5075 δόξης
3159 5006 3386 5079 Κύριον,
3434 5007 3553 5069 πῶς
3591 5009 3654 5061 ού
3702 5008 3816 5061 λίαν

2239 5091 2554 5164 ὑπεμενές,
2601 5094 2695 5147 καὶ
2722 5094 2922 5159 παντὸς
2951 5096 3211 5151 ἐπέκεινα
3239 5098 3498 5169 γεννητοῦ
3536 5099 3633 5152 καὶ
3687 5116 3817 5169 παρ-

2247 5183 2488 5255 ηγμένου
2523 5184 2657 5255 πρὸς
2683 5184 2934 5252 γένεσιν;
2971 5186 3081 5240 Καὶ
3108 5186 3347 5259 παρίημι
3381 5188 3479 5258 μὲν
3506 5190 3576 5243 τὰ
3613 5187 3818 5258 ἀνθρὼ-

2249 5292 2380 5328 πινα
2405 5274 2643 5346 (σμικρά
2656 5275 2765 5347 γὰρ
2786 5277 2851 5347 δὴ
2875 5276 3042 5349 λίαν),
3062 5278 3174 5349 ἐρῶ
3195 5274 3363 5334 δὀὖν·
3386 5280 3505 5335 Κᾶν
3528 5279 3816 5351 Ἀγγέλους

2240 5364 2531 5436 ὀνομάσαι,
2566 5367 2660 5419 καὶ
2688 5368 2908 5439 Ἀρχὰς,
2942 5370 3037 5425 καὶ⁵
3057 5370 3314 5442 Θρόνους,
3350 5371 3444 5425 καὶ
3473 5373 3815 5444 Κυριότητας

2241 5456 2689 5529 ἀπαριθμήσαιτό
2734 5476 2857 5526 τις,
2893 5459 2991 5514 καὶ¹
3035 5462 3143 5533 μὴν
3178 5464 3272 5516 καὶ
3314 5464 3363 5517 εί
3405 5462 3516 5517 τῶν
3556 5463 3813 5516 ἀνωτάτω

2239 5547 2268 5601 δ
2277 5547 2613 5619 ιαμέμνηται
2636 5550 2909 5621 Σεραφὶμ,
2924 5552 3155 5606 κατόπιν
3183 5553 3327 5609 ίόντα
3346 5553 3445 5623 τῆς
3461 5553 3633 5617 οὕτως
3656 5553 3814 5623 ὑπερ-

2242 5639 2431 5703 τενοῦς
2459 5641 2848 5711 ὁμολογήσειεν
2876 5643 2941 5696 ἂν
2969 5644 3241 5710 εὐκλείας,
3274 5646 3389 5715 εῐγε
3422 5642 3552 5701 νοῦν
3581 5647 3694 5718 ἔχει
3725 5643 3815 5699 τὸν

641 5770 687 5801 ⁷⁸
712 5769 870 5831 Joan.
896 5791 1015 5847 νιιι,
1040 5780 1132 5847 39,
1158 5781 1243 5838 40.
1320 5785 1364 5819 ⁷⁸
1387 5784 1548 5845 Hebr.
1581 5803 1633 5857 ν,
1669 5789 1718 5856 7,
1750 5790 1802 5846 8.
1881 5794 1924 5825 ⁷⁷
1954 5793 1975 5847 I
2003 5794 2129 5851 Cor.

2254 5796 2384 5856 6-8.
2460 5799 2507 5830 ⁷⁸
2539 5798 2701 5857 Hebr.
2741 5818 2777 5870 l,
2803 5802 2855 5869 5,
2890 5804 2934 5858 ι.
