4146 6460
318 380 459 439 1175

1276 382 1362 437 DE
1401 382 1623 440 RECTA
1670 385 1826 441 FIDE
1865 386 1956 441 AD
1998 386 2446 445 THEODOSIUM
2487 386 2624 444 IMP.

3440 390 3461 442 l
3482 388 3579 479 1‘76

315 496 377 556 εὖ
403 497 674 572 βεϐηκότα
697 497 791 553 καὶ
821 500 1005 570 σοφόν.
1042 501 1334 571 Ἕκκριτον
1358 501 1469 574 γὰρ
1500 498 1640 557 εἷναί
1668 521 1809 575 φημι
1833 504 1892 557 τὸ

2010 522 2302 564 nemorare
2336 508 2493 574 velit,
2552 492 2755 573 annon,
2788 511 3028 577 inquam,
3062 507 3162 563 hos
3186 521 3375 563 omnes
3403 506 3575 579 gloria

317 592 509 666 γέρας,
538 589 633 646 καὶ
662 590 774 643 δεῖν
801 591 1120 645 ἀνακεῖσθαι
1170 591 1303 664 μόνῃ
1333 594 1400 663 τῇ
1441 593 1551 646 τῶν
1578 592 1714 648 ὅλων
1749 594 1898 664 βασι-

316 683 424 737 λίδι
459 682 638 752 φύσει.
667 681 794 746 Πῶς
818 678 913 737 οῦν
962 682 1028 736 ἂν
1068 683 1277 752 γένοιτο
1312 683 1518 754 Κύριος
1544 684 1643 755 τῆς
1674 684 1831 756 δόξης
1869 686 1897 739 6

318 770 774 843 ἑσταυρωμένος;
811 791 830 825 ‹
868 771 941 825 T6
962 771 1020 824 δὲ
1047 772 1388 843 ἀπαύγασμα
1415 772 1508 827 τοῦ
1541 774 1776 846 Πατρὸς,
1805 777 1899 828 καὶ

317 866 420 937 τῆς
447 867 636 931 οὐσίας
660 867 688 921 6
710 866 1060 939 χαρακτὴρ,ό
1086 868 1266 939 φέρων
1292 868 1359 923 τὰ
1387 870 1565 925 πάντα
1583 870 1661 942 τῷ
1693 872 1898 942 ῥήματι

316 956 420 1019 τῆς
448 956 737 1029 δυνάμεως
756 958 1221 1030 αὑτοῦ,κρείττων
1246 960 1495 1029 ἀγγέλων
1517 980 1536 1015 ι
1569 962 1900 1032 γεγενῆσθαι

316 1046 537 1116 λέγεται
558 1065 571 1078 ⁸
602 1050 745 1120 τάχα
778 1068 881 1104 που
910 1050 972 1105 τὸ
999 1051 1240 1118 ἔλαττον,
1290 1054 1367 1117 ὡς
1397 1052 1661 1124 ἡγοῦμαι,
1694 1052 1897 1119 λαϐὼν,

318 1139 411 1193 ὅτε
441 1140 683 1212 πέφηνεν
713 1142 1019 1213 ἄνθρωπος.
1054 1144 1370 1212 Γέγραπται
1400 1144 1505 1215 γάρ
1526 1161 1540 1175 ο
1568 1144 1700 1196 «Τὸν
1725 1143 1898 1216 βραχύ

318 1249 376 1286 τι
406 1234 536 1303 παρ’
570 1232 835 1302 ἀγγέλους
858 1234 1239 1305 ἠλαττωμένον
1265 1234 1533 1306 βλέπομεν
1558 1233 1784 1307 Ἰησοῦν,
1813 1235 1902 1302 διά

319 1322 385 1377 τὸ
413 1323 641 1396 πάθημα
672 1322 765 1378 τοῦ
796 1324 1052 1389 θανάτου,
1075 1323 1200 1396 δόξῃ
1230 1325 1323 1378 καὶ
1349 1328 1482 1397 τιμῇ
1509 1325 1901 1399 ἐστεφανωμέ-

322 1432 434 1471 νον.
471 1435 492 1467 ›
525 1411 653 1489 Ἃρ*
685 1412 778 1471 οῦν
805 1417 1080 1489 ὲξώσομεν
1108 1418 1200 1472 τὸν
1222 1419 1286 1471 ὲκ
1312 1419 1446 1473 Θεοῦ
1481 1419 1695 1498 Πατρὸς
1726 1437 1905 1491 πεφη-

320 1508 452 1563 νότα
480 1510 655 1579 Λόγον
704 1509 805 1580 τῆς
851 1510 1001 1581 αὐτῷ
1049 1511 1370 1582 πρεπούσης
1413 1512 1704 1577 οὐσιώδους
1736 1514 1905 1583 ὑπερ-

320 1600 474 1672 οχῆς,
501 1600 596 1655 καὶ
636 1600 736 1672 τῆς
778 1600 916 1673 πρὸς
944 1602 1106 1656 αὑτὸν
1148 1601 1411 1674 ἀκριϐοῦς
1440 1605 1760 1676 ὲμφερείας,
1807 1603 1905 1659 καὶ

320 1693 424 1765 τῆς
455 1694 562 1748 τῶν
593 1694 843 1764 ἀγγέλων
875 1694 1128 1760 εὐκλείας
1157 1694 1470 1768 ἡττώμενον
1499 1697 1789 1768 βλέποντες
1817 1697 1905 1753 διὰ

320 1786 386 1841 τὸ
416 1787 515 1858 τῆς
549 1787 862 1858 οἰκονομίας
911 1789 1289 1859 μικροπρεπὲς
1317 1789 1637 1861 νοούμενονς
1685 1791 1760 1845 Οὐ
1798 1791 1901 1862 μὲν

2001 600 2396 670 majestateque
2431 613 2604 670 usque
2653 599 2788 654 adeo
2817 598 3139 669 praecedenti
3181 580 3365 673 multis
3402 601 3576 669 parti-

2002 692 2438 748 bus.inferiores
2469 691 2857 747 conﬁtebitur?
2891 690 3159 754 Honorem
3200 672 3396 762 quippe
3437 708 3578 762 pra;-

2002 784 2449 839 celleutissintum
2484 798 2606 838 esse
2649 783 2792 847 dico,
2828 782 3037 852 solique
3070 764 3311 853 principi'
3333 783 3573 851 omnium

2003 885 2218 929 naturae
2249 872 2619 929 tribuendum.
2652 871 2934 938 Quomodo
2970 862 3099 940 ergo
3128 870 3289 925 fuerit
3316 854 3576 926 Dominus

2005 964 2191 1036 gloriae
2232 963 2286 1019 iu
2330 979 2493 1019 cruce
2538 962 2800 1017 sufﬁxus?
2856 981 2875 1014 ι
2910 962 3175 1032 Splendor
3213 978 3340 1016 vero
3376 962 3574 1027 Patris,

2002 1062 2059 1108 et
2084 1053 2400 1117 substantiae
2440 1054 2585 1108 illius
2609 1054 2918 1117 character,
2951 1062 3174 1121 portans
3201 1053 3379 1106 omnia
3412 1053 3577 1107 verbo

2004 1145 2229 1206 virtutis
2271 1161 2405 1208 sua},
2455 1143 2664 1214 angelis
2708 1144 3053 1213 praestantior
3090 1141 3375 1197 effectus"
3408 1162 3426 1193 ι
3459 1158 3581 1212 per-

2006 1238 2269 1299 hibetur:
2304 1237 2541 1291 fortasse
2571 1237 2719 1305 quia,
2754 1244 2812 1289 ut
2848 1234 3108 1299 arbitror,
3137 1236 3315 1289 minus
3349 1236 3578 1304 accepit,

2003 1329 2221 1402 quando
2250 1329 2498 1398 apparuit
2526 1328 2703 1382 factus
2749 1328 2931 1382 homo.
2970 1327 3241 1396 Scriptum
3280 1336 3362 1380 est
3392 1326 3534 1381 enim
3563 1348 3578 1383 :

2012 1426 2199 1485 «Eum
2255 1424 2346 1493 qui
2402 1422 2615 1476 modico
2670 1436 2830 1489 quam
2878 1420 3075 1491 angeli,
3129 1420 3429 1497 utinoratus
3477 1404 3578 1495 est,

2008 1518 2258 1572 videmus
2281 1513 2466 1570 Jesum
2501 1524 2722 1583 promer
2750 1513 3054 1583 passionem
3089 1511 3300 1573 mortis,
3334 1510 3501 1590 gloria
3527 1520 3585 1566 et

2008 1608 2217 1663 honore
2253 1614 2572 1663 coronatum
2591 1607 2658 1658 ³ο.
2692 1624 2711 1658 ι
2751 1604 2857 1659 Sed
2906 1604 3144 1673 nunquid
3173 1603 3407 1666 Verbum
3440 1604 3583 1681 quod

2007 1716 2073 1755 ex
2126 1698 2290 1753 Patre
2342 1707 2528 1753 natum
2578 1707 2684 1761 est,
2729 1697 2798 1751 ob
2849 1697 2900 1751 id
2953 1696 3021 1750 ab
3058 1696 3349 1758 eminentia
3387 1696 3474 1750 illa
3528 1705 3586 1750 et

2009 1792 2296 1863 dignitate,
2334 1806 2454 1860 quae
2496 1789 2859 1844 essentialiter
2888 1790 2939 1843 in
2980 1788 3107 1842 illud
3139 1789 3412 1851 convenit,
3451 1801 3584 1859 nec-

319 1867 439 1930 οὗν.
470 1851 645 1946 Ὀἶμαι
670 1851 778 1947 γάρ
806 1851 937 1945 δεῖν,
963 1851 1086 1947 οῦτε
1109 1851 1215 1948 τῶν
1240 1851 1598 1952 ἀνθρωπίνων
1624 1851 1904 1935 ἀπαλλάτ-

2010 1900 2114 1939 ηοη
2148 1884 2218 1939 ab
2260 1893 2451 1938 exacta
2496 1880 2585 1935 illa
2617 1881 2799 1935 Patris
2827 1880 3184 1937 similitudine
3212 1866 3582 1943 excludemus,

321 1983 439 2021 τειν
480 1966 759 2032 παντελῶς
805 1967 895 2022 τὸν
942 1971 1007 2023 ὲκ
1042 1968 1179 2029 Θεοῦ
1230 1972 1405 2040 Λόγον
1451 1973 1593 2043 μετὰ
1625 1975 1724 2045 τὴν
1769 1973 1906 2045 πρὸς

324 2059 506 2131 σάρκα
556 2059 810 2123 σύνοδον,
859 2060 984 2115 οὔτε
1038 2062 1146 2134 μὴν
1200 2064 1360 2134 δόξης
1412 2067 1511 2137 τῆς
1570 2065 1907 2137 θεοπρεποῦς

323 2150 648 2224 ἀποστερεῖν
672 2152 733 2206 τὸ
761 2152 1124 2222 ἀνθρώπινον,
1167 2158 1217 2210 εἰ
1259 2158 1319 2211 ὲν
1361 2157 1582 2229 Χριστῷ
1608 2162 1780 2214 νοοῖτο
1811 2161 1907 2215 καὶ

319 2242 555 2313 λέγοιτο.

2005 1976 2149 2047 quod
2204 1974 2501 2030 secundum
2556 1971 2980 2042 dispensationis
3038 1985 3345 2045 mensuram
3404 1971 3583 2047 animo

2003 2046 2355 2140 conceptum,
2405 2066 2718 2136 angelorum
2766 2064 2992 2134 gloriam
3032 2079 3137 2119 non
3186 2046 3443 2140 attingit?
3472 2046 3582 2131 Nee

2005 2138 2319 2232 quaquam:
2350 2158 2591 2214 arbitror
2639 2158 2781 2210 enim
2818 2155 2909 2210 Dei
2941 2155 3175 2211 Verbum
3208 2138 3585 2225 postﬂassum-

2006 2264 2151 2324 ptam
2193 2251 2360 2311 semel
2395 2263 2637 2313 carnem,
2672 2248 2740 2301 ab
2778 2248 3027 2301 humanae
3068 2258 3272 2302 natum
3319 2245 3586 2309 conditio-

322 2338 485 2395 nibus
508 2340 615 2411 25
645 2355 751 2397 non
800 2356 922 2398 esse
973 2343 1191 2415 penitus
1237 2344 1669 2416 excludendum;
1730 2363 1905 2419 neque
1942 2345 2267 2403 humanitati
2340 2357 2580 2410 rursum,
2609 2340 2679 2408 si,
2714 2349 2773 2395 ut
2814 2341 2869 2396 in
2905 2338 3125 2396 Christo
3200 2348 3303 2406 est,
3332 2337 3585 2413 conside-

322 2437 496 2496 retur,
521 2429 771 2500 gloriam,
802 2445 922 2501 qua:
950 2433 1118 2487 Deum
1150 2435 1325 2500 decet,
1358 2435 1728 2507 denegandam
1756 2453 1897 2499 esse.

392 2522 532 2577 KH’.
571 2522 719 2595 Πλὴν
745 2524 1114 2595 ἐρησομένους
1162 2527 1262 2581 οὐκ
1304 2528 1551 2599 ἡγνόησά
1591 2548 1743 2596 τινας
1767 2548 1780 2561 ·
1809 2531 1907 2596 Τίς

319 2609 388 2682 δὴ
414 2609 522 2681 ἄρα
545 2610 695 2665 ἐστὶν
721 2610 937 2683 ἀληθῶς
970 2611 1179 2685 Ἰησοῦς
1211 2616 1476 2687 Χριστός;
1506 2619 1535 2672 6
1556 2618 1623 2672 ἐκ
1649 2620 1910 2688 γυναικὸς

321 2702 632 2775 ἄνθρωπος,
665 2704 834 2775 ⁴ἷτιγουν
863 2706 891 2758 6
926 2706 991 2759 ἐκ
1016 2705 1152 2763 Θεοῦ
1185 2707 1389 2777 Λόγος;
1430 2711 1543 2764 Καὶ
1569 2711 1774 2781 ἠλίθιον
1810 2713 1911 2785 μὲν

321 2795 519 2867 κομιδῇ
581 2794 643 2850 τὸ
705 2796 1071 2851 διατείνεσθαι
1126 2799 1394 2870 περιττά,
1451 2803 1547 2856 καὶ
1607 2803 1910 2874 φληνάφοις

321 2884 697 2957 είκαιομύθοις
725 2887 1131 2958 ἀνταναφωνεῖν
1146 2886 1196 2947 h.
1215 2890 1357 2963 Ἐρῶ
1381 2892 1424 2945 δ’
1455 2889 1568 2959 οῦν,
1598 2895 1680 2948 ὅτι
1711 2896 1911 2966 σφαλε-

326 2978 419 3050 ρόν
450 2996 510 3033 τε
540 2980 637 3036 καὶ
665 2979 766 3034 οὐκ
795 2978 1032 3053 ἀζήμιον
1072 2981 1134 3036 τὸ
1182 2983 1491 3056 διατέμνειν
1533 2987 1615 3050 είς
1659 2987 1773 3051 δύο,
1816 2989 1911 3043 καὶ

321 3070 601 3144 ἀναμέρος
651 3073 827 3145 ίστᾷν,
863 3074 1151 3147 ἄνθρωπόν
1201 3093 1263 3130 τε
1317 3078 1414 3131 καὶ⁸
1442 3077 1637 3147 Λόγον,
1667 3082 1773 3135 οὐκ
1813 3082 1910 3136 ἀν-

2077 2528 2316 2585 XXVlll.
2348 2528 2467 2584 Non
2522 2525 2767 2598 ignoravi
2814 2535 2992 2580 autem
3023 2524 3256 2587 futuros,
3289 2522 3377 2593 qui
3411 2525 3585 2579 luter-

2006 2631 2240 2690 rogent:
2276 2621 2545 2690 Agedum,
2600 2628 2722 2675 uter
2773 2633 2898 2673 vere
2951 2626 3035 2671 est
3085 2615 3241 2672 Jesus
3288 2614 3533 2669 Christus
3562 2616 3588 2670 τ

2009 2719 2126 2775 isne
2175 2718 2267 2789 qui
2321 2718 2482 2771 homo
2514 2730 2577 2770 ex
2630 2713 2854 2768 muliere
2906 2721 3063 2767 natus
3115 2721 3311 2778 est,an
3349 2708 3585 2764 Verbum

2008 2815 2151 2884 quod
2210 2828 2276 2868 ex
2328 2811 2439 2865 Deo
2479 2809 2718 2877 genitum
2755 2807 2872 2863 est?
2896 2805 2989 2861 Nae
3019 2805 3242 2859 stultum
3273 2813 3357 2859 est
3392 2816 3586 2871 super-

2010 2900 2263 2955 vacaneis
2290 2899 2473 2954 verbis
2490 2894 2839 2958 contendere,
2876 2909 2940 2948 ac
2979 2891 3310 2962 quibuslibet
3354 2890 3590 2945 anilibus

2009 2990 2166 3059 nugis
2200 3003 2324 3044 sese
2370 2999 2663 3055 opponere.
2698 2984 3019 3053 Respondeo
3074 2981 3429 3036 nihilominus
3479 2994 3586 3055 nou

2011 3081 2184 3135 solum
2248 3077 2635 3149 periculosum,
2664 3076 2756 3131 sed
2808 3076 2971 3130 etiam
3028 3073 3390 3143 perniciosum
3442 3086 3589 3150 esse.

323 3166 594 3241 εχομένης
637 3168 739 3240 τῆς
781 3145 1117 3242 οἰκονομίας,
1149 3172 1245 3226 καὶ⁵
1268 3173 1505 3245 Χριστὸν
1532 3145 1645 3227 -ἒνα
1694 3173 1906 3244 βοὼσης

2013 3145 2286 3228 hominem
2319 3180 2374 3225 et
2400 3168 2638 3225 Verbum
2674 3167 2980 3238 seiungere,
3021 3165 3278 3249 factaque
3326 3147 3592 3246 divisi-ope

321 3260 422 3332 τῆς
463 3259 823 3315 θεοπνεύστου
851 3261 1075 3332 Γραφῆς
1095 3278 1109 3292 ·
1142 3263 1342 3334 χρῆναι
1377 3264 1487 3334 γάρ
1537 3263 1712 3331 ἔγωγέ
1738 3281 1903 3334 φημι,

326 3353 467 3423 μήτε
512 3351 604 3405 τὸν
638 3353 702 3406 ὲκ
729 3351 865 3405 Θεοῦ
902 3351 1076 3421 Λόγον
1123 3352 1545 3424 ἀνθρωπότητος
1586 3353 1729 3423 δίχα,
1767 3353 1907 3424 μήτε

326 3442 434 3516 μὴν
464 3444 557 3499 τὸν
586 3444 654 3498 ὲκ
681 3443 941 3513 γυναικὸς
971 3444 1342 3515 ἀπο-τεχθέντα
1384 3444 1533 3508 ναὸν,
1568 3444 1644 3508 ὡς
1671 3445 1746 3516 μὴ
1771 3445 1907 3498 ἐνω-

324 3534 489 3589 θέντα
528 3534 606 3607 τῷ
629 3535 809 3607 Λόγῳ,
853 3536 1090 3606 Χριστὸν
1120 3537 1330 3607 Ἰησοῦν
1376 3536 1761 3607 ὀνομάζεσθαι.
1790 3536 1909 3595 Ἀνο

324 3627 640 3698 θρωπότητι
666 3625 773 3699 γάρ
800 3625 921 3680 καθ’
956 3626 1152 3681 ἕνωσιν
1179 3625 1530 3697 οἰκονομικὴν
1578 3627 1910 3698 άπσρῤήτως

326 3718 787 3791 συνενηνεγμένος
834 3720 863 3772 6
915 3721 981 3774 ὲκ
1025 3718 1160 3773 Θεοῦ
1196 3719 1389 3787 Λόγος,
1420 3720 1622 3773 νοεῖται
1650 3719 1907 3789 Χριστός.

337 3810 635 3884 ’Δνώτερος
682 3811 781 3882 μὲν
830 3811 1269 3881 άνθρωπότητος,
1302 3811 1380 3875 ὡς
1429 3811 1593 3881 φύσει
1639 3811 1770 3875 Θεὸς
1816 3812 1911 3864 καὶ

323 3901 488 3967 Υἱός·
536 3902 638 3957 οὐκ
669 3902 955 3974 ἀτιμάζων
998 3902 1056 3956 δὲ
1114 3903 1210 3956 καὶ
1255 3902 1317 3956 τὸ
1343 3902 1403 3955 ὲν
1434 3902 1625 3978 ὑφέσει
1657 3902 1911 3973 γενέσθαι

324 3997 523 4063 δοκεῖν,
568 3997 657 4053 διὰ
703 3997 764 4051 τὸ
816 3996 1177 4070 ἀνθρώπινον.
1251 3996 1537 4072 Τοιγάρτοι
1615 3997 1747 4051 ποτὲ
1810 3996 1910 4068 μὲν

324 4089 596 4160 ἔφασκενο
639 4089 738 4144 «Ὀ
781 4088 1044 4163 ἑωρακὼς
1096 4089 1218 4161 ἐμὲ,
1264 4089 1479 4161 ἑώρακε
1523 4090 1616 4159 τὸν
1670 4090 1910 4161 Πατέρα.

337 4181 482 4252 Ἐγὼ
524 4183 620 4237 καὶ
646 4183 675 4235 6
704 4181 895 4253 Πατὴρ
931 4180 990 4235 ἓν
1018 4183 1216 4253 ἐσμεν·
1249 4199 1268 4234 ι
1307 4182 1439 4235 ποτὲ
1484 4182 1541 4235 δὲ
1586 4177 1653 4237 αὖ
1705 4181 1867 4235 πάλιν
1895 4196 1909 4209 ·

331 4274 435 4332 «Ὀ
465 4276 658 4348 Πατήρ
691 4292 790 4346 μου
838 4273 1042 4345 μείζων
1080 4290 1183 4345 μου
1229 4274 1407 4328 ἐστίν’
1447 4292 1466 4326 ι
1501 4274 1560 4327 οὐ
1597 4274 1764 4345 μείων
1804 4272 1912 4344 γὰρ

324 4365 402 4422 ὢν
438 4366 532 4421 τοῦ
580 4367 794 4439 Πατρὸς
847 4366 989 4436 κατά
1033 4382 1099 4436 γε
1148 4364 1211 4429 τὸ
1262 4368 1321 4424 ἐν
1369 4367 1528 4439 οὐσίᾳ
1569 4366 1784 4432 ταυτὸν,
1816 4366 1913 4420 καὶ

2011 3272 2306 3331 utrumque
2349 3274 2594 3317 seorsum
2635 3267 2912 3321 statuere;
2957 3258 3156 3326 quippe
3192 3252 3337 3309 cum
3372 3254 3593 3324 dispeno

2011 3354 2241 3411 sationis
2271 3353 2587 3425 mysterium
2606 3350 2871 3422 ejusmodi
2904 3349 3202 3404 sectionem
3247 3361 3603 3429 nequaquan;

2009 3448 2281 3514 admittat,
2315 3459 2369 3502 et
2394 3448 2571 3501 divina
2609 3456 2873 3516 praeterea
2929 3443 3209 3513 Scriptura
3261 3436 3425 3499 unum
3448 3440 3594 3502 dun-

2013 3547 2163 3601 taxat
2219 3538 2496 3593 Christum
2532 3552 2655 3593 esse
2713 3537 2919 3591 diserte
2975 3536 3182 3603 tradat;
3219 3548 3406 3591 assero
3445 3533 3605 3615 enim.

2011 3647 2189 3700 neque
2219 3628 2314 3684 Dei
2359 3627 2589 3684 Verbum
2630 3630 2838 3697 absque
2868 3627 3232 3693 humanitate,
3256 3640 3432 3696 neque
3454 3634 3594 3700 tem-

2014 3721 2159 3791 plum
2194 3736 2431 3783 rursum,
2473 3720 2615 3782 quod
2659 3733 2724 3773 ex
2772 3717 3001 3772 muliere
3049 3718 3102 3772 in
3148 3716 3324 3772 lucem
3384 3696 3600 3795 edituiq

2013 3824 2120 3879 est,
2146 3812 2247 3866 nisi
2279 3827 2401 3866 cum
2421 3809 2596 3865 Verbo
2612 3808 2960 3877 coniunctum
2992 3808 3380 3875 sit,Christum
3407 3808 3590 3889 Iesum

2014 3904 2274 3974 appellari
2330 3919 2508 3973 posse.
2568 3900 3013 3971 Quandoquidem
3069 3900 3166 3955 Dei
3208 3887 3455 3955 Verbum‘
3496 3884 3595 3968 per

2016 3996 2470 4067 dispensatoriatn
2516 3995 2763 4064 cupulam
2805 3993 3110 4048 admirabili
3151 3992 3311 4047 modo
3341 3990 3594 4062 humana-I

2015 4099 2223 4142 natura:
2277 4089 2512 4149 unitum,
2551 4070 2800 4141 Christus
2858 4100 2977 4141 esse
3038 4084 3405 4154 cognoscitur.
3460 4068 3594 4138 Nam

2012 4180 2116 4250 etsi
2152 4179 2281 4235 illud
2324 4188 2385 4234 ut
2442 4178 2585 4234 Deus
2618 4177 2993 4247 naturalisque
3048 4176 3145 4232 Dei
3193 4175 3372 4232 Patris
3403 4175 3593 4242 Filius,

2014 4271 2354 4327 humanitate
2390 4272 2639 4342 superius
2666 4271 3011 4335 sit,attamen
3043 4277 3267 4341 propter
3287 4254 3594 4345 susceptam

2015 4364 2247 4420 hominis
2282 4376 2531 4420 naturam
2561 4364 2615 4419 in
2643 4363 2951 4420 humilitate
2982 4363 3168 4434 jacere
3191 4377 3296 4417 non
3326 4352 3598 4417 detrecta-

327 4461 471 4515 κατὰ
515 4462 624 4515 πᾶν
671 4459 850 4514 ὁτιοῦν
882 4459 944 4513 τὸ
979 4457 1321 4531 ἰσοστατοῦν,
1364 4460 1424 4515 ἐν
1460 4460 1736 4515 ἐλάττοσιν
1767 4454 1906 4514 εἷναί

2018 4458 2113 4511 vit.
2160 4458 2338 4528 Atque
2393 4459 2498 4514 huc
2532 4457 2699 4514 tendit
2750 4456 2882 4512 illud
2926 4455 3127 4513 Christi
3163 4475 3178 4512 :
3220 4472 3243 4509 ε
3295 4455 3395 4523 Qui
3450 4454 3599 4509 vi'det

326 4570 463 4625 φησι
489 4553 577 4608 διὰ
608 4554 670 4608 τὸ
696 4551 1061 4625 ἀνθρώπινον.

1942 4518 1990 4575 υ

2018 4565 2126 4617 me,
2167 4552 2313 4607 videt
2338 4559 2394 4607 et
2416 4551 2632 4608 Patrem
2670 4565 2850 4606 meum
2871 4550 2951 4620 ⁸¹;
2983 4569 3003 4604 ι
3030 4559 3106 4617 et,
3146 4569 3165 4602 ι
3208 4550 3318 4620 Ego
3352 4558 3405 4603 et
3433 4547 3599 4603 Pater

328 4660 496 4701 unum
531 4662 717 4705 sumus
742 4646 824 4712 3';
856 4664 875 4706 ι
904 4657 961 4701 et
1017 4646 1147 4702 illud
1219 4661 1437 4702 rursum
1483 4644 1749 4716 ejusdem,
1780 4641 1944 4698 Pater
1982 4660 2135 4701 meus
2182 4641 2360 4713 major
2399 4659 2485 4700 me
2558 4653 2641 4701 est
2668 4645 2735 4699 ⁸³.
2776 4664 2795 4699 ι
2829 4644 3090 4712 Quamvis
3117 4634 3296 4707 enim,”
3322 4641 3437 4696 sive
3466 4628 3597 4695 Sub-

329 4742 545 4797 stantiae
582 4743 949 4809 identitatem,
973 4740 1092 4797 sive
1121 4740 1267 4797 aliud
1299 4741 1684 4811 quodcunque,
1718 4739 1769 4793 in
1802 4753 1909 4809 quo
1983 4755 2104 4794 cum
2156 4738 2319 4795 Patre
2371 4739 2608 4796 conferri
2663 4748 2845 4811 queat,
2905 4747 3137 4811 spectes,
3168 4727 3343 4792 Patré‘
3387 4748 3599 4805 nequa-

329 4851 495 4913 quam
530 4836 707 4890 minor
738 4835 844 4901 sit;
889 4843 1069 4890 tamen
1091 4843 1317 4905 propter
1352 4842 1687 4903 assumptam
1711 4832 2126 4900 humanitatem,
2147 4834 2310 4890 Patre
2335 4836 2601 4889 minorem
2628 4849 2685 4889 se
2719 4841 2899 4891 vocat.
2940 4831 2948 4835 ’

400 4930 531 4985 KG’.
571 4926 918 4999 Κηρύττεται
948 4925 1007 4979 δὲ
1038 4927 1135 4980 καὶ
1164 4925 1255 4979 διά
1285 4926 1397 4980 τῶν
1443 4926 1604 4996 ἱερῶν
1643 4925 1906 4997 Γραμμά-

329 5040 461 5090 ⁶των,
498 5022 627 5075 ποτὲ
664 5020 761 5090 μὲν
789 5019 864 5082 ὼς
892 5019 1013 5083 ὅλος
1048 5017 1125 5071 ὢν
1153 5017 1462 5089 ἄνθρωπος,
1496 5016 1915 5087 σεσιωπημένης

332 5114 498 5171 αὐτοῦ
526 5113 628 5181 τῆς
654 5111 906 5181 θεότητος
936 5110 1300 5180 οἰκονομικῶς
1319 5126 1332 5140 ·
1367 5111 1498 5163 ποτὲ
1540 5110 1599 5163 δὲ
1646 5105 1713 5163 αὖ
1751 5108 1914 5162 πάλιν

331 5209 407 5272 ὡς
459 5204 612 5269 Θεὸς,
653 5202 1075 5274 σεσιωπημένης
1123 5200 1289 5255 αὐτοῦ
1319 5202 1420 5272 τῆς
1449 5201 1914 5273 ἀνθρωπότητοςτ

332 5300 599 5364 ἀδικεῖται
619 5296 676 5349 δὲ
715 5294 835 5349 κατ’
869 5294 1063 5365 οὐδένα
1085 5293 1307 5366 τρόπον,
1333 5292 1422 5347 διὰ
1460 5293 1561 5365 τὴν
1603 5295 1806 5364 ἀμφοῖν
1832 5295 1915 5358 είς

332 5386 564 5455 ἑνότητα
611 5382 904 5454 σύμϐασιν.
945 5383 1059 5437 Καὶ
1092 5382 1222 5451 γοῦν
1246 5384 1273 5436 6
1305 5382 1592 5447 θεσπέσιος
1621 5383 1852 5450 Παῦλος,
1883 5386 1912 5440 6

2093 4926 2288 4984 XXIX.
2324 4930 2462 4997 Quin
2490 4943 2657 4983 sacrae
2687 4940 2905 4998 quoque
2932 4924 3155 4979 Littera:
3202 4921 3600 4993 dispensatoria

2022 5022 2253 5089 quadam
2309 5022 2539 5083 ratione,
2568 5020 2849 5074 divinitate
2907 5016 3052 5072 illius
3076 5015 3388 5086 suppressa,
3427 5024 3599 5072 totum

2024 5106 2296 5163 interdum
2332 5108 2635 5179 praedicant
2685 5116 2742 5165 ut
2772 5106 3299 5171 hominem;contra
3347 5120 3601 5160 nonnun-

2023 5214 2185 5269 quam
2210 5200 2549 5255 humanitate
2577 5197 2820 5267 ejusdem
2852 5197 3036 5263 tacita,
3070 5206 3240 5253 totum
3277 5197 3601 5268 quandoque

2024 5290 2303 5347 insinuant
2323 5298 2383 5354 ut
2411 5290 2600 5362 Deum.
2631 5291 2884 5344 Attamen
2935 5296 3160 5361 propter
3188 5288 3469 5358 utriusque
3504 5300 3605 5341 na—

2025 5393 2160 5439 turae
2217 5382 2269 5438 in
2324 5396 2489 5438 unam
2550 5380 2904 5453 eamdemque
2934 5395 3221 5453 personam
3285 5377 3599 5445 coitionem,

407 5543 454 5578 "
477 5542 644 5609 Hebr.
677 5542 719 5610 l,
749 5544 805 5610 5,
841 5544 898 5599 4.
972 5541 1017 5576 ⁸⁸
1048 5541 1211 5600 llebr.
1258 5555 1316 5605 ιι,
1349 5538 1405 5595 9.
1479 5536 1705 5593 ⁸¹ιῐοοη.
1752 5555 1862 5607 xtv,
1897 5541 1906 5594 l

2027 5540 2072 5597 εἳ
2105 5539 2265 5611 Joan.
2297 5556 2354 5609 κ,
2399 5538 2489 5596 30.
2565 5540 2612 5595 δέ
2640 5538 2799 5604 Joan.
2854 5553 2969 5610 XIV,
3004 5535 3098 5595 28.
3132 5586 3135 5589 λ

1447 5677 1622 5751 Variae
1651 5680 1911 5759 lectiones
1940 5680 2145 5750 codicis
2176 5679 2559 5755 ,chuicriani.

410 5826 439 5868 ιι
466 5821 779 5898 φληνάφους
800 5819 1181 5893 είκαιομυθίας
1211 5818 1639 5890 ἀνταναφωνεῖν.
