4146 6512
582 435 719 490 “73

1567 442 1628 496 ὃς
1664 440 1935 497 ςγιιιιιι
1976 438 2446 497 ALEXANDRINI
2486 442 2807 501 ARtllllEP.

3703 440 3849 495 1176

580 550 723 605 nulla
748 552 849 605 hac
878 550 1092 621 quidem
1135 553 1186 607 in
1216 568 1275 610 re
1297 552 1525 611 afﬁcitur
1556 553 1775 625 injuria.
1810 555 2152 624 Quapropter

2285 558 2514 630 Εϐραῖος
2548 559 2605 626 ἐξ
2628 559 2917 632 Ἐϐραίων,
2952 558 3047 612 καὶ
3079 558 3250 632 φυλῆς
3287 555 3613 627 Βενιαμὶν,δ
3643 555 3849 625 κλητὶς

579 641 794 697 divinus
833 642 1032 699 Paulus
1068 642 1326 701 Hebra-us
1371 659 1436 702 ex
1486 643 1749 713 Hebraeis,
1782 662 1846 704 ex
1882 645 2156 714 Benjami—

582 737 686 791 tica
722 736 862 793 tribu
902 737 967 792 ad
988 737 1347 806 apostolatum
1377 747 1617 806 vocatus,
1654 740 1739 796 his
1758 740 1847 810 qui
1875 754 1971 812 per
1998 739 2155 796 ﬁdem

576 828 861 898 jnstilicati
916 829 1151 897 fuerant,
1189 830 1539 901 carnaliaque
1590 833 1850 898 membra,
1885 841 2011 902 puta
2048 832 2158 885 for-

583 920 931 989 nicationem,
956 923 1258 991 avaritiam,
1285 924 1477 978 malam
1508 924 1880 992 cupiditatem,
1913 935 1969 980 et
2002 935 2158 980 caste-

540 1086 543 1091 γ
582 1025 673 1066 ras
707 1012 873 1067 animi
907 1015 1343 1080 perturbationes
1392 1015 1875 1083 mortiﬁcaverant,
1913 1018 1979 1072 ad
2014 1018 2157 1072 hunc

583 1103 804 1158 modum
836 1105 1063 1161 scribit:
1102 1124 1121 1158 ι
1159 1104 1356 1161 Mortui
1402 1107 1547 1162 enim
1583 1108 1735 1175 estis,
1765 1118 1819 1163 et
1844 1110 1953 1164 vita
1978 1120 2154 1166 vestra

583 1203 670 1249 est
709 1196 1024 1251 abscondita
1057 1212 1184 1252 cum
1238 1196 1463 1255 Christo
1502 1199 1555 1253 in
1588 1198 1697 1254 Deo
1718 1199 1786 1254 “.
1817 1217 1836 1252 ι
1863 1198 1978 1254 Imo
2029 1215 2160 1255 vero

584 1285 701 1357 ipse
753 1287 1000 1344 Christus
1052 1288 1124 1343 ita
1155 1299 1451 1360 precatur:
1500 1309 1518 1343 ι
1555 1289 1717 1347 Pater
1754 1300 1965 1361 sancte,
2002 1308 2160 1348 serva

544 1448 545 1451 η
584 1391 680 1435 eos
704 1379 759 1435 in
789 1380 1006 1435 nomine
1033 1388 1149 1447 tuo,
1180 1395 1318 1451 quos
1345 1381 1537 1437 dedisti
1563 1382 1715 1448 mihi,
1740 1392 1800 1439 ut
1826 1382 1937 1439 sint
1969 1399 2161 1447 unum,

584 1472 727 1527 sicut
763 1480 820 1527 et
873 1488 992 1529 nos.
1029 1472 1166 1528 Cum
1200 1488 1373 1529 essem
1425 1490 1546 1529 cum
1593 1474 1694 1538 eis,
1727 1490 1828 1545 ego
1877 1476 2162 1532 servabam

538 1630 541 1631 ν
586 1579 682 1619 eos
712 1566 762 1619 in
795 1568 1013 1624 nomine
1070 1578 1159 1621 tuo
1188 1587 1209 1635 ε,
1244 1584 1380 1638 quos
1426 1570 1619 1626 dedisti
1683 1572 1815 1627 mihi
1850 1587 1950 1641 ego
1983 1586 2165 1628 custo—

588 1656 739 1724 divi;
774 1667 829 1712 et
856 1672 1013 1714 nemo
1044 1676 1108 1715 ex
1133 1662 1213 1716 eis
1244 1661 1426 1732 periit,
1472 1663 1574 1718 nisi
1630 1662 1773 1720 filius
1814 1665 2164 1733 perditionis,

588 1749 948 1820 utScriptura
971 1754 1081 1824 26
1108 1754 1416 1825 impleatur.
1453 1758 1604 1814 Nunc
1654 1768 1835 1815 autem
1889 1761 1955 1813 ad
1985 1770 2036 1814 te
2074 1774 2164 1815 re-

2262 654 2578 721 ἀπόστολος,
2615 653 2918 707 ἐπιστέλλει
2943 653 3056 715 τοῖς
3087 631 3191 703 διᾶἶ
3218 649 3455 712 πίστεως
3480 646 3847 716 δεδικαιωμέ-

2260 764 2391 810 νοις,
2436 747 2529 801 καὶ
2562 744 3011 816 κατανεκρώσασι
3042 742 3109 796 τά
3140 741 3273 814 μέλη
3317 741 3520 811 σαρκὸς
3549 740 3846 811 (πορνείαν

2259 838 2321 909 δὴ
2372 836 2515 907 λέγω
2570 837 2665 891 καὶ
2722 837 2931 899 πάθος,
2978 832 3272 905 ἐπιθυμίαν
3324 834 3545 902 κακὴν,
3602 832 3697 883 καὶ
3746 828 3846 899 τὴν

2265 929 2633 1000 πλεονεξίαν)⁶
2673 950 2690 981 ι
2714 929 3041 982 Ἀπεθάνετε
3085 926 3215 999 γὰρ,
3248 928 3340 981 καὶ
3369 928 3403 997 ἡ
3433 924 3545 995 ζωὴ
3569 922 3726 994 ὑμῶν
3752 921 3840 973 κέ-

2261 1039 2499 1092 κρυπται
2528 1022 2624 1074 σὺν
2646 1022 2723 1093 τῷ
2757 1020 2976 1091 Χριστῷ
3004 1022 3061 1072 ὲν
3091 1018 3168 1090 τῷ
3196 1017 3334 1089 Θεῷ.
3364 1038 3380 1069 ι
3414 1015 3586 1087 Αῦτθς
3621 1011 3717 1068 οὖν
3741 1013 3842 1081 ἔφη

2262 1114 2392 1186 περὶ
2433 1113 2543 1169 τῶν
2578 1114 2773 1169 ἑαυτοῦ
2819 1112 3111 1184 μαθητῶν*
3149 1131 3167 1163 ι
3201 1112 3385 1183 Πάτερ
3421 1111 3566 1177 ἆγιε,
3603 1109 3844 1177 τήρησον

2261 1208 2461 1273 αὐτοὺς
2514 1208 2571 1261 tv
2610 1207 2687 1277 τῷ
2735 1206 2958 1275 ὀνόματί
3016 1223 3131 1271 σου,
3163 1203 3257 1268 οὓς
3303 1202 3543 1265 δέδωκάς
3600 1218 3713 1271 μοι,
3760 1196 3845 1250 ἵνα

2264 1295 2398 1356 ὦσιν
2450 1300 2530 1367 ἓν,
2560 1298 2744 1362 καθὼς
2794 1298 3111 1370 ἡμεῖς.”οτε
3159 1296 3305 1367 ἥμην
3342 1294 3459 1366 μετ’
3497 1291 3701 1354 αὐτῶν,
3734 1287 3845 1357 ἐγὼ

2263 1392 2492 1463 ἐτήρουν
2518 1389 2717 1452 αὐτοὺς
2744 1390 2801 1441 tv
2839 1386 2917 1458 τῷ
2941 1384 3166 1457 ὀνόματί
3200 1401 3319 1444 σου.
3346 1381 3440 1447 οὓς
3466 1379 3711 1439 δέδωκάς
3734 1396 3843 1449 μοι,

2265 1486 2361 1540 καὶ
2389 1483 2630 1553 ἐφύλαξα
2661 1482 2879 1543 αὐτοὺς,
2918 1476 3010 1533 καὶ
3069 1478 3247 1541 οὐδεὶς
3278 1479 3335 1543 ἐξ
3370 1474 3548 1529 αὐτῶν
3576 1472 3844 1535 ἀπώλετο,

2265 1580 2314 1631 εί
2348 1578 2426 1649 μὴ
2466 1577 2495 1629 6
2539 1576 2653 1639 υἰὴς
2682 1574 2781 1644 τῆς
2821 1570 3116 1634 ἀπωλείας,
3153 1570 3241 1622 ἵνα
3268 1571 3302 1638 ἡ
3330 1566 3524 1637 Γραφὴ
3560 1564 3840 1635 πληρωθῇ.

2268 1670 2381 1726 Νῦν
2410 1667 2466 1724 δὲ
2494 1665 2631 1741 πρὸς
2660 1662 2719 1720 σὲ
2742 1663 2990 1738 ἔρχομαι,
3005 1661 3287 1717 καὶταῦτα
3302 1660 3449 1713 λαλῶ
3466 1660 3523 1712 ὲν
3538 1657 3617 1727 τῷ
3633 1656 3843 1726 κόσμῳ,

2270 1766 2357 1818 ἵνα
2407 1762 2572 1833 ἔχωσι
2613 1760 2712 1830 τὴν
2762 1757 2935 1830 χαράν
2980 1757 3079 1827 τὴν
3130 1754 3269 1825 ὲμὴν
3315 1749 3761 1821 πεπληρωμένην
3792 1749 3846 1799 ἐν

590 1840 681 1897 nlo
714 1858 728 1895 :
755 1850 807 1895 et
838 1843 947 1897 lucc
996 1843 1185 1915 loquor
1224 1847 1275 1902 iu
1312 1851 1528 1912 mundo,
1561 1861 1617 1905 ut
1650 1852 1885 1907 habeant
1912 1852 2163 1923 gaudium

2281 1852 2472 1919 ιιὺτοΐς.
2504 1875 2521 1907 ι
2551 1853 2749 1922 Συνίης
2776 1847 2889 1914 οὖν,
2922 1851 3070 1911 ὅπως
3115 1846 3222 1901 ἀπὸ
3248 1845 3416 1915 μόνης
3445 1842 3637 1918 ὥσπερ
3676 1841 3838 1909 ﬁsi-5"

2649 1944 2659 1947 _
2857 1939 2879 1947 .-
3276 1936 3288 1947 ι
3648 1930 3660 1947 Ι
3761 1928 3787 1947 ﬂ
3816 1945 3838 1947 ν.

594 1949 772 1990 meum
813 1936 1092 2006 impletum
1132 1939 1185 1995 iu
1233 1944 1541 2013 semetipsis
1564 1940 1631 1997 ⁸⁸.
1672 1963 1690 1995 ι
1726 1943 1987 2014 lntelligis
2030 1959 2165 2013 quo-

593 2026 754 2079 modo
777 2042 873 2095 per
898 2027 1089 2092 solam,
1114 2045 1264 2087 more
1283 2043 1485 2099 nostro,
1510 2034 1898 2089 humanitatem
1929 2035 2017 2089 hic
2040 2033 2171 2091 insi-

595 2113 749 2167 nuari
788 2114 1072 2171 videatur?
1100 2117 1285 2189 Neque
1330 2123 1470 2178 enim
1514 2138 1581 2176 ex
1641 2108 1790 2179 hisce
1844 2125 2170 2181 concludere

595 2205 720 2265 licet
765 2206 1000 2265 Verbum
1029 2211 1210 2283 aliquo
1243 2228 1302 2269 se
1329 2214 1619 2283 abdidisse,
1645 2226 1736 2272 aut
1770 2232 1800 2273 e
1844 2221 2043 2275 mundo
2069 2220 2172 2275 hoc

552 2352 559 2356 _
593 2297 1398 2374 emigrassezconstatnamque
1417 2304 1544 2361 alibi
1574 2316 1759 2375 aperte
1807 2308 2167 2364 disseruisse:

601 2408 622 2451 ι
655 2391 852 2462 Amen,
878 2408 1035 2448 amen
1089 2393 1211 2449 dico
1256 2395 1429 2461 vobis,
1463 2397 1550 2453 ubi
1602 2405 1729 2452 sunt
1782 2399 1888 2455 duo
1936 2402 2029 2453 aut
2062 2408 2174 2455 tres

597 2485 906 2555 congregati
980 2486 1033 2541 in
1098 2486 1314 2544 nomine
1376 2503 1518 2554 meo,
1569 2490 1642 2545 ibi
1705 2505 1827 2545 sum
1874 2491 1928 2546 in
1998 2493 2175 2547 medio

598 2577 861 2632 eorum”.
902 2596 921 2628 ι
947 2576 1011 2632 Et
1042 2577 1235 2634 iterum
1261 2594 1276 2634 :
1306 2599 1324 2633 ι
1364 2580 1504 2637 Ecce
1534 2581 1809 2638 vobiscum
1855 2597 1973 2638 sum
2005 2598 2176 2654 usque

600 2667 667 2722 ad
711 2669 1233 2728 consummationem
1267 2672 1449 2727 saeculi
1479 2673 1546 2726 ⁸⁷.
1582 2692 1601 2723 ι
1648 2674 1846 2731 Videas
1894 2686 1949 2731 et
1990 2690 2176 2731 sacra-

601 2759 869 2815 tissimum
928 2778 1144 2833 quoque
1191 2763 1415 2819 Paulum
1456 2780 1599 2837 smpe
1639 2767 2010 2838 multisquein
2042 2770 2177 2825 locis

602 2853 838 2907 hominis
873 2855 1133 2910 vocabulo
1171 2858 1519 2913 cunctantius
1548 2860 1795 2916 eumdem
1844 2861 2131 2933 designare
2161 2882 2174 2918 :

609 2962 627 2995 ι
671 2942 892 3011 Paulus,
949 2948 1145 3017 inquit,
1207 2951 1503 3019 apostolus,
1548 2969 1653 3008 non
1712 2954 1781 3009 ab
1841 2954 2174 3024 hominibus,

604 3051 779 3109 neque
809 3054 903 3107 per
941 3039 1235 3107 hominem,
1264 3045 1358 3099 sed
1399 3059 1495 3113 per
1531 3043 1716 3099 Jesum
1754 3044 2033 3101 Christum
2053 3048 2119 3103 ⁸⁸.
2154 3066 2172 3101 ι

604 3124 870 3183 Rursum:
898 3147 915 3181 ι
943 3129 1135 3186 Νοιιιιη
1168 3142 1349 3189 autem
1378 3134 1529 3191 vobis
1564 3135 1723 3203 facio,
1749 3135 1968 3206 fratres,
2001 3139 2180 3193 Evam-

2273 1951 2370 2019 τῆς
2405 1944 2827 2017 ἀνθρωπότητος
2856 1939 2912 1993 ἔν
2956 1956 3018 2008 γε
3064 1936 3299 1991 τουτοισὶ
3337 1928 3847 2026 κατασημαίνεσθαι

2274 2040 2449 2102 δοκεί;
2501 2029 2802 2105 Οίήοομαιὶ
2850 2028 2959 2100 γὰρ
2993 2025 3243 2118 οὐδαμῶς
3294 2020 3601 2118 κεκρύφθαι
3644 2034 3706 2069 τε
3751 2020 3849 2118 ,καὶ

2275 2129 2574 2199 ἀποδημεῖν
2633 2123 2728 2179 τοῦ
2786 2123 3026 2191 κόσμου,
3071 2117 3250 2171 καίτοι
3315 2113 3564 2182 λέγοντος
3630 2113 3845 2207 caedi;-

2282 2243 2299 2273 ι
2324 2197 2514 2290 Ἀμην,
2562 2215 2710 2287 ἀμὴν
2754 2210 2901 2279 λέγω
2946 2210 3094 2280 ὑμῖν,
3126 2207 3208 2260 ὅτι
3254 2206 3385 2258 ὅπου
3417 2203 3510 2255 ἐὰν
3542 2197 3850 2290 συναχθιῖισι

2274 2286 2459 2380 δύο-ἥ⁷
2488 2308 2635 2378 τρεῖς
2669 2286 2747 2367 εἰς
2774 2301 2837 2355 τὸ
2866 2303 2999 2372 ὲμδν
3045 2300 3235 2369 ὄνομα,
3273 2296 3390 2348 ἐκεῖ
3435 2294 3550 2361 εἰμι
3600 2291 3658 2341 tv
3708 2286 3851 2358 μέσῳ

2278 2405 2520 2460 αὐτῶν.»
2573 2398 2686 2455 Ka‘l
2731 2396 2928 2450 πάλιν’
2989 2412 3007 2445 ι
3037 2391 3170 2446 Ἰδοὺ
3224 2386 3337 2457 ἐγὼ
3386 2384 3502 2457 μεθ’
3531 2382 3689 2454 ὑμῶν
3744 2380 3853 2448 εἰμι

2279 2497 2460 2559 πάσας
2488 2492 2586 2555 ea;
2617 2488 2853 2561 ἡμέρας,
2885 2484 2991 2547 ἕως
3022 2482 3121 2554 τῆς
3147 2473 3454 2540 συντελείας
3477 2474 3572 2529 τοῦ
3598 2473 3846 2534 αἰῶνος.»

2284 2588 2442 2649 Ἴδοις
2475 2583 2519 2636 δ’
2551 2580 2615 2633 ἀν
2643 2580 2738 2633 καὶ
2765 2575 2931 2631 αὑτὸν
2971 2572 3061 2628 τὸν
3093 2570 3384 2645 ἱερώτατον
3409 2567 3621 2621 Παῦλον
3655 2564 3857 2634 καταρο

2282 2674 2628 2751 ῥᾳθυμοῦντα
2680 2669 2941 2731 πολλάκις
2977 2665 3073 2719 τοῦ
3122 2663 3215 2718 καὶ
3253 2661 3539 2732 ἄνθρωπον
3572 2658 3684 2751 δεῖν
3725 2658 3858 2751 ἀνα-

2280 2746 2571 2840 κηρύττειν
2587 2763 2769 2817 αὐτόν.
2795 2780 2814 2811 ι
2840 2758 3052 2821 Παῦλος
3071 2755 3199 2828 γάρ,
3222 2753 3409 2825 φησὶν,
3762 2746 3859 2848 οὐκ

2282 2861 2376 2917 ἀπ’
2403 2856 2727 2931 ἀνθρώπων,
2770 2848 2892 2909 οὐδὲ
2933 2850 3000 2905 δι’
3029 2846 3342 2919 ἀνθρώπου,
3392 2843 3526 2898 ἀλλά
3556 2840 3649 2895 διὰ
3683 2840 3859 2909 Ἰησοῦ

2283 2952 2544 3028 Χριστοῦ.
2579 2971 2598 3005 ι
2639 2950 2748 3003 Kal
2778 2944 2844 3003 αῦ
2876 2942 2969 2999 ὲπὶ
3002 2942 3209 3005 τούτοις
3228 2957 3254 3028 ἰ
3293 2960 3311 2992 ‹
3338 2936 3600 3028 Γνωρίξιο
3635 2934 3863 3028 δὶα-ὑμῖν

2284 3023 2348 3100 ab
2371 3040 2726 3111 Εὐαγγέλιον,
2758 3035 2914 3108 φησὶ,
2941 3033 3003 3088 τὸ
3043 3024 3425 3100 εὐαγγελισθὲν
3470 3027 3561 3080 ὑπ’
3591 3024 3748 3095 ἐμοῦ,
3781 3023 3865 3074 ὅτι

2285 3138 2387 3193 οὐκ
2436 3136 2550 3189 ἐστι
2604 3133 2725 3187 κατ’
2756 3128 3065 3201 ἄνθρωπον.
3101 3124 3239 3178 neas
3279 3122 3390 3193 γὰρ
3422 3118 3533 3189 ἐγὼ
3572 3116 3724 3185 παρά
3773 3116 3867 3167 ἁν-

566 3264 567 3267 η
605 3216 824 3285 gelium,
857 3219 999 3289 quod
1031 3222 1459 3292 evangelizatum
1488 3234 1572 3280 est
1603 3241 1631 3280 a
1658 3242 1767 3291 me,
1803 3229 1928 3298 quia
1960 3245 2064 3283 non
2097 3240 2179 3285 est

2288 3227 2508 3300 θρώπου
2554 3220 2862 3296 παρέλαϐον
2909 3218 3062 3283 αὐτὸ,
3091 3216 3211 3270 οὐδὲ
3258 3212 3563 3283 ἐδιδάχθην,
3790 3207 3868 3313 δι

608 3309 902 3365 secundum
958 3311 1254 3369 hominem.
1293 3312 1480 3385 Neque
1539 3320 1683 3371 enim
1711 3332 1811 3388 ego
1864 3318 1932 3374 ab
1966 3318 2179 3375 homine

2291 3298 2684 3386 ἀποκαλύψεως
2721 3311 2895 3385 Ἰησοῦ
2920 3308 3181 3383 Χριστοῦ.
3202 3326 3220 3359 ι
3248 3304 3361 3368 Καὶ
3388 3305 3494 3376 μὴν
3525 3303 3621 3356 καὶ
3642 3298 3885 3371 ἐτέρωθὲ

610 3401 793 3471 accepi
847 3400 996 3464 illud,
1040 3418 1230 3473 neque
1291 3405 1477 3469 didici,
1513 3408 1609 3462 sed
1668 3423 1765 3477 per
1805 3409 2185 3467 revelationem

606 3488 738 3548 Iesu
796 3493 1001 3550 Christi
1034 3496 1100 3550 ⁸⁸.
1138 3514 1157 3549 ι
1195 3495 1262 3551 Ει
1291 3497 1398 3551 alio
1426 3498 1496 3553 ita
1539 3498 1659 3555 loco
1692 3517 1704 3554 :
1738 3519 1756 3551 ι
1795 3499 1875 3567 Si,
1904 3502 2000 3569 ait,
2034 3501 2190 3557 Chri-

608 3595 754 3640 stum
786 3588 1139 3657 cognovimus
1183 3591 1481 3646 secundum
1505 3607 1744 3659 carnem,
1779 3594 1872 3648 sed
1904 3591 2015 3660 jam
2047 3610 2190 3649 nunc

612 3693 718 3733 non
767 3679 1017 3735 ntvimus
1046 3679 1114 3735 θ’.
1164 3697 1183 3735 ι
1219 3678 1338 3741 Jam
1386 3683 1702 3751 ecquisnam
1764 3694 1848 3740 est
1894 3684 1982 3740 ille
2034 3684 2191 3742 Jcsus

612 3770 884 3838 Christus,
930 3771 1023 3841 qui
1071 3773 1374 3842 apostolum
1442 3774 1745 3831 divinorum
1806 3778 2189 3847 mysteriorum

615 3863 806 3919 notitia
837 3877 1009 3934 usque
1040 3864 1175 3921 adeo
1209 3865 1445 3931 occulta,
1469 3878 1619 3923 certa
1647 3882 1710 3923 ac
1738 3868 1917 3923 divina
1953 3868 2193 3924 illustra-

615 3956 733 4012 vit?
762 3956 955 4013 Annon
1006 3956 1268 4026 Verbum,
1314 3959 1459 4029 quod
1516 3961 1686 4016 nostri
1720 3976 1884 4015 causa
1914 3962 2074 4017 homo
2113 3961 2192 4016 fa-

614 4058 763 4106 ctum
823 4064 891 4105 ex
946 4049 1177 4107 muliere
1233 4050 1387 4106 nasci
1418 4065 1524 4106 non
1571 4051 1878 4107 recusavit?
1909 4052 1992 4107 An
2025 4052 2189 4119 istud,

614 4156 818 4210 quaso,
843 4156 948 4196 non
970 4150 1054 4197 est
1070 4142 1302 4197 verum?
1326 4142 1433 4197 imo
1456 4143 1818 4199 verissimum.
1847 4143 2195 4201 Meminimus

615 4249 853 4303 namque
881 4233 1187 4291 Gabrielem
1230 4235 1500 4306 ejusmodi
1531 4235 1777 4292 oratione
1834 4251 2044 4292 sacram
2075 4236 2196 4293 Vir-

617 4327 796 4398 ginem
837 4327 1184 4398 appellasse:
1225 4346 1247 4383 ι
1294 4328 1372 4384 Ne
1392 4329 1605 4394 timeas,
1642 4327 1811 4391 Maria
1844 4348 1858 4385 :
1889 4345 2017 4386 ecce
2047 4331 2195 4386 enim

619 4419 894 4489 concipies
926 4420 978 4474 in
1006 4430 1182 4488 utero,
1213 4430 1269 4478 et
1312 4422 1493 4492 paries
1537 4422 1732 4478 Filium
1765 4432 1820 4479 et
1845 4425 2068 4479 vocabis
2099 4439 2199 4481 no-

619 4528 743 4571 men
786 4514 906 4584 ejus
964 4512 1149 4571 Jesum
1181 4517 1249 4571 ⁹¹.
1282 4534 1302 4569 ι
1336 4515 1542 4571 Nomen
1573 4520 1675 4572 hoc
1725 4531 1924 4573 novum
1947 4533 1976 4571 a
2008 4516 2196 4582 Patre,

2291 3427 2457 3482 φησιν
2479 3425 2494 3439 ·
2532 3428 2550 3460 ι
2581 3406 2645 3461 Ei
2670 3406 2727 3459 δὲ
2761 3404 2856 3458 καὶ
2881 3400 3201 3472 ἐγνώκαμεν
3228 3397 3371 3453 κατά
3407 3396 3585 3466 σάρκα
3608 3390 3868 3464 Χριστὸν,

2250 3520 2255 3523 ’
2288 3502 2427 3557 ἀλλά
2459 3500 2554 3555 νῦν
2579 3498 2764 3554 οὐκέτι
2798 3494 3159 3566 γινώσκομεν.
3191 3510 3208 3543 ι
3238 3491 3334 3553 Τίς
3359 3485 3451 3544 οῦν
3478 3490 3625 3542 ἐστιν
3664 3483 3870 3555 Ἰησοῦς

2289 3597 2321 3649 ὁ
2366 3588 2620 3666 Χριστὸς,
2663 3592 2691 3645 6
2736 3582 2833 3661 τὴν
2862 3586 3035 3650 οὕτως
3067 3583 3281 3656 ἀπλανῆ
3328 3599 3387 3635 τε
3421 3579 3517 3635 καὶ
3562 3579 3871 3648 ἀπόρρητον

2292 3688 2445 3742 Θείαν
2476 3681 2818 3752 ἀποκάλυψιν
2850 3680 2958 3734 τῶν
2997 3674 3193 3732 ἑαυτοῦ
3245 3672 3559 3746 μυστηρίων
3605 3667 3870 3738 ὲναστρά-

2293 3795 2445 3833 πτων
2477 3776 2659 3847 αὐτῷ;
2691 3770 2781 3845 ἆρ’
2808 3771 2929 3843 οὐχὶ
2977 3769 3272 3841 γενόμενος
3329 3764 3465 3836 σὰρξ
3497 3765 3526 3818 ὁ
3556 3763 3751 3830 Λόγος,
3778 3760 3870 3811 καὶ

2292 3872 2394 3944 τὴν
2438 3871 2504 3924 ὲκ
2551 3865 2812 3938 γυναικὸς
2843 3865 2911 3918 δι’
2945 3864 3093 3935 ἡμᾶς
3140 3859 3240 3940 οῦκ
3286 3855 3562 3928 ἀτιμάσας
3586 3852 3868 3922 γέννησινς

2293 3968 2489 4023 Καίτοι
2520 3964 2636 4028 πῶς
2659 3962 2760 4017 οὐκ
2788 3958 2983 4031 ἀληθὲς
3013 3960 3148 4029 ὅπερ
3177 3956 3352 4026 ἕφηνς
3387 3948 3733 4023 Μεμνήμεθα
3766 3944 3870 4015 γάρ

2293 4061 2387 4115 τοῦ
2434 4055 2674 4127 Γαϐριὴλ
2718 4052 2969 4122 λέγοντος
3017 4051 3151 4123 πρὸς
3196 4049 3296 4119 τὴν
3352 4044 3513 4112 ἁγίαν
3556 4039 3866 4112 Παρθένον·

2302 4172 2320 4204 ι
2349 4150 2442 4222 Μὴ
2473 4147 2661 4217 φοϐοῦ,
2688 4145 2921 4215 Μαριάμ
2941 4159 2955 4174 ·
2996 4143 3105 4196 ἰδοὺ
3139 4140 3248 4213 γὰρ
3295 4135 3538 4206 συλλήψῃ
3570 4134 3627 4186 tv
3652 4129 3869 4201 γαστρὶ,

2296 4243 2391 4298 καὶ
2415 4241 2542 4313 τέξῃ
2569 4239 2704 4299 υἱὸν.
2728 4238 2823 4291 καὶ
2842 4234 3092 4295 καλέσεις
3118 4233 3177 4286 τὸ
3197 4231 3370 4301 ὄνομα
3396 4227 3562 4283 αὐτοῦ
3598 4223 3823 4313 Ἰησοῦν.
3848 4240 3865 4273 ι

2296 4332 2500 4389 Καινδν
2520 4312 2523 4313 ν
2544 4332 2602 4386 δὲ
2652 4326 2805 4400 οἶμαι
2835 4326 2992 4381 τοῦτο
3030 4324 3181 4397 παρά
3212 4321 3309 4376 τοῦ
3342 4317 3555 4389 [ἰατρὸς
3586 4316 3757 4384 δνομα
3787 4312 3871 4363 δε-

2299 4427 2485 4484 δόσθαι
2516 4423 2594 4496 τῷ
2622 4423 2781 4493 Λόγῳ
2818 4419 2906 4474 διὰ
2938 4418 3039 4489 τῆς
3080 4415 3174 4469 τοῦ
3224 4411 3459 4482 ἀγγέλου
3501 4406 3705 4477 φωνῆς.
3738 4404 3875 4496 Προ-

2302 4493 2661 4589 ανεκεκράγει
2682 4512 2791 4583 γάρ
2816 4511 2957 4565 οὕτω
2985 4506 3080 4562 καὶ
3106 4502 3491 4578 χρησμῴδημα
3520 4493 3870 4589 προφητικόν’

618 4605 834 4676 opinor,
852 4621 948 4676 per
977 4608 1150 4679 angeli
1177 4622 1363 4665 vocem
1397 4609 1707 4679 impositum
1731 4616 1833 4664 est.
1862 4607 2172 4664 Praedixerat

2311 4633 2329 4666 ι
2358 4611 2471 4667 Kal
2499 4585 2788 4664 καλέσουσι
2822 4602 2883 4657 τὺ
2923 4600 3096 4673 ὄνομα
3126 4595 3304 4654 αὐτοῦ
3339 4595 3398 4649 τὸ
3425 4590 3629 4653 καινὸν,
3653 4588 3682 4641 ὃ
3709 4589 3737 4641 6
3768 4585 3877 4639 Κύ-

621 4697 768 4755 enim
801 4701 970 4758 multo
996 4711 1124 4759 ante
1151 4702 1413 4773 propheta
1444 4720 1459 4758 :
1500 4722 1520 4755 ι
1553 4699 1622 4758 Et
1664 4701 1945 4758 vocabitur
1976 4702 2074 4759 tibi
2104 4718 2202 4759 no-

623 4803 748 4846 men
778 4807 997 4859 novum,
1030 4793 1174 4866 quod
1202 4808 1265 4850 os
1292 4794 1505 4853 Domini
1540 4794 1838 4850 nominabit
1868 4796 1938 4850 ".
1977 4814 1997 4849 ι
2021 4796 2202 4863 Quan-

623 4885 694 4941 do
717 4899 847 4955 ergo
885 4886 1201 4957 unigenitus
1238 4886 1428 4954 Filius,
1457 4888 1550 4959 qui
1572 4888 1722 4944 Patri
1740 4897 2047 4946 coaeternus
2074 4900 2204 4948 ante

622 4977 805 5034 omnia
839 4978 1037 5035 saecula
1069 4979 1298 5045 exstitit,
1335 4979 1647 5036 novissimis
1669 4981 2005 5051 temporibus
2037 4982 2203 5040 homo

623 5070 825 5136 factus,
859 5081 915 5128 et
948 5088 1012 5129 ex
1059 5070 1285 5129 muliere
1334 5081 1495 5128 natus
1518 5071 1586 5140 ",
1610 5079 1667 5127 et
1705 5071 1878 5130 Filius
1920 5074 2202 5144 praedesti-

626 5173 812 5231 natus,
836 5173 891 5220 et
931 5165 1326 5237 primogenitus
1368 5164 1687 5238 appellatus,
1716 5177 1770 5223 et
1824 5167 1966 5223 inter
2006 5167 2205 5224 multos

627 5257 828 5315 fratres
866 5270 1183 5316 numeratus
1212 5269 1297 5315 est
1320 5261 1389 5326 ’⁸,
1421 5269 1551 5316 tunc
1588 5260 1677 5316 ille
1730 5274 1966 5331 quoque,
2000 5260 2091 5332 qui
2120 5274 2207 5315 se-

2304 4721 2415 4775 ριος
2436 4700 2695 4772 ὀνομάσει
2721 4696 2871 4753 αὐτό.
2885 4714 2903 4748 ι
2935 4695 3064 4749 Ὅτε
3084 4692 3265 4746 τοίνυν
3292 4687 3561 4749 ωναῖδιος
3582 4681 3660 4753 τῷ
3681 4678 3872 4775 Πατρὶ,

2300 4773 2399 4852 καὶ
2431 4795 2537 4867 πρὸ
2567 4791 2769 4855 παντὸς
2793 4788 2990 4852 αἰῶνος
3024 4786 3152 4850 Υἱὸς
3190 4781 3507 4856 μονογενὴς,
3538 4778 3596 4830 tv
3629 4773 3878 4867 ἐσχάτοις

2300 4864 2513 4960 καιροίς
2562 4886 2788 4955 γέγονεν
2837 4881 3143 4954 ἄνθρωπος,
3187 4876 3511 4947 γεγέννηται
3566 4869 3623 4922 δὲ
3677 4864 3772 4960 καλ.
3819 4864 3879 4915 ὲκ

2302 4957 2582 5053 γυναικὸς,
2620 4976 2717 5031 καὶ
2762 4973 2973 5047 ὡρίσθη
3030 4972 3128 5043 μὲν
3164 4968 3292 5032 Υἱὸς
3319 4964 3479 5027 Θεοῦ,
3510 4957 3880 5053 κεχρημάτικε

2314 5050 2371 5129 δὲ
2398 5073 2491 5129 καὶ
2521 5069 2882 5142 πρωτότοκος,
2919 5065 3015 5118 καὶ
3040 5062 3263 5133 γέγονεν
3288 5062 3346 5113 tv
3374 5056 3586 5119 πολλοῖς
3613 5050 3876 5150 ἀδελφοῖς

2311 5168 2433 5221 τότε
2468 5165 2561 5220 καὶ
2612 5165 2641 5217 6
2691 5161 2849 5232 φύσει
2879 5157 3069 5228 Πατὴρ
3111 5153 3281 5225 ὁρίζει
3313 5150 3374 5205 τὸ
3402 5150 3594 5219 ὄνομα,
3644 5144 3759 5205 τοῖς
3790 5144 3882 5208 τῆς

2319 5257 2681 5329 πατρότητος,
2718 5254 2785 5307 ἵν’
2813 5250 2986 5315 οὕτως
3016 5248 3281 5319 εἴπωμεν,
3312 5240 3501 5313 νόμοις
3526 5237 3815 5309 ἑπόμενος.

633 5351 865 5410 :undum
930 5360 1182 5409 naturam
1236 5350 1399 5411 Pater
1471 5365 1575 5425 est,
1634 5355 1979 5426 paternitatis
2039 5354 2211 5426 leges,
2259 5360 2320 5410 ut
2362 5353 2436 5409 ita
2488 5352 2698 5423 loquar,
2724 5354 2961 5412 secutus,
3002 5356 3198 5399 nomen
3239 5339 3342 5394 hoc
3368 5333 3623 5406 imponit.

624 5546 628 5550 ‘
726 5537 1009 5595 “Coloss.
1057 5554 1144 5608 ιιι,
1179 5539 1235 5595 3.
1324 5539 1371 5571 "
1402 5537 1563 5595 Joan.
1617 5554 1752 5602 xvii,
1790 5535 1991 5594 ἰαί-15.
2068 5536 2113 5568 ⁸⁸
2152 5534 2179 5590 δ

631 5606 679 5641 ⁸⁴⁸
702 5607 835 5659 ibid.
862 5609 948 5659 Η.
987 5609 1075 5659 12.
1170 5609 1217 5644 ⁸⁸
1240 5608 1282 5659 ll
1312 5610 1437 5659 Cor.
1466 5625 1521 5659 ν.
1554 5610 1642 5659 16.
1742 5609 1788 5644 ⁸³
1819 5609 1950 5659 Luc.
1991 5623 2051 5659 ιι.
2091 5606 2179 5659 50.

2281 5537 2344 5589 ,1ι.
2380 5530 2649 5598 xvm,‘20.
2754 5530 2797 5560 ⁸⁷
2831 5530 3019 5599 Matth.
3047 5536 3241 5587 xxvnt,
3266 5530 3356 5571 uti.
3473 5530 3519 5544 τυ
3542 5530 3721 5565 Uilla“.
3758 5530 3796 5567 ι.

2281 5604 2582 5659 ’lsa.t.xtt.
2615 5600 2672 5654 2.
2766 5597 3006 5654 "Galat.
3039 5611 3109 5659 tr,
3146 5595 3196 5648 4.
3274 5590 3321 5623 ⁸⁸
3364 5586 3521 5643 Rom.
3563 5593 3686 5641 vm,
3725 5576 3818 5630 29.

631 5606 679 5641 "
701 5607 835 5666 ibid.
862 5609 948 5675 li,
987 5609 1075 5664 12.
1132 5606 1137 5608 ’
1170 5608 1283 5665 "il
1312 5610 1437 5666 Cor.
1466 5625 1522 5676 v,
1554 5610 1642 5665 16.
1742 5609 1788 5644 ⁸³
1819 5609 1950 5666 Luc.
1991 5623 2051 5674 tl,
2091 5606 2180 5662 50.

2754 5530 2797 5560 ⁸⁷
2831 5524 3019 5581 Matth.
3047 5536 3241 5587 xxvnt,
3266 5517 3375 5587 20.
3473 5511 3519 5544 ⁸⁸
3542 5507 3796 5587 (ἶιιιίιιλρ
3836 5503 3884 5555 Ι.

1732 5761 1906 5819 Varia:
1932 5761 2194 5820 lectiones
2242 5756 2447 5817 codicis
2480 5750 2839 5827 Seguicriaui.

718 5900 868 5971 ιδῑσ.
894 5901 968 5963 ὡς
1010 5901 1137 5973 παρ’
1164 5902 1319 5974 ἡμῖν.
1398 5900 1411 5951 ι
1447 5899 1762 5974 οἰησόμεθα.
