4146 6520
362 450 504 506 H77

1320 452 1404 507 DE
1444 451 1671 510 RECTA
1714 451 1869 507 FlDE
1906 453 1998 508 AD
2038 452 2485 511 TilEODOSlUM
2524 455 2660 510 ιλιι).

3478 457 3616 514 1178

434 566 515 619 A'.
568 564 628 620 Ὀ
675 563 837 629 αὐτὸς
875 560 969 619 οῦν
1022 564 1129 637 ἀρα
1180 567 1274 620 καὶ
1325 568 1619 639 μονογενής
1669 569 1805 630 ἐστι,
1849 567 1940 620 καὶ

2118 568 2285 624 XXX.
2330 569 2473 625 ldem
2537 573 2720 640 itaque
2772 554 3077 642 unigenitus
3123 583 3179 630 et
3226 571 3617 646 primogenita:

364 657 742 728 πρωτότοκος·
778 658 807 710 ό
832 657 940 730 γάρ
969 675 1051 711 τοι
1094 657 1387 729 μονογενὴς
1421 658 1495 722 ὡς
1522 659 1672 723 Θεὸς,
1722 659 1936 731 πρωτό-

362 764 523 811 τοκος
582 749 640 801 ἐν
688 749 840 819 ἡμῖν,
875 747 999 802 καθ’
1033 749 1228 802 ἕνωσιν
1280 750 1636 821 οἰκονομικῶς
1658 749 1704 815 ¹ί,
1738 751 1829 803 καὶ
1880 752 1937 804 ὲν

366 839 581 901 πολλοῖς
614 839 863 909 ἀδελφοῖς
907 839 983 904 ὼς
1027 840 1310 911 ἄνθρωπος
1331 856 1346 872 ·
1401 841 1469 895 ἵν’
1493 843 1657 913 ἡμεῖς
1688 835 1835 912 ὦμεν
1863 840 1939 904 ὼς

365 932 425 984 ὲν
457 928 606 1001 αὐτῷ
646 948 708 985 τε
744 932 840 985 καὶ
870 932 939 985 δι’
969 932 1132 985 αὐτοῦ
1169 932 1275 985 υἱοὶ
1303 932 1439 986 Θεοῦ
1473 934 1716 1001 φυσικῶς
1755 950 1814 986 τε
1846 933 1939 985 καὶ

365 1023 507 1077 κατὰ
536 1023 697 1094 χάριν
722 1039 736 1053 ·
767 1022 1012 1093 φυσικῶς
1047 1024 1165 1095 μὲν,
1188 1025 1264 1088 ὡς
1288 1026 1344 1078 ὲν
1365 1023 1514 1095 αύτῷ
1542 1042 1600 1077 τε
1634 1024 1725 1078 καὶ
1753 1025 1898 1096 μόνῳ
1921 1041 1933 1054 ·

368 1114 707 1185 μεθεκτικῶς
742 1115 799 1169 δὲ
829 1116 922 1169 κα)⁸
970 1114 1112 1170 κατὰ
1144 1116 1304 1188 χάριν
1352 1119 1515 1188 ἡμεῖς
1560 1117 1628 1171 δι’
1659 1116 1822 1171 αὐτοῦ
1882 1119 1938 1170 ὲν

366 1204 883 1277 Πνεύματι.Ὦσπερ
915 1201 1008 1261 οῦν
1045 1206 1265 1276 γέγονεν
1295 1207 1424 1262 ἴδιον
1454 1211 1551 1280 τῆς
1580 1208 1938 1280 ἀνθρωπότη-

366 1311 458 1358 τος
510 1296 569 1348 ὲν
607 1295 829 1367 Χριστῷ
874 1295 936 1349 τὸ
986 1295 1293 1367 μονογενὲς,
1333 1298 1421 1351 διὰ
1464 1298 1524 1352 τὸ
1570 1299 1816 1370 ἡνῶσθαι
1863 1298 1941 1370 τῶ

364 1385 526 1463 Λόγῳ
572 1386 714 1440 κατὰ
759 1384 1029 1459 σύμϐασιν
1076 1388 1456 1462 οἰκονομικήν·
1491 1389 1663 1454 οὕτως
1691 1391 1819 1444 ἴδιον
1845 1390 1938 1445 τοῦ

365 1478 566 1546 Λόγου,
584 1476 665 1541 τὸ,
676 1476 746 1531 ἐν
762 1476 1012 1544 πολλοῖς
1025 1478 1328 1548 ἀδελφοῖς,
1350 1481 1442 1534 καὶ
1454 1480 1533 1545 τὸ,
1548 1484 1938 1550 πρωτότοκος,

365 1569 458 1624 διὰ
490 1569 551 1623 τὸ
576 1569 816 1641 ἡνῶσθαι
848 1569 1033 1641 σαρκί.
1057 1570 1475 1642 Ἐρηρεισμένον
1501 1572 1546 1626 δ’
1570 1567 1662 1626 οῦν
1703 1572 1840 1643 ἔχων
1879 1575 1940 1628 τὸ

367 1654 508 1714 εἶναι
527 1660 679 1725 θεὸς,
713 1660 809 1714 καὶ⁸
831 1660 1040 1732 τροπῆς
1068 1659 1308 1731 ἀμείνων
1341 1662 1622 1733 ὑπάρχων,
1652 1664 1740 1717 ἀεὶ
1772 1664 1942 1735 μεμέ-

365 1769 533 1824 νηκεν
563 1753 698 1823 ὅπερ
726 1747 815 1823 ἦν,
847 1751 943 1805 καὶ
981 1751 1070 1806 ὅτε
1101 1752 1325 1821 γέγονεν
1367 1752 1675 1825 ἅνθρωπος,
1702 1758 1769 1827 τῇ
1798 1755 1941 1808 κατά

369 1849 587 1903 πάντων
617 1847 882 1922 ὑπεροχῇ,
918 1844 1044 1920 δόξῃ
1076 1864 1135 1901 τε
1164 1850 1231 1919 τῇ
1266 1847 1525 1902 ἀνωτάτω
1560 1845 1940 1916 κατεστεμμέ-

366 1956 481 2004 νος.
505 1940 791 2011 Τοιγάρτοι
819 1939 1173 1993 κεκέλευσται
1210 1938 1331 2010 μεθ’
1354 1938 1511 2010 ήμῶν
1544 1940 1637 1993 καὶ
1665 1939 1804 2008 αὑτὴ
1831 1938 1941 1992 τῶν

368 2032 484 2087 ἅνω
511 2032 836 2103 πνευμάτων
872 2031 906 2103 ἠ
938 2031 1071 2100 ἀγία
1103 2048 1163 2084 τε
1190 2031 1283 2085 καὶ
1316 2030 1688 2103 παμμακαρία
1735 2030 1944 2102 πληθὺς

369 2123 694 2193 προσκυνεῖν
739 2117 1036 2195 αύτῷ.Ἧν
1080 2122 1190 2192 γάρ
1233 2121 1406 2193 δήπου
1454 2121 1548 2174 καὶ
1602 2121 1747 2193 μάλα
1794 2121 1944 2186 εἰκὸς

373 2214 673 2285 ἀνήνασθαι
723 2211 823 2287 τὴν
848 2212 1241 2287 προσκύνησιν,
1270 2213 1365 2267 καὶ
1392 2213 1725 2284 κατοκνῆσαι
1751 2215 1939 2285 τιμᾷν,

369 2304 431 2358 τὸ
471 2304 569 2374 τῆς
617 2303 1034 2377 ἀνθρωπότητος
1083 2303 1498 2377 σμικροπρεπὲς
1545 2305 1807 2375 ὁρῶντας,
1849 2305 1943 2360 καὶ

368 2399 462 2455 τὸν
490 2402 556 2456 δι’
587 2402 733 2473 ἡμᾶς
765 2402 1058 2475 γενόμενον
1086 2401 1207 2456 καθ’
1234 2403 1383 2472 ἡμᾶς
1409 2402 1508 2455 οὐκ
1540 2400 1769 2467 ἀξιῶσαι
1797 2401 1944 2467 δοξο-

369 2489 571 2560 λογεῖν,
600 2491 1009 2560 ἀποφοιτῶντας
1037 2492 1113 2556 ὡς
1141 2491 1413 2546 ἀπωτάτω
1444 2490 1537 2545 τοῦ
1566 2491 1942 2562 πεπλανῆσθαι

369 2583 851 2639 δοκεῖν.Ἀποπτον
875 2582 985 2656 γὰρ
1013 2583 1107 2638 καὶ
1126 2583 1311 2648 αὐτοῖς
1335 2579 1404 2655 ἦν
1432 2582 1593 2637 ἔτιτὸ
1618 2584 1709 2636 ἐπὶ
1726 2583 1944 2655 Χριστῷ

375 2672 693 2743 μυστήριον,
733 2669 1065 2736 ὲξεῑάλυπτε
1115 2670 1173 2723 δὲ
1223 2670 1285 2723 τὺ
1336 2669 1561 2740 Πνεῦμα
1608 2669 1812 2733 αὐτοῖς,
1849 2668 1946 2722 καὶ

370 2762 648 2815 δυσσεϐεῖν
693 2763 792 2815 οὐκ
832 2761 983 2833 ἠφίει
1027 2762 1153 2826 τοὺς
1197 2760 1580 2833 ήγιασμένους.
1648 2760 1945 2832 Τοιγάρτοι

373 2856 536 2925 φησιν
568 2857 596 2908 ὁ
628 2854 912 2919 θεσπέσιος
941 2854 1147 2918 Παῦλος
1168 2869 1184 2885 ·
1220 2854 1421 2907 «Ὅταν
1466 2853 1525 2905 δὲ
1551 2854 1821 2924 εἰσαγάγῃ
1851 2851 1946 2908 τὸν

375 2948 729 3018 Πρωτότοκον
775 2949 854 3011 είς
881 2946 981 3019 τὴν
1029 2946 1376 3018 οἰκουμένην,
1406 2946 1555 3015 λέγει
1576 2963 1590 2979 ο
1620 2945 1729 3000 Καὶ
1769 2961 1945 3017 προσ-

354 3040 766 3110 κυνησάτωσαν
819 3038 967 3111 αὑτῷ
1021 3041 1220 3104 πάντες
1262 3038 1483 3111 ἄγγελοι
1525 3039 1685 3095 Θεοῦ.
1710 3040 1807 3091 »⁸0
1834 3037 1944 3111 γὰρ

350 3130 599 3205 ,ἰδιότητι
643 3132 841 3200 φυσικῇ
875 3129 971 3201 τῆς
1012 3129 1337 3199 οἰκουμένης
1371 3127 1592 3201 ἀπάσης
1623 3126 1940 3196 διενεγκὼν,

2041 663 2148 734 27
2186 672 2268 717 est
2298 680 2312 716 :
2353 663 2661 731 unigenitus
2690 665 2906 732 quidem
2942 673 3001 720 ιιι
3031 666 3193 730 Deus,
3226 668 3616 737 primogenitus

2042 764 2171 802 vero
2227 758 2496 819 quatenus
2561 753 2858 805 secundum
2911 754 3297 809 (economicam
3361 758 3615 812 unionem

2042 838 2183 893 inter
2206 854 2303 894 nos
2323 851 2379 895 ct
2419 840 2559 895 inter
2587 842 2782 895 multos
2817 841 3013 896 fratres
3058 843 3219 898 homo
3241 854 3485 901 versatus
3510 857 3612 911 est,

2040 944 2147 999 quo
2172 939 2227 984 et
2262 944 2361 984 nos
2391 946 2604 1001 quoque
2646 932 2699 985 in
2731 931 2849 1001 ipso
2879 941 2935 987 et
2974 948 3069 1000 per
3107 934 3282 1002 ipsum
3319 939 3611 993 secundum

2043 1008 2290 1076 nat'uram
2316 1032 2372 1077 et
2396 1024 2624 1093 gratiam
2659 1022 2753 1079 lilii
2782 1024 2874 1079 Dei
2908 1023 3243 1081 eﬂiccremur
3272 1046 3285 1082 :
3318 1031 3611 1083 secundum

2041 1126 2291 1169 naturam
2323 1116 2559 1185 quidem,
2590 1124 2647 1171 ut
2680 1118 2733 1172 in
2767 1119 2883 1187 ipso
2924 1124 2977 1171 et
3009 1134 3116 1172 uno
3159 1136 3171 1173 :
3209 1120 3616 1189 participatione

2040 1219 2192 1271 vero,
2233 1214 2286 1260 et
2322 1207 2614 1262 secundum
2651 1207 2881 1278 gratiam
2934 1222 3030 1276 per
3060 1208 3235 1277 ipsum
3296 1210 3347 1263 in
3384 1211 3612 1277 Spiritu.

2042 1295 2502 1367 Quemadmodum
2531 1298 2693 1368 igitur
2722 1297 2921 1354 Christi
2956 1299 3300 1365 humanitati,
3332 1312 3613 1370 propterea

2042 1387 2182 1457 quod
2213 1388 2512 1443 secundum
2540 1388 2961 1459 dispensationis
2992 1390 3240 1458 copulam
3273 1390 3451 1446 Verbo
3486 1408 3617 1446 con-

2038 1478 2219 1550 juncta
2249 1489 2351 1546 est,
2379 1481 2718 1553 unigenitum
2754 1494 2876 1537 esse
2907 1491 2962 1536 et
3015 1481 3119 1536 dici
3182 1484 3457 1553 proprium
3488 1481 3617 1537 olfe-

2041 1582 2189 1628 ctum
2228 1583 2311 1629 est
2344 1591 2358 1628 :
2397 1575 2465 1627 ita
2505 1574 2791 1640 Verbo,eo
2821 1573 3204 1645 quod_unitum
3239 1583 3319 1629 est
3352 1577 3522 1642 carni,
3559 1577 3614 1630 id

2041 1666 2318 1736 proprium
2380 1666 2581 1721 factum
2615 1676 2716 1730 est,
2752 1680 2809 1719 ut
2857 1666 2997 1719 inter
3045 1668 3243 1720 multos
3288 1667 3482 1722 fratres
3514 1668 3619 1734 pri-

2043 1759 2341 1829 mogenitus
2373 1758 2443 1813 sit
2470 1765 2525 1812 et
2556 1758 2878 1828 appelletur.
2912 1758 3045 1812 Cum
3080 1758 3172 1813 Dei
3214 1760 3391 1828 itaque
3422 1769 3612 1811 natura

2043 1848 2275 1915 stabilis,
2300 1848 2521 1903 immota
2568 1850 2853 1918 omnisque
2909 1850 3226 1907 mutationis
3272 1865 3464 1920 expers
3519 1850 3610 1916 sit,

2045 1956 2316 2010 nunquam
2348 1940 2487 1995 Deus
2523 1940 2754 1996 Verbum
2784 1957 2890 1995 non
2933 1942 3135 1996 mansit
3171 1943 3312 2011 quod
3348 1940 3612 1996 crat.Ne-

2043 2047 2147 2102 quc
2177 2048 2305 2089 vero
2337 2044 2445 2089 tum
2478 2035 2692 2103 quando
2710 2032 2872 2088 homo
2894 2033 3068 2089 factus
3094 2044 3195 2099 est,
3221 2049 3446 2090 summa:
3468 2036 3613 2089 illius

2044 2122 2342 2193 maiestatis
2366 2132 2418 2179 et
2435 2122 2757 2193 gloriae,qua
2789 2133 3013 2179 caeteros
3043 2138 3232 2178 omnes
3265 2123 3420 2194 longe
3444 2138 3613 2191 supe-

2044 2224 2147 2282 rat,
2197 2213 2449 2270 coronar'n
2496 2215 2705 2270 amisit.
2765 2214 3123 2281 Quamobrem
3179 2224 3366 2269 sancta
3418 2215 3505 2268 illa
3561 2216 3615 2268 in

2044 2306 2341 2378 primisque
2372 2310 2529 2364 beata
2559 2309 2862 2364 caelestium
2888 2308 3176 2377 spirituum
3218 2307 3526 2370 multitudo,
3560 2317 3618 2360 ut

2042 2397 2190 2453 illum
2233 2400 2445 2466 adoret,
2472 2415 2622 2470 azque
2675 2415 2739 2454 ac
2774 2415 2873 2455 nos
2906 2400 3218 2453 mandatum
3256 2398 3488 2465 accepit.
3511 2396 3616 2450 Po-

2046 2500 2187 2547 terat
2210 2492 2375 2560 enim,
2414 2493 2527 2548 sola
2554 2493 2911 2548 lmmanitatis
2943 2493 3207 2562 parvitate
3236 2502 3289 2544 et
3318 2490 3618 2556 abjectione

2045 2583 2378 2656 inspecta,et
2407 2586 2621 2655 quidem
2663 2585 2786 2656 jure
2836 2584 3157 2654 meritoque,
3194 2581 3453 2651 ejusmodi
3487 2582 3618 2635 ado-

2045 2678 2307 2734 rationem
2336 2692 2609 2742 recusare,
2641 2685 2697 2731 et
2744 2676 2967 2731 honoris
3018 2676 3222 2731 cultum
3274 2673 3618 2728 cunctantius

2044 2768 2374 2838 impendere,
2423 2783 2488 2823 ac
2547 2766 2622 2822 illi
2656 2768 2747 2835 qui
2812 2778 3032 2836 propter
3066 2784 3166 2822 nos
3206 2768 3377 2821 nostri
3425 2764 3616 2820 similis

2043 2857 2267 2915 effectus
2319 2857 2514 2925 fuerat,
2545 2857 2990 2928 gloriﬁcationem
3039 2858 3330 2926 denegare,
3392 2869 3458 2907 ne
3511 2867 3617 2922 quo

2044 2964 2229 3004 errore
2252 2950 2623 3020 imprudentes
2645 2951 3148 3019 constringerentur
3174 2966 3188 3001 :
3217 2946 3441 3001 necdum
3468 2945 3613 2999 enim

2043 3052 2099 3098 et
2136 3041 2309 3114 ipsius
2359 3043 2677 3113 mysterium
2730 3041 2860 3096 illud
2904 3040 3108 3096 Christi
3153 3038 3423 3109 cognitum
3476 3044 3615 3101 erat,

2045 3148 2230 3188 verum
2277 3147 2346 3188 ne
2374 3132 2735 3188 sanctissima:
2786 3132 2891 3187 illa:
2915 3141 3179 3187 creaturae
3233 3130 3285 3183 in
3343 3144 3462 3184 eam
3516 3128 3620 3180 im-

371 3220 477 3288 ἔξω
503 3237 562 3273 τε
589 3220 756 3290 αὐτῆς
795 3219 1074 3290 ὑπάρχων,
1102 3219 1240 3274 καθὸ
1266 3221 1466 3273 νοεῖται
1503 3217 1653 3283 Θεὸς,
1691 3217 1941 3289 εἱσ6έ6ηο

2045 3225 2298 3295 pietatem
2349 3223 2675 3288 inciderent,
2706 3222 2945 3293 Spiritus
2974 3222 3025 3276 id
3064 3221 3171 3276 illis
3204 3218 3436 3290 aperuit.
3478 3216 3618 3271 llinc

300 3353 312 3361 .
370 3330 464 3367 κεν
495 3314 573 3375 εἰς
600 3311 788 3383 αὐτὴν,
820 3311 982 3383 μέρος
1006 3312 1211 3381 κόσμου
1237 3309 1515 3380 πεφηνὼς,
1538 3309 1613 3373 ὡς
1634 3309 1938 3381 ἄνθρωπος’

370 3403 512 3476 πλὴν
544 3405 606 3459 ού
634 3404 721 3459 διὰ
749 3403 907 3457 τοῦτο
943 3403 1044 3473 τῆς
1076 3403 1225 3466 θείας
1260 3402 1540 3455 ἀπώλισθε
1570 3403 1749 3472 δόξης.
1768 3404 1944 3474 Προσ-

370 3498 612 3549 κυνεῖται
639 3494 745 3567 γὰρ
771 3494 846 3557 ὡς
873 3493 1207 3564 Μονογενὴς,
1230 3492 1333 3547 κᾶν
1350 3494 1399 3545 εἰ
1423 3491 1641 3545 καλοῖτο
1670 3493 1944 3563 πρωτότο-

370 3604 498 3651 κος·
552 3588 689 3659 ὅπερ
734 3587 882 3640 ἐστὶν
929 3585 1179 3657 ἐναργῶς
1225 3584 1338 3647 τοῖς
1381 3582 1482 3653 τῆς
1526 3582 1943 3656 ἅνθρωπότητος

364 3674 596 3751 μέτροις
624 3681 706 3734 ὅτι
739 3680 975 3751 μάλιστα
1004 3682 1236 3748 πρέπον.

2040 3316 2170 3373 illud
2217 3313 2407 3371 Pauli:
2444 3330 2465 3366 ‹
2520 3313 2587 3368 Et
2637 3327 2759 3367 cum
2824 3313 3029 3367 inducit
3096 3308 3519 3380 Primogenitum
3562 3306 3617 3359 in

2040 3408 2226 3463 orbem
2261 3415 2438 3470 terrae,
2467 3404 2597 3460 dicit
2630 3422 2645 3458 :
2676 3403 2744 3458 Et
2787 3403 3015 3469 adorent
3041 3416 3163 3455 eum
3220 3415 3410 3455 omnes
3435 3395 3611 3467 angeli

2041 3497 2244 3566 ejus".
2271 3516 2289 3550 ι
2324 3496 2377 3552 Is
2417 3496 2584 3561 enim,
2608 3495 2698 3565 qui
2749 3503 2958 3550 natura:
2992 3494 3319 3564 proprietate
3363 3490 3621 3543 universo

2042 3593 2310 3641 terrarum
2342 3585 2475 3641 orbe
2519 3585 2806 3641 sublimior
2829 3595 2934 3652 est,
2959 3592 3012 3640 et
3037 3590 3198 3654 prout
3249 3580 3392 3636 Deus
3441 3587 3622 3634 mente

2038 3675 2368 3746 concipitur,
2399 3685 2556 3732 extra
2582 3677 2757 3746 ipsum
2781 3686 2889 3740 est,
2926 3677 2981 3731 in
3015 3676 3194 3743 ipsum
3248 3681 3307 3727 ut
3342 3671 3504 3726 homo
3534 3671 3621 3722 in-

372 3787 607 3844 gressus,
639 3786 765 3841 pars
791 3770 977 3825 mundi
1010 3768 1233 3825 ell'ectus
1258 3778 1337 3824 est
1365 3785 1379 3821 :
1414 3776 1789 3824 verumtamen
1822 3765 2021 3821 nullam
2084 3781 2148 3821 ea
2173 3768 2239 3823 de
2261 3781 2424 3824 causa
2486 3768 2682 3823 divinae
2725 3765 2912 3837 gloriae
2975 3767 3243 3833 iacturam
3279 3768 3427 3823 fecit.
3478 3766 3624 3821 Ado-

374 3876 523 3922 ratur
548 3878 776 3934 namque
805 3872 863 3918 ut
899 3862 1245 3935 Unigenitus,
1302 3862 1402 3917 etsi
1448 3861 1746 3932 appelletur
1806 3862 2219 3933 primogenitus,
2275 3877 2395 3933 qua:
2454 3877 2588 3917 sane
2631 3861 2920 3933 appellatio
2980 3863 3336 3919 humanitatis
3391 3862 3624 3919 modulis

364 3956 537 4029 quam
577 3959 778 4026 optime
813 3957 1085 4013 convenit.

289 4103 292 4106 .
444 4043 706 4120 ΔΑ’.”Αρ⁹
736 4043 828 4102 οῦν
864 4048 941 4112 ὡς
982 4048 1267 4119 ἄνθρωπον
1306 4047 1756 4117 προσκυνήσομεν
1789 4044 1947 4117 μόνον

368 4145 462 4196 τὸν
495 4141 879 4213 Ἐμμανουήλς
918 4141 1009 4210 Μὴ
1039 4139 1279 4207 γένοιτοῐ
1313 4137 1480 4208 λῆρος
1510 4137 1618 4209 γὰρ
1661 4138 1762 4209 ἤδη
1790 4137 1949 4191 τοῦτο

374 4234 469 4289 καὶ
500 4233 706 4302 ἀπάτη,
747 4234 840 4287 καὶ
875 4232 1159 4301 πλάνησις.
1211 4229 1493 4301 Διοίσομεν
1534 4230 1593 4284 δὲ
1640 4231 1762 4285 κατ’
1796 4230 1947 4284 οὐδὲν

372 4325 481 4378 τῶν
507 4328 572 4395 τῇ
606 4324 784 4378 κτίσει
813 4322 1253 4394 λελατρευκότων
1278 4322 1428 4393 παρά
1449 4321 1541 4375 τὸν
1567 4322 1827 4376 κτίσαντα
1850 4321 1947 4375 καὶ

2119 4044 2312 4102 XXXI.
2354 4048 2567 4116 Ergone
2600 4044 3003 4101 Emmanuelem
3040 4054 3099 4100 ut
3141 4045 3313 4102 solum
3350 4046 3620 4101 hominem

2046 4136 2426 4192 adorahimus?
2470 4137 2688 4194 Minime
2737 4140 2975 4208 gentium
3024 4157 3038 4192 :
3094 4138 3239 4193 istud
3294 4138 3438 4192 enim
3490 4138 3620 4191 ηἱὶιιι

2046 4227 2189 4281 aliud
2241 4226 2399 4296 foret,
2428 4244 2588 4299 quam
2649 4230 2943 4295 errare,in
3001 4228 3248 4283 fraudem
3312 4229 3513 4291 induci,
3560 4243 3623 4280 ac

2050 4320 2305 4375 delirare.
2330 4320 2441 4377 Hac
2480 4321 2746 4391 siquidem
2790 4321 3001 4377 ratione
3056 4323 3190 4378 nihil
3230 4322 3518 4393 quidquam
3557 4320 3624 4374 ab

376 4416 627 4486 ποιητὴν,
682 4415 882 4477 οἵτινες
940 4433 958 4464 ι
1007 4412 1346 4485 μετήλλαξαν
1395 4412 1495 4484 τὴν
1542 4412 1800 4483 ἀλήθειαν
1851 4411 1943 4467 τοῦ

2052 4412 2117 4467 iis
2147 4413 2591 4478 dissentiremus,
2627 4415 2719 4484 qui
2763 4415 2975 4485 opiﬁcis
3001 4424 3054 4469 et
3091 4414 3452 4483 procreatoris
3508 4414 3625 4464 loco

375 4506 510 4561 Θεοῦ
543 4507 601 4560 ὲν
630 4506 706 4577 τῷ
737 4506 943 4577 ψεύδει,
979 4526 996 4557 ι
1045 4505 1189 4558 κατὰ
1230 4504 1292 4557 τὸ
1338 4503 1742 4576 γεγραμμένον.
1771 4499 1865 4568 Οἷς
1897 4506 1943 4558 el

2049 4512 2349 4559 creaturam
2383 4506 2766 4571 adoraverunt,
2786 4526 2804 4558 ι
2834 4507 3245 4576 veritatemque,
3274 4514 3332 4559 ut
3363 4504 3622 4573 scriptum

377 4600 753 4668 φρονήσαιμεν
800 4595 1029 4665 ἀδελφὰ,
1062 4595 1157 4648 καὶ
1202 4593 1646 4665 συνακουσόμεθα
1691 4594 1950 4657 πάντως·

368 4692 403 4744 “ι
433 4690 738 4753 Φάσκοντες
761 4684 900 4742 εἶναι
929 4687 1103 4757 σοφοὶ,
1129 4686 1550 4758 ἐμωράνθησαν,
1580 4687 1674 4739 καὶ
1712 4686 1949 4756 ήλλαξαν

374 4781 480 4854 τὴν
511 4781 668 4847 δόξαν
710 4778 803 4832 τοῦ
836 4778 1115 4850 ἀφθάρτου
1151 4777 1286 4831 Θεοῦ
1315 4780 1371 4831 ἐν
1396 4776 1702 4848 ὁμοιώματι
1745 4778 1951 4844 εἰκόνος

379 4870 622 4945 φθαρτοῦ
656 4869 966 4942 ἀνθρώπου,
1002 4871 1094 4924 καὶ
1125 4870 1408 4933 πετεινῶν,
1436 4868 1531 4922 καὶ
1578 4868 1945 4937 τετραπόδων,

378 4966 475 5019 καὶ
524 4963 788 5035 ἑρπετῶν.
827 4964 927 5016 »Ἦ
976 4963 1084 5035 γάρ
1138 4962 1258 5032 οὐχὶ
1304 4962 1397 5015 καὶ
1447 4963 1610 5031 ἡμεῖς
1658 4960 1811 5014 αὐτοὶ
1854 4962 1949 5015 καὶ

372 5057 626 5126 ’ῐσουργοὶ
643 5056 736 5108 καὶ
759 5054 1065 5128 σύμφρονες
1090 5057 1197 5116 τοῖς
1224 5053 1670 5124 μνημονευθεῖσιν
1691 5054 1945 5125 ἐσόμεθα,

377 5145 476 5219 τὴν
500 5148 593 5200 τοῦ
623 5146 758 5199 Θεοῦ
789 5146 948 5212 δόξαν
983 5148 1041 5199 ἐν
1069 5145 1146 5216 τῷ
1170 5145 1352 5214 ψεύδει
1389 5145 1861 5215 μεταλλάττοντες,
1892 5148 1950 5200 ὲν

377 5237 684 5309 ὁμοιώματι
705 5238 911 5301 εἰκόνος
934 5236 1172 5308 φθαρτοῦ
1190 5235 1501 5308 ἀνθρώπου,
1519 5239 1565 5291 εἰ
1582 5237 1656 5302 ὡς
1677 5238 1949 5311 ἀνθρώπῳ

379 5330 541 5400 ψιλῷ,
579 5330 672 5383 καί
704 5330 783 5382 ἑνὶ
812 5329 924 5383 τῶν
959 5329 1083 5381 καθ’
1111 5330 1257 5399 ἡμᾶς
1278 5329 1639 5401 προσοίσομεν
1657 5330 1754 5400 τὴν
1782 5348 1951 5400 προσ-

381 5418 606 5490 κύνησιν
648 5419 728 5489 τῷ
760 5419 1138 5492 Ἐμμανουήλ;
1174 5419 1238 5473 Τί
1264 5419 1355 5487 δέ;
1382 5420 1501 5489 οὐχὶ
1533 5422 1626 5474 καὶ
1666 5422 1805 5493 αὐτὴ
1837 5422 1943 5476 τῶν

445 5576 494 5609 ⁸⁸
528 5576 689 5631 llcbr.
719 5592 759 5644 ι,
791 5576 845 5631 6.
922 5576 968 5608 ’⁸
1002 5575 1158 5632 Rom.
1185 5595 1222 5645 ι,
1250 5575 1340 5632 25.
1416 5577 1459 5609 ’⁷
1492 5576 1620 5631 ibid.
1652 5576 1741 5643 22,
1762 5579 1851 5632 25.

2051 4605 2134 4650 est
2165 4596 2212 4628 ”
2240 4597 2294 4651 in
2321 4598 2661 4652 mendacium
2690 4607 3128 4654 converterunt.»
3165 4597 3221 4652 Si
3249 4597 3462 4651 illorum
3494 4611 3626 4664 ergo

2045 4688 2328 4743 sententia:
2348 4689 2766 4757 accesserimus,
2786 4691 3007 4745 omnino
3025 4704 3127 4743 una
3151 4704 3271 4744 cum
3299 4689 3403 4742 illis
3424 4699 3478 4742 et
3494 4688 3623 4742 illud

2043 4779 2287 4848 Apostoli
2335 4795 2553 4851 quoque
2623 4783 2906 4836 audiemus
2951 4800 2965 4836 :
3016 4800 3035 4834 ι
3098 4781 3348 4835 Dicentcs
3388 4795 3447 4833 se
3504 4794 3624 4832 esse

2044 4870 2337 4940 sapientes,
2365 4873 2476 4943 28
2501 4874 2652 4929 stulti
2689 4872 2817 4927 lacti
2850 4881 3006 4939 sunt;
3038 4882 3092 4927 et
3119 4880 3463 4926 mutaverunt
3514 4871 3625 4941 glo-

2048 4962 2186 5017 riam
2232 4961 2661 5033 incorruptibilis
2698 4965 2793 5021 Dei
2826 4965 2877 5019 in
2927 4962 3338 5019 similitudinem
3376 4964 3624 5033 imaginis

2046 5054 2413 5126 corruptibilis
2438 5057 2693 5122 hominis,
2712 5068 2767 5113 et
2792 5057 3090 5120 volucrum,
3110 5065 3165 5110 et
3191 5056 3622 5124 quadrupedum,

2047 5153 2103 5201 et
2131 5155 2443 5216 serpentum
2473 5148 2541 5204 ⁸⁷.
2575 5165 2596 5200 ι
2625 5148 2802 5215 Quid?
2842 5162 3022 5205 nonne
3049 5155 3104 5201 et
3130 5161 3228 5201 nos
3275 5144 3374 5215 ipsi
3412 5160 3626 5216 quoque

2048 5237 2137 5305 iis,
2166 5253 2399 5310 quorum
2459 5240 2620 5296 modo
2669 5239 3041 5305 meminimus,
3079 5237 3276 5294 similia
3330 5236 3509 5292 facere
3574 5243 3628 5290 et

2049 5330 2647 5400 sentirecensehimur,
2675 5331 2847 5402 utqui
2882 5330 2975 5385 Dei
3024 5329 3253 5401 gloriam
3306 5329 3360 5383 in
3406 5326 3629 5383 menda-

2051 5423 2194 5478 cium
2222 5434 2276 5479 et
2296 5424 2706 5484 similitudinem
2748 5424 3003 5495 imaginis
3031 5421 3401 5495 corruptibilis
3449 5421 3624 5476 homi-

1482 5712 1654 5770 Varia:
1692 5715 1951 5772 lectiones
1981 5716 2183 5775 codicis
2224 5715 2585 5787 Seguieriani.

460 5853 484 5891 ιι
516 5851 877 5921 οἰκονομικήν.
