4146 6518
569 425 711 485 H79

1562 414 1619 468 S.
1663 411 1938 468 CYRILLI
1978 405 2442 491 ALEXANDRINI
2483 405 2797 475 ARCIIIEP.

3680 406 3817 462 “80

568 540 656 595 nis
732 530 1211 597 demutaverimus,
1274 529 1321 585 si
1396 528 1802 583 Emmanueletu
1880 538 2134 596 tanquam

2254 522 2565 594 ὶγγέὶωνιὴ
2615 523 2826 595 πληθὺς
2869 526 2979 587 τοῖς
3024 524 3104 593 εἰς
3155 519 3312 583 τοῦτο
3367 522 3567 593 μανίας
3620 523 3817 592 ἥκουσι

570 628 796 694 nudum,
828 630 1134 692 nostraeque
1153 619 1482 676 conditionis
1503 617 1777 673 hominem
1804 614 2139 671 adorationis

566 717 710 772 cultu
767 710 1192 785 prosequemur?
1228 708 1419 766 Nonne
1471 706 1708 765 caelestis
1772 719 1986 776 quoque
2051 703 2141 759 ille

569 807 883 877 angelorum
939 812 1111 858 «(ntus
1172 803 1225 857 in
1287 810 1487 858 tantam
1546 797 1812 853 insaniam
1877 794 2142 866 prolapsis

568 896 1052 952 annumerabitur?
1081 894 1219 962 Quin
1283 901 1337 948 et
1392 906 1609 962 gregem
1661 889 2023 954 ethnicorum,
2053 902 2141 941 ar-

572 993 763 1052 bitror.
797 1006 902 1046 non
944 989 1050 1044 erit
1085 1004 1181 1042 cur
1205 987 1659 1050 condemnemus;
1702 997 1798 1037 nec
1829 981 1986 1036 facile
2034 979 2141 1036 elui

571 1083 770 1152 poterit
812 1089 1051 1136 veterum
1096 1078 1376 1148 culparum
1408 1086 1566 1131 noxa.
1602 1076 1764 1129 Errat
1810 1090 2044 1144 namque
2088 1083 2145 1132 et

575 1191 715 1228 nunc
748 1188 961 1244 quoque
995 1172 1212 1241 perinde
1250 1185 1313 1225 ac
1342 1169 1490 1235 olim,
1523 1178 1578 1223 et
1610 1168 1857 1223 semitam
1906 1183 2028 1237 quae
2074 1168 2143 1222 ad

574 1266 860 1319 veritatem
916 1263 1084 1326 ducit,
1148 1261 1411 1328 ignorat:
1454 1273 1628 1329 neque
1686 1260 1873 1313 beatus
1942 1257 2144 1313 Paulus

572 1354 708 1412 satis
773 1362 1076 1424 opportune
1139 1350 1359 1405 Galatas
1410 1350 1671 1418 increpat.
1730 1349 1821 1403 Ait
1868 1364 2141 1419 namque:

577 1463 600 1495 τ
638 1443 789 1498 Tune
841 1444 1150 1513 ignorantes
1186 1441 1374 1507 Deum,
1407 1441 1473 1495 iis
1513 1440 1603 1511 qui
1634 1449 1826 1494 natura
1864 1456 1968 1497 non
2021 1450 2147 1495 sunt

573 1535 674 1598 dii,
705 1533 1043 1590 serviebatis.
1098 1531 1250 1597 Nunc
1300 1542 1480 1586 autem
1510 1547 1630 1587 cum
1660 1530 1826 1595 Deum
1872 1546 2139 1605 cognoveo

577 1625 718 1691 ritis,
753 1625 861 1678 imo
895 1623 1092 1693 cogniti
1151 1623 1272 1679 sitis
1307 1638 1337 1677 a
1368 1623 1499 1689 Deo,
1541 1624 1809 1697 quomodo
1875 1622 2143 1678 converti--

577 1714 708 1768 mini
747 1715 937 1768 iterum
965 1714 1032 1768 ad
1065 1712 1281 1779 inﬁrma
1312 1722 1475 1790 atque
1508 1728 1675 1783 egena
1707 1714 1998 1781 elementa,
2028 1714 2148 1783 qui-

576 1808 678 1862 bus
712 1809 886 1872 denuo
935 1806 1139 1861 servire
1174 1805 1334 1861 vultis
1365 1805 1459 1858 98?
1506 1824 1524 1858 ι
1560 1804 1693 1859 Nam
1726 1805 1828 1861 nisi
1876 1805 2143 1872 Christus,

2247 614 2658 679 ωντετὰξεται;
2700 613 3037 686 Ἀνεξίτητον
3066 614 3142 679 δὲ,
3167 609 3321 685 οἶμαί
3348 631 3474 677 που,
3498 612 3597 684 τὴν
3620 614 3714 666 ἐπὶ
3737 612 3817 683 τῷ

2245 704 2623 777 πεπλανῆσθαι
2650 705 2866 775 γραφὴν
2920 706 3012 758 καὶ
3038 708 3101 775 τῇ
3133 705 3241 758 τῶν
3266 704 3433 771 ἐθνῶν
3463 704 3633 775 ἀγέλῃ
3659 720 3816 774 περιε-

2247 798 2511 869 θήσομενο
2548 800 2640 852 καὶ
2672 800 3070 853 δυσαπόνιπτον
3095 801 3206 871 ἔχει
3234 801 3342 863 τῶν
3370 800 3617 871 ἀρχαίων
3636 800 3814 861 αίτια-

2249 889 2434 960 μάτων
2486 891 2545 943 τὸ
2592 891 2807 961 βλάϐος.
2859 892 3133 945 mnam
3170 891 3300 963 γὰρ,
3340 887 3534 960 οἶμαι,
3584 889 3681 943 καὶ
3723 889 3818 946 νῦν

2247 981 2398 1034 οὐδὲν
2426 975 2607 1052 ἦττον,
2639 983 2671 1053 ἢ
2702 985 2888 1049 πάλαι,
2912 984 3008 1038 καὶ
3035 985 3132 1054 τὴν
3158 986 3237 1047 είς
3258 984 3387 1037 εὐθὺ
3410 983 3817 1053 διαστείχουσαν

2247 1072 2483 1142 ἠγνόηκε
2515 1073 2717 1143 τρίὸον.
2746 1076 2858 1137 Καὶ
2882 1076 3153 1146 περιττὸς,
3180 1075 3253 1139 ὡς
3277 1074 3475 1141 ἔοικεν,
3498 1077 3524 1128 6
3551 1073 3821 1145 μακάριος

2249 1164 2480 1237 Παῦλος,
2523 1167 2861 1237 προσφωνῶν
2904 1185 2964 1221 τε
3014 1169 3198 1239 αὐτοῖς
3229 1167 3325 1222 καὶ
3367 1167 3577 1237 λέγων’
3617 1165 3819 1219 «Ἀλλὰ

2247 1254 2367 1307 τότε
2398 1256 2501 1326 μὲν
2530 1256 2634 1310 οὐκ
2678 1257 2881 1319 εἰδότες
2929 1257 3082 1323 Θεὸν,
3112 1256 3461 1316 ἐδουλεύσατε
3506 1257 3624 1318 τοῖς
3661 1254 3820 1325 φύσει

2252 1348 2325 1417 μὴ
2353 1342 2469 1401 οὖσι
2517 1348 2677 1412 Θεοῖς.
2707 1348 2820 1402 Νῦν
2848 1349 2905 1402 δὲ
2932 1349 3148 1418 γνόντες
3174 1350 3324 1413 Θεὸν,
3365 1349 3565 1421 μᾶλλον
3592 1349 3648 1403 δὲ
3682 1366 3821 1417 γνω⁴

2251 1440 2467 1504 σθέντες
2514 1440 2619 1494 ὑπὸ
2665 1441 2822 1504 Θεοῦ,
2860 1442 2978 1505 πῶς
3016 1443 3374 1512 ἐπιστρέφετε
3411 1442 3573 1496 πάλιν
3620 1441 3713 1495 ἐπὶ
3754 1440 3821 1493 τὰ

2249 1532 2448 1602 ἀσθενῆ
2495 1532 2587 1585 καὶ
2620 1532 2813 1604 πτωχὰ
2860 1536 3117 1604 στοιχεῖα,
3162 1530 3242 1597 οἷς
3269 1534 3431 1588 πάλιν
3456 1532 3664 1587 ἄνωθεν
3699 1532 3822 1585 δου-

2248 1614 2425 1676 λεῦειν
2472 1622 2689 1689 Osis-:15;
2723 1643 2740 1676 ι
2798 1624 2956 1677 Ποῖον
2986 1626 3094 1697 γὰρ
3124 1625 3204 1679 ἔτι
3234 1625 3366 1678 Θεὸν
3409 1623 3737 1693 ἐγνώκασιν,
3770 1622 3819 1675 εί

2253 1717 2329 1787 μὴ
2380 1714 2538 1784 φύσει
2584 1716 2716 1779 Θεὸς
2762 1717 2791 1769 6
2836 1718 3089 1789 Χριστὸς,
3122 1718 3203 1781 εἰς
3248 1717 3308 1772 ὃν
3357 1717 3820 1781 πεπιστεύκασινς

2252 1805 2363 1858 Καὶ⁸
2414 1806 2462 1858 εί
2513 1805 2938 1877 λελατρεύκασιν
2985 1806 3278 1879 ἀνθρώπῳ,
3303 1809 3415 1871 τοῖς
3461 1808 3562 1878 τῆς
3590 1805 3823 1877 ἀρχαίας

576 1898 633 1952 in
658 1912 813 1968 quem
856 1898 1222 1969 crediderunt,
1246 1907 1434 1967 suapte
1472 1907 1659 1951 natura
1690 1897 1832 1965 Deus
1873 1906 1975 1964 est,
2008 1912 2143 1967 qua-

2255 1898 2465 1966 πλόινης
2517 1898 2791 1969 ἐνέχονται
2842 1899 3158 1970 βρόχοις.’¹Η
3190 1901 3291 1954 οὐκ
3317 1890 3514 1970 ἀληθὲς
3564 1900 3593 1953 ὅ
3640 1915 3822 1969 φημις

578 1986 705 2051 lem,
761 2000 965 2065 quaeso,
1028 1985 1195 2041 Deum
1258 1987 1667 2058 cognoverunt?
1715 1987 1782 2040 Et
1843 1987 1888 2041 si
1946 1985 2148 2041 homini

575 2078 905 2143 servierunt,
959 2093 1064 2132 non
1106 2075 1313 2146 antiqui
1370 2078 1573 2132 erroris
1607 2076 1817 2146 laqueis
1856 2076 2149 2130 etiamnum

579 2169 775 2224 irretiti
806 2168 1100 2223 tenentur?
1130 2168 1210 2221 An
1245 2182 1343 2239 ego
1381 2182 1486 2222 non
1540 2182 1724 2222 verum
1779 2167 1935 2237 dico?
1966 2167 2152 2237 utique

579 2260 724 2325 dico.
780 2260 973 2327 Cernis
1050 2261 1239 2331 igitur,
1299 2259 1766 2327 Christianissime
1836 2261 2150 2331 imperator,

574 2352 850 2423 quomodo
876 2352 1200 2407 necessariis
1251 2351 1560 2406 nmionibus
1615 2351 1855 2427 adducti,
1891 2350 1981 2404 Dei
2021 2351 2154 2405 Ver-

579 2428 731 2518 bum,
758 2445 944 2503 estoin
974 2443 1143 2499 forma
1172 2454 1358 2509 nostra
1407 2445 1737 2514 apparuerit,
1761 2454 2018 2514 tauquam
2064 2459 2154 2498 ve-

578 2553 701 2593 rum
731 2547 922 2592 natura
949 2537 1114 2591 Deum
1147 2520 1443 2609 prudenter
1487 2534 1718 2589 adorare
1758 2532 1869 2589 fere
1917 2534 2155 2603 compel-

578 2624 789 2693 iamur;
808 2626 1009 2703 quippe
1035 2640 1156 2679 cum
1180 2625 1407 2683 duarum
1432 2633 1750 2682 naturarum
1794 2624 1847 2677 in
1889 2624 2152 2679 unitatem

577 2730 879 2772 concursus
912 2715 1068 2769 facile
1094 2714 1288 2788 possit,
1321 2713 1365 2768 si
1396 2729 1502 2784 qua
1524 2728 1619 2769 nos
1640 2715 1822 2769 turbat
1842 2715 2154 2787 aliquando,

581 2806 944 2876 suspicionem
982 2807 1168 2861 tollere
1219 2808 1284 2859 de
1325 2804 1440 2859 sola
1490 2805 1845 2860 humanitate.
1869 2806 2156 2860 Enimvero

580 2895 746 2952 Verbi
794 2906 982 2951 natura
1036 2896 1326 2950 humanam
1378 2905 1628 2950 naturam
1673 2897 1997 2966 suscipiens,
2050 2911 2154 2950 non

581 3000 667 3045 est
710 2990 851 3043 nuda
893 2990 1198 3047 humanitas
1228 3007 1241 3043 :
1268 2989 1378 3051 imo
1432 3004 1561 3049 vero
1623 2989 1847 3059 propria
1897 2988 2068 3066 gloria
2104 2998 2160 3043 et

579 3081 868 3150 majestate
936 3090 1270 3151 assumptam
1324 3090 1574 3135 naturam
1625 3085 1915 3151 excedens,
1969 3081 2159 3136 incon-

2265 1990 2485 2061 Ἀληθὲς
2513 1991 2611 2061 μὲν
2632 1987 2947 2062 οῦν.”Ᾱθρει
2965 1992 3028 2062 δὴ
3049 1987 3163 2056 οῦν,
3185 1985 3229 2045 ὦ
3252 1992 3560 2063 φιλόχριστε
3579 1989 3822 2061 βασιλεῦ,

2252 2083 2398 2145 ὅπως
2425 2082 2481 2156 eg
2508 2082 2825 2151 ᾀναγκαίων
2851 2082 3362 2153 ἥδη-συλλογισμῶν
3387 2082 3670 2152 μονονουχὶ
3706 2099 3826 2135 συνο

2252 2172 2539 2244 ωθούμεθα
2587 2174 2721 2244 πρός
2772 2191 2838 2243 γε
2882 2174 2944 2227 τὸ
2990 2175 3101 2229 δεῖν
3147 2174 3455 2245 ἐμφρόνως,
3484 2173 3560 2237 ὡς
3593 2172 3716 2243 Θεῷ
3753 2172 3827 2242 τῷ

2253 2265 2394 2338 κατὰ
2442 2265 2624 2335 φύσιν,
2651 2267 2975 2337 προσκυνεῖν
3008 2265 3085 2336 τῷ
3118 2266 3181 2319 ὲκ
3227 2264 3360 2318 Θεοῦ
3400 2263 3621 2334 Πατρὸς
3669 2263 3828 2333 φύντι

2254 2358 2433 2429 Λόγῳ,
2463 2360 2556 2412 καὶ
2584 2359 2642 2411 ἐν
2674 2358 2752 2428 τῷ
2792 2358 2909 2412 καθ’
2937 2360 3086 2429 ἡμᾶς
3130 2357 3394 2429 πεφηνότι
3425 2359 3697 2427 σχήματι·
3730 2356 3829 2424 τῆς

2252 2449 2456 2519 ἀμφοῖν
2479 2449 2556 2511 είς
2583 2447 2810 2517 ἑνότητα
2834 2447 3140 2519 συνδρομῆς
3161 2447 3263 2500 οὐκ
3307 2446 3576 2509 ἀνικάνως
3598 2444 3830 2514 ἐχούσης

2254 2539 2390 2611 πρὸς
2433 2539 2494 2592 τὸ
2536 2540 2799 2607 ἀφανίσαι
2841 2537 3003 2608 τυχὸν
3037 2537 3098 2592 τὸ
3127 2538 3221 2592 καὶ
3249 2537 3362 2591 ἔσθ’
3391 2538 3479 2591 ὅτε
3516 2535 3725 2590 λυποῦν
3754 2536 3830 2599 εἰς

2254 2631 2425 2701 μόνης
2467 2632 2615 2701 ἡμᾶς
2658 2630 3076 2701 ἀνθρωπότητος
3125 2629 3398 2699 ὑποψίαν·
3446 2625 3829 2699 προσλαϐοῦσα

2254 2721 2363 2793 γὰρ
2390 2728 2422 2792 ὴ
2457 2722 2550 2775 τοῦ
2593 2722 2766 2789 Λόγου
2799 2721 2961 2791 φύσις
2992 2721 3056 2775 τὸ
3083 2721 3441 2793 ἀνθρώπινον,
3477 2720 3581 2774 οὐκ
3618 2718 3829 2791 ἀνθρω-

2257 2810 2427 2881 πότης
2460 2810 2612 2864 ἔσται
2643 2811 2809 2882 ψιλή·
2851 2810 3055 2874 νικῶσα
3105 2812 3161 2865 δὲ
3213 2810 3413 2876 μᾶλλον
3456 2810 3565 2881 ίδία
3606 2809 3735 2882 δόξῃ
3769 2808 3829 2862 τὸ

2258 2903 2624 2973 προσ-ληφθὲν,
2660 2904 2718 2956 ὲν
2743 2903 3023 2974 ἁκλογήτῳ
3055 2902 3289 2966 σώζεται
3315 2904 3542 2974 διαμονῇ
3581 2903 3679 2972 τῆς
3712 2900 3827 2955 θεο-

2259 2993 2502 3063 πρεποῦς
2536 2992 2833 3065 ὑπεροχῆς.
2862 2993 3048 3063 Ταῦτα
3096 2993 3422 3064 φρονοῦντες
3466 2996 3517 3047 οἱ
3568 2993 3827 3064 μαθηταὶ,

2260 3082 2626 3153 προσεκύνουν
2668 3083 2951 3151 λέγοντες’
3008 3083 3289 3153 «Ἀληθῶς
3329 3082 3464 3137 Θεοῦ
3507 3084 3635 3148 Υίὸς
3686 3078 3772 3136 εἷ’
3805 3100 3825 3135 ι

582 3184 847 3237 cussaque
902 3184 964 3223 ac
1014 3168 1236 3224 immota
1304 3170 1624 3245 persistens,
1668 3168 1873 3231 nullam
1935 3186 2149 3242 prorsus

2262 3173 2440 3227 καίτοι
2493 3172 2662 3243 βάδην
2706 3174 2852 3226 ίόντα
2897 3172 3207 3244 βλέποντες,
3246 3174 3341 3227 καὶ
3387 3174 3448 3226 ὲν
3497 3171 3663 3246 σαρκὶ
3701 3170 3832 3225 καθ’

580 3260 782 3315 divina:
808 3260 951 3313 illius
968 3260 1302 3317 excellentiae
1342 3277 1506 3333 passa
1550 3270 1637 3329 est
1665 3261 1964 3329 jacturam.
1996 3262 2149 3331 Cujus

2262 3264 2410 3333 ἡμᾶς
2430 3280 2443 3293 ο
2487 3262 2573 3315 ἐπ’
2608 3263 2779 3332 ἄκρου
2809 3262 2916 3336 γὰρ
2959 3263 3022 3336 δὴ
3052 3263 3219 3320 διέθει
3246 3262 3493 3335 κύματος
3518 3261 3831 3333 παραδόξως

579 3350 800 3418 quidem
852 3349 926 3403 rei
960 3346 1159 3403 Christi
1198 3349 1444 3418 discipuli
1481 3366 1587 3415 non
1617 3351 1819 3427 ignari,
1847 3350 2147 3405 adorabunt

2254 3353 2330 3416 ὡς
2355 3350 2506 3417 Θεός.

580 3457 730 3507 eum,
780 3442 1061 3498 dicentes:
1100 3460 1120 3493 ι
1159 3440 1294 3497 Vere
1362 3440 1531 3497 Filius
1580 3441 1673 3496 Dei
1732 3458 1791 3498 es
1831 3451 1883 3497 tu
1920 3445 1988 3510 ”,
2029 3464 2048 3496 ›
2092 3444 2192 3500 etsi
2272 3445 2421 3499 illum
2481 3446 2705 3515 pedibus
2756 3454 2997 3511 euntem,
3047 3455 3343 3518 nostroque
3399 3448 3561 3504 modo
3614 3462 3836 3519 corpore

583 3534 833 3587 indutum
895 3533 1212 3598 cernebant,
1239 3533 1381 3602 quod
1412 3532 1805 3588 admirabiliter
1827 3534 1885 3588 in
1927 3535 2158 3591 summis
2194 3534 2447 3591 ﬂuctibus
2473 3536 2805 3599 ambulabat,
2831 3537 2905 3589 uti
2943 3536 3102 3591 Deus.

584 3690 585 3693 η
652 3626 765 3696 29
782 3622 995 3678 XXXII.
1025 3622 1129 3677 Sed
1152 3621 1350 3692 aliquis
1373 3622 1514 3677 forte
1534 3639 1598 3677 ex
1621 3624 1707 3689 iis,
1730 3624 1821 3693 qui
1848 3625 1970 3683 huic
1995 3634 2156 3683 tanta:

582 3720 767 3789 gloriae
814 3718 1187 3781 adversantur,
1246 3715 1389 3770 dicet
1427 3732 1441 3770 :
1478 3716 1672 3785 Ecquis
1725 3700 1813 3770 ille
1862 3726 2001 3781 erat,
2064 3714 2156 3792 qui

584 3809 797 3866 mulieri
852 3808 1207 3863 Samaritana:
1256 3806 1480 3861 aiebat:
1515 3825 1535 3859 ι
1574 3805 1684 3862 Vos
1731 3807 1969 3862 adoratis
2015 3807 2157 3876 quod

582 3903 846 3959 nescitis:
879 3916 977 3955 nos
1031 3907 1212 3954 autem
1259 3899 1550 3953 adoramus
1598 3899 1741 3968 quod
1794 3899 2081 3954 scimus“!
2131 3917 2152 3953 ι

583 3993 864 4062 Quomodo
899 4006 1029 4062 ergo
1068 3997 1214 4045 recte
1243 3989 1522 4055 adoratur,
1555 3989 1647 4059 qui
1681 3990 1825 4045 inter
1866 3990 2157 4046 adorantes

580 4084 871 4141 censetur?
933 4084 1013 4138 Ad
1062 4082 1165 4137 hoc
1224 4081 1472 4150 equidem
1526 4081 1921 4150 responderim,
1974 4080 2153 4149 istud,

582 4178 714 4245 Quis
753 4177 841 4231 ille
870 4185 1005 4241 erat,
1041 4175 1105 4230 de
1133 4173 1346 4229 Christo
1385 4173 1577 4229 stolide
1607 4173 1829 4229 omnino
1860 4181 2023 4243 atque
2052 4174 2155 4228 im-

582 4272 755 4340 perite
789 4269 891 4323 dici
924 4284 938 4322 :
976 4267 1123 4322 nullo
1148 4268 1291 4322 enim
1331 4266 1488 4321 modo
1523 4265 1776 4321 Christus
1805 4266 2013 4322 divisus
2045 4275 2148 4322 est.

581 4363 763 4429 Quare
811 4361 901 4431 qui
940 4375 1061 4415 cum
1097 4358 1410 4413 muliercula
1452 4357 1795 4428 loquebatur,
1829 4366 1946 4412 erat
1992 4374 2151 4424 unus,

2333 3626 2458 3679 AB’.
2504 3626 2651 3697 Ἐρεῖ
2691 3625 2746 3678 δὲ
2788 3624 2917 3689 ἴσως
2948 3628 2975 3678 6
3011 3628 3074 3696 τῇ
3116 3626 3293 3697 τοιᾷδε
3336 3627 3461 3700 δόξῃ
3494 3629 3832 3701 μαχόμενος·

2261 3714 2377 3778 Καὶ
2404 3715 2489 3778 τίς
2518 3710 2587 3786 ἦν
2621 3718 2647 3769 6
2677 3715 2854 3783 λέγων
2888 3715 3024 3788 πρὸς
3051 3715 3150 3786 τὴν
3176 3719 3232 3770 ὲν
3258 3720 3541 3791 Σαμαρείᾳ
3572 3727 3831 3790 γυναῖκα*

2268 3823 2287 3858 ι
2347 3804 2535 3875 Ὑμεῖς
2568 3807 2925 3874 προσκυνεῖτε
2969 3806 2998 3859 ὃ
3027 3807 3126 3860 οὐκ
3163 3809 3363 3873 οἴδατε,
3408 3812 3568 3880 ἡμεῖς
3592 3829 3834 3885 προσκυ-

2260 3895 2460 3967 νοῦμεν
2486 3896 2514 3949 6
2550 3898 2772 3967 οἴδαμεν
2798 3914 2812 3964 ;
2849 3916 2867 3948 ι
2906 3894 3040 3953 Εἶτα
3066 3899 3185 3999 πῶς
3217 3900 3365 3955 ἔσται
3396 3906 3776 3975 προσκυνητὸς
3802 3904 3832 3960 6

2258 3990 2369 4052 τοῖς
2418 3989 2782 4059 προσκυνοῦσι
2846 3989 3305 4060 συντεταγμένοςς
3360 3993 3501 4061 Ἐγὼ
3557 3995 3617 4049 δὲ
3668 3996 3833 4069 φαίην

2258 4080 2346 4144 ἂν,
2381 4081 2463 4134 ὅτι
2518 4081 2599 4149 τὸ,
2631 4081 2674 4133 Τ
2682 4080 2728 4144 ίς
2775 4076 2880 4152 iw;
2911 4082 3048 4145 ὅλως
3103 4082 3195 4135 ἐπὶ
3238 4083 3477 4153 Χριστοῦ
3520 4085 3830 4158 λεγόμενον,

2258 4174 2535 4245 ἆσὺφηλόν
2563 4192 2622 4227 τε
2656 4175 2751 4228 καὶ
2784 4174 2997 4245 ἀμαθές
3020 4192 3033 4205 ·
3070 4175 3395 4247 μεμέρισται
3424 4177 3534 4248 γὰρ
3561 4180 3828 4251 οὐδαμῶς.

2267 4264 2329 4316 '0
2358 4264 2413 4317 δὲ
2451 4262 2528 4333 τῷ
2559 4263 2765 4334 γυναίῳ
2796 4265 3131 4335 προσλαλῶν,
3160 4268 3188 4318 6
3217 4262 3298 4330 εἷς
3316 4284 3375 4319 τε
3411 4268 3504 4321 καὶ
3529 4269 3689 4339 μόνος
3721 4271 3832 4325 K6-

2263 4372 2378 4425 ριος
2406 4350 2474 4426 ἦν
2516 4355 2723 4426 Ἰησοῦς
2761 4356 3015 4426 Χριστὸς,
3048 4358 3112 4409 ὲκ
3150 4356 3250 4427 τῆς
3292 4360 3705 4432 προσκυνούσης
3734 4362 3829 4415 ἀν-

580 4468 636 4509 et
669 4454 817 4508 solus
869 4451 1125 4506 Dominus
1175 4449 1331 4506 .lesus
1360 4450 1651 4515 Christus,
1696 4466 1761 4504 ex
1814 4450 2149 4506 humanitate

2262 4446 2629 4518 θρωπότητος,
2679 4447 2772 4502 καὶ
2797 4450 2861 4501 ἐκ
2899 4448 2999 4517 τῆς
3041 4449 3522 4521 προσκυνουμένης
3561 4450 3828 4523 θεότητος,

580 4546 841 4599 adorante
869 4553 923 4597 et
950 4543 1217 4596 adoranda
1254 4541 1530 4596 divinitate
1555 4541 1900 4605 constitutus,
1927 4541 2056 4596 illud
2100 4542 2149 4596 in

2259 4538 2320 4591 τὸ
2361 4535 2499 4591 εἷναί
2537 4556 2594 4591 τε
2646 4539 2741 4592 καὶ
2780 4539 3140 4610 ὀνομάζεσθαι
3171 4540 3301 4604 Θεός
3331 4559 3389 4595 τε
3441 4541 3576 4612 ὁμοῦ
3616 4544 3710 4597 καὶ
3742 4546 3830 4598 ἇν-

581 4651 643 4691 sc
694 4635 1078 4704 complectens,
1139 4633 1283 4687 unde
1338 4634 1476 4687 Deus
1526 4632 1684 4686 simul
1723 4641 1778 4688 et
1821 4634 1985 4687 homo
2027 4648 2149 4689 vere

2262 4626 2495 4699 θρωπος,
2548 4627 2748 4697 ἀληθὲς
2776 4627 2914 4698 ἔχων
2959 4629 3045 4698 ἐφ’
3092 4628 3306 4699 ἑαυτῷο
3355 4629 3607 4702 καθάπερ
3639 4632 3833 4703 ἀμέλει

580 4727 711 4794 dici,
744 4727 1037 4798 haberique
1063 4725 1233 4796 possit
1260 4741 1275 4778 :
1319 4725 1765 4793 quemadmodum
1801 4725 2055 4779 videlicet
2088 4725 2149 4779 de

2262 4720 2397 4791 φαίη
2433 4737 2515 4784 τις
2548 4719 2614 4772 ἂν
2650 4721 2745 4774 καὶ⁸
2784 4720 2984 4789 ἑτέρως
3012 4721 3141 4792 περί⁸
3169 4722 3359 4775 αὐτοῦ·
3458 4724 3555 4794 μὲν
3578 4725 3687 4796 γάρ
3718 4727 3833 4781 ἐστι

578 4835 645 4873 eo
674 4819 829 4874 aliter
868 4819 1047 4872 dicere
1087 4816 1209 4886 quis
1250 4825 1465 4884 p0test;
1499 4825 1763 4885 quatenus
1809 4815 1951 4871 enim
2012 4816 2149 4871 Deus

2261 4811 2413 4878 Θεὸς,
2452 4813 2610 4865 νοοῖτ⁹
2648 4810 2715 4864 ἂν
2741 4810 3003 4883 ὑπάρχων
3029 4812 3190 4876 αὐτὸς
3220 4814 3248 4867 6
3293 4813 3391 4884 τῆς
3411 4814 3570 4887 δόξης
3596 4814 3831 4888 Κύριοςο

579 4919 684 4974 est,
719 4910 830 4978 ipse
882 4908 1139 4963 Dominus
1187 4908 1371 4979 gloriae
1399 4910 1566 4963 ’esse
1622 4908 1976 4975 intelligitur;
2020 4922 2155 4977 qua-

580 5014 738 5058 tenus
786 5018 913 5057 vero
941 5001 1116 5057 factus
1167 5010 1249 5056 est
1285 5001 1448 5056 homo
1473 5000 1563 5054 ille
1589 5000 1679 5068 qui
1732 4998 1825 5053 Dei
1876 4998 2151 5054 consortio

582 5093 1001 5163 gloriﬁcabatur,
1026 5092 1195 5162 gloria
1224 5090 1517 5161 indigebat,
1540 5090 1686 5159 juxta
1718 5090 1846 5143 illud
1875 5106 1889 5144 :
1922 5108 1942 5139 ι
1964 5088 2145 5154 Pater,

581 5182 817 5237 clariiiea
866 5182 1061 5236 Filium
1100 5190 1248 5234 tuum
1287 5180 1329 5234 '.
1379 5199 1397 5231 ι
1452 5177 1565 5245 Nm,
1602 5179 1696 5233 sed
1742 5194 1879 5232 unus
1935 5178 2151 5232 interim

582 5273 873 5328 secundum
924 5272 1228 5340 Scripturas
1252 5280 1335 5326 est
1370 5270 1646 5334 Dominus,
1674 5284 1778 5323 una
1812 5268 1965 5333 Iides,
1986 5284 2151 5322 unum

581 5367 849 5437 baptisma
880 5365 925 5421 ⁸.
998 5364 1066 5419 Ει
1115 5362 1564 5434 quemadmodum
1611 5376 1715 5416 una
1779 5370 1862 5416 est
1907 5361 2040 5417 ﬁdes
2097 5362 2149 5416 in

629 5521 699 5556 -"
721 5520 898 5577 Galat.
924 5535 1003 5589 tv,
1029 5520 1084 5588 8,
1109 5519 1160 5575 9.
1236 5519 1283 5551 "
1304 5517 1491 5574 Matth.
1518 5532 1626 5585 xw,
1658 5518 1747 5572 55.

2261 4898 2295 4978 ᾖ
2325 4904 2381 4956 δὲ
2410 4904 2631 4973 γέγονεν
2664 4905 2692 4957 6
2720 4903 2859 4956 κατὰ
2899 4902 3116 4974 μέθεξιν
3146 4904 3245 4975 τὴν
3273 4905 3422 4974 παρὰ
3446 4905 3581 4959 Θεοῦ
3618 4906 3836 4973 δοξαζό-

2260 5013 2418 5065 μενος
2462 4997 2767 5067 ἄνθρωπος,
2807 4996 2976 5048 ἐδεῖτο
3007 4996 3100 5050 καὶ
3132 4996 3312 5067 δόξης,
3337 4997 3510 5067 λέγων
3529 5016 3544 5030 υ
3574 5017 3593 5049 ι
3629 5000 3832 5072 Πάτερ,

2257 5084 2477 5151 δόξασόν
2501 5104 2592 5139 σου
2616 5086 2709 5139 τὸν
2728 5086 2872 5140 Υἱόν.
2893 5106 2910 5138 ι
2932 5086 3094 5151 Ἀλλ’,
3119 5082 3241 5150 «Εἷς
3264 5087 3487 5159 Κύριος,
3507 5089 3605 5161 μία
3631 5091 3833 5157 πίστις,

2256 5176 2314 5230 ἓν
2331 5176 2634 5248 βάπτισμα,
2664 5196 2682 5230 ›
2704 5178 2844 5232 κατὰ
2873 5178 2933 5231 τὸ
2960 5179 3587 5254 γεγραμμένον.Ὅσπερ
3604 5177 3698 5236 οὖν
3720 5183 3835 5237 ἐστι

2262 5270 2360 5341 μία
2398 5270 2583 5334 πίστις
2610 5273 2643 5341 ὴ
2668 5272 2723 5323 ὲν
2747 5271 2967 5343 Χριστῷ
2993 5271 3036 5337 ι,
3071 5271 3166 5324 καὶ
3195 5272 3253 5326 ἓν
3282 5271 3498 5344 ἀληθῶς
3528 5272 3833 5345 βάπτισμα.

2257 5360 2435 5415 καίτοι
2475 5360 2886 5432 βαπτιζομένων
2927 5361 3020 5415 καὶ
3052 5363 3494 5418 πεπιστευκότων
3549 5364 3709 5435 ἡμῶν
3756 5366 3834 5429 εἰς

1829 5517 1844 5548 ί
1883 5516 2044 5570 Joau.
2084 5532 2149 5583 tv1

2254 5554 2275 5569 η.
2356 5514 2419 5569 ’l
2449 5515 2572 5572 Cor.
2608 5533 2670 5582 tt,
2700 5520 2753 5574 8.
2826 5517 2847 5550 ³
2875 5516 3034 5574 .Ioau.
3062 5534 3195 5588 xvtt,
3236 5519 3289 5575 1.
3367 5520 3389 5553 ⁸
3418 5517 3617 5592 Ephes.
3650 5531 3727 5585 tv,
3751 5517 3807 5576 5.

1682 5677 1855 5733 Varim
1888 5676 2151 5734 lectiones
2183 5676 2385 5734 codicis
2430 5676 2790 5749 Seguieriani.

668 5810 689 5855 ι
715 5812 796 5875 είς
830 5813 1082 5884 Χριστόν.
