4146 6456
270 367 399 437 “,3!

1226 372 1314 430 DE
1355 375 1585 434 BECTA
1620 375 1778 433 FIDE
1818 378 1908 431 Μ)
1947 378 2396 444 TIIEODOSIUM
2434 387 2568 445 IMP.

3389 402 3532 468 “82

268 493 510 563 Πατέρα,
543 492 637 544 καὶ
670 491 817 553 Υἰὸν,
852 493 945 545 καὶ
989 492 1141 561 ἅγιον
1171 494 1430 566 Πνεῦμα⁸
1462 497 1603 551 κατὰ
1628 498 1719 549 τὸν
1749 498 1849 551 αύ-

1959 499 2259 572 Christum,
2309 515 2365 562 et
2410 525 2575 564 unum
2652 512 2778 567 item
2863 515 3151 586 baptisma,
3203 520 3417 577 etiamsi
3472 525 3529 580 in

265 584 381 647 τὸν,
412 578 586 653 οἴμαι,
626 582 827 653 τρόπον
865 599 925 636 τε
955 585 1050 638 καὶ
1073 583 1250 653 λόγον,
1292 585 1389 655 μία
1419 587 1846 657 προσκύνησιςή

269 674 502 745 Πατρὸς,
536 674 631 727 καὶ
660 673 1180 746 ὲνανθρωπήσαντος
1205 676 1358 741 Υίοῦ,
1389 680 1480 730 καὶ
1504 678 1658 747 ἁγίου
1688 680 1850 734 Πνεύ-

272 783 460 835 ματος.
523 765 924 835 Ἐξωσθήσεται
975 766 1084 838 γὰρ
1116 767 1353 838 οὐδαμοῦ
1397 769 1489 822 τοῦ
1530 775 1851 841 προσκυνεῖ-

271 855 398 908 σθαι
428 856 536 909 δεῖν
575 856 711 926 πρός
736 873 795 908 τε
825 856 985 925 ἡμῶν
1010 857 1190 911 αὐτῶν
1228 859 1324 911 καὶ
1353 858 1461 913 τῶν
1491 861 1663 928 ἁγίων
1686 861 1850 930 ἀγγέ-

268 946 378 1000 λων
404 950 433 1001 ό
456 948 785 1020 Μονογενὴς,
819 949 867 1001 εἰ
892 949 984 1001 καὶ¹
1011 949 1201 1018 γέγονε
1230 949 1386 1022 σὰρξ,
1417 952 1510 1004 καὶ
1540 954 1849 1024 ἐσκήνωσεν

269 1042 328 1092 ὲν
357 1042 507 1112 ἡμῖν,
534 1040 913 1112 κεχρημάτικέ
954 1059 1013 1095 τε
1046 1042 1389 1114 πρωτότοκος
1436 1044 1511 1107 ώς
1544 1047 1601 1099 ὲν
1635 1045 1849 1109 πολλοῖς

268 1135 520 1204 ἀδελφοῖς
540 1148 553 1163 ⁸
586 1135 709 1189 ἐπεὶ
746 1136 831 1199 τίς
853 1134 919 1189 ἂν
954 1135 1039 1207 εἴη
1087 1135 1249 1190 πάλιν
1280 1138 1309 1190 6
1338 1138 1437 1207 τῆς
1469 1138 1555 1190 ἐπ’
1586 1138 1734 1210 αύτῴ
1760 1140 1851 1193 πί-

272 1246 445 1294 στεως
488 1228 678 1296 λόγος;
729 1228 856 1292 Πῶς
890 1222 983 1282 οὖν
1014 1228 1115 1282 οὐκ
1145 1229 1293 1294 ἄξιον
1344 1230 1504 1294 ίδεῖν;
1542 1231 1680 1286 Ούδὲ
1718 1230 1847 1303 γὰρ,

270 1316 448 1390 οἶμαι.
480 1322 635 1389 φαῖεν
663 1318 750 1381 ἂν,
783 1320 942 1392 εἴπερ
973 1337 1038 1390 γε
1074 1320 1279 1375 ἕλοιντο
1309 1324 1525 1390 φρονεῖν
1551 1322 1747 1393 ὀρθῶς,
1774 1322 1850 1387 ὡς

271 1414 369 1475 Εἰς
394 1411 554 1482 μόνον
582 1412 1026 1484 πεπιστεύκαμεν
1047 1412 1139 1467 τὸν
1161 1415 1226 1469 ὲκ
1261 1413 1393 1468 Θεοῦ
1430 1415 1641 1485 Πατρὸς
1675 1414 1852 1483 φύντα

270 1502 464 1570 Λόγον.
517 1502 958 1573 ἁπογυμνοῦντες
1001 1503 1165 1558 αὐτὸν
1191 1504 1292 1574 τῆς
1346 1506 1573 1576 σαρκός⁸
1622 1507 1733 1559 οὐδ’
1782 1506 1850 1561 αὖ

271 1596 451 1648 ἐκεῖνο
483 1596 803 1666 παρήσομεν
830 1597 1032 1649 εἰπεῖν·
1068 1596 1337 1663 λελέξεται
1370 1600 1477 1668 γάρ
1496 1615 1510 1629 ⁸
1545 1599 1607 1652 ού
1637 1599 1746 1671 γὰρ
1773 1602 1852 1665 εἰς

270 1688 370 1741 ἕνα
398 1688 503 1741 τῶν
537 1688 658 1742 καθ’
684 1691 855 1761 ἡμᾶς,
882 1688 1004 1742 οῦτε
1025 1691 1131 1761 μὴν
1161 1692 1240 1754 είς
1268 1690 1554 1763 ἄνθρωπον
1577 1694 1608 1763 ή
1647 1694 1850 1759 πίστις,

272 1780 390 1833 ἀλλ’
422 1782 503 1846 εἰς
538 1782 668 1835 Θεὸν
713 1781 1015 1853 πράττεται
1061 1781 1155 1837 τὸν
1201 1783 1361 1853 φύσει
1397 1785 1742 1856 καῖ’ἀληθῶς
1793 1788 1852 1840 ὲν

1949 589 2190 659 Patrem,
2218 605 2272 651 et
2322 597 2535 667 Filium,
2562 609 2616 655 et
2646 601 2907 672 Spiritum
2940 620 3182 663 sanctum
3220 613 3528 681 credamus,

1948 692 2005 738 et
2034 685 2418 773 baptizemur:
2452 691 2523 745 ita
2557 693 2734 761 plane,
2760 703 2817 747 ut
2842 712 2939 765 ego
2973 699 3231 765 arbitror,
3258 718 3360 756 nna
3394 719 3529 773 quo-

1950 762 2289 922 queéi'atris,
2328 790 2381 834 et
2421 782 2688 838 incarnati
2720 762 2953 849 Filii,vet
2986 762 3226 855 Spiritus
3248 762 3426 847 sancti
3450 803 3533 847 est

1950 869 2052 922 8th
2087 872 2217 922 atio.
2276 870 2533 922 Ouamvis
2600 877 2743 922 enim
2796 876 3118 922 liniannitn;
3170 898 3298 922 ωιτη
3358 882 3533 922 f-mma

1949 869 2217 927 adoratio.
2276 870 2533 938 Quamvis
2600 877 2743 930 enim
2796 876 3119 947 Unigenitus
3170 898 3298 936 caro
3358 882 3534 939 factus

1952 959 2091 1015 inter
2137 977 2233 1016 nos
2290 964 2567 1030 habitarit,
2618 983 2717 1022 nec
2774 983 2878 1022 non
2945 970 3338 1041 primogenitus
3394 976 3534 1028 inter

1951 1055 2149 1109 multos
2213 1055 2409 1111 fratres
2458 1059 2754 1128 appellatus
2811 1063 2880 1115 sit
2914 1062 2970 1129 ⁸,
3014 1063 3117 1116 hoc
3165 1074 3341 1119 tamen
3401 1067 3534 1121 nihil

1952 1145 2191 1215 impedit,
2232 1150 2517 1216 quominus
2570 1168 2690 1206 cum
2722 1168 2751 1206 a
2778 1152 2953 1216 nobis,
2986 1163 3096 1207 tum
3130 1156 3195 1210 ab
3227 1157 3357 1226 ipsis
3402 1174 3536 1225 quo-

1950 1256 2056 1307 que
2106 1241 2311 1312 angelis
2354 1243 2567 1298 adorari
2614 1246 2827 1299 debeat.
2882 1246 3015 1300 Nam
3070 1263 3188 1316 quae
3255 1249 3357 1302 alia
3412 1248 3534 1303 ﬁdei

1952 1334 2088 1385 ratio
2123 1333 2174 1387 in
2208 1337 2381 1402 ipsum
2426 1343 2676 1390 constare
2702 1338 2923 1405 posset?
2952 1338 3236 1405 Quomodo
3259 1356 3385 1396 vero
3430 1342 3534 1396 hoc

1951 1426 2179 1494 qnmsitu
2217 1440 2319 1480 non
2353 1426 2618 1496 dignum?
2667 1428 2851 1498 Neque
2895 1430 3039 1484 enim
3073 1431 3153 1502 (si
3186 1435 3343 1487 modo
3390 1443 3536 1489 recte

1951 1531 2140 1585 sapere
2171 1516 2473 1589 voluerint)
2508 1518 2701 1574 dicturi
2731 1533 2879 1589 sunt,
2930 1525 3148 1594 opinor,
3183 1526 3325 1595 quod
3357 1526 3407 1579 in
3441 1526 3533 1581 Dei

1951 1608 2129 1663 Patris
2184 1609 2415 1664 Verbum
2462 1609 2636 1665 solum
2701 1626 2865 1668 carne
2912 1626 3133 1670 exutum
3201 1621 3532 1673 credamus:

1953 1715 2128 1771 neque
2164 1700 2290 1754 illud
2327 1717 2541 1755 rursum
2572 1704 2988 1771 prarteriblmus,
3019 1722 3213 1776 nempe
3245 1710 3386 1777 quod
3429 1724 3533 1763 non

1954 1793 2007 1847 in
2053 1809 2215 1846 unum
2249 1793 2481 1862 aliquem
2524 1796 2694 1849 nostri
2740 1796 2995 1862 similem,
3040 1807 3132 1852 aut
3166 1798 3218 1853 in
3257 1799 3532 1854 hominem

273 1871 553 1944 προσώπῳ
604 1872 862 1944 Χριστοῦ.
910 1874 1246 1947 Συλλήψεται
1301 1875 1359 1929 δὲ
1390 1876 1468 1947 τῷ
1511 1876 1654 1949 λόγῳ
1698 1879 1794 1931 καὶ
1826 1880 1855 1932 ό

1959 1882 2060 1937 [ide
2099 1855 2402 1949 tendamds,
2434 1885 2527 1940 sed
2552 1886 2712 1953 quod,
2740 1888 2839 1942 sub
2864 1855 3090 1958 persona
3108 1890 3329 1955 Christi,
3358 1892 3410 1945 in
3443 1906 3537 1947 ve-

274 1963 440 2032 σοφὸς
466 1963 694 2034 γράφων
724 1964 938 2030 Παῦλος
957 1983 969 1996 ⁸
1011 1986 1029 2017 ι
1078 1968 1151 2020 Οὐ
1191 1967 1300 2040 γὰρ
1329 1968 1556 2033 ἑαυτοὺς
1584 1970 1855 2040 κηρύσσο-

275 2072 399 2124 μεν,
435 2056 570 2109 ἀλλὰ
594 2058 827 2129 Χριστὸν
868 2057 1077 2129 Ἰησοῦν
1114 2059 1319 2131 Κύριον
1345 2077 1360 2092 ⁸
1404 2061 1631 2125 ἑαυτοὺς
1661 2062 1715 2116 δὲ
1738 2062 1856 2116 δού-

272 2144 398 2209 λους
425 2145 580 2216 ὑμῶν
621 2146 709 2201 6:6
751 2148 925 2218 Ἰησοῦ
958 2149 1222 2221 Χριστοῦ.
1248 2150 1367 2204 "01:
1401 2151 1430 2203 6
1461 2151 1594 2217 Θεὸς
1632 2155 1659 2206 ό
1685 2153 1854 2208 εἰπὼν

273 2239 340 2291 ἐκ
374 2240 598 2304 σκότους
620 2239 734 2309 φῶς
763 2241 996 2314 λάμψαι,
1030 2244 1089 2308 ὃς
1110 2244 1349 2316 ἔλαμψεν
1373 2249 1431 2300 ὲν
1460 2248 1578 2311 ταῖς
1607 2248 1855 2320 καρδίαις

272 2327 453 2397 ἡμῶν,
489 2330 628 2401 πρὸς
649 2334 929 2402 φωτισμὸν
952 2336 1052 2406 τῆς
1078 2334 1333 2403 γνώσεως
1368 2337 1467 2407 τῆς
1489 2337 1648 2410 δόξης
1687 2338 1853 2393 αὑτοῦ

272 2423 335 2475 ὲν
374 2421 653 2495 προσώπῳ
700 2424 873 2497 Ἰησοῦ
918 2425 1177 2498 Χριστοῦ.
1222 2448 1240 2479 ι
1285 2429 1414 2484 Ἰδοὺ
1443 2430 1507 2501 δὴ
1558 2431 1746 2500 σαφῶς
1795 2448 1852 2484 τε

274 2513 372 2565 καὶ
400 2513 646 2585 ἐναργῶς
681 2517 709 2569 ό
734 2517 1017 2588 φωτισμὸς
1047 2518 1148 2589 τῆς
1178 2518 1433 2588 γνώσεως
1456 2519 1549 2574 τοῦ
1591 2521 1728 2575 Θεοῦ
1761 2525 1855 2577 καὶ

274 2606 490 2679 Πατρὸς
518 2608 576 2662 ὲν
599 2608 875 2682 προσώπῳ
897 2609 1158 2681 διέλαμψε
1183 2611 1277 2665 τοῦ
1310 2611 1548 2682 Χριστοῦ
1571 2629 1585 2644 ⁸
1630 2616 1854 2687 τοιγάρ-

272 2716 355 2752 τοι
389 2700 482 2754 καὶ
509 2700 744 2769 ἔφασκεν
763 2717 778 2732 ⁸
812 2720 831 2753 ι
874 2702 931 2756 '0
955 2702 1213 2774 ἑωρακὼς
1247 2703 1367 2774 ἐμὲ,
1392 2702 1602 2777 ἑώρακε
1632 2706 1722 2759 τὸν
1745 2708 1856 2759 Πα-

272 2790 428 2861 τέρα.
462 2823 530 2832 —
576 2792 716 2863 Ἐγὼ
743 2793 838 2849 καὶ
863 2796 891 2849 6
920 2794 1108 2868 Πατὴρ
1135 2794 1194 2849 ἓν
1219 2796 1404 2867 ἐσμεν.
1452 2816 1472 2849 ι

346 2975 469 3029 AI".
503 2974 802 3047 Χαρακτὴρ
833 2974 890 3029 δὲ
931 2978 959 3030 6
994 2975 1135 3041 θεῖος
1181 2977 1241 3030 ού
1279 2978 1609 3048 σωματικὸς,
1651 2977 1765 3031 ἀλλ’
1796 2979 1854 3032 ὲν

273 3066 503 3138 δυνάμει
546 3068 640 3121 καὶ⁹
687 3068 813 3140 δόξῃ
856 3071 921 3139 τῇ
969 3069 1435 3142 θεοπρεπεστάτῃ.
1486 3071 1656 3126 Τοῦτο
1701 3072 1757 3125 δὲ
1787 3066 1854 3142 ἦν

1958 1992 2074 2030 rum
2114 1986 2166 2030 et
2211 1977 2511 2032 naturalem
2562 1978 2755 2032 Deum.
2817 1979 2913 2035 Cui
2958 1991 3010 2036 et
3057 1982 3272 2052 sapiens
3322 1998 3536 2053 quoque

1955 2067 2153 2122 Paulus
2186 2068 2555 2138 patrocinatur
2583 2086 2597 2123 :
2629 2070 2817 2126 scribit
2847 2072 2990 2126 enim
3024 2088 3039 2127 :
3077 2093 3095 2125 :
3138 2073 3252 2129 Non
3292 2084 3535 2129 nosmet-

1957 2156 2102 2227 ipsos
2148 2158 2524 2228 prtcdieamus,
2570 2160 2665 2213 sed
2712 2158 2892 2215 Jesum
2928 2160 3204 2217 Christum
3239 2164 3535 2218 Dominum

1956 2259 2199 2305 nostrum
2223 2266 2239 2316 ;
2273 2265 2369 2305 nos
2400 2259 2579 2305 autem
2607 2267 2794 2308 servos
2816 2262 3029 2310 vestros
3056 2255 3369 2326 perJesum.
3403 2256 3542 2324 Quo-

1956 2341 2099 2395 niam
2129 2339 2268 2395 Deus
2292 2341 2383 2411 qui
2410 2341 2543 2397 dixit
2570 2343 2635 2397 de
2664 2344 2899 2399 tenebris
2933 2344 3105 2401 lucem
3136 2346 3538 2416 splendescere,

1956 2437 2069 2505 ipse
2128 2434 2304 2489 illuxit
2348 2435 2398 2489 in
2457 2435 2710 2491 cordibus
2760 2437 2957 2493 nostris
2987 2439 3053 2493 ad
3096 2439 3539 2497 illuminationem

1955 2526 2193 2581 scientia:
2231 2527 2497 2582 claritatis
2523 2527 2618 2582 Dei
2651 2531 2703 2581 in
2736 2528 2873 2583 facie
2899 2530 3007 2600 30
3037 2530 3236 2586 Christi
3275 2530 3401 2586 Jesu
3427 2531 3469 2585 ⁸.
3513 2549 3534 2583 ι

1956 2617 2095 2673 Ecce
2141 2631 2324 2688 aperte
2380 2619 2759 2688 evidenterque
2806 2621 3129 2676 illuminatio
3174 2620 3417 2677 scientia:
3446 2620 3542 2678 Dei

1956 2707 2134 2764 Patris
2175 2711 2225 2764 in
2265 2726 2492 2780 persona
2543 2710 2744 2766 Christi
2786 2711 3005 2767 ellulsit.
3074 2712 3225 2769 Unde
3271 2721 3322 2768 et
3377 2712 3539 2781 ipse:

1967 2823 1985 2855 ι
2010 2804 2111 2870 Qui
2141 2806 2286 2859 videt
2322 2822 2427 2870 me,
2456 2807 2651 2876 inquit,
2686 2807 2830 2863 videt
2856 2815 2909 2861 et
2956 2805 3235 2862 Patrem".
3259 2837 3328 2847 —
3356 2806 3467 2878 Ego
3488 2810 3546 2863 et

1956 2894 2125 2949 Pater
2159 2912 2322 2949 unum
2350 2913 2537 2951 sumus
2561 2899 2603 2952 ⁸.
2635 2916 2655 2951 ι

2027 2987 2267 3041 XXXIII.
2299 2988 2564 3043 Caeterum
2594 2989 2807 3043 divinus
2853 2989 3141 3045 character
3171 3005 3273 3045 non
3305 2999 3389 3046 est
3420 3004 3543 3045 cor-

1955 3094 2170 3150 poreus,
2209 3080 2301 3135 sed
2356 3080 2407 3133 in
2459 3094 2666 3134 summa
2724 3081 2922 3135 virtute
2967 3091 3021 3135 et
3055 3082 3221 3150 gloria
3273 3097 3390 3149 quae
3433 3081 3543 3136 Deo

275 3160 577 3232 ἀκραιφνὲς
614 3162 672 3214 ὲν
713 3163 953 3233 Χριστῷ.
987 3164 1026 3215 Γ
1029 3163 1353 3234 νωρίζεσθαι
1383 3163 1440 3217 δὲ
1479 3164 1571 3217 καὶ
1611 3164 1700 3218 6:6
1729 3165 1854 3218 τού-

1961 3170 2233 3236 conveuit,
2261 3171 2489 3239 positus.
2535 3171 2661 3223 Erat
2692 3171 2737 3225 is
2766 3185 2926 3239 porro
2960 3172 3013 3224 in
3043 3171 3263 3225 Christo
3302 3171 3547 3241 apprime

274 3269 386 3305 των
412 3252 584 3322 ἠξίου,
618 3254 710 3307 καὶ
740 3254 827 3307 διὰ
870 3256 970 3324 τῆς
1006 3256 1113 3309 τῶν
1145 3255 1441 3326 δρωμένων
1480 3257 1755 3329 ὑπεροχῆς
1779 3258 1857 3322 εἰς

1960 3272 2183 3317 exactus
2214 3270 2266 3316 et
2298 3262 2526 3316 lucidus.
2582 3259 2762 3315 Voluit
2792 3272 2972 3317 autem
3006 3277 3109 3317 non
3142 3277 3238 3331 per
3269 3263 3382 3317 hinc
3424 3272 3546 3317 tan-

276 3344 489 3407 ὲννοίας
532 3344 827 3416 ἀναφοιτᾷν
868 3345 966 3408 τὰς
997 3346 1083 3399 ἐπ’
1123 3346 1271 3416 αὐτῷ
1306 3346 1431 3408 τοὺς
1476 3348 1860 3417 ἀκροωμένους

275 3436 457 3507 ἤθελε,
489 3437 1036 3510 κατασμικρυνούσης
1057 3438 1217 3491 αὑτὸν
1247 3440 1432 3510 ἡρέμα
1458 3440 1609 3510 παρά
1648 3458 1711 3509 γε
1748 3442 1860 3504 τοῖς

276 3531 562 3594 ἁσυνέτοις
590 3530 689 3599 τῆς
731 3530 1015 3601 όρωμένης
1066 3531 1288 3603 σαρκός.
1328 3550 1346 3581 ι
1376 3532 1439 3583 Ei
1473 3533 1582 3603 γὰρ
1629 3533 1687 3585 ού
1721 3533 1861 3586 ποιῶ

277 3622 347 3675 16
377 3621 515 3693 ἔργα
558 3621 652 3675 τοῦ
687 3623 899 3693 Πατρός
948 3640 1071 3692 μου,
1104 3622 1257 3693 φησὶ,
1288 3621 1363 3693 μὴ
1413 3623 1697 3676 πιστεύετέ
1733 3641 1858 3695 μοι’

279 3716 328 3766 εἰ
361 3713 415 3766 δὲ
440 3713 599 3780 ποιῶ,
631 3714 733 3768 κᾶν
776 3714 899 3784 ἐμοὶ
929 3714 1003 3785 μὴ
1032 3714 1348 3785 πιστεύητε,
1378 3716 1489 3777 τοῖς
1527 3714 1707 3785 ἔργοις
1759 3732 1859 3785 μου

281 3807 626 3862 πιστεύσατε.
666 3828 682 3859 ι
716 3809 885 3862 Φάναι
909 3808 965 3861 δὲ
986 3805 1138 3880 οἶμαι
1169 3808 1329 3861 ταυτὶ
1351 3809 1411 3862 τὸ
1442 3810 1695 3881 τηνικάδε
1724 3812 1861 3881 Χριο

282 3898 427 3963 στὸν,
486 3899 587 3952 οὐκ
623 3898 908 3963 ἀσυντελὲς
950 3901 1032 3962 είς
1079 3900 1266 3971 ὄνησιν
1315 3900 1493 3954 εἰδότα
1541 3901 1602 3953 τὸ
1651 3901 1859 3973 χρῆμα.

294 3991 512 4061 Ἐπειδὴ
540 3991 650 4060 γὰρ
692 3991 861 4062 ῷοντο
899 3992 1031 4045 Θεὸν
1074 3992 1174 4063 μὲν
1216 3994 1318 4047 ούκ
1356 3992 1494 4047 εἶναι
1527 3994 1666 4048 κατὰ
1703 3994 1862 4063 φύσιν

280 4083 372 4136 τὸν
427 4083 495 4136 δι’
534 4084 683 4153 ἡμᾶς
732 4083 1214 4156 ὲνηνθρωπηκότα,
1269 4084 1423 4154 ψιλὸν
1471 4085 1529 4138 δὲ
1579 4086 1863 4156 ἄνθρωπον

279 4175 471 4240 ἅπλῶς
500 4178 622 4231 καθ’
654 4179 821 4249 ἡμᾶς,
857 4179 1233 4250 ἀπαράδεκτον
1262 4178 1317 4232 δὲ
1350 4179 1437 4232 6:6
1459 4178 1619 4233 τοῦτο
1646 4178 1746 4251 τὴν
1774 4179 1862 4233 ἐπ’

281 4267 433 4338 αὐτῷ
469 4268 651 4322 πίστιν
689 4268 966 4321 ἐποιοῦντό
1006 4286 1186 4332 τινες⁸
1236 4270 1550 4339 ἀναγκαίως
1586 4270 1648 4324 τὸ
1678 4270 1860 4341 δεῖμα,

285 4363 378 4416 καὶ
427 4361 520 4414 τὸν
579 4363 673 4415 ἐπὶ
706 4360 916 4424 τούτοις
946 4360 1103 4415 ὄκνον
1150 4361 1604 4432 ὑποτεμνόμενος,
1651 4365 1716 4433 τῇ
1763 4364 1867 4434 τῆς

283 4452 539 4522 θεότητος
570 4451 730 4521 φύσει
750 4451 851 4523 τὴν
879 4450 1061 4504 πίστιν
1085 4451 1358 4515 ἀνατιθεὶς
1387 4451 1464 4516 ώς
1496 4453 1554 4505 ἐν
1587 4452 1865 4524 προσώπῳ

1962 3363 2073 3407 tum
2134 3352 2273 3407 dicta
2332 3354 2701 3417 innotescere,
2749 3352 2841 3407 sed
2893 3368 2990 3423 per
3043 3368 3263 3422 operum
3332 3368 3546 3421 quoque

1961 3443 2333 3499 excellentiam
2389 3443 2606 3497 volebat
2650 3444 2925 3497 auditores
2964 3444 3030 3497 ad
3083 3443 3329 3499 notitiam
3380 3443 3547 3513 ipsius

1964 3538 2367 3600 conscendere;
2407 3536 2449 3589 si
2498 3536 2712 3603 quidem
2757 3550 2956 3604 corpus
3004 3536 3147 3605 quod
3202 3537 3546 3599 cernebatur,

1961 3627 2338 3681 auctoritatem
2378 3625 2522 3679 illius
2547 3625 2690 3692 apud
2726 3624 3095 3694 imprudentes
3146 3627 3316 3695 magis
3349 3627 3548 3696 magis-

1961 3734 2065 3787 que
2107 3718 2335 3773 subinde
2379 3717 2672 3772 minuebat.
2728 3717 2818 3771 Ait
2858 3732 2987 3786 ergo
3023 3735 3038 3773 :
3085 3737 3103 3771 :
3135 3719 3190 3773 Si
3258 3736 3361 3773 non
3410 3719 3550 3775 facio

1962 3826 2122 3881 opera
2158 3809 2338 3864 Patris
2400 3809 2525 3875 mei,
2577 3809 2742 3864 nolite
2788 3813 3053 3864 credere:
3081 3810 3127 3863 si
3166 3822 3345 3865 autem
3387 3810 3546 3877 facio,

1964 3903 2066 3957 etsi
2095 3902 2223 3957 mibi
2255 3918 2362 3956 non
2389 3902 2629 3966 creditis,
2665 3901 2923 3971 operibus
2951 3901 3160 3958 credite
3194 3903 3237 3960 ’.
3293 3921 3312 3955 ι
3343 3902 3415 3957 Ea
3448 3918 3548 3959 au-

1968 4005 2074 4049 tem
2111 3994 2389 4049 Christum
2424 3994 2623 4049 dixisse
2654 3993 2930 4061 existimo,
2956 4009 3077 4064 quae
3111 4003 3237 4049 tunc
3260 3994 3545 4050 utilitatem

1963 4087 2194 4142 allatura
2227 4096 2469 4142 noverat.
2515 4085 2650 4143 Nam
2701 4103 2821 4143 cum
2864 4087 3022 4158 vulgo
3055 4102 3372 4158 persuasum
3405 4096 3551 4143 esset

1965 4193 2109 4243 eum,
2130 4180 2220 4248 qui
2252 4180 2604 4235 nostricausa
2634 4181 2795 4236 homo
2827 4178 3003 4237 factus
3024 4191 3129 4246 est,
3162 4191 3352 4236 natura
3381 4181 3547 4235 Deum

1967 4286 2072 4325 non
2107 4286 2249 4337 esse,
2276 4273 2367 4326 sed
2392 4272 2662 4327 hominem
2709 4272 3029 4342 simpliciter
3058 4274 3214 4329 nobis
3235 4290 3332 4345 per
3368 4274 3548 4329 omnia

1967 4361 2220 4427 similem,
2252 4372 2308 4416 et
2334 4362 2403 4417 ob
2430 4363 2479 4417 id
2509 4363 2726 4433 quidam
2761 4364 2919 4418 (idem
2955 4366 3011 4420 in
3037 4364 3184 4419 illum
3218 4381 3322 4420 non
3354 4364 3551 4418 admit-

1969 4454 2182 4507 tendam
2230 4452 2561 4509 afﬁrmarent
2604 4472 2618 4508 :
2663 4454 2808 4509 onmi
2861 4465 3035 4511 metus
3087 4456 3552 4526 cunetationisque

282 4542 521 4614 Πατρὸς,
546 4542 643 4595 καὶ
671 4541 790 4612 ούχὶ
812 4543 877 4613 τῇ
910 4540 1032 4595 καθ’
1056 4543 1202 4613 ἡμᾶς
1225 4543 1667 4614 σμικροπρεπεία
1697 4560 1857 4614 προσ-

1966 4560 2125 4600 causa
2177 4545 2433 4613 praecisa,
2480 4545 2819 4617 Paternaque
2872 4564 3102 4618 persona
3157 4559 3405 4618 sumpta,
3440 4563 3548 4603 non

283 4637 504 4708 νέμων,
547 4634 823 4705 ἔφασκεν⁸
880 4654 899 4686 ι
950 4635 1007 4689 ’0
1062 4636 1333 4691 πιστεύων
1377 4638 1460 4701 είς
1501 4636 1620 4706 ἐμὲ,
1657 4637 1717 4688 ού
1772 4654 1863 4689 πι-

287 4728 467 4783 στεύει
513 4730 592 4792 είς
630 4728 751 4799 ἐμὲ,
797 4728 935 4782 ἀλλὰ
986 4729 1065 4792 εἰς
1092 4729 1183 4783 τὸν
1222 4729 1515 4801 πέμψαντά
1559 4745 1659 4801 με’
1709 4730 1803 4785 καὶ
1834 4731 1862 4784 6

286 4820 511 4892 θεωρῶν
538 4820 661 4891 ἐμὲ,
707 4820 901 4890 θεωρεῖ
953 4819 1046 4873 τὸν
1082 4819 1375 4891 πέμψαντά
1425 4837 1512 4890 με.
1546 4839 1565 4872 ι
1595 4816 1724 4893 'Ap’
1768 4816 1861 4875 οὖν

285 4912 386 4966 οὐκ
412 4914 524 4966 ἴσον
569 4914 778 4967 εἰπεῖν⁸
809 4909 877 4964 Ὦ
919 4910 1028 4965 τῶν
1069 4911 1218 4982 ἐμῶν
1262 4911 1522 4981 κατήκοοι
1561 4912 1752 4980 λόγων,
1786 4913 1861 4982 μὴ

288 5005 464 5075 μικρὰ
498 5005 591 5059 καὶ
614 5003 964 5077 χαμαιρριφῆ
994 5003 1063 5057 16
1089 5004 1170 5067 είς
1196 5003 1295 5073 ἐμὲ
1328 5002 1578 5069 δοξάζετε
1598 5016 1612 5030 ⁸
1642 5002 1753 5055 ἴστε
1780 5003 1860 5069 δὲ,

283 5096 369 5148 ὅτι
396 5095 494 5167 τὴν
541 5096 621 5158 εἰς
661 5094 823 5148 αὑτὸν
872 5094 972 5164 ἐμὲ
1017 5094 1077 5146 τὸ
1103 5091 1377 5163 ὁρώμενον
1402 5094 1460 5145 ὲν
1495 5092 1659 5164 σαρκὶ
1689 5109 1863 5163 προσ-

288 5185 491 5257 ιέμενοι
556 5186 779 5248 πίστιν,
825 5184 925 5236 οὐκ
977 5183 1058 5246 είς
1096 5181 1383 5253 ἄνθρωπον
1432 5181 1617 5244 ἁπλῶς
1675 5181 1865 5234 ἔσεσθε

286 5278 735 5341 πεπιστευκότες,
767 5275 882 5329 ἀλλ’
926 5276 1006 5338 εἰς
1036 5273 1197 5328 αὐτὸν
1235 5273 1324 5327 τὸν
1366 5273 1584 5345 Πατέρα
1611 5273 1678 5326 δι’
1708 5273 1864 5342 ἐμοῦ,

286 5368 383 5424 τοῦ
409 5370 550 5424 κατὰ
572 5371 679 5423 πᾶν
702 5367 878 5423 ὁτιοῦν
921 5368 1049 5430 ῐσως
1070 5383 1130 5420 τε
1155 5367 1248 5419 καὶ
1273 5364 1706 5436 ἀπαραλλάκτως
1725 5365 1868 5436 ἔχον-

287 5476 382 5523 τος
404 5459 559 5524 Υἱοῦ,
595 5458 969 5530 σαρκωθέντος
1020 5458 1119 5529 μὲν
1148 5457 1215 5512 δι’
1242 5457 1407 5527 ὑμᾶς,
1434 5457 1530 5510 καὶ
1556 5457 1869 5528 περίὸλημα

292 5550 706 5623 σμικροπρεπὲς
756 5549 1183 5619 οἰκειωσαμένου
1248 5549 1347 5619 τὴν
1422 5549 1816 5621 ἀνθρωπότητα
1846 5565 1859 5580 ⁸

290 5643 353 5698 16
387 5660 449 5710 γε
484 5644 590 5714 μὴν
622 5641 835 5712 ίσοφυές
867 5659 925 5695 τε
952 5643 1043 5695 καὶ
1071 5640 1339 5713 ἰσουργὸν,
1373 5641 1465 5694 καὶ
1496 5642 1551 5695 ὲν
1578 5642 1863 5714 ταυτότητι

1969 4638 2216 4692 humana:
2252 4635 2565 4707 abjectioni,
2604 4640 2698 4695 sed
2726 4640 2921 4695 divinae
2950 4649 3156 4698 natura:
3190 4642 3346 4697 fidem
3391 4640 3550 4695 attri-

1967 4728 2124 4795 buit;
2159 4729 2237 4783 ait
2278 4730 2466 4784 enim:
2505 4749 2525 4783 ‹
2565 4729 2665 4798 Qui
2710 4733 2880 4788 credit
2909 4733 2960 4787 in
2990 4748 3096 4797 me,
3134 4748 3239 4787 non
3285 4732 3455 4786 credit
3497 4731 3550 4784 in

1968 4836 2073 4885 me,
2107 4820 2201 4876 sed
2232 4820 2285 4877 in
2314 4836 2436 4876 eum
2466 4823 2555 4893 qui
2590 4822 2740 4878 misit
2769 4840 2853 4879 me
2886 4843 2899 4879 :
2934 4833 2983 4879 et
3026 4825 3114 4893 qui
3147 4824 3290 4878 videt
3320 4838 3428 4886 me,
3470 4825 3552 4875 vi-

1969 4912 2058 4967 det
2097 4926 2219 4967 eum
2246 4912 2339 4981 qui
2384 4914 2531 4968 misit
2556 4932 2643 4971 me
2670 4916 2732 4968 '°.
2790 4934 2809 4966 ι
2854 4915 3085 4971 Perinde
3125 4930 3187 4970 ac
3216 4916 3260 4969 si
3287 4915 3428 4969 dicat
3459 4933 3473 4969 :
3506 4914 3551 4971 Ο

1967 5002 2071 5057 viri
2115 5003 2206 5072 qui
2248 5018 2335 5058 me
2370 5004 2589 5071 auditis,
2639 5020 2709 5061 ne
2761 5021 2925 5075 parva
2970 5014 3024 5061 et
3052 4990 3295 5059 humilia
3343 5006 3409 5059 de
3466 5020 3551 5058 me

1971 5094 2264 5164 opinemini
2315 5112 2331 5152 :
2383 5096 2514 5167 quin
2583 5098 2635 5152 id
2710 5099 2892 5167 pOtius
2960 5097 3027 5153 de
3091 5113 3177 5152 me
3236 5113 3549 5167 persuasum

1971 5186 2125 5242 vobis
2156 5188 2431 5251 habetote,
2482 5204 2673 5259 nempe
2703 5190 2825 5244 siin
2867 5205 2953 5244 me
2993 5204 3153 5260 quem
3198 5191 3249 5245 in
3277 5191 3380 5245 hoc
3428 5207 3553 5245 cor-

1974 5290 2103 5344 pore
2141 5278 2388 5341 cernitis,
2436 5278 2797 5346 credideritis,
2857 5296 2961 5333 nun
3016 5281 3068 5334 in
3116 5297 3278 5334 unum
3318 5280 3549 5349 aliquem

1965 5381 2031 5420 ex
2059 5366 2241 5421 multis
2268 5369 2571 5424 credituros
2604 5386 2696 5424 vos
2722 5385 2862 5436 esse,
2897 5371 2989 5426 sed
3017 5372 3069 5425 in
3102 5371 3277 5440 ipsum
3308 5371 3549 5433 Patrem,

1965 5475 2063 5529 per
2090 5474 2177 5515 me
2200 5459 2396 5515 Filium
2430 5477 2443 5513 :
2472 5463 2563 5531 qui
2606 5463 2736 5518 licet
2778 5465 2945 5520 vestri
2990 5480 3152 5519 causa
3199 5480 3327 5519 caro
3375 5464 3553 5518 factus

1965 5553 2091 5618 sim,
2137 5562 2193 5608 et
2236 5553 2395 5609 vilem
2436 5538 2618 5611 istam
2670 5557 2904 5612 hominis
2955 5557 3183 5613 formam
3242 5557 3550 5618 induerint,

1964 5643 2111 5700 Patri
2159 5653 2336 5700 tamen
2380 5648 2601 5704 omnino
2635 5650 2883 5719 aequalis,
2912 5648 3167 5720 nullaque
3211 5649 3265 5704 in
3297 5663 3353 5703 re
3385 5647 3454 5703 ab
3483 5663 3551 5704 eo

364 5802 388 5835 ⁸
413 5803 572 5859 Rom.
611 5822 723 5873 VIII,
757 5807 844 5861 :29.
913 5808 930 5831 “
964 5805 1130 5862 Hier.
1172 5821 1245 5873 ιν,
1280 5807 1333 5873 ὅ,
1367 5810 1419 5861 b‘.
1492 5808 1510 5839 ⁷
1541 5804 1696 5862 Joan.
1736 5821 1847 5874 XIV,

1989 5804 2010 5834 "
2038 5803 2193 5862 Joan.
2230 5822 2283 5875 x,
2313 5806 2401 5863 30.
2472 5808 2492 5840 ’
2518 5807 2676 5866 Joau.
2717 5807 2888 5879 x,57.
2946 5807 2988 5841 ³ο
3022 5803 3292 5875 Joanxn,
3333 5805 3424 5877 Η,
3451 5804 3546 5863 45.
