4146 6512
613 408 752 465 1185

1641 401 1695 456 S.
1739 397 2003 455 CYRIILI
2044 391 2511 453 ALEXANDRINI
2552 390 2868 447 ARCIIIEP.

3739 382 3891 437 1184

613 522 877 585 divulsus,
914 527 1005 574 aut
1036 525 1317 588 separatus
1359 533 1498 583 sum,
1530 528 1714 587 utpote
1744 518 1933 573 eadem
1966 531 2071 583 qua
2099 512 2186 567 ille
2215 547 2225 569 λ

2321 510 2445 580 όξης
2484 507 2849 578 ἀδιαλωϐητον
2892 502 3172 566 παντελῶς
3224 500 3435 572 ἔχοντος
3492 500 3629 569 πρὸς
3670 500 3890 565 minds;

616 624 828 677 natura,
854 612 1087 683 potentia
1119 629 1183 668 ac
1212 613 1378 684 gloria
1404 613 1683 683 praeditus.

682 702 928 758 XXXIV.
978 702 1390 758 Animadvertat
1433 702 1699 773 quispiam
1727 700 1831 754 alio
1868 699 1993 754 item
2030 698 2189 753 modo

620 797 777 851 [idem
832 796 884 849 in
940 810 999 852 se
1048 811 1389 866 nequaquam
1438 794 1723 865 repulisse,
1772 792 1984 847 etiamsi
2032 793 2191 845 homo

620 890 794 945 factus
815 901 990 956 esset;
1024 890 1116 944 sed
1146 890 1279 944 citra
1309 889 1466 944 ullam
1494 888 1714 942 omnino
1750 887 2069 950 sectionem,
2101 893 2193 937 aut

619 984 1024 1038 distinctionem
1070 983 1122 1036 in
1168 982 1437 1052 propriam
1492 996 1777 1049 personam
1824 978 1970 1033 illam
2017 977 2193 1031 admi-

621 1076 759 1129 sisse
790 1093 802 1127 :
835 1073 1267 1145 quandoquidem
1301 1088 1422 1127 cum
1450 1072 1518 1125 ab
1547 1080 1667 1128 ortu
1693 1085 1893 1126 caecum
1926 1077 2191 1136 sanasset,

620 1175 678 1218 et
721 1165 874 1219 dulce
924 1166 1024 1219 hoc
1072 1163 1451 1234 insuetumque
1499 1164 1598 1234 ipsi
1645 1163 1823 1219 lumen
1878 1162 2193 1217 intuendum

625 1257 960 1327 praebuisset,
994 1257 1045 1309 in
1074 1272 1267 1325 magna
1300 1257 1495 1313 merito
1527 1256 1885 1312 admiratione
1916 1256 2057 1326 apud
2079 1270 2198 1309 om-

626 1363 723 1402 nes
750 1347 852 1416 31
876 1355 1012 1403 erat.
1040 1345 1239 1400 Verum
1266 1346 1332 1412 is,
1355 1348 1445 1417 qui
1489 1349 1677 1403 morbo
1706 1347 1968 1402 liberatus
1997 1347 2197 1411 fuerat,

628 1442 754 1494 dum
776 1456 805 1493 a
826 1437 1023 1493 Iudaeis
1050 1438 1491 1509 interrogaretur,
1516 1439 1782 1495 medicum
1828 1438 2198 1506 proﬁtebatur.

630 1526 761 1583 Nam
802 1544 923 1583 cum
953 1527 1202 1584 Christus
1229 1528 1369 1584 forte
1405 1530 1455 1584 in
1487 1530 1632 1583 illum
1679 1528 1924 1584 incidens
1971 1542 2200 1597 percon—

630 1628 836 1674 taretur
879 1636 894 1674 :
941 1638 960 1671 ι
1012 1620 1201 1675 Credis
1242 1622 1294 1675 in
1336 1620 1531 1677 Filium
1584 1621 1676 1675 Dei
1723 1621 1806 1674 “?
1868 1639 1886 1673 ι
1943 1620 2031 1675 ille
2075 1633 2205 1673 vero

631 1722 815 1768 contra
855 1714 1280 1769 succlamasset:
1320 1733 1337 1767 ι
1384 1714 1517 1781 Quis
1559 1723 1663 1782 est,
1708 1715 1956 1780 Domine,
1989 1721 2047 1767 ut
2084 1727 2206 1768 cre-

630 1804 749 1856 dam
769 1803 820 1857 in
842 1818 962 1857 eum
981 1805 1093 1858 "‘h
1117 1819 1430 1873 responsum
1455 1804 1847 1873 tulitcjusmodi
1870 1827 1882 1859 ;
1907 1823 1926 1857 ι
1949 1803 2203 1857 Etvidisti

633 1909 778 1960 eum,
821 1907 874 1951 et
912 1896 1001 1966 qui
1032 1895 1268 1966 loquitur
1308 1906 1508 1962 tecum,
1537 1896 1626 1951 ille
1665 1906 1766 1951 est.
1807 1897 1876 1950 At
1921 1895 2010 1950 ille
2034 1894 2205 1950 dixit:

631 1985 836 2053 Credo,
870 1987 1096 2042 Domine
1128 2005 1142 2042 :
1174 1996 1229 2042 et
1254 1988 1502 2043 adoravit
1526 2003 1648 2042 eum
1672 1988 1737 2042 ".
1781 2006 1801 2040 ι
1828 1988 1897 2042 At
1921 1989 2064 2041 enim
2089 1988 2211 2057 quis

637 2078 812 2133 nescit
863 2077 1097 2132 divinam
1149 2078 1295 2133 illam
1348 2093 1762 2150 supremamque
1819 2090 2064 2134 naturam
2112 2080 2212 2134 sub

637 2178 914 2237 aspectum
946 2168 1100 2238 plane
1130 2184 1236 2225 non
1271 2170 1510 2225 cadere?
1544 2189 1563 2223 ι
1596 2169 1761 2225 Deum
1801 2170 1970 2235 enim,
1997 2181 2055 2224 ut
2082 2172 2215 2225 scri-

639 2270 789 2329 ptum
812 2269 897 2313 est
924 2260 985 2324 η,
1023 2275 1180 2314 nemo
1208 2259 1339 2315 vidit
1372 2276 1632 2329 unquam.
1672 2281 1691 2315 ι
1738 2262 1793 2316 Si
1820 2262 1986 2331 igitur
2022 2262 2215 2315 huma-

638 2351 866 2405 nitatem
896 2367 925 2405 a
955 2367 1014 2407 se
1041 2350 1352 2423 sejungens,
1379 2354 1531 2424 quasi
1559 2355 1611 2409 in
1642 2354 1735 2410 Dei
1766 2355 1994 2415 Verbum
2042 2355 2214 2411 solum

641 2458 707 2498 ac
730 2442 928 2498 nudum
960 2443 1115 2499 ﬁdem
1143 2444 1324 2515 exegit
1356 2463 1370 2499 :
1406 2461 1504 2501 cur
1533 2460 1676 2501 caeco
1703 2446 1993 2501 sanitatem
2024 2447 2219 2515 adepto

643 2551 751 2590 nou
798 2536 1104 2605 imperavit,
1149 2553 1217 2593 ne
1256 2538 1308 2593 in
1355 2552 1432 2605 se,
1463 2540 1557 2595 sed
1600 2538 1653 2593 in
1693 2539 1928 2595 divinam
1969 2550 2217 2593 naturam

648 2628 845 2681 mentis
901 2627 1086 2682 oculos
1154 2627 1470 2697 conjiceret,
1521 2628 1615 2684 scd
1665 2628 1903 2699 seipsum
1960 2644 2221 2699 corporeo

646 2720 922 2774 schemate
945 2718 1210 2783 indutum.
1236 2721 1476 2790 ipsisque
1511 2719 1685 2776 oculis
1713 2721 2015 2791 expositum
2041 2732 2223 2777 osten-

647 2809 764 2864 dit?
802 2810 878 2864 ait
922 2810 1067 2865 enim
1101 2825 1116 2863 :
1160 2829 1179 2863 ι
1231 2811 1299 2866 Ει
1353 2800 1543 2866 νίὐίειῖ
1579 2826 1723 2879 eum,
1763 2821 1818 2867 et
1856 2814 1948 2883 qui
1990 2812 2226 2884 loquitur

651 2911 826 2956 tecum
876 2903 990 2971 ipse
1034 2913 1135 2958 est.
1173 2922 1192 2953 ›
1242 2903 1380 2959 Ecce
1427 2905 1646 2959 dubium
1690 2918 1810 2959 esse
1862 2912 2059 2975 potest,
2095 2906 2226 2974 quin

650 3008 846 3062 (‘Orptts
879 3008 1032 3047 suum
1062 3008 1242 3048 coram
1276 2995 1602 3050 cernendum
1635 2995 1982 3051 exhibuerit?
2024 2998 2095 3051 At
2124 3014 2229 3067 quo

655 3086 868 3137 tandem
913 3094 1069 3153 pacto
1105 3085 1216 3153 ipse
1251 3091 1333 3139 est
1372 3100 1528 3151 caro,
1559 3086 1660 3141 nisi
1694 3088 1743 3142 id
1773 3088 1947 3157 ipsum
1980 3104 2103 3145 esse
2144 3092 2228 3144 in-

2363 711 2480 763 AA'.
2509 707 2687 762 Μὰθοι
2718 707 2762 760 δ’
2792 705 2857 759 ἄν
2891 721 2972 767 τις
3003 701 3099 755 καὶ
3130 699 3330 771 ἑτέρως
3363 697 3525 752 αύτδν
3558 696 3660 766 τὴν
3696 694 3894 746 πίστιν

2290 804 2350 857 ού
2386 802 2770 873 διωθούμενος),
2802 798 2937 852 ἀλλά
2963 797 3134 868 τομῆς
3174 810 3318 857 τινος
3348 791 3471 862 δίχα
3493 790 3592 845 καὶ
3614 789 3894 856 διαφορᾶς

2292 893 2697 962 εἰσδεδεγμένον
2736 890 2905 959 αὐτὴν
2930 888 3006 951 ὡς
3036 888 3092 939 ὲν
3126 884 3241 955 ἰδίῳ
3267 882 3565 953 προσώπῳ,
3596 878 3693 933 καὶ
3720 880 3769 929 εἰ
3797 878 3895 943 γέ-

2292 1002 2446 1055 γονεν
2470 984 2774 1056 ἄνθρωπος.
2794 980 3011 1049 Ἐπειδὴ
3032 978 3141 1050 γὰρ
3168 978 3261 1031 τὸν
3298 978 3361 1029 ὲκ
3390 975 3619 1042 γενετῆς
3644 972 3766 1023 ἰᾶτο
3789 986 3891 1023 τυ-

2296 1075 2447 1143 φλὸν,
2488 1076 2583 1128 καὶ
2631 1074 2693 1127 τὸ
2723 1072 2894 1142 γλυκὺ
2941 1072 3059 1143 μὲν,
3102 1068 3270 1139 ἄηθες
3322 1065 3366 1120 δ’
3412 1060 3507 1119 οῦν
3552 1060 3892 1130 ὲνεφύτευσε

2298 1166 2415 1236 φῶς
2445 1165 2614 1235 αύτῷ,
2644 1163 2798 1235 παρά
2830 1162 3047 1216 πάντων
3084 1160 3310 1224 εἰκότως
3334 1154 3704 1226 ἐθαυμάζετο.
3744 1152 3893 1204 Ἀλλ’

2296 1260 2326 1312 6
2351 1258 2451 1328 μὲν
2471 1257 2564 1311 τοῦ
2595 1255 2798 1320 πάθους
2820 1251 3258 1325 ἀπηλλαγμένος,
3286 1248 3439 1320 παρὰ
3464 1249 3577 1311 τοῖς
3606 1243 3897 1305 Ἰουδαίοις

2300 1350 2568 1422 ἐκρίνετο,
2594 1349 2689 1403 καὶ
2717 1346 2987 1418 ὡμολόγει
3012 1345 3103 1399 τὸν
3142 1342 3345 1415 ἰατρόν*
3380 1337 3707 1411 Χριστὸς-δὲ
3739 1333 3899 1402 αὑτῷ

2302 1442 2608 1513 περιτυχών
2625 1458 2637 1471 ·
2660 1460 2678 1494 ι
2710 1441 2781 1493 Σὺ
2809 1439 3106 1503 πιστεύεις,
3127 1437 3387 1508 ἔφασκεν,
3413 1437 3493 1497 εις
3519 1432 3613 1486 τδν
3636 1428 3770 1484 Υἱδν
3797 1426 3898 1481 τοῦ

2305 1533 2436 1587 Θεοῦ
2459 1550 2473 1598 ;
2496 1552 2513 1583 ι
2548 1532 2653 1585 Τοῦ
2681 1531 2737 1586 δὲ
2760 1574 2773 1597 ,
2808 1552 2825 1582 ι
2864 1530 2960 1594 Τίς
2989 1531 3125 1594 ἐστι,
3156 1528 3351 1600 Κύριε,
3377 1544 3396 1579 ι
3439 1518 3897 1591 διακεκραγότος.

2312 1644 2330 1676 ι
2355 1625 2445 1677 ἵνα
2480 1623 2753 1676 πιστεύσω
2776 1623 2854 1685 εἰς
2886 1621 3046 1679 αἰετόν
3069 1639 3084 1688 ;
3110 1638 3129 1671 ι
3156 1618 3473 1687 ἀντεφώνει,
3504 1614 3705 1680 λέγων·
3737 1631 3755 1661 ι
3786 1608 3903 1661 Καὶ

2308 1716 2558 1788 ἑώρακας
2581 1715 2764 1776 αὑτὸν,
2796 1714 2889 1767 καὶ
2910 1716 2938 1766 6
2960 1712 3139 1767 λαλῶν
3167 1710 3305 1781 μετά
3339 1706 3455 1773 σοῦ,
3486 1704 3699 1766 ἐκεῖνός
3722 1706 3901 1755 ἐστιν.

2323 1807 2451 1860 Ὀδὲ
2474 1806 2598 1878 ἔφη·
2620 1804 2889 1871 Πιστεύω,
2910 1804 3103 1875 Κύριε.
3120 1803 3231 1856 Καὶ
3251 1799 3662 1873 προσεκύνησεν
3688 1790 3898 1862 αῦτιῖω

2312 1900 2505 1954 Καίτοι
2539 1898 2655 1961 πῶς
2685 1898 2782 1969 οὐχ
2815 1897 2987 1951 ἅπασι
3019 1895 3319 1967 συμφανὲς,
3352 1892 3428 1955 ὡς
3456 1891 3707 1950 ἄποπτος
3764 1901 3899 1939 παν-

2310 1991 2479 2055 τελῶς
2504 1993 2537 2062 ἠ
2566 1989 2683 2043 θεία
2708 2006 2766 2042 τε
2792 1990 2886 2042 καὶ
2902 1988 3163 2042 ἀνωτάτω
3186 1985 3347 2056 φύσις
3370 1982 3558 2051 ;ιΘεδν
3588 1982 3701 2051 γὰρ
3726 1978 3906 2040 οῦδεὶς

2314 2083 2525 2155 ἑώρακε
2566 2081 2809 2146 πώποτε,
2841 2102 2858 2132 ι
2884 2082 3025 2135 κατά
3055 2076 3125 2133 "rbi
3142 2077 3551 2150 γεγραμμένον.
3584 2075 3767 2144 Εἴπερ
3811 2066 3904 2124 οὖν

2313 2175 2524 2238 διιστὰς
2550 2173 2746 2230 ἑαυτοῦ
2773 2174 2834 2226 τὸ
2858 2172 3222 2243 ἀνθρώπινον,
3254 2171 3331 2233 ὡς
3360 2168 3492 2222 αὐτὸ
3512 2167 3577 2236 δὴ
3601 2164 3789 2226 τοῦτο,
3811 2160 3905 2215 καὶ

2318 2267 2576 2338 πεφηνὼς
2621 2270 2686 2322 ix
2714 2268 2849 2321 Θεοῦ
2881 2266 3095 2337 Πατρὸς
3125 2264 3297 2332 Λόγος
3323 2258 3549 2330 γυμνὸς,
3604 2256 3705 2310 καὶ
3747 2254 3903 2324 μόνος

2317 2363 2471 2433 ἠξίου
2499 2361 2871 2415 πιστεύεσθαι·
2896 2361 2949 2414 τί
2974 2360 3050 2431 μὴ
3083 2358 3282 2430 μᾶλλον
3311 2357 3410 2427 τὴν
3434 2354 3529 2409 τοῦ
3558 2351 3700 2406 Θεοῦ
3744 2347 3903 2419 φύσιν

2319 2452 2879 2521 ἀναλογίζεσθαιδεῖν,
2900 2452 3021 2522 ἥτις
3044 2449 3175 2503 ποτέ
3202 2448 3339 2511 ἐστι,
3362 2446 3454 2500 τὸν
3475 2440 3533 2499 εὖ
3556 2442 3807 2497 παθόντα
3825 2439 3903 2491 δι·

2322 2543 2623 2609 εκεὶεύετο,
2658 2543 2944 2614 παρέδειξε
2985 2541 3044 2595 δὲ
3083 2536 3437 2610 σωματικῶς,
3474 2535 3551 2598 ὡς
3590 2534 3687 2586 καὶ
3724 2531 3905 2592 c.6103;

2320 2638 2532 2709 ὄμμασι
2583 2635 3027 2691 καταθεάσασθαι
3075 2644 3115 2671 ιιι
3165 2631 3341 2703 παρόν
3371 2640 3428 2698 n;
3476 2628 3582 2698 ἔφη
3637 2624 3770 2696 γὰρ,
3824 2622 3904 2675 ὅτι

2331 2750 2350 2782 ι
2380 2730 2489 2786 Καὶ
2516 2729 2767 2798 ἑώρακας
2793 2726 2975 2794 αὐτὸν,
3007 2726 3101 2781 καὶ
3129 2728 3157 2780 ὁ
3178 2724 3355 2778 λαλῶν
3384 2722 3521 2793 μετά
3560 2718 3677 2782 σοῦ,
3704 2714 3903 2777 ἐκεῖνός

2328 2824 2496 2875 ἐστιν.
2535 2840 2552 2873 ι
2586 2822 2657 2873 ’⁸11
2703 2820 2827 2890 ούχ).
2873 2818 2971 2890 τὴν
3012 2817 3193 2887 σάρκα
3243 2811 3565 2885 παραδεῖξαι
3618 2811 3901 2880 φήσομεν;

2330 2910 2448 2966 εἶτα
2495 2911 2613 2976 πῶς
2640 2911 2802 2975 αὐτὸς
2834 2910 2900 2964 ἂν
2946 2910 3031 2979 εῐη
3062 2906 3246 2961 λοιπὸν
3272 2907 3306 2977 ἡ
3344 2903 3500 2978 σὰρξ,
3533 2904 3581 2955 εἰ
3612 2900 3687 2971 μὴ
3739 2901 3905 2950 νοοῖτο

2330 3005 2451 3059 καθ’
2477 3004 2694 3067 ἕνωσιν,
2715 3002 2789 3065 ὼς
2818 3000 2980 3063 αύτδς
3000 2999 3260 3069 ὑπάρχων
3284 2995 3346 3050 τὸ
3370 2995 3502 3049 εδιον
3523 2991 3689 3048 αὐτοῦ
3712 3008 3725 3053 ;
3760 2987 3903 3042 Καθο

2334 3093 2474 3163 άπερ
2519 3091 2714 3163 ἀμέλει
2761 3091 2855 3145 καὶ
2902 3088 2987 3158 ἐφ’
3024 3087 3182 3158 ἡμῶν
3212 3084 3405 3154 γένοιτ’
3443 3082 3508 3137 ἄν
3532 3099 3547 3114 ο
3574 3076 3907 3141 καταδείξειε

656 3176 950 3244 telligatur,
980 3177 1121 3245 quod
1145 3177 1438 3231 secundum
1468 3179 1718 3233 unionem
1752 3178 1895 3234 illius
1922 3180 2117 3235 factum
2149 3191 2225 3236 est

2333 3186 2442 3257 γὰρ
2470 3184 2535 3238 ἀν
2561 3200 2645 3246 τις
2675 3182 2737 3234 ού
2784 3178 3224 3252 μεμερισμένως,
3267 3176 3389 3229 οὐδὲ
3426 3172 3634 3233 ἀτελῶς
3668 3172 3762 3222 τὸν
3790 3166 3905 3221 καθ’

657 3263 976 3333 proprium?
1021 3263 1206 3318 Simile
1235 3265 1364 3334 quid
1406 3264 1459 3318 in
1505 3265 1657 3320 nobis
1696 3282 1914 3336 quoque
1951 3268 2237 3325 observare

660 3354 807 3408 licet.
853 3352 1018 3408 Nemo
1066 3354 1209 3408 enim
1255 3356 1530 3410 boritinem
1575 3372 1639 3411 ex
1691 3358 1871 3412 anima
1918 3372 1973 3414 et
2012 3376 2239 3428 corpore

661 3457 1001 3501 constantem
1053 3448 1267 3502 divisim
1318 3464 1382 3503 ac
1431 3464 1497 3504 ex
1548 3456 1702 3520 parte
1763 3461 2039 3509 ostensum
2101 3456 2237 3524 vult,

662 3541 872 3595 etimsi
896 3541 1064 3594 solam
1096 3556 1313 3595 carnem
1342 3541 1624 3611 designet;
1658 3543 1753 3599 sed
1784 3552 1975 3600 totum.

736 3628 954 3685 XXXV.
1031 3629 1231 3685 Scribit
1275 3630 1376 3685 hac
1415 3632 1480 3686 de
1536 3646 1594 3685 re
1627 3632 1954 3703 evangelista
2004 3632 2244 3692 Joannes

666 3735 929 3792 quoque:
970 3740 989 3772 ι
1027 3720 1213 3787 Multa,
1247 3722 1343 3787 ait,
1391 3731 1446 3777 et
1485 3722 1590 3777 alia
1634 3723 1786 3794 signa
1831 3722 1959 3780 fecit
1997 3725 2158 3783 Iesus
2189 3729 2243 3784 in

667 3823 960 3881 conspectu
1013 3813 1419 3884 discipulorum,
1455 3829 1576 3884 qua:
1621 3830 1726 3870 non
1766 3828 1894 3873 sunt
1935 3820 2133 3889 scripta
2192 3823 2243 3877 in

668 3904 809 3959 libro
852 3905 977 3959 hoc.
1036 3904 1163 3960 llaec
1221 3914 1403 3959 autem
1450 3907 1649 3976 scripta
1705 3917 1866 3976 sunt,
1918 3923 1980 3965 ut
2020 3908 2248 3968 credatis

670 3998 797 4065 quia
835 3996 993 4051 Jesus
1020 4006 1103 4051 est
1133 3997 1381 4052 Christus
1410 3997 1579 4053 Filius
1636 3998 1754 4066 Dei,
1784 4009 1840 4055 et
1870 4011 1930 4056 ut
1967 4006 2250 4059 credentes

673 4089 835 4142 vitam
866 4089 1109 4143 habeatis
1139 4090 1193 4142 in
1233 4089 1449 4144 nomine
1474 4090 1592 4161 ejus
1611 4091 1676 4148 ¹⁸.
1706 4111 1725 4144 ι
1757 4091 1937 4162 Aﬂque
1986 4094 2249 4152 admirari

673 4184 777 4238 hoc
808 4183 924 4238 loco
948 4191 1005 4236 et
1033 4182 1272 4236 divinum
1294 4197 1510 4256 quoque
1539 4183 1757 4241 Petrum
1784 4185 1909 4241 licet
1938 4202 1952 4239 :
1985 4187 2073 4244 hic
2105 4189 2249 4243 enim

673 4273 939 4343 intrepide
995 4274 1306 4345 discrteque
1334 4274 1553 4332 Iudaeos
1594 4277 1860 4348 ejusmodi
1892 4279 2137 4334 oratione
2168 4280 2252 4334 al-

675 4362 820 4415 fatur
850 4380 866 4419 :
907 4381 925 4413 (
965 4362 1242 4433 Principes
1274 4364 1476 4435 populi,
1511 4373 1566 4420 et
1592 4367 1861 4433 seniores,
1890 4371 1935 4424 si
1965 4383 2066 4425 nos
2094 4369 2254 4424 hodie

674 4453 1037 4523 dijudicamur
1087 4458 1140 4512 in
1192 4457 1477 4514 benefacto
1519 4460 1757 4519 hominis
1804 4463 2023 4529 infirmi,
2058 4463 2112 4519 in
2149 4479 2255 4534 quo

2346 3278 2485 3347 ἡμᾶς
2518 3274 2824 3344 ἄνθρωπον,
2851 3270 2943 3323 τὸν
2965 3271 3030 3322 ὲκ
3056 3266 3232 3338 ψυχῆς
3271 3265 3336 3337 δὴ
3356 3263 3501 3319 λένω
3522 3264 3615 3316 καὶ
3644 3259 3903 3331 σώματος,

2340 3370 2434 3422 καὶ
2466 3366 2573 3420 ἀπὸ
2598 3364 2765 3436 μόνης
2796 3359 2960 3416 αὐτοῦ
2986 3359 3085 3430 τῆς
3112 3356 3341 3424 σαρκός.

2415 3639 2538 3693 AE’.
2567 3635 2818 3704 Γέγραφε
2848 3631 2907 3686 δέ
2938 3647 3041 3685 που
3086 3629 3181 3684 καὶ
3203 3630 3231 3683 6
3268 3628 3431 3699 σοφὸς
3470 3626 3606 3697 ἡμῖν
3644 3621 3909 3701 Ἰωάννης,

2346 3732 2430 3785 ὅτι
2467 3749 2485 3781 ι
2514 3726 2695 3783 Πολλά
2743 3726 2840 3797 μὲν
2868 3718 2961 3778 οῦν
2984 3724 3078 3778 καὶ
3109 3721 3244 3778 ἄλλα
3268 3721 3469 3792 σημεῖα
3491 3717 3751 3787 ἐποίησεν
3779 3712 3911 3783 ὁἸη-

2350 3823 2475 3886 σοῦς
2507 3819 2736 3874 ἐνώπιον
2781 3817 2889 3870 τῶν
2938 3812 3198 3885 μαθητῶν
3239 3811 3427 3872 αὑτοῦ,
3463 3810 3498 3863 ἀ
3533 3810 3635 3862 οὐκ
3678 3807 3795 3860 ἔστι
3831 3823 3911 3873 γε·

2348 3914 2642 3988 γραμμένα
2668 3913 2726 3964 ὲν
2754 3910 2832 3981 τῷ
2860 3908 3050 3980 βιϐλίῳ
3073 3906 3268 3977 τούτῳ.
3296 3904 3483 3959 Ταῦτα
3508 3902 3566 3954 δὲ
3588 3901 3910 3970 γέγραπται,

2351 4007 2440 4060 ἴνα
2472 4002 2822 4073 πιστεύσητε,
2848 4002 2931 4055 ὃτι
2970 3998 3178 4070 Ἰησοῦς
3224 3998 3373 4050 ἐστιν
3405 3996 3434 4047 6
3467 3992 3706 4064 Χριστὸς
3744 3992 3774 4042 6
3803 3990 3914 4051 Tib;

2350 4097 2445 4155 τοῦ
2487 4097 2624 4152 Θεοῦ
2650 4139 2664 4163 ,
2713 4094 2811 4149 καὶ
2854 4094 2942 4147 ἵνα
2984 4089 3337 4151 πιστεύοντες
3374 4086 3519 4152 ζωὴν
3567 4084 3727 4154 ἔχητε
3760 4085 3816 4135 ὲν
3849 4081 3915 4150 τῷ

2352 4191 2576 4261 ὀνόματι
2607 4186 2797 4244 αὐτοῦ.
2823 4204 2842 4239 ›
2872 4181 3260 4253 Κατατεθήποι
3289 4180 3336 4232 δ’
3366 4180 3430 4234 ἄν
3454 4194 3541 4240 τις
3571 4177 3635 4229 οὐ
3668 4177 3816 4246 μεῖον
3835 4173 3915 4225 καὶ

2353 4285 2445 4339 τὸν
2490 4281 2777 4337 θεσπέσιον
2824 4277 3054 4347 Πέτρον,
3100 4272 3378 4335 Ἰουδαίοις
3426 4265 3917 4341 προσπεφωνηκότα

2359 4375 2545 4446 σαφῶς
2586 4375 2681 4428 xui.
2732 4369 3033 4441 ἀναφανδόν
3058 4384 3072 4398 ·
3111 4384 3130 4418 ι
3173 4366 3470 4435 ’Ἄρχοντες
3505 4361 3601 4414 τοῦ
3649 4360 3780 4413 λαοῦ
3833 4356 3916 4411 καὶ

2360 4464 2742 4538 πρεσϐύτεροι,
2795 4462 2844 4515 εἰ
2894 4461 3056 4531 ἡμεῖς
3105 4458 3351 4529 σήμερον
3398 4450 3805 4524 ἀνακρινόμεθα
3842 4450 3914 4503 ἐπ’

678 4547 783 4601 iste
813 4549 993 4604 salvus
1032 4550 1206 4606 factus
1246 4563 1328 4609 est
1360 4570 1374 4607 :
1416 4564 1600 4610 notum
1635 4557 1705 4612 sit
1735 4557 1988 4613 omnibus
2020 4544 2173 4614 vobis
2203 4576 2225 4614 ε

2321 4534 2650 4630 ἐύεργεσὶᾳ
2694 4551 2980 4624 ἀνθρώπου
3026 4549 3306 4614 ἀσθενοῦς,
3332 4549 3390 4603 ὲν
3430 4546 3538 4600 τίνι
3568 4538 3723 4607 οὗτος
3766 4543 3917 4595 σέσω-

676 4640 826 4693 orum
852 4641 994 4710 plebi
1028 4642 1210 4712 lsrael,
1249 4647 1390 4716 quod
1418 4648 1469 4702 in
1509 4649 1729 4704 nomine
1756 4648 1881 4705 Jcsu
1911 4649 2110 4706 Christi
2153 4649 2259 4705 Na-

678 4734 889 4801 zareni,
928 4750 1088 4804 quem
1121 4753 1216 4794 vos
1244 4741 1613 4807 cruciﬁxistis,
1646 4759 1807 4813 quem
1852 4743 1992 4797 Deus
2028 4745 2257 4798 suscita-

680 4826 760 4881 vit
793 4842 857 4882 ex
897 4830 1141 4896 mortuis,
1182 4830 1237 4884 in
1284 4831 1387 4885 hoc
1428 4833 1530 4888 iste
1574 4840 1713 4888 astat
1755 4848 1938 4889 coram
1982 4835 2134 4889 vobis
2168 4850 2257 4891 sa-

684 4935 788 4975 nus
814 4920 877 4976 “.
914 4939 933 4973 ι
962 4920 1026 4975 Et
1046 4931 1167 4990 post
1189 4922 1290 4978 alia
1315 4939 1529 4978 rursum
1558 4942 1571 4979 :
1608 4944 1627 4977 ι
1659 4926 1726 4979 Ει
1758 4942 1863 4981 non
1892 4936 1972 4980 cst
2000 4927 2051 4981 in
2076 4926 2257 4997 aliquo

685 5011 794 5067 alio
822 5013 989 5070 salus.
1048 5016 1233 5085 Neque
1259 5017 1404 5073 enim
1440 5019 1584 5073 aliud
1622 5033 1815 5074 nomen
1848 5018 1955 5089 32
1984 5019 2084 5074 sub
2122 5019 2260 5075 etelo

2362 4668 2483 4705 σται
2504 4666 2516 4678 ·
2555 4646 2796 4717 γνωστὸν
2827 4644 2968 4699 ἔστω
3013 4644 3179 4697 πᾶσιν
3213 4643 3362 4712 ὑμῖν,
3400 4640 3494 4694 καὶ
3528 4637 3695 4692 παντὶ
3716 4634 3795 4705 τῷ
3820 4632 3916 4704 λαῷ

2371 4741 2609 4813 Ἰσραὴλ,
2646 4742 2728 4794 ὅτι
2754 4741 2811 4793 ὲν
2834 4738 2911 4809 τῷ
2948 4737 3174 4808 ὀνόματι
3214 4731 3390 4804 Ἰησοῦ
3425 4729 3666 4803 Χριστοῦ
3689 4727 3783 4780 τοῦ
3818 4726 3892 4779 Na

2364 4834 2623 4907 ζωραίου,
2652 4832 2712 4885 ὃν
2745 4831 2902 4902 ὑμεῖς
2943 4827 3347 4899 ἐσταυρώσατε,
3374 4823 3433 4877 ὃν
3461 4822 3490 4874 ὁ
3536 4820 3669 4882 Θεὸς
3721 4820 3917 4889 ἤγειρεν

2365 4927 2431 4981 ὲκ
2477 4923 2704 4995 νεκρῶν,
2758 4923 2815 4975 ὲν
2870 4920 3044 4988 τούτῳ
3088 4913 3242 4981 οὗτος
3301 4914 3648 4988 παρέστηκεν
3714 4909 3916 4961 ἐνώπιον

2363 5016 2519 5086 ὑμῶν
2542 5016 2756 5086 ὑγιής.)
2786 5014 2900 5067 Καὶ
2920 5012 3037 5083 μεθ’
3059 5011 3223 5081 ἕτερα
3252 5007 3415 5062 πάλιν
3437 5020 3451 5035 ·
3483 5022 3501 5056 ι
3528 5003 3640 5056 Καὶ
3665 5002 3768 5055 οὒκ
3795 4999 3917 5052 ἐστιν

688 5104 873 5157 datum
906 5114 991 5161 est
1029 5108 1356 5177 hominibus,
1408 5111 1460 5165 in
1509 5127 1617 5182 quo
1650 5119 1899 5182 oporteat
1938 5128 2037 5166 nos
2084 5112 2225 5167 salvo

2364 5111 2421 5164 ὲν
2451 5109 2596 5179 ἄλλῳ
2627 5106 2863 5177 ούδενὶή
2908 5103 3152 5176 σωτηρία
3175 5117 3193 5135 ο
3225 5100 3347 5155 οὐδὲ
3392 5097 3503 5170 γὰρ
3532 5096 3723 5167 ἕτερον
3774 5089 3917 5162 δνομά

693 5191 808 5248 ﬁeri
842 5195 904 5249 ".
970 5214 988 5247 ›
1035 5197 1250 5267 Ecquis,
1295 5203 1541 5269 obsecro,
1570 5215 1654 5259 est
1701 5204 1789 5258 ille
1827 5204 1916 5273 qui
1949 5213 2003 5258 et
2035 5214 2261 5259 mortem

2366 5201 2513 5253 ἐστιν
2536 5199 2643 5253 ὑπὸ
2669 5198 2761 5252 τὸν
2789 5195 3017 5268 οὐρανὸν
3038 5194 3097 5247 τὸ
3127 5189 3411 5262 δεδομένον
3444 5190 3504 5242 ὲν
3528 5183 3845 5257 ἀνθρώποις,
3870 5184 3917 5234 ἐν

693 5284 878 5352 subiit,
911 5295 963 5340 et
994 5303 1113 5343 cum
1145 5290 1415 5363 triumpho
1446 5312 1473 5349 a
1509 5295 1737 5350 mortuis
1761 5296 2049 5361 excitatus,
2077 5305 2132 5351 et
2159 5293 2225 5351 Na

2367 5287 2412 5364 ᾧ
2446 5294 2526 5348 δεῖ
2561 5294 2800 5366 σωθῆναι
2825 5293 2991 5364 ἡμᾶς.
3034 5307 3052 5342 ι
3086 5287 3183 5349 Τίς
3215 5282 3307 5340 οὖν
3346 5283 3455 5356 ἄρα
3495 5280 3641 5336 ἐστὶν
3678 5280 3708 5333 6
3732 5278 3818 5332 καὶ
3841 5276 3917 5331 θά-

776 5457 998 5537 _J_oan:
1026 5477 1102 5528 lx,
1131 5462 1224 5519 ‘25.
1293 5466 1336 5498 ¹¹
1365 5466 1498 5523 ibid.
1524 5467 1614 5524 56.

657 5552 661 5556 ·
705 5527 747 5559 ⁸⁷
775 5527 908 5584 ibid.
935 5531 1016 5586 l2.

1717 5468 1760 5503 ¹³
1787 5469 1920 5527 ibid.
1958 5469 2051 5535 57,
2097 5471 2189 5527 58.

2354 5470 2512 5530 Joan.
2541 5485 2581 5538 ι,
2621 5469 2712 5526 18.
2778 5469 2823 5502 ⁸⁵
2865 5465 3022 5523 Joan.
3053 5481 3147 5534 xx,
3174 5462 3267 5535 '50,
3294 5461 3385 5519 51.
3458 5457 3504 5494 ³⁸
3529 5457 3650 5515 Act.
3682 5468 3755 5523 IV,
3792 5449 3914 5508 8-10.

1807 5698 1981 5755 Varia:
2016 5698 2272 5758 lectiones
2315 5698 2524 5758 codicis
2553 5696 2909 5769 Seguieriani.

780 5837 823 5868 II
854 5826 1218 5882 καταθεάσθαι
1248 5826 1455 5898 παρών.
1533 5838 1559 5868 η
1594 5832 1852 5904 παρόντα.
