4146 6464
242 373 383 428 1185

1199 367 1285 423 DE
1324 366 1551 423 RECTA
1589 366 1746 423 FIDE
1787 366 1889 423 AD
1918 366 2366 425 THEODOSIUM
2407 364 2543 424 IMP.

3358 360 3493 419 “86

236 502 402 541 νατον
435 483 654 548 ὑποδὺς,
693 484 786 537 καὶ
823 481 1191 553 ἐγηγερμένος
1232 485 1289 536 ἐν
1326 483 1472 556 δόξῃ,
1500 485 1595 538 καὶ
1622 485 1685 538 ἐκ
1705 484 1818 540 Να-

1939 500 2154 542 tareuus
2211 485 2507 556 appellatus
2545 484 2666 553 fuit,
2714 484 2814 539 nisi
2864 483 3113 541 Christus
3160 480 3339 548 Iesus,
3392 470 3497 535 hoc

240 577 431 646 ζαρέτ,
463 577 512 629 εί
542 576 617 646 μὴ
640 576 876 646 Χριστὸς
916 576 1140 647 Ἰησοῦς,
1180 576 1457 630 τουτέστιν
1485 579 1513 630 6
1545 577 1650 647 πρὸ
1682 594 1816 632 παν-

240 670 335 732 τὸς
367 669 466 739 μὲν
502 668 697 731 αἰῶνος
726 668 789 721 ὲκ
811 668 946 722 Θεοῦ
976 670 1187 740 Πατρδς
1208 671 1535 743 άπορῥήτως
1561 686 1821 742 γεγεννη-

246 762 428 831 μένος,
466 762 523 813 ἐν
550 760 607 814 δέ
634 777 697 829 γε
729 759 807 830 τῷ
838 760 1035 831 λοίσθῳ
1076 763 1170 815 καὶ
1198 762 1278 825 είς
1304 762 1475 833 πέρας
1512 764 1696 834 ἥκοντι
1725 762 1819 817 τοῦ

242 852 441 915 αίῶνος
485 852 684 924 καιρῷ,
712 854 806 907 καὶ
854 854 1178 925 σωματικῶς
1211 856 1274 907 ἐκ
1308 856 1597 924 γυναικόςς
1633 859 1691 910 ὐ
1729 856 1821 909 πί-

246 961 365 996 στιν
401 940 494 997 οὗν
524 945 631 1015 ἄρα
660 944 758 1015 τὴν
806 944 941 1015 πρὸς
982 946 1149 999 αὐτὸν
1180 955 1204 981 υ
1239 948 1618 1019 προσιέμενος,
1651 950 1823 1019 γέρας

243 1035 538 1087 ἀποίσεται
584 1037 645 1087 τὸ
712 1034 1020 1101 ἐξαίρετον*
1071 1036 1488 1109 διακεκλήσεται
1539 1040 1648 1109 γάρ
1707 1041 1824 1104 υἱὸς

244 1126 405 1181 Θεοῦ.
446 1146 463 1179 t
502 1128 655 1181 Ὅσοι
692 1126 801 1198 γὰρ
833 1128 1022 1181 ἔλαϐον
1060 1131 1245 1198 αὐτὸν,
1284 1131 1481 1185 ἔδωκεν
1519 1133 1702 1196 αὐτοῖς
1741 1134 1825 1197 ἐξ·

244 1218 437 1271 ουσίαν
472 1218 638 1271 τέκνα
668 1218 803 1272 Θεοῦ
837 1220 1111 1287 γενέσθαι,
1144 1226 1257 1285 τοῖς
1284 1224 1629 1277 πιστεύουσιν
1652 1226 1730 1288 εἰς
1765 1225 1826 1277 τὸ

245 1310 420 1380 ὄνομα
448 1310 613 1365 αὐτοῦ
638 1328 653 1343 σ
683 1311 739 1364 οἳ
766 1311 864 1366 οὐκ
888 1312 947 1379 ἐξ
974 1316 1239 1383 αἱμάτων,
1275 1316 1395 1368 οὐδὲ
1431 1318 1495 1371 ἐκ
1524 1318 1826 1389 θελήματος

249 1401 472 1471 σαρκὸς,
524 1401 646 1454 οὐδὲ
690 1403 754 1455 ἐκ
804 1402 1107 1474 θελήματος
1158 1407 1368 1478 ἀνδρὸς,
1426 1409 1540 1462 ἀλλ’
1574 1412 1637 1463 ἐκ
1690 1409 1824 1463 Θεοῦ

248 1491 637 1562 ἐγεννήθησαν.
675 1511 696 1544 ι
736 1493 855 1548 Ἵνα
886 1495 995 1565 γὰρ
1032 1496 1257 1568 γένηται
1299 1500 1599 1570 πρωτεύων
1629 1503 1687 1554 ἐν
1719 1504 1825 1555 πᾶ-

249 1600 335 1634 σιν
370 1583 552 1647 αὐτὸς,
610 1585 751 1638 καθά
802 1585 1135 1657 γέγραπται,
1182 1608 1201 1641 t
1247 1590 1573 1663 γεγέννηται
1628 1594 1727 1664 μὲν
1762 1595 1827 1647 ἐκ

247 1674 533 1741 γυναικός.
577 1694 595 1725 ι

320 1766 462 1832 Δεῖν.
504 1766 719 1837 Ἐπειδὴ
755 1767 811 1821 δέ
843 1770 993 1823 ἐστιν
1023 1772 1244 1843 ἀπαρχὴ
1278 1772 1379 1843 τῆς
1403 1775 1820 1849 άναμορφουμέ-

249 1874 350 1925 νης
379 1857 609 1920 κτίσεως
630 1858 698 1911 δι’
727 1860 1000 1931 άγιασμοῦ
1027 1864 1164 1933 πρὸς
1190 1865 1344 1930 Θεὸν,
1374 1869 1469 1921 καὶ
1497 1870 1603 1940 πρό
1628 1887 1692 1939 γε
1716 1872 1826 1925 τῶν

251 1947 429 2000 ἄλλων
462 1950 626 2012 αὐτὸς
671 1952 925 2020 γεννητὸς
971 1954 1185 2026 ἐδείχθη
1247 1958 1311 2010 ἐκ
1344 1959 1678 2031 Πνεύματος,
1729 1964 1827 2035 τὴν

250 2040 447 2110 ἀνδρὸς
477 2057 535 2092 τε
570 2042 663 2094 καὶ
709 2044 967 2110 γυναικὸς
992 2046 1053 2098 οὐ
1095 2050 1405 2119 περιμένων
1455 2053 1692 2117 σύνοδον,
1735 2057 1829 2109 καὶ

252 2132 355 2183 οὐκ
389 2133 584 2203 ἀτιμίᾳ
614 2135 712 2187 καὶ
744 2133 920 2206 μώμῳ
970 2138 1347 2204 καταδικάζων
1388 2144 1485 2215 τὴν
1521 2145 1684 2215 φύσιν
1729 2148 1831 2216 (τί-

254 2241 378 2293 μιος
404 2230 512 2296 γὰρ
532 2228 560 2278 6
589 2227 787 2297 γάμος,
818 2229 911 2281 καὶ
948 2247 965 2280 ι
994 2231 1022 2281 6
1056 2231 1270 2296 πλάσας
1307 2234 1401 2287 ἀπ’
1431 2237 1625 2308 ἀρχῆς,
1663 2237 1831 2311 ἄρσεν

252 2314 350 2367 καὶ
387 2315 522 2384 θῆλυ
568 2317 834 2387 ’ἐποίησεν
864 2320 1108 2393 αὐτοὺς),
1142 2320 1276 2377 ἀλλὰ
1312 2325 1389 2397 τῷ
1440 2328 1647 2398 μείζονι
1677 2340 1703 2380 P
1738 2332 1832 2384 καὶ

252 2407 603 2477 ὰσυγκρίτως
653 2408 1035 2481 ὑπερκειμένῳ
1092 2415 1417 2485 προσνέμων
1466 2418 1564 2489 ήδη
1617 2437 1733 2485 πως
1764 2422 1834 2476 τὰ

252 2494 605 2565 ἀνθρώπινα·
640 2498 935 2568 γεννητοὺς
973 2499 1083 2570 γὰρ
1117 2501 1453 2572 Πνεύματος,
1484 2505 1583 2558 οὐκ
1622 2508 1834 2580 ἀνδρῶν

252 2588 402 2657 ἡμᾶς
444 2586 526 2639 ἔτι
576 2587 936 2658 χρηματίζειν
979 2590 1156 2661 ἤθελε.
1193 2593 1303 2645 Καὶ
1341 2593 1490 2661 γοῦν,
1540 2612 1559 2647 ι
1589 2597 1833 2668 Πατέρα,

254 2678 412 2748 φησὶ,
445 2677 520 2750 μὴ
545 2677 812 2749 καλέσητε
840 2680 993 2751 ὑμῶν
1023 2682 1116 2735 ἐπὶ
1154 2682 1254 2752 τῆς
1295 2684 1424 2755 γῆς’
1458 2681 1539 2751 εἷς
1560 2689 1665 2759 γάρ
1688 2691 1836 2744 ἐστιν

260 2770 292 2820 6
317 2767 504 2839 Πατὴρ
548 2768 703 2839 ὑμῶν
729 2772 757 2822 6
788 2770 1056 2841 οὐράνιος,
1091 2773 1292 2836 πάντες
1333 2774 1391 2828 δέ
1424 2776 1580 2846 ὑμεῖς
1623 2778 1837 2848 ἀδελφοί

264 2862 407 2912 ἐστε.
442 2878 463 2912 ι
501 2860 710 2914 Οὐκοῦν
739 2861 1039 2933 ἀμώμητον
1071 2866 1350 2930 παντελῶς
1371 2866 1432 2919 τὸ
1456 2870 1733 2923 πιστεύειν
1757 2873 1839 2935 εἰς

264 2954 449 3017 αὐτὸν,
494 2955 693 3024 μᾶλλον
722 2956 779 3009 δὲ
804 2957 898 3010 καὶ
929 2960 995 3028 τῇ
1019 2957 1129 3011 τῶν
1153 2958 1639 3032 πλημμελημάτων
1663 2964 1840 3036 ἀμνηο

1920 588 2023 645 est,
2080 595 2217 634 unus
2260 580 2364 644 ille,
2414 579 2503 648 qui
2558 576 2920 647 inexplicabili
2963 575 3125 632 modo
3169 585 3296 631 ante
3336 588 3499 629 omne

1920 686 2091 725 sevum
2123 686 2187 726 ex
2216 670 2324 725 Deo
2358 669 2516 724 Patre
2541 667 2775 738 gannitus,
2804 666 2994 723 ultimo
3024 668 3127 722 hoc
3155 677 3209 722 et
3238 666 3302 720 ad
3336 666 3496 719 linem

1916 760 2027 832 jam
2058 762 2376 817 decurrente
2408 758 2585 815 saeculi
2620 766 2859 825 tempore
2902 757 3261 828 corporaliter
3287 771 3502 827 quoque

1922 870 1989 908 ex
2036 854 2260 909 muliere
2316 862 2473 908 natus
2523 851 2651 907 est?
2694 849 2845 905 Unde
2904 851 2997 920 qui
3056 850 3211 903 fidem
3244 849 3295 903 in
3327 850 3501 918 ipsum

1923 945 2235 1014 complexus
2263 946 2443 1011 fuerit,
2475 945 2725 999 eximiam
2752 944 2875 998 inde
2910 940 3210 995 mercedem
3241 939 3501 1007 gloriam-

1925 1052 2030 1106 que
2070 1036 2364 1107 reportabit
2395 1051 2409 1087 :
2442 1036 2721 1089 vocabitur
2765 1046 2996 1101 namque
3039 1030 3205 1085 Filius
3234 1029 3349 1084 Dei.
3410 1023 3505 1083 Est

1925 1130 2067 1184 enim
2094 1128 2232 1198 apud
2261 1140 2506 1182 sanctum
2536 1126 2798 1181 Joannem
2834 1140 2849 1180 :
2884 1140 2903 1174 ι
2935 1122 3207 1191 Quotquot
3232 1122 3375 1173 enim
3419 1134 3505 1172 re-

1926 1231 2188 1291 ceperunt
2214 1221 2384 1287 illum,
2415 1221 2565 1273 dedit
2597 1220 2701 1273 illis
2736 1225 3055 1286 potestatem
3087 1214 3223 1268 filios
3251 1212 3342 1266 Dei
3368 1211 3503 1274 fleri,

1928 1315 2010 1370 his
2047 1314 2135 1384 qui
2177 1314 2405 1368 credunt
2446 1317 2499 1366 in
2534 1312 2748 1366 nomine
2802 1313 2958 1377 ejus;
2996 1307 3085 1375 qui
3130 1322 3234 1361 non
3269 1320 3333 1359 ex
3381 1319 3507 1358 san-

1928 1408 2197 1478 guiuibus,
2239 1420 2412 1476 neque
2438 1422 2503 1460 ex
2542 1405 2816 1459 voluntate
2860 1401 3057 1466 carnis,
3117 1412 3289 1468 neque
3317 1411 3382 1465 ex
3411 1409 3508 1448 vo-

1927 1497 2135 1553 luntate
2164 1500 2283 1564 viri,
2311 1500 2401 1553 sed
2430 1512 2495 1553 ex
2530 1496 2637 1551 Deo
2664 1496 2771 1549 nati
2796 1493 3002 1549 sunt".
3044 1512 3063 1544 ι
3098 1490 3229 1544 Nam
3262 1503 3368 1559 quo
3395 1488 3508 1557 ipse

1927 1588 2215 1658 primatum
2249 1588 2299 1641 iu
2328 1602 2516 1641 omnes
2544 1586 2834 1649 obtineret,
2855 1596 2912 1638 ut
2937 1582 3196 1652 scriptum
3217 1579 3410 1647 est",t
3442 1590 3508 1633 ex

1929 1676 2153 1730 muliere
2182 1676 2327 1730 nasci
2370 1676 2536 1730 voluit
2563 1676 2629 1730 “.
2679 1693 2698 1726 ι
3233 1676 3240 1682 ’

2000 1766 2241 1821 XXXVI.
2273 1766 2406 1834 Quia
2442 1782 2570 1821 vero
2608 1776 2870 1821 creatura:
2901 1780 2998 1836 per
3029 1762 3513 1818 sanctificationen

1932 1861 2072 1930 apud
2123 1861 2286 1914 Deum
2339 1858 2641 1914 reformatae
2678 1858 2887 1913 initium
2954 1857 3189 1920 exstitit,
3231 1855 3345 1925 ipse
3398 1859 3513 1925 pra!

1934 1954 2145 2008 cmteris
2171 1952 2418 2007 omnibus
2452 1967 2517 2006 ex
2553 1950 2760 2020 Spiritu
2805 1950 3017 2020 genitus
3058 1948 3382 2011 declaratur,
3417 1953 3509 1999 ut-

1934 2058 2060 2117 pote
2116 2044 2322 2114 absque
2366 2044 2467 2097 viri
2518 2043 2865 2113 mulierisque
2912 2056 3202 2109 congressu
3246 2040 3298 2093 in
3336 2036 3509 2091 lucem

1937 2138 2110 2193 fusus.
2138 2136 2326 2206 Neque
2362 2137 2562 2191 idcirco
2604 2146 2777 2190 tamen
2810 2134 3041 2205 aliquam
3086 2133 3388 2205 ignominia:
3419 2148 3513 2184 no-

1937 2240 2046 2288 tam
2078 2239 2282 2284 naturae
2313 2231 2529 2284 inurere
2558 2228 2724 2282 voluit
2754 2236 2917 2298 (sunt
2944 2227 3085 2281 enim
3118 2226 3320 2295 nuptiae
3347 2225 3515 2277 honoc

1939 2323 2140 2378 rabilcs
2167 2323 2230 2389 ¹¹,
2259 2330 2313 2376 et
2344 2340 2361 2372 ι
2389 2320 2478 2391 qui
2511 2319 2660 2374 initio
2691 2318 2942 2373 formavit
2968 2318 3170 2381 omnia,
3216 2314 3512 2370 masCulum
3544 2347 3552 2355 ι

1940 2423 1993 2469 et
2024 2414 2276 2468 feminam
2307 2412 2435 2467 fecit
2482 2427 2575 2466 eos
2600 2411 2645 2441 “
2676 2429 2695 2462 ι
2720 2410 2760 2481 ),
2807 2410 2913 2463 sed"
2951 2418 3197 2462 naturam
3225 2407 3511 2460 humanam

1941 2506 2301 2576 prmslautiori
2340 2503 2631 2573 multisque
2660 2500 2902 2571 partibus
2932 2499 3300 2554 excellentiori
3339 2498 3515 2567 digni-

1945 2606 2051 2651 tate
2110 2596 2567 2650 cohonestandam
2620 2591 2829 2663 putavit
2863 2605 2879 2644 :
2918 2606 3021 2644 non
3060 2590 3203 2644 enim
3257 2588 3379 2655 viri,
3423 2590 3516 2643 sed

1944 2686 2177 2758 Spiritus
2212 2700 2430 2755 germen
2473 2699 2593 2740 esse
2633 2684 2888 2751 deinceps
2931 2696 3028 2736 nos
3077 2680 3245 2735 voluit
3278 2695 3293 2733 :
3332 2689 3386 2736 et
3414 2680 3518 2734 huc

1944 2786 2153 2846 spectat
2186 2795 2199 2831 :
2235 2794 2254 2828 ι
2291 2774 2504 2830 Patrem
2534 2774 2700 2828 nolite
2720 2772 2873 2827 vobis
2896 2785 3087 2826 vocare
3111 2782 3272 2839 super
3295 2777 3513 2824 terram.

1947 2870 2098 2927 Unus
2128 2870 2269 2923 enim
2300 2878 2383 2923 est
2422 2867 2579 2921 Pater
2608 2874 2789 2921 vester
2820 2863 3057 2919 caelestis
3087 2879 3100 2916 :
3129 2877 3317 2917 omnes
3339 2871 3517 2917 autem

1944 2976 2042 3017 vos
2082 2960 2276 3015 fratres
2319 2960 2451 3015 estis
2471 2958 2537 3014 ³³.
2578 2976 2596 3010 ι
2634 2956 2994 3024 Quamobrem
3031 2954 3085 3007 in
3120 2954 3267 3008 illum
3300 2954 3521 3008 credere

266 3047 391 3116 στίᾳ
440 3046 745 3118 τετίμηται.
797 3048 1002 3118 Γράφει
1053 3049 1111 3102 δὲ
1147 3043 1250 3102 ὧδε
1301 3050 1462 3106 πάλιν
1502 3055 1535 3106 6
1587 3053 1836 3127 ἔκκριτος

1944 3056 2088 3110 omni
2119 3068 2338 3123 prorsus
2381 3053 2801 3124 reprehensione
2832 3062 2986 3105 vacat
3014 3066 3029 3115 ;
3067 3050 3175 3103 into
3207 3047 3347 3103 istud
3397 3060 3523 3114 pec-

256 3136 470 3200 Παῦλος
490 3153 503 3167 °
539 3157 557 3189 ι
591 3138 811 3202 Είδότες
830 3139 909 3204 δὲ,
938 3140 1019 3193 ὅτι
1048 3141 1109 3194 οὐ
1134 3140 1439 3195 δικαιοῦται
1464 3142 1752 3217 ἄνθρωπος
1780 3148 1839 3212 ἐξ

257 3228 435 3297 ἔργων
482 3228 672 3299 νόμου,
706 3229 801 3282 ἐὰν
834 3231 907 3302 μὴ
950 3230 1040 3285 διὰ
1083 3232 1316 3297 πίστεως
1362 3234 1538 3305 Ἰησοῦ
1576 3238 1836 3309 Χριστοῦ,

258 3322 354 3373 καὶ
384 3323 543 3390 ἡμεῖς
588 3322 671 3385 είς
708 3322 943 3393 Χριστὸν
988 3323 1392 3395 ἐπιστεύσαμεν
1423 3326 1842 3384 ἴνα-δικαιωθῶ-

262 3428 363 3482 μεν
395 3413 452 3464 ἐν
502 3413 669 3483 αὐτῷ.
713 3433 731 3465 ι
771 3415 1107 3486 Κατοκνήσω
1150 3415 1208 3468 δὲ
1238 3417 1509 3487 οὐδαμῶς,
1562 3421 1701 3491 ὅπερ
1740 3422 1840 3492 ἤδη

261 3504 476 3574 φθάσας
504 3504 661 3575 ἔφην,
690 3505 1074 3576 άνακυκλήσας
1116 3508 1314 3572 εἰπεῖν,
1352 3509 1433 3561 ὅτι
1458 3512 1694 3581 Χριστὸς
1736 3514 1840 3584 Ἰη-

263 3594 391 3657 σοῦς
423 3595 486 3647 οὐ
524 3595 731 3665 γυμνὸς
764 3596 859 3650 καὶ
911 3596 1033 3651 καθ’
1070 3599 1262 3653 ἑαυτὸν
1288 3602 1490 3654 νοεῖται
1537 3603 1566 3654 6
1595 3604 1660 3656 ἐκ
1705 3604 1840 3656 Θεοῦ

264 3683 459 3751 Λόγος,
484 3684 598 3737 ἀλλ’
625 3686 714 3738 ὅτε
741 3686 1046 3755 προσέλαϐε
1069 3687 1129 3739 τὸ
1150 3687 1515 3760 ἀνθρώπινον,
1546 3691 1640 3743 καὶ
1674 3692 1845 3761 ἀσυγ-

264 3777 442 3846 χύτως
470 3777 744 3848 ἐνεπλάκη
777 3778 960 3849 σαρκί.
980 3779 1168 3844 Οὕτως
1200 3780 1392 3851 ἔχοντα
1423 3782 1517 3836 καὶ
1544 3782 1844 3852 δρώμενον,

264 3876 360 3923 καὶ
393 3872 451 3923 ἐν
492 3870 622 3925 εῖδει
653 3870 732 3941 τῷ
782 3871 905 3925 καθ’
932 3873 1081 3943 ἡμᾶς
1126 3872 1485 3943 τυγχάνοντα,
1516 3878 1628 3938 τοῖς
1670 3875 1846 3945 ἁγίοις

263 3963 583 4026 ἀποστόλοις
628 3963 946 4035 παρέδειξεν
972 3965 999 4016 6
1031 3964 1244 4036 Πατὴρ,
1280 3967 1467 4037 φωνῆς
1514 3964 1723 4020 ἀνωθεν
1755 3969 1851 4020 ἐκ·

264 4057 631 4128 πεμπομένης
677 4056 930 4110 τοιᾶσδε·
973 4075 992 4108 t
1028 4052 1195 4121 Οὗτός
1246 4059 1395 4111 ἐστιν
1438 4058 1467 4110 6
1505 4058 1632 4122 Υίός
1680 4076 1781 4130 μου
1818 4058 1847 4109 ὀ

264 4149 569 4221 ἀγαπητὸς,
609 4152 666 4202 ἐν
703 4142 748 4218 ᾧ
779 4150 1091 4220 ηύδὸκησα*
1137 4149 1304 4203 αὐτοῦ
1343 4149 1591 4204 ἀκούετε.
1628 4171 1647 4204 ι
1683 4148 1849 4216 Σύνες

264 4235 382 4302 οὖν,
420 4240 569 4303 ὅπως
599 4241 720 4305 οὐκ,
759 4241 847 4294 Ἐν
880 4241 1074 4312 τούτῳ,
1110 4242 1298 4311 φησὶν,
1327 4244 1478 4295 ἐστὶν
1505 4245 1534 4297 ὀ
1571 4244 1692 4307 Υἱός
1722 4258 1845 4314 μου,

266 4336 355 4388 ἵνα
394 4333 469 4405 μὴ
503 4333 607 4387 ἀνά
642 4335 827 4405 μέρος,
864 4336 939 4398 ὼς
987 4336 1173 4407 ἕτερος
1216 4338 1274 4389 ὲν
1305 4335 1476 4408 ἑτέρῳ
1522 4337 1703 4407 τυχὸν,
1732 4337 1847 4391 ἀλλ’

1941 3157 2183 3202 calorum
2216 3146 2505 3210 oblivione,
2529 3145 2629 3199 hoc
2657 3154 2739 3199 est
2770 3143 3167 3199 coudonatione
3198 3141 3517 3193 honoratum

1942 3249 2045 3295 est.
2099 3239 2303 3295 Scribit
2331 3239 2476 3292 enim
2515 3236 2744 3292 eximius
2784 3235 2870 3290 ille
2900 3232 3174 3305 apostolus
3220 3230 3416 3285 Paulus
3456 3229 3523 3285 ad

1943 3333 2087 3388 hunc
2118 3332 2357 3386 modum.
2409 3347 2427 3380 ι
2464 3328 2709 3383 Scientes
2742 3337 2922 3383 autem
2972 3327 3097 3396 quia
3129 3339 3232 3379 non
3259 3322 3524 3393 iustifica-

1946 3432 2034 3478 tur
2083 3424 2244 3479 homo
2291 3438 2357 3476 ex
2398 3423 2651 3491 operibus
2697 3421 2850 3490 legis,
2897 3419 2997 3472 nisi
3042 3432 3136 3487 per
3176 3417 3333 3471 fidem
3395 3413 3523 3470 Jesu

1943 3515 2177 3581 Christi;
2213 3525 2266 3568 et
2297 3529 2392 3568 uos
2418 3515 2468 3567 in
2493 3514 2708 3569 Christo
2746 3511 2876 3568 Jesu
2907 3510 3254 3573 credidimus,
3284 3520 3341 3563 ut
3363 3509 3525 3578 justi-

1946 3604 2169 3659 ficemur
2199 3605 2253 3658 in
2284 3604 2401 3673 ipso
2426 3604 2491 3656 “.
2528 3622 2548 3654 ›
2598 3603 2866 3658 Caeterum
2893 3601 3036 3670 quod
3074 3614 3233 3669 supra
3271 3600 3521 3662 iudicavi,

1946 3698 1999 3753 id
2028 3707 2270 3766 repetere
2305 3710 2410 3749 non
2456 3694 2741 3763 gravabor,
2773 3700 2902 3761 puta
2940 3692 3030 3745 Dei
3062 3688 3235 3743 Patris
3284 3687 3518 3742 Verbum

1948 3789 2087 3843 nude
2133 3801 2229 3857 per
2275 3800 2334 3841 se
2386 3786 2621 3855 positum
2670 3800 2775 3839 non
2825 3782 3047 3852 intelligi
3092 3780 3397 3842 Christum;
3426 3780 3520 3832 sed

1950 3891 2076 3935 tunc
2100 3880 2312 3935 demum
2349 3878 2399 3933 id
2432 3891 2625 3932 nomen
2656 3875 2975 3941 obtinuisse,
3006 3890 3135 3948 cum
3167 3874 3398 3927 humana
3428 3887 3521 3924 ua-

1949 3976 2067 4021 tura
2091 3975 2364 4035 assumpta
2398 3966 2533 4020 citra
2576 3964 2737 4018 ullam
2777 3964 3001 4017 omnino
3030 3962 3395 4017 confusionem
3424 3960 3521 4013 ad-

1942 4059 2187 4129 iunctum
2212 4068 2296 4113 est
2323 4057 2495 4112 carni.
2528 4054 2604 4110 Ita
2631 4056 2904 4120 affectum,
2933 4066 2987 4110 et
3013 4054 3335 4124 aspectabile
3358 4053 3521 4106 eﬂeco

1951 4159 2092 4211 tum,
2141 4157 2434 4217 nostraque
2497 4149 2668 4202 forma
2724 4149 2981 4204 veStitum
3031 4146 3269 4201 caelestis
3336 4145 3519 4209 Pater,

1948 4254 2081 4296 voce
2124 4240 2340 4295 cmlitus
2384 4239 2625 4309 delapsa,
2681 4239 2886 4295 sanctis
2931 4238 3167 4294 ostendit
3210 4236 3466 4305 apostolis
3503 4254 3518 4291 :

1955 4350 1975 4384 ε
2016 4332 2136 4397 llic,
2167 4332 2362 4402 inquit,
2395 4343 2477 4387 est
2504 4332 2677 4387 Filius
2708 4344 2859 4387 meus
2898 4331 3146 4392 dilectus,
3184 4328 3289 4399 33
3321 4330 3373 4383 iu
3413 4345 3524 4399 quo

265 4422 348 4490 εἷς
380 4429 551 4479 νοοῖτο
580 4430 608 4480 6
637 4426 798 4492 αὐτὸς
827 4438 854 4477 q
882 4428 1003 4480 καθ’
1032 4429 1224 4482 ἕνωσιν
1257 4429 1629 4499 οἰκονομικήν.
1656 4430 1836 4501 Πλημ·

1956 4428 2083 4481 utihi
2128 4426 2267 4481 bene
2305 4425 2639 4495 complacui;
2674 4426 2849 4495 ipsum
2894 4425 3075 4479 audite
3108 4424 3174 4477 ³⁵.
3219 4442 3237 4473 ι
3290 4423 3525 4478 Adverte

270 4519 433 4589 μελές
461 4519 518 4572 δὲ
539 4520 618 4573 ὅτι
648 4520 710 4575 τὸ
729 4521 1047 4575 ἀντιτείνειν
1074 4523 1211 4587 ἐστὶ,
1243 4524 1339 4576 καὶ
1364 4524 1473 4576 τῶν
1499 4524 1581 4577 ὅτι
1618 4525 1849 4595 μάλιστα

270 4607 726 4680 σφαλερωτάτων,
787 4610 1070 4665 ἀναπείθει
1122 4613 1351 4685 γράφων
1419 4614 1672 4685 Ἰωάννης
1719 4615 1846 4667 ὠδίο

274 4714 295 4748 ι
331 4697 455 4750 Ὅτι
492 4696 629 4770 αὕτη
674 4700 823 4751 ἐστὶν
868 4701 899 4769 ἡ
943 4703 1220 4781 μςαρτυρία
1264 4702 1360 4756 τοῦ
1393 4703 1550 4769 Θεοῦ,
1582 4706 1663 4757 ὅτι
1698 4713 1722 4743 ι’
1756 4721 1845 4775 με·

272 4788 594 4859 μαρτύρηκε
640 4790 773 4861 περὶ
816 4790 911 4844 τοῦ
951 4791 1080 4844 Υίοῦ
1126 4793 1316 4847 αὑτοῦ.
1353 4795 1410 4847 '0
1460 4796 1727 4849 πιστεύων
1771 4798 1850 4859 είς

269 4879 361 4932 τὸν
393 4878 519 4933 Υίὺν
550 4879 645 4933 τοῦ
684 4880 842 4945 Θεοῦ,
873 4881 985 4951 ἔχει
1013 4882 1110 4952 τὴν
1147 4886 1455 4957 μαρτυρίαν
1500 4886 1593 4939 τοῦ
1623 4886 1758 4939 Θεοῦ
1794 4889 1853 4941 ἐν

270 4970 467 5041 ἐαυτῷ·
488 4972 517 5023 6
541 4972 615 5043 μὴ
633 4972 905 5026 πιστεύων
934 4972 1059 5045 [εἰς]
1082 4974 1174 5027 τὸν
1198 4975 1346 5040 Υἱδν,
1365 4976 1603 5048 ψεύστην
1624 4980 1854 5049 πεποίη-

269 5078 369 5115 κεν
398 5061 584 5126 αὑτὸν,
612 5063 696 5116 ὅτι
721 5063 821 5116 οὐκ
845 5064 1165 5118 ἐπίστευσεν
1201 5069 1281 5131 είς
1308 5069 1408 5138 τὴν
1437 5070 1762 5140 μαρτυρίαν,
1786 5072 1852 5139 ἣν

273 5154 701 5226 μεμαρτύρηκεν
744 5158 773 5210 6
813 5157 944 5219 Θεὸς
974 5158 1103 5229 περὶ
1147 5159 1243 5213 τοῦ
1285 5161 1412 5214 Υἱοῦ
1454 5162 1641 5216 αὑτοῦ.
1682 5183 1700 5214 ι
1736 5165 1851 5216 Με-

273 5246 595 5317 μαρτύρηκε
631 5247 709 5311 δὲ,
741 5248 825 5300 ὅτι
857 5244 1024 5311 Οὗτος
1052 5252 1079 5302 ὁ
1112 5251 1248 5319 μετὰ
1301 5251 1522 5321 σαρκὸς,
1559 5253 1653 5306 καὶ
1683 5255 1742 5306 ἐν
1781 5257 1847 5326 τῇ

361 5406 582 5465 “Joan.
654 5424 691 5471 I,
755 5408 960 5471 12,”.

273 5492 434 5539 ulti,
471 5480 526 5531 9.
616 5478 663 5511 "
713 5478 889 5533 Galat.
922 5496 983 5544 tt,
1028 5481 1114 5535 16.
1224 5483 1270 5514 ’⁵
1300 5483 1492 5537 Matth.
1521 5500 1656 5549 xvu,
1700 5486 1753 5540 ὃ.

1040 5411 1079 5482 υ
1121 5409 1328 5466 Coloss.
1358 5429 1396 5476 ι,
1431 5412 1515 5466 18.
1585 5416 1630 5445 ²⁰
1655 5416 1829 5470 Galat.

1953 5416 2006 5469 4.
2076 5417 2118 5447 ἰ
2160 5414 2323 5471 llebr.
2355 5414 2553 5481 nudi.
2632 5417 2677 5447 ²²
2719 5411 2905 5467 Matth.
2952 5426 3066 5478 χιι,
3099 5410 3154 5467 4.

1946 4526 2127 4574 autem
2166 4516 2436 4586 quomodo
2484 4517 2570 4571 hic
2607 4531 2712 4570 non
2752 4516 2942 4570 dicat:
2979 4514 3033 4568 lu
3080 4515 3181 4570 hoc
3225 4522 3309 4567 est
3360 4513 3526 4568 Filius

1945 4626 2133 4677 meus;
2169 4626 2267 4666 nec
2319 4625 2563 4666 seorsum
2607 4620 2667 4666 ut
2709 4610 2847 4663 alter
2882 4610 2936 4663 in
2964 4608 3134 4663 altero
3176 4606 3523 4674 intelligatur,

1945 4705 2041 4758 sed
2080 4708 2372 4759 secundum
2400 4702 2852 4775 dispensatoriam
2884 4702 3138 4755 uniouetn
3181 4713 3321 4752 unus
3355 4699 3527 4751 idem-

1946 4809 2053 4864 que
2104 4795 2426 4863 simplicitcr
2492 4792 2811 4862 accipiatur.
2898 4789 3112 4855 Quanto
3166 4796 3342 4841 autem
3401 4801 3525 4840 cutn

1953 4884 2267 4939 discrimine
2311 4898 2607 4952 erroreque
2648 4883 2996 4951 conjunctutu
3029 4881 3120 4943 sit,
3148 4879 3295 4933 hisce
3330 4876 3524 4941 obniti,

1956 4975 2005 5030 id
2032 4976 2263 5030 dilucide
2279 4973 2885 5036 demoustratJoaunes,
2908 4973 2977 5027 ita
3013 4972 3259 5026 scribens
3286 4988 3301 5025 :
3332 4991 3351 5023 ι
3383 4973 3527 5038 Quo.

1953 5072 2094 5123 niam
2128 5070 2226 5122 hoc
2256 5078 2340 5121 est
2373 5067 2741 5121 testimonium
2776 5067 2891 5128 Dei,
2929 5067 3072 5134 quod
3103 5074 3185 5119 est
3211 5065 3530 5119 testificatus

1951 5163 2018 5215 de
2047 5161 2183 5215 Filio
2213 5176 2334 5215 suo.
2376 5160 2479 5225 Qui
2516 5159 2691 5213 credit
2724 5160 2779 5214 in
2815 5157 3011 5213 Filium
3046 5157 3164 5224 Dei,
3192 5157 3354 5212 habet
3381 5156 3533 5211 testi-

1951 5253 2190 5309 monium
2244 5253 2335 5308 Dei
2384 5253 2438 5307 iu
2479 5266 2560 5307 se.
2603 5250 2704 5317 Qui
2747 5265 2853 5306 nou
2899 5248 3071 5305 credit
3107 5247 3263 5313 Filio,
3303 5247 3531 5301 menda-

3256 5408 3302 5441 “
3326 5406 3519 5465 Matth.

1357 5639 1528 5694 Varia:
1560 5640 1825 5697 lectiones
1863 5641 2081 5713 codicis]
2114 5640 2473 5713 Seguieriaui.

363 5772 390 5805 ⁵
422 5770 500 5831 εἰς
530 5768 710 5823 αὐτόν.
793 5780 818 5819 P
853 5770 1139 5841 κρείττονι.
1221 5784 1245 5823 -1
1283 5774 1373 5827 καὶ
1410 5775 1593 5840 αὐτός.
1675 5785 1694 5813 τ
1735 5776 1822 5845 ἥν.
