4146 6466
644 350 786 410 iter
1682 345 1739 400 s.
1781 342 2061 402 CYRILLI
2101 334 2572 397 ALEXANDRINI
2609 333 2935 394 ARCIIIEP.
3787 314 3914 387 itas

642 482 761 523 cem
794 464 922 523 fecit
942 479 1091 532 cum,
1116 463 1245 536 quia
1276 478 1383 520 non
1416 463 1591 519 credit
1618 462 1671 518 in
1700 464 2068 519 testimonium
2088 463 2234 533 quod

2342 458 2432 514 τοῦ
2462 457 2649 513 δούλου
2688 460 2893 531 μορφῇ,
2919 455 3225 529 μοναδικῶς
3254 455 3348 510 καὶ
3392 454 3577 519 ίδικῶς
3614 451 3749 525 ἐμὸς
3790 452 3915 520 ἀλη-

644 557 966 614 testiﬁcatus
998 566 1083 614 est
1120 556 1267 613 Deus
1318 557 1385 612 de
1413 554 1550 611 Filio
1577 569 1680 611 suo
1703 556 1769 609 ".
1811 573 1830 606 ι
1886 554 2233 610 Testiticatus

2342 551 2443 616 θῶς
2471 550 2619 616 Υίός.
2647 550 2759 606 Kal
2781 550 2950 622 αὐτὴν
2980 549 3039 603 δὲ
3067 549 3167 621 τήν
3191 548 3280 602 διά
3305 548 3401 603 τοῦ
3427 547 3583 617 ἁγίου
3614 544 3915 613 βαπτίσμα-

642 657 729 700 est
758 658 939 702 autem
972 662 1123 717 eum,
1157 647 1253 714 qui
1284 660 1449 703 carne
1476 646 1769 716 servilique
1802 643 1978 701 forma
2017 644 2234 699 indutus

2342 661 2424 708 τος
2456 643 2655 698 εὐκλεᾶ
2683 644 2863 714 χάριν,
2902 641 2999 696 καὶ
3042 642 3143 713 τὴν
3167 642 3225 696 ἐν
3254 640 3403 712 αὖτῷ
3447 638 3807 709 ζωοποίησιν,
3830 638 3917 689 καί

643 741 915 807 apparuit,
950 740 1129 805 unice,
1159 739 1380 809 pr0prie
1416 754 1481 793 ac
1509 754 1637 795 vere
1666 754 1825 794 suum
1856 753 1977 794 esse
2011 735 2229 791 Filium.

2342 736 2431 808 τὴν
2459 736 2595 790 Θεοῦ
2628 734 2846 807 μέθεξιν
2875 735 2943 787 δι’
2965 731 3243 804 ἀγιασμοῦ
3274 734 3330 786 ἐν
3358 731 3661 802 Πνεύματι,
3692 726 3784 781 διά
3822 727 3918 796 ἰη-

643 826 911 885 Prazterea
957 830 1226 886 illustrem
1258 830 1404 884 illam
1431 830 1575 885 sacri
1611 830 1953 901 baptismatis
1978 828 2230 898 gratiam,

2342 828 2430 883 σοῦ
2454 828 2693 899 Χριστοῦ
2722 825 3039 898 πεπρᾶχθαι
3060 824 3303 897 δώσομεν
3330 824 3667 893 ἀναγκαίως.
3692 822 3916 892 Μεμνή-

645 935 876 990 ψιεείιιιο
920 922 1019 991 ipsi
1058 924 1297 977 cohaeret
1334 922 1775 989 vivificationem,
1806 931 1861 977 et
1892 921 1983 975 Dei
2016 920 2235 989 partici-

2342 920 2479 992 μεθα
2503 921 2612 991 γὰρ
2648 920 2894 974 Ἰωάννου
2923 918 3175 988 λέγοντος
3200 934 3213 948 °
3244 936 3263 969 ι
3318 917 3377 971 Ὀ
3416 917 3592 969 ὀπίσω
3635 931 3741 985 μου
3773 912 3917 983 ἐρχό-

646 1012 915 1081 pationem
946 1003 1043 1084 per
1072 1012 1553 1069 sanctificationent
1589 1014 1643 1067 in
1675 1014 1879 1082 Spiritu
1926 1026 2021 1081 per
2045 1010 2232 1066 Jesum

2342 1030 2522 1084 μενος,
2547 1011 2896 1085 ἰσχυρότερός
2924 1028 3027 1082 μου
3066 1011 3238 1076 ἐστὶν,
3269 1002 3331 1063 οῦ
3360 1009 3460 1063 οὐκ
3485 1008 3602 1079 είμὶ
3650 1005 3836 1068 ἱκανὸς
3856 1004 3917 1057 τὰ

645 1103 917 1158 Christum
975 1104 1133 1160 nobis
1191 1105 1494 1173 obtingere,
1562 1104 1854 1158 fatebimur
1900 1104 2230 1160 necessario.

644 1193 987 1251 Meminimus
1050 1196 1194 1251 enim
1247 1194 1509 1250 Joannem
1551 1196 1818 1251 dicentem
1854 1214 1867 1250 :
1904 1213 1922 1246 ι
1962 1193 2064 1261 Qui
2114 1205 2236 1265 post

643 1302 732 1342 me
773 1298 1033 1342 venturus
1083 1298 1186 1353 est,
1234 1287 1425 1342 fortior
1469 1304 1553 1342 me
1599 1297 1702 1350 est,
1745 1286 1902 1357 cujus
1959 1304 2065 1342 non
2112 1303 2232 1343 sum

644 1374 839 1442 dignus
893 1374 1258 1430 calceamenta
1310 1386 1576 1444 portare:
1627 1378 1731 1433 iste
1791 1392 1886 1432 vos
1942 1377 2237 1449 baptizabit

645 1463 854 1536 Spiritu
901 1476 1088 1521 sancto
1122 1477 1178 1523 et
1210 1468 1319 1537 igni
1350 1469 1417 1523 ’⁷.
1465 1487 1485 1521 ι
1541 1468 1659 1524 Jam
1703 1470 1793 1525 hic
1830 1477 1884 1525 te
1914 1470 2189 1542 interrogo
2218 1488 2234 1527 :

644 1576 772 1614 num
811 1559 1015 1629 Spiritu
1046 1569 1238 1615 sancto
1272 1570 1326 1615 et
1348 1560 1456 1629 igni
1495 1560 1779 1629 baptizare
1814 1578 1973 1633 posse
2004 1578 2141 1633 Opus
2164 1564 2237 1619 sit

642 1651 817 1707 solius
848 1653 1098 1707 humanae
1133 1653 1379 1708 naturze?
1412 1654 1567 1720 Quis,
1595 1670 1800 1725 (ιιιίιξεο,
1827 1656 1972 1710 istud
2012 1656 2237 1711 credat?

638 1744 805 1814 Atqui
842 1745 1018 1799 virum
1052 1744 1202 1799 illum
1240 1746 1332 1815 qui
1371 1762 1495 1801 mox
1544 1747 1835 1802 adfuturus
1862 1762 1924 1802 ac
1971 1747 2236 1803 videndus

2336 1106 2664 1177 ὑποδήματα
2684 1104 2973 1175 βαστάσαιο
2992 1106 3196 1167 ἐκεῖνος
3219 1104 3363 1173 ὑμᾶς
3386 1101 3643 1173 βαπτίσει
3664 1102 3724 1151 ἐν
3754 1096 3917 1150 Πνεῦ-

2338 1215 2469 1269 ματι
2504 1197 2645 1268 ἁγίῳ
2674 1197 2769 1251 xal
2796 1197 2982 1267 πυρί.»
3013 1192 3183 1267 ⁷Αρα,
3211 1196 3336 1249 είπέ
3367 1212 3477 1265 μοι,
3508 1193 3611 1263 τῆς
3638 1190 3919 1260 καθ’ήμὶς

2336 1289 2757 1362 ἀνθρωπότητος
2782 1288 2944 1361 ἔργον
2965 1286 3102 1343 εἷναί
3119 1304 3298 1359 φαμεν
3320 1287 3381 1341 τὸ
3402 1289 3459 1341 ἐν
3478 1284 3767 1356 Πνεύματι
3790 1284 3921 1353 ἁγίῳ

2338 1379 2621 1452 βαπτίζειν
2650 1380 2912 1436 δύνασθαι
2944 1380 3039 1434 καὶ
3068 1380 3201 1449 πυρί
3227 1397 3243 1446 ;
3282 1380 3394 1433 Kal
3421 1378 3541 1441 πῶς
3573 1377 3641 1431 ἂν
3664 1376 3751 1446 εἴη
3771 1376 3919 1429 τοῦτο

2336 1492 2436 1545 γε;
2487 1477 2598 1531 Kal
2647 1476 2753 1547 μὴν
2802 1476 2973 1548 ἀνδρα
3017 1476 3193 1546 λέγων
3235 1475 3326 1529 τὸν
3369 1475 3496 1529 ὅσον
3536 1473 3756 1528 οὐδέπω
3787 1490 3920 1543 παρ·

2337 1569 2596 1640 εσόμενὸν
2623 1585 2681 1621 τε
2705 1569 2797 1622 καὶ
2813 1568 3207 1640 ὀφθησόμενον,
3236 1568 3398 1622 αὐτὸν
3425 1567 3529 1637 ἐφη
3557 1564 3844 1637 βαπτίζειν
3869 1567 3920 1617 ἐν

2338 1660 2471 1730 πυρὶ
2504 1660 2598 1713 καὶ
2637 1660 2779 1728 ἁγίῳ
2810 1658 3109 1728 Πνεύματι,
3138 1658 3198 1711 οὐ
3248 1659 3308 1711 τὸ
3352 1656 3635 1727 ἀλλότριον
3682 1656 3799 1717 τοῖς
3831 1653 3920 1723 βα-

2341 1751 2683 1823 πτιζομένοις
2710 1750 2920 1805 ἐνιέντα
2944 1750 3170 1821 Πνεῦμα
3192 1748 3578 1821 ὼυλοπρεπῶς
3607 1748 3704 1801 καὶ
3734 1748 3923 1815 ὑπουρ-

640 1847 778 1901 erat,
810 1834 1017 1906 Spiritu
1042 1846 1234 1893 sancto
1259 1848 1312 1892 et
1348 1837 1471 1907 igne
1504 1838 1907 1906 baptizaturum
1940 1839 2233 1907 praedicat:

2342 1844 2533 1912 γικῶς,
2561 1843 2676 1897 ἀλλ’
2711 1844 2786 1906 ὠς
2811 1842 2944 1896 Θεὸν
2997 1841 3141 1895 κατά
3174 1841 3337 1911 φύσιν
3374 1843 3497 1913 μετ’
3546 1840 3798 1907 ἐξουσίας
3830 1838 3921 1908 τῆς

639 1927 839 1998 quippe
865 1944 988 1984 cum
1036 1930 1293 1985 immittat
1322 1928 1584 1999 Spiritum
1616 1928 1927 1997 baptizatis,
1963 1944 2069 1983 non
2104 1928 2238 1984 alie-

2342 1934 2605 1989 ἀνωτάτω
2634 1935 2693 1987 τὸ
2725 1933 2785 1999 ἐξ
2827 1932 2995 1988 αὑτοῦ
3029 1952 3087 1987 τε
3126 1933 3221 1989 καὶ
3254 1933 3384 1988 ίδιον
3412 1932 3577 1987 αὑτοῦ
3601 1949 3617 1965 ⁸
3646 1932 3717 1986 δι’
3748 1924 3809 1985 οὗ
3838 1932 3923 1984 καὶ

643 2035 798 2087 ιιιιιιι,
830 2031 892 2076 ιιι
914 2037 1105 2077 servus
1139 2032 1191 2078 et
1230 2023 1495 2085 minister,
1532 2021 1626 2076 sed
1658 2032 1718 2074 ut
1747 2021 1892 2076 Deus
1928 2007 2233 2076 secundum

2342 2028 2370 2079 ὁ
2409 2027 2551 2090 θεῖος
2598 2027 2729 2097 ἡμῖν
2776 2026 3171 2097 ἐνσημαίνεται
3201 2027 3514 2099 χαρακτήρ.
3554 2025 3920 2096 Ἀναμορφούυ

642 2124 890 2171 naturam
938 2129 1063 2169 cum
1101 2129 1311 2169 summa
1359 2123 1623 2184 potestate
1648 2123 1700 2167 et
1730 2115 2058 2167 auctoritate
2110 2128 2233 2169 eum

2346 2118 2487 2188 μεθα
2517 2118 2647 2190 γὰρ,
2672 2117 2748 2182 ὡς
2773 2119 2854 2182 είς
2881 2117 3065 2172 εἰκόνα
3096 2119 3195 2190 τὴν
3225 2118 3396 2185 Θείαν,
3430 2121 3512 2182 είς
3540 2119 3779 2190 Χριστὸν
3823 2118 3919 2185 Ἰη-

646 2209 738 2278 qui
802 2222 869 2262 ex
924 2206 1017 2262 illo
1048 2217 1131 2262 est
1185 2217 1241 2262 et
1297 2208 1467 2277 ipsius
1503 2215 1589 2261 est
1618 2206 1891 2276 pr0prius.
1956 2205 2059 2261 Per
2093 2208 2237 2262 hunc

2346 2208 2495 2274 σοῦν,
2560 2211 2620 2263 οὐ
2674 2211 2988 2282 σωματικὸν
3036 2211 3401 2282 ὑπομένοντες
3439 2210 3530 2264 τὸν
3572 2210 3921 2281 άναπλασμὸν

642 2315 862 2371 quoque
897 2299 1114 2354 divinus
1148 2300 1436 2355 character
1464 2298 1622 2353 nobis
1662 2298 2029 2368 imprimitur;
2065 2298 2236 2353 refor-

643 2404 861 2443 mamur
888 2387 1034 2443 enim
1061 2388 1117 2442 in
1154 2387 1434 2442 Christum
1466 2385 1674 2454 Jesum,
1709 2386 1873 2441 veluti
1911 2390 1963 2441 in
1994 2388 2232 2442 divinam

644 2481 937 2549 quamdam
964 2479 1257 2550 imaginem
1290 2495 1305 2533 :
1343 2493 1449 2533 non
1474 2480 1618 2548 quod
1653 2492 1971 2548 corpoream
2000 2477 2237 2548 aliquam

2344 2302 2562 2374 (κομιδῇ
2578 2302 2686 2376 γὰρ
2704 2303 2899 2374 εῦηθες
2928 2302 3139 2357 οίεσθαι
3162 2302 3471 2373 ταυτὶ),διά
3491 2302 3549 2355 δέ
3577 2301 3672 2355 τοῦ
3707 2301 3922 2373 μεταλα-

2341 2396 2457 2465 χεῖν
2488 2394 2643 2462 ἁγίου
2669 2394 3008 2467 Πνεῦματος,
3042 2394 3205 2449 αὐτὸν
3240 2396 3298 2447 ἐν
3330 2396 3544 2458 ἑαυτοῖς
3572 2392 3921 2457 πλουτοῦντες

2340 2486 2606 2556 Χριστόν·
2646 2486 2720 2550 ὡς
2748 2486 2848 2557 ήδη
2880 2487 3170 2559 χαίροντας
3195 2488 3373 2541 ἐκεῖνο
3406 2490 3605 2558 φωνεῖν
3626 2504 3639 2518 ο
3673 2506 3695 2539 ι
3741 2487 3921 2556 Ἀγαλ-

644 2570 1145 2626 conformationem
1194 2572 1484 2625 subeamus
1524 2570 1714 2641 (istud
1754 2585 1992 2640 namque
2024 2573 2237 2643 opinari

2342 2576 2547 2631 λιάσθω
2573 2578 2605 2648 ἡ
2632 2578 2778 2649 ψυχή
2831 2596 2935 2650 μου
2969 2580 3062 2633 ἐπὶ
3101 2578 3177 2651 τῷ
3204 2578 3429 2651 Κυρίῳ·
3472 2578 3693 2631 ἐνέδυσε
3725 2577 3833 2647 γάρ
3861 2595 3919 2649 με

644 2663 890 2733 desipere
918 2664 1130 2737 esset);
1160 2665 1251 2719 sed
1299 2664 1443 2734 quod
1475 2664 1712 2734 Spiritus
1740 2665 1913 2719 sancti
1941 2666 2238 2736 participes

2346 2668 2562 2740 ἱμάτιον
2591 2670 2882 2739 σωτηρίου,
2912 2672 3007 2724 καὶ
3051 2671 3255 2743 χιτῶνα
3292 2670 3652 2743 εὐφροσύνης.
3675 2701 3751 2710 —
3778 2670 3922 2724 Ὅσοι

643 2754 843 2821 effecti,
885 2757 1058 2826 ipsum
1086 2756 1138 2811 in
1167 2756 1324 2811 nobis
1366 2755 1650 2811 Christum
1708 2756 2025 2822 habeamus,
2066 2757 2139 2811 ita
2179 2766 2238 2813 ut

2344 2761 2454 2831 γὰρ
2476 2762 2556 2825 είς
2584 2762 2818 2836 Χριστὸν
2842 2762 3227 2835 ἐϐαπτίσθητε,
3264 2764 3502 2836 Χριστὸν
3524 2764 3865 2819 ἐνεδύσασθε.
3900 2783 3915 2815 ι

639 2847 752 2916 jam
799 2849 928 2904 illud
995 2850 1368 2919 propheticum
1410 2848 1736 2904 laetabundis
1786 2858 2011 2905 cantare
2053 2849 2217 2906 liceat
2257 2870 2272 2906 :
2319 2872 2337 2904 ‹
2377 2854 2624 2911 Exsultet
2671 2856 2853 2911 anima
2887 2873 3005 2913 mea
3062 2859 3114 2912 in
3150 2859 3418 2913 Domino:
3453 2859 3626 2915 induit
3656 2860 3802 2914 enim
3844 2874 3921 2912 me

643 2941 848 2994 amictu
886 2940 1100 3006 salutis,
1127 2940 1377 3009 stolaque
1416 2939 1614 2994 laetitia:
1642 2940 1783 2993 ²⁸.-
1807 2940 2134 3010 Quicunque
2194 2942 2339 2998 enim
2391 2944 2445 2999 in
2480 2945 2700 3002 Christo
2731 2947 2987 3017 haptizati
3016 2948 3170 3014 estis,
3202 2947 3483 3005 Christum
3524 2950 3780 3008 induistis
3803 2954 3866 3006 ".
3901 2965 3918 2998 ι

712 3033 981 3091 XXXVII.
1022 3035 1176 3102 Quod
1217 3036 1259 3090 si
1290 3034 1416 3105 quis
1442 3034 1673 3090 ulterius
1716 3037 2057 3107 interroget:
2095 3034 2235 3091 Num

2416 3038 2537 3093 AZ'.
2570 3041 2633 3093 Εί
2665 3040 2723 3093 δέ
2744 3041 2807 3112 δή
2837 3059 2922 3106 τις
2950 3040 3127 3113 ἐροιτο
3155 3036 3395 3113 προσιών
3420 3059 3434 3074 ο
3456 3038 3582 3115 Ἆρ’
3614 3038 3710 3099 οὖν
3738 3048 3819 3110 είς
3838 3048 3925 3103 ἀνθ

644 3143 775 3200 ergo
801 3129 854 3183 in
879 3127 1151 3183 hominem
1195 3126 1459 3196 baptiznti
1505 3128 1745 3182 sumus?
1790 3128 1855 3182 Et
1883 3129 1985 3183 hoc
2025 3128 2238 3184 inficia-

2346 3128 2564 3201 θρωπον
2587 3131 2999 3204 βεδαπτίσμεθα
3024 3151 3039 3199 ;
3065 3134 3177 3187 Kal
3199 3133 3358 3188 τοῦτο
3381 3130 3523 3190 εἶναι
3540 3136 3788 3207 φήσομεν
3808 3140 3928 3209 ἀλή-

646 3222 748 3279 hor
802 3221 1047 3275 minime.
1103 3218 1213 3291 35
1281 3218 1386 3274 Sed
1432 3218 1535 3274 hoc
1595 3236 1624 3273 a
1691 3221 1847 3276 nobis
1914 3236 2237 3291 responsum

2345 3224 2494 3278 θειαν
2521 3234 2570 3291 ⁸,
2602 3226 2699 3279 καὶ
2727 3226 2866 3299 πρὸς
2894 3226 3052 3298 ήμῶν
3070 3228 3462 3283 άντακούσεται
3485 3246 3499 3260 ·
3531 3231 3809 3302 Εὐφήμει,
3837 3234 3925 3287 άν-

646 3315 835 3370 audiet
897 3331 912 3368 :
968 3315 1118 3368 Heus
1188 3323 1277 3378 tu,
1341 3313 1589 3382 quisquis
1631 3328 1723 3378 es,
1792 3314 1922 3384 quid
1996 3315 2242 3371 moliris?

649 3408 795 3462 itane
851 3421 1069 3462 omnem
1133 3420 1283 3475 spem
1350 3405 1402 3459 in
1457 3414 1657 3460 terram
1706 3405 1995 3461 detrahis?
2054 3407 2239 3476 Bapti-

649 3498 761 3554 zati
801 3512 933 3554 sane
984 3512 1175 3553 sumus
1215 3511 1318 3550 non
1374 3495 1426 3550 in
1466 3496 1735 3551 hominem
1775 3496 2114 3566 simpliciter,
2152 3512 2242 3552 ve-

652 3606 775 3648 rum
794 3592 846 3646 in
867 3590 1037 3645 Deum
1058 3590 1330 3644 hominem
1352 3588 1576 3654 factum,
1591 3590 1680 3658 qui
1702 3603 1909 3658 poenas,
1928 3600 2241 3660 veteresque

650 3697 823 3738 noxas
856 3682 921 3736 iis
942 3681 1034 3750 qui
1062 3679 1220 3735 fidem
1246 3679 1298 3734 in
1324 3679 1470 3734 illum
1518 3678 1993 3750 praestolabantur,
2018 3680 2101 3735 vel
2141 3696 2239 3748 po-

652 3776 760 3829 tius
798 3771 1061 3843 comp‘lexi
1108 3777 1258 3837 sunt,
1288 3770 1533 3826 remittit.
1594 3769 1743 3825 Unde
1781 3769 2000 3824 divinus
2044 3768 2241 3825 Petrus

649 3865 865 3921 Judaeos
893 3865 970 3919 ita
996 3863 1292 3934 alloquitur
1318 3882 1331 3918 :
1372 3882 1390 3915 ι
1422 3862 1807 3917 Paenitentiam
1834 3864 1997 3933 agite,
2024 3874 2079 3918 et
2106 3862 2239 3932 bap-

654 3961 850 4013 tizetur
874 3956 1253 4025 unusquisque
1280 3963 1524 4009 vestrum
1558 3955 1610 4009 in
1640 3956 1864 4009 nomine
1885 3952 2014 4009 Jesu
2038 3953 2240 4011 Christi

653 4050 706 4104 in
739 4047 1109 4103 remissionem
1147 4054 1494 4115 peccatorum
1534 4054 1884 4111 vestrorum;
1920 4056 1975 4100 et
2006 4046 2241 4116 accipie-

653 4144 724 4197 tis
753 4141 953 4196 donum
993 4139 1228 4208 Spiritus
1257 4137 1429 4193 sancti
1454 4136 1519 4191 ³ο.
1566 4155 1585 4189 ι
1636 4136 1864 4193 Peccata
1900 4152 2136 4206 namque
2174 4137 2241 4194 iis

652 4233 745 4297 qui
781 4233 856 4287 illi
895 4232 1196 4296 adhaerent,
1249 4229 1585 4293 condonans,
1625 4243 1723 4283 suo
1767 4244 1893 4284 mox
1948 4230 2103 4299 ungit
2145 4243 2241 4285 eos

651 4327 871 4399 spiritu,
912 4340 1074 4397 quem
1106 4324 1325 4395 quidem
1365 4334 1425 4377 ut
1454 4322 1548 4377 Dei
1596 4321 1774 4378 Patris
1829 4322 2067 4381 Verbum
2126 4323 2241 4393 ipse

652 4420 920 4483 immittit,
950 4428 1004 4473 et
1027 4433 1093 4473 ex
1118 4417 1333 4487 propria
1366 4426 1560 4470 natura
1602 4415 1655 4469 in
1690 4431 1789 4470 nos
1818 4416 1973 4485 quasi
1997 4432 2062 4470 ex
2092 4414 2241 4471 fonte

2344 3316 2567 3388 θρωπε’
2608 3318 2661 3371 τί
2707 3318 2864 3389 δρᾷς,
2893 3312 2939 3373 ὧ
2978 3311 3155 3384 οὗτος,
3190 3320 3574 3391 κατακομίζων
3613 3323 3822 3394 ίήμῶν
3853 3326 3927 3389 είς

2341 3411 2446 3481 γῆν
2476 3410 2577 3481 τὴν
2608 3409 2835 3473 ἐλπίδας
2866 3411 3290 3483 Βεϐαπτίσμεθα
3336 3413 3446 3485 γὰρ
3475 3414 3575 3467 οὐκ
3603 3416 3683 3479 είς
3725 3416 3929 3487 ἀνθρω-

2344 3518 2443 3554 πον
2464 3500 2669 3566 ἁπλῶς,
2690 3500 2807 3556 ἀλλ’
2828 3502 2907 3566 είς
2925 3502 3058 3557 Θεὸν
3083 3503 3566 3575 ἐνηνθρωπηκότα,
3592 3507 3690 3559 καὶ
3715 3508 3926 3562 ἀνιέντα

2342 3590 2535 3660 ποινῆς
2560 3596 2612 3654 ιι,
2652 3588 2750 3644 καὶ
2774 3588 2882 3644 τῶν
2908 3591 3156 3663 ἀρχαίων
3189 3592 3531 3663 αίτιαμάτων
3568 3594 3699 3658 τοὺς
3726 3595 3826 3666 τὴν
3853 3598 3926 3660 είς

2341 3680 2505 3735 αὑτὸν
2536 3680 2720 3736 πίστιν
2748 3682 3170 3753 ἐκδεδεγμένους
3201 3693 3251 3749 τ,
3278 3683 3480 3755 μᾶλλον
3500 3684 3556 3738 δὲ
3586 3685 3924 3756 είσδεδεγμέ-

2342 3789 2492 3839 νους’
2521 3773 2616 3828 καὶ
2638 3774 2767 3843 γοῦν
2787 3774 2817 3826 ὁ
2843 3773 3130 3838 θεσπέσιος
3156 3775 3364 3847 Πέτρος
3394 3774 3671 3840 Ἰουδαίοις
3697 3778 3925 3849 προσλα-

2342 3867 2451 3921 λῶν
2468 3867 2571 3938 ἐφη
2590 3883 2604 3897 ·
2632 3886 2651 3919 ι
2675 3868 3063 3939 Μετανοήσατε
3085 3864 3200 3935 οὖν,
3221 3869 3314 3921 καὶ
3338 3868 3692 3941 βαπτισθήτω
3707 3871 3923 3936 ἕκαστος

2344 3956 2499 4029 ὑμῶν
2548 3957 2645 4011 ἐπὶ
2701 3957 2779 4029 τῷ
2832 3957 3060 4029 ὀνόματι
3106 3956 3284 4029 Ἰησοῦ
3328 3957 3565 4030 Χριστοῦ
3613 3960 3693 4024 είς
3739 3960 3924 4029 ἄφεσιν

2343 4049 2630 4122 ἁμαρτιῶν
2663 4049 2847 4122 ὑμῶν’
2883 4050 2979 4103 καὶ
3000 4048 3237 4121 λήψεσθε
3271 4050 3370 4122 τήν
3403 4050 3615 4123 δωρεὰν
3647 4050 3744 4104 τοῦ
3776 4052 3921 4121 ἁγίου

2342 4140 2684 4212 Πνεῦματος.
2731 4160 2751 4194 ι
2804 4139 3082 4194 Ἀπολύων
3132 4140 3240 4213 γάρ
3294 4141 3574 4212 ἁμαρτίας
3638 4141 3733 4194 τὸν
3784 4142 3923 4212 αὐτῷ

2343 4232 2765 4306 προσκείμενον,
2802 4230 2882 4303 τῷ
2905 4231 3022 4303 ίδίῳ
3058 4232 3244 4285 λοιπὸν
3281 4231 3567 4304 καταχρίει
3608 4231 3920 4303 Πνεύματι,

2342 4324 2480 4396 ὅπερ
2512 4324 2691 4394 ἐνίησι
2740 4322 2838 4394 μέν
2867 4322 3053 4389 αὐτὸς,
3080 4323 3157 4387 ὡς
3196 4324 3260 4377 ἐκ
3304 4322 3437 4376 Θεοῦ
3470 4323 3691 4394 Πατρὸς
3738 4324 3921 4393 Λόγος,

2343 4416 2438 4469 καὶ
2488 4415 2550 4481 ἐξ
2598 4414 2735 4479 ιδίας
2779 4416 2912 4487 ἡμῖν
2963 4414 3313 4487 ἀναπηγάζει
3353 4415 3587 4484 φύσεως.
3642 4416 3836 4468 Κοινδν
3873 4417 3923 4470 δὲ

653 4512 888 4583 quodam
929 4509 1256 4565 transfundit
1297 4526 1310 4563 :
1350 4509 1652 4579 quinetiam
1693 4507 1951 4562 facultate
1982 4507 2082 4563 hac
2124 4522 2238 4576 pro-

2345 4504 2534 4575 ὥσπερ
2580 4503 2643 4557 τὸ
2690 4503 2883 4575 χρῆμα
2909 4502 3083 4567 τιθεὶς
3121 4505 3188 4573 τῇ
3223 4502 3361 4574 μετά
3397 4501 3601 4573 σαρκὸς
3652 4502 3923 4573 οἰκονομίᾳ.

655 4617 774 4675 pter
841 4603 1094 4658 unionem
1133 4612 1189 4657 et
1230 4600 1623 4657 incarnationis
1675 4600 2062 4666 mconomiam,
2110 4615 2233 4654 cum

2342 4597 2431 4652 διὰ
2456 4597 2554 4669 τὴν
2601 4596 2817 4660 ἕνωσιν,
2856 4597 2953 4650 καὶ
2992 4596 3069 4660 ὠς
3102 4596 3391 4667 ἄνθρωπος
3443 4594 3660 4649 ἐνέπνει
3692 4612 3925 4665 σωματιο

656 4698 874 4753 homine
896 4697 1317 4761 communicata,
1341 4693 1698 4764 corporaliter
1729 4707 1949 4763 quoque
1981 4701 2041 4746 ut
2076 4691 2237 4747 homo

2346 4690 2491 4754 κῶς·
2527 4688 2828 4761 ἐνεφύσησε
2858 4689 2967 4761 γὰρ
2996 4691 3110 4754 τοῖς
3142 4688 3319 4757 ἁγίοις
3343 4687 3685 4751 ἀποστόλοις,
3726 4688 3922 4741 εἰπών·

655 4788 990 4859 inSpirabat;
1031 4785 1323 4841 insudlavit
1377 4784 1522 4839 enim
1574 4783 1629 4837 in
1676 4792 1895 4837 sanctos
1944 4781 2237 4851 apostolos,

2352 4803 2371 4836 ι
2406 4782 2613 4838 Λάϐετε
2662 4781 2887 4853 Πνεῦμα
2916 4783 3094 4851 ἅγιον.
3138 4800 3157 4833 ι
3187 4782 3298 4836 Kal
3331 4799 3350 4833 ι
3380 4781 3481 4834 οὐκ
3522 4782 3587 4834 ἐκ
3621 4780 3823 4851 μέτρου
3852 4780 3924 4832 δί-

654 4883 869 4935 dicens:
894 4899 913 4932 ι
932 4878 1177 4947 Accipite
1200 4876 1463 4945 Spiritum
1480 4882 1730 4929 sanctum
1748 4873 1812 4926 “.
1841 4891 1859 4924 ι
1888 4871 1993 4928 Sed
2019 4889 2038 4923 ι
2064 4885 2238 4941 neque

2344 4875 2498 4941 δωσι,
2529 4894 2548 4927 ι
2600 4874 2741 4929 κατά
2769 4873 2869 4947 τὴν
2910 4874 3161 4928 Ἰωάννου
3187 4874 3392 4944 φωνὴν,
3422 4872 3485 4925 τὸ
3517 4871 3771 4941 Πνεῦμα,
3818 4871 3923 4925 ἀλλ’

651 4989 721 5027 ex
747 4986 999 5028 mensura
1042 4971 1136 5025 dat
1169 4968 1453 5038 Spiritum,
1486 4986 1505 5021 ι
1534 4966 1690 5035 juxta
1716 4964 1942 5021 Joannis
1963 4979 2146 5019 vocem
2168 4963 2238 5028 ³⁸,

654 5064 748 5118 sed
781 5080 847 5118 ex
882 5078 944 5119 se
1000 5078 1105 5117 non
1155 5075 1315 5116 secus
1346 5075 1411 5114 ac
1452 5057 1615 5113 Pater
1670 5058 1922 5112 eumdem
1986 5053 2240 5110 infundit.

662 5158 813 5213 Unde
852 5171 1081 5227 magnus
1102 5156 1191 5209 ille
1209 5155 1412 5210 Paulus
1437 5163 1603 5208 totam
1630 5152 1773 5207 hanc
1802 5149 2237 5207 controversiam

655 5266 687 5304 e
718 5250 894 5304 medio
919 5249 1129 5311 tollens,
1173 5247 1332 5302 modo
1370 5246 1634 5316 Spiritum
1673 5245 1781 5299 Deo
1805 5254 1860 5299 et
1889 5242 2058 5309 Patri,
2084 5242 2243 5298 modo

662 5355 877 5395 rursum
922 5339 1021 5409 ipsi
1060 5338 1195 5393 Filio
1232 5337 1443 5392 tribuit.
1496 5336 1588 5393 Sic
1625 5338 1767 5393 enim
1806 5336 2032 5392 scribit:
2069 5353 2089 5386 ι
2135 5334 2242 5391 Vos

2345 4967 2508 5030 αὐτὸς
2532 4967 2740 5037 ἐνίησιν
2768 4966 2827 5030 ἐξ
2853 4965 3072 5032 ἐαυτοῦ,
3110 4965 3365 5036 καθάπερ
3412 4962 3607 5034 ἀμέλει
3644 4963 3739 5015 καὶ
3767 4964 3795 5016 ὁ
3822 4963 3923 5014 Πα-

2348 5060 2475 5129 τήρ.
2504 5059 2616 5112 Kal
2638 5057 2768 5127 γοῦν
2791 5060 2819 5111 ὁ
2863 5057 3154 5121 θεσπέσιος
3183 5055 3416 5120 Παῦλος,
3452 5055 3580 5125 ὃλην
3623 5055 3925 5125 ἀποστήσας

2349 5150 2448 5222 τὴν
2471 5149 2527 5203 ἐν
2558 5166 2621 5218 γε
2647 5148 2822 5220 τούτῳ
2850 5148 3137 5222 διαφορὰν,
3169 5147 3303 5201 ποτὲ
3339 5148 3438 5218 μὲν
3466 5146 3615 5216 αὐτῷ
3658 5159 3684 5187 ι
3716 5146 3796 5217 τῷ
3818 5145 3925 5215 θεῷ

2350 5242 2446 5296 καὶ
2487 5242 2665 5312 Πατρὶ
2718 5239 3044 5312 προσνέμων
3079 5240 3295 5311 ὁρᾶται,
3323 5239 3453 5293 ποτέ
3493 5238 3538 5291 δ’
3578 5234 3645 5291 αὗ
3672 5238 3753 5308 τῷ
3803 5238 3922 5307 Υίῴ.

2350 5333 2559 5406 Γράφει
2606 5331 2713 5406 γὰρ
2751 5326 2887 5388 ὧδε*
2927 5350 2946 5385 ι
2996 5332 3184 5403 Ὑμεῖς
3230 5331 3287 5386 δὲ
3331 5331 3433 5385 οὐκ
3480 5330 3602 5383 ἔστε
3657 5331 3716 5383 ἐν
3750 5332 3925 5407 σαρκὶ,

728 5491 997 5549 “lJoan.
1033 5508 1086 5560 ν,
1117 5492 1172 5559 9,
1206 5494 1293 5548 10.
1370 5493 1413 5524 ’⁷
1452 5492 1641 5548 Matth.
1672 5508 1755 5560 ιιι,
1795 5494 1880 5548 ll.
1926 5492 1969 5522 "‘
2002 5489 2142 5545 Psal.
2167 5505 2235 5544 xx

2342 5531 2353 5555 ,
2379 5489 2433 5545 9.
2476 5490 2521 5523 ¹⁹
2546 5488 2724 5545 Galat.
2753 5504 2837 5557 ιιι,
2859 5488 2950 5544 27.
2999 5488 3045 5520 ⁸⁸
3080 5488 3207 5544 Act.
3240 5503 3300 5553 ιι,
3330 5486 3422 5544 28.
3464 5487 3506 5519 ³¹
3536 5486 3691 5545 Joan.
3719 5502 3807 5553 xx,
3835 5485 3919 5540 22.

1755 5648 1928 5704 Variae
1958 5649 2216 5705 lectiones
2269 5647 2473 5705 codicis
2504 5646 2867 5720 Seguieriani.

736 5793 762 5827 ⁸
798 5789 1019 5861 ἀληθές.
1102 5792 1118 5827 ί
1151 5788 1554 5861 κατακομίζεις.
1634 5802 1655 5826 υ
1691 5786 1907 5841 ποινῶν.

1987 5796 2009 5821 τ
2048 5785 2493 5857 εῖτδεδεγμένους
2524 5784 2730 5857 absque
2762 5785 2886 5842 aliis
2922 5783 3123 5841 verbis.

3210 5795 3234 5821 ι
3262 5779 3416 5834 αὑτό.
