4058 6464
66 344 243 424 ιιεέ

1116 364 1205 420 DE
1246 361 1474 420 RECTA
1512 356 1672 416 FIDE
1710 356 1802 411 Αι)
1839 352 2290 410 TIIEODOSIUM
2329 351 2469 409 IMP.

3283 354 3422 412 H90

69 488 210 543 ἀλλ’
276 492 357 545 ἐν
407 472 717 563 Πνεύματι,
760 488 918 562 εἴπερ
964 488 1193 558 Πνεῦμα
1242 484 1379 540 Θεοῦ
1429 482 1629 537 ὲνοικεῖ
1673 481 1731 533 ἐν

1855 482 2018 529 mrem
2060 475 2113 530 in
2154 488 2317 529 carne
2340 491 2445 529 non
2479 473 2631 539 estis,
2672 473 2769 529 sed
2796 474 2849 529 in
2885 474 3087 546 Spiritu
3119 490 3134 529 :
3167 476 3214 532 si
3241 487 3421 534 tamen

71 583 256 651 ὑμῖν.
308 584 409 636 Εἴ
432 602 513 648 τις
540 584 596 638 δὲ
625 582 851 653 Πνεῦμα
878 579 1117 651 Χριστοῦ
1144 580 1245 632 οὐκ
1278 578 1412 648 ἔχει,
1448 568 1605 639 οῦτος
1634 575 1735 627 οῦκ

73 674 254 727 ἐστιν
302 674 496 728 αὑτοῦ
522 690 535 704 ο
578 677 627 727 εί
677 674 733 727 δὲ
777 672 1013 743 Χριστὸς
1041 672 1099 723 ὲν
1147 671 1297 741 ὑμῖν,
1334 667 1395 721 τὸ
1426 665 1525 738 μὲν
1574 665 1736 736 σῶμα

76 765 324 834 νεκρὸν
364 767 464 821 διά
502 765 799 837 ἁμαρτίαν,
834 764 895 818 τὸ
932 764 988 816 δὲ
1020 761 1238 832 πνεῦμα
1272 758 1381 824 ζῶν
1421 758 1509 812 διὰ
1532 758 1739 812 δικαιο-

80 858 316 929 σύνην.
374 880 401 913 ι
450 861 689 931 ’Δραρεν
719 854 836 923 οὗν,
866 859 946 912 ὅτι
979 858 1073 911 καὶ
1112 857 1243 911 ἴδιόν
1280 856 1396 908 ἐστι
1425 853 1484 906 τὸ
1513 850 1738 920 Πνεῦμα

78 950 189 1003 τοῦ
239 950 435 1014 Υἱοῦ,
469 952 564 1005 καὶ
587 950 703 1004 οὔτι
738 968 837 1003 που
880 950 1039 1021 μόνον
1132 948 1302 1016 Λόγος
1330 946 1446 999 ἐστὶ
1479 941 1739 1015 πεφηνὼς

84 1045 160 1098 ἐκ
200 1045 486 1118 Πατρὸς,
529 1046 643 1100 ἀλλ’
672 1042 720 1099 εί
764 1046 857 1099 καὶ
892 1047 1065 1097 νοοῖτο
1102 1043 1224 1097 καθ’
1264 1039 1413 1113 ἡμᾶς
1450 1041 1738 1110 ἄνθρωπος

84 1137 411 1205 γεγονὼς,
440 1132 503 1191 ού
534 1136 643 1190 τῶν
671 1138 766 1209 τῆς
795 1136 1049 1207 θεότητος
1081 1137 1388 1205 ἰδιωμάτων
1421 1134 1495 1197 ὡς
1528 1135 1584 1187 ἐν
1633 1132 1739 1202 ἰδίᾳ

87 1230 285 1299 φύσει
330 1230 689 1301 λειπόμενος.
726 1214 835 1283 Καὶ
878 1230 1004 1299 γοῦν
1035 1229 1196 1291 αὐτὸς
1239 1227 1559 1298 ὑπάρχωνή
1600 1225 1738 1277 πάν-

89 1338 216 1373 των
267 1322 434 1392 ζωὴ,
463 1322 554 1375 διά
600 1320 699 1391 τῆν
748 1321 813 1375 ὲκ
850 1320 944 1374 τοῦ
994 1320 1197 1383 ζῶντος
1241 1318 1456 1389 Πατρὸς
1501 1317 1742 1386 ἄρρητον

93 1413 429 1484 γέννησιν,
460 1413 843 1479 ζωοποιεῖσθαι
874 1414 1093 1482 λέγεται
1129 1396 1251 1483 μεθ⁴
1294 1408 1471 1482 ἡμῶν.
1510 1408 1667 1478 Πάρα
1694 1406 1738 1459 δ’

98 1502 205 1559 οὖν
234 1508 418 1576 ὅμως
468 1507 597 1559 ἰδεῖν
624 1502 984 1576 χαριζόμενον
1021 1504 1119 1574 μὲν
1166 1505 1233 1573 τῇ
1282 1502 1387 1572 [δίᾳ
1432 1499 1597 1570 σαρκὶ⁵
1644 1497 1743 1567 τῆς

102 1599 498 1671 θεοπρεποῦς
527 1598 810 1669 ἐνεργείας
849 1596 948 1668 τὴν
986 1596 1164 1661 δόξαν,
1194 1592 1567 1663 οἰκειούμενον
1607 1590 1651 1644 δ’
1674 1582 1741 1643 αὖ

103 1694 220 1763 τὴν
259 1693 460 1765 σάρκα
492 1700 541 1754 3',
575 1692 669 1743 καὶ
700 1689 861 1743 οἱονεί
895 1706 1013 1753 πως
1054 1687 1179 1741 καθ’
1225 1686 1419 1740 ἕνωσιν
1466 1686 1743 1754 οἰκονομι-

108 1783 254 1854 κήν,
298 1782 409 1836 καὶ
438 1784 508 1853 τῇ
545 1781 651 1853 ίδίᾳ
684 1778 1030 1852 περιτιθέντα
1060 1777 1243 1848 φύσει.

196 2033 357 2087 AH’.
402 2033 478 2085 Ἤ
505 2030 626 2102 οὐχὶ
654 2031 717 2103 δὴ
759 2031 993 2101 μάλιστα
1027 2030 1263 2102 πρέπειν
1291 2029 1409 2101 ἐρεῖ
1440 2044 1525 2092 τις
1562 2025 1642 2099 τῷ
1676 2042 1743 2097 γε

116 2125 243 2179 ὄντι
281 2126 441 2178 κατᾶ
488 2124 651 2194 φύσιν
681 2125 745 2177 ἐκ
790 2123 925 2177 Θεοῦ
957 2124 1168 2197 Πατρὸς
1206 2124 1386 2194 Λόγῳ,
1422 2120 1502 2192 τῷ
1540 2119 1747 2174 ἄνωθεν

119 2218 299 2288 ἣκειν
334 2218 434 2269 καὶ
463 2216 522 2280 ἐξ
547 2215 814 2286 ούρανοῦζ,
839 2215 901 2268 τὸ
943 2215 1229 2283 ζωογονεῖν
1268 2211 1530 2266 δύνασθαι
1560 2210 1630 2264 τὰ
1668 2204 1750 2274 οἷς

127 2312 198 2362 ἂν
232 2310 457 2361 ἐνιέναι
489 2307 733 2378 βούλοιτο
756 2308 856 2378 τὴν
881 2308 1058 2379 ζωήνς
1092 2307 1157 2359 Τί
1186 2306 1241 2359 δὲ
1275 2304 1334 2358 τὸ
1366 2304 1747 2375 δημιουργεῖν,

127 2401 262 2454 είπέ
305 2418 442 2473 μοις
478 2401 675 2464 θεῖκῶς
708 2401 825 2473 δοίη
860 2418 943 2464 τις
965 2401 1033 2455 ἂν
1069 2396 1231 2464 εἶναι,
1268 2400 1300 2470 ἢ
1329 2398 1438 2451 τῶν
1470 2396 1747 2469 ἀνθρωπί-

130 2512 285 2561 vum;
317 2493 608 2565 Οὐδαμῶς.
641 2494 761 2557 Πῶς
791 2494 1004 2558 τοίνυν;
1048 2494 1224 2564 Ἠμᾶς
1256 2492 1509 2556 ζωοποιεῖ
1547 2490 1645 2561 μὲν
1675 2489 1751 2554 ὡς

130 2586 278 2649 Θεὸς
302 2603 319 2616 ο
357 2587 505 2659 πλὴν
546 2587 607 2639 οὺ
647 2585 793 2657 μόνῳ
826 2585 903 2657 τῷ
940 2586 1267 2657 μεταλαχεῖν
1303 2584 1457 2654 ἁγίου
1496 2583 1752 2653 Πνεῦμα·

136 2695 268 2745 τος,
322 2679 446 2732 ἀλλ’
490 2677 714 2748 ὲδεστὴν
747 2679 1019 2749 παραθεὶς
1067 2679 1161 2732 καὶ
1200 2678 1299 2750 τὴν
1346 2678 1752 2750 ἀναληφθεῖσαν

140 2772 337 2824 aiax:
358 2770 457 2823 τοῦ
474 2769 603 2822 Υἱοῦ
628 2769 722 2822 τοῦ
746 2768 1055 2842 ἀνθρώπου.
1084 2770 1228 2841 Ἔφη
1259 2769 1484 2842 γὰρ,ὃτι
1515 2791 1531 2822 r
1558 2772 1749 2842 Ἀμὴν,

143 2860 303 2931 ἀμὴν
354 2860 505 2929 λέγω
543 2860 696 2930 ὑμῖν,
750 2860 847 2914 ἐὰν
901 2861 976 2931 μὴ
1018 2859 1229 2930 φάγητε
1274 2860 1373 2931 τὴν
1422 2860 1601 2931 σάρκα
1657 2859 1750 2913 τοῦ

148 2954 287 3005 Υἰοῦ
319 2952 419 3005 τοῦ
466 2951 779 3023 ἀνθρώπου,
823 2953 919 3005 καὶ
953 2952 1115 3023 πίητε
1150 2951 1210 3005 τό
1243 2949 1415 3023 αἷμα,
1460 2953 1559 3005 οῦκ
1600 2952 1752 3023 ἔχετε

149 3044 303 3117 ζωὴν
335 3048 396 3097 ὲν
428 3046 659 3108 ἑαυτοῖς.
692 3064 709 3095 ι
746 3044 1319 3117 Κατακερτομούντων
1346 3045 1403 3098 δὲ
1444 3046 1605 3098 αὑτὸν
1644 3046 1753 3099 τῶν

161 3135 447 3190 Ἰουδαίων
492 3136 657 3198 ποτὲ,
704 3137 797 3189 καὶ
844 3137 943 3207 τὴν
990 3137 1083 3188 ἐπὶ
1126 3138 1241 3199 τοῖς
1275 3136 1527 3207 ἀμείνοσι
1574 3136 1754 3208 ψῆφον
1782 3174 1824 3232 C

154 3231 457 3295 ἀνάπτειν,
499 3230 598 3283 οὐκ
636 3225 733 3282 οἷδ’
763 3230 943 3294 ὅπως,
987 3229 1487 3300 ἐπικεχειρηκότων
1534 3230 1612 3301 τῷ
1650 3248 1755 3301 μα-

155 3323 338 3394 καρίῳ
367 3324 580 3387 Μωσεῖ,
609 3321 907 3393 εἰρηκότων
929 3321 986 3374 δὲ
1012 3322 1316 3391 ἀναφανδόν
1337 3333 1350 3352 ⁴
1380 3342 1397 3373 ι
1431 3325 1494 3376 Ol
1521 3325 1757 3395 πατέρες

160 3418 320 3488 ἡμῶν
364 3418 570 3486 ἔφαγον
608 3416 671 3470 τὸ
712 3416 887 3487 μάννα
933 3417 989 3468 ἐν
1035 3419 1101 3488 τῇ
1147 3416 1368 3487 ἐρήμῳ,
1416 3416 1598 3480 καθώς
1640 3418 1760 3471 ἐστι

160 3510 577 3580 γεγραμμένον·
602 3510 818 3578 Ἄρτον
830 3508 898 3561 ἐκ
916 3508 1021 3563 τοῦ
1036 3508 1299 3577 οὐρανσῦ
1315 3508 1539 3563 ἔδωκεν
1552 3509 1758 3575 αὐτοῖς

165 3601 386 3673 φαγεῖν
407 3619 421 3632 ο
452 3602 507 3654 τί
538 3604 707 3665 ποιεῖς
737 3602 801 3655 σὺ
825 3604 1071 3673 σημεῖον,
1100 3601 1188 3656 ἵνα
1210 3601 1553 3673 πιστεύωμεν
1587 3618 1703 3666 σοι;
1734 3620 1751 3652 ι

165 3696 217 3749 τί
257 3696 503 3767 ἐργάζῃ,
546 3695 621 3759 ὡς
661 3692 866 3748 ἄνωθεν
905 3695 1036 3764 ἡμῖν
1084 3694 1177 3747 καὶ
1219 3694 1278 3759 ἐξ
1314 3693 1546 3765 οὐρανοῦ
1587 3711 1758 3748 κατα-

167 3790 405 3857 κομίσας
433 3788 493 3840 τὸ
524 3788 718 3856 orbita;
751 3786 913 3858 φησίν
933 3804 946 3816 ο
982 3806 999 3839 ι
1042 3786 1232 3858 Ἀμὴν,
1264 3788 1411 3859 ἀμὴν
1438 3786 1579 3857 λέγω
1606 3788 1756 3858 ύμῖν,

169 3883 229 3934 οῦ
260 3881 508 3947 Μωῦσῆς
545 3880 779 3933 δέδωκεν
812 3880 942 3950 ύμῖν
971 3881 1061 3933 τὸν
1092 3882 1255 3951 ἄρτον
1285 3881 1350 3933 ἐκ
1376 3879 1470 3932 τοῦ
1500 3879 1758 3951 οὐρανοῦ,

170 3975 281 4030 ἀλλ’
312 3977 341 4029 6
376 3974 567 4045 Πατήρ
600 3990 702 4044 μου
736 3972 948 4026 δίδωσιν
980 3973 1109 4043 ὑμῖν
1132 3974 1224 4027 τὸν
1254 3974 1420 4044 ἄρτον
1454 3974 1519 4025 ὲκ
1546 3972 1641 4026 τοῦ
1672 3975 1762 4027 ού-

176 4068 339 4142 ρανοῦ
386 4069 478 4122 τὸν
510 4066 782 4136 ἀληθινόν.
816 4066 875 4119 Ὀ
906 4067 1014 4137 γὰρ
1050 4066 1213 4137 ἄρτος
1242 4065 1335 4120 τοῦ
1371 4065 1509 4120 Θεοῦ
1557 4068 1704 4120 ἐστιν
1735 4069 1763 4121 6

174 4159 526 4215 καταϐαίνων
565 4160 630 4211 ὲκ
678 4158 769 4211 τοῦ
822 4157 1078 4228 οὐρανοῦ,
1122 4159 1216 4211 καὶ
1268 4156 1413 4229 ζωὴν
1460 4158 1637 4222 διδοὺς
1684 4158 1763 4230 τῷ

176 4255 387 4326 κόσμῳ.
416 4272 435 4306 ι
473 4252 584 4305 Καὶ
623 4253 759 4324 πρός
794 4269 856 4320 γε
902 4252 1110 4314 τούτοις
1142 4251 1305 4305 πάλιν
1350 4252 1634 4323 μονονουχὶ
1670 4252 1764 4306 καὶ

177 4347 425 4418 δακτύλῳ
454 4356 476 4383 τ
508 4345 864 4409 καταδεικνυς
904 4344 1096 4397 ἑαυτὸν
1125 4343 1439 4414 ὲνσὼματον
1466 4357 1490 4384 ε
1508 4361 1522 4374 ο
1560 4362 1577 4395 r
1622 4344 1765 4412 Ἐγώ

180 4442 288 4512 είμι
316 4442 345 4492 6
373 4438 535 4509 ἄρτος
559 4438 587 4489 6
622 4436 750 4500 ζῶν.
782 4437 808 4487 ὁ
839 4438 903 4489 ἐκ
947 4436 1040 4489 τοῦ
1070 4434 1301 4507 ούρανοῦ
1332 4436 1595 4499 καταϐάς.
1638 4437 1763 4490 Ἐάν

1840 564 2078 636 Spiritus
2119 564 2211 621 Dei
2255 565 2463 621 habitat
2508 565 2562 619 in
2603 564 2777 634 vobis,
2816 564 2874 621 Si
2912 565 3035 637 quis
3080 576 3258 622 autem
3302 567 3425 639 Spio

1839 658 2004 712 ritum
2045 656 2248 712 Christi
2289 672 2395 711 non
2425 656 2604 721 habet,
2647 655 2737 711 hic
2776 671 2883 712 non
2923 668 3008 713 est
3047 656 3183 725 ejus.
3226 659 3283 713 Si
3330 676 3425 715 au-

1840 757 1949 803 tem
1977 747 2227 803 Christus
2257 747 2310 802 in
2345 747 2500 802 vobis
2533 755 2638 812 est,
2666 761 2867 817 corpus
2902 748 3117 817 quidem
3150 757 3423 804 mortuum

1840 850 1925 895 est
1961 849 2181 910 propter
2219 850 2522 909 peccatum,
2562 838 2787 908 spiritus
2823 849 3005 894 autem
3040 841 3173 894 vivit
3201 852 3427 911 propter

1836 931 2283 1002 justiﬁeationem
2314 931 2379 985 ³³.
2430 949 2449 983 ι
2494 930 2651 984 Patet
2689 945 2818 1002 ergo
2847 930 3115 1000 Spiritum
3145 931 3265 987 Filii
3294 948 3429 1001 quo-

1842 1038 1949 1096 que
2000 1023 2275 1094 proprium
2316 1036 2472 1088 esse,
2511 1037 2611 1077 nec
2648 1022 2823 1077 solum
2864 1032 3136 1093 quatenus
3190 1022 3427 1079 Verbum

1842 1128 1927 1175 est
1958 1134 2023 1175 ex
2052 1117 2211 1172 Patre
2245 1118 2521 1187 prodiens,
2548 1117 2641 1172 sed
2672 1117 2833 1172 etiam
2862 1117 2908 1170 si
2940 1118 3207 1186 cogitetur
3234 1133 3432 1173 secun-

1843 1212 1969 1267 dum
2029 1224 2127 1265 nos
2167 1210 2327 1265 homo
2382 1210 2580 1274 Iactus,
2627 1208 2921 1263 divinitatis
2981 1208 3428 1278 prOprictatibus,

1843 1318 1965 1377 qna:
2004 1320 2054 1359 In
2098 1304 2370 1374 propriam
2426 1304 2571 1358 illius
2614 1313 2862 1356 naturam
2916 1303 3265 1371 conveniunt,
3322 1318 3431 1359 non

1844 1397 2157 1453 destitutus.
2198 1394 2331 1449 Nam
2374 1395 2501 1449 licet
2537 1404 2594 1448 ut
2631 1396 2793 1448 homo
2833 1392 3062 1461 proinde
3100 1408 3165 1448 ac
3204 1409 3303 1449 nos
3350 1395 3434 1448 vi-

1845 1487 2053 1542 viIicari
2092 1488 2362 1541 interdum
2394 1486 2645 1549 dicatur;
2686 1494 2924 1538 attamen
2960 1494 3181 1554 propter
3202 1485 3434 1555 inexpli-

1845 1579 2073 1636 cabilem
2108 1579 2250 1633 illam
2291 1593 2357 1633 ex
2399 1578 2615 1632 vivente
2651 1575 2811 1631 Patre
2848 1576 3275 1647 generationem,
3317 1592 3435 1631 om-

1848 1673 1997 1727 nium
2035 1671 2141 1726 vita
2181 1670 2420 1725 exsistit.
2485 1666 2679 1722 Videre
2721 1677 2804 1721 est
2850 1674 3028 1720 autem
3066 1666 3154 1720 ubi
3198 1665 3433 1722 Verbum

1849 1764 2044 1819 divinae
2090 1761 2327 1816 actionis
2373 1758 2603 1830 gloriam
2654 1757 2887 1826 propriae
2921 1755 3072 1810 carni
3114 1754 3376 1826 largiatur
3416 1774 3433 1812 :

1850 1864 2037 1910 contra
2064 1868 2280 1908 rursum
2316 1852 2406 1906 ubi
2433 1866 2554 1920 quae
2581 1848 2762 1903 carnis
2788 1856 2938 1914 sunt,
2957 1847 3009 1899 in
3038 1860 3096 1901 se
3120 1846 3434 1912 transferat,

1849 1959 1913 1999 ac
1964 1953 2182 2015 propter
2231 1939 2653 2011 dispensationis
2713 1938 2965 1993 unionem
3018 1939 3249 2007 propria:
3297 1954 3436 2009 quo-

1850 2034 2140 2090 dammodo
2180 2041 2387 2087 natura:
2418 2031 2642 2086 tribuat.

1922 2120 2207 2182 XXXVIII.
2270 2124 2467 2179 Annon
2519 2124 2571 2177 in
2628 2120 2887 2189 Verbum,
2952 2123 3093 2193 quod
3137 2121 3441 2179 secundum

1853 2229 2102 2273 naturam
2150 2231 2181 2271 a
2248 2216 2359 2271 Deo
2390 2212 2556 2270 Patre
2608 2214 2878 2285 procedit,
2906 2216 3142 2269 maxime
3183 2216 3441 2271 convenit

1853 2325 2087 2381 superne
2117 2325 2179 2365 ac
2210 2309 2276 2364 de
2311 2307 2449 2366 caelo
2479 2306 2690 2373 venire,
2724 2306 2832 2377 35
2864 2322 3037 2377 eaque
3093 2308 3293 2378 quibus
3353 2310 3438 2363 vi-

1855 2413 1965 2457 tam
1993 2400 2259 2473 impartiri
2289 2401 2547 2467 voluerit,
2586 2415 2746 2470 posse
2775 2401 3089 2456 viviﬁcare?
3117 2403 3233 2469 Dic,
3257 2416 3441 2472 quaeso

1856 2510 1931 2569 te,
1960 2500 2201 2569 nunquid
2263 2499 2449 2554 divino
2516 2498 2675 2553 modo
2712 2498 2947 2553 condere
3010 2514 3072 2553 ac
3132 2514 3440 2570 procreare,

1855 2592 2104 2647 humana:
2136 2602 2343 2646 natura:
2375 2589 2715 2661 largiendum
2746 2590 2870 2645 est?
2903 2588 3127 2645 Minime
3172 2592 3440 2662 gentium.

1855 2681 2040 2753 Eequo
2073 2697 2203 2752 ergo
2252 2681 2411 2737 modo
2462 2696 2559 2735 nos
2604 2680 2874 2736 vivificat?
2911 2692 2967 2735 ιιι
3012 2680 3197 2736 Deus:
3228 2696 3445 2737 verum-

1858 2786 2036 2831 tairen
2099 2792 2203 2829 non
2257 2792 2351 2844 per
2386 2777 2485 2829 hoc
2518 2775 2689 2828 solum
2728 2776 2778 2829 id
2837 2774 2986 2839 facit,
3017 2776 3161 2845 quod
3193 2787 3440 2831 sanctum

1857 2868 2013 2923 nobis
2058 2870 2319 2937 Spiritum
2382 2868 2714 2937 impartitur,
2748 2868 2840 2921 sed
2893 2882 2988 2937 per
3038 2868 3140 2923 hoc
3196 2882 3440 2938 quoque,

1855 2960 1997 3030 quod
2051 2957 2169 3013 Filii
2238 2960 2474 3013 hominis
2506 2974 2751 3025 carnem,
2781 2973 2943 3027 quam
2976 2962 3304 3030 assumpsit,
3352 2976 3445 3014 ve-

1860 3051 2119 3106 scendum
2170 3049 2443 3119 proponit.
2478 3049 2567 3102 Ait
2598 3050 2742 3103 enim
2774 3065 2787 3102 :
2828 3068 2845 3101 ι
2886 3049 3085 3113 Amen,
3112 3064 3270 3105 amen
3322 3052 3445 3105 dico

1859 3144 2034 3207 vobis,
2067 3143 2165 3197 nisi
2221 3143 2681 3197 inantlncaveritis
2737 3157 2956 3197 carnem
3009 3141 3131 3196 Filii
3185 3143 3442 3208 hominis,

1858 3244 1912 3290 et
1942 3236 2187 3289 biberitis
2229 3234 2347 3300 ejus
2390 3234 2732 3303 sanguinem,
2783 3249 2888 3289 non
2942 3234 3214 3290 habebitis
3278 3236 3443 3290 vitam

1858 3327 1910 3380 in
1938 3325 2090 3381 vobis
2110 3326 2176 3377 “.
2215 3344 2232 3377 ι
2274 3327 2508 3379 lini-sum
2541 3341 2666 3379 cum
2702 3324 2875 3380 Judaai
2922 3326 3096 3396 ipsum
3144 3327 3446 3397 aliquando

1856 3419 2192 3481 deriderent,
2253 3420 2626 3488 conviciisque
2700 3428 3038 3489 appeterent,
3091 3435 3156 3475 ac
3230 3421 3447 3475 beatum

1857 3512 2077 3582 Moysen
2120 3512 2194 3565 illi
2227 3511 2411 3565 nescio
2450 3525 2559 3580 quo
2605 3512 2765 3565 modo
2809 3520 3225 3581 anteponentes,
3260 3523 3448 3582 aperte

1859 3605 2138 3659 dicerent;
2179 3621 2197 3654 ι
2242 3601 2430 3657 Patres
2486 3603 2655 3656 nostri
2709 3606 3180 3658 manducaveruut
3248 3621 3447 3658 manna

1858 3692 1913 3748 in
1944 3695 2180 3756 deserto,
2224 3693 2362 3746 sicut
2405 3692 2667 3762 scriptum
2704 3703 2828 3748 est:
2866 3693 3065 3747 Panem
3094 3695 3157 3749 de
3197 3694 3323 3749 calo
3350 3696 3446 3749 de-

1859 3786 1935 3840 dit
1968 3788 2041 3840 eis
2080 3787 2445 3849 manducare;
2481 3785 2622 3854 quod
2664 3801 2793 3855 ergo
2834 3795 2887 3839 tu
2930 3786 3142 3854 signum
3190 3786 3344 3852 facis,
3390 3798 3449 3841 ut

1861 3880 2149 3935 credamus
2174 3878 2267 3932 tibi
2295 3878 2385 3932 “?
2415 3878 2553 3945 Quid
2588 3879 2856 3948 Operaris,
2890 3887 2949 3932 ιιι
2974 3894 3172 3947 corpus
3212 3894 3448 3948 superne

1861 3972 1931 4028 de
1960 3972 2104 4027 cmlo
2151 3972 2306 4026 nobis
2361 3970 2610 4026 attulisse
2665 3969 3446 4042 credaris?llesponditille:

1869 4084 1887 4118 ι
1917 4064 2116 4130 Amen,
2157 4077 2317 4116 amen
2345 4062 2468 4117 dico
2508 4063 2685 4125 vobis,
2726 4077 2830 4115 non
2876 4060 3087 4133 Moyses
3126 4062 3272 4116 dedit
3300 4061 3452 4117 vobis

1863 4173 2059 4230 panem
2090 4156 2158 4211 de
2203 4156 2362 4223 (uelo,
2399 4154 2489 4209 sed
2539 4153 2704 4208 Pater
2754 4168 2909 4210 meus
2950 4154 3042 4209 dat
3076 4155 3229 4210 vobis
3255 4170 3447 4224 panem

1865 4255 1933 4305 de
1966 4249 2104 4305 ccelo
2157 4263 2344 4302 verum
2374 4265 2388 4302 :
2425 4246 2582 4317 panis
2636 4246 2782 4301 enim
2832 4244 2928 4301 Dei
2951 4254 3055 4313 est,
3089 4247 3183 4317 qui
3213 4248 3279 4303 de
3311 4248 3453 4302 coelo

1866 4344 2164 4408 descendit,
2193 4351 2247 4398 et
2297 4342 2387 4397 dat
2430 4342 2599 4395 vitam
2635 4339 2836 4396 mundo
2867 4339 2936 4395 ³⁸.
2976 4358 2995 4392 ι
3038 4340 3283 4410 Denique
3332 4351 3453 4395 tan-

1869 4444 1982 4490 tum
2036 4450 2143 4489 non
2196 4433 2367 4504 digito
2426 4434 2668 4502 seipsum
2715 4433 2767 4487 in
2815 4448 3045 4503 corpore
3098 4435 3452 4489 constitutum

177 4551 258 4597 τις
285 4531 435 4603 φάγῃ
465 4533 529 4584 ὲκ
559 4530 651 4583 τοῦ
692 4529 855 4601 ἄρτου
892 4528 1105 4593 τούτου,
1132 4527 1287 4600 ζήσει
1319 4529 1397 4592 είς
1436 4529 1528 4582 τὸν
1552 4528 1754 4584 αίῶνα⁴

1870 4529 2271 4589 demonstrans,
2308 4525 2380 4579 ita
2420 4525 2542 4579 ait:
2582 4543 2601 4577 ι
2639 4524 2750 4593 Ego
2793 4538 2915 4579 sum
2959 4524 3117 4594 panis
3158 4527 3335 4590 vivus,
3360 4526 3453 4593 qui

180 4627 272 4681 καὶ
309 4627 338 4678 6
372 4625 536 4695 ἄρτος
569 4622 626 4677 δὲ
656 4623 714 4675 ὃν
751 4620 860 4691 ἐγὼ
888 4621 1064 4687 δώσω,
1103 4624 1135 4692 ἡ
1183 4621 1318 4691 σάρξ
1352 4639 1453 4693 μου
1485 4623 1657 4690 ἐστὶν,
1695 4623 1763 4696 ἣν

181 4717 289 4787 ἐγὼ
325 4715 483 4770 δώσω
522 4715 662 4782 ὑπὲρ
710 4715 807 4785 τῆς
851 4714 944 4767 τοῦ
988 4714 1191 4785 κόσμου
1234 4712 1401 4783 ζωῆς.
1435 4714 1495 4767 Ὀ
1533 4714 1764 4787 τρώγων

186 4826 281 4881 μου
311 4808 411 4879 τὴν
444 4806 643 4877 σάρκα,
676 4807 766 4859 καὶ
796 4805 964 4858 πίνων
999 4822 1101 4875 μου
1133 4804 1195 4857 τὸ
1230 4798 1389 4875 αἷμα,
1424 4807 1481 4858 ἐν
1510 4806 1635 4876 ἐμοὶ
1669 4805 1765 4876 μέ-

185 4918 277 4965 νει,
310 4898 466 4968 κάγὼ
494 4899 552 4950 ἐν
586 4896 754 4967 αύτῷ.
802 4896 997 4959 Καθὼς
1032 4896 1316 4950 ἀπέστειλέ
1353 4914 1419 4968 με
1447 4896 1475 4947 6
1510 4896 1618 4962 (ζῶν
1655 4898 1766 4950 Πα-

187 4994 302 5065 τὴρ,
346 4991 505 5060 κάγὼ
546 4991 623 5055 ζῶ
664 4991 752 5044 διὰ
794 4990 885 5042 τὸν
920 4990 1169 5059 Πατέρα’
1202 4989 1296 5043 καὶ
1332 4990 1361 5043 6
1388 4989 1615 5060 τρώγων
1664 5006 1763 5060 με,

188 5085 434 5145 κάκεῖνος
460 5079 618 5152 ζήσει
651 5079 719 5132 δι’
742 5080 864 5149 sps.
898 5099 914 5131 ι
952 5078 1143 5132 Καίτοι
1178 5079 1295 5142 πῶς
1334 5080 1432 5131 οῦκ
1472 5078 1668 5148 ἀληθὲς
1700 5080 1774 5132 εἰ-

190 5178 327 5237 πεῖν,
353 5172 429 5237 ὼς
458 5172 901 5242 καταπεφοίτηκε
936 5172 1033 5243 μὲν
1063 5173 1163 5225 οῦκ
1194 5171 1254 5236 ἐξ
1277 5172 1575 5243 ούρανῶνή
1611 5172 1769 5243 σὰρξ,

188 5266 296 5319 ἀλλ’
334 5261 403 5335 ἦν
447 5265 513 5317 ὲκ
545 5263 848 5335 Παρθένου,
880 5263 1021 5317 κατὰ
1051 5263 1151 5326 τὰς
1190 5262 1450 5335 Γραφάς;
1490 5262 1615 5317 ’Ότι
1656 5262 1772 5317 ἔστι

258 5444 302 5476 ⁸³
329 5443 487 5498 Joan.
524 5460 607 5513 ιιι,
656 5442 714 5500 '5.
794 5444 1021 5501 "Rom.
1057 5461 1177 5512 vm,
1226 5445 1280 5512 9,
1318 5445 1408 5499 10.

193 5513 276 5577 52,
303 5516 396 5582 57,
421 5516 512 5571 58.

1505 5446 1551 5477 "
1588 5445 1749 5502 Joan.
1800 5462 1875 5511 Vl,
1910 5445 2002 5500 54.

1871 4622 1937 4675 de
1995 4618 2135 4673 ecelo
2182 4616 2541 4673 descendi.Si
2585 4618 2709 4688 quis
2755 4617 3173 4673 manducaverit
3222 4632 3288 4672 ex
3348 4617 3453 4671 hoc

1850 4726 2030 4782 .pane,
2063 4712 2206 4765 vivet
2239 4710 2289 4764 in
2319 4720 2582 4764 attentum
2619 4706 2642 4762 ξ
2666 4716 2720 4763 et
2748 4709 2903 4779 panis
2934 4724 3096 4778 quem
3139 4721 3241 4776 ego
3289 4706 3451 4772 dabo,

1874 4819 2002 4859 caro
2022 4819 2136 4858 mea
2168 4814 2252 4858 est
2284 4817 2381 4872 pro
2421 4801 2604 4857 mundi
2633 4802 2763 4855 vita.
2800 4800 2901 4867 Qui
2935 4800 3225 4855 manducat
3278 4813 3453 4853 meam

1874 4904 2192 4960 carnem,et
2230 4894 2363 4948 bibit
2407 4908 2585 4948 meum
2618 4893 2960 4961 sanguinem,
3003 4891 3054 4943 in
3107 4904 3192 4944 me
3251 4901 3456 4951 manet,

1874 4996 1927 5043 et
1956 5002 2056 5057 ego
2084 4988 2136 5041 in
2184 4986 2297 5042 illo.
2344 4984 2497 5039 Sicut
2531 4999 2616 5039 me
2649 4984 2797 5038 misit
2828 4983 3013 5036 vivens
3053 4980 3239 5045 Pater,
3271 4989 3326 5036 et
3356 4994 3459 5050 ego

1873 5080 1995 5131 vivo
2026 5088 2248 5148 propter
2285 5075 2506 5131 Patrem
2534 5093 2548 5129 :
2583 5084 2637 5131 et
2668 5076 2762 5145 qui
2791 5074 3086 5129 manducat
3118 5089 3225 5138 me,
3257 5083 3313 5129 et
3341 5074 3457 5143 ipse

1874 5172 2021 5225 vivet
2061 5180 2282 5240 propter
2325 5184 2410 5224 me
2439 5168 2505 5223 ³⁷.
2558 5185 2577 5218 ι
2622 5166 2785 5236 Atqui
2842 5166 2973 5222 nulli
3037 5167 3329 5222 obscurum
3379 5175 3463 5221 est

1874 5278 2093 5319 carnem
2119 5262 2246 5317 Filii
2273 5262 2509 5318 hominis
2538 5277 2643 5316 non
2694 5261 3039 5316 descendisse
3065 5259 3133 5315 de
3175 5258 3350 5323 cretis,
3366 5260 3463 5314 sed

2080 5445 2517 5515 "ibid.50,3|.
2596 5444 3038 5515 "massas.
3118 5447 3160 5480 ιτ
3202 5443 3465 5511 ibid.61,

1294 5656 1472 5713 Variae
1505 5657 1767 5713 lectiones
1800 5658 2016 5713 codices
2054 5656 2424 5726 Segnieriaui.

265 5796 293 5839 !
315 5789 382 5844 τὰ
411 5788 628 5864 σαρκός.

711 5800 732 5827 ι
768 5788 1050 5854 δακτύλοις
1085 5790 1509 5863 κατασημαίνων
1548 5791 1707 5844 αύτὶν
1740 5789 2070 5861 Ξνςὼματον.

2150 5799 2170 5823 ⁸
2207 5794 2259 5845 ὲν
2292 5790 2525 5863 σώματι.
