4146 6476
627 327 760 384 1191

1619 316 1679 372 S.
1717 311 1997 370 CYRILLI
2035 308 2513 367 ALEXANDRINI
2553 306 2881 366 ARCIIIEP.

3756 304 3891 364 “92

625 457 656 496 e
684 450 844 494 sacra
863 432 1073 507 virgine
1101 428 1399 488 secundum
1432 428 1747 501 Scripturas
1768 439 2035 500 sumptam
2059 442 2201 493 esse,

2337 425 2361 478 ὲ
2394 425 2496 478 οὐκ
2525 424 2741 487 ὲδεστὸς
2772 423 2801 475 ὁ
2841 419 3037 490 Λόγος,
3070 417 3187 474 ἀλλ’
3215 417 3295 484 εἰς
3332 418 3389 473 ἓν
3421 419 3589 492 ἄμφω
3620 419 3892 488 συλλέγων

625 545 777 600 :eque
804 536 1012 583 certum
1044 532 1167 579 est:
1204 521 1437 579 Verbum
1465 521 1765 577 secundum
1802 536 1861 577 se
1888 521 2204 577 manducari

627 640 731 678 non
760 633 918 692 posse
937 626 1214 689 gattamen
1243 614 1544 672 secundum
1568 614 2026 684 dispensatoriam
2056 613 2207 670 illam

628 714 906 777 unionem,
926 709 1113 765 multis
1139 707 1342 780 passim
1368 705 1504 762 locis
1527 704 1713 761 videre
1734 704 1883 770 licet,
1907 713 1968 760 ut
2004 704 2209 759 utrius-

628 819 735 874 que
756 811 964 858 natura:
996 800 1362 872 proprietates
1406 796 1750 852 familiariter
1796 796 1899 852 sibi
1954 795 2214 851 vindicet

632 902 981 969 nsurpetque.
1010 893 1190 960 Quare
1225 890 1521 946 Nicodemo
1569 889 1889 959 mysterium
1954 888 2057 943 hoc
2102 903 2211 943 non

632 985 972 1057 intelligenti,
1004 984 1100 1039 sed
1126 981 1372 1052 imperite
1404 998 1418 1035 :
1457 998 1477 1031 ι
1519 978 1801 1046 Quomodo
1836 988 2070 1049 possunt
2097 978 2212 1033 haec

635 1077 788 1133 ﬁeri?
810 1096 829 1129 ι
860 1075 1180 1139 sciscitanti,
1200 1074 1271 1128 ita
1296 1070 1571 1128 occurrit:
1598 1089 1617 1123 ι
1644 1070 1701 1126 Si
1730 1081 1947 1125 terrena
1978 1069 2091 1123 dixi
2119 1081 2213 1123 vo-

636 1171 743 1237 his,
761 1179 814 1225 et
830 1184 933 1224 non
953 1168 1191 1230 creditis,
1209 1164 1477 1235 quomodo
1504 1162 1547 1218 si
1575 1162 1816 1218 ctelestia
1834 1162 1985 1217 vobis
2006 1161 2216 1226 dixero,

637 1258 1025 1316 credetis?Et
1068 1272 1228 1312 nemo
1291 1253 1537 1310 ascendit
1595 1254 1648 1307 in
1706 1251 1923 1315 caelum,
1958 1250 2061 1304 nisi
2125 1249 2215 1319 qui

637 1349 917 1407 descendit
948 1347 1016 1402 de
1048 1346 1207 1413 caelo,
1244 1345 1416 1400 Filius
1456 1343 1566 1415 36
1605 1340 1844 1396 hominis
1868 1338 1932 1393 ³⁵.
1961 1356 1979 1389 ι
2019 1336 2219 1392 Judaeis

638 1452 818 1497 autem
864 1438 1051 1495 eodem
1080 1436 1239 1507 plane
1274 1432 1501 1491 inscitia:
1536 1432 1728 1487 morbo
1771 1444 1893 1484 cum
1930 1428 2221 1483 Nicodemo

638 1528 1027 1591 laborantibus,
1054 1526 1266 1597 ipsique
1312 1524 1455 1595 quod
1499 1537 1696 1591 corpus
1722 1535 1877 1575 suum
1920 1517 2218 1584 viviﬁcum,

638 1634 849 1676 necnon
870 1622 934 1675 de
952 1619 1091 1675 caelo
1122 1618 1387 1687 dilapsum
1409 1615 1729 1681 aﬂirmaret,
1748 1613 1931 1668 nescio
1954 1612 2223 1682 quomodo

641 1715 867 1768 illudere
919 1727 1025 1766 non
1064 1710 1458 1773 dubitantibus,
1486 1707 1566 1763 sic
1617 1707 1798 1762 aiebat
1840 1720 1856 1761 :
1903 1724 1922 1757 ι
1964 1704 2077 1760 lloc
2127 1718 2223 1759 vos

2308 513 2452 568 κατά
2474 510 2745 584 σύμϐασιν
2766 509 3115 581 οἰκονομικὴν
3136 509 3204 563 τά
3228 509 3335 563 τῶν
3359 509 3572 579 φύσεων
3599 507 3890 579 ίδιιὲιματα.

2308 603 2399 658 διὰ
2430 603 2639 674 μυρίων
2678 602 2816 656 ὅσων
2843 603 2976 673 ἡμῖν
3000 600 3192 672 ὁρᾶται
3221 599 3419 669 λόγων.
3451 600 3753 670 Νικοδήμῳ
3794 601 3891 671 μὲν

2310 695 2419 767 γὰρ
2440 697 2500 750 οὐ
2534 694 2772 749 συνιέντι
2794 694 2856 748 τὸ
2888 694 3210 766 μυστήριον,
3239 694 3644 766 ἀνακεκραγότι
3668 693 3727 747 δὲ
3756 694 3892 764 ἀμα-

2318 788 2615 853 ΘῶςοιΠῶς
2642 786 2865 841 δύναται
2893 786 3063 841 ταῦτα
3092 785 3347 856 γενέσθαι
3367 787 3521 849 ς-Εί
3549 785 3619 839 τά
3655 786 3892 855 ἐπίγεια,

2315 880 2497 951 φησὶν,
2531 875 2682 932 εἷπον
2718 880 2868 951 ὑμῖν,
2912 879 3004 933 καὶ
3032 879 3094 933 οὐ
3129 878 3449 932 πιστεύετε·
3482 879 3597 944 πῶς
3634 878 3731 932 ἐὰν
3764 880 3894 933 εἴπω

2314 973 2383 1027 τά
2417 971 2720 1045 ἐπουράνια
2756 972 2905 1042 ὑμῖν,
2939 972 3298 1044 πιστεύσητες
3332 971 3441 1026 Καὶ
3478 972 3653 1035 οὐδεὶς
3700 971 3896 1025 ἀναϐέ-

2317 1064 2486 1137 ϐηκεν
2516 1067 2594 1129 είς
2619 1063 2710 1117 τὸν
2739 1062 2988 1135 οὐρανὸν,
3016 1066 3067 1117 εί
3103 1064 3178 1136 μὴ
3206 1066 3235 1117 ό
3264 1064 3391 1128 Υίδς
3415 1062 3510 1118 τοῦ
3544 1064 3841 1133 ἀνθρώπου
3873 1067 3897 1116 ὁ

2320 1158 2384 1209 ὲκ
2423 1156 2516 1209 τοῦ
2551 1154 2779 1227 οὐρανοῦ
2824 1154 3090 1219 καταϐάς.
3117 1174 3134 1207 ι
3182 1154 3457 1220 Ἰουδαίοις
3492 1173 3551 1209 τε
3594 1156 3760 1209 πάλιν
3808 1155 3900 1227 τὴν

2320 1251 2443 1322 ῐσην
2474 1249 2665 1321 ἐκείνῳ
2697 1248 2943 1303 νοσοῦσιν
2965 1248 3344 1313 ἀπαιδευσίαν,
3377 1249 3471 1303 καὶ
3505 1249 3786 1321 διαγελᾷν,
3807 1252 3902 1304 οὒκ

2321 1338 2414 1397 οἷδ’
2437 1344 2604 1411 ὅπως,
2632 1342 2911 1413 ἑλομένοις
2933 1342 3113 1407 αὑτὸν,
3130 1341 3362 1413 ἐπείπερ
3387 1341 3493 1413 ἔφη
3522 1341 3789 1406 ζωοποιδν
3813 1340 3903 1394 καὶ⁵

2322 1435 2381 1503 ἐξ
2414 1435 2644 1507 οὐρανοῦ
2688 1436 2749 1488 τὸ
2783 1436 2912 1493 [διον
2950 1434 3136 1507 σῶμα’
3172 1453 3189 1485 ι
3226 1434 3399 1487 Τοῦτο
3437 1435 3582 1506 ὑμᾶς
3625 1432 3904 1488 σκανδαλί-

2325 1526 2438 1589 Cet;
2483 1526 2645 1598 φησίν
2673 1544 2685 1556 ·
2721 1526 2815 1581 ἐὰν
2840 1522 2931 1579 οὖν
2963 1526 3202 1597 Οεωρῆτε
3225 1526 3314 1578 τὸν
3341 1525 3469 1579 Υἱδν
3494 1524 3588 1579 τοῦ
3618 1524 3902 1596 ἀνθρώπου

2325 1619 2683 1674 ἀναϐαίνοντα
2728 1620 2864 1673 ὅπου
2897 1616 2964 1691 ἦν
3006 1618 3065 1671 τὸ
3111 1620 3410 1690 πρότερον;
3441 1638 3459 1669 ι
3503 1620 3574 1671 Ἢ
3605 1619 3731 1687 οὐχὶ
3761 1618 3905 1669 τετέ-

2327 1708 2451 1779 χοαι
2488 1709 2665 1779 φαμὲν
2708 1710 2772 1785 εκ
2815 1706 3073 1776 γυναικὸς
3119 1723 3209 1760 τον
3245 1706 3625 1777 Ἐμμανουήλς
3671 1702 3783 1759 Ποῦ
3817 1700 3905 1757 οὖν

641 1798 1010 1855 scandalizat?
1035 1798 1092 1854 Si
1121 1813 1249 1867 ergo
1271 1797 1519 1853 videritis
1541 1796 1737 1852 Filium
1771 1796 2004 1851 hominis
2038 1809 2223 1850 ascen-

2336 1802 2387 1855 τὸ
2416 1801 2681 1873 πρότερον
2706 1796 2797 1872 ἦν,
2827 1799 2860 1871 ἢ
2892 1800 3010 1862 πῶς
3039 1796 3378 1870 ἀναϐέϐηκεν
3410 1797 3537 1851 ἔνθα
3572 1798 3741 1869 φησὶν
3770 1789 3906 1849 εἶναι

642 1893 858 1946 (lentem
906 1889 994 1945 ubi
1043 1890 1193 1959 prius
1237 1888 1460 1944 erat"?
1497 1907 1516 1941 ι
1566 1888 1744 1955 Quid?
1778 1902 1957 1943 nonne
2006 1887 2224 1941 Emma-

642 1979 860 2038 nuelem
891 1995 958 2037 ex
983 1982 1212 2037 muliere
1260 1989 1446 2035 natum
1481 1979 1750 2035 dicimus?
1784 1977 1884 2035 Ubi
1917 1993 2047 2049 ergo
2074 1979 2224 2049 prius

642 2081 784 2139 erat,
819 2081 913 2126 aut
942 2086 1049 2141 qua
1089 2072 1302 2126 ratione
1328 2084 1394 2125 eo
1426 2071 1736 2125 ascendisse
1775 2083 1836 2125 se
1880 2068 2096 2134 asserit,
2130 2067 2221 2123 ubi

647 2173 775 2217 ante
795 2162 954 2217 erat?
981 2160 1167 2217 Nonne
1206 2176 1435 2233 corpore
1472 2161 1576 2216 sibi
1604 2160 1756 2216 unito
1781 2175 1845 2215 ex
1875 2168 2058 2215 sancta
2094 2157 2222 2215 Vir-

646 2256 772 2325 gine
818 2264 1007 2310 natum
1062 2254 1417 2325 profitemur?
1464 2253 1657 2309 Annon
1707 2267 1927 2309 carnem
1986 2266 2105 2324 quae
2157 2252 2225 2307 de

649 2358 795 2401 terra
818 2354 922 2413 est,
936 2346 1079 2417 quod
1113 2346 1331 2415 quidem
1352 2344 1419 2400 ad
1436 2345 1709 2416 propriam
1734 2353 1981 2399 naturam
2009 2345 2224 2412 attinet,

647 2436 974 2493 ineﬂieacem
1022 2438 1089 2493 ad
1120 2439 1223 2494 hoc
1268 2453 1389 2495 esse
1444 2440 1814 2509 agnoscimus,
1856 2449 1917 2494 ut
1951 2440 2229 2495 viviﬁcare

649 2531 861 2601 possit?
892 2530 1008 2599 Quo
1037 2532 1201 2602 igitur
1256 2531 1417 2587 modo
1447 2531 1561 2598 die,
1583 2546 1787 2603 quaeso,
1814 2539 1906 2584 aut
1937 2546 2065 2587 caro
2090 2533 2229 2586 vivi-

650 2621 751 2675 tica
789 2629 894 2688 est,
925 2631 1018 2674 aut
1063 2635 1262 2691 corpus
1306 2621 1448 2690 quod
1502 2631 1775 2674 terrenum
1806 2629 1945 2673 este
1982 2618 2121 2673 crelo
2148 2620 2231 2673 di-

651 2728 860 2786 lapsum
885 2712 1109 2783 intelligi
1147 2712 1369 2782 potest?
1396 2710 1593 2780 Utique
1621 2709 1922 2766 secundum
1956 2709 2231 2777 unionem,

2330 1893 2531 1955 αὐτὸν,
2574 1892 2751 1945 καίτοι
2807 1890 3093 1961 τεχθέντος
3144 1889 3231 1943 διὰ
3269 1890 3368 1960 τῆς
3420 1889 3584 1958 ἁγίας
3631 1889 3906 1961 Παρθένου

2330 1984 2424 2038 τοῦ
2450 1982 2740 2045 ἐνωθέντος
2764 1981 2911 2052 αὑτῷ
2941 1981 3212 2053 σώματος;
3236 1981 3370 2051 Οὐχὶ
3392 1981 3449 2035 δὲ
3482 1983 3577 2035 καὶ
3607 1982 3907 2051 ἀπρακτεῖν

2330 2074 2725 2146 ὁμολογήσαιμ¹
2750 2074 2778 2113 δ
2809 2072 2875 2126 ἂν
2904 2073 3003 2143 τὴν
3036 2072 3145 2125 ἀπὸ
3180 2072 3285 2141 γῆς
3319 2072 3499 2143 σάρκα
3545 2072 3683 2144 πρὸς
3722 2070 3783 2123 τὸ
3824 2070 3909 2123 δύο

2329 2167 2524 2222 νασθαι
2555 2167 2861 2233 ζωοποιεῖν,
2905 2165 3028 2220 ὅσον
3071 2161 3219 2236 ἧκεν.
3252 2166 3331 2229 είς
3368 2166 3503 2219 ἰδίαν
3550 2164 3750 2236 φύσιν;
3792 2164 3908 2227 Πῶς

2331 2255 2442 2321 οὖν,
2466 2259 2587 2313 εἰπέ
2620 2275 2732 2330 μοι,
2761 2257 3023 2323 ζωοποιὺς
3050 2260 3083 2330 ἡ
3113 2255 3281 2324 σάρξ;
3312 2258 3345 2328 ἢ
3377 2257 3497 2321 πῶς
3522 2258 3588 2310 ἂν
3616 2258 3795 2310 νοοῖτο
3820 2256 3907 2307 καὶ

2332 2349 2392 2417 ἐξ
2425 2348 2660 2420 οὐρανοῦ
2704 2349 2766 2401 τὸ
2808 2348 2918 2402 ἀπὸ
2946 2350 3078 2420 γῆς
3122 2348 3260 2402 Καθ’
3300 2349 3492 2401 ἓνωσιν
3524 2348 3789 2419 δηλονότι,
3819 2346 3908 2417 τὴν

2333 2440 2471 2511 πρός
2512 2440 2576 2509 γέ
2620 2458 2762 2509 φημι
2794 2440 2884 2493 τὸν
2920 2440 3099 2504 ζῶντά
3140 2457 3200 2492 τε
3245 2441 3339 2493 καὶ
3382 2440 3672 2510 οὐρανόθεν
3702 2439 3903 2507 Λόγον·

2334 2534 2679 2604 φρονήσομεν
2718 2533 2826 2602 γὰρ
2872 2531 2969 2585 ὡδὶ
3002 2531 3072 2584 τὰ
3118 2531 3239 2586 λίαν
3273 2531 3431 2603 ὀρθά,
3467 2532 3561 2585 καὶ
3599 2534 3716 2594 τοῖς
3755 2532 3909 2601 ἱεροζ

2338 2622 2706 2693 συμϐαίνοντα
2742 2623 2956 2690 Λόγοις.
2975 2622 3073 2692 Εῖη
3092 2623 3199 2694 γὰρ
3218 2624 3314 2694 οὐχ
3340 2624 3525 2695 ἕτερος
3542 2624 3637 2676 καὶ
3658 2625 3912 2693 Δημιουρ·

2337 2714 2431 2783 γὸς
2457 2713 2675 2780 Θεῖκῶς,
2706 2714 2802 2767 καὶ
2828 2714 2916 2766 ὅτε
2946 2712 3021 2785 μὴ
3050 2714 3173 2783 δίχα
3203 2716 3376 2768 νοοῖτο
3405 2712 3627 2785 σαρκός.

652 2822 759 2876 qua
806 2805 930 2860 vivo
977 2805 1054 2860 illi
1107 2804 1425 2874 caelestique
1476 2802 1655 2858 Verbo
1714 2802 2066 2872 conjunctum
2121 2812 2225 2858 est.
2278 2803 2433 2860 Hunc
2478 2822 2609 2877 ergo
2660 2807 2714 2860 in
2765 2806 2982 2860 modum
3028 2806 3348 2871 sentientes,
3400 2820 3552 2872 vera,
3614 2802 3911 2873 divinisque

652 2896 876 2953 Litteris
932 2902 1305 2951 consentanea
1372 2888 1859 2948 sentiemus.Unus
1892 2889 2034 2944 enim
2065 2889 2316 2961 idemque
2354 2894 2571 2950 divinus
2591 2904 2674 2948 est
2697 2892 2891 2964 Opilex
2914 2896 3077 2949 etiam
3100 2909 3266 2949 carne
3298 2894 3545 2949 vestitus.

722 2985 967 3043 XXXIX.
1013 2983 1349 3055 Astipulatur
1386 2982 1510 3038 huic
1545 2996 1764 3053 quoque
1791 2980 2054 3036 doctrina:
2104 2980 2232 3035 divi-

2415 2986 2539 3039 AB’.
2581 2984 2939 3057 Συλλήπτορα
2986 2984 3042 3036 δὲ
3082 2981 3177 3038 τοῦ
3223 2982 3385 3052 λόγου
3424 2985 3725 3055 ποιήσομαι
3763 2984 3913 3039 πάλιν

655 3094 759 3136 nus
787 3078 900 3144 ille,
930 3075 1281 3144 coslestisque
1313 3074 1595 3145 sapientia:
1639 3072 1901 3143 magister
1948 3070 2237 3140 Apostolus

657 3169 876 3226 Paulus.
895 3165 1099 3222 Scribit
1126 3172 1307 3218 autem
1332 3162 1386 3217 in
1411 3162 1527 3217 haec
1546 3164 1710 3216 verba
1738 3179 1751 3215 :
1785 3178 1803 3213 ι
1841 3160 2060 3216 Gratias
2081 3176 2241 3232 agen-

661 3274 743 3317 tes
763 3261 897 3324 Deo,
923 3257 1017 3329 qui
1048 3257 1238 3327 dignos
1270 3269 1367 3310 nos
1401 3253 1532 3310 fecit
1563 3253 1616 3307 in
1662 3262 1873 3324 partem
1920 3253 2083 3309 sortis
2113 3269 2240 3309 san-

661 3362 872 3408 ctorum
922 3349 978 3404 in
1024 3346 1382 3414 lumine;qui
1446 3345 1645 3415 eripuit
1694 3360 1794 3401 nos
1853 3345 1919 3400 de
1974 3354 2242 3412 potestate

666 3442 1040 3505 tenebrarum,
1065 3446 1120 3495 et
1151 3436 1424 3492 transtulit
1448 3436 1502 3490 in
1528 3451 1752 3506 regnum
1780 3435 1906 3491 Filii
1935 3435 2243 3491 dilectionis

663 3548 798 3599 suae,
843 3530 898 3586 in
950 3544 1058 3602 quo
1108 3528 1371 3584 habemus
1430 3527 1880 3595 redemptionem,
1936 3535 1987 3582 et
2045 3527 2240 3582 remis-

664 3626 874 3684 sionem
926 3630 1269 3694 peccatorum
1304 3635 1317 3675 :
1348 3617 1439 3690 qui
1468 3628 1550 3673 est
1578 3618 1755 3687 imago
1784 3610 1897 3673 'Dei
1930 3618 2240 3687 invisibilis,

663 3714 1057 3789 primogenitus
1081 3712 1257 3767 omnis
1274 3719 1574 3765 creaturae:
1600 3708 1852 3779 quoniam
1885 3709 1936 3763 in
1966 3710 2082 3779 ipso
2111 3726 2243 3765 con-

666 3811 776 3865 dita
809 3817 937 3865 sunt
968 3807 1221 3861 universa
1255 3804 1310 3857 in
1334 3803 1510 3867 cmlis,
1553 3814 1607 3855 et
1642 3803 1695 3855 in
1729 3810 1893 3864 terra,
1926 3803 2155 3857 visibilia
2190 3811 2245 3858 et

666 3898 986 3962 invisibilia,
1031 3897 1146 3952 sive
1190 3894 1419 3961 Throni,
1470 3895 1585 3948 sive
1631 3891 2070 3957 Dominationes,
2133 3894 2246 3949 sive

666 3991 1029 4062 Principatus,
1063 3988 1180 4044 sive
1231 3987 1542 4042 Potestates
1568 4003 1582 4039 :
1609 3986 1789 4039 omnia
1833 4000 1932 4056 per
1959 3986 2159 4056 ipsum,
2192 3994 2245 4042 et

668 4083 723 4138 in
748 4084 863 4153 ipso
888 4089 1072 4135 creata
1100 4088 1267 4145 sunt;
1304 4085 1358 4132 et
1389 4079 1504 4149 ipse
1534 4086 1618 4132 est
1649 4086 1777 4132 ante
1804 4092 2016 4145 omnes,
2048 4089 2105 4132 et
2126 4094 2247 4133 om-

669 4176 761 4232 nia
794 4177 847 4229 in
877 4175 993 4244 ipso
1021 4172 1502 4240 constant.Etipse
1517 4171 2037 4242 estcapulcorporis
2061 4170 2251 4227 Eccle-

669 4269 785 4331 siae,
814 4266 906 4335 qui
936 4275 1015 4321 est
1046 4265 1391 4335 principium,
1425 4262 1817 4334 primogenitus
1860 4279 1926 4317 ex
1982 4262 2244 4330 mortuis;

2338 3075 2434 3129 ὠδι
2468 3075 2788 3147 γεγραφότα
2808 3074 2900 3128 τὸν
2927 3074 3304 3147 οὐρανόφρονα
3339 3074 3433 3127 καὶ⁵
3464 3074 3753 3128 Θεσπέσιον
3783 3078 3916 3130 Παῦ-

2339 3163 2456 3217 λον’
2493 3183 2512 3216 ι
2541 3164 3006 3237 Εὐχαριστοῦντες
3052 3164 3128 3235 τῷ
3165 3164 3284 3236 Θεῷ
3318 3165 3415 3217 καὶ
3445 3167 3657 3238 Πατρὶ,
3690 3167 3767 3237 τῷ
3808 3171 3917 3220 ικα-

2340 3256 2573 3310 νὼσαντι
2602 3259 2752 3329 ἡμᾶς
2783 3259 2864 3321 εἰς
2890 3257 2989 3329 τὴν
3019 3258 3213 3329 μερίδα
3248 3257 3339 3310 τοῦ
3370 3258 3575 3329 κλήρου
3613 3260 3719 3312 τῶν
3754 3261 3915 3328 ἁγίων

2341 3349 2398 3401 ἐν
2428 3348 2505 3419 τῷ
2535 3349 2705 3418 φωτί·
2737 3350 2795 3413 ὃς
2834 3349 3103 3421 ἐρρύσατο
3133 3351 3281 3420 ἡμᾶς
3319 3350 3382 3403 ὲκ
3420 3351 3513 3421 τῆς
3555 3348 3805 3415 ἐξουσίας
3833 3352 3917 3404 τοῦ

2344 3442 2587 3509 σκότους,
2613 3443 2708 3495 καὶ
2742 3443 3075 3513 μετέστησεν
3105 3444 3184 3506 είς
3214 3442 3312 3513 τὴν
3344 3442 3626 3513 βασιλείαν
3660 3445 3754 3497 τοῦ
3791 3446 3911 3497 Υἱοῦ

2343 3535 2441 3605 τῆς
2473 3534 2697 3605 ἀγάπης
2736 3533 2935 3599 αὐτοῦ,
2981 3536 3037 3586 ὲν
3069 3526 3113 3601 ᾧ
3153 3532 3349 3605 ἔχομεν
3386 3534 3483 3605 τὴν
3528 3535 3918 3605 ἀπολότρωσιν,

2343 3628 2441 3701 τὴν
2467 3625 2660 3694 ἄρρεσιν
2695 3626 2804 3679 τῶν
2837 3624 3124 3695 ἁμαρτιῶν
3150 3642 3163 3655 ·
3196 3626 3254 3688 ὃς
3290 3626 3437 3679 ἐστιν
3463 3626 3627 3678 εἰκὼν
3657 3627 3752 3680 τοῦ
3793 3625 3921 3680 Θεοῦ

2343 3718 2439 3771 τοῦ
2488 3718 2752 3790 ἀοράτου,
2797 3718 3141 3785 πρωτότοκος
3197 3718 3378 3787 πάσης
3424 3718 3694 3782 κτίσεωςο
3742 3720 3820 3772 ὅτι
3869 3720 3922 3772 ἐν

2346 3808 2495 3879 αὑτῷ
2533 3808 2757 3879 ἐκτίσθη
2788 3809 2854 3860 τὰ
2886 3807 3086 3872 πάντα,
3114 3808 3180 3860 τὰ
3210 3808 3267 3859 ὲν
3294 3810 3406 3869 τοῖς
3438 3809 3712 3879 οὐρανοῖς,
3742 3810 3833 3861 καὶ
3862 3809 3923 3861 τά

2348 3901 2440 3958 ἐπὶ
2476 3898 2576 3969 τῆς
2615 3896 2741 3968 γῆς,
2773 3898 2843 3951 τά
2878 3898 3050 3970 ὁρατά
3084 3899 3178 3951 καὶ
3206 3898 3277 3951 τὰ
3306 3898 3512 3969 ἀόρατα
3535 3912 3551 3928 ’
3576 3898 3687 3950 εἴτε
3720 3897 3921 3968 Θρόνοι,

2347 3990 2457 4045 εἴτε
2493 3992 2864 4061 Κυριότητες,
2914 3992 3023 4043 εἴτε
3077 3991 3303 4062 Ἀρχαὶ,
3352 3990 3463 4043 εἴτε
3517 3991 3826 4056 Ἐξουσίαι,
3860 3992 3923 4044 τὰ

2348 4084 2526 4137 πάντα
2553 4082 2620 4135 δι’
2646 4081 2811 4136 αὐτοῦ
2863 4084 2957 4135 καὶ
2991 4084 3070 4145 εἰς
3102 4084 3263 4139 αὐτὶν
3311 4082 3594 4136 ἔκτισται·
3635 4083 3730 4135 καὶ
3770 4072 3924 4147 αὑτός

2349 4177 2466 4234 ἐστι
2491 4174 2597 4246 πρὸ
2616 4175 2855 4238 πάντων,
2888 4176 2983 4228 κα)⁸
3016 4175 3082 4227 τὰ
3116 4176 3292 4228 πάντα
3326 4176 3384 4228 ἐν
3413 4175 3564 4246 αὑτῷ
3598 4175 3919 4246 συνέστηκε·

2349 4270 2444 4321 καὶ
2470 4266 2630 4330 αὑτός
2654 4268 2803 4320 ἐστιν
2837 4268 2870 4338 ἡ
2900 4266 3111 4337 κεφαλὴ
3140 4265 3233 4318 τοῦ
3270 4264 3525 4335 σώματος
3563 4267 3665 4337 τῆς
3704 4264 3925 4335 Ἐκκλη-

671 4367 732 4413 ut
758 4358 830 4414 sit
863 4357 915 4410 in
977 4356 1229 4411 omnibus
1290 4355 1406 4425 ipse
1456 4354 1747 4424 primatum
1782 4363 1989 4408 tenens.
2027 4352 2165 4423 Quia
2195 4352 2229 4406 ii

2356 4362 2497 4423 σίαςν
2532 4360 2589 4423 ὃς
2619 4359 2765 4410 ἐστίν
2794 4358 2957 4428 ἀρχὴν
2992 4357 3337 4433 πρωτότοκος
3362 4358 3427 4411 ὲκ
3454 4358 3563 4414 τῶν
3589 4356 3819 4428 νεκρῶν,
3846 4357 3925 4410 ἵνα

673 4453 793 4525 ipso
826 4450 1155 4520 complacuit
1206 4463 1423 4505 omnem
1476 4447 1867 4518 plenitudinem
1920 4445 2245 4511 inhabitare,

673 4555 731 4602 et
762 4560 857 4615 per
898 4558 1019 4599 eum
1066 4541 1417 4597 reconciliare
1446 4542 1628 4595 omnia
1658 4539 1710 4593 in
1746 4537 2249 4608 ipsuin,pacilicans

673 4651 770 4707 per
798 4635 1116 4703 sanguinem
1145 4632 1323 4687 crucis
1353 4632 1491 4700 ejus,
1526 4632 1641 4688 sive
1675 4645 1794 4704 quae
1828 4630 1883 4683 in
1927 4629 2107 4694 terris,
2136 4628 2250 4683 sive

674 4706 795 4797 quae
834 4728 884 4781 in
912 4726 1063 4782 caelis
1089 4724 1297 4780 sunt".
1340 4742 1359 4777 ι
1407 4706 1484 4779 En
1522 4724 1609 4778 hic
1642 4723 1833 4777 iterum
1860 4720 2060 4776 diserte
2079 4735 2248 4789 expo-

676 4820 842 4882 nitur,
870 4833 965 4888 per
1007 4820 1213 4889 ipsum,
1248 4825 1306 4873 et
1360 4818 1414 4872 in
1448 4816 1566 4887 ipso
1608 4815 1790 4870 omnia
1824 4827 1945 4868 esse
1996 4812 2249 4879 condita;

674 4926 893 4968 rursum
928 4923 1057 4966 ante
1099 4911 1278 4965 omnia
1304 4910 1587 4972 exsistere,
1616 4907 1723 4983 37
1780 4906 2142 4974 universaque
2197 4905 2248 4956 in

677 5008 794 5079 ipso
816 5015 1090 5073 constare,
1119 5015 1230 5059 tum
1263 5005 1438 5075 ipsum
1493 5017 1706 5072 quoque
1736 5000 2150 5072 primogenitum
2184 5010 2250 5053 ex

681 5100 908 5156 mortuis
963 5098 1238 5167 praedicat,
1287 5099 1377 5165 qui
1417 5111 1511 5164 per
1560 5096 1877 5163 sanguinem
1926 5091 2105 5148 crucis
2143 5105 2255 5145 sure

676 5190 858 5246 Omnia
898 5188 1220 5259 paciﬁcarit,
1246 5198 1355 5243 tam
1408 5202 1526 5256 quae
1560 5186 1612 5240 in
1639 5184 1792 5239 caelis
1839 5198 2145 5253 quamqua:
2199 5182 2251 5235 in

680 5282 866 5337 terris.
896 5283 964 5338 At
1020 5283 1166 5353 quis,
1215 5297 1420 5352 quaeso,
1464 5295 1528 5335 ex
1590 5276 1820 5333 mortuis
1863 5277 2256 5347 primogenitus

751 5439 796 5473 ³⁸
822 5436 981 5497 Joan.
1018 5454 1101 5506 ιιι,
1132 5438 1285 5506 9-12,
1325 5440 1415 5497 i5.
1493 5437 1537 5471 "
1565 5435 1723 5492 Joan.
1758 5435 1946 5503 vt,65.

2024 5434 2068 5465 ⁸ο
2093 5431 2304 5503 ϐοιοεε.

2355 4450 2579 4519 γένηται
2608 4449 2665 4501 ἐν
2698 4449 2862 4504 πᾶσιν
2889 4447 3052 4511 αὐτὸς
3082 4447 3400 4517 πρωτεύων.
3428 4448 3550 4501 Ὅτι
3580 4450 3636 4500 ἐν
3664 4447 3809 4519 αὑτῷ
3846 4448 3925 4499 εῦ-

2355 4543 2550 4613 δόκησε
2586 4542 2693 4593 πᾶν
2736 4540 2797 4592 τὸ
2827 4538 3100 4611 πλήρωμα
3141 4540 3493 4610 κατοικῆσαι,
3536 4540 3630 4593 καὶ
3670 4540 3738 4592 δι’
3768 4540 3922 4594 αὐτοῦ

2358 4634 2803 4701 ἀποκαταλλάξαι
2840 4633 2908 4687 τὰ
2959 4636 3135 4691 πάντα
3182 4634 3260 4696 εἰς
3301 4632 3486 4695 αὑτὸν,
3519 4632 3925 4703 εἰρηνοποιήσας

2359 4724 2445 4782 διὰ
2500 4726 2593 4779 τοῦ
2649 4725 2880 4795 αἵματος
2923 4722 3017 4776 τοῦ
3078 4722 3314 4794 σταυροῦ
3355 4722 3545 4785 αὐτοῦ,
3598 4723 3707 4775 εἴτε
3743 4723 3808 4774 τὰ
3842 4721 3924 4774 ἐπὶ

2356 4817 2457 4887 τῆς
2484 4818 2609 4886 γῆς,
2656 4818 2765 4869 εἴτε
2804 4814 2873 4867 τὰ
2914 4814 2972 4865 ὲν
3007 4816 3119 4875 τοῖς
3148 4815 3417 4884 οὐρανοῖς.
3447 4832 3464 4863 ι
3514 4812 3647 4865 Ἰδοὺ
3680 4813 3746 4885 δὴ
3778 4812 3924 4865 πάλιν

2357 4908 2661 4976 ἀναφανδὸν
2688 4907 2753 4960 δι’
2778 4904 2971 4969 αὐτοῦ,
3000 4906 3157 4977 φησὶ,
3176 4904 3271 4958 καὶ
3301 4906 3382 4967 εἰς
3405 4902 3568 4956 αὑτὸν
3597 4904 3837 4956 ἔκτισται
3866 4903 3924 4954 τὰ

2354 5000 2550 5062 πάντα,
2581 5001 2674 5052 καὶ
2708 4998 2813 5070 μὴν
2834 4999 2915 5052 ὅτι
2941 4997 3046 5067 πρὸ
3060 4998 3275 5051 πάντων
3295 4997 3429 5060 ἐστὶ,
3453 4998 3543 5049 καὶ
3563 4998 3645 5048 ὅτι
3674 4998 3742 5049 τὰ
3763 4995 3923 5049 πάντα

2357 5092 2688 5161 συνέστηκεν
2722 5093 2781 5144 ὲν
2836 5088 3015 5160 αὐτῷ·
3082 5088 3177 5142 καλ⁸
3208 5089 3367 5142 αὑτὸν
3401 5084 3540 5140 εἷναί
3610 5104 3745 5157 φησι
3788 5104 3923 5154 πρω-

2354 5184 2574 5238 τότοκον
2598 5186 2662 5237 ἐκ
2695 5184 2927 5253 νεκρῶν,
2954 5180 3439 5254 εἰρηνοποιήσαντα
3466 5180 3555 5233 διὰ
3580 5180 3674 5232 τοῦ
3709 5180 3924 5248 αἵματος

2353 5273 2449 5331 τοῦ
2478 5274 2715 5347 σταυροῦ
2738 5274 2927 5343 αὑτοῦ,
2945 5277 3014 5335 τά
3030 5294 3088 5334 τε
3114 5277 3171 5331 ἐν
3191 5276 3457 5350 οὐρανοῖς,
3482 5273 3575 5328 καὶ
3601 5274 3669 5327 τὰ
3697 5272 3791 5325 ἐπὶ
3812 5270 3907 5342 γῆς

2352 5449 2394 5499 ι,
2423 5431 2613 5489 12-90.

1789 5592 1969 5647 Varia:
2006 5591 2266 5648 lectiones
2292 5591 2496 5648 codicis
2522 5588 2885 5660 Segnieriani.

760 5729 788 5769 δ
813 5732 1251 5805 ὁμολογήσωμεν,
1281 5732 1408 5806 [vel]
1437 5732 1857 5804 ὁμολογήσομεν.
