4058 6500
174 372 407 432 1193

1209 378 1297 435 DE
1332 375 1559 435 RECTA
1598 372 1753 429 FIDE
1791 372 1881 427 AD
1918 370 2359 429 TllEODOSlUM
2397 372 2535 428 IMP.

3367 369 3503 428 H94

184 480 400 541 Εἶτα.
431 488 519 553 τίς
546 487 575 541 6
607 489 670 543 ἐκ
706 488 918 562 νεκρῶν
967 490 1343 563 πρωτότοκος,
1386 493 1434 545 εἰ
1487 489 1562 563 μὴ
1604 488 1837 561 Χριστὸς

1950 497 2040 551 est,
2080 487 2181 542 nisi
2199 486 2448 543 Christus
2478 486 2655 553 Jesus,
2682 485 2783 541 hoc
2820 494 2924 551 est,
2964 486 3015 540 in
3075 499 3241 542 carne
3288 494 3342 541 et
3381 504 3503 541 cum

200 576 505 647 Ἰησοῦς,
529 582 807 635 τουτέστιν
850 582 908 634 ἐν
940 583 1104 656 σαρκί
1135 583 1231 638 καὶ
1274 583 1412 654 μετὰ
1445 582 1646 653 σαρκὸς
1677 583 1706 634 6
1733 580 1837 633 A6-

186 684 341 735 γος
374 688 396 737 ;
425 671 659 743 Τεθναίη
691 672 799 744 γάρ
831 672 895 727 ἂν
924 672 1178 743 οὐδαμῶς
1207 673 1270 727 τό
1298 691 1362 742 γε
1391 674 1470 737 εἰς
1502 672 1637 726 ἰδίαν
1676 669 1838 741 φύσιν

190 757 421 831 ἧκον,
451 764 582 829 Θεὸς
611 764 686 817 ῶν
714 766 742 818 6
774 764 944 832 Λόγος
963 782 977 795 ο
1006 765 1116 818 οὐδ’
1138 767 1204 820 ἂν
1236 768 1408 819 νοοῖτο
1436 764 1543 818 τῶν
1575 765 1712 817 ὅλων
1745 762 1840 831 δη-

201 854 549 926 μιουργὸς,
580 854 702 908 καθ’
728 854 875 925 ἡμᾶς
899 854 973 907 ὢν
1005 855 1101 908 άνθ
1112 872 1310 925 ρωπος,
1342 853 1499 927 εἰμὴ
1528 854 1839 925 δεδημιούρ-

198 960 403 1016 γηκε
429 948 529 1016 μὲν
552 946 627 1009 ὡς
652 944 803 1010 Θεὸς,
831 944 937 998 κᾶν
959 946 1007 998 εἰ
1036 945 1109 1017 μὴ
1133 946 1256 1018 δίχα
1280 946 1478 1019 σαρκὸς
1501 950 1671 999 νοοῖτο
1701 946 1838 1016 μετὰ

202 1035 359 1107 τὴν
390 1037 606 1090 ἕνωσιν.
638 1034 984 1104 Πρωτότοκος
1008 1036 1067 1089 δέ
1094 1037 1193 1090 καὶ
1225 1040 1289 1091 ἐκ
1318 1037 1547 1108 νεκρῶν,
1579 1037 1712 1091 καθὸ
1743 1037 1839 1090 πέ-

206 1145 434 1197 φηνεν
458 1126 556 1180 άνθ
564 1143 768 1199 ρωπος,
791 1125 891 1180 οὐκ
916 1127 1205 1182 ἀποϐαλὼν
1226 1128 1285 1182 τὸ
1306 1124 1443 1182 εἶναι
1469 1129 1601 1192 Θεὸς
1626 1128 1713 1183 διὰ
1736 1127 1837 1196 τὴν

213 1222 303 1272 ὲν
312 1218 424 1273 ανθ
433 1218 589 1291 ριὶιπη
597 1235 700 1273 σιν.

324 1312 426 1364 Μ’.
467 1311 628 1374 Ἴδοις
661 1310 705 1363 δ’
733 1310 799 1365 ἂν
826 1310 919 1363 καὶ
948 1309 1176 1382 ἑτέρωθι
1205 1308 1292 1364 διά
1320 1309 1429 1365 τῶν
1462 1310 1639 1365 αὐτῶν
1666 1311 1841 1375 ἰόντας

215 1401 440 1472 λόγων
465 1404 590 1468 τοὺς
615 1404 1116 1476 πνενματοφὸρους.
1148 1405 1401 1476 Ἰωάννης
1428 1404 1528 1476 μὲν
1548 1404 1657 1475 γὰρ
1673 1444 1688 1469 ,
1713 1424 1730 1457 ι
1755 1406 1843 1459 Ἐν

228 1495 433 1565 ἀρχῇ,
467 1495 656 1566 φησιν,
691 1491 760 1567 ἦν
792 1498 822 1551 6
848 1496 1043 1565 Λόγος,
1086 1495 1180 1549 καί
1216 1495 1245 1548 6
1276 1495 1447 1563 Λόγος
1483 1492 1551 1565 ἦν
1584 1497 1721 1567 πρὸς
1753 1494 1843 1547 τὸν

227 1587 421 1649 Θεὸν,
450 1588 549 1641 καὶ
578 1587 711 1650 Θεὸς
748 1583 817 1658 ἦν
842 1588 870 1640 6
904 1586 1094 1655 Λόγος.
1143 1580 1313 1651 Οὗτος
1343 1584 1413 1658 ἦν
1440 1589 1500 1639 ὲν
1528 1589 1671 1659 ἀρχῇ
1708 1588 1842 1659 πρὸς

233 1679 356 1731 τὸν
389 1677 545 1731 Θεόν.
580 1677 766 1730 Πάντα
794 1676 860 1729 δι’
884 1677 1050 1730 αὐτοῦ
1078 1676 1316 1745 ἐγένετο,
1344 1676 1438 1730 καί
1467 1678 1639 1749 χωρὶς
1677 1677 1843 1732 αὐτοῦ

238 1768 486 1835 ἐγένετο
524 1767 643 1821 οὐδὲ
673 1767 753 1820 ἐν.
784 1785 801 1817 ι
838 1767 1052 1831 Παῦλος
1078 1767 1136 1822 δὲ
1173 1762 1241 1821 αὖ
1262 1783 1275 1797 °
1317 1785 1337 1820 ι
1368 1762 1465 1831 Εἷς
1505 1768 1638 1831 Θεὸς
1666 1769 1694 1821 6
1726 1771 1843 1823 Πα-

1939 595 2103 637 carue
2134 579 2417 637 Verbum?
2442 579 2578 634 Nam
2624 593 2747 636 cum
2781 578 3015 635 Verbum
3051 578 3195 635 Deus
3249 580 3340 648 sit,
3363 580 3505 650 quod

1939 672 2156 742 quidem
2201 672 2269 727 ad
2331 671 2603 743 prapriam
2664 678 2912 725 naturam
2974 671 3185 737 attinet,
3225 671 3506 726 intermori

1941 762 2090 818 nullo
2118 762 2277 819 modo
2324 770 2547 832 potest:
2578 776 2756 831 neque
2797 760 2841 816 si
2885 761 3049 815 homo
3088 768 3295 815 tantum
3334 762 3507 817 nostri

1941 853 2133 909 similis
2160 854 2249 921 sit,
2279 852 2657 907 universorum
2693 852 2943 905 conditor
2979 849 3081 904 dici
3121 859 3334 922 potest;
3370 866 3508 905 con-

1946 947 2080 1001 didit
2116 954 2293 1000 autem
2322 953 2380 999 ut
2422 943 2584 1008 Deus,
2617 942 2719 997 etsi
2774 949 2894 1012 post
2926 940 3179 994 unionem
3214 941 3351 995 citra
3387 957 3509 996 car-

1942 1052 2063 1091 nem
2090 1051 2196 1090 non
2233 1034 2585 1104 intelligatur.
2622 1032 3022 1104 Primogenitus
3045 1039 3223 1086 autem
3262 1048 3328 1087 ex
3359 1048 3510 1087 mor-

1944 1122 2051 1176 tuis
2084 1132 2343 1187 vocatur;
2394 1130 2553 1189 prout
2602 1120 2765 1174 homo
2809 1120 3083 1190 apparuit,
3112 1120 3290 1175 divina
3319 1132 3511 1176 natura

1943 1220 2065 1282 post
2094 1221 2421 1280 assumptam
2461 1212 2856 1266 humanitatem
2900 1226 3006 1265 non
3042 1212 3270 1281 abiecta.

2013 1300 2128 1357 XL.
2164 1300 2363 1357 Videas
2388 1310 2443 1357 et
2463 1301 2600 1359 alios
2636 1315 2847 1373 quoque
2868 1302 3050 1357 divino
3073 1302 3276 1373 Spiritu
3309 1304 3518 1359 amatos

1946 1392 2215 1448 similibus
2244 1393 2531 1450 sententiis
2562 1408 2944 1463 nonnunquam
2967 1394 3065 1448 uti.
3082 1394 3234 1464 Apud
3252 1393 3512 1450 Joannem

1945 1483 2059 1539 hac
2083 1484 2312 1555 legimus
2346 1504 2361 1541 :
2404 1504 2424 1537 ι
2467 1484 2524 1540 In
2558 1486 2823 1555 principio
2866 1497 2984 1540 erat
3009 1484 3269 1552 Verbum,
3297 1495 3352 1540 et
3385 1486 3515 1540 Ver-

1948 1577 2075 1630 bum
2120 1586 2238 1632 erat
2276 1577 2415 1647 apud
2467 1578 2658 1645 Deum,
2689 1588 2742 1632 et
2786 1577 2925 1632 Deus
2963 1586 3079 1632 erat
3122 1576 3376 1633 Verbum.
3403 1580 3517 1634 Hoc

1945 1677 2066 1723 erat
2108 1668 2162 1723 in
2212 1670 2482 1740 principio
2536 1669 2677 1739 apud
2743 1670 2930 1725 Deum.
2957 1670 3150 1725 Omnia
3211 1685 3306 1741 per
3341 1671 3513 1740 ipsum

1948 1758 2088 1814 facta
2117 1772 2262 1825 sunt,
2293 1772 2345 1817 et
2375 1761 2493 1816 sine
2520 1762 2639 1832 ipso
2666 1762 2865 1816 factum
2891 1771 2974 1817 est
3001 1778 3175 1833 neque
3206 1779 3371 1818 unum
3392 1764 3460 1820 “.
3492 1785 3510 1817 ι

240 1859 391 1929 τὴρ,
432 1859 492 1923 ἐξ
527 1851 587 1912 οὗ
618 1859 689 1912 τά
717 1859 928 1913 πάντα·
974 1860 1068 1914 καὶ
1110 1854 1190 1925 εἷς
1232 1858 1438 1932 Κύριος
1471 1859 1677 1932 Ἰησοῦς
1708 1862 1843 1933 Χρι-

1950 1852 2101 1921 Apud
2143 1852 2361 1907 beatum
2410 1852 2635 1907 Paulum
2684 1868 2873 1908 rursus
2923 1855 3083 1909 verba
3134 1854 3221 1909 illa
3259 1872 3272 1909 :
3319 1855 3518 1912 «Unus

248 1951 390 2015 στὸς
413 1993 427 2016 ,
460 1952 531 2004 δι’
570 1945 631 2004 οὗ
666 1952 732 2005 τὰ
762 1952 959 2007 πάντα.
988 1971 1007 2004 ι
1055 1952 1196 2006 Ἀλλ’
1225 1953 1383 2021 εἴπερ
1414 1948 1481 2024 ἦν
1513 1970 1566 2006 τι
1608 1954 1845 2024 μεσολα-

246 2041 399 2096 ϐοῦν
433 2042 573 2113 μετὰ
595 2044 655 2097 τὸ
688 2043 926 2114 ἡνῶσθαι
959 2044 1123 2116 σαρκί
1148 2043 1239 2097 τὸν
1272 2044 1466 2112 Λόγον,
1497 2043 1592 2097 καὶ
1621 2045 1703 2109 εἰς
1733 2046 1847 2098 ἐτε-

254 2134 475 2205 ρότητα
512 2135 898 2206 καταδιαιροῦν
941 2136 1042 2207 τὴν
1082 2134 1158 2199 ὡς
1186 2135 1245 2188 ἐν
1279 2134 1394 2205 Υἰῷ
1430 2134 1595 2189 δυάδα
1621 2146 1644 2174 ο
1680 2136 1843 2206 φημὶ,

252 2223 412 2277 κατὰ
435 2224 499 2277 τό
526 2242 633 2279 τισι
666 2226 880 2281 δοκοῦν·
910 2226 1027 2290 πῶς
1056 2225 1278 2297 ἐκτίσθη
1311 2224 1525 2280 ἅπαντα
1548 2227 1637 2281 διὰ
1671 2226 1845 2296 Ἰησοῦ

256 2314 545 2385 Χριστοῦ;
581 2317 744 2371 Ἀλλὰ
796 2318 903 2389 μὴν
955 2316 1179 2389 ἐκτίσθη
1230 2318 1298 2371 δι’
1338 2318 1502 2374 αὐτοῦ
1535 2318 1604 2371 τὰ
1647 2319 1843 2375 πάντα.

258 2406 547 2477 Πρόδηλον
592 2405 707 2473 οὖν,
755 2409 837 2463 ὅτι
869 2409 937 2462 τὰ
977 2409 1135 2479 φύσει
1167 2427 1226 2464 τε
1276 2410 1370 2464 καὶ
1414 2410 1559 2473 ἰδίως
1605 2410 1844 2480 ἐνυπάρ-

261 2515 435 2569 χοντα
476 2499 555 2570 τῷ
599 2501 663 2553 ἐκ
704 2501 917 2573 Πατρὸς
958 2501 1072 2556 όντι
1122 2502 1299 2572 Λόγῳ,
1346 2504 1640 2574 τετήρηται
1685 2501 1846 2556 πάλιν

264 2590 438 2660 αὐτῷ,
487 2592 581 2646 καὶ
622 2593 711 2646 ὅτε
751 2594 987 2663 πέφηνεν
1037 2592 1344 2665 ἄνθρωπος.
1383 2593 1712 2662 Ἐπισφαλὲς
1755 2591 1848 2647 οὖν

266 2683 377 2753 ἄρα
422 2682 484 2736 τὸ
520 2683 829 2755 διατέμνειν
872 2685 1207 2755 ἀποτολμᾷν.
1240 2679 1334 2748 Εἷς
1358 2685 1466 2755 γάρ
1504 2685 1708 2755 Κύριος
1750 2687 1848 2757 Ἰη-

272 2772 399 2837 σοῦς
434 2775 689 2844 Χριστὸς,
720 2778 812 2829 καὶ
833 2776 901 2829 δι’
928 2775 1092 2829 αὐτοῦ
1133 2775 1203 2829 τά
1237 2777 1416 2831 πάντα
1448 2776 1845 2848 δεδημιούργη-

271 2882 364 2916 κεν
387 2865 416 2917 6
446 2866 655 2937 Πατήρ.
683 2866 989 2939 Τοιγαροῦν
1020 2868 1112 2921 καὶ
1142 2867 1473 2939 δημιουργὸς
1500 2868 1716 2931 θεῖκῶς,
1754 2869 1848 2921 καί

273 2954 537 3019 ζωοποιὸς
568 2958 644 3019 ὡς
679 2957 813 3029 ζωὴ,
846 2958 1209 3029 ἀνθρωπίνοις
1236 2975 1294 3011 τε
1324 2954 1391 3012 αὖ
1428 2958 1522 3012 καὶ
1562 2961 1674 3021 τοῖς
1706 2959 1848 3031 ὑπὲρ

272 3045 561 3117 ἄνθρωπον
591 3046 878 3119 ἰδιώμασιν
916 3050 995 3112 εἰς
1027 3048 1087 3101 ’ἐν
1114 3065 1167 3101 τι
1200 3049 1261 3101 τὸ
1310 3048 1510 3119 μεταξὺ
1551 3049 1845 3120 συγκείμε-

269 3154 379 3200 νος.
432 3137 675 3209 Μεσίτης
716 3140 825 3211 γάρ
870 3142 986 3192 ἐστι
1027 3138 1163 3193 Θεοῦ
1203 3141 1297 3193 καὶ
1341 3139 1664 3210 ἀνθρώπων,
1708 3140 1848 3194 κατά

268 3227 368 3291 τὰς
407 3229 663 3299 Γραφάς,
705 3230 864 3299 φύσει
905 3230 1003 3301 μὲν
1035 3231 1296 3303 ὑπάρχων
1325 3230 1459 3294 Θεὸς
1488 3233 1580 3285 καὶ
1620 3232 1679 3284 οὐ
1726 3231 1848 3302 δίχα

272 3318 510 3390 σαρκός’
556 3318 843 3391 ἄνθρωπος
890 3321 948 3374 δὲ
981 3322 1230 3391 άληθῶς,
1278 3325 1371 3377 καὶ
1405 3325 1466 3376 οὐ
1511 3324 1666 3394 ψιλὸς
1721 3325 1845 3380 καθ’

271 3410 439 3479 ἡμᾶς,
466 3408 582 3462 ἀλλ’
604 3410 680 3462 ῶν
701 3411 840 3482 ὅπερ
863 3407 952 3482 ἦν,
977 3413 1068 3465 καὶ
1084 3414 1131 3465 εἰ
1146 3413 1336 3482 γέγονε
1361 3414 1515 3486 σάρξ.
1538 3415 1851 3485 Γέγραπται

271 3502 400 3572 γάρ,
427 3502 508 3554 ὅτι
539 3520 558 3552 ι
593 3501 799 3572 Ἰησοῦς
829 3502 1061 3575 Χριστὸς
1082 3504 1208 3574 χθὲς
1238 3505 1331 3559 καὶ
1352 3506 1611 3577 σήμερον,
1638 3508 1665 3559 6
1689 3506 1851 3569 αὐτὸς

271 3592 365 3644 καί
398 3592 479 3654 εἰς
504 3592 634 3655 τοὺς
660 3592 880 3656 αἰῶνας.
919 3612 938 3642 ι

1948 1951 2033 1997 est
2079 1942 2221 1997 Deus
2251 1942 2431 2008 Pater,
2457 1958 2525 1998 ex
2572 1958 2681 2013 quo
2726 1944 3025 1998 omnia:et
3078 1959 3214 1999 unus
3258 1944 3519 2001 Dominus

1946 2034 2104 2090 Jesus
2126 2034 2396 2100 Christus,
2416 2050 2511 2105 per
2551 2050 2711 2105 quem
2754 2037 2936 2092 omnia
2965 2035 3032 2091 δ’.
3069 2054 3089 2090 ι
3134 2035 3305 2092 Porro
3335 2047 3515 2093 autem

1947 2127 1993 2181 si
2024 2137 2374 2196 posteaquam
2426 2126 2659 2183 Verbum
2721 2130 2932 2183 unitum
2970 2138 3055 2183 est
3079 2130 3252 2195 carni,
3281 2131 3516 2186 medium

1948 2217 2162 2287 aliquod
2202 2218 2487 2285 divellens,
2515 2235 2578 2275 ac
2612 2220 2664 2273 in
2722 2219 2959 2287 diversa,
2993 2230 3119 2290 puta
3170 2222 3222 2275 in
3279 2222 3509 2277 filiorum

1950 2307 2286 2371 dualitalem,
2312 2316 2371 2361 ut
2406 2308 2724 2377 quibusdam
2766 2308 2965 2379 placet,
3015 2310 3522 2376 distrahens,inter—

1948 2398 2123 2464 cedit;
2164 2399 2431 2467 quomodo
2480 2398 2662 2454 omnia
2702 2414 2799 2468 per
2846 2400 3029 2454 Jesum
3079 2402 3353 2457 Christum
3384 2418 3520 2459 con-

1949 2489 2059 2543 dita
2109 2503 2229 2544 esse
2280 2504 2408 2544 vere
2441 2490 2741 2563 asseritur?
2774 2490 2938 2560 Atqui
2989 2493 3169 2546 omnia
3214 2508 3308 2563 per
3341 2493 3517 2563 ipsum

1951 2588 2076 2634 sunt
2132 2578 2368 2634 condita.
2404 2560 2761 2650 Perspicuum
2821 2591 2903 2636 est
2960 2598 3110 2653 ergo,
3167 2560 3373 2650 omnia,
3404 2599 3524 2654 quae

1953 2672 2129 2727 Verbo
2150 2688 2213 2726 ex
2252 2672 2411 2726 Patre
2445 2686 2570 2728 nato
2612 2674 2829 2743 proprie
2858 2683 2913 2728 et
2959 2675 3280 2731 naturaliter
3314 2675 3521 2739 insunt.

1949 2777 2011 2816 ca
2044 2764 2157 2833 ipsa
2196 2764 2404 2833 integra
2434 2765 2481 2818 ei
2529 2766 2909 2833 permansisse,
2935 2768 3099 2821 etiam
3139 2776 3248 2821 tum
3281 2783 3406 2823 cum
3441 2768 3523 2823 fa-

1948 2866 2093 2911 ctum
2130 2866 2212 2911 est
2238 2856 2421 2911 homo.
2459 2855 2829 2913 Periculosum
2864 2859 3090 2930 proinde
3113 2868 3197 2916 est
3224 2862 3517 2917 sectionem

1950 2948 2185 3016 aliquam
2216 2948 2472 3001 inducere
2504 2966 2518 3002 :
2555 2964 2692 3002 unus
2732 2949 2874 3004 enim
2924 2960 3009 3003 est
3057 2950 3316 3005 Dominus
3362 2950 3523 3006 Jesus

1950 3041 2221 3105 Christus,
2260 3058 2357 3111 per
2406 3058 2566 3113 quem
2618 3043 2775 3097 Pater
2826 3045 3068 3099 condidit
3119 3047 3321 3101 omnia.
3373 3045 3524 3102 Unde

1952 3138 2202 3191 conditor
2253 3144 2356 3202 est,
2400 3146 2459 3190 ut
2506 3137 2684 3201 Deus;
2720 3137 3025 3191 vivificator
3086 3154 3217 3192 vero
3276 3148 3333 3192 ut
3376 3141 3523 3202 vita;

1952 3241 2017 3282 ex
2039 3228 2460 3298 proprietatibus
2491 3227 2741 3281 humanis
2768 3237 2821 3283 et
2848 3229 3266 3298 superhumanis
3284 3230 3337 3284 in
3361 3246 3523 3286 unum

1951 3319 2220 3390 quoddam
2251 3320 2481 3373 medium
2503 3319 2825 3373 coeuntibus
2851 3321 3196 3376 constitutus.
3222 3320 3522 3393 Siquidem,

1953 3411 2249 3466 secundum
2309 3410 2643 3479 Scripturas,
2688 3409 2780 3466 Dei
2826 3420 2879 3465 et
2932 3414 3209 3466 hominum
3263 3414 3527 3469 mediator

1952 3508 2035 3554 est
2071 3499 2152 3564 ης
2178 3498 2270 3567 qui
2300 3500 2514 3567 quidem
2554 3508 2742 3554 natura
2782 3512 2865 3555 est
2900 3500 3063 3569 Deus,
3096 3504 3259 3558 etiam
3284 3504 3328 3559 si
3360 3519 3527 3561 carne

1954 3591 2025 3645 sit
2059 3588 2317 3656 indutus;
2356 3604 2515 3643 verus
2557 3601 2734 3646 autem
2784 3593 2962 3659 homo,
2998 3610 3101 3648 non
3141 3604 3320 3650 tamen
3359 3612 3527 3666 purus

218 3738 222 3741 .
273 3696 330 3738 ut
351 3700 451 3739 nos
478 3704 492 3739 :
521 3701 643 3741 nam
673 3688 774 3743 etsi
807 3682 1040 3744 Verbum
1077 3689 1275 3746 factum
1310 3699 1394 3745 est
1432 3705 1581 3757 caro,
1615 3688 1815 3741 mansit
1853 3696 2035 3743 tamen
2061 3684 2202 3755 quod
2232 3693 2369 3738 erat.
2391 3682 2659 3754 Scriptum
2687 3696 2769 3741 est
2792 3687 2975 3744 enim:
3007 3704 3028 3739 ι
3070 3688 3225 3745 Jesus
3281 3690 3528 3748 Christus

275 3780 387 3836 heri
421 3787 477 3834 et
512 3780 689 3847 hodie,
715 3790 769 3835 et
806 3780 946 3836 idem
977 3792 1032 3837 et
1059 3782 1111 3837 in
1151 3782 1345 3838 sarcula
1366 3782 1434 3837 “.
1470 3802 1489 3836 ι

338 3867 483 3924 MA'.
526 3872 598 3923 Ἢ
637 3870 747 3942 γὰρ
794 3872 916 3942 οὐχί
954 3872 1041 3927 διὰ
1078 3873 1179 3944 τῆς
1221 3874 1382 3942 ἁγίας
1440 3875 1536 3928 καὶ
1584 3874 1844 3928 Θεοτόκου

276 3962 554 4034 Παρθένου
582 3963 831 4034 τετέχθαι
863 3968 1043 4035 φαμὲν
1083 3967 1177 4018 καὶ
1212 3966 1542 4036 πιστεύομεν
1573 3968 1632 4019 ἐν
1680 3963 1845 4035 ἐσχά-

276 4071 382 4117 τοις
410 4053 507 4107 τοῦ
543 4052 739 4114 αἰῶνος
767 4059 977 4128 καιροῖς
1001 4057 1094 4110 τὸν
1138 4058 1519 4129 Ἐμμανουήλ;
1558 4054 1693 4112 Εἶτα
1727 4056 1845 4121 πῶς

272 4146 429 4198 τοῦτο
477 4146 579 4198 οὐκ
609 4146 869 4217 άλήθεια;
906 4148 979 4201 Τὸ
1006 4149 1062 4202 δὲ
1083 4149 1169 4218 δὴ,
1209 4149 1336 4220 χθὲς
1376 4150 1471 4204 καί
1510 4150 1770 4221 σήμερον,
1801 4142 1847 4202 ὦ

276 4234 587 4305 φιλόχριστε
611 4234 851 4304 βασιλεῦ,
868 4238 1066 4309 ςκαιρὸν
1095 4240 1226 4309 ἡμῖν
1250 4238 1344 4291 τὸν
1368 4240 1723 4310 ἐνεστηκότα,
1751 4239 1847 4294 καὶ

272 4328 361 4381 τὸν
389 4328 492 4399 ἤδη
528 4330 895 4399 παρῳχηκότα
932 4331 1392 4403 κατασημαίνειεν
1414 4330 1439 4371 ἀ
1478 4331 1562 4385 ἄν.
1594 4333 1717 4395 Πῶς
1753 4328 1847 4388 οὖν

2027 3867 2159 3923 XLI.
2208 3867 2400 3922 Annon
2446 3866 2853 3923 Emmanuelem
2896 3869 2948 3923 in
2995 3870 3305 3927 novissimis
3342 3875 3525 3931 saeculi

1955 3955 2288 4026 temporibus
2311 3970 2378 4011 ex
2407 3970 2557 4010 sacra
2577 3956 2802 4026 Deipara
2836 3957 3054 4028 Virgine
3077 3970 3253 4015 ortum
3290 3963 3524 4020 dicimus

1954 4057 2013 4105 et
2050 4047 2361 4103 credimus?
2390 4046 2568 4114 Sane;
2606 4063 2707 4103 nec
2751 4049 2803 4103 id
2858 4050 2911 4106 in
2953 4051 3305 4121 quaestionem
3354 4055 3525 4112 cadit.

1954 4140 2221 4196 Caeterum
2280 4152 2400 4192 cum
2454 4137 2569 4191 heri
2608 4147 2662 4191 et
2702 4138 2860 4193 hodie
2916 4141 3247 4208 praeteritum
3294 4153 3347 4197 et
3385 4161 3524 4215 prur-

1955 4246 2080 4286 sens
2108 4240 2320 4300 tempus
2340 4229 2641 4298 significent
2673 4246 2687 4293 ;
2722 4228 2833 4297 38
2858 4232 3151 4298 quomodo,
3172 4231 3527 4290 Christianis-

1954 4323 2089 4379 sime
2118 4323 2434 4392 imperator,
2460 4320 2601 4374 idem
2636 4323 2857 4378 omnino
2901 4323 3008 4377 dici
3041 4333 3221 4392 potest
3250 4329 3528 4396 praeterito

273 4421 300 4472 6
327 4417 493 4481 αὐτὸς
520 4417 588 4471 ἂν
628 4419 712 4490 εἴη
745 4418 824 4482 εἰς
868 4437 927 4472 τε
970 4421 1062 4473 τὸν
1112 4421 1516 4493 παρῳχηκότα,
1567 4423 1743 4475 καίτοι
1782 4441 1846 4492 γε

1952 4423 2213 4486 tempore,
2231 4414 2276 4469 si
2312 4413 2608 4470 secundum
2640 4428 2856 4469 carnem
2888 4415 3115 4469 necdum
3133 4428 3250 4472 erat
3274 4420 3528 4489 genitus?

274 4507 489 4574 γένεσιν
532 4504 684 4559 οὔπω
725 4507 866 4561 κατὰ
894 4508 991 4579 τὴν
1024 4509 1165 4561 κατὰ
1193 4509 1371 4578 σάρκα
1400 4508 1577 4579 λαχών
1601 4528 1615 4575 ;
1639 4511 1846 4565 Οὐκοῦν

272 4595 339 4669 ἦν
364 4600 394 4651 6
433 4598 606 4666 Λόγος
635 4600 691 4651 ἐν
723 4598 889 4670 ἀρχῇ,
931 4600 1026 4652 καὶ
1058 4599 1132 4663 ὡς
1169 4599 1229 4664 ἐξ
1266 4599 1439 4653 ἀϊδίου
1471 4616 1530 4652 τε
1563 4597 1656 4653 καί
1688 4600 1850 4672 ἀτρέ-

276 4708 409 4744 mou
445 4689 704 4761 πεφηνὼς
728 4689 822 4743 τοῦ
854 4690 990 4745 Θεοῦ
1030 4692 1122 4745 καὶ
1153 4692 1385 4763 Πατρὸς,
1418 4690 1530 4762 ἔχει
1560 4692 1654 4745 καὶ
1688 4692 1849 4756 αὐτὸς

277 4784 332 4834 ἐν
358 4782 465 4852 ἰδίᾳ
493 4780 655 4851 φύσει
680 4780 742 4833 τὸ
766 4782 939 4835 ἀΐδιόν
960 4800 1019 4836 τε
1049 4784 1142 4837 καί
1172 4785 1463 4855 ἄτρεπτον.
1491 4784 1561 4837 Ἣ
1581 4784 1699 4853 οὐχὶ
1719 4783 1849 4837 νεώ-

275 4888 434 4924 τατον
467 4871 685 4942 κομιδῇ,
713 4872 807 4924 καὶ
834 4876 948 4936 τοῖς
986 4873 1086 4943 τῆς
1127 4875 1596 4945 ἐνανθρωπήσεως
1636 4875 1848 4946 χρόνοις

278 4961 717 5033 συνδεδραμηκὸς
738 4963 904 5033 ὄνομα
918 4964 995 5035 τῷ
1020 4965 1176 5034 Λόγῳ
1199 4965 1279 5028 τὸ,
1301 4966 1553 5033 Χριστὸς
1583 4965 1847 5035 Ἰησοῦς;

278 5053 385 5105 Καὶ
418 5052 530 5122 μὴν
561 5052 720 5106 τοῦτο
752 5055 883 5125 ἡμῖν
914 5055 1012 5125 ἥδη
1051 5054 1139 5108 διὰ
1165 5054 1433 5108 πλείστων
1472 5056 1611 5108 ὅσων
1636 5054 1847 5126 ἐδείχθη

277 5145 471 5211 λόγων.
499 5144 664 5208 Σύνες
707 5142 823 5211 οὖν,
853 5147 936 5200 ὃτι
976 5147 1211 5218 Χριστὸν
1245 5146 1472 5216 Ἰησοῦν,
1509 5145 1604 5199 καὶ
1646 5146 1707 5198 οὐ
1754 5163 1851 5216 μο-

279 5233 495 5297 νοειδῶς
523 5234 615 5286 τὸν
643 5235 832 5304 Λόγον,
868 5234 1001 5306 χθές
1032 5252 1092 5289 τε
1138 5236 1232 5289 καί
1278 5238 1516 5305 σήμερον
1556 5236 1646 5289 τὸν
1690 5235 1853 5289 αὑτὸν

279 5321 415 5377 εἷναί
448 5343 582 5397 φησι
616 5326 710 5380 καὶ
737 5328 817 5390 εἰς
854 5326 981 5391 τοὺς
1019 5327 1240 5391 αἰῶνας,
1273 5327 1397 5390 Πῶς
1428 5325 1473 5379 δ’
1504 5326 1570 5379 ἂν
1602 5326 1701 5397 ἔχῃ
1730 5338 1753 5365 ε
1791 5328 1853 5381 τὸ

346 5478 571 5535 “Joan.
614 5497 651 5545 ι,
683 5481 804 5535 1-3.
880 5480 923 5510 δ’
954 5477 971 5532 l
997 5478 1121 5537 Cor.
1153 5494 1270 5548 vm,
1308 5480 1358 5534 6.
1440 5477 1526 5531 “l
1554 5479 1693 5535 Tim.
1737 5494 1799 5547 ιι,

1954 4507 2188 4562 Verbum
2209 4506 2347 4561 citra
2364 4503 2525 4558 ullam
2557 4507 2978 4559 controversiam
3004 4506 3056 4559 in
3090 4508 3355 4579 principio
3382 4522 3521 4573 erat,

1955 4611 2117 4672 atque
2138 4609 2197 4654 ut
2230 4614 2297 4653 ex
2324 4608 2527 4652 aeterno
2548 4606 2601 4651 et
2628 4596 2947 4653 immutabili
2996 4598 3105 4653 Deo
3148 4599 3309 4655 Patre
3336 4616 3530 4671 proce-

1957 4694 2056 4759 dit,
2101 4693 2174 4748 ita
2206 4691 2384 4763 ipsum
2410 4704 2625 4761 quoque
2645 4690 2937 4745 secundum
2983 4694 3256 4762 propriam
3283 4702 3528 4748 naturam

1954 4785 2308 4841 aeternitatem
2333 4791 2388 4838 et
2408 4783 2895 4839 immutabilitatem
2918 4785 3172 4855 possidet.
3196 4785 3301 4838 Sed
3328 4800 3525 4850 nonne,

1956 4876 2154 4945 inquis,
2186 4887 2379 4928 nomen
2413 4874 2514 4927 hoc
2547 4872 2703 4927 .Iesus
2729 4873 2966 4928 Christus
2991 4873 3276 4926 admodum
3311 4888 3525 4933 recens.

1959 4968 2061 5022 hoc
2099 4974 2182 5021 est
2212 4966 2326 5037 ipso
2358 4963 2749 5019 incarnationis
2779 4964 3029 5027 articulo,
3053 4961 3231 5018 Verbo
3258 4965 3529 5019 accessit?

1958 5063 2086 5128 Nae;
2119 5062 2220 5116 hoc
2248 5060 2390 5114 enim
2424 5061 2667 5131 pluribus
2695 5058 2805 5126 iam
2841 5068 2965 5114 ante
2989 5074 3017 5113 a
3050 5058 3204 5114 nobis
3254 5068 3528 5114 ostensum

1961 5166 2062 5211 est.
2083 5153 2335 5209 Advertis
2366 5168 2496 5223 ergo
2534 5152 2677 5224 quod
2720 5150 2992 5207 Christum
3020 5150 3226 5215 Jesum,
3254 5160 3310 5206 et
3343 5166 3444 5204 non
3475 5151 3527 5205 in

1960 5259 2064 5297 una
2102 5243 2273 5297 forma
2308 5241 2563 5307 Verbum,
2590 5243 2705 5297 her:
2722 5249 2776 5295 et
2806 5240 2966 5295 hodie
2994 5251 3049 5296 et
3076 5242 3125 5295 in
3156 5241 3348 5296 saecula
3380 5256 3532 5295 eum-

1961 5331 2080 5385 dem
2117 5342 2240 5385 esse
2277 5330 2441 5383 dicat.
2468 5330 2540 5385 At
2592 5330 2860 5400 quomodo
2893 5329 3127 5386 humana
3181 5339 3531 5401 natura,qua:

1958 5478 2014 5510 '“
2048 5480 2209 5535 llebr.
2247 5496 2359 5543 xm,
2386 5481 2437 5536 8.

1378 5637 1547 5694 Variae
1575 5637 1831 5695 lectiones
1860 5638 2059 5694 codicis
2093 5636 2449 5709 Seguieriani.

351 5790 375 5817 α
409 5780 465 5832 ἐν
498 5777 630 5832 υἱῶν
658 5778 828 5832 δυάδι.
900 5779 925 5818 ἀ
958 5778 1373 5849 κατασημαὶνει.
1455 5792 1477 5815 ε·
1510 5776 1639 5848 ἔχοι.

599 5871 864 5933 ΡΑτιιοῐ..
911 5873 1025 5932 Gn.
1078 5872 1327 5931 LXXVI.

3093 5862 3171 5925 38
