4146 6478
614 309 669 363 Η
682 308 749 362 95

1608 307 1665 361 S.
1710 306 1977 363 CYRlLLI
2018 305 2484 363 ALEXANDRINI
2524 305 2845 385 ARCHIEP.

3705 304 3845 361 “95

613 421 896 475 mutationi
944 422 1173 475 obnoxia
1215 430 1315 486 est,
1344 430 1395 475 et
1446 423 1741 491 praesertim
1780 424 1877 486 illi,
1903 425 2045 494 quod
2108 424 2174 477 de

2277 422 2544 492 ἄτρεπτόν
2589 440 2647 475 τε
2697 423 2792 476 καὶ
2830 420 2929 492 τὴν
2962 421 3018 473 ὲν
3061 431 3347 489 ταυτότητι
3381 417 3642 489 διαμονήν
3672 420 3706 489 ἡ
3747 422 3842 471 ἁν-

611 529 717 566 nou
748 528 866 566 esse
901 513 967 566 ad
1007 528 1131 566 esse
1164 523 1217 567 et
1252 514 1431 568 vivere
1481 524 1664 567 evecta
1694 524 1795 577 est,
1822 514 2175 569 immutabili-

614 613 772 657 tatem
802 613 858 657 et
885 604 935 657 in
971 604 1253 659 identitate
1303 604 1651 658 stabilitatem
1686 605 1928 659 obtinere
1960 606 2177 673 petest?

610 695 965 749 Aherravitne
1001 711 1130 766 ergo
1164 712 1191 748 a
1220 694 1462 750 veritatis
1494 710 1655 763 scopo
1682 694 1956 763 Scriptura
1996 710 2172 757 sacra,

612 786 734 837 dum
773 800 893 838 eum
926 785 1015 854 qui
1066 786 1179 838 heri
1211 802 1312 839 non
1346 794 1485 847 erat,
1518 785 1666 852 prius
1696 786 1972 839 exstitisse
2021 800 2173 839 cont-

612 876 911 928 memorat?
942 876 1096 929 Absit
1128 874 1330 943 procul,
1360 884 1416 928 ut
1459 874 1562 928 tale
1595 874 1867 944 quidpiam
1928 875 2173 942 equidem

612 965 785 1020 dicam
822 966 1101 1036 (Christus
1134 966 1275 1020 enim
1298 962 1453 1018 Jesus
1480 965 1617 1019 idem
1647 974 1728 1019 est
1750 965 1888 1029 heri,
1911 975 1965 1019 et
1995 966 2173 1029 hodie.

612 1057 743 1111 etin
776 1057 1025 1127 saecula),
1054 1065 1145 1109 aut
1180 1066 1238 1109 ut
1273 1055 1522 1120 Verbum,
1557 1058 1771 1110 tametsi
1807 1072 1938 1111 caro
1973 1056 2173 1111 factum

610 1158 712 1211 est,
741 1148 1172 1217 antiquissimum
1217 1156 1269 1201 et
1320 1147 1654 1201 immutabile
1703 1162 1827 1202 esse
1880 1149 2175 1217 pra'dicare

612 1241 895 1295 dubitem!
968 1250 1095 1310 puto
1156 1239 1296 1292 enim
1353 1240 1600 1292 eumdem
1666 1239 1956 1309 signiﬁcari
2010 1240 2174 1294 etiam

612 1341 732 1399 post
761 1332 1008 1385 unionem
1040 1346 1159 1384 cum
1194 1332 1407 1398 propria
1442 1344 1627 1395 carne,
1650 1342 1706 1384 ut
1758 1331 1872 1385 heri
1904 1331 2177 1386 exsisten-

612 1433 718 1477 tem
772 1433 933 1491 atque
979 1426 1461 1490 prmexsistentem.
1507 1423 1720 1477 Etenim
1775 1437 1896 1476 cum
1952 1422 2175 1477 insanus

610 1514 825 1569 Judaeus
901 1517 1172 1570 Christum
1242 1523 1642 1581 exsecraretur,
1686 1514 2009 1585 repulsaque
2073 1512 2177 1567 ﬁde

610 1606 875 1676 lapidibus
930 1608 1176 1661 eumdem
1212 1609 1445 1662 obruere
1490 1607 1795 1661 adoriretur
1845 1606 2002 1674 (nam
2052 1619 2173 1659 cum

611 1700 879 1752 imminent
938 1700 1107 1753 nostri
1163 1699 1393 1754 similem
1444 1707 1711 1764 cerneret,
1770 1698 2172 1767 indignabatur,

605 1790 745 1857 quod
782 1799 991 1842 mtatem
1024 1790 1254 1843 humana
1290 1790 1546 1857 majorem
1577 1788 1679 1843 sibi
1705 1797 2045 1857 arrogaret),
2072 1786 2177 1839 tale
2211 1768 2250 1822 Β

606 1889 664 1933 ιιι
698 1880 839 1933 Deus
885 1880 950 1933 de
986 1895 1043 1933 se
1090 1880 1452 1935 testimonium
1510 1880 1647 1935 dixit
1680 1897 1693 1933 :
1732 1897 1750 1931 ι
1788 1878 1980 1942 Amen,
2017 1892 2174 1931 amen

604 1972 726 2025 dico
749 1972 924 2035 vobis,
954 1972 1265 2040 priusquam
1299 1973 1571 2027 Abraham
1600 1972 1752 2026 ﬁeret
1784 1986 1885 2041 ego
1919 1986 2037 2026 sum
2059 1970 2125 2023 ⁸⁸.
2152 1990 2169 2022 ι

602 2059 682 2112 Ad
714 2060 828 2113 haec
859 2068 1045 2113 contra
1082 2059 1154 2113 illi
1190 2078 1201 2114 :
1234 2079 1252 2112 ι
1307 2060 1705 2130 Quinquaginta
1742 2074 1912 2115 annos
1940 2060 2174 2114 nondum

605 2152 792 2215 habes,
850 2161 904 2206 et
962 2152 1233 2205 Abraham
1286 2152 1462 2206 vidisti
1486 2152 1563 2205 W!
1606 2169 1624 2202 ι
1679 2150 1915 2206 Joannes
1965 2164 2177 2219 quoque

606 2243 675 2295 ita
711 2244 786 2296 ait
818 2260 831 2295 :
863 2261 881 2294 ι
922 2242 1017 2296 llic
1040 2251 1143 2307 est,
1169 2244 1233 2297 de
1261 2257 1367 2312 quo
1393 2241 1500 2296 dixi
1535 2242 1719 2297 vobis:
1750 2242 1880 2297 Post
1914 2256 1999 2296 me
2031 2240 2177 2294 venit

601 2335 707 2394 vir,
744 2333 832 2401 qui
862 2342 983 2385 aute
1016 2346 1100 2386 me
1127 2331 1298 2386 factus
1337 2340 1440 2397 est,
1478 2332 1601 2401 quia
1630 2333 1778 2400 prior
1810 2345 1893 2385 me
1918 2340 2033 2385 erat
2055 2329 2121 2384 ⁸⁷.
2150 2347 2169 2380 ι

601 2424 671 2477 At
705 2424 974 2491 quomodo
1008 2438 1126 2475 cum
1165 2423 1565 2478 Emmanuelem
1588 2432 1642 2478 et
1677 2424 1851 2477 virum
1890 2432 2171 2493 agnoscat,

602 2522 658 2566 et
678 2515 848 2566 virum
877 2515 1136 2578 nominet,
1163 2512 1308 2566 illum
1363 2514 1621 2581 priorem,
1658 2522 1712 2566 et
1739 2521 1862 2566 ante
1895 2528 1955 2567 se
1978 2513 2173 2566 lactant

602 2604 879 2671 praedicat,
913 2620 1034 2659 cum
1066 2614 1244 2658 tamen
1276 2614 1329 2657 et
1388 2605 1613 2665 tardius,
1638 2612 1693 2657 et
1727 2613 1847 2671 post
1874 2603 2048 2673 ipsum
2074 2618 2173 2655 na—

602 2706 689 2751 tus
716 2697 897 2751 esset?
920 2697 1024 2751 Sed
1048 2696 1212 2766 gloria
1242 2695 1377 2748 forte
1407 2710 1469 2747 ac
1504 2695 1765 2763 dignitate
1810 2693 2018 2748 Joanne
2060 2710 2176 2747 tua-

597 2789 770 2858 jorem
792 2790 1135 2856 prioremque
1162 2788 1435 2841 exstitisse
1456 2786 1597 2841 dicet
1619 2786 1908 2855 quispiam,
1929 2794 1987 2840 ut
2010 2785 2171 2855 ohjici

604 2881 893 2948 intelligo:
934 2896 1118 2934 verum
1178 2881 1423 2932 oratione
1456 2893 1559 2932 non
1616 2879 1905 2931 admodum
1963 2878 2172 2943 prolixa

601 2973 814 3027 ostendi
840 2980 1040 3040 potest,
1069 2971 1339 3040 ejusmodi
1368 2969 1759 3039 expositionem
1788 2980 1839 3024 et
1868 2984 2088 3038 pravam
2121 2978 2175 3023 et

602 3063 831 3115 inscitiae
863 3061 1077 3129 plenam
1132 3074 1272 3113 esse.
1301 3057 1432 3112 Nam
1474 3058 1520 3113 si
1568 3060 1806 3127 priorem
1854 3073 1998 3125 esse,
2031 3060 2170 3113 idem
2202 3096 2244 3154 α

602 3169 723 3210 esse
755 3154 1107 3207 statuerimus
1141 3152 1281 3219 quod
1316 3149 1425 3219 39
1450 3150 1501 3203 in
1522 3149 1690 3218 gloria
1722 3150 1985 3219 potiorem
2016 3164 2170 3217 esse;

601 3248 788 3301 eadem
832 3245 1052 3298 omnino
1096 3242 1305 3297 ratione
1342 3241 1694 3311 posteriorem
1730 3255 1851 3296 esse
1886 3241 2027 3296 idem
2069 3243 2177 3297 erit

605 3338 746 3407 quod
771 3336 936 3405 gloria
969 3333 1279 3388 inferiorem
1310 3350 1321 3384 :
1348 3340 1513 3401 atque
1545 3333 1619 3385 ita
1653 3331 1929 3385 Christum
1965 3330 2176 3387 Joanne

604 3428 915 3483 inferiorem
956 3424 1018 3495 (ο
1052 3438 1164 3478 rem
1215 3424 1448 3478 maxime
1480 3422 1770 3477 absurdam
1797 3423 1810 3476 Σ
1834 3423 1850 3489 )
1874 3425 2173 3478 concedere

605 3518 991 3588 compellemur
1028 3534 1042 3570 :
1083 3516 1174 3570 Ait
1214 3516 1356 3570 enim
1409 3532 1422 3568 :
1467 3534 1483 3566 ι
1524 3514 1651 3568 Post
1697 3529 1785 3568 me
1824 3514 1969 3568 venit
2005 3514 2107 3571 vir.
2150 3534 2169 3566 ι

607 3611 752 3666 Sane
781 3609 826 3663 si
862 3618 1031 3671 recte,
1060 3606 1199 3675 quod
1222 3605 1272 3658 iu
1303 3603 1530 3657 Psalmis
1559 3603 1624 3656 de
1648 3617 1716 3658 eo
1748 3601 2010 3671 scriptum
2047 3600 2177 3671 legi-

605 3708 715 3767 tur,
740 3700 1178 3771 expenderimus,
1204 3712 1314 3749 rem
1351 3694 1505 3764 longe
1528 3692 1683 3747 aliter
1714 3693 1913 3747 habere
1943 3693 2176 3746 arbitra-

601 3794 783 3849 bimur
811 3809 824 3846 :
857 3808 876 3842 ι
908 3790 1058 3857 Quis,
1093 3791 1286 3858 inquit,
1313 3788 1366 3841 iu
1397 3786 1629 3841 nubibtts
1653 3785 1951 3853 aequabitur
1988 3783 2171 3837 Domi-

604 3887 713 3941 no?
747 3885 939 3939 similis
974 3885 1078 3937 crit
1110 3882 1334 3935 Domino
1370 3881 1419 3933 iu
1473 3879 1595 3933 ﬁliis
1654 3877 1744 3931 Dei
1774 3875 1860 3930 ‘“?
1896 3894 1915 3929 ι
1951 3875 2172 3930 Summa

604 3982 767 4049 igitur
799 3978 1091 4045 antiquitas
1119 3972 1296 4027 Verbo
1333 3981 1587 4040 tanquam
1620 3970 1727 4024 Deo
1750 3969 2051 4024 secundum
2080 3983 2176 4021 na-

609 4081 806 4131 turam,
838 4066 1052 4120 etiamsi
1113 4062 1262 4117 carni
1294 4064 1501 4114 unitum
1531 4061 1622 4124 sit,
1651 4060 1987 4129 preprizeque
2015 4068 2175 4111 natu-

604 4177 676 4214 ω)
706 4162 841 4213 bona
864 4173 987 4211 cum
1011 4167 1238 4225 corpore
1259 4152 1400 4222 quod
1433 4152 1744 4221 assumpsit,
1777 4150 2175 4204 communicare

602 4249 965 4311 consueverit,
991 4246 1333 4300 attribuenda
1365 4252 1468 4298 est.

677 4341 834 4396 XLII.
871 4338 1023 4404 Quod
1060 4338 1201 4392 istud
1242 4348 1419 4389 autem
1449 4337 1519 4389 ita
1563 4349 1621 4390 se
1671 4333 1885 4398 habeat,
1922 4342 2175 4402 recteque

600 4525 842 4589 libuerit,
862 4522 1019 4577 facile
1049 4521 1341 4576 didiceris:
1375 4520 1761 4587 dicitnamque
1796 4516 1989 4571 alicubi
2032 4516 2175 4570 Deus

604 4633 702 4689 per
758 4615 1046 4684 quemdam
1106 4621 1413 4666 sanctorum
1440 4610 1821 4679 prophetarum
1857 4609 1921 4662 de
1952 4607 2172 4661 Christo

598 4727 662 4765 ex
695 4709 902 4764 semine
956 4705 1121 4760 David
1161 4703 1453 4758 secundum
1488 4715 1706 4755 carnem
1739 4708 1896 4753 orto:
1935 4716 1954 4750 ι
1996 4698 2061 4752 Ει
2092 4706 2167 4761 tu,

603 4800 881 4854 Bethleem
930 4796 1126 4851 domus
1175 4795 1430 4863 Ephrata,
1465 4807 1570 4847 non
1596 4790 1819 4860 parvula
1862 4804 1920 4844 es
1955 4789 2008 4843 in
2052 4789 2171 4843 mil-

600 4892 741 4943 libus
771 4888 928 4943 Juda.
952 4887 1033 4941 Ex
1071 4897 1121 4941 te
1156 4884 1284 4940 mihi
1316 4884 1622 4955 egredietur
1652 4881 1746 4950 qui
1789 4882 1861 4935 sit
1915 4880 2165 4935 Domina-

602 4992 685 5035 tor
718 4981 906 5044 Israel,
936 4990 990 5035 et
1020 4992 1271 5048 egressus
1302 4975 1418 5045 ejus
1448 4975 1515 5028 ab
1552 4974 1709 5030 initio
1729 4988 1756 5026 a
1792 4973 1982 5028 diebus
2012 4981 2171 5028 teter-

604 5071 789 5126 nitatis
813 5072 880 5126 ".
911 5089 929 5122 ι
962 5073 1034 5125 De
1062 5071 1184 5124 ﬁliis
1207 5084 1333 5122 vero
1352 5066 1524 5122 Jsrael
1553 5066 1954 5120 sacratissimus
1976 5064 2172 5119 Paulus

602 5164 674 5217 ita
731 5163 923 5217 scribit
959 5181 971 5216 :
1011 5180 1029 5213 ι
1069 5160 1268 5215 Omnes
1313 5160 1365 5213 in
1416 5156 1597 5227 Moyse
1638 5157 1893 5226 baptizati
1943 5166 2069 5211 sunt
2120 5157 2170 5210 iu

606 5256 747 5308 nube
765 5263 817 5307 ct
845 5252 1133 5316 inmari,cl
1152 5266 1336 5308 omnes
1362 5250 1604 5306 eamdem
1625 5262 1801 5303 escam
1837 5248 2169 5318 spiritualem

605 5347 1086 5409 nianducaverunt,
1119 5354 1173 5398 et
1223 5358 1411 5397 oumes
1458 5340 1710 5397 eumdem
1765 5347 1949 5409 potum
2014 5341 2175 5409 spiri-

2277 513 2495 586 θρὼπου
2529 513 2710 582 φύσις,
2740 514 2916 566 καίτοι
2948 514 3158 580 κίνησιν
3206 511 3573 581 ὑπομένουσα,
3611 512 3707 563 καὶ
3738 513 3843 580 πρό

2276 624 2339 675 γε
2370 607 2477 658 τῶν
2504 606 2677 661 ἄλλων
2706 607 2803 677 τὴν
2828 605 2887 669 ἐξ
2914 605 3013 657 οὐκ
3037 604 3205 656 όντων
3233 604 3311 665 εἰς
3337 603 3396 655 τὸ
3420 598 3557 655 εἶναι
3584 602 3679 655 καὶ
3711 601 3841 671 ζῇνς

2277 696 2660 765 Διημὰρτηκεν
2687 692 2779 748 οὖν
2806 694 2914 764 ἄρα
2948 692 3214 763 τάληθοῦς
3260 694 3391 762 ἡμῖν
3416 691 3476 744 τὸ
3510 691 3749 761 Γράμμα
3785 691 3844 741 τὸ

2280 787 2458 857 ίερόν;
2508 788 2602 840 καὶ
2629 787 2721 840 τὸν
2760 787 2883 855 χθὲς
2916 786 3015 839 οὐκ
3039 786 3167 839 ὅντα
3200 783 3442 855 προεῖναί
3475 800 3642 853 φησι;
3677 783 3845 850 Φαίην

2276 878 2343 932 διν
2380 878 2499 947 οὐχὶ
2528 877 2683 931 τοῦτο
2715 877 2843 946 ἐγὼ,
2874 876 3070 929 πολλοῦ
3101 891 3166 943 γε
3198 874 3291 928 καὶ
3318 874 3428 927 δεῖ·
3462 873 3587 943 χθὲς
3621 872 3730 941 γὰρ
3757 872 3846 924 καὶ

2279 970 2516 1040 σήμερον
2557 969 2585 1021 ό
2614 968 2773 1031 αὐτὸς
2808 967 2901 1020 καὶ
2930 968 3009 1029 εἰς
3053 966 3181 1028 τοὺς
3231 964 3432 1026 αἰῶνας
3462 961 3669 1033 Ἰησοῦς
3713 962 3847 1031 Χρι-

2278 1062 2421 1124 στός.
2450 1060 2523 1114 Τὸ
2549 1060 2605 1114 δὲ
2642 1060 2736 1114 τοῦ
2769 1060 2941 1127 Λόγου
2988 1056 3368 1129 πρεσϐύτατόν
3405 1073 3465 1109 τε
3504 1056 3596 1109 καί
3632 1054 3848 1117 ante;

2276 1155 2473 1224 ἥκιστα
2500 1154 2600 1223 μὲν
2624 1153 2951 1223 ἀρνήσομαι,
2978 1149 3071 1205 καὶ
3097 1153 3145 1204 εἰ
3171 1150 3362 1220 γέγονε
3390 1149 3561 1219 σάρξ·
3587 1150 3848 1217 οἰήσομαι

2274 1246 2330 1299 δὲ
2362 1246 2480 1299 καθ’
2502 1246 2695 1298 ἕνωσιν
2729 1244 2864 1315 μετὰ
2902 1246 2999 1314 τῆς
3035 1244 3170 1307 ἰδίας
3204 1242 3407 1313 σαρκὸς
3434 1241 3510 1304 ὼς
3548 1240 3676 1309 χθὲς
3717 1240 3848 1291 ὄντα

2276 1338 2368 1390 καί
2401 1338 2819 1409 προϋπάρχοντα
2863 1334 3291 1407 καταδηλοῦσθαι
3330 1333 3491 1387 πάλιν
3519 1331 3702 1386 αὐτόν.
3732 1330 3845 1383 Καὶ

2276 1428 2405 1497 γοῦν
2465 1429 2901 1499 κατεμυσάττετο
2943 1427 3041 1497 μὲν
3106 1423 3517 1497 παραφρονῶν(
3573 1422 3845 1485 Ἰουδαῖος,

2277 1522 2370 1573 καὶ
2428 1519 2751 1575 καταλιθοῦν
2773 1519 2932 1572 αὐτὸν
2954 1519 3249 1588 ἐπεχείρει,
3272 1516 3370 1589 τὴν
3390 1515 3573 1568 πίστιν
3593 1516 3655 1567 ού
3684 1529 3849 1583 προσ·

2280 1611 2510 1681 ιέμενος.
2561 1610 2939 1679 Κατετεθήπει
2993 1608 3120 1680 γὰρ,
3170 1610 3252 1661 ὅτι
3300 1607 3478 1661 καίτοι
3526 1606 3649 1659 καθ’
3698 1606 3843 1674 ἡμᾶς

2277 1703 2551 1773 ὁρώμενος
2582 1702 2885 1773 ἄνθρωπος,
2913 1701 3010 1770 τῆς
3052 1700 3191 1770 ὑπὲρ
3222 1698 3504 1769 ἄνθρωπον
3551 1698 3848 1768 ἀρχαιότη-

2278 1811 2366 1858 τος
2406 1792 2586 1863 ἑαυτῷ
2629 1792 2690 1845 τὸ
2728 1791 3098 1863 πρεσϐύτατον
3133 1787 3520 1860 ἐπεμαρτύρει,
3566 1787 3739 1857 λέγων
3769 1786 3847 1849 ὡς

2278 1886 2407 1949 Θεός
2430 1899 2447 1917 ⁸
2484 1904 2502 1936 ι
2543 1884 2735 1955 Ἀμὴν,
2768 1884 2914 1954 ἀμὴν
2942 1883 3083 1951 λέγω
3119 1882 3267 1951 ὑμῖν,
3300 1882 3428 1952 πρὶν
3466 1879 3719 1949 Ἀϐραὰμ
3748 1895 3845 1947 γε·-

2277 1974 2495 2039 νέσθαι,
2542 1972 2651 2041 ἐγώ
2702 1975 2837 2043 εἰμι.
2867 1992 2884 2023 ι
2933 1972 3060 2024 Ὅτε
3106 1971 3200 2023 καί
3235 1970 3371 2040 πρὸς
3412 1969 3569 2022 τοῦτο
3608 1968 3847 2037 ἔφασκον

2277 2069 2501 2120 ἐκεῖνοι*
2535 2085 2552 2117 ι
2584 2066 2926 2133 Πεντήκοντα
2956 2062 3047 2133 ἔτη
3074 2061 3226 2115 οῦπω
3266 2061 3427 2131 ἔχεις,
3471 2062 3564 2115 καὶ
3594 2060 3847 2130 Ἀϐραὰμ

2277 2158 2561 2230 ἑώρακας;
2603 2176 2619 2208 ι
2672 2157 2813 2226 Ἔφη
2859 2155 2916 2209 δὲ
2967 2156 3127 2208 πάλιν
3170 2155 3263 2209 καὶ
3299 2153 3551 2223 Ἰωάννης
3576 2170 3590 2183 ο
3630 2170 3648 2203 ι
3679 2148 3846 2215 Οὗτός

2276 2253 2425 2315 ἐστι,
2468 2252 2596 2321 περὶ
2626 2244 2687 2303 οῦ
2731 2248 2840 2316 ἐγὼ
2870 2243 3021 2300 εἶπον
3052 2248 3210 2317 ὑμῖν·
3252 2247 3457 2301 Ὀπίσω
3490 2264 3588 2317 μου
3624 2246 3843 2316 ἔρχεται

2276 2342 2433 2412 ἀνὴρ,
2474 2342 2532 2404 ὃς
2571 2339 2882 2410 ἔμπροσθέν
2927 2357 3025 2410 μου
3071 2340 3312 2408 γέγονεν,
3355 2338 3435 2390 ὅτι
3482 2337 3698 2407 πρῶτός
3742 2353 3842 2405 μου

2273 2427 2362 2503 ἦν.
2390 2451 2408 2484 ι
2445 2431 2633 2485 Καίτοι
2670 2430 2787 2494 πῶς
2822 2430 2985 2501 ἄνδρα
3017 2447 3077 2483 τε
3116 2429 3269 2492 εἰδὼς
3298 2430 3391 2482 καὶ
3433 2429 3715 2500 ὀνομάζων
3757 2431 3845 2482 τὸν

2287 2523 2655 2594 Ἐμμανουήλ,
2688 2522 2997 2593 ἔμπροσθέν
3035 2540 3093 2576 τε
3125 2522 3323 2585 αὑτοῦ,
3366 2524 3462 2575 καὶ
3496 2522 3712 2591 πρῶτον
3749 2538 3842 2589 γε·

2274 2617 2461 2670 νέσθαι
2500 2616 2633 2685 φησί
2672 2616 2762 2667 τὸν
2800 2615 3024 2685 ὀψιγενῆ
3060 2631 3117 2666 τε
3164 2616 3260 2667 καὶ⁸
3307 2616 3426 2681 μετ’
3470 2614 3668 2679 αὐτόν;
3707 2613 3845 2665 Ἀλλ’

2275 2710 2391 2779 ἐρεῖ
2417 2724 2501 2770 τις
2542 2706 2698 2769 ἵσως’
2736 2706 3081 2777 Ἐμπροσθεν
3115 2706 3277 2759 αὐτὸν
3309 2707 3401 2759 καὶ
3446 2705 3661 2779 πρῶτον
3696 2705 3847 2773 γενέ-

2277 2800 2400 2854 σθαι
2439 2800 2574 2869 φησι
2606 2798 2748 2852 κατά
2777 2816 2839 2867 γε
2869 2799 2968 2869 τὴν
2997 2798 3173 2862 δόξαν,
3200 2797 3387 2868 ῶσπερ
3418 2795 3511 2851 οὖν
3544 2798 3721 2850 ἔπεισί
3757 2815 3845 2867 μοι

2274 2894 2443 2944 νοεῖν·
2477 2892 2572 2944 καὶ
2619 2890 2724 2961 μὴν
2760 2891 2842 2943 ὅτι
2876 2889 3126 2958 κίϐδηλόν
3158 2907 3219 2941 τε
3252 2892 3347 2943 καὶ
3379 2890 3585 2961 ἀμαθὲς
3627 2890 3691 2941 τὸ
3721 2892 3845 2962 τῇδε

2275 2984 2437 3045 νοεῖν,
2466 2983 2525 3034 ού
2567 2982 2772 3052 μακρὸς
2802 2984 2934 3052 ἡμῖν
2965 2980 3163 3044 διδάξει
3197 2981 3371 3049 λόγος.
3406 2982 3846 3052 Παραδεξάμενοι

2276 3074 2383 3143 γὰρ
2400 3072 2461 3126 τὸ
2487 3093 2503 3124 ι
2527 3073 2829 3143 ἔμπροσθεν
2862 3092 2878 3122 ι
2902 3075 2980 3136 εἰς
3000 3072 3080 3135 τὸ,
3110 3073 3329 3143 ἄμεινον
3344 3074 3401 3126 ὲν
3431 3073 3578 3144 δόξῃ,
3601 3075 3743 3127 κατὰ
3760 3075 3847 3127 τὸν

2279 3166 2393 3219 ἴσον
2422 3182 2523 3218 που
2553 3165 2729 3233 λόγον,
2761 3167 2853 3217 καὶ
2881 3165 2942 3217 τὸ
2975 3184 2991 3216 t
3028 3164 3201 3218 ὀπίσω
3234 3183 3253 3216 ι
3305 3166 3546 3236 φήσομεν
3574 3165 3633 3219 τὸ
3686 3167 3759 3229 ὼς
3792 3168 3847 3218 ὲν

2279 3258 2499 3330 εὐκλείᾳ.
2552 3257 2802 3328 δεύτερον
2831 3253 2889 3312 εὖ
2926 3258 3069 3328 μάλα
3099 3258 3457 3328 καταδηλοῦν.
3503 3260 3848 3329 Συμϐήσεται

2276 3351 2455 3403 τοίνυν
2489 3350 2564 3413 ὡς
2603 3348 2664 3414 ἐξ
2695 3350 2943 3419 ἀνάγκης
2982 3352 3113 3421 ἡμῖν
3150 3350 3251 3419 τῆς
3284 3349 3528 3403 Ἰωάννου
3562 3348 3719 3419 δόξης
3754 3353 3850 3420 ἠτ-

2276 3438 2471 3492 τᾶσθαι
2512 3438 2766 3509 Χριστὸν,
2792 3438 2887 3491 καὶ
2914 3439 3088 3492 ὀπίσω
3127 3439 3374 3509 δραμεῖν,
3416 3440 3692 3504 ἀσυνέτως
3720 3441 3849 3510 ὁμου

2276 3531 2453 3599 λογεῖν
2480 3533 2524 3583 8.
2556 3532 2699 3601 Ἔφη
2728 3531 2856 3600 γὰρ,
2885 3532 2967 3584 ὅτι
2991 3551 3009 3582 ι
3048 3530 3256 3586 Ὀπίσω
3285 3549 3385 3602 μου
3411 3531 3629 3603 ἔρχεται
3654 3533 3841 3604 ἀνήρ.ι

2286 3623 2350 3675 Ὢ
2374 3623 2473 3692 τῆς
2504 3622 2766 3687 ἀτοπίαςῐ
2798 3622 3095 3693 οἰησόμεθα
3130 3624 3347 3693 γὰροὺχ
3374 3616 3474 3676 ὦδε
3509 3623 3674 3693 ἔχειν,
3704 3626 3847 3677 ἐννε-

2276 3714 2533 3783 νοηκότες
2568 3713 2743 3784 ὀρθῶς
2776 3713 2836 3768 τὺ
2917 3716 2974 3766 ἐν
3019 3713 3269 3784 Ψαλμοῖς
3308 3716 3694 3785 γεγραμμένον
3717 3758 3732 3782 ,
3771 3718 3849 3770 ὅτι

2282 3825 2300 3856 ι
2330 3805 2422 3868 Τίς
2458 3807 2515 3857 ὲν
2544 3805 2796 3874 νεφέλαις
2850 3806 3173 3875 ἱσωθήσεται
3204 3804 3282 3874 τῷ
3326 3807 3549 3876 Κυρίῳ;
3584 3808 3850 3877 όμοιωθῇ.

2280 3914 2428 3950 σεται
2458 3892 2534 3967 τῷ
2564 3897 2752 3967 Κυρίῳ
2778 3897 2834 3949 ὲν
2862 3897 2998 3960 υἱοῖς
3023 3896 3158 3950 Θεοῦ
3183 3914 3197 3961 ;
3224 3915 3242 3948 ι
3281 3896 3596 3951 Ἀναθετὲον
3624 3893 3717 3951 οῦν
3744 3899 3849 3968 ἄρα

2277 3981 2371 4035 καί
2403 3983 2542 4037 κατὰ
2574 3983 2770 4053 σαρκὸς
2792 3983 2943 4052 αὐτῷ
2965 3984 3027 4036 τὸ
3055 3984 3446 4055 πρεσϐύτατον,
3468 3986 3545 4049 ὡς
3569 3986 3688 4057 Θεῷ
3713 3990 3848 4040 κατά

2278 4073 2439 4141 φύσιν
2493 4073 2743 4127 ὲνωθέντι
2794 4075 2979 4145 σαρκὶ,
3030 4077 3123 4128 καὶ
3154 4076 3220 4130 τὰ
3245 4076 3346 4147 τῆς
3394 4078 3605 4142 οἰκείας
3638 4079 3848 4148 φύσεως

2277 4166 2455 4234 ἁγαθὰ
2484 4170 2805 4221 κοινοποιεῖν
2838 4170 3050 4223 εἰωθότι
3080 4170 3157 4241 τῷ
3189 4170 3303 4242 ἰδίῳ
3338 4170 3571 4242 σώματι.

2348 4345 2479 4399 MB’.
2522 4344 2691 4398 Τοῦτο
2733 4344 2777 4397 δ’
2817 4344 2883 4399 ἂν
2921 4346 3111 4415 μάθοις
3145 4340 3247 4401 ὧδέ
3290 4366 3349 4402 τε
3383 4349 3527 4420 ἔχον,
3570 4352 3665 4405 καὶ
3696 4355 3845 4425 είρη-

494 4415 501 4420 ’
603 4435 807 4490 dictum
841 4431 932 4496 sit,
971 4431 1023 4484 id
1056 4445 1121 4485 ex
1148 4428 1268 4482 aliis
1306 4442 1519 4497 quoque
1555 4426 1900 4491 testimoniis,
1938 4426 1981 4479 si
2015 4425 2172 4477 modo

2281 4434 2440 4504 μένον
2470 4434 2665 4507 ὀρθῶς,
2695 4435 2789 4488 και
2815 4436 2872 4502 ἐξ
2902 4436 3101 4507 ἐτέρων
3130 4439 3310 4504 εὐθὺς,
3340 4415 3680 4512 είπεργέλοιο,
3717 4415 3842 4513 ιλαρ-

2278 4528 2499 4597 τυριῶν.
2529 4528 2672 4598 Ἔφη
2708 4529 2813 4598 μὲν
2848 4529 2955 4600 γάρ
2988 4547 3087 4583 που
3122 4530 3253 4594 Θεὸς
3283 4532 3412 4601 περί
3445 4533 3539 4586 τοῦ
3575 4537 3637 4587 ἐκ
3681 4537 3846 4605 σπὲρ·

2281 4635 2449 4688 ματος
2491 4619 2650 4672 Δαυῖδ
2698 4620 2759 4673 τὸ
2798 4622 2939 4674 κατὰ
2973 4622 3151 4694 σάρκα
3185 4625 3421 4695 Χριστοῦ
3464 4626 3532 4678 δι’
3576 4628 3695 4691 ἑνὸς
3740 4630 3845 4682 τῶν

2276 4710 2444 4777 ἁγίων
2492 4711 2822 4782 προφητῶν·
2866 4733 2885 4765 ί
2927 4715 3037 4768 Καὶ
3090 4716 3176 4779 σὺ,
3232 4716 3515 4787 Βηθλεὲμ,
3562 4714 3708 4782 οἶκος
3754 4722 3846 4775 τοῦ

2290 4801 2552 4871 Ἐφραθᾶ,
2578 4803 2653 4874 μὴ
2681 4804 2957 4873 ὀλιγοστὸς
2980 4803 3031 4859 εί
3055 4807 3149 4860 τοῦ
3172 4803 3306 4861 εἶναι
3325 4810 3382 4860 ὲν
3397 4809 3631 4879 χιλιάσιν
3658 4812 3842 4868 Ἰούδα.

2294 4891 2387 4945 Ἐκ
2408 4894 2501 4946 σοῦ
2527 4912 2618 4964 μοι
2638 4895 2978 4960 ἐξελεύσεται
3003 4897 3096 4950 τοῦ
3127 4895 3265 4951 εἶναι
3285 4902 3363 4963 εἰς
3389 4901 3662 4972 Ἀρχοντα
3685 4903 3744 4955 ὲν
3773 4904 3847 4975 τῷ

2290 4985 2534 5053 Ἰσραήλ*
2569 4984 2662 5038 καὶ
2701 4987 2756 5038 αἰ
2790 4986 2955 5051 ἔξοδοι
2990 4987 3151 5041 αὐτοῦ
3192 4990 3286 5043 ἀπ’
3312 4988 3490 5062 ἀρχῆς
3526 4991 3585 5057 ἐξ
3622 4994 3844 5065 ἡμερῶν

2278 5076 2491 5138 αἰῶνος.
2520 5096 2540 5128 ο
2579 5077 2714 5147 Περί
2745 5077 2799 5131 δέ
2834 5096 2897 5147 γε
2925 5081 3033 5133 τῶν
3070 5080 3203 5134 υἰῶν
3240 5083 3455 5155 Ἰσραὴλ
3482 5086 3511 5137 ό
3557 5086 3845 5157 ἱερώτατος

2279 5164 2510 5227 Παῦλος,
2541 5166 2621 5219 ὅτι
2656 5184 2672 5215 ι
2706 5168 2912 5233 Πάντες
2941 5171 3017 5233 εἰς
3052 5170 3142 5223 τὸν
3176 5173 3414 5243 Μωῦσῆν
3443 5173 3845 5245 ἐϐαπτίσθησαν

2281 5255 2338 5305 ὲν
2370 5257 2435 5324 τῇ
2469 5254 2667 5326 νεφέλῃ
2696 5256 2788 5309 καὶ
2812 5259 2868 5310 ὲν
2890 5262 2957 5330 τῇ
2991 5259 3253 5332 θαλάσσῃ,
3289 5263 3383 5315 καὶ
3414 5263 3614 5327 πάντες
3653 5264 3846 5334 βρῶμα

2281 5348 2649 5417 πνευματικὸν
2693 5350 2756 5402 τὸ
2797 5351 2929 5404 αὐτὸ
2976 5353 3193 5423 ἔφαγον,
3240 5356 3333 5408 καὶ
3377 5356 3575 5420 πάντες
3619 5358 3679 5411 τὸ
3717 5359 3846 5411 αὐτὸ

592 5498 595 5501 -
677 5462 721 5491 ⁸³
760 5458 915 5513 Joan.
950 5459 1171 5523 vtu,58.
1248 5458 1294 5488 “
1324 5457 1453 5511 ibid.
1489 5456 1577 5509 57.
1653 5454 1697 5487 ’⁸⁷
1726 5454 1881 5510 Joan.
1921 5472 1958 5521 ι,
1986 5458 2065 5510 30.
2147 5457 2176 5487 “

2277 5460 2362 5513 sal.
2395 5478 2656 5531 Lxxxvttt,
2683 5466 2739 5521 7.
2813 5467 2859 5498 δ’
2892 5466 3049 5523 Mich.
3091 5484 3144 5533 v,
3173 5469 3239 5536 2;
3270 5469 3458 5525 Matth.
3506 5487 3566 5538 ll,
3597 5470 3649 5524 6.

1714 5570 1886 5626 Vatia:
1918 5570 2175 5628 lectiones
2198 5574 2397 5631 codicis
2430 5574 2786 5647 Seguicriani.

688 5688 705 5725 ί
738 5691 766 5740 ὁ
800 5689 1116 5760 παράφρων.
1197 5691 1220 5727 ε
1255 5689 1516 5741 ὑπονοεῖν.
