4146 6516
349 423 487 482 1197

1295 411 1387 474 DE
1428 418 1653 477 RECTA
1696 420 1851 478 FIDE
1890 419 1980 475 AD
2018 419 2461 477 TIIEODOSIUM
2500 420 2631 479 IMP.

3453 429 3594 488 H98

349 538 725 609 πνευματικὸν
758 536 910 591 ἔπιον
940 538 1123 609 πόμα“
1159 534 1343 591 ἔπινον
1381 537 1490 610 γὰρ
1518 540 1579 592 ὲκ
1627 555 1925 610 πνευματι-

2031 537 2228 592 tualent
2316 539 2620 594 biberunt:
2672 538 2924 596 bibebam
2980 550 3159 599 autem
3213 543 3279 599 de
3327 544 3593 615 spiritua‘li

348 635 453 705 κῆς
478 631 866 703 ὖκολουθούσης
891 631 1095 703 πέτρας
1115 648 1128 662 ·
1152 633 1185 703 ἠ
1211 632 1267 685 δὲ
1290 632 1464 703 πέτρα
1482 627 1549 703 ἦν
1572 634 1601 686 6
1622 632 1873 703 Χριστός.
1898 649 1917 683 ι

353 727 545 797 Ἀθρει
585 725 649 796 δὴ
692 720 787 779 οὖν
823 725 882 777 ἐν
928 723 1149 795 Χριστῷ
1194 722 1369 795 Ἰησοῦ
1414 722 1763 795 δεικνύμενον
1801 720 1922 776 καθ’

348 819 542 872 ἕνωσιν
583 815 928 887 οἰκονομικὴν
957 815 1018 867 τὸ
1060 815 1240 880 ίδικῶς
1272 815 1366 869 τοῦ
1400 816 1573 883 Λόγου
1612 814 1923 885 πρεσϐύτα-

348 928 463 964 τον.
495 910 566 962 Ἢ
603 909 701 961 οὐκ
728 907 963 977 ἐναργὴς
998 907 1026 959 6
1053 905 1246 975 λόγος;
1280 905 1383 958 Τὸν
1412 906 1601 976 γάρτοι
1632 904 1927 976 Βηθλεεμί-

347 1019 472 1072 την,
509 1000 584 1064 ὡς
613 1000 896 1069 ἄνθρωπον
932 998 1026 1052 καὶ
1064 999 1128 1051 ὲκ
1160 997 1441 1065 γυναικὸς,
1474 998 1568 1051 ἀπ’
1596 998 1768 1069 ἀρχῆς
1797 997 1927 1051 αίῶ-

346 1110 442 1156 νος
479 1092 579 1155 τὰς
623 1091 835 1157 ἐξόδους
865 1090 1010 1160 ἔχειν
1044 1086 1104 1142 εὖ
1135 1089 1280 1159 μάλα
1316 1089 1515 1158 φησίνο
1547 1092 1604 1142 ἐν
1638 1090 1778 1160 ἀρχῇ
1815 1088 1925 1161 γάρ

346 1180 420 1256 ἦν
445 1185 539 1238 καὶ¹
567 1183 675 1254 πρὸ
701 1182 901 1245 παντὸς
940 1179 1135 1245 αίῶνος
1160 1181 1189 1233 ό
1216 1180 1643 1251 ὲνανθρωπήσας
1668 1178 1799 1243 Θεὸς
1824 1179 1925 1234 A6-

353 1291 481 1347 τός’
514 1276 609 1330 καὶ
640 1273 803 1337 αὐτὸς
834 1269 902 1345 ἦν
932 1274 966 1343 ἡ
1001 1273 1199 1344 πέτρα,
1229 1271 1556 1342 δεδιψηκότα
1587 1273 1678 1327 τὸν
1710 1272 1926 1345 Ἰσραὴλ

353 1370 466 1431 τοῖς
490 1366 621 1439 παρ’
648 1366 840 1419 ἐλπίδα
872 1365 968 1420 καὶ
989 1365 1269 1435 ἀδοκήτως
1304 1362 1666 1434 ὲκμεθύσκων
1692 1363 1926 1435 νάμασι⁶

355 1461 533 1516 καίτοι
565 1458 847 1529 γεννηθεὶς
884 1456 1027 1511 κατά
1051 1472 1114 1524 γε
1155 1456 1254 1527 τὴν
1286 1455 1463 1527 σάρκα
1493 1456 1586 1509 καὶ
1622 1455 1685 1511 τὸ
1722 1453 1932 1529 ἀνθρώ-

354 1569 510 1606 πινον
556 1552 615 1604 ὲν
643 1551 894 1620 ἐσχάτοις
931 1546 1027 1601 τοῦ
1072 1548 1265 1611 αἰῶνος
1320 1550 1551 1618 καιροῖς,
1590 1548 1687 1601 καὶ
1744 1563 1932 1618 κεχρι-

360 1644 555 1714 σμένος
578 1642 678 1714 τὴν
700 1643 779 1705 εἰς
806 1639 957 1694 τόνδε
988 1638 1079 1691 τὸν
1108 1637 1311 1709 κόσμον
1328 1637 1628 1708 ἀποστολὴν
1659 1637 1806 1709 παρά
1834 1637 1928 1691 τοῦ

356 1734 492 1789 Θεοῦ
517 1736 609 1787 καὶ
638 1732 879 1804 Πατρός·
912 1730 1331 1800 κατωνόμασται
1360 1730 1466 1802 γὰρ
1494 1730 1591 1799 οὐχ
1624 1730 1812 1801 ἑτέρου
1835 1745 1929 1781 του

355 1827 516 1897 χάριν
546 1825 579 1895 ἦ
606 1825 695 1879 διὰ
734 1824 892 1878 τοῦτο
924 1823 1177 1894 Χριστός.
1224 1822 1459 1892 Χριστὸς
1500 1823 1557 1877 δὲ
1588 1819 1657 1897 ἦν
1691 1823 1930 1895 η’πέτρα

356 1883 500 1968 κατὰ
532 1883 625 1967 τόν
665 1912 849 1982 νόμον,
896 1883 991 1965 καί
1041 1883 1151 1963 τὸν⁷
1171 1883 1402 1965 Hau-10v.
1439 1883 1871 1981 ζΕπαγωνιεῖται.
1885 1913 1929 1967 δ’
1961 1883 2004 1939 Β

358 2002 426 2060 αὖ
457 2006 551 2059 καὶ
598 2004 921 2076 συναθλήσει
964 2002 1038 2072 τῷ
1068 2002 1211 2073 λόγῳ
1258 2006 1352 2057 καὶ
1392 2006 1419 2057 6
1449 2004 1611 2074 σοφὸς
1645 2004 1929 2074 Ἰωάννης,

360 2095 639 2168 μονονουχὶ
665 2095 760 2147 καὶ
792 2095 1127 2165 συναγείρων
1164 2095 1261 2158 τὰς
1297 2095 1517 2165 φύσεις,
1565 2098 1661 2151 καὶ
1700 2097 1931 2152 συνδέων

355 2191 437 2253 εἰς
483 2189 679 2242 ἒνωσιν
717 2188 826 2240 τῶν
869 2189 1108 2258 ἑκατέρᾳ
1140 2189 1450 2259 προσόντων
1484 2191 1792 2261 ἰδιωμάτων
1832 2191 1933 2263 τὴν

354 2280 604 2351 δύναμιν.
641 2278 753 2332 Θέα
799 2277 909 2350 γάρ
955 2279 983 2331 ὃ
1017 2295 1215 2349 φησιν’
1258 2297 1277 2330 ι
1314 2281 1377 2334 ’Ὀ
1414 2276 1481 2350 ἦν
1524 2281 1618 2334 ἀπ’
1659 2283 1864 2353 ἀρχῆς,
1904 2282 1933 2335 ὃ

355 2370 694 2441 ἀκηκόαμεν,
746 2368 774 2421 6
826 2369 1153 2441 ἑωράκαμεν
1195 2370 1307 2432 τοῖς
1351 2369 1648 2441 ὀφθαλμοῖς
1685 2370 1866 2441 ἡμῶν,
1904 2370 1933 2423 6

356 2462 726 2533 ἐθεασάμεθα,
758 2463 845 2515 καλ
883 2463 937 2514 αἱ
983 2464 1162 2533 χεῖρες
1209 2461 1366 2533 ἡμῶν
1402 2463 1759 2534 ἐψηλάφησαν
1804 2464 1933 2535 περ)⁸

353 2554 448 2608 τοῦ
497 2554 673 2622 Λόγου
722 2554 818 2624 τῆς
870 2552 1054 2622 ξωῆς’
1095 2553 1189 2607 καὶ
1235 2552 1387 2624 ήζωὴ
1442 2553 1793 2626 ἐφανερώθη,
1839 2557 1933 2610 καὶ

356 2645 709 2717 ἑωράκαμεν,
758 2645 853 2698 καὶ
906 2643 1315 2716 μαρτυροῦμεν,
1373 2647 1468 2700 καὶ
1514 2647 1935 2717 ἀπαγγέλλομεν

356 2739 487 2804 ὑμῖν
522 2736 665 2807 ζωὴν
695 2737 793 2806 τὴν
834 2736 1068 2802 αἰώνιον,
1105 2736 1226 2806 ἥτις
1266 2731 1336 2808 ἦν
1378 2737 1516 2806 πρὸς
1552 2738 1644 2791 τὸν
1689 2738 1930 2810 Πατέρα,

355 2831 451 2884 καὶ
510 2828 830 2900 ἐφανερώθη
878 2830 1027 2898 ὑμῖν.
1061 2847 1079 2880 ι
1125 2827 1256 2882 Ἰδοὺ
1306 2828 1395 2882 τὸν
1453 2828 1583 2883 ὄντα
1629 2830 1725 2883 ἀπ’
1760 2830 1934 2903 ἀρχῆς

353 2915 534 2990 ὦφθαι
571 2921 630 2973 τὲ
661 2937 826 2989 φησιν
871 2918 1152 2988 ἐναργῶς,
1186 2919 1477 2989 ὑπομεῖναι
1527 2920 1583 2972 δὲ
1629 2921 1723 2974 καὶ
1763 2923 1930 2993 ἀφήν.

366 3012 752 3084 ’Δνεκεκράγει
782 3010 888 3082 γάρ
916 3011 945 3063 6
971 3010 1174 3081 Θωμᾶς
1194 3025 1206 3040 ·
1247 3030 1267 3062 ι
1307 3011 1365 3065 '0
1398 3010 1598 3083 Κύριός
1631 3030 1754 3083 μου,
1785 3016 1878 3070 καὶ
1905 3018 1933 3071 ό

355 3103 487 3167 Θεός
520 3120 645 3173 μου,
676 3121 695 3155 ι
741 3102 1130 3172 ἀναμετρήσας
1160 3101 1407 3173 δακτύλῳ
1463 3103 1703 3175 πλευράν
1739 3124 1796 3159 τε
1836 3107 1933 3179 τὴν

2023 637 2384 701 consequente
2405 646 2496 687 eos
2528 641 2699 702 petra,
2714 641 2861 701 petra
2883 642 3057 689 autem
3079 646 3191 691 erat
3208 636 3453 693 Christus
3474 638 3541 693 ⁸⁸.
3570 660 3590 691 ι

2023 720 2100 777 En
2132 739 2395 779 summam
2430 724 2574 780 illam
2599 725 2996 793 antiquitatem,
3025 741 3145 796 quae
3168 728 3222 782 in
3257 727 3438 784 Verbo
3462 745 3592 799 pro-

2023 816 2139 889 prie
2198 816 2470 882 convenit,
2524 816 2819 872 secundum
2879 818 3270 872 oeconomicam
3340 820 3594 874 unionem

2030 905 2118 962 hic
2149 904 2369 962 Christo
2409 907 2534 961 Jesu
2570 908 2895 977 assignatam
2919 921 3059 961 esse.
3097 907 3179 961 An
3223 909 3488 963 obscurus
3512 917 3597 962 est

2026 996 2115 1052 hic
2136 997 2357 1053 sermo?
2390 997 2681 1053 Evidenter
2717 999 2861 1053 enim
2917 999 3137 1068 exponit
3188 999 3596 1054 Bethleemitam

2025 1087 2196 1153 illum,
2227 1088 2316 1158 qui
2367 1103 2433 1145 ex
2494 1089 2719 1144 muliere
2763 1100 2924 1144 natus
2974 1098 3058 1145 est
3116 1091 3299 1157 homo,
3332 1091 3399 1145 ab
3444 1090 3597 1145 initio

2026 1178 2205 1235 seaculi
2229 1179 2430 1233 exitum
2462 1179 2663 1235 habere
2690 1197 2704 1234 :
2732 1178 2785 1234 in
2848 1180 3117 1250 principio
3166 1180 3314 1235 enim
3374 1189 3431 1234 et
3472 1191 3598 1235 ante

2027 1270 2205 1325 omnia
2259 1270 2454 1326 saecula
2477 1280 2595 1325 erat
2634 1273 2776 1347 quod
2825 1272 3163 1327 incarnatum
3212 1282 3295 1327 est
3332 1271 3593 1340 Verbum,

2027 1361 2249 1432 ipseque
2275 1370 2387 1416 erat
2442 1372 2594 1432 petra
2638 1363 2892 1433 illa,qua:
2938 1363 3293 1419 lsraeliticum
3340 1364 3595 1434 populum

2028 1453 2300 1509 sitientem
2332 1455 2623 1524 insperatis
2661 1456 3156 1526 inexspectatisque
3186 1473 3339 1526 aqua:
3383 1456 3599 1512 ﬂuentis

2029 1546 2316 1601 inebriavit
2348 1565 2362 1602 :
2402 1546 2618 1602 etiamsi
2640 1547 2694 1601 in
2715 1548 3024 1602 novissimis
3052 1548 3234 1603 smculi
3262 1547 3599 1618 temporibus

2028 1640 2321 1692 secundum
2352 1652 2592 1702 carnem,
2621 1640 3021 1710 humanamque
3057 1649 3307 1694 naturam
3345 1640 3599 1710 progeni-

2032 1739 2140 1794 tus,
2171 1732 2496 1786 ctmissione
2538 1730 2591 1785 in
2621 1732 2763 1786 hunc
2798 1732 3054 1785 mundum
3092 1747 3123 1786 a
3157 1733 3265 1786 Deo
3310 1731 3469 1786 Patre
3518 1730 3599 1785 in-

2030 1831 2225 1878 unctus
2257 1823 2356 1878 sit:
2377 1838 2551 1894 neque
2596 1824 2741 1879 enim
2788 1825 3004 1880 aliunde
3036 1818 3136 1880 hoc
3167 1840 3361 1881 nomen
3396 1824 3597 1881 Christi

2033 1914 2259 1968 sortitus
2297 1926 2406 1980 est,
2438 1931 2599 1985 quam
2659 1915 2727 1970 ab
2772 1931 2877 1970 una
2910 1918 3013 1971 hac
3057 1918 3311 1972 unctione
3365 1926 3421 1972 et
3481 1917 3603 1970 fun-

2033 2006 2246 2073 CIione;
2277 2007 2427 2076 atqui
2459 2006 2732 2070 Christus,
2770 2006 3065 2061 secundum
3108 2005 3278 2075 legem
3319 2016 3376 2061 et
3409 2020 3604 2061 secun-

2033 2098 2158 2153 dum
2185 2099 2402 2154 beatum
2423 2097 2674 2160 Paulum,
2698 2106 2813 2152 erat
2842 2096 2928 2150 illa
2949 2106 3120 2165 petra.
3149 2096 3445 2151 Conﬁrmat
3466 2097 3605 2152 hanc

2032 2206 2246 2246 rursum
2282 2191 2607 2244 sententiam
2640 2201 2693 2244 et
2728 2191 2944 2259 sapiens
2972 2187 3208 2266 Joannes
3239 2204 3490 2259 quoque;
3529 2192 3606 2245 si-

2032 2282 2246 2353 quidem
2276 2282 2385 2354 40
2419 2292 2644 2336 naturas
2674 2282 2729 2335 in
2763 2297 2926 2335 unum
2957 2281 3352 2351 quodammodo
3382 2296 3601 2351 cogens,

2032 2375 2541 2445 proprietatumque
2592 2374 2723 2440 vim,
2764 2388 2885 2443 quas
2953 2373 3168 2443 utrique
3233 2372 3499 2440 adjacent,
3549 2373 3603 2425 in

2033 2465 2284 2520 unionem
2317 2464 2585 2532 redigens,
2609 2463 2683 2517 ita
2702 2462 2894 2518 scribit
2925 2479 2939 2516 :
2975 2481 2995 2514 ι
3020 2462 3170 2530 Quod
3196 2460 3298 2517 fuit
3326 2464 3393 2517 ab
3424 2462 3600 2528 initio,

2033 2554 2175 2625 quod
2201 2554 2526 2620 audivimus,
2555 2552 2698 2623 quod
2726 2552 2959 2608 vidimus
2989 2553 3160 2608 oculis
3203 2552 3426 2620 nostris,
3462 2555 3601 2622 quod

2034 2647 2426 2717 perspeximus,
2465 2654 2520 2700 et
2577 2659 2770 2700 manus
2800 2653 2997 2699 nostrae
3028 2650 3508 2721 contrectaverunt
3538 2645 3607 2698 de

2033 2737 2211 2793 Verbo
2270 2738 2414 2803 vitae,
2433 2747 2488 2793 et
2521 2737 2627 2791 vita
2675 2736 3014 2792 manifestata
3055 2744 3159 2800 est,
3177 2745 3233 2791 et
3273 2736 3526 2803 vidimus,
3551 2745 3607 2791 et

2035 2838 2317 2895 testamur,
2366 2837 2421 2883 et
2469 2829 2853 2882 aunnntiamus
2894 2826 3047 2882 vobis
3102 2826 3267 2880 vitam
3320 2836 3601 2887 aeternam.

2032 2934 2152 2989 quae
2204 2927 2322 2973 erat
2375 2919 2516 2989 apud
2573 2916 2811 2981 Patrem,
2869 2925 2925 2972 et
2981 2917 3231 2986 apparuit
3281 2917 3436 2971 nobis
3463 2916 3532 2972 δί.
3578 2940 3600 2970 ο

2032 3009 2173 3064 Ecce
2224 3008 2423 3063 diserte
2475 3006 2709 3063 alIirmat
2764 3021 2911 3070 eum,
2941 3008 3029 3074 qui
3074 3006 3175 3061 fuit
3221 3006 3289 3061 ab
3349 3007 3521 3072 initio,
3551 3015 3608 3060 ct

2032 3100 2206 3153 visum
2263 3112 2406 3163 esse,
2453 3107 2510 3152 et
2560 3097 2881 3167 palpahiiem
2947 3096 3151 3151 factum
3204 3111 3346 3152 esse.
3391 3097 3603 3152 Etenim

356 3192 449 3247 τοῦ
489 3191 758 3262 σώματος,
787 3191 884 3244 καὶ
920 3191 1020 3253 τὰς
1064 3190 1377 3262 διατρήσεις
1409 3192 1521 3246 τῶν
1571 3194 1734 3263 ἥλων.
1769 3196 1929 3264 Γεγε-

2034 3186 2290 3253 Thomas,
2320 3195 2667 3257 posteaquam
2708 3200 2901 3240 manus
2940 3185 2993 3239 in
3047 3185 3209 3251 latus,
3242 3196 3296 3241 et
3325 3187 3523 3257 digitos
3549 3186 3603 3240 in

355 3285 549 3355 νῆσθαι
593 3282 650 3338 δέ
689 3300 821 3355 φησι
860 3282 986 3346 τοὺς
1016 3282 1203 3351 ἁγίους
1244 3283 1575 3350 ἀποστόλους
1607 3287 1701 3343 καὶ
1730 3288 1758 3340 6
1789 3287 1930 3353 θεῖος

356 3377 485 3448 ἡμῖν
526 3375 737 3437 Λουκᾶς
782 3374 1055 3437 αὐτόπτας
1104 3390 1164 3426 τε
1214 3375 1307 3427 καὶ⁸
1359 3375 1641 3447 ὑπηρέτας
1693 3378 1785 3432 τοῦ
1822 3379 1927 3433 Λό-

356 3485 452 3539 γου
472 3483 486 3499 °
518 3466 711 3536 γέγονε
747 3464 857 3536 γάρ
888 3465 1139 3535 ἐμφανὴς
1165 3466 1193 3519 6
1221 3468 1539 3536 ἀσώματος,
1570 3471 1666 3522 καὶ
1696 3472 1869 3535 ἀπτὸς
1901 3472 1929 3524 6

357 3560 598 3631 ἀναφής’
629 3558 729 3611 οὐκ
774 3557 977 3611 ὀθνεῖον
1007 3556 1145 3627 ἔχων
1176 3558 1493 3629 περίῆλημα
1539 3560 1637 3633 τὴν
1685 3563 1793 3616 ἀπὸ
1826 3564 1928 3633 γῆς

360 3650 564 3723 σάρκα,
602 3640 885 3703 ἀλλ”ῐδιον
919 3647 1089 3718 αὐτὴν
1126 3649 1496 3719 ποιησάμενος
1541 3653 1686 3719 ναὶν,
1736 3656 1830 3708 καὶ
1869 3657 1927 3708 ὲν

358 3744 495 3814 αὐτῇ
530 3783 544 3808 ,
571 3740 665 3794 καὶ
703 3741 798 3793 σὺν
826 3739 961 3809 αὐτῇ
995 3739 1397 3810 γνωριζόμενος
1427 3742 1499 3804 ὡς
1529 3743 1660 3807 Θεὸς
1690 3747 1785 3798 καὶ
1816 3746 1929 3799 Κύ..

361 3852 495 3906 ριος.
536 3831 857 3903 Γεγραφότα
902 3831 959 3883 δὲ
1002 3826 1159 3884 οἶσθά
1205 3848 1309 3885 που
1356 3834 1451 3886 καὶ
1492 3833 1583 3888 τὸν
1633 3834 1927 3907 ἱερώτατον

358 3924 601 3979 Παῦλονο
643 3942 661 3974 ι
691 3922 877 3984 Οὐδεὶς
909 3920 1017 3992 γάρ
1064 3920 1221 3991 ἡμῶν
1260 3921 1438 3992 ἑαυτῷ
1475 3921 1539 3994 ζῇ
1562 3963 1575 3989 ,
1616 3925 1708 3978 καὶ
1750 3927 1929 3990 οὐδεὶς

356 4014 535 4087 ἐαυτῷ
575 4014 930 4085 ἀποθνήσκει.
967 4013 1091 4065 Ἐάν
1129 4029 1189 4065 τε
1232 4013 1345 4085 γάρ
1389 4014 1589 4085 ζῶμεν,
1627 4016 1705 4087 τῷ
1739 4019 1930 4090 Κυρίῳ

357 4107 575 4176 ζῶμενο
617 4106 711 4158 ἐάν
748 4122 807 4157 τε
856 4102 1309 4173 ἀποθνήσκωμεν,
1338 4104 1416 4174 τῷ
1452 4108 1643 4178 Κυριῳ
1686 4108 1927 4181 ἀποθνή-

358 4210 594 4267 σκομεν’
637 4196 733 4248 ἐάν
772 4212 830 4246 τε
872 4192 963 4247 οὖν
994 4192 1194 4263 ζῶμεν,
1230 4194 1325 4247 ἐάν
1365 4212 1424 4247 τε
1470 4197 1925 4269 ἀποθνήσκωμεν,

353 4289 449 4343 τοῦ
481 4286 688 4358 Κυρίου
723 4284 909 4355 ὲσμέν.
950 4285 1044 4348 Εἰς
1075 4284 1232 4337 τοῦτο
1272 4285 1381 4355 γὰρ
1413 4287 1650 4357 Χριστὸς
1694 4290 1931 4347 ἀπέθανε

356 4379 451 4431 καλ⁹
475 4375 689 4445 ἔζησεν,
718 4375 804 4428 ἵνα
828 4372 1038 4443 νεκρῶν
1067 4373 1161 4425 καὶ
1189 4372 1409 4437 ζώντων
1442 4375 1727 4450 κυριεύσῃ.
1755 4398 1774 4431 ι

2035 3280 2307 3335 clavorum
2363 3278 2626 3335 foramina
2676 3277 2963 3343 intulisset,
3006 3278 3185 3332 statim
3229 3278 3551 3332 exclamavit
3588 3296 3604 3334 :

2040 3390 2058 3424 ι
2088 3372 2348 3427 Dominus
2373 3386 2544 3435 meus,
2582 3378 2637 3424 et
2666 3369 2809 3425 Deus
2850 3384 3002 3423 meus
3028 3369 3097 3423 ".
3134 3387 3153 3421 ι
3185 3369 3323 3436 Quin
3373 3370 3608 3425 eximius

2035 3477 2250 3532 quoque
2276 3462 2609 3532 evangelista
2648 3459 2827 3515 Lucas
2856 3471 3074 3516 sanctos
3119 3460 3389 3530 apostolos
3444 3460 3606 3516 Verbi

2036 3563 2392 3625 spectatores,
2442 3553 2683 3623 ejusdem
2742 3551 3023 3605 ministros
3087 3551 3361 3605 exstitisse
3409 3550 3484 3604 ait
3510 3550 3604 3605 "z

2037 3660 2160 3700 nam
2198 3645 2286 3715 qui
2317 3644 2561 3714 corporis
2577 3657 2769 3713 expers
2803 3652 2943 3708 erat,
2964 3642 3137 3697 factus
3155 3652 3237 3697 est
3257 3642 3603 3712 spectabilis:

2034 3748 2088 3794 et
2108 3737 2200 3807 qui
2230 3736 2370 3806 tangi
2396 3750 2499 3790 non
2524 3746 2755 3805 poterat,
2778 3745 2991 3790 terrena
3014 3751 3179 3791 carne
3200 3751 3305 3790 non
3343 3745 3600 3806 tanquam

2034 3837 2297 3885 extraneo
2335 3828 2567 3892 amictu,
2600 3827 2693 3882 sed
2723 3838 2981 3895 tanquam
3011 3828 3227 3898 proprio
3259 3829 3458 3897 templo
3486 3844 3606 3883 sese

2035 3921 2283 3983 induens,
2330 3918 2505 3973 factus
2560 3927 2641 3972 est
2684 3917 2986 3987 palpabilis,
3020 3928 3076 3973 et
3123 3920 3172 3972 in
3220 3918 3354 3988 ipsa,
3378 3926 3434 3972 et
3480 3933 3602 3973 cum

2035 4012 2147 4083 ipsa
2164 4010 2326 4065 etiam
2360 4011 2436 4064 uti
2456 4008 2596 4063 Deus
2625 4020 2680 4063 et
2703 4009 2960 4064 Dominus
2986 4009 3234 4080 cognitus
3262 4008 3380 4064 fuit.
3411 4009 3603 4065 Memio

2036 4102 2195 4157 nistis
2249 4114 2463 4171 quoque
2514 4101 2946 4155 sacratissimum
2995 4100 3218 4155 Paulum
3277 4100 3473 4155 alicubi
3528 4102 3603 4156 ita

2034 4192 2351 4260 scripsisse:
2387 4209 2406 4243 ι
2428 4190 2598 4246 Nemo
2628 4201 2869 4246 nostrum
2904 4191 3005 4246 sibi
3034 4190 3185 4256 vivit,
3209 4198 3264 4247 et
3296 4208 3455 4247 nemo
3487 4193 3591 4249 sibi

2034 4285 2282 4341 moritur.
2320 4285 2446 4340 Sive
2489 4284 2742 4349 vivimus,
2778 4284 3005 4340 Domino
3050 4284 3309 4351 vivimus,
3343 4288 3458 4341 sive
3492 4302 3606 4342 tno-

2042 4378 2236 4443 rimur,
2280 4377 2511 4433 Domino
2544 4375 2826 4431 morimur.
2854 4374 2980 4431 Sive
3020 4389 3151 4446 ergo
3193 4376 3445 4443 vivimus,
3489 4377 3607 4435 sive

355 4470 642 4535 morimur,
682 4466 890 4522 Domini
936 4481 1140 4521 sumus.
1183 4465 1240 4521 In
1282 4467 1384 4523 hoc
1422 4470 1563 4527 enim
1608 4470 1855 4529 Christus
1910 4483 2156 4532 mortuus
2204 4481 2325 4541 est,
2356 4481 2410 4530 et
2446 4472 2763 4537 resurrexit,
2816 4479 2874 4526 ut
2926 4480 2980 4529 et
3042 4471 3289 4529 vivorum
3346 4484 3402 4531 et
3454 4491 3605 4532 mor-

357 4577 570 4622 tuorum
610 4564 916 4619 dominetur
937 4562 1002 4615 “.
1029 4580 1048 4613 ι

423 4662 555 4717 Ml".
606 4662 845 4732 Ἀραρεν
873 4654 964 4712 οὖν
997 4639 1233 4730 ἀληθῶς,
1267 4659 1347 4713 ὅτι
1395 4661 1750 4734 κεκυρίευκεν
1798 4664 1929 4736 ἀλη-

2100 4662 2283 4721 XLlll.
2330 4663 2467 4720 Vere
2499 4664 2683 4734 itaque
2714 4662 2959 4727 decebat,
2995 4673 3053 4719 ut
3084 4664 3330 4719 vivorum
3367 4673 3607 4720 mortuo.

354 4754 463 4818 θῶς
493 4752 704 4824 νεκρῶν
736 4769 795 4805 τε
821 4753 914 4805 καὶ
958 4750 1177 4815 ζώντων
1203 4754 1230 4805 6
1282 4750 1356 4822 μὴ
1389 4752 1575 4824 ἑτέρου
1621 4772 1713 4807 του
1745 4756 1922 4829 χάριν,

354 4844 492 4916 πλὴν
526 4845 608 4898 ὅτι
643 4842 796 4896 τοῦδέ
832 4859 892 4895 τε
941 4844 1037 4896 καὶ
1074 4844 1257 4914 μόνου,
1290 4844 1523 4907 τεθνεὼς
1557 4848 1649 4902 καὶ
1696 4850 1927 4920 ἐγηγερ-

355 4937 536 5008 μένος.
566 4936 701 4989 Τίνα
728 4936 793 5007 δὴ
830 4930 922 4988 οὖν
951 4935 1057 5007 ἀρα
1092 4936 1294 5006 φαμὲν,
1324 4937 1399 5000 ώς
1429 4938 1595 4991 ὑπέδυ
1628 4940 1727 5010 μὲν
1758 4939 1925 4995 θάνα-

348 5044 461 5089 τον,
496 5026 694 5080 ἀνεϐίω
741 5025 787 5078 δ’
816 5021 907 5093 αὖ,
943 5025 977 5097 ἢ
1025 5026 1116 5079 τὸν
1148 5026 1277 5080 Υίὸν
1323 5027 1597 5099 δηλονότι;
1653 5029 1797 5083 Ἀλλ’
1843 5033 1925 5085 ὅτι

352 5117 451 5189 μὲν
478 5118 568 5172 τὸν
588 5119 737 5183 Υίὸν,
776 5116 1130 5179 ἁπαστισοῦν,
1166 5112 1339 5188 οἶμαι,
1375 5120 1716 5173 συννεύσειεν
1738 5120 1822 5175 ἀν.
1855 5121 1920 5174 Τί

347 5204 441 5261 οὖν
474 5206 735 5279 ὲροῦμεν;
767 5206 969 5277 πότερα
998 5205 1188 5277 θνητός
1217 5205 1277 5258 τὲ
1303 5208 1419 5260 ἐστι
1454 5208 1549 5261 καὶ
1578 5209 1753 5281 φθορᾷ
1783 5210 1920 5264 κάτ-

346 5316 470 5369 οχος
502 5302 530 5352 6
579 5300 644 5351 ὲκ
683 5297 818 5350 Θεοῦ
853 5298 1065 5368 Πατρὸς
1090 5297 1282 5365 Λόγος,
1310 5297 1343 5367 ἢ
1380 5297 1522 5369 πέρα
1561 5298 1793 5354 θανάτου
1826 5303 1921 5355 καὶ

347 5389 552 5461 φθορᾶς
584 5388 820 5460 ἀμείνων
847 5388 924 5452 ώς
966 5388 1115 5459 {cui};
1164 5387 1356 5440 Καίτοι
1417 5389 1533 5451 πῶς
1563 5390 1661 5461 οὐχ
1716 5390 1920 5446 ἅπασιν

347 5479 595 5549 ἐναργὲς,
625 5480 705 5533 ὅτι
745 5478 976 5532 θανάτου
1015 5479 1277 5549 κρείττων
1322 5478 1397 5539 ὡς
1435 5477 1589 5550 ζωῆς
1636 5476 1771 5535 Εἶτα
1804 5482 1921 5545 πῶς

348 5570 575 5639 γέγονεν
600 5573 656 5623 ὲν
682 5574 893 5641 νεκροῖς
922 5569 1015 5623 καὶ
1039 5569 1337 5641 ἐλεύθερος,
1362 5568 1505 5623 κατὰ
1543 5568 1643 5633 τάς
1667 5572 1706 5623 Γ
1712 5572 1889 5641 ραφάς
1910 5590 1924 5637 ;

346 5662 569 5733 τεθναίη
601 5663 710 5733 γάρ
739 5661 855 5716 οὔτι
903 5678 1006 5715 που
1056 5660 1177 5714 καθ’
1207 5660 1394 5713 ἑαυτὸν
1435 5662 1462 5713 6
1513 5660 1701 5729 Λόγος.
1746 5662 1926 5733 Φαμὲν

233 5833 238 5838 ’
328 5874 333 5877 -
424 5836 855 5902 '°lCor.x,‘2-.i.
931 5833 1192 5889 "lJoan.
1226 5834 1423 5900 1,1,2.
1502 5832 1947 5900 “Joan.xx,28.

2029 4773 2258 4829 rumque
2293 4757 2683 4822 dominaretur,
2718 4757 2809 4828 qui
2848 4756 3043 4810 nullius
3081 4756 3333 4820 alterius,
3370 4756 3461 4810 sed
3502 4757 3604 4810 hu-

2026 4850 2116 4921 jus
2145 4851 2314 4906 solius
2345 4862 2530 4913 causa,
2562 4856 2616 4904 et
2646 4856 2892 4904 mortuus
2922 4855 3082 4909 esset,
3114 4854 3169 4900 et
3199 4846 3501 4903 revixisset.
3526 4846 3601 4901 At

2032 4954 2193 5009 quem
2221 4939 2405 5006 alium,
2433 4952 2641 5009 quaeso,
2669 4946 2894 4993 mortem
2927 4936 3183 4999 subiisse,
3210 4937 3514 5004 iterumque
3544 4936 3599 4991 in

2031 5029 2196 5083 vitam
2242 5029 2469 5085 rediisse
2514 5029 2849 5099 putabimus,
2896 5042 3057 5096 quam
3108 5026 3336 5081 Filium?
3380 5024 3597 5081 Nullum

2028 5118 2209 5190 itaque
2235 5119 2431 5184 alium;
2461 5134 2634 5190 neque
2660 5119 2712 5172 id
2746 5118 2905 5183 ullus,
2932 5117 3143 5187 Opinor,
3171 5114 3383 5172 inficias
3414 5117 3593 5171 iverit.

2028 5210 2164 5278 Quid
2208 5211 2371 5281 igitur
2404 5210 2682 5266 dicemus?
2724 5209 2964 5278 nunquid
3013 5209 3101 5263 Dei
3145 5207 3323 5262 Patris
3364 5206 3596 5261 Verbum

2030 5302 2188 5356 morti
2213 5302 2654 5371 corruptioniqne
2676 5301 2967 5356 obnoxium
2993 5315 3134 5365 esse,
3161 5316 3227 5354 an
3251 5301 3428 5369 potius
3449 5299 3594 5354 omni

2028 5400 2238 5456 morte,
2287 5391 2541 5461 omnique
2586 5391 2963 5459 corruptione,
3013 5390 3444 5461 quandoquidem
3488 5390 3593 5444 vita

2025 5490 2125 5544 est,
2159 5482 2505 5551 praestantius
2533 5484 2694 5538 esse?
2723 5482 2910 5552 Atqui,
2946 5493 3005 5537 ut
3033 5483 3139 5537 vita
3172 5491 3272 5547 est,
3305 5490 3477 5535 morte
3506 5496 3597 5536 su-

2025 5571 2206 5639 pcrius
2234 5586 2374 5639 esse,
2404 5574 2525 5641 quis
2557 5588 2660 5627 non
2692 5573 2873 5627 videt?
2902 5573 3180 5639 Quomodo
3210 5574 3373 5644 igitur
3396 5588 3593 5627 secun-

2026 5664 2152 5717 dum
2197 5662 2506 5734 Scripturas
2524 5664 2571 5696 ⁸⁸
2605 5665 2749 5720 inter
2793 5676 3034 5720 mortuos
3072 5664 3301 5720 liberum
3347 5664 3595 5721 exstitit?

2027 5838 2223 5897 “Luc.
2251 5839 2359 5907 ιβ.
2438 5840 2481 5874 ⁸⁵
2501 5841 2657 5899 Rom.
2682 5856 2794 5911 xlv,
2818 5842 2872 5909 7,
2903 5842 2955 5901 8.
3026 5842 3071 5876 ⁵³
3100 5841 3245 5902 Psal.
3268 5859 3510 5909 Lxxxvn,
3533 5841 3587 5900 6.
