4058 6484
611 374 748 429 H99

1596 367 1648 422 S.
1689 365 1963 423 CYRILLI
2002 361 2470 421 ALEXANDRINI
2507 363 2826 422 ARCHIEP.

3711 321 3900 422 “1200

607 487 754 541 Sane
783 483 908 540 licet
931 482 1164 539 Verbum
1195 495 1290 554 per
1315 496 1372 538 se
1401 479 1569 535 cruori
1602 494 1940 550 nequaquam
1969 478 2180 545 valeat,

2294 475 2398 544 οὖν,
2447 480 2528 534 ὅτι
2565 479 2870 552 τεθνεώσης
2903 479 3066 535 αὑτοῦ
3094 481 3198 553 τῆς
3229 480 3448 555 σαρκὸς,
3497 479 3698 543 αὐτὸς
3739 477 3900 533 τοῦτο

607 587 846 630 attamen
884 587 1053 629 carne
1092 572 1236 628 illius
1278 569 1722 635 intermoriente,
1757 570 1932 639 ipsum
1967 584 2181 641 quoque

610 677 834 721 mortem
867 679 1186 736 perpessum
1222 673 1371 718 recte
1403 664 1742 734 perhibetur.
1774 661 1942 734 Igitur
1970 662 2060 732 qui
2095 675 2182 716 se-

607 759 840 812 cundum
872 756 1054 811 carnis
1084 754 1255 825 legem
1275 795 1291 821 ,
1321 755 1723 824 humanamque
1755 763 2004 808 naturam
2037 768 2181 808 mor-

606 857 732 907 tuus
759 858 862 914 est,
891 860 946 905 et
973 847 1300 912 resurrexit;
1333 847 1475 902 idem
1507 847 1596 902 ille
1626 861 1730 902 non
1761 847 1964 914 absque
1994 860 2179 912 carne,

608 944 718 999 imo
751 957 882 998 vero
919 955 1042 997 cum
1081 954 1281 1002 carne,
1316 947 1372 993 et
1407 939 1460 992 in
1500 952 1664 993 carne
1701 936 1916 1007 imperii
1952 937 2180 1006 gloriam

607 1035 869 1099 obtinuit;
905 1033 1231 1103 planumque
1263 1029 1412 1093 fecit,
1441 1027 1544 1100 41
1578 1036 1805 1083 mortem
1835 1027 2052 1096 quidem
2087 1041 2183 1081 na-

607 1134 744 1181 tura:
777 1127 1021 1180 humanm
1051 1121 1387 1176 aﬁectionem
1415 1134 1564 1182 esse;
1595 1134 1625 1172 a
1655 1119 1881 1172 mortuis
1912 1127 2093 1178 autem
2124 1132 2183 1174 se

611 1217 787 1272 denuo
826 1214 1086 1278 excitare,
1125 1212 1322 1266 divinae
1360 1211 1576 1300 virtutis
1619 1225 1776 1280 opus.
1815 1208 1935 1276 Quo
1979 1209 2180 1265 factum

611 1315 718 1371 est,
751 1316 810 1362 ut
844 1321 939 1375 per
972 1313 1260 1374 utrumque
1292 1311 1669 1373 cognoscatur,
1706 1310 1761 1357 et
1798 1302 1951 1356 nobis
1985 1302 2182 1358 similis

612 1411 669 1454 ut
692 1398 870 1460 homo,
896 1407 951 1451 et
979 1395 1132 1449 nobis
1160 1409 1374 1449 rursum
1407 1395 1656 1464 superior
1680 1403 1736 1447 ut
1766 1394 1926 1459 Deus,
1954 1394 2177 1448 univer-

610 1502 904 1557 sorumque
930 1485 1207 1552 Dominus,
1232 1485 1322 1556 qm
1349 1486 1512 1538 etiam
1541 1495 1667 1538 ante
1693 1494 2028 1554 assumptam
2059 1498 2183 1538 car-

613 1596 732 1636 nem
769 1595 872 1634 una
908 1593 1027 1633 cum
1068 1575 1226 1632 Patre
1261 1591 1360 1631 suo
1397 1577 1676 1646 regnabat.
1712 1578 1891 1646 Atque
1927 1575 2084 1632 talem
2121 1575 2186 1631 il-

613 1672 720 1726 lum
775 1685 896 1725 esse
952 1669 1286 1738 intelligebat
1338 1665 1675 1732 Nathauael,
1731 1682 1856 1723 cum
1909 1667 2114 1722 diceret
2169 1684 2183 1722 :

2281 572 2499 640 λέγεται
2529 570 2742 627 παθεῖν.
2777 570 2988 625 Οὐκοῦν
3009 573 3071 626 οὐ
3096 572 3219 643 δίχα
3251 572 3472 645 σαρκὸς,
3506 573 3630 625 σὺν
3658 571 3814 639 αὐτῇ
3843 571 3899 623 δὲ

2285 660 2486 731 μᾶλλον
2535 661 2632 714 καὶ
2674 662 2732 714 ὲν
2777 662 2914 733 αὐτῇ
2945 662 3045 734 τὴν
3075 662 3176 733 τῆς
3204 663 3527 732 κυριότητος
3585 658 3900 725 ἀνεδέξατο

2280 750 2460 815 δόξαν,
2483 751 2512 803 6
2539 750 2689 822 νόμῳ
2720 751 2921 823 σαρκὸς
2945 751 3043 806 καὶ
3065 751 3225 822 φύσει
3248 755 3314 824 τῇ
3348 752 3465 805 καθ’
3493 752 3674 822 ἡμᾶς
3704 749 3901 821 τεθνηο

2281 843 2415 908 κὼς,
2452 843 2548 897 καὶ¹
2575 843 2950 915 ἐγηγερμένος
2971 861 2984 876 ·
3011 843 3353 916 ἀνθρώπινον
3391 845 3488 916 μὲν
3519 845 3593 896 τὸ
3631 841 3896 896 τεθνάναι

2283 936 2476 1001 πάθος,
2502 937 2782 1008 ἐνέργημα
2811 936 2868 990 δὲ
2897 936 3077 991 θεῑκὸν
3102 937 3162 990 τὸ
3187 937 3483 990 ἀναϐιῶναι
3508 936 3779 1000 δεικνὺς,
3814 936 3899 988 ἵνα

2282 1026 2349 1078 δι’
2380 1027 2583 1096 ἀμφοῖν
2612 1026 2950 1099 γνωρίξηται
2983 1025 3104 1079 καθ’
3149 1027 3298 1097 ἡμᾶς
3337 1044 3395 1079 τε
3425 1027 3576 1097 ἅμα,
3620 1025 3728 1079 καὶ
3760 1025 3899 1096 ὑπὲρ

2282 1118 2427 1187 ἡμᾶς
2454 1117 2529 1180 ὼς
2552 1117 2704 1181 Θεὸς,
2735 1118 2828 1171 καὶ
2860 1117 2970 1170 τῶν
2992 1117 3128 1171 ὅλων
3157 1116 3397 1187 γεγονὼς
3425 1117 3626 1189 ὁρῷτο
3661 1116 3894 1188 Κύριος,

2283 1213 2310 1266 ὁ
2341 1212 2435 1265 καὶ
2478 1210 2584 1281 πρὸ
2639 1210 2842 1281 σαρκὸς
2882 1209 3182 1280 βασιλεύων
3229 1209 3370 1282 μετὰ
3423 1208 3522 1262 τοῦ
3587 1209 3736 1262 ἰδίου
3787 1209 3898 1263 [ια-

2283 1301 2431 1371 τρός.
2460 1300 2646 1364 Οὕτως
2664 1300 2824 1355 αὑτὸν
2853 1303 2882 1353 6
2897 1301 3189 1372 Ναθαναὴλ
3205 1300 3624 1370 ἐπιγινώσκων,
3647 1300 3862 1369 ἔφασκε
3877 1317 3892 1330 ⁸

2291 1412 2308 1446 ι
2361 1391 2573 1455 Ῥαὸϐὶ,
2605 1392 2669 1445 σὺ
2697 1387 2748 1444 εἷ
2779 1394 2807 1446 6
2839 1391 2966 1456 Υἱὸς
3011 1391 3104 1445 τοῦ
3152 1391 3311 1455 Θεοῦ,
3361 1392 3426 1444 σὺ
3459 1386 3510 1444 εἷ
3545 1391 3581 1442 ὁ
3635 1389 3894 1459 βασιλεὺς

2285 1481 2379 1534 τοῦ
2446 1481 2688 1552 Ἰσραήλ.
2736 1500 2755 1534 ι
2815 1482 2988 1545 Αὐτὸς
3033 1481 3090 1534 δὲ
3137 1483 3250 1544 τοῖς
3301 1479 3498 1534 ἑαυτοῦ
3566 1481 3887 1551 μαθηταῖς·

2294 1595 2311 1628 ι
2347 1576 2537 1646 Ὑμεῖς
2569 1575 2788 1629 καλεῖτέ
2812 1592 2903 1646 με,
2932 1575 3118 1646 φησιν,
3148 1575 3176 1626 6
3198 1574 3400 1644 Κύριος
3431 1573 3577 1627 καὶὸ
3613 1573 3892 1627 Διδάσκαο

2286 1665 2396 1731 λος,
2433 1666 2528 1719 καὶ
2556 1665 2735 1728 καλῶς
2765 1666 2988 1735 λέγετεο
3037 1670 3152 1738 εἰμί
3174 1669 3302 1741 γάρ.
3357 1688 3377 1720 ι
3418 1671 3620 1741 Ἔργῳ
3651 1668 3710 1722 δὲ
3757 1667 3885 1722 αὐτὸ

617 1782 635 1814 ι
670 1762 866 1826 Rabhi,
894 1769 946 1815 tu
979 1775 1038 1816 es
1068 1758 1235 1814 Filius
1268 1759 1383 1826 Dei,
1416 1767 1470 1811 tu
1503 1773 1562 1812 es
1594 1775 1686 1812 rex
1716 1757 1882 1814 Israel
1907 1758 1972 1812 ⁸⁸.
2009 1776 2032 1812 ι
2068 1752 2186 1828 ipse

2294 1758 2669 1828 πιστούμενος,
2698 1759 2882 1831 ἀνίησι
2921 1761 3022 1831 μὲν
3066 1761 3361 1833 ἁμαρτίας,
3397 1761 3668 1828 ἐξουσίαν
3697 1760 3756 1813 δὲ
3800 1760 3886 1813 δὲ-

613 1866 796 1911 autem
826 1855 894 1928 ad
923 1868 1052 1909 suos
1083 1851 1374 1920 discipulos
1401 1850 1475 1904 ita
1502 1850 1756 1905 dicebat:
1792 1868 1810 1902 ι
1847 1850 1952 1907 Vos
1979 1851 2183 1907 vocatis

2294 1849 2432 1902 δωκε
2465 1848 2608 1902 κατὰ
2655 1850 2983 1920 πνευμάτων
3023 1852 3375 1923 ἀκαθάρτων,
3405 1851 3551 1905 ὥστε
3599 1849 3883 1904 ἐκσάλλειν

616 1961 720 2011 me,
753 1945 1006 2014 Magister
1033 1951 1088 1998 et
1118 1941 1363 2006 Domine,
1397 1949 1450 1996 et
1484 1936 1618 1995 bene
1653 1941 1834 1996 dicitis
1868 1955 1884 1994 :
1930 1956 2048 1995 sum
2099 1950 2182 1996 et-

614 2039 758 2094 enim
779 2037 846 2091 ".
891 2054 909 2086 ι
948 2033 1014 2087 Ει
1056 2047 1222 2103 opere
1251 2033 1368 2101 ipso
1398 2031 1580 2086 verbis
1623 2031 1737 2086 suis
1783 2031 1940 2085 ﬁdem
1978 2030 2187 2086 faciens

613 2138 834 2200 peccata
885 2126 1123 2190 remisit,
1165 2130 1598 2192 poteStatemque
1642 2131 1832 2177 contra
1883 2123 2186 2178 immundos

612 2220 836 2288 spiritus
870 2216 1128 2286 apostolis
1164 2215 1502 2284 impertivit;
1542 2228 1649 2282 quo
1685 2214 1938 2268 nimirum
1976 2224 2031 2268 et
2067 2213 2186 2269 illos

612 2311 857 2381 cjiciant,
897 2319 951 2364 et
991 2322 1206 2363 omnem
1249 2316 1509 2374 praterea
1552 2305 1924 2376 atgritudinem
1969 2317 2023 2361 et
2068 2307 2185 2361 lan-

615 2416 834 2473 guorem
885 2400 936 2454 in
991 2398 1185 2469 populo
1229 2405 1440 2452 curent.
1485 2394 1544 2450 In
1595 2397 1811 2452 nomine
1859 2399 2003 2451 enim
2053 2396 2182 2452 Jesu

615 2493 813 2548 Christi
860 2488 1148 2553 Nazareni,
1192 2487 1413 2541 claudus
1456 2485 1548 2553 qui
1589 2485 1656 2540 ad
1703 2485 2016 2554 Speciosam
2061 2501 2187 2554 por-

2290 1940 2450 2003 αὺτὰ,
2480 1940 2575 1996 καὶ
2610 1940 2934 2012 θεραπεύειν
2965 1943 3145 1996 πᾶσαν
3175 1942 3329 1997 νόσον
3359 1943 3456 1996 καὶ⁵
3485 1943 3683 1995 πᾶσαν
3723 1941 3884 2011 μαλαο

2291 2031 2419 2084 κίαν.
2437 2031 2494 2083 ὲν
2512 2029 2590 2101 τῷ
2617 2029 2752 2100 λαῷ.
2795 2031 2883 2083 Ἐν
2905 2031 3131 2103 ὀνόματι
3161 2032 3272 2102 γὰρ
3309 2030 3488 2102 Ἰησοῦ
3514 2031 3767 2102 Χριστοῦ
3791 2031 3877 2084 τοῦ

2291 2121 2616 2192 Ναζωραίου
2646 2121 3043 2193 τεθεράπευται
3083 2125 3183 2194 μὲν
3221 2125 3250 2176 6
3277 2123 3356 2177 τὼ
3399 2124 3532 2177 πόδε
3567 2123 3879 2192 λελωϐημέ-

2293 2229 2402 2276 νος,
2464 2213 2559 2266 καὶ
2590 2216 2656 2282 τῇ
2701 2213 2890 2286 Ὡραίᾳ
2935 2213 3275 2284 προσιζάνων
3317 2215 3486 2286 πύλῃ.
3540 2214 3876 2287 Ἀῥρωστέαν

2291 2304 2348 2357 δὲ
2377 2303 2473 2374 τὴν
2505 2303 2650 2356 οὕτω
2681 2305 2897 2376 μακρὰν
2925 2305 3270 2372 ἀπεσείσατο,
3300 2307 3393 2360 καὶ
3426 2306 3633 2377 κομιδῇ
3668 2304 3873 2358 δυσδιά-

2293 2411 2495 2465 φυκτον
2545 2394 2728 2466 διέδρα
2781 2395 2933 2448 νόσον
2976 2395 3189 2459 Αἰνέας,
3225 2397 3360 2466 πρὸς
3413 2397 3472 2450 ὃν
3517 2398 3549 2448 6
3596 2395 3873 2455 Θεσπέσιος

2292 2485 2396 2556 ἔφη
2425 2485 2660 2556 Πέτρος·
2697 2505 2716 2538 ι
2761 2487 2948 2554 Αἰνέα,
2978 2488 3120 2541 ἰᾶταί
3166 2505 3224 2541 σε
3270 2488 3479 2559 Ἰησοῦς
3514 2491 3545 2542 6
3572 2489 3862 2561 Χριστός.»

619 2596 729 2640 tam
779 2583 1031 2647 sedebat,
1079 2589 1310 2646 sanatus,
1347 2578 1517 2633 est".
1566 2577 1690 2631 Pari
1739 2571 1902 2633 modo
1947 2576 2184 2644 IEneas,
2221 2592 2343 2632 cum
2406 2579 2712 2634 diutissime
2781 2581 3176 2649 azgrotavisset,
3212 2581 3512 2647 convaluit,
3547 2590 3607 2635 et
3639 2581 3870 2633 morbum

620 2687 756 2743 pene
791 2667 1241 2724 iuunedicahilem
1278 2666 1485 2731 evasit;
1522 2680 1644 2720 cum
1691 2681 1921 2737 magtms
1955 2665 2048 2720 ille
2084 2665 2277 2722 Petrus
2349 2668 2453 2722 hac
2519 2682 2643 2722 eum
2677 2670 2924 2723 oratione
2956 2670 3308 2740 compellaret
3335 2689 3350 2727 :
3380 2689 3399 2722 ι
3467 2669 3677 2737 ΔΕηεει,
3725 2682 3870 2725 sant

622 2781 670 2823 te
706 2763 961 2820 Dominus
991 2759 1146 2815 Jesus
1171 2757 1422 2812 Christus
1443 2757 1512 2808 δ’.

687 2854 872 2912 XLIV.
928 2853 1302 2920 Undecunque
1357 2851 1528 2922 igitur
1570 2849 1635 2904 ad
1688 2850 1974 2905 veritatem
2030 2864 2185 2905 com-

619 2950 790 3020 pulsi,
823 2955 875 3001 et
905 2959 1024 3014 qua:
1056 2943 1228 3000 sacris
1259 2941 1477 2997 Litteris
1509 2943 1724 2997 decreta
1759 2951 1914 3008 sunt,
1948 2943 2190 2997 studiose

2363 2849 2494 2906 ΜΔΖ
2522 2851 2868 2922 Πανταχόθεν
2892 2847 2985 2906 οὖν
3015 2851 3124 2923 ἄρα
3151 2849 3556 2922 συνωθούμενοι
3588 2850 3727 2921 πρὸς
3747 2849 3869 2920 ἀλή-

2291 2944 2474 3009 ίθειαν,
2523 2946 2618 3000 καὶ
2645 2945 2708 2998 τὸ
2752 2947 2863 3008 τοῖς
2897 2946 3062 3016 ἱεροῖς
3107 2944 3404 3016 Γράμμασι
3437 2942 3634 2996 δοκοῦν
3667 2941 3871 3013 ἰχνηλα-

619 3037 862 3093 vcnerari
900 3036 1208 3097 studentes,
1245 3040 1298 3086 et
1331 3030 1553 3085 Patrum
1589 3033 1887 3086 sententias
1918 3032 2189 3098 aemulati,

2296 3037 2406 3087 τεῖν
2432 3030 2490 3087 εὖ
2538 3035 2683 3106 μαλα
2728 3035 3142 3100 σπουδάζοντες,
3168 3036 3266 3089 καὶ
3303 3037 3425 3098 ταῖς
3465 3034 3581 3090 τῶν
3629 3033 3867 3103 πατέρων

621 3145 742 3184 eum
777 3127 868 3196 qui
902 3143 967 3181 ex
1003 3124 1185 3179 radice
1214 3122 1388 3188 Jesse,
1419 3122 1511 3192 qui
1544 3137 1608 3177 ex
1640 3123 1848 3177 semine
1880 3125 2066 3189 David,
2100 3127 2190 3192 qui

623 3239 688 3276 ex
733 3220 956 3274 muliere
997 3215 1295 3272 secundum
1339 3230 1586 3282 carnem,
1624 3215 1716 3284 qui
1762 3215 2043 3270 nobiscum
2091 3215 2193 3281 legi

623 3311 917 3375 obnoxius,
950 3318 1008 3362 ut
1036 3309 1228 3370 homo,
1261 3320 1424 3376 supra
1457 3321 1557 3361 nos
1589 3315 1801 3371 autem,
1835 3317 1890 3361 et
1921 3321 2087 3376 supra
2121 3308 2196 3363 le-

624 3419 771 3473 gem,
801 3411 858 3454 ut
889 3400 1028 3454 Deus
1061 3416 1074 3452 :
1108 3397 1200 3466 qui
1233 3405 1455 3468 propter
1487 3411 1604 3461 nos,
1640 3407 1953 3466 nostraeque
1983 3407 2192 3452 naturae

626 3492 1058 3550 similitudinem.
1084 3488 1364 3544 nobiscum
1391 3488 1536 3542 inter
1559 3497 1802 3543 mortuos
1827 3487 2045 3544 habitus
2070 3499 2152 3544 est
2176 3507 2191 3544 :

625 3585 716 3655 qui
751 3598 912 3652 supra
949 3596 1046 3636 nos
1079 3579 1310 3648 denique
1343 3593 1438 3647 per
1466 3577 1702 3648 seipsum
1737 3588 1793 3634 et
1821 3579 2117 3634 viviﬁcator
2143 3589 2198 3635 et

627 3675 736 3729 vita
775 3682 876 3735 est,
913 3687 1097 3726 verum
1138 3669 1230 3724 Dei
1271 3667 1465 3724 Filium
1505 3683 1632 3726 esse
1672 3670 1981 3737 credimus;
2023 3686 2197 3741 neque

627 3765 1018 3821 humanitatem
1064 3761 1346 3816 divinitate
1390 3761 1704 3832 spoliantes,
1747 3777 1922 3831 neque
1960 3761 2192 3818 Verbum

629 3873 839 3911 rursum
874 3861 994 3924 post
1026 3852 1455 3923 inexplicabilem
1488 3853 1632 3906 illam
1661 3862 1717 3907 et
1746 3868 2002 3908 arcanam
2038 3855 2190 3908 unio-

628 3964 748 4002 nem
793 3947 1129 4000 humanitate
1166 3953 1462 4010 exuentes;
1501 3945 1594 3998 sed
1635 3959 1798 3998 unum
1841 3945 2197 4016 eumdemun

592 4023 599 4029 ’
631 4035 821 4090 Filium
847 4050 911 4089 ex
941 4035 1150 4088 duabus
1180 4031 1339 4086 rebus
1367 4031 1419 4085 in
1451 4046 1613 4085 unum
1641 4031 1931 4100 quoddam,
1959 4035 2100 4101 quod
2128 4049 2194 4088 ex

630 4134 860 4192 utroque
891 4139 995 4178 non
1024 4123 1319 4176 secundum
1352 4130 1555 4174 natura:
1582 4121 1944 4186 eversionem,
1975 4124 2068 4178 sed
2098 4139 2196 4180 ex-

630 4211 1018 4266 cellentlssima
1055 4209 1146 4264 illa
1188 4209 1388 4264 unione
1423 4208 1812 4265 admirabiliter
1846 4211 2195 4270 constitutum

629 4312 731 4366 est,
760 4302 1100 4358 conﬁtcntes.

2297 3127 2552 3197 ἑπόμενοι
2592 3126 2791 3192 δόξαις,
2837 3127 2926 3180 τὸν
2956 3129 3020 3180 ὲκ
3057 3126 3214 3198 ῥίζης
3256 3126 3473 3186 Ἰεσσαὶ,
3497 3126 3593 3179 τὸν
3619 3126 3683 3178 ὲκ
3715 3124 3872 3193 σπέρ-

2300 3235 2465 3289 ματος
2490 3217 2675 3284 Δαυῖδ,
2699 3218 2792 3270 τὸν
2817 3219 2883 3270 ὲκ
2907 3217 3169 3287 γυναικὸς
3203 3216 3346 3295 κατὰ
3386 3216 3593 3286 σάρκα,
3623 3213 3711 3269 τὸν
3755 3210 3865 3284 μεθ’

2294 3310 2453 3385 ἡμῶν
2508 3309 2612 3362 ὑπὸ
2661 3309 2829 3379 νόμον
2877 3307 2953 3372 ὡς
3005 3308 3313 3378 ἄνθρωπον,
3364 3305 3462 3360 καὶ
3512 3307 3663 3377 ὑπὲρ
3705 3305 3858 3374 ἡμᾶς,

2297 3399 2436 3469 ὑπὲρ
2487 3399 2652 3469 νόμον
2697 3397 2770 3462 ὠ..
2821 3397 2978 3464 Θεὸν,
3025 3398 3121 3450 τὸν
3164 3398 3230 3451 δι’
3277 3398 3424 3468 ἡμᾶς
3474 3413 3558 3460 τε,
3612 3395 3705 3450 καὶ
3753 3392 3864 3448 καθ’

2297 3491 2466 3561 ἡμᾶς,
2522 3489 2640 3560 μεθ’
2695 3490 2854 3560 ἡμῶν
2901 3490 2958 3541 ὲν
3011 3489 3248 3559 νεκροῖς,
3296 3487 3389 3540 τὸν
3423 3487 3568 3558 ὑπὲρ
3617 3487 3759 3560 ἡμᾶς
3799 3482 3860 3536 δι’

2299 3582 2494 3636 ἑαυτὸν
2517 3579 2801 3647 ζωοποιὸν,
2831 3580 2925 3634 καὶ
2950 3579 3120 3651 ζωὴν,
3141 3580 3268 3633 Υὶὸν
3293 3576 3429 3634 εἶναι
3457 3579 3556 3632 τοῦ
3583 3577 3715 3632 Θεοῦ
3737 3576 3859 3631 κατὰ

2298 3672 2556 3741 ἀλήθειαν
2604 3669 2971 3741 πιστεύομεν·
3025 3668 3147 3722 οὔτε
3190 3668 3474 3737 ψιλοῦντες
3523 3667 3770 3737 Θεότητος
3807 3664 3859 3717 τὸ

2298 3761 2656 3833 ἀνθρώπινον,
2684 3760 2808 3814 οὗτε
2833 3759 2938 3831 μὴν
2968 3759 3384 3828 ἀνθρωπότητος
3406 3756 3858 3828 ἀπαμφιεννύντες

2298 3853 2387 3905 τὸν
2415 3853 2586 3920 Λόγον
2636 3851 2776 3921 μετὰ
2821 3851 2919 3919 τὴν
2967 3850 3246 3922 ἄφραστόν
3278 3867 3337 3902 τε
3383 3850 3482 3903 καὶ
3519 3847 3854 3920 ἀπερινόητον

2297 3945 2488 3998 ἕνωσιν
2509 3961 2523 3976 ο
2563 3943 2675 3996 ἀλλ’
2708 3944 2804 3997 ἕνα
2841 3944 2934 3996 καὶ
2978 3943 3068 3995 τὸν
3099 3942 3262 3996 αὐτὸν
3288 3941 3679 4012 ὁμολογοῦντες
3723 3937 3850 3999 Υἱὸν,

2297 4037 2360 4088 ὲκ
2385 4036 2529 4088 δυοῖν
2568 4034 2920 4105 πραγμάτοιν
2951 4035 3030 4097 εἰς
3060 4033 3120 4086 ’ἐν
3165 4050 3218 4086 τι
3246 4031 3338 4086 τὸν
3367 4032 3428 4096 ἐξ
3468 4033 3672 4102 ἀμφοῖν
3699 4028 3849 4098 ἀπορ-

2299 4126 2475 4195 ρήτως
2521 4125 2890 4196 ὲκπεφηνότα,
2939 4124 3060 4178 καθ’
3091 4123 3286 4177 ἕνωσιν
3326 4123 3570 4195 δηλονότι
3604 4123 3698 4194 τὴν
3726 4120 3851 4173 ἀνω·

2296 4216 2462 4279 τάτω,
2493 4217 2589 4269 καὶ
2623 4215 2682 4269 ού
2715 4214 2929 4283 φύσεως
2960 4215 3342 4286 παρατροπήν.

700 4391 863 4447 XLV.
901 4390 1072 4448 Porro
1102 4401 1283 4448 autem
1317 4400 1579 4462 quantum
1610 4393 1964 4452 emolumenti
1999 4394 2032 4449 ii
2068 4409 2191 4465 per-

2373 4398 2508 4452 ME'.
2547 4398 2710 4451 Ὅσον
2746 4397 2854 4468 γὰρ
2898 4398 3009 4460 τοῖς
3069 4394 3212 4449 οὕτω
3261 4393 3544 4459 δοξάζουσι
3598 4405 3845 4462 περιεσται

629 4484 838 4554 cepturi
863 4493 1009 4550 sunt,
1035 4484 1124 4552 qui
1149 4484 1219 4538 ita
1243 4482 1504 4547 sentiunt,
1529 4483 1631 4538 hoc
1655 4483 1866 4539 divinus
1890 4483 1975 4539 ille
1999 4484 2200 4540 Christi

630 4574 925 4644 discipulus
958 4575 1042 4630 his
1070 4574 1252 4629 verbis
1283 4573 1524 4630 declarat
1555 4588 1570 4628 :
1609 4593 1628 4626 ι
1666 4573 1800 4642 Qui,
1835 4577 2037 4646 inquit,
2071 4593 2204 4634 con-

631 4669 806 4723 fessus
832 4665 1012 4730 fuerit,
1037 4669 1176 4735 quod
1199 4662 1356 4720 Jesus
1379 4674 1462 4721 est
1486 4663 1657 4722 Filius
1680 4664 1805 4734 Dei;
1831 4668 1884 4724 in
1911 4668 2009 4724 hoc
2037 4669 2200 4736 Deus,

628 4768 682 4814 et
715 4760 830 4829 ipse
857 4757 1095 4813 vicissim
1126 4758 1178 4810 in
1215 4757 1321 4812 Deo
1355 4764 1534 4812 manet
1559 4757 1625 4810 ⁸ο..
1663 4775 1682 4810 ι
1719 4756 1870 4824 Quod
1903 4768 2080 4814 autem
2108 4757 2202 4815 Je-

631 4866 724 4906 sus
751 4849 1024 4912 Christus,
1054 4850 1144 4918 qui
1179 4848 1475 4904 secundum
1496 4863 1722 4904 carnem
1755 4864 1819 4905 ex
1850 4849 2017 4906 David
2048 4861 2202 4907 ortus

632 4948 734 5003 est,
763 4940 830 4994 sit
857 4955 1015 4994 verus
1042 4948 1094 4994 et
1124 4937 1385 4992 naturalis
1416 4935 1510 4992 Dei
1539 4936 1738 5004 Filius,
1769 4949 2037 5008 quatenus
2061 4937 2200 4995 Ver-

631 5032 758 5084 lmm
786 5046 910 5085 caro
936 5029 1134 5084 factum
1167 5029 1432 5083 habitavit
1459 5030 1511 5083 in
1540 5029 1695 5084 nobis
1719 5047 1731 5084 :
1758 5031 1899 5084 istud
1923 5029 2031 5102 42
2063 5031 2200 5086 idem

635 5123 724 5176 ille
748 5119 983 5176 Joannes
1012 5119 1271 5191 ejusmodi
1304 5120 1550 5175 oratione
1577 5106 1831 5190 explanat
1861 5139 1874 5174 :
1911 5139 1930 5174 ‹
1965 5122 2200 5188 Scimus,

634 5215 743 5277 ait,
779 5213 1032 5282 quoniam
1069 5211 1236 5266 Filius
1273 5209 1367 5266 Dei
1405 5213 1585 5277 venit,
1619 5219 1674 5266 et
1707 5212 1850 5266 dedit
1886 5213 2040 5268 nobis
2074 5229 2202 5268 seu—

632 5321 774 5369 sum,
799 5313 858 5358 ut
881 5318 1268 5375 cognoscamus
1291 5319 1477 5358 verum
1508 5302 1698 5369 Deum,
1723 5312 1777 5358 et
1805 5303 1973 5359 simus
2000 5305 2054 5359 in
2077 5319 2203 5360 vero

633 5395 770 5450 Filio
798 5395 915 5464 ejus
944 5393 1069 5449 Jesu
1101 5392 1320 5449 Christo
1351 5413 1364 5449 :
1399 5395 1486 5449 hic
1515 5403 1600 5450 est
1626 5409 1788 5450 verus
1818 5394 1978 5462 Deus,
2011 5406 2064 5451 et
2092 5399 2203 5450 vita

632 5486 922 5539 mtcrna“:
957 5505 975 5538 ι
1005 5499 1099 5554 per
1122 5485 1293 5556 ipsum
1319 5493 1373 5540 et
1397 5498 1517 5540 cum
1548 5485 1663 5556 ipso
1691 5485 1797 5540 Deo
1821 5484 1966 5540 Patri
1996 5487 2065 5542 sit
2090 5489 2204 5556 glo-

635 5577 734 5645 ria,
755 5592 874 5632 cum
901 5586 1085 5632 sancto
1107 5587 1162 5633 et
1187 5577 1458 5631 adorando
1481 5585 1534 5632 et
1559 5578 1772 5634 viviﬁco
1801 5579 2028 5649 Spiritu,
2057 5595 2202 5636 nunc

631 5678 686 5723 ct
718 5685 929 5740 semper
956 5678 1010 5726 et
1045 5670 1096 5725 in
1132 5668 1326 5726 stecula
1363 5669 1704 5725 saeculorum.
1736 5672 1928 5726 Amen.

697 5786 740 5815 "
778 5781 934 5838 Joan.
964 5799 1000 5850 ι,
1037 5781 1120 5837 l9.
1187 5783 1228 5816 ⁵⁷
1256 5780 1410 5840 Joan.
1454 5797 1572 5849 χιιι,
1597 5783 1681 5838 15.
1759 5783 1805 5815 ⁵⁸
1831 5783 1952 5840 Act.
1985 5799 2070 5851 ιιι,
2099 5784 2152 5840 9.

2305 5788 2424 5842 Act.
2476 5801 2552 5855 ut,
2582 5787 2672 5842 50.
2750 5787 2794 5818 ⁶⁰
2825 5785 3019 5843 lJoan.
3056 5803 3130 5852 tv,
3166 5787 3252 5841 15.

2302 4489 2362 4542 τὸ
2392 4489 2600 4560 κέρδος,
2626 4491 2877 4558 σαφηνιεῖ
2899 4487 3127 4557 γράφων
3153 4489 3182 4540 6
3208 4485 3302 4540 τοῦ
3325 4484 3561 4557 Χριστοῦ
3593 4483 3843 4556 μαθητής⁶

2309 4599 2327 4631 ι
2371 4582 2467 4643 Ὃς
2508 4581 2573 4634 ἂν
2621 4580 2950 4651 ὁμολογήσῃ,
3001 4581 3084 4633 ὅτι
3116 4578 3324 4649 Ἰησοῦς
3366 4581 3513 4631 ἐστιν
3555 4579 3585 4631 ὁ
3627 4578 3738 4638 Υἱὸς
3763 4569 3841 4625 τοῦ

2302 4671 2458 4737 Θεοῦ,
2491 4675 2518 4727 ό
2547 4672 2677 4735 Θεὸς
2702 4674 2758 4724 ὲν
2781 4671 2929 4742 αὐτῷ
2960 4672 3133 4742 μένει,
3171 4672 3266 4723 καὶ
3294 4663 3448 4733 οὗτος
3476 4670 3535 4723 ὲν
3561 4669 3640 4740 τῷ
3673 4662 3793 4735 Θεῷ.
3823 4679 3838 4711 ι

2305 4765 2426 4818 Ὅτι
2475 4765 2531 4817 δὲ
2587 4763 2795 4834 Ἰησοῦς
2837 4763 3072 4836 Χριστὸς
3117 4765 3146 4816 6
3182 4765 3248 4818 ὲκ
3293 4761 3458 4817 Δαυῖδ
3487 4761 3630 4815 κατὰ
3672 4759 3838 4826 σάρκα.

2303 4855 2442 4908 κατὰ
2471 4853 2630 4923 φύσιν
2669 4854 2762 4906 καὶ
2807 4854 3022 4924 ἀληθῶς
3068 4855 3215 4908 ἐστιν
3258 4854 3381 4918 Υἱὸς
3410 4852 3506 4907 τοῦ
3535 4851 3692 4916 Θεοῦ,
3728 4843 3840 4901 κσθδ

2303 4946 2493 5014 γέγονε
2523 4945 2660 5014 σὰρξ
2688 4947 2715 5000 6
2750 4945 2943 5013 Λόγος,
2979 4945 3074 4998 καὶ⁹
3105 4947 3411 5017 ἐσκήνωσεν
3437 4947 3496 4998 ἐν
3517 4945 3670 5015 ἡμῖν,
3700 4953 3836 4994 κατα·

2304 5038 2562 5105 σφραγιεῖ
2603 5035 2778 5104 λέγων
2821 5036 2850 5087 6
2897 5036 3058 5105 σοφὸς
3114 5036 3364 5106 Ἰωάννης
3389 5053 3403 5066 ·
3440 5053 3459 5086 ι
3502 5035 3614 5088 Καὶ
3656 5031 3838 5098 οἴδαμεν

2302 5127 2383 5180 ὅτι
2415 5127 2540 5190 Υἱὸς
2575 5127 2668 5180 τοῦ
2701 5127 2834 5180 Θεοῦ
2881 5127 3028 5198 ἥκει,
3081 5129 3174 5182 καὶ
3223 5127 3420 5181 ἔδωκεν
3457 5129 3591 5197 ἡμῖν
3621 5125 3833 5179 διάνοιαν.

2305 5219 2391 5271 ἴνα
2421 5217 2774 5290 γινώσκωμεν
2801 5220 2891 5273 τὸν
2923 5220 3173 5290 ἀληθινὸν
3201 5219 3351 5273 Θεόν.
3383 5219 3492 5274 Καὶ
3520 5219 3680 5287 ἐσμὲν
3703 5217 3759 5290 ὲν
3776 5207 3837 5276 τῷ

2303 5305 2560 5376 ἀληθινῷι
2844 5309 2944 5379 ua
2991 5289 3156 5362 ρωπος
3200 5307 3376 5379 nos
3424 5306 3662 5377 χριστῷ.
3702 5289 3836 5352 οὗτός

2304 5400 2450 5451 ἐστιν
2472 5401 2500 5450 ό
2517 5398 2766 5470 ἀληθινὸς
2789 5398 2940 5464 Θεὸς,
2964 5399 3057 5453 καὶ
3079 5398 3192 5470 ζωὴ
3229 5399 3446 5462 αἰώνιος
3465 5413 3479 5428 ·
3506 5397 3602 5450 καὶ
3622 5392 3683 5448 δι’
3703 5379 3833 5441 αὺτοῦ

2303 5505 2361 5540 τε
2394 5489 2486 5542 καὶ⁵
2518 5489 2614 5542 σὺν
2643 5489 2792 5559 αὐτῷ
2821 5489 2899 5561 τῷ
2931 5491 3107 5562 Πατρῖ
3144 5490 3236 5544 καὶ
3263 5490 3382 5562 Θεῷ
3407 5491 3441 5560 ἠ
3483 5489 3631 5554 δόξα,
3661 5485 3742 5539 σὺν
3774 5474 3836 5544 τῷ

2303 5582 2464 5654 ἁγίῳ,
2497 5582 2591 5636 καὶ
2623 5580 3002 5653 προσκυνητιῖῃ
3051 5582 3144 5635 καὶ
3174 5580 3424 5652 ζωοποιῷ
3456 5580 3735 5650 Πνεύματι,
3758 5565 3831 5623 νῦν

2305 5676 2399 5727 καὶ
2423 5675 2528 5740 ἀεὶ,
2561 5675 2653 5728 καὶ
2685 5676 2764 5738 εἰς
2792 5674 2919 5737 τοὺς
2947 5673 3148 5737 αἰῶνας
3176 5673 3284 5727 τῶν
3312 5671 3545 5726 αἰώνων.
3592 5667 3764 5739 Ἀμήν-

3352 5787 3394 5817 ⁶¹
3430 5783 3633 5841 lJoan.
3664 5795 3733 5846 ιιι,
3757 5771 3826 5829 ‘30-
