  <div class='ocr_page' id='page_1' title='image "/cluster/home/n/w/nwhite01/storage/ocr_20150623/76/hvd.32044019207943/608.png"; bbox 0 0 4058 6454; ppageno 0'>
   <div class='ocr_carea' id='block_1_1' title="bbox 128 423 273 482">
    <p class='ocr_par' dir='ltr' id='par_1_1' title="bbox 128 423 273 482">
     <span class='ocr_line' id='line_1_1' title="bbox 128 423 273 482; baseline -0.007 -1"><span class='ocrx_word' id='word_1_1' title='bbox 128 423 273 482; x_wconf 74' lang='grc'><strong>1201</strong></span> 
     </span>
    </p>
   </div>
   <div class='ocr_carea' id='block_1_2' title="bbox 1299 426 2338 491">
    <p class='ocr_par' dir='ltr' id='par_1_2' title="bbox 1299 426 2338 491">
     <span class='ocr_line' id='line_1_2' title="bbox 1299 426 2338 491; baseline 0.008 -8"><span class='ocrx_word' id='word_1_2' title='bbox 1299 426 1385 483; x_wconf 85' lang='lat' dir='ltr'><strong>DE</strong></span> <span class='ocrx_word' id='word_1_3' title='bbox 1424 426 1649 486; x_wconf 78' lang='lat' dir='ltr'><strong>RECTA</strong></span> <span class='ocrx_word' id='word_1_4' title='bbox 1692 427 1848 485; x_wconf 82' lang='lat' dir='ltr'><strong>FIDE</strong></span> <span class='ocrx_word' id='word_1_5' title='bbox 1885 430 1977 486; x_wconf 79' lang='lat' dir='ltr'><strong>AD</strong></span> <span class='ocrx_word' id='word_1_6' title='bbox 2017 431 2338 491; x_wconf 79' lang='lat' dir='ltr'><strong>REGINAS.</strong></span> 
     </span>
    </p>
   </div>
   <div class='ocr_carea' id='block_1_3' title="bbox 3293 426 3435 484">
    <p class='ocr_par' dir='ltr' id='par_1_3' title="bbox 3293 426 3435 484">
     <span class='ocr_line' id='line_1_3' title="bbox 3293 426 3435 484; baseline 0.021 -3"><span class='ocrx_word' id='word_1_7' title='bbox 3293 426 3315 481; x_wconf 81' lang='grc' dir='ltr'><strong>ί</strong></span> <span class='ocrx_word' id='word_1_8' title='bbox 3326 426 3435 484; x_wconf 66' lang='grc' dir='ltr'>ειη</span> 
     </span>
    </p>
   </div>
   <div class='ocr_carea' id='block_1_4' title="bbox 1431 736 2197 859">
    <p class='ocr_par' dir='ltr' id='par_1_4' title="bbox 1431 736 2197 859">
     <span class='ocr_line' id='line_1_4' title="bbox 1431 736 2197 859; baseline 0.003 -4"><span class='ocrx_word' id='word_1_9' title='bbox 1431 736 2197 859; x_wconf 82' lang='grc' dir='ltr'><strong>ΚΥΡΙΛΑΟΥ</strong></span> 
     </span>
    </p>
   </div>
   <div class='ocr_carea' id='block_1_5' title="bbox 1231 953 2361 1012">
    <p class='ocr_par' dir='ltr' id='par_1_5' title="bbox 1231 953 2361 1012">
     <span class='ocr_line' id='line_1_5' title="bbox 1231 953 2361 1012; baseline -0.001 0"><span class='ocrx_word' id='word_1_10' title='bbox 1231 955 1793 1012; x_wconf 80' lang='grc' dir='ltr'><strong>ΑΡΧΙΕΠΙΣΚΟΠΟΥ</strong></span> <span class='ocrx_word' id='word_1_11' title='bbox 1842 953 2361 1011; x_wconf 76' lang='grc' dir='ltr'><strong>ΑΛΕΞΑΝΔΡΕΙΑΣ</strong></span> 
     </span>
    </p>
   </div>
   <div class='ocr_carea' id='block_1_6' title="bbox 1330 1142 2270 1230">
    <p class='ocr_par' dir='ltr' id='par_1_6' title="bbox 1330 1142 2270 1230">
     <span class='ocr_line' id='line_1_6' title="bbox 1330 1142 2270 1230; baseline -0.001 0"><span class='ocrx_word' id='word_1_12' title='bbox 1330 1142 2270 1230; x_wconf 85' lang='grc' dir='ltr'><strong>ΠΡΟΣΦΩΝΗΤΙΚΟΣ</strong></span> 
     </span>
    </p>
   </div>
   <div class='ocr_carea' id='block_1_7' title="bbox 1022 1320 2588 1377">
    <p class='ocr_par' dir='ltr' id='par_1_7' title="bbox 1022 1320 2588 1377">
     <span class='ocr_line' id='line_1_7' title="bbox 1022 1320 2588 1377; baseline 0.002 -4"><span class='ocrx_word' id='word_1_13' title='bbox 1022 1321 1217 1376; x_wconf 60' lang='grc' dir='ltr'><strong>ΤΑΙΣ</strong></span> <span class='ocrx_word' id='word_1_14' title='bbox 1270 1320 1977 1376; x_wconf 78' lang='grc' dir='ltr'><strong>ΕΥΣΕΒΕΣΤΑΤΔΙΣ</strong></span> <span class='ocrx_word' id='word_1_15' title='bbox 2028 1321 2588 1377; x_wconf 76' lang='grc' dir='ltr'><strong>ΒΔΣΙΔΙΣΣΑΙΣ.</strong></span> 
     </span>
    </p>
   </div>
   <div class='ocr_carea' id='block_1_8' title="bbox 1534 1658 2111 1771">
    <p class='ocr_par' dir='ltr' id='par_1_8' title="bbox 1534 1658 2111 1771">
     <span class='ocr_line' id='line_1_8' title="bbox 1534 1658 2111 1771; baseline 0.005 -2"><span class='ocrx_word' id='word_1_16' title='bbox 1534 1658 2111 1771; x_wconf 80' lang='lat' dir='ltr'><strong>CYRILLI</strong></span> 
     </span>
    </p>
   </div>
   <div class='ocr_carea' id='block_1_9' title="bbox 1288 1873 2313 1934">
    <p class='ocr_par' dir='ltr' id='par_1_9' title="bbox 1288 1873 2313 1934">
     <span class='ocr_line' id='line_1_9' title="bbox 1288 1873 2313 1934; baseline 0.004 -6"><span class='ocrx_word' id='word_1_17' title='bbox 1288 1873 1807 1932; x_wconf 64' lang='lat' dir='ltr'><strong>ARCHIEPISCOPI</strong></span> <span class='ocrx_word' id='word_1_18' title='bbox 1846 1875 2313 1934; x_wconf 76' lang='lat' dir='ltr'><strong>ALEXANDRINI</strong></span> 
     </span>
    </p>
   </div>
   <div class='ocr_carea' id='block_1_10' title="bbox 1618 2050 1962 2138">
    <p class='ocr_par' dir='ltr' id='par_1_10' title="bbox 1618 2050 1962 2138">
     <span class='ocr_line' id='line_1_10' title="bbox 1618 2050 1962 2138; baseline 0.006 -3"><span class='ocrx_word' id='word_1_19' title='bbox 1618 2050 1962 2138; x_wconf 72' lang='lat' dir='ltr'><strong>LIBER</strong></span> 
     </span>
    </p>
   </div>
   <div class='ocr_carea' id='block_1_11' title="bbox 1179 2234 2440 2321">
    <p class='ocr_par' dir='ltr' id='par_1_11' title="bbox 1179 2234 2440 2321">
     <span class='ocr_line' id='line_1_11' title="bbox 1179 2234 2440 2321; baseline 0.004 -23"><span class='ocrx_word' id='word_1_20' title='bbox 1179 2239 1679 2318; x_wconf 82' lang='lat' dir='ltr'><strong>lteligiosissimis</strong></span> <span class='ocrx_word' id='word_1_21' title='bbox 1722 2234 2003 2319; x_wconf 69' lang='lat' dir='ltr'><strong>Reginis&#39;</strong></span> <span class='ocrx_word' id='word_1_22' title='bbox 2022 2247 2440 2321; x_wconf 82' lang='lat' dir='ltr'><strong>nuncupatus.</strong></span> 
     </span>
    </p>
   </div>
   <div class='ocr_carea' id='block_1_12' title="bbox 233 2575 1787 2649">
    <p class='ocr_par' dir='ltr' id='par_1_12' title="bbox 233 2575 1758 2648">
     <span class='ocr_line' id='line_1_12' title="bbox 233 2575 1758 2648; baseline 0.001 -19"><span class='ocrx_word' id='word_1_23' title='bbox 233 2584 317 2629; x_wconf 62' lang='grc' dir='ltr'>αι’.</span> <span class='ocrx_word' id='word_1_24' title='bbox 367 2575 771 2647; x_wconf 82' lang='grc' dir='ltr'>Σεμνολόγημα</span> <span class='ocrx_word' id='word_1_25' title='bbox 814 2576 915 2648; x_wconf 83' lang='grc' dir='ltr'>μὲν</span> <span class='ocrx_word' id='word_1_26' title='bbox 951 2576 1346 2647; x_wconf 74' lang='grc' dir='ltr'>οἱκουμενικδν,</span> <span class='ocrx_word' id='word_1_27' title='bbox 1395 2575 1658 2647; x_wconf 79' lang='grc' dir='ltr'>καύχημα</span> <span class='ocrx_word' id='word_1_28' title='bbox 1701 2576 1758 2630; x_wconf 82' lang='grc' dir='ltr'>δὲ</span> 
     </span>
    </p>
   </div>
   <div class='ocr_carea' id='block_1_13' title="bbox 1861 2575 3455 2649">
    <p class='ocr_par' dir='ltr' id='par_1_13' title="bbox 1932 2576 3455 2649">
     <span class='ocr_line' id='line_1_13' title="bbox 1932 2576 3455 2649; baseline 0.003 -19"><span class='ocrx_word' id='word_1_29' title='bbox 1932 2576 1973 2631; x_wconf 87' lang='lat' dir='ltr'><strong>l.</strong></span> <span class='ocrx_word' id='word_1_30' title='bbox 2008 2578 2149 2632; x_wconf 90' lang='lat' dir='ltr'><strong>Sane</strong></span> <span class='ocrx_word' id='word_1_31' title='bbox 2173 2590 2265 2632; x_wconf 81' lang='lat' dir='ltr'><strong>vos</strong></span> <span class='ocrx_word' id='word_1_32' title='bbox 2289 2591 2475 2633; x_wconf 82' lang='lat' dir='ltr'><strong>sacras</strong></span> <span class='ocrx_word' id='word_1_33' title='bbox 2499 2577 2939 2649; x_wconf 87' lang='lat' dir='ltr'><strong>castissimasque</strong></span> <span class='ocrx_word' id='word_1_34' title='bbox 2960 2577 3159 2634; x_wconf 91' lang='lat' dir='ltr'><strong>Christi</strong></span> <span class='ocrx_word' id='word_1_35' title='bbox 3183 2580 3423 2635; x_wconf 86' lang='lat' dir='ltr'><strong>omnium</strong></span> <span class='ocrx_word' id='word_1_36' title='bbox 3448 2610 3455 2617; x_wconf 73' lang='grc' dir='ltr'><strong>ο</strong></span> 
     </span>
    </p>
   </div>
   <div class='ocr_carea' id='block_1_14' title="bbox 166 2664 1755 2739">
    <p class='ocr_par' dir='ltr' id='par_1_14' title="bbox 166 2664 1755 2739">
     <span class='ocr_line' id='line_1_14' title="bbox 166 2664 1755 2739; baseline -0.001 -18"><span class='ocrx_word' id='word_1_37' title='bbox 166 2667 276 2721; x_wconf 84' lang='grc' dir='ltr'>τῶν</span> <span class='ocrx_word' id='word_1_38' title='bbox 307 2669 493 2738; x_wconf 80' lang='grc' dir='ltr'>ἁγίων</span> <span class='ocrx_word' id='word_1_39' title='bbox 538 2667 872 2738; x_wconf 79' lang='grc' dir='ltr'>Ἑκκλησιῶν</span> <span class='ocrx_word' id='word_1_40' title='bbox 908 2664 1007 2722; x_wconf 90' lang='grc' dir='ltr'><strong>τοῦ</strong></span> <span class='ocrx_word' id='word_1_41' title='bbox 1054 2668 1272 2721; x_wconf 80' lang='grc' dir='ltr'>πάντων</span> <span class='ocrx_word' id='word_1_42' title='bbox 1322 2668 1571 2738; x_wconf 82' lang='grc' dir='ltr'><strong>Σωτῆρος</strong></span> <span class='ocrx_word' id='word_1_43' title='bbox 1598 2668 1755 2739; x_wconf 79' lang='grc' dir='ltr'>ἡμῶν</span> 
     </span>
    </p>
   </div>
   <div class='ocr_carea' id='block_1_15' title="bbox 180 2759 1755 2831">
    <p class='ocr_par' dir='ltr' id='par_1_15' title="bbox 180 2759 1755 2831">
     <span class='ocr_line' id='line_1_15' title="bbox 180 2759 1755 2831; baseline -0.001 -20"><span class='ocrx_word' id='word_1_44' title='bbox 180 2760 363 2829; x_wconf 80' lang='grc' dir='ltr'>Ἰησοῦ</span> <span class='ocrx_word' id='word_1_45' title='bbox 392 2759 635 2830; x_wconf 81' lang='grc' dir='ltr'><strong>Χριστοῦ</strong></span> <span class='ocrx_word' id='word_1_46' title='bbox 666 2760 798 2831; x_wconf 82' lang='grc' dir='ltr'>φαίη</span> <span class='ocrx_word' id='word_1_47' title='bbox 827 2777 906 2823; x_wconf 90' lang='grc' dir='ltr'><strong>τις</strong></span> <span class='ocrx_word' id='word_1_48' title='bbox 930 2760 1016 2822; x_wconf 83' lang='grc' dir='ltr'>ἂν,</span> <span class='ocrx_word' id='word_1_49' title='bbox 1052 2760 1144 2813; x_wconf 76' lang='grc' dir='ltr'><strong>καὶ</strong></span> <span class='ocrx_word' id='word_1_50' title='bbox 1178 2759 1323 2829; x_wconf 80' lang='grc' dir='ltr'>μάλα</span> <span class='ocrx_word' id='word_1_51' title='bbox 1346 2759 1587 2823; x_wconf 85' lang='grc' dir='ltr'><strong>εἰκότως,</strong></span> <span class='ocrx_word' id='word_1_52' title='bbox 1613 2759 1755 2827; x_wconf 81' lang='grc' dir='ltr'>ὑμᾶς</span> 
     </span>
    </p>
   </div>
   <div class='ocr_carea' id='block_1_16' title="bbox 172 2848 1756 2923">
    <p class='ocr_par' dir='ltr' id='par_1_16' title="bbox 172 2848 1756 2923">
     <span class='ocr_line' id='line_1_16' title="bbox 172 2848 1756 2923; baseline -0.003 -19"><span class='ocrx_word' id='word_1_53' title='bbox 172 2849 233 2921; x_wconf 68' lang='grc' dir='ltr'>δὴ</span> <span class='ocrx_word' id='word_1_54' title='bbox 258 2852 361 2914; x_wconf 70' lang='grc' dir='ltr'>τὰς</span> <span class='ocrx_word' id='word_1_55' title='bbox 399 2851 555 2923; x_wconf 72' lang='grc' dir='ltr'>ἱερὰς</span> <span class='ocrx_word' id='word_1_56' title='bbox 591 2852 685 2904; x_wconf 81' lang='grc' dir='ltr'>καὶ</span> <span class='ocrx_word' id='word_1_57' title='bbox 727 2852 1033 2919; x_wconf 89' lang='grc' dir='ltr'>πανάγνους</span> <span class='ocrx_word' id='word_1_58' title='bbox 1078 2848 1241 2903; x_wconf 76' lang='grc' dir='ltr'>αὑτοῦ</span> <span class='ocrx_word' id='word_1_59' title='bbox 1269 2849 1504 2919; x_wconf 80' lang='grc' dir='ltr'><strong>νύμφας,</strong></span> <span class='ocrx_word' id='word_1_60' title='bbox 1538 2848 1756 2901; x_wconf 75' lang='grc' dir='ltr'>εὐσεδέ-</span> 
     </span>
    </p>
   </div>
   <div class='ocr_carea' id='block_1_17' title="bbox 173 2935 1755 3012">
    <p class='ocr_par' dir='ltr' id='par_1_17' title="bbox 173 2935 1755 3012">
     <span class='ocr_line' id='line_1_17' title="bbox 173 2935 1755 3012; baseline -0.001 -20"><span class='ocrx_word' id='word_1_61' title='bbox 173 2957 373 2995; x_wconf 83' lang='grc' dir='ltr'>σταται</span> <span class='ocrx_word' id='word_1_62' title='bbox 418 2944 517 2996; x_wconf 73' lang='grc' dir='ltr'><strong>καὶ</strong></span> <span class='ocrx_word' id='word_1_63' title='bbox 546 2942 958 3012; x_wconf 81' lang='grc' dir='ltr'>θεοφιλέσταται</span> <span class='ocrx_word' id='word_1_64' title='bbox 991 2940 1277 3011; x_wconf 87' lang='grc' dir='ltr'>βασιλίδες,</span> <span class='ocrx_word' id='word_1_65' title='bbox 1310 2935 1396 3003; x_wconf 78' lang='grc' dir='ltr'>αἷς</span> <span class='ocrx_word' id='word_1_66' title='bbox 1423 2940 1482 2993; x_wconf 83' lang='grc' dir='ltr'><strong>τὸ</strong></span> <span class='ocrx_word' id='word_1_67' title='bbox 1513 2939 1755 3010; x_wconf 88' lang='grc' dir='ltr'>παμποί-</span> 
     </span>
    </p>
   </div>
   <div class='ocr_carea' id='block_1_18' title="bbox 175 3032 1755 3104">
    <p class='ocr_par' dir='ltr' id='par_1_18' title="bbox 175 3032 1755 3104">
     <span class='ocr_line' id='line_1_18' title="bbox 175 3032 1755 3104; baseline 0.001 -21"><span class='ocrx_word' id='word_1_68' title='bbox 175 3033 323 3086; x_wconf 83' lang='grc' dir='ltr'>κιλον</span> <span class='ocrx_word' id='word_1_69' title='bbox 356 3034 464 3104; x_wconf 82' lang='grc' dir='ltr'>τῆς</span> <span class='ocrx_word' id='word_1_70' title='bbox 488 3034 689 3104; x_wconf 83' lang='grc' dir='ltr'>ἀρετῆς</span> <span class='ocrx_word' id='word_1_71' title='bbox 716 3033 1155 3104; x_wconf 86' lang='grc' dir='ltr'>ὲναπαστράπτει</span> <span class='ocrx_word' id='word_1_72' title='bbox 1185 3033 1398 3097; x_wconf 80' lang='grc' dir='ltr'>κάλλος,</span> <span class='ocrx_word' id='word_1_73' title='bbox 1429 3032 1489 3085; x_wconf 84' lang='grc' dir='ltr'><strong>τὸ</strong></span> <span class='ocrx_word' id='word_1_74' title='bbox 1516 3034 1628 3095; x_wconf 87' lang='grc' dir='ltr'>τοῖς</span> <span class='ocrx_word' id='word_1_75' title='bbox 1656 3032 1755 3100; x_wconf 76' lang='grc' dir='ltr'><strong>τῆς</strong></span> 
     </span>
    </p>
   </div>
   <div class='ocr_carea' id='block_1_19' title="bbox 175 3120 1755 3195">
    <p class='ocr_par' dir='ltr' id='par_1_19' title="bbox 175 3120 1755 3195">
     <span class='ocr_line' id='line_1_19' title="bbox 175 3120 1755 3195; baseline 0.001 -22"><span class='ocrx_word' id='word_1_76' title='bbox 175 3120 436 3195; x_wconf 80' lang='grc' dir='ltr'>θεότητος</span> <span class='ocrx_word' id='word_1_77' title='bbox 474 3123 775 3195; x_wconf 75' lang='grc' dir='ltr'><strong>ὀφθαλμοῖς</strong></span> <span class='ocrx_word' id='word_1_78' title='bbox 803 3124 898 3195; x_wconf 74' lang='grc' dir='ltr'>ἡδύ</span> <span class='ocrx_word' id='word_1_79' title='bbox 930 3141 989 3177; x_wconf 90' lang='grc' dir='ltr'><strong>τε</strong></span> <span class='ocrx_word' id='word_1_80' title='bbox 1044 3126 1134 3179; x_wconf 77' lang='grc' dir='ltr'><strong>καὶ</strong></span> <span class='ocrx_word' id='word_1_81' title='bbox 1161 3123 1585 3194; x_wconf 80' lang='grc' dir='ltr'><strong>γνωριμώτατον</strong></span> <span class='ocrx_word' id='word_1_82' title='bbox 1606 3140 1620 3153; x_wconf 86' lang='grc'><strong>·</strong></span> <span class='ocrx_word' id='word_1_83' title='bbox 1656 3140 1755 3195; x_wconf 61' lang='grc' dir='ltr'>μευ</span> 
     </span>
    </p>
   </div>
   <div class='ocr_carea' id='block_1_20' title="bbox 175 3212 1757 3286">
    <p class='ocr_par' dir='ltr' id='par_1_20' title="bbox 175 3212 1757 3286">
     <span class='ocr_line' id='line_1_20' title="bbox 175 3212 1757 3286; baseline 0.002 -21"><span class='ocrx_word' id='word_1_84' title='bbox 175 3212 305 3285; x_wconf 77' lang='grc' dir='ltr'><strong>λέτῃ</strong></span> <span class='ocrx_word' id='word_1_85' title='bbox 333 3216 393 3269; x_wconf 82' lang='grc' dir='ltr'>δὲ</span> <span class='ocrx_word' id='word_1_86' title='bbox 420 3216 519 3267; x_wconf 83' lang='grc' dir='ltr'>καὶ</span> <span class='ocrx_word' id='word_1_87' title='bbox 560 3215 761 3286; x_wconf 83' lang='grc' dir='ltr'><strong>σπουδῇ</strong></span> <span class='ocrx_word' id='word_1_88' title='bbox 798 3214 996 3285; x_wconf 78' lang='grc' dir='ltr'>μᾶλλον</span> <span class='ocrx_word' id='word_1_89' title='bbox 1024 3214 1079 3268; x_wconf 85' lang='grc' dir='ltr'>δὲ</span> <span class='ocrx_word' id='word_1_90' title='bbox 1113 3216 1213 3286; x_wconf 79' lang='grc' dir='ltr'>ἠδη</span> <span class='ocrx_word' id='word_1_91' title='bbox 1246 3214 1626 3285; x_wconf 83' lang='grc' dir='ltr'><strong>κατώρθωται,</strong></span> <span class='ocrx_word' id='word_1_92' title='bbox 1665 3216 1757 3268; x_wconf 81' lang='grc' dir='ltr'>καὶ</span> 
     </span>
    </p>
   </div>
   <div class='ocr_carea' id='block_1_21' title="bbox 176 3303 1755 3379">
    <p class='ocr_par' dir='ltr' id='par_1_21' title="bbox 176 3303 1755 3379">
     <span class='ocr_line' id='line_1_21' title="bbox 176 3303 1755 3379; baseline 0.003 -22"><span class='ocrx_word' id='word_1_93' title='bbox 176 3305 237 3374; x_wconf 75' lang='grc' dir='ltr'>δὴ</span> <span class='ocrx_word' id='word_1_94' title='bbox 286 3306 348 3358; x_wconf 81' lang='grc' dir='ltr'>ὲν</span> <span class='ocrx_word' id='word_1_95' title='bbox 405 3306 592 3359; x_wconf 78' lang='grc' dir='ltr'>πίστει</span> <span class='ocrx_word' id='word_1_96' title='bbox 629 3303 918 3376; x_wconf 83' lang='grc' dir='ltr'>διαπρέπει</span> <span class='ocrx_word' id='word_1_97' title='bbox 966 3306 1119 3377; x_wconf 76' lang='grc' dir='ltr'>ὀρθῇ,</span> <span class='ocrx_word' id='word_1_98' title='bbox 1174 3306 1294 3359; x_wconf 88' lang='grc' dir='ltr'>κατ’</span> <span class='ocrx_word' id='word_1_99' title='bbox 1325 3307 1512 3361; x_wconf 76' lang='grc' dir='ltr'>οὐδένα</span> <span class='ocrx_word' id='word_1_100' title='bbox 1559 3308 1755 3379; x_wconf 82' lang='grc' dir='ltr'>τρόπον</span> 
     </span>
    </p>
   </div>
   <div class='ocr_carea' id='block_1_22' title="bbox 183 3398 1757 3469">
    <p class='ocr_par' dir='ltr' id='par_1_22' title="bbox 183 3398 1757 3469">
     <span class='ocr_line' id='line_1_22' title="bbox 183 3398 1757 3469; baseline 0.003 -21"><span class='ocrx_word' id='word_1_101' title='bbox 183 3399 579 3469; x_wconf 76' lang='grc' dir='ltr'>σεσαλευμένῃ.</span> <span class='ocrx_word' id='word_1_102' title='bbox 628 3399 858 3469; x_wconf 72' lang='grc' dir='ltr'>Γράφων</span> <span class='ocrx_word' id='word_1_103' title='bbox 900 3399 956 3452; x_wconf 79' lang='grc' dir='ltr'>δέ</span> <span class='ocrx_word' id='word_1_104' title='bbox 1007 3398 1108 3452; x_wconf 76' lang='grc' dir='ltr'>πού</span> <span class='ocrx_word' id='word_1_105' title='bbox 1160 3416 1325 3467; x_wconf 81' lang='grc' dir='ltr'>φησιν</span> <span class='ocrx_word' id='word_1_106' title='bbox 1372 3400 1400 3451; x_wconf 86' lang='grc' dir='ltr'>ὁ</span> <span class='ocrx_word' id='word_1_107' title='bbox 1452 3400 1757 3469; x_wconf 82' lang='grc' dir='ltr'>σοφώτατος</span> 
     </span>
    </p>
   </div>
   <div class='ocr_carea' id='block_1_23' title="bbox 182 3488 1759 3561">
    <p class='ocr_par' dir='ltr' id='par_1_23' title="bbox 182 3488 1759 3561">
     <span class='ocr_line' id='line_1_23' title="bbox 182 3488 1759 3561; baseline 0 -20"><span class='ocrx_word' id='word_1_108' title='bbox 182 3489 390 3553; x_wconf 86' lang='grc' dir='ltr'>Παῦλος</span> <span class='ocrx_word' id='word_1_109' title='bbox 420 3488 740 3561; x_wconf 65' lang='grc' dir='ltr'>ὀνομασθείς</span> <span class='ocrx_word' id='word_1_110' title='bbox 770 3488 1007 3559; x_wconf 83' lang='grc' dir='ltr'>ἀληθῶς,</span> <span class='ocrx_word' id='word_1_111' title='bbox 1037 3491 1130 3542; x_wconf 82' lang='grc' dir='ltr'><strong>καὶ</strong></span> <span class='ocrx_word' id='word_1_112' title='bbox 1168 3490 1227 3543; x_wconf 80' lang='grc' dir='ltr'><strong>τὸ</strong></span> <span class='ocrx_word' id='word_1_113' title='bbox 1255 3489 1348 3543; x_wconf 87' lang='grc' dir='ltr'><strong>τοῦ</strong></span> <span class='ocrx_word' id='word_1_114' title='bbox 1382 3490 1617 3559; x_wconf 83' lang='grc' dir='ltr'>Χριστοῦ</span> <span class='ocrx_word' id='word_1_115' title='bbox 1647 3494 1759 3553; x_wconf 78' lang='grc' dir='ltr'>τοῖς</span> 
     </span>
    </p>
   </div>
   <div class='ocr_carea' id='block_1_24' title="bbox 184 3579 1757 3651">
    <p class='ocr_par' dir='ltr' id='par_1_24' title="bbox 184 3579 1757 3651">
     <span class='ocr_line' id='line_1_24' title="bbox 184 3579 1757 3651; baseline 0.001 -20"><span class='ocrx_word' id='word_1_116' title='bbox 184 3579 389 3633; x_wconf 66' lang='grc' dir='ltr'>ἔθνεσιν</span> <span class='ocrx_word' id='word_1_117' title='bbox 446 3581 804 3651; x_wconf 75' lang='grc' dir='ltr'>ἱερουργήσας</span> <span class='ocrx_word' id='word_1_118' title='bbox 854 3581 1182 3651; x_wconf 72' lang='grc' dir='ltr'>μυστήριονο</span> <span class='ocrx_word' id='word_1_119' title='bbox 1239 3599 1256 3631; x_wconf 82' lang='grc' dir='ltr'><strong>ι</strong></span> <span class='ocrx_word' id='word_1_120' title='bbox 1309 3581 1493 3647; x_wconf 85' lang='grc' dir='ltr'>Ὥστε,</span> <span class='ocrx_word' id='word_1_121' title='bbox 1544 3581 1757 3648; x_wconf 80' lang='grc' dir='ltr'>ἀδελφοί</span> 
     </span>
    </p>
   </div>
   <div class='ocr_carea' id='block_1_25' title="bbox 189 3671 1758 3743">
    <p class='ocr_par' dir='ltr' id='par_1_25' title="bbox 189 3671 1758 3743">
     <span class='ocr_line' id='line_1_25' title="bbox 189 3671 1758 3743; baseline 0.001 -20"><span class='ocrx_word' id='word_1_122' title='bbox 189 3688 283 3741; x_wconf 87' lang='grc' dir='ltr'><strong>μου</strong></span> <span class='ocrx_word' id='word_1_123' title='bbox 314 3673 617 3741; x_wconf 78' lang='grc' dir='ltr'>ἀγαπητοὶ,</span> <span class='ocrx_word' id='word_1_124' title='bbox 670 3671 871 3743; x_wconf 81' lang='grc' dir='ltr'>ἑδραῖοι</span> <span class='ocrx_word' id='word_1_125' title='bbox 913 3672 1147 3740; x_wconf 83' lang='grc' dir='ltr'>γίνεσθε,</span> <span class='ocrx_word' id='word_1_126' title='bbox 1208 3673 1617 3742; x_wconf 81' lang='grc' dir='ltr'>ἀμετακίνητοι,</span> <span class='ocrx_word' id='word_1_127' title='bbox 1660 3690 1758 3725; x_wconf 89' lang='grc' dir='ltr'>πε-</span> 
     </span>
    </p>
   </div>
   <div class='ocr_carea' id='block_1_26' title="bbox 191 3760 1757 3833">
    <p class='ocr_par' dir='ltr' id='par_1_26' title="bbox 191 3760 1757 3833">
     <span class='ocr_line' id='line_1_26' title="bbox 191 3760 1757 3833; baseline 0.002 -21"><span class='ocrx_word' id='word_1_128' title='bbox 191 3762 531 3828; x_wconf 76' lang='grc' dir='ltr'>ρισσεύοντες</span> <span class='ocrx_word' id='word_1_129' title='bbox 560 3763 618 3815; x_wconf 77' lang='grc' dir='ltr'>ὲν</span> <span class='ocrx_word' id='word_1_130' title='bbox 644 3761 721 3831; x_wconf 83' lang='grc' dir='ltr'>τῷ</span> <span class='ocrx_word' id='word_1_131' title='bbox 744 3761 888 3831; x_wconf 72' lang='grc' dir='ltr'>ἔργῳ</span> <span class='ocrx_word' id='word_1_132' title='bbox 908 3760 999 3814; x_wconf 87' lang='grc' dir='ltr'><strong>τοῦ</strong></span> <span class='ocrx_word' id='word_1_133' title='bbox 1026 3762 1227 3833; x_wconf 79' lang='grc' dir='ltr'>Κυρίου</span> <span class='ocrx_word' id='word_1_134' title='bbox 1252 3764 1500 3816; x_wconf 84' lang='grc' dir='ltr'>πάντοτε.</span> <span class='ocrx_word' id='word_1_135' title='bbox 1533 3782 1552 3815; x_wconf 74' lang='grc' dir='ltr'><strong>ι</strong></span> <span class='ocrx_word' id='word_1_136' title='bbox 1584 3764 1757 3816; x_wconf 88' lang='grc' dir='ltr'>Ὅπου</span> 
     </span>
    </p>
   </div>
   <div class='ocr_carea' id='block_1_27' title="bbox 189 3852 1759 3925">
    <p class='ocr_par' dir='ltr' id='par_1_27' title="bbox 189 3852 1759 3925">
     <span class='ocr_line' id='line_1_27' title="bbox 189 3852 1759 3925; baseline 0.003 -21"><span class='ocrx_word' id='word_1_137' title='bbox 189 3852 289 3922; x_wconf 72' lang='grc' dir='ltr'>γὰρ</span> <span class='ocrx_word' id='word_1_138' title='bbox 319 3855 506 3917; x_wconf 87' lang='grc' dir='ltr'>πίστις</span> <span class='ocrx_word' id='word_1_139' title='bbox 530 3852 777 3924; x_wconf 75' lang='grc' dir='ltr'>ὀρθὴκαὶ</span> <span class='ocrx_word' id='word_1_140' title='bbox 797 3853 1097 3925; x_wconf 82' lang='grc' dir='ltr'><strong>ἀμώμητος</strong></span> <span class='ocrx_word' id='word_1_141' title='bbox 1118 3857 1230 3917; x_wconf 86' lang='grc' dir='ltr'>τοῖς</span> <span class='ocrx_word' id='word_1_142' title='bbox 1256 3854 1315 3919; x_wconf 77' lang='grc' dir='ltr'>ἐξ</span> <span class='ocrx_word' id='word_1_143' title='bbox 1336 3854 1512 3925; x_wconf 82' lang='grc' dir='ltr'>ἔργων</span> <span class='ocrx_word' id='word_1_144' title='bbox 1540 3854 1759 3922; x_wconf 78' lang='grc' dir='ltr'>ἀγαθῶν</span> 
     </span>
    </p>
   </div>
   <div class='ocr_carea' id='block_1_28' title="bbox 191 3922 1832 4018">
    <p class='ocr_par' dir='ltr' id='par_1_28' title="bbox 191 3922 1832 4018">
     <span class='ocr_line' id='line_1_28' title="bbox 191 3922 1832 4018; baseline 0.002 -22"><span class='ocrx_word' id='word_1_145' title='bbox 191 3948 538 4015; x_wconf 83' lang='grc' dir='ltr'>καυχήμασιν</span> <span class='ocrx_word' id='word_1_146' title='bbox 567 3922 627 3999; x_wconf 78' lang='grc' dir='ltr'>εὖ</span> <span class='ocrx_word' id='word_1_147' title='bbox 653 3922 806 4015; x_wconf 84' lang='grc' dir='ltr'>μάλα</span> <span class='ocrx_word' id='word_1_148' title='bbox 837 3922 1194 4016; x_wconf 62' lang='grc' dir='ltr'>συμφέρεται,</span> <span class='ocrx_word' id='word_1_149' title='bbox 1227 3948 1321 3999; x_wconf 84' lang='grc' dir='ltr'>καὶ</span> <span class='ocrx_word' id='word_1_150' title='bbox 1346 3922 1623 4018; x_wconf 80' lang='grc' dir='ltr'>ἰσόδρομον</span> <span class='ocrx_word' id='word_1_151' title='bbox 1646 3947 1757 4017; x_wconf 77' lang='grc' dir='ltr'>ἔχει</span> <span class='ocrx_word' id='word_1_152' title='bbox 1791 3922 1832 3977; x_wconf 73' lang='grc' dir='ltr'><strong>Β</strong></span> 
     </span>
    </p>
   </div>
   <div class='ocr_carea' id='block_1_29' title="bbox 192 4034 1761 4109">
    <p class='ocr_par' dir='ltr' id='par_1_29' title="bbox 192 4034 1761 4109">
     <span class='ocr_line' id='line_1_29' title="bbox 192 4034 1761 4109; baseline 0.003 -21"><span class='ocrx_word' id='word_1_153' title='bbox 192 4034 283 4105; x_wconf 73' lang='grc' dir='ltr'>τὴν</span> <span class='ocrx_word' id='word_1_154' title='bbox 307 4035 604 4107; x_wconf 73' lang='grc' dir='ltr'>συμϐολὴν,</span> <span class='ocrx_word' id='word_1_155' title='bbox 637 4038 752 4090; x_wconf 72' lang='grc' dir='ltr'>ἐκεῖ</span> <span class='ocrx_word' id='word_1_156' title='bbox 778 4055 876 4091; x_wconf 87' lang='grc' dir='ltr'><strong>που</strong></span> <span class='ocrx_word' id='word_1_157' title='bbox 901 4039 1117 4103; x_wconf 82' lang='grc' dir='ltr'>πάντως</span> <span class='ocrx_word' id='word_1_158' title='bbox 1141 4040 1224 4109; x_wconf 74' lang='grc' dir='ltr'>εἴη</span> <span class='ocrx_word' id='word_1_159' title='bbox 1246 4038 1311 4092; x_wconf 82' lang='grc' dir='ltr'><strong>ἂν</strong></span> <span class='ocrx_word' id='word_1_160' title='bbox 1340 4041 1397 4092; x_wconf 81' lang='grc' dir='ltr'>ὲν</span> <span class='ocrx_word' id='word_1_161' title='bbox 1424 4040 1586 4091; x_wconf 81' lang='grc' dir='ltr'>παντὶ</span> <span class='ocrx_word' id='word_1_162' title='bbox 1611 4038 1761 4109; x_wconf 81' lang='grc' dir='ltr'>καλῷ</span> 
     </span>
    </p>
   </div>
   <div class='ocr_carea' id='block_1_30' title="bbox 190 4127 1762 4202">
    <p class='ocr_par' dir='ltr' id='par_1_30' title="bbox 190 4127 1762 4202">
     <span class='ocr_line' id='line_1_30' title="bbox 190 4127 1762 4202; baseline 0.003 -23"><span class='ocrx_word' id='word_1_163' title='bbox 190 4127 484 4197; x_wconf 85' lang='grc' dir='ltr'>τελειότης,</span> <span class='ocrx_word' id='word_1_164' title='bbox 515 4128 612 4181; x_wconf 78' lang='grc' dir='ltr'><strong>καὶ</strong></span> <span class='ocrx_word' id='word_1_165' title='bbox 655 4128 715 4182; x_wconf 83' lang='grc' dir='ltr'>τὸ</span> <span class='ocrx_word' id='word_1_166' title='bbox 759 4130 959 4200; x_wconf 83' lang='grc' dir='ltr'>ἀρτίως</span> <span class='ocrx_word' id='word_1_167' title='bbox 988 4130 1111 4200; x_wconf 77' lang='grc' dir='ltr'>ἔχον</span> <span class='ocrx_word' id='word_1_168' title='bbox 1136 4132 1213 4194; x_wconf 83' lang='grc' dir='ltr'>εἰς</span> <span class='ocrx_word' id='word_1_169' title='bbox 1258 4131 1549 4202; x_wconf 84' lang='grc' dir='ltr'>ἁγιασμόν.</span> <span class='ocrx_word' id='word_1_170' title='bbox 1592 4132 1762 4199; x_wconf 85' lang='grc' dir='ltr'>Λόγος</span> 
     </span>
    </p>
   </div>
   <div class='ocr_carea' id='block_1_31' title="bbox 199 4215 1761 4291">
    <p class='ocr_par' dir='ltr' id='par_1_31' title="bbox 199 4215 1761 4291">
     <span class='ocr_line' id='line_1_31' title="bbox 199 4215 1761 4291; baseline 0.002 -19"><span class='ocrx_word' id='word_1_171' title='bbox 199 4218 291 4286; x_wconf 76' lang='grc' dir='ltr'>μὲν</span> <span class='ocrx_word' id='word_1_172' title='bbox 334 4215 433 4274; x_wconf 86' lang='grc' dir='ltr'><strong>οῦν</strong></span> <span class='ocrx_word' id='word_1_173' title='bbox 472 4220 618 4283; x_wconf 71' lang='grc' dir='ltr'>ἄπας</span> <span class='ocrx_word' id='word_1_174' title='bbox 653 4222 684 4273; x_wconf 83' lang='grc' dir='ltr'>ὁ</span> <span class='ocrx_word' id='word_1_175' title='bbox 709 4220 767 4274; x_wconf 76' lang='grc' dir='ltr'>ὲν</span> <span class='ocrx_word' id='word_1_176' title='bbox 794 4222 942 4291; x_wconf 81' lang='grc' dir='ltr'>ἡμῖν,</span> <span class='ocrx_word' id='word_1_177' title='bbox 973 4220 1074 4290; x_wconf 80' lang='grc' dir='ltr'>τῆς</span> <span class='ocrx_word' id='word_1_178' title='bbox 1102 4221 1327 4291; x_wconf 73' lang='grc' dir='ltr'>ἐνούσης</span> <span class='ocrx_word' id='word_1_179' title='bbox 1358 4222 1486 4291; x_wconf 81' lang='grc' dir='ltr'>ὑμῖν</span> <span class='ocrx_word' id='word_1_180' title='bbox 1517 4221 1761 4285; x_wconf 82' lang='grc' dir='ltr'>εὐκλείας</span> 
     </span>
    </p>
   </div>
   <div class='ocr_carea' id='block_1_32' title="bbox 199 4305 1762 4382">
    <p class='ocr_par' dir='ltr' id='par_1_32' title="bbox 199 4305 1762 4382">
     <span class='ocr_line' id='line_1_32' title="bbox 199 4305 1762 4382; baseline 0.003 -22"><span class='ocrx_word' id='word_1_181' title='bbox 199 4309 426 4361; x_wconf 83' lang='grc' dir='ltr'>κατόπιν</span> <span class='ocrx_word' id='word_1_182' title='bbox 453 4308 691 4379; x_wconf 79' lang='grc' dir='ltr'>ἔρχεται,</span> <span class='ocrx_word' id='word_1_183' title='bbox 720 4310 814 4362; x_wconf 74' lang='grc' dir='ltr'>καὶ</span> <span class='ocrx_word' id='word_1_184' title='bbox 838 4308 1089 4378; x_wconf 84' lang='grc' dir='ltr'>ὁμολογεῖ</span> <span class='ocrx_word' id='word_1_185' title='bbox 1106 4310 1203 4380; x_wconf 86' lang='grc' dir='ltr'><strong>τὴν</strong></span> <span class='ocrx_word' id='word_1_186' title='bbox 1222 4305 1412 4381; x_wconf 82' lang='grc' dir='ltr'>ἧτταν,</span> <span class='ocrx_word' id='word_1_187' title='bbox 1437 4310 1762 4382; x_wconf 78' lang='grc' dir='ltr'>ἐρυθριάσας</span> 
     </span>
    </p>
   </div>
   <div class='ocr_carea' id='block_1_33' title="bbox 200 4399 1762 4473">
    <p class='ocr_par' dir='ltr' id='par_1_33' title="bbox 200 4399 1762 4473">
     <span class='ocr_line' id='line_1_33' title="bbox 200 4399 1762 4473; baseline 0.002 -23"><span class='ocrx_word' id='word_1_188' title='bbox 200 4399 375 4453; x_wconf 66' lang='grc' dir='ltr'>οὐδέν’</span> <span class='ocrx_word' id='word_1_189' title='bbox 426 4402 510 4469; x_wconf 81' lang='grc' dir='ltr'><strong>εἴη</strong></span> <span class='ocrx_word' id='word_1_190' title='bbox 561 4400 606 4453; x_wconf 84' lang='grc' dir='ltr'>δ’</span> <span class='ocrx_word' id='word_1_191' title='bbox 654 4400 720 4453; x_wconf 82' lang='grc' dir='ltr'><strong>ἂν</strong></span> <span class='ocrx_word' id='word_1_192' title='bbox 764 4401 856 4453; x_wconf 69' lang='grc' dir='ltr'><strong>κα)⁸</strong></span> <span class='ocrx_word' id='word_1_193' title='bbox 903 4400 1234 4473; x_wconf 81' lang='grc' dir='ltr'>συγγνώμης</span> <span class='ocrx_word' id='word_1_194' title='bbox 1287 4401 1455 4468; x_wconf 79' lang='grc' dir='ltr'>ἄξιος,</span> <span class='ocrx_word' id='word_1_195' title='bbox 1499 4402 1547 4454; x_wconf 89' lang='grc' dir='ltr'><strong>εί</strong></span> <span class='ocrx_word' id='word_1_196' title='bbox 1595 4401 1762 4455; x_wconf 81' lang='grc' dir='ltr'>δέδιεν</span> 
     </span>
    </p>
   </div>
   <div class='ocr_carea' id='block_1_34' title="bbox 199 4485 1763 4565">
    <p class='ocr_par' dir='ltr' id='par_1_34' title="bbox 199 4485 1763 4565">
     <span class='ocr_line' id='line_1_34' title="bbox 199 4485 1763 4565; baseline 0.002 -23"><span class='ocrx_word' id='word_1_197' title='bbox 199 4490 452 4557; x_wconf 78' lang='grc' dir='ltr'>ἐπαινεῖν,</span> <span class='ocrx_word' id='word_1_198' title='bbox 479 4485 554 4545; x_wconf 82' lang='grc' dir='ltr'>ὧν</span> <span class='ocrx_word' id='word_1_199' title='bbox 584 4493 682 4544; x_wconf 82' lang='grc' dir='ltr'><strong>οὐκ</strong></span> <span class='ocrx_word' id='word_1_200' title='bbox 720 4491 786 4545; x_wconf 83' lang='grc' dir='ltr'><strong>ἂν</strong></span> <span class='ocrx_word' id='word_1_201' title='bbox 820 4492 1058 4562; x_wconf 69' lang='grc' dir='ltr'>ἐφίκοιτο</span> <span class='ocrx_word' id='word_1_202' title='bbox 1094 4494 1195 4563; x_wconf 81' lang='grc' dir='ltr'>τῆς</span> <span class='ocrx_word' id='word_1_203' title='bbox 1222 4493 1395 4558; x_wconf 79' lang='grc' dir='ltr'>ἀξίας.</span> <span class='ocrx_word' id='word_1_204' title='bbox 1428 4495 1488 4547; x_wconf 73' lang='lat' dir='ltr'><strong>Et</strong></span> <span class='ocrx_word' id='word_1_205' title='bbox 1522 4493 1626 4564; x_wconf 79' lang='grc' dir='ltr'>μὲν</span> <span class='ocrx_word' id='word_1_206' title='bbox 1654 4493 1763 4565; x_wconf 76' lang='grc' dir='ltr'><strong>γὰρ</strong></span> 
     </span>
    </p>
   </div>
   <div class='ocr_carea' id='block_1_35' title="bbox 200 4580 1765 4657">
    <p class='ocr_par' dir='ltr' id='par_1_35' title="bbox 200 4580 1765 4657">
     <span class='ocr_line' id='line_1_35' title="bbox 200 4580 1765 4657; baseline 0.003 -23"><span class='ocrx_word' id='word_1_207' title='bbox 200 4580 304 4652; x_wconf 78' lang='grc' dir='ltr'>ἔχει</span> <span class='ocrx_word' id='word_1_208' title='bbox 342 4585 405 4638; x_wconf 82' lang='grc' dir='ltr'><strong>τὸ</strong></span> <span class='ocrx_word' id='word_1_209' title='bbox 452 4584 702 4639; x_wconf 69' lang='grc' dir='ltr'>δύνασθω</span> <span class='ocrx_word' id='word_1_210' title='bbox 758 4584 1054 4656; x_wconf 82' lang='grc' dir='ltr'>κατορθοῦν</span> <span class='ocrx_word' id='word_1_211' title='bbox 1088 4586 1149 4639; x_wconf 81' lang='grc' dir='ltr'><strong>τὸ</strong></span> <span class='ocrx_word' id='word_1_212' title='bbox 1181 4586 1535 4657; x_wconf 86' lang='grc' dir='ltr'>ποθούμενον,</span> <span class='ocrx_word' id='word_1_213' title='bbox 1584 4586 1765 4639; x_wconf 80' lang='grc' dir='ltr'>διαϐε-</span> 
     </span>
    </p>
   </div>
   <div class='ocr_carea' id='block_1_36' title="bbox 201 4672 1765 4749">
    <p class='ocr_par' dir='ltr' id='par_1_36' title="bbox 201 4672 1765 4749">
     <span class='ocr_line' id='line_1_36' title="bbox 201 4672 1765 4749; baseline 0.002 -22"><span class='ocrx_word' id='word_1_214' title='bbox 201 4672 452 4746; x_wconf 78' lang='grc' dir='ltr'>ϐλήσεται</span> <span class='ocrx_word' id='word_1_215' title='bbox 483 4675 601 4745; x_wconf 85' lang='grc' dir='ltr'>μὲν,</span> <span class='ocrx_word' id='word_1_216' title='bbox 634 4676 766 4730; x_wconf 79' lang='grc' dir='ltr'>πολὺ</span> <span class='ocrx_word' id='word_1_217' title='bbox 796 4677 1029 4747; x_wconf 88' lang='grc' dir='ltr'>νοσήσας</span> <span class='ocrx_word' id='word_1_218' title='bbox 1052 4676 1113 4730; x_wconf 81' lang='grc' dir='ltr'><strong>τὸ</strong></span> <span class='ocrx_word' id='word_1_219' title='bbox 1140 4677 1382 4748; x_wconf 74' lang='grc' dir='ltr'>ἀδρανὲς.</span> <span class='ocrx_word' id='word_1_220' title='bbox 1408 4677 1518 4731; x_wconf 76' lang='grc' dir='ltr'>Καὶ</span> <span class='ocrx_word' id='word_1_221' title='bbox 1546 4677 1642 4749; x_wconf 78' lang='grc' dir='ltr'><strong>τὴν</strong></span> <span class='ocrx_word' id='word_1_222' title='bbox 1685 4679 1765 4741; x_wconf 83' lang='grc' dir='ltr'><strong>είς</strong></span> 
     </span>
    </p>
   </div>
   <div class='ocr_carea' id='block_1_37' title="bbox 202 4763 1765 4838">
    <p class='ocr_par' dir='ltr' id='par_1_37' title="bbox 202 4763 1765 4838">
     <span class='ocr_line' id='line_1_37' title="bbox 202 4763 1765 4838; baseline 0.003 -24"><span class='ocrx_word' id='word_1_223' title='bbox 202 4763 351 4819; x_wconf 88' lang='grc' dir='ltr'>τοῦτο</span> <span class='ocrx_word' id='word_1_224' title='bbox 380 4765 637 4835; x_wconf 77' lang='grc' dir='ltr'>μέλλησιν</span> <span class='ocrx_word' id='word_1_225' title='bbox 668 4766 1051 4821; x_wconf 86' lang='grc' dir='ltr'>ἀπαλλαττέτω</span> <span class='ocrx_word' id='word_1_226' title='bbox 1092 4768 1280 4837; x_wconf 74' lang='grc' dir='ltr'>μηδεὶς</span> <span class='ocrx_word' id='word_1_227' title='bbox 1324 4766 1432 4820; x_wconf 81' lang='grc' dir='ltr'>τῶν</span> <span class='ocrx_word' id='word_1_228' title='bbox 1474 4770 1554 4830; x_wconf 82' lang='grc' dir='ltr'><strong>είς</strong></span> <span class='ocrx_word' id='word_1_229' title='bbox 1602 4767 1765 4838; x_wconf 76' lang='grc' dir='ltr'>ρᾳθυ-</span> 
     </span>
    </p>
   </div>
   <div class='ocr_carea' id='block_1_38' title="bbox 206 4852 1764 4929">
    <p class='ocr_par' dir='ltr' id='par_1_38' title="bbox 206 4852 1764 4929">
     <span class='ocr_line' id='line_1_38' title="bbox 206 4852 1764 4929; baseline 0.003 -24"><span class='ocrx_word' id='word_1_230' title='bbox 206 4852 330 4921; x_wconf 83' lang='grc' dir='ltr'>μίαν</span> <span class='ocrx_word' id='word_1_231' title='bbox 363 4856 735 4924; x_wconf 72' lang='grc' dir='ltr'>αίτιαμάτωνο</span> <span class='ocrx_word' id='word_1_232' title='bbox 777 4856 870 4920; x_wconf 85' lang='grc' dir='ltr'><strong>οὒς</strong></span> <span class='ocrx_word' id='word_1_233' title='bbox 907 4856 1016 4929; x_wconf 80' lang='grc' dir='ltr'>γὰρ</span> <span class='ocrx_word' id='word_1_234' title='bbox 1044 4852 1111 4928; x_wconf 75' lang='grc' dir='ltr'>ἦν</span> <span class='ocrx_word' id='word_1_235' title='bbox 1158 4858 1301 4920; x_wconf 86' lang='grc' dir='ltr'>είκὸς</span> <span class='ocrx_word' id='word_1_236' title='bbox 1345 4857 1764 4912; x_wconf 78' lang='grc' dir='ltr'>κατακαλλύνειν</span> 
     </span>
    </p>
   </div>
   <div class='ocr_carea' id='block_1_39' title="bbox 204 4943 1763 5019">
    <p class='ocr_par' dir='ltr' id='par_1_39' title="bbox 204 4943 1763 5019">
     <span class='ocr_line' id='line_1_39' title="bbox 204 4943 1763 5019; baseline 0.003 -22"><span class='ocrx_word' id='word_1_237' title='bbox 204 4943 455 5001; x_wconf 76' lang='grc' dir='ltr'>δύνασθαι</span> <span class='ocrx_word' id='word_1_238' title='bbox 484 4950 604 5011; x_wconf 81' lang='grc' dir='ltr'>ταῖς</span> <span class='ocrx_word' id='word_1_239' title='bbox 629 4950 706 5011; x_wconf 85' lang='grc' dir='ltr'><strong>είς</strong></span> <span class='ocrx_word' id='word_1_240' title='bbox 726 4948 926 5019; x_wconf 83' lang='grc' dir='ltr'>ἀρετὴν</span> <span class='ocrx_word' id='word_1_241' title='bbox 948 4948 1264 5018; x_wconf 79' lang='grc' dir='ltr'>εὐφημίαις,</span> <span class='ocrx_word' id='word_1_242' title='bbox 1286 4948 1400 5003; x_wconf 86' lang='grc' dir='ltr'>ἀνθ’</span> <span class='ocrx_word' id='word_1_243' title='bbox 1432 4950 1550 5002; x_wconf 84' lang='grc' dir='ltr'>ὅτου</span> <span class='ocrx_word' id='word_1_244' title='bbox 1584 4948 1763 5013; x_wconf 84' lang='grc' dir='ltr'>λυπεῖ,</span> 
     </span>
    </p>
   </div>
   <div class='ocr_carea' id='block_1_40' title="bbox 206 5037 1766 5110">
    <p class='ocr_par' dir='ltr' id='par_1_40' title="bbox 206 5037 1766 5110">
     <span class='ocr_line' id='line_1_40' title="bbox 206 5037 1766 5110; baseline 0.002 -20"><span class='ocrx_word' id='word_1_245' title='bbox 206 5037 407 5109; x_wconf 80' lang='grc' dir='ltr'>σιωπᾷν</span> <span class='ocrx_word' id='word_1_246' title='bbox 446 5037 740 5108; x_wconf 73' lang='grc' dir='ltr'>ᾑρημένοςς</span> <span class='ocrx_word' id='word_1_247' title='bbox 788 5040 849 5091; x_wconf 87' lang='lat' dir='ltr'><strong>El</strong></span> <span class='ocrx_word' id='word_1_248' title='bbox 886 5038 941 5091; x_wconf 88' lang='grc' dir='ltr'>δὲ</span> <span class='ocrx_word' id='word_1_249' title='bbox 971 5040 1167 5104; x_wconf 81' lang='grc' dir='ltr'>ἀτονεῖ,</span> <span class='ocrx_word' id='word_1_250' title='bbox 1199 5040 1289 5093; x_wconf 77' lang='grc' dir='ltr'>καὶ</span> <span class='ocrx_word' id='word_1_251' title='bbox 1324 5039 1482 5103; x_wconf 86' lang='grc' dir='ltr'>δέδιε,</span> <span class='ocrx_word' id='word_1_252' title='bbox 1514 5041 1605 5093; x_wconf 75' lang='grc' dir='ltr'><strong>καὶ</strong></span> <span class='ocrx_word' id='word_1_253' title='bbox 1641 5042 1766 5110; x_wconf 80' lang='grc' dir='ltr'>δμο-</span> 
     </span>
    </p>
   </div>
   <div class='ocr_carea' id='block_1_41' title="bbox 204 5122 1766 5202">
    <p class='ocr_par' dir='ltr' id='par_1_41' title="bbox 204 5122 1766 5202">
     <span class='ocr_line' id='line_1_41' title="bbox 204 5122 1766 5202; baseline 0.004 -24"><span class='ocrx_word' id='word_1_254' title='bbox 204 5122 344 5195; x_wconf 79' lang='grc' dir='ltr'>λογεῖ</span> <span class='ocrx_word' id='word_1_255' title='bbox 371 5128 469 5198; x_wconf 83' lang='grc' dir='ltr'>τὴν</span> <span class='ocrx_word' id='word_1_256' title='bbox 497 5122 687 5199; x_wconf 74' lang='grc' dir='ltr'>ἧτταν,</span> <span class='ocrx_word' id='word_1_257' title='bbox 711 5130 810 5183; x_wconf 76' lang='grc' dir='ltr'><strong>οὐκ</strong></span> <span class='ocrx_word' id='word_1_258' title='bbox 835 5130 983 5201; x_wconf 82' lang='grc' dir='ltr'>αὑτῷ</span> <span class='ocrx_word' id='word_1_259' title='bbox 1002 5130 1065 5202; x_wconf 86' lang='grc' dir='ltr'><strong>δὴ</strong></span> <span class='ocrx_word' id='word_1_260' title='bbox 1096 5131 1293 5201; x_wconf 85' lang='grc' dir='ltr'>μᾶλλον</span> <span class='ocrx_word' id='word_1_261' title='bbox 1316 5131 1413 5195; x_wconf 81' lang='grc' dir='ltr'>τὰς</span> <span class='ocrx_word' id='word_1_262' title='bbox 1434 5132 1608 5195; x_wconf 77' lang='grc' dir='ltr'>αἰτίας</span> <span class='ocrx_word' id='word_1_263' title='bbox 1640 5135 1766 5186; x_wconf 84' lang='grc' dir='ltr'>ἁνα-</span> 
     </span>
    </p>
   </div>
   <div class='ocr_carea' id='block_1_42' title="bbox 1860 2666 3425 2740">
    <p class='ocr_par' dir='ltr' id='par_1_42' title="bbox 1860 2666 3425 2740">
     <span class='ocr_line' id='line_1_42' title="bbox 1860 2666 3425 2740; baseline 0.004 -19"><span class='ocrx_word' id='word_1_264' title='bbox 1860 2677 2097 2722; x_wconf 89' lang='lat' dir='ltr'><strong>nnstrum</strong></span> <span class='ocrx_word' id='word_1_265' title='bbox 2131 2666 2426 2723; x_wconf 82' lang='lat' dir='ltr'><strong>Salvatoris</strong></span> <span class='ocrx_word' id='word_1_266' title='bbox 2457 2684 2684 2739; x_wconf 88' lang='lat' dir='ltr'><strong>sponsas</strong></span> <span class='ocrx_word' id='word_1_267' title='bbox 2714 2669 3187 2740; x_wconf 90' lang='lat' dir='ltr'><strong>(religiosissima,</strong></span> <span class='ocrx_word' id='word_1_268' title='bbox 3221 2686 3284 2727; x_wconf 90' lang='lat' dir='ltr'><strong>ac</strong></span> <span class='ocrx_word' id='word_1_269' title='bbox 3316 2672 3425 2728; x_wconf 91' lang='lat' dir='ltr'><strong>Deo</strong></span> 
     </span>
    </p>
   </div>
   <div class='ocr_carea' id='block_1_43' title="bbox 1857 2760 3425 2831">
    <p class='ocr_par' dir='ltr' id='par_1_43' title="bbox 1857 2760 3425 2831">
     <span class='ocr_line' id='line_1_43' title="bbox 1857 2760 3425 2831; baseline 0.002 -17"><span class='ocrx_word' id='word_1_270' title='bbox 1857 2760 2217 2815; x_wconf 83' lang='lat' dir='ltr'><strong>dilectissima</strong></span> <span class='ocrx_word' id='word_1_271' title='bbox 2245 2761 2638 2831; x_wconf 88' lang='lat' dir='ltr'><strong>imperatrices)</strong></span> <span class='ocrx_word' id='word_1_272' title='bbox 2665 2762 2812 2817; x_wconf 83' lang='lat' dir='ltr'><strong>orbis</strong></span> <span class='ocrx_word' id='word_1_273' title='bbox 2841 2772 3106 2817; x_wconf 89' lang='lat' dir='ltr'><strong>terrarum</strong></span> <span class='ocrx_word' id='word_1_274' title='bbox 3134 2777 3425 2817; x_wconf 87' lang='lat' dir='ltr'><strong>ornamen-</strong></span> 
     </span>
    </p>
   </div>
   <div class='ocr_carea' id='block_1_44' title="bbox 1858 2851 3426 2923">
    <p class='ocr_par' dir='ltr' id='par_1_44' title="bbox 1858 2851 3426 2923">
     <span class='ocr_line' id='line_1_44' title="bbox 1858 2851 3426 2923; baseline 0.004 -21"><span class='ocrx_word' id='word_1_275' title='bbox 1858 2861 1967 2903; x_wconf 91' lang='lat' dir='ltr'><strong>tum</strong></span> <span class='ocrx_word' id='word_1_276' title='bbox 1987 2890 2001 2915; x_wconf 91' lang='lat'><strong>,</strong></span> <span class='ocrx_word' id='word_1_277' title='bbox 2030 2851 2603 2921; x_wconf 87' lang='lat' dir='ltr'><strong>sanctissimarumque</strong></span> <span class='ocrx_word' id='word_1_278' title='bbox 2636 2852 2997 2907; x_wconf 86' lang='lat' dir='ltr'><strong>Ecclesiarum</strong></span> <span class='ocrx_word' id='word_1_279' title='bbox 3028 2852 3193 2908; x_wconf 86' lang='lat' dir='ltr'><strong>decus</strong></span> <span class='ocrx_word' id='word_1_280' title='bbox 3221 2854 3426 2923; x_wconf 90' lang='lat' dir='ltr'><strong>optimo</strong></span> 
     </span>
    </p>
   </div>
   <div class='ocr_carea' id='block_1_45' title="bbox 1851 2941 3426 3012">
    <p class='ocr_par' dir='ltr' id='par_1_45' title="bbox 1851 2941 3426 3012">
     <span class='ocr_line' id='line_1_45' title="bbox 1851 2941 3426 3012; baseline 0.003 -18"><span class='ocrx_word' id='word_1_281' title='bbox 1851 2942 1971 3011; x_wconf 84' lang='lat' dir='ltr'><strong>jure</strong></span> <span class='ocrx_word' id='word_1_282' title='bbox 2000 2941 2264 3010; x_wconf 84' lang='lat' dir='ltr'><strong>quispiam</strong></span> <span class='ocrx_word' id='word_1_283' title='bbox 2300 2942 2581 3012; x_wconf 81' lang='lat' dir='ltr'><strong>appellarit</strong></span> <span class='ocrx_word' id='word_1_284' title='bbox 2615 2960 2629 2997; x_wconf 89' lang='lat'><strong>:</strong></span> <span class='ocrx_word' id='word_1_285' title='bbox 2658 2942 2712 2997; x_wconf 89' lang='lat' dir='ltr'><strong>in</strong></span> <span class='ocrx_word' id='word_1_286' title='bbox 2746 2943 2943 3012; x_wconf 88' lang='lat' dir='ltr'><strong>quibus</strong></span> <span class='ocrx_word' id='word_1_287' title='bbox 2976 2943 3231 2998; x_wconf 89' lang='lat' dir='ltr'><strong>nimirum</strong></span> <span class='ocrx_word' id='word_1_288' title='bbox 3264 2958 3426 2999; x_wconf 91' lang='lat' dir='ltr'><strong>omne</strong></span> 
     </span>
    </p>
   </div>
   <div class='ocr_carea' id='block_1_46' title="bbox 1857 3033 3427 3104">
    <p class='ocr_par' dir='ltr' id='par_1_46' title="bbox 1857 3033 3427 3104">
     <span class='ocr_line' id='line_1_46' title="bbox 1857 3033 3427 3104; baseline 0.002 -18"><span class='ocrx_word' id='word_1_289' title='bbox 1857 3033 2113 3086; x_wconf 85' lang='lat' dir='ltr'><strong>virtutum</strong></span> <span class='ocrx_word' id='word_1_290' title='bbox 2139 3048 2329 3102; x_wconf 88' lang='lat' dir='ltr'><strong>genus,</strong></span> <span class='ocrx_word' id='word_1_291' title='bbox 2355 3034 2638 3102; x_wconf 89' lang='lat' dir='ltr'><strong>omnisque</strong></span> <span class='ocrx_word' id='word_1_292' title='bbox 2662 3042 2884 3089; x_wconf 89' lang='lat' dir='ltr'><strong>ornatus</strong></span> <span class='ocrx_word' id='word_1_293' title='bbox 2908 3033 3101 3088; x_wconf 81' lang='lat' dir='ltr'><strong>divinae</strong></span> <span class='ocrx_word' id='word_1_294' title='bbox 3125 3034 3427 3104; x_wconf 73' lang='lat' dir='ltr'><strong>maiestatis</strong></span> 
     </span>
    </p>
   </div>
   <div class='ocr_carea' id='block_1_47' title="bbox 1856 3126 3426 3197">
    <p class='ocr_par' dir='ltr' id='par_1_47' title="bbox 1856 3126 3426 3197">
     <span class='ocr_line' id='line_1_47' title="bbox 1856 3126 3426 3197; baseline 0.002 -18"><span class='ocrx_word' id='word_1_295' title='bbox 1856 3126 2027 3179; x_wconf 88' lang='lat' dir='ltr'><strong>oculis</strong></span> <span class='ocrx_word' id='word_1_296' title='bbox 2063 3133 2249 3195; x_wconf 87' lang='lat' dir='ltr'><strong>gratus</strong></span> <span class='ocrx_word' id='word_1_297' title='bbox 2283 3135 2642 3197; x_wconf 85' lang='lat' dir='ltr'><strong>acceptusque</strong></span> <span class='ocrx_word' id='word_1_298' title='bbox 2679 3126 2905 3181; x_wconf 79' lang='lat' dir='ltr'><strong>miriﬁce</strong></span> <span class='ocrx_word' id='word_1_299' title='bbox 2940 3126 3207 3196; x_wconf 83' lang='lat' dir='ltr'><strong>splendet.</strong></span> <span class='ocrx_word' id='word_1_300' title='bbox 3243 3126 3426 3196; x_wconf 81' lang='lat' dir='ltr'><strong>Neque</strong></span> 
     </span>
    </p>
   </div>
   <div class='ocr_carea' id='block_1_48' title="bbox 1858 3214 3426 3287">
    <p class='ocr_par' dir='ltr' id='par_1_48' title="bbox 1858 3214 3426 3287">
     <span class='ocr_line' id='line_1_48' title="bbox 1858 3214 3426 3287; baseline 0.002 -18"><span class='ocrx_word' id='word_1_301' title='bbox 1858 3214 1943 3270; x_wconf 91' lang='lat' dir='ltr'><strong>his</strong></span> <span class='ocrx_word' id='word_1_302' title='bbox 1975 3214 2166 3282; x_wconf 89' lang='lat' dir='ltr'><strong>opibus</strong></span> <span class='ocrx_word' id='word_1_303' title='bbox 2198 3224 2487 3283; x_wconf 87' lang='lat' dir='ltr'><strong>contenta,</strong></span> <span class='ocrx_word' id='word_1_304' title='bbox 2520 3230 2735 3271; x_wconf 89' lang='lat' dir='ltr'><strong>omnem</strong></span> <span class='ocrx_word' id='word_1_305' title='bbox 2770 3232 2984 3287; x_wconf 84' lang='lat' dir='ltr'><strong>quoque</strong></span> <span class='ocrx_word' id='word_1_306' title='bbox 3017 3233 3203 3272; x_wconf 89' lang='lat' dir='ltr'><strong>curam</strong></span> <span class='ocrx_word' id='word_1_307' title='bbox 3237 3234 3426 3273; x_wconf 82' lang='lat' dir='ltr'><strong>omne—</strong></span> 
     </span>
    </p>
   </div>
   <div class='ocr_carea' id='block_1_49' title="bbox 1857 3305 3428 3377">
    <p class='ocr_par' dir='ltr' id='par_1_49' title="bbox 1857 3305 3428 3377">
     <span class='ocr_line' id='line_1_49' title="bbox 1857 3305 3428 3377; baseline 0.004 -21"><span class='ocrx_word' id='word_1_308' title='bbox 1857 3318 1959 3373; x_wconf 89' lang='lat' dir='ltr'><strong>que</strong></span> <span class='ocrx_word' id='word_1_309' title='bbox 2001 3305 2236 3359; x_wconf 90' lang='lat' dir='ltr'><strong>studium</strong></span> <span class='ocrx_word' id='word_1_310' title='bbox 2272 3305 2572 3369; x_wconf 80' lang='lat' dir='ltr'><strong>adhibetis,</strong></span> <span class='ocrx_word' id='word_1_311' title='bbox 2616 3321 2725 3377; x_wconf 91' lang='lat' dir='ltr'><strong>quo</strong></span> <span class='ocrx_word' id='word_1_312' title='bbox 2774 3306 2879 3362; x_wconf 84' lang='lat' dir='ltr'><strong>ﬁde</strong></span> <span class='ocrx_word' id='word_1_313' title='bbox 2923 3316 3071 3363; x_wconf 91' lang='lat' dir='ltr'><strong>recta</strong></span> <span class='ocrx_word' id='word_1_314' title='bbox 3119 3308 3428 3377; x_wconf 88' lang='lat' dir='ltr'><strong>nullamque</strong></span> 
     </span>
    </p>
   </div>
   <div class='ocr_carea' id='block_1_50' title="bbox 1858 3395 3426 3466">
    <p class='ocr_par' dir='ltr' id='par_1_50' title="bbox 1858 3395 3426 3466">
     <span class='ocr_line' id='line_1_50' title="bbox 1858 3395 3426 3466; baseline 0.005 -19"><span class='ocrx_word' id='word_1_315' title='bbox 1858 3395 1912 3448; x_wconf 91' lang='lat' dir='ltr'><strong>in</strong></span> <span class='ocrx_word' id='word_1_316' title='bbox 1946 3404 2151 3463; x_wconf 90' lang='lat' dir='ltr'><strong>partem</strong></span> <span class='ocrx_word' id='word_1_317' title='bbox 2182 3396 2473 3452; x_wconf 83' lang='lat' dir='ltr'><strong>vacillante</strong></span> <span class='ocrx_word' id='word_1_318' title='bbox 2504 3398 2814 3466; x_wconf 80' lang='lat' dir='ltr'><strong>excellatis;</strong></span> <span class='ocrx_word' id='word_1_319' title='bbox 2851 3414 3118 3455; x_wconf 90' lang='lat' dir='ltr'><strong>memores</strong></span> <span class='ocrx_word' id='word_1_320' title='bbox 3152 3400 3295 3454; x_wconf 87' lang='lat' dir='ltr'><strong>haud</strong></span> <span class='ocrx_word' id='word_1_321' title='bbox 3329 3401 3426 3455; x_wconf 90' lang='lat' dir='ltr'><strong>du-</strong></span> 
     </span>
    </p>
   </div>
   <div class='ocr_carea' id='block_1_51' title="bbox 1858 3486 3443 3571">
    <p class='ocr_par' dir='ltr' id='par_1_51' title="bbox 1858 3486 3443 3571">
     <span class='ocr_line' id='line_1_51' title="bbox 1858 3486 3443 3571; baseline 0.003 -32"><span class='ocrx_word' id='word_1_322' title='bbox 1858 3486 1943 3539; x_wconf 86' lang='lat' dir='ltr'><strong>bie</strong></span> <span class='ocrx_word' id='word_1_323' title='bbox 1974 3486 2139 3552; x_wconf 88' lang='lat' dir='ltr'><strong>illius,</strong></span> <span class='ocrx_word' id='word_1_324' title='bbox 2168 3488 2311 3555; x_wconf 87' lang='lat' dir='ltr'><strong>quod</strong></span> <span class='ocrx_word' id='word_1_325' title='bbox 2343 3486 2776 3555; x_wconf 84' lang='lat' dir='ltr'><strong>sapientissimus</strong></span> <span class='ocrx_word' id='word_1_326' title='bbox 2807 3490 3187 3559; x_wconf 86' lang='lat' dir='ltr'><strong>mysteriorum</strong></span> <span class='ocrx_word' id='word_1_327' title='bbox 3220 3490 3443 3571; x_wconf 32' lang='lat' dir='ltr'><strong>Christi‘</strong></span> 
     </span>
    </p>
   </div>
   <div class='ocr_carea' id='block_1_52' title="bbox 1858 3580 3426 3649">
    <p class='ocr_par' dir='ltr' id='par_1_52' title="bbox 1858 3580 3426 3649">
     <span class='ocr_line' id='line_1_52' title="bbox 1858 3580 3426 3649; baseline 0.002 -14"><span class='ocrx_word' id='word_1_328' title='bbox 1858 3580 2215 3649; x_wconf 86' lang='lat' dir='ltr'><strong>dispensator,</strong></span> <span class='ocrx_word' id='word_1_329' title='bbox 2232 3582 2578 3649; x_wconf 80' lang='lat' dir='ltr'><strong>gentiumque</strong></span> <span class='ocrx_word' id='word_1_330' title='bbox 2593 3581 2801 3638; x_wconf 90' lang='lat' dir='ltr'><strong>doctor.</strong></span> <span class='ocrx_word' id='word_1_331' title='bbox 2818 3582 3017 3637; x_wconf 85' lang='lat' dir='ltr'><strong>Paulus</strong></span> <span class='ocrx_word' id='word_1_332' title='bbox 3036 3582 3255 3638; x_wconf 83' lang='lat' dir='ltr'><strong>scribit:</strong></span> <span class='ocrx_word' id='word_1_333' title='bbox 3283 3600 3302 3634; x_wconf 79' lang='grc' dir='ltr'><strong>ι</strong></span> <span class='ocrx_word' id='word_1_334' title='bbox 3326 3582 3426 3638; x_wconf 88' lang='lat' dir='ltr'><strong>lta-</strong></span> 
     </span>
    </p>
   </div>
   <div class='ocr_carea' id='block_1_53' title="bbox 1858 3670 3428 3740">
    <p class='ocr_par' dir='ltr' id='par_1_53' title="bbox 1858 3670 3428 3740">
     <span class='ocr_line' id='line_1_53' title="bbox 1858 3670 3428 3740; baseline 0.002 -16"><span class='ocrx_word' id='word_1_335' title='bbox 1858 3688 1981 3740; x_wconf 89' lang='lat' dir='ltr'><strong>que,</strong></span> <span class='ocrx_word' id='word_1_336' title='bbox 2006 3670 2201 3727; x_wconf 78' lang='lat' dir='ltr'><strong>fratres</strong></span> <span class='ocrx_word' id='word_1_337' title='bbox 2233 3672 2335 3725; x_wconf 90' lang='lat' dir='ltr'><strong>mei</strong></span> <span class='ocrx_word' id='word_1_338' title='bbox 2363 3671 2567 3738; x_wconf 82' lang='lat' dir='ltr'><strong>dilecti;</strong></span> <span class='ocrx_word' id='word_1_339' title='bbox 2589 3672 2683 3736; x_wconf 87' lang='lat' dir='ltr'><strong>ait,</strong></span> <span class='ocrx_word' id='word_1_340' title='bbox 2707 3672 2927 3728; x_wconf 87' lang='lat' dir='ltr'><strong>stabiles</strong></span> <span class='ocrx_word' id='word_1_341' title='bbox 2956 3682 3126 3728; x_wconf 87' lang='lat' dir='ltr'><strong>estote</strong></span> <span class='ocrx_word' id='word_1_342' title='bbox 3152 3683 3207 3728; x_wconf 89' lang='lat' dir='ltr'><strong>et</strong></span> <span class='ocrx_word' id='word_1_343' title='bbox 3234 3674 3428 3727; x_wconf 90' lang='lat' dir='ltr'><strong>immo-</strong></span> 
     </span>
    </p>
   </div>
   <div class='ocr_carea' id='block_1_54' title="bbox 1858 3762 3427 3833">
    <p class='ocr_par' dir='ltr' id='par_1_54' title="bbox 1858 3762 3427 3833">
     <span class='ocr_line' id='line_1_54' title="bbox 1858 3762 3427 3833; baseline -0.001 -16"><span class='ocrx_word' id='word_1_344' title='bbox 1858 3762 2015 3828; x_wconf 90' lang='lat' dir='ltr'><strong>biles,</strong></span> <span class='ocrx_word' id='word_1_345' title='bbox 2034 3762 2366 3818; x_wconf 87' lang='lat' dir='ltr'><strong>abundantes</strong></span> <span class='ocrx_word' id='word_1_346' title='bbox 2390 3762 2441 3816; x_wconf 92' lang='lat' dir='ltr'><strong>in</strong></span> <span class='ocrx_word' id='word_1_347' title='bbox 2464 3776 2625 3833; x_wconf 89' lang='lat' dir='ltr'><strong>opere</strong></span> <span class='ocrx_word' id='word_1_348' title='bbox 2649 3763 2855 3817; x_wconf 89' lang='lat' dir='ltr'><strong>Domini</strong></span> <span class='ocrx_word' id='word_1_349' title='bbox 2878 3764 3206 3833; x_wconf 64' lang='grc' dir='ltr'>πωροι-θ’.»</span> <span class='ocrx_word' id='word_1_350' title='bbox 3241 3762 3427 3829; x_wconf 86' lang='lat' dir='ltr'><strong>Quan-</strong></span> 
     </span>
    </p>
   </div>
   <div class='ocr_carea' id='block_1_55' title="bbox 1860 3832 3425 3925">
    <p class='ocr_par' dir='ltr' id='par_1_55' title="bbox 1860 3832 3425 3925">
     <span class='ocr_line' id='line_1_55' title="bbox 1860 3832 3425 3925; baseline -0.002 -14"><span class='ocrx_word' id='word_1_351' title='bbox 1860 3855 2150 3925; x_wconf 89' lang='lat' dir='ltr'><strong>doquidem</strong></span> <span class='ocrx_word' id='word_1_352' title='bbox 2176 3856 2265 3909; x_wconf 89' lang='lat' dir='ltr'><strong>ubi</strong></span> <span class='ocrx_word' id='word_1_353' title='bbox 2295 3855 2426 3910; x_wconf 73' lang='lat' dir='ltr'><strong>fides</strong></span> <span class='ocrx_word' id='word_1_354' title='bbox 2450 3832 2600 3909; x_wconf 73' lang='lat' dir='ltr'><strong>recta</strong></span> <span class='ocrx_word' id='word_1_355' title='bbox 2628 3863 2681 3909; x_wconf 92' lang='lat' dir='ltr'><strong>et</strong></span> <span class='ocrx_word' id='word_1_356' title='bbox 2714 3854 2982 3925; x_wconf 83' lang='lat' dir='ltr'><strong>inculpata</strong></span> <span class='ocrx_word' id='word_1_357' title='bbox 3000 3832 3134 3910; x_wconf 79' lang='lat' dir='ltr'><strong>cum</strong></span> <span class='ocrx_word' id='word_1_358' title='bbox 3162 3856 3425 3911; x_wconf 87' lang='lat' dir='ltr'><strong>bonarum</strong></span> 
     </span>
    </p>
   </div>
   <div class='ocr_carea' id='block_1_56' title="bbox 1862 3943 3425 4017">
    <p class='ocr_par' dir='ltr' id='par_1_56' title="bbox 1862 3943 3425 4017">
     <span class='ocr_line' id='line_1_56' title="bbox 1862 3943 3425 4017; baseline 0.001 -18"><span class='ocrx_word' id='word_1_359' title='bbox 1862 3945 2134 4000; x_wconf 91' lang='lat' dir='ltr'><strong>actionum</strong></span> <span class='ocrx_word' id='word_1_360' title='bbox 2177 3944 2462 3999; x_wconf 84' lang='lat' dir='ltr'><strong>honestate</strong></span> <span class='ocrx_word' id='word_1_361' title='bbox 2498 3943 2863 4014; x_wconf 75' lang='lat' dir='ltr'><strong>coniungitur,</strong></span> <span class='ocrx_word' id='word_1_362' title='bbox 2902 3945 3260 4017; x_wconf 87' lang='lat' dir='ltr'><strong>aquabilique</strong></span> <span class='ocrx_word' id='word_1_363' title='bbox 3306 3947 3425 4001; x_wconf 91' lang='lat' dir='ltr'><strong>nisu</strong></span> 
     </span>
    </p>
   </div>
   <div class='ocr_carea' id='block_1_57' title="bbox 1860 4037 3427 4106">
    <p class='ocr_par' dir='ltr' id='par_1_57' title="bbox 1860 4037 3427 4106">
     <span class='ocr_line' id='line_1_57' title="bbox 1860 4037 3427 4106; baseline -0.001 -14"><span class='ocrx_word' id='word_1_364' title='bbox 1860 4045 1915 4092; x_wconf 89' lang='lat' dir='ltr'><strong>et</strong></span> <span class='ocrx_word' id='word_1_365' title='bbox 1944 4051 2104 4092; x_wconf 86' lang='lat' dir='ltr'><strong>cursu</strong></span> <span class='ocrx_word' id='word_1_366' title='bbox 2133 4051 2257 4091; x_wconf 91' lang='lat' dir='ltr'><strong>cum</strong></span> <span class='ocrx_word' id='word_1_367' title='bbox 2290 4037 2393 4091; x_wconf 85' lang='lat' dir='ltr'><strong>illis</strong></span> <span class='ocrx_word' id='word_1_368' title='bbox 2424 4037 2743 4106; x_wconf 88' lang='lat' dir='ltr'><strong>copulatur;</strong></span> <span class='ocrx_word' id='word_1_369' title='bbox 2779 4037 2849 4093; x_wconf 87' lang='lat' dir='ltr'><strong>ibi</strong></span> <span class='ocrx_word' id='word_1_370' title='bbox 2879 4038 3055 4093; x_wconf 90' lang='lat' dir='ltr'><strong>omnis</strong></span> <span class='ocrx_word' id='word_1_371' title='bbox 3086 4038 3214 4093; x_wconf 91' lang='lat' dir='ltr'><strong>boni</strong></span> <span class='ocrx_word' id='word_1_372' title='bbox 3244 4038 3427 4105; x_wconf 79' lang='lat' dir='ltr'><strong>perfe-</strong></span> 
     </span>
    </p>
   </div>
   <div class='ocr_carea' id='block_1_58' title="bbox 1861 4128 3427 4199">
    <p class='ocr_par' dir='ltr' id='par_1_58' title="bbox 1861 4128 3427 4199">
     <span class='ocr_line' id='line_1_58' title="bbox 1861 4128 3427 4199; baseline 0 -16"><span class='ocrx_word' id='word_1_373' title='bbox 1861 4128 1970 4183; x_wconf 91' lang='lat' dir='ltr'><strong>ctio</strong></span> <span class='ocrx_word' id='word_1_374' title='bbox 2000 4128 2552 4199; x_wconf 77' lang='lat' dir='ltr'><strong>sanctiﬁcationisque</strong></span> <span class='ocrx_word' id='word_1_375' title='bbox 2585 4128 2868 4199; x_wconf 77' lang='lat' dir='ltr'><strong>integritas</strong></span> <span class='ocrx_word' id='word_1_376' title='bbox 2900 4130 3250 4199; x_wconf 90' lang='lat' dir='ltr'><strong>comperitur.</strong></span> <span class='ocrx_word' id='word_1_377' title='bbox 3279 4130 3427 4196; x_wconf 86' lang='lat' dir='ltr'><strong>Qua-</strong></span> 
     </span>
    </p>
   </div>
   <div class='ocr_carea' id='block_1_59' title="bbox 1861 4221 3429 4292">
    <p class='ocr_par' dir='ltr' id='par_1_59' title="bbox 1861 4221 3429 4292">
     <span class='ocr_line' id='line_1_59' title="bbox 1861 4221 3429 4292; baseline 0.001 -17"><span class='ocrx_word' id='word_1_378' title='bbox 1861 4233 2083 4292; x_wconf 90' lang='lat' dir='ltr'><strong>propter</strong></span> <span class='ocrx_word' id='word_1_379' title='bbox 2100 4237 2197 4277; x_wconf 88' lang='lat' dir='ltr'><strong>uos</strong></span> <span class='ocrx_word' id='word_1_380' title='bbox 2219 4221 2401 4291; x_wconf 88' lang='lat' dir='ltr'><strong>gloria</strong></span> <span class='ocrx_word' id='word_1_381' title='bbox 2422 4231 2475 4277; x_wconf 92' lang='lat' dir='ltr'><strong>et</strong></span> <span class='ocrx_word' id='word_1_382' title='bbox 2496 4222 2792 4277; x_wconf 90' lang='lat' dir='ltr'><strong>celebritati</strong></span> <span class='ocrx_word' id='word_1_383' title='bbox 2810 4232 3002 4278; x_wconf 81' lang='lat' dir='ltr'><strong>vestra</strong></span> <span class='ocrx_word' id='word_1_384' title='bbox 3026 4237 3207 4291; x_wconf 90' lang='lat' dir='ltr'><strong>parem</strong></span> <span class='ocrx_word' id='word_1_385' title='bbox 3228 4225 3429 4278; x_wconf 87' lang='lat' dir='ltr'><strong>oratio-</strong></span> 
     </span>
    </p>
   </div>
   <div class='ocr_carea' id='block_1_60' title="bbox 1862 4312 3443 4386">
    <p class='ocr_par' dir='ltr' id='par_1_60' title="bbox 1862 4312 3443 4386">
     <span class='ocr_line' id='line_1_60' title="bbox 1862 4312 3443 4386; baseline 0.003 -20"><span class='ocrx_word' id='word_1_386' title='bbox 1862 4316 1948 4367; x_wconf 87' lang='lat' dir='ltr'><strong>nis</strong></span> <span class='ocrx_word' id='word_1_387' title='bbox 1976 4313 2295 4384; x_wconf 89' lang='lat' dir='ltr'><strong>dignitatem</strong></span> <span class='ocrx_word' id='word_1_388' title='bbox 2329 4312 2522 4369; x_wconf 81' lang='lat' dir='ltr'><strong>aﬂ&#39;erre</strong></span> <span class='ocrx_word' id='word_1_389' title='bbox 2553 4329 2658 4369; x_wconf 92' lang='lat' dir='ltr'><strong>non</strong></span> <span class='ocrx_word' id='word_1_390' title='bbox 2694 4330 2880 4385; x_wconf 90' lang='lat' dir='ltr'><strong>posse,</strong></span> <span class='ocrx_word' id='word_1_391' title='bbox 2916 4317 3141 4386; x_wconf 89' lang='lat' dir='ltr'><strong>ingenue</strong></span> <span class='ocrx_word' id='word_1_392' title='bbox 3172 4318 3443 4381; x_wconf 78' lang='lat' dir='ltr'><strong>fatemur,</strong></span> 
     </span>
    </p>
   </div>
   <div class='ocr_carea' id='block_1_61' title="bbox 1864 4404 3426 4479">
    <p class='ocr_par' dir='ltr' id='par_1_61' title="bbox 1864 4404 3426 4479">
     <span class='ocr_line' id='line_1_61' title="bbox 1864 4404 3426 4479; baseline 0.005 -22"><span class='ocrx_word' id='word_1_393' title='bbox 1864 4420 1963 4459; x_wconf 92' lang='lat' dir='ltr'><strong>nec</strong></span> <span class='ocrx_word' id='word_1_394' title='bbox 1997 4404 2369 4467; x_wconf 84' lang='lat' dir='ltr'><strong>erubescimus</strong></span> <span class='ocrx_word' id='word_1_395' title='bbox 2401 4424 2416 4459; x_wconf 88' lang='lat'>:</span> <span class='ocrx_word' id='word_1_396' title='bbox 2448 4406 2588 4461; x_wconf 90' lang='lat' dir='ltr'><strong>unde</strong></span> <span class='ocrx_word' id='word_1_397' title='bbox 2619 4416 2671 4461; x_wconf 91' lang='lat' dir='ltr'><strong>et</strong></span> <span class='ocrx_word' id='word_1_398' title='bbox 2700 4408 2853 4462; x_wconf 86' lang='lat' dir='ltr'><strong>venia</strong></span> <span class='ocrx_word' id='word_1_399' title='bbox 2884 4424 3099 4478; x_wconf 90' lang='lat' dir='ltr'><strong>quoque</strong></span> <span class='ocrx_word' id='word_1_400' title='bbox 3130 4408 3275 4479; x_wconf 82' lang='lat' dir='ltr'><strong>digni</strong></span> <span class='ocrx_word' id='word_1_401' title='bbox 3309 4426 3426 4465; x_wconf 88' lang='lat' dir='ltr'><strong>tue-</strong></span> 
     </span>
    </p>
   </div>
   <div class='ocr_carea' id='block_1_62' title="bbox 1864 4495 3429 4568">
    <p class='ocr_par' dir='ltr' id='par_1_62' title="bbox 1864 4495 3429 4568">
     <span class='ocr_line' id='line_1_62' title="bbox 1864 4495 3429 4568; baseline 0.005 -21"><span class='ocrx_word' id='word_1_402' title='bbox 1864 4495 1968 4549; x_wconf 88' lang='lat' dir='ltr'><strong>rito</strong></span> <span class='ocrx_word' id='word_1_403' title='bbox 2011 4495 2372 4559; x_wconf 90' lang='lat' dir='ltr'><strong>censebimur,</strong></span> <span class='ocrx_word' id='word_1_404' title='bbox 2420 4496 2467 4550; x_wconf 91' lang='lat' dir='ltr'><strong>si</strong></span> <span class='ocrx_word' id='word_1_405' title='bbox 2510 4511 2573 4550; x_wconf 87' lang='lat' dir='ltr'><strong>ea</strong></span> <span class='ocrx_word' id='word_1_406' title='bbox 2619 4497 2841 4553; x_wconf 80' lang='lat' dir='ltr'><strong>laudare</strong></span> <span class='ocrx_word' id='word_1_407' title='bbox 2882 4514 3151 4565; x_wconf 89' lang='lat' dir='ltr'><strong>veremur,</strong></span> <span class='ocrx_word' id='word_1_408' title='bbox 3199 4514 3429 4568; x_wconf 91' lang='lat' dir='ltr'><strong>quorum</strong></span> 
     </span>
    </p>
   </div>
   <div class='ocr_carea' id='block_1_63' title="bbox 1864 4583 3431 4658">
    <p class='ocr_par' dir='ltr' id='par_1_63' title="bbox 1864 4583 3431 4658">
     <span class='ocr_line' id='line_1_63' title="bbox 1864 4583 3431 4658; baseline 0.003 -19"><span class='ocrx_word' id='word_1_409' title='bbox 1864 4583 2239 4639; x_wconf 82' lang='lat' dir='ltr'><strong>excellentiam</strong></span> <span class='ocrx_word' id='word_1_410' title='bbox 2283 4600 2381 4640; x_wconf 90' lang='lat' dir='ltr'><strong>nos</strong></span> <span class='ocrx_word' id='word_1_411' title='bbox 2420 4586 2633 4655; x_wconf 86' lang='lat' dir='ltr'><strong>assequi</strong></span> <span class='ocrx_word' id='word_1_412' title='bbox 2676 4602 2833 4657; x_wconf 91' lang='lat' dir='ltr'><strong>posse</strong></span> <span class='ocrx_word' id='word_1_413' title='bbox 2874 4602 2977 4643; x_wconf 94' lang='lat' dir='ltr'><strong>non</strong></span> <span class='ocrx_word' id='word_1_414' title='bbox 3018 4598 3268 4658; x_wconf 85' lang='lat' dir='ltr'><strong>putamus</strong></span> <span class='ocrx_word' id='word_1_415' title='bbox 3310 4607 3323 4643; x_wconf 91' lang='lat'><strong>:</strong></span> <span class='ocrx_word' id='word_1_416' title='bbox 3366 4604 3431 4644; x_wconf 90' lang='lat' dir='ltr'><strong>ac</strong></span> 
     </span>
    </p>
   </div>
   <div class='ocr_carea' id='block_1_64' title="bbox 1864 4674 3432 4745">
    <p class='ocr_par' dir='ltr' id='par_1_64' title="bbox 1864 4674 3432 4745">
     <span class='ocr_line' id='line_1_64' title="bbox 1864 4674 3432 4745; baseline 0.002 -16"><span class='ocrx_word' id='word_1_417' title='bbox 1864 4674 2130 4744; x_wconf 87' lang='lat' dir='ltr'><strong>siquidem</strong></span> <span class='ocrx_word' id='word_1_418' title='bbox 2160 4675 2234 4740; x_wconf 89' lang='lat' dir='ltr'><strong>id,</strong></span> <span class='ocrx_word' id='word_1_419' title='bbox 2261 4676 2400 4744; x_wconf 88' lang='lat' dir='ltr'><strong>quod</strong></span> <span class='ocrx_word' id='word_1_420' title='bbox 2429 4685 2683 4745; x_wconf 81' lang='lat' dir='ltr'><strong>prastare</strong></span> <span class='ocrx_word' id='word_1_421' title='bbox 2709 4676 3099 4743; x_wconf 84' lang='lat' dir='ltr'><strong>desideramus,</strong></span> <span class='ocrx_word' id='word_1_422' title='bbox 3127 4693 3246 4732; x_wconf 93' lang='lat' dir='ltr'><strong>cum</strong></span> <span class='ocrx_word' id='word_1_423' title='bbox 3275 4678 3432 4733; x_wconf 88' lang='lat' dir='ltr'><strong>laude</strong></span> 
     </span>
    </p>
   </div>
   <div class='ocr_carea' id='block_1_65' title="bbox 1865 4764 3428 4835">
    <p class='ocr_par' dir='ltr' id='par_1_65' title="bbox 1865 4764 3428 4835">
     <span class='ocr_line' id='line_1_65' title="bbox 1865 4764 3428 4835; baseline 0.001 -16"><span class='ocrx_word' id='word_1_424' title='bbox 1865 4765 2153 4835; x_wconf 84' lang='lat' dir='ltr'><strong>prastandi</strong></span> <span class='ocrx_word' id='word_1_425' title='bbox 2191 4764 2501 4819; x_wconf 81' lang='lat' dir='ltr'><strong>facultatem</strong></span> <span class='ocrx_word' id='word_1_426' title='bbox 2538 4766 2879 4830; x_wconf 86' lang='lat' dir='ltr'><strong>haberemus,</strong></span> <span class='ocrx_word' id='word_1_427' title='bbox 2906 4767 3028 4835; x_wconf 85' lang='lat' dir='ltr'><strong>jure</strong></span> <span class='ocrx_word' id='word_1_428' title='bbox 3062 4766 3301 4833; x_wconf 77' lang='lat' dir='ltr'><strong>profecto</strong></span> <span class='ocrx_word' id='word_1_429' title='bbox 3335 4782 3428 4821; x_wconf 90' lang='lat' dir='ltr'><strong>ac-</strong></span> 
     </span>
    </p>
   </div>
   <div class='ocr_carea' id='block_1_66' title="bbox 1865 4855 3429 4924">
    <p class='ocr_par' dir='ltr' id='par_1_66' title="bbox 1865 4855 3429 4924">
     <span class='ocr_line' id='line_1_66' title="bbox 1865 4855 3429 4924; baseline -0.002 -12"><span class='ocrx_word' id='word_1_430' title='bbox 1865 4871 2201 4924; x_wconf 88' lang='lat' dir='ltr'><strong>cusaremur,</strong></span> <span class='ocrx_word' id='word_1_431' title='bbox 2230 4857 2273 4911; x_wconf 91' lang='lat' dir='ltr'><strong>si</strong></span> <span class='ocrx_word' id='word_1_432' title='bbox 2304 4857 2373 4911; x_wconf 91' lang='lat' dir='ltr'><strong>de</strong></span> <span class='ocrx_word' id='word_1_433' title='bbox 2400 4856 2714 4910; x_wconf 79' lang='lat' dir='ltr'><strong>inﬁrmitate</strong></span> <span class='ocrx_word' id='word_1_434' title='bbox 2743 4866 2927 4910; x_wconf 88' lang='lat' dir='ltr'><strong>nostra</strong></span> <span class='ocrx_word' id='word_1_435' title='bbox 2956 4856 3116 4909; x_wconf 79' lang='lat' dir='ltr'><strong>anxie</strong></span> <span class='ocrx_word' id='word_1_436' title='bbox 3145 4855 3305 4911; x_wconf 88' lang='lat' dir='ltr'><strong>nimis</strong></span> <span class='ocrx_word' id='word_1_437' title='bbox 3335 4872 3429 4910; x_wconf 83' lang='lat' dir='ltr'><strong>co-</strong></span> 
     </span>
    </p>
   </div>
   <div class='ocr_carea' id='block_1_67' title="bbox 1866 4947 3430 5020">
    <p class='ocr_par' dir='ltr' id='par_1_67' title="bbox 1866 4947 3430 5020">
     <span class='ocr_line' id='line_1_67' title="bbox 1866 4947 3430 5020; baseline -0.001 -18"><span class='ocrx_word' id='word_1_438' title='bbox 1866 4950 2120 5020; x_wconf 85' lang='lat' dir='ltr'><strong>gitantes,</strong></span> <span class='ocrx_word' id='word_1_439' title='bbox 2148 4950 2495 5003; x_wconf 88' lang='lat' dir='ltr'><strong>cunctantius</strong></span> <span class='ocrx_word' id='word_1_440' title='bbox 2523 4962 2803 5017; x_wconf 84' lang='lat' dir='ltr'><strong>ageremus</strong></span> <span class='ocrx_word' id='word_1_441' title='bbox 2828 4964 2842 5000; x_wconf 91' lang='lat'><strong>:</strong></span> <span class='ocrx_word' id='word_1_442' title='bbox 2872 4962 3043 5016; x_wconf 88' lang='lat' dir='ltr'><strong>neque</strong></span> <span class='ocrx_word' id='word_1_443' title='bbox 3072 4947 3297 5017; x_wconf 81' lang='lat' dir='ltr'><strong>ignavia</strong></span> <span class='ocrx_word' id='word_1_444' title='bbox 3325 4948 3430 5001; x_wconf 65' lang='lat' dir='ltr'><strong>crio</strong></span> 
     </span>
    </p>
   </div>
   <div class='ocr_carea' id='block_1_68' title="bbox 1868 5037 3429 5109">
    <p class='ocr_par' dir='ltr' id='par_1_68' title="bbox 1868 5037 3429 5109">
     <span class='ocr_line' id='line_1_68' title="bbox 1868 5037 3429 5109; baseline -0.003 -14"><span class='ocrx_word' id='word_1_445' title='bbox 1868 5055 1987 5095; x_wconf 91' lang='lat' dir='ltr'><strong>men</strong></span> <span class='ocrx_word' id='word_1_446' title='bbox 2021 5039 2205 5094; x_wconf 89' lang='lat' dir='ltr'><strong>liceret</strong></span> <span class='ocrx_word' id='word_1_447' title='bbox 2234 5038 2488 5109; x_wconf 73' lang='lat' dir='ltr'><strong>eﬂ‘ugere,</strong></span> <span class='ocrx_word' id='word_1_448' title='bbox 2520 5047 2700 5107; x_wconf 88' lang='lat' dir='ltr'><strong>utpote</strong></span> <span class='ocrx_word' id='word_1_449' title='bbox 2730 5038 2819 5107; x_wconf 92' lang='lat' dir='ltr'><strong>qui</strong></span> <span class='ocrx_word' id='word_1_450' title='bbox 2853 5037 3067 5092; x_wconf 90' lang='lat' dir='ltr'><strong>silentio</strong></span> <span class='ocrx_word' id='word_1_451' title='bbox 3099 5046 3331 5105; x_wconf 87' lang='lat' dir='ltr'><strong>utentes,</strong></span> <span class='ocrx_word' id='word_1_452' title='bbox 3365 5039 3429 5092; x_wconf 84' lang='lat' dir='ltr'><strong>iis</strong></span> 
     </span>
    </p>
   </div>
   <div class='ocr_carea' id='block_1_69' title="bbox 1867 5128 3430 5200">
    <p class='ocr_par' dir='ltr' id='par_1_69' title="bbox 1867 5128 3430 5200">
     <span class='ocr_line' id='line_1_69' title="bbox 1867 5128 3430 5200; baseline -0.001 -17"><span class='ocrx_word' id='word_1_453' title='bbox 1867 5146 2002 5200; x_wconf 91' lang='lat' dir='ltr'><strong>quos</strong></span> <span class='ocrx_word' id='word_1_454' title='bbox 2042 5130 2110 5185; x_wconf 91' lang='lat' dir='ltr'><strong>ob</strong></span> <span class='ocrx_word' id='word_1_455' title='bbox 2144 5130 2396 5183; x_wconf 83' lang='lat' dir='ltr'><strong>virtutem</strong></span> <span class='ocrx_word' id='word_1_456' title='bbox 2441 5129 2651 5183; x_wconf 88' lang='lat' dir='ltr'><strong>meritis</strong></span> <span class='ocrx_word' id='word_1_457' title='bbox 2694 5128 2905 5182; x_wconf 88' lang='lat' dir='ltr'><strong>laudum</strong></span> <span class='ocrx_word' id='word_1_458' title='bbox 2948 5129 3232 5197; x_wconf 83' lang='lat' dir='ltr'><strong>praconiis</strong></span> <span class='ocrx_word' id='word_1_459' title='bbox 3273 5144 3430 5183; x_wconf 79' lang='lat' dir='ltr'><strong>exor-</strong></span> 
     </span>
    </p>
   </div>
   <div class='ocr_carea' id='block_1_70' title="bbox 207 5212 1787 5310">
    <p class='ocr_par' dir='ltr' id='par_1_70' title="bbox 207 5212 1763 5293">
     <span class='ocr_line' id='line_1_70' title="bbox 207 5212 1763 5293; baseline 0.004 -25"><span class='ocrx_word' id='word_1_460' title='bbox 207 5212 460 5289; x_wconf 78' lang='grc' dir='ltr'>θήσομεν,</span> <span class='ocrx_word' id='word_1_461' title='bbox 493 5219 608 5273; x_wconf 82' lang='grc' dir='ltr'>ἀλλ’</span> <span class='ocrx_word' id='word_1_462' title='bbox 643 5220 770 5291; x_wconf 80' lang='grc' dir='ltr'>ὑμῖν</span> <span class='ocrx_word' id='word_1_463' title='bbox 818 5224 937 5285; x_wconf 88' lang='grc' dir='ltr'>ταῖς</span> <span class='ocrx_word' id='word_1_464' title='bbox 972 5220 1114 5275; x_wconf 71' lang='grc' dir='ltr'>οὕτω</span> <span class='ocrx_word' id='word_1_465' title='bbox 1157 5222 1525 5293; x_wconf 73' lang='grc' dir='ltr'>περιφανέσιν,</span> <span class='ocrx_word' id='word_1_466' title='bbox 1564 5224 1619 5277; x_wconf 82' lang='grc' dir='ltr'>αἳ</span> <span class='ocrx_word' id='word_1_467' title='bbox 1648 5227 1763 5287; x_wconf 81' lang='grc' dir='ltr'>ταῖς</span> 
     </span>
    </p>
   </div>
   <div class='ocr_carea' id='block_1_71' title="bbox 1861 5212 3433 5310">
    <p class='ocr_par' dir='ltr' id='par_1_71' title="bbox 1869 5218 3433 5288">
     <span class='ocr_line' id='line_1_71' title="bbox 1869 5218 3433 5288; baseline -0.002 -13"><span class='ocrx_word' id='word_1_468' title='bbox 1869 5236 2002 5275; x_wconf 87' lang='lat' dir='ltr'><strong>nare</strong></span> <span class='ocrx_word' id='word_1_469' title='bbox 2044 5218 2761 5285; x_wconf 13' lang='lat' dir='ltr'><strong>debueramus,‘molcstiam</strong></span> <span class='ocrx_word' id='word_1_470' title='bbox 2806 5220 3006 5288; x_wconf 87' lang='lat' dir='ltr'><strong>pOtius,</strong></span> <span class='ocrx_word' id='word_1_471' title='bbox 3052 5218 3433 5287; x_wconf 88' lang='lat' dir='ltr'><strong>tristitiamque</strong></span> 
     </span>
    </p>
   </div>
   <div class='ocr_carea' id='block_1_72' title="bbox 204 5306 1787 5387">
    <p class='ocr_par' dir='ltr' id='par_1_72' title="bbox 204 5308 1761 5387">
     <span class='ocr_line' id='line_1_72' title="bbox 204 5308 1761 5387; baseline 0.007 -28"><span class='ocrx_word' id='word_1_472' title='bbox 204 5308 304 5362; x_wconf 86' lang='grc' dir='ltr'>τῶν</span> <span class='ocrx_word' id='word_1_473' title='bbox 367 5310 512 5365; x_wconf 88' lang='grc' dir='ltr'>ίδίων</span> <span class='ocrx_word' id='word_1_474' title='bbox 570 5313 1073 5384; x_wconf 65' lang='grc' dir='ltr'>ἀνδραγαθημάτων</span> <span class='ocrx_word' id='word_1_475' title='bbox 1128 5315 1421 5387; x_wconf 84' lang='grc' dir='ltr'>ὑπεροχαῖς</span> <span class='ocrx_word' id='word_1_476' title='bbox 1483 5317 1576 5369; x_wconf 76' lang='grc' dir='ltr'><strong>καὶ</strong></span> <span class='ocrx_word' id='word_1_477' title='bbox 1636 5318 1761 5381; x_wconf 72' lang='grc' dir='ltr'>τοὺς</span> 
     </span>
    </p>
   </div>
   <div class='ocr_carea' id='block_1_73' title="bbox 1861 5306 3433 5387">
    <p class='ocr_par' dir='ltr' id='par_1_73' title="bbox 1868 5306 3433 5383">
     <span class='ocr_line' id='line_1_73' title="bbox 1868 5306 3433 5383; baseline -0.005 -18"><span class='ocrx_word' id='word_1_478' title='bbox 1868 5324 2202 5383; x_wconf 77' lang='lat' dir='ltr'><strong>pararemus.</strong></span> <span class='ocrx_word' id='word_1_479' title='bbox 2232 5308 2338 5381; x_wconf 61' lang='lat'><strong>43</strong></span> <span class='ocrx_word' id='word_1_480' title='bbox 2370 5308 2631 5364; x_wconf 90' lang='lat' dir='ltr'><strong>Caterum</strong></span> <span class='ocrx_word' id='word_1_481' title='bbox 2665 5308 2880 5378; x_wconf 90' lang='lat' dir='ltr'><strong>quando</strong></span> <span class='ocrx_word' id='word_1_482' title='bbox 2904 5306 3011 5376; x_wconf 90' lang='lat' dir='ltr'><strong>jam</strong></span> <span class='ocrx_word' id='word_1_483' title='bbox 3042 5317 3202 5361; x_wconf 87' lang='lat' dir='ltr'><strong>antea</strong></span> <span class='ocrx_word' id='word_1_484' title='bbox 3233 5306 3298 5361; x_wconf 89' lang='lat' dir='ltr'><strong>de</strong></span> <span class='ocrx_word' id='word_1_485' title='bbox 3330 5306 3433 5361; x_wconf 88' lang='lat' dir='ltr'><strong>im-</strong></span> 
     </span>
    </p>
   </div>
   <div class='ocr_carea' id='block_1_74' title="bbox 208 5398 1757 5474">
    <p class='ocr_par' dir='ltr' id='par_1_74' title="bbox 208 5398 1757 5474">
     <span class='ocr_line' id='line_1_74' title="bbox 208 5398 1757 5474; baseline 0.006 -22"><span class='ocrx_word' id='word_1_486' title='bbox 208 5398 445 5465; x_wconf 75' lang='grc' dir='ltr'>ἅπαντας</span> <span class='ocrx_word' id='word_1_487' title='bbox 475 5408 697 5474; x_wconf 86' lang='grc' dir='ltr'>κοσμεῖν</span> <span class='ocrx_word' id='word_1_488' title='bbox 734 5406 990 5471; x_wconf 77' lang='grc' dir='ltr'>εἰωθότας</span> <span class='ocrx_word' id='word_1_489' title='bbox 1034 5406 1222 5471; x_wconf 84' lang='grc' dir='ltr'>λόγους</span> <span class='ocrx_word' id='word_1_490' title='bbox 1266 5407 1415 5460; x_wconf 80' lang='grc' dir='ltr'>οὐδὲν</span> <span class='ocrx_word' id='word_1_491' title='bbox 1446 5408 1605 5471; x_wconf 74' lang='grc' dir='ltr'>ὄντας</span> <span class='ocrx_word' id='word_1_492' title='bbox 1653 5409 1757 5461; x_wconf 84' lang='grc' dir='ltr'>ἀπ-</span> 
     </span>
    </p>
   </div>
   <div class='ocr_carea' id='block_1_75' title="bbox 206 5491 1765 5570">
    <p class='ocr_par' dir='ltr' id='par_1_75' title="bbox 206 5491 1765 5570">
     <span class='ocr_line' id='line_1_75' title="bbox 206 5491 1765 5570; baseline 0.005 -27"><span class='ocrx_word' id='word_1_493' title='bbox 206 5494 453 5564; x_wconf 71' lang='grc' dir='ltr'>εφήνατε.</span> <span class='ocrx_word' id='word_1_494' title='bbox 485 5491 635 5567; x_wconf 74' lang='grc' dir='ltr'>Αἷμα</span> <span class='ocrx_word' id='word_1_495' title='bbox 663 5496 761 5566; x_wconf 82' lang='grc' dir='ltr'><strong>μὲν</strong></span> <span class='ocrx_word' id='word_1_496' title='bbox 789 5497 897 5567; x_wconf 83' lang='grc' dir='ltr'><strong>γὰρ</strong></span> <span class='ocrx_word' id='word_1_497' title='bbox 928 5499 1053 5567; x_wconf 84' lang='grc' dir='ltr'>ὑμῖν</span> <span class='ocrx_word' id='word_1_498' title='bbox 1097 5498 1302 5552; x_wconf 78' lang='grc' dir='ltr'>ἄνωθεν</span> <span class='ocrx_word' id='word_1_499' title='bbox 1331 5499 1425 5551; x_wconf 77' lang='grc' dir='ltr'>καὶ</span> <span class='ocrx_word' id='word_1_500' title='bbox 1453 5501 1516 5551; x_wconf 80' lang='grc' dir='ltr'>ὲκ</span> <span class='ocrx_word' id='word_1_501' title='bbox 1542 5499 1765 5570; x_wconf 83' lang='grc' dir='ltr'>μακρῶν</span> 
     </span>
    </p>
   </div>
   <div class='ocr_carea' id='block_1_76' title="bbox 206 5579 1766 5659">
    <p class='ocr_par' dir='ltr' id='par_1_76' title="bbox 206 5579 1766 5659">
     <span class='ocr_line' id='line_1_76' title="bbox 206 5579 1766 5659; baseline 0.003 -24"><span class='ocrx_word' id='word_1_502' title='bbox 206 5579 321 5649; x_wconf 70' lang='grc' dir='ltr'>ἥκει</span> <span class='ocrx_word' id='word_1_503' title='bbox 368 5583 576 5656; x_wconf 84' lang='grc' dir='ltr'>χρόνων</span> <span class='ocrx_word' id='word_1_504' title='bbox 624 5586 686 5639; x_wconf 76' lang='grc' dir='ltr'>τὸ</span> <span class='ocrx_word' id='word_1_505' title='bbox 736 5587 1037 5657; x_wconf 88' lang='grc' dir='ltr'>βασιλικόν·</span> <span class='ocrx_word' id='word_1_506' title='bbox 1086 5588 1399 5659; x_wconf 86' lang='grc' dir='ltr'>παρατείνει</span> <span class='ocrx_word' id='word_1_507' title='bbox 1446 5589 1503 5642; x_wconf 79' lang='grc' dir='ltr'>δὲ</span> <span class='ocrx_word' id='word_1_508' title='bbox 1550 5589 1643 5642; x_wconf 70' lang='grc' dir='ltr'><strong>καὶ</strong></span> <span class='ocrx_word' id='word_1_509' title='bbox 1687 5590 1766 5651; x_wconf 77' lang='grc' dir='ltr'>εἰς</span> 
     </span>
    </p>
   </div>
   <div class='ocr_carea' id='block_1_77' title="bbox 206 5669 1767 5751">
    <p class='ocr_par' dir='ltr' id='par_1_77' title="bbox 206 5669 1767 5751">
     <span class='ocr_line' id='line_1_77' title="bbox 206 5669 1767 5751; baseline 0.006 -26"><span class='ocrx_word' id='word_1_510' title='bbox 206 5669 375 5746; x_wconf 83' lang='grc' dir='ltr'>δεῦρο,</span> <span class='ocrx_word' id='word_1_511' title='bbox 409 5676 503 5730; x_wconf 61' lang='grc' dir='ltr'><strong>καὶ⁸</strong></span> <span class='ocrx_word' id='word_1_512' title='bbox 534 5676 634 5744; x_wconf 73' lang='grc' dir='ltr'>ἔτι,</span> <span class='ocrx_word' id='word_1_513' title='bbox 683 5678 825 5733; x_wconf 85' lang='grc' dir='ltr'><strong>καθά</strong></span> <span class='ocrx_word' id='word_1_514' title='bbox 871 5680 1329 5751; x_wconf 77' lang='grc' dir='ltr'>πεπιστεύκαμεν.</span> <span class='ocrx_word' id='word_1_515' title='bbox 1370 5680 1507 5734; x_wconf 79' lang='grc' dir='ltr'>Ἀλλ’</span> <span class='ocrx_word' id='word_1_516' title='bbox 1546 5681 1652 5735; x_wconf 74' lang='grc' dir='ltr'>ἰδοῦ</span> <span class='ocrx_word' id='word_1_517' title='bbox 1702 5680 1767 5751; x_wconf 77' lang='grc' dir='ltr'>δὴ</span> 
     </span>
    </p>
   </div>
   <div class='ocr_carea' id='block_1_78' title="bbox 302 5830 789 5897">
    <p class='ocr_par' dir='ltr' id='par_1_78' title="bbox 302 5830 789 5897">
     <span class='ocr_line' id='line_1_78' title="bbox 302 5830 789 5897; baseline 0.008 -13"><span class='ocrx_word' id='word_1_518' title='bbox 302 5835 346 5865; x_wconf 76' lang='grc'>⁸³</span> <span class='ocrx_word' id='word_1_519' title='bbox 379 5830 541 5887; x_wconf 87' lang='lat' dir='ltr'><strong>ICor.</strong></span> <span class='ocrx_word' id='word_1_520' title='bbox 580 5850 663 5897; x_wconf 78' lang='lat' dir='ltr'><strong>xv,</strong></span> <span class='ocrx_word' id='word_1_521' title='bbox 704 5833 789 5888; x_wconf 84' lang='lat'><strong>58.</strong></span> 
     </span>
    </p>
   </div>
   <div class='ocr_carea' id='block_1_79' title="bbox 1869 5400 3453 5470">
    <p class='ocr_par' dir='ltr' id='par_1_79' title="bbox 1869 5400 3453 5470">
     <span class='ocr_line' id='line_1_79' title="bbox 1869 5400 3453 5470; baseline -0.006 -11"><span class='ocrx_word' id='word_1_522' title='bbox 1869 5402 2161 5459; x_wconf 86' lang='lat' dir='ltr'><strong>hecillitate</strong></span> <span class='ocrx_word' id='word_1_523' title='bbox 2204 5412 2383 5455; x_wconf 86' lang='lat' dir='ltr'><strong>nostra</strong></span> <span class='ocrx_word' id='word_1_524' title='bbox 2426 5403 2477 5454; x_wconf 89' lang='lat' dir='ltr'><strong>in</strong></span> <span class='ocrx_word' id='word_1_525' title='bbox 2522 5400 2767 5465; x_wconf 89' lang='lat' dir='ltr'><strong>dicendo,</strong></span> <span class='ocrx_word' id='word_1_526' title='bbox 2817 5402 3114 5470; x_wconf 88' lang='lat' dir='ltr'><strong>timoreque</strong></span> <span class='ocrx_word' id='word_1_527' title='bbox 3153 5400 3453 5469; x_wconf 90' lang='lat' dir='ltr'><strong>conquesti.</strong></span> 
     </span>
    </p>
   </div>
   <div class='ocr_carea' id='block_1_80' title="bbox 1871 5492 3434 5562">
    <p class='ocr_par' dir='ltr' id='par_1_80' title="bbox 1871 5492 3434 5562">
     <span class='ocr_line' id='line_1_80' title="bbox 1871 5492 3434 5562; baseline -0.001 -16"><span class='ocrx_word' id='word_1_528' title='bbox 1871 5492 2213 5560; x_wconf 83' lang='lat' dir='ltr'><strong>confessique</strong></span> <span class='ocrx_word' id='word_1_529' title='bbox 2244 5506 2452 5559; x_wconf 89' lang='lat' dir='ltr'><strong>sumus,</strong></span> <span class='ocrx_word' id='word_1_530' title='bbox 2484 5507 2688 5561; x_wconf 86' lang='lat' dir='ltr'><strong>nosque</strong></span> <span class='ocrx_word' id='word_1_531' title='bbox 2714 5494 2866 5547; x_wconf 91' lang='lat' dir='ltr'><strong>oneri</strong></span> <span class='ocrx_word' id='word_1_532' title='bbox 2900 5502 3046 5546; x_wconf 86' lang='lat' dir='ltr'><strong>tanto</strong></span> <span class='ocrx_word' id='word_1_533' title='bbox 3077 5493 3312 5562; x_wconf 86' lang='lat' dir='ltr'><strong>impares</strong></span> <span class='ocrx_word' id='word_1_534' title='bbox 3342 5492 3434 5545; x_wconf 85' lang='lat' dir='ltr'><strong>dc-</strong></span> 
     </span>
    </p>
   </div>
   <div class='ocr_carea' id='block_1_81' title="bbox 1871 5580 3431 5653">
    <p class='ocr_par' dir='ltr' id='par_1_81' title="bbox 1871 5580 3431 5653">
     <span class='ocr_line' id='line_1_81' title="bbox 1871 5580 3431 5653; baseline -0.003 -15"><span class='ocrx_word' id='word_1_535' title='bbox 1871 5584 2227 5649; x_wconf 84' lang='lat' dir='ltr'><strong>claravimus;</strong></span> <span class='ocrx_word' id='word_1_536' title='bbox 2265 5598 2359 5638; x_wconf 79' lang='lat' dir='ltr'><strong>vos</strong></span> <span class='ocrx_word' id='word_1_537' title='bbox 2397 5584 2567 5650; x_wconf 82' lang='lat' dir='ltr'><strong>magis</strong></span> <span class='ocrx_word' id='word_1_538' title='bbox 2604 5584 2798 5638; x_wconf 86' lang='lat' dir='ltr'><strong>silentii</strong></span> <span class='ocrx_word' id='word_1_539' title='bbox 2836 5583 2992 5653; x_wconf 88' lang='lat' dir='ltr'><strong>hujus</strong></span> <span class='ocrx_word' id='word_1_540' title='bbox 3027 5582 3237 5651; x_wconf 86' lang='lat' dir='ltr'><strong>culpam</strong></span> <span class='ocrx_word' id='word_1_541' title='bbox 3274 5580 3431 5636; x_wconf 82' lang='lat' dir='ltr'><strong>susti-</strong></span> 
     </span>
    </p>
   </div>
   <div class='ocr_carea' id='block_1_82' title="bbox 1872 5671 3435 5745">
    <p class='ocr_par' dir='ltr' id='par_1_82' title="bbox 1872 5671 3435 5745">
     <span class='ocr_line' id='line_1_82' title="bbox 1872 5671 3435 5745; baseline -0.004 -15"><span class='ocrx_word' id='word_1_542' title='bbox 1872 5676 2089 5744; x_wconf 89' lang='lat' dir='ltr'><strong>nehitis,</strong></span> <span class='ocrx_word' id='word_1_543' title='bbox 2114 5690 2231 5745; x_wconf 88' lang='lat' dir='ltr'><strong>qua</strong></span> <span class='ocrx_word' id='word_1_544' title='bbox 2256 5674 2489 5730; x_wconf 88' lang='lat' dir='ltr'><strong>illustres</strong></span> <span class='ocrx_word' id='word_1_545' title='bbox 2512 5676 2668 5744; x_wconf 86' lang='lat' dir='ltr'><strong>adeo,</strong></span> <span class='ocrx_word' id='word_1_546' title='bbox 2694 5676 2934 5744; x_wconf 86' lang='lat' dir='ltr'><strong>adeoque</strong></span> <span class='ocrx_word' id='word_1_547' title='bbox 2959 5674 3260 5745; x_wconf 84' lang='lat' dir='ltr'><strong>conspicua</strong></span> <span class='ocrx_word' id='word_1_548' title='bbox 3284 5671 3435 5739; x_wconf 84' lang='lat' dir='ltr'><strong>estis,</strong></span> 
     </span>
    </p>
   </div>
  </div>
