4146 6474
634 378 769 435 1203
1611 381 1667 436 S.
1708 382 1981 441 CYRILLI
2022 385 2193 442 ALEX

2293 381 2489 441 IDRINI
2528 382 2848 441 ARCHIEP.
3681 322 3709 349 ο
3735 382 3871 447 1204

634 505 695 549 ιιι
727 501 917 549 vestrae
946 494 1172 550 virtutes
1206 509 1270 550 ac
1304 505 1447 553 recte
1480 495 1616 552 facta
1652 500 1890 555 omnium
1926 512 2193 556 oratorum

2307 502 2399 556 καὶ
2429 500 2573 571 μάλα
2605 500 2808 570 σαφῶς,
2843 498 2938 551 καὶ
2976 497 3074 567 τῆς
3102 497 3160 549 ἐν
3202 493 3421 567 Χριστῷ
3451 492 3726 566 βασιλείας
3753 497 3869 548 ἐπι-

632 586 993 655 eloquentiam
1025 586 1183 657 longe
1208 587 1447 644 vincant.
1475 588 1607 644 Nam
1638 598 1693 646 et
1725 593 1927 661 regium
1956 602 2192 649 vestrum

2300 591 2677 664 δραττόμεναι,
2706 591 2773 644 τὰ
2803 589 2950 660 αὐτῷ
2981 587 3240 643 δοκοῦντα
3269 591 3485 659 φρονεῖν
3516 605 3575 641 τε
3608 586 3703 641 καὶ
3738 588 3868 657 δρᾷν

632 690 799 745 genus
832 676 946 747 jam
985 676 1110 733 inde
1146 676 1215 733 ab
1254 678 1479 735 exordio
1517 680 1673 749 longa
1712 689 2013 751 temporum
2054 682 2193 737 serie

2301 681 2628 747 σπουδάζετε
2648 699 2663 714 ’
2690 681 2847 735 τοῦτο
2878 681 2997 751 μὲν,
3022 680 3098 744 ὡς
3128 680 3285 750 ἔφην,
3313 679 3492 750 ἔργοις
3514 697 3570 733 τε
3598 680 3694 733 καὶ⁸
3716 680 3869 748 ἀμωο

632 767 912 838 hucusque
940 780 1023 824 est
1055 780 1429 842 propagatum,
1460 778 1515 824 et
1543 770 1787 837 ulterius,
1816 780 1875 826 ut
1902 768 2193 837 credimus,

2304 773 2460 845 μήτῳ
2508 773 2906 845 διαπρέπουσαι
2949 772 3147 836 πίστει,
3192 771 3286 825 καὶ
3330 771 3430 834 τὰς
3473 770 3628 841 ὑμῶν
3676 786 3735 823 τε
3778 770 3869 822 καὶ

630 857 687 914 in
724 868 997 929 posterum
1035 862 1211 918 adhuc
1250 861 1631 932 propagabitur
1664 876 1681 916 :
1717 877 1818 918 nec
1853 877 1957 917 non
1993 862 2193 919 Christi

2302 864 2603 935 βασιλείους
2632 864 2799 929 αὐλὰς
2822 867 2887 934 τῇ
2928 863 3027 933 τῆς
3054 861 3348 933 παρθενίας
3377 860 3867 931 καταλαμπρῦνου⁴

632 966 863 1020 regnum
891 967 1197 1022 capessere,
1223 962 1277 1007 et
1302 967 1389 1016 ea,
1416 967 1534 1021 qua:
1561 952 1635 1006 illi
1664 961 1814 1024 grata
1842 961 1988 1019 sunt,
2017 952 2193 1009 facere

2304 972 2392 1009 σαι
2444 955 2604 1028 δόξῃ·
2670 954 2827 1008 τοῦτο
2889 955 2967 1019 δὲ,
3034 952 3523 1016 πολυτελεστάτους
3572 952 3866 1005 ἀνιστῶσαι

627 1049 684 1094 et
720 1042 919 1097 sentire
949 1044 1203 1109 studetis;
1239 1044 1434 1111 partim
1472 1044 1685 1113 quidem
1720 1044 1990 1114 praeclaris
2023 1046 2193 1099 actiu-

2300 1048 2458 1111 ναοὺς
2496 1047 2571 1115 τῷ
2608 1046 2847 1117 Χριστῷ.
2889 1047 3224 1116 Κεχάρισται
3254 1045 3362 1116 γάρ
3395 1045 3525 1114 παρ’
3554 1043 3722 1097 αὑτοῦ
3750 1045 3868 1107 ταῖς

628 1131 792 1188 nibus
834 1133 1209 1204 inculpataque
1258 1136 1380 1199 lide,
1414 1146 1473 1190 ut
1509 1134 1667 1206 paulo
1700 1146 1825 1190 ante
1858 1135 2187 1203 dicebamus,

2297 1137 2478 1205 ἁγίαις
2504 1137 2531 1189 ὑ
2541 1136 2655 1207 μῶν
2684 1138 2881 1207 ψυχαῖς
2912 1136 3048 1206 μετά
3074 1135 3182 1188 τῶν
3209 1134 3385 1189 ἄλλων
3412 1135 3506 1188 καὶ
3532 1133 3711 1187 τοῦτο.

630 1234 943 1293 ρταξειιιηιεε
974 1241 988 1291 ;
1020 1226 1210 1296 partim
1243 1235 1449 1283 vestras
1478 1226 1760 1297 regiaeque
1798 1225 1948 1283 aulas
1990 1226 2314 1297 virginitatis
2358 1227 2525 1297 gloria
2554 1230 3007 1293 condecorantes;
3060 1228 3251 1296 partim
3300 1226 3532 1296 denique
3584 1236 3867 1295 sumptuoo

627 1320 842 1376 sissima
879 1322 1071 1393 templa
1105 1321 1320 1378 Christo
1354 1324 1673 1378 excitantes.
1698 1321 1829 1377 Nam
1864 1332 1918 1379 et
1952 1321 2053 1379 hoc
2091 1336 2301 1393 quoque
2327 1324 2541 1394 pietatis
2573 1323 2805 1379 studium
2856 1322 2996 1377 inter
3038 1331 3231 1377 caetera
3278 1320 3366 1376 ille
3417 1322 3623 1376 sanctis
3674 1320 3867 1376 vestris

625 1411 822 1468 animis
851 1412 1149 1481 impertitus
1180 1420 1282 1469 est.

699 1504 765 1560 ll.
806 1505 998 1573 Igitur,
1043 1516 1100 1560 ut
1143 1522 1211 1561 ex
1253 1508 1422 1563 sacris
1466 1508 1688 1564 Litteris
1732 1506 1932 1577 aliquid
1976 1522 2192 1580 quoque

2365 1510 2439 1565 B'.
2480 1509 2689 1565 Οὐκοῦν
2740 1508 2873 1581 (ἐρῶ
2899 1508 3007 1579 γάρ
3038 1525 3091 1561 τι
3119 1506 3300 1561 λαϐὼν
3326 1507 3420 1560 καὶ
3450 1508 3515 1560 ἐκ
3557 1506 3667 1559 τῶν
3708 1506 3877 1576 ἱερῶν

626 1596 941 1666 depromam
977 1615 993 1653 :
1027 1615 1045 1649 ι
1085 1596 1324 1654 Gaudete
1345 1599 1398 1653 in
1434 1598 1661 1655 Domino
1696 1616 1910 1671 semper
1943 1618 1955 1655 :
1995 1602 2190 1655 iterum

2296 1602 2675 1675 Γραμμάτων)
2720 1621 2738 1655 ι
2776 1602 3009 1673 Χαίρετε
3057 1603 3116 1654 ἐν
3165 1601 3353 1672 Κυρίῳ
3385 1601 3651 1653 πάντοτε·
3706 1600 3864 1653 πάλιν

626 1688 767 1755 dico,
785 1689 1035 1759 gaudete,
1064 1690 1326 1747 modestia
1349 1700 1531 1747 vestra
1563 1701 1685 1747 nota
1717 1693 1785 1747 sit
1814 1690 2064 1749 omnibus
2094 1692 2193 1749 lto-

2295 1693 2427 1763 ἐρῶ,
2475 1694 2714 1765 χαίρετε.
2758 1693 2833 1746 Τὸ
2876 1692 3118 1754 ἐπιεικὲς
3164 1691 3317 1762 ὑμῶν
3361 1689 3660 1759 γνωσθήτω
3703 1691 3864 1743 πᾶσιν

626 1780 861 1835 minibus
884 1780 950 1835 “.
992 1799 1011 1833 ι
1050 1780 1161 1837 lmo
1194 1796 1324 1839 vero
1357 1782 1673 1853 jamdudum
1706 1782 1795 1838 illa
1830 1783 1969 1854 apud
2004 1798 2193 1840 omnes

2296 1783 2620 1856 ἀνθρώποις.
2671 1803 2691 1837 ι
2742 1781 3018 1852 Ἐγνώσθη
3071 1783 3167 1852 μὲν
3200 1777 3317 1844 οῦν,
3355 1781 3448 1835 καὶ
3493 1779 3861 1851 διαϐεϐόηται,

625 1870 902 1926 civitatum
944 1880 999 1925 et
1040 1874 1319 1941 regionum
1356 1836 1596 1929 omnium
1638 1836 1890 1930 hominesr
1920 1874 2185 1945 divulgata
2222 1836 2265 1892 Β

625 1964 965 2032 percrebuit;
1000 1980 1171 2035 neque
1200 1980 1357 2021 secus
1386 1965 1501 2021 fere
1532 1975 1694 2035 atque
1724 1964 1914 2022 tabella
1944 1969 2185 2036 quasdam

626 2051 892 2121 depictam
928 2053 979 2108 in
1012 2071 1070 2109 se
1104 2057 1321 2125 pictatis
1349 2057 1401 2112 in
1432 2057 1703 2113 Christum
1732 2067 2068 2113 venustatem
2099 2073 2189 2129 ge-

624 2159 781 2209 rens,
820 2144 1030 2214 lateque
1077 2147 1452 2216 resplendens,
1490 2150 1730 2203 omnium
1777 2149 2185 2204 admirationem

626 2237 903 2292 excitavit.
940 2237 1109 2291 Batus
1140 2255 1258 2294 sum
1294 2251 1471 2295 autem
1507 2241 1819 2297 nonnullum
1853 2257 2030 2311 operae
2060 2257 2185 2310 pre-

626 2330 759 2384 tium
811 2345 897 2385 me
946 2329 1246 2397 lacturum,
1288 2334 1335 2384 si
1377 2329 1530 2385 vobis
1573 2346 1698 2385 vere
1742 2332 1947 2386 sanctis
1988 2331 2187 2386 Christi

624 2421 837 2491 sponsis
868 2424 1197 2491 (quanquam
1230 2420 1295 2475 ad
1327 2421 1553 2490 quodvis
1582 2436 1717 2490 opus
1746 2420 1948 2475 bonum
1980 2422 2190 2478 abunde

624 2512 903 2568 instructa!
930 2513 1243 2584 videamini)
1271 2512 1505 2568 libellum
1534 2513 1709 2579 hunc,
1743 2529 1848 2567 non
1879 2513 1950 2567 ita
1984 2512 2187 2582 pridem

624 2619 657 2658 ιι
693 2618 777 2658 me
811 2604 1144 2658 elaboratum
1165 2644 1181 2669 ,
1216 2604 1361 2659 velut
1394 2604 1636 2674 spiritale
1668 2605 1932 2675 quoddam
1970 2606 2186 2660 xenium

624 2710 993 2764 nuncuparetn
1032 2712 1046 2750 :
1085 2696 1175 2765 qui
1215 2696 1429 2766 quidem
1472 2711 1575 2749 non
1618 2696 2097 2759 contemnendum,
2134 2704 2190 2751 ιιι

620 2787 831 2855 opinor,
879 2787 1171 2843 lectoribus
1214 2788 1472 2843 allaturus
1518 2797 1603 2844 est
1646 2789 1891 2844 utilitatis
1932 2789 2185 2844 fructum.

622 2879 900 2950 Siquidem
942 2894 1064 2945 eos,
1100 2881 1188 2947 qui
1231 2890 1377 2936 recte
1416 2897 1609 2952 sapere
1648 2881 2050 2947 dedidicerant,
2087 2882 2190 2936 hoc

622 2981 741 3039 est,
775 2972 973 3039 quibus
1007 2971 1078 3026 ita
1117 2984 1436 3041 persuasum
1474 2981 1557 3027 est
1593 2972 1660 3027 de
1694 2972 1914 3027 Christo
1950 2974 2190 3027 onmium

623 3062 925 3126 Salvatore,
959 3063 1011 3117 in
1042 3063 1183 3118 viam
1214 3064 1457 3128 reducet,
1487 3072 1544 3118 et
1569 3065 1635 3119 ad
1663 3079 1844 3118 veram
1871 3064 2189 3133 sapientiam

623 3149 871 3206 instituet
908 3170 920 3206 :
959 3160 1186 3207 caeteros
1218 3166 1377 3217 vero,
1411 3152 1501 3221 qui
1537 3164 1741 3208 rectum
1776 3154 1939 3207 animi
1974 3167 2187 3207 sensum
2219 3187 2261 3245 ο

623 3242 844 3309 habent,
869 3253 923 3300 et
949 3244 1003 3298 in
1027 3244 1274 3300 veritatis
1297 3245 1538 3300 doctrina
1571 3245 1883 3314 persistunt,
1910 3244 2076 3300 variis
2102 3260 2192 3299 ar-

625 3344 1004 3405 gumentorum
1037 3344 1092 3390 et
1124 3336 1516 3392 sententiarum
1552 3336 1817 3400 inventis,
1852 3334 2188 3389 divinarum-

623 3440 732 3498 que
765 3427 1172 3495 Scripturarnm
1203 3426 1754 3483 demonstrationibus
1784 3426 1836 3481 in
1870 3425 1973 3480 lide
2002 3440 2188 3482 corro-

609 3518 858 3584 borabit.
905 3516 1042 3573 Hinc
1086 3517 1287 3573 etenim
1338 3525 1392 3571 et
1443 3515 1843 3571 Emmanuelem
1890 3530 2077 3570 verum
2127 3529 2191 3569 ac

623 3606 922 3662 naturalem
950 3606 1139 3671 Deum,
1162 3617 1218 3661 et
1238 3602 1513 3674 Virginem
1539 3619 1778 3670 rursum,
1803 3619 1921 3675 quae
1946 3618 2069 3658 eum
2097 3618 2193 3672 pe-

623 3699 796 3769 perit,
825 3713 1005 3753 veram
1035 3705 1259 3768 propter
1286 3696 1460 3767 ipsum
1490 3695 1771 3766 Deiparam
1800 3682 1940 3761 esse,
1970 3697 2186 3767 planum

624 3792 735 3847 lict.
772 3791 827 3846 Si
862 3790 954 3861 qui
991 3798 1172 3844 autem
1209 3797 1365 3854 sunt,
1400 3790 1489 3857 qui
1527 3788 1669 3844 istud
1704 3787 1905 3842 sentire
1936 3797 1991 3841 et
2026 3787 2191 3856 proli-

622 3883 720 3938 teri
766 3891 1044 3949 verentur,
1087 3881 1141 3936 hi
1185 3879 1508 3950 profundum
1555 3879 1683 3933 illud
1724 3878 1943 3949 pietatis
1988 3888 2191 3949 myste-

623 3975 761 4029 rium
780 4016 795 4041 ,
826 3984 885 4028 nt
915 3988 1049 4029 sane
1074 3973 1305 4039 videtur,
1337 3987 1673 4042 nequaquam
1702 3973 2031 4041 expendunt.
2061 3971 2192 4025 Per-

622 4067 990 4120 necessarium
1045 4075 1223 4121 autem
1275 4064 1514 4131 iudicavi
1567 4080 1628 4119 ea
1679 4064 1869 4133 paucis
1920 4064 2023 4118 hoc
2076 4062 2193 4117 loco

621 4169 889 4228 repetere,
913 4174 1032 4226 qua:
1054 4157 1280 4229 apostoli
1308 4166 1363 4213 et
1386 4157 1732 4227 evangelista:
1757 4157 1822 4211 de
1842 4154 1952 4227 44
1974 4154 2189 4210 Christo

2294 1875 2391 1929 καὶ
2432 1878 2543 1938 τοῖς
2580 1875 2685 1929 eve
2717 1877 2897 1929 πᾶσαν
2947 1872 3131 1944 χώραν
3162 1890 3224 1926 τε
3254 1874 3348 1927 καὶ
3393 1872 3567 1935 πόλιν,
3614 1872 3864 1945 καθάπερ

2292 1984 2376 2030 τις
2407 1966 2569 2020 είκὼν
2586 1968 2802 2038 γραφὴν
2831 1966 3025 2036 ἔχουσα
3054 1966 3153 2037 τῆς
3184 1967 3263 2029 είς
3291 1965 3526 2037 Χριστὸν
3554 1965 3860 2029 εὐσεϐείας,

2292 2057 2354 2111 τὸ
2405 2058 2598 2122 κάλλος
2658 2058 2953 2128 διέλαμψεν
3031 2057 3313 2129 ἐναργῶς,
3376 2058 3472 2110 xai.
3518 2055 3614 2109 τοῦ
3664 2056 3863 2118 παντὸς

2292 2150 2497 2219 ἠξιώθη
2529 2148 2822 2219 θαύματος,
2867 2149 3063 2221 ’ῼήθην
3092 2149 3148 2202 δὲ
3180 2148 3288 2202 δεῖν
3324 2149 3419 2202 καὶ
3440 2150 3560 2211 ταῖς
3596 2148 3735 2219 πρὸς
3756 2149 3865 2202 πᾶν

2293 2240 2469 2294 ὁτιοῦν
2500 2240 2608 2293 τῶν
2638 2241 2857 2310 ἀγαθῶν
2890 2240 3143 2312 ἐχούσαις
3174 2241 3376 2311 ἀρτίως
3403 2242 3651 2312 χάρισμά
3677 2260 3730 2294 τι
3770 2258 3863 2311 μευ

2292 2331 2540 2385 ταδοῦναι
2572 2334 2960 2401 πνευματικὸν,
2990 2332 3065 2397 ὡς
3094 2332 3277 2401 ἁγίαις
3317 2332 3554 2401 Χριστοῦ
3603 2332 3859 2402 νύμφαις,

2292 2419 2448 2474 τοῦτο
2476 2421 2539 2492 δὴ
2568 2422 2626 2475 τὸ
2656 2423 2857 2494 ἀρτίως
2886 2424 3011 2495 ἐμοὶ
3041 2425 3270 2495 πονηθὲν
3302 2423 3525 2495 βιϐλίον,
3550 2425 3610 2476 οὐ
3639 2424 3863 2494 μετρίαν

2295 2513 2553 2584 παρέχειν
2586 2513 2906 2585 δυνάμενον,
2939 2514 3014 2579 ὣς
3033 2533 3095 2584 γε
3121 2512 3291 2587 οἶμαι,
3330 2518 3443 2580 τοῖς
3463 2513 3863 2585 ἐντευξομένοις

2293 2604 2389 2675 τὴν
2424 2607 2629 2676 ὄνησιν.
2675 2608 2814 2671 Τοὺς
2864 2608 2963 2677 μὲν
2995 2607 3103 2679 γὰρ
3150 2608 3250 2661 οὐκ
3291 2607 3427 2679 όροά
3473 2608 3689 2676 φρονεῖν
3730 2605 3862 2658 δεδι-

2293 2698 2611 2767 δαγμένους,
2644 2699 2809 2769 ἤγουν
2842 2699 3343 2768 ἀναπεπεισμένους
3372 2696 3499 2767 περὶ
3526 2695 3619 2748 τοῦ
3647 2694 3862 2748 πάντων

2296 2790 2450 2859 ήμῶν
2485 2790 2737 2860 Σωτῆρος
2780 2790 3035 2861 Χριστοῦ,
3077 2790 3214 2856 πρὸς
3258 2790 3628 2860 ἐπανόρθωσιν
3672 2787 3866 2840 ἀνακο-

2298 2884 2431 2952 μιεῖ,
2468 2882 2561 2935 καὶ
2609 2884 3027 2952 μυσταγωγήσει
3057 2882 3237 2945 καλῶς
3261 2898 3273 2910 ·
3308 2880 3433 2944 τοῦς
3475 2897 3539 2948 γε
3585 2882 3692 2951 μὴν
3717 2880 3861 2951 ὀρθῷ

2298 2972 2596 3043 βεϐηκότας
2624 2972 2719 3043 νῷ,
2751 2973 2841 3026 καὶ
2869 2976 2983 3036 τοῖς
3018 2973 3115 3043 τῆς
3145 2971 3400 3039 ἀληθείας
3428 2970 3861 3040 ἐμφιλοχωροῦν-

2294 3082 2393 3125 τας
2421 3064 2700 3134 δόγμασιν,
2738 3064 3171 3135 ἀσφαλεστέρους
3198 3064 3467 3132 ἀποφανεῖ
3494 3064 3608 3125 τοῖς
3636 3060 3694 3125 ἐξ
3722 3062 3859 3126 ἀγα-

2298 3152 2405 3207 θῶν
2438 3153 2656 3208 ἐννοιῶν
2682 3154 3039 3226 πολυτρόποις
3071 3155 3355 3227 εὑρέμασι,
3383 3153 3477 3207 καὶ
3514 3155 3633 3217 ταῖς
3662 3153 3727 3204 ἐκ
3761 3154 3860 3221 τῆς

2294 3244 2646 3299 θεοπνεύστου
2658 3246 2878 3317 Γραφῆς
2894 3246 3245 3313 ἀποδείξεσιν.
3260 3245 3611 3317 Μαθήσεταιιι
3630 3243 3759 3314 γὰρ,
3777 3244 3859 3296 ὅτι

2292 3338 2451 3405 φύσει
2501 3338 2598 3407 μὲν
2640 3340 2734 3391 καὶ
2776 3336 3004 3406 ἀληθεία
3043 3336 3175 3401 Θεός
3218 3338 3365 3390 ἐστιν
3408 3337 3437 3389 δ
3492 3333 3857 3405 Ἐμμανουὴλ,

2292 3428 2553 3492 Θεοτόκος
2597 3428 2655 3482 δέ
2696 3429 2764 3482 δι’
2794 3427 2959 3482 αὐτὸν
3001 3429 3093 3481 καὶ
3120 3430 3153 3497 ἡ
3203 3427 3437 3480 τεκοῦσα
3474 3426 3765 3496 Παρθένος.
3799 3426 3860 3478 Et

2292 3520 2398 3591 γὰρ
2436 3520 2499 3591 δὴ
2528 3521 2692 3590 φάναι
2723 3538 2779 3573 τε
2814 3519 2969 3574 τοῦτο
2998 3521 3093 3574 καὶ
3137 3522 3350 3589 φρονεῖν
3380 3518 3627 3583 δεδιότες,
3674 3518 3735 3570 οὐ
3779 3535 3863 3570 νε-

2291 3612 2540 3683 νοήκασι,
2570 3612 2711 3666 κατά
2734 3611 2796 3665 τὸ
2832 3611 3002 3677 είκδς,
3042 3612 3101 3665 τὸ
3130 3610 3267 3681 βαθὺ
3308 3610 3411 3680 τῆς
3442 3609 3725 3673 εὐσεϐείας
3758 3627 3861 3679 μυ-

2297 3701 2534 3771 στήριον.
2570 3702 2782 3771 Χρῆναι
2808 3700 2866 3753 δὲ
2905 3700 3270 3770 ὑπολαμϐάνω
3297 3698 3383 3751 διὰ
3420 3698 3662 3768 βραχέων
3692 3700 3862 3751 εἰπεῖν

2290 3790 2391 3861 τήν
2437 3807 2496 3845 τε
2526 3788 2889 3861 ἀποστολικὴν
2919 3790 3014 3844 καὶ
3058 3788 3417 3859 εὐαγγελικὴν
3450 3788 3769 3859 παράδοσιν,
3799 3787 3863 3853 ἦν

2290 3882 2384 3935 ἐπὶ
2412 3883 2632 3954 Χριστῷ
2684 3886 2701 3924 ί
2741 3886 3033 3952 πεποίηται
3080 3882 3157 3953 τῷ
3200 3882 3418 3935 πάντων
3455 3882 3720 3953 Δεσπότῃ,
3771 3883 3862 3930 καὶ

2288 3974 2507 4044 ἀπάσης
2548 3974 2605 4027 δὲ
2646 3976 2744 4044 τῆς
2772 3976 3128 4029 θεοπνεύστου
3180 3973 3406 4043 Γραφῆς
3444 3972 3535 4024 τὸν
3586 3972 3671 4024 ἐπ’
3720 3969 3862 4035 αὐτῷ

2291 4066 2509 4127 σκοπὸν,
2550 4066 2644 4119 καὶ
2672 4067 2793 4119 ὅποι
2843 4066 2973 4119 ποτέ
3013 4064 3182 4135 βλέπῃ
3212 4062 3322 4115 τῶν
3359 4064 3461 4133 τῆς
3492 4063 3749 4132 ἀληθείας
3780 4062 3862 4113 δοι-

2287 4156 2515 4228 γμάτων
2545 4160 2579 4228 ἡ
2606 4142 2853 4228 δῦναμις.

618 4250 857 4303 omnium
900 4250 1127 4305 Domino
1166 4248 1535 4314 tradiderunt,
1571 4255 1684 4302 tum
1723 4263 1786 4302 ea
1825 4261 2039 4317 quoque
2079 4263 2184 4302 non
2256 4250 2555 4319 praeterire,
2593 4265 2712 4318 qua!
2754 4250 2807 4305 in
2885 4249 3097 4304 casteria
3135 4260 3339 4306 sancta:
3376 4247 3667 4316 Scriptura:
3705 4243 3860 4297 libris

619 4363 683 4401 ea
720 4349 834 4417 ipsa
870 4349 935 4403 de
971 4362 1028 4403 re
1062 4347 1369 4413 habentur;
1402 4356 1457 4401 et
1487 4346 1709 4401 omnino
1741 4360 2046 4414 exponere,
2084 4360 2194 4415 quo
2231 4355 2438 4415 spectet
2469 4347 2550 4401 vis
2615 4349 2923 4414 dogmatum
2953 4346 3219 4402 veritatis.

695 4446 783 4501 Ill.
822 4444 1104 4499 Credimus
1139 4442 1302 4513 igitur
1333 4442 1386 4497 in
1410 4457 1572 4495 unum
1593 4440 1759 4495 Deum
1780 4438 1994 4494 Patrem
2015 4441 2190 4495 omni-

2366 4440 2441 4494 1".
2482 4439 2815 4511 Πιστεύομεν
2843 4438 3019 4493 τοίνυν
3047 4441 3126 4503 είς
3151 4439 3246 4493 ἕνα
3266 4438 3398 4492 Θεὸν
3421 4436 3640 4507 Πατέρα
3667 4451 3861 4488 παντο-

620 4543 893 4606 potentem
914 4573 929 4597 ,
955 4531 1247 4588 visibilium
1303 4540 1357 4586 et
1385 4530 1733 4586 invisibilium
1760 4530 1999 4585 omnium
2058 4546 2191 4585 con-

622 4628 875 4682 ditorem.
902 4625 968 4680 Et
997 4625 1052 4680 in
1084 4639 1247 4679 unum
1283 4621 1567 4678 Dominum
1595 4621 1777 4677 Jesum
1804 4622 2073 4677 Christum
2101 4622 2191 4677 Fi-

624 4718 752 4772 lium
794 4718 932 4788 ejus,
971 4726 1099 4771 ante
1136 4729 1295 4770 omne
1331 4714 1584 4769 saeculum
1624 4722 1676 4767 et
1716 4722 1928 4783 tempus
1968 4727 2034 4768 ex
2075 4714 2189 4783 ipso

628 4809 949 4867 naturaliter
979 4808 1242 4879 genitum.
1276 4804 1409 4858 Nam
1445 4804 1586 4874 quod
1618 4804 1683 4858 ad
1718 4811 1930 4871 tempus
1962 4804 2184 4868 attinet,

623 4913 776 4973 a-qne
813 4897 1059 4968 principii
1098 4910 1322 4964 expers,
1364 4904 1418 4949 et
1454 4903 1753 4949 coaeternus
1792 4900 1905 4959 est,
1944 4902 2105 4962 atque
2143 4892 2187 4947 is

623 4991 716 5064 qui
762 4989 912 5044 illum
960 4988 1177 5060 genuit;
1222 4986 1517 5055 eademque
1567 5000 1779 5055 quoque
1828 4993 2094 5054 potestate
2136 4994 2192 5039 et

623 5081 792 5149 gloria
828 5095 949 5136 cum
987 5078 1079 5133 illo
1111 5088 1226 5144 est,
1256 5093 1353 5147 per
1380 5077 1559 5132 omnia
1590 5076 1819 5145 denique
1847 5083 1902 5129 et
1932 5075 1985 5130 in
2016 5075 2189 5130 omni-

622 5170 725 5227 bus
753 5169 924 5222 eidem
953 5168 1196 5238 aequalis.
1223 5166 1419 5237 Figura
1449 5179 1680 5233 namque
1705 5173 1758 5218 et
1785 5162 2038 5232 splendor
2061 5164 2188 5218 sub-

620 5260 834 5314 stantia:
875 5258 1020 5314 illius
1059 5259 1230 5314 est“.
1270 5259 1551 5313 Credim’us
1590 5256 1840 5311 similiter
1874 5263 1929 5309 et
1969 5254 2021 5309 in
2063 5270 2192 5310 san-

623 5365 767 5409 ctum
788 5366 1002 5421 quoque
1019 5351 1303 5422 Spiritum,
1324 5365 1481 5420 quem
1502 5364 1530 5402 a
1550 5348 1729 5402 divina
1748 5358 1937 5405 natura
1956 5346 2189 5402 alienum

719 5513 764 5544 ⁸³
802 5511 1030 5581 Philipp.
1053 5527 1125 5575 tv,
1160 5510 1214 5564 4.
1311 5509 1353 5541 ⁸⁵
1388 5508 1549 5563 llebr.
1576 5524 1613 5574 ι,
1641 5509 1695 5562 5.

2297 4534 2559 4606 κράτορα,
2603 4534 2820 4587 πάντων
2851 4531 3058 4604 ὁρατῶν
3088 4549 3149 4585 τε
3192 4532 3287 4584 καί
3320 4531 3564 4600 ἀοράτων
3610 4529 3857 4597 ποιητήν.

2296 4625 2405 4677 Καὶ
2436 4626 2513 4685 είς
2542 4624 2637 4676 ἕνα
2663 4622 2865 4693 Κύριον
2899 4622 3105 4693 Ἰησοῦν
3136 4620 3369 4691 Χριστὸν
3399 4619 3487 4673 τὸν
3521 4619 3648 4671 Υίὸν
3675 4616 3856 4680 αὐτοῦ,

2294 4713 2618 4783 γεννηθέντα
2648 4710 2791 4765 κατά
2820 4710 2980 4780 φύσιν
3010 4710 3069 4777 ἐξ
3101 4709 3263 4764 αὑτοῦ
3299 4709 3401 4781 πρὸ
3443 4706 3641 4770 παντὸς
3671 4706 3860 4767 αἰῶνος

2295 4805 2389 4859 καὶ
2419 4804 2610 4875 χρόνου
2632 4820 2644 4831 ο
2679 4803 2772 4857 καὶ
2802 4802 2910 4874 γάρ
2954 4802 3070 4855 ἐστι
3101 4801 3433 4872 συνάναρχος
3466 4798 3609 4853 κατὰ
3650 4797 3858 4868 χρόνον,

2294 4896 2387 4950 καὶ
2426 4895 2695 4956 συναῖδιος
2744 4893 2822 4963 τῷ
2872 4894 2986 4964 ίδίῳ
3031 4893 3343 4963 Γεννήτορι,
3395 4888 3645 4959 σύνεδρός
3673 4904 3731 4940 τε
3769 4888 3862 4940 καὶ

2296 4986 2540 5056 hordei}:
2574 4983 2738 5055 αὐτῷ,
2774 4985 2867 5037 καὶ
2900 4984 3103 5054 ἰσότητι
3152 4980 3589 5051 κατεστεμμένος
3628 4982 3696 5050 τῇ
3728 4978 3860 5050 πρὸς

2292 5076 2402 5127 πᾶν
2435 5073 2642 5127 ὁτιοῦνο
2665 5071 2952 5143 χαρακτὴρ
2983 5072 3089 5142 γάρ
3122 5071 3235 5122 ἐστι
3272 5070 3367 5123 καὶ
3397 5069 3736 5139 ἀπαύγασμα
3764 5069 3861 5135 τῆς

2296 5165 2641 5227 ὑποστάσεως
2673 5161 2858 5217 αὐτοῦ.
2891 5160 3225 5231 Πιστεύομεν
3253 5161 3308 5214 δὲ
3336 5160 3537 5231 ὁμοίως
3576 5160 3669 5214 καὶ
3697 5162 3777 5222 εἰς
3805 5159 3863 5211 τὸ

2294 5256 2517 5326 Πνεῦμα
2554 5255 2613 5308 τὸ
2642 5254 2815 5323 ἅγιον,
2856 5254 2957 5307 οῦκ
2988 5253 3261 5325 ἀλλότριον
3290 5252 3421 5307 αὐτὸ
3448 5252 3549 5320 τῆς
3578 5251 3727 5314 θείας
3758 5250 3864 5320 φῦ-

2296 5364 2430 5409 σεως
2462 5344 2967 5416 καταλογιζόμενοι·
2998 5346 3092 5400 καὶ
3116 5345 3223 5416 γάρ
3254 5346 3399 5398 ἐστιν
3425 5344 3488 5397 ἐκ
3520 5341 3733 5415 Πατρός
3766 5361 3869 5413 φυ-

1736 5638 1906 5695 Varite
1938 5637 2196 5695 lectiones
2227 5638 2429 5696 codizis
2462 5638 2824 5710 Seguicriani.

697 5776 723 5818 1
755 5775 1106 5849 μαθήσονται.
1188 5778 1202 5817 ί
1246 5777 1313 5829 ἵσ
1358 5776 1388 5831 ἦ
1416 5775 1507 5828 ἐπὶ
1538 5776 1639 5845 Χρ.
