4146 6460
292 451 437 507 1205

1391 434 1479 490 DE
1524 428 1758 488 RECTA
1797 423 1952 482 FIDE
1991 421 2083 477 AD
2121 414 2443 477 REGINAS.
2514 408 2522 416 ν’

3379 360 3530 471 “eo.

286 569 479 633 σικῶς,
512 562 877 636 προχεόμενον
922 558 988 611 δι’
1018 554 1148 611 Υίοῦ
1177 557 1243 627 τῇ
1285 553 1488 609 κτίσει·
1521 554 1725 606 νοεῖται
1753 548 1860 618 γὰρ

1976 540 2184 594 minime
2226 545 2541 605 reputamus
2578 547 2593 587 :
2637 530 2899 600 siquidem
2946 528 3265 583 naturaliter
3301 541 3330 580 a
3369 524 3532 581 Patre

283 659 429 714 οὕτω
462 659 561 730 μία
586 675 645 711 τε
678 656 773 711 καὶ
790 651 1089 725 ὁμοούσιος,
1117 649 1209 703 καί⁵
1235 649 1292 701 ὲν
1319 646 1606 715 ταυτότητι
1629 641 1805 712 δόξης,
1829 642 1861 711 ἡ

287 752 422 821 ἁγία
448 749 545 804 καὶ
585 742 1036 821 προσκυνουμένη
1062 740 1249 810 Τριάς.
1280 736 1463 807 Φαμὲν
1487 735 1564 800 δὲ,
1594 735 1676 788 ὅτι
1702 732 1863 794 αὐτὸς

285 846 316 899 6
346 846 411 897 ὲκ
455 842 555 912 τῆς
600 839 789 903 οὐσίας
827 835 921 889 τοῦ
964 832 1098 887 Θεοῦ
1134 831 1228 885 καὶ
1274 827 1487 899 Πατρὸς
1536 826 1864 898 ἀπορρήτως

286 932 688 1005 γεγεννημένος
736 925 1026 1000 μονογενὴς
1059 920 1221 977 αὐτοῦ
1272 920 1464 988 Λόγος,
1508 917 1617 970 τῶν
1654 914 1864 969 αἰώνων

574 1026 603 1077 6
629 1022 696 1077 δι’
721 1015 783 1076 οῦ
818 1019 887 1073 τά
917 1019 1115 1079 πάντα,
1154 1014 1246 1068 καὶ
1279 1014 1336 1065 ὲν
1379 1003 1424 1078 ᾧ
1465 1009 1532 1063 τὰ
1564 1008 1761 1087 πάντα,
1803 1006 1865 1058 τὸ

287 1096 497 1190 φῶςήτδ
525 1114 799 1187 ἀληθινὸν,
848 1115 883 1183 ἡ
929 1111 1108 1164 πάντα
1138 1103 1481 1173 ζωογονοῦσα
1517 1100 1678 1173 φύσις
1711 1096 1863 1190 (Ῠζωὴ

287 1189 402 1283 γὰρ
432 1210 695 1279 πέφηνεν,
724 1206 798 1269 ώς
826 1207 890 1258 ἐκ
914 1202 1057 1271 ζωῆς
1079 1197 1172 1253 τοῦ
1218 1194 1488 1267 Πατρός),
1514 1195 1572 1245 ἓν
1619 1189 1864 1260 ἐσχάτοις

289 1281 506 1373 καιροῖς
553 1298 647 1354 τοῦ
694 1296 910 1359 αἰῶνος,
957 1292 1344 1362 εύδοκήσαντος
1372 1286 1463 1339 τοῦ
1510 1283 1743 1354 Πατρὸς,
1779 1281 1865 1334 ἴνα

291 1368 446 1463 σώσῃ
473 1390 533 1444 rb
563 1390 656 1441 ἐπὶ
696 1387 799 1457 γῆς
829 1384 985 1453 γένος
1022 1377 1309 1440 πεπτωκὸς
1340 1377 1416 1438 εἰς
1447 1372 1606 1443 ἀρὰν,
1648 1370 1741 1422 καὶ¹
1779 1368 1866 1421 διὰ

287 1484 394 1554 τῆς
419 1459 699 1554 άμαρτίας
726 1471 1129 1543 κατακομισθὲν
1162 1469 1239 1533 εἰς
1269 1466 1494 1520 θάνατον
1521 1462 1611 1515 καὶ
1640 1459 1863 1530 φθορὰν,

290 1549 611 1645 σπέρματος
663 1567 913 1638 Ἀϐραὰμ
953 1559 1270 1623 ἐπελάϐετο,
1307 1554 1449 1609 κατὰ
1489 1553 1587 1616 τὰς
1624 1549 1864 1621 Γραφὰς,

288 1666 389 1720 καὶ
417 1660 815 1731 κεκοινώνηκεν
847 1656 1078 1725 αἵματος
1102 1650 1196 1705 καὶ
1227 1647 1448 1718 σαρκὸς,
1491 1642 1741 1697 τουτέστι
1770 1639 1865 1708 γέ-

288 1774 451 1827 γονεν
479 1754 765 1827 ἄνθρωπος
785 1767 797 1779 ·
830 1748 925 1802 καὶ
956 1746 1132 1816 σάρκα
1152 1740 1356 1803 λαϐὼν,
1388 1736 1482 1790 καὶ
1531 1734 1665 1788 ίδίαν
1699 1732 1867 1799 αὐτὴν

1965 640 2067 698 est,
2107 645 2200 702 per
2240 628 2436 685 Filium
2478 626 2531 680 in
2576 632 2879 680 creaturam
2920 621 3225 677 dimanans.
3268 621 3346 674 Ad
3389 619 3531 674 hunc

1963 724 2107 778 enim
2139 721 2356 775 modum
2388 725 2573 774 sancta
2606 716 2689 770 llla
2730 714 3104 782 adorandaque
3143 712 3400 775 Trinitas,
3427 725 3530 763 una

1966 813 2322 877 in’esseutia,
2357 827 2450 881 par
2480 810 2531 863 itt
2565 807 2735 877 gloria
2771 812 2823 861 et
2858 802 3135 871 majestate
3164 802 3529 873 cognoscitur.

1964 906 2374 973 Asserimusque
2404 903 2576 972 ipsum
2610 897 2944 968 unigenitum
2967 893 3197 949 Verbum
3226 908 3423 947 arcano
3453 893 3532 945 iu-

1965 997 2377 1067 explicabilique
2406 993 2563 1048 modo
2593 1006 2658 1045 ex
2694 990 2785 1044 Dei
2817 996 2871 1042 et
2899 987 3077 1041 Patris
3106 984 3407 1038 substantia
3437 998 3527 1053 ge-

1968 1091 2171 1154 nitum,
2206 1088 2345 1157 quod
2387 1085 2577 1141 szecula
2623 1082 2898 1147 condidit,
2935 1094 3030 1149 per
3062 1078 3203 1148 quod
3243 1085 3296 1131 et
3336 1076 3388 1130 in
3431 1090 3536 1144 quo

1967 1180 2270 1236 consistunt
2315 1178 2531 1239 omnia,
2573 1174 2713 1243 quod
2757 1187 2941 1227 verum
2989 1170 3197 1235 lumen,
3239 1177 3537 1234 naturaque

1967 1271 2146 1325 omnia
2175 1268 2456 1323 vivificans
2482 1275 2567 1320 est
2595 1266 2726 1337 (vita
2757 1273 2839 1318 est
2871 1262 3037 1325 enim,
3069 1270 3251 1329 utpote
3282 1273 3349 1312 ex
3378 1257 3537 1312 Patre

1968 1363 2075 1415 vita
2098 1359 2440 1431 procedens),
2465 1355 2774 1410 novissimis
2795 1352 2973 1406 szeculi
3002 1350 3353 1419 temporibus,
3376 1345 3538 1401 Patre

1968 1468 2064 1524 pro
2086 1466 2187 1506 sua
2218 1450 2550 1519 benignitate
2583 1447 2654 1499 ita
2680 1445 2923 1509 volente,
2950 1457 3056 1512 quo
3086 1441 3337 1495 nimirum
3367 1451 3539 1507 genus

1969 1546 2284 1609 humanum,
2309 1542 2449 1611 quod
2477 1542 2529 1595 in
2555 1539 2986 1593 maledictionem
3012 1536 3314 1606 prolapsum
3338 1532 3538 1597 fuerat,

1968 1647 2022 1693 et
2060 1651 2156 1707 per
2188 1643 2467 1705 peccatum
2509 1632 2560 1685 in
2606 1641 2828 1684 mortem
2872 1635 2925 1682 ct
2964 1625 3366 1694 corruptionem
3402 1636 3540 1691 pra:-

1968 1744 2096 1799 ceps
2125 1729 2352 1789 abierat,
2385 1725 2729 1784 restitueret,
2757 1719 2987 1773 Abraltze
3019 1730 3199 1771 semen
3232 1713 3536 1782 apprehen—

288 1806 689 1917 ποιησάμενος,
720 1806 981 1909 ἐγεννήθη
1016 1806 1292 1905 σαρκικῶς
1320 1830 1407 1883 διὰ
1453 1827 1551 1897 τῆς
1584 1824 1743 1893 ἁγίας
1773 1823 1867 1875 καὶ

1976 1824 2138 1885 disse,
2168 1820 2317 1875 carni
2350 1831 2563 1887 quoque
2592 1823 2645 1868 et
2678 1813 2947 1880 sanguini,
2975 1810 3266 1863 secundum
3298 1806 3540 1875 Scriptu-

2093 1910 2133 1917 Α..
2457 1907 2467 1917 ι
2709 1902 2722 1917 1
2762 1916 2767 1917 ,
2798 1916 2803 1917 ,
2866 1916 2877 1917 γ
2921 1910 2931 1917 .
3024 1897 3291 1917 I,-,A-2,,_---
3342 1895 3536 1917 l'.-n.....

290 1939 548 1994 θεοτόκου
582 1933 823 2005 Μαρίας.

1903 1909 1942 1961 Β
1976 1926 2063 1965 ras
2090 1910 2156 1975 ⁸⁵,
2200 1907 2664 1963 communicasse,
2709 1902 2811 1955 hoc
2857 1910 2971 1963 est,
3024 1897 3294 1952 hominem
3341 1895 3539 1949 factum

288 2045 448 2097 esse;
482 2041 646 2081 carne
679 1986 955 2091 assumpta
980 2058 995 2084 ,
1056 2017 1353 2083 eademque
1389 2007 1605 2080 propria
1674 2005 1774 2061 sibt
1848 2002 2074 2066 reddita,
2113 2014 2142 2055 e
2201 2007 2389 2053 sancta
2425 2004 2480 2050 et
2522 1993 2751 2064 Deipara
2792 1990 2956 2045 Maria
2994 1986 3287 2044 secundum
3324 1999 3541 2041 carnem

292 2136 482 2178 natum
511 2131 656 2172 esse.

363 2219 441 2269 A'.
494 2211 657 2266 Ἀλλά
684 2206 861 2262 καίτοι
909 2202 1028 2256 καθ’
1075 2201 1220 2273 ἡμᾶς
1248 2195 1507 2267 γεγονὼς,
1535 2194 1629 2247 καὶ
1651 2191 1749 2262 τὴν
1774 2187 1869 2242 τοῦ

289 2307 480 2363 δούλου
515 2302 728 2374 μορφὴν
757 2292 1116 2371 οἰκονομικῶς
1142 2290 1362 2353 ὑποδὺς,
1393 2287 1698 2359 μεμένηκεν
1723 2284 1779 2335 ὲν
1801 2282 1868 2350 τῇ

294 2398 440 2453 κατά
468 2395 630 2466 φύσιν
659 2391 870 2458 θεότητι
895 2388 991 2440 καὶ
1015 2383 1316 2456 κυριότητι.
1346 2379 1419 2433 Οὑ
1452 2378 1560 2447 γὰρ
1594 2375 1871 2427 πέπαυται

291 2490 390 2544 τοῦ
423 2460 566 2541 εἶναι
610 2482 767 2546 Θεὸς,
810 2482 860 2533 εί
910 2479 1005 2534 καὶ
1043 2476 1236 2546 γέγονε
1272 2470 1428 2540 σὰρξ,
1456 2467 1701 2521 τουτέστι
1746 2460 1870 2517 καθ’

294 2582 447 2656 ἡμᾶς
488 2595 548 2632 τε
593 2575 686 2631 καὶ
732 2571 1038 2643 ἄνθρωπος.
1082 2564 1297 2634 Ἐπειδὴ
1326 2562 1382 2616 δὲ
1428 2561 1693 2630 ἄτρεπτος
1728 2554 1871 2609 κατὰ

294 2647 486 2744 (ῥύσιν,
512 2668 588 2731 ὡς
616 2665 769 2729 Θεὸς,
802 2658 1124 2734 μεμενηκὼς
1165 2658 1300 2726 ὅπερ
1328 2649 1396 2723 ἦν
1438 2652 1545 2715 ἀεὶ,
1594 2648 1688 2703 καὶ
1732 2647 1868 2711 ἔστι,

292 2763 393 2818 καὶ
422 2759 599 2824 ἔσται,
627 2754 1031 2828 κεχρημάτικεν
1062 2748 1186 2811 Υἱὸς
1215 2743 1525 2815 ἀνθρώπου.

370 3028 448 3083 ιε’.
490 3027 602 3081 Καὶ
654 3022 842 3092 ἐπειδὴ
890 3014 1265 3084 καταϐέϐηκεν
1313 3008 1455 3062 ἑκὼν
1500 3008 1557 3059 ὲν
1606 3003 1721 3067 τοῖς
1768 3001 1873 3092 τῆς

294 3115 725 3188 ἀνθρωπότητος
756 3090 974 3181 μέτροις
1013 3104 1257 3177 (καθῆκε
1289 3101 1399 3170 γὰρ
1439 3095 1627 3188 ἑαυτὸν
1657 3095 1737 3157 είς
1775 3090 1872 3188 κέ-

2048 2183 2133 2240 lV.
2169 2185 2239 2240 At
2265 2182 2510 2253 quamvis
2528 2178 2761 2234 Verbum
2790 2184 3031 2231 nostram
3060 2180 3306 2226 naturam
3335 2184 3548 2225 assum--

1976 2277 2165 2344 pserit,
2194 2272 2554 2338 servilsmque
2585 2267 2814 2321 formam
2844 2262 3245 2333 dispensatione
3272 2259 3548 2327 induerit;

1975 2364 2340 2435 perseveravit
2381 2359 2734 2415 nihilominus
2766 2356 2818 2411 in
2851 2369 2913 2410 ea
2948 2354 3229 2424 majestate
3264 2360 3319 2405 et
3351 2350 3546 2407 divini-

1977 2465 2112 2523 tate,
2144 2469 2263 2525 quze
2298 2451 2592 2508 secundum
2630 2457 2876 2504 naturam
2914 2447 3014 2514 ipsi
3057 2444 3329 2498 convenit.
3362 2441 3548 2511 Neque

1976 2549 2120 2604 enim
2152 2545 2311 2602 desiit
2341 2544 2485 2599 Deus
2511 2557 2652 2605 esse,
2680 2539 2891 2595 etiamsi
2924 2538 3122 2590 factum
3153 2545 3236 2589 est
3264 2550 3413 2598 caro,
3444 2535 3547 2589 hoc

1976 2648 2080 2703 est,
2107 2636 2276 2692 nostri
2298 2634 2514 2697 similis,
2539 2642 2593 2688 et
2619 2632 2799 2686 homo.
2825 2629 2958 2683 Nam
2984 2642 3126 2689 cum,
3147 2637 3205 2679 ut
3230 2626 3392 2691 Deus,
3418 2625 3547 2681 nulli

1979 2730 2273 2786 secundum
2298 2737 2544 2782 naturam
2569 2724 2859 2779 obnoxium
2886 2723 2954 2777 sit
2979 2722 3297 2785 imitationi,
3325 2735 3549 2773 manens

1980 2823 2031 2876 id
2059 2821 2200 2889 quod
2230 2827 2378 2884 erat,
2405 2828 2520 2881 est,
2550 2829 2871 2885 semperque
2901 2815 3034 2879 erit,
3066 2814 3239 2869 factus
3269 2823 3351 2868 est
3380 2811 3562 2867 Filius

1979 2911 2237 2965 hominis.

2053 3000 2114 3055 V.
2138 3000 2405 3055 Caeterum
2430 2998 2587 3053 simul
2619 3005 2781 3066 atque
2801 3008 2867 3051 an
2900 2996 3149 3050 humanae
3174 3002 3383 3046 natura:
3405 2990 3555 3057 leges

1978 3092 2147 3148 semel
2172 3089 2750 3162 descendit(siquidem
2775 3103 2869 3142 sua
2899 3096 3088 3156 sponte
3115 3101 3174 3140 se
3208 3082 3551 3151 exinanivit),

294 3177 465 3264 νωσίν
492 3219 527 3274 ι,
564 3177 984 3275 ὑπομεμένηκεν
1006 3194 1317 3265 ἀναγκαίως
1360 3191 1453 3245 καὶ
1492 3186 1745 3257 γέννησιν
1779 3183 1873 3275 τὴν

1979 3204 2082 3244 non
2125 3188 2294 3259 potuit
2326 3201 2391 3240 ex
2438 3186 2666 3240 muliere
2704 3196 2919 3253 quoque
2974 3195 3080 3235 non
3122 3180 3290 3234 nasci.
3330 3177 3447 3232 Nec
3481 3177 3571 3229 ob»

298 3300 369 3351 ἐκ
395 3274 686 3366 γυναικὸς,
699 3294 798 3346 ούκ
823 3290 995 3361 ἀρχὴν
1019 3286 1112 3341 τοῦ
1149 3280 1290 3338 εἶναι
1315 3279 1587 3349 λαϐούσης
1608 3276 1705 3366 τῆς
1727 3274 1878 3336 θείας

295 3365 470 3443 αὐτοῦ
495 3385 733 3457 φύσεως,
763 3384 851 3436 ὅτε
884 3376 1023 3434 κατὰ
1047 3377 1227 3446 σάρκα
1248 3368 1608 3457 γεγεννῆσθαι
1637 3365 1874 3457 λέγεται·

294 3480 416 3535 ἀλλ’
572 3476 671 3548 μὲν
705 3475 797 3528 καὶ
830 3472 997 3532 ἐστιν,
1034 3468 1109 3530 ὡς
1160 3465 1316 3534 ἔφην,
1369 3462 1433 3512 ἐκ
1478 3456 1613 3511 Θεοῦ
1663 3453 1878 3525 Πατρὸς

296 3544 551 3643 φυσικώς
574 3544 633 3622 τε
663 3567 758 3620 καὶ
784 3561 1001 3633 άληθῶς
1026 3560 1054 3611 6
1088 3556 1281 3624 Λόγος.
1312 3550 1533 3618 Ἐπειδὴ
1565 3548 1622 3600 δὲ
1649 3548 1751 3599 οὐκ
1781 3544 1876 3598 άν-

299 3636 527 3732 θρωπος
571 3658 757 3720 ἁπλῶς
790 3657 989 3708 νοεῖται
1028 3648 1148 3703 καθ’
1195 3645 1345 3715 ἡμᾶς
1387 3644 1414 3695 6
1454 3645 1519 3695 ὲκ
1563 3636 1878 3732 τῆςᾼὰγίας

296 3726 585 3824 Παρθένου
626 3743 1063 3818 γεγεννημένος,
1113 3738 1227 3792 ἀλλ’
1283 3734 1443 3796 αὐτὸς
1492 3728 1795 3801 σαρκωθεὶς
1850 3726 1880 3777 6

295 3816 497 3914 Λόγος,
522 3843 616 3897 καὶ
642 3816 782 3894 νῐδιον
828 3836 968 3906 ἔχων
997 3832 1154 3901 σῶμα
1184 3827 1245 3880 τὸ
1279 3826 1337 3890 ἐξ
1372 3823 1564 3892 αὐτῆς,
1596 3820 1685 3874 διὰ
1720 3816 1880 3871 τοῦτο

296 3909 528 4003 λέγεται
556 3929 922 4002 γεγεννῆσθαι
956 3921 1255 3994 σαρκικῶς,
1292 3917 1366 3981 ὼς
1393 3915 1490 3985 τῆς
1518 3912 1654 3975 ίδίας
1679 3909 1880 3979 σαρκὸς

296 4029 402 4100 τὴν
427 4027 686 4097 γέννησιν
712 4018 1103 4089 οἰκειούμενος.

374 4205 466 4270 (τι.
513 4201 578 4254 Oi
623 4199 680 4252 δὲ
727 4199 979 4265 λέγοντες
1018 4191 1292 4255 ἀσυνέτως
1329 4186 1588 4241 Θεοτόκον
1612 4183 1712 4237 οὒκ
1745 4177 1881 4235 εἶναι

293 4269 599 4360 τὴνάγίαν
641 4286 939 4356 Παρθένον,
983 4282 1345 4353 ἐμπίπτουσιν
1371 4273 1684 4343 ἀναγκαίως
1712 4272 1792 4333 είς
1821 4269 1883 4321 τὸ

295 4383 399 4438 δύο
428 4382 618 4450 λέγειν
646 4379 798 4440 υἱοὺς
826 4377 919 4429 τοῦ
955 4373 1111 4427 Θεοῦ.
1148 4372 1211 4424 Ei
1239 4368 1346 4439 γὰρ
1375 4366 1448 4436 μὴ
1475 4365 1663 4417 τέτοκε
1687 4378 1879 4431 σαρκι-

297 4470 421 4535 κῶς
454 4468 808 4541 σαρκωθέντα
850 4465 981 4518 Θεὸν
1013 4464 1046 4534 ἡ
1093 4461 1221 4529 ἁγία
1253 4459 1547 4529 Παρθένος,
1581 4453 1732 4508 πᾶσά
1764 4470 1880 4516 πως

296 4562 522 4631 ἀνάγκη
552 4560 649 4613 καὶ
668 4558 767 4627 οὐχ
796 4557 1019 4617 ἑκόντας
1047 4553 1242 4615 αὐτοὺς
1261 4550 1560 4621 ὁμολογεῖν,
1593 4548 1674 4601 ὅτι
1701 4548 1877 4599 κοινὸν

293 4651 638 4721 γεγέννηκεν
673 4647 959 4717 ἄνθρωπον
986 4683 1003 4708 ,
1038 4643 1189 4696 οὐδὲν
1234 4641 1425 4711 ἔχοντα
1461 4638 1590 4708 παρ’
1634 4636 1784 4707 ἡμᾶς
1820 4634 1881 4686 τὸ

297 4743 515 4797 πλεῖον.
546 4736 683 4794 Εἶτα
712 4738 828 4801 πῶς
866 4734 1015 4806 αὐτῷ
1047 4732 1255 4803 κάμψει
1282 4733 1389 4784 πᾶν
1423 4730 1574 4799 γόνυ,
1606 4727 1699 4781 καὶ
1732 4727 1881 4779 πᾶσα

296 4831 531 4901 γλῶσσα
559 4827 1038 4897 ἐξομολογήσεται,
1066 4823 1147 4875 ὅτι
1178 4822 1381 4892 Κύριος
1420 4818 1624 4891 Ἰησοῦς
1649 4816 1881 4888 Χριστὸς

297 4923 387 4985 εἰς
436 4920 596 4986 δόξαν
640 4917 778 4971 Θεοῦ
822 4914 1065 4983 Πατρός;
1115 4913 1239 4976 Πῶς
1286 4911 1435 4980 αὐτῷ
1489 4908 1881 4980 προσκυνοῦσιν

297 5012 556 5082 ἄγγελοι,
579 5009 805 5064 καὶτῶν
836 5005 1096 5061 ἀνωτάτω
1124 5004 1454 5072 δυνάμεωνὴ
1488 5002 1618 5068 ἁγία
1651 4998 1878 5069 πληθύς;

295 5100 435 5176 'Ap‘
464 5098 560 5156 οὖν
589 5099 861 5170 ἀνθρώπῳ
894 5095 1057 5166 κοινῷ
1095 5094 1422 5163 λελάτρευκε
1454 5092 1573 5151 μεθ’
1603 5091 1759 5161 ἡμῶν
1791 5090 1882 5142 καὶ

300 5194 535 5265 σύμπας
566 5193 595 5243 6
623 5190 882 5260 ούρανὸς;
911 5187 1001 5256 Μὴ
1050 5186 1258 5252 γένοιτο
1276 5197 1290 5210 °
1334 5182 1744 5252 προσκυνοῦμεν
1772 5180 1879 5251 γὰρ

297 5285 382 5347 ὡς
430 5283 565 5336 Θεὸν
610 5279 861 5350 ἀληθινὸν
905 5279 997 5331 τὸν
1046 5273 1413 5345 Ἐμμανουήλ.
1445 5274 1637 5327 Ἔσται
1681 5271 1739 5324 δὲ
1785 5271 1883 5340 οὐχ

298 5372 513 5441 ἑτέρως
549 5366 942 5439 προσκυνητὸς,
971 5364 1066 5417 ἐὰν
1096 5364 1170 5434 μὴ
1201 5361 1565 5432 πιστεύωμεν,
1605 5361 1687 5413 ὅτι
1722 5360 1884 5422 αὐτὸς

297 5466 330 5518 6
361 5463 431 5514 ὲκ
461 5458 600 5512 Θεοῦ
635 5458 830 5524 Λόγος,
861 5457 889 5507 6
918 5453 1067 5523 παρὰ
1108 5453 1285 5523 πάσης
1313 5452 1410 5520 τῆς
1455 5450 1686 5512 κτίσεως
1716 5466 1884 5520 προσ-

297 5550 668 5620 κυνούμενος,
700 5547 836 5617 σάρξ
865 5545 1079 5613 ἐγένετο
1101 5542 1241 5597 κατὰ
1266 5541 1364 5606 τὰς
1387 5541 1640 5612 Γραφάς’
1675 5541 1773 5593 ούκ
1804 5540 1884 5602 εἰς

305 5643 498 5712 σάρκα
528 5636 1022 5709 μεταδεδλημένος,
1049 5634 1164 5690 ἀλλ’
1198 5635 1263 5687 ὲκ
1283 5632 1382 5704 τῆς
1410 5632 1569 5702 ἁγίας
1602 5630 1878 5705 Παρθένου

377 5815 620 5871 “Hebr.
648 5830 709 5881 tt,
760 5814 841 5879 li,
887 5811 965 5867 l5.

1979 3280 2032 3334 id
2067 3290 2243 3333 tamen
2278 3276 2458 3331 divina
2493 3275 2639 3330 illius
2667 3283 2859 3329 natura
2899 3271 3195 3327 exsisteudi
3228 3269 3549 3340 principium

1981 3380 2090 3424 tum
2132 3369 2346 3424 demum
2386 3368 2636 3436 sumpsit,
2671 3380 2793 3421 cum
2836 3364 2965 3420 illud
2993 3363 3287 3418 secundum
3333 3375 3551 3414 carnem

1980 3475 2163 3516 natum
2198 3461 2418 3516 dicitur.
2453 3460 2557 3514 Sed
2588 3458 2946 3528 fuitquidem,
2979 3456 3087 3528 45
3117 3467 3170 3509 et
3201 3465 3284 3509 est
3311 3454 3393 3523 (ut
3413 3451 3552 3523 dixi)

1979 3569 2042 3607 ex
2078 3554 2188 3606 Deo
2219 3552 2376 3606 Patre
2409 3551 2726 3605 naturaliter
2749 3559 2803 3604 et
2830 3564 2957 3603 vere
2990 3548 3249 3603 Verbum.
3284 3546 3552 3612 Quoniam

1979 3658 2109 3697 vero
2134 3644 2179 3698 is
2208 3644 2299 3713 qui
2330 3657 2397 3698 ex
2431 3658 2584 3697 saera
2630 3641 2851 3712 Virgine
2888 3648 3050 3694 natus
3095 3649 3198 3701 est,
3248 3654 3351 3691 non
3392 3638 3558 3691 homo

1981 3735 2296 3805 simpliciter
2321 3743 2378 3788 ut
2407 3749 2524 3799 nos,
2559 3733 2652 3789 sed
2691 3732 2868 3800 ipsum
2909 3730 3000 3785 Dei
3036 3728 3266 3785 Verbum
3304 3730 3554 3783 incarna-

1980 3833 2093 3879 tum
2122 3824 2455 3894 intelligitur,
2484 3822 2623 3891 quod
2655 3835 2851 3890 corpus
2882 3835 2947 3874 ex
2976 3821 3093 3889 ipsa
3128 3828 3397 3888 sumptum
3433 3832 3555 3886 pro-

1981 3917 2159 3988 prium
2193 3916 2293 3971 sibi
2320 3914 2485 3977 fecit,
2526 3914 2653 3968 hinc
2684 3921 2767 3968 est
2806 3913 2947 3981 quod
2992 3913 3283 3965 secundum
3333 3923 3552 3963 carnem

1982 4017 2169 4062 natum
2208 4005 2426 4068 dicitur,
2461 4005 2644 4057 carnis
2681 4002 2935 4055 nimirum
2971 4001 3304 4054 nativitatem
3340 4007 3397 4052 ut
3425 4014 3559 4067 pro-

1982 4099 2154 4168 priam
2186 4098 2235 4150 in
2262 4112 2319 4151 se
2349 4097 2703 4150 transferens.

2054 4189 2142 4244 Vi.
2182 4189 2263 4242 llli
2306 4199 2483 4243 autem
2534 4192 2625 4257 qui
2680 4200 2889 4241 sacram
2938 4184 3214 4254 Virginem
3270 4182 3551 4248 Deiparam

1983 4293 2103 4335 esse
2128 4278 2374 4347 imperite
2401 4289 2619 4348 negant,
2650 4277 2752 4331 huc
2781 4277 3085 4331 necessario
3132 4274 3435 4342 adiguntur,
3484 4281 3543 4325 ut

1984 4373 2119 4426 duos
2175 4369 2270 4425 Dei
2320 4369 2460 4424 illius
2517 4369 2873 4424 constituant.
2924 4366 3057 4422 Nam
3110 4368 3152 4421 si
3190 4381 3342 4421 sacra
3387 4364 3552 4436 Virgo

1988 4460 2153 4515 Deum
2188 4460 2526 4515 incarnatum
2571 4458 2869 4513 secundum
2914 4472 3133 4511 carnem
3186 4473 3288 4510 nou
3326 4460 3552 4524 peperit,

1988 4553 2069 4606 vel
2098 4552 2249 4606 inviti
2284 4553 2584 4607 concedant
2611 4558 2842 4619 oportet,
2872 4549 3141 4603 hominem
3188 4556 3391 4602 tantum
3438 4550 3554 4602 vul-

1983 4655 2202 4710 garem,
2250 4640 2512 4709 uobisque
2563 4639 2733 4694 nihilo
2780 4638 3216 4693 excellentiorem
3269 4636 3321 4690 in
3377 4637 3549 4691 lucent

1981 4730 2235 4785 edidisse.
2278 4731 2429 4797 Quod
2487 4732 2531 4785 si
2590 4745 2675 4784 res
2722 4731 2793 4783 ita
2848 4729 3027 4792 habet,
3056 4744 3158 4797 qua
3194 4728 3419 4781 obsecro
3465 4744 3554 4780 ra~

1986 4821 2152 4885 tione,
2185 4835 2347 4875 omne
2375 4835 2512 4890 genu
2538 4819 2611 4873 illi
2646 4818 3035 4879 iueurvahitur,
3068 4817 3350 4884 omnisque
3374 4816 3553 4883 lingua

1984 4912 2350 4974 conﬁtebitur,
2383 4911 2527 4980 quod
2564 4909 2823 4964 Dominus
2846 4918 3030 4961 noster
3055 4904 3214 4960 Jesus
3245 4913 3328 4960 est
3359 4906 3408 4959 in
3437 4905 3573 4974 glo--

1988 4999 2064 5053 ria
2111 4998 2204 5053 Dei
2251 4998 2427 5053 Patris
2447 4998 2533 5051 ‘°?
2579 4998 2856 5064 Quomodo
2910 4994 3119 5065 angeli,
3167 5002 3222 5048 et
3275 5009 3431 5049 sacer
3469 4995 3561 5049 ille

1990 5091 2287 5145 cmlestium
2340 5090 2598 5144 virtutum
2651 5097 2828 5143 coetus
2878 5086 3024 5140 tllutn
3073 5086 3367 5140 adoret”?
3411 5086 3559 5138 Nun-

1991 5181 2116 5251 quid
2168 5180 2439 5234 hominem
2485 5193 2856 5240 communem,
2908 5186 2963 5230 et
2995 5191 3092 5231 nos
3146 5185 3200 5231 et
3245 5177 3572 5230 universum-

1989 5272 2184 5328 cmlum
2253 5273 2512 5326 hactenus
2565 5268 2936 5340 percolimus?
2991 5267 3194 5323 Absit:
3262 5268 3567 5323 adoramus-

1990 5365 2135 5421 euim
2168 5361 2571 5416 Emmanuelem
2624 5371 2878 5429 tanquam
2931 5374 3116 5412 verum
3165 5357 3355 5413 Deum.
3393 5359 3569 5427 Atqui

1994 5453 2132 5508 nulla
2170 5452 2374 5505 ratione
2417 5450 2629 5504 adorari
2668 5459 2867 5519 potest,
2912 5450 3015 5505 nisi
3058 5450 3342 5505 credamus
3383 5450 3556 5519 ipsum

1990 5545 2084 5600 Dei
2112 5544 2286 5598 Patris
2309 5541 2566 5609 Verbum,
2597 5544 2738 5612 quod
2780 5545 2847 5596 ab
2890 5543 3143 5597 universa
3180 5552 3425 5597 creatura
3459 5543 3567 5593 ad-

1988 5640 2196 5698 oratur,
2232 5630 2523 5686 secundum
2567 5630 2876 5701 Scripturas
2905 5646 3122 5686 carnem
3156 5631 3356 5686 factum
3389 5643 3509 5688 esse
3539 5646 3559 5683 :

1044 5814 1087 5843 ⁵⁸
1119 5812 1345 5881 Philipp.
1390 5828 1447 5876 tt,
1496 5810 1575 5876 10,
1622 5810 1704 5865 ll.
1781 5812 1819 5843 ⁸⁷
1857 5810 2017 5866 llcbt‘.
2062 5826 2096 5877 t,
2139 5810 2190 5866 ϐ.
