4058 6474
646 394 784 453 {207

1631 403 1689 460 S.
1727 405 1996 463 CYBILLI
2033 410 2497 470 ALEXANDRINI
2533 415 2850 473 ARCHIEP.

3780 426 3920 481 £208

640 528 750 570 non
800 512 945 584 quod
998 514 1052 569 in
1109 528 1331 571 carnem
1385 515 1718 576 demutatum
1778 523 2076 592 transierit,
2112 528 2199 583 sed

2314 528 2492 600 σάρκα
2525 530 2726 599 λαϐὼν,
2757 532 2833 598 ὡς
2859 533 3016 605 ἔφην,
3050 534 3147 589 καὶ
3185 537 3534 611 ἀνθρωπινην
3572 540 3720 611 μεθ’
3756 540 3919 610 ἡμῶν

654 604 796 673 quod
831 618 897 658 ex
930 602 1043 674 ipsa
1076 617 1230 659 saera
1263 604 1481 677 Virgine
1512 621 1729 664 carnem
1768 614 2084 682 susceperit,
2112 615 2212 670 hu-

646 709 995 765 manamque,
1046 704 1107 749 ut
1158 704 1285 750 ante
1339 698 1639 767 expositum
1696 712 1799 767 est,
1852 703 2206 773 nativitatem,

642 786 868 855 perinde
895 802 960 843 ac
988 803 1109 851 nos,
1137 789 1430 856 subiverit;
1465 806 1572 860 quo
1607 792 1860 847 nimirum
1904 795 2067 851 homo
2108 812 2207 852 no-

639 879 737 935 stri
774 894 935 935 causa
966 878 1189 947 factum,
1221 897 1374 936 more
1407 882 1624 951 quidem
1658 884 1887 938 aliorum
1930 886 2205 942 hominum

643 982 869 1026 mortem
901 980 1196 1041 pateretur,
1241 974 1550 1043 proculcato
1580 985 1757 1030 autem
1802 979 1991 1033 mortis
2036 980 2205 1049 impe-

642 1057 744 1123 rio,
774 1059 958 1114 divina
994 1061 1041 1115 vi
1078 1078 1291 1117 rursum
1334 1076 1660 1133 resurgeret.
1709 1066 1817 1121 Hoc
1861 1068 2002 1121 enim
2045 1071 2205 1125 modo

639 1145 841 1203 factum
875 1159 981 1215 est,
1013 1160 1071 1205 ut
1114 1167 1211 1206 nos
1257 1168 1471 1221 quoque
1517 1170 1612 1223 per
1659 1155 1932 1211 Christum
1970 1159 2206 1227 vincere,

637 1247 966 1309 peccatoque
1003 1241 1288 1307 debellato,
1314 1259 1376 1298 ac
1412 1247 1581 1312 posita
1636 1248 1981 1317 corruptione
2003 1289 2018 1314 ,
2058 1266 2206 1307 mor-

643 1339 747 1385 tem
775 1329 1008 1401 elfngere
1039 1347 1339 1400 possemus,
1369 1334 1661 1406 laititiaque
1682 1386 1687 1391 .
1710 1337 1760 1390 in
1800 1337 2020 1393 Christo
2063 1341 2202 1409 pleni

2314 620 2615 691 ὑπομείνας
2663 622 2954 695 γέννησιν
3018 626 3107 680 ἵνα
3160 630 3252 681 καὶ
3300 630 3595 702 ἄνθρωπος
3662 631 3919 699 γεγονὼς

2312 710 2454 782 ὑπὲρ
2505 713 2683 783 ἡμῶν,
2728 715 2975 788 ἀποθάνῃ
3017 717 3116 788 μὲν
3164 719 3539 791 ἀνθρωπίνως,
3580 723 3821 791 ἀναστῇ
3860 722 3912 771 δὲ

2311 802 2530 868 θεῖχῶς,
2563 807 2810 878 πατήσας
2846 808 2941 861 τοῦ
2972 808 3201 864 Θανάτου
3230 811 3291 863 τὸ
3329 812 3773 881 κράτος.’οὖτω
3807 814 3913 879 γὰρ

2307 889 2376 964 ἦν
2422 894 2683 950 δύνασθαι
2733 900 2828 953 καὶ
2865 901 3012 970 ἡμᾶς
3052 901 3128 976 ᾡς
3173 903 3229 956 ὲν
3276 903 3498 974 Χριστῷ
3548 905 3909 974 νικήσαντας

2314 989 2790 1060 κατευμεγεθῆσαι
2829 992 2928 1061 μὲν
2956 992 3054 1061 τῆς
3088 994 3385 1064 ἁμαρτίας,
3417 994 3829 1048 ἀποδύσασθαι
3855 994 3909 1044 δὲ

2309 1074 2408 1146 τὴν
2442 1076 2668 1148 φθορὰν,
2704 1080 2805 1134 καὶ
2837 1080 3120 1149 διαδρᾶναι
3152 1082 3401 1147 θάνατον,
3432 1083 3581 1137 οὕτω
3629 1101 3698 1136 τε
3731 1085 3906 1135 εἰπεῖν

2309 1167 2372 1219 ὲκ
2406 1170 2762 1240 περιχαρείας
2806 1173 2907 1242 τῆς
2932 1174 2990 1226 ἐν
3043 1176 3291 1245 Χριστῷ·
3325 1196 3345 1228 ι
3381 1176 3491 1230 Ποῦ
3525 1180 3558 1246 ἡ
3596 1178 3737 1248 νίκη
3778 1194 3906 1239 σου.

2307 1254 2536 1324 Θάνατε;
2585 1260 2688 1313 ποῦ
2717 1262 2779 1314 τὸ
2806 1262 3030 1333 κέντρον
3062 1281 3177 1331 σου,
3207 1264 3345 1334 ᾅδης
3382 1283 3400 1314 ι
3432 1265 3663 1335 Ὠσπερ
3699 1264 3816 1334 γὰρ
3848 1265 3904 1316 ἐν

2319 1346 2491 1417 Ἀδὰμ
2532 1348 2920 1420 πεπτώκαμεν,
2966 1350 3108 1404 οὕτω
3150 1353 3517 1423 νενικήκαμεν
3549 1355 3615 1406 ὲν
3650 1352 3901 1423 Χριστῷ.

646 1424 945 1478 diceremus
975 1442 988 1479 :
1026 1443 1044 1475 ι
1083 1422 1183 1480 Ubi
1210 1434 1315 1491 est,
1343 1441 1509 1493 mors,
1550 1428 1772 1483 victoria
1817 1432 1951 1485 tua?
1982 1431 2085 1500 ubi
2114 1442 2197 1490 est
2237 1435 2489 1493 stimulus
2512 1447 2658 1506 tuus,
2696 1441 2909 1497 inferne
2932 1442 3016 1497 “Y
3042 1461 3061 1494 ι
3096 1442 3165 1498 Ut
3218 1445 3361 1499 enim
3392 1443 3446 1498 in
3479 1444 3668 1499 Adam
3698 1444 3898 1499 devicu'

646 1530 853 1581 sumus,
883 1515 954 1593 ita
979 1531 1188 1571 rursum
1216 1517 1270 1572 in
1303 1518 1517 1574 Christo
1550 1521 1864 1578 devicimus.

706 1604 816 1662 Vll.
850 1607 1001 1673 Quod
1031 1608 1077 1664 si
1112 1609 1348 1679 vulgaris
1380 1619 1587 1664 tantum
1624 1612 1782 1667 homo
1809 1623 1953 1669 esset
1981 1613 2197 1670 Emma-

643 1695 784 1761 nuel,
813 1699 1081 1767 quomodo
1114 1715 1257 1755 mors
1286 1702 1520 1756 hominis
1547 1702 1792 1758 humana:
1817 1714 2018 1761 natura:
2039 1722 2199 1777 opem

2381 1620 2459 1675 Z'.
2502 1623 2565 1676 Ei
2592 1623 2648 1677 δὲ
2683 1624 2968 1696 ἄνθρωπος
3005 1620 3074 1696 ἦν
3104 1624 3278 1690 κοινὸς
3311 1626 3338 1677 6
3366 1625 3757 1696 Ἐμμανουήλ.
3785 1626 3901 1688 πῶς

2307 1709 2374 1763 ἂν
2398 1712 2645 1783 ὠφέλησε
2674 1717 2774 1786 τὴν
2817 1715 3105 1788 ἀνθρώπου
3133 1716 3293 1785 φύσιν
3325 1719 3353 1770 6
3376 1716 3683 1787 ἀνθρώπου
3734 1717 3897 1769 Ociu-

637 1788 890 1844 tulisset?
923 1790 1210 1846 Enimvero
1260 1807 1366 1847 non
1421 1794 1581 1864 pauci
1620 1803 1927 1850 sanctorum
1980 1799 2199 1867 prophe-

2307 1817 2428 1870 τος;
2479 1803 2671 1858 Καίτοι
2722 1807 2906 1860 πολλοὶ
2950 1806 3331 1878 προαπέθανον
3385 1807 3535 1876 ἅγιοι
3582 1807 3891 1877 προφῆτα-ο

637 1890 812 1935 tarum
842 1890 1069 1935 mortem
1103 1882 1377 1947 obierunt,
1407 1895 1459 1939 ut
1496 1885 1896 1942 laudatissimus
1926 1887 2015 1942 ille
2040 1888 2207 1942 Abra-

635 1973 784 2039 ham,
838 1971 1008 2036 lsaac,
1057 1973 1262 2042 Iacob,
1308 1976 1553 2047 Moyses,
1605 1977 1854 2042 Samuel,
1907 1979 2228 2049 reliquique

635 2064 909 2135 deinceps,
945 2066 1033 2134 qui
1067 2068 1189 2119 vita:
1220 2068 1580 2123 sanctimonia
1606 2068 1910 2123 claruerunt
1938 2088 1952 2136 ;
1984 2087 2203 2125 verum-

636 2168 816 2211 tamen
857 2173 1000 2211 mors
1057 2159 1272 2213 illorum
1306 2161 1487 2226 generi
1540 2159 1776 2213 humano
1808 2160 1939 2214 nihil
1981 2161 2202 2216 omnino

633 2248 860 2303 contulit
891 2264 905 2301 :
942 2260 997 2301 at
1047 2263 1173 2304 vero
1207 2264 1356 2303 mors
1402 2248 1600 2304 Christi
1636 2250 1861 2305 salutem
1913 2253 2199 2321 praestitit;

634 2340 899 2410 siquidem
929 2341 1200 2410 pr0priam
1230 2356 1327 2409 pro
1368 2341 1522 2396 nobis
1567 2340 1677 2412 46
1721 2357 1938 2396 carnem
1984 2343 2199 2406 obtulit,

635 2428 906 2498 mortique
936 2428 1282 2497 semetipsum
1309 2429 1477 2484 nostri
1506 2445 1667 2484 causa
1705 2434 2048 2495 contradens,
2083 2446 2202 2484 om-

633 2533 732 2574 nes
757 2534 823 2572 ex
865 2519 1057 2574 mortis
1088 2517 1293 2587 laqueis
1327 2521 1549 2573 exeruit.
1603 2519 1751 2575 Unus
1782 2520 1924 2574 enim
1962 2536 2058 2590 pro
2086 2536 2201 2575 om-

633 2610 793 2664 nibus
825 2609 1062 2664 moriens
1106 2609 1387 2675 satisfecit,
1441 2622 1498 2664 ut
1536 2612 1625 2680 qui
1662 2611 1948 2680 plurimum
1992 2613 2201 2665 cxx-teris

632 2704 884 2759 omnibus
945 2704 1204 2775 dignitate
1256 2713 1558 2775 praestaret.
1610 2704 1745 2759 Nam
1785 2715 1837 2761 et
1889 2706 1980 2760 Dei
2027 2707 2202 2763 Patris

638 2794 868 2850 Verbum
902 2806 1008 2861 est,
1050 2806 1106 2853 et
1158 2805 1345 2851 natura
1391 2798 1551 2864 Deus,
1596 2809 1651 2853 et
1686 2813 1880 2865 corpus
1920 2802 2059 2868 quod
2105 2816 2201 2869 pro

634 2889 789 2943 nobis
822 2888 873 2942 in
901 2890 1121 2944 odorem
1152 2891 1436 2945 suavitatis
1478 2890 1585 2944 Deo
1629 2900 1683 2944 et
1728 2889 1870 2945 Patri
1914 2890 2198 2957 offerebat,

632 2984 774 3039 illius
813 2984 1088 3054 proprium
1142 2982 1263 3039 fuit.
1322 2981 1544 3053 impium
1587 2995 1671 3040 est
1718 2999 1880 3054 ergo,
1936 2983 2200 3053 longeque

630 3075 1100 3140 absurdissimum,
1155 3090 1321 3130 unum
1382 3074 1664 3130 Dominum
1717 3064 1958 3131 nostrum
2012 3072 2193 3132 Jesuut

630 3164 906 3219 Christum
938 3164 991 3218 in
1021 3165 1153 3219 duos
1183 3165 1323 3219 ﬁlios
1363 3165 1636 3232 divellere,
1664 3166 1900 3220 maxime
1945 3182 2067 3221 cum
2110 3182 2197 3221 sa-

632 3255 1006 3327 pientissimus
1040 3252 1237 3311 Paulus
1281 3256 1407 3310 huic
1444 3257 1729 3313 sententia:
1778 3256 1980 3312 diserte
2024 3258 2197 3312 recla-

633 3358 761 3404 met.
792 3349 881 3403 Ait
919 3348 1061 3402 enim
1096 3364 1111 3402 :
1150 3366 1169 3398 ι
1212 3346 1362 3402 Unus
1393 3347 1674 3413 Dominus,
1710 3364 1816 3403 una
1854 3349 2007 3414 ﬁdes,
2034 3365 2197 3405 unum

629 3439 896 3507 baptisma
922 3438 987 3492 °’.
1029 3458 1048 3491 ι
1084 3436 1216 3492 Nam
1245 3438 1290 3493 si
1323 3454 1463 3494 unus
1499 3438 1759 3493 duntaxat
1793 3449 1875 3494 est
1915 3439 2195 3505 Dominus,

629 3546 789 3598 quem
821 3530 892 3584 illi
927 3531 981 3585 in
1014 3530 1147 3584 duos
1181 3530 1320 3584 ﬁlios
1349 3531 1699 3595 distrahunt,
1726 3530 1857 3596 utri,
1895 3545 2102 3600 quaeso.
2128 3545 2195 3584 ex

631 3622 739 3678 illis
784 3620 1168 3676 dominationis
1206 3621 1430 3691 gloriam
1476 3620 1916 3690 assignabimus?
1974 3623 2055 3674 An
2104 3620 2195 3677 Dei

628 3713 807 3769 Patris
838 3713 1019 3784 genito
1048 3712 1262 3768 Verbo?
1286 3713 1340 3767 in
1376 3712 1518 3767 hunc
1545 3727 1795 3782 namque,
1821 3727 1942 3767 eum
1982 3713 2196 3767 univer-

628 3818 810 3859 sorum
837 3802 1096 3858 Dominus
1125 3803 1301 3871 reipsa
1332 3802 1438 3865 sit,
1463 3810 1517 3856 et
1549 3803 1853 3856 dominatus
1883 3815 2110 3865 nomen,
2141 3810 2196 3855 et

629 3910 719 3953 res
751 3895 868 3966 ipsa
899 3908 1115 3965 quoque
1147 3894 1316 3949 multo
1348 3897 1580 3952 maxime
1608 3894 1884 3949 convenit.
1918 3893 2063 3948 Cedo
2098 3909 2194 3947 au-

629 3996 761 4052 tem,
799 4002 907 4056 quo
935 3986 1150 4041 interim
1200 3987 1319 4040 loco
1368 3985 1597 4039 alterum
1644 3984 1795 4039 illum
1835 3983 2196 4039 habebimus?

626 4077 759 4132 Nam
794 4091 917 4133 cum
966 4076 1055 4132 hic
1098 4076 1262 4147 priori
1313 4076 1415 4140 illi,
1461 4082 1648 4145 utpote
1695 4074 1921 4130 inﬁnitis
1952 4073 2195 4143 partibus

624 4167 935 4234 excelsiori,
969 4167 1091 4238 jure
1125 4167 1427 4236 meritoque
1471 4181 1722 4221 cessurus
1765 4167 1855 4232 sit,
1906 4180 2189 4221 necessum

625 4268 712 4315 est
768 4268 828 4315 ut
873 4259 1256 4315 dominationis
1309 4257 1519 4312 titulum
1568 4271 1793 4327 prorsus
1839 4257 2071 4311 amittat.
2124 4259 2195 4311 At

625 4349 1009 4406 dominationis
1040 4350 1247 4421 gloria,
1289 4360 1347 4404 ut
1385 4349 1460 4404 illi
1506 4349 1606 4418 ipsi
1645 4348 1737 4419 qui
1778 4357 2051 4417 separant,
2108 4348 2193 4403 di-

2320 1893 2571 1965 Ἀϐραὰμ
2618 1897 2825 1959 ἐκεῖνος
2870 1901 2898 1952 6
2941 1898 3256 1969 διαϐόητος,
3294 1899 3502 1961 Ἰσαὰκ,
3533 1899 3638 1951 καὶ
3674 1896 3888 1959 Ἰακὼϐ,

2305 1984 2509 2055 Μωσῆς
2539 2002 2622 2049 τε,
2654 1988 2751 2041 καὶ
2780 1989 3034 2061 Σαμουὴλ
3058 2028 3072 2052 ,
3108 1990 3201 2042 καὶ
3243 1991 3291 2042 οἱ
3336 1989 3575 2059 καθεξῆς
3599 1990 3888 2058 γεγονότες

2307 2071 2453 2139 ἅγιοι
2472 2091 2485 2104 ·
2519 2073 2633 2127 ἀλλ’
2656 2074 2831 2146 ὢνησε
2873 2077 2971 2146 μὲν
3001 2078 3151 2132 οὐδὲν
3180 2078 3239 2131 τὸ
3266 2078 3359 2130 ἐπὶ
3387 2079 3492 2146 γῆς
3527 2078 3642 2130 τῶν
3672 2077 3883 2147 ἀνθρώο

2306 2180 2423 2216 πων
2453 2162 2607 2231 γένος
2638 2166 2667 2218 6
2699 2166 2923 2220 ἐκείνων
2952 2167 3201 2232 θάνατος,
3224 2168 3432 2220 σέσωκε
3461 2168 3518 2219 δὲ
3548 2168 3577 2219 6
3601 2167 3843 2238 Χριστοῦ
3866 2183 3879 2194 '

2306 2255 2712 2326 προσκεκόμικε
2750 2258 2859 2328 γὰρ
2896 2258 3034 2329 ὑπὲρ
3067 2258 3223 2329 ἡμῶν
3251 2258 3349 2328 τὴν
3378 2257 3515 2310 ἰδίαν
3563 2260 3770 2325 σάρκα,
3792 2257 3877 2309 le

2302 2344 2426 2410 δοὺς
2455 2345 2658 2417 αὐτὴνὶ
2718 2346 2797 2418 τῷ
2824 2348 3039 2418 θανάτῳ
3085 2349 3153 2401 δι’
3194 2349 3364 2419 ἡμᾶς,
3404 2348 3619 2411 πάντας
3654 2347 3878 2413 ἐξείλετο

2301 2436 2411 2489 τῶν
2456 2438 2550 2491 τοῦ
2595 2438 2825 2492 θανάτου
2874 2438 3109 2510 δεσμῶν.
3155 2440 3395 2509 Ἥρκεσε
3448 2438 3560 2509 γὰρ
3618 2434 3704 2501 εἷς
3747 2437 3874 2505 ὑπὲρ

2304 2528 2524 2581 πάντων
2571 2528 2859 2583 ἀποθανὼν
2914 2532 2943 2583 6
2993 2532 3210 2586 πάντων
3256 2531 3553 2602 ἀξιώτερος
3576 2571 3592 2595 ,
3651 2530 3737 2582 ὅτι
3788 2530 3874 2580 καὶ

2305 2618 2466 2687 φύσει
2501 2619 2633 2682 Θεὸς
2661 2620 2690 2672 6
2719 2620 2783 2673 ἐκ
2809 2621 3022 2691 Πατρός
3054 2624 3170 2677 ἐστι
3194 2623 3390 2691 Λόγος,
3419 2639 3516 2675 και
3554 2621 3690 2673 ἴδιον
3718 2616 3870 2672 αὐτοῦ

2304 2706 2484 2777 σῶμα,
2514 2707 2575 2761 τὸ
2606 2708 2739 2780 ὒπὲρ
2773 2709 2933 2781 ἡμῶν
2960 2712 3042 2774 είς
3066 2712 3244 2781 ὀσμὴν
3270 2712 3497 2774 εὐωδίας
3528 2711 3609 2782 τῷ
3635 2709 3758 2779 Θεῷ
3786 2709 3871 2761 καὶ

2305 2798 2481 2869 Πατρὶ
2512 2800 3077 2871 προσκεκομισμένον.
3123 2800 3332 2855 Οὐκοῦν
3380 2800 3581 2864 ἀσεϐὲς
3601 2840 3617 2863 ,
3649 2800 3747 2853 καὶ
3773 2797 3872 2850 τῶν

2301 2887 2422 2941 λίαν
2456 2888 2870 2957 ὲκτοπωτάτων,
2901 2890 3206 2965 τὸ’τέμνειν
3232 2893 3309 2957 είς
3342 2891 3493 2956 υῑοὺς
3525 2891 3631 2945 δύο
3664 2890 3751 2943 τὸν
3779 2890 3869 2941 ἕνα

2300 2979 2504 3053 Κύριον
2537 2981 2745 3054 Ἰησοῦν
2789 2984 3043 3055 Χριστόν.
3081 2985 3448 3051 Ἀντιτάξεται
3489 2983 3550 3036 δὲ
3580 2984 3764 3043 αὐτοῖς
3787 2980 3869 3032 καὶ

2305 3073 2333 3127 6
2361 3072 2669 3143 σοφώτατος
2703 3074 2915 3139 Παῦλος
2948 3076 3155 3145 λέγων’
3196 3095 3216 3128 ι
3256 3073 3352 3139 Εἷς
3385 3074 3616 3145 Κύριος,
3648 3074 3745 3144 μία
3781 3070 3867 3122 πί-

2304 3181 2442 3229 στις,
2485 3164 2544 3219 ἓν
2576 3165 2879 3237 βάπτισμα.
2922 3187 2941 3219 ι
2978 3168 3041 3223 El
3068 3168 3176 3240 γάρ
3219 3168 3334 3220 ἐστι
3368 3165 3578 3236 Κύριος
3610 3159 3691 3227 εἷς
3759 3156 3869 3215 εἶτα

2302 3256 2562 3326 τὲμνουσί
2585 3276 2730 3321 τινες
2767 3262 2847 3325 είς
2877 3259 2971 3314 δύο
3004 3260 3154 3323 υἱοὺς
3194 3259 3286 3312 τὸν
3316 3257 3437 3323 ἕνα,
3478 3256 3589 3310 τίνι
3634 3255 3733 3326 τὴν
3772 3252 3863 3321 τῆς

2302 3348 2623 3419 κυριότητος
2648 3349 2805 3414 δόξαν
2836 3350 3239 3422 περιθήσομεν;
3287 3346 3397 3421 ἆρα
3441 3348 3520 3419 τῷ
3566 3349 3635 3401 ἐκ
3668 3343 3864 3415 Πατρὶς

2301 3437 2463 3506 φύντι
2510 3438 2701 3510 Λόγῳ;
2736 3440 2940 3511 πρέπει
2990 3441 3101 3513 γὰρ
3145 3440 3293 3511 αὐτῷ
3319 3440 3379 3494 τὸ
3406 3441 3505 3510 τῆς
3554 3437 3860 3509 κυριότητος

2300 3527 2476 3599 ὄνομά
2499 3545 2556 3581 τε
2591 3529 2829 3599 μάλιστα
2855 3531 2948 3583 καὶ
2972 3529 3183 3601 χρῆμα,
3212 3529 3307 3582 καὶ
3334 3528 3480 3581 ἐστιν
3518 3526 3734 3597 ἀληθῶς
3758 3521 3858 3576 τῶν

2300 3618 2439 3673 ὅλων
2469 3619 2767 3689 Δεσπότης.
2802 3614 2937 3673 Εἶτα
2970 3621 3094 3673 ὅποι
3123 3620 3253 3673 ποτὲ
3280 3620 3371 3672 τὸν
3398 3619 3586 3691 ἕτερον
3606 3619 3851 3688 θήσομενς

2300 3708 2407 3774 ἔξω
2455 3710 2564 3782 γὰρ
2592 3711 2836 3765 κείσεται
2868 3709 2962 3765 τοῦ
2990 3708 3129 3765 εἶναι
3165 3710 3392 3782 Κύριος,
3417 3710 3759 3782 παραχωρῶν
3787 3706 3854 3774 τῷ

2300 3802 2734 3873 προῦπάρχοντι,
2776 3803 2871 3856 καὶ
2903 3801 3253 3874 ἀσυγκρίτως
3288 3802 3677 3872 ὑπερηρμένῳ.
3711 3796 3849 3850 Ἀλλὰ

2298 3893 2379 3965 τῷ
2408 3893 2473 3946 ὲκ
2502 3893 2778 3961 γυναικὸς,
2809 3893 2884 3957 ὡς
2916 3893 3069 3946 αὐτοί
3110 3910 3275 3963 φασιν
3310 3886 3852 3962 ἀποδιιστάντες,ητῆν

2297 3986 2401 4055 τῆς
2453 3983 2771 4057 κυριότητος
2820 3983 3099 4055 ἀνάψομεν
3136 3983 3312 4049 δόξαν.
3364 3978 3501 4037 Εἶτα
3550 3981 3674 4045 πῶς
3719 3979 3849 4031 ἔσται

2298 4074 2503 4145 Κύριος
2544 4077 2574 4128 6
2611 4075 2677 4129 ὲκ
2716 4074 2852 4129 θεοῦ
2887 4074 3101 4148 Πατρὺς
3138 4075 3332 4143 Λόγος,
3384 4075 3539 4145 εἴπερ
3572 4072 3721 4135 ὄντος
3748 4069 3849 4129 ἐνὸς

2296 4164 2527 4235 Κυρίου,
2561 4165 2703 4218 κατά
2745 4164 2845 4229 τὰς
2891 4165 3153 4237 Γραερὰς,
3197 4163 3472 4237 ἀνθρώπῳ
3500 4162 3643 4234 ψιλῷ
3678 4162 3735 4214 τὺ
3763 4159 3849 4227 τῆς

2297 4255 2616 4327 κυριότητος
2639 4256 2810 4327 ὄνομα
2834 4256 3207 4328 χαριούμεθα;
3255 4256 3381 4319 Πῶς
3416 4254 3474 4308 δὲ
3505 4256 3601 4307 καὶ
3650 4253 3741 4324 μία
3769 4248 3847 4299 πὶο

2298 4364 2451 4413 στις;
2479 4348 2512 4418 ἢ
2544 4346 2660 4411 πῶς
2685 4348 2744 4401 ἓν
2765 4348 2827 4401 τὸ
2852 4347 3168 4420 βάπτισμα;
3198 4348 3264 4401 El
3292 4348 3402 4419 γὰρ
3429 4347 3535 4400 υίολ⁸
3560 4345 3684 4412 δύο,
3726 4339 3847 4395 κατά

624 4450 784 4504 cunt,
811 4456 842 4496 e
876 4442 1099 4497 muliere
1128 4449 1391 4512 prognata
1422 4440 1708 4495 tribuetur.
1739 4438 1872 4495 Cum
1914 4438 2077 4508 igitur
2105 4455 2193 4494 sa-

2303 4456 2472 4502 τινας,
2515 4440 2596 4503 είς
2633 4438 2755 4492 τίνα
2802 4439 3166 4510 πιστεύομεν;
3209 4438 3325 4509 Τῆς
3362 4436 3585 4491 ἐκείνων
3631 4430 3842 4505 ἀμαθίας

623 4546 840 4586 crarum
891 4531 1222 4586 Litterarum
1275 4532 1613 4596 testimonio,
1652 4547 1794 4586 unus
1844 4541 2056 4586 tantum
2116 4532 2190 4587 sit

622 4623 920 4690 Dominus;
954 4624 1002 4679 si
1030 4622 1413 4679 dominationis
1454 4623 1769 4678 vocabulum
1802 4624 1945 4679 nudo
1980 4623 2199 4679 homini

2298 4528 2458 4601 ἔργον
2498 4528 2564 4583 ἂν
2596 4527 2680 4600 εἴη
2711 4528 2911 4597 λέγειν,
2960 4528 3040 4593 εῐς
3069 4547 3124 4599 γε
3176 4530 3324 4593 τίνος
3383 4530 3554 4599 ὄνομα
3606 4519 3841 4598 βεϐαπτὶ-

2298 4619 2493 4691 σμεθα,
2525 4620 2701 4675 καίτοι
2734 4620 3108 4692 βαπτίσματος
3144 4622 3296 4686 ὄντος
3325 4622 3462 4683 ἑνός.

624 4715 990 4788 impartimur,
1047 4718 1319 4787 quomodo
1359 4716 1452 4772 Dei
1494 4716 1672 4773 Patris
1734 4717 1970 4773 Verbum
2029 4716 2411 4773 dominationis
2472 4715 2831 4785 appellatione
2877 4715 3701 4784 cohonestabimusYQuomodo
3739 4723 3839 4765 rur-

620 4822 739 4862 sum
790 4823 893 4862 uua
925 4808 1029 4863 erit
1059 4808 1211 4873 ﬁdes,
1238 4820 1293 4866 et
1339 4826 1502 4866 unum
1557 4813 1687 4867 item
1740 4812 2049 4881 baptisma?
2086 4810 2216 4865 Nam
2260 4811 2305 4865 si
2337 4810 2442 4865 duo
2491 4817 2616 4864 sunt
2646 4809 2764 4875 ﬁlii,
2807 4818 2865 4863 ut
2904 4809 3123 4879 quidam
3160 4810 3469 4879 opinantur,
3508 4809 3560 4863 in
3595 4820 3745 4877 quem
3782 4814 3836 4855 ex

620 4899 727 4957 illis
761 4899 1074 4957 credimus?
1109 4901 1324 4958 Illorum
1368 4904 1595 4960 inscitiae
1635 4905 1742 4960 erit
1791 4906 2002 4971 dicere,
2040 4902 2093 4958 in
2132 4903 2288 4974 cujus
2324 4901 2488 4957 etiam
2535 4900 2755 4956 nomine
2824 4900 3082 4969 baptizati
3144 4915 3369 4967 sumus,
3422 4916 3546 4955 cum
3597 4912 3752 4954 unum
3780 4892 3840 4948 sit

620 4992 913 5060 baptisma.

692 5085 826 5143 Vill.
858 5086 1113 5160 Intelligit
1141 5089 1428 5159 prudentia
1465 5098 1645 5145 vestra
1690 5091 2010 5161 perspicue,
2042 5090 2184 5146 insa-

622 5192 745 5234 nam
776 5179 917 5234 hanc
949 5179 1248 5234 doctrinam
1288 5181 1340 5235 in
1376 5196 1622 5251 magnam
1670 5181 2053 5235 absurditatem
2105 5179 2190 5233 in-

618 5270 849 5337 clinare,
879 5271 991 5326 imo
1016 5285 1146 5327 vero
1182 5273 1234 5327 in
1273 5284 1571 5327 extremam
1627 5272 1957 5341 impietatem
2002 5274 2191 5343 praeci-

618 5357 782 5428 pitem
815 5357 967 5414 ferri.
993 5358 1254 5415 Existimo
1284 5371 1462 5417 autem
1491 5375 1604 5428 vos,
1632 5376 1753 5432 qua:
1785 5361 2024 5417 divinum
2057 5362 2187 5418 illud

700 5513 748 5544 ⁸⁸
781 5514 798 5569 1
826 5513 952 5571 Cor.
986 5530 1078 5581 xv,
1115 5515 1200 5569 15.
1278 5517 1321 5547 ⁶⁹
1349 5517 1521 5586 Ephes
1549 5532 1626 5583 tv,
1651 5517 1705 5575 5.

2369 5090 2451 5143 H'.
2487 5087 2627 5141 Ἀλλ’
2655 5088 2759 5159 ὁρᾷ
2791 5105 2895 5141 που
2920 5086 3139 5152 πάντως
3179 5089 3213 5159 ἡ
3243 5089 3301 5142 ὲν
3330 5087 3457 5158 ὑμῖν
3494 5086 3737 5157 ἀγχίνοια
3764 5096 3836 5153 με’

2299 5178 2500 5233 Θύοντά
2523 5196 2584 5232 τε
2631 5178 2727 5232 τὸν
2757 5179 2851 5233 ἐπὶ
2882 5178 3057 5249 τούτῳ
3093 5178 3271 5247 λόγον,
3320 5179 3417 5231 καὶ
3448 5178 3832 5246 κατασειόμενον

2297 5271 2375 5334 εἷς
2398 5287 2462 5338 γε
2512 5269 2573 5323 τὸ
2605 5269 2858 5337 ἀκαλλὲς,
2911 5271 3110 5341 μᾶλλον
3154 5270 3255 5340 ἤδη
3306 5272 3400 5321 καὶ
3447 5270 3587 5339 πρὸς
3632 5266 3831 5338 ἐσχάτην

2299 5362 2554 5417 ἀσέϐειαν
2575 5360 3170 5436 ἁπονενευκότα.οἷμαι
3192 5363 3248 5417 δὲ
3273 5362 3381 5417 δεῖν
3396 5363 3421 5404 ι
3447 5363 3613 5434 ὑμᾶς,
3636 5362 3698 5416 τὸ
3718 5359 3829 5413 θεῖον

1692 5675 1867 5731 Varia:
1898 5678 2155 5736 lectiones
2194 5681 2399 5739 codicis
2427 5682 2784 5755 Seguicriani.

608 5834 611 5835 ν
698 5806 714 5860 2
752 5806 957 5863 ἑαυτὸν.
997 5808 1158 5863 αὐτόν
1187 5810 1239 5865 in
1263 5825 1364 5866 tus.
1398 5810 1769 5880 chuieriano.
1848 5812 1875 5852 ιι
1900 5813 1984 5883 δή.
