  <div class='ocr_page' id='page_1' title='image "/cluster/home/n/w/nwhite01/storage/ocr_20150623/76/hvd.32044019207943/612.png"; bbox 0 0 4146 6502; ppageno 0'>
   <div class='ocr_carea' id='block_1_1' title="bbox 350 446 492 505">
    <p class='ocr_par' dir='ltr' id='par_1_1' title="bbox 350 446 492 505">
     <span class='ocr_line' id='line_1_1' title="bbox 350 446 492 505; baseline 0 -1"><span class='ocrx_word' id='word_1_1' title='bbox 350 446 492 505; x_wconf 65' lang='grc'><strong>1209</strong></span> 
     </span>
    </p>
   </div>
   <div class='ocr_carea' id='block_1_2' title="bbox 1446 441 2501 503">
    <p class='ocr_par' dir='ltr' id='par_1_2' title="bbox 1446 441 2501 503">
     <span class='ocr_line' id='line_1_2' title="bbox 1446 441 2501 503; baseline -0.002 -5"><span class='ocrx_word' id='word_1_2' title='bbox 1446 443 1534 498; x_wconf 82' lang='lat' dir='ltr'><strong>DE</strong></span> <span class='ocrx_word' id='word_1_3' title='bbox 1581 444 1809 503; x_wconf 79' lang='lat' dir='ltr'><strong>RECTA</strong></span> <span class='ocrx_word' id='word_1_4' title='bbox 1847 443 2004 500; x_wconf 81' lang='lat' dir='ltr'><strong>FIDE</strong></span> <span class='ocrx_word' id='word_1_5' title='bbox 2043 445 2134 499; x_wconf 84' lang='lat' dir='ltr'><strong>AD</strong></span> <span class='ocrx_word' id='word_1_6' title='bbox 2180 441 2501 499; x_wconf 78' lang='lat' dir='ltr'><strong>REGINAS.</strong></span> 
     </span>
    </p>
   </div>
   <div class='ocr_carea' id='block_1_3' title="bbox 3443 432 3600 504">
    <p class='ocr_par' dir='ltr' id='par_1_3' title="bbox 3443 432 3600 504">
     <span class='ocr_line' id='line_1_3' title="bbox 3443 432 3600 504; baseline -0.006 -10"><span class='ocrx_word' id='word_1_7' title='bbox 3443 432 3600 504; x_wconf 45' lang='grc'><strong>1210,</strong></span> 
     </span>
    </p>
   </div>
   <div class='ocr_carea' id='block_1_4' title="bbox 347 551 1911 628">
    <p class='ocr_par' dir='ltr' id='par_1_4' title="bbox 347 554 1911 627">
     <span class='ocr_line' id='line_1_4' title="bbox 347 554 1911 627; baseline -0.001 -16"><span class='ocrx_word' id='word_1_8' title='bbox 347 554 516 611; x_wconf 81' lang='grc' dir='ltr'>αὐτοῦ</span> <span class='ocrx_word' id='word_1_9' title='bbox 561 557 1127 626; x_wconf 83' lang='grc' dir='ltr'>πολυπραγμονούσας</span> <span class='ocrx_word' id='word_1_10' title='bbox 1172 557 1488 627; x_wconf 76' lang='grc' dir='ltr'>μυστήριον,</span> <span class='ocrx_word' id='word_1_11' title='bbox 1533 555 1646 621; x_wconf 80' lang='grc' dir='ltr'>ὀξεῖ</span> <span class='ocrx_word' id='word_1_12' title='bbox 1683 556 1911 620; x_wconf 79' lang='grc' dir='ltr'>διανοίας</span> 
     </span>
    </p>
   </div>
   <div class='ocr_carea' id='block_1_5' title="bbox 2005 551 3583 628">
    <p class='ocr_par' dir='ltr' id='par_1_5' title="bbox 2024 551 3583 628">
     <span class='ocr_line' id='line_1_5' title="bbox 2024 551 3583 628; baseline -0.004 -15"><span class='ocrx_word' id='word_1_13' title='bbox 2024 559 2223 614; x_wconf 82' lang='lat' dir='ltr'><strong>Christi</strong></span> <span class='ocrx_word' id='word_1_14' title='bbox 2276 556 2594 628; x_wconf 72' lang='lat' dir='ltr'><strong>mysterium</strong></span> <span class='ocrx_word' id='word_1_15' title='bbox 2646 553 2951 610; x_wconf 72' lang='lat' dir='ltr'><strong>accuratius</strong></span> <span class='ocrx_word' id='word_1_16' title='bbox 2996 551 3324 625; x_wconf 80' lang='lat' dir='ltr'><strong>expenditis,</strong></span> <span class='ocrx_word' id='word_1_17' title='bbox 3375 551 3583 622; x_wconf 83' lang='lat' dir='ltr'><strong>perspi-</strong></span> 
     </span>
    </p>
   </div>
   <div class='ocr_carea' id='block_1_6' title="bbox 346 644 1913 718">
    <p class='ocr_par' dir='ltr' id='par_1_6' title="bbox 346 644 1913 718">
     <span class='ocr_line' id='line_1_6' title="bbox 346 644 1913 718; baseline 0.001 -17"><span class='ocrx_word' id='word_1_18' title='bbox 346 645 559 717; x_wconf 71' lang='grc' dir='ltr'>ὄμματι</span> <span class='ocrx_word' id='word_1_19' title='bbox 599 644 838 716; x_wconf 82' lang='grc' dir='ltr'>καθορᾷν</span> <span class='ocrx_word' id='word_1_20' title='bbox 881 647 1009 711; x_wconf 78' lang='grc' dir='ltr'>τοὺς</span> <span class='ocrx_word' id='word_1_21' title='bbox 1058 647 1423 718; x_wconf 76' lang='grc' dir='ltr'><strong>συναρπάζειν</strong></span> <span class='ocrx_word' id='word_1_22' title='bbox 1459 647 1774 712; x_wconf 72' lang='grc' dir='ltr'>ἐθέλοντας,</span> <span class='ocrx_word' id='word_1_23' title='bbox 1818 648 1913 703; x_wconf 79' lang='grc' dir='ltr'><strong>καὶ</strong></span> 
     </span>
    </p>
   </div>
   <div class='ocr_carea' id='block_1_7' title="bbox 347 736 1914 811">
    <p class='ocr_par' dir='ltr' id='par_1_7' title="bbox 347 736 1914 811">
     <span class='ocr_line' id='line_1_7' title="bbox 347 736 1914 811; baseline 0.006 -24"><span class='ocrx_word' id='word_1_24' title='bbox 347 738 689 806; x_wconf 78' lang='grc' dir='ltr'>προσωπεῖον</span> <span class='ocrx_word' id='word_1_25' title='bbox 720 736 821 806; x_wconf 83' lang='grc' dir='ltr'>μὲν</span> <span class='ocrx_word' id='word_1_26' title='bbox 872 737 1093 800; x_wconf 76' lang='grc' dir='ltr'>εὐσεϐὲς</span> <span class='ocrx_word' id='word_1_27' title='bbox 1126 740 1239 802; x_wconf 84' lang='grc' dir='ltr'>τοῖς</span> <span class='ocrx_word' id='word_1_28' title='bbox 1270 739 1421 804; x_wconf 81' lang='grc' dir='ltr'>ιδίοις</span> <span class='ocrx_word' id='word_1_29' title='bbox 1450 741 1914 811; x_wconf 85' lang='grc' dir='ltr'>περιπλάττοντας</span> 
     </span>
    </p>
   </div>
   <div class='ocr_carea' id='block_1_8' title="bbox 346 826 1914 902">
    <p class='ocr_par' dir='ltr' id='par_1_8' title="bbox 346 826 1914 902">
     <span class='ocr_line' id='line_1_8' title="bbox 346 826 1914 902; baseline 0.004 -23"><span class='ocrx_word' id='word_1_30' title='bbox 346 826 549 895; x_wconf 88' lang='grc' dir='ltr'>λόγοις,</span> <span class='ocrx_word' id='word_1_31' title='bbox 583 827 787 897; x_wconf 86' lang='grc' dir='ltr'>βολίδος</span> <span class='ocrx_word' id='word_1_32' title='bbox 809 844 871 896; x_wconf 88' lang='grc' dir='ltr'><strong>γε</strong></span> <span class='ocrx_word' id='word_1_33' title='bbox 900 827 1005 899; x_wconf 85' lang='grc' dir='ltr'>μὴν</span> <span class='ocrx_word' id='word_1_34' title='bbox 1034 829 1249 899; x_wconf 84' lang='grc' dir='ltr'>ἁπάσης</span> <span class='ocrx_word' id='word_1_35' title='bbox 1290 829 1543 902; x_wconf 76' lang='grc' dir='ltr'>ὀξύτερον</span> <span class='ocrx_word' id='word_1_36' title='bbox 1567 832 1786 901; x_wconf 82' lang='grc' dir='ltr'>ἔχοντας</span> <span class='ocrx_word' id='word_1_37' title='bbox 1813 832 1914 885; x_wconf 81' lang='grc' dir='ltr'><strong>αὐ-</strong></span> 
     </span>
    </p>
   </div>
   <div class='ocr_carea' id='block_1_9' title="bbox 345 916 1913 999">
    <p class='ocr_par' dir='ltr' id='par_1_9' title="bbox 345 916 1913 999">
     <span class='ocr_line' id='line_1_9' title="bbox 345 916 1913 999; baseline 0.005 -29"><span class='ocrx_word' id='word_1_38' title='bbox 345 917 495 981; x_wconf 81' lang='grc' dir='ltr'>τούς.</span> <span class='ocrx_word' id='word_1_39' title='bbox 534 918 848 987; x_wconf 84' lang='grc' dir='ltr'>Ἀρνοῦντσι</span> <span class='ocrx_word' id='word_1_40' title='bbox 884 918 983 989; x_wconf 86' lang='grc' dir='ltr'>μὲν</span> <span class='ocrx_word' id='word_1_41' title='bbox 1014 919 1154 999; x_wconf 47' lang='grc' dir='ltr'>γὰρ,</span> <span class='ocrx_word' id='word_1_42' title='bbox 1182 921 1305 974; x_wconf 83' lang='grc' dir='ltr'>ὅσον</span> <span class='ocrx_word' id='word_1_43' title='bbox 1334 916 1468 993; x_wconf 79' lang='grc' dir='ltr'>ἧκεν</span> <span class='ocrx_word' id='word_1_44' title='bbox 1497 924 1670 977; x_wconf 89' lang='grc' dir='ltr'>εἰπεῖν</span> <span class='ocrx_word' id='word_1_45' title='bbox 1698 926 1779 987; x_wconf 88' lang='grc' dir='ltr'><strong>είς</strong></span> <span class='ocrx_word' id='word_1_46' title='bbox 1818 925 1913 978; x_wconf 83' lang='grc' dir='ltr'><strong>δύ-</strong></span> 
     </span>
    </p>
   </div>
   <div class='ocr_carea' id='block_1_10' title="bbox 345 1008 1910 1086">
    <p class='ocr_par' dir='ltr' id='par_1_10' title="bbox 345 1008 1910 1086">
     <span class='ocr_line' id='line_1_10' title="bbox 345 1008 1910 1086; baseline 0.004 -25"><span class='ocrx_word' id='word_1_47' title='bbox 345 1025 513 1079; x_wconf 89' lang='grc' dir='ltr'>ναμιν</span> <span class='ocrx_word' id='word_1_48' title='bbox 539 1008 799 1076; x_wconf 84' lang='grc' dir='ltr'><strong>ἀληθείας</strong></span> <span class='ocrx_word' id='word_1_49' title='bbox 819 1050 835 1073; x_wconf 91' lang='grc'><strong>,</strong></span> <span class='ocrx_word' id='word_1_50' title='bbox 891 1011 983 1062; x_wconf 88' lang='grc' dir='ltr'><strong>τὸν</strong></span> <span class='ocrx_word' id='word_1_51' title='bbox 1014 1010 1359 1081; x_wconf 82' lang='grc' dir='ltr'><strong>ἀγοράσαντα</strong></span> <span class='ocrx_word' id='word_1_52' title='bbox 1389 1013 1585 1076; x_wconf 75' lang='grc' dir='ltr'>αὐτοὺς</span> <span class='ocrx_word' id='word_1_53' title='bbox 1612 1015 1910 1086; x_wconf 85' lang='grc' dir='ltr'>Δεσπότην,</span> 
     </span>
    </p>
   </div>
   <div class='ocr_carea' id='block_1_11' title="bbox 345 1097 1913 1169">
    <p class='ocr_par' dir='ltr' id='par_1_11' title="bbox 345 1097 1913 1169">
     <span class='ocr_line' id='line_1_11' title="bbox 345 1097 1913 1169; baseline 0.005 -20"><span class='ocrx_word' id='word_1_54' title='bbox 345 1097 596 1151; x_wconf 80' lang='grc' dir='ltr'><strong>τουτέστι</strong></span> <span class='ocrx_word' id='word_1_55' title='bbox 624 1098 880 1169; x_wconf 85' lang='grc' dir='ltr'>Χριστόν.</span> <span class='ocrx_word' id='word_1_56' title='bbox 913 1099 1156 1164; x_wconf 85' lang='grc' dir='ltr'>Δεδιὸτες</span> <span class='ocrx_word' id='word_1_57' title='bbox 1201 1101 1256 1154; x_wconf 85' lang='grc' dir='ltr'>δὲ</span> <span class='ocrx_word' id='word_1_58' title='bbox 1301 1102 1409 1154; x_wconf 85' lang='grc' dir='ltr'>τῶν</span> <span class='ocrx_word' id='word_1_59' title='bbox 1453 1102 1693 1156; x_wconf 76' lang='grc' dir='ltr'>εὐσεϐεῖν</span> <span class='ocrx_word' id='word_1_60' title='bbox 1726 1105 1913 1157; x_wconf 75' lang='grc' dir='ltr'>εἰωθό-</span> 
     </span>
    </p>
   </div>
   <div class='ocr_carea' id='block_1_12' title="bbox 344 1187 1914 1265">
    <p class='ocr_par' dir='ltr' id='par_1_12' title="bbox 344 1187 1914 1265">
     <span class='ocr_line' id='line_1_12' title="bbox 344 1187 1914 1265; baseline 0.005 -25"><span class='ocrx_word' id='word_1_61' title='bbox 344 1203 457 1241; x_wconf 85' lang='grc' dir='ltr'><strong>των</strong></span> <span class='ocrx_word' id='word_1_62' title='bbox 493 1187 595 1251; x_wconf 78' lang='grc' dir='ltr'>τὰς</span> <span class='ocrx_word' id='word_1_63' title='bbox 641 1188 736 1241; x_wconf 70' lang='grc' dir='ltr'><strong>ἐπὶ</strong></span> <span class='ocrx_word' id='word_1_64' title='bbox 764 1188 900 1259; x_wconf 84' lang='grc' dir='ltr'>τῷδε</span> <span class='ocrx_word' id='word_1_65' title='bbox 981 1189 1193 1256; x_wconf 81' lang='grc' dir='ltr'><strong>λύπας,</strong></span> <span class='ocrx_word' id='word_1_66' title='bbox 1250 1193 1344 1246; x_wconf 83' lang='grc' dir='ltr'><strong>καὶ</strong></span> <span class='ocrx_word' id='word_1_67' title='bbox 1390 1194 1570 1264; x_wconf 80' lang='grc' dir='ltr'>μέντοι</span> <span class='ocrx_word' id='word_1_68' title='bbox 1613 1194 1773 1265; x_wconf 77' lang='grc' dir='ltr'>ζῆλον</span> <span class='ocrx_word' id='word_1_69' title='bbox 1824 1196 1914 1248; x_wconf 76' lang='grc' dir='ltr'><strong>τὸν</strong></span> 
     </span>
    </p>
   </div>
   <div class='ocr_carea' id='block_1_13' title="bbox 343 1279 1913 1351">
    <p class='ocr_par' dir='ltr' id='par_1_13' title="bbox 343 1279 1913 1351">
     <span class='ocr_line' id='line_1_13' title="bbox 343 1279 1913 1351; baseline 0.004 -19"><span class='ocrx_word' id='word_1_70' title='bbox 343 1279 673 1348; x_wconf 81' lang='grc' dir='ltr'>ἀξιάγαστον</span> <span class='ocrx_word' id='word_1_71' title='bbox 702 1320 714 1343; x_wconf 88' lang='grc'><strong>,</strong></span> <span class='ocrx_word' id='word_1_72' title='bbox 748 1280 1127 1351; x_wconf 78' lang='grc' dir='ltr'><strong>ὁμολογοῦσιν,</strong></span> <span class='ocrx_word' id='word_1_73' title='bbox 1168 1285 1251 1337; x_wconf 85' lang='grc' dir='ltr'>ὅτι</span> <span class='ocrx_word' id='word_1_74' title='bbox 1298 1285 1393 1337; x_wconf 74' lang='grc' dir='ltr'><strong>καὶ</strong></span> <span class='ocrx_word' id='word_1_75' title='bbox 1434 1285 1566 1348; x_wconf 82' lang='grc' dir='ltr'>Θεός</span> <span class='ocrx_word' id='word_1_76' title='bbox 1607 1287 1752 1339; x_wconf 72' lang='grc' dir='ltr'>ἐστιν</span> <span class='ocrx_word' id='word_1_77' title='bbox 1789 1287 1818 1339; x_wconf 99' lang='lat'><strong>6</strong></span> <span class='ocrx_word' id='word_1_78' title='bbox 1848 1288 1913 1340; x_wconf 80' lang='grc' dir='ltr'><strong>ἐκ</strong></span> 
     </span>
    </p>
   </div>
   <div class='ocr_carea' id='block_1_14' title="bbox 342 1369 1911 1447">
    <p class='ocr_par' dir='ltr' id='par_1_14' title="bbox 342 1369 1911 1447">
     <span class='ocr_line' id='line_1_14' title="bbox 342 1369 1911 1447; baseline 0.004 -24"><span class='ocrx_word' id='word_1_79' title='bbox 342 1369 446 1440; x_wconf 78' lang='grc' dir='ltr'>τῆς</span> <span class='ocrx_word' id='word_1_80' title='bbox 491 1369 652 1438; x_wconf 81' lang='grc' dir='ltr'>ἁγίας</span> <span class='ocrx_word' id='word_1_81' title='bbox 680 1372 957 1442; x_wconf 84' lang='grc' dir='ltr'>Παρθένου</span> <span class='ocrx_word' id='word_1_82' title='bbox 987 1375 1406 1445; x_wconf 79' lang='grc' dir='ltr'><strong>γεγεννημένος,</strong></span> <span class='ocrx_word' id='word_1_83' title='bbox 1441 1375 1531 1428; x_wconf 72' lang='grc' dir='ltr'>καὶ</span> <span class='ocrx_word' id='word_1_84' title='bbox 1560 1377 1667 1447; x_wconf 80' lang='grc' dir='ltr'>μὴν</span> <span class='ocrx_word' id='word_1_85' title='bbox 1708 1378 1788 1430; x_wconf 82' lang='grc' dir='ltr'>ὅτι</span> <span class='ocrx_word' id='word_1_86' title='bbox 1818 1378 1911 1431; x_wconf 79' lang='grc' dir='ltr'><strong>καὶ</strong></span> 
     </span>
    </p>
   </div>
   <div class='ocr_carea' id='block_1_15' title="bbox 342 1458 1911 1537">
    <p class='ocr_par' dir='ltr' id='par_1_15' title="bbox 342 1458 1911 1537">
     <span class='ocr_line' id='line_1_15' title="bbox 342 1458 1911 1537; baseline 0.007 -25"><span class='ocrx_word' id='word_1_87' title='bbox 342 1458 551 1531; x_wconf 75' lang='grc' dir='ltr'>Κύριος</span> <span class='ocrx_word' id='word_1_88' title='bbox 576 1501 592 1527; x_wconf 94' lang='grc'><strong>,</strong></span> <span class='ocrx_word' id='word_1_89' title='bbox 648 1461 742 1515; x_wconf 68' lang='grc' dir='ltr'><strong>κα)⁸</strong></span> <span class='ocrx_word' id='word_1_90' title='bbox 789 1462 917 1526; x_wconf 81' lang='grc' dir='ltr'>Υἱὸς</span> <span class='ocrx_word' id='word_1_91' title='bbox 966 1463 1060 1516; x_wconf 91' lang='grc' dir='ltr'><strong>τοῦ</strong></span> <span class='ocrx_word' id='word_1_92' title='bbox 1103 1464 1260 1519; x_wconf 78' lang='grc' dir='ltr'>θεοῦ.</span> <span class='ocrx_word' id='word_1_93' title='bbox 1302 1466 1413 1519; x_wconf 77' lang='grc' dir='ltr'><strong>Καὶ</strong></span> <span class='ocrx_word' id='word_1_94' title='bbox 1454 1468 1502 1520; x_wconf 84' lang='grc' dir='ltr'>εἰ</span> <span class='ocrx_word' id='word_1_95' title='bbox 1550 1468 1648 1537; x_wconf 82' lang='grc' dir='ltr'><strong>μέν</strong></span> <span class='ocrx_word' id='word_1_96' title='bbox 1680 1485 1762 1531; x_wconf 84' lang='grc' dir='ltr'><strong>τις</strong></span> <span class='ocrx_word' id='word_1_97' title='bbox 1804 1468 1911 1523; x_wconf 84' lang='grc' dir='ltr'><strong>τῶν</strong></span> 
     </span>
    </p>
   </div>
   <div class='ocr_carea' id='block_1_16' title="bbox 353 1549 1908 1629">
    <p class='ocr_par' dir='ltr' id='par_1_16' title="bbox 353 1549 1908 1629">
     <span class='ocr_line' id='line_1_16' title="bbox 353 1549 1908 1629; baseline 0.008 -27"><span class='ocrx_word' id='word_1_98' title='bbox 353 1549 545 1604; x_wconf 81' lang='grc' dir='ltr'>ἁπλῶν</span> <span class='ocrx_word' id='word_1_99' title='bbox 572 1551 697 1615; x_wconf 76' lang='grc' dir='ltr'>τοὺς</span> <span class='ocrx_word' id='word_1_100' title='bbox 728 1554 857 1625; x_wconf 88' lang='grc' dir='ltr'>παρ’</span> <span class='ocrx_word' id='word_1_101' title='bbox 887 1554 1066 1607; x_wconf 80' lang='grc' dir='ltr'>αὐτῶν</span> <span class='ocrx_word' id='word_1_102' title='bbox 1107 1554 1328 1626; x_wconf 81' lang='grc' dir='ltr'><strong>δέξηται</strong></span> <span class='ocrx_word' id='word_1_103' title='bbox 1357 1556 1570 1625; x_wconf 88' lang='grc' dir='ltr'>λόγους,</span> <span class='ocrx_word' id='word_1_104' title='bbox 1592 1564 1769 1629; x_wconf 80' lang='grc' dir='ltr'>νομιεῖ</span> <span class='ocrx_word' id='word_1_105' title='bbox 1784 1580 1908 1626; x_wconf 89' lang='grc' dir='ltr'>που,</span> 
     </span>
    </p>
   </div>
   <div class='ocr_carea' id='block_1_17' title="bbox 342 1639 1912 1723">
    <p class='ocr_par' dir='ltr' id='par_1_17' title="bbox 342 1639 1912 1723">
     <span class='ocr_line' id='line_1_17' title="bbox 342 1639 1912 1723; baseline 0.01 -32"><span class='ocrx_word' id='word_1_106' title='bbox 342 1639 485 1693; x_wconf 78' lang='grc' dir='ltr'>κατὰ</span> <span class='ocrx_word' id='word_1_107' title='bbox 504 1639 567 1694; x_wconf 82' lang='grc' dir='ltr'><strong>τὸ</strong></span> <span class='ocrx_word' id='word_1_108' title='bbox 608 1642 776 1708; x_wconf 78' lang='grc' dir='ltr'>εἰκὸς,</span> <span class='ocrx_word' id='word_1_109' title='bbox 819 1642 955 1714; x_wconf 73' lang='grc' dir='ltr'>ὀρθὰ</span> <span class='ocrx_word' id='word_1_110' title='bbox 981 1646 1075 1698; x_wconf 61' lang='grc' dir='ltr'><strong>καὶ</strong></span> <span class='ocrx_word' id='word_1_111' title='bbox 1106 1647 1291 1700; x_wconf 85' lang='grc' dir='ltr'>εἰκότα</span> <span class='ocrx_word' id='word_1_112' title='bbox 1319 1647 1516 1717; x_wconf 80' lang='grc' dir='ltr'>λέγειν,</span> <span class='ocrx_word' id='word_1_113' title='bbox 1546 1651 1639 1704; x_wconf 74' lang='grc' dir='ltr'>καὶ</span> <span class='ocrx_word' id='word_1_114' title='bbox 1665 1654 1778 1715; x_wconf 90' lang='grc' dir='ltr'>τοῖς</span> <span class='ocrx_word' id='word_1_115' title='bbox 1810 1652 1912 1723; x_wconf 84' lang='grc' dir='ltr'>τῆς</span> 
     </span>
    </p>
   </div>
   <div class='ocr_carea' id='block_1_18' title="bbox 340 1731 1911 1814">
    <p class='ocr_par' dir='ltr' id='par_1_18' title="bbox 340 1731 1911 1814">
     <span class='ocr_line' id='line_1_18' title="bbox 340 1731 1911 1814; baseline 0.009 -30"><span class='ocrx_word' id='word_1_116' title='bbox 340 1731 606 1803; x_wconf 71' lang='grc' dir='ltr'>ἀληθείας</span> <span class='ocrx_word' id='word_1_117' title='bbox 638 1735 738 1788; x_wconf 84' lang='grc' dir='ltr'><strong>οὐκ</strong></span> <span class='ocrx_word' id='word_1_118' title='bbox 769 1736 1044 1808; x_wconf 74' lang='grc' dir='ltr'>ἀπᾴδοντα</span> <span class='ocrx_word' id='word_1_119' title='bbox 1065 1738 1352 1810; x_wconf 86' lang='grc' dir='ltr'>δόγμασιν.</span> <span class='ocrx_word' id='word_1_120' title='bbox 1382 1742 1444 1794; x_wconf 84' lang='lat' dir='ltr'><strong>Ei</strong></span> <span class='ocrx_word' id='word_1_121' title='bbox 1464 1742 1519 1795; x_wconf 83' lang='grc' dir='ltr'>δὲ</span> <span class='ocrx_word' id='word_1_122' title='bbox 1545 1743 1607 1814; x_wconf 89' lang='grc' dir='ltr'>δή</span> <span class='ocrx_word' id='word_1_123' title='bbox 1631 1761 1715 1809; x_wconf 85' lang='grc' dir='ltr'><strong>τις</strong></span> <span class='ocrx_word' id='word_1_124' title='bbox 1738 1744 1911 1798; x_wconf 74' lang='grc' dir='ltr'>ἕλοιτο</span> 
     </span>
    </p>
   </div>
   <div class='ocr_carea' id='block_1_19' title="bbox 342 1826 1905 1908">
    <p class='ocr_par' dir='ltr' id='par_1_19' title="bbox 342 1826 1905 1908">
     <span class='ocr_line' id='line_1_19' title="bbox 342 1826 1905 1908; baseline 0.007 -31"><span class='ocrx_word' id='word_1_125' title='bbox 342 1826 670 1896; x_wconf 85' lang='grc' dir='ltr'>κατισχνοῦν</span> <span class='ocrx_word' id='word_1_126' title='bbox 724 1831 845 1892; x_wconf 85' lang='grc' dir='ltr'>ταῖς</span> <span class='ocrx_word' id='word_1_127' title='bbox 885 1829 1135 1901; x_wconf 82' lang='grc' dir='ltr'>ὲρεύναις</span> <span class='ocrx_word' id='word_1_128' title='bbox 1182 1833 1414 1897; x_wconf 82' lang='grc' dir='ltr'>αὐτοὺς,</span> <span class='ocrx_word' id='word_1_129' title='bbox 1468 1836 1564 1888; x_wconf 70' lang='grc' dir='ltr'><strong>καὶ</strong></span> <span class='ocrx_word' id='word_1_130' title='bbox 1611 1836 1672 1888; x_wconf 90' lang='grc' dir='ltr'><strong>τὸ</strong></span> <span class='ocrx_word' id='word_1_131' title='bbox 1706 1836 1905 1908; x_wconf 76' lang='grc' dir='ltr'><strong>ἀκριϐῆ</strong></span> 
     </span>
    </p>
   </div>
   <div class='ocr_carea' id='block_1_20' title="bbox 342 1918 1910 1999">
    <p class='ocr_par' dir='ltr' id='par_1_20' title="bbox 342 1918 1910 1999">
     <span class='ocr_line' id='line_1_20' title="bbox 342 1918 1910 1999; baseline 0.009 -31"><span class='ocrx_word' id='word_1_132' title='bbox 342 1918 615 1970; x_wconf 86' lang='grc' dir='ltr'>ποιεῖσθαι</span> <span class='ocrx_word' id='word_1_133' title='bbox 660 1918 766 1972; x_wconf 84' lang='grc' dir='ltr'><strong>τῶν</strong></span> <span class='ocrx_word' id='word_1_134' title='bbox 807 1922 1111 1992; x_wconf 86' lang='grc' dir='ltr'>είρημένων</span> <span class='ocrx_word' id='word_1_135' title='bbox 1143 1922 1240 1995; x_wconf 81' lang='grc' dir='ltr'><strong>τὴν</strong></span> <span class='ocrx_word' id='word_1_136' title='bbox 1289 1924 1540 1995; x_wconf 86' lang='grc' dir='ltr'>βάσανον.</span> <span class='ocrx_word' id='word_1_137' title='bbox 1576 1927 1674 1999; x_wconf 82' lang='grc' dir='ltr'><strong>οὐχ</strong></span> <span class='ocrx_word' id='word_1_138' title='bbox 1709 1927 1910 1982; x_wconf 86' lang='grc' dir='ltr'>ἁπλοῦν</span> 
     </span>
    </p>
   </div>
   <div class='ocr_carea' id='block_1_21' title="bbox 340 2006 1913 2090">
    <p class='ocr_par' dir='ltr' id='par_1_21' title="bbox 340 2006 1913 2090">
     <span class='ocr_line' id='line_1_21' title="bbox 340 2006 1913 2090; baseline 0.011 -31"><span class='ocrx_word' id='word_1_139' title='bbox 340 2006 585 2079; x_wconf 77' lang='grc' dir='ltr'>εὑρήσει.</span> <span class='ocrx_word' id='word_1_140' title='bbox 610 2009 733 2063; x_wconf 73' lang='grc' dir='ltr'>Εἰσὶ</span> <span class='ocrx_word' id='word_1_141' title='bbox 760 2011 856 2081; x_wconf 83' lang='grc' dir='ltr'>μὲν</span> <span class='ocrx_word' id='word_1_142' title='bbox 886 2012 993 2083; x_wconf 80' lang='grc' dir='ltr'>γὰρ</span> <span class='ocrx_word' id='word_1_143' title='bbox 1019 2013 1130 2067; x_wconf 69' lang='grc' dir='ltr'>θεοὶ</span> <span class='ocrx_word' id='word_1_144' title='bbox 1159 2014 1365 2081; x_wconf 72' lang='grc' dir='ltr'>πολλοὶ,</span> <span class='ocrx_word' id='word_1_145' title='bbox 1394 2017 1488 2070; x_wconf 76' lang='grc' dir='ltr'>καὶ</span> <span class='ocrx_word' id='word_1_146' title='bbox 1516 2018 1696 2090; x_wconf 82' lang='grc' dir='ltr'>κύριοι</span> <span class='ocrx_word' id='word_1_147' title='bbox 1730 2021 1913 2076; x_wconf 81' lang='grc' dir='ltr'>πολλοὶ</span> 
     </span>
    </p>
   </div>
   <div class='ocr_carea' id='block_1_22' title="bbox 338 2095 1913 2183">
    <p class='ocr_par' dir='ltr' id='par_1_22' title="bbox 338 2095 1913 2183">
     <span class='ocr_line' id='line_1_22' title="bbox 338 2095 1913 2183; baseline 0.011 -33"><span class='ocrx_word' id='word_1_148' title='bbox 338 2095 401 2150; x_wconf 76' lang='grc' dir='ltr'>ιν</span> <span class='ocrx_word' id='word_1_149' title='bbox 432 2115 495 2152; x_wconf 89' lang='grc' dir='ltr'><strong>τε</strong></span> <span class='ocrx_word' id='word_1_150' title='bbox 526 2100 742 2171; x_wconf 80' lang='grc' dir='ltr'>οὐρανῷ</span> <span class='ocrx_word' id='word_1_151' title='bbox 776 2102 869 2155; x_wconf 71' lang='grc' dir='ltr'><strong>καὶ</strong></span> <span class='ocrx_word' id='word_1_152' title='bbox 897 2103 990 2156; x_wconf 78' lang='grc' dir='ltr'><strong>ἐπὶ</strong></span> <span class='ocrx_word' id='word_1_153' title='bbox 1022 2104 1120 2175; x_wconf 83' lang='grc' dir='ltr'>τῆς</span> <span class='ocrx_word' id='word_1_154' title='bbox 1145 2106 1268 2175; x_wconf 80' lang='grc' dir='ltr'>γῆς,</span> <span class='ocrx_word' id='word_1_155' title='bbox 1290 2108 1431 2161; x_wconf 76' lang='grc' dir='ltr'>καθὰ</span> <span class='ocrx_word' id='word_1_156' title='bbox 1464 2109 1558 2163; x_wconf 76' lang='grc' dir='ltr'><strong>καὶ</strong></span> <span class='ocrx_word' id='word_1_157' title='bbox 1585 2112 1614 2163; x_wconf 93' lang='lat'><strong>6</strong></span> <span class='ocrx_word' id='word_1_158' title='bbox 1645 2113 1913 2183; x_wconf 85' lang='grc' dir='ltr'>μακάριος</span> 
     </span>
    </p>
   </div>
   <div class='ocr_carea' id='block_1_23' title="bbox 338 2189 1907 2266">
    <p class='ocr_par' dir='ltr' id='par_1_23' title="bbox 338 2189 1907 2266">
     <span class='ocr_line' id='line_1_23' title="bbox 338 2189 1907 2266; baseline 0.01 -27"><span class='ocrx_word' id='word_1_159' title='bbox 338 2189 477 2257; x_wconf 79' lang='grc' dir='ltr'>ἡμῖν</span> <span class='ocrx_word' id='word_1_160' title='bbox 510 2190 712 2260; x_wconf 84' lang='grc' dir='ltr'>γράφει</span> <span class='ocrx_word' id='word_1_161' title='bbox 743 2190 974 2255; x_wconf 85' lang='grc' dir='ltr'>Παῦλος.</span> <span class='ocrx_word' id='word_1_162' title='bbox 1016 2212 1035 2245; x_wconf 80' lang='grc' dir='ltr'><strong>ι</strong></span> <span class='ocrx_word' id='word_1_163' title='bbox 1083 2194 1243 2247; x_wconf 82' lang='grc' dir='ltr'>Ἀλλὰ</span> <span class='ocrx_word' id='word_1_164' title='bbox 1280 2196 1412 2266; x_wconf 81' lang='grc' dir='ltr'>ἡμῖν</span> <span class='ocrx_word' id='word_1_165' title='bbox 1450 2195 1529 2261; x_wconf 76' lang='grc' dir='ltr'><strong>εἷς</strong></span> <span class='ocrx_word' id='word_1_166' title='bbox 1575 2200 1707 2263; x_wconf 86' lang='grc' dir='ltr'>Θεὸς</span> <span class='ocrx_word' id='word_1_167' title='bbox 1734 2202 1762 2253; x_wconf 92' lang='lat'><strong>6</strong></span> <span class='ocrx_word' id='word_1_168' title='bbox 1793 2204 1907 2255; x_wconf 85' lang='grc' dir='ltr'>Πα-</span> 
     </span>
    </p>
   </div>
   <div class='ocr_carea' id='block_1_24' title="bbox 335 2274 1910 2358">
    <p class='ocr_par' dir='ltr' id='par_1_24' title="bbox 335 2274 1910 2358">
     <span class='ocr_line' id='line_1_24' title="bbox 335 2274 1910 2358; baseline 0.01 -26"><span class='ocrx_word' id='word_1_169' title='bbox 335 2274 444 2351; x_wconf 76' lang='grc' dir='ltr'>τὴρ</span> <span class='ocrx_word' id='word_1_170' title='bbox 464 2319 479 2344; x_wconf 91' lang='grc'><strong>,</strong></span> <span class='ocrx_word' id='word_1_171' title='bbox 524 2280 584 2346; x_wconf 73' lang='grc' dir='ltr'><strong>ἐξ</strong></span> <span class='ocrx_word' id='word_1_172' title='bbox 611 2277 671 2336; x_wconf 77' lang='grc' dir='ltr'><strong>οὗ</strong></span> <span class='ocrx_word' id='word_1_173' title='bbox 699 2283 766 2337; x_wconf 79' lang='grc' dir='ltr'><strong>τὰ</strong></span> <span class='ocrx_word' id='word_1_174' title='bbox 803 2284 980 2337; x_wconf 88' lang='grc' dir='ltr'>πάντα</span> <span class='ocrx_word' id='word_1_175' title='bbox 1002 2325 1016 2349; x_wconf 92' lang='grc'><strong>,</strong></span> <span class='ocrx_word' id='word_1_176' title='bbox 1065 2286 1160 2339; x_wconf 73' lang='grc' dir='ltr'><strong>καὶ</strong></span> <span class='ocrx_word' id='word_1_177' title='bbox 1195 2288 1353 2358; x_wconf 77' lang='grc' dir='ltr'>ἡμεῖς</span> <span class='ocrx_word' id='word_1_178' title='bbox 1380 2290 1460 2353; x_wconf 87' lang='grc' dir='ltr'><strong>είς</strong></span> <span class='ocrx_word' id='word_1_179' title='bbox 1484 2291 1675 2345; x_wconf 78' lang='grc' dir='ltr'>αὐτόν’</span> <span class='ocrx_word' id='word_1_180' title='bbox 1707 2294 1802 2347; x_wconf 82' lang='grc' dir='ltr'><strong>καὶ</strong></span> <span class='ocrx_word' id='word_1_181' title='bbox 1830 2288 1910 2358; x_wconf 73' lang='grc' dir='ltr'><strong>εἷς</strong></span> 
     </span>
    </p>
   </div>
   <div class='ocr_carea' id='block_1_25' title="bbox 336 2369 1909 2452">
    <p class='ocr_par' dir='ltr' id='par_1_25' title="bbox 336 2369 1909 2452">
     <span class='ocr_line' id='line_1_25' title="bbox 336 2369 1909 2452; baseline 0.008 -29"><span class='ocrx_word' id='word_1_182' title='bbox 336 2369 544 2441; x_wconf 78' lang='grc' dir='ltr'>Κύριος</span> <span class='ocrx_word' id='word_1_183' title='bbox 579 2373 787 2441; x_wconf 85' lang='grc' dir='ltr'>Ἰησοῦς</span> <span class='ocrx_word' id='word_1_184' title='bbox 813 2373 1069 2445; x_wconf 87' lang='grc' dir='ltr'>Χριστὸς,</span> <span class='ocrx_word' id='word_1_185' title='bbox 1094 2374 1162 2428; x_wconf 87' lang='grc' dir='ltr'><strong>δι’</strong></span> <span class='ocrx_word' id='word_1_186' title='bbox 1191 2372 1251 2431; x_wconf 80' lang='grc' dir='ltr'><strong>οῦ</strong></span> <span class='ocrx_word' id='word_1_187' title='bbox 1281 2379 1348 2431; x_wconf 81' lang='grc' dir='ltr'>τὰ</span> <span class='ocrx_word' id='word_1_188' title='bbox 1381 2379 1581 2443; x_wconf 82' lang='grc' dir='ltr'>πάντα,</span> <span class='ocrx_word' id='word_1_189' title='bbox 1624 2384 1720 2434; x_wconf 79' lang='grc' dir='ltr'><strong>καὶ</strong></span> <span class='ocrx_word' id='word_1_190' title='bbox 1746 2384 1909 2452; x_wconf 81' lang='grc' dir='ltr'>ἡμεῖς</span> 
     </span>
    </p>
   </div>
   <div class='ocr_carea' id='block_1_26' title="bbox 333 2460 1903 2545">
    <p class='ocr_par' dir='ltr' id='par_1_26' title="bbox 333 2460 1903 2545">
     <span class='ocr_line' id='line_1_26' title="bbox 333 2460 1903 2545; baseline 0.009 -31"><span class='ocrx_word' id='word_1_191' title='bbox 333 2460 407 2515; x_wconf 79' lang='grc' dir='ltr'>δι’</span> <span class='ocrx_word' id='word_1_192' title='bbox 437 2462 623 2517; x_wconf 84' lang='grc' dir='ltr'>αὑτοῦ.</span> <span class='ocrx_word' id='word_1_193' title='bbox 648 2482 667 2515; x_wconf 70' lang='grc' dir='ltr'><strong>ι</strong></span> <span class='ocrx_word' id='word_1_194' title='bbox 699 2464 845 2536; x_wconf 85' lang='grc' dir='ltr'>Πλὴν</span> <span class='ocrx_word' id='word_1_195' title='bbox 873 2467 1002 2519; x_wconf 83' lang='grc' dir='ltr'>ὅταν</span> <span class='ocrx_word' id='word_1_196' title='bbox 1029 2466 1235 2536; x_wconf 79' lang='grc' dir='ltr'>Ἰησοῦν</span> <span class='ocrx_word' id='word_1_197' title='bbox 1260 2470 1493 2541; x_wconf 84' lang='grc' dir='ltr'>Χριστὸν</span> <span class='ocrx_word' id='word_1_198' title='bbox 1523 2472 1903 2545; x_wconf 80' lang='grc' dir='ltr'>ὀνομάζωμεν,</span> 
     </span>
    </p>
   </div>
   <div class='ocr_carea' id='block_1_27' title="bbox 330 2550 1904 2637">
    <p class='ocr_par' dir='ltr' id='par_1_27' title="bbox 330 2550 1904 2637">
     <span class='ocr_line' id='line_1_27' title="bbox 330 2550 1904 2637; baseline 0.01 -34"><span class='ocrx_word' id='word_1_199' title='bbox 330 2550 428 2605; x_wconf 83' lang='grc' dir='ltr'><strong>τὸν</strong></span> <span class='ocrx_word' id='word_1_200' title='bbox 470 2551 537 2605; x_wconf 82' lang='grc' dir='ltr'><strong>ὲκ</strong></span> <span class='ocrx_word' id='word_1_201' title='bbox 579 2552 712 2607; x_wconf 86' lang='grc' dir='ltr'>Θεοῦ</span> <span class='ocrx_word' id='word_1_202' title='bbox 759 2555 975 2626; x_wconf 85' lang='grc' dir='ltr'>Πατρὸς</span> <span class='ocrx_word' id='word_1_203' title='bbox 1022 2557 1194 2626; x_wconf 89' lang='grc' dir='ltr'>Λόγον</span> <span class='ocrx_word' id='word_1_204' title='bbox 1243 2560 1302 2611; x_wconf 85' lang='grc' dir='ltr'>ὲν</span> <span class='ocrx_word' id='word_1_205' title='bbox 1348 2560 1663 2635; x_wconf 74' lang='grc' dir='ltr'>ἀνθρωπεία</span> <span class='ocrx_word' id='word_1_206' title='bbox 1722 2569 1904 2637; x_wconf 77' lang='grc' dir='ltr'>μορφῇ</span> 
     </span>
    </p>
   </div>
   <div class='ocr_carea' id='block_1_28' title="bbox 266 2643 1905 2725">
    <p class='ocr_par' dir='ltr' id='par_1_28' title="bbox 266 2643 1905 2725">
     <span class='ocr_line' id='line_1_28' title="bbox 266 2643 1905 2725; baseline 0.01 -29"><span class='ocrx_word' id='word_1_207' title='bbox 266 2665 273 2672; x_wconf 69' lang='grc'><em>’</em></span> <span class='ocrx_word' id='word_1_208' title='bbox 334 2643 616 2715; x_wconf 76' lang='grc' dir='ltr'>πεφηνότα</span> <span class='ocrx_word' id='word_1_209' title='bbox 648 2646 1004 2717; x_wconf 86' lang='grc' dir='ltr'>σημαίνομεν,</span> <span class='ocrx_word' id='word_1_210' title='bbox 1031 2650 1127 2703; x_wconf 86' lang='grc' dir='ltr'><strong>οὐκ</strong></span> <span class='ocrx_word' id='word_1_211' title='bbox 1152 2652 1209 2704; x_wconf 79' lang='grc' dir='ltr'>ἐν</span> <span class='ocrx_word' id='word_1_212' title='bbox 1235 2651 1453 2723; x_wconf 82' lang='grc' dir='ltr'>χάριτος</span> <span class='ocrx_word' id='word_1_213' title='bbox 1490 2656 1646 2725; x_wconf 89' lang='grc' dir='ltr'>μέρει</span> <span class='ocrx_word' id='word_1_214' title='bbox 1682 2659 1776 2710; x_wconf 81' lang='grc' dir='ltr'><strong>καὶ</strong></span> <span class='ocrx_word' id='word_1_215' title='bbox 1805 2659 1905 2711; x_wconf 78' lang='grc' dir='ltr'><strong>ἐπ-</strong></span> 
     </span>
    </p>
   </div>
   <div class='ocr_carea' id='block_1_29' title="bbox 329 2734 1905 2813">
    <p class='ocr_par' dir='ltr' id='par_1_29' title="bbox 329 2734 1905 2813">
     <span class='ocr_line' id='line_1_29' title="bbox 329 2734 1905 2813; baseline 0.011 -28"><span class='ocrx_word' id='word_1_216' title='bbox 329 2734 500 2787; x_wconf 86' lang='grc' dir='ltr'>ακτὸν</span> <span class='ocrx_word' id='word_1_217' title='bbox 550 2735 748 2802; x_wconf 78' lang='grc' dir='ltr'>ἔξωθεν</span> <span class='ocrx_word' id='word_1_218' title='bbox 796 2737 989 2808; x_wconf 79' lang='grc' dir='ltr'>ἔχοντα</span> <span class='ocrx_word' id='word_1_219' title='bbox 1033 2739 1091 2795; x_wconf 86' lang='grc' dir='ltr'><strong>τὸ</strong></span> <span class='ocrx_word' id='word_1_220' title='bbox 1134 2740 1381 2813; x_wconf 78' lang='grc' dir='ltr'>ἀξίωμα,</span> <span class='ocrx_word' id='word_1_221' title='bbox 1426 2744 1560 2799; x_wconf 73' lang='grc' dir='ltr'>ἀλλὰ</span> <span class='ocrx_word' id='word_1_222' title='bbox 1590 2746 1720 2801; x_wconf 70' lang='grc' dir='ltr'>ὄντα</span> <span class='ocrx_word' id='word_1_223' title='bbox 1748 2747 1905 2802; x_wconf 89' lang='grc' dir='ltr'>τοῦτο</span> 
     </span>
    </p>
   </div>
   <div class='ocr_carea' id='block_1_30' title="bbox 330 2823 1904 2910">
    <p class='ocr_par' dir='ltr' id='par_1_30' title="bbox 330 2823 1904 2910">
     <span class='ocr_line' id='line_1_30' title="bbox 330 2823 1904 2910; baseline 0.011 -34"><span class='ocrx_word' id='word_1_224' title='bbox 330 2823 474 2878; x_wconf 76' lang='grc' dir='ltr'>κατὰ</span> <span class='ocrx_word' id='word_1_225' title='bbox 505 2825 783 2895; x_wconf 82' lang='grc' dir='ltr'>ἀλήθειαν,</span> <span class='ocrx_word' id='word_1_226' title='bbox 828 2829 967 2901; x_wconf 82' lang='grc' dir='ltr'>ὅπερ</span> <span class='ocrx_word' id='word_1_227' title='bbox 1010 2826 1152 2886; x_wconf 82' lang='grc' dir='ltr'>εἶναι</span> <span class='ocrx_word' id='word_1_228' title='bbox 1192 2833 1568 2889; x_wconf 86' lang='grc' dir='ltr'>πεπίστευται.</span> <span class='ocrx_word' id='word_1_229' title='bbox 1615 2837 1747 2901; x_wconf 84' lang='grc' dir='ltr'>Θεὸς</span> <span class='ocrx_word' id='word_1_230' title='bbox 1796 2838 1904 2910; x_wconf 83' lang='grc' dir='ltr'><strong>γὰρ</strong></span> 
     </span>
    </p>
   </div>
   <div class='ocr_carea' id='block_1_31' title="bbox 327 2915 1902 2999">
    <p class='ocr_par' dir='ltr' id='par_1_31' title="bbox 327 2915 1902 2999">
     <span class='ocr_line' id='line_1_31' title="bbox 327 2915 1902 2999; baseline 0.01 -31"><span class='ocrx_word' id='word_1_231' title='bbox 327 2915 406 2969; x_wconf 80' lang='grc' dir='ltr'>ὣν</span> <span class='ocrx_word' id='word_1_232' title='bbox 434 2916 593 2986; x_wconf 81' lang='grc' dir='ltr'>φύσει</span> <span class='ocrx_word' id='word_1_233' title='bbox 623 2919 715 2972; x_wconf 83' lang='grc' dir='ltr'><strong>καὶ</strong></span> <span class='ocrx_word' id='word_1_234' title='bbox 743 2919 865 2991; x_wconf 87' lang='grc' dir='ltr'>δίχα</span> <span class='ocrx_word' id='word_1_235' title='bbox 905 2922 1126 2992; x_wconf 82' lang='grc' dir='ltr'>σαρκὸς,</span> <span class='ocrx_word' id='word_1_236' title='bbox 1162 2923 1439 2994; x_wconf 81' lang='grc' dir='ltr'>μεμένηκε</span> <span class='ocrx_word' id='word_1_237' title='bbox 1469 2924 1600 2990; x_wconf 87' lang='grc' dir='ltr'>Θεὸς</span> <span class='ocrx_word' id='word_1_238' title='bbox 1637 2929 1731 2981; x_wconf 76' lang='grc' dir='ltr'>καὶ</span> <span class='ocrx_word' id='word_1_239' title='bbox 1764 2930 1902 2999; x_wconf 76' lang='grc' dir='ltr'>μετὰ</span> 
     </span>
    </p>
   </div>
   <div class='ocr_carea' id='block_1_32' title="bbox 329 3008 1901 3092">
    <p class='ocr_par' dir='ltr' id='par_1_32' title="bbox 329 3008 1901 3092">
     <span class='ocr_line' id='line_1_32' title="bbox 329 3008 1901 3092; baseline 0.008 -31"><span class='ocrx_word' id='word_1_240' title='bbox 329 3009 567 3079; x_wconf 76' lang='grc' dir='ltr'>σαρκόςο</span> <span class='ocrx_word' id='word_1_241' title='bbox 601 3008 696 3063; x_wconf 76' lang='grc' dir='ltr'><strong>καὶ</strong></span> <span class='ocrx_word' id='word_1_242' title='bbox 737 3011 865 3074; x_wconf 79' lang='grc' dir='ltr'>Υἱὸς</span> <span class='ocrx_word' id='word_1_243' title='bbox 889 3013 964 3065; x_wconf 84' lang='grc' dir='ltr'>ὢν</span> <span class='ocrx_word' id='word_1_244' title='bbox 996 3014 1153 3082; x_wconf 83' lang='grc' dir='ltr'>φύσει</span> <span class='ocrx_word' id='word_1_245' title='bbox 1186 3017 1281 3069; x_wconf 63' lang='grc' dir='ltr'><strong>καὶ¹</strong></span> <span class='ocrx_word' id='word_1_246' title='bbox 1332 3018 1437 3087; x_wconf 81' lang='grc' dir='ltr'><strong>πρὸ</strong></span> <span class='ocrx_word' id='word_1_247' title='bbox 1473 3019 1692 3090; x_wconf 87' lang='grc' dir='ltr'>σαρκὸς,</span> <span class='ocrx_word' id='word_1_248' title='bbox 1730 3023 1901 3092; x_wconf 86' lang='grc' dir='ltr'>μεμέ-</span> 
     </span>
    </p>
   </div>
   <div class='ocr_carea' id='block_1_33' title="bbox 326 3097 1901 3176">
    <p class='ocr_par' dir='ltr' id='par_1_33' title="bbox 326 3097 1901 3176">
     <span class='ocr_line' id='line_1_33' title="bbox 326 3097 1901 3176; baseline 0.006 -27"><span class='ocrx_word' id='word_1_249' title='bbox 326 3114 495 3167; x_wconf 88' lang='grc' dir='ltr'>νηκεν</span> <span class='ocrx_word' id='word_1_250' title='bbox 518 3097 647 3161; x_wconf 78' lang='grc' dir='ltr'>Υἱὸς</span> <span class='ocrx_word' id='word_1_251' title='bbox 688 3098 784 3152; x_wconf 81' lang='grc' dir='ltr'><strong>καὶ</strong></span> <span class='ocrx_word' id='word_1_252' title='bbox 822 3100 957 3171; x_wconf 84' lang='grc' dir='ltr'>ὅπερ</span> <span class='ocrx_word' id='word_1_253' title='bbox 986 3100 1003 3139; x_wconf 83' lang='grc' dir='ltr'>ι</span> <span class='ocrx_word' id='word_1_254' title='bbox 1038 3102 1227 3170; x_wconf 80' lang='grc' dir='ltr'>γέγονε</span> <span class='ocrx_word' id='word_1_255' title='bbox 1272 3103 1442 3172; x_wconf 80' lang='grc' dir='ltr'>σάρξ·</span> <span class='ocrx_word' id='word_1_256' title='bbox 1473 3105 1565 3157; x_wconf 72' lang='grc' dir='ltr'><strong>καὶ</strong></span> <span class='ocrx_word' id='word_1_257' title='bbox 1590 3106 1793 3176; x_wconf 83' lang='grc' dir='ltr'>Κύριος</span> <span class='ocrx_word' id='word_1_258' title='bbox 1825 3105 1901 3160; x_wconf 80' lang='grc' dir='ltr'>ὢν</span> 
     </span>
    </p>
   </div>
   <div class='ocr_carea' id='block_1_34' title="bbox 328 3187 1897 3271">
    <p class='ocr_par' dir='ltr' id='par_1_34' title="bbox 328 3187 1897 3271">
     <span class='ocr_line' id='line_1_34' title="bbox 328 3187 1897 3271; baseline 0.008 -31"><span class='ocrx_word' id='word_1_259' title='bbox 328 3187 548 3260; x_wconf 77' lang='grc' dir='ltr'>ἀληθῶς</span> <span class='ocrx_word' id='word_1_260' title='bbox 584 3189 694 3242; x_wconf 85' lang='grc' dir='ltr'><strong>τῶν</strong></span> <span class='ocrx_word' id='word_1_261' title='bbox 725 3191 882 3255; x_wconf 82' lang='grc' dir='ltr'>ὅλων,</span> <span class='ocrx_word' id='word_1_262' title='bbox 916 3194 974 3244; x_wconf 81' lang='grc' dir='ltr'>ὲν</span> <span class='ocrx_word' id='word_1_263' title='bbox 1021 3195 1198 3265; x_wconf 81' lang='grc' dir='ltr'>τοιᾷδε</span> <span class='ocrx_word' id='word_1_264' title='bbox 1244 3196 1407 3248; x_wconf 86' lang='grc' dir='ltr'>πάλιν</span> <span class='ocrx_word' id='word_1_265' title='bbox 1454 3197 1645 3267; x_wconf 74' lang='grc' dir='ltr'>ὁρᾶται</span> <span class='ocrx_word' id='word_1_266' title='bbox 1688 3198 1813 3271; x_wconf 79' lang='grc' dir='ltr'>δόξῃ</span> <span class='ocrx_word' id='word_1_267' title='bbox 1838 3212 1897 3260; x_wconf 77' lang='grc' dir='ltr'>ιιι,</span> 
     </span>
    </p>
   </div>
   <div class='ocr_carea' id='block_1_35' title="bbox 331 3281 1901 3359">
    <p class='ocr_par' dir='ltr' id='par_1_35' title="bbox 331 3281 1901 3359">
     <span class='ocr_line' id='line_1_35' title="bbox 331 3281 1901 3359; baseline 0.006 -26"><span class='ocrx_word' id='word_1_268' title='bbox 331 3281 427 3333; x_wconf 81' lang='grc' dir='ltr'><strong>καὶ</strong></span> <span class='ocrx_word' id='word_1_269' title='bbox 455 3281 514 3333; x_wconf 83' lang='grc' dir='ltr'>ὲν</span> <span class='ocrx_word' id='word_1_270' title='bbox 542 3282 924 3353; x_wconf 81' lang='grc' dir='ltr'>ἀνθρωπότητι</span> <span class='ocrx_word' id='word_1_271' title='bbox 955 3285 1211 3353; x_wconf 86' lang='grc' dir='ltr'>γεγονώς.</span> <span class='ocrx_word' id='word_1_272' title='bbox 1238 3286 1445 3340; x_wconf 81' lang='grc' dir='ltr'>Οὐκοῦν</span> <span class='ocrx_word' id='word_1_273' title='bbox 1474 3291 1522 3341; x_wconf 89' lang='grc' dir='ltr'><strong>εί</strong></span> <span class='ocrx_word' id='word_1_274' title='bbox 1550 3288 1682 3343; x_wconf 79' lang='grc' dir='ltr'>Θεὸν</span> <span class='ocrx_word' id='word_1_275' title='bbox 1711 3290 1901 3359; x_wconf 83' lang='grc' dir='ltr'>ἀληθι-</span> 
     </span>
    </p>
   </div>
   <div class='ocr_carea' id='block_1_36' title="bbox 327 3366 1899 3450">
    <p class='ocr_par' dir='ltr' id='par_1_36' title="bbox 327 3366 1899 3450">
     <span class='ocr_line' id='line_1_36' title="bbox 327 3366 1899 3450; baseline 0.007 -26"><span class='ocrx_word' id='word_1_276' title='bbox 327 3371 421 3425; x_wconf 88' lang='grc' dir='ltr'><strong>νὸν</strong></span> <span class='ocrx_word' id='word_1_277' title='bbox 456 3366 594 3424; x_wconf 77' lang='grc' dir='ltr'>εἷναι</span> <span class='ocrx_word' id='word_1_278' title='bbox 625 3372 840 3441; x_wconf 78' lang='grc' dir='ltr'>λέγουσι</span> <span class='ocrx_word' id='word_1_279' title='bbox 876 3374 969 3427; x_wconf 87' lang='grc' dir='ltr'><strong>τὸν</strong></span> <span class='ocrx_word' id='word_1_280' title='bbox 997 3377 1059 3427; x_wconf 82' lang='grc' dir='ltr'><strong>ὲκ</strong></span> <span class='ocrx_word' id='word_1_281' title='bbox 1086 3377 1183 3446; x_wconf 77' lang='grc' dir='ltr'>τῆς</span> <span class='ocrx_word' id='word_1_282' title='bbox 1213 3378 1373 3445; x_wconf 85' lang='grc' dir='ltr'>ἁγίας</span> <span class='ocrx_word' id='word_1_283' title='bbox 1407 3379 1683 3450; x_wconf 86' lang='grc' dir='ltr'>Παρθένου</span> <span class='ocrx_word' id='word_1_284' title='bbox 1708 3397 1899 3450; x_wconf 87' lang='grc' dir='ltr'>γεγεν-</span> 
     </span>
    </p>
   </div>
   <div class='ocr_carea' id='block_1_37' title="bbox 327 3459 1901 3537">
    <p class='ocr_par' dir='ltr' id='par_1_37' title="bbox 327 3459 1901 3537">
     <span class='ocr_line' id='line_1_37' title="bbox 327 3459 1901 3537; baseline 0.007 -24"><span class='ocrx_word' id='word_1_285' title='bbox 327 3459 585 3531; x_wconf 84' lang='grc' dir='ltr'>νημένον,</span> <span class='ocrx_word' id='word_1_286' title='bbox 624 3463 873 3516; x_wconf 83' lang='grc' dir='ltr'>τουτέστι</span> <span class='ocrx_word' id='word_1_287' title='bbox 900 3462 988 3517; x_wconf 88' lang='grc' dir='ltr'><strong>τὸν</strong></span> <span class='ocrx_word' id='word_1_288' title='bbox 1018 3467 1081 3517; x_wconf 83' lang='grc' dir='ltr'>ὲκ</span> <span class='ocrx_word' id='word_1_289' title='bbox 1115 3464 1248 3518; x_wconf 85' lang='grc' dir='ltr'>Θεοῦ</span> <span class='ocrx_word' id='word_1_290' title='bbox 1281 3468 1491 3537; x_wconf 85' lang='grc' dir='ltr'>Πατρὸς</span> <span class='ocrx_word' id='word_1_291' title='bbox 1532 3467 1725 3537; x_wconf 86' lang='grc' dir='ltr'>Λόγον,</span> <span class='ocrx_word' id='word_1_292' title='bbox 1763 3471 1901 3525; x_wconf 84' lang='grc' dir='ltr'><strong>κατὰ</strong></span> 
     </span>
    </p>
   </div>
   <div class='ocr_carea' id='block_1_38' title="bbox 329 3553 1899 3629">
    <p class='ocr_par' dir='ltr' id='par_1_38' title="bbox 329 3553 1899 3629">
     <span class='ocr_line' id='line_1_38' title="bbox 329 3553 1899 3629; baseline 0.007 -25"><span class='ocrx_word' id='word_1_293' title='bbox 329 3553 496 3621; x_wconf 83' lang='grc' dir='ltr'>φύσιν</span> <span class='ocrx_word' id='word_1_294' title='bbox 528 3554 797 3609; x_wconf 78' lang='grc' dir='ltr'>ἐνωθέντα</span> <span class='ocrx_word' id='word_1_295' title='bbox 828 3556 1014 3626; x_wconf 68' lang='grc' dir='ltr'>σαρκὶ,</span> <span class='ocrx_word' id='word_1_296' title='bbox 1033 3556 1121 3610; x_wconf 81' lang='grc' dir='ltr'><strong>διὰ</strong></span> <span class='ocrx_word' id='word_1_297' title='bbox 1149 3556 1201 3609; x_wconf 87' lang='grc' dir='ltr'><strong>τί</strong></span> <span class='ocrx_word' id='word_1_298' title='bbox 1231 3556 1465 3612; x_wconf 83' lang='grc' dir='ltr'>δεδίασιν</span> <span class='ocrx_word' id='word_1_299' title='bbox 1495 3561 1799 3629; x_wconf 84' lang='grc' dir='ltr'>ὁμολογεῖν,</span> <span class='ocrx_word' id='word_1_300' title='bbox 1818 3564 1899 3615; x_wconf 84' lang='grc' dir='ltr'>ὅτι</span> 
     </span>
    </p>
   </div>
   <div class='ocr_carea' id='block_1_39' title="bbox 327 3644 1899 3719">
    <p class='ocr_par' dir='ltr' id='par_1_39' title="bbox 327 3644 1899 3719">
     <span class='ocr_line' id='line_1_39' title="bbox 327 3644 1899 3719; baseline 0.007 -23"><span class='ocrx_word' id='word_1_301' title='bbox 327 3644 589 3707; x_wconf 84' lang='grc' dir='ltr'>Θεοτόκος</span> <span class='ocrx_word' id='word_1_302' title='bbox 625 3646 830 3715; x_wconf 75' lang='grc' dir='ltr'>ἐστὶνὴ</span> <span class='ocrx_word' id='word_1_303' title='bbox 866 3647 995 3714; x_wconf 84' lang='grc' dir='ltr'>ἁγία</span> <span class='ocrx_word' id='word_1_304' title='bbox 1023 3649 1331 3719; x_wconf 85' lang='grc' dir='ltr'>Παρθένος;</span> <span class='ocrx_word' id='word_1_305' title='bbox 1373 3650 1534 3705; x_wconf 78' lang='grc' dir='ltr'>Ἀλλὰ</span> <span class='ocrx_word' id='word_1_306' title='bbox 1562 3653 1763 3716; x_wconf 88' lang='grc' dir='ltr'>σκοπὸς</span> <span class='ocrx_word' id='word_1_307' title='bbox 1801 3656 1899 3707; x_wconf 78' lang='grc' dir='ltr'><strong>αὺ-</strong></span> 
     </span>
    </p>
   </div>
   <div class='ocr_carea' id='block_1_40' title="bbox 327 3729 1900 3811">
    <p class='ocr_par' dir='ltr' id='par_1_40' title="bbox 327 3729 1900 3811">
     <span class='ocr_line' id='line_1_40' title="bbox 327 3729 1900 3811; baseline 0.008 -27"><span class='ocrx_word' id='word_1_308' title='bbox 327 3729 446 3796; x_wconf 59' lang='grc' dir='ltr'>ἒοῖς</span> <span class='ocrx_word' id='word_1_309' title='bbox 474 3734 907 3789; x_wconf 82' lang='grc' dir='ltr'>ὑποπλάττεσθαι</span> <span class='ocrx_word' id='word_1_310' title='bbox 939 3737 1057 3807; x_wconf 83' lang='grc' dir='ltr'>μὲν,</span> <span class='ocrx_word' id='word_1_311' title='bbox 1092 3739 1186 3791; x_wconf 77' lang='grc' dir='ltr'><strong>καὶ</strong></span> <span class='ocrx_word' id='word_1_312' title='bbox 1216 3739 1412 3806; x_wconf 82' lang='grc' dir='ltr'>λέγειν,</span> <span class='ocrx_word' id='word_1_313' title='bbox 1436 3742 1516 3794; x_wconf 85' lang='grc' dir='ltr'>ὅτι</span> <span class='ocrx_word' id='word_1_314' title='bbox 1548 3743 1636 3795; x_wconf 78' lang='grc' dir='ltr'>ναὶ</span> <span class='ocrx_word' id='word_1_315' title='bbox 1661 3744 1754 3811; x_wconf 59' lang='grc' dir='ltr'><strong>καὶ</strong></span> <span class='ocrx_word' id='word_1_316' title='bbox 1770 3745 1900 3808; x_wconf 86' lang='grc' dir='ltr'>Θεός</span> 
     </span>
    </p>
   </div>
   <div class='ocr_carea' id='block_1_41' title="bbox 326 3818 1893 3901">
    <p class='ocr_par' dir='ltr' id='par_1_41' title="bbox 326 3818 1893 3901">
     <span class='ocr_line' id='line_1_41' title="bbox 326 3818 1893 3901; baseline 0.007 -27"><span class='ocrx_word' id='word_1_317' title='bbox 326 3818 471 3882; x_wconf 75' lang='grc' dir='ltr'>ἐστι,</span> <span class='ocrx_word' id='word_1_318' title='bbox 518 3824 612 3876; x_wconf 77' lang='grc' dir='ltr'><strong>καὶ</strong></span> <span class='ocrx_word' id='word_1_319' title='bbox 658 3822 900 3895; x_wconf 83' lang='grc' dir='ltr'>Κύριος,</span> <span class='ocrx_word' id='word_1_320' title='bbox 929 3827 1023 3877; x_wconf 80' lang='grc' dir='ltr'>καὶ</span> <span class='ocrx_word' id='word_1_321' title='bbox 1059 3826 1364 3899; x_wconf 85' lang='grc' dir='ltr'>συνεδρεύει</span> <span class='ocrx_word' id='word_1_322' title='bbox 1410 3828 1485 3897; x_wconf 88' lang='grc' dir='ltr'>τῷ</span> <span class='ocrx_word' id='word_1_323' title='bbox 1534 3830 1729 3901; x_wconf 78' lang='grc' dir='ltr'>Πατρί.</span> <span class='ocrx_word' id='word_1_324' title='bbox 1764 3834 1893 3901; x_wconf 78' lang='grc' dir='ltr'>Φροο</span> 
     </span>
    </p>
   </div>
   <div class='ocr_carea' id='block_1_42' title="bbox 328 3910 1898 3988">
    <p class='ocr_par' dir='ltr' id='par_1_42' title="bbox 328 3910 1898 3988">
     <span class='ocr_line' id='line_1_42' title="bbox 328 3910 1898 3988; baseline 0.008 -23"><span class='ocrx_word' id='word_1_325' title='bbox 328 3910 484 3966; x_wconf 87' lang='grc' dir='ltr'>νοῦσί</span> <span class='ocrx_word' id='word_1_326' title='bbox 510 3930 575 3983; x_wconf 92' lang='grc' dir='ltr'><strong>γε</strong></span> <span class='ocrx_word' id='word_1_327' title='bbox 624 3913 730 3984; x_wconf 83' lang='grc' dir='ltr'>μὴν</span> <span class='ocrx_word' id='word_1_328' title='bbox 758 3915 856 3985; x_wconf 79' lang='grc' dir='ltr'><strong>οὐχ</strong></span> <span class='ocrx_word' id='word_1_329' title='bbox 884 3915 1026 3969; x_wconf 85' lang='grc' dir='ltr'>οῦτω</span> <span class='ocrx_word' id='word_1_330' title='bbox 1069 3920 1211 3971; x_wconf 72' lang='grc' dir='ltr'>κατὰ</span> <span class='ocrx_word' id='word_1_331' title='bbox 1259 3918 1538 3988; x_wconf 83' lang='grc' dir='ltr'>ἀλήθειαν,</span> <span class='ocrx_word' id='word_1_332' title='bbox 1572 3922 1687 3975; x_wconf 82' lang='grc' dir='ltr'>ἀλλ’</span> <span class='ocrx_word' id='word_1_333' title='bbox 1735 3924 1808 3988; x_wconf 83' lang='grc' dir='ltr'>ὡς</span> <span class='ocrx_word' id='word_1_334' title='bbox 1842 3927 1898 3979; x_wconf 83' lang='grc' dir='ltr'>ἐν</span> 
     </span>
    </p>
   </div>
   <div class='ocr_carea' id='block_1_43' title="bbox 325 4004 1899 4084">
    <p class='ocr_par' dir='ltr' id='par_1_43' title="bbox 325 4004 1899 4084">
     <span class='ocr_line' id='line_1_43' title="bbox 325 4004 1899 4084; baseline 0.009 -28"><span class='ocrx_word' id='word_1_335' title='bbox 325 4004 551 4077; x_wconf 81' lang='grc' dir='ltr'>χάριτος</span> <span class='ocrx_word' id='word_1_336' title='bbox 597 4005 775 4079; x_wconf 83' lang='grc' dir='ltr'>μέρει,</span> <span class='ocrx_word' id='word_1_337' title='bbox 806 4006 901 4060; x_wconf 76' lang='grc' dir='ltr'>καὶ</span> <span class='ocrx_word' id='word_1_338' title='bbox 938 4007 1013 4069; x_wconf 84' lang='grc' dir='ltr'>ὡς</span> <span class='ocrx_word' id='word_1_339' title='bbox 1043 4009 1108 4061; x_wconf 84' lang='grc' dir='ltr'>ὲκ</span> <span class='ocrx_word' id='word_1_340' title='bbox 1149 4012 1429 4083; x_wconf 81' lang='grc' dir='ltr'>προκοπῆς</span> <span class='ocrx_word' id='word_1_341' title='bbox 1476 4012 1719 4067; x_wconf 87' lang='grc' dir='ltr'>δεδόσθαι</span> <span class='ocrx_word' id='word_1_342' title='bbox 1766 4019 1899 4084; x_wconf 72' lang='grc' dir='ltr'>φασὶ</span> 
     </span>
    </p>
   </div>
   <div class='ocr_carea' id='block_1_44' title="bbox 326 4096 1897 4175">
    <p class='ocr_par' dir='ltr' id='par_1_44' title="bbox 326 4096 1897 4175">
     <span class='ocr_line' id='line_1_44' title="bbox 326 4096 1897 4175; baseline 0 -26"><span class='ocrx_word' id='word_1_343' title='bbox 326 4096 407 4166; x_wconf 83' lang='grc' dir='ltr'><strong>τῷ</strong></span> <span class='ocrx_word' id='word_1_344' title='bbox 456 4097 521 4149; x_wconf 82' lang='grc' dir='ltr'>ὲκ</span> <span class='ocrx_word' id='word_1_345' title='bbox 557 4096 655 4165; x_wconf 82' lang='grc' dir='ltr'>τῆς</span> <span class='ocrx_word' id='word_1_346' title='bbox 703 4096 863 4165; x_wconf 84' lang='grc' dir='ltr'>ἁγίας</span> <span class='ocrx_word' id='word_1_347' title='bbox 912 4097 1188 4169; x_wconf 81' lang='grc' dir='ltr'>Παρθένου</span> <span class='ocrx_word' id='word_1_348' title='bbox 1221 4100 1383 4172; x_wconf 81' lang='grc' dir='ltr'>κοινῷ</span> <span class='ocrx_word' id='word_1_349' title='bbox 1436 4103 1554 4155; x_wconf 84' lang='grc' dir='ltr'>καθ’</span> <span class='ocrx_word' id='word_1_350' title='bbox 1609 4106 1756 4175; x_wconf 73' lang='grc' dir='ltr'>ἡμᾶς</span> <span class='ocrx_word' id='word_1_351' title='bbox 1803 4109 1897 4161; x_wconf 84' lang='grc' dir='ltr'><strong>ἀν-</strong></span> 
     </span>
    </p>
   </div>
   <div class='ocr_carea' id='block_1_45' title="bbox 326 4188 1899 4271">
    <p class='ocr_par' dir='ltr' id='par_1_45' title="bbox 326 4188 1899 4271">
     <span class='ocr_line' id='line_1_45' title="bbox 326 4188 1899 4271; baseline 0.008 -29"><span class='ocrx_word' id='word_1_352' title='bbox 326 4188 532 4260; x_wconf 84' lang='grc' dir='ltr'>θρὼπῳ</span> <span class='ocrx_word' id='word_1_353' title='bbox 561 4191 944 4262; x_wconf 83' lang='grc' dir='ltr'>γεγεννημένῳ</span> <span class='ocrx_word' id='word_1_354' title='bbox 985 4192 1085 4263; x_wconf 81' lang='grc' dir='ltr'>τήν</span> <span class='ocrx_word' id='word_1_355' title='bbox 1134 4210 1193 4246; x_wconf 89' lang='grc' dir='ltr'><strong>τε</strong></span> <span class='ocrx_word' id='word_1_356' title='bbox 1232 4193 1331 4266; x_wconf 86' lang='grc' dir='ltr'>τῆς</span> <span class='ocrx_word' id='word_1_357' title='bbox 1372 4196 1617 4268; x_wconf 85' lang='grc' dir='ltr'>υίότητος</span> <span class='ocrx_word' id='word_1_358' title='bbox 1660 4200 1754 4253; x_wconf 74' lang='grc' dir='ltr'><strong>καὶ</strong></span> <span class='ocrx_word' id='word_1_359' title='bbox 1798 4200 1899 4271; x_wconf 78' lang='grc' dir='ltr'>τῆς</span> 
     </span>
    </p>
   </div>
   <div class='ocr_carea' id='block_1_46' title="bbox 327 4281 867 4352">
    <p class='ocr_par' dir='ltr' id='par_1_46' title="bbox 327 4281 867 4352">
     <span class='ocr_line' id='line_1_46' title="bbox 327 4281 867 4352; baseline 0.006 -17"><span class='ocrx_word' id='word_1_360' title='bbox 327 4281 651 4352; x_wconf 74' lang='grc' dir='ltr'>κυριότητος</span> <span class='ocrx_word' id='word_1_361' title='bbox 689 4281 867 4346; x_wconf 80' lang='grc' dir='ltr'>δόξαν.</span> 
     </span>
    </p>
   </div>
   <div class='ocr_carea' id='block_1_47' title="bbox 2017 644 3583 715">
    <p class='ocr_par' dir='ltr' id='par_1_47' title="bbox 2017 644 3583 715">
     <span class='ocr_line' id='line_1_47' title="bbox 2017 644 3583 715; baseline -0.007 -8"><span class='ocrx_word' id='word_1_362' title='bbox 2017 652 2131 707; x_wconf 88' lang='lat' dir='ltr'><strong>caci</strong></span> <span class='ocrx_word' id='word_1_363' title='bbox 2163 651 2360 705; x_wconf 84' lang='lat' dir='ltr'><strong>mentis</strong></span> <span class='ocrx_word' id='word_1_364' title='bbox 2396 649 2555 704; x_wconf 90' lang='lat' dir='ltr'><strong>oculo</strong></span> <span class='ocrx_word' id='word_1_365' title='bbox 2590 648 2711 703; x_wconf 90' lang='lat' dir='ltr'><strong>illos</strong></span> <span class='ocrx_word' id='word_1_366' title='bbox 2746 649 3140 712; x_wconf 72' lang='lat' dir='ltr'><strong>internoscere,</strong></span> <span class='ocrx_word' id='word_1_367' title='bbox 3177 645 3269 715; x_wconf 89' lang='lat' dir='ltr'><strong>qui</strong></span> <span class='ocrx_word' id='word_1_368' title='bbox 3316 644 3583 713; x_wconf 83' lang='lat' dir='ltr'><strong>impostu-</strong></span> 
     </span>
    </p>
   </div>
   <div class='ocr_carea' id='block_1_48' title="bbox 2016 736 3581 808">
    <p class='ocr_par' dir='ltr' id='par_1_48' title="bbox 2016 736 3581 808">
     <span class='ocr_line' id='line_1_48' title="bbox 2016 736 3581 808; baseline -0.007 -10"><span class='ocrx_word' id='word_1_369' title='bbox 2016 758 2134 798; x_wconf 81' lang='lat' dir='ltr'><strong>ram</strong></span> <span class='ocrx_word' id='word_1_370' title='bbox 2162 736 2476 807; x_wconf 85' lang='lat' dir='ltr'><strong>moliuntur,</strong></span> <span class='ocrx_word' id='word_1_371' title='bbox 2505 740 2849 808; x_wconf 78' lang='lat' dir='ltr'><strong>orationique</strong></span> <span class='ocrx_word' id='word_1_372' title='bbox 2887 751 2998 792; x_wconf 65' lang='lat' dir='ltr'><strong>suae</strong></span> <span class='ocrx_word' id='word_1_373' title='bbox 3046 737 3260 806; x_wconf 83' lang='lat' dir='ltr'><strong>pietatis</strong></span> <span class='ocrx_word' id='word_1_374' title='bbox 3294 749 3581 805; x_wconf 80' lang='lat' dir='ltr'><strong>personam</strong></span> 
     </span>
    </p>
   </div>
   <div class='ocr_carea' id='block_1_49' title="bbox 2017 824 3580 901">
    <p class='ocr_par' dir='ltr' id='par_1_49' title="bbox 2017 824 3580 901">
     <span class='ocr_line' id='line_1_49' title="bbox 2017 824 3580 901; baseline -0.009 -13"><span class='ocrx_word' id='word_1_375' title='bbox 2017 833 2300 897; x_wconf 90' lang='lat' dir='ltr'><strong>inducunt,</strong></span> <span class='ocrx_word' id='word_1_376' title='bbox 2334 846 2457 887; x_wconf 91' lang='lat' dir='ltr'><strong>cum</strong></span> <span class='ocrx_word' id='word_1_377' title='bbox 2484 830 2674 901; x_wconf 80' lang='lat' dir='ltr'><strong>quovis</strong></span> <span class='ocrx_word' id='word_1_378' title='bbox 2706 828 2927 882; x_wconf 88' lang='lat' dir='ltr'><strong>interim</strong></span> <span class='ocrx_word' id='word_1_379' title='bbox 2958 834 3221 881; x_wconf 78' lang='lat' dir='ltr'><strong>venenato</strong></span> <span class='ocrx_word' id='word_1_380' title='bbox 3242 824 3421 893; x_wconf 83' lang='lat' dir='ltr'><strong>jacqu</strong></span> <span class='ocrx_word' id='word_1_381' title='bbox 3461 837 3580 877; x_wconf 88' lang='lat' dir='ltr'><strong>ma-</strong></span> 
     </span>
    </p>
   </div>
   <div class='ocr_carea' id='block_1_50' title="bbox 2016 910 3575 992">
    <p class='ocr_par' dir='ltr' id='par_1_50' title="bbox 2016 910 3575 992">
     <span class='ocr_line' id='line_1_50' title="bbox 2016 910 3575 992; baseline -0.008 -18"><span class='ocrx_word' id='word_1_382' title='bbox 2016 923 2099 992; x_wconf 84' lang='lat' dir='ltr'><strong>gis</strong></span> <span class='ocrx_word' id='word_1_383' title='bbox 2138 921 2337 975; x_wconf 84' lang='lat' dir='ltr'><strong>feriant</strong></span> <span class='ocrx_word' id='word_1_384' title='bbox 2365 934 2380 973; x_wconf 91' lang='lat'><strong>:</strong></span> <span class='ocrx_word' id='word_1_385' title='bbox 2414 934 2536 974; x_wconf 87' lang='lat' dir='ltr'><strong>nam</strong></span> <span class='ocrx_word' id='word_1_386' title='bbox 2563 919 2608 974; x_wconf 90' lang='lat' dir='ltr'><strong>si</strong></span> <span class='ocrx_word' id='word_1_387' title='bbox 2636 917 2780 987; x_wconf 89' lang='lat' dir='ltr'><strong>quod</strong></span> <span class='ocrx_word' id='word_1_388' title='bbox 2810 931 2895 970; x_wconf 88' lang='lat' dir='ltr'><strong>res</strong></span> <span class='ocrx_word' id='word_1_389' title='bbox 2918 916 3029 983; x_wconf 88' lang='lat' dir='ltr'><strong>ipsa</strong></span> <span class='ocrx_word' id='word_1_390' title='bbox 3054 923 3158 977; x_wconf 90' lang='lat' dir='ltr'><strong>est,</strong></span> <span class='ocrx_word' id='word_1_391' title='bbox 3193 913 3367 982; x_wconf 87' lang='lat' dir='ltr'><strong>palam</strong></span> <span class='ocrx_word' id='word_1_392' title='bbox 3395 910 3575 964; x_wconf 90' lang='lat' dir='ltr'><strong>dicere</strong></span> 
     </span>
    </p>
   </div>
   <div class='ocr_carea' id='block_1_51' title="bbox 2017 998 3577 1078">
    <p class='ocr_par' dir='ltr' id='par_1_51' title="bbox 2017 998 3577 1078">
     <span class='ocr_line' id='line_1_51' title="bbox 2017 998 3577 1078; baseline -0.01 -13"><span class='ocrx_word' id='word_1_393' title='bbox 2017 1012 2164 1076; x_wconf 88' lang='lat' dir='ltr'><strong>licet,</strong></span> <span class='ocrx_word' id='word_1_394' title='bbox 2218 1012 2503 1067; x_wconf 90' lang='lat' dir='ltr'><strong>Dominum</strong></span> <span class='ocrx_word' id='word_1_395' title='bbox 2558 1009 2647 1078; x_wconf 90' lang='lat' dir='ltr'><strong>qui</strong></span> <span class='ocrx_word' id='word_1_396' title='bbox 2697 1022 2791 1063; x_wconf 92' lang='lat' dir='ltr'><strong>eos</strong></span> <span class='ocrx_word' id='word_1_397' title='bbox 2838 1005 3086 1070; x_wconf 83' lang='lat' dir='ltr'><strong>redemit,</strong></span> <span class='ocrx_word' id='word_1_398' title='bbox 3133 1004 3235 1057; x_wconf 88' lang='lat' dir='ltr'><strong>hoc</strong></span> <span class='ocrx_word' id='word_1_399' title='bbox 3276 1010 3380 1067; x_wconf 88' lang='lat' dir='ltr'><strong>est,</strong></span> <span class='ocrx_word' id='word_1_400' title='bbox 3415 998 3577 1054; x_wconf 81' lang='lat' dir='ltr'><strong>Chri-</strong></span> 
     </span>
    </p>
   </div>
   <div class='ocr_carea' id='block_1_52' title="bbox 2015 1088 3578 1167">
    <p class='ocr_par' dir='ltr' id='par_1_52' title="bbox 2015 1088 3578 1167">
     <span class='ocr_line' id='line_1_52' title="bbox 2015 1088 3578 1167; baseline -0.01 -10"><span class='ocrx_word' id='word_1_401' title='bbox 2015 1111 2180 1167; x_wconf 88' lang='lat' dir='ltr'><strong>stum,</strong></span> <span class='ocrx_word' id='word_1_402' title='bbox 2240 1101 2570 1156; x_wconf 87' lang='lat' dir='ltr'><strong>inﬁciantur.</strong></span> <span class='ocrx_word' id='word_1_403' title='bbox 2627 1098 3021 1154; x_wconf 74' lang='lat' dir='ltr'><strong>Verumtamen</strong></span> <span class='ocrx_word' id='word_1_404' title='bbox 3085 1093 3294 1163; x_wconf 84' lang='lat' dir='ltr'><strong>piorum</strong></span> <span class='ocrx_word' id='word_1_405' title='bbox 3337 1091 3406 1144; x_wconf 94' lang='lat' dir='ltr'><strong>ob</strong></span> <span class='ocrx_word' id='word_1_406' title='bbox 3442 1088 3578 1142; x_wconf 85' lang='lat' dir='ltr'><strong>hanc</strong></span> 
     </span>
    </p>
   </div>
   <div class='ocr_carea' id='block_1_53' title="bbox 2016 1180 3579 1258">
    <p class='ocr_par' dir='ltr' id='par_1_53' title="bbox 2016 1180 3579 1258">
     <span class='ocr_line' id='line_1_53' title="bbox 2016 1180 3579 1258; baseline -0.012 -9"><span class='ocrx_word' id='word_1_407' title='bbox 2016 1208 2129 1249; x_wconf 88' lang='lat' dir='ltr'><strong>rem</strong></span> <span class='ocrx_word' id='word_1_408' title='bbox 2178 1191 2566 1257; x_wconf 70' lang='lat' dir='ltr'><strong>offensionem,</strong></span> <span class='ocrx_word' id='word_1_409' title='bbox 2622 1191 2906 1258; x_wconf 82' lang='lat' dir='ltr'><strong>zelumque</strong></span> <span class='ocrx_word' id='word_1_410' title='bbox 2956 1183 3300 1240; x_wconf 75' lang='lat' dir='ltr'><strong>aemulatione</strong></span> <span class='ocrx_word' id='word_1_411' title='bbox 3359 1180 3579 1249; x_wconf 88' lang='lat' dir='ltr'><strong>dignum</strong></span> 
     </span>
    </p>
   </div>
   <div class='ocr_carea' id='block_1_54' title="bbox 2017 1277 3582 1354">
    <p class='ocr_par' dir='ltr' id='par_1_54' title="bbox 2017 1277 3582 1354">
     <span class='ocr_line' id='line_1_54' title="bbox 2017 1277 3582 1354; baseline -0.011 -14"><span class='ocrx_word' id='word_1_412' title='bbox 2017 1294 2341 1350; x_wconf 87' lang='lat' dir='ltr'><strong>metuentes,</strong></span> <span class='ocrx_word' id='word_1_413' title='bbox 2371 1300 2493 1340; x_wconf 90' lang='lat' dir='ltr'><strong>eum</strong></span> <span class='ocrx_word' id='word_1_414' title='bbox 2528 1284 2620 1354; x_wconf 86' lang='lat' dir='ltr'><strong>qui</strong></span> <span class='ocrx_word' id='word_1_415' title='bbox 2653 1299 2719 1337; x_wconf 80' lang='lat' dir='ltr'><strong>ex</strong></span> <span class='ocrx_word' id='word_1_416' title='bbox 2752 1296 2907 1336; x_wconf 85' lang='lat' dir='ltr'><strong>sacra</strong></span> <span class='ocrx_word' id='word_1_417' title='bbox 2945 1277 3160 1348; x_wconf 77' lang='lat' dir='ltr'><strong>Virgine</strong></span> <span class='ocrx_word' id='word_1_418' title='bbox 3190 1282 3347 1330; x_wconf 89' lang='lat' dir='ltr'><strong>natus</strong></span> <span class='ocrx_word' id='word_1_419' title='bbox 3381 1280 3497 1334; x_wconf 86' lang='lat' dir='ltr'><strong>est,</strong></span> <span class='ocrx_word' id='word_1_420' title='bbox 3527 1278 3582 1324; x_wconf 88' lang='lat' dir='ltr'><strong>et</strong></span> 
     </span>
    </p>
   </div>
   <div class='ocr_carea' id='block_1_55' title="bbox 2014 1364 3574 1439">
    <p class='ocr_par' dir='ltr' id='par_1_55' title="bbox 2014 1364 3574 1439">
     <span class='ocr_line' id='line_1_55' title="bbox 2014 1364 3574 1439; baseline -0.013 -6"><span class='ocrx_word' id='word_1_421' title='bbox 2014 1379 2179 1433; x_wconf 90' lang='lat' dir='ltr'><strong>Deum</strong></span> <span class='ocrx_word' id='word_1_422' title='bbox 2214 1391 2269 1434; x_wconf 89' lang='lat' dir='ltr'><strong>et</strong></span> <span class='ocrx_word' id='word_1_423' title='bbox 2292 1376 2601 1439; x_wconf 90' lang='lat' dir='ltr'><strong>Dominum,</strong></span> <span class='ocrx_word' id='word_1_424' title='bbox 2630 1384 2686 1430; x_wconf 92' lang='lat' dir='ltr'><strong>et</strong></span> <span class='ocrx_word' id='word_1_425' title='bbox 2729 1373 2822 1428; x_wconf 89' lang='lat' dir='ltr'><strong>Dei</strong></span> <span class='ocrx_word' id='word_1_426' title='bbox 2858 1372 3051 1426; x_wconf 89' lang='lat' dir='ltr'><strong>Filium</strong></span> <span class='ocrx_word' id='word_1_427' title='bbox 3079 1382 3203 1424; x_wconf 90' lang='lat' dir='ltr'><strong>esse</strong></span> <span class='ocrx_word' id='word_1_428' title='bbox 3231 1364 3574 1436; x_wconf 89' lang='lat' dir='ltr'><strong>proﬁtentur.</strong></span> 
     </span>
    </p>
   </div>
   <div class='ocr_carea' id='block_1_56' title="bbox 2014 1450 3583 1536">
    <p class='ocr_par' dir='ltr' id='par_1_56' title="bbox 2014 1450 3583 1536">
     <span class='ocr_line' id='line_1_56' title="bbox 2014 1450 3583 1536; baseline -0.012 -15"><span class='ocrx_word' id='word_1_429' title='bbox 2014 1466 2244 1535; x_wconf 77' lang='lat' dir='ltr'><strong>Quodsi</strong></span> <span class='ocrx_word' id='word_1_430' title='bbox 2288 1468 2381 1536; x_wconf 88' lang='lat' dir='ltr'><strong>qui</strong></span> <span class='ocrx_word' id='word_1_431' title='bbox 2426 1481 2491 1521; x_wconf 81' lang='lat' dir='ltr'><strong>ex</strong></span> <span class='ocrx_word' id='word_1_432' title='bbox 2537 1463 2849 1520; x_wconf 85' lang='lat' dir='ltr'><strong>rudioribus</strong></span> <span class='ocrx_word' id='word_1_433' title='bbox 2897 1460 3108 1516; x_wconf 90' lang='lat' dir='ltr'><strong>illorum</strong></span> <span class='ocrx_word' id='word_1_434' title='bbox 3138 1468 3413 1512; x_wconf 87' lang='lat' dir='ltr'><strong>sermones</strong></span> <span class='ocrx_word' id='word_1_435' title='bbox 3444 1450 3583 1506; x_wconf 83' lang='lat' dir='ltr'><strong>forte</strong></span> 
     </span>
    </p>
   </div>
   <div class='ocr_carea' id='block_1_57' title="bbox 2014 1544 3580 1625">
    <p class='ocr_par' dir='ltr' id='par_1_57' title="bbox 2014 1544 3580 1625">
     <span class='ocr_line' id='line_1_57' title="bbox 2014 1544 3580 1625; baseline -0.011 -13"><span class='ocrx_word' id='word_1_436' title='bbox 2014 1559 2289 1625; x_wconf 90' lang='lat' dir='ltr'><strong>hauriunt,</strong></span> <span class='ocrx_word' id='word_1_437' title='bbox 2316 1567 2462 1613; x_wconf 88' lang='lat' dir='ltr'><strong>recta</strong></span> <span class='ocrx_word' id='word_1_438' title='bbox 2486 1571 2631 1621; x_wconf 81' lang='lat' dir='ltr'><strong>mox,</strong></span> <span class='ocrx_word' id='word_1_439' title='bbox 2652 1564 2709 1609; x_wconf 90' lang='lat' dir='ltr'><strong>ut</strong></span> <span class='ocrx_word' id='word_1_440' title='bbox 2743 1551 3023 1624; x_wconf 89' lang='lat' dir='ltr'><strong>probabile</strong></span> <span class='ocrx_word' id='word_1_441' title='bbox 3053 1557 3155 1613; x_wconf 92' lang='lat' dir='ltr'><strong>est,</strong></span> <span class='ocrx_word' id='word_1_442' title='bbox 3176 1555 3228 1603; x_wconf 92' lang='lat' dir='ltr'><strong>et</strong></span> <span class='ocrx_word' id='word_1_443' title='bbox 3257 1544 3364 1617; x_wconf 65' lang='grc'>47</span> <span class='ocrx_word' id='word_1_444' title='bbox 3384 1556 3580 1599; x_wconf 81' lang='lat' dir='ltr'><strong>conve-</strong></span> 
     </span>
    </p>
   </div>
   <div class='ocr_carea' id='block_1_58' title="bbox 2012 1630 3580 1717">
    <p class='ocr_par' dir='ltr' id='par_1_58' title="bbox 2012 1630 3580 1717">
     <span class='ocr_line' id='line_1_58' title="bbox 2012 1630 3580 1717; baseline -0.013 -12"><span class='ocrx_word' id='word_1_445' title='bbox 2012 1650 2235 1715; x_wconf 83' lang='lat' dir='ltr'><strong>nientia,</strong></span> <span class='ocrx_word' id='word_1_446' title='bbox 2270 1659 2325 1703; x_wconf 93' lang='lat' dir='ltr'><strong>et</strong></span> <span class='ocrx_word' id='word_1_447' title='bbox 2346 1664 2466 1717; x_wconf 63' lang='lat' dir='ltr'><strong>qua:</strong></span> <span class='ocrx_word' id='word_1_448' title='bbox 2498 1662 2527 1702; x_wconf 71' lang='grc' dir='ltr'><strong>δ</strong></span> <span class='ocrx_word' id='word_1_449' title='bbox 2562 1647 2791 1702; x_wconf 82' lang='lat' dir='ltr'><strong>veritate</strong></span> <span class='ocrx_word' id='word_1_450' title='bbox 2817 1660 2922 1699; x_wconf 88' lang='lat' dir='ltr'><strong>non</strong></span> <span class='ocrx_word' id='word_1_451' title='bbox 2959 1638 3319 1703; x_wconf 85' lang='lat' dir='ltr'><strong>dissentiant,</strong></span> <span class='ocrx_word' id='word_1_452' title='bbox 3348 1633 3468 1689; x_wconf 91' lang='lat' dir='ltr'><strong>illos</strong></span> <span class='ocrx_word' id='word_1_453' title='bbox 3501 1630 3580 1685; x_wconf 88' lang='lat' dir='ltr'><strong>lo-</strong></span> 
     </span>
    </p>
   </div>
   <div class='ocr_carea' id='block_1_59' title="bbox 2010 1723 3580 1808">
    <p class='ocr_par' dir='ltr' id='par_1_59' title="bbox 2010 1723 3580 1808">
     <span class='ocr_line' id='line_1_59' title="bbox 2010 1723 3580 1808; baseline -0.011 -16"><span class='ocrx_word' id='word_1_454' title='bbox 2010 1738 2102 1808; x_wconf 90' lang='lat' dir='ltr'><strong>qui</strong></span> <span class='ocrx_word' id='word_1_455' title='bbox 2131 1738 2484 1791; x_wconf 88' lang='lat' dir='ltr'><strong>arbitrantur.</strong></span> <span class='ocrx_word' id='word_1_456' title='bbox 2533 1736 2731 1790; x_wconf 91' lang='lat' dir='ltr'><strong>Verum</strong></span> <span class='ocrx_word' id='word_1_457' title='bbox 2767 1735 2858 1804; x_wconf 88' lang='lat' dir='ltr'><strong>qui</strong></span> <span class='ocrx_word' id='word_1_458' title='bbox 2899 1733 3042 1787; x_wconf 89' lang='lat' dir='ltr'><strong>dicta</strong></span> <span class='ocrx_word' id='word_1_459' title='bbox 3088 1728 3300 1783; x_wconf 88' lang='lat' dir='ltr'><strong>illorum</strong></span> <span class='ocrx_word' id='word_1_460' title='bbox 3339 1723 3580 1779; x_wconf 79' lang='lat' dir='ltr'><strong>exactius</strong></span> 
     </span>
    </p>
   </div>
   <div class='ocr_carea' id='block_1_60' title="bbox 2013 1814 3579 1900">
    <p class='ocr_par' dir='ltr' id='par_1_60' title="bbox 2013 1814 3579 1900">
     <span class='ocr_line' id='line_1_60' title="bbox 2013 1814 3579 1900; baseline -0.01 -17"><span class='ocrx_word' id='word_1_461' title='bbox 2013 1839 2443 1900; x_wconf 87' lang='lat' dir='ltr'><strong>perscrutantur,</strong></span> <span class='ocrx_word' id='word_1_462' title='bbox 2476 1828 2716 1898; x_wconf 88' lang='lat' dir='ltr'><strong>etjustis</strong></span> <span class='ocrx_word' id='word_1_463' title='bbox 2746 1824 3074 1897; x_wconf 87' lang='lat' dir='ltr'><strong>ponderibus</strong></span> <span class='ocrx_word' id='word_1_464' title='bbox 3121 1818 3458 1882; x_wconf 84' lang='lat' dir='ltr'><strong>examinant,</strong></span> <span class='ocrx_word' id='word_1_465' title='bbox 3494 1814 3579 1868; x_wconf 84' lang='lat' dir='ltr'><strong>ui-</strong></span> 
     </span>
    </p>
   </div>
   <div class='ocr_carea' id='block_1_61' title="bbox 2013 1911 3583 1987">
    <p class='ocr_par' dir='ltr' id='par_1_61' title="bbox 2013 1911 3583 1987">
     <span class='ocr_line' id='line_1_61' title="bbox 2013 1911 3583 1987; baseline -0.01 -12"><span class='ocrx_word' id='word_1_466' title='bbox 2013 1921 2086 1975; x_wconf 87' lang='lat' dir='ltr'><strong>bil</strong></span> <span class='ocrx_word' id='word_1_467' title='bbox 2134 1936 2238 1975; x_wconf 92' lang='lat' dir='ltr'><strong>non</strong></span> <span class='ocrx_word' id='word_1_468' title='bbox 2277 1922 2517 1974; x_wconf 81' lang='lat' dir='ltr'><strong>fucatum</strong></span> <span class='ocrx_word' id='word_1_469' title='bbox 2554 1934 2619 1973; x_wconf 89' lang='lat' dir='ltr'><strong>ac</strong></span> <span class='ocrx_word' id='word_1_470' title='bbox 2671 1918 2982 1987; x_wconf 81' lang='lat' dir='ltr'><strong>perplexum</strong></span> <span class='ocrx_word' id='word_1_471' title='bbox 3037 1911 3377 1982; x_wconf 85' lang='lat' dir='ltr'><strong>comperiunt</strong></span> <span class='ocrx_word' id='word_1_472' title='bbox 3408 1925 3423 1963; x_wconf 89' lang='lat'><strong>:</strong></span> <span class='ocrx_word' id='word_1_473' title='bbox 3457 1915 3583 1963; x_wconf 89' lang='lat' dir='ltr'><strong>sunt</strong></span> 
     </span>
    </p>
   </div>
   <div class='ocr_carea' id='block_1_62' title="bbox 2010 1998 3579 2071">
    <p class='ocr_par' dir='ltr' id='par_1_62' title="bbox 2010 1998 3579 2071">
     <span class='ocr_line' id='line_1_62' title="bbox 2010 1998 3579 2071; baseline -0.011 -3"><span class='ocrx_word' id='word_1_474' title='bbox 2010 2013 2154 2068; x_wconf 89' lang='lat' dir='ltr'><strong>enim</strong></span> <span class='ocrx_word' id='word_1_475' title='bbox 2183 2012 2254 2067; x_wconf 86' lang='lat' dir='ltr'><strong>dii</strong></span> <span class='ocrx_word' id='word_1_476' title='bbox 2288 2010 2443 2067; x_wconf 88' lang='lat' dir='ltr'><strong>multi</strong></span> <span class='ocrx_word' id='word_1_477' title='bbox 2479 2019 2537 2067; x_wconf 79' lang='lat' dir='ltr'><strong>et</strong></span> <span class='ocrx_word' id='word_1_478' title='bbox 2586 2008 2789 2067; x_wconf 80' lang='lat' dir='ltr'><strong>domini</strong></span> <span class='ocrx_word' id='word_1_479' title='bbox 2835 2006 3006 2071; x_wconf 88' lang='lat' dir='ltr'><strong>mulli,</strong></span> <span class='ocrx_word' id='word_1_480' title='bbox 3049 2014 3104 2060; x_wconf 90' lang='lat' dir='ltr'><strong>et</strong></span> <span class='ocrx_word' id='word_1_481' title='bbox 3148 2004 3202 2059; x_wconf 90' lang='lat' dir='ltr'><strong>in</strong></span> <span class='ocrx_word' id='word_1_482' title='bbox 3250 1999 3388 2058; x_wconf 89' lang='lat' dir='ltr'><strong>coelo</strong></span> <span class='ocrx_word' id='word_1_483' title='bbox 3423 2008 3483 2055; x_wconf 89' lang='lat' dir='ltr'><strong>et</strong></span> <span class='ocrx_word' id='word_1_484' title='bbox 3526 1998 3579 2052; x_wconf 87' lang='lat' dir='ltr'><strong>in</strong></span> 
     </span>
    </p>
   </div>
   <div class='ocr_carea' id='block_1_63' title="bbox 2010 2094 3579 2174">
    <p class='ocr_par' dir='ltr' id='par_1_63' title="bbox 2010 2094 3579 2174">
     <span class='ocr_line' id='line_1_63' title="bbox 2010 2094 3579 2174; baseline -0.01 -15"><span class='ocrx_word' id='word_1_485' title='bbox 2010 2112 2176 2168; x_wconf 88' lang='lat' dir='ltr'><strong>terra,</strong></span> <span class='ocrx_word' id='word_1_486' title='bbox 2200 2103 2655 2174; x_wconf 87' lang='lat' dir='ltr'><strong>quemadmodum</strong></span> <span class='ocrx_word' id='word_1_487' title='bbox 2691 2100 2902 2155; x_wconf 85' lang='lat' dir='ltr'><strong>divinus</strong></span> <span class='ocrx_word' id='word_1_488' title='bbox 2937 2097 3134 2151; x_wconf 84' lang='lat' dir='ltr'><strong>Paulus</strong></span> <span class='ocrx_word' id='word_1_489' title='bbox 3178 2094 3441 2162; x_wconf 87' lang='lat' dir='ltr'><strong>scriptum</strong></span> <span class='ocrx_word' id='word_1_490' title='bbox 3476 2104 3579 2144; x_wconf 89' lang='lat' dir='ltr'><strong>no-</strong></span> 
     </span>
    </p>
   </div>
   <div class='ocr_carea' id='block_1_64' title="bbox 2007 2183 3577 2265">
    <p class='ocr_par' dir='ltr' id='par_1_64' title="bbox 2007 2183 3577 2265">
     <span class='ocr_line' id='line_1_64' title="bbox 2007 2183 3577 2265; baseline -0.011 -14"><span class='ocrx_word' id='word_1_491' title='bbox 2007 2196 2093 2251; x_wconf 86' lang='lat' dir='ltr'><strong>bis</strong></span> <span class='ocrx_word' id='word_1_492' title='bbox 2126 2196 2341 2265; x_wconf 86' lang='lat' dir='ltr'><strong>reliquit</strong></span> <span class='ocrx_word' id='word_1_493' title='bbox 2372 2211 2385 2247; x_wconf 91' lang='lat'><strong>:</strong></span> <span class='ocrx_word' id='word_1_494' title='bbox 2434 2214 2453 2247; x_wconf 78' lang='grc' dir='ltr'><strong>ι</strong></span> <span class='ocrx_word' id='word_1_495' title='bbox 2496 2193 2663 2249; x_wconf 84' lang='lat' dir='ltr'><strong>Nobis</strong></span> <span class='ocrx_word' id='word_1_496' title='bbox 2701 2202 2880 2247; x_wconf 85' lang='lat' dir='ltr'><strong>tamen</strong></span> <span class='ocrx_word' id='word_1_497' title='bbox 2925 2205 3063 2244; x_wconf 90' lang='lat' dir='ltr'><strong>unus</strong></span> <span class='ocrx_word' id='word_1_498' title='bbox 3098 2196 3179 2243; x_wconf 90' lang='lat' dir='ltr'><strong>est</strong></span> <span class='ocrx_word' id='word_1_499' title='bbox 3220 2187 3359 2240; x_wconf 84' lang='lat' dir='ltr'><strong>Deus</strong></span> <span class='ocrx_word' id='word_1_500' title='bbox 3396 2183 3577 2245; x_wconf 87' lang='lat' dir='ltr'><strong>Pater,</strong></span> 
     </span>
    </p>
   </div>
   <div class='ocr_carea' id='block_1_65' title="bbox 2007 2272 3578 2356">
    <p class='ocr_par' dir='ltr' id='par_1_65' title="bbox 2007 2272 3578 2356">
     <span class='ocr_line' id='line_1_65' title="bbox 2007 2272 3578 2356; baseline -0.01 -15"><span class='ocrx_word' id='word_1_501' title='bbox 2007 2302 2074 2341; x_wconf 80' lang='lat' dir='ltr'><strong>ex</strong></span> <span class='ocrx_word' id='word_1_502' title='bbox 2106 2302 2211 2356; x_wconf 91' lang='lat' dir='ltr'><strong>quo</strong></span> <span class='ocrx_word' id='word_1_503' title='bbox 2234 2286 2439 2352; x_wconf 88' lang='lat' dir='ltr'><strong>omnia,</strong></span> <span class='ocrx_word' id='word_1_504' title='bbox 2474 2294 2531 2340; x_wconf 89' lang='lat' dir='ltr'><strong>et</strong></span> <span class='ocrx_word' id='word_1_505' title='bbox 2576 2299 2675 2339; x_wconf 87' lang='lat' dir='ltr'><strong>nos</strong></span> <span class='ocrx_word' id='word_1_506' title='bbox 2720 2284 2775 2338; x_wconf 90' lang='lat' dir='ltr'><strong>in</strong></span> <span class='ocrx_word' id='word_1_507' title='bbox 2816 2281 3008 2337; x_wconf 91' lang='lat' dir='ltr'><strong>illum:</strong></span> <span class='ocrx_word' id='word_1_508' title='bbox 3054 2288 3109 2334; x_wconf 92' lang='lat' dir='ltr'><strong>et</strong></span> <span class='ocrx_word' id='word_1_509' title='bbox 3146 2291 3287 2332; x_wconf 88' lang='lat' dir='ltr'><strong>unus</strong></span> <span class='ocrx_word' id='word_1_510' title='bbox 3321 2272 3578 2328; x_wconf 89' lang='lat' dir='ltr'><strong>Dominus</strong></span> 
     </span>
    </p>
   </div>
   <div class='ocr_carea' id='block_1_66' title="bbox 2009 2369 3577 2444">
    <p class='ocr_par' dir='ltr' id='par_1_66' title="bbox 2009 2369 3577 2444">
     <span class='ocr_line' id='line_1_66' title="bbox 2009 2369 3577 2444; baseline -0.012 -11"><span class='ocrx_word' id='word_1_511' title='bbox 2009 2388 2193 2433; x_wconf 89' lang='lat' dir='ltr'><strong>noster</strong></span> <span class='ocrx_word' id='word_1_512' title='bbox 2223 2376 2379 2432; x_wconf 87' lang='lat' dir='ltr'><strong>Jesus</strong></span> <span class='ocrx_word' id='word_1_513' title='bbox 2412 2376 2679 2442; x_wconf 87' lang='lat' dir='ltr'><strong>Christus,</strong></span> <span class='ocrx_word' id='word_1_514' title='bbox 2715 2389 2807 2444; x_wconf 91' lang='lat' dir='ltr'><strong>per</strong></span> <span class='ocrx_word' id='word_1_515' title='bbox 2839 2387 2999 2442; x_wconf 88' lang='lat' dir='ltr'><strong>quem</strong></span> <span class='ocrx_word' id='word_1_516' title='bbox 3029 2369 3231 2431; x_wconf 89' lang='lat' dir='ltr'><strong>omnia,</strong></span> <span class='ocrx_word' id='word_1_517' title='bbox 3268 2372 3323 2421; x_wconf 86' lang='lat' dir='ltr'><strong>et</strong></span> <span class='ocrx_word' id='word_1_518' title='bbox 3356 2376 3452 2418; x_wconf 90' lang='lat' dir='ltr'><strong>nos</strong></span> <span class='ocrx_word' id='word_1_519' title='bbox 3481 2375 3577 2430; x_wconf 89' lang='lat' dir='ltr'><strong>per</strong></span> 
     </span>
    </p>
   </div>
   <div class='ocr_carea' id='block_1_67' title="bbox 2006 2451 3577 2539">
    <p class='ocr_par' dir='ltr' id='par_1_67' title="bbox 2006 2451 3577 2539">
     <span class='ocr_line' id='line_1_67' title="bbox 2006 2451 3577 2539; baseline -0.013 -14"><span class='ocrx_word' id='word_1_520' title='bbox 2006 2468 2183 2539; x_wconf 88' lang='lat' dir='ltr'><strong>ipsum</strong></span> <span class='ocrx_word' id='word_1_521' title='bbox 2208 2469 2277 2522; x_wconf 90' lang='lat'><strong>&quot;°.</strong></span> <span class='ocrx_word' id='word_1_522' title='bbox 2314 2486 2333 2520; x_wconf 73' lang='grc' dir='ltr'><strong>ι</strong></span> <span class='ocrx_word' id='word_1_523' title='bbox 2366 2469 2630 2523; x_wconf 75' lang='lat' dir='ltr'><strong>Caeterum</strong></span> <span class='ocrx_word' id='word_1_524' title='bbox 2674 2480 2795 2521; x_wconf 91' lang='lat' dir='ltr'><strong>cum</strong></span> <span class='ocrx_word' id='word_1_525' title='bbox 2838 2464 2931 2518; x_wconf 92' lang='lat' dir='ltr'><strong>Dei</strong></span> <span class='ocrx_word' id='word_1_526' title='bbox 2979 2461 3157 2515; x_wconf 85' lang='lat' dir='ltr'><strong>Patris</strong></span> <span class='ocrx_word' id='word_1_527' title='bbox 3184 2458 3421 2513; x_wconf 85' lang='lat' dir='ltr'><strong>Verbum</strong></span> <span class='ocrx_word' id='word_1_528' title='bbox 3464 2451 3577 2507; x_wconf 87' lang='lat' dir='ltr'><strong>hu-</strong></span> 
     </span>
    </p>
   </div>
   <div class='ocr_carea' id='block_1_68' title="bbox 2007 2549 3574 2624">
    <p class='ocr_par' dir='ltr' id='par_1_68' title="bbox 2007 2549 3574 2624">
     <span class='ocr_line' id='line_1_68' title="bbox 2007 2549 3574 2624; baseline -0.01 -10"><span class='ocrx_word' id='word_1_529' title='bbox 2007 2576 2164 2614; x_wconf 86' lang='lat' dir='ltr'><strong>mana</strong></span> <span class='ocrx_word' id='word_1_530' title='bbox 2199 2558 2369 2614; x_wconf 78' lang='lat' dir='ltr'><strong>forma</strong></span> <span class='ocrx_word' id='word_1_531' title='bbox 2399 2559 2672 2624; x_wconf 86' lang='lat' dir='ltr'><strong>indutum,</strong></span> <span class='ocrx_word' id='word_1_532' title='bbox 2704 2555 2885 2612; x_wconf 87' lang='lat' dir='ltr'><strong>Jesum</strong></span> <span class='ocrx_word' id='word_1_533' title='bbox 2912 2553 3187 2609; x_wconf 87' lang='lat' dir='ltr'><strong>Christum</strong></span> <span class='ocrx_word' id='word_1_534' title='bbox 3211 2549 3574 2609; x_wconf 87' lang='lat' dir='ltr'><strong>nominamus,</strong></span> 
     </span>
    </p>
   </div>
   <div class='ocr_carea' id='block_1_69' title="bbox 2005 2638 3573 2723">
    <p class='ocr_par' dir='ltr' id='par_1_69' title="bbox 2005 2638 3573 2723">
     <span class='ocr_line' id='line_1_69' title="bbox 2005 2638 3573 2723; baseline -0.011 -15"><span class='ocrx_word' id='word_1_535' title='bbox 2005 2654 2322 2723; x_wconf 80' lang='lat' dir='ltr'><strong>dignitatem</strong></span> <span class='ocrx_word' id='word_1_536' title='bbox 2357 2652 2504 2707; x_wconf 86' lang='lat' dir='ltr'><strong>hanc</strong></span> <span class='ocrx_word' id='word_1_537' title='bbox 2536 2667 2642 2706; x_wconf 92' lang='lat' dir='ltr'><strong>non</strong></span> <span class='ocrx_word' id='word_1_538' title='bbox 2679 2652 2887 2703; x_wconf 87' lang='lat' dir='ltr'><strong>muneri</strong></span> <span class='ocrx_word' id='word_1_539' title='bbox 2921 2647 3127 2709; x_wconf 88' lang='lat' dir='ltr'><strong>datam,</strong></span> <span class='ocrx_word' id='word_1_540' title='bbox 3159 2651 3254 2715; x_wconf 79' lang='lat' dir='ltr'><strong>aut</strong></span> <span class='ocrx_word' id='word_1_541' title='bbox 3285 2641 3335 2696; x_wconf 87' lang='lat' dir='ltr'><strong>ei</strong></span> <span class='ocrx_word' id='word_1_542' title='bbox 3365 2638 3573 2695; x_wconf 82' lang='lat' dir='ltr'><strong>extrin-</strong></span> 
     </span>
    </p>
   </div>
   <div class='ocr_carea' id='block_1_70' title="bbox 2003 2727 3577 2809">
    <p class='ocr_par' dir='ltr' id='par_1_70' title="bbox 2003 2727 3577 2809">
     <span class='ocr_line' id='line_1_70' title="bbox 2003 2727 3577 2809; baseline -0.011 -11"><span class='ocrx_word' id='word_1_543' title='bbox 2003 2757 2161 2798; x_wconf 86' lang='lat' dir='ltr'><strong>secus</strong></span> <span class='ocrx_word' id='word_1_544' title='bbox 2194 2742 2548 2796; x_wconf 89' lang='lat' dir='ltr'><strong>adventitiam</strong></span> <span class='ocrx_word' id='word_1_545' title='bbox 2584 2739 2845 2809; x_wconf 86' lang='lat' dir='ltr'><strong>obtigisse</strong></span> <span class='ocrx_word' id='word_1_546' title='bbox 2878 2734 3277 2808; x_wconf 87' lang='lat' dir='ltr'><strong>signiﬁcamus;</strong></span> <span class='ocrx_word' id='word_1_547' title='bbox 3313 2730 3406 2784; x_wconf 83' lang='lat' dir='ltr'><strong>sed</strong></span> <span class='ocrx_word' id='word_1_548' title='bbox 3434 2727 3577 2797; x_wconf 91' lang='lat' dir='ltr'><strong>quod</strong></span> 
     </span>
    </p>
   </div>
   <div class='ocr_carea' id='block_1_71' title="bbox 2003 2821 3573 2898">
    <p class='ocr_par' dir='ltr' id='par_1_71' title="bbox 2003 2821 3573 2898">
     <span class='ocr_line' id='line_1_71' title="bbox 2003 2821 3573 2898; baseline -0.011 -9"><span class='ocrx_word' id='word_1_549' title='bbox 2003 2834 2269 2889; x_wconf 86' lang='lat' dir='ltr'><strong>creditum</strong></span> <span class='ocrx_word' id='word_1_550' title='bbox 2300 2841 2385 2887; x_wconf 90' lang='lat' dir='ltr'><strong>est</strong></span> <span class='ocrx_word' id='word_1_551' title='bbox 2414 2845 2556 2896; x_wconf 89' lang='lat' dir='ltr'><strong>esse,</strong></span> <span class='ocrx_word' id='word_1_552' title='bbox 2592 2832 2695 2885; x_wconf 86' lang='lat' dir='ltr'><strong>hoc</strong></span> <span class='ocrx_word' id='word_1_553' title='bbox 2731 2831 2902 2898; x_wconf 88' lang='lat' dir='ltr'><strong>ipsum</strong></span> <span class='ocrx_word' id='word_1_554' title='bbox 2946 2824 3247 2881; x_wconf 81' lang='lat' dir='ltr'><strong>secundum</strong></span> <span class='ocrx_word' id='word_1_555' title='bbox 3294 2821 3573 2875; x_wconf 85' lang='lat' dir='ltr'><strong>veritatem</strong></span> 
     </span>
    </p>
   </div>
   <div class='ocr_carea' id='block_1_72' title="bbox 2002 2921 3577 2983">
    <p class='ocr_par' dir='ltr' id='par_1_72' title="bbox 2002 2921 3577 2983">
     <span class='ocr_line' id='line_1_72' title="bbox 2002 2921 3577 2983; baseline -0.01 -4"><span class='ocrx_word' id='word_1_556' title='bbox 2002 2938 2124 2979; x_wconf 86' lang='lat' dir='ltr'><strong>esse</strong></span> <span class='ocrx_word' id='word_1_557' title='bbox 2147 2923 2468 2978; x_wconf 89' lang='lat' dir='ltr'><strong>indicamus.</strong></span> <span class='ocrx_word' id='word_1_558' title='bbox 2496 2921 2630 2975; x_wconf 84' lang='lat' dir='ltr'><strong>Nam</strong></span> <span class='ocrx_word' id='word_1_559' title='bbox 2658 2936 2781 2977; x_wconf 90' lang='lat' dir='ltr'><strong>cum</strong></span> <span class='ocrx_word' id='word_1_560' title='bbox 2816 2928 2970 2974; x_wconf 82' lang='lat' dir='ltr'><strong>extra</strong></span> <span class='ocrx_word' id='word_1_561' title='bbox 2998 2930 3221 2972; x_wconf 84' lang='lat' dir='ltr'><strong>carnem</strong></span> <span class='ocrx_word' id='word_1_562' title='bbox 3261 2924 3449 2983; x_wconf 90' lang='lat' dir='ltr'><strong>suapte</strong></span> <span class='ocrx_word' id='word_1_563' title='bbox 3480 2927 3577 2966; x_wconf 88' lang='lat' dir='ltr'><strong>na-</strong></span> 
     </span>
    </p>
   </div>
   <div class='ocr_carea' id='block_1_73' title="bbox 2004 3003 3577 3084">
    <p class='ocr_par' dir='ltr' id='par_1_73' title="bbox 2004 3003 3577 3084">
     <span class='ocr_line' id='line_1_73' title="bbox 2004 3003 3577 3084; baseline -0.008 -14"><span class='ocrx_word' id='word_1_564' title='bbox 2004 3024 2129 3070; x_wconf 90' lang='lat' dir='ltr'><strong>tura</strong></span> <span class='ocrx_word' id='word_1_565' title='bbox 2166 3014 2307 3070; x_wconf 91' lang='lat' dir='ltr'><strong>Deus</strong></span> <span class='ocrx_word' id='word_1_566' title='bbox 2338 3024 2506 3079; x_wconf 90' lang='lat' dir='ltr'><strong>esset,</strong></span> <span class='ocrx_word' id='word_1_567' title='bbox 2538 3023 2895 3084; x_wconf 89' lang='lat' dir='ltr'><strong>posteaquam</strong></span> <span class='ocrx_word' id='word_1_568' title='bbox 2944 3022 3161 3064; x_wconf 89' lang='lat' dir='ltr'><strong>carnem</strong></span> <span class='ocrx_word' id='word_1_569' title='bbox 3211 3006 3402 3072; x_wconf 87' lang='lat' dir='ltr'><strong>induit,</strong></span> <span class='ocrx_word' id='word_1_570' title='bbox 3436 3003 3577 3058; x_wconf 85' lang='lat' dir='ltr'><strong>Deus</strong></span> 
     </span>
    </p>
   </div>
   <div class='ocr_carea' id='block_1_74' title="bbox 2001 3103 3574 3165">
    <p class='ocr_par' dir='ltr' id='par_1_74' title="bbox 2001 3103 3574 3165">
     <span class='ocr_line' id='line_1_74' title="bbox 2001 3103 3574 3165; baseline -0.009 -3"><span class='ocrx_word' id='word_1_571' title='bbox 2001 3121 2123 3162; x_wconf 76' lang='lat' dir='ltr'><strong>esse</strong></span> <span class='ocrx_word' id='word_1_572' title='bbox 2158 3120 2264 3161; x_wconf 88' lang='lat' dir='ltr'><strong>non</strong></span> <span class='ocrx_word' id='word_1_573' title='bbox 2309 3106 2539 3161; x_wconf 88' lang='lat' dir='ltr'><strong>destitit.</strong></span> <span class='ocrx_word' id='word_1_574' title='bbox 2596 3103 2829 3159; x_wconf 85' lang='lat' dir='ltr'><strong>Rursum</strong></span> <span class='ocrx_word' id='word_1_575' title='bbox 2887 3117 3014 3157; x_wconf 87' lang='lat' dir='ltr'><strong>cum</strong></span> <span class='ocrx_word' id='word_1_576' title='bbox 3065 3108 3191 3154; x_wconf 86' lang='lat' dir='ltr'><strong>ante</strong></span> <span class='ocrx_word' id='word_1_577' title='bbox 3246 3104 3574 3165; x_wconf 86' lang='lat' dir='ltr'><strong>assumptam</strong></span> 
     </span>
    </p>
   </div>
   <div class='ocr_carea' id='block_1_75' title="bbox 2005 3190 3578 3261">
    <p class='ocr_par' dir='ltr' id='par_1_75' title="bbox 2005 3190 3578 3261">
     <span class='ocr_line' id='line_1_75' title="bbox 2005 3190 3578 3261; baseline -0.008 -7"><span class='ocrx_word' id='word_1_578' title='bbox 2005 3212 2229 3254; x_wconf 88' lang='lat' dir='ltr'><strong>carnem</strong></span> <span class='ocrx_word' id='word_1_579' title='bbox 2283 3195 2550 3252; x_wconf 88' lang='lat' dir='ltr'><strong>naturalis</strong></span> <span class='ocrx_word' id='word_1_580' title='bbox 2601 3196 2695 3251; x_wconf 91' lang='lat' dir='ltr'><strong>Dei</strong></span> <span class='ocrx_word' id='word_1_581' title='bbox 2753 3194 2924 3250; x_wconf 90' lang='lat' dir='ltr'><strong>Filius</strong></span> <span class='ocrx_word' id='word_1_582' title='bbox 2962 3203 3137 3258; x_wconf 89' lang='lat' dir='ltr'><strong>esset,</strong></span> <span class='ocrx_word' id='word_1_583' title='bbox 3184 3190 3401 3261; x_wconf 87' lang='lat' dir='ltr'><strong>quando</strong></span> <span class='ocrx_word' id='word_1_584' title='bbox 3447 3203 3578 3243; x_wconf 89' lang='lat' dir='ltr'><strong>caro</strong></span> 
     </span>
    </p>
   </div>
   <div class='ocr_carea' id='block_1_76' title="bbox 1998 3279 3577 3360">
    <p class='ocr_par' dir='ltr' id='par_1_76' title="bbox 1998 3279 3577 3360">
     <span class='ocr_line' id='line_1_76' title="bbox 1998 3279 3577 3360; baseline -0.008 -15"><span class='ocrx_word' id='word_1_585' title='bbox 1998 3290 2109 3360; x_wconf 83' lang='lat' dir='ltr'><strong>jam</strong></span> <span class='ocrx_word' id='word_1_586' title='bbox 2138 3289 2337 3345; x_wconf 84' lang='lat' dir='ltr'><strong>factum</strong></span> <span class='ocrx_word' id='word_1_587' title='bbox 2374 3297 2481 3354; x_wconf 90' lang='lat' dir='ltr'><strong>est,</strong></span> <span class='ocrx_word' id='word_1_588' title='bbox 2514 3287 2634 3343; x_wconf 83' lang='lat' dir='ltr'><strong>Filii</strong></span> <span class='ocrx_word' id='word_1_589' title='bbox 2668 3286 2932 3342; x_wconf 86' lang='lat' dir='ltr'><strong>rationem</strong></span> <span class='ocrx_word' id='word_1_590' title='bbox 2964 3300 3070 3339; x_wconf 92' lang='lat' dir='ltr'><strong>non</strong></span> <span class='ocrx_word' id='word_1_591' title='bbox 3106 3282 3307 3337; x_wconf 90' lang='lat' dir='ltr'><strong>amisit.</strong></span> <span class='ocrx_word' id='word_1_592' title='bbox 3334 3279 3577 3334; x_wconf 82' lang='lat' dir='ltr'><strong>Tandem</strong></span> 
     </span>
    </p>
   </div>
   <div class='ocr_carea' id='block_1_77' title="bbox 2000 3376 3581 3442">
    <p class='ocr_par' dir='ltr' id='par_1_77' title="bbox 2000 3376 3581 3442">
     <span class='ocr_line' id='line_1_77' title="bbox 2000 3376 3581 3442; baseline -0.009 -3"><span class='ocrx_word' id='word_1_593' title='bbox 2000 3399 2125 3439; x_wconf 88' lang='lat' dir='ltr'><strong>cum</strong></span> <span class='ocrx_word' id='word_1_594' title='bbox 2149 3383 2526 3437; x_wconf 84' lang='lat' dir='ltr'><strong>universorum</strong></span> <span class='ocrx_word' id='word_1_595' title='bbox 2561 3380 2822 3436; x_wconf 88' lang='lat' dir='ltr'><strong>Dominus</strong></span> <span class='ocrx_word' id='word_1_596' title='bbox 2853 3387 2977 3433; x_wconf 86' lang='lat' dir='ltr'><strong>ante</strong></span> <span class='ocrx_word' id='word_1_597' title='bbox 3021 3376 3335 3435; x_wconf 78' lang='lat' dir='ltr'><strong>exsisteret,</strong></span> <span class='ocrx_word' id='word_1_598' title='bbox 3370 3382 3581 3442; x_wconf 86' lang='lat' dir='ltr'><strong>postea-</strong></span> 
     </span>
    </p>
   </div>
   <div class='ocr_carea' id='block_1_78' title="bbox 2000 3460 3579 3544">
    <p class='ocr_par' dir='ltr' id='par_1_78' title="bbox 2000 3460 3579 3544">
     <span class='ocr_line' id='line_1_78' title="bbox 2000 3460 3579 3544; baseline -0.009 -16"><span class='ocrx_word' id='word_1_599' title='bbox 2000 3488 2162 3544; x_wconf 84' lang='lat' dir='ltr'><strong>quam</strong></span> <span class='ocrx_word' id='word_1_600' title='bbox 2194 3473 2430 3527; x_wconf 88' lang='lat' dir='ltr'><strong>humana</strong></span> <span class='ocrx_word' id='word_1_601' title='bbox 2463 3479 2655 3525; x_wconf 89' lang='lat' dir='ltr'><strong>natura</strong></span> <span class='ocrx_word' id='word_1_602' title='bbox 2682 3478 2934 3524; x_wconf 88' lang='lat' dir='ltr'><strong>ornatum</strong></span> <span class='ocrx_word' id='word_1_603' title='bbox 2961 3466 3185 3536; x_wconf 89' lang='lat' dir='ltr'><strong>prodiit,</strong></span> <span class='ocrx_word' id='word_1_604' title='bbox 3211 3463 3278 3518; x_wconf 92' lang='lat' dir='ltr'><strong>ab</strong></span> <span class='ocrx_word' id='word_1_605' title='bbox 3302 3476 3366 3517; x_wconf 80' lang='lat' dir='ltr'><strong>eo</strong></span> <span class='ocrx_word' id='word_1_606' title='bbox 3389 3460 3579 3516; x_wconf 84' lang='lat' dir='ltr'><strong>ordine</strong></span> 
     </span>
    </p>
   </div>
   <div class='ocr_carea' id='block_1_79' title="bbox 2000 3556 3577 3635">
    <p class='ocr_par' dir='ltr' id='par_1_79' title="bbox 2000 3556 3577 3635">
     <span class='ocr_line' id='line_1_79' title="bbox 2000 3556 3577 3635; baseline -0.009 -16"><span class='ocrx_word' id='word_1_607' title='bbox 2000 3575 2055 3619; x_wconf 91' lang='lat' dir='ltr'><strong>et</strong></span> <span class='ocrx_word' id='word_1_608' title='bbox 2085 3566 2350 3635; x_wconf 77' lang='lat' dir='ltr'><strong>dignitate</strong></span> <span class='ocrx_word' id='word_1_609' title='bbox 2376 3579 2484 3627; x_wconf 86' lang='lat' dir='ltr'><strong>non</strong></span> <span class='ocrx_word' id='word_1_610' title='bbox 2517 3563 2739 3617; x_wconf 85' lang='lat' dir='ltr'><strong>excidit.</strong></span> <span class='ocrx_word' id='word_1_611' title='bbox 2764 3561 2932 3631; x_wconf 86' lang='lat' dir='ltr'><strong>Igitur</strong></span> <span class='ocrx_word' id='word_1_612' title='bbox 2954 3560 2997 3613; x_wconf 92' lang='lat' dir='ltr'><strong>si</strong></span> <span class='ocrx_word' id='word_1_613' title='bbox 3030 3573 3176 3622; x_wconf 87' lang='lat' dir='ltr'><strong>eum,</strong></span> <span class='ocrx_word' id='word_1_614' title='bbox 3202 3556 3291 3627; x_wconf 89' lang='lat' dir='ltr'><strong>qui</strong></span> <span class='ocrx_word' id='word_1_615' title='bbox 3327 3570 3393 3610; x_wconf 82' lang='lat' dir='ltr'><strong>ex</strong></span> <span class='ocrx_word' id='word_1_616' title='bbox 3422 3569 3577 3610; x_wconf 86' lang='lat' dir='ltr'><strong>sacra</strong></span> 
     </span>
    </p>
   </div>
   <div class='ocr_carea' id='block_1_80' title="bbox 2000 3644 3579 3725">
    <p class='ocr_par' dir='ltr' id='par_1_80' title="bbox 2000 3644 3579 3725">
     <span class='ocr_line' id='line_1_80' title="bbox 2000 3644 3579 3725; baseline -0.007 -16"><span class='ocrx_word' id='word_1_617' title='bbox 2000 3654 2221 3725; x_wconf 79' lang='lat' dir='ltr'><strong>Virgine</strong></span> <span class='ocrx_word' id='word_1_618' title='bbox 2253 3654 2476 3724; x_wconf 88' lang='lat' dir='ltr'><strong>prodiit,</strong></span> <span class='ocrx_word' id='word_1_619' title='bbox 2495 3654 2599 3708; x_wconf 88' lang='lat' dir='ltr'><strong>hoc</strong></span> <span class='ocrx_word' id='word_1_620' title='bbox 2630 3662 2712 3708; x_wconf 90' lang='lat' dir='ltr'><strong>est</strong></span> <span class='ocrx_word' id='word_1_621' title='bbox 2740 3652 2834 3706; x_wconf 91' lang='lat' dir='ltr'><strong>Dei</strong></span> <span class='ocrx_word' id='word_1_622' title='bbox 2862 3650 3037 3705; x_wconf 86' lang='lat' dir='ltr'><strong>Patris</strong></span> <span class='ocrx_word' id='word_1_623' title='bbox 3053 3647 3291 3701; x_wconf 89' lang='lat' dir='ltr'><strong>Verbum</strong></span> <span class='ocrx_word' id='word_1_624' title='bbox 3313 3644 3465 3701; x_wconf 91' lang='lat' dir='ltr'><strong>carni</strong></span> <span class='ocrx_word' id='word_1_625' title='bbox 3490 3659 3579 3699; x_wconf 88' lang='lat' dir='ltr'><strong>se-</strong></span> 
     </span>
    </p>
   </div>
   <div class='ocr_carea' id='block_1_81' title="bbox 1999 3740 3576 3809">
    <p class='ocr_par' dir='ltr' id='par_1_81' title="bbox 1999 3740 3576 3809">
     <span class='ocr_line' id='line_1_81' title="bbox 1999 3740 3576 3809; baseline -0.01 -7"><span class='ocrx_word' id='word_1_626' title='bbox 1999 3748 2233 3802; x_wconf 90' lang='lat' dir='ltr'><strong>cundum</strong></span> <span class='ocrx_word' id='word_1_627' title='bbox 2262 3756 2511 3801; x_wconf 90' lang='lat' dir='ltr'><strong>naturam</strong></span> <span class='ocrx_word' id='word_1_628' title='bbox 2540 3745 2771 3809; x_wconf 90' lang='lat' dir='ltr'><strong>unitum,</strong></span> <span class='ocrx_word' id='word_1_629' title='bbox 2809 3756 2993 3796; x_wconf 88' lang='lat' dir='ltr'><strong>verum</strong></span> <span class='ocrx_word' id='word_1_630' title='bbox 3029 3740 3199 3794; x_wconf 86' lang='lat' dir='ltr'><strong>Deum</strong></span> <span class='ocrx_word' id='word_1_631' title='bbox 3236 3752 3355 3792; x_wconf 88' lang='lat' dir='ltr'><strong>esse</strong></span> <span class='ocrx_word' id='word_1_632' title='bbox 3408 3750 3576 3804; x_wconf 84' lang='lat' dir='ltr'><strong>agno-</strong></span> 
     </span>
    </p>
   </div>
   <div class='ocr_carea' id='block_1_82' title="bbox 2000 3824 3577 3904">
    <p class='ocr_par' dir='ltr' id='par_1_82' title="bbox 2000 3824 3577 3904">
     <span class='ocr_line' id='line_1_82' title="bbox 2000 3824 3577 3904; baseline -0.01 -10"><span class='ocrx_word' id='word_1_633' title='bbox 2000 3846 2181 3903; x_wconf 87' lang='lat' dir='ltr'><strong>scunt,</strong></span> <span class='ocrx_word' id='word_1_634' title='bbox 2215 3854 2313 3893; x_wconf 87' lang='lat' dir='ltr'><strong>cur</strong></span> <span class='ocrx_word' id='word_1_635' title='bbox 2351 3838 2601 3892; x_wconf 90' lang='lat' dir='ltr'><strong>eamdem</strong></span> <span class='ocrx_word' id='word_1_636' title='bbox 2638 3834 2915 3904; x_wconf 76' lang='lat' dir='ltr'><strong>Virginem</strong></span> <span class='ocrx_word' id='word_1_637' title='bbox 2951 3846 3070 3887; x_wconf 85' lang='lat' dir='ltr'><strong>esse</strong></span> <span class='ocrx_word' id='word_1_638' title='bbox 3103 3830 3385 3899; x_wconf 88' lang='lat' dir='ltr'><strong>Deiparam</strong></span> <span class='ocrx_word' id='word_1_639' title='bbox 3421 3824 3577 3878; x_wconf 79' lang='lat' dir='ltr'><strong>fateri</strong></span> 
     </span>
    </p>
   </div>
   <div class='ocr_carea' id='block_1_83' title="bbox 2000 3914 3579 3995">
    <p class='ocr_par' dir='ltr' id='par_1_83' title="bbox 2000 3914 3579 3995">
     <span class='ocr_line' id='line_1_83' title="bbox 2000 3914 3579 3995; baseline -0.01 -12"><span class='ocrx_word' id='word_1_640' title='bbox 2000 3928 2297 3983; x_wconf 80' lang='lat' dir='ltr'><strong>verentur?</strong></span> <span class='ocrx_word' id='word_1_641' title='bbox 2325 3926 2520 3983; x_wconf 91' lang='lat' dir='ltr'><strong>Verum</strong></span> <span class='ocrx_word' id='word_1_642' title='bbox 2543 3926 2673 3995; x_wconf 88' lang='lat' dir='ltr'><strong>ipsis</strong></span> <span class='ocrx_word' id='word_1_643' title='bbox 2688 3921 3017 3994; x_wconf 89' lang='lat' dir='ltr'><strong>propositum</strong></span> <span class='ocrx_word' id='word_1_644' title='bbox 3042 3929 3124 3974; x_wconf 91' lang='lat' dir='ltr'><strong>est</strong></span> <span class='ocrx_word' id='word_1_645' title='bbox 3144 3920 3286 3973; x_wconf 88' lang='lat' dir='ltr'><strong>haud</strong></span> <span class='ocrx_word' id='word_1_646' title='bbox 3308 3932 3372 3972; x_wconf 77' lang='lat' dir='ltr'><strong>ex</strong></span> <span class='ocrx_word' id='word_1_647' title='bbox 3397 3914 3579 3969; x_wconf 89' lang='lat' dir='ltr'><strong>animo</strong></span> 
     </span>
    </p>
   </div>
   <div class='ocr_carea' id='block_1_84' title="bbox 1999 4006 3577 4088">
    <p class='ocr_par' dir='ltr' id='par_1_84' title="bbox 1999 4006 3577 4088">
     <span class='ocr_line' id='line_1_84' title="bbox 1999 4006 3577 4088; baseline -0.01 -16"><span class='ocrx_word' id='word_1_648' title='bbox 1999 4018 2241 4088; x_wconf 87' lang='lat' dir='ltr'><strong>proﬁteri</strong></span> <span class='ocrx_word' id='word_1_649' title='bbox 2268 4015 2508 4085; x_wconf 77' lang='lat' dir='ltr'><strong>Virginis</strong></span> <span class='ocrx_word' id='word_1_650' title='bbox 2532 4014 2726 4069; x_wconf 90' lang='lat' dir='ltr'><strong>Filium</strong></span> <span class='ocrx_word' id='word_1_651' title='bbox 2756 4013 2922 4067; x_wconf 91' lang='lat' dir='ltr'><strong>Deum</strong></span> <span class='ocrx_word' id='word_1_652' title='bbox 2950 4026 3012 4065; x_wconf 88' lang='lat' dir='ltr'><strong>ac</strong></span> <span class='ocrx_word' id='word_1_653' title='bbox 3029 4009 3335 4073; x_wconf 86' lang='lat' dir='ltr'><strong>Dominum,</strong></span> <span class='ocrx_word' id='word_1_654' title='bbox 3362 4006 3577 4061; x_wconf 89' lang='lat' dir='ltr'><strong>eadem-</strong></span> 
     </span>
    </p>
   </div>
   <div class='ocr_carea' id='block_1_85' title="bbox 1999 4094 3577 4180">
    <p class='ocr_par' dir='ltr' id='par_1_85' title="bbox 1999 4094 3577 4180">
     <span class='ocr_line' id='line_1_85' title="bbox 1999 4094 3577 4180; baseline -0.011 -15"><span class='ocrx_word' id='word_1_655' title='bbox 1999 4124 2104 4180; x_wconf 88' lang='lat' dir='ltr'><strong>que</strong></span> <span class='ocrx_word' id='word_1_656' title='bbox 2124 4124 2245 4164; x_wconf 90' lang='lat' dir='ltr'><strong>cum</strong></span> <span class='ocrx_word' id='word_1_657' title='bbox 2280 4107 2443 4161; x_wconf 86' lang='lat' dir='ltr'><strong>Patre</strong></span> <span class='ocrx_word' id='word_1_658' title='bbox 2466 4105 2786 4162; x_wconf 86' lang='lat' dir='ltr'><strong>auctoritate</strong></span> <span class='ocrx_word' id='word_1_659' title='bbox 2807 4101 3086 4173; x_wconf 65' lang='lat' dir='ltr'><strong>praeditum</strong></span> <span class='ocrx_word' id='word_1_660' title='bbox 3115 4113 3255 4164; x_wconf 88' lang='lat' dir='ltr'><strong>esse,</strong></span> <span class='ocrx_word' id='word_1_661' title='bbox 3280 4098 3373 4152; x_wconf 87' lang='lat' dir='ltr'><strong>sed</strong></span> <span class='ocrx_word' id='word_1_662' title='bbox 3399 4094 3577 4149; x_wconf 87' lang='lat' dir='ltr'><strong>verbis</strong></span> 
     </span>
    </p>
   </div>
   <div class='ocr_carea' id='block_1_86' title="bbox 2000 4188 3576 4268">
    <p class='ocr_par' dir='ltr' id='par_1_86' title="bbox 2000 4188 3576 4268">
     <span class='ocr_line' id='line_1_86' title="bbox 2000 4188 3576 4268; baseline -0.008 -14"><span class='ocrx_word' id='word_1_663' title='bbox 2000 4208 2210 4255; x_wconf 87' lang='lat' dir='ltr'><strong>tantum</strong></span> <span class='ocrx_word' id='word_1_664' title='bbox 2234 4200 2334 4254; x_wconf 90' lang='lat' dir='ltr'><strong>hoc</strong></span> <span class='ocrx_word' id='word_1_665' title='bbox 2355 4199 2529 4268; x_wconf 88' lang='lat' dir='ltr'><strong>ipsum</strong></span> <span class='ocrx_word' id='word_1_666' title='bbox 2554 4196 2830 4252; x_wconf 89' lang='lat' dir='ltr'><strong>simulare.</strong></span> <span class='ocrx_word' id='word_1_667' title='bbox 2853 4193 3174 4248; x_wconf 80' lang='lat' dir='ltr'><strong>Existimant</strong></span> <span class='ocrx_word' id='word_1_668' title='bbox 3190 4189 3353 4251; x_wconf 84' lang='lat' dir='ltr'><strong>enim,</strong></span> <span class='ocrx_word' id='word_1_669' title='bbox 3375 4188 3576 4242; x_wconf 87' lang='lat' dir='ltr'><strong>homini</strong></span> 
     </span>
    </p>
   </div>
   <div class='ocr_carea' id='block_1_87' title="bbox 1999 4279 3573 4351">
    <p class='ocr_par' dir='ltr' id='par_1_87' title="bbox 1999 4279 3573 4351">
     <span class='ocr_line' id='line_1_87' title="bbox 1999 4279 3573 4351; baseline -0.01 -6"><span class='ocrx_word' id='word_1_670' title='bbox 1999 4291 2067 4347; x_wconf 90' lang='lat' dir='ltr'><strong>ad</strong></span> <span class='ocrx_word' id='word_1_671' title='bbox 2088 4298 2323 4345; x_wconf 89' lang='lat' dir='ltr'><strong>nostram</strong></span> <span class='ocrx_word' id='word_1_672' title='bbox 2342 4288 2747 4344; x_wconf 87' lang='lat' dir='ltr'><strong>similitudinem</strong></span> <span class='ocrx_word' id='word_1_673' title='bbox 2765 4301 2830 4340; x_wconf 81' lang='lat' dir='ltr'><strong>ex</strong></span> <span class='ocrx_word' id='word_1_674' title='bbox 2846 4292 3035 4339; x_wconf 86' lang='lat' dir='ltr'><strong>sancta</strong></span> <span class='ocrx_word' id='word_1_675' title='bbox 3055 4279 3275 4351; x_wconf 79' lang='lat' dir='ltr'><strong>Virgine</strong></span> <span class='ocrx_word' id='word_1_676' title='bbox 3290 4286 3573 4349; x_wconf 79' lang='lat' dir='ltr'><strong>pmgnato,</strong></span> 
     </span>
    </p>
   </div>
   <div class='ocr_carea' id='block_1_88' title="bbox 2000 4371 3578 4443">
    <p class='ocr_par' dir='ltr' id='par_1_88' title="bbox 2000 4371 3578 4443">
     <span class='ocr_line' id='line_1_88' title="bbox 2000 4371 3578 4443; baseline -0.011 -6"><span class='ocrx_word' id='word_1_677' title='bbox 2000 4397 2121 4437; x_wconf 88' lang='lat' dir='ltr'><strong>cum</strong></span> <span class='ocrx_word' id='word_1_678' title='bbox 2148 4379 2443 4443; x_wconf 86' lang='lat' dir='ltr'><strong>ﬁliationis,</strong></span> <span class='ocrx_word' id='word_1_679' title='bbox 2471 4390 2581 4433; x_wconf 92' lang='lat' dir='ltr'><strong>tum</strong></span> <span class='ocrx_word' id='word_1_680' title='bbox 2608 4376 2988 4434; x_wconf 83' lang='lat' dir='ltr'><strong>dominationis</strong></span> <span class='ocrx_word' id='word_1_681' title='bbox 3008 4388 3218 4443; x_wconf 89' lang='lat' dir='ltr'><strong>quoque</strong></span> <span class='ocrx_word' id='word_1_682' title='bbox 3240 4371 3461 4441; x_wconf 78' lang='lat' dir='ltr'><strong>gloriam</strong></span> <span class='ocrx_word' id='word_1_683' title='bbox 3483 4383 3578 4438; x_wconf 84' lang='lat' dir='ltr'><strong>per</strong></span> 
     </span>
    </p>
   </div>
   <div class='ocr_carea' id='block_1_89' title="bbox 2002 4460 3573 4540">
    <p class='ocr_par' dir='ltr' id='par_1_89' title="bbox 2002 4460 3573 4540">
     <span class='ocr_line' id='line_1_89' title="bbox 2002 4460 3573 4540; baseline -0.009 -13"><span class='ocrx_word' id='word_1_684' title='bbox 2002 4472 2223 4528; x_wconf 89' lang='lat' dir='ltr'><strong>modum</strong></span> <span class='ocrx_word' id='word_1_685' title='bbox 2242 4470 2520 4540; x_wconf 83' lang='lat' dir='ltr'><strong>cujusdam</strong></span> <span class='ocrx_word' id='word_1_686' title='bbox 2536 4469 2923 4540; x_wconf 58' lang='lat' dir='ltr'><strong>gratiamacfper</strong></span> <span class='ocrx_word' id='word_1_687' title='bbox 2937 4478 3255 4535; x_wconf 89' lang='lat' dir='ltr'><strong>progressus</strong></span> <span class='ocrx_word' id='word_1_688' title='bbox 3269 4460 3573 4517; x_wconf 86' lang='lat' dir='ltr'><strong>obvenisse.</strong></span> 
     </span>
    </p>
   </div>
   <div class='ocr_carea' id='block_1_90' title="bbox 396 4527 1911 4650">
    <p class='ocr_par' dir='ltr' id='par_1_90' title="bbox 396 4527 1899 4631">
     <span class='ocr_line' id='line_1_90' title="bbox 396 4527 1899 4631; baseline 0.009 -28"><span class='ocrx_word' id='word_1_689' title='bbox 396 4550 474 4604; x_wconf 77' lang='lat'><strong>6&#39;.</strong></span> <span class='ocrx_word' id='word_1_690' title='bbox 507 4527 629 4604; x_wconf 80' lang='grc' dir='ltr'>Ὅτι</span> <span class='ocrx_word' id='word_1_691' title='bbox 654 4552 710 4606; x_wconf 79' lang='grc' dir='ltr'>δὲ</span> <span class='ocrx_word' id='word_1_692' title='bbox 739 4553 832 4606; x_wconf 75' lang='grc' dir='ltr'><strong>καὶ</strong></span> <span class='ocrx_word' id='word_1_693' title='bbox 860 4554 892 4623; x_wconf 81' lang='grc' dir='ltr'><strong>ἡ</strong></span> <span class='ocrx_word' id='word_1_694' title='bbox 931 4555 1218 4621; x_wconf 78' lang='grc' dir='ltr'>Θεοτόκος</span> <span class='ocrx_word' id='word_1_695' title='bbox 1266 4557 1418 4629; x_wconf 83' lang='grc' dir='ltr'>φωνὴ</span> <span class='ocrx_word' id='word_1_696' title='bbox 1448 4559 1543 4613; x_wconf 75' lang='grc' dir='ltr'><strong>καὶ</strong></span> <span class='ocrx_word' id='word_1_697' title='bbox 1586 4560 1766 4626; x_wconf 81' lang='grc' dir='ltr'>αὐτοῖς</span> <span class='ocrx_word' id='word_1_698' title='bbox 1805 4563 1899 4631; x_wconf 80' lang='grc' dir='ltr'><strong>γέ-</strong></span> 
     </span>
    </p>
   </div>
   <div class='ocr_carea' id='block_1_91' title="bbox 2005 4527 3575 4650">
    <p class='ocr_par' dir='ltr' id='par_1_91' title="bbox 2076 4552 3575 4625">
     <span class='ocr_line' id='line_1_91' title="bbox 2076 4552 3575 4625; baseline -0.009 -8"><span class='ocrx_word' id='word_1_699' title='bbox 2076 4562 2172 4619; x_wconf 85' lang='lat' dir='ltr'><strong>IX.</strong></span> <span class='ocrx_word' id='word_1_700' title='bbox 2206 4561 2376 4617; x_wconf 89' lang='lat' dir='ltr'><strong>Porro</strong></span> <span class='ocrx_word' id='word_1_701' title='bbox 2398 4570 2577 4616; x_wconf 90' lang='lat' dir='ltr'><strong>autem</strong></span> <span class='ocrx_word' id='word_1_702' title='bbox 2602 4575 2786 4614; x_wconf 89' lang='lat' dir='ltr'><strong>vocem</strong></span> <span class='ocrx_word' id='word_1_703' title='bbox 2828 4560 2989 4622; x_wconf 89' lang='lat' dir='ltr'><strong>hanc,</strong></span> <span class='ocrx_word' id='word_1_704' title='bbox 3019 4554 3270 4625; x_wconf 80' lang='lat' dir='ltr'><strong>Deipara,</strong></span> <span class='ocrx_word' id='word_1_705' title='bbox 3300 4552 3575 4608; x_wconf 80' lang='lat' dir='ltr'><strong>veteribus</strong></span> 
     </span>
    </p>
   </div>
   <div class='ocr_carea' id='block_1_92' title="bbox 321 4642 1895 4721">
    <p class='ocr_par' dir='ltr' id='par_1_92' title="bbox 321 4642 1895 4721">
     <span class='ocr_line' id='line_1_92' title="bbox 321 4642 1895 4721; baseline 0.008 -27"><span class='ocrx_word' id='word_1_706' title='bbox 321 4657 450 4710; x_wconf 88' lang='grc' dir='ltr'>γονε</span> <span class='ocrx_word' id='word_1_707' title='bbox 482 4642 720 4714; x_wconf 83' lang='grc' dir='ltr'>συνήθης</span> <span class='ocrx_word' id='word_1_708' title='bbox 745 4645 856 4708; x_wconf 88' lang='grc' dir='ltr'>τοῖς</span> <span class='ocrx_word' id='word_1_709' title='bbox 886 4645 992 4715; x_wconf 88' lang='grc' dir='ltr'><strong>πρὸ</strong></span> <span class='ocrx_word' id='word_1_710' title='bbox 1018 4646 1175 4716; x_wconf 78' lang='grc' dir='ltr'>ἡμῶν</span> <span class='ocrx_word' id='word_1_711' title='bbox 1206 4648 1382 4716; x_wconf 83' lang='grc' dir='ltr'>ἁγίοις</span> <span class='ocrx_word' id='word_1_712' title='bbox 1410 4651 1705 4721; x_wconf 89' lang='grc' dir='ltr'>Πατράσιν,</span> <span class='ocrx_word' id='word_1_713' title='bbox 1727 4652 1776 4706; x_wconf 81' lang='grc' dir='ltr'>οἳ</span> <span class='ocrx_word' id='word_1_714' title='bbox 1802 4655 1895 4707; x_wconf 65' lang='grc' dir='ltr'><strong>καὶ¹</strong></span> 
     </span>
    </p>
   </div>
   <div class='ocr_carea' id='block_1_93' title="bbox 322 4733 1894 4813">
    <p class='ocr_par' dir='ltr' id='par_1_93' title="bbox 322 4733 1894 4813">
     <span class='ocr_line' id='line_1_93' title="bbox 322 4733 1894 4813; baseline 0.008 -28"><span class='ocrx_word' id='word_1_715' title='bbox 322 4734 415 4786; x_wconf 72' lang='grc' dir='ltr'><strong>ἐπ’</strong></span> <span class='ocrx_word' id='word_1_716' title='bbox 443 4734 577 4804; x_wconf 79' lang='grc' dir='ltr'>ὀρθῇ</span> <span class='ocrx_word' id='word_1_717' title='bbox 606 4733 975 4806; x_wconf 76' lang='grc' dir='ltr'>θαυμάζονται</span> <span class='ocrx_word' id='word_1_718' title='bbox 1000 4739 1199 4801; x_wconf 86' lang='grc' dir='ltr'>πίστει,</span> <span class='ocrx_word' id='word_1_719' title='bbox 1218 4741 1312 4792; x_wconf 75' lang='grc' dir='ltr'><strong>καὶ</strong></span> <span class='ocrx_word' id='word_1_720' title='bbox 1342 4742 1419 4804; x_wconf 82' lang='grc' dir='ltr'><strong>είς</strong></span> <span class='ocrx_word' id='word_1_721' title='bbox 1445 4741 1605 4813; x_wconf 90' lang='grc' dir='ltr'>δεῦρο</span> <span class='ocrx_word' id='word_1_722' title='bbox 1627 4745 1760 4799; x_wconf 81' lang='grc' dir='ltr'>πᾶσι</span> <span class='ocrx_word' id='word_1_723' title='bbox 1783 4750 1894 4811; x_wconf 80' lang='grc' dir='ltr'>τοῖς</span> 
     </span>
    </p>
   </div>
   <div class='ocr_carea' id='block_1_94' title="bbox 318 4822 1893 4900">
    <p class='ocr_par' dir='ltr' id='par_1_94' title="bbox 318 4822 1893 4900">
     <span class='ocr_line' id='line_1_94' title="bbox 318 4822 1893 4900; baseline 0.007 -24"><span class='ocrx_word' id='word_1_724' title='bbox 318 4822 429 4877; x_wconf 81' lang='grc' dir='ltr'><strong>ἀνὰ</strong></span> <span class='ocrx_word' id='word_1_725' title='bbox 462 4825 666 4887; x_wconf 79' lang='grc' dir='ltr'>πᾶσαν,</span> <span class='ocrx_word' id='word_1_726' title='bbox 700 4825 776 4888; x_wconf 83' lang='grc' dir='ltr'>ὡς</span> <span class='ocrx_word' id='word_1_727' title='bbox 804 4825 933 4889; x_wconf 73' lang='grc' dir='ltr'>ἔπος</span> <span class='ocrx_word' id='word_1_728' title='bbox 971 4827 1164 4893; x_wconf 72' lang='grc' dir='ltr'>εἰπεῖν,</span> <span class='ocrx_word' id='word_1_729' title='bbox 1207 4827 1308 4898; x_wconf 81' lang='grc' dir='ltr'>τὴν</span> <span class='ocrx_word' id='word_1_730' title='bbox 1353 4828 1447 4881; x_wconf 88' lang='grc' dir='ltr'><strong>ὑπ’</strong></span> <span class='ocrx_word' id='word_1_731' title='bbox 1483 4830 1733 4900; x_wconf 84' lang='grc' dir='ltr'>οὐρανὸν,</span> <span class='ocrx_word' id='word_1_732' title='bbox 1783 4832 1893 4887; x_wconf 88' lang='grc' dir='ltr'>δεῖν</span> 
     </span>
    </p>
   </div>
   <div class='ocr_carea' id='block_1_95' title="bbox 319 4913 1893 4992">
    <p class='ocr_par' dir='ltr' id='par_1_95' title="bbox 319 4913 1893 4992">
     <span class='ocr_line' id='line_1_95' title="bbox 319 4913 1893 4992; baseline 0.003 -22"><span class='ocrx_word' id='word_1_733' title='bbox 319 4913 513 4986; x_wconf 78' lang='grc' dir='ltr'>ᾠήθην</span> <span class='ocrx_word' id='word_1_734' title='bbox 541 4915 756 4985; x_wconf 80' lang='grc' dir='ltr'>ἀληθῶς</span> <span class='ocrx_word' id='word_1_735' title='bbox 783 4916 1079 4987; x_wconf 84' lang='grc' dir='ltr'>ἀποφῆναι.</span> <span class='ocrx_word' id='word_1_736' title='bbox 1102 4917 1223 4971; x_wconf 83' lang='grc' dir='ltr'>Ἵνα</span> <span class='ocrx_word' id='word_1_737' title='bbox 1246 4918 1355 4989; x_wconf 81' lang='grc' dir='ltr'>γὰρ</span> <span class='ocrx_word' id='word_1_738' title='bbox 1391 4919 1464 4990; x_wconf 84' lang='grc' dir='ltr'>μὴ</span> <span class='ocrx_word' id='word_1_739' title='bbox 1494 4919 1706 4992; x_wconf 85' lang='grc' dir='ltr'>δοκοίην</span> <span class='ocrx_word' id='word_1_740' title='bbox 1729 4922 1788 4975; x_wconf 91' lang='grc' dir='ltr'><strong>τὸ</strong></span> <span class='ocrx_word' id='word_1_741' title='bbox 1813 4924 1893 4986; x_wconf 89' lang='grc' dir='ltr'><strong>είς</strong></span> 
     </span>
    </p>
   </div>
   <div class='ocr_carea' id='block_1_96' title="bbox 320 5001 1895 5077">
    <p class='ocr_par' dir='ltr' id='par_1_96' title="bbox 320 5001 1895 5077">
     <span class='ocr_line' id='line_1_96' title="bbox 320 5001 1895 5077; baseline 0.004 -18"><span class='ocrx_word' id='word_1_742' title='bbox 320 5006 450 5059; x_wconf 90' lang='grc' dir='ltr'>νοῦν</span> <span class='ocrx_word' id='word_1_743' title='bbox 494 5001 630 5077; x_wconf 75' lang='grc' dir='ltr'>ἧκον</span> <span class='ocrx_word' id='word_1_744' title='bbox 677 5007 865 5071; x_wconf 83' lang='grc' dir='ltr'>ἁπλῶς</span> <span class='ocrx_word' id='word_1_745' title='bbox 894 5007 1270 5072; x_wconf 78' lang='grc' dir='ltr'>ἀϐασανίστως</span> <span class='ocrx_word' id='word_1_746' title='bbox 1298 5008 1495 5076; x_wconf 83' lang='grc' dir='ltr'>λέγειν,</span> <span class='ocrx_word' id='word_1_747' title='bbox 1528 5011 1591 5065; x_wconf 75' lang='grc' dir='ltr'><strong>ἐκ</strong></span> <span class='ocrx_word' id='word_1_748' title='bbox 1620 5011 1727 5066; x_wconf 83' lang='grc' dir='ltr'><strong>τῶν</strong></span> <span class='ocrx_word' id='word_1_749' title='bbox 1755 5013 1895 5067; x_wconf 79' lang='grc' dir='ltr'>ὲκεί-</span> 
     </span>
    </p>
   </div>
   <div class='ocr_carea' id='block_1_97' title="bbox 322 5098 1893 5175">
    <p class='ocr_par' dir='ltr' id='par_1_97' title="bbox 322 5098 1893 5175">
     <span class='ocr_line' id='line_1_97' title="bbox 322 5098 1893 5175; baseline 0.005 -23"><span class='ocrx_word' id='word_1_750' title='bbox 322 5115 439 5162; x_wconf 89' lang='grc' dir='ltr'>νοις</span> <span class='ocrx_word' id='word_1_751' title='bbox 487 5100 873 5171; x_wconf 83' lang='grc' dir='ltr'>πεποιημένων</span> <span class='ocrx_word' id='word_1_752' title='bbox 922 5098 1142 5169; x_wconf 74' lang='grc' dir='ltr'>βιϐλίων</span> <span class='ocrx_word' id='word_1_753' title='bbox 1190 5101 1247 5154; x_wconf 83' lang='grc' dir='ltr'>ὲν</span> <span class='ocrx_word' id='word_1_754' title='bbox 1285 5100 1582 5175; x_wconf 76' lang='grc' dir='ltr'>Ἐκκλησία</span> <span class='ocrx_word' id='word_1_755' title='bbox 1605 5115 1633 5142; x_wconf 76' lang='grc' dir='ltr'><strong>ιι</strong></span> <span class='ocrx_word' id='word_1_756' title='bbox 1658 5146 1672 5172; x_wconf 88' lang='grc'><strong>,</strong></span> <span class='ocrx_word' id='word_1_757' title='bbox 1711 5105 1780 5159; x_wconf 86' lang='grc' dir='ltr'><strong>τὰ</strong></span> <span class='ocrx_word' id='word_1_758' title='bbox 1813 5108 1893 5172; x_wconf 89' lang='grc' dir='ltr'><strong>είς</strong></span> 
     </span>
    </p>
   </div>
   <div class='ocr_carea' id='block_1_98' title="bbox 319 5190 1894 5266">
    <p class='ocr_par' dir='ltr' id='par_1_98' title="bbox 319 5190 1894 5266">
     <span class='ocr_line' id='line_1_98' title="bbox 319 5190 1894 5266; baseline 0.005 -22"><span class='ocrx_word' id='word_1_759' title='bbox 319 5190 484 5245; x_wconf 89' lang='grc' dir='ltr'>τοῦτο</span> <span class='ocrx_word' id='word_1_760' title='bbox 533 5192 783 5263; x_wconf 83' lang='grc' dir='ltr'>χρήσιμα</span> <span class='ocrx_word' id='word_1_761' title='bbox 830 5190 1287 5261; x_wconf 83' lang='grc' dir='ltr'>συνεισενεγκὼν,</span> <span class='ocrx_word' id='word_1_762' title='bbox 1357 5195 1451 5247; x_wconf 70' lang='lat' dir='ltr'><strong>xui.</strong></span> <span class='ocrx_word' id='word_1_763' title='bbox 1496 5196 1761 5266; x_wconf 77' lang='grc' dir='ltr'>παραθεὶς</span> <span class='ocrx_word' id='word_1_764' title='bbox 1813 5200 1894 5265; x_wconf 86' lang='grc' dir='ltr'><strong>είς</strong></span> 
     </span>
    </p>
   </div>
   <div class='ocr_carea' id='block_1_99' title="bbox 320 5282 1890 5360">
    <p class='ocr_par' dir='ltr' id='par_1_99' title="bbox 320 5282 1890 5360">
     <span class='ocr_line' id='line_1_99' title="bbox 320 5282 1890 5360; baseline 0.005 -23"><span class='ocrx_word' id='word_1_765' title='bbox 320 5282 624 5351; x_wconf 81' lang='grc' dir='ltr'>ἀπόδειξιν,</span> <span class='ocrx_word' id='word_1_766' title='bbox 647 5285 1045 5357; x_wconf 79' lang='grc' dir='ltr'>κατασφραγιῶ</span> <span class='ocrx_word' id='word_1_767' title='bbox 1070 5291 1094 5319; x_wconf 93' lang='lat'>°</span> <span class='ocrx_word' id='word_1_768' title='bbox 1121 5286 1200 5348; x_wconf 84' lang='grc' dir='ltr'><strong>εἰς</strong></span> <span class='ocrx_word' id='word_1_769' title='bbox 1221 5286 1477 5355; x_wconf 83' lang='grc' dir='ltr'>ἀλήθειαν</span> <span class='ocrx_word' id='word_1_770' title='bbox 1498 5290 1624 5352; x_wconf 76' lang='grc' dir='ltr'>τοὺς</span> <span class='ocrx_word' id='word_1_771' title='bbox 1649 5291 1890 5360; x_wconf 74' lang='grc' dir='ltr'>ἐμαυτοῦ</span> 
     </span>
    </p>
   </div>
   <div class='ocr_carea' id='block_1_100' title="bbox 318 5374 1889 5451">
    <p class='ocr_par' dir='ltr' id='par_1_100' title="bbox 318 5374 1889 5451">
     <span class='ocr_line' id='line_1_100' title="bbox 318 5374 1889 5451; baseline 0.005 -24"><span class='ocrx_word' id='word_1_772' title='bbox 318 5374 537 5443; x_wconf 84' lang='grc' dir='ltr'>λόγους.</span> <span class='ocrx_word' id='word_1_773' title='bbox 560 5377 706 5447; x_wconf 86' lang='grc' dir='ltr'>Ἔφη</span> <span class='ocrx_word' id='word_1_774' title='bbox 738 5376 917 5430; x_wconf 88' lang='grc' dir='ltr'>τοίνυν</span> <span class='ocrx_word' id='word_1_775' title='bbox 941 5376 1015 5440; x_wconf 83' lang='grc' dir='ltr'><strong>ὡς</strong></span> <span class='ocrx_word' id='word_1_776' title='bbox 1039 5376 1252 5447; x_wconf 82' lang='grc' dir='ltr'>ἀληθῶς</span> <span class='ocrx_word' id='word_1_777' title='bbox 1277 5379 1305 5430; x_wconf 92' lang='lat'><strong>6</strong></span> <span class='ocrx_word' id='word_1_778' title='bbox 1334 5380 1729 5451; x_wconf 81' lang='grc' dir='ltr'>τρισμακάριος</span> <span class='ocrx_word' id='word_1_779' title='bbox 1751 5385 1844 5437; x_wconf 62' lang='grc' dir='ltr'><strong>καὶ¹</strong></span> <span class='ocrx_word' id='word_1_780' title='bbox 1863 5394 1889 5435; x_wconf 80' lang='grc' dir='ltr'><strong>Ρ</strong></span> 
     </span>
    </p>
   </div>
   <div class='ocr_carea' id='block_1_101' title="bbox 393 5526 879 5599">
    <p class='ocr_par' dir='ltr' id='par_1_101' title="bbox 393 5526 879 5599">
     <span class='ocr_line' id='line_1_101' title="bbox 393 5526 879 5599; baseline 0.006 -17"><span class='ocrx_word' id='word_1_781' title='bbox 393 5528 442 5563; x_wconf 77' lang='grc'>⁷³</span> <span class='ocrx_word' id='word_1_782' title='bbox 474 5526 494 5583; x_wconf 92' lang='lat' dir='ltr'><strong>l</strong></span> <span class='ocrx_word' id='word_1_783' title='bbox 526 5528 652 5586; x_wconf 88' lang='lat' dir='ltr'><strong>Cor.</strong></span> <span class='ocrx_word' id='word_1_784' title='bbox 678 5545 796 5599; x_wconf 83' lang='lat' dir='ltr'><strong>Vill,</strong></span> <span class='ocrx_word' id='word_1_785' title='bbox 825 5531 879 5585; x_wconf 89' lang='lat'><em>6.</em></span> 
     </span>
    </p>
   </div>
   <div class='ocr_carea' id='block_1_102' title="bbox 2003 4642 3569 4724">
    <p class='ocr_par' dir='ltr' id='par_1_102' title="bbox 2003 4642 3569 4724">
     <span class='ocr_line' id='line_1_102' title="bbox 2003 4642 3569 4724; baseline -0.01 -14"><span class='ocrx_word' id='word_1_786' title='bbox 2003 4652 2278 4720; x_wconf 85' lang='lat' dir='ltr'><strong>Patribus,</strong></span> <span class='ocrx_word' id='word_1_787' title='bbox 2309 4668 2541 4724; x_wconf 92' lang='lat' dir='ltr'><strong>quorum</strong></span> <span class='ocrx_word' id='word_1_788' title='bbox 2585 4651 2999 4707; x_wconf 85' lang='lat' dir='ltr'><strong>sanctimoniam</strong></span> <span class='ocrx_word' id='word_1_789' title='bbox 3040 4658 3095 4704; x_wconf 92' lang='lat' dir='ltr'><strong>et</strong></span> <span class='ocrx_word' id='word_1_790' title='bbox 3126 4646 3248 4701; x_wconf 89' lang='lat' dir='ltr'><strong>ﬁdei</strong></span> <span class='ocrx_word' id='word_1_791' title='bbox 3292 4642 3569 4713; x_wconf 78' lang='lat' dir='ltr'><strong>integrita-</strong></span> 
     </span>
    </p>
   </div>
   <div class='ocr_carea' id='block_1_103' title="bbox 2004 4736 3573 4811">
    <p class='ocr_par' dir='ltr' id='par_1_103' title="bbox 2004 4736 3573 4811">
     <span class='ocr_line' id='line_1_103' title="bbox 2004 4736 3573 4811; baseline -0.009 -12"><span class='ocrx_word' id='word_1_792' title='bbox 2004 4752 2109 4802; x_wconf 91' lang='lat' dir='ltr'><strong>tem</strong></span> <span class='ocrx_word' id='word_1_793' title='bbox 2132 4745 2465 4800; x_wconf 89' lang='lat' dir='ltr'><strong>admiramur</strong></span> <span class='ocrx_word' id='word_1_794' title='bbox 2489 4785 2505 4811; x_wconf 93' lang='lat'><strong>,</strong></span> <span class='ocrx_word' id='word_1_795' title='bbox 2537 4758 2744 4799; x_wconf 89' lang='lat' dir='ltr'><strong>necnon</strong></span> <span class='ocrx_word' id='word_1_796' title='bbox 2776 4742 3028 4797; x_wconf 87' lang='lat' dir='ltr'><strong>omnibus</strong></span> <span class='ocrx_word' id='word_1_797' title='bbox 3060 4740 3151 4809; x_wconf 89' lang='lat' dir='ltr'><strong>qui</strong></span> <span class='ocrx_word' id='word_1_798' title='bbox 3187 4752 3280 4792; x_wconf 91' lang='lat' dir='ltr'><strong>eos</strong></span> <span class='ocrx_word' id='word_1_799' title='bbox 3320 4736 3573 4802; x_wconf 88' lang='lat' dir='ltr'><strong>deinceps</strong></span> 
     </span>
    </p>
   </div>
   <div class='ocr_carea' id='block_1_104' title="bbox 2002 4828 3568 4908">
    <p class='ocr_par' dir='ltr' id='par_1_104' title="bbox 2002 4828 3568 4908">
     <span class='ocr_line' id='line_1_104' title="bbox 2002 4828 3568 4908; baseline -0.01 -12"><span class='ocrx_word' id='word_1_800' title='bbox 2002 4840 2279 4908; x_wconf 87' lang='lat' dir='ltr'><strong>hucusque</strong></span> <span class='ocrx_word' id='word_1_801' title='bbox 2300 4846 2424 4893; x_wconf 90' lang='lat' dir='ltr'><strong>sunt</strong></span> <span class='ocrx_word' id='word_1_802' title='bbox 2457 4838 2630 4893; x_wconf 88' lang='lat' dir='ltr'><strong>secuti</strong></span> <span class='ocrx_word' id='word_1_803' title='bbox 2666 4852 2762 4908; x_wconf 90' lang='lat' dir='ltr'><strong>per</strong></span> <span class='ocrx_word' id='word_1_804' title='bbox 2795 4836 3104 4890; x_wconf 87' lang='lat' dir='ltr'><strong>universum</strong></span> <span class='ocrx_word' id='word_1_805' title='bbox 3134 4833 3214 4903; x_wconf 83' lang='lat' dir='ltr'><strong>(ut</strong></span> <span class='ocrx_word' id='word_1_806' title='bbox 3257 4832 3328 4885; x_wconf 88' lang='lat' dir='ltr'><strong>ita</strong></span> <span class='ocrx_word' id='word_1_807' title='bbox 3371 4828 3568 4898; x_wconf 88' lang='lat' dir='ltr'><strong>dicam)</strong></span> 
     </span>
    </p>
   </div>
   <div class='ocr_carea' id='block_1_105' title="bbox 2003 4920 3567 4995">
    <p class='ocr_par' dir='ltr' id='par_1_105' title="bbox 2003 4920 3567 4995">
     <span class='ocr_line' id='line_1_105' title="bbox 2003 4920 3567 4995; baseline -0.008 -10"><span class='ocrx_word' id='word_1_808' title='bbox 2003 4939 2270 4986; x_wconf 86' lang='lat' dir='ltr'><strong>terrarum</strong></span> <span class='ocrx_word' id='word_1_809' title='bbox 2324 4930 2547 4995; x_wconf 90' lang='lat' dir='ltr'><strong>orbem,</strong></span> <span class='ocrx_word' id='word_1_810' title='bbox 2592 4928 2914 4982; x_wconf 78' lang='lat' dir='ltr'><strong>familiarem</strong></span> <span class='ocrx_word' id='word_1_811' title='bbox 2962 4940 3117 4989; x_wconf 89' lang='lat' dir='ltr'><strong>esse,</strong></span> <span class='ocrx_word' id='word_1_812' title='bbox 3175 4920 3567 4978; x_wconf 91' lang='lat' dir='ltr'><strong>ostendendum</strong></span> 
     </span>
    </p>
   </div>
   <div class='ocr_carea' id='block_1_106' title="bbox 2001 5015 3570 5079">
    <p class='ocr_par' dir='ltr' id='par_1_106' title="bbox 2001 5015 3570 5079">
     <span class='ocr_line' id='line_1_106' title="bbox 2001 5015 3570 5079; baseline -0.01 0"><span class='ocrx_word' id='word_1_813' title='bbox 2001 5038 2127 5079; x_wconf 89' lang='lat' dir='ltr'><strong>esse</strong></span> <span class='ocrx_word' id='word_1_814' title='bbox 2159 5021 2486 5078; x_wconf 74' lang='lat' dir='ltr'><strong>existimavi.</strong></span> <span class='ocrx_word' id='word_1_815' title='bbox 2518 5018 2597 5075; x_wconf 90' lang='lat' dir='ltr'><strong>Ne</strong></span> <span class='ocrx_word' id='word_1_816' title='bbox 2627 5020 2769 5075; x_wconf 93' lang='lat' dir='ltr'><strong>enim</strong></span> <span class='ocrx_word' id='word_1_817' title='bbox 2798 5018 2931 5071; x_wconf 82' lang='lat' dir='ltr'><strong>citra</strong></span> <span class='ocrx_word' id='word_1_818' title='bbox 2954 5015 3245 5078; x_wconf 89' lang='lat' dir='ltr'><strong>delectum,</strong></span> <span class='ocrx_word' id='word_1_819' title='bbox 3271 5028 3335 5068; x_wconf 90' lang='lat' dir='ltr'><strong>ac</strong></span> <span class='ocrx_word' id='word_1_820' title='bbox 3368 5020 3570 5067; x_wconf 90' lang='lat' dir='ltr'><strong>temere</strong></span> 
     </span>
    </p>
   </div>
   <div class='ocr_carea' id='block_1_107' title="bbox 2000 5106 3572 5184">
    <p class='ocr_par' dir='ltr' id='par_1_107' title="bbox 2000 5106 3572 5184">
     <span class='ocr_line' id='line_1_107' title="bbox 2000 5106 3572 5184; baseline -0.009 -15"><span class='ocrx_word' id='word_1_821' title='bbox 2000 5114 2261 5184; x_wconf 87' lang='lat' dir='ltr'><strong>quidquid</strong></span> <span class='ocrx_word' id='word_1_822' title='bbox 2294 5114 2347 5168; x_wconf 90' lang='lat' dir='ltr'><strong>in</strong></span> <span class='ocrx_word' id='word_1_823' title='bbox 2380 5123 2613 5168; x_wconf 89' lang='lat' dir='ltr'><strong>mentem</strong></span> <span class='ocrx_word' id='word_1_824' title='bbox 2654 5110 2881 5175; x_wconf 85' lang='lat' dir='ltr'><strong>venerit,</strong></span> <span class='ocrx_word' id='word_1_825' title='bbox 2919 5107 3132 5162; x_wconf 73' lang='lat' dir='ltr'><strong>effutire</strong></span> <span class='ocrx_word' id='word_1_826' title='bbox 3173 5106 3378 5169; x_wconf 85' lang='lat' dir='ltr'><strong>videar,</strong></span> <span class='ocrx_word' id='word_1_827' title='bbox 3412 5119 3572 5173; x_wconf 86' lang='lat' dir='ltr'><strong>argu-</strong></span> 
     </span>
    </p>
   </div>
   <div class='ocr_carea' id='block_1_108' title="bbox 1999 5198 3570 5275">
    <p class='ocr_par' dir='ltr' id='par_1_108' title="bbox 1999 5198 3570 5275">
     <span class='ocr_line' id='line_1_108' title="bbox 1999 5198 3570 5275; baseline -0.006 -14"><span class='ocrx_word' id='word_1_828' title='bbox 1999 5208 2196 5263; x_wconf 87' lang='lat' dir='ltr'><strong>mentis</strong></span> <span class='ocrx_word' id='word_1_829' title='bbox 2238 5221 2306 5262; x_wconf 80' lang='lat' dir='ltr'><strong>ex</strong></span> <span class='ocrx_word' id='word_1_830' title='bbox 2356 5207 2532 5271; x_wconf 88' lang='lat' dir='ltr'><strong>libris,</strong></span> <span class='ocrx_word' id='word_1_831' title='bbox 2564 5220 2697 5275; x_wconf 89' lang='lat' dir='ltr'><strong>quos</strong></span> <span class='ocrx_word' id='word_1_832' title='bbox 2746 5204 2820 5258; x_wconf 89' lang='lat' dir='ltr'><strong>illi</strong></span> <span class='ocrx_word' id='word_1_833' title='bbox 2868 5203 2933 5256; x_wconf 91' lang='lat' dir='ltr'><strong>ad</strong></span> <span class='ocrx_word' id='word_1_834' title='bbox 2984 5199 3243 5256; x_wconf 84' lang='lat' dir='ltr'><strong>Ecclesiae</strong></span> <span class='ocrx_word' id='word_1_835' title='bbox 3286 5198 3570 5252; x_wconf 89' lang='lat' dir='ltr'><strong>utilitatem</strong></span> 
     </span>
    </p>
   </div>
   <div class='ocr_carea' id='block_1_109' title="bbox 1997 5288 3564 5367">
    <p class='ocr_par' dir='ltr' id='par_1_109' title="bbox 1997 5288 3564 5367">
     <span class='ocr_line' id='line_1_109' title="bbox 1997 5288 3564 5367; baseline -0.006 -16"><span class='ocrx_word' id='word_1_836' title='bbox 1997 5312 2370 5366; x_wconf 87' lang='lat' dir='ltr'><strong>composuere,</strong></span> <span class='ocrx_word' id='word_1_837' title='bbox 2404 5296 2613 5367; x_wconf 88' lang='lat' dir='ltr'><strong>petitis,</strong></span> <span class='ocrx_word' id='word_1_838' title='bbox 2662 5306 2824 5366; x_wconf 89' lang='lat' dir='ltr'><strong>atque</strong></span> <span class='ocrx_word' id='word_1_839' title='bbox 2860 5297 2965 5348; x_wconf 87' lang='lat' dir='ltr'><strong>huc</strong></span> <span class='ocrx_word' id='word_1_840' title='bbox 2998 5293 3050 5348; x_wconf 92' lang='lat' dir='ltr'><strong>in</strong></span> <span class='ocrx_word' id='word_1_841' title='bbox 3094 5291 3326 5346; x_wconf 90' lang='lat' dir='ltr'><strong>medium</strong></span> <span class='ocrx_word' id='word_1_842' title='bbox 3364 5288 3564 5351; x_wconf 88' lang='lat' dir='ltr'><strong>allatis,</strong></span> 
     </span>
    </p>
   </div>
   <div class='ocr_carea' id='block_1_110' title="bbox 1996 5378 3566 5450">
    <p class='ocr_par' dir='ltr' id='par_1_110' title="bbox 1996 5378 3566 5450">
     <span class='ocr_line' id='line_1_110' title="bbox 1996 5378 3566 5450; baseline -0.004 -5"><span class='ocrx_word' id='word_1_843' title='bbox 1996 5389 2258 5445; x_wconf 90' lang='lat' dir='ltr'><strong>orationis</strong></span> <span class='ocrx_word' id='word_1_844' title='bbox 2289 5403 2422 5445; x_wconf 79' lang='lat' dir='ltr'><strong>mea:</strong></span> <span class='ocrx_word' id='word_1_845' title='bbox 2449 5378 2728 5445; x_wconf 78' lang='lat' dir='ltr'><strong>veritatem</strong></span> <span class='ocrx_word' id='word_1_846' title='bbox 2764 5386 3087 5443; x_wconf 85' lang='lat' dir='ltr'><strong>conﬁrmare</strong></span> <span class='ocrx_word' id='word_1_847' title='bbox 3121 5381 3363 5440; x_wconf 89' lang='lat' dir='ltr'><strong>studebo.</strong></span> <span class='ocrx_word' id='word_1_848' title='bbox 3399 5379 3566 5450; x_wconf 86' lang='lat' dir='ltr'><strong>igitur</strong></span> 
     </span>
    </p>
   </div>
   <div class='ocr_carea' id='block_1_111' title="bbox 1393 5688 2475 5765">
    <p class='ocr_par' dir='ltr' id='par_1_111' title="bbox 1393 5688 2475 5765">
     <span class='ocr_line' id='line_1_111' title="bbox 1393 5688 2475 5765; baseline 0.007 -20"><span class='ocrx_word' id='word_1_849' title='bbox 1393 5688 1564 5745; x_wconf 69' lang='lat' dir='ltr'><strong>Varia:</strong></span> <span class='ocrx_word' id='word_1_850' title='bbox 1595 5689 1855 5745; x_wconf 85' lang='lat' dir='ltr'><strong>lectiones</strong></span> <span class='ocrx_word' id='word_1_851' title='bbox 1883 5693 2084 5749; x_wconf 87' lang='lat' dir='ltr'><strong>codicis</strong></span> <span class='ocrx_word' id='word_1_852' title='bbox 2115 5694 2475 5765; x_wconf 81' lang='lat' dir='ltr'><strong>Seguieriani.</strong></span> 
     </span>
    </p>
   </div>
   <div class='ocr_carea' id='block_1_112' title="bbox 403 5818 568 5876">
    <p class='ocr_par' dir='ltr' id='par_1_112' title="bbox 403 5818 568 5876">
     <span class='ocr_line' id='line_1_112' title="bbox 403 5818 568 5876; baseline -0.006 0"><span class='ocrx_word' id='word_1_853' title='bbox 403 5818 425 5863; x_wconf 74' lang='grc'><strong><em>³</em></strong></span> <span class='ocrx_word' id='word_1_854' title='bbox 457 5821 568 5876; x_wconf 82' lang='grc' dir='ltr'>ὅτε.</span> 
     </span>
    </p>
   </div>
   <div class='ocr_carea' id='block_1_113' title="bbox 671 5823 2329 5903">
    <p class='ocr_par' dir='ltr' id='par_1_113' title="bbox 671 5823 2329 5903">
     <span class='ocr_line' id='line_1_113' title="bbox 671 5823 2329 5903; baseline 0.018 -47"><span class='ocrx_word' id='word_1_855' title='bbox 671 5831 713 5856; x_wconf 74' lang='grc' dir='ltr'>ιι</span> <span class='ocrx_word' id='word_1_856' title='bbox 745 5823 915 5891; x_wconf 59' lang='grc' dir='ltr'><strong>τάξει,</strong></span> <span class='ocrx_word' id='word_1_857' title='bbox 991 5836 1019 5865; x_wconf 86' lang='lat' dir='ltr'><strong>n</strong></span> <span class='ocrx_word' id='word_1_858' title='bbox 1050 5826 1383 5897; x_wconf 77' lang='grc' dir='ltr'>ἐκκλησίαις.</span> <span class='ocrx_word' id='word_1_859' title='bbox 1464 5836 1490 5864; x_wconf 86' lang='grc' dir='ltr'>ο</span> <span class='ocrx_word' id='word_1_860' title='bbox 1520 5826 1961 5898; x_wconf 63' lang='grc' dir='ltr'>κατασφραγιῶν.</span> <span class='ocrx_word' id='word_1_861' title='bbox 2040 5840 2067 5880; x_wconf 75' lang='lat' dir='ltr'>P</span> <span class='ocrx_word' id='word_1_862' title='bbox 2097 5830 2329 5903; x_wconf 77' lang='grc' dir='ltr'>ἀληθῶς.</span> 
     </span>
    </p>
   </div>
  </div>
