4146 6478
563 416 697 473 l2“

1550 418 1609 474 S.
1640 418 1919 475 CYRILLI
1970 413 2438 471 ALEXANDRINI
2475 417 2793 473 ARCIIIEP.

3656 410 3800 464 1212

562 528 914 586 beatissimus
943 528 1055 594 ille,
1080 544 1145 587 ac
1161 540 1383 603 prepter
1409 534 1625 601 pietatis
1650 534 1959 602 opinionem
1990 535 2128 599 apud

2256 530 2512 599 ῐιαϐόητος
2568 532 2648 594 είς
2696 530 2975 583 εὐσέϐειαν
3025 527 3379 590 ’Δθανάσιος,
3432 526 3463 577 ὁ
3506 523 3805 593 γενόμενος

562 634 752 675 omnes
798 619 1187 677 celeberrimus
1228 622 1587 687 Athanasius,
1623 625 1713 694 qui
1758 622 2129 692 superioribus

564 711 901 781 temporibus
947 711 1287 769 Alexandria:
1330 714 1585 771 Ecclesia:
1632 716 2003 783 episcopatum
2052 723 2131 767 te-

2231 620 2372 673 κατά
2422 624 2646 692 καιροὺς
2703 623 2797 691 τῆς
2854 620 3246 691 Ἀλεξανδρέων
3306 616 3631 685 Ἐκκλησίαζ
3684 616 3807 667 επί-

2233 727 2433 775 σκοπος
2458 754 2473 779 ,
2511 714 2569 765 ὲν
2595 713 2673 783 τῷ
2701 712 2828 783 περὶ
2856 710 3188 783 σαρκώσεως
3220 710 3381 779 λόγῳ,
3408 709 3537 778 περὶ
3563 704 3804 777 Χριστοῦ

565 804 703 865 nuit,
736 802 875 858 libro
906 803 1219 866 de,Christo
1245 805 1528 862 incarnato
1561 806 1929 875 hujuscemodi
1952 805 2132 860 verbis
2229 802 2358 855 τάδε
2382 819 2398 833 ο

566 894 785 949 disserit
818 909 835 951 :

567 1005 680 1078 48
703 1009 983 1063 Athanasii
999 1011 1220 1077 episcopi
1247 1011 1586 1065 Alexandria!
1614 1029 1677 1066 ex
1705 1011 1837 1066 libro
1865 1010 1939 1066 De
1962 1012 2134 1065 incar-

920 1082 1131 1134 natione
1170 1080 1338 1136 Verbi.
1360 1111 1430 1121 —
1450 1082 1526 1136 De
1556 1083 1787 1137 Christo.

638 1191 991 1261 Agnoscimus
1026 1194 1170 1247 illum
1212 1195 1301 1250 Dei
1334 1194 1550 1262 Filium,
1583 1204 1636 1251 et
1679 1196 1846 1250 Deum
1884 1208 2005 1250 esse
2047 1208 2135 1249 se-

570 1283 805 1335 cundum
828 1283 1075 1353 spiritum
1102 1300 1116 1348 ;
1140 1283 1331 1338 Filium
1366 1295 1543 1341 autem
1574 1286 1808 1340 hominis
1840 1288 2132 1341 secundum

572 1385 832 1426 carnem:
882 1388 985 1428 non
1032 1374 1165 1429 duas
1215 1384 1435 1431 naturas
1490 1391 1653 1431 unum
1706 1376 1922 1443 Filium,
1971 1391 2133 1431 unam

572 1462 922 1528 adorandam,
957 1464 1181 1519 alteram
1210 1482 1315 1520 non
1342 1468 1695 1530 adorandam,
1723 1468 1815 1521 sed
1847 1482 2009 1521 unam
2042 1482 2137 1521 nav

576 1562 745 1607 turam
797 1556 960 1609 divini
1012 1556 1169 1612 Verbi
1220 1558 1586 1622 iucarnatam,
1637 1575 1757 1628 quae
1803 1558 1963 1614 simul
2013 1574 2134 1613 cum

573 1644 690 1710 ejus
724 1660 887 1700 carne
920 1662 1021 1701 una
1077 1650 1391 1704 adoratione
1432 1650 1725 1705 adoratur:
1776 1664 1950 1719 neque
2003 1649 2137 1703 duos

575 1749 786 1788 rursum
812 1736 970 1803 ﬁlios,
996 1738 1220 1794 alterum
1247 1755 1430 1795 verum
1458 1742 1919 1811 adorandumque,
1947 1756 2139 1809 nempe

573 1821 766 1877 Filium
812 1826 939 1894 Dei;
989 1828 1213 1883 alterum
1246 1845 1309 1884 ex
1351 1830 1517 1885 Maria
1575 1832 1845 1886 hominem
1890 1846 1995 1884 non
2039 1832 2136 1884 ad-

575 1914 864 1979 orandum,
892 1920 983 1972 sed
1014 1935 1108 1987 per
1135 1922 1384 1990 gratiam,
1418 1922 1635 1990 perinde
1660 1938 1722 1977 ac
1753 1924 1929 1978 caueri
1968 1923 2141 1977 homi-

578 2022 694 2071 nes,
739 2008 790 2062 in
829 2007 1021 2063 Filium
1069 2020 1370 2081 cooptatum
1410 2030 1423 2065 :
1468 2028 1652 2067 verum
1691 2030 1877 2081 unum,
1909 2024 1967 2069 ut
1997 2014 2140 2081 dixi,

576 2097 771 2153 Filium
810 2100 923 2164 Dei,
965 2102 1111 2155 illum
1158 2105 1328 2171 ipsum
1376 2105 1651 2165 nimirum,
1690 2115 1743 2159 et
1788 2121 1891 2159 non
1936 2108 2137 2169 alium,

577 2190 667 2259 qui
707 2206 774 2244 ex
814 2192 923 2246 Deo
962 2202 1065 2247 est.
1110 2195 1209 2260 Qui
1258 2197 1563 2253 novissimis
1609 2198 1798 2252 diebus
1848 2200 2139 2253 secundum

577 2298 797 2337 earnem
828 2298 890 2336 ex
928 2283 1093 2338 Marla
1118 2296 1273 2341 natus
1304 2297 1406 2353 est,
1439 2290 1887 2357 quemadmodum
1921 2292 2142 2360 angelus

578 2373 818 2442 Deipara:
864 2372 1080 2429 Mariae:
1135 2391 1155 2425 ι
1210 2376 1489 2441 Quomodo
1533 2378 1624 2432 (let
1672 2379 1849 2446 istud,
1888 2383 2143 2450 quoniam

577 2467 751 2520 virum
783 2481 885 2520 non
915 2481 1181 2537 cognosco
1205 2469 1291 2521 "?
1332 2488 1350 2521 ι
1384 2470 1683 2526 sciscitanti
1744 2476 2012 2543 exposuit.
2056 2477 2145 2531 Ait

579 2572 851 2627 namque:
893 2578 912 2612 ι
952 2558 1189 2628 Spiritus
1231 2569 1454 2617 sanctus
1498 2565 1839 2631 superveniet
1884 2565 1935 2619 in
1975 2576 2046 2633 te,
2092 2577 2147 2623 et

576 2651 752 2705 virtus
799 2648 1064 2704 Altissimi
1118 2651 1461 2707 obumbrabit
1534 2653 1629 2707 tibi
1672 2671 1685 2708 :
1738 2655 1967 2725 ideoque
2005 2661 2146 2726 quod

580 2750 834 2793 nasretur
860 2754 925 2794 ex
973 2749 1024 2794 te
1058 2750 1325 2807 sanctum,
1361 2742 1645 2797 vocabitur
1686 2743 1856 2800 Filius
1891 2746 1981 2800 Dei
2007 2748 2075 2801 ⁷².
2122 2766 2141 2799 ι

577 2829 627 2884 Is
659 2831 818 2900 igitur
839 2846 998 2900 quem
1027 2830 1189 2900 Virgo
1216 2833 1443 2901 peperit,
1474 2840 1557 2887 est
1584 2848 1741 2889 verus
1777 2837 2151 2907 naturalisque

579 2924 673 2978 Dei
706 2923 893 2991 Filius,
924 2933 979 2980 et
1011 2924 1150 2980 Deus
1175 2938 1357 2990 verus,
1389 2939 1493 2979 non
1526 2926 1935 2996 participatione
1966 2929 2050 2984 vel
2082 2944 2148 2984 ex

582 3013 789 3084 gratia;
823 3014 1114 3070 secundum
1141 3027 1357 3068 carnem
1392 3023 1598 3069 tantum
1638 3031 1801 3085 quam
1830 3018 2063 3087 sumpsit
2085 3033 2151 3073 ex

580 3104 780 3170 Maria,
812 3106 1010 3173 homo;
1050 3105 1344 3160 secundum
1387 3107 1669 3175 spiritum,
1714 3106 1883 3163 Filius
1924 3109 2054 3174 Dei,
2100 3120 2154 3165 ct

2244 1022 2596 1077 Ἆθανασίου
2651 1021 2991 1095 ἐπισκόπου
3038 1018 3483 1095 Ἀλεξαζδρείας
3506 1059 3521 1079 ,
3583 1016 3668 1095 ἐνί
3698 1011 3811 1068 τοῦ

2343 1094 2485 1160 Περὶ
2519 1092 2879 1161 σαρκώσεως
2906 1092 3122 1162 Λόγου.
3144 1121 3211 1131 —
3234 1089 3377 1157 Περὶ
3407 1089 3693 1156 Χριστοῦ.

2315 1201 2717 1274 Ὀμολογοῦμεν
2737 1205 2866 1275 γὰρ,
2894 1205 3050 1277 φησι,
3071 1205 3164 1257 καὶ
3193 1198 3332 1258 εἶναι
3366 1202 3525 1255 αὐτὸν
3562 1200 3692 1252 Υἱδν
3714 1197 3809 1251 τοῦ

2235 1293 2392 1359 Θεοῦ,
2430 1296 2524 1348 καὶ
2549 1295 2680 1348 Θεὸν
2708 1296 2846 1349 κατὰ
2875 1295 3092 1368 πνεῦμα
3112 1336 3128 1361 ,
3163 1296 3291 1349 Υίὸν
3335 1293 3627 1364 ἀνθρώπου
3665 1292 3814 1343 κατὰ

2237 1386 2439 1458 σάρκα,
2468 1388 2527 1439 ού
2562 1387 2654 1440 δύο
2689 1388 2880 1458 φύσεις
2908 1388 2999 1441 τὸν
3028 1388 3126 1441 ἕνα
3150 1386 3298 1451 Υίδν,
3333 1387 3461 1457 μίαν
3499 1398 3816 1455 προσικυνη-

2236 1478 2351 1549 τὴν,
2384 1478 2476 1531 καὶ
2509 1478 2637 1549 μίαν
2668 1478 3112 1549 άπροσκύνητονο
3145 1477 3285 1532 ἀλλὰ
3330 1477 3458 1547 μίαν
3505 1474 3670 1544 φύσιν
3714 1471 3811 1525 τοῦ

2237 1569 2370 1622 Θεοῦ
2427 1562 2598 1637 Λόγου
2655 1570 3113 1641 σεσαρκωμένην,
3168 1568 3262 1622 καὶ
3322 1565 3816 1638 προσκυνουμένην

2241 1660 2381 1730 μετὰ
2419 1662 2518 1730 τῆς
2551 1661 2751 1731 σαρκὸς
2782 1660 2947 1714 αὐτοῦ
2986 1662 3084 1731 μιᾷ
3125 1660 3527 1731 προσκυνήσειο
3566 1655 3690 1707 οὐδὲ
3718 1653 3817 1705 δύο

2241 1752 2409 1814 υἱοὺς,
2446 1751 2604 1805 ἄλλον
2634 1751 2731 1821 μὲν
2763 1750 2889 1803 Υἱδν
2914 1749 3050 1801 Θεοῦ
3083 1747 3334 1819 ἀληθινὸν
3357 1748 3452 1799 καὶ
3482 1742 3821 1815 προσκυνού-

2248 1860 2427 1914 μενον,
2461 1843 2617 1896 ἄλλον
2666 1842 2722 1894 δὲ
2766 1843 2829 1895 ὲκ
2862 1843 3082 1911 Μάρθας
3116 1840 3423 1909 ἄνθρωπον,
3458 1839 3532 1908 μὴ
3565 1852 3816 1907 προσκυ-

2244 1932 2523 2002 νούμενον,
2552 1931 2694 1986 κατὰ
2732 1933 2890 2002 χάριν
2921 1932 3055 1984 Υἱδν
3096 1930 3232 1983 Θεοῦ
3265 1930 3579 1998 γενόμενον,
3613 1928 3691 1990 ὡς
3720 1926 3815 1977 καὶ

2241 2022 2552 2093 ἄνθρωποι·
2588 2022 2725 2076 ἀλλὰ
2768 2021 2860 2074 τὸν
2902 2021 2966 2074 ὲκ
3015 2020 3185 2083 Θεοῦ,
3233 2020 3309 2082 ὡς
3339 2020 3495 2089 ἔφην,
3539 2018 3637 2070 ἕνα
3684 2016 3821 2067 Υἱὺν

2242 2113 2402 2176 Θεοῦ,
2431 2119 2523 2166 καὶ
2551 2114 2682 2167 Θεὸν
2703 2114 2883 2177 αὐτὸν,
2913 2113 3006 2166 καὶ
3026 2114 3125 2165 ούκ
3156 2112 3333 2165 ἄλλον.
3366 2111 3475 2163 Καὶ
3502 2110 3568 2161 ὲκ
3595 2106 3821 2177 Μαρίας

2242 2206 2605 2277 γεγεννῆσθαι
2640 2206 2781 2258 κατὰ
2817 2204 2995 2275 σάρκα
3029 2203 3117 2255 ἐπ’
3154 2203 3397 2271 ἐσχάτων
3428 2200 3537 2252 τῶν
3567 2198 3817 2269 ἡμερῶν,

2242 2297 2318 2360 ὡς
2362 2298 2389 2349 ὁ
2434 2294 2664 2363 ἄγγελος
2700 2297 2766 2363 τῇ
2816 2292 3064 2362 Θεοτόκῳ
3108 2292 3297 2363 Μαρίᾳ
3330 2288 3605 2361 λεγούσῃ·
3638 2307 3657 2339 ι
3691 2287 3818 2351 Πῶς

2243 2387 2400 2441 τοῦτο
2459 2387 2635 2448 ἔσται,
2671 2385 2793 2438 ἐπεὶ
2851 2383 3018 2454 άνδρα
3070 2382 3131 2436 ού
3186 2380 3476 2450 γινώσκω;
3510 2398 3529 2431 ο
3578 2378 3818 2445 Ἔλεγε·

2252 2496 2270 2529 ι
2304 2475 2529 2547 Πνεῦμα
2576 2476 2730 2544 ἅγιον
2778 2473 3131 2527 ἐπελεύσεται
3177 2473 3270 2524 ἐπὶ
3317 2472 3397 2536 σὲ,
3445 2470 3542 2524 καὶ
3593 2469 3820 2538 δύναμις

2257 2567 2514 2638 Ὑψίστου
2559 2566 2867 2620 ἐπισκιάσει
2927 2582 3037 2618 σοι·
3091 2564 3170 2617 διὸ
3222 2562 3419 2616 καὶτὸ
3480 2559 3825 2631 γεννώμενον

2248 2659 2423 2729 ἅγιον,
2452 2658 2785 2729 κληθήσεται
2831 2657 2959 2720 Υἱὸς
2988 2654 3143 2709 Θεοῦ.
3178 2674 3197 2707 ι
3248 2654 3307 2707 ’0
3335 2655 3515 2707 τοίνυν
3538 2652 3827 2723 γεννηθεὶς

2248 2752 2313 2804 ἐκ
2343 2754 2443 2821 τῆς
2480 2751 2640 2819 ἁγίας
2679 2749 2975 2818 Παρθένου,
3009 2749 3136 2812 Υἱὸς
3164 2747 3300 2801 Θεοῦ
3333 2746 3491 2816 φύσει
3516 2784 3534 2811 ,
3564 2747 3661 2799 καὶ
3689 2745 3823 2808 Θεὸς

2250 2841 2523 2912 ἀληθινὸς,
2567 2841 2662 2894 καὶ
2696 2841 2755 2893 ού
2799 2840 2982 2911 χάριτι
3017 2841 3113 2894 καὶ
3144 2840 3438 2911 μετουσίᾳ,
3470 2837 3614 2891 κατὰ
3642 2838 3827 2907 σάρκα

2256 2933 2416 3003 μόνον
2454 2932 2552 3002 τὴν
2585 2933 2650 2985 ὲκ
2676 2932 2920 3001 Μαρίας,
2952 2931 3258 3002 ἄνθρωπος,
3296 2930 3439 2985 κατὰ
3476 2932 3533 2984 δὲ
3581 2930 3823 3001 πνεῦμα,

2252 3023 2415 3087 αὐτὸς
2448 3023 2575 3087 Υἱὸς
2613 3022 2707 3077 τοῦ
2743 3022 2879 3076 Θεοῦ
2915 3024 3005 3076 καὶ
3037 3024 3199 3086 Θεὸς·
3236 3023 3427 3077 παθὼν
3461 3024 3560 3092 μὲν
3589 3022 3659 3075 τὰ
3686 3021 3828 3091 ἡμέο

2251 3129 2385 3183 τερα
2418 3114 2560 3183 πάθη
2585 3113 2723 3166 κατὰ
2760 3113 2974 3181 σάρκα,
3010 3112 3200 3183 ὥσπερ
3248 3114 3588 3183 γέγραπται·
3643 3132 3662 3164 ι
3699 3114 3833 3182 Χρι-

583 3196 726 3249 Deus
760 3196 894 3264 ipse.
922 3196 1022 3264 Qui
1061 3200 1274 3267 quidem
1314 3200 1608 3256 secundum
1652 3213 1869 3254 carnem
1901 3200 2152 3253 humana:

2257 3200 2382 3253 στοῦ
2410 3200 2671 3265 παθόντος
2699 3201 2836 3272 ὑπὲρ
2858 3200 3012 3271 ἡμῶν
3038 3201 3229 3273 σαρκί.
3265 3220 3283 3252 ο
3315 3202 3423 3253 Καὶ
3457 3202 3638 3254 πάλιν·
3681 3219 3701 3253 ι
3732 3201 3833 3263 Ὃς

582 3294 787 3340 natura:
815 3288 1187 3342 convenientia
1215 3305 1405 3359 passus
1429 3299 1531 3345 est.
1559 3289 1834 3358 Scriptum
1866 3298 1949 3344 est
1972 3290 2113 3344 enim
2137 3307 2151 3344 :

590 3394 611 3427 ι
648 3376 865 3433 Christo
894 3392 991 3447 pro
1030 3380 1183 3435 nobis
1218 3382 1268 3435 in
1312 3396 1478 3437 carne
1526 3382 1773 3451 passo".
1817 3399 1835 3433 ι
1873 3380 2107 3435 Rursum
2140 3398 2154 3433 :

592 3485 612 3519 ι
651 3467 749 3534 Qui
801 3469 964 3523 etiam
1011 3472 1225 3540 proprio
1256 3471 1393 3526 Filio
1440 3488 1543 3528 non
1600 3472 1873 3542 pepercit,
1922 3472 2015 3528 sed
2061 3487 2158 3541 pro

589 3560 840 3615 omnibus
884 3562 1039 3616 nobis
1070 3564 1286 3617 tradidit
1329 3564 1474 3627 illum
1500 3564 1589 3621 ’δε
1627 3584 1645 3616 ι
1684 3564 2034 3620 nihilominus
2072 3582 2160 3621 se-

590 3653 825 3706 cundum
857 3653 1091 3707 divinant
1121 3664 1367 3710 naturam
1415 3657 1762 3724 impassihilis
1804 3671 1868 3713 ac
1904 3658 2158 3710 immuta-

590 3743 715 3797 bilis
742 3758 911 3813 usque
939 3746 1254 3814 permansit,
1275 3746 1430 3816 juxta
1458 3748 1587 3801 illud
1621 3749 1893 3817 propheta:
1924 3763 2161 3817 pronun-

593 3836 828 3890 tiatum:
866 3854 886 3889 ι
919 3837 1029 3906 Ego
1069 3838 1229 3903 Deus,
1271 3849 1326 3894 et
1370 3854 1477 3893 non
1527 3840 1792 3893 mutor".
1827 3857 1845 3889 ι
1919 3839 2161 3894 Mortuus

589 3938 675 3983 est
698 3942 833 3983 sane
868 3930 1159 3985 secundum
1210 3945 1429 3985 carnem
1474 3941 1655 3986 nostra
1706 3944 1898 3999 morte,
1946 3941 2161 3987 llOSll‘O-

591 4035 819 4090 rumque
844 4030 1186 4087 peccatorum
1217 4036 1378 4076 causa
1403 4038 1418 4087 ;
1448 4037 1553 4092 quo
1596 4023 1851 4077 nimirum
1896 4038 1992 4093 per
2022 4039 2165 4078 mor-

594 4118 703 4165 tem
764 4109 937 4165 nostri
991 4112 1163 4181 gratia
1221 4123 1569 4182 susceptam,
1620 4123 1847 4168 mortem
1896 4114 2161 4169 aboleret.

594 4202 731 4258 Hinc
764 4201 1051 4273 Apostolus
1081 4221 1095 4258 :
1152 4220 1172 4255 ι
1204 4203 1468 4273 Absorpta
1496 4213 1579 4258 est
1618 4220 1765 4261 mors
1798 4205 1851 4259 in
1896 4205 2119 4260 victoria
2148 4222 2161 4259 :

597 4295 686 4349 ubi
718 4306 821 4359 est,
857 4308 1025 4359 mors,
1069 4296 1292 4350 victoria
1340 4297 1475 4350 tua?
1508 4297 1594 4351 ubi
1621 4307 1705 4351 est
1750 4297 1997 4352 stimulus
2021 4306 2163 4365 tuus,

597 4384 805 4438 inferne
822 4384 905 4438 ’σῖ
945 4402 965 4436 ι
1014 4383 1252 4439 lterum:
1312 4404 1329 4437 ι
1364 4385 1609 4441 Christus
1659 4397 1904 4442 mortuus
1941 4397 2026 4441 est.
2068 4402 2167 4457 pro

597 4474 832 4544 peccatis
865 4476 1083 4544 nostris,
1109 4478 1403 4531 secundum
1434 4476 1743 4546 Seripturas
1770 4479 1841 4532 τ’.
1882 4498 1902 4531 ι
1941 4480 2009 4532 At
2036 4494 2167 4535 vero

2256 3309 2321 3359 γε
2364 3293 2459 3344 τοῦ
2514 3276 2642 3345 ίδίου
2688 3292 2818 3344 Υίοῦ
2860 3292 2959 3344 οὐκ
3011 3292 3297 3361 ἐφείσατο,
3333 3292 3449 3345 ἀλλ’
3499 3292 3638 3361 ὑπὲρ
3669 3291 3833 3362 ἡμῶν

2258 3382 2475 3435 πάντων
2508 3382 2830 3452 παρέδωκεν
2876 3380 3060 3434 αὐτόν.
3109 3400 3127 3432 ι
3172 3380 3412 3447 Ἀπαθὴς
3448 3379 3505 3432 δὲ
3546 3378 3835 3448 διαμείνας

2257 3472 2351 3525 καὶ
2388 3471 2745 3533 ἀναλλοίωτος
2783 3471 2923 3523 κατὰ
2948 3470 3044 3541 τὴν
3076 3470 3322 3540 θεότητα,
3355 3470 3575 3522 κατὰτὸ
3598 3470 3833 3538 λεγόμε-

2258 3580 2347 3616 νον
2372 3564 2476 3615 ὑπὸ
2504 3562 2597 3615 τοῦ
2631 3564 2911 3633 προφήτου
2929 3579 2941 3591 ”
2969 3582 2986 3613 ι
3014 3561 3153 3630 Ἐγὼ
3173 3562 3324 3625 Θεὸς,
3358 3563 3453 3615 καὶ
3480 3563 3579 3614 οὐκ
3608 3562 3836 3630 ἠλλοίω-

2262 3674 2374 3727 μαι.
2413 3676 2430 3706 ι
2476 3654 2788 3707 Ἀποθανὼν
2826 3655 2923 3725 μὲν
2972 3656 3062 3707 τὸν
3101 3656 3370 3725 ἡμέτερον
3416 3655 3647 3707 θάνατον
3693 3654 3835 3707 κατὰ

2262 3748 2439 3817 σάρκα
2485 3747 2624 3816 ὑπὲρ
2651 3747 2758 3801 τῶν
2793 3748 3075 3818 ἁμαρτιῶν
3122 3747 3299 3817 ἡμῶν,
3349 3747 3435 3799 ἴνα
3462 3748 3554 3799 τὸν
3603 3746 3835 3799 θάνατον

2260 3837 2424 3908 ἀνέλῃ
2450 3837 2536 3890 διὰ
2566 3837 2658 3890 τοῦ
2689 3839 2830 3909 ὑπὲρ
2859 3839 3015 3909 ἡμῶν
3050 3838 3301 3904 θανάτου,
3327 3838 3467 3891 κατὰ
3491 3838 3581 3891 τὸν
3610 3837 3839 3907 λέγοντα

2273 3928 2625 3981 ’Δπόστολοψ
2679 3947 2696 3979 ι
2722 3928 3013 3999 Κατεπόθη
3060 3930 3088 3981 ὀ
3140 3928 3368 3991 Θάνατος
3412 3930 3491 3992 είς
3526 3930 3695 3991 νῖκος.
3726 3927 3837 3981 Ποῦ

2265 4036 2380 4083 σου,
2413 4019 2629 4087 θάνατε,
2664 4020 2724 4073 τὸ
2762 4023 2942 4087 νῖκος;
2976 4020 3077 4073 ποῦ
3114 4038 3227 4085 σου,
3262 4020 3386 4092 ᾇδη,
3420 4021 3480 4074 τὸ
3524 4022 3784 4090 κέντρον;
3812 4038 3831 4072 ι

2264 4110 2375 4164 Καὶ
2412 4110 2570 4164 πάλιν
2590 4127 2601 4139 ·
2634 4130 2651 4163 ι
2688 4110 2923 4182 Χριστὸς
2961 4111 3232 4165 ἀπέθανεν
3255 4112 3395 4183 ὑπὲρ
3419 4113 3528 4164 τῶν
3551 4110 3838 4181 ἁμαρτιῶν

2264 4201 2440 4271 ἡμῶν,
2470 4201 2611 4255 κατὰ
2642 4202 2739 4264 τὰς
2771 4202 3011 4272 Γραφάς.
3045 4221 3063 4252 ι
3113 4202 3403 4265 Ἀθάνατος
3427 4201 3482 4255 δὲ
3527 4202 3625 4255 καὶ
3662 4203 3839 4273 ἀκρά-

2263 4312 2424 4364 τητος
2482 4294 2559 4365 τῷ
2604 4294 2817 4361 θανάτῳ
2864 4294 3146 4364 διαμείνας
3188 4294 3278 4348 διὰ
3307 4295 3408 4364 τὴν
3450 4294 3714 4365 Θεότητα,
3762 4294 3838 4358 ὡς

2266 4384 2482 4455 ἀπαθὴς
2509 4384 2603 4437 τοῦ
2632 4385 2846 4455 Πατρὸς
2878 4384 3125 4455 δύναμις,
3161 4387 3303 4439 κατὰ
3334 4386 3425 4439 τὸν
3470 4386 3698 4454 λέγοντα
3731 4387 3840 4438 Πέ-

2268 4492 2395 4545 τρον
2417 4489 2429 4503 ·
2467 4475 2529 4527 οὐ
2560 4475 2666 4545 γὰρ
2708 4471 2775 4545 ἦν
2804 4476 3025 4528 δυνατὸν
3056 4476 3375 4546 κρατεῖσθαι
3402 4477 3562 4532 αὑτὸν
3603 4479 3710 4531 ὑπὸ
3740 4478 3833 4531 τοῦ

598 4567 894 4623 secundum
919 4566 1254 4623 divinitatem
1279 4569 1621 4632 immortalis,
1655 4570 1913 4638 omnique
1942 4570 2152 4626 interitu

2268 4567 2517 4622 θανάτου.
2566 4563 2697 4618 Εἶτα
2746 4566 2956 4631 τούτοις
3002 4568 3293 4637 ἐπιφέρει,
3342 4570 3635 4640 παρενοεὶς
3678 4571 3842 4641 ἔτερα

597 4658 845 4727 superior
866 4666 1004 4725 erat,
1035 4667 1094 4713 ut
1121 4660 1214 4729 qui
1249 4659 1560 4730 impatibilis
1586 4659 1763 4715 Patris
1798 4661 1967 4716 virtus
2000 4672 2163 4729 esset,

600 4758 901 4819 morteque,
921 4748 1075 4816 juxta
1126 4749 1270 4805 Petri
1321 4751 1749 4818 sententiam",
1806 4752 1973 4807 teneri
2022 4753 2169 4807 nullo

600 4841 762 4895 modo
805 4849 1005 4911 posset.
1052 4840 1255 4896 Deinde
1305 4842 1427 4897 aliis
1473 4841 1584 4912 49
1623 4842 1945 4911 quibusdam
1992 4842 2168 4896 inter-

594 4932 776 5001 jectis,
840 4932 957 4988 haec
1014 4933 1326 5003 subjungit:
1388 4933 1443 4987 Si
1502 4935 1621 5001 quis
1666 4942 1845 4988 autem
1898 4933 2043 4987 aliud
2101 4948 2169 4988 ex

601 5023 798 5077 divinis
854 5023 1071 5077 Litteris
1130 5022 1412 5087 docuerit,
1461 5032 1514 5078 et
1558 5024 1721 5077 alium
1774 5022 1866 5078 Dei
1921 5024 2166 5092 Filium,

604 5111 768 5164 alium
844 5109 1024 5165 Maria:
1106 5125 1203 5180 per
1282 5111 1512 5181 gratiam
1585 5114 1756 5165 instar
1826 5112 1996 5166 nostri
2075 5112 2172 5165 ad-

604 5212 871 5273 optatum,
922 5200 1198 5273 professus
1245 5203 1427 5267 fuerit,
1472 5211 1724 5271 tanquam
1773 5202 1880 5257 duo
1915 5203 2022 5257 sint
2056 5203 2169 5267 lilii,

607 5297 745 5350 alter
794 5293 888 5350 Dei
933 5297 1227 5351 secundum
1290 5307 1576 5361 naturam,
1628 5294 1717 5349 ille
1774 5295 2026 5349 videlicet
2082 5293 2174 5363 qui

607 5402 673 5443 ex
713 5388 819 5443 Deo
856 5398 1048 5454 natus;
1084 5387 1221 5441 alter
1252 5388 1547 5440 secundutn
1578 5374 1879 5455 adoptionis
1911 5396 2172 5455 gratiam,

610 5480 774 5532 homo
806 5478 1057 5533 nimirum
1084 5478 1174 5546 qui
1211 5494 1274 5532 ex
1307 5476 1475 5531 Maria
1499 5478 1740 5533 exstitit:
1774 5485 1869 5533 aut
1899 5480 1943 5533 si
1966 5477 2176 5533 Domini

613 5569 782 5626 nostri
810 5584 1029 5625 carnem
1056 5584 1161 5624 non
1189 5583 1253 5624 ex
1288 5568 1512 5639 Deipara
1558 5568 1774 5641 Virgine
1818 5568 1984 5623 Maria
2030 5584 2177 5624 sunt-

2275 4656 2476 4727 μεταξὺ
2506 4656 2677 4718 οὕτως
2697 4672 2710 4684 ·
2744 4657 2807 4707 El.
2846 4656 2903 4708 δέ
2942 4673 3027 4719 τις
3058 4656 3211 4727 παρὰ
3244 4655 3415 4709 ταῦτα
3451 4659 3515 4710 ὲκ
3545 4657 3655 4710 τῶν
3683 4657 3843 4710 θείων

2270 4749 2312 4803 Γ
2319 4747 2504 4819 ραφῶν
2548 4747 2788 4801 διδάσκει
2813 4786 2828 4810 ,
2861 4746 3047 4817 ἕτερον
3078 4747 3251 4815 λέγων
3278 4748 3369 4801 τὸν
3402 4749 3526 4804 Υίὸν
3559 4750 3654 4801 τοῦ
3682 4748 3841 4811 Θεοῦ,

2272 4838 2367 4889 καὶ
2392 4836 2577 4906 ἓτερον
2606 4835 2693 4887 τὸν
2718 4835 2779 4887 ὲκ
2806 4835 3044 4904 Μαρίας,
3076 4835 3216 4889 κατά
3249 4837 3407 4907 χάριν
3439 4838 3842 4907 υίοποιηθέντα,

2274 4928 2351 4991 ὡς
2386 4929 2544 4997 ἡμεῖς
2569 4942 2580 4955 ·
2608 4926 2683 4991 ὡς
2714 4922 2852 4980 εἶναι
2882 4927 2974 4980 δύο
3006 4927 3153 4990 υἱοὺς
3172 4967 3187 4991 ,
3220 4928 3314 4980 ἕνα
3356 4928 3495 4981 κατὰ
3527 4927 3688 4997 φύσιν
3717 4927 3844 4980 Υίδν

2273 5018 2367 5071 τοῦ
2398 5017 2532 5071 Θεοῦ
2563 5018 2652 5070 τὸν
2688 5018 2751 5070 ὲκ
2793 5017 2928 5070 Θεοῦ
2949 5056 2964 5080 ,
2994 5019 3087 5070 καὶ¹
3118 5018 3212 5071 ἕνα
3243 5019 3383 5071 κατὰ
3426 5018 3610 5088 χάριν,
3649 5018 3743 5071 τὸν
3779 5018 3843 5069 ὲκ

2275 5110 2496 5182 Μαρίας
2542 5108 2862 5181 ἅνθρωπονο
2892 5109 2925 5180 ἢ
2959 5110 3012 5161 εῐ
3041 5126 3124 5171 τις
3162 5109 3262 5179 τὴν
3307 5107 3397 5161 τοῦ
3441 5108 3647 5179 Κυρίου
3688 5108 3845 5178 ἡμῶν

2279 5203 2457 5273 σάρκα
2483 5200 2689 5255 ἄνωθεν
2720 5200 2892 5268 λέγει,
2941 5200 3035 5253 καλ⁸
3067 5200 3141 5270 μὴ
3169 5202 3233 5253 ὲκ
3278 5200 3376 5269 τῆς
3415 5199 3690 5270 Παρθένου
3726 5200 3846 5253 Μα-

2279 5294 2401 5365 ρίας
2422 5311 2434 5322 ·
2472 5293 2505 5362 ἥ
2530 5294 2831 5363 τραπεῖσαν
2854 5292 2950 5361 τὴν
2972 5291 3199 5359 θεότητα
3229 5293 3308 5353 είς
3339 5290 3539 5363 σάρκα,
3570 5290 3602 5359 ἢ
3634 5308 3845 5359 συγχυ-

2278 5386 2487 5448 θεῖσαν,
2532 5385 2565 5455 ἢ
2603 5383 3005 5455 ἀλλοιωοεῖσαν,
3041 5382 3074 5453 ἢ
3111 5381 3359 5452 παθητὴν
3384 5385 3484 5451 τὴν
3510 5382 3603 5434 τοῦ
3638 5383 3846 5452 Κυρίου

2280 5476 2543 5545 θεότητα,
2595 5475 2628 5545 ἢ
2677 5473 3089 5545 ἀπροσκύνητον
3137 5473 3233 5544 τὴν
3282 5472 3376 5525 τοῦ
3433 5473 3639 5543 Κυρίου
3691 5472 3847 5542 ἡμῶν

2284 5568 2464 5639 σάρκα
2508 5568 2583 5632 ὠς
2632 5565 2920 5638 ἀνθρώπου
2981 5564 3074 5617 καὶ
3106 5563 3182 5636 μὴ
3211 5564 3592 5637 προσκυνητὴν
3622 5565 3699 5628 ὡς
3734 5565 3846 5616 Κυ-

685 5728 727 5758 “
755 5727 883 5781 Luc.
921 5743 959 5789 ι,
994 5727 1080 5779 54.
1157 5725 1203 5755 τ’
1234 5724 1361 5775 ibid.
1395 5725 1482 5780 55.
1558 5726 1604 5757 ⁷³
1631 5724 1649 5778 ι
1676 5725 1815 5779 Pctr.
1856 5739 1927 5791 tv,
1968 5725 2009 5779 Ι.
2090 5725 2135 5756 ⁷⁸

2257 5741 2326 5779 m.
2360 5739 2477 5787 vin,
2519 5724 2592 5779 5'2
2679 5722 2728 5755 ⁷⁸
2758 5720 2983 5777 Malacli.
3022 5736 3104 5784 ιιι,
3139 5720 3191 5773 6.
3269 5717 3370 5771 "l
3426 5718 3548 5774 Cor.
3607 5734 3695 5781 xv,
3757 5717 3843 5772 53.

619 5797 664 5828 ⁷⁷
701 5798 828 5853 ibid.
864 5799 915 5855 4.
993 5796 1042 5827 ⁷⁸
1076 5798 1181 5852 Act
1238 5810 1298 5858 ιι,
1333 5795 1383 5848 4.
