  <div class='ocr_page' id='page_1' title='image "/cluster/home/n/w/nwhite01/storage/ocr_20150623/76/hvd.32044019207943/614.png"; bbox 0 0 4146 6498; ppageno 0'>
   <div class='ocr_carea' id='block_1_1' title="bbox 351 425 491 480">
    <p class='ocr_par' dir='ltr' id='par_1_1' title="bbox 351 425 491 480">
     <span class='ocr_line' id='line_1_1' title="bbox 351 425 491 480; baseline -0.007 0"><span class='ocrx_word' id='word_1_1' title='bbox 351 425 491 480; x_wconf 63' lang='lat' dir='ltr'><strong>HI?»</strong></span> 
     </span>
    </p>
   </div>
   <div class='ocr_carea' id='block_1_2' title="bbox 1437 430 2471 494">
    <p class='ocr_par' dir='ltr' id='par_1_2' title="bbox 1437 430 2471 494">
     <span class='ocr_line' id='line_1_2' title="bbox 1437 430 2471 494; baseline 0.009 -9"><span class='ocrx_word' id='word_1_2' title='bbox 1437 430 1524 484; x_wconf 75' lang='lat' dir='ltr'><strong>DE</strong></span> <span class='ocrx_word' id='word_1_3' title='bbox 1567 432 1793 487; x_wconf 77' lang='lat' dir='ltr'><strong>DECTA</strong></span> <span class='ocrx_word' id='word_1_4' title='bbox 1834 434 1991 489; x_wconf 75' lang='lat' dir='ltr'><strong>FIDE</strong></span> <span class='ocrx_word' id='word_1_5' title='bbox 2025 436 2114 491; x_wconf 86' lang='lat' dir='ltr'><strong>AD</strong></span> <span class='ocrx_word' id='word_1_6' title='bbox 2154 436 2471 494; x_wconf 80' lang='lat' dir='ltr'><strong>REGINAS.</strong></span> 
     </span>
    </p>
   </div>
   <div class='ocr_carea' id='block_1_3' title="bbox 3448 448 3599 537">
    <p class='ocr_par' dir='ltr' id='par_1_3' title="bbox 3448 448 3599 537">
     <span class='ocr_line' id='line_1_3' title="bbox 3448 448 3599 537; baseline 0.013 -34"><span class='ocrx_word' id='word_1_7' title='bbox 3448 448 3599 537; x_wconf 17' lang='lat'><strong>1211‘</strong></span> 
     </span>
    </p>
   </div>
   <div class='ocr_carea' id='block_1_4' title="bbox 352 541 1899 626">
    <p class='ocr_par' dir='ltr' id='par_1_4' title="bbox 352 541 1899 621">
     <span class='ocr_line' id='line_1_4' title="bbox 352 541 1899 621; baseline 0.005 -25"><span class='ocrx_word' id='word_1_8' title='bbox 352 544 466 615; x_wconf 86' lang='grc' dir='ltr'>ρίου</span> <span class='ocrx_word' id='word_1_9' title='bbox 496 542 589 596; x_wconf 64' lang='grc' dir='ltr'><strong>καί¹</strong></span> <span class='ocrx_word' id='word_1_10' title='bbox 626 541 759 596; x_wconf 77' lang='grc' dir='ltr'>Θεοῦ</span> <span class='ocrx_word' id='word_1_11' title='bbox 792 544 987 614; x_wconf 85' lang='grc' dir='ltr'><strong>σάρκα,</strong></span> <span class='ocrx_word' id='word_1_12' title='bbox 1023 545 1232 613; x_wconf 81' lang='grc' dir='ltr'>τοῦτον,</span> <span class='ocrx_word' id='word_1_13' title='bbox 1263 547 1649 618; x_wconf 73' lang='grc' dir='ltr'>ἀναθεματίξει</span> <span class='ocrx_word' id='word_1_14' title='bbox 1702 552 1735 621; x_wconf 83' lang='grc' dir='ltr'>ἡ</span> <span class='ocrx_word' id='word_1_15' title='bbox 1785 551 1899 619; x_wconf 74' lang='grc' dir='ltr'>ἀγίσ</span> 
     </span>
    </p>
   </div>
   <div class='ocr_carea' id='block_1_5' title="bbox 2003 541 3586 626">
    <p class='ocr_par' dir='ltr' id='par_1_5' title="bbox 2018 551 3586 626">
     <span class='ocr_line' id='line_1_5' title="bbox 2018 551 3586 626; baseline 0.007 -23"><span class='ocrx_word' id='word_1_16' title='bbox 2018 560 2181 621; x_wconf 87' lang='lat' dir='ltr'><strong>ptam,</strong></span> <span class='ocrx_word' id='word_1_17' title='bbox 2215 552 2308 608; x_wconf 90' lang='lat' dir='ltr'><strong>sed</strong></span> <span class='ocrx_word' id='word_1_18' title='bbox 2337 551 2553 610; x_wconf 77' lang='lat' dir='ltr'><strong>ccelitus</strong></span> <span class='ocrx_word' id='word_1_19' title='bbox 2586 552 2847 624; x_wconf 80' lang='lat' dir='ltr'><strong>dilapsam</strong></span> <span class='ocrx_word' id='word_1_20' title='bbox 2878 557 3279 626; x_wconf 65' lang='lat' dir='ltr'><strong>praedicaverit;</strong></span> <span class='ocrx_word' id='word_1_21' title='bbox 3326 566 3417 613; x_wconf 82' lang='lat' dir='ltr'><strong>aut</strong></span> <span class='ocrx_word' id='word_1_22' title='bbox 3445 560 3586 614; x_wconf 82' lang='lat' dir='ltr'><strong>divi-</strong></span> 
     </span>
    </p>
   </div>
   <div class='ocr_carea' id='block_1_6' title="bbox 347 634 1913 715">
    <p class='ocr_par' dir='ltr' id='par_1_6' title="bbox 347 634 1913 715">
     <span class='ocr_line' id='line_1_6' title="bbox 347 634 1913 715; baseline 0.006 -28"><span class='ocrx_word' id='word_1_23' title='bbox 347 634 610 705; x_wconf 83' lang='grc' dir='ltr'>καθολικὴ</span> <span class='ocrx_word' id='word_1_24' title='bbox 645 636 1283 711; x_wconf 80' lang='grc' dir='ltr'>Ἐκκλησία,·πειθομένη</span> <span class='ocrx_word' id='word_1_25' title='bbox 1322 640 1401 712; x_wconf 81' lang='grc' dir='ltr'>τῷ</span> <span class='ocrx_word' id='word_1_26' title='bbox 1428 639 1558 712; x_wconf 83' lang='grc' dir='ltr'>θείῳ</span> <span class='ocrx_word' id='word_1_27' title='bbox 1602 642 1913 715; x_wconf 83' lang='grc' dir='ltr'><strong>Ἀποστὸλῳ</strong></span> 
     </span>
    </p>
   </div>
   <div class='ocr_carea' id='block_1_7' title="bbox 346 728 1912 809">
    <p class='ocr_par' dir='ltr' id='par_1_7' title="bbox 346 728 1912 809">
     <span class='ocr_line' id='line_1_7' title="bbox 346 728 1912 809; baseline 0.006 -28"><span class='ocrx_word' id='word_1_28' title='bbox 346 728 590 797; x_wconf 68' lang='grc' dir='ltr'>λέγοντν</span> <span class='ocrx_word' id='word_1_29' title='bbox 629 748 647 780; x_wconf 83' lang='lat' dir='ltr'><strong>t</strong></span> <span class='ocrx_word' id='word_1_30' title='bbox 687 730 755 783; x_wconf 73' lang='grc' dir='ltr'><strong>Εἴ</strong></span> <span class='ocrx_word' id='word_1_31' title='bbox 795 749 878 795; x_wconf 89' lang='grc' dir='ltr'><strong>τις</strong></span> <span class='ocrx_word' id='word_1_32' title='bbox 911 734 1039 803; x_wconf 87' lang='grc' dir='ltr'>ὑμῖν</span> <span class='ocrx_word' id='word_1_33' title='bbox 1069 734 1477 802; x_wconf 76' lang='grc' dir='ltr'><strong>εὐαγγελίζεται</strong></span> <span class='ocrx_word' id='word_1_34' title='bbox 1503 777 1518 801; x_wconf 82' lang='grc'><strong>,</strong></span> <span class='ocrx_word' id='word_1_35' title='bbox 1551 736 1679 809; x_wconf 85' lang='grc' dir='ltr'>παρ’</span> <span class='ocrx_word' id='word_1_36' title='bbox 1711 737 1740 789; x_wconf 82' lang='grc' dir='ltr'><strong>ὃ</strong></span> <span class='ocrx_word' id='word_1_37' title='bbox 1768 754 1912 809; x_wconf 87' lang='grc' dir='ltr'>παρ-</span> 
     </span>
    </p>
   </div>
   <div class='ocr_carea' id='block_1_8' title="bbox 346 816 1913 898">
    <p class='ocr_par' dir='ltr' id='par_1_8' title="bbox 346 816 1913 898">
     <span class='ocr_line' id='line_1_8' title="bbox 346 816 1913 898; baseline 0.006 -28"><span class='ocrx_word' id='word_1_38' title='bbox 346 816 588 881; x_wconf 80' lang='grc' dir='ltr'>ελάϐετε,</span> <span class='ocrx_word' id='word_1_39' title='bbox 619 820 868 890; x_wconf 83' lang='grc' dir='ltr'><strong>ἀνάθεμα</strong></span> <span class='ocrx_word' id='word_1_40' title='bbox 895 821 1052 876; x_wconf 75' lang='grc' dir='ltr'>ἔστω.</span> <span class='ocrx_word' id='word_1_41' title='bbox 1081 841 1098 873; x_wconf 73' lang='grc' dir='ltr'><strong>ι</strong></span> <span class='ocrx_word' id='word_1_42' title='bbox 1133 825 1241 877; x_wconf 74' lang='grc' dir='ltr'><strong>Καὶ</strong></span> <span class='ocrx_word' id='word_1_43' title='bbox 1262 824 1435 879; x_wconf 84' lang='grc' dir='ltr'>ταῦτα</span> <span class='ocrx_word' id='word_1_44' title='bbox 1462 824 1561 896; x_wconf 82' lang='grc' dir='ltr'><strong>μὲν</strong></span> <span class='ocrx_word' id='word_1_45' title='bbox 1588 826 1616 878; x_wconf 89' lang='grc' dir='ltr'><strong>ὁ</strong></span> <span class='ocrx_word' id='word_1_46' title='bbox 1645 825 1913 898; x_wconf 89' lang='grc' dir='ltr'>μακάριος</span> 
     </span>
    </p>
   </div>
   <div class='ocr_carea' id='block_1_9' title="bbox 358 908 718 975">
    <p class='ocr_par' dir='ltr' id='par_1_9' title="bbox 358 908 718 975">
     <span class='ocr_line' id='line_1_9' title="bbox 358 908 718 975; baseline 0.008 -13"><span class='ocrx_word' id='word_1_47' title='bbox 358 908 677 975; x_wconf 81' lang='grc' dir='ltr'>Ἀθανάσιος</span> <span class='ocrx_word' id='word_1_48' title='bbox 702 927 718 942; x_wconf 73' lang='grc' dir='ltr'><strong>ο</strong></span> 
     </span>
    </p>
   </div>
   <div class='ocr_carea' id='block_1_10' title="bbox 2014 643 3575 714">
    <p class='ocr_par' dir='ltr' id='par_1_10' title="bbox 2014 643 3575 714">
     <span class='ocr_line' id='line_1_10' title="bbox 2014 643 3575 714; baseline 0.006 -20"><span class='ocrx_word' id='word_1_49' title='bbox 2014 643 2235 697; x_wconf 92' lang='lat' dir='ltr'><strong>nitatem</strong></span> <span class='ocrx_word' id='word_1_50' title='bbox 2273 644 2325 697; x_wconf 90' lang='lat' dir='ltr'><strong>in</strong></span> <span class='ocrx_word' id='word_1_51' title='bbox 2358 657 2575 697; x_wconf 89' lang='lat' dir='ltr'><strong>carnem</strong></span> <span class='ocrx_word' id='word_1_52' title='bbox 2604 658 2839 709; x_wconf 87' lang='lat' dir='ltr'><strong>versam,</strong></span> <span class='ocrx_word' id='word_1_53' title='bbox 2878 658 2971 701; x_wconf 84' lang='lat' dir='ltr'><strong>aut</strong></span> <span class='ocrx_word' id='word_1_54' title='bbox 3000 648 3300 714; x_wconf 82' lang='lat' dir='ltr'><strong>confusam,</strong></span> <span class='ocrx_word' id='word_1_55' title='bbox 3332 661 3424 704; x_wconf 90' lang='lat' dir='ltr'><strong>aut</strong></span> <span class='ocrx_word' id='word_1_56' title='bbox 3471 668 3575 704; x_wconf 89' lang='lat' dir='ltr'><strong>mu-</strong></span> 
     </span>
    </p>
   </div>
   <div class='ocr_carea' id='block_1_11' title="bbox 2010 733 3586 807">
    <p class='ocr_par' dir='ltr' id='par_1_11' title="bbox 2010 733 3586 807">
     <span class='ocr_line' id='line_1_11' title="bbox 2010 733 3586 807; baseline 0.004 -21"><span class='ocrx_word' id='word_1_57' title='bbox 2010 741 2218 799; x_wconf 88' lang='lat' dir='ltr'><strong>tatam;</strong></span> <span class='ocrx_word' id='word_1_58' title='bbox 2277 744 2371 788; x_wconf 88' lang='lat' dir='ltr'><strong>aut</strong></span> <span class='ocrx_word' id='word_1_59' title='bbox 2430 733 2643 788; x_wconf 88' lang='lat' dir='ltr'><strong>Domini</strong></span> <span class='ocrx_word' id='word_1_60' title='bbox 2692 735 3033 792; x_wconf 90' lang='lat' dir='ltr'><strong>divinitatem</strong></span> <span class='ocrx_word' id='word_1_61' title='bbox 3085 738 3433 807; x_wconf 88' lang='lat' dir='ltr'><strong>passibilem;</strong></span> <span class='ocrx_word' id='word_1_62' title='bbox 3492 748 3586 794; x_wconf 87' lang='lat' dir='ltr'><strong>aut</strong></span> 
     </span>
    </p>
   </div>
   <div class='ocr_carea' id='block_1_12' title="bbox 2009 813 3584 892">
    <p class='ocr_par' dir='ltr' id='par_1_12' title="bbox 2009 813 3584 892">
     <span class='ocr_line' id='line_1_12' title="bbox 2009 813 3584 892; baseline 0.003 -15"><span class='ocrx_word' id='word_1_63' title='bbox 2009 825 2246 892; x_wconf 84' lang='lat' dir='ltr'><strong>ejusdem</strong></span> <span class='ocrx_word' id='word_1_64' title='bbox 2292 825 2497 880; x_wconf 87' lang='lat' dir='ltr'><strong>Domini</strong></span> <span class='ocrx_word' id='word_1_65' title='bbox 2525 826 2693 881; x_wconf 88' lang='lat' dir='ltr'><strong>nostri</strong></span> <span class='ocrx_word' id='word_1_66' title='bbox 2738 842 2976 889; x_wconf 89' lang='lat' dir='ltr'><strong>carnem,</strong></span> <span class='ocrx_word' id='word_1_67' title='bbox 3023 829 3185 884; x_wconf 91' lang='lat' dir='ltr'><strong>veluti</strong></span> <span class='ocrx_word' id='word_1_68' title='bbox 3228 830 3353 884; x_wconf 90' lang='lat' dir='ltr'><strong>nudi</strong></span> <span class='ocrx_word' id='word_1_69' title='bbox 3399 813 3584 885; x_wconf 80' lang='lat' dir='ltr'><strong>homi-</strong></span> 
     </span>
    </p>
   </div>
   <div class='ocr_carea' id='block_1_13' title="bbox 2011 915 3583 983">
    <p class='ocr_par' dir='ltr' id='par_1_13' title="bbox 2011 915 3583 983">
     <span class='ocr_line' id='line_1_13' title="bbox 2011 915 3583 983; baseline 0.005 -17"><span class='ocrx_word' id='word_1_70' title='bbox 2011 915 2113 980; x_wconf 80' lang='lat' dir='ltr'><strong>Itis,</strong></span> <span class='ocrx_word' id='word_1_71' title='bbox 2147 916 2366 969; x_wconf 87' lang='lat' dir='ltr'><strong>minime</strong></span> <span class='ocrx_word' id='word_1_72' title='bbox 2406 917 2731 971; x_wconf 90' lang='lat' dir='ltr'><strong>adorandam</strong></span> <span class='ocrx_word' id='word_1_73' title='bbox 2784 918 3016 983; x_wconf 79' lang='lat' dir='ltr'><strong>dixerit;</strong></span> <span class='ocrx_word' id='word_1_74' title='bbox 3064 920 3208 973; x_wconf 90' lang='lat' dir='ltr'><strong>hunc</strong></span> <span class='ocrx_word' id='word_1_75' title='bbox 3246 921 3583 974; x_wconf 83' lang='lat' dir='ltr'><strong>anathemate</strong></span> 
     </span>
    </p>
   </div>
   <div class='ocr_carea' id='block_1_14' title="bbox 344 1001 3581 1080">
    <p class='ocr_par' dir='ltr' id='par_1_14' title="bbox 344 1001 3581 1080">
     <span class='ocr_line' id='line_1_14' title="bbox 344 1001 3581 1080; baseline 0.002 -26"><span class='ocrx_word' id='word_1_76' title='bbox 344 1001 531 1070; x_wconf 89' lang='lat' dir='ltr'><strong>plectit</strong></span> <span class='ocrx_word' id='word_1_77' title='bbox 563 1014 746 1058; x_wconf 87' lang='lat' dir='ltr'><strong>sancta</strong></span> <span class='ocrx_word' id='word_1_78' title='bbox 780 1012 835 1059; x_wconf 88' lang='lat' dir='ltr'><strong>et</strong></span> <span class='ocrx_word' id='word_1_79' title='bbox 877 1006 1138 1061; x_wconf 85' lang='lat' dir='ltr'><strong>catholica</strong></span> <span class='ocrx_word' id='word_1_80' title='bbox 1214 1007 1474 1072; x_wconf 74' lang='lat' dir='ltr'><strong>Ecclesia,</strong></span> <span class='ocrx_word' id='word_1_81' title='bbox 1540 1008 1699 1063; x_wconf 88' lang='lat' dir='ltr'><strong>dictis</strong></span> <span class='ocrx_word' id='word_1_82' title='bbox 1743 1006 1986 1075; x_wconf 80' lang='lat' dir='ltr'><strong>Apostoli</strong></span> <span class='ocrx_word' id='word_1_83' title='bbox 2027 1022 2221 1075; x_wconf 86' lang='lat' dir='ltr'><strong>parens</strong></span> <span class='ocrx_word' id='word_1_84' title='bbox 2259 1008 2329 1061; x_wconf 86' lang='lat' dir='ltr'><strong>ita</strong></span> <span class='ocrx_word' id='word_1_85' title='bbox 2378 1009 2708 1063; x_wconf 86' lang='lat' dir='ltr'><strong>scribentis:</strong></span> <span class='ocrx_word' id='word_1_86' title='bbox 2754 1027 2773 1060; x_wconf 87' lang='lat' dir='ltr'><strong>t</strong></span> <span class='ocrx_word' id='word_1_87' title='bbox 2811 1008 2867 1063; x_wconf 91' lang='lat' dir='ltr'><strong>Si</strong></span> <span class='ocrx_word' id='word_1_88' title='bbox 2903 1010 3023 1078; x_wconf 90' lang='lat' dir='ltr'><strong>quis</strong></span> <span class='ocrx_word' id='word_1_89' title='bbox 3057 1010 3209 1065; x_wconf 82' lang='lat' dir='ltr'><strong>vobis</strong></span> <span class='ocrx_word' id='word_1_90' title='bbox 3247 1008 3581 1080; x_wconf 80' lang='lat' dir='ltr'><strong>evangeliza-</strong></span> 
     </span>
    </p>
   </div>
   <div class='ocr_carea' id='block_1_15' title="bbox 341 1093 2890 1168">
    <p class='ocr_par' dir='ltr' id='par_1_15' title="bbox 341 1093 2890 1168">
     <span class='ocr_line' id='line_1_15' title="bbox 341 1093 2890 1168; baseline 0.003 -21"><span class='ocrx_word' id='word_1_91' title='bbox 341 1093 487 1147; x_wconf 89' lang='lat' dir='ltr'><strong>verit</strong></span> <span class='ocrx_word' id='word_1_92' title='bbox 515 1104 710 1162; x_wconf 63' lang='lat' dir='ltr'><strong>printer</strong></span> <span class='ocrx_word' id='word_1_93' title='bbox 740 1097 789 1149; x_wconf 90' lang='lat' dir='ltr'><strong>id</strong></span> <span class='ocrx_word' id='word_1_94' title='bbox 830 1098 972 1165; x_wconf 90' lang='lat' dir='ltr'><strong>quod</strong></span> <span class='ocrx_word' id='word_1_95' title='bbox 1018 1100 1318 1168; x_wconf 77' lang='lat' dir='ltr'><strong>accepistis,</strong></span> <span class='ocrx_word' id='word_1_96' title='bbox 1361 1103 1647 1156; x_wconf 86' lang='lat' dir='ltr'><strong>anathema</strong></span> <span class='ocrx_word' id='word_1_97' title='bbox 1711 1101 1872 1157; x_wconf 77' lang='lat' dir='ltr'><strong>sit&quot;.</strong></span> <span class='ocrx_word' id='word_1_98' title='bbox 1910 1116 1929 1149; x_wconf 81' lang='grc'>›</span> <span class='ocrx_word' id='word_1_99' title='bbox 1976 1097 2261 1165; x_wconf 83' lang='lat' dir='ltr'><strong>llueusque</strong></span> <span class='ocrx_word' id='word_1_100' title='bbox 2297 1100 2486 1154; x_wconf 86' lang='lat' dir='ltr'><strong>beatus</strong></span> <span class='ocrx_word' id='word_1_101' title='bbox 2539 1101 2890 1155; x_wconf 83' lang='lat' dir='ltr'><strong>Athanasius.</strong></span> 
     </span>
    </p>
   </div>
   <div class='ocr_carea' id='block_1_16' title="bbox 416 1180 1912 1264">
    <p class='ocr_par' dir='ltr' id='par_1_16' title="bbox 416 1180 1912 1264">
     <span class='ocr_line' id='line_1_16' title="bbox 416 1180 1912 1264; baseline 0.004 -27"><span class='ocrx_word' id='word_1_102' title='bbox 416 1183 474 1238; x_wconf 87' lang='lat' dir='ltr'><strong>l&#39;.</strong></span> <span class='ocrx_word' id='word_1_103' title='bbox 519 1180 686 1255; x_wconf 80' lang='grc' dir='ltr'>Οἶμαι</span> <span class='ocrx_word' id='word_1_104' title='bbox 730 1187 787 1241; x_wconf 82' lang='grc' dir='ltr'><strong>δὲ</strong></span> <span class='ocrx_word' id='word_1_105' title='bbox 826 1188 936 1243; x_wconf 85' lang='grc' dir='ltr'>δεῖν</span> <span class='ocrx_word' id='word_1_106' title='bbox 990 1191 1083 1242; x_wconf 73' lang='grc' dir='ltr'>καὶ</span> <span class='ocrx_word' id='word_1_107' title='bbox 1138 1191 1340 1264; x_wconf 81' lang='grc' dir='ltr'>ἑτέρων</span> <span class='ocrx_word' id='word_1_108' title='bbox 1380 1192 1552 1261; x_wconf 83' lang='grc' dir='ltr'>ἁγίων</span> <span class='ocrx_word' id='word_1_109' title='bbox 1599 1192 1912 1244; x_wconf 82' lang='grc' dir='ltr'>ἐπισκόπων</span> 
     </span>
    </p>
   </div>
   <div class='ocr_carea' id='block_1_17' title="bbox 343 1274 1735 1354">
    <p class='ocr_par' dir='ltr' id='par_1_17' title="bbox 343 1274 1735 1354">
     <span class='ocr_line' id='line_1_17' title="bbox 343 1274 1735 1354; baseline 0.008 -28"><span class='ocrx_word' id='word_1_110' title='bbox 343 1274 669 1344; x_wconf 79' lang='grc' dir='ltr'>παραθεῖναι</span> <span class='ocrx_word' id='word_1_111' title='bbox 704 1278 905 1348; x_wconf 79' lang='grc' dir='ltr'>φωνὰς,</span> <span class='ocrx_word' id='word_1_112' title='bbox 938 1281 1029 1334; x_wconf 83' lang='grc' dir='ltr'><strong>τὸν</strong></span> <span class='ocrx_word' id='word_1_113' title='bbox 1062 1282 1222 1336; x_wconf 81' lang='grc' dir='ltr'>αὑτὸν</span> <span class='ocrx_word' id='word_1_114' title='bbox 1251 1283 1480 1354; x_wconf 72' lang='grc' dir='ltr'>ἐχούσας</span> <span class='ocrx_word' id='word_1_115' title='bbox 1512 1282 1735 1337; x_wconf 89' lang='grc' dir='ltr'>σκοπόν.</span> 
     </span>
    </p>
   </div>
   <div class='ocr_carea' id='block_1_18' title="bbox 790 1523 1457 1581">
    <p class='ocr_par' dir='ltr' id='par_1_18' title="bbox 790 1523 1457 1581">
     <span class='ocr_line' id='line_1_18' title="bbox 790 1523 1457 1581; baseline 0.007 -5"><span class='ocrx_word' id='word_1_116' title='bbox 790 1523 1061 1578; x_wconf 78' lang='grc' dir='ltr'><strong>Ἀττικοῦ</strong></span> <span class='ocrx_word' id='word_1_117' title='bbox 1098 1525 1457 1581; x_wconf 81' lang='grc' dir='ltr'><strong>ἐπισκόπου.</strong></span> 
     </span>
    </p>
   </div>
   <div class='ocr_carea' id='block_1_19' title="bbox 413 1655 1901 1733">
    <p class='ocr_par' dir='ltr' id='par_1_19' title="bbox 413 1655 1901 1733">
     <span class='ocr_line' id='line_1_19' title="bbox 413 1655 1901 1733; baseline 0.007 -26"><span class='ocrx_word' id='word_1_118' title='bbox 413 1655 659 1726; x_wconf 82' lang='grc' dir='ltr'><strong>Σήμερον</strong></span> <span class='ocrx_word' id='word_1_119' title='bbox 694 1657 928 1727; x_wconf 77' lang='grc' dir='ltr'>Χριστὸς</span> <span class='ocrx_word' id='word_1_120' title='bbox 955 1661 983 1711; x_wconf 84' lang='grc' dir='ltr'>ὁ</span> <span class='ocrx_word' id='word_1_121' title='bbox 1015 1661 1293 1732; x_wconf 80' lang='grc' dir='ltr'><strong>Δεσπότης</strong></span> <span class='ocrx_word' id='word_1_122' title='bbox 1325 1663 1423 1732; x_wconf 83' lang='grc' dir='ltr'><strong>τὴν</strong></span> <span class='ocrx_word' id='word_1_123' title='bbox 1456 1663 1554 1733; x_wconf 81' lang='grc' dir='ltr'>τῆς</span> <span class='ocrx_word' id='word_1_124' title='bbox 1600 1664 1901 1732; x_wconf 85' lang='grc' dir='ltr'>φιλανθρω-</span> 
     </span>
    </p>
   </div>
   <div class='ocr_carea' id='block_1_20' title="bbox 340 1746 1909 1824">
    <p class='ocr_par' dir='ltr' id='par_1_20' title="bbox 340 1746 1909 1824">
     <span class='ocr_line' id='line_1_20' title="bbox 340 1746 1909 1824; baseline 0.005 -25"><span class='ocrx_word' id='word_1_125' title='bbox 340 1746 475 1811; x_wconf 80' lang='grc' dir='ltr'>πίας</span> <span class='ocrx_word' id='word_1_126' title='bbox 504 1747 756 1818; x_wconf 82' lang='grc' dir='ltr'><strong>γέννησιν</strong></span> <span class='ocrx_word' id='word_1_127' title='bbox 783 1750 1097 1817; x_wconf 79' lang='grc' dir='ltr'><strong>ἀνεδέξατο·</strong></span> <span class='ocrx_word' id='word_1_128' title='bbox 1123 1752 1221 1822; x_wconf 82' lang='grc' dir='ltr'>τὴν</span> <span class='ocrx_word' id='word_1_129' title='bbox 1262 1752 1370 1824; x_wconf 83' lang='grc' dir='ltr'>γὰρ</span> <span class='ocrx_word' id='word_1_130' title='bbox 1395 1753 1492 1823; x_wconf 83' lang='grc' dir='ltr'>τῆς</span> <span class='ocrx_word' id='word_1_131' title='bbox 1536 1753 1723 1824; x_wconf 83' lang='grc' dir='ltr'>θεῖκῆς</span> <span class='ocrx_word' id='word_1_132' title='bbox 1752 1756 1909 1820; x_wconf 80' lang='grc' dir='ltr'>ἀξίας</span> 
     </span>
    </p>
   </div>
   <div class='ocr_carea' id='block_1_21' title="bbox 2088 1188 3579 1267">
    <p class='ocr_par' dir='ltr' id='par_1_21' title="bbox 2088 1188 3579 1267">
     <span class='ocr_line' id='line_1_21' title="bbox 2088 1188 3579 1267; baseline 0.001 -25"><span class='ocrx_word' id='word_1_133' title='bbox 2088 1188 2155 1243; x_wconf 83' lang='grc' dir='ltr'>Χ.</span> <span class='ocrx_word' id='word_1_134' title='bbox 2192 1191 2457 1246; x_wconf 84' lang='lat' dir='ltr'><strong>Existimo</strong></span> <span class='ocrx_word' id='word_1_135' title='bbox 2484 1203 2662 1267; x_wconf 89' lang='lat' dir='ltr'><strong>autem</strong></span> <span class='ocrx_word' id='word_1_136' title='bbox 2689 1202 2743 1248; x_wconf 90' lang='lat' dir='ltr'><strong>et</strong></span> <span class='ocrx_word' id='word_1_137' title='bbox 2771 1193 2996 1247; x_wconf 89' lang='lat' dir='ltr'><strong>aliorum</strong></span> <span class='ocrx_word' id='word_1_138' title='bbox 3026 1207 3243 1261; x_wconf 89' lang='lat' dir='ltr'><strong>quoque</strong></span> <span class='ocrx_word' id='word_1_139' title='bbox 3273 1200 3579 1246; x_wconf 84' lang='lat' dir='ltr'><strong>sanctorqu</strong></span> 
     </span>
    </p>
   </div>
   <div class='ocr_carea' id='block_1_22' title="bbox 2014 1279 3583 1352">
    <p class='ocr_par' dir='ltr' id='par_1_22' title="bbox 2014 1279 3583 1352">
     <span class='ocr_line' id='line_1_22' title="bbox 2014 1279 3583 1352; baseline 0.002 -21"><span class='ocrx_word' id='word_1_140' title='bbox 2014 1279 2387 1349; x_wconf 87' lang='lat' dir='ltr'><strong>episcoporum</strong></span> <span class='ocrx_word' id='word_1_141' title='bbox 2427 1284 2745 1347; x_wconf 76' lang='lat' dir='ltr'><strong>sententias,</strong></span> <span class='ocrx_word' id='word_1_142' title='bbox 2770 1284 2966 1352; x_wconf 88' lang='lat' dir='ltr'><strong>quibus</strong></span> <span class='ocrx_word' id='word_1_143' title='bbox 2997 1284 3136 1336; x_wconf 83' lang='lat' dir='ltr'><strong>idem</strong></span> <span class='ocrx_word' id='word_1_144' title='bbox 3170 1284 3364 1337; x_wconf 86' lang='lat' dir='ltr'><strong>docere</strong></span> <span class='ocrx_word' id='word_1_145' title='bbox 3388 1297 3583 1351; x_wconf 82' lang='lat' dir='ltr'><strong>propo-</strong></span> 
     </span>
    </p>
   </div>
   <div class='ocr_carea' id='block_1_23' title="bbox 2011 1372 3297 1442">
    <p class='ocr_par' dir='ltr' id='par_1_23' title="bbox 2011 1372 3297 1442">
     <span class='ocr_line' id='line_1_23' title="bbox 2011 1372 3297 1442; baseline 0.003 -18"><span class='ocrx_word' id='word_1_146' title='bbox 2011 1372 2174 1424; x_wconf 80' lang='lat' dir='ltr'><strong>situm</strong></span> <span class='ocrx_word' id='word_1_147' title='bbox 2204 1379 2306 1439; x_wconf 90' lang='lat' dir='ltr'><strong>est,</strong></span> <span class='ocrx_word' id='word_1_148' title='bbox 2339 1373 2649 1442; x_wconf 79' lang='lat' dir='ltr'><strong>neutiquam</strong></span> <span class='ocrx_word' id='word_1_149' title='bbox 2690 1375 2776 1429; x_wconf 93' lang='lat' dir='ltr'><strong>bic</strong></span> <span class='ocrx_word' id='word_1_150' title='bbox 2800 1375 3124 1428; x_wconf 85' lang='lat' dir='ltr'><strong>omittendas</strong></span> <span class='ocrx_word' id='word_1_151' title='bbox 3154 1388 3297 1428; x_wconf 89' lang='lat' dir='ltr'><strong>esse.</strong></span> 
     </span>
    </p>
   </div>
   <div class='ocr_carea' id='block_1_24' title="bbox 2574 1507 3011 1575">
    <p class='ocr_par' dir='ltr' id='par_1_24' title="bbox 2574 1507 3011 1575">
     <span class='ocr_line' id='line_1_24' title="bbox 2574 1507 3011 1575; baseline 0.002 -15"><span class='ocrx_word' id='word_1_152' title='bbox 2574 1507 2738 1561; x_wconf 83' lang='lat' dir='ltr'><strong>Attici</strong></span> <span class='ocrx_word' id='word_1_153' title='bbox 2762 1509 3011 1575; x_wconf 83' lang='lat' dir='ltr'><strong>episcopi.</strong></span> 
     </span>
    </p>
   </div>
   <div class='ocr_carea' id='block_1_25' title="bbox 2087 1638 3578 1709">
    <p class='ocr_par' dir='ltr' id='par_1_25' title="bbox 2087 1638 3578 1709">
     <span class='ocr_line' id='line_1_25' title="bbox 2087 1638 3578 1709; baseline -0.002 -17"><span class='ocrx_word' id='word_1_154' title='bbox 2087 1638 2258 1694; x_wconf 79' lang='lat' dir='ltr'><strong>Hodie</strong></span> <span class='ocrx_word' id='word_1_155' title='bbox 2286 1639 2531 1694; x_wconf 84' lang='lat' dir='ltr'><strong>Christus</strong></span> <span class='ocrx_word' id='word_1_156' title='bbox 2580 1640 2839 1695; x_wconf 88' lang='lat' dir='ltr'><strong>Dominus</strong></span> <span class='ocrx_word' id='word_1_157' title='bbox 2870 1639 3215 1707; x_wconf 85' lang='lat' dir='ltr'><strong>benignitatis</strong></span> <span class='ocrx_word' id='word_1_158' title='bbox 3248 1654 3372 1709; x_wconf 83' lang='lat' dir='ltr'><strong>erga</strong></span> <span class='ocrx_word' id='word_1_159' title='bbox 3404 1638 3578 1692; x_wconf 68' lang='lat' dir='ltr'><strong>ltomio</strong></span> 
     </span>
    </p>
   </div>
   <div class='ocr_carea' id='block_1_26' title="bbox 2015 1729 3578 1799">
    <p class='ocr_par' dir='ltr' id='par_1_26' title="bbox 2015 1729 3578 1799">
     <span class='ocr_line' id='line_1_26' title="bbox 2015 1729 3578 1799; baseline -0.001 -16"><span class='ocrx_word' id='word_1_160' title='bbox 2015 1746 2111 1783; x_wconf 91' lang='lat' dir='ltr'><strong>nes</strong></span> <span class='ocrx_word' id='word_1_161' title='bbox 2139 1730 2475 1783; x_wconf 82' lang='lat' dir='ltr'><strong>nativitatem</strong></span> <span class='ocrx_word' id='word_1_162' title='bbox 2502 1730 2745 1799; x_wconf 84' lang='lat' dir='ltr'><strong>suscepit</strong></span> <span class='ocrx_word' id='word_1_163' title='bbox 2776 1746 2789 1781; x_wconf 93' lang='lat'>:</span> <span class='ocrx_word' id='word_1_164' title='bbox 2834 1729 3030 1783; x_wconf 67' lang='lat' dir='ltr'><strong>divinae</strong></span> <span class='ocrx_word' id='word_1_165' title='bbox 3069 1730 3261 1798; x_wconf 85' lang='lat' dir='ltr'><strong>quippe</strong></span> <span class='ocrx_word' id='word_1_166' title='bbox 3303 1729 3578 1799; x_wconf 77' lang='lat' dir='ltr'><strong>dignitatis</strong></span> 
     </span>
    </p>
   </div>
   <div class='ocr_carea' id='block_1_27' title="bbox 342 1818 1899 1932">
    <p class='ocr_par' dir='ltr' id='par_1_27' title="bbox 342 1818 1899 1915">
     <span class='ocr_line' id='line_1_27' title="bbox 342 1818 1899 1915; baseline 0.006 -26"><span class='ocrx_word' id='word_1_167' title='bbox 342 1836 718 1908; x_wconf 85' lang='grc' dir='ltr'>προῦπῆρχεν.</span> <span class='ocrx_word' id='word_1_168' title='bbox 746 1836 888 1893; x_wconf 78' lang='grc' dir='ltr'><strong>Εἶτα</strong></span> <span class='ocrx_word' id='word_1_169' title='bbox 922 1842 1154 1909; x_wconf 78' lang='grc' dir='ltr'>τούτοις</span> <span class='ocrx_word' id='word_1_170' title='bbox 1178 1818 1690 1912; x_wconf 29' lang='grc' dir='ltr'>ἔπι-φέρει-πάλινί</span> <span class='ocrx_word' id='word_1_171' title='bbox 1724 1846 1779 1898; x_wconf 84' lang='grc' dir='ltr'>Ὀ</span> <span class='ocrx_word' id='word_1_172' title='bbox 1802 1818 1899 1915; x_wconf 69' lang='grc' dir='ltr'>τῆς</span> 
     </span>
    </p>
   </div>
   <div class='ocr_carea' id='block_1_28' title="bbox 2003 1818 3579 1932">
    <p class='ocr_par' dir='ltr' id='par_1_28' title="bbox 2015 1818 3579 1932">
     <span class='ocr_line' id='line_1_28' title="bbox 2017 1818 3579 1889; baseline 0.001 -19"><span class='ocrx_word' id='word_1_173' title='bbox 2017 1820 2297 1874; x_wconf 86' lang='lat' dir='ltr'><strong>nativitate</strong></span> <span class='ocrx_word' id='word_1_174' title='bbox 2338 1820 2762 1889; x_wconf 65' lang='lat' dir='ltr'><strong>praeeXsistebat.</strong></span> <span class='ocrx_word' id='word_1_175' title='bbox 2805 1820 2961 1873; x_wconf 82' lang='lat' dir='ltr'><strong>Addit</strong></span> <span class='ocrx_word' id='word_1_176' title='bbox 3010 1821 3092 1874; x_wconf 82' lang='lat' dir='ltr'><strong>his</strong></span> <span class='ocrx_word' id='word_1_177' title='bbox 3128 1833 3376 1873; x_wconf 81' lang='lat' dir='ltr'><strong>rursum:</strong></span> <span class='ocrx_word' id='word_1_178' title='bbox 3420 1818 3579 1872; x_wconf 89' lang='lat' dir='ltr'><strong>Beni-</strong></span> 
     </span>
     <span class='ocr_line' id='line_1_29' title="bbox 2015 1909 3575 1932; baseline 0 0"><span class='ocrx_word' id='word_1_179' title='bbox 2015 1912 2226 1932; x_wconf 67' lang='lat'><strong>_..!.-.:-</strong></span> <span class='ocrx_word' id='word_1_180' title='bbox 2259 1909 2491 1932; x_wconf 68' lang='lat' dir='ltr'><strong>I&#39;---l_-__.-</strong></span> <span class='ocrx_word' id='word_1_181' title='bbox 2563 1926 2674 1932; x_wconf 60' lang='grc' dir='ltr'><strong>Α--..-</strong></span> <span class='ocrx_word' id='word_1_182' title='bbox 2722 1920 2905 1932; x_wconf 64' lang='grc' dir='ltr'><strong>-----ιΑ</strong></span> <span class='ocrx_word' id='word_1_183' title='bbox 2951 1919 3136 1932; x_wconf 69' lang='grc' dir='ltr'><strong>--ι--..-</strong></span> <span class='ocrx_word' id='word_1_184' title='bbox 3195 1909 3575 1932; x_wconf 59' lang='grc' dir='ltr'><strong>--.ξ--..Ζιξη-ξ-</strong></span> 
     </span>
    </p>
   </div>
   <div class='ocr_carea' id='block_1_29' title="bbox 343 1904 1899 2007">
    <p class='ocr_par' dir='ltr' id='par_1_29' title="bbox 343 1904 1899 2007">
     <span class='ocr_line' id='line_1_30' title="bbox 343 1904 1899 2007; baseline 0.006 -28"><span class='ocrx_word' id='word_1_185' title='bbox 343 1904 755 1999; x_wconf 76' lang='grc' dir='ltr'>φιλανθρωπίας</span> <span class='ocrx_word' id='word_1_186' title='bbox 786 1904 957 2000; x_wconf 85' lang='grc' dir='ltr'>Λόγος</span> <span class='ocrx_word' id='word_1_187' title='bbox 988 1904 1236 1987; x_wconf 53' lang='grc' dir='ltr'>κενοῐίται</span> <span class='ocrx_word' id='word_1_188' title='bbox 1261 1904 1589 2000; x_wconf 31' lang='grc' dir='ltr'>,τάκένωτος</span> <span class='ocrx_word' id='word_1_189' title='bbox 1621 1938 1720 2007; x_wconf 82' lang='grc' dir='ltr'>τὴν</span> <span class='ocrx_word' id='word_1_190' title='bbox 1746 1904 1899 2007; x_wconf 56' lang='grc' dir='ltr'>φύσίν</span> 
     </span>
    </p>
   </div>
   <div class='ocr_carea' id='block_1_30' title="bbox 2003 1904 3577 2007">
    <p class='ocr_par' dir='ltr' id='par_1_30' title="bbox 2011 1909 3577 1979">
     <span class='ocr_line' id='line_1_31' title="bbox 2011 1909 3577 1979; baseline -0.001 -16"><span class='ocrx_word' id='word_1_191' title='bbox 2011 1912 2229 1979; x_wconf 85' lang='lat' dir='ltr'><strong>guitatis</strong></span> <span class='ocrx_word' id='word_1_192' title='bbox 2259 1909 2518 1976; x_wconf 75' lang='lat' dir='ltr'><strong>Verbum,</strong></span> <span class='ocrx_word' id='word_1_193' title='bbox 2557 1926 2679 1965; x_wconf 91' lang='lat' dir='ltr'><strong>cum</strong></span> <span class='ocrx_word' id='word_1_194' title='bbox 2720 1920 2907 1979; x_wconf 85' lang='lat' dir='ltr'><strong>suapte</strong></span> <span class='ocrx_word' id='word_1_195' title='bbox 2951 1919 3141 1966; x_wconf 89' lang='lat' dir='ltr'><strong>natura</strong></span> <span class='ocrx_word' id='word_1_196' title='bbox 3189 1909 3577 1964; x_wconf 74' lang='lat' dir='ltr'><strong>exinanitionis</strong></span> 
     </span>
    </p>
   </div>
   <div class='ocr_carea' id='block_1_31' title="bbox 339 2019 1908 2097">
    <p class='ocr_par' dir='ltr' id='par_1_31' title="bbox 339 2019 1908 2097">
     <span class='ocr_line' id='line_1_32' title="bbox 339 2019 1908 2097; baseline 0.006 -27"><span class='ocrx_word' id='word_1_197' title='bbox 339 2019 650 2089; x_wconf 74' lang='grc' dir='ltr'>τυγχάνωνο</span> <span class='ocrx_word' id='word_1_198' title='bbox 682 2022 870 2075; x_wconf 80' lang='grc' dir='ltr'>ἑαυτὸν</span> <span class='ocrx_word' id='word_1_199' title='bbox 902 2023 1009 2095; x_wconf 82' lang='grc' dir='ltr'><strong>γὰρ</strong></span> <span class='ocrx_word' id='word_1_200' title='bbox 1039 2024 1271 2077; x_wconf 80' lang='grc' dir='ltr'>ὲκένωσε</span> <span class='ocrx_word' id='word_1_201' title='bbox 1290 2065 1305 2089; x_wconf 89' lang='grc'><strong>,</strong></span> <span class='ocrx_word' id='word_1_202' title='bbox 1340 2026 1554 2097; x_wconf 77' lang='grc' dir='ltr'>μορφὴν</span> <span class='ocrx_word' id='word_1_203' title='bbox 1587 2026 1773 2079; x_wconf 82' lang='grc' dir='ltr'>δούλου</span> <span class='ocrx_word' id='word_1_204' title='bbox 1814 2028 1908 2080; x_wconf 88' lang='grc' dir='ltr'><strong>λα-</strong></span> 
     </span>
    </p>
   </div>
   <div class='ocr_carea' id='block_1_32' title="bbox 341 2107 1906 2189">
    <p class='ocr_par' dir='ltr' id='par_1_32' title="bbox 341 2107 1906 2189">
     <span class='ocr_line' id='line_1_33' title="bbox 341 2107 1906 2189; baseline 0.006 -28"><span class='ocrx_word' id='word_1_205' title='bbox 341 2107 473 2163; x_wconf 78' lang='grc' dir='ltr'>ϐὼν.</span> <span class='ocrx_word' id='word_1_206' title='bbox 512 2109 569 2163; x_wconf 81' lang='grc'><strong>’0</strong></span> <span class='ocrx_word' id='word_1_207' title='bbox 618 2111 858 2182; x_wconf 82' lang='grc' dir='ltr'>ἄσαρκος</span> <span class='ocrx_word' id='word_1_208' title='bbox 907 2114 1224 2184; x_wconf 82' lang='grc' dir='ltr'>σαρκοῦται,</span> <span class='ocrx_word' id='word_1_209' title='bbox 1262 2133 1281 2167; x_wconf 85' lang='grc'><em>‹</em></span> <span class='ocrx_word' id='word_1_210' title='bbox 1324 2115 1383 2168; x_wconf 91' lang='lat'><strong>&#39;0</strong></span> <span class='ocrx_word' id='word_1_211' title='bbox 1411 2116 1582 2187; x_wconf 82' lang='grc' dir='ltr'><strong>Λόγος</strong></span> <span class='ocrx_word' id='word_1_212' title='bbox 1616 2118 1751 2189; x_wconf 84' lang='grc' dir='ltr'>σάρξ</span> <span class='ocrx_word' id='word_1_213' title='bbox 1788 2118 1906 2186; x_wconf 75' lang='grc' dir='ltr'>ἐγέ-</span> 
     </span>
    </p>
   </div>
   <div class='ocr_carea' id='block_1_33' title="bbox 337 2204 1907 2278">
    <p class='ocr_par' dir='ltr' id='par_1_33' title="bbox 337 2204 1907 2278">
     <span class='ocr_line' id='line_1_34' title="bbox 337 2204 1907 2278; baseline 0.004 -23"><span class='ocrx_word' id='word_1_214' title='bbox 337 2218 482 2255; x_wconf 88' lang='grc' dir='ltr'>νετο.</span> <span class='ocrx_word' id='word_1_215' title='bbox 519 2222 537 2254; x_wconf 75' lang='grc' dir='ltr'><strong>ι</strong></span> <span class='ocrx_word' id='word_1_216' title='bbox 589 2205 646 2257; x_wconf 89' lang='lat'><strong>&#39;0</strong></span> <span class='ocrx_word' id='word_1_217' title='bbox 680 2205 792 2275; x_wconf 81' lang='grc' dir='ltr'><strong>ἀφῇ</strong></span> <span class='ocrx_word' id='word_1_218' title='bbox 844 2204 917 2275; x_wconf 82' lang='grc' dir='ltr'><strong>μὴ</strong></span> <span class='ocrx_word' id='word_1_219' title='bbox 960 2206 1282 2259; x_wconf 81' lang='grc' dir='ltr'>ὑποπίπτων</span> <span class='ocrx_word' id='word_1_220' title='bbox 1328 2206 1416 2259; x_wconf 81' lang='grc' dir='ltr'>διὰ</span> <span class='ocrx_word' id='word_1_221' title='bbox 1455 2207 1515 2260; x_wconf 84' lang='grc' dir='ltr'><strong>τὸ</strong></span> <span class='ocrx_word' id='word_1_222' title='bbox 1548 2210 1646 2278; x_wconf 85' lang='grc' dir='ltr'>τῆς</span> <span class='ocrx_word' id='word_1_223' title='bbox 1691 2207 1907 2276; x_wconf 82' lang='grc' dir='ltr'>φύσεως</span> 
     </span>
    </p>
   </div>
   <div class='ocr_carea' id='block_1_34' title="bbox 335 2292 1905 2369">
    <p class='ocr_par' dir='ltr' id='par_1_34' title="bbox 335 2292 1905 2369">
     <span class='ocr_line' id='line_1_35' title="bbox 335 2292 1905 2369; baseline 0.004 -23"><span class='ocrx_word' id='word_1_224' title='bbox 335 2292 647 2365; x_wconf 85' lang='grc' dir='ltr'>ἀσώματον,</span> <span class='ocrx_word' id='word_1_225' title='bbox 685 2295 1019 2366; x_wconf 75' lang='grc' dir='ltr'>ψηλαφᾶται.</span> <span class='ocrx_word' id='word_1_226' title='bbox 1063 2298 1123 2349; x_wconf 88' lang='grc' dir='ltr'>Ὁ</span> <span class='ocrx_word' id='word_1_227' title='bbox 1152 2297 1385 2368; x_wconf 82' lang='grc' dir='ltr'>ἄναρχος</span> <span class='ocrx_word' id='word_1_228' title='bbox 1419 2297 1522 2350; x_wconf 84' lang='grc' dir='ltr'><strong>ὑπὸ</strong></span> <span class='ocrx_word' id='word_1_229' title='bbox 1549 2299 1723 2369; x_wconf 83' lang='grc' dir='ltr'>ἀρχὴν</span> <span class='ocrx_word' id='word_1_230' title='bbox 1756 2300 1905 2367; x_wconf 87' lang='grc' dir='ltr'>γίνε-</span> 
     </span>
    </p>
   </div>
   <div class='ocr_carea' id='block_1_35' title="bbox 334 2385 1905 2460">
    <p class='ocr_par' dir='ltr' id='par_1_35' title="bbox 334 2385 1905 2460">
     <span class='ocr_line' id='line_1_36' title="bbox 334 2385 1905 2460; baseline 0.003 -24"><span class='ocrx_word' id='word_1_231' title='bbox 334 2400 425 2437; x_wconf 87' lang='grc' dir='ltr'><strong>ται</strong></span> <span class='ocrx_word' id='word_1_232' title='bbox 458 2388 796 2456; x_wconf 80' lang='grc' dir='ltr'>σωματικήν.</span> <span class='ocrx_word' id='word_1_233' title='bbox 850 2387 908 2439; x_wconf 85' lang='grc' dir='ltr'><strong>Ὀ</strong></span> <span class='ocrx_word' id='word_1_234' title='bbox 955 2386 1158 2449; x_wconf 84' lang='grc' dir='ltr'>τέλειος</span> <span class='ocrx_word' id='word_1_235' title='bbox 1189 2385 1377 2453; x_wconf 75' lang='grc' dir='ltr'>αὔξει,</span> <span class='ocrx_word' id='word_1_236' title='bbox 1419 2387 1448 2439; x_wconf 85' lang='grc' dir='ltr'>ὁ</span> <span class='ocrx_word' id='word_1_237' title='bbox 1481 2387 1748 2460; x_wconf 83' lang='grc' dir='ltr'><strong>ἄτρεπτος</strong></span> <span class='ocrx_word' id='word_1_238' title='bbox 1779 2405 1905 2458; x_wconf 83' lang='grc' dir='ltr'>προ-</span> 
     </span>
    </p>
   </div>
   <div class='ocr_carea' id='block_1_36' title="bbox 334 2473 1902 2551">
    <p class='ocr_par' dir='ltr' id='par_1_36' title="bbox 334 2473 1902 2551">
     <span class='ocr_line' id='line_1_37' title="bbox 334 2473 1902 2551; baseline 0.004 -25"><span class='ocrx_word' id='word_1_239' title='bbox 334 2473 546 2539; x_wconf 84' lang='grc' dir='ltr'><strong>κόπτει,</strong></span> <span class='ocrx_word' id='word_1_240' title='bbox 574 2477 601 2528; x_wconf 86' lang='grc' dir='ltr'><strong>ὁ</strong></span> <span class='ocrx_word' id='word_1_241' title='bbox 628 2475 880 2539; x_wconf 79' lang='grc' dir='ltr'>πλούσιος</span> <span class='ocrx_word' id='word_1_242' title='bbox 911 2478 969 2530; x_wconf 82' lang='grc' dir='ltr'><strong>ἐν</strong></span> <span class='ocrx_word' id='word_1_243' title='bbox 1000 2478 1341 2549; x_wconf 82' lang='grc' dir='ltr'>καταλύματι</span> <span class='ocrx_word' id='word_1_244' title='bbox 1368 2478 1635 2533; x_wconf 86' lang='grc' dir='ltr'>τίκτεται.</span> <span class='ocrx_word' id='word_1_245' title='bbox 1654 2479 1712 2531; x_wconf 91' lang='lat'><strong>&#39;0</strong></span> <span class='ocrx_word' id='word_1_246' title='bbox 1746 2496 1902 2551; x_wconf 88' lang='grc' dir='ltr'>περι-</span> 
     </span>
    </p>
   </div>
   <div class='ocr_carea' id='block_1_37' title="bbox 337 2562 1903 2641">
    <p class='ocr_par' dir='ltr' id='par_1_37' title="bbox 337 2562 1903 2641">
     <span class='ocr_line' id='line_1_38' title="bbox 337 2562 1903 2641; baseline 0.006 -27"><span class='ocrx_word' id='word_1_247' title='bbox 337 2562 552 2617; x_wconf 78' lang='grc' dir='ltr'>ϐάλλων</span> <span class='ocrx_word' id='word_1_248' title='bbox 580 2563 671 2617; x_wconf 84' lang='grc' dir='ltr'><strong>τὸν</strong></span> <span class='ocrx_word' id='word_1_249' title='bbox 703 2566 927 2636; x_wconf 74' lang='grc' dir='ltr'>οὐρανὸν</span> <span class='ocrx_word' id='word_1_250' title='bbox 968 2568 1026 2620; x_wconf 83' lang='grc' dir='ltr'>ὲν</span> <span class='ocrx_word' id='word_1_251' title='bbox 1070 2568 1321 2637; x_wconf 84' lang='grc' dir='ltr'><strong>νεφέλαις</strong></span> <span class='ocrx_word' id='word_1_252' title='bbox 1344 2609 1358 2635; x_wconf 90' lang='grc'><strong>,</strong></span> <span class='ocrx_word' id='word_1_253' title='bbox 1397 2568 1803 2641; x_wconf 84' lang='grc' dir='ltr'>σπαργανοῦται</span> <span class='ocrx_word' id='word_1_254' title='bbox 1826 2584 1839 2598; x_wconf 83' lang='lat'><strong><em>°</em></strong></span> <span class='ocrx_word' id='word_1_255' title='bbox 1874 2571 1903 2623; x_wconf 91' lang='grc' dir='ltr'><strong>ὀ</strong></span> 
     </span>
    </p>
   </div>
   <div class='ocr_carea' id='block_1_38' title="bbox 335 2656 1291 2732">
    <p class='ocr_par' dir='ltr' id='par_1_38' title="bbox 335 2656 1291 2732">
     <span class='ocr_line' id='line_1_39' title="bbox 335 2656 1291 2732; baseline 0.006 -22"><span class='ocrx_word' id='word_1_256' title='bbox 335 2656 593 2728; x_wconf 63' lang='grc' dir='ltr'>βασιλεὺς</span> <span class='ocrx_word' id='word_1_257' title='bbox 626 2658 684 2713; x_wconf 78' lang='grc' dir='ltr'><strong>έν</strong></span> <span class='ocrx_word' id='word_1_258' title='bbox 713 2660 889 2732; x_wconf 79' lang='grc' dir='ltr'>φάτνῃ</span> <span class='ocrx_word' id='word_1_259' title='bbox 923 2661 1291 2716; x_wconf 86' lang='grc' dir='ltr'>κατατίθεται.</span> 
     </span>
    </p>
   </div>
   <div class='ocr_carea' id='block_1_39' title="bbox 769 2961 1462 3034">
    <p class='ocr_par' dir='ltr' id='par_1_39' title="bbox 769 2961 1462 3034">
     <span class='ocr_line' id='line_1_40' title="bbox 769 2961 1462 3034; baseline 0.003 -16"><span class='ocrx_word' id='word_1_260' title='bbox 769 2961 1077 3034; x_wconf 78' lang='grc' dir='ltr'><strong>Ἀντιόχου</strong></span> <span class='ocrx_word' id='word_1_261' title='bbox 1105 2964 1462 3020; x_wconf 81' lang='grc' dir='ltr'><strong>ἐπισκόπου.</strong></span> 
     </span>
    </p>
   </div>
   <div class='ocr_carea' id='block_1_40' title="bbox 407 3091 1900 3171">
    <p class='ocr_par' dir='ltr' id='par_1_40' title="bbox 407 3091 1900 3171">
     <span class='ocr_line' id='line_1_41' title="bbox 407 3091 1900 3171; baseline 0.003 -22"><span class='ocrx_word' id='word_1_262' title='bbox 407 3091 509 3149; x_wconf 80' lang='grc' dir='ltr'><strong>Ὀν</strong></span> <span class='ocrx_word' id='word_1_263' title='bbox 532 3092 658 3163; x_wconf 83' lang='grc' dir='ltr'>χθὲς</span> <span class='ocrx_word' id='word_1_264' title='bbox 688 3095 972 3166; x_wconf 78' lang='grc' dir='ltr'>ἀκράντοις</span> <span class='ocrx_word' id='word_1_265' title='bbox 1012 3098 1248 3168; x_wconf 85' lang='grc' dir='ltr'>λοχείαις</span> <span class='ocrx_word' id='word_1_266' title='bbox 1289 3100 1517 3171; x_wconf 86' lang='grc' dir='ltr'><strong>Σωτῆρα</strong></span> <span class='ocrx_word' id='word_1_267' title='bbox 1546 3100 1675 3170; x_wconf 83' lang='grc' dir='ltr'>ἡμῖν</span> <span class='ocrx_word' id='word_1_268' title='bbox 1702 3101 1734 3170; x_wconf 85' lang='grc' dir='ltr'>ἡ</span> <span class='ocrx_word' id='word_1_269' title='bbox 1764 3100 1900 3165; x_wconf 70' lang='grc' dir='ltr'>ζωο-</span> 
     </span>
    </p>
   </div>
   <div class='ocr_carea' id='block_1_41' title="bbox 2009 2001 3575 2072">
    <p class='ocr_par' dir='ltr' id='par_1_41' title="bbox 2009 2001 3575 2072">
     <span class='ocr_line' id='line_1_42' title="bbox 2009 2001 3575 2072; baseline 0 -17"><span class='ocrx_word' id='word_1_270' title='bbox 2009 2018 2179 2072; x_wconf 83' lang='lat' dir='ltr'><strong>capax</strong></span> <span class='ocrx_word' id='word_1_271' title='bbox 2233 2018 2337 2057; x_wconf 87' lang='lat' dir='ltr'><strong>non</strong></span> <span class='ocrx_word' id='word_1_272' title='bbox 2384 2012 2547 2068; x_wconf 88' lang='lat' dir='ltr'><strong>esset,</strong></span> <span class='ocrx_word' id='word_1_273' title='bbox 2592 2002 2930 2067; x_wconf 77' lang='lat' dir='ltr'><strong>exinanitur,</strong></span> <span class='ocrx_word' id='word_1_274' title='bbox 2978 2002 3160 2058; x_wconf 83' lang='lat' dir='ltr'><strong>servili</strong></span> <span class='ocrx_word' id='word_1_275' title='bbox 3209 2002 3353 2056; x_wconf 90' lang='lat' dir='ltr'><strong>enim</strong></span> <span class='ocrx_word' id='word_1_276' title='bbox 3400 2001 3575 2055; x_wconf 81' lang='lat' dir='ltr'><strong>forma</strong></span> 
     </span>
    </p>
   </div>
   <div class='ocr_carea' id='block_1_42' title="bbox 2006 2095 3575 2165">
    <p class='ocr_par' dir='ltr' id='par_1_42' title="bbox 2006 2095 3575 2165">
     <span class='ocr_line' id='line_1_43' title="bbox 2006 2095 3575 2165; baseline -0.003 -15"><span class='ocrx_word' id='word_1_277' title='bbox 2006 2105 2254 2165; x_wconf 89' lang='lat' dir='ltr'><strong>suscepta</strong></span> <span class='ocrx_word' id='word_1_278' title='bbox 2296 2097 2644 2165; x_wconf 84' lang='lat' dir='ltr'><strong>semetipsum</strong></span> <span class='ocrx_word' id='word_1_279' title='bbox 2688 2095 3002 2151; x_wconf 77' lang='lat' dir='ltr'><strong>exinanivit.</strong></span> <span class='ocrx_word' id='word_1_280' title='bbox 3057 2096 3158 2161; x_wconf 89' lang='lat' dir='ltr'><strong>Qui</strong></span> <span class='ocrx_word' id='word_1_281' title='bbox 3213 2110 3411 2164; x_wconf 80' lang='lat' dir='ltr'><strong>expers</strong></span> <span class='ocrx_word' id='word_1_282' title='bbox 3459 2103 3575 2148; x_wconf 87' lang='lat' dir='ltr'><strong>erat</strong></span> 
     </span>
    </p>
   </div>
   <div class='ocr_carea' id='block_1_43' title="bbox 2006 2184 3573 2253">
    <p class='ocr_par' dir='ltr' id='par_1_43' title="bbox 2006 2184 3573 2253">
     <span class='ocr_line' id='line_1_44' title="bbox 2006 2184 3573 2253; baseline -0.003 -12"><span class='ocrx_word' id='word_1_283' title='bbox 2006 2189 2223 2252; x_wconf 85' lang='lat' dir='ltr'><strong>carnis,</strong></span> <span class='ocrx_word' id='word_1_284' title='bbox 2273 2203 2437 2242; x_wconf 87' lang='lat' dir='ltr'><strong>carne</strong></span> <span class='ocrx_word' id='word_1_285' title='bbox 2488 2188 2759 2253; x_wconf 89' lang='lat' dir='ltr'><strong>induitur,</strong></span> <span class='ocrx_word' id='word_1_286' title='bbox 2816 2205 2835 2238; x_wconf 82' lang='lat' dir='ltr'><strong>t</strong></span> <span class='ocrx_word' id='word_1_287' title='bbox 2892 2186 3120 2242; x_wconf 83' lang='lat' dir='ltr'><strong>Verbum</strong></span> <span class='ocrx_word' id='word_1_288' title='bbox 3190 2200 3316 2239; x_wconf 90' lang='lat' dir='ltr'><strong>caro</strong></span> <span class='ocrx_word' id='word_1_289' title='bbox 3373 2184 3573 2239; x_wconf 70' lang='lat' dir='ltr'><strong>factum</strong></span> 
     </span>
    </p>
   </div>
   <div class='ocr_carea' id='block_1_44' title="bbox 2005 2275 3575 2347">
    <p class='ocr_par' dir='ltr' id='par_1_44' title="bbox 2005 2275 3575 2347">
     <span class='ocr_line' id='line_1_45' title="bbox 2005 2275 3575 2347; baseline -0.006 -13"><span class='ocrx_word' id='word_1_290' title='bbox 2005 2289 2087 2335; x_wconf 90' lang='lat' dir='ltr'><strong>est</strong></span> <span class='ocrx_word' id='word_1_291' title='bbox 2117 2280 2183 2333; x_wconf 82' lang='grc' dir='ltr'><strong>⁸ο.</strong></span> <span class='ocrx_word' id='word_1_292' title='bbox 2217 2298 2234 2331; x_wconf 77' lang='grc' dir='ltr'><strong>ι</strong></span> <span class='ocrx_word' id='word_1_293' title='bbox 2287 2280 2386 2346; x_wconf 86' lang='lat' dir='ltr'><strong>Qui</strong></span> <span class='ocrx_word' id='word_1_294' title='bbox 2437 2279 2506 2334; x_wconf 96' lang='lat' dir='ltr'><strong>ob</strong></span> <span class='ocrx_word' id='word_1_295' title='bbox 2563 2288 2810 2333; x_wconf 87' lang='lat' dir='ltr'><strong>naturam</strong></span> <span class='ocrx_word' id='word_1_296' title='bbox 2857 2278 3100 2347; x_wconf 89' lang='lat' dir='ltr'><strong>corporis</strong></span> <span class='ocrx_word' id='word_1_297' title='bbox 3147 2286 3421 2345; x_wconf 83' lang='lat' dir='ltr'><strong>expertem</strong></span> <span class='ocrx_word' id='word_1_298' title='bbox 3476 2275 3575 2328; x_wconf 78' lang='lat' dir='ltr'><strong>sub</strong></span> 
     </span>
    </p>
   </div>
   <div class='ocr_carea' id='block_1_45' title="bbox 2008 2365 3575 2439">
    <p class='ocr_par' dir='ltr' id='par_1_45' title="bbox 2008 2365 3575 2439">
     <span class='ocr_line' id='line_1_46' title="bbox 2008 2365 3575 2439; baseline -0.004 -14"><span class='ocrx_word' id='word_1_299' title='bbox 2008 2379 2208 2425; x_wconf 85' lang='lat' dir='ltr'><strong>tactum</strong></span> <span class='ocrx_word' id='word_1_300' title='bbox 2240 2386 2344 2425; x_wconf 91' lang='lat' dir='ltr'><strong>non</strong></span> <span class='ocrx_word' id='word_1_301' title='bbox 2372 2371 2640 2436; x_wconf 89' lang='lat' dir='ltr'><strong>veniebat,</strong></span> <span class='ocrx_word' id='word_1_302' title='bbox 2677 2370 2959 2439; x_wconf 87' lang='lat' dir='ltr'><strong>palpabilis</strong></span> <span class='ocrx_word' id='word_1_303' title='bbox 2994 2368 3243 2423; x_wconf 77' lang='lat' dir='ltr'><strong>eﬂieitur.</strong></span> <span class='ocrx_word' id='word_1_304' title='bbox 3292 2365 3392 2432; x_wconf 88' lang='lat' dir='ltr'><strong>Qui</strong></span> <span class='ocrx_word' id='word_1_305' title='bbox 3424 2366 3575 2435; x_wconf 85' lang='lat' dir='ltr'><strong>prin-</strong></span> 
     </span>
    </p>
   </div>
   <div class='ocr_carea' id='block_1_46' title="bbox 2002 2458 3574 2532">
    <p class='ocr_par' dir='ltr' id='par_1_46' title="bbox 2002 2458 3574 2532">
     <span class='ocr_line' id='line_1_47' title="bbox 2002 2458 3574 2532; baseline -0.003 -16"><span class='ocrx_word' id='word_1_306' title='bbox 2002 2462 2202 2532; x_wconf 90' lang='lat' dir='ltr'><strong>cipium</strong></span> <span class='ocrx_word' id='word_1_307' title='bbox 2229 2462 2524 2528; x_wconf 88' lang='lat' dir='ltr'><strong>nesciebat,</strong></span> <span class='ocrx_word' id='word_1_308' title='bbox 2576 2463 2873 2517; x_wconf 87' lang='lat' dir='ltr'><strong>secundum</strong></span> <span class='ocrx_word' id='word_1_309' title='bbox 2922 2475 3118 2529; x_wconf 91' lang='lat' dir='ltr'><strong>corpus</strong></span> <span class='ocrx_word' id='word_1_310' title='bbox 3160 2458 3371 2513; x_wconf 79' lang='lat' dir='ltr'><strong>initium</strong></span> <span class='ocrx_word' id='word_1_311' title='bbox 3410 2461 3574 2513; x_wconf 88' lang='lat' dir='ltr'><strong>sorti-</strong></span> 
     </span>
    </p>
   </div>
   <div class='ocr_carea' id='block_1_47' title="bbox 2006 2552 3567 2624">
    <p class='ocr_par' dir='ltr' id='par_1_47' title="bbox 2006 2552 3567 2624">
     <span class='ocr_line' id='line_1_48' title="bbox 2006 2552 3567 2624; baseline -0.002 -17"><span class='ocrx_word' id='word_1_312' title='bbox 2006 2563 2111 2607; x_wconf 87' lang='lat' dir='ltr'><strong>tur.</strong></span> <span class='ocrx_word' id='word_1_313' title='bbox 2136 2553 2235 2620; x_wconf 88' lang='lat' dir='ltr'><strong>Qui</strong></span> <span class='ocrx_word' id='word_1_314' title='bbox 2265 2554 2511 2608; x_wconf 88' lang='lat' dir='ltr'><strong>absolute</strong></span> <span class='ocrx_word' id='word_1_315' title='bbox 2540 2554 2812 2624; x_wconf 82' lang='lat' dir='ltr'><strong>perfectus</strong></span> <span class='ocrx_word' id='word_1_316' title='bbox 2842 2562 2983 2617; x_wconf 91' lang='lat' dir='ltr'><strong>erat,</strong></span> <span class='ocrx_word' id='word_1_317' title='bbox 3022 2554 3353 2605; x_wconf 89' lang='lat' dir='ltr'><strong>incrementa</strong></span> <span class='ocrx_word' id='word_1_318' title='bbox 3381 2552 3567 2605; x_wconf 90' lang='lat' dir='ltr'><strong>sumit.</strong></span> 
     </span>
    </p>
   </div>
   <div class='ocr_carea' id='block_1_48' title="bbox 2003 2642 3569 2717">
    <p class='ocr_par' dir='ltr' id='par_1_48' title="bbox 2003 2642 3569 2717">
     <span class='ocr_line' id='line_1_49' title="bbox 2003 2642 3569 2717; baseline -0.003 -16"><span class='ocrx_word' id='word_1_319' title='bbox 2003 2647 2103 2714; x_wconf 85' lang='lat' dir='ltr'><strong>Qui</strong></span> <span class='ocrx_word' id='word_1_320' title='bbox 2132 2648 2370 2701; x_wconf 86' lang='lat' dir='ltr'><strong>converti</strong></span> <span class='ocrx_word' id='word_1_321' title='bbox 2404 2663 2508 2700; x_wconf 90' lang='lat' dir='ltr'><strong>non</strong></span> <span class='ocrx_word' id='word_1_322' title='bbox 2541 2654 2736 2717; x_wconf 89' lang='lat' dir='ltr'><strong>potest,</strong></span> <span class='ocrx_word' id='word_1_323' title='bbox 2765 2646 2994 2716; x_wconf 82' lang='lat' dir='ltr'><strong>proiicit.</strong></span> <span class='ocrx_word' id='word_1_324' title='bbox 3031 2644 3132 2711; x_wconf 91' lang='lat' dir='ltr'><strong>Qui</strong></span> <span class='ocrx_word' id='word_1_325' title='bbox 3176 2646 3326 2699; x_wconf 89' lang='lat' dir='ltr'><strong>dives</strong></span> <span class='ocrx_word' id='word_1_326' title='bbox 3353 2652 3439 2698; x_wconf 85' lang='lat' dir='ltr'><strong>est</strong></span> <span class='ocrx_word' id='word_1_327' title='bbox 3463 2681 3478 2707; x_wconf 97' lang='lat'><strong>,</strong></span> <span class='ocrx_word' id='word_1_328' title='bbox 3516 2642 3569 2696; x_wconf 92' lang='lat' dir='ltr'><strong>in</strong></span> 
     </span>
    </p>
   </div>
   <div class='ocr_carea' id='block_1_49' title="bbox 2002 2732 3587 2809">
    <p class='ocr_par' dir='ltr' id='par_1_49' title="bbox 2002 2732 3587 2809">
     <span class='ocr_line' id='line_1_50' title="bbox 2002 2732 3587 2809; baseline -0.003 -16"><span class='ocrx_word' id='word_1_329' title='bbox 2002 2739 2300 2793; x_wconf 89' lang='lat' dir='ltr'><strong>diversorio</strong></span> <span class='ocrx_word' id='word_1_330' title='bbox 2327 2739 2584 2809; x_wconf 78' lang='lat' dir='ltr'><strong>gignitur.</strong></span> <span class='ocrx_word' id='word_1_331' title='bbox 2611 2738 2711 2804; x_wconf 89' lang='lat' dir='ltr'><strong>Qui</strong></span> <span class='ocrx_word' id='word_1_332' title='bbox 2736 2737 2933 2792; x_wconf 76' lang='lat' dir='ltr'><strong>ccelum</strong></span> <span class='ocrx_word' id='word_1_333' title='bbox 2962 2737 3189 2791; x_wconf 89' lang='lat' dir='ltr'><strong>nuhihus</strong></span> <span class='ocrx_word' id='word_1_334' title='bbox 3213 2737 3364 2805; x_wconf 81' lang='lat' dir='ltr'><strong>tegit,</strong></span> <span class='ocrx_word' id='word_1_335' title='bbox 3391 2732 3587 2788; x_wconf 78' lang='lat' dir='ltr'><strong>fasciis’</strong></span> 
     </span>
    </p>
   </div>
   <div class='ocr_carea' id='block_1_50' title="bbox 2004 2826 3432 2896">
    <p class='ocr_par' dir='ltr' id='par_1_50' title="bbox 2004 2826 3432 2896">
     <span class='ocr_line' id='line_1_51' title="bbox 2004 2826 3432 2896; baseline -0.004 -13"><span class='ocrx_word' id='word_1_336' title='bbox 2004 2827 2312 2883; x_wconf 88' lang='lat' dir='ltr'><strong>involvitur.</strong></span> <span class='ocrx_word' id='word_1_337' title='bbox 2345 2828 2446 2895; x_wconf 89' lang='lat' dir='ltr'><strong>Qui</strong></span> <span class='ocrx_word' id='word_1_338' title='bbox 2478 2843 2573 2883; x_wconf 79' lang='lat' dir='ltr'><strong>rex</strong></span> <span class='ocrx_word' id='word_1_339' title='bbox 2609 2836 2715 2892; x_wconf 89' lang='lat' dir='ltr'><strong>est,</strong></span> <span class='ocrx_word' id='word_1_340' title='bbox 2751 2828 2803 2881; x_wconf 93' lang='lat' dir='ltr'><strong>in</strong></span> <span class='ocrx_word' id='word_1_341' title='bbox 2836 2827 3096 2896; x_wconf 66' lang='lat' dir='ltr'><strong>praesepio</strong></span> <span class='ocrx_word' id='word_1_342' title='bbox 3127 2826 3432 2895; x_wconf 88' lang='lat' dir='ltr'><strong>deponitur.</strong></span> 
     </span>
    </p>
   </div>
   <div class='ocr_carea' id='block_1_51' title="bbox 2527 2959 3039 3031">
    <p class='ocr_par' dir='ltr' id='par_1_51' title="bbox 2527 2959 3039 3031">
     <span class='ocr_line' id='line_1_52' title="bbox 2527 2959 3039 3031; baseline 0 -16"><span class='ocrx_word' id='word_1_343' title='bbox 2527 2959 2771 3016; x_wconf 78' lang='lat' dir='ltr'><strong>Antiochi</strong></span> <span class='ocrx_word' id='word_1_344' title='bbox 2796 2962 3039 3031; x_wconf 78' lang='lat' dir='ltr'><strong>episcopi.</strong></span> 
     </span>
    </p>
   </div>
   <div class='ocr_carea' id='block_1_52' title="bbox 2074 3090 3574 3166">
    <p class='ocr_par' dir='ltr' id='par_1_52' title="bbox 2074 3090 3574 3166">
     <span class='ocr_line' id='line_1_53' title="bbox 2074 3090 3574 3166; baseline -0.004 -16"><span class='ocrx_word' id='word_1_345' title='bbox 2074 3098 2243 3166; x_wconf 84' lang='lat' dir='ltr'><strong>Quem</strong></span> <span class='ocrx_word' id='word_1_346' title='bbox 2275 3098 2526 3152; x_wconf 86' lang='lat' dir='ltr'><strong>hesterno</strong></span> <span class='ocrx_word' id='word_1_347' title='bbox 2555 3096 2640 3152; x_wconf 90' lang='lat' dir='ltr'><strong>die</strong></span> <span class='ocrx_word' id='word_1_348' title='bbox 2675 3111 2772 3166; x_wconf 87' lang='lat' dir='ltr'><strong>pro</strong></span> <span class='ocrx_word' id='word_1_349' title='bbox 2804 3104 2987 3150; x_wconf 90' lang='lat' dir='ltr'><strong>nostra</strong></span> <span class='ocrx_word' id='word_1_350' title='bbox 3020 3092 3195 3150; x_wconf 87' lang='lat' dir='ltr'><strong>salute</strong></span> <span class='ocrx_word' id='word_1_351' title='bbox 3226 3090 3574 3147; x_wconf 88' lang='lat' dir='ltr'><strong>immaculato</strong></span> 
     </span>
    </p>
   </div>
   <div class='ocr_carea' id='block_1_53' title="bbox 327 3182 1899 3279">
    <p class='ocr_par' dir='ltr' id='par_1_53' title="bbox 327 3182 1889 3261">
     <span class='ocr_line' id='line_1_54' title="bbox 327 3182 1889 3261; baseline 0.004 -25"><span class='ocrx_word' id='word_1_352' title='bbox 327 3182 566 3255; x_wconf 80' lang='grc' dir='ltr'>τόκος,ή</span> <span class='ocrx_word' id='word_1_353' title='bbox 595 3184 982 3258; x_wconf 83' lang='grc' dir='ltr'>καλλιτόκος,ή</span> <span class='ocrx_word' id='word_1_354' title='bbox 1012 3190 1392 3257; x_wconf 85' lang='grc' dir='ltr'>μεγαλοτόκος,</span> <span class='ocrx_word' id='word_1_355' title='bbox 1435 3192 1468 3261; x_wconf 84' lang='grc' dir='ltr'>ὴ</span> <span class='ocrx_word' id='word_1_356' title='bbox 1498 3190 1826 3260; x_wconf 78' lang='grc' dir='ltr'><strong>φαεσφόρος.</strong></span> <span class='ocrx_word' id='word_1_357' title='bbox 1858 3190 1889 3259; x_wconf 82' lang='grc' dir='ltr'>ἡ</span> 
     </span>
    </p>
   </div>
   <div class='ocr_carea' id='block_1_54' title="bbox 2003 3182 3575 3279">
    <p class='ocr_par' dir='ltr' id='par_1_54' title="bbox 2007 3183 3575 3261">
     <span class='ocr_line' id='line_1_55' title="bbox 2007 3183 3575 3261; baseline -0.004 -20"><span class='ocrx_word' id='word_1_358' title='bbox 2007 3191 2291 3261; x_wconf 89' lang='lat' dir='ltr'><strong>puerperio</strong></span> <span class='ocrx_word' id='word_1_359' title='bbox 2329 3190 2561 3258; x_wconf 80' lang='lat' dir='ltr'><strong>genitrix</strong></span> <span class='ocrx_word' id='word_1_360' title='bbox 2597 3189 2745 3252; x_wconf 66' lang='lat' dir='ltr'><strong>vitae,</strong></span> <span class='ocrx_word' id='word_1_361' title='bbox 2780 3196 2953 3242; x_wconf 86' lang='lat' dir='ltr'><strong>mater</strong></span> <span class='ocrx_word' id='word_1_362' title='bbox 2976 3183 3389 3256; x_wconf 84' lang='lat' dir='ltr'><strong>pulchritudinis</strong></span> <span class='ocrx_word' id='word_1_363' title='bbox 3411 3226 3427 3250; x_wconf 95' lang='lat'><strong>,</strong></span> <span class='ocrx_word' id='word_1_364' title='bbox 3457 3197 3575 3237; x_wconf 77' lang='lat' dir='ltr'><strong>nia--</strong></span> 
     </span>
    </p>
   </div>
   <div class='ocr_carea' id='block_1_55' title="bbox 329 3275 1901 3354">
    <p class='ocr_par' dir='ltr' id='par_1_55' title="bbox 329 3275 1901 3354">
     <span class='ocr_line' id='line_1_56' title="bbox 329 3275 1901 3354; baseline 0.006 -27"><span class='ocrx_word' id='word_1_365' title='bbox 329 3275 704 3347; x_wconf 78' lang='grc' dir='ltr'>ὲλπιδοφόρος,</span> <span class='ocrx_word' id='word_1_366' title='bbox 732 3279 765 3348; x_wconf 80' lang='grc' dir='ltr'><strong>ἡ</strong></span> <span class='ocrx_word' id='word_1_367' title='bbox 789 3279 1069 3347; x_wconf 78' lang='grc' dir='ltr'>Θεοτόκος,</span> <span class='ocrx_word' id='word_1_368' title='bbox 1102 3283 1135 3353; x_wconf 74' lang='grc' dir='ltr'>ἡ</span> <span class='ocrx_word' id='word_1_369' title='bbox 1164 3281 1458 3348; x_wconf 82' lang='grc' dir='ltr'>ξενοτόκος,</span> <span class='ocrx_word' id='word_1_370' title='bbox 1485 3284 1519 3354; x_wconf 82' lang='grc' dir='ltr'>ἡ</span> <span class='ocrx_word' id='word_1_371' title='bbox 1549 3282 1901 3353; x_wconf 82' lang='grc' dir='ltr'>παρθενομή-</span> 
     </span>
    </p>
   </div>
   <div class='ocr_carea' id='block_1_56' title="bbox 330 3366 859 3440">
    <p class='ocr_par' dir='ltr' id='par_1_56' title="bbox 330 3366 859 3440">
     <span class='ocr_line' id='line_1_57' title="bbox 330 3366 859 3440; baseline 0.011 -21"><span class='ocrx_word' id='word_1_372' title='bbox 330 3383 447 3438; x_wconf 84' lang='grc' dir='ltr'><strong>τωρ</strong></span> <span class='ocrx_word' id='word_1_373' title='bbox 472 3366 625 3421; x_wconf 80' lang='grc' dir='ltr'>ὥδινε</span> <span class='ocrx_word' id='word_1_374' title='bbox 651 3370 859 3440; x_wconf 86' lang='grc' dir='ltr'>Μαρία.</span> 
     </span>
    </p>
   </div>
   <div class='ocr_carea' id='block_1_57' title="bbox 340 3586 1895 3670">
    <p class='ocr_par' dir='ltr' id='par_1_57' title="bbox 340 3586 1895 3670">
     <span class='ocr_line' id='line_1_58' title="bbox 340 3586 1895 3670; baseline 0.011 -31"><span class='ocrx_word' id='word_1_375' title='bbox 340 3586 719 3670; x_wconf 72' lang='grc' dir='ltr'>Ἅμφιλοχίου</span> <span class='ocrx_word' id='word_1_376' title='bbox 773 3590 1107 3670; x_wconf 53' lang='grc' dir='ltr'>ἐπισκόπου</span> <span class='ocrx_word' id='word_1_377' title='bbox 1163 3595 1438 3670; x_wconf 80' lang='grc' dir='ltr'>Ἰκονίου,</span> <span class='ocrx_word' id='word_1_378' title='bbox 1491 3598 1559 3651; x_wconf 81' lang='grc' dir='ltr'>ἐκ</span> <span class='ocrx_word' id='word_1_379' title='bbox 1606 3600 1714 3654; x_wconf 84' lang='grc' dir='ltr'>τοῦ</span> <span class='ocrx_word' id='word_1_380' title='bbox 1756 3601 1895 3670; x_wconf 79' lang='grc' dir='ltr'>Περὶ</span> 
     </span>
    </p>
   </div>
   <div class='ocr_carea' id='block_1_58' title="bbox 646 3663 1557 3734">
    <p class='ocr_par' dir='ltr' id='par_1_58' title="bbox 646 3663 1557 3734">
     <span class='ocr_line' id='line_1_59' title="bbox 646 3663 1557 3734; baseline 0.01 -22"><span class='ocrx_word' id='word_1_381' title='bbox 646 3663 754 3728; x_wconf 80' lang='grc' dir='ltr'><strong>τῆς</strong></span> <span class='ocrx_word' id='word_1_382' title='bbox 790 3663 939 3715; x_wconf 84' lang='grc' dir='ltr'>κατὰ</span> <span class='ocrx_word' id='word_1_383' title='bbox 974 3664 1171 3732; x_wconf 78' lang='grc' dir='ltr'>σάρκα</span> <span class='ocrx_word' id='word_1_384' title='bbox 1203 3666 1557 3734; x_wconf 77' lang='grc' dir='ltr'><strong>γεννήσεως.</strong></span> 
     </span>
    </p>
   </div>
   <div class='ocr_carea' id='block_1_59' title="bbox 410 3789 1898 3873">
    <p class='ocr_par' dir='ltr' id='par_1_59' title="bbox 410 3789 1898 3873">
     <span class='ocr_line' id='line_1_60' title="bbox 410 3789 1898 3873; baseline 0.009 -30"><span class='ocrx_word' id='word_1_385' title='bbox 410 3789 476 3843; x_wconf 87' lang='grc' dir='ltr'><strong>Ἦ</strong></span> <span class='ocrx_word' id='word_1_386' title='bbox 502 3791 726 3863; x_wconf 83' lang='grc' dir='ltr'>ἀλήθεια</span> <span class='ocrx_word' id='word_1_387' title='bbox 771 3795 1041 3868; x_wconf 83' lang='grc' dir='ltr'>ὲγνώσθη,</span> <span class='ocrx_word' id='word_1_388' title='bbox 1094 3800 1127 3869; x_wconf 84' lang='grc' dir='ltr'>ἡ</span> <span class='ocrx_word' id='word_1_389' title='bbox 1175 3800 1334 3870; x_wconf 89' lang='grc' dir='ltr'>χάρις</span> <span class='ocrx_word' id='word_1_390' title='bbox 1370 3796 1523 3871; x_wconf 82' lang='grc' dir='ltr'>ἦλθε,</span> <span class='ocrx_word' id='word_1_391' title='bbox 1570 3803 1662 3855; x_wconf 75' lang='grc' dir='ltr'><strong>καὶ</strong></span> <span class='ocrx_word' id='word_1_392' title='bbox 1709 3804 1742 3873; x_wconf 81' lang='grc' dir='ltr'>ἡ</span> <span class='ocrx_word' id='word_1_393' title='bbox 1784 3800 1898 3873; x_wconf 78' lang='grc' dir='ltr'><strong>ζωή</strong></span> 
     </span>
    </p>
   </div>
   <div class='ocr_carea' id='block_1_60' title="bbox 326 3883 1898 3965">
    <p class='ocr_par' dir='ltr' id='par_1_60' title="bbox 326 3883 1898 3965">
     <span class='ocr_line' id='line_1_61' title="bbox 326 3883 1898 3965; baseline 0.008 -29"><span class='ocrx_word' id='word_1_394' title='bbox 326 3883 523 3954; x_wconf 78' lang='grc' dir='ltr'>ἐφάνη.</span> <span class='ocrx_word' id='word_1_395' title='bbox 567 3885 628 3939; x_wconf 84' lang='grc' dir='ltr'><strong>Ὀ</strong></span> <span class='ocrx_word' id='word_1_396' title='bbox 655 3885 749 3939; x_wconf 82' lang='grc' dir='ltr'><strong>τοῦ</strong></span> <span class='ocrx_word' id='word_1_397' title='bbox 775 3888 907 3941; x_wconf 78' lang='grc' dir='ltr'>Θεοῦ</span> <span class='ocrx_word' id='word_1_398' title='bbox 951 3888 1024 3943; x_wconf 82' lang='grc' dir='ltr'>ὢν</span> <span class='ocrx_word' id='word_1_399' title='bbox 1055 3890 1199 3955; x_wconf 83' lang='grc' dir='ltr'>Υἱὸς,</span> <span class='ocrx_word' id='word_1_400' title='bbox 1233 3894 1260 3945; x_wconf 86' lang='grc' dir='ltr'>ὁ</span> <span class='ocrx_word' id='word_1_401' title='bbox 1284 3892 1347 3945; x_wconf 81' lang='grc' dir='ltr'>ἐκ</span> <span class='ocrx_word' id='word_1_402' title='bbox 1373 3892 1506 3945; x_wconf 85' lang='grc' dir='ltr'><strong>Θεοῦ</strong></span> <span class='ocrx_word' id='word_1_403' title='bbox 1532 3894 1723 3962; x_wconf 81' lang='grc' dir='ltr'><strong>Λόγος,</strong></span> <span class='ocrx_word' id='word_1_404' title='bbox 1761 3894 1898 3965; x_wconf 81' lang='grc' dir='ltr'>σὰρξ</span> 
     </span>
    </p>
   </div>
   <div class='ocr_carea' id='block_1_61' title="bbox 326 3974 1897 4053">
    <p class='ocr_par' dir='ltr' id='par_1_61' title="bbox 326 3974 1897 4053">
     <span class='ocr_line' id='line_1_62' title="bbox 326 3974 1897 4053; baseline 0.01 -29"><span class='ocrx_word' id='word_1_405' title='bbox 326 3974 547 4042; x_wconf 63' lang='grc' dir='ltr'>ἐγένετο</span> <span class='ocrx_word' id='word_1_406' title='bbox 582 3976 647 4030; x_wconf 88' lang='grc' dir='ltr'>δι’</span> <span class='ocrx_word' id='word_1_407' title='bbox 675 3979 707 4047; x_wconf 84' lang='grc' dir='ltr'>ή</span> <span class='ocrx_word' id='word_1_408' title='bbox 718 3980 844 4047; x_wconf 84' lang='grc' dir='ltr'>μᾶς,</span> <span class='ocrx_word' id='word_1_409' title='bbox 878 3979 963 4032; x_wconf 81' lang='grc' dir='ltr'>ἵνα</span> <span class='ocrx_word' id='word_1_410' title='bbox 994 3980 1220 4047; x_wconf 80' lang='grc' dir='ltr'>θνητοὺς</span> <span class='ocrx_word' id='word_1_411' title='bbox 1239 3982 1319 4045; x_wconf 85' lang='grc' dir='ltr'><strong>είς</strong></span> <span class='ocrx_word' id='word_1_412' title='bbox 1346 3981 1491 4053; x_wconf 82' lang='grc' dir='ltr'>ζωὴν</span> <span class='ocrx_word' id='word_1_413' title='bbox 1524 3983 1739 4037; x_wconf 85' lang='grc' dir='ltr'>αἰώνιον</span> <span class='ocrx_word' id='word_1_414' title='bbox 1764 3987 1897 4039; x_wconf 87' lang='grc' dir='ltr'>ἀνα-</span> 
     </span>
    </p>
   </div>
   <div class='ocr_carea' id='block_1_62' title="bbox 327 4066 1896 4147">
    <p class='ocr_par' dir='ltr' id='par_1_62' title="bbox 327 4066 1896 4147">
     <span class='ocr_line' id='line_1_63' title="bbox 327 4066 1896 4147; baseline 0.008 -30"><span class='ocrx_word' id='word_1_415' title='bbox 327 4066 524 4137; x_wconf 79' lang='grc' dir='ltr'>στήσῃ,</span> <span class='ocrx_word' id='word_1_416' title='bbox 552 4068 645 4121; x_wconf 75' lang='grc' dir='ltr'><strong>καὶ</strong></span> <span class='ocrx_word' id='word_1_417' title='bbox 675 4070 738 4121; x_wconf 83' lang='grc' dir='ltr'>ὲκ</span> <span class='ocrx_word' id='word_1_418' title='bbox 766 4069 875 4123; x_wconf 81' lang='grc' dir='ltr'><strong>τῶν</strong></span> <span class='ocrx_word' id='word_1_419' title='bbox 904 4072 1110 4141; x_wconf 87' lang='grc' dir='ltr'>νεκρῶν</span> <span class='ocrx_word' id='word_1_420' title='bbox 1139 4073 1418 4147; x_wconf 79' lang='grc' dir='ltr'>ἀνεγείρῃ.</span> <span class='ocrx_word' id='word_1_421' title='bbox 1450 4075 1508 4127; x_wconf 89' lang='lat'><strong>&#39;0</strong></span> <span class='ocrx_word' id='word_1_422' title='bbox 1532 4076 1768 4145; x_wconf 81' lang='grc' dir='ltr'>Ποιητὴς</span> <span class='ocrx_word' id='word_1_423' title='bbox 1788 4075 1896 4129; x_wconf 85' lang='grc' dir='ltr'>τῶν</span> 
     </span>
    </p>
   </div>
   <div class='ocr_carea' id='block_1_63' title="bbox 326 4156 1892 4237">
    <p class='ocr_par' dir='ltr' id='par_1_63' title="bbox 326 4156 1892 4237">
     <span class='ocr_line' id='line_1_64' title="bbox 326 4156 1892 4237; baseline 0.008 -29"><span class='ocrx_word' id='word_1_424' title='bbox 326 4156 489 4217; x_wconf 74' lang='grc' dir='ltr'>ὅλων,</span> <span class='ocrx_word' id='word_1_425' title='bbox 518 4160 547 4211; x_wconf 85' lang='grc' dir='ltr'><strong>ὁ</strong></span> <span class='ocrx_word' id='word_1_426' title='bbox 578 4158 683 4229; x_wconf 83' lang='grc' dir='ltr'>πρὸ</span> <span class='ocrx_word' id='word_1_427' title='bbox 710 4159 890 4231; x_wconf 87' lang='grc' dir='ltr'>πάσης</span> <span class='ocrx_word' id='word_1_428' title='bbox 917 4162 1149 4226; x_wconf 84' lang='grc' dir='ltr'>κτίσεως</span> <span class='ocrx_word' id='word_1_429' title='bbox 1176 4165 1385 4233; x_wconf 83' lang='grc' dir='ltr'>ὁρατῶν</span> <span class='ocrx_word' id='word_1_430' title='bbox 1416 4182 1475 4218; x_wconf 87' lang='grc' dir='ltr'><strong>τε</strong></span> <span class='ocrx_word' id='word_1_431' title='bbox 1506 4166 1598 4219; x_wconf 76' lang='grc' dir='ltr'>καὶ</span> <span class='ocrx_word' id='word_1_432' title='bbox 1624 4168 1892 4237; x_wconf 85' lang='grc' dir='ltr'>ἀοράτων,</span> 
     </span>
    </p>
   </div>
   <div class='ocr_carea' id='block_1_64' title="bbox 328 4248 1894 4326">
    <p class='ocr_par' dir='ltr' id='par_1_64' title="bbox 328 4248 1894 4326">
     <span class='ocr_line' id='line_1_65' title="bbox 328 4248 1894 4326; baseline 0.007 -26"><span class='ocrx_word' id='word_1_433' title='bbox 328 4248 477 4318; x_wconf 85' lang='grc' dir='ltr'><strong>μόνῳ</strong></span> <span class='ocrx_word' id='word_1_434' title='bbox 519 4250 694 4320; x_wconf 82' lang='grc' dir='ltr'>Πατρὶ</span> <span class='ocrx_word' id='word_1_435' title='bbox 736 4251 830 4304; x_wconf 74' lang='grc' dir='ltr'>καὶ</span> <span class='ocrx_word' id='word_1_436' title='bbox 880 4251 1157 4322; x_wconf 87' lang='grc' dir='ltr'>Πνεύματι</span> <span class='ocrx_word' id='word_1_437' title='bbox 1204 4256 1561 4326; x_wconf 86' lang='grc' dir='ltr'>συνυπάρχων</span> <span class='ocrx_word' id='word_1_438' title='bbox 1594 4257 1894 4323; x_wconf 80' lang='grc' dir='ltr'>ἀθάνατος,</span> 
     </span>
    </p>
   </div>
   <div class='ocr_carea' id='block_1_65' title="bbox 326 4339 1894 4420">
    <p class='ocr_par' dir='ltr' id='par_1_65' title="bbox 326 4339 1894 4420">
     <span class='ocr_line' id='line_1_66' title="bbox 326 4339 1894 4420; baseline 0.006 -28"><span class='ocrx_word' id='word_1_439' title='bbox 326 4339 568 4412; x_wconf 83' lang='grc' dir='ltr'>σήμερον</span> <span class='ocrx_word' id='word_1_440' title='bbox 610 4342 720 4395; x_wconf 80' lang='grc' dir='ltr'>ἰδοὺ</span> <span class='ocrx_word' id='word_1_441' title='bbox 749 4344 881 4412; x_wconf 82' lang='grc' dir='ltr'>ἡμῖν</span> <span class='ocrx_word' id='word_1_442' title='bbox 912 4345 976 4396; x_wconf 84' lang='grc' dir='ltr'><strong>ἐκ</strong></span> <span class='ocrx_word' id='word_1_443' title='bbox 1010 4344 1283 4413; x_wconf 82' lang='grc' dir='ltr'>Παρθένου</span> <span class='ocrx_word' id='word_1_444' title='bbox 1322 4347 1659 4418; x_wconf 84' lang='grc' dir='ltr'>γεννώμενος</span> <span class='ocrx_word' id='word_1_445' title='bbox 1678 4389 1691 4409; x_wconf 88' lang='lat'><strong>,</strong></span> <span class='ocrx_word' id='word_1_446' title='bbox 1723 4350 1894 4420; x_wconf 71' lang='grc' dir='ltr'>χωρὶς</span> 
     </span>
    </p>
   </div>
   <div class='ocr_carea' id='block_1_66' title="bbox 325 4429 1736 4509">
    <p class='ocr_par' dir='ltr' id='par_1_66' title="bbox 325 4429 1736 4509">
     <span class='ocr_line' id='line_1_67' title="bbox 325 4429 1736 4509; baseline 0.007 -26"><span class='ocrx_word' id='word_1_447' title='bbox 325 4429 509 4500; x_wconf 85' lang='grc' dir='ltr'>πάσης</span> <span class='ocrx_word' id='word_1_448' title='bbox 545 4432 841 4504; x_wconf 83' lang='grc' dir='ltr'>ἁμαρτίας,</span> <span class='ocrx_word' id='word_1_449' title='bbox 871 4433 999 4488; x_wconf 82' lang='grc' dir='ltr'>ἀνευ</span> <span class='ocrx_word' id='word_1_450' title='bbox 1028 4434 1336 4507; x_wconf 84' lang='grc' dir='ltr'>ἀνθρώπου,</span> <span class='ocrx_word' id='word_1_451' title='bbox 1367 4438 1486 4508; x_wconf 78' lang='grc' dir='ltr'>ἦτοι</span> <span class='ocrx_word' id='word_1_452' title='bbox 1522 4438 1736 4509; x_wconf 76' lang='grc' dir='ltr'>ἀνδρὸς,</span> 
     </span>
    </p>
   </div>
   <div class='ocr_carea' id='block_1_67' title="bbox 488 4650 1735 4722">
    <p class='ocr_par' dir='ltr' id='par_1_67' title="bbox 488 4650 1735 4722">
     <span class='ocr_line' id='line_1_68' title="bbox 488 4650 1735 4722; baseline 0.001 -16"><span class='ocrx_word' id='word_1_453' title='bbox 488 4652 789 4722; x_wconf 77' lang='grc' dir='ltr'>Ἄμμωνος</span> <span class='ocrx_word' id='word_1_454' title='bbox 813 4650 1151 4707; x_wconf 80' lang='grc' dir='ltr'><strong>ἐπισκόπου</strong></span> <span class='ocrx_word' id='word_1_455' title='bbox 1181 4652 1735 4722; x_wconf 73' lang='grc' dir='ltr'>Ἀδριανουπόλεως.</span> 
     </span>
    </p>
   </div>
   <div class='ocr_carea' id='block_1_68' title="bbox 365 4783 1860 4856">
    <p class='ocr_par' dir='ltr' id='par_1_68' title="bbox 365 4783 1860 4856">
     <span class='ocr_line' id='line_1_69' title="bbox 365 4783 1860 4856; baseline 0.001 -18"><span class='ocrx_word' id='word_1_456' title='bbox 365 4787 518 4856; x_wconf 77' lang='grc' dir='ltr'><strong>Ἔφη</strong></span> <span class='ocrx_word' id='word_1_457' title='bbox 547 4785 658 4855; x_wconf 75' lang='grc' dir='ltr'><strong>γάρ</strong></span> <span class='ocrx_word' id='word_1_458' title='bbox 687 4797 806 4839; x_wconf 76' lang='grc' dir='ltr'><strong>που</strong></span> <span class='ocrx_word' id='word_1_459' title='bbox 833 4783 932 4839; x_wconf 78' lang='grc' dir='ltr'>καὶ</span> <span class='ocrx_word' id='word_1_460' title='bbox 960 4784 1140 4850; x_wconf 80' lang='grc' dir='ltr'>αὐτὸς</span> <span class='ocrx_word' id='word_1_461' title='bbox 1166 4784 1297 4853; x_wconf 77' lang='grc' dir='ltr'>περὶ</span> <span class='ocrx_word' id='word_1_462' title='bbox 1334 4783 1440 4839; x_wconf 86' lang='grc' dir='ltr'>τοῦ</span> <span class='ocrx_word' id='word_1_463' title='bbox 1464 4786 1612 4839; x_wconf 84' lang='grc' dir='ltr'><strong>Θεοῦ</strong></span> <span class='ocrx_word' id='word_1_464' title='bbox 1645 4786 1860 4855; x_wconf 81' lang='grc' dir='ltr'>Λόγου.</span> 
     </span>
    </p>
   </div>
   <div class='ocr_carea' id='block_1_69' title="bbox 398 4914 1893 4988">
    <p class='ocr_par' dir='ltr' id='par_1_69' title="bbox 398 4914 1893 4988">
     <span class='ocr_line' id='line_1_70' title="bbox 398 4914 1893 4988; baseline 0 -19"><span class='ocrx_word' id='word_1_465' title='bbox 398 4916 459 4969; x_wconf 75' lang='lat' dir='ltr'><strong>Et</strong></span> <span class='ocrx_word' id='word_1_466' title='bbox 484 4914 541 4968; x_wconf 81' lang='grc' dir='ltr'>δὲ</span> <span class='ocrx_word' id='word_1_467' title='bbox 573 4915 733 4980; x_wconf 84' lang='grc' dir='ltr'>αὐτὸς</span> <span class='ocrx_word' id='word_1_468' title='bbox 755 4914 1014 4986; x_wconf 77' lang='grc' dir='ltr'>Θεὸς¹τὴν</span> <span class='ocrx_word' id='word_1_469' title='bbox 1043 4915 1205 4985; x_wconf 85' lang='grc' dir='ltr'>φύσιν</span> <span class='ocrx_word' id='word_1_470' title='bbox 1228 4915 1510 4988; x_wconf 82' lang='grc' dir='ltr'>ὑπάρχων,</span> <span class='ocrx_word' id='word_1_471' title='bbox 1536 4917 1611 4981; x_wconf 86' lang='grc' dir='ltr'><strong>ὡς</strong></span> <span class='ocrx_word' id='word_1_472' title='bbox 1641 4916 1736 4970; x_wconf 81' lang='grc' dir='ltr'>τοῦ</span> <span class='ocrx_word' id='word_1_473' title='bbox 1759 4916 1893 4971; x_wconf 85' lang='grc' dir='ltr'>Θεοῦ</span> 
     </span>
    </p>
   </div>
   <div class='ocr_carea' id='block_1_70' title="bbox 331 4995 1893 5082">
    <p class='ocr_par' dir='ltr' id='par_1_70' title="bbox 331 4995 1893 5082">
     <span class='ocr_line' id='line_1_71' title="bbox 331 4995 1893 5082; baseline 0.001 -20"><span class='ocrx_word' id='word_1_474' title='bbox 331 5009 624 5080; x_wconf 84' lang='grc' dir='ltr'>μονογενὴς</span> <span class='ocrx_word' id='word_1_475' title='bbox 667 5009 831 5074; x_wconf 76' lang='grc' dir='ltr'>Υἱὸς,</span> <span class='ocrx_word' id='word_1_476' title='bbox 866 5010 924 5062; x_wconf 82' lang='grc' dir='ltr'>ὲν</span> <span class='ocrx_word' id='word_1_477' title='bbox 959 4995 1260 5079; x_wconf 60' lang='grc' dir='ltr'>προσλήίῖίει</span> <span class='ocrx_word' id='word_1_478' title='bbox 1303 5010 1401 5079; x_wconf 85' lang='grc' dir='ltr'><strong>τῆς</strong></span> <span class='ocrx_word' id='word_1_479' title='bbox 1445 5010 1631 5063; x_wconf 84' lang='grc' dir='ltr'>δούλου</span> <span class='ocrx_word' id='word_1_480' title='bbox 1679 5012 1893 5082; x_wconf 81' lang='grc' dir='ltr'>μορφῆς</span> 
     </span>
    </p>
   </div>
   <div class='ocr_carea' id='block_1_71' title="bbox 326 5099 1893 5172">
    <p class='ocr_par' dir='ltr' id='par_1_71' title="bbox 326 5099 1893 5172">
     <span class='ocr_line' id='line_1_72' title="bbox 326 5099 1893 5172; baseline 0 -19"><span class='ocrx_word' id='word_1_481' title='bbox 326 5100 640 5171; x_wconf 85' lang='grc' dir='ltr'>γενόμενος,</span> <span class='ocrx_word' id='word_1_482' title='bbox 666 5100 762 5154; x_wconf 69' lang='grc' dir='ltr'><strong>καὶ</strong></span> <span class='ocrx_word' id='word_1_483' title='bbox 791 5099 1131 5171; x_wconf 86' lang='grc' dir='ltr'>πρωτότοκος</span> <span class='ocrx_word' id='word_1_484' title='bbox 1159 5099 1285 5164; x_wconf 83' lang='grc' dir='ltr'>Υἱὸς</span> <span class='ocrx_word' id='word_1_485' title='bbox 1308 5101 1405 5170; x_wconf 86' lang='grc' dir='ltr'>τῆς</span> <span class='ocrx_word' id='word_1_486' title='bbox 1438 5101 1595 5170; x_wconf 86' lang='grc' dir='ltr'>ἁγίας</span> <span class='ocrx_word' id='word_1_487' title='bbox 1615 5101 1893 5172; x_wconf 79' lang='grc' dir='ltr'>Παρθένου</span> 
     </span>
    </p>
   </div>
   <div class='ocr_carea' id='block_1_72' title="bbox 327 5189 1894 5265">
    <p class='ocr_par' dir='ltr' id='par_1_72' title="bbox 327 5189 1894 5265">
     <span class='ocr_line' id='line_1_73' title="bbox 327 5189 1894 5265; baseline 0.002 -21"><span class='ocrx_word' id='word_1_488' title='bbox 327 5191 595 5261; x_wconf 78' lang='grc' dir='ltr'>κληθῆναι</span> <span class='ocrx_word' id='word_1_489' title='bbox 628 5189 992 5257; x_wconf 77' lang='grc' dir='ltr'>καταξιώσας,</span> <span class='ocrx_word' id='word_1_490' title='bbox 1025 5190 1341 5262; x_wconf 84' lang='grc' dir='ltr'>ἀντίλυτρον</span> <span class='ocrx_word' id='word_1_491' title='bbox 1369 5193 1561 5246; x_wconf 83' lang='grc' dir='ltr'>ἑαυτὸν</span> <span class='ocrx_word' id='word_1_492' title='bbox 1584 5194 1726 5265; x_wconf 82' lang='grc' dir='ltr'>ὑπὲρ</span> <span class='ocrx_word' id='word_1_493' title='bbox 1756 5195 1894 5248; x_wconf 81' lang='grc' dir='ltr'>πάν-</span> 
     </span>
    </p>
   </div>
   <div class='ocr_carea' id='block_1_73' title="bbox 323 5280 1892 5356">
    <p class='ocr_par' dir='ltr' id='par_1_73' title="bbox 323 5280 1892 5356">
     <span class='ocr_line' id='line_1_74' title="bbox 323 5280 1892 5356; baseline 0.003 -22"><span class='ocrx_word' id='word_1_494' title='bbox 323 5297 434 5334; x_wconf 86' lang='grc' dir='ltr'><strong>των</strong></span> <span class='ocrx_word' id='word_1_495' title='bbox 488 5280 708 5336; x_wconf 86' lang='grc' dir='ltr'>δέδωκε.</span> <span class='ocrx_word' id='word_1_496' title='bbox 757 5281 1130 5352; x_wconf 81' lang='grc' dir='ltr'>Προσεπάγει</span> <span class='ocrx_word' id='word_1_497' title='bbox 1175 5281 1243 5335; x_wconf 81' lang='grc' dir='ltr'>δὲ</span> <span class='ocrx_word' id='word_1_498' title='bbox 1294 5283 1551 5349; x_wconf 81' lang='grc' dir='ltr'>τούτοις·</span> <span class='ocrx_word' id='word_1_499' title='bbox 1604 5285 1743 5354; x_wconf 86' lang='grc' dir='ltr'>Ἤδη</span> <span class='ocrx_word' id='word_1_500' title='bbox 1794 5286 1892 5356; x_wconf 82' lang='grc' dir='ltr'><strong>μὲν</strong></span> 
     </span>
    </p>
   </div>
   <div class='ocr_carea' id='block_1_74' title="bbox 324 5366 1892 5447">
    <p class='ocr_par' dir='ltr' id='par_1_74' title="bbox 324 5366 1892 5447">
     <span class='ocr_line' id='line_1_75' title="bbox 324 5366 1892 5447; baseline 0.004 -24"><span class='ocrx_word' id='word_1_501' title='bbox 324 5369 503 5435; x_wconf 76' lang='grc' dir='ltr'>ἔδειξα</span> <span class='ocrx_word' id='word_1_502' title='bbox 545 5370 644 5442; x_wconf 84' lang='grc' dir='ltr'>τὴν</span> <span class='ocrx_word' id='word_1_503' title='bbox 688 5372 961 5440; x_wconf 73' lang='grc' dir='ltr'>ἀσέϐειαν,</span> <span class='ocrx_word' id='word_1_504' title='bbox 1060 5374 1477 5445; x_wconf 83' lang='grc' dir='ltr'>περιπίπτουσιν</span> <span class='ocrx_word' id='word_1_505' title='bbox 1508 5376 1558 5427; x_wconf 89' lang='grc' dir='ltr'>οἱ</span> <span class='ocrx_word' id='word_1_506' title='bbox 1605 5376 1892 5447; x_wconf 71' lang='grc' dir='ltr'>Ἀρειανοὶ,</span> 
     </span>
    </p>
   </div>
   <div class='ocr_carea' id='block_1_75' title="bbox 321 5461 1892 5538">
    <p class='ocr_par' dir='ltr' id='par_1_75' title="bbox 321 5461 1892 5538">
     <span class='ocr_line' id='line_1_76' title="bbox 321 5461 1892 5538; baseline 0.006 -24"><span class='ocrx_word' id='word_1_507' title='bbox 321 5461 573 5531; x_wconf 81' lang='grc' dir='ltr'>λέγοντες</span> <span class='ocrx_word' id='word_1_508' title='bbox 624 5464 812 5534; x_wconf 86' lang='grc' dir='ltr'>χρείαν</span> <span class='ocrx_word' id='word_1_509' title='bbox 868 5464 1162 5534; x_wconf 74' lang='grc' dir='ltr'>ἐσχηκέναι</span> <span class='ocrx_word' id='word_1_510' title='bbox 1220 5465 1321 5536; x_wconf 73' lang='grc' dir='ltr'><strong>τὴν</strong></span> <span class='ocrx_word' id='word_1_511' title='bbox 1368 5465 1626 5519; x_wconf 83' lang='grc' dir='ltr'>Θεοτόκον</span> <span class='ocrx_word' id='word_1_512' title='bbox 1674 5470 1892 5538; x_wconf 80' lang='grc' dir='ltr'>Μαρίαν</span> 
     </span>
    </p>
   </div>
   <div class='ocr_carea' id='block_1_76' title="bbox 320 5553 1893 5630">
    <p class='ocr_par' dir='ltr' id='par_1_76' title="bbox 320 5553 1893 5630">
     <span class='ocr_line' id='line_1_77' title="bbox 320 5553 1893 5630; baseline 0.005 -23"><span class='ocrx_word' id='word_1_513' title='bbox 320 5555 431 5608; x_wconf 83' lang='grc' dir='ltr'><strong>τῶν</strong></span> <span class='ocrx_word' id='word_1_514' title='bbox 478 5553 624 5608; x_wconf 85' lang='grc' dir='ltr'>κατὰ</span> <span class='ocrx_word' id='word_1_515' title='bbox 673 5555 765 5608; x_wconf 86' lang='grc' dir='ltr'><strong>τδν</strong></span> <span class='ocrx_word' id='word_1_516' title='bbox 810 5555 972 5627; x_wconf 87' lang='grc' dir='ltr'>νόμον</span> <span class='ocrx_word' id='word_1_517' title='bbox 1014 5557 1136 5610; x_wconf 89' lang='grc' dir='ltr'>τότε</span> <span class='ocrx_word' id='word_1_518' title='bbox 1188 5559 1647 5630; x_wconf 76' lang='grc' dir='ltr'>προσφερομένων</span> <span class='ocrx_word' id='word_1_519' title='bbox 1694 5560 1893 5615; x_wconf 79' lang='grc' dir='ltr'>θυσιῶν</span> 
     </span>
    </p>
   </div>
   <div class='ocr_carea' id='block_1_77' title="bbox 323 5644 1260 5716">
    <p class='ocr_par' dir='ltr' id='par_1_77' title="bbox 323 5644 1260 5716">
     <span class='ocr_line' id='line_1_78' title="bbox 323 5644 1260 5716; baseline 0.003 -15"><span class='ocrx_word' id='word_1_520' title='bbox 323 5645 467 5715; x_wconf 81' lang='grc' dir='ltr'>ὑπὲρ</span> <span class='ocrx_word' id='word_1_521' title='bbox 494 5644 602 5699; x_wconf 83' lang='grc' dir='ltr'>τῶν</span> <span class='ocrx_word' id='word_1_522' title='bbox 629 5647 931 5701; x_wconf 81' lang='grc' dir='ltr'>τικτουσῶν</span> <span class='ocrx_word' id='word_1_523' title='bbox 967 5648 1260 5716; x_wconf 85' lang='grc' dir='ltr'>γυναικῶν.</span> 
     </span>
    </p>
   </div>
   <div class='ocr_carea' id='block_1_78' title="bbox 323 5823 1223 5892">
    <p class='ocr_par' dir='ltr' id='par_1_78' title="bbox 323 5823 1223 5892">
     <span class='ocr_line' id='line_1_79' title="bbox 323 5823 1223 5892; baseline 0 -13"><span class='ocrx_word' id='word_1_524' title='bbox 323 5824 369 5857; x_wconf 82' lang='grc'><strong>’⁹</strong></span> <span class='ocrx_word' id='word_1_525' title='bbox 394 5823 569 5879; x_wconf 82' lang='lat' dir='ltr'><strong>Galat.</strong></span> <span class='ocrx_word' id='word_1_526' title='bbox 610 5840 646 5892; x_wconf 84' lang='grc' dir='ltr'><strong>ι,</strong></span> <span class='ocrx_word' id='word_1_527' title='bbox 684 5825 736 5882; x_wconf 82' lang='grc'>9.</span> <span class='ocrx_word' id='word_1_528' title='bbox 814 5826 860 5857; x_wconf 74' lang='grc'><strong>⁸⁸</strong></span> <span class='ocrx_word' id='word_1_529' title='bbox 891 5824 1045 5882; x_wconf 77' lang='lat' dir='ltr'><strong>Jean.</strong></span> <span class='ocrx_word' id='word_1_530' title='bbox 1073 5842 1113 5892; x_wconf 85' lang='grc' dir='ltr'><strong>ι,</strong></span> <span class='ocrx_word' id='word_1_531' title='bbox 1138 5825 1223 5880; x_wconf 76' lang='grc' dir='ltr'>Η.</span> 
     </span>
    </p>
   </div>
   <div class='ocr_carea' id='block_1_79' title="bbox 2006 3277 3573 3355">
    <p class='ocr_par' dir='ltr' id='par_1_79' title="bbox 2006 3277 3573 3355">
     <span class='ocr_line' id='line_1_80' title="bbox 2006 3277 3573 3355; baseline -0.004 -17"><span class='ocrx_word' id='word_1_532' title='bbox 2006 3283 2331 3355; x_wconf 75' lang='lat' dir='ltr'><strong>gnilicentite</strong></span> <span class='ocrx_word' id='word_1_533' title='bbox 2362 3277 2619 3349; x_wconf 77' lang='lat' dir='ltr'><strong>lucisque</strong></span> <span class='ocrx_word' id='word_1_534' title='bbox 2651 3294 2869 3347; x_wconf 86' lang='lat' dir='ltr'><strong>parens,</strong></span> <span class='ocrx_word' id='word_1_535' title='bbox 2897 3278 3007 3347; x_wconf 87' lang='lat' dir='ltr'><strong>spei</strong></span> <span class='ocrx_word' id='word_1_536' title='bbox 3050 3278 3407 3346; x_wconf 83' lang='lat' dir='ltr'><strong>apportatrix,</strong></span> <span class='ocrx_word' id='word_1_537' title='bbox 3449 3278 3573 3331; x_wconf 84' lang='lat' dir='ltr'><strong>Dei-</strong></span> 
     </span>
    </p>
   </div>
   <div class='ocr_carea' id='block_1_80' title="bbox 2005 3369 3573 3445">
    <p class='ocr_par' dir='ltr' id='par_1_80' title="bbox 2005 3369 3573 3445">
     <span class='ocr_line' id='line_1_81' title="bbox 2005 3369 3573 3445; baseline -0.003 -17"><span class='ocrx_word' id='word_1_538' title='bbox 2005 3390 2158 3445; x_wconf 86' lang='lat' dir='ltr'><strong>para,</strong></span> <span class='ocrx_word' id='word_1_539' title='bbox 2190 3389 2310 3442; x_wconf 70' lang='lat' dir='ltr'><strong>qua:</strong></span> <span class='ocrx_word' id='word_1_540' title='bbox 2342 3386 2482 3427; x_wconf 89' lang='lat' dir='ltr'><strong>novo</strong></span> <span class='ocrx_word' id='word_1_541' title='bbox 2510 3372 2719 3441; x_wconf 87' lang='lat' dir='ltr'><strong>peperit</strong></span> <span class='ocrx_word' id='word_1_542' title='bbox 2746 3371 2924 3436; x_wconf 88' lang='lat' dir='ltr'><strong>modo,</strong></span> <span class='ocrx_word' id='word_1_543' title='bbox 2954 3369 3103 3438; x_wconf 86' lang='lat' dir='ltr'><strong>virgo</strong></span> <span class='ocrx_word' id='word_1_544' title='bbox 3130 3378 3184 3423; x_wconf 89' lang='lat' dir='ltr'><strong>et</strong></span> <span class='ocrx_word' id='word_1_545' title='bbox 3211 3377 3383 3422; x_wconf 88' lang='lat' dir='ltr'><strong>mater</strong></span> <span class='ocrx_word' id='word_1_546' title='bbox 3412 3383 3573 3437; x_wconf 84' lang='lat' dir='ltr'><strong>pepe-</strong></span> 
     </span>
    </p>
   </div>
   <div class='ocr_carea' id='block_1_81' title="bbox 2002 3463 2286 3519">
    <p class='ocr_par' dir='ltr' id='par_1_81' title="bbox 2002 3463 2286 3519">
     <span class='ocr_line' id='line_1_82' title="bbox 2002 3463 2286 3519; baseline -0.004 0"><span class='ocrx_word' id='word_1_547' title='bbox 2002 3467 2071 3519; x_wconf 90' lang='lat' dir='ltr'><strong>rit</strong></span> <span class='ocrx_word' id='word_1_548' title='bbox 2098 3463 2286 3518; x_wconf 80' lang='lat' dir='ltr'><strong>Maria.</strong></span> 
     </span>
    </p>
   </div>
   <div class='ocr_carea' id='block_1_82' title="bbox 2003 3590 3571 3666">
    <p class='ocr_par' dir='ltr' id='par_1_82' title="bbox 2003 3590 3571 3666">
     <span class='ocr_line' id='line_1_83' title="bbox 2003 3590 3571 3666; baseline -0.004 -17"><span class='ocrx_word' id='word_1_549' title='bbox 2003 3596 2109 3666; x_wconf 81' lang='lat'><strong>50</strong></span> <span class='ocrx_word' id='word_1_550' title='bbox 2146 3594 2507 3666; x_wconf 68' lang='lat' dir='ltr'><strong>Amp/iilochii</strong></span> <span class='ocrx_word' id='word_1_551' title='bbox 2535 3594 2759 3666; x_wconf 79' lang='lat' dir='ltr'><strong>episcopi</strong></span> <span class='ocrx_word' id='word_1_552' title='bbox 2784 3590 2975 3666; x_wconf 83' lang='lat' dir='ltr'><strong>Icouii.</strong></span> <span class='ocrx_word' id='word_1_553' title='bbox 3002 3609 3067 3645; x_wconf 82' lang='lat' dir='ltr'><strong>ea:</strong></span> <span class='ocrx_word' id='word_1_554' title='bbox 3104 3592 3236 3644; x_wconf 85' lang='lat' dir='ltr'><strong>libro</strong></span> <span class='ocrx_word' id='word_1_555' title='bbox 3265 3592 3327 3644; x_wconf 87' lang='lat' dir='ltr'><strong>de</strong></span> <span class='ocrx_word' id='word_1_556' title='bbox 3351 3606 3571 3661; x_wconf 84' lang='lat' dir='ltr'><strong>genera-</strong></span> 
     </span>
    </p>
   </div>
   <div class='ocr_carea' id='block_1_83' title="bbox 2302 3663 3265 3717">
    <p class='ocr_par' dir='ltr' id='par_1_83' title="bbox 2302 3663 3265 3717">
     <span class='ocr_line' id='line_1_84' title="bbox 2302 3663 3265 3717; baseline 0 -2"><span class='ocrx_word' id='word_1_557' title='bbox 2302 3667 2440 3717; x_wconf 83' lang='lat' dir='ltr'><strong>tione</strong></span> <span class='ocrx_word' id='word_1_558' title='bbox 2475 3663 2687 3716; x_wconf 81' lang='lat' dir='ltr'><strong>Domtni</strong></span> <span class='ocrx_word' id='word_1_559' title='bbox 2717 3665 3001 3715; x_wconf 81' lang='lat' dir='ltr'><strong>secundum</strong></span> <span class='ocrx_word' id='word_1_560' title='bbox 3034 3678 3265 3715; x_wconf 74' lang='lat' dir='ltr'><strong>carnem.</strong></span> 
     </span>
    </p>
   </div>
   <div class='ocr_carea' id='block_1_84' title="bbox 2070 3795 3566 3869">
    <p class='ocr_par' dir='ltr' id='par_1_84' title="bbox 2070 3795 3566 3869">
     <span class='ocr_line' id='line_1_85' title="bbox 2070 3795 3566 3869; baseline -0.007 -13"><span class='ocrx_word' id='word_1_561' title='bbox 2070 3801 2283 3856; x_wconf 75' lang='lat' dir='ltr'><strong>Veritas</strong></span> <span class='ocrx_word' id='word_1_562' title='bbox 2317 3800 2528 3869; x_wconf 86' lang='lat' dir='ltr'><strong>cognita</strong></span> <span class='ocrx_word' id='word_1_563' title='bbox 2580 3806 2684 3860; x_wconf 91' lang='lat' dir='ltr'><strong>est,</strong></span> <span class='ocrx_word' id='word_1_564' title='bbox 2717 3798 2890 3866; x_wconf 79' lang='lat' dir='ltr'><strong>gratia</strong></span> <span class='ocrx_word' id='word_1_565' title='bbox 2945 3800 3115 3862; x_wconf 87' lang='lat' dir='ltr'><strong>venit,</strong></span> <span class='ocrx_word' id='word_1_566' title='bbox 3139 3798 3248 3850; x_wconf 86' lang='lat' dir='ltr'><strong>vita</strong></span> <span class='ocrx_word' id='word_1_567' title='bbox 3295 3795 3566 3866; x_wconf 88' lang='lat' dir='ltr'><strong>apparuit,</strong></span> 
     </span>
    </p>
   </div>
   <div class='ocr_carea' id='block_1_85' title="bbox 2000 3888 3568 3958">
    <p class='ocr_par' dir='ltr' id='par_1_85' title="bbox 2000 3888 3568 3958">
     <span class='ocr_line' id='line_1_86' title="bbox 2000 3888 3568 3958; baseline -0.003 -12"><span class='ocrx_word' id='word_1_568' title='bbox 2000 3892 2093 3949; x_wconf 82' lang='lat' dir='ltr'><strong>Dei</strong></span> <span class='ocrx_word' id='word_1_569' title='bbox 2129 3892 2391 3954; x_wconf 83' lang='lat' dir='ltr'><strong>Verbum,</strong></span> <span class='ocrx_word' id='word_1_570' title='bbox 2417 3890 2619 3957; x_wconf 89' lang='lat' dir='ltr'><strong>Deique</strong></span> <span class='ocrx_word' id='word_1_571' title='bbox 2645 3888 2814 3943; x_wconf 89' lang='lat' dir='ltr'><strong>Filius</strong></span> <span class='ocrx_word' id='word_1_572' title='bbox 2856 3898 3073 3958; x_wconf 88' lang='lat' dir='ltr'><strong>propter</strong></span> <span class='ocrx_word' id='word_1_573' title='bbox 3123 3903 3220 3942; x_wconf 91' lang='lat' dir='ltr'><strong>nos</strong></span> <span class='ocrx_word' id='word_1_574' title='bbox 3253 3888 3568 3941; x_wconf 86' lang='lat' dir='ltr'><strong>incarnatus</strong></span> 
     </span>
    </p>
   </div>
   <div class='ocr_carea' id='block_1_86' title="bbox 1999 3978 3566 4054">
    <p class='ocr_par' dir='ltr' id='par_1_86' title="bbox 1999 3978 3566 4054">
     <span class='ocr_line' id='line_1_87' title="bbox 1999 3978 3566 4054; baseline -0.007 -13"><span class='ocrx_word' id='word_1_575' title='bbox 1999 3994 2102 4049; x_wconf 90' lang='lat' dir='ltr'><strong>est,</strong></span> <span class='ocrx_word' id='word_1_576' title='bbox 2132 3999 2239 4054; x_wconf 90' lang='lat' dir='ltr'><strong>quo</strong></span> <span class='ocrx_word' id='word_1_577' title='bbox 2269 3982 2521 4037; x_wconf 88' lang='lat' dir='ltr'><strong>nimirum</strong></span> <span class='ocrx_word' id='word_1_578' title='bbox 2564 3982 2821 4035; x_wconf 87' lang='lat' dir='ltr'><strong>mortales</strong></span> <span class='ocrx_word' id='word_1_579' title='bbox 2844 3996 2872 4034; x_wconf 89' lang='lat' dir='ltr'><strong>a</strong></span> <span class='ocrx_word' id='word_1_580' title='bbox 2895 3990 3070 4034; x_wconf 91' lang='lat' dir='ltr'><strong>morte</strong></span> <span class='ocrx_word' id='word_1_581' title='bbox 3098 3978 3163 4033; x_wconf 89' lang='lat' dir='ltr'><strong>ad</strong></span> <span class='ocrx_word' id='word_1_582' title='bbox 3210 3980 3375 4033; x_wconf 90' lang='lat' dir='ltr'><strong>vitam</strong></span> <span class='ocrx_word' id='word_1_583' title='bbox 3406 3989 3566 4032; x_wconf 65' lang='lat' dir='ltr'><strong>teter-</strong></span> 
     </span>
    </p>
   </div>
   <div class='ocr_carea' id='block_1_87' title="bbox 1999 4070 3563 4140">
    <p class='ocr_par' dir='ltr' id='par_1_87' title="bbox 1999 4070 3563 4140">
     <span class='ocr_line' id='line_1_88' title="bbox 1999 4070 3563 4140; baseline -0.007 -9"><span class='ocrx_word' id='word_1_584' title='bbox 1999 4093 2121 4131; x_wconf 89' lang='lat' dir='ltr'><strong>nam</strong></span> <span class='ocrx_word' id='word_1_585' title='bbox 2158 4084 2454 4131; x_wconf 90' lang='lat' dir='ltr'><strong>revocaret.</strong></span> <span class='ocrx_word' id='word_1_586' title='bbox 2490 4072 2876 4127; x_wconf 84' lang='lat' dir='ltr'><strong>Universorum</strong></span> <span class='ocrx_word' id='word_1_587' title='bbox 2914 4071 3125 4140; x_wconf 84' lang='lat' dir='ltr'><strong>Opilex,</strong></span> <span class='ocrx_word' id='word_1_588' title='bbox 3162 4070 3252 4139; x_wconf 90' lang='lat' dir='ltr'><strong>qui</strong></span> <span class='ocrx_word' id='word_1_589' title='bbox 3288 4079 3414 4124; x_wconf 91' lang='lat' dir='ltr'><strong>ante</strong></span> <span class='ocrx_word' id='word_1_590' title='bbox 3444 4084 3563 4122; x_wconf 89' lang='lat' dir='ltr'><strong>om-</strong></span> 
     </span>
    </p>
   </div>
   <div class='ocr_carea' id='block_1_88' title="bbox 1998 4159 3564 4229">
    <p class='ocr_par' dir='ltr' id='par_1_88' title="bbox 1998 4159 3564 4229">
     <span class='ocr_line' id='line_1_89' title="bbox 1998 4159 3564 4229; baseline -0.007 -9"><span class='ocrx_word' id='word_1_591' title='bbox 1998 4182 2120 4221; x_wconf 85' lang='lat' dir='ltr'><strong>nem</strong></span> <span class='ocrx_word' id='word_1_592' title='bbox 2178 4173 2483 4218; x_wconf 84' lang='lat' dir='ltr'><strong>creaturam</strong></span> <span class='ocrx_word' id='word_1_593' title='bbox 2543 4172 2652 4215; x_wconf 87' lang='lat' dir='ltr'><strong>tam</strong></span> <span class='ocrx_word' id='word_1_594' title='bbox 2719 4161 2985 4216; x_wconf 90' lang='lat' dir='ltr'><strong>visibilem</strong></span> <span class='ocrx_word' id='word_1_595' title='bbox 3046 4176 3204 4229; x_wconf 89' lang='lat' dir='ltr'><strong>quam</strong></span> <span class='ocrx_word' id='word_1_596' title='bbox 3242 4159 3564 4214; x_wconf 89' lang='lat' dir='ltr'><strong>invisibilem</strong></span> 
     </span>
    </p>
   </div>
   <div class='ocr_carea' id='block_1_89' title="bbox 2000 4252 3566 4323">
    <p class='ocr_par' dir='ltr' id='par_1_89' title="bbox 2000 4252 3566 4323">
     <span class='ocr_line' id='line_1_90' title="bbox 2000 4252 3566 4323; baseline -0.007 -11"><span class='ocrx_word' id='word_1_597' title='bbox 2000 4256 2100 4312; x_wconf 87' lang='lat' dir='ltr'><strong>soli</strong></span> <span class='ocrx_word' id='word_1_598' title='bbox 2138 4255 2282 4310; x_wconf 83' lang='lat' dir='ltr'><strong>Patri</strong></span> <span class='ocrx_word' id='word_1_599' title='bbox 2316 4265 2365 4308; x_wconf 91' lang='lat' dir='ltr'><strong>et</strong></span> <span class='ocrx_word' id='word_1_600' title='bbox 2408 4254 2631 4323; x_wconf 87' lang='lat' dir='ltr'><strong>Spiritui</strong></span> <span class='ocrx_word' id='word_1_601' title='bbox 2684 4262 2870 4307; x_wconf 86' lang='lat' dir='ltr'><strong>sancto</strong></span> <span class='ocrx_word' id='word_1_602' title='bbox 2928 4254 3288 4306; x_wconf 75' lang='lat' dir='ltr'><strong>coexsistehat</strong></span> <span class='ocrx_word' id='word_1_603' title='bbox 3342 4252 3566 4304; x_wconf 88' lang='lat' dir='ltr'><strong>immor-</strong></span> 
     </span>
    </p>
   </div>
   <div class='ocr_carea' id='block_1_90' title="bbox 1998 4342 3562 4413">
    <p class='ocr_par' dir='ltr' id='par_1_90' title="bbox 1998 4342 3562 4413">
     <span class='ocr_line' id='line_1_91' title="bbox 1998 4342 3562 4413; baseline -0.006 -11"><span class='ocrx_word' id='word_1_604' title='bbox 1998 4349 2139 4413; x_wconf 83' lang='lat' dir='ltr'><strong>talis,</strong></span> <span class='ocrx_word' id='word_1_605' title='bbox 2167 4361 2293 4402; x_wconf 89' lang='lat' dir='ltr'><strong>ecce</strong></span> <span class='ocrx_word' id='word_1_606' title='bbox 2322 4347 2369 4402; x_wconf 92' lang='lat' dir='ltr'><strong>is</strong></span> <span class='ocrx_word' id='word_1_607' title='bbox 2420 4346 2555 4400; x_wconf 88' lang='lat' dir='ltr'><strong>citra</strong></span> <span class='ocrx_word' id='word_1_608' title='bbox 2594 4345 2757 4398; x_wconf 90' lang='lat' dir='ltr'><strong>ullum</strong></span> <span class='ocrx_word' id='word_1_609' title='bbox 2790 4353 3090 4413; x_wconf 84' lang='lat' dir='ltr'><strong>peccatum,</strong></span> <span class='ocrx_word' id='word_1_610' title='bbox 3146 4342 3416 4411; x_wconf 89' lang='lat' dir='ltr'><strong>ullamque</strong></span> <span class='ocrx_word' id='word_1_611' title='bbox 3467 4344 3562 4394; x_wconf 75' lang='lat' dir='ltr'><strong>ho-</strong></span> 
     </span>
    </p>
   </div>
   <div class='ocr_carea' id='block_1_91' title="bbox 1997 4434 3564 4506">
    <p class='ocr_par' dir='ltr' id='par_1_91' title="bbox 1997 4434 3564 4506">
     <span class='ocr_line' id='line_1_92' title="bbox 1997 4434 3564 4506; baseline -0.001 -15"><span class='ocrx_word' id='word_1_612' title='bbox 1997 4439 2157 4492; x_wconf 87' lang='lat' dir='ltr'><strong>minis</strong></span> <span class='ocrx_word' id='word_1_613' title='bbox 2214 4448 2307 4493; x_wconf 91' lang='lat' dir='ltr'><strong>aut</strong></span> <span class='ocrx_word' id='word_1_614' title='bbox 2349 4439 2447 4492; x_wconf 90' lang='lat' dir='ltr'><strong>viri</strong></span> <span class='ocrx_word' id='word_1_615' title='bbox 2503 4451 2747 4506; x_wconf 86' lang='lat' dir='ltr'><strong>operam,</strong></span> <span class='ocrx_word' id='word_1_616' title='bbox 2785 4436 2945 4490; x_wconf 89' lang='lat' dir='ltr'><strong>hodie</strong></span> <span class='ocrx_word' id='word_1_617' title='bbox 3000 4435 3157 4491; x_wconf 88' lang='lat' dir='ltr'><strong>nobis</strong></span> <span class='ocrx_word' id='word_1_618' title='bbox 3212 4450 3279 4490; x_wconf 81' lang='lat' dir='ltr'><strong>ex</strong></span> <span class='ocrx_word' id='word_1_619' title='bbox 3342 4434 3564 4504; x_wconf 68' lang='lat' dir='ltr'><strong>Virgine</strong></span> 
     </span>
    </p>
   </div>
   <div class='ocr_carea' id='block_1_92' title="bbox 1925 4531 2242 4601">
    <p class='ocr_par' dir='ltr' id='par_1_92' title="bbox 1925 4531 2242 4601">
     <span class='ocr_line' id='line_1_93' title="bbox 1925 4531 2242 4601; baseline -0.006 -16"><span class='ocrx_word' id='word_1_620' title='bbox 1925 4545 1970 4601; x_wconf 85' lang='grc' dir='ltr'><strong>ι)</strong></span> <span class='ocrx_word' id='word_1_621' title='bbox 2001 4531 2242 4586; x_wconf 84' lang='lat' dir='ltr'><strong>nascitur</strong></span> 
     </span>
    </p>
   </div>
   <div class='ocr_carea' id='block_1_93' title="bbox 2280 4667 3281 4737">
    <p class='ocr_par' dir='ltr' id='par_1_93' title="bbox 2280 4667 3281 4737">
     <span class='ocr_line' id='line_1_94' title="bbox 2280 4667 3281 4737; baseline 0 -17"><span class='ocrx_word' id='word_1_622' title='bbox 2280 4667 2551 4721; x_wconf 78' lang='lat' dir='ltr'><strong>Ammonis</strong></span> <span class='ocrx_word' id='word_1_623' title='bbox 2594 4667 2818 4737; x_wconf 87' lang='lat' dir='ltr'><strong>episcopi</strong></span> <span class='ocrx_word' id='word_1_624' title='bbox 2846 4667 3281 4734; x_wconf 81' lang='lat' dir='ltr'><strong>AdrianOpoleos.</strong></span> 
     </span>
    </p>
   </div>
   <div class='ocr_carea' id='block_1_94' title="bbox 2311 4793 3230 4866">
    <p class='ocr_par' dir='ltr' id='par_1_94' title="bbox 2311 4793 3230 4866">
     <span class='ocr_line' id='line_1_95' title="bbox 2311 4793 3230 4866; baseline -0.003 -16"><span class='ocrx_word' id='word_1_625' title='bbox 2311 4795 2399 4850; x_wconf 85' lang='lat' dir='ltr'><strong>Sic</strong></span> <span class='ocrx_word' id='word_1_626' title='bbox 2420 4796 2556 4849; x_wconf 86' lang='lat' dir='ltr'><strong>enim</strong></span> <span class='ocrx_word' id='word_1_627' title='bbox 2590 4796 2698 4866; x_wconf 84' lang='lat' dir='ltr'><strong>ipse</strong></span> <span class='ocrx_word' id='word_1_628' title='bbox 2717 4796 2791 4849; x_wconf 90' lang='lat' dir='ltr'><strong>ait</strong></span> <span class='ocrx_word' id='word_1_629' title='bbox 2817 4796 2880 4848; x_wconf 88' lang='lat' dir='ltr'><strong>de</strong></span> <span class='ocrx_word' id='word_1_630' title='bbox 2905 4794 3010 4849; x_wconf 90' lang='lat' dir='ltr'><strong>Deo</strong></span> <span class='ocrx_word' id='word_1_631' title='bbox 3044 4793 3230 4848; x_wconf 86' lang='lat' dir='ltr'><strong>Verbo.</strong></span> 
     </span>
    </p>
   </div>
   <div class='ocr_carea' id='block_1_95' title="bbox 2066 4926 3559 4995">
    <p class='ocr_par' dir='ltr' id='par_1_95' title="bbox 2066 4926 3559 4995">
     <span class='ocr_line' id='line_1_96' title="bbox 2066 4926 3559 4995; baseline 0.005 -18"><span class='ocrx_word' id='word_1_632' title='bbox 2066 4928 2217 4995; x_wconf 85' lang='lat' dir='ltr'><strong>Quod</strong></span> <span class='ocrx_word' id='word_1_633' title='bbox 2268 4927 2310 4982; x_wconf 89' lang='lat' dir='ltr'><strong>si</strong></span> <span class='ocrx_word' id='word_1_634' title='bbox 2358 4927 2422 4991; x_wconf 89' lang='lat' dir='ltr'><strong>is,</strong></span> <span class='ocrx_word' id='word_1_635' title='bbox 2475 4928 2564 4995; x_wconf 90' lang='lat' dir='ltr'><strong>qui</strong></span> <span class='ocrx_word' id='word_1_636' title='bbox 2624 4926 2765 4983; x_wconf 89' lang='lat' dir='ltr'><strong>Deus</strong></span> <span class='ocrx_word' id='word_1_637' title='bbox 2818 4930 3113 4984; x_wconf 82' lang='lat' dir='ltr'><strong>secundum</strong></span> <span class='ocrx_word' id='word_1_638' title='bbox 3169 4938 3414 4983; x_wconf 89' lang='lat' dir='ltr'><strong>naturam</strong></span> <span class='ocrx_word' id='word_1_639' title='bbox 3456 4940 3559 4995; x_wconf 90' lang='lat' dir='ltr'><strong>est,</strong></span> 
     </span>
    </p>
   </div>
   <div class='ocr_carea' id='block_1_96' title="bbox 1997 5019 3561 5090">
    <p class='ocr_par' dir='ltr' id='par_1_96' title="bbox 1997 5019 3561 5090">
     <span class='ocr_line' id='line_1_97' title="bbox 1997 5019 3561 5090; baseline -0.001 -16"><span class='ocrx_word' id='word_1_640' title='bbox 1997 5031 2179 5089; x_wconf 81' lang='lat' dir='ltr'><strong>utpote</strong></span> <span class='ocrx_word' id='word_1_641' title='bbox 2208 5021 2516 5087; x_wconf 79' lang='lat' dir='ltr'><strong>unigenitus</strong></span> <span class='ocrx_word' id='word_1_642' title='bbox 2548 5020 2636 5074; x_wconf 84' lang='lat' dir='ltr'><strong>Dei</strong></span> <span class='ocrx_word' id='word_1_643' title='bbox 2660 5019 2852 5083; x_wconf 87' lang='lat' dir='ltr'><strong>Filius,</strong></span> <span class='ocrx_word' id='word_1_644' title='bbox 2871 5021 3051 5074; x_wconf 82' lang='lat' dir='ltr'><strong>servili</strong></span> <span class='ocrx_word' id='word_1_645' title='bbox 3074 5020 3241 5073; x_wconf 81' lang='lat' dir='ltr'><strong>forma</strong></span> <span class='ocrx_word' id='word_1_646' title='bbox 3262 5031 3561 5090; x_wconf 74' lang='lat' dir='ltr'><strong>assumpta,</strong></span> 
     </span>
    </p>
   </div>
   <div class='ocr_carea' id='block_1_97' title="bbox 2001 5110 3564 5183">
    <p class='ocr_par' dir='ltr' id='par_1_97' title="bbox 2001 5110 3564 5183">
     <span class='ocr_line' id='line_1_98' title="bbox 2001 5110 3564 5183; baseline 0.003 -18"><span class='ocrx_word' id='word_1_647' title='bbox 2001 5127 2279 5180; x_wconf 59' lang='lat' dir='ltr'><strong>sacraque</strong></span> <span class='ocrx_word' id='word_1_648' title='bbox 2304 5110 2540 5180; x_wconf 81' lang='lat' dir='ltr'><strong>Virginis</strong></span> <span class='ocrx_word' id='word_1_649' title='bbox 2573 5111 2962 5183; x_wconf 88' lang='lat' dir='ltr'><strong>primogenitus</strong></span> <span class='ocrx_word' id='word_1_650' title='bbox 2983 5112 3239 5181; x_wconf 88' lang='lat' dir='ltr'><strong>appellari</strong></span> <span class='ocrx_word' id='word_1_651' title='bbox 3264 5129 3368 5170; x_wconf 90' lang='lat' dir='ltr'><strong>non</strong></span> <span class='ocrx_word' id='word_1_652' title='bbox 3410 5114 3564 5169; x_wconf 80' lang='lat' dir='ltr'><strong>dedi-</strong></span> 
     </span>
    </p>
   </div>
   <div class='ocr_carea' id='block_1_98' title="bbox 1998 5204 3563 5276">
    <p class='ocr_par' dir='ltr' id='par_1_98' title="bbox 1998 5204 3563 5276">
     <span class='ocr_line' id='line_1_99' title="bbox 1998 5204 3563 5276; baseline 0.003 -19"><span class='ocrx_word' id='word_1_653' title='bbox 1998 5214 2212 5273; x_wconf 79' lang='lat' dir='ltr'><strong>gnatus,</strong></span> <span class='ocrx_word' id='word_1_654' title='bbox 2274 5204 2622 5273; x_wconf 88' lang='lat' dir='ltr'><strong>semetipsum</strong></span> <span class='ocrx_word' id='word_1_655' title='bbox 2691 5204 3114 5273; x_wconf 88' lang='lat' dir='ltr'><strong>redemptionem</strong></span> <span class='ocrx_word' id='word_1_656' title='bbox 3164 5221 3262 5276; x_wconf 86' lang='lat' dir='ltr'><strong>pro</strong></span> <span class='ocrx_word' id='word_1_657' title='bbox 3313 5208 3563 5262; x_wconf 89' lang='lat' dir='ltr'><strong>omnibus</strong></span> 
     </span>
    </p>
   </div>
   <div class='ocr_carea' id='block_1_99' title="bbox 1998 5292 3560 5371">
    <p class='ocr_par' dir='ltr' id='par_1_99' title="bbox 1998 5292 3560 5371">
     <span class='ocr_line' id='line_1_100' title="bbox 1998 5292 3560 5371; baseline 0.003 -25"><span class='ocrx_word' id='word_1_658' title='bbox 1998 5294 2236 5371; x_wconf 66' lang='lat' dir='ltr'><strong>tradidit.</strong></span> <span class='ocrx_word' id='word_1_659' title='bbox 2271 5294 2431 5347; x_wconf 82' lang='lat' dir='ltr'><strong>Addit</strong></span> <span class='ocrx_word' id='word_1_660' title='bbox 2470 5302 2721 5361; x_wconf 78' lang='lat' dir='ltr'><strong>prwteiea</strong></span> <span class='ocrx_word' id='word_1_661' title='bbox 2748 5308 2767 5348; x_wconf 89' lang='lat'><strong><em>:</em></strong></span> <span class='ocrx_word' id='word_1_662' title='bbox 2798 5292 2955 5349; x_wconf 88' lang='lat' dir='ltr'><strong>Clare</strong></span> <span class='ocrx_word' id='word_1_663' title='bbox 2985 5304 3154 5365; x_wconf 89' lang='lat' dir='ltr'><strong>patet,</strong></span> <span class='ocrx_word' id='word_1_664' title='bbox 3205 5295 3257 5349; x_wconf 88' lang='lat' dir='ltr'><strong>in</strong></span> <span class='ocrx_word' id='word_1_665' title='bbox 3300 5304 3560 5367; x_wconf 89' lang='lat' dir='ltr'><strong>quantam</strong></span> 
     </span>
    </p>
   </div>
   <div class='ocr_carea' id='block_1_100' title="bbox 1997 5384 3564 5456">
    <p class='ocr_par' dir='ltr' id='par_1_100' title="bbox 1997 5384 3564 5456">
     <span class='ocr_line' id='line_1_101' title="bbox 1997 5384 3564 5456; baseline 0.002 -19"><span class='ocrx_word' id='word_1_666' title='bbox 1997 5384 2326 5452; x_wconf 84' lang='lat' dir='ltr'><strong>impietatem</strong></span> <span class='ocrx_word' id='word_1_667' title='bbox 2378 5384 2731 5454; x_wconf 88' lang='lat' dir='ltr'><strong>prolabantur</strong></span> <span class='ocrx_word' id='word_1_668' title='bbox 2773 5385 2983 5453; x_wconf 87' lang='lat' dir='ltr'><strong>Ariani,</strong></span> <span class='ocrx_word' id='word_1_669' title='bbox 3014 5386 3103 5455; x_wconf 88' lang='lat' dir='ltr'><strong>qui</strong></span> <span class='ocrx_word' id='word_1_670' title='bbox 3138 5386 3423 5456; x_wconf 84' lang='lat' dir='ltr'><strong>Deiparam</strong></span> <span class='ocrx_word' id='word_1_671' title='bbox 3452 5386 3564 5440; x_wconf 72' lang='lat' dir='ltr'><strong>Ma-</strong></span> 
     </span>
    </p>
   </div>
   <div class='ocr_carea' id='block_1_101' title="bbox 1994 5477 3563 5550">
    <p class='ocr_par' dir='ltr' id='par_1_101' title="bbox 1994 5477 3563 5550">
     <span class='ocr_line' id='line_1_102' title="bbox 1994 5477 3563 5550; baseline 0.004 -21"><span class='ocrx_word' id='word_1_672' title='bbox 1994 5477 2129 5530; x_wconf 88' lang='lat' dir='ltr'><strong>riam</strong></span> <span class='ocrx_word' id='word_1_673' title='bbox 2154 5477 2220 5531; x_wconf 91' lang='lat' dir='ltr'><strong>iis</strong></span> <span class='ocrx_word' id='word_1_674' title='bbox 2246 5477 2553 5542; x_wconf 79' lang='lat' dir='ltr'><strong>sacriﬁciis,</strong></span> <span class='ocrx_word' id='word_1_675' title='bbox 2574 5492 2692 5546; x_wconf 67' lang='lat' dir='ltr'><strong>qua:</strong></span> <span class='ocrx_word' id='word_1_676' title='bbox 2718 5491 2818 5547; x_wconf 87' lang='lat' dir='ltr'><strong>pro</strong></span> <span class='ocrx_word' id='word_1_677' title='bbox 2839 5479 3119 5549; x_wconf 89' lang='lat' dir='ltr'><strong>puerperis</strong></span> <span class='ocrx_word' id='word_1_678' title='bbox 3145 5492 3211 5534; x_wconf 79' lang='lat' dir='ltr'><strong>ex</strong></span> <span class='ocrx_word' id='word_1_679' title='bbox 3238 5478 3354 5550; x_wconf 84' lang='lat' dir='ltr'><strong>lege</strong></span> <span class='ocrx_word' id='word_1_680' title='bbox 3379 5479 3563 5535; x_wconf 73' lang='lat' dir='ltr'><strong>ollerri</strong></span> 
     </span>
    </p>
   </div>
   <div class='ocr_carea' id='block_1_102' title="bbox 1995 5566 3033 5643">
    <p class='ocr_par' dir='ltr' id='par_1_102' title="bbox 1995 5566 3033 5643">
     <span class='ocr_line' id='line_1_103' title="bbox 1995 5566 3033 5643; baseline 0.006 -22"><span class='ocrx_word' id='word_1_681' title='bbox 1995 5582 2111 5624; x_wconf 89' lang='lat' dir='ltr'><strong>mos</strong></span> <span class='ocrx_word' id='word_1_682' title='bbox 2140 5577 2275 5635; x_wconf 87' lang='lat' dir='ltr'><strong>erat,</strong></span> <span class='ocrx_word' id='word_1_683' title='bbox 2307 5581 2442 5639; x_wconf 85' lang='lat' dir='ltr'><strong>opus</strong></span> <span class='ocrx_word' id='word_1_684' title='bbox 2464 5566 2719 5625; x_wconf 86' lang='lat' dir='ltr'><strong>habuisse</strong></span> <span class='ocrx_word' id='word_1_685' title='bbox 2748 5575 3033 5643; x_wconf 56' lang='lat' dir='ltr'><strong>asserunL,</strong></span> 
     </span>
    </p>
   </div>
  </div>
