4146 6488
578 437 717 494 ωε
1590 438 1648 497 S.
1690 438 1964 496 CVRILLI
2006 436 2474 494 ALEXANDBINI
2512 436 2832 494 AliClllEP.
3704 433 3877 489 12Ιὸ

578 548 804 607 Ioanms
843 548 1070 616 episcopi
1114 546 1661 621 Constantinopoieos,
1690 550 1765 607 De
1792 552 1975 606 divina
1997 567 2152 607 aene-

2267 549 2542 605 Ἰωάννου
2567 546 3645 621 ἐπισκρπουλκωνονταντινουπόλεως,
3704 550 3873 619 Περὶ

1247 618 1473 675 ratione.
1647 618 1653 620 ⁷

2693 618 2805 689 τῆς
2834 619 2996 686 θείας
3022 618 3386 689 γεννήσεως.

913 730 1048 787 Dicit
1073 742 1246 788 autem
1271 734 1335 789 de
1358 744 1542 789 sancto
1574 733 1808 806 Virgine.

2464 730 2621 801 Φησὶ
2649 730 2719 784 δὲ
2747 729 2883 800 περὶ
2910 729 3022 799 τῆς
3058 730 3234 800 ἁγίας
3264 732 3571 799 Παρθένου

2333 842 2480 898 Ἀντὶ
2522 844 2580 898 δὲ
2626 843 2799 916 ¹ἡλίου,
2842 842 2977 915 φησὶ
3000 881 3015 906 ,
3045 840 3134 896 τὸν
3166 840 3320 912 ἥλιον
3359 841 3455 909 τῆς
3482 836 3863 907 δικαιοσύνης

2252 936 2680 1009 ἀπεριγράπτως
2700 938 2924 1009 χωρήσα
2951 938 3017 990 P‘.
3034 935 3144 989 Καὶ
3173 933 3249 1006 μὴ
3274 934 3510 1005 ζητήσῃς
3526 934 3667 994 πῶς’
3700 932 3860 984 ὅπου

2252 1027 2361 1098 γάρ
2389 1024 2634 1099 βούλεται
2662 1028 2813 1095 Θεὸς,
2837 1029 3053 1080 νικᾶται
3083 1026 3299 1094 φύσεως
3327 1025 3479 1091 τάξις
3500 1041 3513 1055 ο
3551 1022 3857 1093 ἠϐουλήθη

648 846 791 901 Loco
847 845 999 914 solis,
1046 847 1143 915 ait,
1172 846 1658 918 incircumscriptze
1706 846 1937 916 iustitiae
1977 852 2150 906 solem

578 939 861 1008 complexa
890 936 1012 993 fuit.
1051 937 1235 1008 Neque
1280 938 1369 993 hic
1414 939 1696 1009 quaesieris
1747 944 2021 1012 quomodo
2048 943 2152 997 hoc

579 1030 781 1085 factum
813 1031 904 1096 sit,
939 1040 1030 1084 aut
1062 1029 1180 1085 ﬁeri
1228 1031 1486 1099 poluerit.
1517 1029 1621 1087 Ubi
1655 1033 1801 1089 enim
1848 1033 1989 1091 Deus
2017 1036 2149 1098 vult,

579 1123 654 1179 ibi
717 1132 922 1178 natura:
960 1123 1095 1178 ordo
1148 1122 1312 1177 cedit.
1347 1120 1548 1190 Voluit,
1595 1125 1794 1194 potuit,
1849 1127 2150 1191 descendit,

580 1212 808 1270 salvavit
841 1214 1061 1269 :omnia
1110 1213 1203 1269 Dei
1258 1224 1448 1270 nutum
1504 1225 1823 1285 sequuntur.
1857 1216 2027 1274 llodie
2060 1221 2150 1290 qui

580 1314 682 1371 est,
708 1306 972 1377 gignitur;
1005 1314 1060 1360 et
1116 1320 1331 1361 rursum
1380 1306 1474 1377 qui
1518 1316 1622 1374 est,
1649 1308 1710 1363 lit
1760 1309 1811 1364 id
1848 1311 1991 1379 quod
2044 1328 2148 1365 non

578 1405 717 1465 erat,
750 1412 873 1451 nam
905 1413 1027 1452 cum
1068 1398 1206 1451 Deus
1249 1402 1417 1463 esset,
1448 1396 1508 1451 ﬁt
1543 1398 1745 1453 homo:
1772 1397 1838 1452 ab
1876 1414 1939 1454 ea
1975 1390 2149 1454 tamen

580 1502 743 1556 quam
769 1486 999 1543 habebat
1025 1489 1227 1544 deitate
1250 1503 1355 1544 non
1386 1489 1624 1557 excidit;
1649 1504 1749 1546 nec
1774 1506 1895 1546 cum
1931 1492 2150 1546 deitatis

572 1575 787 1645 jactura
813 1577 989 1634 factus
1018 1589 1101 1633 est
1151 1580 1331 1645 homo,
1369 1595 1545 1648 neque
1592 1596 1808 1636 rursum
1844 1597 1939 1652 per
1965 1598 2153 1639 succc-

580 1669 763 1724 dentia
798 1669 1131 1724 incrementa
1169 1685 1235 1725 ex
1266 1671 1485 1726 homine
1533 1670 1708 1727 factus
1732 1683 1815 1728 est
1850 1673 2024 1730 Deus:
2055 1675 2149 1729 sed

581 1757 820 1816 Verbum
851 1764 1143 1827 exsistcns,
1185 1772 1377 1817 natura
1406 1763 1624 1833 propria
1658 1765 1726 1820 ob
1760 1765 1840 1819 sui
1876 1766 2151 1836 impatibi-

2252 1118 2383 1189 γάρ,
2445 1116 2706 1189 ἠδυνήθη,
2752 1115 3039 1187 κατῆλθεν,
3078 1114 3269 1169 ἔσωσε.
3321 1112 3606 1182 Σύνδρομα
3648 1110 3856 1163 πάντα

2251 1207 2390 1280 Θεῷ.
2421 1209 2668 1279 Σήμερον
2701 1208 2729 1261 6
2756 1206 2831 1261 ὢν
2860 1206 3123 1268 τίκτεται,
3158 1204 3253 1259 καὶ
3287 1206 3315 1257 6
3343 1203 3417 1256 ὣν
3447 1203 3656 1271 γίνεται
3694 1201 3852 1270 ὅπερ

2252 1301 2353 1354 οὐκ
2374 1297 2461 1371 ἦν,
2490 1301 2584 1353 Ὧν
2608 1298 2718 1370 γὰρ
2745 1297 2897 1362 Θεὸς,
2924 1298 3133 1366 γίνεται
3162 1296 3468 1365 ἄνθρωπος,
3498 1294 3597 1346 οὐκ
3627 1290 3851 1352 ἐκστὰς

2251 1389 2346 1443 τοῦ
2396 1385 2535 1443 εἶναι
2580 1388 2733 1451 Θεὸς.
2780 1386 2918 1441 Οὔτε
2954 1385 3062 1456 γὰρ
3113 1386 3231 1438 κατ’
3272 1384 3525 1436 ἔκστασιν
3574 1381 3849 1448 θεότητος

2252 1481 2477 1550 γέγονεν
2501 1479 2806 1551 ἄνθρωπος,
2830 1478 2952 1532 οὔτε
2984 1477 3123 1530 κατὰ
3150 1474 3433 1547 προκοπὴν
3456 1472 3514 1539 ἐξ
3536 1470 3846 1542 ἀνθρώπου

2253 1573 2442 1641 γέγονε
2488 1571 2654 1634 Θεόςο
2698 1569 2833 1624 ἀλλὰ
2862 1569 3036 1639 Λόγος
3074 1567 3149 1623 ὣν
3184 1568 3272 1623 διὰ
3316 1568 3377 1621 τὸ
3404 1566 3646 1629 ἀπαθὲς,
3694 1562 3849 1633 σάρξ

2255 1661 2511 1730 ἐγένετο,
2561 1661 2937 1731 άμεταδλήτου
2989 1659 3254 1732 μενούσης
3293 1660 3395 1729 τῆς
3444 1659 3679 1728 φύσεως.
3722 1657 3843 1721 Kal

2255 1750 2620 1820 προσεπάγει
2677 1752 2944 1818 τούτοις’
2993 1750 3054 1805 '0
3099 1752 3194 1804 ἐπὶ
3241 1750 3431 1821 θρόνου
3478 1748 3690 1819 ὑψηλοῦ
3739 1748 3844 1802 καὶ

581 1848 787 1905 litatem
824 1862 1077 1905 manente
1111 1847 1211 1920 51
1242 1850 1365 1905 inde
1391 1859 1616 1915 mutata,
1648 1851 1851 1908 factum
1879 1866 1963 1909 est
2001 1870 2147 1910 caro.

2262 1847 2570 1917 ἐπηρμένου
2612 1846 2937 1916 καθήμενος,
2964 1846 3021 1898 ὲν
3053 1847 3228 1917 φάτνῃ
3271 1846 3477 1898 τίθεται
3497 1861 3512 1875 ·
3540 1847 3568 1898 6
3596 1842 3839 1913 ἀναφὴς,

580 1940 838 2012 Adjungit
863 1941 1079 1997 detuum
1115 1959 1128 1995 :
1170 1939 1271 2008 Qui
1307 1941 1360 1994 in
1383 1942 1519 1996 solio
1537 1942 1751 1998 sublimi
1786 1944 2155 2015 prtecelsoque

2262 1939 2352 1992 καὶ
2400 1937 2635 2002 ἁπλοῦς,
2692 1938 2788 1992 καὶ
2841 1936 3163 2009 ἀσώματος,
3228 1938 3416 2008 χερσὶν
3462 1935 3844 2006 ἀνθρωπίναις

580 2032 848 2100 considet,
878 2032 922 2087 is
947 2032 1000 2085 in
1036 2032 1300 2101 praesepio
1339 2032 1560 2102 ponitur
1590 2050 1604 2088 ;
1637 2034 1729 2104 qui
1771 2035 2152 2106 impalpabilis,

580 2122 831 2193 simplex,
854 2139 917 2180 ac
947 2126 1298 2195 incorporeus
1334 2134 1438 2191 est,
1467 2125 1720 2181 humanis
1750 2128 2000 2185 manibus
2023 2146 2154 2187 cou-

579 2222 845 2269 trectatur
867 2235 879 2269 :
904 2215 992 2285 qui
1020 2224 1366 2285 peccatorum
1398 2214 1611 2272 vincula
1632 2215 1943 2289 disrumpit,
1972 2220 2158 2279 fasciis

579 2301 986 2375 constringitur.

1092 2420 1364 2476 Seueriani
1388 2422 1643 2492 episcopi.

679 2531 1127 2603 Quandoquidem
1189 2532 1423 2590 Verbum
1469 2538 1611 2606 quod
1673 2552 1907 2608 superne
1958 2554 2157 2595 arcana

583 2622 817 2691 quadam
854 2622 1350 2695 inexplicabilique,
1375 2641 1440 2681 ac
1464 2628 1915 2698 incomprehensa
1950 2632 2158 2688 ratione

582 2729 651 2771 ex
694 2713 804 2769 Deo
826 2714 986 2769 Patre
1005 2716 1071 2769 ab
1099 2717 1244 2772 omni
1276 2720 1581 2776 aeternitate
1620 2722 1889 2788 nascitur,
1923 2724 2155 2793 idipsum

584 2804 797 2861 inferne
821 2822 887 2861 ex
909 2807 1129 2879 Virgine
1153 2810 1321 2865 Maria
1348 2812 1405 2866 iu
1430 2824 1672 2882 tempore
1700 2826 2021 2884 generatur;
2053 2833 2159 2887 quo

585 2894 640 2949 hi
689 2895 961 2959 nimirum,
998 2902 1089 2967 qui
1134 2900 1244 2955 nati
1291 2910 1449 2956 erant
1488 2902 1717 2971 inferne,
1756 2921 1823 2961 ex
1867 2910 1974 2963 Deo
2007 2923 2164 2965 reua-

584 2996 804 3040 scantur
840 2987 1017 3041 denuo
1050 3004 1304 3057 superne.

832 3098 1012 3154 Vitalii
1052 3103 1300 3172 eoiscopi,
1329 3119 1395 3159 ea:
1428 3120 1664 3163 sermone
1700 3106 1775 3163 De
1804 3108 1931 3178 fide.

654 3276 941 3333 Credimus
991 3278 1057 3331 ad
1103 3277 1240 3344 haec,
1272 3280 1417 3349 quod
1468 3281 1687 3350 quidem
1744 3283 1808 3335 ad
1865 3281 2163 3339 Salvatoris

539 3432 543 3436 ,
589 3370 761 3425 nostri
813 3370 1266 3440 dispensationem
1311 3374 1605 3427 secundum
1665 3387 1885 3428 carnem
1946 3377 2161 3443 attinet,

592 3462 1041 3529 incarnationem,
1069 3463 1161 3518 Dei
1191 3462 1371 3518 Verbo
1393 3464 1709 3520 immutabili
1733 3466 2165 3523 inconvertibili-

590 3569 695 3622 que
723 3565 1092 3622 permanente,
1117 3555 1184 3610 ad
1210 3555 1461 3610 humante
1488 3567 1693 3611 natum
1717 3558 2161 3614 instaurationem

593 3644 790 3699 factam
818 3659 959 3699 esse.
988 3644 1119 3699 Nam
1151 3662 1271 3701 cum
1304 3648 1434 3702 illud
1483 3649 1780 3702 secundum
1812 3657 2071 3703 aeternam
2097 3666 2163 3705 ex

595 3736 704 3791 Deo
725 3735 887 3792 Patre
922 3739 1183 3806 originem
1212 3754 1373 3795 verus
1409 3740 1498 3795 Dei
1530 3739 1700 3795 Filius
1733 3742 1825 3806 sit,
1857 3744 2161 3797 seetmduut

589 3836 708 3881 eam
735 3842 854 3896 qua:
888 3834 974 3883 est
1002 3843 1065 3883 ex
1092 3827 1341 3898 Virgine,
1374 3830 1580 3886 factum
1604 3839 1685 3887 est
1710 3831 1880 3887 Filius
1906 3832 2162 3889 hominis.

592 3914 798 3984 Estque
830 3934 968 3974 unus
1014 3930 1068 3973 et
1114 3921 1255 3975 idem
1293 3924 1588 3977 secundum
1624 3923 1963 3977 divinitatem
1997 3923 2164 3980 Filius

593 4007 869 4079 perfectus
894 4020 945 4066 et
968 4010 1114 4065 Patri
1139 4010 1651 4081 consubstantialis;
1681 4024 1735 4069 et
1774 4015 1916 4069 idem
1951 4030 2163 4069 rursum

591 4101 885 4155 secundum
921 4102 1326 4172 generationem
1369 4118 1435 4157 ex
1474 4102 1695 4173 Virgine
1747 4104 2020 4174 perfectus
2062 4103 2165 4159 ho-

596 4206 705 4257 mo,
733 4192 973 4261 ejusdem
996 4206 1115 4245 cum
1136 4194 1347 4247 caeteris
1374 4193 1682 4248 hominibus
1699 4194 1951 4247 essentia:
1976 4209 2168 4248 secun-

597 4283 723 4339 dum
760 4299 1002 4340 carnem.
1037 4285 1093 4339 Si
1125 4286 1248 4353 quis
1277 4295 1456 4341 autem
1508 4286 1703 4341 dixerit
1733 4284 1935 4341 Christi
1967 4301 2164 4355 corpus

596 4389 628 4430 ο
655 4376 795 4430 οωιο
825 4375 1164 4448 deportatum
1195 4393 1335 4443 esse,
1370 4388 1462 4433 aut
1513 4394 1734 4433 carnem
1764 4394 1927 4449 quam
1980 4379 2163 4441 habet,

597 4460 709 4518 Deo
748 4467 1267 4523 consubstantialem
1308 4481 1448 4532 esse,
1500 4469 1786 4522 anathema
1824 4469 1914 4523 sit.
1961 4467 2017 4523 Si
2045 4470 2167 4538 quis

2256 2030 2579 2084 εἱλίσσεταιο
2636 2029 2666 2083 6
2718 2028 2788 2083 τά
2830 2029 2931 2099 τῆς
2990 2028 3268 2102 ἁμαρτίας
3326 2026 3572 2082 διασπῶν
3632 2024 3837 2096 δεσμά,

2259 2124 2594 2196 σπαργάνοις
2626 2122 2982 2194 ἐμπλέκεται.

2656 2408 3019 2478 Σεσηριανοῦ
3059 2407 3419 2462 ἐπισκόπου.

2338 2522 2400 2576 '0
2428 2521 2535 2595 γὰρ
2565 2521 2843 2593 γεννηθεὶς
2872 2520 3077 2575 ἄνωθεν
3101 2522 3164 2574 ὲκ
3190 2519 3400 2590 Πατρδς
3437 2518 3630 2586 Λόγος,
3664 2518 3841 2591 ἀπτορσ

2263 2613 2462 2685 ρἡως,
2491 2613 2809 2684 ἀφράστως,
2842 2613 3265 2683 ἀκαταλήπτως,
3294 2610 3501 2673 ἁῐδίως,
3533 2612 3562 2663 6
3593 2609 3758 2673 αὐτὸς
3778 2612 3841 2663 ὲν

2259 2706 2436 2777 χρόνῳ
2480 2707 2737 2775 γεννᾶται
2768 2704 3011 2758 κάτωθεν
3041 2706 3106 2757 ὲκ
3133 2703 3410 2773 Παρθένου
3444 2702 3701 2774 Μαρίαςο
3748 2703 3842 2755 ἵνα

2259 2797 2309 2848 οί
2338 2795 2601 2867 πρότερον
2629 2794 2981 2865 γεννηθέντες
3009 2793 3278 2859 κάτωθεν,
3310 2792 3521 2847 ἄνωθεν
3562 2791 3842 2863 γεννηθῶ-

2262 2904 2346 2941 σιν
2382 2889 2445 2940 ὲκ
2469 2887 2726 2959 δευτέρας
2743 2897 2793 2951 ιι,
2834 2889 3079 2939 τουτέστι
3110 2884 3267 2939 Θεοῦ.

2266 3098 2586 3151 Deucalion
2646 3094 3021 3219 ἐπισκόπορό,
3081 3096 3150 3149 ἐκ
3212 3095 3317 3150 τοῦ
3376 3094 3516 3163 Περι
3578 3094 3843 3161 πίστεως

3007 3184 3137 3219 νου.

3007 3184 3137 3236 rev.

2339 3280 2460 3332 Ἔτι
2488 3278 2545 3332 δὲ
2579 3276 2675 3333 καὶ
2717 3278 2970 3350 περὶτῆς
3014 3277 3155 3333 κατὰ
3186 3279 3364 3350 σάρκα
3392 3279 3707 3351 οἰκονομίας
3738 3279 3838 3335 τοῦ

2264 3372 2516 3443 Σωτῆρος
2554 3370 2900 3442 πιστεύομεν,
2934 3372 3015 3425 ὅτι
3048 3371 3408 3425 άναλλοιώτου
3438 3372 3531 3425 καὶ
3562 3373 3840 3442 ἀτρέπτοιο

2267 3463 2520 3533 μένοντος
2543 3462 2637 3515 τοῦ
2673 3463 2808 3516 Θεοῦ
2834 3462 3031 3531 Λόγου,
3058 3463 3155 3535 τὴν
3185 3462 3458 3532 σάρκωσιν
3500 3463 3699 3532 γεγενῆ
3710 3462 3834 3514 σθαι

2266 3553 2401 3624 πρὸς
2430 3554 2770 3607 άνακαίνισιν
2792 3564 2815 3590 ι’
2842 3553 3283 3626 ἀνθρωπότητος.
3314 3554 3443 3620 Υἱὸς
3466 3554 3574 3627 γάρ
3607 3555 3682 3610 ὣν
3712 3557 3846 3627 άλη-

2267 3640 2373 3708 θῶς
2402 3645 2536 3698 Θεοῦ
2566 3645 2704 3699 κατὰ
2728 3644 2829 3716 τὴν
2862 3647 3033 3699 ἀΐδιον
3061 3646 3126 3699 ὲκ
3164 3645 3299 3699 Θεοῦ
3351 3645 3623 3717 γέννησιν,
3650 3648 3842 3715 γέγονε

2265 3736 2359 3788 καὶ
2391 3735 2518 3799 Υἱὸς
2551 3735 2841 3805 ἀνθρώπου
2873 3737 3014 3789 κατὰ
3041 3738 3140 3807 τὴν
3168 3738 3231 3789 ὲκ
3254 3737 3531 3808 Παρθένου
3561 3737 3839 3808 γέννησιν.

2266 3827 2376 3881 Καὶ
2420 3825 2566 3879 ἐστιν
2615 3822 2693 3890 εἷς
2729 3828 2823 3881 καὶ
2873 3828 2901 3880 6
2941 3827 3102 3891 αὐτὸς
3129 3828 3333 3892 τέλειος
3376 3827 3508 3891 Θεὸς
3558 3828 3699 3880 κατὰ
3744 3829 3842 3900 τὴν

2267 3916 2495 3988 θεότητα
2516 3959 2530 3983 ,
2561 3918 2656 3971 καὶ
2699 3919 2982 3989 ὁμοούσιος
3022 3918 3101 3989 τῷ
3135 3918 3307 3989 Πατρί
3329 3936 3345 3952 ο
3375 3922 3471 3971 καὶ
3512 3918 3719 3982 τέλειος
3748 3920 3842 3972 άν-

2267 4006 2485 4078 θρωπος
2513 4010 2540 4062 6
2562 4008 2726 4073 αὐτὸς
2749 4010 2891 4063 κατὰ
2915 4010 3013 4079 τὴν
3046 4010 3108 4062 ὲκ
3135 4009 3415 4081 Παρθένου
3442 4010 3721 4080 γέννησιν,
3749 4012 3842 4063 καὶ

2265 4098 2549 4170 ὁμοούσιος
2598 4099 2906 4172 ἀνθρώποις
2951 4100 3089 4155 κατὰ
3115 4101 3212 4172 τὴν
3248 4100 3448 4173 σάρκα.
3483 4100 3551 4155 Εἴ
3580 4120 3662 4166 τις
3696 4101 3754 4156 δὲ
3785 4102 3844 4167 ἐξ

2265 4191 2495 4262 οὐρανοῦ
2524 4192 2674 4262 λέγει
2710 4192 2869 4263 σῶμα
2904 4192 3050 4263 ἔχειν
3077 4193 3168 4247 τὸν
3203 4193 3460 4264 Χριστὸν,
3491 4194 3523 4265 ἢ
3559 4194 3841 4263 ὁμοούσιον

2266 4282 2344 4353 τῷ
2371 4282 2489 4355 Θεῷ
2530 4285 2672 4338 κατά
2712 4284 2812 4357 τὴν
2857 4286 3055 4357 σάρκα,
3079 4284 3220 4338 ἔστω
3253 4284 3522 4356 ἀνάθεμα.
3554 4286 3621 4339 Et
3646 4304 3728 4349 τις
3766 4286 3839 4356 μὴ

2267 4374 2519 4445 ὁμολογεῖ
2560 4374 2657 4446 τὴν
2680 4375 2775 4428 τοῦ
2808 4375 3010 4447 Κυρίου
3050 4376 3224 4446 σάρκα
3268 4377 3332 4429 ὲκ
3369 4377 3467 4448 τῆς
3500 4379 3658 4444 ἁγίας
3690 4380 3839 4449 Παρο

2269 4464 2444 4528 θένου,
2479 4465 2573 4517 καὶ
2599 4464 2905 4536 ἀνθρώποις
2940 4465 3255 4535 ὁμοούσιον,
3295 4467 3436 4520 ἔστω
3475 4468 3741 4537 ἀνάθεμα.
3782 4469 3847 4523 Εἴ

601 4557 877 4624 negaverit
922 4556 1129 4611 Domini
1170 4574 1391 4614 carnem
1432 4574 1500 4614 ex
1536 4574 1691 4615 sacra
1740 4560 1960 4630 Virgine
2020 4576 2159 4616 sum-

2273 4573 2356 4620 τις
2381 4556 2470 4610 τὸν
2502 4556 2703 4627 Κύριον
2728 4557 2883 4626 ἡμῶν
2911 4558 3005 4610 καὶ
3033 4558 3281 4629 Σωτῆρα,
3311 4558 3403 4611 τὸν
3434 4561 3497 4612 ἐκ
3531 4559 3842 4629 Πνεύματος

600 4655 744 4713 ptam
775 4661 917 4713 esse,
945 4658 1039 4703 aut
1096 4649 1405 4705 hominibus
1443 4651 1961 4707 consubstantialem
2012 4666 2157 4716 esse,

601 4737 888 4793 anathema
938 4740 1031 4797 sit.
1062 4742 1117 4795 Si
1159 4742 1283 4811 quis
1329 4743 1531 4798 dixerit
1558 4742 1844 4807 Dominum
1875 4758 1940 4797 ac
1977 4743 2167 4798 Salva-

600 4834 774 4883 torem
808 4837 1074 4895 nostrum,
1102 4831 1194 4899 qui
1219 4847 1284 4886 ex
1307 4828 1512 4901 Spiritu
1542 4842 1734 4887 sancto
1760 4842 1816 4887 et
1854 4831 2023 4887 Maria
2043 4833 2166 4888 Vir-

600 4917 726 4988 gine
776 4921 1071 4975 secundum
1118 4936 1338 4977 carnem
1386 4932 1543 4979 natus
1585 4934 1689 4987 est,
1730 4923 1933 4990 anima,
1967 4934 2165 4989 mente,

600 5019 695 5065 aut
745 5026 907 5068 sensu
956 5015 1270 5070 destitutum
1315 5030 1458 5081 esse,
1489 5018 1775 5072 anathema
1807 5019 1898 5072 sit.
1957 5018 2016 5072 Si
2049 5020 2171 5087 quis

600 5105 801 5157 audeat
840 5104 1021 5162 dicere
1070 5106 1348 5162 Christum
1408 5108 1611 5163 deitate
1660 5124 1904 5178 passum,
1966 5118 2021 5163 et
2066 5123 2169 5163 nou

601 5210 793 5264 carne,
824 5207 881 5252 ut
911 5199 1173 5267 scriptum
1229 5209 1333 5265 est,
1375 5200 1448 5255 sit
1482 5202 1791 5256 anathema.
1824 5200 1881 5255 Si
1910 5201 2031 5270 quis
2062 5200 2168 5255 Do-

603 5287 808 5342 minum
845 5303 910 5343 ac
938 5288 1275 5345 Salvatorem
1320 5300 1565 5345 nostrum
1593 5292 1644 5345 in
1685 5292 1822 5346 duos
1863 5290 2090 5356 divellit,
2116 5302 2169 5345 et

602 5378 832 5437 alterum
867 5379 1083 5450 quidem
1117 5380 1311 5436 Filium
1346 5381 1581 5437 Verbum
1611 5380 1703 5437 Dei
1748 5382 2002 5453 appellat,
2034 5384 2168 5436 alte-

2275 4648 2429 4716 ἁγίου
2474 4648 2566 4702 καὶ
2607 4648 2827 4720 Μαρίας
2870 4646 2969 4720 τῆς
3012 4649 3290 4719 Παρθένου
3336 4650 3665 4721 γεννηθέντα
3701 4654 3842 4705 κατὰ

2276 4742 2477 4812 σάρκα,
2529 4741 2732 4813 ἄψυχον
2773 4742 2941 4809 λέγει,
2993 4742 3026 4812 ἢ
3072 4740 3419 4811 ἀναίσθητον,
3464 4743 3496 4811 ἢ
3549 4742 3765 4811 ἄλογον,
3810 4743 3840 4813 ἢ

2275 4834 2520 4903 ἀνόητον,
2570 4833 2709 4886 ἔστω
2754 4833 3020 4902 ἀνάθεμα.
3074 4832 3143 4885 Εἴ
3184 4850 3268 4896 τις
3308 4835 3482 4905 τολμᾷ
3523 4833 3705 4901 λέγειν
3756 4834 3843 4887 τὸν

2274 4923 2511 4995 Χριστὸν
2538 4924 2750 4994 θεότητι
2783 4924 3142 4989 πεπονθέναι,
3184 4926 3278 4979 καὶ
3320 4926 3395 4996 μὴ
3426 4925 3610 4997 σαρκὶ,
3640 4927 3717 4990 ὡς
3752 4926 3841 4995 γέ·

2270 5032 2547 5086 γραπται,
2577 5014 2715 5068 ἔστω
2743 5015 3011 5086 ἀνάθεμα.
3046 5016 3113 5069 Εἴ
3136 5033 3218 5080 τις
3251 5016 3450 5087 διαιρεῖ
3476 5017 3571 5071 καὶ
3620 5017 3843 5089 χωρίζει

2268 5107 2359 5162 τὸν
2398 5106 2603 5176 Κύριον
2629 5106 2784 5177 ἡμῶν
2815 5107 2911 5161 καὶ
2941 5106 3194 5179 Σωτῆρα,
3224 5109 3327 5161 καὶ·
3346 5107 3494 5177 λέγει
3524 5109 3609 5161 Et:
3622 5127 3712 5180 ρον
3750 5109 3841 5179 μὲν

2268 5195 2405 5251 εἶναι
2447 5198 2573 5251 Υἱὸν
2602 5198 2693 5250 τὸν
2734 5199 2865 5251 Θεὸν
2901 5200 3072 5269 Λόγον
3093 5239 3108 5265 ,
3142 5200 3239 5254 καὶ
3282 5200 3466 5271 ἕτερον
3500 5201 3591 5254 τὸν
3643 5200 3841 5271 ἀναὶη-

2269 5291 2471 5359 φθέντα
2499 5289 2806 5362 ἄνθρωπον,
2842 5293 2936 5345 καὶ
2978 5293 3051 5365 μὴ
3085 5291 3337 5363 ὁμολογεῖ
3361 5294 3459 5348 ἕνα
3490 5293 3586 5347 καὶ
3619 5293 3713 5349 τὸν
3742 5293 3839 5349 ai)-

2274 5382 2385 5445 τὸν,
2429 5375 2568 5433 ἔστω
2600 5380 2867 5451 ἀνάθεμα.

604 5486 725 5531 rum
765 5486 895 5527 vero
956 5471 1227 5526 hominem
1285 5481 1639 5544 assumptum,
1680 5489 1855 5545 neque
1891 5474 2180 5530 conﬁtetur
2214 5488 2379 5527 unum
2429 5481 2482 5526 et
2507 5473 2780 5539 eumdem,
2805 5472 3089 5528 anathema
3124 5473 3211 5529 sit.

1672 5625 1832 5666 vana:
1862 5610 2119 5665 lectiones
2147 5608 2350 5664 codicis
2380 5607 2744 5679 Seguieriani.

681 5764 729 5812 νδ
766 5762 1103 5837 ¹.ὲχώρησε.
1156 5763 1478 5837 σι-δευτέρου
1530 5766 1695 5822 codex
1727 5764 2159 5835 Seguierianus,l

2262 5780 2347 5819 tuo
2377 5763 2514 5818 tituli
2549 5762 2974 5819 testimoniorum
3004 5763 3377 5819 desiderantur
3400 5778 3427 5817 a
3450 5761 3675 5818 librario
3700 5776 3835 5832 pra--

609 5836 869 5894 tet'utisst.
926 5848 947 5875 τ
982 5834 1085 5891 diva
1123 5834 1382 5891 καίνοσιν.
