4146 6468
296 364 436 420 1217

1390 370 1479 426 DE
1516 369 1740 426 RECTA
1781 369 1936 426 FIDE
1972 372 2062 425 AD
2105 371 2424 429 ltECINAS.

3387 320 3480 433 {2‘1
3492 378 3526 431 ιι

294 486 587 554 Θεοφίλου
615 486 967 569 agitanda/0v,
994 489 1064 544 ἐκ
1087 490 1196 569 τοῦ
1227 489 1730 569 Προσξίωνιηζικοῦ
1763 488 1853 545 λόι

1967 488 2070 559 52
2115 489 2388 550 Theon/tili
2410 496 2739 569 episcopi_,e._r
2766 512 3002 551 sermone
3040 496 3297 569 inscripto
3345 498 3413 551 ad
3439 514 3528 553 eos
3554 482 3557 485 Ι

398 573 507 625 γου
549 557 701 624 πρὸς
722 558 863 624 τοὺς
891 561 1262 629 φρονοῦντας
1294 560 1367 615 τὰ
1398 557 1750 629 Ὦριγένους.

613 666 762 734 Ἔφη
791 665 859 718 δὲ
882 667 1069 734 οὕτως
1097 667 1231 735 περὶ
1263 668 1539 736 Χριστοῦ.

360 776 481 829 Ἵνα
527 775 603 847 μὴ
643 777 698 829 ὲν
727 776 869 849 λόγῳ
903 777 1068 849 μόνῳ,
1097 777 1232 832 ἀλλὰ
1257 778 1353 832 καὶ
1384 780 1443 832 ὲν
1470 778 1695 849 δυναμει
1724 779 1857 842 Θεὸς

285 867 561 939 ἀληθινὸς,
586 871 613 921 ὁ
645 869 831 937 φανεὶς
858 864 997 923 εἶναι
1030 869 1376 940 πιστεύηται,
1406 873 1471 941 τῇ
1506 870 1613 923 τῶν
1639 870 1855 941 δρωμέ-

286 977 395 1014 νων
439 960 807 1032 μεγαλουργίᾳ
846 962 945 1033 τὴν
983 964 1111 1033 περὶ
1141 962 1306 1016 αύτοῦ
1332 961 1506 1032 δηλῶν
1535 962 1851 1032 ἀσφάλειαν.

285 1052 508 1123 Πλήρης
542 1053 640 1122 μὲν
663 1052 736 1105 ὢν
769 1052 920 1117 Θεὸς,
938 1054 1282 1118 αύτοθελῶςει
1319 1054 1376 1109 δὲ
1408 1053 1852 1125 ἑνανθρωπήσας,

284 1145 381 1195 καὶ
417 1142 584 1213 μηδὲν
621 1143 963 1215 ἀνθρωπείας
985 1144 1296 1215 ὁμοιώσεως
1318 1145 1650 1215 καταλείψας
1675 1145 1851 1208 ἐκτὸς,

284 1233 426 1306 πλὴν
469 1235 635 1305 μόνης
684 1236 784 1305 τῆς
828 1237 1045 1292 ἀνοσίου
1093 1238 1329 1301 κακίαςο
1363 1237 1459 1292 καὶ
1499 1236 1695 1307 βρέφος
1746 1237 1854 1307 γὰρ

283 1327 605 1397 γενόμενος,
651 1328 1001 1399 Ἐμμανουὴλ
1048 1329 1418 1399 ὡμολογεῖτο,
1467 1329 1657 1400 μάγων
1717 1328 1855 1399 πρὸς

282 1418 449 1472 αὑτὸν
478 1419 662 1472 ἰόντων
697 1420 787 1472 καὶ
815 1420 892 1491 τῷ
926 1425 1252 1492 προσκυνεῖν
1303 1424 1396 1479 καὶ
1424 1422 1558 1476 Θεὸν
1591 1418 1732 1475 εἶναι
1762 1421 1853 1474 τὸν

288 1507 528 1577 φανέντα
552 1508 818 1579 βοώντωψ
843 1512 924 1564 ὅτι
948 1511 1043 1565 καὶ
1070 1512 1233 1582 σαρκὶ
1252 1512 1484 1585 σταυρού
1495 1530 1671 1582 μενος,
1700 1512 1852 1583 ἡλίου

285 1595 636 1647 συνέστελλεν
666 1597 911 1663 ἀκτῖνας,
946 1598 1040 1651 καὶ
1068 1600 1144 1670 τῷ
1175 1599 1310 1672 ξένῳ
1352 1600 1589 1672 θαύματι
1628 1601 1728 1669 τὴν
1772 1602 1853 1654 οξ-

280 1684 437 1737 κείαν
468 1686 774 1757 σαφηνίζων
805 1687 1055 1761 θεότητα,
1098 1690 1334 1760 οὖδαμοῦ
1382 1693 1683 1763 σκορπίσας
1735 1692 1854 1745 έαυο

2351 567 2439 631 qui
2463 582 2578 617 cum
2621 566 2841 634 Origene
2862 572 3138 622 sentirent.

2343 676 2435 730 Sic
2466 690 2635 732 autem
2662 678 2790 731 dicit
2812 680 2875 731 de
2914 677 3143 733 Christo.

2028 784 2291 841 Caeterum
2328 802 2395 841 ne
2419 788 2463 843 is
2504 776 2595 859 qui
2622 789 2891 859 apparuit,
2927 790 3043 843 solo
3078 790 3265 852 verbo,
3287 792 3382 845 sed
3412 792 3524 845 vir-

1961 885 2069 932 tute
2098 892 2312 948 quoque
2352 893 2514 935 verus
2540 881 2681 935 Deus
2708 894 2828 934 esse
2864 881 3200 945 crederetur,
3235 883 3350 951 ipse
3392 888 3523 952 Ope-

1960 984 2077 1022 rum
2152 968 2548 1039 magniﬁcentia
2623 971 2983 1026 certissimum
3050 971 3351 1026 divinitatis
3413 987 3525 1027 sua:

1951 1057 2210 1128 judicium
2242 1060 2391 1116 fecit.
2427 1059 2706 1118 Perfectus
2762 1062 2945 1131 itaque
2999 1062 3141 1117 Deus
3179 1078 3298 1117 cum
3354 1071 3523 1128 esset,

1958 1149 2132 1207 factus
2184 1161 2267 1207 est
2303 1153 2577 1208 voluntate
2625 1168 2721 1208 sua
2774 1154 2971 1221 homo;
3011 1168 3185 1223 neque
3230 1155 3522 1224 quidquam

1956 1241 2197 1307 omnino,
2254 1242 2395 1312 quod
2452 1243 2698 1297 humana!
2758 1253 2965 1298 natura:
3013 1255 3299 1311 cognatum
3355 1254 3522 1310 esset,

1956 1340 2150 1400 praeter
2172 1347 2332 1385 unam
2389 1333 2606 1401 impiam
2644 1333 2929 1401 malitiam,
2959 1334 3176 1400 reliquit
3209 1351 3223 1386 :
3258 1349 3381 1387 nam
3416 1335 3522 1389 etsi

1957 1421 2155 1487 infans,
2181 1420 2493 1477 Emmanuel
2520 1433 2694 1477 tamen
2715 1439 2834 1479 esse
2869 1426 3280 1494 agnoscebatur.
3301 1425 3526 1480 Constat

1956 1526 2188 1581 namque
2234 1527 2419 1581 magos
2462 1513 2552 1581 qui
2607 1515 2673 1567 ad
2702 1513 2849 1567 illum
2877 1523 3163 1579 venerunt,
3190 1529 3312 1568 eum
3349 1515 3522 1584 ipsum

1956 1602 2045 1670 qui
2078 1611 2424 1671 apparuerat,
2456 1605 2884 1658 adorationesua
2924 1612 2981 1658 ut
3014 1603 3183 1658 Deum
3212 1606 3522 1674 agnovisse.
3598 1618 3601 1620 '

1956 1690 2049 1747 Sic
2074 1708 2289 1763 quoque
2320 1693 2445 1748 licet
2484 1693 2779 1749 secundum
2809 1709 3027 1748 carnem
3061 1695 3113 1749 in
3141 1711 3362 1751 crucem
3395 1712 3527 1765 age-

277 1774 395 1839 τὸν,
448 1776 481 1846 ἢ
534 1776 786 1841 διαλύσας
832 1779 911 1841 είς
946 1780 1195 1849 σωτῆρας
1242 1780 1354 1836 δύο.
1403 1782 1563 1835 Ἀλλὰ
1604 1784 1697 1837 καὶ
1742 1785 1853 1847 τοῖς

1959 1794 2125 1851 retur,
2181 1785 2311 1840 solis
2369 1794 2546 1840 tamen
2617 1785 2798 1840 radios
2861 1785 3213 1855 reprimebat,
3278 1801 3525 1855 novoque

278 1865 551 1935 μαθηταῖς
581 1866 734 1934 ἔλεγε
758 1883 772 1897 ·
813 1886 832 1919 ι
863 1869 956 1939 Μὴ
989 1870 1257 1941 καλέσητε
1288 1872 1604 1926 διδάσκαλον
1632 1876 1724 1929 ἐπὶ
1752 1877 1852 1945 τῆς

278 1955 388 2022 γῆς
408 1971 422 1985 ’
463 1949 544 2019 εἷς
590 1956 698 2027 γάρ
741 1958 887 2011 ἐστιν
917 1960 1072 2029 ὑμῶν
1108 1960 1427 2033 καθηγητὴς
1470 1966 1498 2017 ὁ
1533 1964 1789 2034 Χριστός·
1825 1986 1842 2019 ³

271 2048 358 2099 Οὐ
386 2047 494 2118 γὰρ
525 2048 615 2101 ὅτε
646 2049 803 2103 τοῦτο
832 2053 945 2115 τοῖς
972 2052 1291 2118 ἀποστόλοις
1321 2057 1655 2127 παρήγγειλε
1678 2060 1720 2124 ί,
1747 2058 1843 2112 τοῦ

278 2139 603 2210 φαινομένου
660 2144 913 2212 σώματος
955 2144 1054 2215 τὴν
1085 2146 1290 2200 οἰκείαν
1324 2146 1542 2219 διώριζε
1585 2149 1841 2220 θεότητα·

276 2230 401 2284 οὐδὲ
427 2232 515 2285 ὅτε
545 2234 781 2304 Χριστὸν
808 2235 999 2288 ἑαυτὸν
1041 2236 1435 2310 διεμαρτύρετο
1468 2237 1627 2304 εἶναι,
1673 2242 1851 2311 ψυχῆς

278 2322 376 2376 καὶ
418 2323 619 2395 σαρκὸς
647 2323 928 2394 διωρίζετο
949 2344 962 2358 ·
997 2327 1169 2392 οὕτως
1207 2330 1375 2400 ἄμφω
1401 2334 1686 2403 τυγχάνων
1719 2334 1850 2397 Θεός

275 2430 335 2465 τε
392 2414 485 2466 καὶ
540 2414 846 2485 ἄνθρωπος,
898 2416 1084 2484 δοῦλος
1139 2419 1446 2491 ὁρώμενος,
1503 2425 1596 2478 καὶ
1643 2425 1850 2497 Κύριος

278 2503 697 2575 γνωριζόμενος.
734 2497 806 2559 Τὸ
843 2506 941 2577 μὲν
996 2508 1197 2581 ὑψηλὸν
1228 2511 1326 2580 τῆς
1367 2512 1618 2584 θεότητος
1644 2514 1720 2585 τῷ
1751 2533 1850 2569 τα-

278 2595 450 2666 πεινῷ
479 2597 578 2665 τῆς
620 2597 1090 2670 ὲνανθρωπήσεως
1134 2601 1614 2675 ὑποκρυπτόμενος
1646 2608 1850 2678 φρονή-

283 2703 435 2755 ματι,
491 2687 552 2741 τὸ
578 2687 636 2741 δέ
677 2706 741 2757 γε
774 2691 1029 2745 ταπεινὸν
1060 2692 1157 2745 τοῦ
1190 2696 1464 2765 ὁρωμένου
1501 2698 1750 2771 σώματος
1784 2703 1851 2773 τῇ

279 2777 379 2846 τῆς
408 2777 661 2851 θεότητος
692 2780 1007 2853 ὑπεραίρων
1040 2783 1309 2857 ἐνεργείᾳ.

1962 1876 2224 1931 miraculo
2280 1877 2611 1933 divinitatem
2651 1893 2804 1933 suam
2850 1879 2968 1933 orbi
3018 1888 3285 1934 terrarum
3318 1879 3524 1948 patefa-

1960 1966 2157 2022 ciebat.
2190 1964 2465 2035 Nusquam
2494 1978 2672 2022 autem
2705 1977 2800 2023 aut
2848 1969 3082 2038 seipsum
3133 1968 3401 2035 divisisse,
3431 1980 3526 2024 aut

1959 2056 2012 2112 in
2063 2058 2199 2113 duos
2254 2057 2551 2113 salvatores
2607 2059 2933 2115 dissecuisse
2988 2054 3340 2131 comperitur.
3384 2059 3523 2126 Quin

1957 2147 2217 2219 ejusmodi
2283 2149 2464 2218 potius
2493 2164 2746 2206 sermone
2782 2150 3078 2222 discipulos
3105 2167 3231 2209 suos
3286 2155 3523 2224 compel-

1958 2237 2100 2293 lasse
2143 2238 2340 2307 legitur
2375 2256 2390 2294 :
2435 2257 2454 2291 ι
2506 2237 2584 2294 Ne
2642 2240 2848 2295 vocetis
2896 2242 3209 2311 magistrum
3242 2242 3296 2297 in
3333 2252 3524 2300 terra:

1958 2345 2097 2385 unus
2118 2339 2201 2386 est
2228 2332 2372 2385 enim
2405 2333 2662 2401 magister
2703 2342 2885 2388 vester
2915 2332 3162 2389 Christus
3182 2335 3248 2389 ⁸⁸.
3289 2354 3307 2387 ι
3339 2335 3525 2407 Neque

1956 2423 2099 2476 enim
2127 2422 2343 2492 quando
2378 2423 2633 2491 apostolis
2666 2425 2781 2479 haec
2833 2424 3154 2494 imperabat,
3188 2426 3522 2482 divinitatem

1958 2528 2111 2570 suam
2141 2529 2173 2568 a
2202 2528 2430 2585 corpore
2477 2517 2621 2584 quod
2663 2516 3013 2581 cernebatur,
3048 2515 3396 2586 sejungebat;
3431 2532 3525 2571 nc-

1957 2619 2062 2674 que
2107 2620 2346 2670 rursum,
2383 2621 2505 2660 cum
2536 2620 2595 2662 se
2637 2607 2914 2662 Christum
2948 2622 3069 2664 esse
3123 2609 3440 2675 testabatur,
3467 2624 3525 2662 se

1959 2696 2142 2751 animo
2178 2707 2234 2753 et
2282 2713 2513 2768 corpore
2554 2700 2862 2766 divellebat,
2898 2700 2991 2755 sed
3021 2698 3180 2752 simul
3213 2709 3522 2767 utrumque.

1960 2788 2066 2843 hoc
2109 2797 2213 2855 est,
2248 2790 2389 2844 Deus
2427 2799 2483 2844 et
2531 2791 2693 2845 homo
2729 2801 2866 2846 erat.
2903 2791 3102 2847 Servus
3151 2793 3350 2863 quippe
3384 2800 3522 2855 erat,

282 2870 375 2938 qui
419 2873 775 2937 cernebatur;
818 2872 1080 2930 Dominus
1114 2889 1243 2930 vero
1286 2877 1374 2946 qui
1440 2878 1861 2948 intelligebatur.
1933 2878 2159 2932 Deitatis
2213 2877 2586 2933 celsitudinem
2640 2878 2830 2933 bumili
2913 2878 3301 2935 incarnationis
3353 2879 3525 2935 forma

280 2961 845 3019 occultabatzcontra
874 2979 1003 3019 vero
1049 2967 1319 3035 corporis,
1361 2968 1500 3037 quod
1551 2969 1852 3035 videbatur,
1889 2966 2246 3047 humilitatem
2293 2967 2508 3022 deitatis
2573 2967 2890 3036 operatione
2945 2967 3230 3023 evehebat.

358 3053 459 3110 IA'.
501 3057 739 3128 Εὐχερὲς
776 3058 917 3129 μὲνιι
944 3053 1037 3112 οὖν
1064 3059 1158 3112 καὶ
1189 3059 1353 3131 ἕτερα
1386 3060 1592 3125 τούτοις
1625 3062 1848 3131 ἐπενεγ-

2022 3060 2116 3116 XI.
2149 3060 2265 3115 Non
2296 3060 2459 3114 fuerit
2488 3068 2669 3114 autem
2705 3058 2923 3115 diiIicile
2958 3058 3060 3112 alia
3090 3058 3353 3127 ejusmodi
3387 3075 3525 3130 prte-

283 3149 404 3201 κεῖν
444 3148 671 3201 πλεῖστά
701 3164 762 3200 τε
793 3148 893 3201 ὅσα
934 3149 1027 3202 καὶ
1060 3151 1236 3222 ἀληθῆ
1284 3152 1586 3224 μαρτύρια’
1617 3154 1855 3226 παρίημι

283 3239 365 3305 δὲ,
398 3238 460 3292 τὸ
484 3238 870 3312 γεγραμμένον
921 3240 1109 3305 εἰδώςο
1146 3260 1165 3293 ι
1206 3242 1357 3297 Δίδου
1401 3244 1549 3315 σοφῷ
1577 3245 1854 3318 ἀφορμὴν,

285 3331 382 3383 καὶ
406 3328 712 3401 σοφώτερος
736 3329 886 3383 έσται
908 3348 921 3362 ·
946 3331 1180 3403 γνώριζε
1209 3334 1424 3406 δικαίῳ,
1442 3337 1539 3388 καὶ
1558 3337 1857 3408 προσθήσει

285 3421 381 3476 τοῦ
410 3421 679 3491 δέχεσθαι.
714 3440 731 3473 ι
768 3422 916 3494 Πλὴν
944 3424 1120 3477 ἐκεῖνό
1167 3443 1377 3495 φαμενο
1408 3428 1517 3481 ἰδοὺ
1552 3428 1617 3498 δὴ
1660 3429 1860 3493 πάντες

287 3514 335 3565 οἱ
372 3510 695 3582 πανάριστοί
722 3529 783 3565 τε
812 3512 909 3567 καὶ
941 3516 1095 3582 σοφοὶ
1130 3514 1272 3568 κατὰ
1303 3518 1531 3587 καιροὺς
1572 3518 1731 3589 ήμῶν
1766 3535 1859 3587 γε·

287 3603 509 3671 γονότες
540 3602 806 3674 Πατέρες,
836 3604 927 3657 καὶ
946 3604 1204 3659 Θεοτόκον
1225 3605 1545 3677 ὀνομάζουσι
1572 3609 1670 3679 τὴν
1699 3609 1859 3677 ἁγίαν

290 3695 565 3765 Παρθένον
585 3712 599 3727 ο
653 3694 893 3766 ἡνῶσθαι
925 3695 983 3749 δὲ
1018 3696 1161 3750 κατὰ
1199 3696 1361 3767 φύσιν
1393 3698 1859 3771 διαϐεϐαιούμενοι

287 3787 355 3855 τῇ
387 3786 549 3856 σαρκὶ
571 3785 659 3837 τὸν
688 3787 754 3839 ἐκ
782 3785 917 3838 Θεοῦ
942 3786 1138 3856 Λόγον,
1165 3786 1222 3840 έν
1247 3805 1304 3841 τε
1334 3791 1399 3860 τῇ
1426 3789 1580 3859 νηδύϊ
1605 3791 1858 3858 γενέσθαι

290 3878 422 3945 φασὶ
450 3879 516 3948 τῇ
549 3878 895 3949 παρθενικῇ,
944 3877 1039 3930 καὶ
1070 3877 1130 3943 ἐξ
1173 3878 1343 3948 αὐτῆς
1386 3880 1670 3950 προελθεῖν
1717 3883 1860 3937 κατὰ

290 3969 499 4038 σάρκα·
530 3969 707 4021 καίτοι
760 3970 861 4039 τὴν
899 3967 1135 4040 ἄναρχον
1161 3971 1257 4023 καὶ
1297 3970 1404 4040 πρὸ
1434 3972 1633 4035 παντὸς
1664 3972 1860 4035 αἰῶνος

288 4057 385 4108 καὶ
411 4057 603 4126 χρόνου
638 4057 871 4126 λαχόντα
899 4057 1153 4127 γέννησιν
1181 4059 1244 4111 ὲκ
1273 4059 1504 4129 Πατρός.
1548 4058 1763 4131 Ἐπειδὴ
1800 4062 1857 4114 δὲ

286 4142 357 4217 ἦν
382 4147 547 4213 εἰκὸς,
570 4148 626 4199 ὲν
649 4150 767 4210 ταῖς
793 4146 1160 4219 μακροτέραις
1186 4150 1279 4202 καὶ¹
1303 4149 1501 4219 ἐφεξῆς
1524 4151 1633 4204 τῶν
1661 4152 1858 4221 στίχων

290 4235 584 4306 συνθήκαις
617 4235 894 4307 ὀλιγώρως
920 4236 1111 4306 ἔχοντα
1143 4238 1232 4292 τὸν
1262 4238 1406 4303 νοῦν,
1436 4240 1689 4311 ἐθελῆσαι
1719 4243 1859 4313 μᾶλλ

286 4329 377 4383 λον
404 4328 482 4393 δὲ,
509 4328 584 4392 ώς
613 4331 670 4381 ἐν
714 4328 905 4399 βραχεί
935 4329 1028 4382 καὶ
1078 4331 1518 4401 συνεσταλμένως
1537 4342 1564 4371 ν
1597 4334 1726 4388 ἰδεῖν
1749 4334 1856 4388 τῶν

1971 3149 2120 3204 clara
2174 3150 2479 3204 testimonia
2516 3163 2621 3203 non
2662 3162 2829 3218 pauca
2869 3148 2956 3202 his
2981 3148 3392 3219 adjicere;qu:e
3447 3160 3527 3205 ta-

1959 3255 2080 3295 men
2134 3250 2419 3310 praetereo,
2458 3254 2580 3293 cum
2616 3238 2880 3308 scriptum
2925 3252 3045 3293 esse
3095 3253 3200 3294 non
3238 3240 3478 3310 ignorem
3513 3265 3524 3297 :

1965 3350 1983 3383 ι
2016 3330 2088 3384 Da
2119 3330 2352 3400 sapienti
2418 3330 2781 3394 occasionem,
2819 3338 2874 3382 et
2905 3330 3132 3384 addetur
3156 3331 3207 3384 ei
3229 3332 3528 3401 sapientia:

1959 3424 2092 3476 doce
2119 3420 2343 3488 justum,
2374 3429 2428 3476 et
2454 3419 2731 3475 l'estinabit
2759 3420 3036 3489 suscipere
3058 3420 3127 3475 °‘.
3164 3438 3183 3472 ι
3216 3421 3330 3477 Hoc
3362 3439 3527 3479 unum

1969 3512 2183 3566 interim
2217 3526 2324 3565 non
2354 3511 2812 3580 pratermiserim,
2847 3511 3079 3580 optimos
3101 3526 3163 3566 ac
3184 3513 3528 3580 sapientissi-

1964 3616 2080 3657 mos
2110 3615 2351 3671 quosque
2382 3601 2569 3655 Patres
2602 3608 2866 3670 quotquot
2892 3609 3018 3655 ante
3048 3615 3146 3656 nos
3177 3605 3524 3669 exstiterunt,

1958 3706 2147 3747 omnes
2163 3705 2368 3746 sacram
2390 3688 2664 3759 Virginem
2690 3690 2849 3758 Deipa
2860 3705 2973 3743 ram
2996 3705 3210 3760 quoque
3233 3692 3526 3761 appellare,

1961 3782 2161 3851 Deique
2213 3781 2465 3847 Verbum,
2507 3780 2723 3835 etiamsi
2794 3779 3044 3849 principii
3105 3795 3299 3848 expers
3334 3782 3426 3845 sit,
3474 3792 3531 3836 et

1960 3882 2085 3929 ante
2106 3888 2264 3928 omne
2292 3887 2464 3927 aevum
2496 3882 2815 3941 tempusque
2854 3885 2923 3925 ex
2954 3870 3116 3926 Patre
3146 3881 3354 3939 natum,
3376 3876 3527 3928 carni

1960 3966 2253 4020 secundum
2296 3974 2543 4018 naturam
2587 3965 2798 4018 unitum
2824 3978 2963 4029 esse,
2996 3978 3094 4019 nec
3125 3979 3231 4018 non
3269 3965 3323 4019 in
3365 3975 3521 4021 utero

1959 4055 2201 4123 virgineo
2238 4054 2482 4119 latuisse,
2516 4070 2577 4109 ac
2635 4054 2759 4108 inde
2808 4055 3104 4109 secundum
3147 4069 3369 4109 carnem
3399 4071 3526 4126 pro-

1959 4148 2142 4215 diisse,
2162 4147 2427 4201 attestari.
2446 4146 2709 4211 Quoniam
2734 4160 2862 4200 vero
2880 4145 3098 4200 dubium
3120 4160 3225 4200 non
3251 4155 3354 4211 est,
3375 4161 3531 4201 men-

1962 4248 2065 4291 tem
2108 4236 2315 4305 prolixa
2359 4235 2739 4289 auctoritatum
2766 4234 3261 4303 sententiarumque
3297 4235 3406 4306 53
3445 4254 3529 4291 rc-

1959 4328 2217 4383 citatione
2236 4327 2483 4400 obtundi,
2512 4326 2986 4394 remissioremque
3002 4325 3140 4390 ﬁeri,
3171 4326 3329 4381 malle
3346 4338 3526 4381 autem

286 4422 381 4471 ἐπὶ
422 4418 643 4490 Χριστῷ
691 4393 975 4489 δὀίγμόιτων
1019 4420 1080 4473 τὸ
1124 4393 1588 4493 ἀκραιφνέστατον
1636 4426 1853 4489 κάλλος,

1965 4419 2111 4475 brevi
2138 4394 2368 4487 quodam
2401 4417 2721 4486 compendio
2749 4416 3056 4483 dogmatum
3087 4417 3154 4471 de
3188 4416 3406 4471 Christo
3431 4432 3526 4470 ve-

287 4508 459 4571 cto-ti;
490 4507 630 4560 κατὰ
658 4508 823 4577 μόνας
850 4509 948 4573 τὰς
975 4508 1083 4563 τῶν
1113 4511 1350 4575 ἐννοιῶν,
1384 4512 1470 4566 ἵνα
1492 4512 1663 4577 οὕτως
1692 4515 1855 4578 εἴπω,

286 4600 533 4668 καρδίας,
566 4600 629 4652 ὲκ
664 4600 761 4669 τῆς
791 4600 1147 4655 θεοπνεύστου
1171 4604 1264 4656 καὶ
1307 4604 1453 4668 Νέας
1480 4605 1702 4676 Γραφῆς
1728 4624 1853 4660 συν-

286 4685 616 4758 αγηγερκώς
640 4725 654 4751 ,
690 4687 954 4759 πέπομφα
996 4691 1060 4758 τῇ
1088 4689 1332 4761 ὑμετέρᾳ
1364 4690 1505 4744 κατὰ
1537 4691 1668 4744 Θεὸν
1695 4692 1849 4744 εὐσε-

288 4778 440 4848 ϐείᾳ·
480 4777 552 4841 ὼς
580 4778 644 4831 ἂν
677 4778 1118 4848 ἐντυγχάνουσαι,
1153 4779 1294 4833 κατὰ
1321 4779 1493 4852 βραχύ
1532 4798 1591 4834 τε
1625 4782 1721 4834 καί
1751 4781 1854 4836 ἀνὰ

290 4870 457 4941 μέρος
484 4870 643 4923 αὐταί
672 4887 733 4922 τε
756 4871 848 4922 τὸν
896 4873 954 4923 ὲν
994 4869 1120 4939 ὑμῖν
1161 4873 1254 4924 καὶ
1279 4871 1357 4925 ἔτι
1389 4872 1649 4942 μειζόνως
1688 4890 1855 4927 κατα-

289 4960 618 5032 φαιδρύνητε
648 4961 804 5014 νοῦν·
837 4962 1269 5032 φωταγοῑγοῦσαι
1311 4964 1368 5016 δὲ
1412 4964 1548 5033 πρὸς
1597 4964 1854 5035 ἀλήθειαν

289 5054 387 5106 καὶ
415 5052 508 5116 οὓς
534 5053 599 5106 ἂν
619 5053 847 5121 ὠφελεῖν
868 5052 1088 5125 ἕλησθε,
1106 5056 1281 5127 καυχή
1292 5072 1455 5126 μασιν
1477 5055 1857 5120 ἁποστολικοῖς

287 5146 387 5209 τὰς
425 5147 576 5210 ὁσίας
607 5146 759 5217 ὑμῶν
798 5145 1265 5215 καταφαιδρύνητε
1300 5147 1559 5215 κεφαλάς.
1596 5148 1857 5210 Πλούσιος

287 5237 345 5289 δὲ
378 5236 498 5289 λίαν
542 5238 570 5290 ό
618 5238 710 5291 ἐπὶ
746 5236 919 5307 τούτῳ
954 5236 1173 5307 μισθόςο
1200 5236 1509 5307 γέγραπται
1552 5240 1692 5310 γάρ’
1731 5258 1750 5292 ι
1798 5240 1857 5293 Ὀ

232 5396 235 5399 _
290 5327 623 5400 ἐπιστρέψας
656 5327 977 5399 ἁμαρτωλὸν
1002 5328 1066 5380 ὲκ
1096 5326 1300 5397 πλάνης
1323 5326 1465 5394 ὁδοῦ,
1489 5326 1652 5382 σώσει
1681 5327 1858 5400 ψυχὴν

363 5479 406 5511 ⁸⁸
442 5478 629 5536 Matth.
654 5494 812 5547 mu,
847 5480 934 5535 10.
1009 5480 1055 5516 ⁸²
1090 5477 1250 5536 Prov.
1300 5496 1375 5545 Ix,
1407 5480 1462 5535 9.

1964 4517 2235 4564 nustatem
2267 4507 2501 4562 dilucide
2542 4507 2933 4577 perspicueque
2981 4508 3050 4561 ob
3099 4507 3283 4561 oculos
3328 4520 3527 4575 propo-

1965 4602 2122 4655 sitam
2158 4613 2413 4664 cernere;
2446 4600 2565 4653 itleo
2608 4602 2769 4667 ipsas,
2810 4608 2868 4651 ut
2930 4598 3009 4652 sic
3056 4598 3264 4667 loquar,
3310 4607 3527 4651 senten-

1957 4693 2150 4746 tiarum
2170 4691 2426 4744 medullas
2443 4705 2511 4743 ex
2525 4690 2720 4744 divinis
2738 4689 2866 4745 Novi
2887 4688 3214 4744 Testamenti
3232 4689 3527 4757 Scripturis

1961 4784 2244 4846 collectas,
2267 4783 2334 4837 ad
2363 4790 2600 4837 vestram
2637 4782 2689 4836 in
2735 4778 2902 4836 Deum
2945 4782 3204 4851 pietatem
3236 4779 3527 4834 mittendas

1961 4874 2290 4931 existimavi.
2340 4872 2457 4940 Qua
2520 4874 2771 4927 nimirum
2824 4872 3078 4926 breviter
3127 4882 3190 4923 ac
3252 4866 3525 4937 sigillatim

1961 4969 2124 5023 hasce
2155 4964 2483 5026 evolventes,
2516 4972 2753 5017 vestram
2781 4963 2833 5016 in
2861 4959 3052 5030 primis
3093 4968 3326 5013 mentem
3362 4956 3525 5011 etiam

1962 5072 2104 5113 nunc
2130 5057 2502 5119 cobonestare,
2535 5054 2728 5108 deinde
2785 5053 2852 5107 ad
2899 5050 3291 5121 agnoscendam
3322 5048 3526 5103 verita-

1962 5157 2092 5213 tem,
2140 5146 2260 5203 aliis
2307 5147 2717 5217 quibuscuuque
2765 5145 2938 5198 visum
3001 5141 3183 5206 fuerit,
3219 5138 3528 5208 adiumento

1962 5253 2085 5294 esse
2118 5252 2325 5294 necnon
2359 5236 2672 5308 apostolicis
2704 5233 2986 5305 praeconiis
3019 5232 3241 5302 perinde
3270 5245 3335 5284 ac
3363 5230 3529 5283 sertis

1962 5329 2284 5400 quibusdam
2332 5329 2510 5399 capita
2548 5336 2728 5384 vestra
2776 5324 3030 5382 redimire
3081 5320 3318 5393 possitis.
3345 5318 3529 5387 Quan-

1374 5617 1548 5673 Varia:
1573 5617 1826 5673 lectiones
1848 5614 2047 5673 codicis
2077 5616 2431 5689 Seguieriani.

375 5756 396 5787 ³
426 5750 751 5817 αὐτοτελῶς.
833 5751 851 5788 ί
884 5750 1217 5821 παρήγγελε.
1293 5764 1321 5794 ιι
1350 5771 1449 5808 ουκ
1479 5766 1729 5825 ασχερες.

1806 5762 1832 5793 ν
1859 5762 2276 5825 σινεσταλμενῳ.
