4146 6500
608 438 746 495 1219

1580 429 1639 485 S.
1682 426 1961 482 CYRILLI
1996 423 2465 481 ALEXANDRINI
2504 418 2827 479 ARCHIEP.

3722 412 3866 467 I220

606 550 895 622 doquidem
929 546 1147 618 copiosa
1195 557 1408 600 merces
1444 557 1509 600 ea
1555 545 1620 598 de
1660 558 1819 599 causa
1878 542 2025 596 redtli
2054 556 2183 596 con-

2305 539 2452 593 ιὺτοῦ
2484 540 2549 593 ἐκ
2581 536 2834 601 θανάτου,
2865 533 2960 590 καὶ
2981 532 3212 604 καλύψει
3244 530 3449 603 πλῆθος
3482 529 3790 602 ἁμαρτιῶν.
3837 546 3859 579 ι

608 645 783 700 suevit
816 660 830 697 :
862 640 1124 709 scriptum
1161 646 1244 692 est
1277 636 1419 691 enim
1449 653 1463 690 :
1496 652 1515 687 ι
1568 635 1669 701 Qui
1704 634 1942 689 converti
1991 633 2178 688 fecerit

611 743 948 807 peccatorem
992 732 1060 786 ab
1097 742 1285 785 errore
1345 728 1444 783 vite
1496 726 1889 791 suae,salvabit
1944 726 2176 779 animam

609 829 724 897 ejus
740 842 768 880 a
787 834 980 887 morte,
1000 834 1054 878 et
1070 823 1275 891 operiet
1305 819 1695 876 multitudinem
1710 827 2052 888 peccatorum
2065 817 2131 871 ⁸³.
2153 834 2171 867 ι

612 918 779 972 Porro
827 924 1005 970 autem
1037 931 1159 969 cum
1194 912 1457 983 ejusmodi
1493 910 1778 965 sententiis
1828 907 2176 971 adducendis,

611 1009 694 1065 vel
735 1009 1045 1062 earumdem
1093 1020 1308 1074 quoque
1356 1000 1818 1065 conclusionibus,
1845 998 2071 1053 subinde
2093 998 2179 1052 di-

613 1100 751 1155 cturi
800 1113 1006 1167 sumus,
1062 1100 1202 1152 Deus
1258 1097 1421 1167 igitur
1462 1105 1545 1149 est
1586 1093 1991 1160 Christus;aut
2045 1105 2184 1145 unus

612 1206 742 1261 ergo
772 1190 941 1245 Filius
982 1200 1035 1243 et
1064 1188 1323 1242 Dominus
1355 1195 1435 1240 est
1462 1186 1711 1241 Christus
1741 1202 1753 1237 :
1783 1199 1887 1237 non
1922 1197 1987 1237 eo
2019 1196 2181 1236 sensu

614 1282 668 1337 id
727 1282 975 1345 dicimus,
1015 1295 1122 1349 quo
1176 1278 1285 1341 illi;
1331 1276 1484 1346 quasi
1550 1276 1806 1330 nimirum
1866 1272 2182 1327 Emmanuel

614 1374 905 1428 secundum
957 1369 1184 1438 gratiam
1240 1378 1447 1421 tantum
1510 1365 1673 1431 Deus,
1719 1377 1813 1419 aut
1874 1363 2063 1429 Filius,
2095 1372 2188 1417 aut

617 1461 876 1515 Dominus
901 1460 969 1514 sit
1002 1459 1343 1521 nominatus;
1372 1464 1462 1509 aut
1481 1471 1577 1525 per
1603 1455 1848 1510 assiduos
1870 1468 2187 1525 progressus

614 1559 669 1605 et
712 1550 1061 1608 incrementa,
1104 1545 1325 1614 perinde
1357 1559 1421 1600 ac
1469 1560 1609 1599 unus
1656 1544 1925 1612 quispiam
1952 1558 1983 1596 e
2011 1542 2187 1597 medio

615 1654 776 1708 grege
797 1637 1072 1703 nostrique
1103 1634 1295 1689 similis
1337 1634 1498 1689 homo
1528 1634 1928 1699 sanctiﬁcatus,
1964 1632 2030 1685 ad
2062 1632 2188 1686 illud

615 1729 797 1799 gloriae
824 1728 1035 1783 culmen
1057 1726 1460 1780 conscenderit.
1487 1723 1688 1779 Verum
1715 1740 1881 1778 unum
1915 1724 2014 1778 hoc
2035 1723 2191 1777 insti-

2296 635 2385 688 'Ev
2413 631 2469 686 δέ
2507 648 2572 700 γε
2600 632 2720 693 ταῖς
2750 628 2858 681 τῶν
2897 626 3114 681 ἐννοιῶν
3141 624 3451 696 εὑρέσεσιν,
3478 624 3597 693 ἦτοι
3643 636 3864 689 συμπεο

2285 724 2581 797 ράσμασιν,
2610 720 2738 773 ὅταν
2764 719 3036 788 λέγωμεν,
3079 714 3212 778 Θεὸς
3251 710 3345 768 οὖν
3374 714 3483 783 ἄρα
3520 714 3552 765 6
3600 712 3863 783 Χριστὸς,

2281 816 2449 886 ἧγουν
2491 807 2573 876 εἷς
2603 814 2710 882 ἄρα
2739 812 2767 863 ὁ
2797 810 2925 874 Υἱὸς
2967 810 3061 862 καὶ
3092 807 3299 878 Κύριος
3333 804 3541 875 Ἰησοῦς
3584 804 3825 875 Χριστός
3844 818 3861 831 ·

2283 908 2382 976 οὐχ
2421 905 2563 958 οὕτω
2608 903 2809 973 φαμὲν,
2850 901 2926 965 ὡς
2971 902 3189 964 ἐκεῖνοι,
3244 897 3378 950 Θεὸν
3414 896 3559 950 κατὰ
3604 896 3791 965 χάριν,
3827 892 3865 961 ἢ

2289 996 2441 1061 Υίὸν,
2499 994 2532 1065 ἢ
2572 993 2773 1065 Κύριον
2824 990 3136 1061 ὠνομάσθαι
3177 989 3269 1043 τὸν
3308 986 3691 1059 Ἐμμανουὴλ,
3728 986 3762 1054 ἢ
3802 986 3863 1036 ἐκ

2290 1088 2573 1157 προκοπῆς
2594 1124 2609 1149 ,
2644 1085 2677 1155 ἢ
2713 1083 3007 1146 ἐπιδόσεως
3026 1122 3042 1147 ,
3075 1084 3156 1146 είς
3180 1079 3338 1134 τοῦτο
3368 1078 3525 1151 δόξης
3554 1077 3755 1140 ἐλθεῖν,
3791 1076 3862 1138 ὡς

2299 1177 2397 1231 ἕνα
2425 1178 2517 1231 τὸν
2547 1176 2669 1230 καθ’
2691 1177 2835 1245 ἡμᾶς
2868 1175 3044 1229 κοινὸν
3070 1174 3163 1227 καὶ
3188 1171 3514 1244 ἡγιασμένοι
3540 1169 3859 1239 ἀνθρωπονο

2296 1268 2471 1321 ἐκεῖνο
2513 1267 2571 1320 δὲ
2617 1266 2835 1336 μᾶλλον,
2863 1267 2945 1319 ὅτι
2977 1263 3107 1326 Θεὸς
3137 1262 3212 1316 ὢν
3237 1265 3265 1316 6
3290 1263 3460 1331 Λόγος
3478 1300 3494 1325 ,
3521 1254 3645 1312 εἶτα
3681 1255 3863 1318 καθεὶς

2287 1358 2478 1412 ἑαυτὸν
2504 1359 2584 1422 είς
2615 1357 2864 1422 κένωσιν,
2895 1357 2987 1411 καὶ
3016 1358 3073 1409 ἐν
3106 1354 3291 1408 δούλου
3340 1354 3520 1424 μορφῇ
3554 1349 3862 1416 καταὸεϐη-

2286 1448 2420 1515 κὼς,
2451 1449 2602 1502 οὐδὲν
2629 1445 2789 1522 ἧττόν
2821 1449 2940 1525 ἐστι
2963 1447 3096 1510 Θεὸς
3128 1445 3401 1517 ἀληθινὸς,
3432 1444 3526 1496 καὶ
3558 1441 3727 1510 φύσει
3760 1439 3862 1525 τῷν

2286 1540 2425 1594 ὅλων
2468 1539 2671 1611 Κύριος
2703 1539 2878 1601 ἔσται,
2917 1538 3010 1592 καὶ
3041 1538 3221 1608 μόνος,
3270 1536 3362 1589 καὶ
3394 1535 3577 1597 ίδικῶς
3610 1532 3763 1594 Υἱός.
3793 1524 3859 1600 ᾯ

2287 1632 2381 1687 καὶ
2405 1633 2564 1703 ἡμεῖς
2591 1629 3071 1702 συμμορφούμενοι
3096 1626 3238 1680 κατά
3265 1627 3426 1696 χάριν
3452 1624 3550 1695 τὴν
3574 1623 3641 1675 δι’
3671 1620 3858 1683 αὐτοῦ,

2289 1723 2426 1795 πρὸς
2458 1724 2557 1795 τὴν
2588 1725 2686 1794 τῆς
2721 1722 2995 1785 υἱοθεσίας
3021 1719 3386 1790 ἀναϐαίνομεν
3416 1717 3597 1781 δόξαν.

618 1823 818 1878 tuimus
850 1830 904 1877 ει
924 1821 1173 1884 dicimus,
1196 1834 1387 1888 nempe
1418 1818 1649 1875 Verbum
1708 1834 1829 1874 cum
1906 1819 2047 1873 Deus
2092 1826 2257 1881 esset,
2294 1819 2361 1871 ad
2415 1817 2861 1883 exinanitionem,
2901 1816 3259 1883 servilemque
3302 1812 3530 1867 formam
3590 1826 3649 1866 se
3697 1809 3866 1863 demi-

615 1911 754 1966 sisse
785 1925 849 1966 ac
878 1910 1252 1974 descendisse;
1282 1908 1355 1962 ita
1390 1916 1565 1962 tamen
1598 1917 1657 1962 ut
1702 1922 1861 1962 verus
1913 1907 2263 1963 nihilominus
2304 1909 2442 1962 Deus
2490 1924 2553 1962 ac
2612 1909 2905 1964 secundum
2953 1916 3201 1961 naturam
3258 1907 3634 1957 universorum
3690 1901 3867 1953 Dom-

627 2015 732 2054 nus
784 1998 1165 2069 permanserit,
1211 1997 1470 2065 solusque
1511 2006 1566 2050 et
1605 1998 1824 2066 proprie
1880 1997 2045 2051 Filius
2072 2015 2086 2052 :
2113 1997 2197 2052 cui
2236 2006 2290 2052 et
2310 2013 2410 2053 nos
2464 2012 2681 2068 quoque
2738 2013 2834 2067 per
2882 1999 3112 2068 gratiam
3147 1996 3317 2067 ipsius
3349 1997 3782 2055 COlerl'tltlllllll',
3813 2001 3865 2043 et

618 2091 684 2145 ad
705 2090 1007 2159 adoptionis
1038 2088 1262 2157 gloriam
1295 2086 1734 2141 conscendimus.

715 2181 828 2234 XII.
879 2180 1145 2235 Czetemm
1200 2193 1395 2233 nomen
1456 2178 1579 2242 hoc,
1646 2176 1919 2244 Christus,
1946 2176 2188 2245 quidam,

2362 2175 2461 2231 IB'.
2492 2179 2701 2250 Ὀνομα
2725 2180 2781 2233 δὲ
2811 2179 3184 2249 τὸ,Χριστός,
3222 2179 3451 2249 πρέπειν
3484 2179 3603 2249 μὲν,
3622 2179 3725 2230 οὐκ
3755 2172 3869 2230 οἶδα

622 2271 806 2326 nescio
835 2268 1137 2339 quomodo,
1167 2268 1260 2322 Dei
1306 2267 1482 2322 Patris
1524 2267 1699 2321 Verbo
1750 2266 1911 2320 etiam
1949 2280 2191 2320 seorsum

622 2381 687 2421 ac
720 2381 813 2435 pcr
838 2379 917 2428 sc,
952 2366 1051 2418 hoc
1072 2372 1176 2427 est,
1226 2372 1284 2416 ut
1313 2372 1465 2417 extra
1508 2375 1725 2415 carnem
1757 2361 1988 2428 positum
2017 2367 2197 2413 mente

622 2456 944 2525 concipitur,
979 2453 1273 2508 convenire
1311 2460 1586 2515 asserunt,
1630 2466 1755 2505 mox
1797 2465 1926 2504 vero
1960 2451 2010 2504 in
2050 2449 2195 2502 illum

625 2562 842 2618 quoque
896 2547 1144 2601 similiter
1193 2544 1321 2599 illud
1375 2554 1685 2613 competere
1732 2543 2084 2606 contendunt,
2106 2540 2196 2611 qui

623 2655 692 2695 ex
718 2654 868 2693 sacra
903 2638 1123 2708 Virgine
1149 2646 1305 2692 natus
1326 2645 1430 2699 est,
1482 2647 1640 2705 prout
1668 2634 1757 2690 hic
1781 2650 1998 2704 quoque
2023 2648 2117 2702 per
2142 2648 2201 2687 se

627 2731 918 2801 separatim
974 2730 1271 2785 subsistere
1322 2728 2046 2796 consideratur:postremo
2087 2739 2203 2777 am-

633 2824 805 2878 bobus
863 2820 1025 2877 simul
1081 2820 1306 2889 perinde
1350 2834 1413 2874 ac
1470 2821 1560 2872 uui
1608 2832 1907 2889 congruere
1962 2820 2199 2884 tradunt,

628 2914 835 2968 ratione
893 2912 1147 2966 nimirum
1185 2909 1611 2981 coniunctionis,
1642 2919 1705 2963 ut
1750 2909 1849 2979 ipsi
1886 2909 2200 2978 loquuntur,

628 3005 682 3059 iu
712 3019 874 3058 unam
900 3004 1018 3059 illos
1044 3018 1328 3070 personam
1356 3002 1674 3071 colligantes
1700 3000 1719 3069 (
1747 3016 1869 3054 nam
1891 3016 2033 3055 verae
2064 3002 2204 3056 illius

628 3094 1000 3164 naturalisque
1055 3092 1293 3157 unionis,
1333 3092 1545 3146 etiamsi
1580 3107 1742 3146 unam
1774 3092 1913 3146 hanc
1952 3092 2198 3161 mysterii

630 3186 791 3256 hujus
825 3185 967 3239 viam
995 3183 1232 3253 planam,
1265 3192 1319 3237 et
1366 3183 1436 3237 ab
1480 3183 1626 3236 omni
1665 3197 1851 3237 errore
1881 3192 2050 3235 tutam
2080 3198 2207 3251 pro-

630 3276 863 3345 positam
906 3274 1165 3335 habeant,
1199 3273 1344 3326 nulla
1379 3273 1520 3341 apud
1573 3271 1692 3326 illos
1724 3271 1953 3326 habetur
1989 3274 2200 3341 ratio):

630 3376 686 3419 et
719 3365 831 3419 haec
860 3363 1069 3418 illorum
1098 3362 1354 3417 simulata
1380 3361 1652 3417 confessio
1684 3376 1789 3415 non
1840 3371 1924 3416 est
1969 3362 2203 3427 sincera,

632 3456 727 3509 sed
750 3456 854 3509 atri
890 3454 1081 3509 veneni
1117 3455 1534 3523 imposturaeque
1579 3454 1756 3524 plena.
1802 3452 1934 3506 Nam
1958 3468 2078 3508 cum
2124 3454 2206 3507 di-

631 3549 755 3603 vina
787 3548 1061 3616 Scriptura
1091 3546 1363 3601 Christum
1390 3546 1695 3611 nominans,
1722 3545 1901 3599 omnia
1927 3545 2000 3599 illi
2026 3546 2204 3599 divina
2236 3529 2278 3588 (ἶ

635 3636 953 3705 simpliciter
976 3634 1084 3706 54
1102 3634 1297 3688 tribuat
1338 3636 1523 3705 (novit
1574 3636 1743 3698 enim,
1769 3635 1938 3698 novit,
1964 3636 2204 3705 inquam,

634 3727 751 3792 illa,
785 3727 875 3781 Dei
906 3726 1138 3781 Verbum
1176 3726 1230 3780 in
1293 3727 1527 3780 humana
1576 3726 1746 3781 forma
1796 3728 2110 3797 apparuisse
2153 3740 2209 3783 et

634 3833 852 3873 carnem
879 3817 1080 3873 factum
1118 3818 1305 3889 esse);
1352 3819 1563 3873 illorum
1592 3827 1770 3874 autem
1823 3820 2127 3874 institutum
2156 3828 2210 3873 et

636 3927 853 3981 sc0pus,
884 3910 978 3981 qui
1028 3911 1241 3965 diversa
1271 3911 1339 3964 ab
1377 3910 1463 3965 his
1491 3911 1751 3977 sentiunt,
1786 3913 1858 3967 sit
1884 3912 2212 3982 persuadere

635 4019 756 4058 eum
781 4004 874 4073 qui
900 4019 966 4059 ex
1000 4004 1225 4058 muliere
1260 4012 1416 4057 natus
1439 4011 1541 4067 est,
1566 4003 1837 4058 hominem
1887 4018 2006 4058 esse
2032 4018 2195 4057 unum

637 4095 1075 4165 quempiam,qui
1116 4110 1211 4165 per
1240 4094 1594 4160 incrementa,
1630 4104 1687 4149 ut
1713 4095 1849 4158 dixi,
1885 4103 1939 4149 et
1974 4111 2071 4165 per
2094 4110 2214 4165 pro-

2296 2270 2433 2335 πῶς,
2452 2271 2884 2326 διαϐεϐαιοῦνταί
2924 2289 3069 2336 τινες
3108 2272 3203 2326 καὶ
3254 2272 3437 2335 ίδικῶς
3477 2288 3537 2324 τε
3590 2273 3685 2324 καὶ
3737 2274 3871 2325 κατά

2299 2363 2486 2432 μόνας,
2515 2367 2606 2417 καί
2635 2364 2739 2430 ἔξω
2776 2365 2975 2435 σαρκὸς
3002 2364 3114 2417 όντι
3156 2380 3216 2417 τε
3252 2364 3347 2416 καὶ
3390 2362 3670 2433 νοουμένῳ
3701 2362 3781 2433 τῷ
3812 2364 3872 2414 ἐκ

2297 2456 2432 2510 Θεοῦ
2462 2458 2616 2525 φύντι
2643 2457 2801 2527 Λόγῳ
2820 2474 2834 2487 ·
2868 2458 3100 2527 πρέπειν
3122 2457 3179 2511 δὲ
3208 2458 3411 2528 ὁμοίως
3436 2458 3530 2511 καὶ
3565 2456 3645 2527 τῷ
3679 2458 3744 2509 ἐκ
3773 2456 3873 2524 τῆς

2300 2548 2465 2615 ἁγίας
2492 2549 2768 2620 Παρθένου
2794 2550 3196 2620 γεγεννημένῳ,
3223 2550 3327 2603 κᾶν
3351 2550 3400 2601 εί
3419 2551 3591 2601 νοοῖτο
3614 2548 3875 2617 ὑπάρχων

2300 2643 2442 2695 κατὰ
2473 2643 2639 2713 μόνας
2666 2641 2745 2695 ἔτι
2774 2642 2869 2695 καὶ
2894 2641 3015 2694 καθ’
3039 2642 3231 2695 ἑαυτόν
3252 2657 3266 2672 °
3296 2642 3391 2695 καὶ
3424 2641 3624 2712 τρίτως
3656 2640 3716 2692 δέ
3745 2639 3880 2709 πρέ-

2301 2750 2424 2786 πειν
2475 2733 2696 2803 ἀμφοῖν.
2742 2734 2939 2786 ὡσανεὶ
2978 2747 3005 2774 ι
3055 2732 3150 2786 τοῦ
3195 2733 3297 2804 τῆς
3344 2732 3643 2801 συναφείας
3691 2730 3878 2799 λόγου,

2302 2824 2550 2893 καθάπερ
2583 2824 2735 2877 αὐτοί
2778 2841 2962 2893 φασιν,
2997 2827 3075 2887 είς
3114 2824 3173 2877 ἓν
3204 2824 3401 2888 αὐτοὺς
3428 2825 3721 2891 πρόσωπον
3760 2838 3881 2874 συν-

2303 2912 2601 2976 εισδέοντες
2618 2921 2647 2960 Y
2671 2926 2686 2940 °
2713 2912 2958 2977 ἐνὼσεως
2984 2913 3092 2984 γάρ
3119 2913 3220 2984 τῆς
3246 2912 3389 2967 κατά
3426 2912 3589 2981 φύσιν
3615 2912 3711 2965 καὶ
3746 2912 3880 2980 ἀλη-

2305 3001 2431 3065 θοῦς
2464 3001 2640 3065 οὐδεὶς
2665 3002 2819 3070 λόγος
2847 3003 3028 3065 αὐτοῖς
3047 3020 3061 3035 ·
3089 3003 3267 3056 καίτοι
3303 3002 3509 3073 ταύτην
3540 3003 3759 3073 ἔχοντος
3788 3002 3881 3053 τοῦ

2309 3095 2607 3166 μυστηρίου
2634 3096 2730 3161 τὴν
2765 3094 2883 3147 ὁδὸν
2915 3095 3081 3167 ὀρθὴν
3122 3096 3219 3150 καὶ
3250 3095 3693 3165 ἀπλανεστάτην’
3726 3094 3823 3147 καὶ
3850 3096 3883 3165 ἡ

2309 3182 2505 3252 σκῆψις
2547 3183 2726 3237 αὐτῶν
2771 3186 2870 3255 οὐχ
2915 3185 3060 3254 ἀπλῆ
3086 3223 3102 3247 ,
3160 3186 3385 3256 πικρίας
3426 3185 3486 3239 δὲ
3540 3184 3743 3255 μᾶλλον
3789 3184 3885 3236 καὶ

2307 3274 2523 3344 ἀπάτης
2595 3275 2964 3345 μεμέστωται.
3018 3277 3237 3345 Ἐπειδὴ
3284 3275 3395 3345 γὰρ
3436 3278 3469 3344 ἡ
3526 3276 3885 3338 θεόπνευστος

2308 3366 2498 3437 Γραφὴ
2540 3367 2775 3436 Χριστὸν
2803 3368 3167 3439 όνομάξουσα,
3200 3370 3378 3423 πάντα
3403 3369 3553 3440 αὐτῷ
3586 3369 3885 3440 προσνέμει

2310 3458 2378 3510 τὰ
2406 3457 2683 3529 θεοπρεπῆ
2730 3457 2879 3526 (οἶδε
2922 3462 3051 3533 γὰρ,
3102 3458 3211 3515 οἶδε
3252 3463 3311 3515 ἐν
3342 3461 3659 3532 ἀνθρωπεία
3697 3464 3883 3532 μορφῇ

2312 3550 2590 3620 πεφηνότα
2618 3553 2714 3604 καὶ
2745 3552 3162 3624 σεσαρκωμένον
3191 3554 3284 3607 τὸν
3316 3553 3450 3607 Θεοῦ
3487 3554 3721 3625 Λόγον),
3759 3571 3883 3607 σκο-

2311 3643 2413 3706 πὸς
2443 3643 2500 3696 δὲ
2534 3646 2648 3707 τοῖς
2691 3643 2857 3716 ἕτερα
2907 3645 3059 3716 παρὰ
3096 3645 3256 3700 τοῦτο
3300 3649 3515 3717 φρονεῖν
3550 3648 3881 3718 ᾑρημένοις,

2314 3734 2409 3786 καὶ
2437 3732 2614 3787 κοινὸν
2646 3732 2932 3803 ἄνθρωπον
2960 3733 3284 3803 ἀποφαίνειν
3311 3734 3401 3787 τὸν
3427 3736 3489 3786 ἐκ
3518 3733 3799 3801 γυναικὸς,
3829 3732 3883 3797 ἐξ

2312 3823 2624 3888 ἐπιδόσεως,
2659 3824 2734 3887 ὠς
2763 3825 2921 3895 ἔφην,
2945 3827 3039 3879 καὶ
3072 3826 3129 3892 ἐξ
3164 3826 3300 3889 ἰδίας
3324 3843 3382 3878 τε
3418 3825 3512 3878 καὶ
3538 3823 3882 3894 ἀνθρωπίνης

2313 3915 2517 3986 ἀρετῆς
2547 3914 2695 3980 ἀξιον
2738 3916 2930 3970 ἑαυτὸν
2964 3919 3395 3988 παραστήσαντα
3436 3915 3533 3970 τοῦ
3567 3917 3767 3987 χρῆναι
3804 3932 3884 3967 τις

2318 4006 2522 4077 μᾶσθαι
2555 4008 2649 4060 καὶ
2673 4007 2933 4078 συναφείᾳ
2961 4007 3255 4078 προσώπου
3281 4010 3347 4078 τῇ
3379 4008 3516 4077 πρὸς
3545 4009 3634 4060 τὸν
3659 4009 3723 4059 ἐκ
3752 4005 3880 4059 Θεοῦ

2315 4097 2509 4165 Λόγον,
2544 4096 2637 4151 καὶ
2665 4098 2960 4152 ἀπόλεκτον
2985 4097 3239 4167 γενέσθαι
3271 4098 3413 4153 κατὰ
3447 4100 3779 4169 πρόγνωσιν.

644 4192 842 4259 priam,
884 4190 986 4244 hoc
1028 4197 1111 4244 est
1146 4190 1433 4242 humanam
1492 4188 1744 4243 virtutem
1801 4188 2019 4258 dignum
2082 4204 2142 4244 se
2195 4190 2503 4258 praebuerit,
2547 4191 2640 4260 qui
2689 4193 2948 4245 honorem
2987 4205 3202 4261 quoque
3245 4190 3601 4245 connexionis
3632 4204 3756 4244 cum
3795 4188 3882 4243 Dei

642 4282 819 4338 Verbo
892 4290 1292 4350 assequeretur,
1360 4290 1415 4336 et
1470 4281 1664 4349 insigni
1742 4282 2217 4351 przedestinatione
2253 4282 2565 4355 eligeretur.
2856 4340 2857 4343 η
3445 4287 3448 4291 ’

710 4372 855 4426 XIII.
894 4370 1099 4426 Idcirco
1146 4389 1340 4427 nomen
1388 4373 1506 4435 hoc,
1545 4372 1813 4438 Christus,
1836 4372 1937 4428 soli
1994 4388 2212 4444 quoque

647 4465 822 4520 Verbo
850 4465 993 4532 quod
1019 4478 1082 4518 ex
1108 4463 1216 4518 Deo
1259 4464 1419 4519 Patre
1457 4473 1635 4519 ortum
1671 4474 1774 4531 est,
1798 4474 1857 4518 ut
1888 4465 2114 4521 seorsim
2146 4478 2215 4521 ac

643 4571 741 4627 per
778 4568 838 4609 se
861 4555 1156 4609 subsistere
1183 4556 1583 4623 consideratur,
1623 4556 1916 4612 convenire
1938 4564 2218 4611 asserunt.

648 4644 757 4701 ﬂos
786 4653 965 4700 autem
989 4645 1061 4699 ita
1089 4646 1293 4701 sentire
1330 4656 1423 4701 aut
1454 4647 1599 4717 loqui
1655 4662 1994 4718 nequaquam
2032 4648 2222 4703 didici-

647 4753 767 4793 mus
821 4757 835 4792 :
882 4736 1314 4806 quandoquidem
1369 4747 1496 4793 tunc
1550 4740 1781 4808 primum
1830 4740 2063 4795 Verbum
2094 4738 2218 4794 Jesu

2387 4376 2487 4430 Il".
2520 4376 2726 4429 Ἐκεῖνό
2767 4393 2949 4446 φασιν,
2986 4376 3164 4439 ὅτιτὸ,
3196 4373 3474 4443 Χριστός,
3494 4373 3663 4443 ὄνομα
3688 4372 3885 4443 πρέπει

2319 4467 2416 4520 καὶ
2452 4467 2618 4538 μόνῳ,
2664 4467 2758 4521 καὶ
2805 4468 2930 4538 ἰδίᾳ,
2980 4469 3073 4520 καὶ
3102 4466 3226 4519 καθ’
3255 4466 3445 4518 ἐαυτὸν
3473 4464 3751 4534 νοουμένῳ
3796 4464 3888 4516 καὶ

2315 4559 2610 4630 ὑπάρχοντι
2660 4558 2739 4627 τῷ
2791 4559 2854 4611 ἐκ
2912 4557 3046 4611 Θεοῦ
3094 4557 3307 4627 Πατρός
3349 4556 3659 4626 πεφηνότι*
3710 4554 3885 4622 Λόγῳ.

2325 4650 2518 4719 Ἡμεῖς
2560 4650 2617 4703 δὲ
2642 4650 2740 4719 οὐχ
2778 4649 2921 4702 οὕτω
2948 4648 3303 4718 δεδιδάγμεθα
3352 4650 3589 4717 φρονεῖν,
3621 4646 3656 4715 ἢ
3690 4646 3887 4712 λέγειν.

2322 4743 2453 4795 Ὅτε
2480 4740 2589 4812 γὰρ
2622 4741 2811 4810 γέγονε
2842 4738 2978 4811 σάρξ
3006 4742 3033 4793 6
3061 4741 3252 4809 Λόγος,
3287 4740 3408 4793 τότε
3443 4742 3537 4793 καὶ
3573 4738 3889 4809 ὠνομάσθαι

644 4831 845 4886 Christi
879 4829 1287 4902 appellationem
1309 4832 1556 4885 sortitum
1582 4832 1835 4897 dicimus,
1858 4848 1981 4887 cum
2016 4832 2201 4887 facturr

2324 4834 2506 4903 φαμὲν
2553 4832 2715 4886 αὐτὸν
2759 4830 2992 4901 Χριστὸν
3030 4828 3256 4900 Ἰησοῦν.
3298 4828 3514 4899 Ἐπειδὴ
3560 4828 3672 4899 γὰρ
3704 4828 3888 4897 κέχρι-

646 4933 733 4978 εει
779 4936 944 4987 caro;
992 4922 1257 4992 siquidem
1311 4925 1380 4979 ob
1428 4924 1477 4977 id
1507 4923 1757 4980 Christus
1815 4934 2057 4992 vocatur,
2092 4926 2215 4993 quia

645 5013 1025 5069 cxsultatiouis
1082 5015 1224 5082 oleo,
1255 5017 1354 5069 hoc
1392 5026 1475 5070 est
1533 5017 1738 5084 Spiritu
1771 5026 1981 5082 sancto,
2029 5032 2058 5071 a
2114 5017 2220 5071 Deo

649 5106 805 5159 Patre
834 5106 1112 5160 inunctum
1140 5116 1242 5161 cst.
1270 5106 1422 5173 Quod
1450 5115 1627 5160 autem
1648 5107 1889 5161 inunctio
1908 5107 1995 5161 illa
2015 5121 2222 5162 assum-

648 5206 750 5263 pta:
797 5194 1149 5250 humanitatis
1201 5198 1412 5251 ratione
1473 5197 1548 5251 illi
1605 5197 1914 5263 conveniat,
1978 5198 2030 5252 id
2080 5197 2219 5269 apud

650 5297 795 5338 recte
847 5286 1142 5341 sentientes
1176 5287 1228 5341 in
1274 5289 1623 5357 quatstionem
1660 5304 1766 5343 non
1812 5289 1997 5344 venit:
2024 5304 2146 5343 nam
2175 5291 2219 5345 si

651 5375 743 5429 Dei
777 5373 1011 5431 Verbum
1049 5379 1188 5432 Deus
1213 5388 1318 5445 est,
1349 5378 1493 5433 nulla
1531 5380 1715 5449 utique
1774 5381 2029 5436 unctione
2075 5381 2220 5436 indi-

602 5525 606 5529 .
719 5531 765 5562 ⁸³
796 5530 908 5587 Jac.
941 5548 994 5597 ν,
1022 5534 1113 5589 ⁸20.

2326 4941 2450 4978 σται
2505 4922 2583 4993 τῷ
2628 4921 2793 4992 ἐλαίῳ
2846 4922 2945 4990 τῆς
2996 4920 3388 4988 ἀγαλλιάσεως,
3444 4920 3563 4988 ἦτοι
3618 4918 3700 4987 τῷ
3758 4918 3890 4987 ἁγίῳ

2325 5014 2601 5084 Πνεῦματι
2649 5012 2802 5084 παρά
2845 5010 2941 5063 τοῦ
2992 5008 3126 5062 Θεοῦ
3192 5008 3287 5061 καὶ
3330 5008 3578 5078 Πατρός,
3637 5005 3889 5076 ταῦτῃτοι

2327 5105 2561 5177 Χριστὸς
2595 5104 2936 5174 ὀνομάζεται.
2965 5103 3089 5155 Ὅτι
3134 5100 3192 5154 δὲ
3225 5100 3356 5171 περὶ
3387 5100 3449 5152 τὸ
3484 5097 3825 5167 ἀνθρώπινον
3860 5100 3890 5166 ἡ

2328 5197 2529 5267 χρίσις,
2559 5196 2660 5248 οὐκ
2688 5195 2754 5248 ἂν
2785 5192 3075 5248 ἐνδοιάσειέ
3109 5209 3192 5255 τις
3223 5190 3335 5245 τῶν
3366 5190 3501 5260 όρθά
3526 5192 3747 5260 φρονεῖν
3774 5190 3890 5242 siu-

2330 5288 2533 5340 θότων·
2578 5288 2669 5339 εἰει
2714 5286 2813 5356 μὲν
2844 5286 2950 5357 γὰρ
2994 5284 3126 5347 Θεός
3175 5286 3291 5336 ἐστι
3334 5281 3431 5335 καὶ
3468 5280 3662 5349 Λόγος,
3702 5278 3803 5331 οὐκ
3833 5278 3895 5329 ἂν

2328 5378 2521 5451 ἐδεήθη
2557 5378 2793 5451 χρίσεως
2822 5394 2836 5407 °
2871 5377 2931 5431 οὐ
2963 5377 3070 5448 γάρ
3100 5391 3203 5429 που
3232 5374 3365 5447 φαίη
3401 5391 3483 5438 τις
3514 5372 3580 5428 ἂν
3613 5369 3893 5443 κεχρίσθιι

1709 5689 1886 5744 Varia:
1910 5689 2166 5744 lectiones
2198 5689 2401 5745 codicis
2430 5688 2787 5757 Seguieriani.

724 5831 748 5858 κ
783 5823 983 5894 ἀμφοῖν
1011 5824 1086 5888 ὡς
1107 5824 1207 5881 ἐνί.
1285 5834 1314 5875 3'
1350 5826 1763 5890 συνεισδὲοντος.
1841 5837 1862 5864 ι
1890 5827 2220 5898 γεννηθέντι.

2299 5842 2324 5870 ιι
2355 5829 2521 5893 ἴσως,
