4058 6480
92 365 243 419 1221
1249 371 1337 426 DE
1381 372 1608 430 RECTA
1652 374 1809 431 FIDE
1847 375 1938 429 AD
1979 374 2296 435 llEGlNAS.
3240 382 3380 439 £222

91 482 193 534 καὶ
227 483 519 552 ἡγιάσθαι
548 486 636 541 τὸν
677 489 742 542 ὲκ
775 487 910 542 Θεοῦ
940 489 1113 558 Λόγον
1152 490 1230 563 τῷ
1267 493 1379 564 ίδίῳ
1412 493 1700 564 Ιῖνεύματι1

1815 506 1922 567 get.
1950 495 2062 552 Nec
2088 496 2228 551 ullus
2266 509 2503 567 unquam
2532 497 2717 553 docuit
2743 496 2837 555 Dei
2884 496 3118 555 Verbum
3170 498 3377 572 Spiritu

90 573 167 658 α’ές
220 575 429 648 ἑτέρῳ
467 580 597 649 παρ’
633 581 795 634 αὐτὸν
836 581 935 652 τὴν
976 581 1136 651 φύσιν
1192 585 1572 658 ύπερκειμένῳ
1612 586 1700 640 καὶ

1810 603 1911 644 suo
1941 590 2219 644 inunctum
2246 598 2336 643 aut
2361 590 2751 644 sanctiﬁcatum
2776 605 2916 659 esse,
2944 591 3098 662 quasi
3118 592 3164 648 is
3180 609 3379 649 secun-

88 666 446 737 προῦχοντι.
479 690 496 721 σ
522 672 705 743 Χωρὶς
736 673 845 744 γὰρ
874 677 1057 746 πάσης
1079 676 1384 746 ἀντιλογίας
1407 679 1467 732 τὸ
1490 680 1700 733 ἔλαττον

1812 681 1935 734 dum
1965 689 2212 734 naturam
2236 683 2304 735 ab
2335 680 2425 736 illo
2452 682 2522 735 sit
2541 680 2809 747 diversus,
2844 682 3090 752 superior
3114 692 3170 739 et
3197 686 3380 739 excel—

91 756 208 807 ὑπὸ
236 756 352 810 τοῦ
385 762 689 831 κρείττονος
718 765 1039 833 εὐλογεῖται.
1063 787 1082 820 ι
1130 769 1349 840 Ἐπειδὴ
1377 770 1432 823 δὲ
1461 774 1575 835 τοῖς
1605 772 1705 838 τῆς

90 847 552 923 ἁνθρωπότητος
581 855 799 926 μέτροις
821 857 881 909 τὸ
900 859 1222 926 ἁγιάζεσθαί
1248 878 1306 914 τε
1335 862 1429 915 καὶ
1454 863 1703 933 χρίεσθαι

92 940 349 1007 πρέπει,
390 944 539 997 πᾶσά
570 962 681 1009 πως
710 948 921 1019 ἀνάγκη
957 950 1191 1020 Χριστὸν
1225 951 1585 1022 ὀνομάζεσθαι
1612 954 1703 1005 τὸν

92 1030 159 1080 ὲκ
196 1030 359 1084 Θεοῦ
413 1034 623 1103 Λόγον,
667 1038 766 1107 ούχ
808 1040 896 1091 ὅτε
930 1042 1134 1110 γυμνὸς
1167 1039 1235 1113 ἦν
1278 1043 1358 1096 ἔτι
1405 1045 1499 1097 καὶ
1551 1043 1704 1099 οῦπω

96 1128 574 1197 σεσαρκωμένος,
622 1130 739 1183 ἀλλ’
782 1132 871 1185 ὅτε
909 1135 1148 1203 γεγονὼς
1184 1136 1304 1189 καθ’
1342 1138 1511 1207 ἡμᾶς,
1541 1153 1700 1192 τουτ-

1811 771 2024 827 lentior.
2062 792 2079 824 ι
2128 771 2302 827 Minus
2336 787 2569 842 namque
2605 774 2724 828 sine
2748 774 2853 827 ulla
2885 777 3315 832 contradictione
3345 794 3379 831 τι

1810 862 2021 917 meliori
2058 876 2271 931 semper
2293 862 2631 917 benedicitur
2651 863 2718 917 “.
2754 881 2773 914 ι
2811 862 2946 930 Quia
2980 880 3110 934 ergo
3139 867 3379 920 sanctiﬁ-

1808 954 1953 1009 catio
2007 964 2062 1010 et
2103 955 2347 1008 inunctio
2403 955 2653 1009 humanae
2695 963 2907 1009 natura:
2936 956 3225 1011 humilitati
3253 972 3381 1011 cou-

1809 1052 2034 1115 gruunt,
2073 1046 2133 1099 ﬁt
2159 1045 2466 1099 necessario
2485 1044 2653 1099 utDei
2684 1043 2916 1101 Verbum
2948 1061 3052 1101 non
3085 1057 3193 1101 tum
3219 1047 3380 1102 Chri-

1808 1137 1877 1190 sti
1902 1137 2118 1191 nomine
2140 1137 2397 1190 donatum
2426 1136 2517 1201 sit,
2546 1151 2669 1190 cum
2696 1136 2993 1191 etiamnum
3026 1138 3249 1202 nudum,
3278 1140 3380 1193 hoc

1807 1235 1913 1291 est,
1945 1228 2179 1280 nondum
2235 1224 2577 1280 iucarnatum
2618 1235 2782 1291 esset,
2821 1228 2916 1281 sed
2974 1238 3102 1282 tunc
3136 1229 3377 1292 demum,

1806 1332 1927 1371 cum
1949 1332 2098 1371 more
2132 1326 2316 1371 nostro
2362 1316 2563 1371 factum
2595 1318 2775 1382 homo,
2801 1318 3095 1373 secundum
3129 1326 3377 1373 naturam

1807 1409 2097 1463 humanam
2142 1408 2417 1463 inunctum
2472 1418 2556 1463 est
2590 1426 2604 1462 :
2638 1409 2997 1476 Quamobrem
3044 1425 3240 1465 nomen
3278 1411 3381 1464 hoc

1806 1500 2067 1567 Christus,
2092 1502 2231 1556 nulla
2297 1502 2505 1556 ratione
2532 1502 2683 1573 prius
2715 1502 2768 1555 in
2805 1502 2897 1557 Dei
2933 1502 3111 1557 Patris
3148 1500 3376 1557 Verbum

94 1219 255 1271 ἐστιν
288 1222 609 1292 ἄνθρωπος,
646 1225 867 1298 ὲχρίσθη
896 1227 1037 1281 κατὰ
1067 1229 1127 1280 τὸ
1150 1229 1508 1299 ἀνθρώπινον.
1539 1230 1700 1283 ’Ὡστε

94 1310 157 1360 τὸ
207 1312 487 1378 Χριστὸς
522 1313 692 1383 ὄνομα
738 1317 937 1387 πρέποι
979 1317 1045 1371 ἂν
1092 1318 1210 1371 κατ’
1262 1320 1451 1372 οὐδένα
1497 1321 1698 1391 τρόπον

95 1400 260 1453 aiam»
306 1403 440 1454 καθ’
469 1406 615 1474 ἡμᾶς
644 1409 891 1474 γεγονότι
924 1408 1000 1480 τῷ
1038 1411 1100 1462 ὲκ
1128 1409 1261 1462 Θεοῦ
1297 1411 1506 1483 [ἰατρὸς
1538 1411 1699 1480 φύντι

98 1494 293 1563 Λόγῳ.
358 1496 420 1548 Ei
450 1496 506 1549 δὲ
531 1497 849 1568 ὁνομάζοιτό
893 1518 996 1554 που
1026 1503 1261 1573 Χριστὸς
1284 1542 1298 1565 ,
1348 1504 1699 1575 ὲνανθρωπήο

100 1582 284 1635 σαντά
321 1601 417 1652 μοι
448 1587 661 1665 νοήσεις
692 1588 883 1641 αὐτόν·
931 1590 1034 1643 κᾶν
1085 1593 1257 1660 Λόγον
1292 1592 1563 1666 ἀκούσῃς,
1603 1611 1700 1646 πε-

1808 1594 2176 1657 conveniebat,
2215 1608 2373 1663 quam
2409 1594 2644 1647 humano
2674 1607 2821 1647 more
2847 1602 3009 1662 atque
3038 1593 3196 1648 modo
3226 1594 3377 1661 geni-

102 1675 453 1747 πραγμένης
490 1678 590 1748 ἤδη
619 1680 717 1750 τῆς
755 1681 1238 1754 ὲνανθρωπήσεως,
1273 1684 1373 1754 τῆς
1405 1684 1699 1753 ὲνωθείσης

1808 1695 1915 1739 ιυιη
1944 1695 2108 1739 esset.
2142 1685 2293 1750 Quod
2317 1685 2362 1740 si
2399 1684 2644 1739 absolute
2683 1684 2876 1738 alicubi
2920 1684 3169 1739 Christus
3201 1685 3379 1738 nomi-

98 1772 256 1840 αὐτῷ
291 1774 375 1843 μὴ
418 1774 816 1847 ἀμνημονήσῃς
854 1780 1222 1850 σαρκός.Ἀνὰ
1255 1780 1418 1851 μέρος
1441 1780 1498 1833 δὲ
1523 1779 1696 1851 τούτῳ

1808 1789 1983 1845 natur,
2003 1792 2127 1833 mox
2147 1777 2273 1831 illttd
2292 1777 2630 1833 incarnatum
2649 1775 2918 1846 intelligas
2942 1792 2958 1834 τ
2982 1788 3032 1831 et
3058 1778 3106 1831 si
3137 1775 3374 1833 Verbum

104 1863 362 1934 κάκείνῳ
394 1866 630 1934 πρέπειν
657 1869 864 1924 οἴεσθαι
891 1873 990 1941 τὴν
1024 1872 1226 1943 φωνὴν,
1272 1873 1531 1926 ἀσύνετον
1561 1890 1696 1927 παν-

1808 1866 1991 1918 audias
2017 1876 2231 1934 peracta
2261 1866 2373 1935 jam
2403 1865 2798 1930 incarnatione,
2827 1867 2992 1921 unita:
3048 1866 3147 1936 ipsi
3192 1867 3377 1923 carnis

103 1954 306 2022 τελῶς,
352 1956 556 2027 μᾶλλον
585 1960 649 2031 δὴ
672 1961 697 1999 b
726 1962 825 2027 ita},
843 1962 1055 2014 ἀνόσιον
1085 1962 1118 2033 ἢ
1145 1965 1379 2033 φρονεῖν,
1430 1964 1463 2034 ἢ
1496 1963 1696 2031 λέγειν.

1808 1972 1908 2010 non
1934 1957 2289 2011 obliviscaris.
2327 1956 2499 2011 Porro
2528 1966 2707 2012 autem
2737 1957 2987 2011 arbitrari
3020 1973 3203 2013 vocem
3233 1958 3376 2013 hanc

106 2043 203 2112 Εἷς
233 2049 359 2119 γὰρ
384 2049 598 2121 Κύριος
638 2050 841 2120 Ἰησοῦς
862 2052 1117 2121 Χριστὸς,
1142 2053 1235 2105 καὶ
1259 2054 1319 2106 ού
1348 2054 1695 2124 μεμέρισται,

1808 2046 2040 2101 Christus
2064 2049 2289 2102 seorsim
2319 2047 2467 2115 huic,
2501 2055 2553 2102 et
2582 2047 2814 2102 seorsim
2853 2062 3038 2102 rursus
3068 2047 3141 2101 illi
3177 2061 3375 2103 conve-

108 2138 257 2191 καθὰ
290 2143 390 2191 καὶ
415 2140 578 2202 αὐτὸς
609 2141 636 2192 6
660 2140 969 2209 σοφώτατος
1000 2142 1275 2209 Παῦλος,ὁ
1303 2143 1538 2215 Χριστὸν
1562 2145 1699 2214 ἔχων

1808 2142 1939 2206 nire,
1974 2140 2139 2203 istud,
2185 2139 2425 2207 inquam,
2463 2140 2666 2195 sentire
2699 2139 2783 2193 vel
2826 2139 2971 2207 loqui
3020 2139 3241 2194 stultum
3287 2147 3374 2193 est

110 2229 164 2280 ὲν
191 2230 409 2299 ἑαυτῷ,
435 2230 498 2283 τὸ
537 2232 681 2284 θεῖον
716 2232 864 2302 αύτῷ
891 2233 1154 2287 λαλοῦντα
1185 2236 1503 2305 μυστήριον.
1526 2238 1700 2306 Προσε

1808 2231 2041 2296 omnino,
2066 2231 2173 2285 imo
2222 2246 2351 2285 vero
2386 2230 2632 2300 impium,
2671 2240 2727 2285 et
2761 2232 3065 2301 profanum.
3115 2230 3264 2286 Unus
3287 2241 3373 2285 est

118 2319 388 2374 εαλοῦσαι
423 2322 477 2374 δὲ
506 2326 617 2383 τοῖς
652 2323 844 2392 ἐφεξῆς
876 2324 1187 2393 κεφαλαίοις
1211 2366 1226 2389 ,
1261 2326 1393 2395 εύθῆ
1446 2327 1539 2379 καὶ
1590 2328 1698 2380 ἀπο

1808 2322 1941 2376 euim
1982 2322 2239 2376 Dominus
2283 2321 2758 2387 JesusChristus,
2807 2338 2912 2376 non
2944 2322 3168 2385 divisus.
3199 2337 3375 2391 neque

112 2411 414 2481 εξεσμὲνον
462 2414 539 2475 εἰς
586 2413 841 2483 ἀλήθειαν
897 2416 989 2468 τὸν
1031 2417 1162 2485 ἐμὸν
1213 2418 1474 2489 εὑρήσετε
1519 2418 1694 2485 λόγον.

1808 2415 2095 2479 dissectus;
2156 2414 2607 2482 quemadmodum
2664 2414 3098 2485 sapientissimus
3155 2413 3374 2479 Paulus,

114 2502 155 2553 Il
164 2502 715 2573 ροδιαμαρτύρασθαι
757 2503 811 2556 δὲ
839 2498 992 2575 οἶμαι
1034 2507 1255 2558 κάκεῖνο
1284 2507 1445 2559 καλόν
1466 2523 1479 2537 ο
1512 2506 1697 2577 ὥσπερ

1808 2506 1892 2573 qui
1930 2504 2208 2560 Christum
2240 2506 2291 2559 in
2338 2520 2399 2560 se
2436 2505 2679 2559 divinum
2715 2505 2817 2560 hoc
2848 2506 3163 2577 mysterium
3197 2507 3375 2561 reclu-

113 2595 223 2663 γάρ
258 2595 417 2645 ἐστιν
449 2595 506 2646 ὲν
538 2594 749 2665 θεότητι
772 2595 975 2661 τέλειος
1008 2599 1036 2650 6
1080 2598 1143 2649 ὲκ
1170 2597 1303 2650 Θεοῦ
1346 2599 1556 2669 Πατρὸς
1593 2598 1698 2650 Λό-

1808 2597 2013 2651 dentem
2040 2597 2294 2660 habebat,
2340 2596 2629 2651 manifeste
2663 2596 2819 2652 docet
2837 2595 2907 2651 ⁸⁵.
2942 2597 3139 2653 Verum
3182 2598 3249 2651 ad
3280 2613 3373 2651 ca-

116 2701 228 2749 γος,
260 2685 413 2738 οὕτω
443 2685 537 2737 καὶ
567 2688 625 2738 ἐν
650 2686 1029 2759 ἀνθρωπότητι
1060 2687 1263 2751 τέλειος
1284 2729 1298 2751 ,
1334 2690 1476 2741 κατά
1508 2705 1569 2756 γε
1610 2688 1698 2740 τὸν

1808 2690 1909 2756 pila
1941 2688 2132 2742 ordine
2163 2688 2378 2754 hicjam
2408 2688 2689 2755 sequentia
2722 2689 2962 2742 animum
2996 2690 3373 2758 adjungeutes,

116 2778 209 2844 τῆς
244 2779 671 2848 ἀνθρωπότητος
700 2779 856 2848 λόγον
877 2797 891 2811 ⁸
944 2782 1041 2834 ούκ
1072 2782 1275 2851 ἄψυχον
1311 2783 1471 2851 σῶμα
1497 2779 1696 2841 λαὸὼν,

1808 2775 2097 2827 orationem
2149 2790 2321 2827 meant
2370 2785 2573 2828 rectam
2623 2775 2727 2845 55
2763 2786 2817 2830 et
2853 2777 2920 2830 ad
2954 2777 3201 2831 veritatis
3240 2793 3370 2831 nor-

122 2869 476 2939 ἑψυχωμένον
497 2882 517 2909 ε
543 2872 600 2923 δὲ
638 2872 835 2941 μᾶλλον
864 2872 1009 2942 ψυχῇ
1041 2872 1255 2943 λογικῇ.
1274 2873 1329 2923 '0
1355 2872 1408 2924 δὲ
1436 2872 1567 2932 Θεὸς
1591 2871 1699 2923 τῶν

1808 2881 1941 2917 mam
1999 2868 2460 2921 accommodatam
2516 2867 2883 2936 comperietis.
2934 2867 3371 2923 Consentaneum

120 2960 274 3021 ὅλων,
302 2963 331 3013 6
357 2965 470 3024 τοῖς
501 2962 788 3030 ἀγαπῶσιν
813 2965 974 3017 αὑτὸν
996 2966 1064 3018 τὰ
1094 2966 1152 3029 ἐξ
1176 2964 1404 3036 ούρανοῦ
1429 2964 1699 3033 διανέμων

1808 2968 1880 3012 est
1918 2968 2118 3023 autem,
2146 2959 2360 3027 Opinor,
2410 2968 2468 3013 ut
2501 2958 2630 3013 illud
2679 2972 2893 3028 quoque
2929 2961 3031 3015 hoc
3077 2960 3195 3015 loco
3247 2976 3374 3028 pro-

124 3052 301 3119 ὰγαϐὰ
324 3094 340 3111 .
374 3056 472 3118 τὰς
518 3055 668 3118 ὁσίας
696 3057 850 3127 ὑμῶν
894 3058 1173 3127 ὲμπλήσαι
1205 3056 1381 3127 ψυχὰς
1409 3059 1523 3117 τοῖς
1568 3056 1697 3125 παρ’

1808 3060 2003 3117 tester;
2056 3061 2182 3121 puta
2240 3051 2331 3105 Dei
2364 3051 2542 3107 Patris
2581 3050 2815 3107 Verbum
2877 3070 3030 3124 aeque
3073 3054 3370 3123 perfectum

124 3142 313 3195 ἑαυτοῦ
348 3144 374 3181 ά
412 3144 777 3215 χαρίσμασιν·
830 3148 915 3200 ἵνα
970 3150 1063 3202 καὶ
1108 3148 1187 3210 είς
1242 3147 1439 3217 μέτρον
1482 3146 1699 3216 ἡλικίας

1808 3142 2025 3211 suisque
2056 3142 2296 3195 numeris
2335 3142 2643 3197 absolutum
2680 3155 2803 3197 esse
2846 3143 2901 3197 in
2933 3144 3292 3211 humanitate,
3318 3154 3375 3199 et

124 3232 511 3289 ἀναϐαίνουσαι
540 3237 634 3289 τοῦ
660 3238 1023 3308 πληρώματος
1070 3236 1163 3290 τοῦ
1206 3236 1465 3306 Χριστοῦ,
1498 3236 1698 3289 εὐκλεᾶ

1808 3232 2100 3288 secundum
2132 3233 2483 3288 humanitatis
2538 3233 2828 3300 rationem,
2863 3244 3025 3305 atque
3075 3236 3372 3305 perfectum

126 3325 215 3376 καὶ
267 3325 555 3396 εὐδόκιμον
612 3328 712 3399 τὴν
774 3327 1105 3396 ἁξιάγαστον
1163 3328 1319 3399 ὑμῶν
1379 3329 1696 3399 ἀποφήνητε

1808 3333 1887 3380 est
1914 3326 1967 3378 in
2004 3324 2308 3379 divinitate.
2340 3325 2478 3379 Tum
2514 3338 2711 3394 corpus
2747 3340 2962 3396 quoque
2988 3328 3130 3396 quod
3160 3343 3375 3383 assunt-

130 3415 286 3485 ςωὴν.
319 3417 475 3484 ἀγίαι
503 3418 710 3487 νύμφαι
739 3419 997 3490 Χριστοῦ.

1808 3418 1909 3486 psit
1942 3430 2045 3469 non
2084 3414 2382 3470 inanimum
2399 3431 2540 3483 esse,
2573 3418 2666 3473 sed
2691 3416 2867 3470 anima
2891 3417 3224 3490 intelligente
3253 3436 3377 3489 per-

130 3505 319 3561 fectum
350 3520 408 3564 et
444 3512 810 3565 informatum.
877 3510 1261 3566 Universarum
1321 3526 1501 3566 rerum
1545 3510 1724 3579 opifex
1805 3517 2101 3577 auctorque
2146 3508 2287 3561 Deus
2341 3507 2579 3578 (sanctae
2635 3511 2837 3566 Christi
2891 3514 3137 3582 sponsae)
3186 3512 3278 3582 qui
3314 3526 3374 3565 se

132 3600 471 3675 diligentibus
488 3604 730 3658 cmlestia
759 3605 1242 3673 bouaimpertitur,
1305 3604 1488 3658 beatas
1512 3605 1721 3657 animus
1762 3611 1971 3654 vestras
2002 3601 2120 3654 suis
2152 3599 2311 3655 donis
2348 3599 2590 3668 impleat,
2656 3616 2762 3670 quo
2812 3602 2866 3656 in
2908 3616 3212 3657 mensuram
3240 3616 3373 3659 teta-

134 3693 196 3746 tis
239 3694 591 3764 plenitudinis
674 3694 877 3750 Christi
938 3704 1346 3763 consurgentes,
1404 3695 1571 3749 vitam
1623 3692 1913 3764 gloriosum
1977 3691 2398 3759 prohatamque,
2454 3699 2508 3745 et
2569 3691 2715 3746 omni
2752 3692 3109 3747 admiratione
3154 3692 3371 3762 dignam

134 3788 464 3856 itansigatis.

291 3920 480 3974 TAAE
518 3920 841 3973 ΕΝΕΣΤῘΝ
874 3919 975 3973 ΕΝ
1015 3920 1179 3974 ΤΟΙΣ
1215 3919 1526 3972 ΕΦΕΞΗΣ.

1808 3917 1979 3973 ΗίΕϐ
2034 3917 2322 3973 INSUNT
2373 3918 2462 3974 ΙΝ
2511 3918 2619 3975 IIS
2672 3919 2845 3986 QU/E
2896 3920 3371 3989 SEQUUNTUR.

1873 4052 2024 4119 Quod
2069 4051 2316 4106 Christus
2350 4052 2418 4105 sit
2450 4053 2611 4114 Deus.
2660 4052 2853 4107 unione
2919 4055 2984 4108 ad
3029 4055 3196 4108 Deum
3247 4054 3375 4110 Ver-

1810 4145 1934 4198 hum
1980 4145 2309 4198 ascendente
2354 4145 2418 4198 ad
2468 4143 2585 4213 ejus
2630 4143 2854 4213 gloriam
2908 4146 3107 4213 templo
3156 4160 3372 4215 qu0qne

1804 4244 2103 4303 assumpto,
2140 4250 2205 4288 ex
2237 4234 2573 4301 apostolicis.

199 4055 320 4109 Ὀτι
369 4054 502 4118 Θεὸς
552 4057 580 4108 6
628 4054 884 4126 Χριστὸς,
920 4051 1110 4106 ἑνώσει
1160 4056 1227 4124 τῇ
1261 4053 1398 4123 πρὸς
1434 4052 1525 4105 τὸν
1561 4052 1695 4103 Θεὸν

138 4146 294 4214 Λόγον
318 4149 398 4209 είς
421 4145 519 4217 τὴν
539 4145 701 4197 αὐτοῦ
719 4146 873 4211 δόξαν
894 4144 1274 4207 ἀναϐαίνοντος
1295 4144 1389 4197 καὶ
1410 4142 1503 4196 τοῦ
1528 4158 1698 4215 προσ-

138 4234 422 4305 ληφθέντος
448 4235 601 4300 ναοῦ,
626 4238 689 4288 ὲκ
712 4235 819 4286 τῶν
846 4233 1237 4287 ἀποπολικῶν.

212 4328 302 4380 Ἐκ
338 4327 445 4380 τῶν
482 4326 781 4380 καθολικῶν
818 4324 1057 4395 ὲκλογὴε
1098 4326 1175 4387 είς
1213 4323 1273 4377 τὸ
1309 4323 1459 4377 αὑτό.

1877 4327 1958 4381 Ex
1989 4327 2274 4381 catholicis
2314 4328 2600 4382 sententiae
2629 4328 2681 4382 in
2716 4328 2879 4383 idem.

210 4420 302 4473 Ἐκ
338 4420 448 4473 τῶν
486 4418 852 4488 εύαγγελικῶν
890 4416 1127 4488 ὲκλογὴτ
1170 4418 1249 4479 εἰς
1286 4416 1344 4468 τὸ
1379 4414 1527 4468 αὑτό.

1888 4421 1965 4474 Ex
1996 4419 2325 4488 evangelicns
2352 4420 2635 4475 sententias
2669 4436 2721 4475 ll
2753 4422 2915 4475 idem.

202 4511 321 4565 Ὀτι
349 4511 463 4581 ζωὴ
499 4511 591 4564 καὶ
622 4509 882 4573 ξωοποιὸς
913 4510 941 4561 6
967 4506 1220 4577 Χριστός,
1252 4508 1315 4559 ὲκ
1360 4506 1468 4559 τῶν
1511 4503 1700 4575 κειμέ-

1875 4509 2024 4576 Quod
2055 4507 2308 4561 Christus
2341 4508 2411 4561 sit
2449 4509 2581 4574 vita,
2615 4517 2669 4563 et
2700 4510 3025 4571 viviﬁcatnr,
3056 4520 3372 4579 argumenta

144 4621 236 4657 νων
266 4606 418 4676 παρὰ
447 4604 525 4673 τῷ
554 4602 837 4672 ἀποστόλῳ
872 4600 1090 4670 Παύλῳ,
1123 4598 1216 4651 καὶ
1253 4599 1311 4651 ὲν
1341 4600 1451 4660 τοῖς
1477 4598 1700 4651 ἀποστο-

1808 4615 1865 4654 ex
1916 4598 2145 4668 apostoli
2182 4597 2332 4651 Pauli
2378 4598 2717 4669 aliorumque
2769 4600 3133 4669 apostolorum
3182 4598 3377 4655 litteris

142 4694 299 4762 λικοῑς
326 4699 581 4768 εὑρήσεις
603 4696 650 4748 ε.

204 4788 324 4841 Ὅτι
368 4787 447 4849 είς
494 4782 727 4855 Χριστὸν
778 4783 810 4852 ἡ
865 4781 1047 4844 πίστις
1088 4779 1162 4843 ὡς
1194 4780 1272 4843 είς
1299 4778 1451 4846 Θεὸν,
1488 4779 1554 4833 ὲκ
1594 4777 1704 4832 τῶν

144 4878 453 4942 χαθολικῶν,
486 4878 579 4929 καὶ
606 4876 670 4927 ὲκ
698 4874 806 4928 τῶν
839 4874 1228 4943 εύαγγελικῶν.

208 4970 325 5023 ὀτι
369 4967 486 5039 ζωὴ
525 4966 621 5020 καὶ⁵
659 4966 965 5037 ἱλαστήριον
993 4967 1021 5018 6
1052 4963 1309 5035 Χριστὸς,
1344 4962 1564 5032 ἐκλογαὶ
1591 4962 1707 5017 διά-

148 5076 307 5130 φόροι.

204 5151 321 5204 Ὀτι
355 5152 383 5203 6
412 5146 648 5220 Χριστοῦ
694 5147 919 5210 θάνατος
966 5145 1045 5216 τῷ
1088 5145 1278 5217 κόσμῳ
1326 5147 1609 5217 σωτήριος,
1642 5146 1707 5199 ὲκ

147 5242 239 5296 τῶν
268 5239 644 5295 ἀποπολικῶν
674 5240 766 5292 καὶ
798 5234 1164 5305 εύαγγελικῶν
1194 5235 1436 5305 ἐκλογαί.

206 5415 249 5448 ³⁸
276 5415 443 5471 llebr.
481 5429 579 5479 vn,
620 5413 673 5468 7.
751 5412 796 5445 ⁸⁸
828 5411 996 5469 lCor.
1023 5408 1065 5477 Ι,
1098 5410 1133 5464 2
1163 5424 1316 5480 seqq.

1805 4691 1991 4766 petita.

1877 4781 2027 4847 Quod
2072 4780 2204 4833 fides
2238 4779 2308 4833 sit
2352 4780 2405 4834 in
2444 4778 2741 4845 Christum,
2788 4790 2844 4834 ιιι
2875 4781 2927 4834 in
2964 4780 3151 4845 Deum,
3181 4796 3245 4834 ex
3282 4798 3373 4834 ca-

1808 4869 2024 4925 tholicis
2055 4880 2110 4924 et
2137 4871 2488 4941 evangelicis.

1878 4960 2030 5028 Quod
2071 4962 2320 5017 Christus
2365 4963 2436 5016 sit
2464 4962 2571 5015 vita
2615 4972 2668 5016 et
2695 4962 3148 5031 pr0pitiatorium,
3181 4965 3374 5034 expla-

1809 5053 2054 5106 nationes
2085 5054 2267 5107 variae.

1880 5144 2031 5208 Quod
2065 5142 2269 5197 Christi
2297 5158 2441 5197 mors
2473 5142 2672 5197 mundo
2710 5143 2963 5197 salutaris
2993 5143 3282 5213 exstiterit,
3309 5159 3376 5199 ex

1812 5235 2128 5303 apostolicis
2159 5246 2213 5290 et
2246 5236 2572 5305 evangelicis
2607 5236 3007 5296 annotatioucs.

1206 5563 1378 5618 Varim
1404 5562 1662 5617 lectiones
1696 5560 1898 5617 codicis
1928 5560 2287 5637 Seguicriani.

210 5752 241 5793 δ
267 5751 345 5808 δέ.
423 5760 448 5791 ε
490 5750 903 5821 ὲμψυχωμένον.
978 5748 1003 5787 ά
1043 5746 1236 5818 ἑαυτῷ.

1355 5757 1376 5783 ε
1411 5743 1650 5812 ἐκλογαί.
1732 5742 1751 5782 ί
1785 5742 2027 5814 ἐκλογαί.
2107 5746 2131 5784 Β
2154 5744 2241 5799 ϊσ.
2273 5744 2544 5816 εὑρέσεις.
