4058 6450
696 361 837 418 1225

1691 358 1750 413 S.
1791 358 2068 413 CYRIIJJ
2107 355 2573 411 ALEXANDRINI
2611 349 2933 414 AilClllEP.

3814 354 3936 408 ιὲειι

693 474 846 543 Quod
899 471 1138 528 Christus
1199 473 1265 527 sit
1318 472 1478 536 Deus,
1521 488 1615 539 per
1660 474 1901 527 unionem
1961 472 2049 543 adq
2082 471 2247 525 Deum

2351 471 2473 523 Ὅτι
2520 470 2663 535 Θεὸς
2715 474 2749 524 ὁ
2796 470 3071 543 Χριστὸς,
3104 470 3317 543 ένὼσει
3348 470 3425 539 τῇ
3466 470 3626 543 πρὸς
3658 467 3773 522 τὸν
3796 472 3938 543 ΔΘείι·

771 543 993 597 Verbum
1041 544 1347 597 ascendente
1388 546 1456 595 ad
1489 543 1604 612 ejus
1641 544 1861 595 alorinm
1894 542 2084 611 templo
2117 558 2248 612 quo-

757 629 855 684 que
883 621 1173 682 assumpto.

1100 720 1187 778 Ea:
1218 723 1437 793 epistola
1470 723 1538 775 ad
1563 721 1846 778 Romanos.

765 857 784 890 ι
812 836 1012 893 Paulus
1050 850 1237 892 servus
1273 832 1398 890 Jesu
1432 833 1656 897 Christi,
1692 842 1913 887 vocatus
1955 830 2248 902 apostolus,

687 939 1000 1000 segregatus
1034 928 1088 982 in
1122 926 1473 994 Evangelium
1507 925 1626 990 Dei,
1653 925 1795 994 quod
1827 935 1953 977 ante
1988 924 2251 992 promise-

687 1032 772 1076 rat
806 1036 902 1090 per
951 1020 1244 1089 praphetas
1295 1032 1425 1074 suos
1464 1016 1520 1070 in
1568 1014 1867 1085 Scripturis
1922 1015 2147 1079 sanctis,
2182 1016 2249 1068 de

686 1111 822 1167 Filio
852 1125 970 1176 suo,
1001 1109 1095 1179 qui
1128 1109 1306 1163 factus
1334 1116 1418 1163 est
1449 1107 1499 1162 ei
1525 1121 1593 1162 ex
1618 1106 1823 1161 semine
1855 1104 2021 1159 David
2052 1118 2247 1159 secun-

686 1202 813 1258 dum
853 1215 1110 1266 carnem;
1143 1199 1233 1268 qui
1274 1196 1697 1268 prtedestinatus
1730 1204 1813 1250 est
1849 1192 2019 1247 Filius
2054 1193 2147 1247 Dei
2186 1191 2241 1246 in

684 1292 794 1363 56
836 1291 1069 1356 virtute,
1130 1288 1425 1344 secundum
1488 1286 1746 1355 Spiritum
1800 1282 2250 1338 sanctificationis

683 1398 751 1439 ex
798 1382 1200 1438 resurrectione
1246 1388 1583 1434 mortuorum
1631 1375 1759 1430 Jesu
1805 1374 2001 1429 Christi
2036 1371 2244 1428 Domini

683 1475 855 1530 nostri
887 1474 959 1529 ⁸⁸.
989 1492 1008 1524 ι
1040 1472 1208 1540 Igitur
1230 1470 1275 1525 si
1300 1468 1611 1538 praedicatio
1634 1465 1936 1521 deChristo
1963 1472 2042 1518 est
2072 1464 2248 1517 Evan-

681 1564 877 1634 gelium
907 1564 998 1618 Dei
1022 1602 1039 1629 ,
1079 1561 1348 1631 quomodo
1373 1558 1624 1614 Christus
1656 1572 1761 1612 non
1792 1566 1877 1611 est
1905 1556 2078 1612 Deus?
2103 1556 2246 1609 Rur-

681 1667 800 1707 sum
832 1651 893 1705 .si
945 1664 1137 1705 omnes
1185 1648 1404 1703 omnino
1454 1646 1729 1715 propheta:
1772 1647 1836 1700 ad
1876 1648 2048 1714 ipsum
2088 1644 2244 1714 quasi

680 1743 749 1798 ad
794 1756 1017 1812 scopum
1064 1740 1365 1804 collimaut,
1399 1739 1702 1807 divinaeque
1749 1737 2046 1806 Scriptura:
2091 1738 2240 1792 illum

2426 544 2616 608 Λόγον
2635 542 2722 606 εὶς
2752 541 2866 607 τὴν
2889 541 3075 595 αὑτοῦ
3107 542 3295 604 δόξαν
3324 540 3823 605 ἀναϐαίνοντος-ι
3847 542 3932 592 καὶ

2424 609 2531 664 τοῦ
2556 611 3053 679 προσληφθέντος
3082 612 3257 665 ναοῦ.
3896 616 3905 625 ’

2733 722 2835 776 Ἐκ
2872 721 2982 791 τῆς
3018 722 3169 790 πρὸς
3208 724 3544 793 Ῥωμαίους.

2432 855 2449 889 ι
2466 835 2678 898 Παῦλος
2705 836 2888 901 δοῦλος
2911 838 3085 909 Ἰησοῦ
3108 838 3364 909 Χριστοῦ,
3382 839 3583 909 κλητὸς
3610 841 3926 907 ἀπόστολος,

2352 929 2733 1001 ἀφωρισμένος
2763 930 2843 993 είς
2872 930 3201 998 Εὑαγγέλιον
3221 931 3377 996 Θεοῦ,
3404 931 3430 984 δ
3454 934 3929 1002 προεπηγγείλατο

2351 1019 2441 1073 διὰ
2477 1021 2587 1073 τῶν
2631 1019 2923 1091 προφητῶν
2962 1020 3126 1074 αὐτοῦ
3175 1022 3232 1073 ἐν
3279 1021 3525 1091 Γραφαῖς
3554 1022 3777 1092 ἀγίαις,
3815 1026 3928 1094 περὶ

2351 1110 2446 1164 τοῦ
2474 1109 2604 1163 Υἱοῦ
2634 1109 2820 1174 αὑτοῦ,
2855 1109 2950 1163 τοῦ
2986 1110 3279 1180 γενομένου
3311 1111 3377 1164 ὲκ
3408 1112 3738 1180 σπέρματος
3780 1114 3924 1166 Anti

2353 1200 2492 1255 κατά
2525 1200 2735 1271 σάρκα·
2770 1199 2860 1254 τοῦ
2898 1199 3204 1269 ὁρισθέντος
3238 1200 3370 1254 Υἱοῦ
3418 1202 3556 1255 Θεοῦ
3600 1205 3666 1256 ὲν
3710 1203 3923 1273 δυνάμει

2350 1291 2493 1345 κατὰ
2542 1292 2766 1361 Πνεῦμα
2815 1291 3145 1362 ἁγιωσύνης,
3192 1292 3251 1357 ἐξ
3298 1293 3653 1357 ἀναστάσεως
3702 1297 3920 1367 νεκρῶν,

2363 1382 2536 1452 Ἰησοῦ
2567 1381 2803 1453 Χριστοῦ
2849 1380 2943 1434 τοῦ
2993 1383 3197 1453 Κυρίου
3228 1382 3405 1453 ἡμῶν.
3439 1402 3458 1435 ι
3493 1383 3739 1445 Οὐκοῦν.
3777 1386 3921 1456 εἴπερ

2349 1471 2496 1523 ἐστὶν
2542 1472 2872 1540 Εὑαγγέλιον
2911 1471 3045 1524 Θεοῦ
3091 1472 3153 1525 τὸ
3194 1473 3323 1544 περὶ
3353 1473 3597 1542 Χριστοῦ
3646 1474 3917 1545 κήρυγμα,

2349 1561 2465 1625 πῶς
2493 1563 2554 1615 οὐ
2589 1562 2719 1626 Θεὸς
2751 1563 2779 1614 ό
2807 1563 3071 1633 Χριστόςς
3106 1564 3217 1617 Καὶ
3258 1566 3308 1617 εί
3353 1566 3539 1633 πάσης
3588 1568 3921 1635 προφητείας

2349 1652 2435 1706 ἔπ’
2468 1652 2599 1705 αὐτὸ
2645 1652 2945 1723 βλεπούσης
2979 1653 3169 1723 πέρας,
3208 1654 3301 1706 καὶ
3344 1654 3475 1706 Υίὸν
3520 1653 3619 1706 τοῦ
3654 1654 3789 1707 Θεοῦ
3832 1673 3919 1723 κη-

2352 1740 2632 1813 ρύττουσιν
2675 1745 2730 1796 αἱ
2763 1743 2974 1813 Γραφαὶ
3001 1744 3092 1797 τὸν
3141 1744 3206 1797 ὲκ
3256 1743 3575 1814 σπέρματος
3601 1744 3788 1805 Δαυῖδ,
3823 1746 3918 1797 κᾶν

680 1834 877 1903 ipsum,
911 1832 1004 1903 qui
1050 1847 1118 1887 ex
1163 1831 1373 1886 semine
1404 1829 1573 1884 David
1621 1838 1773 1885 ortus
1804 1838 1909 1893 est,
1935 1843 2238 1898 quanquam

2347 1831 2575 1901 ὡρίσθαι
2598 1832 2809 1901 λέγοιτο
2848 1833 2990 1886 κατὰ
3017 1833 3243 1904 Πνεῦμα
3272 1833 3589 1902 ἁγιωσύνης
3626 1834 3719 1887 διὰ
3745 1834 3803 1887 τὸ
3829 1836 3915 1903 τῆς

679 1935 901 1995 propter
934 1923 1330 1980 incarnationis
1370 1922 1693 1993 mysterium
1720 1921 2013 1976 secundum
2042 1920 2245 1975 sancti-

2347 1920 2810 1993 ἰνανθρωπήσεως
2840 1923 3156 1993 μυστήριονο
3183 1922 3297 1985 πῶς
3326 1924 3423 1992 οὐχ
3444 1922 3574 1985 Υἱὸς
3606 1923 3839 1993 ἀληθῶς,
3860 1926 3914 1975 ἐκ

680 2014 948 2070 ticationis
991 2013 1248 2084 Spiritum
1300 2014 1713 2083 praedestinatus
1763 2012 1993 2075 dicatur,
2047 2010 2241 2065 Filium

2347 2012 2444 2080 τῆς
2484 2013 2591 2065 τῶν
2618 2013 2826 2085 νεκρῶν
2856 2014 3203 2077 ἀναστάσεως
3238 2013 3724 2085 μαρτυρούμενος;
3771 2015 3914 2085 Ἑγήο

676 2106 770 2162 Dei
823 2107 1142 2176 praedicant,
1195 2121 1303 2175 quo
1335 2115 1498 2176 pacto
1543 2119 1649 2159 non
1701 2112 1784 2159 est
1830 2118 1991 2158 verus
2043 2103 2239 2169 Filius;

2347 2120 2537 2174 γερται
2569 2104 2679 2175 γὰρ
2707 2105 2806 2158 οὐκ
2835 2104 3120 2177 ἄνθρωπος
3150 2105 3324 2168 κοινὸς
3358 2105 3479 2158 καθ’
3509 2107 3684 2175 ἡμᾶς,
3716 2106 3824 2159 ἀλλ’
3844 2107 3911 2168 ὡς

677 2199 913 2252 maxime
950 2212 1079 2253 vero
1126 2213 1248 2252 cum
1277 2211 1375 2269 per
1408 2195 1861 2251 resurrectionem
1907 2211 1973 2248 ex
2020 2195 2244 2251 mortuis

2348 2196 2579 2251 θανάτου
2617 2197 2904 2268 κρείττων,
2938 2197 3075 2251 καθὸ
3100 2198 3195 2251 καὶ
3219 2196 3332 2264 ζωὴ
3361 2198 3457 2251 καί
3484 2197 3644 2263 Θεός.

676 2292 900 2350 evidens
932 2294 1299 2350 testimonium
1329 2293 1559 2349 habeat?
1587 2290 1774 2359 Neque
1838 2292 1983 2346 enim
2041 2290 2094 2343 in
2128 2292 2291 2344 vitam
2352 2293 2709 2347 resuscitatus
2764 2301 2848 2346 est
2902 2301 2962 2347 ut
3010 2307 3148 2349 unus
3199 2294 3466 2363 quispiam
3530 2292 3698 2347 homo
3750 2294 3901 2347 nostri

675 2385 903 2449 similis,
960 2385 1056 2439 sed
1110 2392 1367 2452 tanquam
1413 2390 1588 2437 morte
1640 2394 1919 2450 superior,
1968 2389 2237 2450 quatenus
2276 2381 2529 2436 nimirum
2559 2383 2663 2437 vita
2699 2390 2860 2438 estet
2890 2382 3047 2437 Deus.

748 2478 825 2532 De
862 2476 946 2532 his
994 2476 1086 2545 qui
1129 2475 1408 2533 Creatoris
1450 2477 1569 2532 loco
1610 2486 1916 2533 creaturam
1965 2477 2239 2531 adorant:

682 2590 701 2622 ι
736 2570 873 2636 Quia
922 2583 1045 2624 cum
1091 2569 1475 2638 cognovissent
1502 2569 1693 2633 Deum,
1736 2584 1841 2623 non
1888 2570 2026 2624 sicut
2072 2570 2238 2624 Deum

685 2663 1142 2733 gloriﬁcaverunt,
1166 2673 1258 2715 aut
1278 2661 1476 2728 gratias
1497 2670 1758 2729 egerunt;
1786 2663 1878 2717 sed
1901 2671 2239 2717 evanuerunt

2422 2478 2557 2546 Περὶ
2587 2476 2695 2530 τῶν
2723 2476 3166 2548 προσκυνούντων
3195 2480 3259 2547 τῆ
3293 2478 3468 2531 κτίσει
3501 2479 3657 2551 παρά
3690 2480 3777 2532 τὸν
3800 2478 3904 2531 κτί-

2350 2586 2515 2622 σαντα
2536 2584 2549 2597 ’
2602 2587 2620 2619 ι
2648 2567 2790 2620 Διότι
2824 2567 3043 2635 γνόντες
3068 2566 3161 2619 τὸν
3192 2567 3343 2628 Θεὸν,
3385 2570 3483 2638 οὔχ
3531 2569 3610 2633 ὡς
3649 2570 3781 2622 Θεὸν
3804 2570 3906 2622 ἐδέα-

2348 2661 2535 2725 ξασαν,
2565 2659 2598 2730 ἢ
2628 2659 3052 2730 εὐχαρίστησαν,
3104 2659 3218 2711 ἀλλ’
3249 2660 3697 2732 ἐματαιώθησαν,
3724 2662 3782 2714 ἐν
3806 2665 3903 2723 τοῖς

674 2754 728 2805 in
764 2749 1182 2820 cogitationibus
1216 2750 1350 2814 suis,
1394 2758 1449 2805 et
1478 2751 1825 2806 obscuratum
1857 2760 1939 2806 est
1975 2751 2237 2819 insipiens

2347 2751 2709 2821 διαλογισμοῖς
2736 2750 2936 2817 αὐτῶν,
2969 2751 3062 2804 καὶ
3093 2751 3380 2821 ἐσκοτίσθη
3409 2753 3440 2821 ὴ
3465 2752 3726 2816 ἀσύνετος
3746 2751 3904 2805 αὐτιῖιν

674 2858 771 2896 ror
792 2857 999 2897 eorum.
1032 2841 1286 2895 Dicentes
1316 2840 1458 2895 enim
1502 2856 1562 2895 se
1602 2854 1722 2896 esse
1763 2842 2059 2911 sapientes,
2092 2842 2240 2897 stulti

2347 2843 2569 2914 καρδία*
2631 2843 2934 2911 φάσκοντες
2985 2838 3122 2897 εἶναι
3182 2844 3375 2913 σοφοὶ,
3434 2846 3848 2915 ἐμωράνθησαν.
3881 2864 3897 2894 ι

676 2930 802 2984 facti
825 2938 953 2984 sunt
974 2928 1042 2983 ⁸⁷.
1077 2946 1095 2979 ι
1135 2928 1341 2982 Scribit
1375 2929 1515 2983 idem
1544 2928 1743 2984 Paulus
1782 2930 1906 2983 alibi
1942 2932 2030 2995 iis,
2060 2932 2149 3000 qui
2174 2946 2243 2985 ex

2347 2938 2545 3008 Γράφει
2574 2953 2676 2988 που
2705 2934 2915 2998 Παῦλος
2942 2938 3055 2998 τοῖς
3084 2935 3141 3001 ἐξ
3169 2934 3337 2987 ἐθνῶν
3362 2934 3744 3005 κεκλημένοις,
3768 2952 3905 2987 τουτ-

674 3021 926 3089 gentibus
954 3018 1131 3073 vocati
1162 3017 1402 3084 fuerunt,
1433 3019 1536 3073 hoc
1574 3028 1657 3074 est
1689 3020 1865 3084 nobis,
1896 3022 1999 3076 hoc
2037 3021 2197 3076 modo
2223 3038 2238 3077 :

2342 3028 2490 3081 ἐστιν
2524 3029 2683 3098 ἡμῖν’
2718 3046 2736 3079 ι
2766 3027 2901 3080 Νυνὶ
2938 3027 2995 3080 δὲ
3027 3027 3245 3095 γνόντες
3272 3027 3427 3093 Θεὸν,
3459 3028 3664 3097 μᾶλλον
3694 3027 3748 3080 δὲ
3775 3043 3900 3095 γνω-

679 3127 700 3160 t
726 3106 882 3163 Nunc
917 3116 1097 3161 autem
1124 3122 1248 3160 cum
1278 3107 1641 3177 cognoveritis
1666 3108 1854 3175 Deum,
1890 3110 1998 3165 imo
2026 3112 2238 3179 cognoti

2347 3094 2696 3181 σθέντεςὺπὸ
2725 3116 2882 3171 Θεοῦ.
2916 3134 2935 3168 ι
2979 3094 3112 3170 Τίνα
3144 3117 3321 3170 τοίνυν
3348 3094 3672 3188 ἐγνῶκαμεν
3704 3116 3787 3169 διὰ
3813 3115 3903 3183 τῆς

675 3199 795 3253 sitis
838 3213 866 3251 a
906 3196 1017 3252 Deo
1042 3197 1109 3250 ⁸³.
1147 3214 1168 3250 ι
1220 3195 1390 3263 Quem
1445 3197 1674 3252 obsecro
1727 3199 1890 3253 alium
1938 3215 2032 3271 per
2079 3202 2241 3257 fidem

676 3289 1046 3359 cognovimus,
1086 3287 1186 3343 nisi
1233 3288 1407 3356 ipsum
1436 3303 1660 3358 prorsus
1687 3288 1870 3346 Jesum
1922 3292 2235 3348 Christum?

676 3381 857 3445 Quare
903 3379 949 3432 si
984 3378 1132 3432 illum
1188 3388 1247 3431 ut
1273 3378 1439 3432 Deum
1482 3381 1848 3447 cognovimus,
1884 3391 1939 3436 et
1984 3392 2041 3437 ut
2075 3384 2240 3440 Deum

678 3470 860 3527 debito
887 3471 1092 3526 honore
1118 3470 1518 3540 prosequimur,
1546 3486 1675 3525 vere
1701 3471 1985 3526 illuminati
2013 3488 2198 3528 sumus
2224 3491 2238 3529 :

675 3564 762 3619 sin
810 3574 989 3620 autem
1035 3564 1178 3619 illius
1210 3563 1436 3633 gloriam
1479 3573 1866 3632 permutamus,
1919 3565 2110 3619 merito
2141 3580 2241 3621 nos

676 3657 780 3726 ipsi
830 3670 1046 3726 quoque
1118 3656 1171 3711 in
1232 3654 1435 3711 nostris
1488 3656 1911 3725 cogitationibus
1955 3658 2243 3712 evanuisse

673 3747 1149 3817 deprehendimur.
1202 3744 1336 3800 Nam
1388 3748 1432 3800 si
1476 3760 1603 3800 vere
1650 3748 1702 3799 in
1750 3746 1898 3800 illum
1941 3748 2241 3815 credimus,

676 3837 863 3906 utique
901 3845 1157 3906 tanquam
1200 3836 1253 3889 in
1283 3836 1450 3890 Deum
1498 3836 1550 3889 in
1584 3835 1730 3890 illum
1773 3838 2069 3893 credimus.
2100 3838 2242 3893 Alio-

674 3927 767 3995 qui
787 3927 933 3983 enim
960 3927 1134 3982 modis
1152 3927 1409 3981 omnibus
1432 3925 1591 3981 fateri
1614 3937 1907 3995 oporteret,
1934 3942 2033 3983 nos
2055 3929 2244 3983 etiam-

2347 3210 2605 3273 πίστεως,
2634 3210 2666 3279 ἢ
2701 3208 2921 3271 πάντως
2948 3208 3181 3280 Χριστὸν
3219 3209 3459 3278 Ἰησοῦνς
3499 3209 3712 3263 Οὐκοῦν
3742 3210 3788 3261 εί
3814 3209 3902 3277 μὲν

2346 3300 2421 3363 ὡς
2453 3299 2584 3353 Θεὸν
2615 3299 2956 3369 ἐγνώκαμεν,
3000 3300 3092 3352 καὶ
3119 3298 3193 3361 ὡς
3221 3299 3354 3351 Θεὸν
3386 3298 3703 3369 δοξάζομεν,
3733 3315 3898 3363 mw

2349 3385 2579 3453 τίσμεθα
2609 3384 2749 3438 κατὰ
2780 3386 3068 3456 ἀλήθειανο
3100 3388 3146 3439 εί
3176 3386 3231 3439 δὲ
3259 3386 3603 3456 ἀλλάσσομεν
3624 3386 3784 3441 αὐτοῦ
3811 3386 3896 3454 τὴν

2347 3475 2531 3542 δόξαν,
2564 3475 2997 3545 μεματαιώμεθα
3025 3476 3117 3528 καὶ
3145 3478 3305 3547 ἡμεῖς
3333 3480 3389 3530 ἐν
3412 3481 3526 3542 τοῖς
3554 3479 3896 3547 διαλογισμοῖς

2347 3566 2524 3636 ἡμῶν.
2555 3567 2618 3618 Εἰ
2649 3566 2754 3636 γὰρ
2782 3565 2918 3628 ὅλως
2948 3566 3391 3635 πεπιστεύκαμεν
3416 3570 3496 3631 εἰς
3527 3569 3711 3631 αὐτὸν,
3732 3568 3802 3630 ὡς
3825 3570 3894 3630 εἰς

2344 3656 2473 3709 Θεὸν
2525 3656 2951 3726 πιστεύομεν.“Η
2999 3657 3182 3726 δεήσει
3221 3658 3399 3727 πάντη
3451 3676 3509 3711 τε
3559 3660 3655 3713 καὶ⁵
3701 3660 3888 3721 πάντως

2342 3746 2642 3815 ὁμολογεῖν,
2671 3747 2752 3798 ὅτι
2780 3748 2893 3809 τοῖς
2934 3746 3034 3815 τῆς
3076 3746 3308 3816 ἀρχαίας
3347 3747 3562 3818 ἀπάτης
3590 3750 3686 3802 καὶ⁵
3709 3747 3797 3801 νῦν
3820 3750 3889 3799 ὲνν

2349 3837 2619 3906 ισχήμεθα
2653 3835 2889 3906 βρόχοις,
2922 3836 3194 3908 ἀνθρώπῳ
3227 3838 3391 3909 κοινῷ
3422 3840 3521 3909 τὴν
3544 3839 3728 3892 πίστιν
3747 3854 3887 3909 προσ·

2345 3929 2586 3997 ἀγοντες.
2605 3929 2743 3981 Ἀλλ’
2770 3927 2911 3981 οὕτω
2940 3928 3001 3981 τὸ
3029 3928 3228 3999 ἀληθές
3252 3932 3296 3983 ί.

677 4033 803 4073 num
850 4017 1017 4086 prisci
1059 4017 1265 4071 erroris
1331 4013 1539 4085 laqueis
1582 4016 1829 4073 irretitos
1860 4018 2058 4083 teneri,
2093 4025 2276 4088 utpote
2315 4020 2366 4071 in
2404 4033 2747 4073 communem
2809 4017 3084 4073 hominem
3116 4018 3417 4075 credentes.
3474 4022 3545 4075 At
3585 4036 3689 4077 non
3718 4021 3785 4076 ita
3813 4032 3883 4074 res

686 4110 871 4165 habet.

749 4217 770 4252 ‹
805 4199 874 4253 Ει
904 4198 1045 4254 sicut
1070 4214 1175 4253 non
1208 4209 1579 4269 pronaverant
1621 4199 1790 4254 Deum
1822 4200 2019 4256 habere
2049 4201 2101 4256 in
2136 4216 2236 4257 no-

677 4290 815 4355 titia,
857 4290 1080 4344 tradidit
1123 4305 1219 4345 eos
1269 4291 1410 4346 Deus
1451 4292 1507 4345 in
1556 4293 1843 4361 reprobum
1890 4308 2130 4357 sensum,
2178 4300 2236 4346 ut

2425 4221 2444 4253 ‹
2473 4201 2581 4254 Καὶ
2630 4200 2809 4264 καθὼς
2852 4201 2952 4254 οὑκ
3000 4200 3330 4271 ἐδοκίμασαν
3377 4204 3469 4256 τὸν
3511 4203 3647 4257 Θεὸν
3683 4205 3813 4274 ἔχειν
3839 4204 3883 4253 ὲν

2343 4289 2651 4357 επιγνὼσει,
2686 4289 2996 4359 παρέδωκεν
3043 4291 3071 4341 ὁ
3117 4290 3249 4354 Θεὸς
3291 4292 3487 4354 αὐτοὺς
3532 4295 3616 4355 εἰς
3658 4294 3884 4360 ἀδόκιμον

676 4381 876 4436 faciant
925 4395 992 4435 ea
1042 4396 1161 4451 quae
1211 4397 1316 4436 non
1363 4382 1773 4437 conveniunt”.
1805 4401 1824 4435 ι
1866 4382 1923 4437 Si
1963 4384 2236 4439 Christum

2347 4380 2486 4441 νοῦν,
2513 4381 2686 4431 ποιεῖν
2718 4380 2785 4432 τά
2832 4378 2906 4450 μὴ
2950 4378 3280 4450 καθήκοντα.
3312 4400 3330 4432 ›
3365 4382 3429 4436 Εἰ
3464 4383 3694 4452 Χριστὸν
3732 4382 3877 4448 ἐγνὼο

676 4472 1021 4542 agnoscimus
1056 4480 1114 4526 ut
1143 4472 1335 4537 Deum,
1367 4474 1645 4544 cognitum
1681 4489 2019 4545 nequaquam
2052 4490 2236 4544 asper-

676 4577 887 4628 nemur,
922 4562 1199 4632 vulgarem
1229 4564 1605 4619 tantummodo
1636 4566 1908 4620 hominem
1933 4565 2083 4620 illum
2114 4580 2237 4620 esse

675 4654 1002 4709 dictitantes.
1054 4653 1148 4707 Sin
1201 4663 1382 4709 autem
1428 4654 1641 4710 inscitia
1674 4657 1931 4711 excaacati
1969 4657 2108 4711 istud
2152 4656 2237 4710 fa-

674 4758 803 4799 cere
825 4745 981 4799 veriti
1010 4758 1115 4798 non
1147 4743 1432 4810 fuerimus,
1461 4745 1622 4799 simul
1662 4760 1784 4800 cum
1815 4744 1935 4799 aliis
1964 4745 2017 4798 in
2052 4759 2238 4814 repro-

674 4839 803 4891 bum
834 4850 1051 4891 sensum
1080 4837 1387 4906 praecipites
1412 4850 1634 4891 ruamus
1659 4850 1881 4891 necesse
1912 4843 2016 4889 est.

754 4946 773 4979 ς
805 4925 1114 4983 Secundum
1164 4928 1417 4983 duritiam
1451 4938 1617 4990 tuam,
1657 4938 1713 4982 et
1743 4928 2086 4998 imptnnitens
2121 4939 2238 4989 cor,

677 5014 1020 5070 thesaurizas
1055 5016 1149 5071 tibi
1177 5016 1313 5070 iram
1344 5017 1398 5072 in
1431 5016 1518 5070 die
1544 5017 1635 5070 ira:
1659 5025 1713 5071 et
1745 5013 2089 5069 revelatiouis
2107 5012 2235 5079 justi

671 5098 866 5169 judicii
902 5100 1019 5165 Dei,
1063 5103 1155 5171 qui
1196 5102 1384 5157 reddet
1411 5104 1705 5172 unicuique
1744 5104 2040 5158 secundum
2073 5116 2236 5171 opera

2342 4486 2519 4539 καμεν
2557 4469 2631 4532 ὡς
2664 4469 2815 4534 Θεὸν,
2850 4470 2949 4540 τὴν
2976 4470 3063 4524 ἐπ’
3082 4471 3231 4541 αὑτῷ
3258 4472 3457 4539 γνῶσιν
3483 4474 3560 4543 μὴ
3582 4472 3883 4540 ἀποδοκιμά-

2342 4563 2542 4631 ζωμεν,
2581 4562 2865 4632 ἄνθρωπον
2895 4560 3033 4617 εἶναι
3066 4563 3312 4631 λέγοντες
3340 4567 3533 4619 κοινόν.
3570 4567 3634 4619 Ei
3665 4566 3717 4619 δὲ
3745 4563 3880 4617 τοῦτο

2341 4653 2472 4724 δρᾷν
2506 4654 2565 4718 ὲξ
2594 4654 2831 4725 ἀμαθίας
2858 4653 3163 4724 τολμῶμεν,
3180 4654 3505 4725 βαδιούμεθα
3536 4658 3744 4718 πάντως
3765 4651 3879 4721 ὁμοῦ

2341 4748 2454 4809 τοῖς
2487 4744 2666 4808 ἄλλοις
2696 4748 2775 4808 εἰς
2806 4744 3062 4816 ἀδόκιμον
3090 4746 3236 4799 νοῦν.

2426 4940 2443 4973 ‹
2470 4920 2626 4975 Κατὰ
2662 4920 2716 4974 δὲ
2763 4919 2860 4991 τὴν
2898 4920 3239 4991 σκληρότητά
3268 4938 3360 4975 σου
3413 4923 3505 4975 καὶ
3546 4921 3875 4993 ἀμετανόητον

2345 5013 2570 5084 καρδίαν
2596 5013 2943 5084 θησαυρίζεις
2970 5013 3181 5083 σεαυτῷ
3208 5014 3375 5085 ὀργὴν
3405 5017 3464 5067 ὲν
3496 5018 3679 5086 ἡμέρα
3714 5013 3869 5083 ὀργῆς.

2346 5102 2438 5154 καὶ
2478 5102 2888 5171 ἀποκαλύψεως,
2936 5106 3029 5157 καὶ
3079 5104 3471 5175 δικαιοκρισίας
3520 5107 3614 5159 τοῦ
3659 5104 3793 5165 Θεοῦ,
3825 5102 3872 5160 ὃς

675 5190 794 5258 t-jus
810 5191 880 5244 '°.
913 5208 932 5243 ι
971 5190 1137 5246 Docet
1181 5193 1266 5248 hic
1294 5193 1485 5249 beatus
1511 5192 1731 5257 Paulus,
1762 5207 1863 5247 nos
1887 5207 2077 5247 omnes
2113 5203 2240 5247 ante

2347 5191 2611 5246 ἀποδώσει
2643 5193 2858 5264 ἑκάστῳ
2880 5194 3020 5247 κατά
3050 5195 3119 5250 τὰ
3145 5196 3279 5267 ἔργα
3305 5198 3489 5251 αὑτοῦ.
3521 5219 3539 5251 ι
3564 5200 3621 5252 ὐ
3645 5197 3871 5268 μακάριος

678 5280 912 5336 tribunal
960 5282 1163 5338 Christi
1221 5285 1557 5341 manit'estari
1596 5294 1867 5356 oportere,
1924 5299 2033 5353 quo
2075 5298 2237 5339 unus-

749 5433 794 5465 ⁸⁸
819 5434 974 5492 Rom.
1007 5452 1045 5495 ι.
1087 5435 1201 5491 1-4.
1278 5439 1318 5469 ⁸⁷
1353 5438 1483 5493 ibid.
1522 5439 1606 5505 21,
1643 5438 1733 5494 22.
1808 5436 1854 5471 ⁸⁸
1885 5436 2061 5492 Gulat.
2092 5453 2162 5504 tv,
2197 5438 2247 5492 9.

2352 5436 2534 5490 “Rom
2607 5453 2622 5491 ι
2680 5437 2768 5493 28.

2350 5284 2577 5350 Παῦλος,
2610 5284 2735 5347 τοὺς
2777 5286 2980 5349 πάντας
3017 5288 3165 5357 ἡμᾶς
3191 5289 3291 5355 δεῖ,
3330 5290 3484 5362 φησι,
3533 5286 3869 5361 φανερωθῆναι

2848 5440 2892 5471 ⁵ο
2929 5439 3082 5496 Rom.
3123 5458 3149 5507 t
3189 5443 3242 5497 5.

1734 5592 1905 5647 Varia:
1941 5592 2196 5647 lectiones
2228 5591 2430 5648 codicis
2460 5591 2817 5663 chttit'riatti.

758 5730 785 5767 ιι
818 5725 1059 5795 Quatuor
1080 5744 1198 5800 qua?
1228 5740 1527 5800 sequuntur
1546 5746 1710 5785 voces
1740 5732 1937 5784 absunt
1966 5745 1991 5779 a
2029 5729 2149 5782 cod.
2180 5727 2427 5798 Srguicr.

2509 5737 2520 5764 ι
2556 5725 2614 5777 οὗ
2641 5724 2797 5777 τοῦτο
2824 5726 3041 5797 ἀληθές.
