4146 6462
310 444 333 499 1
344 445 451 501 2‘25

1405 441 1491 495 DE
1530 436 1763 493 RECTA
1804 429 1961 488 FIDE
1998 432 2088 487 AD
2130 432 2451 489 REGINAS.

3348 450 3354 456 ‘
3429 429 3565 485 ηεο

306 561 619 634 ἔμπροσθεν
641 560 732 613 τοῦ
756 560 998 632 βήματος
1018 559 1107 613 τοῦ
1129 558 1361 631 Χριστοῦ
1384 576 1397 589 ·
1428 578 1445 609 ι
1468 559 1553 611 ἴνα
1581 556 1877 627 κομίσηται

1984 552 2211 619 quisque
2270 551 2509 616 referat,
2564 564 2682 617 quae
2729 546 2782 601 in
2833 560 3059 616 corpore
3101 547 3291 619 gessit,
3319 544 3423 617 57
3452 547 3568 601 sive

306 656 534 716 ἕκαστος
576 651 644 705 τὰ
685 652 775 705 διὰ
806 650 900 704 τοῦ
948 650 1387 721 σώματος,·πρὸς
1419 647 1455 703 ἃ
1486 648 1742 719 ἔπραξεν,
1774 646 1883 699 εἴτε

307 743 532 813 ἀγαθὸν,
565 745 673 797 είτε
706 742 929 812 φαῦλον.
963 760 981 793 ι
1009 743 1154 812 Ἔφη
1182 742 1237 794 δέ
1270 757 1356 806 τις
1408 740 1502 795 καὶ
1542 741 1726 811 ἕτερος
1778 738 1885 792 τῶν

307 837 480 904 ἁγίων
506 835 820 890 ἀποστόλων
839 852 852 866 ⁸
891 853 909 886 ι
944 829 1037 899 Εἷς
1067 836 1213 887 ἐστιν
1241 838 1269 888 6
1299 834 1615 904 νομοθέτης,
1645 834 1739 887 καὶ
1765 850 1886 904 κρι-

303 929 425 999 τής.
458 946 476 977 ι
510 926 717 980 Ψάλλει
760 926 816 979 δὲ
855 926 949 980 καὶ
986 925 1145 989 αὑτὸς
1187 928 1213 979 6
1241 925 1437 978 Aau‘i6'
1496 926 1649 977 «Ὅτι
1684 926 1713 978 6
1754 924 1887 989 Θεὸς

303 1020 501 1091 κριτής
534 1021 699 1072 ἐστιν.
733 1020 891 1073 ι”Οτε
922 1018 1098 1073 τοίνυν
1129 1018 1525 1091 δικαιοκρισίαν
1552 1016 1687 1071 Θεοῦ
1720 1034 1887 1088 φησιν

300 1110 440 1166 εἶναι
471 1114 569 1183 τὴν
600 1112 691 1165 ἐπὶ
719 1111 813 1165 τοῦ
844 1111 1085 1183 βήματος
1124 1110 1218 1165 τοῦ
1254 1110 1398 1165 θείου
1427 1112 1512 1180 ἐφ’
1538 1110 1755 1181 ἑκάστῳ
1781 1108 1887 1180 ψῆ-

302 1221 426 1272 φον,
452 1205 515 1274 ἢν
548 1202 707 1265 αὑτὸς
751 1201 947 1266 ἐξοίσει
981 1201 1218 1273 Χριστὸς
1248 1199 1737 1272 (παραστησόμεθα
1778 1199 1887 1271 γὰρ

299 1297 380 1364 τῷ
428 1296 632 1367 βήματι
680 1294 869 1355 αὑτοῦ.
904 1295 995 1347 καὶ
1024 1296 1125 1364 οὑχ
1172 1294 1247 1357 ὡς
1286 1293 1365 1346 ἐνὶ
1401 1294 1509 1346 τῶν
1559 1293 1679 1346 καθ’
1716 1292 1884 1362 ἡμᾶς,

299 1388 415 1441 ἀλλ’
435 1389 510 1449 ὡς
538 1388 698 1459 κριτῇ
726 1385 954 1456 καὶλΘεῷ
981 1387 1075 1440 καὶ
1107 1384 1415 1458 νομοθέτῃ),
1458 1384 1574 1447 πῶς
1602 1384 1721 1455 οὑχ),
1755 1384 1888 1447 Θεὸς

294 1476 327 1528 6
355 1475 629 1546 Χριστός;
677 1492 694 1525 ι
727 1475 826 1527 Διὰ
869 1476 977 1546 γάρ
1026 1476 1192 1545 νόμου
1246 1475 1541 1544 ἐπίγνωσις
1583 1476 1883 1547 ἁμαρτίας.

297 1568 438 1621 Νυνὶ
467 1567 523 1619 δὲ
562 1566 730 1637 χωρὶς
760 1566 925 1636 νόμου
952 1566 1265 1638 δικαιοσύνη
1309 1565 1442 1621 Θεοῦ
1475 1568 1884 1638 πεφανέρωται,

299 1656 719 1729 μαρτυρουμένη
771 1655 875 1710 ὑπὸ
926 1655 1019 1709 τοῦ
1066 1656 1230 1726 νόμου
1266 1657 1360 1711 καὶ
1406 1658 1514 1710 τῶν
1565 1659 1883 1729 προφητῶν,

292 1748 618 1821 Δικαιοσύνη
648 1748 704 1802 δὲ
745 1748 880 1802 Θεοῦ
920 1748 1010 1802 διὰ
1053 1750 1286 1812 πίστεως
1320 1748 1495 1820 Ἰησοῦ
1527 1750 1766 1820 Χριστοῦ
1802 1753 1884 1815 είς

296 1841 506 1905 πάντας
534 1842 659 1904 τοὺς
686 1840 1059 1906 πιστεύοντας.
1096 1859 1113 1893 ι
1154 1840 1285 1912 Λίχα
1312 1840 1478 1912 νόμου
1508 1841 1877 1914 δικαιοσύνην,

295 1933 386 2003 (ἦν
436 1933 531 1985 καὶ
575 1930 679 1985 ὑπὸ
730 1932 841 1986 τῶν
887 1932 1059 2002 ἁγίων
1107 1932 1402 2004 προφητῶν
1426 1934 1879 2004 μεμαρτυρῆσθαι

291 2022 484 2095 φησι),
513 2026 610 2094 τὴν
635 2023 724 2077 διὰ
747 2025 981 2089 πίστεως
1005 2018 1141 2077 εἶναι
1168 2023 1315 2093 λέγει
1338 2025 1435 2094 τὴν
1458 2024 1504 2061 ι’
1532 2027 1611 2088 είς
1640 2026 1877 2096 Χριστὸν

306 2113 531 2185 Ἰησοῦν.
568 2109 720 2179 Εἶτα,
748 2113 865 2178 πῶς
895 2116 955 2167 οὑ
979 2114 1110 2178 Θεὸς
1135 2117 1165 2168 6
1197 2114 1423 2168 δικαιῶν
1448 2116 1574 2180 τοὺς
1599 2117 1880 2171 πιστεύον-

290 2200 415 2269 τας,
447 2206 643 2277 ὅτιπερ
676 2205 761 2276 εἴη
789 2206 921 2269 Θεὸς
946 2206 1197 2277 ἁληθῷςς
1231 2208 1334 2279 ὁρᾷ
1364 2208 1472 2279 γὰρ
1508 2212 1589 2272 είς
1626 2209 1784 2262 τοῦτο
1816 2210 1877 2263 τὸ

290 2297 393 2366 τῆς
444 2296 680 2360 πίστεως
724 2298 921 2369 πέρας.
964 2299 1401 2371 Ἀίαρτυροὺντων
1450 2300 1507 2353 δὲ
1556 2300 1663 2353 τῷν
1708 2302 1877 2370 ἁγίων

290 2390 591 2460 προφητῶν
614 2391 679 2461 τῇ
704 2390 784 2453 είς
811 2387 1044 2461 Χριστὸν
1071 2391 1271 2455 πίστει,
1297 2393 1381 2455 τίς
1405 2394 1433 2445 6
1456 2394 1619 2461 φάναι
1638 2392 1873 2463 τολμῶν,

287 2482 391 2533 οὑκ
435 2477 574 2534 εἶναι
609 2481 742 2535 Θεὸν
776 2483 939 2536 αὑτὸν
969 2481 1055 2537 διὰ
1084 2484 1147 2536 τὸ
1184 2484 1543 2557 ἀνθρώπινον,
1580 2489 1746 2558 ἤγουν
1784 2489 1872 2542 ὅτε

290 2570 483 2640 γέγονε
515 2570 653 2643 σάρξ
681 2573 709 2625 6
740 2572 916 2642 Λόγος
940 2615 953 2638 ,

368 2770 387 2802 ι
418 2751 625 2816 Πάντες
649 2751 758 2823 γὰρ
786 2752 1058 2824 ἥμαρτον,
1080 2752 1176 2807 καὶ
1209 2753 1564 2826 ὑστεροῦνται
1594 2755 1693 2827 τῆς
1713 2756 1871 2826 δόξης

288 2845 383 2898 τοῦ
416 2843 573 2909 Θεοῦ,
613 2843 977 2916 δικαιούμενοι
1023 2844 1233 2917 δωρεὰν
1258 2850 1324 2919 τῇ
1351 2847 1517 2901 αὑτοῦ
1549 2849 1753 2919 χάριτι,
1782 2850 1873 2903 διά

288 2938 389 3006 τῆς
440 2935 872 3009 ἀπολυτρώσεως
919 2937 1018 3009 τῆς
1066 2939 1124 2992 ὲν
1174 2940 1397 3011 Χριστῷ
1432 2939 1627 3010 Ἰησοῦ.
1662 2960 1680 2993 ι
1721 2942 1785 2993 Εἰ
1816 2942 1874 2994 τὸ

288 3029 626 3101 ἁμαρτάνειν
671 3030 816 3101 ἡμᾶς
866 3030 1210 3102 ὑστερεῖσθαι
1258 3035 1401 3085 ποιεῖ
1447 3033 1543 3103 τῆς
1576 3033 1732 3105 δόξης
1778 3034 1872 3086 τοῦ

290 3121 451 3185 Θεοῦ,
482 3121 563 3175 ὅτι
614 3120 688 3192 μὴ
734 3117 878 3174 οἶδεν
920 3123 1228 3193 ἁμαρτίαν
1280 3124 1590 3196 γέγραπται
1637 3126 1694 3179 δὲ
1747 3128 1874 3197 περὶ

1992 644 2232 709 bonum,
2274 644 2391 699 sive
2437 642 2655 697 malum.
2716 640 2859 695 Dixit
2900 642 3025 694 item
3068 640 3207 695 alius
3258 654 3324 694 ex
3364 640 3567 695 sanctis

1988 737 2248 806 apostolis
2280 754 2294 791 :
2330 756 2348 789 ι
2382 734 2529 791 Unus
2558 742 2641 789 est
2680 733 2958 804 legislator
2986 743 3039 789 et
3065 732 3321 802 judcx".
3354 752 3372 786 ι
3407 732 3568 787 Canit

1988 840 2044 885 et
2102 828 2215 899 ipse
2274 827 2442 883 David
2497 842 2718 899 quoque
2764 843 2779 881 :
2828 844 2847 877 ‹
2880 826 3144 893 Quoniam
3202 825 3342 878 Dens
3398 825 3563 895 iudex

1987 932 2070 977 est
2093 923 2161 975 ".
2192 940 2209 974 ι
2240 920 2375 975 Cum
2411 920 2577 991 igitur
2610 919 2934 975 sententiam
2974 933 3137 987 quam
3180 916 3431 971 Christus
3470 932 3567 985 pro

1989 1015 2173 1071 divino
2212 1014 2469 1069 tribunali
2504 1014 2702 1068 sedens
2730 1014 3015 1083 (sistemur
3049 1009 3192 1064 enim
3235 1017 3359 1062 ante
3398 1007 3568 1061 tribu-

1990 1104 2077 1160 nal
2102 1105 2268 1169 illius,
2300 1118 2403 1159 non
2445 1111 2701 1173 tanquam
2739 1100 2975 1156 hominis
3007 1097 3177 1153 nostri
3214 1096 3426 1163 similis,
3472 1099 3565 1151 sed

1992 1206 2247 1266 tanquam
2275 1194 2370 1251 Dei
2410 1195 2710 1265 etjudicis,
2748 1203 2802 1248 et
2840 1189 3188 1263 legislalnris)
3234 1190 3299 1245 de
3331 1189 3569 1257 quolibet

1990 1290 2198 1343 laturus
2222 1298 2324 1355 est,
2347 1285 2667 1356 justumtDei
2698 1286 2960 1354 judicium
2996 1282 3285 1353 Apostolus
3311 1280 3565 1351 appellet,

1989 1381 2262 1449 quomodo
2286 1380 2534 1434 Christus
2564 1393 2673 1433 non
2702 1387 2786 1432 est
2812 1376 2991 1430 Deus?
3028 1395 3045 1427 ι
3078 1374 3181 1429 Per
3212 1375 3383 1443 legem
3421 1372 3565 1425 enim

1990 1472 2230 1540 cognitio
2289 1470 2518 1540 peccati.
2568 1469 2721 1524 Nunc
2779 1478 2958 1523 autem
3022 1467 3139 1521 sine
3190 1464 3407 1535 justitia
3470 1461 3564 1515 Dei

1991 1563 2340 1618 manifestata
2373 1572 2478 1629 est,
2514 1562 2801 1617 testiﬁcata
2843 1577 2873 1615 a
2912 1560 3026 1628 lege
3060 1567 3111 1612 et
3148 1555 3448 1628 prophetis.
3480 1555 3567 1608 Ju-

1990 1654 2138 1708 stitia
2174 1662 2352 1707 autem
2400 1652 2493 1709 Dei
2538 1668 2634 1722 per
2678 1651 2834 1705 fidem
2868 1648 2993 1703 Jesu
3035 1647 3236 1703 Christi
3287 1646 3338 1699 in
3376 1661 3567 1698 omnes

1989 1756 2043 1799 et
2069 1760 2232 1814 super
2263 1760 2468 1806 omnes,
2499 1745 2591 1814 qui
2633 1742 2861 1797 credunt
2895 1742 2946 1795 in
2989 1739 3198 1795 eum”.
3232 1758 3250 1790 ι
3290 1739 3417 1793 Sine
3452 1737 3565 1806 lege

1984 1837 2250 1908 justitiam
2292 1836 2479 1908 (quam
2526 1852 2555 1889 a
2606 1835 2810 1891 sanctis
2850 1847 3063 1903 quoque
3093 1830 3373 1901 prophetis
3407 1830 3561 1883 testi-

1986 1931 2223 1984 monium
2253 1929 2506 1985 habuisse
2532 1928 2775 1997 asserit),
2794 1942 2911 1982 eam
2935 1926 3035 1979 hoc
3066 1924 3181 1979 loco
3207 1922 3414 1983 deliuit,
3441 1936 3563 1990 qua:

1980 2031 2066 2076 est
2105 2036 2200 2091 per
2234 2020 2392 2075 ﬁdem
2448 2022 2501 2075 in
2535 2020 2821 2076 Christum
2868 2018 3075 2074 Jesum.
3117 2017 3187 2069 At
3236 2016 3380 2069 enim
3424 2030 3560 2084 qua-

1981 2132 2129 2182 nam,
2170 2130 2377 2185 quaeso,
2422 2114 2634 2170 ratione
2684 2115 2729 2168 is
2766 2114 2909 2168 Deus
2942 2113 3249 2167 censendus
3298 2124 3401 2163 non
3448 2119 3555 2170 est,

1979 2207 2071 2277 qui
2115 2206 2403 2262 credentes
2450 2205 2597 2259 illum
2646 2220 2834 2259 verum
2883 2203 3050 2257 Deum
3091 2217 3213 2257 esse
3255 2200 3560 2271 justiﬁcat?

1979 2303 2136 2369 Cum,
2180 2302 2423 2370 inquam,
2458 2301 2566 2355 huc
2612 2300 2743 2355 lides
2780 2308 3032 2368 tanquam
3071 2298 3136 2351 ad
3176 2313 3397 2367 scopum
3439 2306 3558 2349 ten-

1980 2396 2093 2458 dat,
2140 2404 2193 2448 et
2242 2394 2382 2449 sacri
2432 2403 2692 2463 praeterea
2743 2393 3020 2462 propheta:
3063 2391 3185 2445 ﬁdei
3232 2405 3351 2459 qua:
3390 2400 3472 2444 est
3504 2388 3556 2443 in

1977 2488 2254 2542 Christum
2280 2485 2464 2541 .Iesum
2507 2486 2873 2540 testimonium
2918 2482 3396 2552 perhibeant,qnis
3426 2496 3555 2549 pro-

1978 2588 2096 2649 pter
2124 2579 2412 2632 humanam
2446 2586 2721 2641 naturam,
2771 2577 2872 2630 hoc
2903 2583 2985 2629 est
3013 2572 3174 2628 Verbi
3226 2572 3556 2628 incarnatio-

1978 2683 2125 2731 nem,
2168 2668 2315 2723 illius
2350 2666 2693 2721 divinitatem
2728 2664 2957 2718 inliciari
2991 2664 3225 2718 audeat?
3406 2664 3408 2666 ’

2054 2777 2072 2810 ε
2105 2756 2305 2812 Omnes
2334 2757 2478 2812 enim
2522 2764 2908 2825 peccaverunt,
2936 2764 2991 2809 et
3038 2764 3198 2825 egent
3227 2753 3398 2822 gloria
3438 2753 3555 2817 Dei,

1972 2852 2254 2921 justiﬁcati
2290 2850 2462 2922 gratis
2495 2863 2592 2919 per
2625 2847 2856 2918 gratiam
2884 2846 3078 2916 ipsius,
3109 2861 3204 2913 per
3228 2846 3557 2915 redemptio-

1977 2960 2099 2999 nem
2130 2958 2249 3014 quzn
2285 2950 2368 2997 est
2415 2942 2467 2995 in
2517 2939 2734 2995 Christo
2761 2936 2975 2993 Iesu".
3016 2955 3035 2988 ι
3082 2936 3137 2990 Si
3177 2935 3386 3006 peccati
3436 2935 3559 2989 labe

1976 3035 2338 3091 contaminari
2390 3034 2522 3087 facit
2568 3047 2665 3088 nos
2720 3045 2879 3109 egere
2918 3030 3089 3101 gloria
3144 3029 3257 3093 Dei,
3301 3028 3557 3097 quoniam

1979 3137 2261 3200 peccatum
2294 3142 2400 3181 non
2434 3124 2585 3180 novit
2611 3139 2626 3178 :
2663 3125 2729 3179 de
2755 3123 2974 3179 Christo
2997 3130 3174 3177 autem
3197 3131 3279 3176 est
3304 3122 3355 3175 in
3382 3121 3559 3175 sacris

288 3210 548 3284 Χριστοῦ,
584 3213 664 3266 ὅτι
697 3212 971 3284 ἁμαρτίαν
1005 3218 1103 3267 οὑκ
1149 3215 1404 3286 ἐποίησεν
1429 3232 1443 3247 ο
1491 3217 1871 3289 ὑστερούμεθα

1983 3221 2219 3283 Litteris,
2251 3218 2393 3289 quod
2422 3227 2705 3287 peccatum
2744 3232 2852 3270 non
2886 3214 3108 3279 fecerit;
3143 3228 3239 3268 nos
3273 3222 3459 3267 autem
3493 3227 3558 3265 ea

289 3303 345 3356 δὲ
387 3304 481 3357 καὶ
513 3303 655 3357 κατὰ
694 3304 854 3358 τοῦτο
881 3306 977 3375 τῆς
1009 3306 1168 3377 δόξης
1207 3306 1373 3360 αὑτοῦ
1423 3307 1873 3391 πλημμελοῦντες

290 3399 452 3468 ἡμεῖς
472 3414 487 3427 ·
520 3396 651 3462 Θεὸς
681 3398 789 3469 ἄρα
833 3401 949 3452 ἐστὶ
989 3400 1085 3453 καὶ
1113 3400 1252 3471 μετὰ
1280 3401 1483 3472 σαρκὸς
1511 3403 1539 3454 6
1568 3402 1741 3471 Λόγος
1765 3420 1778 3434 ο
1811 3407 1871 3457 οὑ

289 3490 399 3559 γάρ
424 3489 678 3561 ἐποίησεν
710 3488 1002 3561 ἁμαρτίαν.

370 3690 389 3723 ι
420 3670 600 3743 Νόμον
655 3666 756 3727 οῦν
786 3674 1169 3746 καταργοῦμεν
1214 3674 1302 3729 διὰ
1349 3678 1447 3745 τῆς
1484 3676 1745 3742 πὶστεως;
1799 3677 1874 3747 μὴ

290 3764 501 3831 γένοιτο
519 3780 533 3793 ο
563 3763 700 3817 ἀλλὰ
726 3764 888 3835 νόμον
923 3765 1183 3837 ἱστῶμεν.
1211 3785 1229 3818 ι
1251 3768 1308 3821 ’0
1333 3767 1423 3821 διὰ
1443 3768 1683 3832 Μωσέως
1712 3768 1875 3839 νόμος

286 3855 421 3908 Θεὸν
450 3854 545 3909 ἕνα
588 3860 915 3928 προσκυνεῖν
943 3857 1145 3923 ἐδίδαξε
1179 3860 1307 3923 τοὺς
1332 3859 1392 3926 ἐξ
1425 3860 1641 3932 Ἰσραήλ
1662 3877 1676 3891 ·
1707 3880 1725 3912 ι
1761 3862 1875 3915 Κύ-

292 3964 409 4016 ριος
438 3946 568 4017 γάρ,
606 3949 794 4020 φησὶν,
827 3948 856 3999 6
886 3948 1019 4013 Θεός
1055 3966 1171 4015 σου,
1205 3950 1411 4023 Κύριος
1441 3948 1519 4015 εἷς
1551 3953 1698 4006 ἐστι’
1729 3972 1747 4004 ι
1781 3956 1877 4008 καὶ

290 4038 455 4101 αὑτὸς
507 4039 563 4093 δὲ
609 4040 638 4091 6
685 4038 819 4103 Θεὸς
868 4040 1210 4111 προσεφώνει
1243 4042 1420 4113 λέγων
1464 4045 1680 4109 αὐτοῖς’
1715 4065 1734 4097 ι
1765 4047 1877 4100 Οὑκ

291 4132 507 4186 ἔσονταί
561 4150 651 4215 σοι,
688 4133 803 4188 θεοὶ
848 4134 1024 4204 ἕτεροι
1072 4135 1211 4206 πλὴν
1257 4136 1413 4207 ἐμοῦ.
1446 4134 1597 4210 »Ἆρ’
1627 4134 1718 4193 οῦν
1750 4157 1879 4210 μετ-

291 4224 573 4297 ἐστησενή
600 4224 781 4288 πίστις
810 4226 843 4295 ἡ
873 4227 952 4289 είς
972 4226 1203 4296 Χριστὸν
1230 4229 1355 4292 τοὺς
1383 4229 1448 4281 δι’
1479 4229 1649 4300 αὑτῆς
1677 4231 1877 4302 κεκλη-

297 4317 493 4387 μένους
522 4318 601 4381 είς
630 4318 691 4372 τὸ
716 4316 789 4389 μὴ
814 4318 893 4370 ἐνὶ
918 4320 995 4388 τῷ
1027 4318 1167 4373 κατὰ
1190 4320 1349 4390 φύσιν
1373 4320 1491 4392 Θεῷ
1516 4325 1875 4393 προσκυνεῖν;

294 4406 442 4480 Ἀρα
477 4410 860 4481 καταργοῦμεν
897 4410 1060 4482 νόμον
1104 4413 1183 4483 τῷ
1221 4414 1303 4466 ἐνὶ
1350 4414 1427 4485 τῷ
1478 4414 1597 4468 κατ’
1620 4414 1877 4486 ἀλήθειαν

1976 3316 2239 3369 decausa
2268 3312 2337 3365 ab
2369 3308 2486 3378 ejus
2512 3309 2681 3379 gloria
2712 3308 2992 3371 absumus,
3021 3306 3148 3375 quia
3184 3304 3389 3373 absque
3420 3301 3556 3357 deli-

1975 3413 2063 3459 cto
2114 3418 2222 3458 non
2268 3400 2505 3456 vivimus
2538 3418 2551 3454 :
2581 3399 2667 3455 cui
2714 3399 2936 3453 dubium
2988 3412 3107 3452 esse
3154 3406 3365 3467 potest,
3425 3396 3559 3464 quin

1980 3499 2213 3555 Verbum
2258 3496 2599 3550 incarnatum
2632 3491 2775 3547 Deus
2818 3489 2929 3545 sit?
2964 3504 3089 3543 nam
3131 3497 3414 3558 peccatum
3451 3503 3557 3541 non

1976 3592 2126 3649 fecit.

2053 3702 2071 3735 ι
2099 3682 2296 3752 Legem
2331 3693 2461 3749 ergo
2499 3678 2829 3733 itestruimus
2869 3690 2965 3745 per
3003 3674 3203 3729 ﬁdem?
3227 3672 3413 3728 Absit!
3464 3675 3558 3726 sed

1976 3776 2148 3846 legem
2213 3772 2591 3827 statuimus".
2626 3788 2645 3819 ι
2708 3768 2815 3822 Lex
2869 3766 3103 3821 Mosaica
3166 3766 3336 3820 Deum
3392 3781 3557 3819 unum

1977 3866 2311 3922 adorandum
2347 3878 2469 3918 esse
2503 3861 2708 3917 docuit.
2738 3860 2829 3914 Ait
2854 3860 2998 3914 enim
3030 3878 3043 3913 :
3076 3876 3097 3911 ι
3126 3859 3390 3913 Dominus
3418 3856 3558 3911 Deus

1980 3969 2103 4014 tuus
2125 3956 2311 4020 Israel,
2338 3955 2480 4010 Deus
2516 3969 2658 4009 unus
2688 3953 2869 4017 est“;
2902 3970 2919 4002 ι
2956 3959 3011 4005 et
3036 3950 3151 4021 ipse
3179 3963 3395 4019 quoque
3415 3946 3560 4003 Deus

1978 4052 2196 4109 eosdem
2227 4051 2327 4105 hac
2357 4048 2607 4103 oratione
2638 4044 3001 4113 compellabat
3027 4060 3040 4097 :
3072 4062 3089 4094 ι
3118 4042 3235 4096 Non
3270 4049 3431 4097 erunt
3460 4040 3558 4094 tibi

1981 4145 2052 4198 dii
2103 4141 2192 4196 alii
2246 4149 2444 4212 printer
2481 4154 2567 4194 me
2589 4138 2656 4191 ".
2694 4157 2712 4190 ι
2754 4135 3005 4204 Nunquid
3057 4136 3220 4206 igitur
3264 4134 3398 4190 ﬁdes
3438 4150 3561 4205 qua:

1980 4247 2064 4293 est
2099 4236 2153 4291 in
2190 4235 2490 4298 Christum,
2533 4246 2627 4287 eos
2658 4231 2749 4301 qui
2798 4244 2895 4299 per
2940 4243 3057 4283 eam
3095 4227 3270 4282 vocati
3306 4235 3450 4293 sunt,
3493 4242 3559 4282 eo

1982 4328 2275 4393 transtulit,
2314 4336 2373 4381 ut
2415 4340 2579 4380 unum
2621 4323 2916 4379 secundum
2949 4330 3197 4376 naturam
3236 4319 3407 4376 Deum
3450 4336 3560 4376 non

1983 4422 2249 4480 adorent?
2284 4421 2534 4491 legemne
2563 4432 2693 4486 ergo
2737 4415 3095 4478 destruimus,
3136 4428 3261 4484 quae
3293 4415 3360 4468 ad
3393 4429 3559 4468 unum

294 4502 417 4573 Θεῷ
436 4503 871 4580 προσκομίζοντα
893 4521 907 4563 :
937 4524 954 4556 ι
973 4505 1064 4574 Μὴ
1085 4508 1316 4575 γένοιτο,
1338 4506 1522 4578 φησὶν,
1556 4507 1691 4561 ἀλλὰ
1716 4508 1876 4579 νόμον

1983 4529 2169 4570 verum
2186 4513 2355 4568 Deum
2385 4526 2481 4566 nos
2500 4509 2670 4564 ducit?
2708 4526 2727 4559 ι
2754 4507 2943 4562 Absit!
2980 4507 3155 4577 inquit
3188 4505 3275 4561 ille
3305 4524 3320 4561 :
3348 4506 3443 4561 sed
3478 4506 3560 4560 le-

296 4598 588 4667 ἱστῶμεν.)
620 4597 828 4651 Οὐκοῦν
856 4599 931 4663 ὡς
956 4599 1075 4669 Θεῷ
1103 4600 1402 4671 προσίεμεν
1420 4599 1499 4671 τῷ
1528 4601 1767 4673 Χριστῷ,
1791 4603 1876 4655 ἵνα

1986 4622 2106 4680 gem
2135 4606 2448 4661 statuimus.
2477 4623 2495 4656 ι
2531 4603 2886 4672 Adjungimus
2909 4615 3038 4670 ergo
3072 4615 3169 4655 nos
3189 4599 3407 4655 Christo
3446 4606 3563 4653 tan-

296 4691 373 4762 μὴ
405 4692 840 4765 καηγοριὺμεθα
861 4735 874 4761 ,
910 4694 987 4757 ὡς
1020 4695 1390 4764 παραλύοντες
1420 4696 1606 4764 νόμον,
1638 4697 1876 4750 ἐπαινῶ-

298 4784 437 4855 μεθα
491 4785 547 4838 δέ
596 4785 817 4856 μᾶλλον,
845 4786 921 4850 ὡς
983 4787 1238 4851 ἱστῶντες
1282 4788 1446 4859 νόμον
1499 4787 1587 4841 διά
1636 4788 1734 4858 τῆς
1785 4790 1877 4842 πί-

297 4893 489 4940 στεως.

368 4970 504 5035 Περὶ
526 4969 620 5023 τοῦ
657 4969 906 5041 Ἀϐραάμ
936 4988 1069 5041 φησι
1090 4989 1104 5003 ’
1136 4991 1153 5024 ι
1174 4972 1477 5029 Κατέναντι
1498 4968 1560 5028 οῦ
1590 4976 1876 5031 ἐπίστευσε

294 5061 454 5125 Θεοῦ,
490 5061 583 5115 τοῦ
614 5061 1003 5127 ζωοποιοῦντος
1027 5065 1151 5127 τοὺς
1179 5067 1424 5137 νεκροὺς,
1451 5068 1545 5121 καὶ
1588 5069 1879 5134 καλοῦντος

293 5156 365 5207 τὰ
408 5154 481 5226 μὴ
511 5154 640 5209 ὄντα
672 5156 746 5219 ὠς
775 5155 923 5211 ὅντα.
958 5155 1118 5210 ι”υτε
1162 5159 1342 5213 τοίνυν
1370 5160 1431 5212 τὸ
1470 5162 1751 5225 ζωοποιεῖν
1784 5162 1877 5215 δύο

298 5244 492 5298 νασθαι
539 5246 666 5308 τοὺς
716 5247 941 5318 νεκροὺς
976 5248 1270 5319 ἀρμόσειεν
1302 5249 1369 5303 ἂν
1395 5251 1493 5321 οὑχ
1520 5253 1711 5323 ἑτέρῳ,
1742 5253 1881 5324 πλὴν

298 5339 380 5392 ὃτι
413 5337 561 5408 μόνῳ
587 5336 663 5408 τῷ
698 5340 841 5393 κατὰ
868 5339 1029 5409 φύσιν
1055 5339 1205 5413 Θεῷ’
1248 5341 1504 5406 ζωοποιεῖ
1548 5346 1605 5398 δὲ
1648 5347 1883 5416 Χριστὸς

377 5518 432 5603 ’ξ
463 5518 578 5577 Jac.
620 5534 696 5589 tv,
730 5521 818 5609 ιζ.
938 5523 982 5555 ⁹¹
1012 5522 1156 5579 Psal.
1187 5541 1373 5592 ιιικιν,
1399 5526 1453 5584 7.

302 5589 347 5620 θ’
396 5590 542 5620 leg-Iul
601 5608 667 5620 ..-
730 5592 750 5620 Ι
856 5594 902 5620 Il
934 5594 1064 5620 Dn...
1125 5611 1173 5620 ...
1225 5597 1287 5620 JH

393 5590 564 5647 Exod.
601 5608 691 5659 xx,
723 5590 807 5649 4.’
856 5594 902 5626 "
933 5594 1087 5650 Rom.
1124 5611 1195 5659 IV,
1224 5597 1307 5651 l7.

1568 5526 1613 5557 "
1646 5524 1802 5581 Bonl.
1839 5541 1921 5594 III,
1947 5525 2135 5580 20-22.

1988 4718 2151 4771 quam
2180 4714 2310 4755 vero
2338 4699 2470 4763 Deo,
2506 4711 2579 4751 ne
2608 4695 2820 4750 violata:
2864 4695 2998 4765 legis
3032 4693 3435 4759 insimulemur,
3466 4694 3564 4748 sed

1986 4793 2449 4857 commendemur,
2485 4789 2661 4859 utqui
2697 4787 2868 4856 legem
2906 4801 3001 4856 per
3028 4786 3192 4839 {idem
3238 4794 3563 4841 statuamus.

2058 4978 2168 5049 53
2197 4976 2262 5031 Et
2314 4974 2383 5028 de
2432 4970 2705 5026 Abraham
2756 4966 2989 5023 scribit:
3023 4984 3044 5017 ο
3075 4965 3216 5021 Ante
3269 4965 3435 5022 Deum
3479 4968 3564 5023 cui

1987 5072 2235 5134 credidit,
2264 5068 2355 5139 qui
2386 5064 2626 5121 viviﬁcat
2652 5070 2917 5126 mortuos,
2949 5069 3006 5115 et
3031 5070 3189 5115 vocat
3220 5073 3282 5113 ea
3307 5074 3424 5129 qua:
3454 5075 3563 5114 non

1989 5173 2136 5227 sunt,
2180 5172 2439 5230 tanquam
2484 5172 2548 5212 ea
2589 5170 2711 5225 quae
2747 5153 2963 5209 sunt”.
2996 5171 3014 5205 ι
3068 5152 3201 5207 Cum
3235 5152 3399 5223 igitur
3424 5166 3568 5205 mor-

1992 5266 2115 5310 tuos
2141 5253 2265 5307 vita:
2307 5250 2599 5306 restituere
2630 5261 2788 5317 posse
2834 5247 2887 5301 in
2926 5244 3129 5300 nullum
3179 5244 3343 5299 alium
3372 5258 3569 5299 conve-

1995 5346 2131 5411 niat,
2176 5342 2279 5398 nisi
2317 5343 2371 5396 in
2414 5339 2591 5395 solum
2635 5338 2940 5394 naturalem
2974 5336 3181 5400 Deum;
3210 5335 3568 5402 Christusque

2244 5524 2289 5556 9"
2320 5524 2452 5580 ibid.
2488 5525 2578 5581 25.

2690 5526 2736 5558 "
2767 5523 2899 5581 ibid.
2927 5524 3017 5581 3i.
3122 5525 3169 5555 "
3202 5525 3355 5579 Deut.
3390 5537 3461 5586 vt,
3513 5522 3567 5576 4.

1391 5748 1565 5807 Variae
1594 5749 1854 5810 lectiones
1883 5750 2085 5809 codicis
2113 5750 2469 5821 Seguieriani.

382 5881 423 5919 ι’
452 5880 539 5937 Ῑσ.
573 5880 692 5951 τῆς.

639 5976 909 6037 Ριτιιοι..
958 5974 1074 6037 Gn.
1125 5973 1411 6036 LXXVI.

3208 5972 3289 6036 39
