4146 6470
604 404 744 457 4227

1631 403 1688 457 S.
1728 402 2001 457 CYRILM
2044 402 2511 460 ALEXANDRINI
2550 406 2870 464 ARCllll-IP.

3718 415 3861 469 {2‘18

607 530 838 585 propriae
864 514 1043 567 carnis
1078 523 1329 570 contactu
1364 530 1457 571 eos
1486 516 1720 573 viviﬁeet
1748 533 1810 571 ac
1845 534 1911 573 ex
1954 517 2169 572 mortuis

2281 522 2375 573 καὶ
2425 522 2513 575 διά
2557 520 2657 591 τῆς
2709 523 2844 587 ιδίας
2893 523 3092 594 σαρκὸς
3140 525 3263 588 τοὺς
3326 524 3857 597 κατεφθαρμένους,

606 609 826 668 excitet,
853 607 942 675 qui
986 617 1159 660 morte
1189 608 1457 676 absumpti
1488 608 1696 662 fuerant
1732 627 1746 663 :
1773 610 2043 679 quomodo
2072 626 2176 663 non

603 710 689 752 est
735 714 899 752 verus
951 698 1112 763 Deus,
1151 699 1384 752 maxime
1434 713 1563 751 vero
1615 713 1737 751 cum
1791 700 1926 751 alios
1967 714 2179 767 quoque

608 793 720 860 ipse
748 806 807 843 ea
843 798 1104 859 potestate
1134 789 1376 854 donarit,
1416 797 1469 843 ut
1507 788 1560 842 ln
1609 789 1827 843 nomine
1860 789 2034 859 ipsius
2071 790 2176 843 vita

613 884 829 937 functos
859 884 910 937 in
946 882 1115 936 lucem
1150 896 1404 936 revocare
1438 880 1698 951 possent?

679 995 697 1026 ι
734 976 943 1044 Itaque,
975 974 1170 1030 fratres
1202 974 1326 1037 mei,
1362 983 1415 1028 et
1442 988 1537 1027 vos
1575 973 1879 1028 mortiﬁcati
1912 972 2044 1027 estis
2072 972 2175 1043 legi

605 1084 702 1139 per
737 1084 931 1138 corpus
963 1067 1189 1131 Christi,
1225 1076 1282 1120 ut
1312 1067 1431 1121 sitis
1458 1066 1703 1130 alterius,
1733 1065 1822 1134 qui
1851 1081 1917 1119 ex
1947 1065 2174 1120 mortuis

604 1161 925 1226 resurrexit,
972 1168 1024 1213 ut
1062 1158 1452 1213 fructiﬁcemus
1485 1157 1593 1212 Deo
1615 1158 1685 1211 ⁹⁹.
1718 1175 1736 1209 ι
1787 1156 2175 1211 Mortiﬁcamur

604 1254 729 1321 legi,
759 1253 974 1321 quando
1004 1251 1071 1305 ab
1110 1250 1251 1304 illius
1282 1250 1543 1305 servitute
1564 1258 1619 1303 et
1647 1248 1792 1302 cultu
1826 1248 2170 1313 desistimus;

600 1344 877 1398 evadimus
904 1352 1080 1397 autem
1106 1341 1284 1407 alteri,
1314 1343 1416 1396 hoc
1446 1351 1530 1395 est
1557 1340 1793 1407 Christo,
1812 1341 1900 1409 qui
1936 1356 2001 1394 ex
2027 1354 2174 1393 mor-

605 1434 711 1487 tuis
734 1433 1056 1495 resurrexit,
1086 1431 1329 1495 obnoxii,
1368 1431 1492 1484 dum
1527 1440 1585 1483 ut
1620 1429 2009 1484 fructilicemus
2039 1432 2167 1493 Deo,

599 1524 834 1579 oraculis
878 1524 1201 1594 evangelicis
1250 1524 1319 1578 ab
1350 1523 1469 1591 ipso
1515 1523 1688 1577 editis‘
1723 1537 1927 1577 morem
1985 1537 2172 1592 gerere

598 1617 757 1671 enixe
781 1615 1179 1670 contendimus.
1224 1616 1293 1669 At
1334 1629 1462 1668 vero
1490 1628 1698 1668 summa
1724 1622 1777 1667 et
1810 1620 1973 1680 caput
2005 1626 2171 1666 evan-

598 1708 889 1778 g‘elicorum
945 1716 1335 1776 praeceptorum
1384 1714 1471 1760 est
1521 1706 1655 1760 lides
1710 1705 1764 1759 iu
1823 1704 2019 1774 ipsum.
2075 1704 2171 1757 llic

598 1798 739 1851 enim
768 1806 953 1852 noster
972 1806 1053 1851 est
1079 1797 1309 1860 fructus,
1331 1810 1489 1866 quem
1509 1794 1745 1860 Christo,
1763 1803 2016 1863 tanquam
2038 1795 2168 1857 Deo,

2280 611 2581 681 ἁπτόμενος
2612 613 2719 666 τῶν
2744 614 2970 684 νεκρῶν,
3007 616 3100 668 καὶ
3128 616 3347 680 ἀνιστάς
3380 617 3577 680 αὐτούς
3598 635 3615 649 ο
3649 617 3770 678 πῶς
3797 617 3859 667 οὗ

2278 698 2409 762 Θεὸς
2427 701 2730 772 amonem
2746 703 2868 766 δοὺς
2888 704 2981 756 καὶ
3004 705 3208 775 ἑτέροις
3228 705 3473 770 ἐξουσίαν
3490 708 3613 771 τοὺς
3630 709 3861 778 νεκροὺς

2277 787 2514 865 ἐγείρειν
2546 791 2634 843 διὰ
2663 792 2758 845 τοῦ
2790 794 3051 863 ὀνόματος
3082 795 3277 859 αὑτοῦ;

2353 970 2568 1034 «Ὥστε,
2603 972 2819 1042 ἀδελφοί
2852 992 2974 1045 μου,
3004 976 3097 1029 καῖ
3144 976 3301 1047 ὑμεῖς
3350 974 3734 1046 ἐθανατώθητε
3782 975 3863 1044 τῷ

2275 1060 2423 1132 νόμῳ
2450 1061 2538 1116 διὰ
2569 1062 2662 1116 τοῦ
2700 1065 2951 1135 σώματος
2974 1066 3068 1120 τοῦ
3095 1065 3353 1138 Χριστοῦ,
3383 1069 3462 1130 είς
3502 1067 3563 1120 τὸ
3598 1066 3860 1136 γενέσθαι

2276 1148 2418 1220 ὑμᾶς
2438 1152 2608 1222 ἑτέρῳ
2635 1152 2712 1222 τῷ
2733 1155 2796 1207 ἐκ
2818 1155 3029 1226 νεκρῶν
3056 1156 3354 1227 ἐγερθέντι,
3387 1157 3473 1209 ῖνα
3502 1158 3860 1227 καρποφορή-

2278 1261 2457 1313 σωμεν
2489 1244 2566 1314 τῷ
2602 1244 2739 1315 Θεῷ.
2772 1264 2791 1297 ι
2834 1246 3222 1317 Θανατούμεθα
3253 1247 3331 1318 τῷ
3359 1251 3530 1318 νόμῳ,
3576 1249 3679 1317 τῆς
3724 1249 3862 1301 κατ’

2274 1332 2436 1385 αὑτὸν
2459 1333 2712 1405 λατρείας
2740 1335 3143 1406 ἀποπαυόμενοι
3164 1353 3176 1365 °
3208 1336 3470 1405 γινόμεθα
3500 1338 3556 1390 δὲ
3582 1338 3761 1408 ἑτέρῳ
3782 1338 3859 1407 τῷ

2270 1424 2336 1476 ἐκ
2371 1424 2579 1494 νεκρῶν
2618 1425 2917 1496 ἐγερθέντι,
2949 1426 3194 1480 τουτέστι
3245 1428 3487 1499 Χριστῷ,
3519 1432 3633 1492 τοῖς
3686 1426 3857 1481 αὐτοῦ

2272 1515 2637 1587 θεσπίσμασιν
2668 1517 3041 1586 εὐαγγελικοῖς
3067 1519 3490 1572 κατακολουθεῖν
3517 1520 3853 1583 σπουδάζον-

2269 1622 2380 1668 τες,
2414 1605 2501 1658 ἵνα
2552 1608 3064 1678 καρποφορήσωμεν
3116 1608 3196 1679 τῷ
3249 1608 3389 1678 Θεῷ.
3435 1610 3749 1678 Κεφάλαιον
3799 1610 3859 1662 δὲ

2270 1698 2378 1749 τῶν
2408 1698 2778 1765 εὑαγγελικῶν
2813 1699 3199 1770 θεσπισμάτων
3224 1702 3257 1771 ἡ
3289 1701 3469 1764 πίστις
3503 1703 3536 1771 ἡ
3566 1704 3646 1765 είς
3668 1703 3853 1756 αὐτόν.

2272 1789 2383 1840 Καί
2430 1781 2586 1851 οὗτος
2621 1788 2778 1858 ἡμῶν
2824 1791 2852 1842 6
2884 1790 3115 1861 καρπὸς,
3146 1796 3222 1854 ὡς
3264 1790 3405 1861 Θεῷ,
3442 1793 3871 1862 προσαγόμενος

597 1888 874 1942 oﬂerimns
905 1907 917 1942 :
949 1901 1079 1955 ergo
1125 1887 1215 1955 qui
1263 1902 1327 1940 ex
1380 1885 1609 1941 mortuis
1660 1886 1983 1952 resurrexit,
2028 1884 2169 1939 Deus

2272 1876 2351 1947 τῷ
2372 1876 2614 1948 Χριστῷ.
2648 1878 2779 1942 Θεὸς
2799 1874 2891 1931 οὖν
2916 1880 3023 1951 ἄρα
3043 1880 3190 1933 ἐστὶν
3213 1882 3241 1934 6
3267 1882 3329 1934 ἐκ
3351 1861 3563 1953 νεκρῶν
3586 1861 3852 1949 ἀναστὰς,

598 1977 833 2042 exsistit,
871 1978 1016 2045 quod
1051 1975 1282 2030 Verbum
1315 1990 1443 2029 caro
1477 1974 1550 2027 sit
1582 1974 1806 2027 factum.

674 2088 691 2121 «
723 2068 821 2135 Qui
853 2077 1030 2121 autent
1059 2066 1111 2120 in
1144 2080 1308 2119 carne
1341 2077 1487 2132 sunt,
1526 2064 1634 2118 Deo
1657 2064 1873 2134 placere
1904 2078 2009 2117 non
2046 2078 2171 2132 pos-

596 2170 741 2215 sunt.
767 2159 877 2215 V05
899 2168 1078 2213 autem
1109 2158 1161 2211 iu
1202 2171 1367 2211 carne.
1410 2171 1514 2210 non
1544 2159 1697 2223 estis,
1732 2156 1825 2211 sed
1863 2156 1914 2209 in
1944 2155 2168 2224 Spiritu;

598 2253 641 2306 si
672 2264 847 2306 tamen
882 2248 1115 2320 Spiritus
1157 2249 1247 2303 Dei
1280 2248 1486 2303 habitat
1524 2248 1575 2301 in
1619 2248 1789 2301 vobis.
1827 2243 1884 2299 Si
1919 2246 2040 2314 quis
2074 2260 2171 2298 au-

600 2353 704 2397 tem
736 2341 939 2398 Christi
976 2340 1226 2409 spiritum
1276 2354 1380 2392 non
1426 2339 1611 2403 habet,
1644 2338 1731 2392 hic
1771 2353 1877 2391 non
1908 2345 1993 2392 est
2035 2336 2169 2404 ejus.

588 2434 656 2487 Si
712 2442 893 2487 autem
943 2431 1191 2486 Christus
1233 2430 1286 2484 in
1345 2431 1496 2485 vobis
1550 2438 1654 2494 est,
1702 2444 1903 2498 corpus
1954 2428 2171 2491 quidem

598 2534 871 2578 mortuum
919 2532 1003 2577 est
1033 2531 1254 2592 propter
1287 2530 1589 2591 peccatum,
1632 2520 1859 2589 spiritus
1898 2534 2029 2574 vero
2062 2520 2171 2573 vita

594 2610 1303 2683 propterjustilicatiouem.
1335 2608 1490 2675 Quod
1540 2608 1584 2662 si
1622 2605 1858 2676 Spiritus
1902 2604 2039 2672 ejus,
2081 2603 2170 2672 qui

595 2697 873 2762 suscita'vit
906 2703 1088 2759 Jesum
1122 2702 1397 2757 Christum
1444 2716 1510 2755 ex
1564 2700 1815 2766 mortuis,
1867 2698 2075 2754 habitat
2116 2698 2169 2751 iu

586 2796 910 2867 vobiszqtii
959 2792 1453 2849 suscitavitJesum
1509 2792 1781 2845 Christum
1831 2805 1862 2844 a
1917 2790 2167 2856 mortuis,

598 2888 889 2945 viviticabit
915 2899 969 2941 et
998 2885 1243 2939 mortalia
1275 2898 1503 2954 corpora
1535 2892 1738 2944 vestra,
1768 2890 1985 2951 propter
2010 2881 2163 2934 inha-

597 2980 853 3034 bitantem
888 2976 1151 3044 Spiritum
1185 2976 1299 3041 ejus
1328 2974 1380 3027 in
1418 2972 1569 3027 vobis
1592 2973 1632 3024 ¹.
1667 2990 1685 3023 ι
1726 2970 1803 3023 En
1841 2970 1930 3024 hic
1964 2969 2165 3024 Christi

598 3068 857 3139 Spiritus,
898 3068 991 3121 Dei
1026 3066 1263 3135 Spiritus
1294 3078 1417 3119 esse
1463 3064 1663 3117 diserte
1695 3062 1980 3116 asseritur.
2024 3062 2091 3114 At
2122 3060 2165 3115 si

597 3160 850 3215 Christus
876 3173 971 3226 per
991 3172 1048 3211 se
1078 3164 1131 3209 et
1160 3153 1454 3209 secundum
1486 3167 1543 3206 se
1569 3151 1715 3205 aliud
1744 3150 1876 3204 nihil
1900 3160 1980 3204 est
2006 3165 2164 3217 quam

592 3250 780 3314 homo,
810 3247 1044 3303 Verbum
1088 3244 1180 3299 Dei
1224 3243 1487 3311 hospitem
1527 3241 1699 3295 solum
1744 3240 1795 3293 in
1848 3255 1905 3294 se
1942 3240 2164 3304 habens,

596 3340 871 3407 quomodo
896 3336 1113 3391 divinus
1146 3333 1236 3388 ille
1267 3332 1509 3401 Spiritus
1539 3346 1658 3385 esse
1690 3329 1806 3397 ejus
1827 3330 2058 3384 dicitur?
2089 3339 2172 3383 est

598 3442 781 3485 autem
830 3429 917 3483 hic
959 3427 1193 3497 Spiritus
1229 3424 1371 3479 illius
1402 3423 1675 3493 preprius.
1719 3420 1859 3476 Deus
1901 3429 1985 3475 est
2018 3435 2169 3489 ergo,

599 3535 698 3576 nec
741 3520 902 3574 aliter
942 3533 1029 3572 res
1061 3515 1243 3571 habet.
1278 3512 1387 3568 Nec
1412 3513 1556 3567 enim
1591 3510 1829 3568 Verbum
1871 3510 1965 3566 Dei
1996 3512 2048 3564 in
2080 3511 2173 3565 ho-

597 3614 745 3668 mine
792 3610 1145 3678 iuhabitavit,
1198 3608 1291 3665 sed
1348 3608 1627 3664 divinitate
1672 3608 1881 3677 integre
1929 3616 2169 3674 retenta,

598 3704 761 3757 homo
798 3716 924 3756 vere
975 3698 1176 3753 factum
1214 3707 1340 3752 est:
1370 3706 1531 3765 atque
1577 3698 1678 3751 hac
1722 3696 1953 3762 ratione,
1995 3696 2174 3752 Patris

593 3793 857 3865 Spiritus,
883 3792 1081 3847 Christi
1109 3804 1321 3860 quoque
1344 3788 1578 3859 Spiritus
1601 3788 1958 3859 intellligitur.

674 3906 691 3940 «
712 3886 1028 3956 Quicunque
1048 3885 1189 3939 enim
1217 3883 1419 3952 Spiritu
1445 3882 1535 3937 Dei
1574 3891 1829 3952 aguntur,
1849 3882 1883 3936 ii
1924 3890 2052 3936 sunt
2077 3880 2169 3935 ﬁlii

590 3978 713 4034 Dei.
731 3976 846 4031 Non
860 3977 1003 4031 enim
1028 3975 1311 4044 accepistis
1329 3974 1574 4043 spiritum
1597 3972 1872 4028 servitutis
1895 3972 2088 4025 iterum
2114 3971 2168 4024 in

596 4072 815 4134 timore,
844 4069 937 4122 sed
966 4066 1249 4136 accepistis
1283 4066 1531 4135 spiritum
1569 4066 1873 4135 adeptionis
1898 4064 2129 4119 ﬁliorum
2150 4102 2165 4129 ,

590 4159 707 4231 '59
729 4160 779 4215 in
808 4175 915 4229 quo
940 4159 1259 4221 clamamus,
1289 4156 1438 4212 Abba
1464 4198 1480 4224 ,
1507 4156 1739 4223 Pater”;
1771 4176 1789 4210 ι
1834 4168 1887 4213 et
1912 4158 2016 4211 alio
2046 4172 2169 4211 rur-

596 4266 716 4305 sum
758 4249 877 4305 loco
906 4249 1098 4304 beatus
1144 4248 1343 4304 Paulus
1376 4267 1389 4304 :
1426 4266 1443 4300 «
1475 4246 1764 4315 Quoniam,
1812 4250 2005 4319 inquit,
2037 4247 2168 4303 estis

600 4341 718 4405 lilii,
748 4341 896 4395 misit
929 4341 1069 4395 Deus
1109 4341 1370 4410 Spiritum
1400 4339 1524 4409 Filii
1556 4340 1637 4393 sui
1676 4340 1729 4394 in
1762 4340 1923 4395 corda
1960 4348 2165 4404 vestra,

596 4434 943 4494 clamantem,
971 4431 1144 4499 Abba,
1175 4430 1336 4484 Pater
1358 4430 1399 4486 ³.
1434 4410 1536 4484 ιτδί
1583 4430 1745 4501 igitur
1776 4444 1870 4500 per
1897 4428 2018 4484 Filii
2045 4428 2168 4497 Spi-

2271 1968 2347 2033 ὡς
2388 1970 2587 2040 σαρκὸς
2617 1970 2901 2039 γεγονότος
2922 1970 3018 2024 τοῦ
3051 1972 3255 2041 Λόγου.

2350 2080 2366 2112 «
2397 2063 2459 2114 Οἱ
2506 2061 2561 2113 δὲ
2607 2063 2664 2114 ἐν
2711 2062 2877 2134 σαρκὶ
2904 2062 3075 2129 ὀντες,
3108 2064 3227 2135 Θεῷ
3259 2064 3456 2135 ἀρέσαι
3483 2066 3543 2118 οὐ
3571 2064 3850 2120 δύνανται.

2281 2151 2471 2217 Ὑμεῖς
2493 2152 2548 2205 δὲ
2574 2153 2674 2206 οὐκ
2701 2153 2827 2206 ἐστὲ
2858 2155 2916 2206 ἐν
2944 2153 3129 2225 σαρκὶ,
3153 2155 3268 2208 ἀλλ’
3294 2158 3351 2209 ἐν
3377 2156 3668 2227 πνεύματι,
3693 2158 3852 2227 εἴπερ

2273 2245 2498 2314 Πνεῦμα
2537 2244 2670 2298 Θεοῦ
2703 2247 2845 2298 οἰκεῖ
2885 2248 2943 2300 ἐν
2975 2247 3123 2317 ὑμῖν.
3169 2247 3232 2299 Εἰ
3261 2247 3318 2300 δέ
3350 2264 3433 2311 τις
3466 2246 3688 2317 πνεῦμα
3721 2248 3852 2319 Χρι-

2275 2336 2400 2389 στοῦ
2428 2337 2527 2388 οὐκ
2560 2336 2694 2406 ἔχει,
2728 2329 2883 2400 οὗτος
2910 2338 3008 2390 οῦκ
3042 2337 3189 2391 ἐστιν
3216 2336 3401 2392 αὐτοῦ.
3434 2338 3497 2390 Εἰ
3529 2338 3585 2390 δὲ
3614 2339 3851 2409 Χριστὸς

2274 2429 2331 2480 ἐν
2381 2428 2529 2497 ὑμῖν,
2559 2428 2621 2480 τὸ
2668 2427 2767 2497 μὲν
2811 2426 2970 2497 σῶμα
3018 2428 3209 2499 νεκρὸν
3256 2428 3322 2481 δι’
3362 2429 3655 2500 ἁμαρτίαν,
3688 2429 3751 2481 τὸ
3794 2428 3849 2480 δὲ

2272 2518 2491 2588 πνεῦμα
2537 2518 2652 2587 ζωὴ
2700 2516 2789 2571 διὰ
2823 2518 3191 2589 δικαιοσύνην.
3230 2520 3291 2572 Ei
3318 2519 3375 2571 δὲ
3404 2518 3464 2572 τὸ
3500 2518 3728 2588 Πνεῦμα
3757 2519 3851 2571 τοῦ

2272 2609 2583 2680 ἐγείραντος
2630 2610 2721 2663 τὸν
2757 2607 2963 2681 Ἰησοῦν
3014 2613 3077 2663 ἐκ
3123 2610 3332 2680 νεκρῶν
3378 2612 3519 2663 οἰκεῖ
3552 2613 3610 2663 ἐν
3641 2612 3788 2680 ὑμῖν,
3820 2612 3851 2661 6

2270 2700 2489 2771 ἐγείρας
2520 2702 2585 2753 ἐκ
2614 2700 2823 2772 νεκρῶν
2849 2701 3081 2771 Χριστὸν
3122 2700 3351 2771 Ἰησοῦν,
3385 2703 3717 2772 ζωοποιήσει
3756 2706 3851 2755 καὶ

2269 2792 2336 2846 τὰ
2380 2792 2549 2863 θνητά
2597 2791 2825 2862 σώματα
2858 2793 3013 2862 ὑμῶν
3060 2793 3147 2846 διά
3197 2792 3292 2846 τοῦ
3322 2793 3657 2857 ἐνοικοῦντος
3682 2795 3850 2846 αὐτοῦ

2271 2884 2592 2955 Πνεῦματος
2616 2886 2672 2937 ἐν
2697 2885 2847 2954 ὑμῖν.
2881 2903 2899 2935 ι
2921 2884 3051 2937 Ἰδοὺ
3079 2884 3142 2955 δὴ
3171 2884 3355 2951 σαφῶς
3382 2884 3442 2936 τὸ
3462 2883 3595 2936 Θεοῦ
3624 2882 3853 2952 Πνεῦμα

2266 2974 2484 3044 λέγεται
2537 2975 2631 3030 τοῦ
2681 2975 2941 3047 Χριστοῦ.
2978 2976 3117 3030 Ἀλλ’
3166 2976 3324 3046 εἴπερ
3370 2976 3517 3029 ἐστὶν
3564 2977 3853 3046 ἄνθρωπος

2273 3066 2454 3130 ἰδικῶς
2498 3068 2593 3120 καὶ
2628 3067 2730 3121 ἀνὰ.
2779 3067 2945 3137 μέρος
2990 3067 3264 3137 κείμενος,
3295 3068 3656 3139 κατῳκηκότα
3686 3068 3853 3137 μόνον

2274 3160 2330 3210 ἐν
2351 3159 2500 3229 αὐτῷ
2523 3159 2614 3213 τὸν
2635 3158 2728 3212 τοῦ
2750 3158 2884 3212 Θεοῦ
2911 3159 3084 3226 Λόγου
3112 3159 3272 3229 ἔχων,
3300 3159 3416 3222 πῶς
3450 3159 3612 3213 αὐτοῦ
3628 3160 3688 3212 τὸ
3706 3158 3853 3211 θεῖον

2272 3248 2487 3318 λέγεται
2518 3249 2780 3320 ,Πνεῦμα;
2808 3251 2943 3305 ἀλλὰ
2981 3251 3085 3322 μὴν
3122 3252 3252 3304 ἴδιον
3296 3248 3460 3303 αὑτοῦ
3512 3250 3572 3302 τὸ
3621 3249 3854 3318 Πνεῦμά

2270 3340 2413 3394 ἐστι’
2445 3341 2577 3405 Θεὸς
2606 3343 2734 3413 ἄρα,
2757 3344 2853 3397 καὶ
2876 3344 2973 3414 οὐχ
3004 3344 3223 3414 ἐτέρως.
3260 3342 3334 3395 Οὐ
3363 3343 3473 3413 γὰρ
3497 3343 3553 3394 ἐν
3577 3341 3853 3413 ἀνθρώπῳ

2269 3432 2493 3501 γέγονεν
2526 3434 2555 3487 6
2594 3434 2687 3487 τοῦ
2734 3434 2870 3488 Θεοῦ
2905 3435 3095 3503 Λόγος,
3129 3435 3264 3488 ἀλλά
3308 3435 3533 3503 γέγονεν
3564 3435 3852 3506 ἄνθρωπος

2270 3522 2506 3585 ἀληθῶς,
2546 3522 2685 3593 μετὰ
2724 3523 2818 3577 τοῦ
2863 3527 3041 3594 μεῖναι
3071 3523 3221 3588 Θεός.
3258 3524 3414 3579 Οῦτω
3443 3525 3550 3597 γὰρ
3580 3527 3647 3580 ἂν
3677 3529 3853 3581 νοοῖτο

2271 3616 2507 3686 Χριστοῦ
2540 3617 2601 3669 τὸ
2628 3617 2849 3687 Πνεῦμα
2880 3616 3148 3688 ὑπάρχειν
3176 3616 3237 3670 τὸ
3265 3615 3358 3670 τοῦ
3384 3616 3619 3689 Πατρός.

2348 3879 2531 3933 «Ὅσοι
2579 3880 2686 3951 γὰρ
2726 3880 3000 3951 Πνεῦματι
3043 3880 3177 3935 Θεοῦ
3225 3882 3473 3951 ἄγονται,
3517 3874 3663 3935 οῦτοί
3710 3883 3849 3934 είσεν

2272 3971 2378 4023 υἱοὶ
2398 3969 2554 4023 Θεοῦ.
2687 3972 2795 4042 γὰρ
2824 3972 3047 4026 ἐλάϐετε
3074 3972 3291 4044 πνεῦμα
3309 3974 3551 4038 δουλείας
3576 3974 3739 4027 πάλιν
3768 3979 3849 4033 είς

2270 4061 2456 4130 φόϐον,
2495 4062 2607 4115 ἀλλ’
2634 4063 2852 4117 ἐλάϐετε
2886 4065 3103 4135 πνεῦμα
3146 4066 3438 4129 υἱοθεσίας,
3475 4068 3534 4121 ἐν
3570 4059 3615 4133 ᾧ
3644 4068 3845 4138 κράζο-

2272 4169 2391 4224 μεν,
2410 4153 2599 4217 Ἀϐϐἄ,
2617 4156 2645 4207 6
2681 4154 2893 4226 Πατήρ.
2921 4175 2938 4207 ι
2961 4156 3017 4209 'U
3052 4158 3321 4229 μακάριος
3363 4160 3561 4229 γράφει
3590 4158 3802 4221 Παῦλος
3827 4174 3842 4189 ’

2274 4245 2427 4297 «Ὅτι
2459 4244 2516 4296 δέ
2548 4245 2670 4297 ἐστε
2700 4246 2828 4311 υἱοὶ,
2862 4246 3245 4311 ἐξαπέστειλεν
3289 4249 3318 4300 6
3364 4248 3496 4312 Θεὸς
3532 4247 3590 4302 τὸ
3620 4248 3847 4318 Πνεῦμα

2266 4334 2360 4388 τοῦ
2385 4335 2513 4389 Υἱοῦ
2549 4335 2712 4389 αὑτοῦ
2743 4339 2823 4400 εἰς
2849 4340 2949 4401 τὰς
2974 4339 3199 4409 καρδίας
3229 4339 3403 4410 ὑμῶν.
3422 4340 3641 4411 κράζον,
3658 4340 3843 4404 Ἀϐϐἅ,

2265 4431 2294 4483 6
2333 4430 2538 4501 Πατήρ.
2574 4447 2593 4482 ι
2632 4430 2841 4484 Οὐκοῦν
2874 4432 2921 4483 εἰ
2955 4431 3013 4484 ἐν
3034 4429 3311 4500 Πνεύματι
3343 4430 3435 4483 τοῦ
3466 4430 3594 4484 Υῐοῦ
3626 4432 3845 4502 παρρη-

594 4522 765 4576 ritum
820 4519 1069 4574 ﬁduciam
1137 4520 1316 4583 nacti,
1384 4519 1606 4574 Patrem
1666 4533 1864 4574 vocare
1909 4518 2167 4573 audemus

2273 4520 2393 4575 σίαν
2435 4522 2629 4593 ἔχομεν
2672 4523 2891 4594 Πατέρα
2925 4522 3108 4576 καλεῖν
3132 4522 3223 4575 τὸν
3250 4522 3405 4584 Θεὸν,
3436 4522 3512 4587 ὡς
3561 4522 3656 4576 τοῦ
3702 4526 3845 4577 κατά

598 4614 789 4677 Deum,
826 4620 1082 4681 tanquam
1115 4611 1206 4678 qui
1254 4610 1519 4665 naturalis
1548 4609 1770 4678 verique
1799 4608 1922 4663 Filii
1961 4608 2165 4676 Spiritu

594 4708 769 4759 simus
788 4700 1104 4771 locupletati
1131 4719 1143 4755 :
1182 4704 1451 4771 quomodo
1469 4701 1719 4756 Christus
1753 4714 1860 4755 non
1886 4709 1969 4754 est
1998 4698 2161 4763 Deus,

600 4812 707 4851 nou
740 4805 946 4850 tantum
964 4804 1240 4864 quatenus
1253 4793 1444 4847 similis
1461 4793 1616 4848 nobis
1634 4794 1797 4848 homo
1824 4790 2165 4861 intelligitur,

600 4887 693 4941 sed
722 4897 989 4955 quatenus
1029 4882 1257 4940 Verbum
1284 4884 1481 4938 factum
1514 4893 1595 4939 est
1629 4900 1774 4948 caro,
1800 4898 1973 4953 neque
2011 4897 2167 4938 secus

596 4993 663 5033 ac
691 4992 790 5032 nos
820 4978 1002 5032 carnis
1029 4985 1083 5032 et
1111 4975 1389 5046 sanguinis
1413 4976 1680 5046 particeps
1713 4974 1961 5030 effectum
1993 4974 2114 5030 est?

673 5085 696 5120 «
729 5067 860 5135 Quis
894 5083 992 5122 nos
1021 5068 1298 5138 separabit
1323 5082 1352 5120 a
1383 5067 1650 5121 ebaritate
1678 5066 1924 5121 Christi?
1950 5064 2170 5120 tribula-

602 5160 677 5215 tio
701 5198 716 5225 ,
765 5175 833 5213 an
867 5160 1113 5230 angustia
1135 5197 1150 5224 ,
1184 5174 1251 5214 an
1294 5158 1499 5223 fames,
1532 5172 1601 5212 an
1640 5158 1856 5212 uuditas
1877 5200 1891 5225 ,
1920 5172 1987 5211 an
2021 5156 2167 5225 peri-

599 5251 778 5305 culum
806 5288 822 5315 ,
873 5266 939 5303 an
985 5252 1323 5319 persecutio,
1370 5264 1438 5303 an
1484 5248 1792 5320 gladius"?
1822 5267 1840 5299 ι
1899 5246 2005 5302 Lex
2056 5246 2168 5301 Mo-

599 5341 747 5395 saica
788 5342 929 5395 inter
957 5350 1151 5396 caetera
1191 5342 1451 5406 dictabat,
1488 5341 1835 5411 graviterque
1878 5340 2160 5410 praecipie-

583 5430 731 5485 .bat:
765 5450 784 5483 «
818 5430 1017 5502 Diliges
1046 5432 1333 5488 Dominum
1370 5435 1536 5487 Deum
1567 5442 1713 5487 tuum
1753 5448 1820 5487 ex
1865 5441 1980 5487 toto
2009 5433 2172 5487 corde

603 5533 715 5585 tuo.
769 5538 836 5578 ex
891 5534 1005 5580 tota
1065 5525 1244 5580 anima
1300 5535 1412 5591 tua,
1465 5534 1519 5580 et
1575 5539 1641 5580 ex
1694 5533 1803 5580 tota
1859 5524 2173 5580 fortitudine

600 5622 695 5669 tua
721 5614 765 5668 δ.
798 5632 817 5667 ι
868 5614 1003 5671 Cum
1060 5616 1225 5687 igitur
1282 5617 1667 5684 dilectionem,
1723 5631 1844 5687 qua:
1896 5616 1948 5671 in
2004 5616 2169 5671 Deum

675 5747 721 5777 "
747 5746 905 5802 Rom.
934 5764 1031 5806 νη.
1064 5749 1117 5803 4.
1197 5749 1213 5782 ¹
1258 5749 1419 5805 Rom.
1464 5766 1577 5807 Vlll-
1614 5751 1767 5808 8-10.
1848 5752 1867 5783 '
1902 5749 2029 5805 ibid.
2065 5748 2151 5815 Μ,
2182 5748 2265 5802 l5.
2348 5750 2366 5781 ³
2393 5748 2569 5804 Galat.
2599 5765 2671 5815 tv,
2702 5750 2755 5805 6.
2833 5751 2876 5783 "
2906 5752 3063 5807 Rom.
3094 5765 3213 5816 vttt,
3236 5751 3324 5808 '55.

610 5815 799 5871 Matth.
830 5834 964 5884 xsu,
986 5819 1075 5871 57.

2273 4611 2433 4680 φύσιν
2476 4613 2569 4665 καὶ
2615 4613 2849 4685 ἀληθοῦς
2877 4614 3007 4667 Υἱοῦ
3053 4613 3112 4667 τὸ
3147 4613 3370 4685 Πνεῦμα
3401 4616 3802 4684 πλουτήσαντες
3826 4632 3841 4647 ⁸

2273 4702 2390 4765 πῶς
2416 4702 2478 4756 οὐ
2503 4703 2635 4766 Θεὸς
2676 4705 2705 4757 6
2744 4702 3006 4775 Χριστός;
3041 4705 3103 4756 οὐ
3138 4704 3273 4757 καθὸ
3302 4708 3504 4758 νοεῖται
3544 4706 3666 4758 καθ’
3700 4707 3849 4776 ἡμᾶς

2274 4794 2557 4866 ἄνθρωπος
2610 4795 2788 4865 μόνον,
2818 4796 2955 4850 ἀλλά
3000 4796 3135 4849 καθὸ
3183 4797 3372 4866 γέγονε
3428 4795 3565 4867 σὰρξ
3598 4799 3845 4865 δΛόγος,

2275 4885 2367 4938 καὶ
2401 4887 2700 4958 μετέσχηκε
2731 4888 3126 4959 παραπλησίως
3150 4891 3283 4960 ἡμῖν
3310 4889 3542 4959 αἵματος
3586 4891 3683 4942 καὶ
3717 4905 3848 4961 σαρ-

2274 4977 2370 5040 κός
2387 4993 2401 5042 ;

2353 5084 2371 5117 «
2406 5065 2501 5129 Τίς
2532 5068 2677 5137 ἡμᾶς
2708 5068 2931 5140 χωρίσει
2984 5070 3090 5123 ἀπὸ
3137 5071 3234 5141 τῆς
3280 5071 3501 5141 ἀγάπης
3545 5071 3644 5126 τοῦ
3674 5070 3846 5135 Θεοῦ;

2274 5158 2451 5229 θλίψις
2473 5198 2489 5224 ,
2533 5159 2566 5229 ἦ
2595 5161 2925 5232 στενοχωρία
2946 5201 2961 5225 ,
3009 5162 3042 5233 ἢ
3074 5162 3309 5233 διωγμὸς
3330 5204 3344 5228 ,
3392 5164 3424 5233 ἧ
3452 5163 3641 5232 λιμὸς,
3670 5163 3702 5234 ἢ
3732 5166 3849 5217 xiv-

2272 5250 2458 5315 δυνος,
2493 5250 2526 5323 ἦ
2557 5250 2839 5323 μάχαιρα;
2874 5271 2891 5303 ι
2931 5252 2991 5307 Ὀ
3022 5254 3183 5324 νόμος
3221 5254 3457 5323 ἔφασκεν
3493 5257 3523 5308 6
3565 5255 3653 5308 διὰ
3683 5256 3850 5308 Mth-

2275 5342 2434 5405 σέως,
2485 5342 2577 5395 καὶ
2635 5341 2850 5411 ἐντολὴν
2901 5343 3168 5395 ἐποιεῖτο’
3212 5362 3231 5395 «
3266 5344 3599 5415 Ἀγαπήσεις
3644 5344 3851 5414 Κύρων

2272 5429 2366 5483 τὸν
2409 5428 2541 5482 Θεόν
2586 5446 2680 5483 σου
2714 5430 2774 5495 ἐξ
2798 5430 2925 5500 ὅλης
2955 5431 3054 5501 τῆς
3085 5430 3307 5503 καρδίας
3342 5449 3459 5497 σου,
3501 5434 3598 5486 καὶ
3640 5433 3698 5499 ἐξ
3722 5433 3853 5503 δλης

2275 5520 2375 5590 τῆς
2405 5520 2585 5590 ψυχῆς
2626 5538 2741 5585 σου,
2773 5521 2866 5575 καὶ
2903 5521 2962 5586 ἐξ
3009 5523 3135 5593 ὅλης
3186 5523 3287 5593 τῆς
3336 5525 3519 5597 ίρχύος
3545 5541 3660 5578 σου.
3692 5524 3853 5577 »Ὅτε

2276 5613 2455 5666 τοίνυν
2494 5614 2591 5684 τὴν
2626 5614 2846 5686 ἀγάπην
2876 5615 2979 5687 τὴν
3008 5614 3085 5685 τῷ
3112 5614 3231 5687 Θεῷ
3264 5616 3743 5688 πρεπωδεστάτην,
3775 5615 3851 5678 ὡς

3419 5752 3439 5786 ⁸
3470 5752 3623 5809 Deut.
3669 5766 3741 5816 vr,
3786 5751 3847 5817 5;
