4146 6466
304 406 458 462 1229

1410 404 1496 459 DE
1534 403 1761 461 RECTA
1801 404 1958 461 FIDE
1997 403 2088 460 AD
2128 402 2447 461 REGINAS.

3414 394 3553 487 raso

314 519 377 587 ἐξ
405 518 533 588 ὅλης
560 517 741 587 ίσχυος
771 516 863 570 καὶ
883 517 1140 573 ἀνωτάτω
1170 519 1216 583 i,
1255 517 1343 590 τὴν
1391 520 1550 593 μέχρι
1580 521 1759 593 ψυχῆς
1792 521 1887 576 καὶ

2003 520 2226 575 maxime
2268 518 2548 581 convenit,
2595 513 2895 584 cuiusmodi
2933 528 2993 569 ea
3028 520 3128 577 est,
3164 526 3285 582 qua:
3330 526 3391 566 ex
3446 521 3557 568 tota

316 612 550 681 αἵματος
595 609 689 662 καὶ
736 607 885 679 αὐτῷ
929 610 1280 683 προσάγομεν
1329 608 1407 679 τῷ
1449 610 1702 681 Χριστῷ·
1752 611 1835 674 τίς
1862 612 1892 663 6

316 701 484 770 φάναι
505 699 739 771 τολμῶν,
767 700 843 764 ὡς
869 701 969 754 οὐκ
993 701 1060 755 ἂν
1088 701 1175 772 είη
1205 701 1337 765 Θεός
1361 720 1375 769 ;
1409 701 1762 776 Διημάρτηκε
1784 702 1892 775 γάρ

314 793 412 846 τοῦ
442 791 744 863 πρέποντος
775 794 897 846 κατ’
923 790 1114 847 οὐδένα
1145 793 1347 866 τρόπον
1376 795 1405 847 6
1432 793 1539 849 τῶν
1569 794 1741 865 ἁγίων
1769 812 1893 849 σκο-

316 885 440 949 πός.

395 1081 751 1152 «Πέπεισμαι
803 1081 930 1154 γάρ,
982 1083 1064 1136 ὅτι
1111 1082 1234 1137 οὔτε
1287 1083 1539 1149 θάνατος,
1583 1083 1708 1138 οὔτε
1757 1084 1889 1155 ζωὴ,

315 1174 448 1229 οὔτε
488 1175 727 1243 ἄγγελοι,
760 1174 882 1228 οὔτε
913 1176 1098 1246 ἀρχαὶ,
1126 1176 1246 1230 ούτε
1281 1177 1570 1243 ἐνεστῶτα,
1602 1176 1724 1230 οὔτε
1766 1178 1894 1247 μέλ-

320 1266 502 1329 λοντα,
529 1266 653 1319 ούτε
686 1265 966 1335 δυνάμεις,
995 1265 1117 1319 οὔτε
1153 1267 1374 1338 ὕψωμα,
1402 1267 1525 1320 οὗτε
1554 1268 1737 1338 βάθος,
1770 1268 1893 1322 οὔτε

321 1374 406 1420 τις
437 1356 614 1420 κτίσις
639 1356 799 1427 ἑτέρα
824 1357 1110 1429 δυνήσεται
1135 1360 1280 1429 ἡμᾶς
1302 1360 1529 1430 χωρίσαι
1554 1360 1653 1430 τῆς
1676 1360 1894 1431 ἀγάπης

318 1448 417 1501 τοῦ
447 1448 604 1511 Θεοῦ,
641 1449 739 1517 τῆς
767 1450 825 1502 έν
851 1448 1072 1519 Χριστῷ
1113 1450 1285 1520 Ἰησοῦ
1328 1450 1405 1522 τῷ
1439 1450 1630 1522 Κυρίῳ
1659 1450 1833 1521 ἡμῶν.
1870 1470 1887 1501 ι

326 1539 388 1591 Εἰ
441 1538 606 1608 μηδὲν
654 1538 791 1599 ὅλως
827 1539 975 1608 ἡμᾶς
1008 1539 1240 1608 χωρίσαι
1283 1538 1506 1592 δύναται
1550 1539 1650 1609 τῆς
1675 1538 1897 1607 ἀγάπης

322 1627 418 1681 τοῦ
446 1626 604 1692 Θεοῦ,
637 1626 935 1697 πράττεται
973 1626 1027 1680 δὲ
1070 1627 1209 1700 αὐτὴ
1245 1628 1373 1698 παρ’
1402 1630 1433 1697 ὴ
1445 1628 1560 1698 μῶν
1589 1631 1647 1681 ὲν
1674 1625 1894 1697 Χριστῷ

343 1718 544 1789 Ἰησοῦ,
575 1720 690 1783 πῶς
713 1720 773 1771 ού
797 1718 929 1782 Θεὸς
945 1719 1233 1789 ὲναργῶςό
1262 1719 1497 1789 Χριστὸς
1514 1759 1528 1784 ,
1554 1720 1711 1788 εἴπερ
1735 1718 1896 1771 αὐτὸν

326 1810 668 1877 ἀγαπῶντες,
702 1810 792 1862 τὸν
824 1810 931 1863 τῶν
963 1810 1100 1862 ὅλων
1130 1811 1431 1880 ἀγαπῶμεν
1468 1811 1635 1876 Θεόν;
1666 1810 1899 1881 Χριστὸν

322 1901 382 1955 δὲ
429 1903 479 1954 εί
524 1902 761 1972 λέγοιμι,
787 1901 877 1956 τὸν
920 1904 984 1955 ὲκ
1030 1901 1166 1956 Θεοῦ
1214 1902 1385 1971 Λόγον
1439 1902 1900 1975 ὲνηνθρωπηκότα

323 1992 489 2064 δηλῶ.

397 2215 418 2248 ι
448 2197 658 2261 Πάντες
720 2200 829 2270 γὰρ
888 2199 1351 2271 παραστησόμεθα
1414 2200 1493 2271 τῷ
1553 2200 1756 2271 βήματι
1806 2199 1901 2253 τοῦ

328 2290 585 2361 Χριστοῦ,
618 2310 635 2341 ι
688 2292 857 2362 φησί’
902 2292 1368 2363 παραστησόμεθα
1419 2292 1473 2345 δὲ
1526 2294 1604 2365 τῷ
1653 2292 1897 2363 Χριστῷ.

329 2380 612 2433 Καθιείται
645 2381 752 2452 γὰρ
796 2382 892 2433 ἐπὶ
937 2382 1126 2452 θρόνου
1153 2382 1311 2453 δόξης
1353 2382 1538 2448 αὑτοῦ,
1571 2383 1773 2455 κρίνων
1803 2385 1904 2450 τίει

325 2472 649 2543 οἰκουμένην
711 2475 767 2524 ἐν
838 2474 1176 2547 δικαιοσύνῃ.
1245 2475 1437 2530 Καίτοι
1502 2474 1751 2542 λέγοντος
1808 2476 1900 2529 τοῦ

326 2560 510 2625 Δαυῖδ,
536 2562 619 2615 ὅτι
660 2561 790 2624 Θεὸς
835 2563 1027 2633 κριτής
1057 2563 1193 2616 ἐστι·
1221 2562 1352 2627 Θεὸς
1378 2564 1485 2634 ἄρα
1514 2564 1660 2618 ἐστὶν
1693 2568 1721 2619 6
1766 2566 1903 2639 Χρι-

330 2654 474 2717 στός.

405 2786 423 2817 ι
452 2766 862 2838 Τολμηρότερον
910 2766 965 2819 δὲ
1017 2766 1231 2838 ἔγραψα
1278 2768 1407 2838 ὑμῖν
1436 2770 1545 2823 ἀπὸ
1575 2770 1793 2842 μέρους,
1827 2770 1904 2835 ὡς

326 2857 761 2928 ἀναμιμνήσκων
794 2859 959 2927 ὑμᾶς,
980 2858 1068 2911 διά
1090 2860 1188 2928 τὴν
1218 2860 1378 2929 χάριν
1406 2860 1504 2931 τὴν
1529 2861 1773 2917 δοθεῖσάν
1811 2880 1901 2933 μοι

328 2948 435 3002 ὑπὸ
482 2946 576 3000 τοῦ
626 2946 783 3010 Θεοῦ,
831 2949 913 3010 εἰς
956 2948 1016 3001 τὸ
1067 2945 1207 3003 εἶναι
1256 2968 1325 3018 με
1378 2950 1688 3023 λειτουργὸν
1727 2954 1899 3025 Ἰησοῦ

329 3038 568 3110 Χριστοῦ
593 3041 670 3103 είς
698 3039 767 3092 τὰ
798 3038 947 3109 ἔθνη,
976 3040 1043 3093 τὰ
1076 3042 1459 3112 ἱερουργοῦντα
1482 3044 1541 3096 τὸ
1571 3045 1901 3113 Εύαγγέλιον

328 3129 426 3182 τοῦ
471 3129 607 3182 Θεοῦ
629 3144 642 3158 ’
687 3131 772 3183 ἵνα
805 3130 1033 3203 γένηται
1077 3134 1109 3203 ἡ
1157 3135 1441 3205 προσφορά
1472 3137 1579 3190 τῶν
1611 3136 1781 3192 ἐθνῶν
1809 3140 1900 3192 εὑ-

1994 627 2357 683 supremaque
2393 608 2711 665 fortitudine
2744 618 2863 663 orla
2921 608 2987 661 ad
3026 609 3196 677 ipsam
3234 620 3406 674 usque
3442 607 3560 661 ani-

1994 719 2137 758 mam
2171 713 2224 757 et
2267 703 2583 771 sanguinem
2621 701 2899 769 pertingit,
2927 700 3029 769 ipsi
3054 700 3273 754 Christo
3302 698 3560 752 exhibea-

1994 808 2114 849 mus
2135 836 2150 861 ,
2172 794 2292 864 quis
2323 794 2501 848 dicere
2533 791 2722 845 audeat
2759 788 3038 845 Christum
3067 804 3171 842 non
3199 802 3320 842 esse
3358 786 3563 841 Deum?

1992 882 2178 953 Neque
2216 884 2359 939 enim
2390 882 2647 937 credibile
2686 888 2769 934 est
2811 887 3123 933 sanctorum
3156 874 3419 943 judicium
3456 874 3564 930 ullo

1993 977 2155 1031 modo
2190 991 2219 1029 a
2251 975 2497 1029 veritatis
2524 987 2687 1042 scopo
2712 973 3022 1026 aberrasse.

2068 1109 2087 1141 ε
2117 1088 2311 1143 Certus
2338 1100 2456 1140 sum
2481 1084 2645 1148 enim,
2675 1084 2799 1152 quia
2824 1094 2998 1152 neque
3024 1094 3187 1141 mors,
3222 1091 3396 1146 neque
3426 1077 3559 1137 vita,

1995 1196 2171 1251 neque
2210 1179 2422 1249 Angeli,
2462 1192 2633 1247 neque
2673 1176 3015 1243 Principatus
3039 1214 3052 1238 ,
3090 1188 3262 1241 neque
3300 1171 3567 1229 Virtutes.

1996 1285 2173 1339 neque
2201 1269 2481 1343 instantia,
2511 1282 2689 1337 neque
2722 1266 2923 1328 futura,
2954 1276 3126 1332 neque
3156 1260 3439 1323 fortitudo,
3477 1273 3570 1311 ue-

1996 1376 2099 1431 que
2140 1360 2385 1426 altitudo,
2443 1374 2618 1428 neque
2670 1358 2995 1428 profundum
3025 1395 3041 1421 ,
3088 1369 3265 1425 neque
3316 1361 3569 1408 creatura

1997 1452 2102 1506 alia
2145 1451 2342 1519 poterit
2388 1465 2487 1505 nos
2521 1462 2777 1519 separare
2816 1463 2845 1501 a
2875 1444 3144 1502 cbaritate
3175 1442 3292 1509 Dei,
3327 1456 3447 1511 qua:
3489 1451 3574 1492 est

2001 1543 2051 1595 in
2093 1541 2307 1595 Christo
2350 1539 2474 1595 Jesu
2521 1540 2747 1594 Domino
2794 1548 2980 1592 nostro
3003 1537 3047 1592 '.
3100 1555 3119 1588 ι
3169 1534 3287 1589 Jam
3340 1534 3384 1587 si
3439 1531 3573 1585 nihil

1998 1632 2219 1686 omnino
2249 1646 2279 1684 a
2304 1630 2569 1685 charitate
2605 1628 2699 1683 Dei
2731 1628 3017 1699 seiungere
3053 1642 3153 1680 nos
3178 1630 3389 1695 potest,
3416 1623 3571 1676 exhi-

2000 1721 2159 1776 betur
2210 1722 2327 1777 hac
2376 1732 2557 1775 autem
2598 1735 2627 1773 a
2678 1721 2833 1775 nobis
2885 1720 2937 1773 iu
2971 1717 3185 1773 Christo
3230 1715 3354 1771 Jesu
3404 1732 3417 1768 :
3485 1715 3571 1769 cui

2000 1814 2291 1869 obscurum
2323 1829 2443 1869 esse
2485 1820 2679 1883 potest,
2720 1811 2847 1881 quin
2882 1810 3130 1865 Christus
3162 1809 3233 1863 sit
3272 1808 3414 1863 Deus
3438 1847 3455 1875 ,
3499 1809 3574 1862 si-

2001 1905 2218 1974 quidem
2274 1906 2448 1974 ipsum
2496 1912 2766 1965 amantes,
2823 1901 3199 1955 universorum
3251 1899 3418 1952 Deum
3458 1897 3572 1950 dili-

2001 1996 2176 2065 gimus
2207 1993 2230 2048 ?
2261 1994 2532 2049 Christum
2573 2002 2748 2047 autem
2769 1991 2896 2047 dum
2947 1990 3187 2057 nomine,
3236 1989 3572 2043 incarnatum

2001 2086 2095 2140 Dei
2134 2086 2368 2141 Verbum
2401 2084 2668 2155 intelligo.

2079 2219 2099 2251 ‹
2127 2200 2329 2255 Omnes
2353 2199 2497 2254 enim
2522 2199 2786 2252 stabimus
2821 2206 2946 2251 ante
2987 2196 3221 2251 tribunal
3254 2194 3459 2251 Christi
3480 2195 3521 2259 ⁸,
3550 2213 3568 2245 ι

2003 2290 2216 2359 inquit;
2245 2303 2434 2344 omnes
2466 2298 2647 2342 autem
2678 2287 2935 2342 sistcmur
2964 2285 3182 2341 Christo
3210 2303 3224 2341 :
3252 2286 3461 2340 sedebit
3487 2286 3574 2339 hic

2001 2382 2143 2437 enim
2193 2395 2356 2451 super
2404 2378 2658 2435 thronum
2704 2377 2891 2447 gloriae
2939 2392 3090 2442 suae,
3133 2392 3239 2447 quo
3300 2388 3572 2432 terrarum

2002 2475 2189 2529 orbem
2219 2472 2425 2538 judieet
2477 2472 2529 2526 in
2566 2471 2800 2542 justitia.
2836 2470 2975 2525 Cum
3026 2485 3157 2539 ergo
3188 2470 3355 2524 David
3402 2469 3574 2525 Deum

1997 2566 2235 2635 judicem
2278 2572 2452 2629 vocet,
2493 2563 2844 2635 consequitur
2886 2561 3108 2619 omnino
3135 2561 3411 2617 Christum
3454 2577 3576 2617 esse

2008 2656 2195 2712 Deum.

2078 2787 2100 2821 ε
2124 2768 2395 2824 Audacius
2422 2778 2597 2823 autem
2625 2769 2816 2839 scripsi
2849 2769 3019 2835 vobis,
3058 2769 3271 2834 fratres,
3296 2784 3361 2825 ex
3399 2777 3574 2838 parte.

2007 2868 2262 2929 tanquam
2318 2860 2372 2913 in
2431 2861 2747 2913 memoriam
2807 2874 2903 2914 vos
2972 2859 3278 2926 reducens,
3346 2868 3570 2929 propter

2004 2953 2233 3020 gratiam
2271 2965 2389 3019 qua:
2421 2952 2542 3005 data
2576 2960 2659 3005 est
2702 2951 2834 3005 mihi
2866 2966 2895 3004 a
2926 2951 3057 3017 Deo,
3082 2960 3156 3004 ut'
3185 2950 3287 3005 sim
3328 2950 3578 3005 minister

2002 3041 2129 3096 Jesu
2157 3041 2355 3096 Christi
2398 3041 2452 3096 in
2504 3042 2756 3110 gentibus
2779 3080 2795 3105 ,
2829 3041 3179 3096 sanctificans
3219 3040 3569 3111 Evangelium

2005 3133 2122 3197 Dei,
2157 3143 2215 3186 ut
2245 3133 2337 3186 tiat
2373 3132 2577 3187 oblatio
2605 3132 2843 3203 gentium
2878 3143 3099 3201 accepta
3144 3142 3198 3188 et
3241 3133 3576 3188 sanctiﬁcata

332 3222 679 3289 πρόσδεκτος,
712 3224 1017 3294 ἡγιασμένη
1071 3227 1128 3277 ἐν
1180 3226 1456 3296 Πνεύματι
1500 3228 1661 3299 ἁγίῳ.
1694 3248 1714 3282 ι
1753 3232 1815 3284 Οἱ
1843 3232 1900 3285 τὸ

2006 3225 2057 3279 in
2092 3224 2295 3294 Spiritu
2341 3232 2532 3279 saneto
2559 3225 2610 3277 ".
2650 3243 2669 3275 ι
2706 3224 2850 3278 Sane
2886 3224 3080 3295 quibus
3117 3226 3256 3279 sacri
3288 3225 3576 3280 ministeri’

330 3314 428 3381 τῆς
462 3315 773 3384 ἱερουργίας
802 3316 989 3386 χρῆμα
1017 3319 1472 3389 πεπιστευμένοι,
1505 3321 1624 3393 Θεῷ
1661 3322 1904 3396 λειτουρ-

333 3403 489 3469 γοῦσι
549 3405 733 3475 μόνῳ·
775 3407 1154 3477 παρεστήκασι
1198 3408 1304 3477 γὰρ
1354 3409 1453 3461 οὐκ
1500 3410 1811 3480 ἀνθρώποις
1855 3415 1903 3465 οἱ

332 3496 521 3566 ἱερεῖς.
541 3495 671 3547 Ἰδοὺ
700 3496 989 3567 τοιγαροῦν
1016 3497 1043 3547 ὁ
1079 3498 1372 3561 θεσπέσιος
1416 3500 1628 3564 Παῦλος
1660 3501 1903 3557 δεδόσθαι

335 3589 500 3657 φησιν
527 3588 703 3659 ἑαυτῷ
732 3588 892 3660 χάριν
920 3588 1067 3660 παρὰ
1095 3589 1188 3642 τοῦ
1216 3590 1372 3652 Θεοῦ,
1406 3592 1486 3654 είς
1523 3591 1585 3644 τὸ
1625 3588 1765 3646 εἶναι
1790 3594 1904 3647 λει-

332 3679 561 3746 τουργὸν
612 3679 847 3750 Χριστοῦ
898 3680 1094 3751 Ἰησοῦ,
1152 3682 1244 3735 καὶ
1306 3684 1609 3752 ἱερουργεῖν
1676 3686 1734 3738 ὲν
1792 3690 1905 3751 τοῖς

334 3769 511 3823 ἔθνεσι
561 3770 622 3822 τὸ
668 3770 998 3838 Εύαγγέλιον
1044 3771 1136 3825 τοῦ
1180 3772 1439 3843 Χριστοῦ.
1471 3774 1605 3837 Θεὸς
1648 3771 1742 3829 οῦν
1795 3777 1904 3849 ἄρα

334 3859 590 3931 Χριστὸς,
625 3862 672 3913 εί
700 3863 931 3929 Χριστὸν
966 3862 1250 3933 κηρύττων
1276 3867 1387 3926 τοῖς
1412 3864 1613 3931 ἔθνεσι,
1647 3866 1742 3921 τοῦ
1769 3867 1904 3922 Θεοῦ

336 3967 501 4020 φησιν
525 3951 852 4019 Εύαγγέλιον
885 3953 1187 4023 ἱερουργεῖν
1214 3954 1418 4020 αὐτοῖς,
1456 3956 1541 4010 ἵνα
1570 3958 1906 4030 προσδεχθῶ-

336 4058 442 4105 σιν,
473 4043 549 4105 ὡς
582 4043 900 4115 ἡγιασμένοι
929 4047 986 4097 ὲν
1015 4046 1311 4116 Πνεύματι.

411 4153 596 4223 ι’Έχω
636 4150 728 4208 οῦν
768 4153 1034 4226 καύχησιν
1082 4158 1140 4209 ὲν
1178 4156 1399 4229 Χριστῷ
1442 4160 1618 4231 Ἰησοῦ
1663 4162 1733 4215 τὰ
1770 4162 1905 4234 πρὸς

334 4241 427 4295 τὸν
460 4242 613 4298 Θεόν.
650 4245 725 4297 Ού
760 4245 869 4316 γὰρ
901 4246 1154 4318 τολμήσω
1179 4266 1231 4302 τι
1261 4248 1460 4315 λαλεῖν,
1489 4244 1563 4305 ὧν
1594 4253 1655 4305 οὐ
1684 4272 1905 4325 κατειρ-

335 4335 543 4403 γάσατο
583 4338 816 4408 Χριστὸς
862 4338 927 4392 δι’
954 4339 1112 4409 ἐμοῦ,
1144 4342 1221 4405 εἰς
1265 4342 1513 4415 ὑπακοὴν
1544 4346 1734 4411 ἐθνῶν,
1763 4347 1908 4418 λόγῳ

335 4428 430 4480 καὶ
465 4428 633 4498 ἔργῳ,
668 4429 726 4481 ὲν
771 4429 994 4501 δυνάμει
1043 4433 1288 4502 σημείων
1330 4451 1389 4489 τε
1437 4436 1531 4489 καὶ
1572 4438 1815 4508 τεράτων
1847 4442 1905 4493 έν

2004 3316 2279 3383 provincia
2325 3315 2635 3369 concredita
2688 3329 2787 3376 est,
2835 3315 2871 3369 ii
2922 3315 3020 3370 soli
3072 3315 3182 3370 Deo
3212 3317 3571 3372 ministrant:

2002 3406 2114 3475 ϐο
2140 3419 2312 3474 neque
2358 3406 2501 3459 enim
2557 3406 2868 3460 hominibus
2912 3408 3181 3462 assistunt
3233 3410 3572 3465 sacerdotes.

2004 3495 2136 3548 Cum
2179 3494 2319 3548 hanc
2354 3494 2518 3564 igitur
2547 3497 2783 3564 gratiam
2820 3496 2922 3551 sibi
2965 3511 2993 3549 a
3030 3498 3140 3551 Deo
3169 3497 3421 3551 donatam
3450 3514 3578 3569 pro-

2006 3585 2222 3640 fiteatur
2263 3586 2573 3656 Apostolus,
2630 3596 2688 3641 ut
2743 3588 2814 3643 sit
2862 3588 3112 3643 minister
3154 3588 3280 3645 Jesu
3343 3591 3571 3657 Christi,

2006 3678 2313 3746 Christique
2336 3676 2685 3747 Evangelium
2724 3677 2864 3731 inter
2894 3689 3080 3746 gentes
3123 3680 3487 3745 administret,
3519 3694 3577 3736 et

2005 3768 2279 3823 Christum
2326 3768 2538 3823 tandem
2576 3770 2929 3835 annuntians,
2978 3772 3069 3826 Del
3117 3771 3463 3843 Evangelium
3511 3790 3573 3831 se

2006 3860 2112 3916 illis
2141 3860 2435 3929 pmdieare
2475 3861 2676 3916 diserte
2727 3860 2979 3928 afﬁrmet,
3010 3877 3118 3932 quo
3152 3864 3407 3919 nimirum
3450 3874 3575 3919 tan-

2008 3965 2172 4018 quam
2204 3949 2411 4021 Spiritu
2438 3950 2549 4019 jam
2588 3950 2961 4015 sanctificata,
3012 3950 3365 4007 admittantur
3404 3968 3419 4007 :
3453 3955 3576 4025 quis

2007 4041 2209 4097 Christi
2240 4042 2580 4098 divinitatem
2632 4042 2685 4097 in
2728 4043 3080 4112 quaestionem
3117 4058 3314 4099 vocare
3346 4044 3581 4100 audeat?

2084 4173 2103 4206 ‹
2137 4153 2321 4210 Habeo
2345 4154 2511 4226 igitur
2542 4154 2773 4224 gloriam
2800 4155 2854 4209 in
2880 4154 3098 4210 Christo
3129 4153 3253 4211 Jesu
3286 4156 3353 4211 ad
3387 4155 3575 4213 Deum.

2006 4246 2123 4305 Non
2158 4250 2301 4305 enim
2334 4248 2505 4304 audeo
2547 4249 2748 4318 aliquid
2802 4250 2950 4318 loqui
2980 4265 3193 4315 eorum,
3222 4266 3339 4321 qua:
3367 4266 3465 4322 per
3493 4267 3581 4306 me

2008 4358 2115 4399 non
2140 4342 2320 4398 eﬁ‘eeit
2348 4342 2601 4398 Christus
2637 4343 2692 4396 in
2740 4342 3098 4397 obedientiam
3127 4343 3366 4413 gentium
3411 4346 3580 4400 verbo

2006 4443 2059 4489 et
2103 4431 2285 4498 factis,
2333 4434 2386 4488 in
2423 4432 2622 4488 virtute
2664 4432 2941 4503 signorum
2991 4442 3047 4488 et
3087 4434 3480 4503 prodigiorum,
3520 4436 3575 4491 in

333 4518 560 4588 δυνάμει
603 4518 915 4589 Πνεύματος
945 4522 1109 4574 Θεοῦ’
1144 4522 1283 4577 ὥστε
1313 4542 1379 4595 με
1412 4525 1520 4580 ἀπὸ
1554 4526 1900 4601 Ἰερουσαλὴμ

2010 4527 2209 4581 virtute
2251 4526 2490 4596 Spiritus
2539 4527 2752 4589 sancti;
2801 4527 2875 4581 ita
2932 4537 2990 4580 ut
3037 4528 3104 4581 ab
3141 4526 3440 4582 Jerusalem
3483 4543 3581 4599 per

335 4607 541 4679 κύκλῳ,
572 4610 668 4663 καὶ
719 4612 881 4683 μέχρι
925 4612 1019 4665 τοῦ
1051 4613 1343 4685 Ἰλλυρικοῦ
1393 4617 1814 4689 πεπληρωκέναι
1846 4620 1907 4673 τὸ

338 4699 664 4769 Εύαγγέλιον
700 4700 794 4755 τοῦ
827 4702 1086 4773 Χριστοῦ.
1121 4722 1139 4756 ι
1176 4704 1263 4757 Ἐν
1288 4704 1365 4776 τῷ
1398 4706 1573 4777 Ἰησοῦ
1602 4708 1907 4779 καυχᾶσθαι

336 4808 488 4861 φησι,
519 4791 581 4845 τὸ
605 4790 867 4864 καύχημα
896 4792 1069 4863 λέγων
1092 4796 1235 4867 ἔχειν
1260 4798 1396 4870 πρὸς
1420 4798 1700 4854 Θεόν.”οτι
1723 4801 1779 4854 δὲ
1803 4801 1905 4855 οὐκ

336 4879 677 4952 ἀνθρώπινον
730 4883 792 4936 τὸ
843 4883 939 4937 καὶ
985 4885 1044 4938 ὲν
1086 4885 1313 4956 δυνάμει
1355 4887 1668 4959 Πνεύματος
1698 4891 1755 4943 ὲν
1791 4892 1904 4956 τοῖς

334 4969 512 5038 ἁγίοις
538 4972 860 5036 ἀποστόλοις
892 4975 1136 5045 ἐνεργεῖν
1167 4974 1423 5028 δύνασθαι
1457 4976 1546 5029 τὸν
1574 4978 1809 5047 Χριστὸν
1833 4980 1904 5032 τὰ

334 5061 633 5129 παράδοξα,
661 5062 775 5126 πῶς
797 5063 875 5117 Evt
902 5064 1292 5134 άμφιδάλλειν;
1314 5067 1525 5140 ’Ὠσπερ
1546 5070 1654 5140 γάρ
1677 5070 1905 5133 ἕκαστος

332 5150 443 5204 τῶν
470 5152 595 5203 καθ’
628 5152 773 5222 ἡμᾶς
800 5154 857 5205 ὲν
885 5153 990 5224 ἰδίᾳ
1015 5153 1240 5223 δυνάμει
1264 5154 1332 5207 τὰ
1365 5156 1557 5209 ἑαυτοῦ
1583 5156 1717 5225 ἔργα
1737 5158 1902 5219 ποιεῖ,

333 5242 475 5296 οῦτω
508 5244 601 5297 καὶ
630 5246 658 5297 ὁ
685 5245 940 5315 Χριστὸς,
971 5244 1045 5310 ὼς
1094 5246 1199 5317 ίδίᾳ
1244 5246 1468 5318 δυνάμει
1514 5248 1593 5319 τῷ
1629 5248 1902 5317 Πνεύματι

334 5333 637 5405 χρώμενος,
667 5336 880 5408 ινεργεῖ
917 5335 988 5391 τὰ
1022 5337 1302 5410 παράδοξα
1344 5338 1433 5392 διὰ
1460 5340 1559 5412 τῆς
1594 5340 1702 5394 τῶν
1733 5341 1904 5409 άγίων

2008 4613 2291 4668 circuitum
2339 4629 2510 4684 usque
2538 4616 2605 4669 ad
2642 4614 2910 4684 Illyricum
2967 4614 3283 4684 repleverim
3329 4614 3580 4686 Evange-

2006 4704 2138 4759 lium
2166 4705 2371 4760 Christi
2391 4705 2433 4759 ⁸.
2469 4724 2489 4757 ι
2522 4706 2597 4759 Eu
2624 4706 2748 4760 dum
2778 4706 2831 4759 in
2863 4705 3083 4760 Christo
3105 4705 3386 4774 gloriatur,
3418 4706 3470 4760 iu
3495 4707 3580 4761 his

2007 4811 2127 4867 qua:
2168 4796 2258 4851 Dei
2287 4807 2412 4852 sunt
2443 4796 2665 4867 gloriari
2700 4811 2760 4853 se
2784 4796 2938 4851 dicit.
2971 4796 3123 4862 Quod
3166 4802 3346 4853 autem
3380 4797 3580 4852 virtute

2011 4888 2245 4957 Spiritus
2295 4904 2392 4959 per
2444 4888 2719 4958 apostolos
2761 4896 2982 4943 sanctos
3027 4886 3269 4957 prodigia
3315 4897 3372 4942 et
3423 4888 3576 4959 signa

2008 4980 2283 5034 Christum
2328 4995 2491 5050 posse
2536 4982 2719 5045 edere,
2763 4995 2900 5050 opus
2953 4979 3026 5035 sit
3074 4981 3325 5034 humanis
3372 4980 3579 5037 viribus

2011 5071 2205 5139 majus,
2234 5072 2285 5126 id
2320 5073 2372 5127 in
2408 5072 2629 5128 dubium
2656 5086 2911 5128 revocare
2938 5087 3041 5126 non
3071 5071 3216 5126 licet.
3250 5071 3403 5127 Sicut
3431 5074 3575 5129 enim

2010 5164 2381 5234 unusquisque
2404 5174 2643 5219 nostrum
2666 5163 2718 5217 in
2744 5163 2959 5234 propria
2985 5164 3184 5217 virtute
3220 5178 3338 5230 quze
3372 5173 3578 5219 natum

2012 5254 2183 5323 ipsius
2198 5266 2323 5310 sunt
2340 5264 2620 5322 operatur.
2640 5255 2711 5310 ita
2731 5256 2892 5310 etiam
2912 5256 3178 5323 Christus,
3201 5259 3252 5312 in
3275 5258 3442 5329 ipsius
3460 5255 3581 5327 Spi-

2012 5345 2118 5398 ritu
2144 5356 2354 5411 sancto,
2381 5354 2439 5400 ut
2472 5347 2563 5415 qui
2587 5346 2705 5416 ejus
2741 5347 2961 5417 prepria
2996 5348 3066 5403 sit
3096 5348 3289 5418 virtus,
3318 5349 3577 5405 miracula

405 5508 429 5543 '
450 5508 606 5566 Rom.
637 5526 756 5580 vut,
791 5514 881 5581 38,
912 5515 1002 5570 59.
1080 5518 1100 5549 ⁸
1133 5516 1289 5575 Rom.
1323 5532 1432 5585 xrv,
1469 5518 1557 5572 to.
1630 5520 1652 5550 "
1682 5516 1842 5575 Rom.
1872 5535 1961 5587 xv,
1991 5521 2077 5587 t5,
2104 5521 2190 5578 t6.
2277 5523 2299 5554 ⁸
2341 5522 2495 5577 nom.
2527 5538 2617 5591 xv,
2650 5524 2834 5582 l7-t9.

1417 5674 1589 5729 Variae
1624 5673 1880 5732 lectiones
1912 5676 2113 5733 codicis
2144 5676 2501 5747 Seguieriani.

413 5810 427 5858 ι
469 5810 540 5864 aI.
570 5810 869 5880 ἀνωτάτην.
