4146 6476
622 388 750 446 1251
1645 396 1703 451 S.
1744 396 2015 455 CYRILLI
2055 398 2527 461 ALEXANDRINI
2567 408 2888 465 AliClllEP.
3731 419 3872 478 £252

609 517 869 579 operatur
908 523 1005 578 per
1031 523 1224 566 manus
1265 521 1598 569 sanctorum.
1637 512 1806 569 Porro
1837 517 2108 585 quomodo
2140 516 2184 570 is
2218 516 2246 573 Α

2230 516 2256 573 ι
2284 523 2488 591 χειρός.
2524 521 2656 578 Εἶτα
2701 526 2821 591 πῶς
2852 527 2914 581 οὑ
2945 527 3076 593 Θεός
3104 529 3271 596 ἐστιν,
3306 524 3367 586 οὗ
3395 531 3524 586 ἴδιον
3551 532 3610 587 τὸ
3639 534 3867 608 Πνεῦμα

607 601 749 657 Deus
787 617 890 656 non
921 612 1026 667 est,
1059 603 1213 672 cuius
1249 602 1484 675 Spiritus
1527 618 1747 662 sanctus
1782 607 2031 677 proprius
2059 608 2181 662 est?
2285 612 2348 666 τὸ
2377 615 2569 683 ἆγιον;

679 713 699 747 ι
729 694 978 750 Salutant
1023 711 1118 752 vos
1163 711 1356 780 omnes
1400 697 1660 754 Ecclesia:
1707 699 1996 762 Christi’;
2061 719 2080 750 p
2122 709 2176 754 et

2362 722 2380 754 ι
2403 704 2763 770 Ἀσπάζονται
2796 708 2942 778 ὑμᾶς
2969 710 3024 763 αἰ
3058 710 3378 783 Ἐκκλησίαι
3405 715 3577 769 πᾶσαι
3606 715 3703 769 τοῦ
3728 717 3836 788 Χρι
3859 749 3863 752 -

599 788 711 843 alio
732 790 964 857 quodam
1005 789 1126 845 loco
1152 791 1218 845 ad
1247 790 1593 846 Timotheum
1623 792 1896 857 scribens,
1939 792 2011 846 ita
2047 792 2126 846 ait
2156 809 2170 847 :

2277 796 2434 853 στοῦ.
2467 817 2487 852 ι
2525 800 2716 854 Καίτοι
2751 802 2916 872 φησιν
2957 805 3015 857 ἐν
3053 805 3280 877 ἑτέροις,
3311 806 3562 878 Τιμοθέῳ
3591 810 3822 880 γράφων
3843 829 3857 840 ·

606 899 624 930 ι
653 879 725 935 Ut
754 880 898 935 scias
919 881 1190 950 quomodo
1213 891 1460 952 oporteat
1485 893 1537 937 te
1561 883 1614 938 in
1640 884 1800 939 domo
1827 883 1918 938 Dei
1943 897 2173 938 conver-

2287 888 2441 943 ι’Ὶνα
2489 891 2636 962 εἰδῇς
2665 893 2781 956 πῶς
2806 892 2888 947 δεῖ
2917 896 2973 948 ἐν
3006 895 3142 966 οῐκῳ
3170 895 3305 950 Θεοῦ
3339 879 3800 970 ἀναστρέφεσθαι.
3836 922 3855 954 ι

593 973 702 1025 sari
735 972 798 1025 ¹⁰.
830 989 849 1023 ι
900 971 1054 1038 Quod
1099 974 1146 1029 si
1182 975 1459 1031 Ecclesias
1488 974 1689 1031 Christi
1723 991 1843 1031 esse
1868 977 2168 1048 cognoscit,

2279 980 2340 1032 Εἰ
2358 981 2412 1034 δὲ
2439 983 2676 1053 Χριστοῦ
2702 987 2802 1049 τὰς
2826 983 3405 1058 ’ἰῖκ>ιλησί.;ιςοῐδε,καὶ⁸
3432 991 3854 1063 μεμαρτύρηκε·

595 1063 754 1130 idque
799 1072 1054 1118 testatum
1102 1064 1268 1131 facit,
1326 1067 1464 1120 citra
1527 1065 1688 1121 ullam
1737 1069 2167 1126 controversiam

1185 1065 1268 1131 :it,
1326 1067 1464 1120 citra
1527 1065 1688 1121 ullam
1737 1069 2167 1126 controversiam
2273 1073 2408 1138 Θεὸς
2433 1076 2540 1146 ἄρα
2569 1078 2822 1148 Χριστός.

589 1154 841 1209 Christus
871 1155 1010 1211 Deus
1036 1156 1160 1211 erit.

2350 1169 2446 1220 «Ὀ
2497 1169 2554 1222 δέ
2601 1171 2734 1235 Θεὸς
2773 1172 2873 1242 τῆς
2913 1175 3135 1244 εἰρήνης
3183 1175 3461 1248 συντρίψει
3488 1178 3582 1231 τὸν
3606 1179 3855 1234 Σατανᾶν

669 1266 686 1296 ι
723 1246 866 1302 Deus
895 1258 1072 1303 autem
1109 1249 1258 1318 pacis
1297 1259 1543 1306 conteret
1581 1250 1840 1306 Satanam
1871 1254 1972 1307 sub
2007 1255 2161 1324 pedi-
2272 1261 2300 1313 ὑ

2272 1259 2376 1313 ὑπὸ
2419 1263 2547 1326 τοὺς
2595 1264 2762 1327 πόδας
2802 1265 2956 1335 ὑμῶν
3001 1270 3060 1320 ἐν
3099 1270 3272 1339 τάχει.
3365 1269 3500 1323 Θεοῦ
3546 1271 3854 1344 λεγομένης

584 1337 685 1394 hus
735 1342 930 1395 vestris
973 1340 1317 1398 velociter“.
1365 1361 1383 1396 ι
1431 1343 1563 1398 Cum
1619 1361 1721 1414 pax
1769 1346 1986 1402 dicatur
2038 1363 2160 1403 esse

2265 1349 2408 1404 εἶναι
2439 1351 2540 1422 τῆς
2569 1355 2792 1425 εἰρήνης
2827 1356 2954 1426 (ἔφη
2985 1358 3092 1430 γάρ
3251 1361 3486 1431 Χριστὸς
3508 1337 3629 1426 τοῖς
3664 1337 3841 1430 ἁγίοις

584 1433 696 1494 Dei,
733 1433 980 1489 Christus
1029 1447 1208 1489 autem
1259 1437 1325 1491 ad
1375 1448 1593 1494 sanctos
1638 1441 1914 1509 apostolos
1959 1443 2032 1498 ita
2077 1445 2158 1497 in-

2265 1442 2584 1509 ἀποστόλοις
2603 1463 2615 1477 ·
2647 1447 2913 1519 ιΕξρήνην
2938 1448 3035 1519 τὴν
3062 1450 3201 1520 ἐμὴν
3220 1450 3412 1521 δίδωμι
3438 1452 3588 1521 ὑμῖν,
3622 1453 3847 1525 εἰρήνην

578 1529 730 1595 quiat
766 1546 828 1583 τι
864 1527 1057 1582 Pacem
1101 1530 1352 1600 relinquo
1399 1533 1575 1598 vobis,
1629 1549 1816 1602 pacem
1871 1551 2045 1591 meam
2084 1539 2155 1593 do

2261 1549 2364 1603 την
2391 1534 2528 1605 ἐμὴν
2550 1537 2753 1606 ἀφίημι
2771 1538 2920 1608 ὑμῖν)
2938 1581 2952 1604 ,
2979 1559 2996 1590 ι
3027 1536 3144 1592 εἶτα
3174 1539 3291 1604 πῶς
3316 1541 3377 1594 οὑ
3409 1542 3541 1607 Θεὸς
3569 1544 3786 1615 ἀληθῶς
3818 1549 3847 1600 ό

578 1619 832 1674 vobis":
875 1639 894 1672 ι
922 1623 1190 1690 quomodo
1239 1624 1306 1687 is,
1349 1641 1552 1692 qna-so,
1607 1625 1699 1696 qui
1757 1642 1944 1697 pacem
1984 1629 2149 1684 veluti

2259 1627 2359 1697 τῆς
2399 1629 2626 1699 εἰρήνης
2674 1630 2860 1702 δοτὴρ,
2902 1633 2997 1685 καὶ
3024 1631 3100 1696 ὡς
3132 1633 3263 1688 ἴδιον
3293 1635 3497 1705 ἀγαθὸν
3530 1639 3643 1701 τοῖς
3672 1637 3846 1703 ἀξίοις

574 1713 849 1781 proprium
883 1713 1080 1768 bonum
1115 1714 1293 1786 dignis
1323 1716 1595 1787 impertiri
1638 1719 1828 1776 solitus
1854 1729 1960 1787 est,
1985 1737 2149 1779 verus

1034 1730 1080 1768 m
1115 1714 1293 1786 dignis
1323 1716 1595 1787 impertiri
1638 1719 1828 1776 solitus
1854 1729 1960 1787 est,
1985 1737 2149 1779 verus
2256 1719 2433 1782 διδοὺς
2461 1721 2671 1792 αὐτήνς

570 1805 710 1860 Deus
736 1819 839 1859 non
871 1806 992 1860 est?

983 1892 1064 1946 Ex
1094 1895 1271 1961 priore
1300 1898 1370 1951 ad
1401 1897 1721 1954 Corinthios.
2180 1883 2221 1938 Β
2499 1900 2594 1954 Ἐκ

2180 1883 2221 1938 Β
2499 1900 2594 1954 Ἐκ
2624 1900 2734 1969 τῆς
2769 1902 2920 1970 πρὸς
2957 1905 3307 1972 Κορινθίους
3344 1905 3598 1976 πρώτης.

639 2027 660 2061 ι
689 2009 887 2064 Paulus
927 2010 1208 2078 apostolus
1248 2009 1375 2065 Jcsn
1417 2013 1639 2078 Christi,
1677 2031 1772 2084 per
1810 2016 2142 2072 voluntatcm

2330 2033 2347 2064 ι
2396 2014 2607 2078 Παῦλος
2638 2017 2937 2082 ἀπόστολος
2962 2019 3199 2090 Χριστοῦ
3253 2019 3428 2091 Ἰησοῦ
3467 2022 3557 2076 διὰ
3592 2022 3837 2095 θελήμα-

565 2101 678 2163 Dei,
707 2110 760 2154 ct
795 2101 1090 2156 Sosthenes
1121 2101 1306 2164 frater,
1338 2102 1592 2159 Ecclesize
1625 2105 1716 2161 Dei
1743 2108 1806 2163 ¹³.
1846 2128 1864 2161 ι
1901 2108 2138 2165 Observa

2246 2122 2338 2168 τος
2365 2105 2523 2172 Θεοῦ,
2557 2106 2648 2160 καὶ
2667 2107 2950 2179 Σωσθένης
2981 2113 3009 2164 ό
3035 2111 3285 2181 ἀδελφὸς,
3313 2115 3379 2182 τῇ
3410 2113 3709 2188 Ἐκκλησία
3736 2115 3838 2171 τοῦ

559 2197 646 2249 hic
662 2213 676 2249 :
695 2193 968 2250 Romanos
984 2194 1283 2264 alloquens.
1304 2215 1320 2247 ι
1344 2196 1592 2252 Salutant
1613 2213 1728 2260 vos.
1746 2200 2142 2268 inquit,omnes

2247 2195 2408 2248 Θεοῦ.
2461 2215 2479 2247 ι
2547 2196 2936 2268 Ἐπιτήρησον,
2971 2200 3054 2253 ὃτι
3100 2201 3394 2272 Ῥωμαίοις
3445 2205 3835 2276 προειρηκώςο

556 2286 811 2341 Ecclesiae
845 2286 1080 2353 Christi;
1113 2305 1131 2339 ι
1177 2304 1323 2344 nunc
1362 2305 1490 2344 vero
1539 2289 1839 2345 Corinthiis
1868 2293 2135 2357 scribens,

2249 2305 2268 2338 ι
2319 2285 2681 2350 Ἀσπάζονται
2708 2288 2852 2359 ὑμᾶς
2883 2291 2940 2343 αἰ
2985 2290 3303 2364 Ἐκκλησίαι
3337 2296 3503 2349 πᾶσαι
3552 2297 3647 2350 τοῦ
3691 2299 3832 2367 Χρι-

555 2379 854 2434 Ecclesiam
905 2378 1001 2432 Dei
1037 2394 1159 2434 esse
1191 2381 1404 2435 asserit.
1435 2382 1540 2452 61
1570 2401 1589 2434 ι
1626 2381 1738 2437 lloc
1772 2393 1954 2440 autem
1992 2385 2134 2448 dico,

2244 2379 2370 2433 στοῦ
2388 2397 2399 2408 ·
2425 2399 2444 2431 ι
2480 2381 2789 2452 Κορινθίοις
2824 2383 3172 2450 ἐπιστέλλων,
3202 2385 3339 2440 Θεοῦ
3366 2405 3528 2458 φησιν
3561 2385 3700 2444 εἶναι
3727 2391 3833 2461 τὴν

549 2476 694 2534 quod
739 2473 1108 2544 unusquisque
1145 2484 1382 2530 vostrum
1411 2479 1582 2533 dicit:
1615 2477 1728 2547 Ego
1753 2480 1970 2549 quidem
2013 2497 2131 2536 sum

2253 2468 2603 2540 Ἐκκλησίαν.
2651 2493 2669 2522 ‹
2717 2471 2876 2540 Λέγω
2919 2472 2976 2526 δέ
3025 2474 3201 2538 τοῦτο,
3246 2477 3327 2529 ὅτι
3385 2477 3617 2543 ἕκαστος
3673 2481 3829 2550 ὑμῶν

549 2570 723 2634 Pauli,
753 2585 855 2637 ego
893 2579 1072 2625 autem
1117 2571 1328 2640 Apollo,
1355 2587 1456 2642 ego
1489 2586 1618 2626 vero
1643 2572 1859 2642 Cephm,
1889 2589 1990 2644 ego
2031 2591 2132 2628 au-

2237 2563 2419 2631 λέγει’
2466 2562 2608 2632 Ἐγὼ
2642 2565 2742 2633 μέν
2765 2567 2878 2635 εἰμι
2908 2566 3146 2630 Παύλου,
3173 2567 3284 2636 ἐγὼ
3313 2568 3372 2622 δὲ
3421 2570 3685 2634 ’Δπολλὼ,
3713 2573 3825 2639 ἐγὼ

548 2674 656 2717 tem
693 2662 919 2716 Christi.
957 2663 1171 2717 Divisus
1220 2672 1301 2718 est
1331 2663 1623 2718 Christus?
1652 2664 1901 2733 Nunquid
1933 2666 2133 2723 Paulus

2236 2652 2292 2705 δέ
2328 2653 2516 2723 Κηφᾶ,
2549 2653 2659 2722 ἐγὼ
2690 2654 2746 2706 δὲ
2785 2655 3040 2726 Χριστοῦ.
3095 2658 3438 2729 Μεμέρισται
3481 2662 3509 2713 ό
3555 2663 3821 2733 Χριστός;

543 2756 838 2810 crucifixus
863 2763 947 2808 est
979 2771 1076 2826 pro
1101 2756 1275 2818 vobis,
1309 2765 1404 2809 aut
1437 2755 1488 2809 in
1517 2756 1736 2812 nomine
1761 2755 1911 2810 Pauli
1948 2758 2130 2828 bapti-

2236 2745 2327 2816 Μὴ
2365 2745 2576 2807 Παῦλος
2624 2747 2943 2818 ἐσταυρώθη
2979 2748 3120 2819 ὑπὲρ
3150 2749 3339 2821 ὑμῶν,
3371 2751 3403 2823 ἢ
3440 2753 3520 2816 εἰς
3549 2754 3610 2806 τὸ
3651 2755 3824 2825 ὕνομα

543 2848 648 2905 aati
697 2848 938 2903 estis“?
968 2868 986 2900 ι
1031 2847 1089 2902 Si
1143 2863 1274 2918 ergo
1305 2847 1559 2904 Christus
1613 2863 1718 2902 non
1762 2857 1848 2904 est
1895 2850 2124 2915 divisus,

2235 2837 2402 2891 αὑτοῦ
2452 2839 2854 2910 ἐ6απτίσθητε;
2911 2861 2928 2892 ι
2975 2843 3184 2897 οὑκοῦν
3215 2846 3265 2896 εἰ
3305 2844 3380 2914 μὴ
3425 2845 3752 2917 μεμέρισται
3793 2849 3823 2901 ὁ

538 2939 720 2994 omnia
769 2948 821 2991 et
863 2951 1055 2992 omnes
1089 2937 1233 2991 illius
1279 2946 1427 2990 sunt.
1469 2937 1533 2990 Et
1571 2938 1616 2990 si
1675 2937 1720 2990 is
1753 2937 1926 2992 nostri
1962 2952 2124 2993 causa

2235 2930 2493 3000 Χριστὸς,
2539 2931 2716 2985 πάντα
2762 2930 2951 2997 αὑτοῦ,
2992 2933 3086 2986 καί⁵
3133 2933 3335 2999 πάντες
3377 2934 3562 2988 αὑτοῦ.
3615 2937 3725 2990 Καὶ
3769 2939 3821 2992 εἰ

537 3029 832 3084 cruciﬁxus
875 3041 978 3089 cst,
1027 3036 1082 3082 et
1127 3044 1225 3084 nos
1280 3028 1332 3082 in
1387 3029 1606 3083 nomine
1656 3029 1826 3097 ipsius
1863 3029 2122 3099 baptizati

2232 3022 2396 3087 αὑτὸς
2423 3022 2744 3094 ἐσταυρώθη
2771 3023 2912 3095 ὑπὲρ
2938 3025 3118 3096 ἡμῶν,
3143 3026 3238 3079 καὶ
3265 3027 3343 3090 εἰς
3365 3026 3424 3079 τὸ
3450 3027 3620 3097 δνομα
3645 3027 3814 3082 αὑτοῦ

535 3137 743 3180 sumus.
790 3136 980 3175 omnes
1025 3121 1210 3189 utique
1255 3121 1330 3174 illi
1381 3119 1676 3184 debemur;
1713 3136 1900 3176 sumus
1940 3131 2121 3177 autem

2230 3114 2538 3186 ἐϐαπτίσθη
2549 3133 2668 3186 μεν,
2694 3116 2840 3186 αὑτῴ
2861 3117 3102 3188 δηλονότι
3125 3119 3587 3190 κεχρεωστήμεθα
3605 3137 3623 3153 ο
3645 3121 3816 3190 ἐσμὲν

536 3215 612 3268 illi
641 3213 886 3276 obnoxii,
920 3227 1027 3267 non
1064 3221 1320 3282 tanquam
1360 3211 1562 3266 homini
1603 3213 1775 3268 nostri
1812 3213 1998 3280 simili,
2027 3214 2173 3296 θεά(

2175 3238 2190 3294 Ξ
2226 3209 2282 3261 δὲ
2316 3209 2415 3262 οὑκ
2457 3207 2750 3280 ἀνθρώπου
2795 3209 2900 3262 τῶν
2931 3209 3052 3262 καθ’
3077 3212 3227 3281 ἡμᾶς
3270 3210 3410 3276 ἐνὸς,
3459 3210 3596 3265 ἀλλὰ
3647 3211 3812 3267 Θεοῦ.

534 3316 791 3374 tanquam
822 3305 953 3358 Deo.
994 3303 1160 3358 Nobis
1191 3317 1321 3371 ergo
1356 3303 1606 3358 Christus
1634 3313 1720 3358 est
1747 3304 1911 3360 Deus.

1422 3303 1606 3358 trisllls
1634 3313 1720 3358 est
1747 3304 1911 3360 Deus.
2225 3301 2458 3371 Χριστὸς
2487 3301 2593 3372 ἄρα
2617 3299 2750 3362 Θεὸς
2777 3301 2862 3370 ἐφ’
2891 3303 3059 3371 ἡμᾶς.

611 3417 630 3448 ι
662 3397 927 3464 Quoniam
972 3405 1028 3450 et
1082 3395 1252 3450 Judaei
1310 3395 1525 3464 signum
1568 3405 1794 3465 petunt,
1841 3406 1896 3452 et
1940 3396 2116 3452 Graeci

2299 3413 2316 3443 ι
2368 3392 2588 3464 Ἐπειδὴ
2622 3394 2719 3446 καὶ
2756 3394 3001 3447 Ἰουδαῖοι
3035 3396 3258 3464 σημεῖον
3284 3395 3519 3460 αἰτοῦσι,
3559 3396 3646 3450 καὶ
3679 3395 3813 3450 Ἐλ-

532 3488 858 3559 sapieutiam
891 3496 1147 3555 qumrunt
1175 3505 1190 3540 :
1227 3501 1324 3542 nos
1348 3495 1528 3540 autem
1570 3487 1928 3558 pradicamus
1951 3490 2114 3544 Chri-

2221 3482 2381 3553 ληνες
2423 3483 2616 3552 σοφίαν
2650 3483 2938 3554 ζητοῦσιν·
2971 3487 3132 3554 ἡμεῖς
3185 3485 3241 3538 δὲ
3280 3486 3631 3558 κηρύσσομεν
3667 3488 3806 3558 Χριη

532 3591 674 3634 stum
709 3579 1052 3642 cruciﬁxum,
1080 3577 1281 3633 ludatis
1317 3577 1534 3647 quidem
1567 3577 1904 3642 scandalum,
1938 3580 2117 3648 genti-

2221 3573 2346 3625 στὸν
2387 3572 2823 3644 ἐσταυρωμένον,
2868 3573 3145 3638 Ἰουδαίοις
3176 3575 3276 3644 μὲν
3331 3577 3648 3642 σκάνδαλον,
3677 3577 3806 3630 Ἕλ-

528 3675 630 3726 hus
689 3681 868 3725 autcm
911 3669 1196 3724 stultitiam
1227 3671 1290 3722 ⁸⁵.
1325 3688 1344 3719 ι
1378 3670 1570 3725 Annon
1607 3668 1810 3738 quivis,
1856 3671 2108 3734 obsecro,

2216 3663 2342 3734 λησι
2369 3664 2426 3717 δὲ
2454 3665 2688 3735 μωρίαν.
2740 3683 2759 3716 ι
2799 3660 2927 3735 'Ap’
2957 3664 3078 3737 οὑχὶ
3109 3668 3216 3730 πᾶς
3260 3667 3510 3723 ὁστισοῦν
3537 3669 3807 3740 ὁμολογή-

526 3764 685 3819 fateri
708 3764 866 3819 debet
891 3763 1257 3832 evangelicam
1278 3760 1720 3829 praedicationem
1743 3777 1938 3817 omnes
1958 3774 2115 3832 quot-

2217 3772 2361 3808 σειεν
2390 3755 2478 3819 ἂν,
2509 3755 2592 3807 ὅτι
2623 3754 2782 3809 καλεί
2813 3755 2948 3826 πρὸς
2981 3755 3313 3824 θεογνωσίαν
3343 3759 3442 3830 τὴν
3467 3759 3644 3830 ἀληθῆ
3673 3761 3805 3824 τοὺς

523 3865 655 3924 quot
695 3869 791 3924 per
819 3854 1006 3908 orbein
1040 3852 1216 3920 sparsi
1256 3860 1405 3914 sunt,
1455 3851 1521 3904 ad
1567 3865 1751 3905 veram
1791 3852 1882 3906 Dei
1918 3853 2108 3923 cogni-

2212 3847 2318 3901 ἀνὰ
2364 3850 2544 3901 πᾶσαν
2593 3848 2693 3919 τὴν
2733 3849 2837 3918 γῆν
2885 3849 2947 3901 τὸ
2996 3850 3259 3920 κήρυγμα
3293 3850 3354 3904 τὸ
3403 3853 3799 3922 εὑαγγελαόνς

525 3945 727 3998 tionem
757 3943 1026 3998 invitare?
1061 3943 1132 3996 At
1153 3946 1256 4010 qua
1295 3943 1512 3996 tandem
1544 3941 1753 3996 ratione
1775 3943 1916 3996 istud
1943 3943 2106 3999 alicui

2210 3939 2344 3995 Εἶτα
2376 3941 2514 4005 πῶς,
2548 3941 2582 4012 ἢ
2617 3941 2782 3995 πόθεν
2825 3941 2980 3994 τοῦτο
3009 3941 3351 4012 ἀμφίδολον;
3385 3943 3511 4008 Πῶς
3553 3940 3646 3998 οῦν
3685 3945 3798 4015 ἄρα

521 4036 836 4106 ambiguum
875 4050 997 4090 esse
1025 4034 1226 4103 queat?
1256 4034 1322 4087 At
1347 4032 1674 4101 cuiusmodi,
1711 4051 1916 4103 quzrso,
1948 4037 2106 4092 Chri-

2209 4031 2574 4104 κηρύττουσιν
2610 4034 2658 4086 οί
2695 4033 3046 4103 μυσταγωγοὶ
3074 4033 3310 4106 Χριστὸν
3341 4035 3756 4108 ἐσταυρωμένον
3773 4054 3795 4102 ;

521 4142 666 4183 stum
696 4129 1020 4184 cruciﬁxum
1045 4126 1190 4180 sacri
1211 4129 1460 4182 doctores
1487 4127 1821 4196 praedicant?
1862 4129 2104 4198 nunquid

2207 4119 2316 4195 ἆρα
2345 4124 2421 4186 ὡς
2464 4123 2560 4177 ἕνα
2590 4123 2700 4177 τῶν
2732 4122 2852 4177 καθ’
2883 4125 3050 4194 ἡμᾶς,
3086 4125 3176 4178 τὸν
3224 4126 3317 4178 ἐπὶ
3348 4127 3583 4198 σταυροῦ
3626 4129 3793 4184 θάνα-

517 4221 691 4276 solum
716 4220 990 4275 hominem
1019 4217 1189 4272 nostri
1215 4217 1472 4282 similem,
1494 4218 1583 4286 qui
1613 4228 1842 4274 mortem
1866 4219 1916 4274 in
1939 4235 2103 4279 cruce

2203 4231 2296 4268 τον
2341 4215 2747 4286 ὑπομείναντα,
2779 4212 2874 4268 καὶ
2919 4215 3000 4279 εἰς
3037 4215 3322 4287 ἄνθρωπον
3358 4219 3391 4289 ἡ
3439 4218 3532 4272 τοῦ
3581 4221 3787 4291 κόσμου

514 4311 831 4383 pertulisset
852 4351 867 4373 ,
893 4311 964 4365 ita
998 4309 1185 4380 utiam
1217 4309 1269 4362 in
1298 4309 1601 4380 simplicem
1633 4309 1904 4365 hominem
1942 4327 2101 4368 mun-

2205 4307 2386 4371 πίστις
2418 4305 2758 4379 πράττεται;
2808 4307 2900 4378 Μὴ
2943 4305 3193 4376 γένοιτοί
3235 4309 3686 4382 Πεπιστεύκαμεν
3730 4313 3786 4367 δὲ

515 4409 618 4458 dus
659 4403 885 4460 credat?
913 4402 1103 4457 Absit!
1145 4402 1487 4458 Credidimus
1527 4403 1672 4457 enim
1711 4403 1762 4457 in
1797 4403 1963 4458 Deum
2013 4405 2098 4458 vi-

2201 4399 2322 4470 Θεῷ
2349 4396 2512 4464 ζῶντι
2549 4399 2642 4453 καὶ
2679 4397 2942 4470 ἀληθινῷ.
2988 4399 3122 4453 Θεὸν
3146 4394 3241 4454 οῦν
3265 4395 3375 4454 οἶδε
3414 4402 3648 4470 Χριστὸν
3692 4405 3786 4458 τὸν

512 4509 639 4548 vum
671 4502 726 4548 et
754 4507 962 4547 verum.
993 4490 1269 4546 Christum
1306 4491 1535 4560 proinde
1569 4492 1886 4546 cruciﬁxum
1926 4491 2094 4548 Deum

2201 4489 2639 4564 ἐσταυρωμένον,
2672 4490 2768 4544 καὶ
2801 4489 2878 4562 τῷ
2900 4491 3089 4562 κόσμῳ
3128 4489 3408 4562 κηρύττει,
3428 4493 3787 4566 τεθαρσηκὼς

513 4602 635 4640 esse
670 4594 850 4646 norat,
881 4582 1211 4652 mundoque,
1244 4583 1387 4650 quod
1439 4583 1492 4636 in
1537 4583 1685 4638 illum
1732 4585 1956 4641 credens
1987 4601 2095 4640 non
2128 4584 2150 4644 Ι

1111 4597 1211 4652 ιιιε,
1244 4583 1387 4650 quod
1439 4583 1492 4636 in
1537 4583 1685 4638 illum
1732 4585 1956 4641 credens
1987 4601 2095 4640 non
2128 4584 2174 4644 D
2200 4587 2282 4640 ὅτι
2321 4588 2394 4656 μὴ
2429 4584 2748 4654 σφάλλεται.

512 4686 678 4741 erret,
705 4675 971 4745 intrepide
999 4674 1306 4728 annuntiat.

588 4789 608 4822 ι
640 4768 706 4824 Et
735 4784 836 4840 ego
871 4783 992 4823 cum
1026 4767 1295 4821 venissem
1337 4766 1404 4820 ad
1441 4781 1556 4829 vos,
1575 4765 1792 4832 fratres,
1823 4767 1948 4822 veni
1985 4783 2088 4823 non

2275 4783 2293 4814 ι
2341 4761 2515 4832 Κάγὼ
2547 4762 2716 4816 ἐλθὼν
2736 4761 2870 4834 πρὸς
2900 4762 3066 4833 ὑμᾶς,
3099 4762 3338 4832 ἀδελφοὶ,
3371 4759 3536 4834 ἦλθον
3564 4765 3625 4817 ού
3657 4767 3784 4820 καθ’

513 4862 570 4918 in
604 4861 936 4917 sublimitate
966 4858 1257 4920 sermonis,
1295 4867 1388 4912 aut
1431 4858 1732 4925 sapientiaa,
1764 4859 2091 4914 annuntians

2198 4856 2472 4926 ὑπεροχὴν
2519 4854 2698 4924 λόγου,
2752 4854 2784 4924 ἦ
2832 4854 3056 4924 σοφίας,
3107 4857 3496 4925 καταγγέλλων
3546 4859 3675 4930 ὑμῖν
3723 4861 3787 4913 τὸ

510 4955 667 5010 vobis
710 4953 1080 5008 testimonium
1125 4950 1353 5006 Christi.
1401 4947 1518 5002 Non
1553 4950 1696 5003 enim
1731 4949 1964 5020 iudicavi
2005 4965 2090 5005 me

2200 4951 2500 5022 μαρτύριον
2541 4946 2634 5001 τοῦ
2681 4947 2835 5001 Θεοῦ.
2878 4947 2953 5000 υὺ
3003 4947 3110 5018 γὰρ
3156 4946 3346 5018 ἔκρινα
3397 4949 3595 5002 εἰδέναι
3633 4969 3682 5004 τι
3723 4953 3782 5006 ἐν

509 5049 651 5104 scire
695 5045 901 5114 aliquid
956 5045 1098 5097 inter
1128 5059 1245 5106 vos,
1298 5043 1401 5097 nisi
1452 5040 1637 5097 Jesutn
1684 5041 1982 5106 Christum,
2035 5050 2091 5097 et

2194 5046 2344 5114 ὑμῖν,
2377 5046 2425 5096 εἰ
2453 5045 2528 5114 μὴ
2575 5040 2780 5111 Ἰησοῦν
2800 5041 3056 5112 Χριστὸν,
3087 5040 3182 5094 καὶ
3212 5039 3399 5094 τοῦτον
3423 5045 3777 5116 ἐσταυρωμέο

507 5140 654 5194 hunc
702 5136 1111 5191 cruciﬁxum”.
1152 5154 1168 5186 ›
1203 5133 1341 5187 Ecce
1395 5134 1483 5188 hic
1531 5149 1652 5189 cum
1697 5136 1786 5188 Dei
1839 5136 2090 5190 testimoo

2193 5156 2300 5192 νον.
2343 5157 2361 5189 ι
2413 5136 2542 5189 Ἰδοὺ
2569 5136 2632 5203 δὴ
2675 5133 2858 5204 σαφῶς
2892 5133 2951 5185 τὸ
2984 5133 3283 5204 μαρτύριον
3315 5133 3409 5186 τοῦ
3444 5135 3578 5188 Θεοῦ
3605 5136 3730 5204 λέγις
3752 5157 3780 5190 ν

507 5233 656 5288 nium
700 5229 903 5284 mundo
948 5244 1006 5283 se
1048 5227 1378 5282 annuntiare
1427 5227 1632 5295 liquido
1668 5235 1921 5294 exponat,
1964 5243 2086 5282 mox

2196 5229 2588 5297 καταγγέλλειν
2619 5225 2694 5297 τῷ
2740 5212 2949 5295 κόσμῳ,
2981 5226 3212 5296 Χριστὸν
3257 5227 3462 5297 Ἰησοῦν
3505 5229 3778 5298 ἐπήγαγε,

505 5335 696 5389 tamen
729 5323 1004 5377 Christum
1051 5321 1236 5376 Jesum
1293 5321 1572 5392 adiungit,
1613 5331 1668 5377 et
1729 5337 1851 5375 eum
1911 5323 2087 5378 cruci-

2196 5325 2294 5379 καὶ
2335 5323 2522 5376 τοῦτον
2575 5319 3008 5392 ἐσταυρωμένον.
3066 5319 3197 5382 Θεὸς
3249 5314 3342 5373 οὖν
3401 5318 3508 5390 ἄρα
3561 5321 3707 5372 ἐστὶν
3753 5325 3780 5374 ὁ

505 5417 695 5470 ﬁxum.
741 5415 885 5470 Deus
920 5416 1096 5483 igitur
1131 5424 1216 5469 est
1260 5413 1511 5468 Christus
1554 5410 1730 5477 Jesus,
1779 5416 1869 5483 qui
1907 5418 2086 5470 crucis

2197 5415 2425 5486 σταυρὸν
2476 5413 2542 5466 δι’
2593 5412 2740 5482 ἡμᾶς
2772 5412 3072 5482 ὑπομείνας
3119 5411 3350 5482 Χριστὸς
3418 5410 3658 5479 Ἰησοῦς·
3713 5406 3774 5464 οὗ

505 5507 827 5577 supplicium
877 5507 1047 5562 nostri
1108 5521 1271 5561 causa
1325 5504 1619 5570 sustinuit;
1677 5504 1831 5575 cuius
1866 5520 2085 5577 quoque

2193 5509 2288 5563 καὶ
2333 5507 2392 5560 τὸ
2439 5505 2738 5577 μαρτύριον
2781 5505 2881 5556 οὑκ
2932 5506 2988 5557 ἐν
3040 5505 3280 5574 ὑπεροχῇ
3327 5503 3486 5572 λόγου
3541 5505 3636 5557 καί
3685 5521 3773 5556 σο-

504 5601 876 5658 testimonium
917 5601 1116 5656 mundo
1150 5616 1247 5670 per
1293 5607 1511 5654 sanctos
1547 5597 1823 5667 apostolos
1863 5616 2077 5654 annun—

2187 5599 2314 5668 φίας
2365 5599 2635 5666 κοσμικῆς
2689 5595 3116 5664 καταγγέλλεται
3166 5595 3244 5666 τῷ
3300 5597 3490 5667 κόσμῳ
3531 5596 3621 5648 διὰ
3662 5595 3769 5647 τῶν

581 5755 774 5808 ’Rom.
797 5771 907 5814 va.
941 5757 1022 5811 16.
1090 5752 1425 5809 “l'l‘imoth.
1460 5758 1652 5814 "1.25.
1732 5759 1774 5791 ¹¹
1798 5755 1956 5809 Rom.
1991 5710 2210 5819 “1,20.
2291 5754 2330 5785 "
2359 5750 2518 5807 Joan.
2553 5766 2663 5818 XIV,
2695 5749 2784 5803 27.
2869 5750 2910 5782 ¹³
2941 5749 2960 5805 1
2989 5749 3112 5805 Cor.
3141 5766 3174 5815 ι,
3217 5751 3267 5805 l.
3349 5750 3763 5816 "iliid.12,l3.

511 5824 554 5856 ’³
586 5824 715 5878 ibid.
747 5825 838 5891 2‘2,
863 5825 953 5880 9.5.
1067 5826 1108 5859 “
1139 5826 1158 5879 l
1193 5823 1319 5881 Cor.
1353 5842 1411 5894 tt,
1451 5827 1500 5896 1,
1539 5827 1594 5884 2.
