4146 6468
318 388 455 445 1255

1417 391 1506 447 DE
1542 391 1769 446 RECTA
1812 388 1969 444 Fle
2006 388 2097 442 AD
2137 386 2457 443 REGINAS.
2516 434 2517 437 η

3442 381 3575 436 HM

308 505 483 572 ἁγίων
528 502 864 570 ἀποστόλων,
906 505 1019 559 ἀλλ’
1062 505 1135 571 ὡς
1175 508 1232 559 ἐν
1270 507 1496 578 δυνάμει
1546 507 1863 577 ῐΙνεύματος

1998 504 2185 560 tiatqu
2228 511 2333 567 est,
2378 514 2482 553 non
2536 496 2805 553 sermonis
2846 498 3165 565 eminentia,
3219 497 3571 552 mundana-re

380 696 401 732 ι
445 678 648 747 Σοφίαν
690 679 749 733 δὲ
778 678 1047 751 λαλοῦμεν
1084 680 1143 733 ἐν
1172 682 1282 744 τοῖς
1313 680 1572 745 τελείοις·
1606 680 1799 750 σοφίαν
1826 680 1883 734 δὲ

301 770 364 824 οὐ
394 769 489 825 τοῦ
519 771 714 834 αἰῶνος
738 772 951 839 τούτου,
980 772 1099 824 οὐδὲ
1128 771 1237 825 τῶν
1263 772 1538 842 ἀρχόντων
1572 772 1665 825 τοῦ
1688 772 1881 833 αἰῶνος

300 863 518 927 τούτου,
546 864 654 917 τῶν
705 864 1195 936 καταργουμένωνσ
1246 864 1384 918 ἀλλά
1430 863 1697 934 λαλοῦμεν
1743 863 1879 917 Θεοῦ

302 953 497 1021 σοφίαν
528 955 584 1008 ὲν
620 954 924 1024 μυστηρίῳ,
957 954 1056 1024 τὴν
1085 954 1608 1026 ἀποκεκρυμμένην,
1640 955 1706 1025 ἢν
1748 971 1880 1024 προ-

299 1044 499 1115 ὡρισεν
538 1046 567 1098 6
602 1046 735 1109 Θεὸς
764 1047 870 1116 πρὸ
896 1045 1003 1099 τῶν
1036 1045 1247 1099 αἰώνων
1275 1048 1356 1109 είς
1398 1046 1557 1113 δόξαν
1585 1046 1744 1117 ἡμῶν
1766 1061 1779 1075 ⁸
1811 1045 1880 1116 ἢν

298 1136 474 1198 οὐδεὶς
498 1135 610 1189 τῶν
632 1136 909 1207 ἀρχόντων
936 1136 1031 1189 τοῦ
1062 1136 1257 1200 αἰῶνος
1307 1137 1497 1191 τούτου
1522 1137 1778 1205 ἔγνωκεν.
1816 1135 1880 1188 Et

298 1228 411 1296 γὰρ
439 1226 702 1297 ἔγνωσαν,
742 1228 843 1281 οὐκ
880 1228 947 1281 ἀν
973 1228 1062 1281 τὸν
1109 1228 1312 1299 Κύριον
1354 1229 1454 1298 τῆς
1482 1229 1639 1298 δόξης
1682 1226 1883 1280 ἐσταύ-

300 1337 504 1390 ρωσαν.
547 1340 565 1372 ι
604 1320 667 1373 Et
701 1319 836 1372 Θεοῦ
870 1320 1028 1387 σοφία
1056 1320 1116 1373 τὸ
1146 1321 1442 1391 μυστήριον
1474 1318 1732 1391 Χριστοῦ,
1761 1316 1879 1373 εἶτα

297 1408 376 1477 τῷ
408 1412 600 1479 κόσμῳ
629 1409 982 1481 κηρύττεται,
1037 1412 1131 1464 καὶ
1173 1411 1307 1474 Θεὸς
1346 1413 1445 1464 οὐκ
1484 1412 1631 1464 ἔστιν
1661 1410 1878 1482 ἀληθῶς

296 1501 437 1553 κατᾶ
465 1502 525 1553 τό
553 1518 716 1566 τισιν,
748 1502 846 1555 οὐκ
876 1498 971 1555 οἷδ’
1001 1503 1168 1567 ὅπως,
1197 1503 1408 1566 δογοῦν,
1430 1503 1523 1557 καὶ
1555 1505 1634 1567 είς
1652 1504 1813 1557 αὐτὸν
1840 1505 1872 1575 ἡ

295 1591 479 1653 πίστις
495 1590 596 1661 (1)’
626 1591 742 1656 πῶς
764 1592 951 1646 ὲστιτὸ
970 1594 1270 1664 μυστήριον
1289 1593 1466 1663 σοφὸν,
1488 1594 1645 1663 εἰτῆς
1664 1594 1877 1667 ἀληθῶς

293 1681 623 1749 θεογνωσίας
655 1681 983 1753 ἀποκομίζει
1015 1684 1140 1747 τοὺς
1190 1685 1282 1737 ὲπλ⁵
1314 1685 1413 1755 τῆς
1458 1686 1581 1756 γῆς,
1640 1686 1733 1739 καλ⁸
1779 1686 1877 1740 λα.-

290 1773 478 1843 τρείαν
526 1773 814 1846 ἀνθρώπου
843 1775 943 1845 τὴν
973 1776 1353 1848 οἰκουμενικὴν
1397 1778 1686 1843 ἀποτελεῖ;
1733 1777 1872 1831 Ἀλλ’

1989 594 2267 663 sapientiae
2303 592 2468 657 fastu,
2493 590 2586 646 sed
2644 589 2883 658 Spiritus
2930 595 3125 643 virtute
3155 599 3206 645 ct
3240 592 3569 645 ostensione.

2064 703 2082 736 ι
2116 685 2445 754 Sapientiam
2503 691 2684 736 autem
2754 681 3024 750 loquimur
3062 683 3204 735 inter
3257 682 3565 751 perfectos:

1987 776 2309 846 sapientiam
2360 788 2489 828 vero
2540 789 2645 827 non
2690 771 2849 841 hujus
2891 772 3107 833 ‘szecnli,
3153 776 3327 839 neque
3371 772 3571 841 princi-

1988 885 2113 939 pum
2142 868 2301 939 hujus
2338 865 2545 930 szeculi,
2593 865 2685 934 qui
2719 864 3116 927 destruuntur;
3171 866 3263 917 sed
3300 865 3571 931 loquimur

1987 962 2079 1018 Dei
2130 958 2449 1029 sapientiam
2500 959 2554 1011 in
2604 958 2891 1025 mysterio;
2937 971 3055 1024 qum
3103 956 3416 1009 abscondita
3460 966 3570 1015 est,

1986 1068 2146 1121 quam
2192 1048 2601 1120 praedestinavit
2655 1046 2795 1101 Deus
2834 1056 2962 1100 ante
3012 1046 3206 1100 s:rcnla
3247 1046 3298 1099 in
3335 1047 3565 1115 gloriam

1986 1151 2262 1205 nostram;
2308 1154 2468 1208 quam
2509 1152 2667 1191 nemo
2700 1136 3002 1204 principum
3054 1135 3215 1202 hujus
3255 1135 3439 1189 saeculi
3474 1148 3569 1188 co-

1984 1231 2193 1302 gnovit.
2231 1229 2287 1284 Si
2328 1228 2472 1281 enim
2505 1226 2907 1294 cognovissent,
2954 1240 3228 1292 nunquam
3279 1222 3567 1275 Dominum

1982 1318 2167 1391 gloria:
2191 1316 2586 1373 crucifixisseut
2614 1314 2677 1369 "’.
2712 1333 2731 1365 ι
2769 1314 2823 1369 Si
2859 1313 3060 1369 Christi
3088 1314 3435 1384 mysterium,
3457 1312 3567 1383 62

1983 1414 2125 1483 quod
2172 1412 2375 1466 mundo
2416 1411 2797 1464 annuutiatnm
2853 1417 2960 1472 est,
3007 1406 3101 1461 Dei
3149 1407 3412 1477 sapientia
3461 1422 3565 1467 csr,

1984 1519 2160 1573 neque
2199 1512 2376 1557 tamen
2417 1501 2689 1566 Christus,
2724 1504 2778 1554 in
2820 1516 2981 1570 quem
3038 1500 3169 1552 fides
3210 1498 3470 1567 exigitur,
3506 1511 3566 1550 ut

1984 1596 2122 1649 male
2169 1595 2354 1650 nescio
2397 1596 2669 1663 quomodo
2715 1593 3041 1663 quibusdam
3098 1606 3423 1661 persuasum
3457 1603 3562 1652 εει,

1984 1702 2143 1742 verus
2200 1686 2338 1742 Deus
2388 1694 2519 1739 est:
2564 1684 2837 1755 quomodo
2879 1692 3278 1737 sacramentum
3328 1680 3429 1734 hoc
3475 1697 3565 1733 su-

1985 1782 2147 1837 hlime
2177 1790 2230 1837 et
2260 1782 2478 1851 sapiens
2521 1790 2623 1845 est,
2660 1778 2706 1832 si
2744 1777 2993 1831 homines
3026 1793 3054 1829 a
3084 1790 3211 1829 vera
3254 1773 3344 1827 Dei
3386 1772 3566 1837 cogni-

290 1866 354 1918 οῦ
398 1864 553 1919 τοῦτό
578 1868 728 1920 ἐστιν
776 1867 993 1939 ἀληθές.
1029 1868 1197 1938 Σοφὸν
1226 1867 1283 1921 δὲ
1327 1868 1388 1922 τὸ
1433 1870 1751 1941 μυστήριον,
1793 1869 1865 1923 ὅτι

1984 1874 2129 1927 tione
2181 1872 2421 1939 abducit,
2475 1880 2531 1926 et
2574 1871 2641 1925 ab
2692 1871 2825 1924 orbe
2880 1866 3203 1929 terrarum,‘
3241 1873 3301 1917 ut
3356 1863 3559 1917 homini

288 1954 411 2028 Θεῴ
464 1958 729 2027 προσάγει
781 1959 906 2022 τοὺς
964 1956 1448 2030 πεπλανημένουςο
1503 1960 1637 2025 Θεὸς
1686 1960 1797 2032 ἄρα
1844 1964 1872 2015 6

289 2047 546 2118 Χριστός.
588 2049 817 2122 Εἴρηται
843 2050 899 2103 δὲ
930 2051 1023 2104 καὶ
1054 2051 1279 2115 δικαίως
1312 2051 1515 2125 Κύριος
1536 2055 1633 2125 τῆς
1664 2051 1820 2124 δόξης
1843 2053 1872 2105 ὁ

288 2139 313 2189 ὲ
324 2140 726 2212 σταυρωμένος.

291 2249 509 2289 rursum
558 2236 802 2293 reducat.
849 2233 981 2291 Jure
1034 2235 1200 2307 igitur
1257 2235 1561 2306 meritoque
1620 2246 1673 2291 et
1723 2237 1862 2291 Deus
1901 2236 2202 2306 appellatur
2238 2234 2512 2303 Christus,

287 2326 623 2396 perhibetur.

364 2436 383 2467 ι
430 2416 587 2470 Κατὰ
615 2418 712 2489 τὴν
751 2418 911 2490 χάριν
948 2418 1041 2473 τοῦ
1082 2418 1217 2474 Θεοῦ
1263 2422 1359 2493 τὴν
1383 2418 1628 2474 δοθεῖσάν
1660 2438 1773 2491 μοι,
1795 2420 1872 2486 ὡς

288 2507 448 2573 σοφὸς
484 2509 819 2577 ἁρχιτέκτων
880 2510 1127 2581 θεμέλιον
1154 2511 1351 2583 ἔθηκα,
1386 2512 1543 2577 ἄλλος
1572 2513 1627 2565 δὲ
1658 2516 1872 2566 ἐποικο-

282 2596 458 2665 δομεῖ.
481 2595 739 2667 Θεμέλιον
758 2598 866 2670 γὰρ
888 2600 1047 2666 ἄλλος
1080 2601 1256 2666 οὐδεὶς
1278 2602 1501 2659 δύναται
1526 2604 1696 2659 θεῖναι
1719 2605 1871 2677 παρά

285 2689 377 2739 τὸν
420 2689 691 2759 κείμενον,
734 2691 792 2755 ὃς
837 2694 983 2747 ἐστιν
1024 2694 1234 2765 Ἰησοῦς
1264 2697 1548 2767 Χριστός.»
1578 2698 1639 2750 Et
1668 2700 1870 2770 ἐπερη-

289 2778 555 2849 ρείσμεθα
602 2781 855 2855 καθάπερ
905 2784 1011 2837 τινὶ
1058 2785 1294 2857 θεμελίῳ
1340 2788 1594 2858 Χριστῷ,
1643 2791 1736 2844 καὶ
1778 2790 1865 2843 ἐπ’

281 2866 434 2940 αὑτῷ
460 2869 548 2924 διὰ
577 2872 813 2937 πίστεως
848 2875 1294 2947 οἰκοδομούμεθα,
1325 2880 1420 2931 καὶ
1460 2879 1608 2933 ἔστιν
1636 2880 1796 2944 αὐτὸς
1829 2883 1862 2951 ὴ

282 2963 504 3016 πάντων
530 2965 823 3033 ἀσφάλεια,
860 2967 976 3030 πῶς
1003 2968 1103 3022 οὐκ
1144 2969 1210 3023 ἂν
1248 2969 1335 3041 εἴη
1379 2970 1510 3034 Θεὸς
1538 2971 1773 3041 ἀληθῶς,
1806 2974 1865 3026 ἐν

278 3048 325 3121 ᾧ
355 3055 424 3109 τὰ
451 3056 651 3122 πάντα,
682 3060 776 3111 καὶ
807 3061 839 3129 ἡ
873 3060 1022 3131 παρά
1062 3062 1277 3115 πάντων
1302 3062 1575 3128 πίστιςΓ,
1596 3066 1657 3118 οὐ
1685 3066 1866 3128 καθὼς

1980 1965 2219 2019 divinum
2253 1964 2454 2018 cultum
2481 1963 2846 2032 impertiatur,
2870 1959 3079 2028 exigit?
3112 1958 3310 2012 Verum
3347 1971 3449 2009 non
3486 1956 3559 2008 ita

1979 2068 2067 2107 res
2102 2053 2284 2107 habet.
2317 2051 2649 2107 Profundqu
2702 2049 2849 2103 enim
2895 2058 2952 2103 et
2985 2047 3203 2117 sapiens
3239 2044 3556 2116 mysterium

1976 2155 2079 2211 eat,
2127 2145 2325 2215 quippe
2368 2145 2511 2213 quod
2556 2145 2606 2197 in
2650 2156 2894 2215 errorem
2940 2140 3201 2194 abductos
3257 2139 3324 2191 ad
3382 2137 3551 2191 Deum

2590 2242 2647 2289 et
2719 2232 2903 2301 gloriae
2947 2230 3205 2285 Dominus
3243 2228 3548 2283 crucifixus

2052 2439 2072 2473 ι
2102 2420 2409 2477 Secundum
2444 2419 2675 2488 gratiam
2716 2416 2829 2481 Dei,
2865 2430 2984 2484 qua:
3025 2416 3147 2467 data
3178 2423 3261 2468 est
3296 2412 3461 2478 mihi,
3496 2417 3555 2465 ut

1975 2510 2192 2580 sapiens
2211 2509 2544 2565 architectus
2566 2506 2974 2561 fundamentum
3002 2504 3180 2572 posui,
3205 2503 3343 2557 alius
3370 2513 3552 2557 autem

1974 2601 2396 2671 supersediticat.
2460 2600 2898 2655 Fundamentum
2972 2597 3116 2650 enim
3170 2595 3328 2662 aliud
3394 2610 3554 2648 nemo
3607 2620 3615 2627 -

1973 2702 2152 2761 potest
2176 2708 2381 2763 ponere
2412 2705 2609 2762 praeter
2646 2692 2695 2744 id
2730 2694 2872 2759 quod
2893 2692 3125 2759 positum
3162 2699 3269 2749 est,
3299 2691 3438 2755 quod
3471 2696 3553 2741 est

1972 2785 2226 2841 Christus
2266 2786 2507 2842 Jesus“.
2544 2804 2562 2835 ι
2611 2784 2668 2838 Si
2719 2784 2938 2838 Christo
2987 2781 3216 2848 perinde
3258 2794 3321 2834 ac
3351 2778 3550 2833 funda-

1971 2888 2150 2932 mento
2184 2879 2417 2945 cuipiam
2469 2877 2770 2938 innitimur,
2812 2884 2867 2929 et
2897 2888 2992 2942 per
3023 2872 3185 2927 fidem
3231 2886 3394 2940 super
3427 2886 3549 2925 eum

1967 2968 2360 3034 construimur,
2398 2978 2457 3023 et
2494 2969 2608 3036 ipse
2640 2967 2880 3021 omnium
2925 2975 3010 3019 est
3054 2965 3245 3018 salus:
3284 2962 3373 3031 qui
3420 2963 3536 3015 fieri

1968 3069 2161 3128 potest,
2189 3068 2245 3113 ut
2275 3074 2435 3114 verus
2470 3060 2609 3112 Deus
2644 3073 2747 3112 non
2772 3058 2875 3118 sit,
2925 3071 3047 3110 cum
3075 3059 3127 3109 in
3151 3069 3218 3109 eo
3249 3054 3551 3109 consistant

280 3146 364 3208 εἰς
407 3146 503 3201 ἕνα
535 3147 644 3201 τῶν
678 3150 796 3202 καθ’
830 3151 997 3219 ἡμᾶς,
1040 3151 1123 3205 ὅτι
1168 3152 1242 3224 μὴ
1276 3154 1452 3207 κτίσει
1500 3154 1863 3228 λελατρεύκα-

1970 3149 2171 3210 omnia,
2223 3148 2463 3216 ﬁdesque
2508 3158 2693 3202 nostra
2733 3146 2802 3201 de
2842 3146 2960 3215 ipso
3002 3146 3096 3208 sit,
3150 3160 3254 3197 non
3305 3145 3445 3198 sicut
3480 3145 3547 3197 de

282 3253 405 3306 μεν,
435 3238 570 3292 ἀλλά
592 3238 713 3311 Θεῷ
737 3240 814 3311 τῷ
846 3242 1005 3311 φύσει
1050 3244 1145 3297 καὶ
1183 3245 1436 3315 ἀληθῶςς

358 3518 379 3557 ι
426 3501 539 3556 Οὐκ
586 3502 786 3567 οίδατε,
836 3504 915 3556 ὃτι
952 3504 1075 3567 ναὸς
1105 3504 1240 3558 Θεοῦ
1274 3507 1397 3559 ἐστε
1428 3508 1606 3578 ὑμεῖς,
1657 3511 1749 3563 καὶ
1799 3513 1860 3565 τὸ

282 3592 506 3663 Πνεῦμα
532 3593 625 3646 τοῦ
659 3594 793 3646 Θεοῦ
825 3597 964 3647 οἰκεῖ
990 3598 1047 3648 ὲν
1080 3597 1237 3667 ὑμῖν;
1272 3597 1337 3649 Εἰ
1361 3615 1441 3662 τις
1470 3600 1559 3653 τὸν
1595 3602 1720 3655 ναὸν
1763 3604 1858 3655 τοῦ

278 3684 415 3736 Θεοῦ
465 3685 697 3756 φθείρει,
741 3686 929 3755 φθερεῖ
977 3689 1164 3741 τοῦτον
1203 3691 1230 3742 6
1273 3690 1425 3753 Θεός.
1480 3692 1539 3743 Ὀ
1573 3693 1680 3763 γὰρ
1734 3695 1859 3758 ναὸς

278 3777 373 3829 τοῦ
402 3776 533 3830 Θεοῦ
586 3778 739 3846 ᾶγιός
793 3779 961 3842 ἐστιν,
990 3780 1185 3843 οἵτινές
1236 3780 1359 3833 ἐστε
1408 3783 1587 3852 ὑμεῖς.
1624 3805 1646 3835 ι
1702 3785 1766 3838 Et
1798 3785 1859 3837 τὸ

279 3869 505 3939 Πνεῦμα
546 3870 783 3940 Χριστοῦ
828 3871 1127 3941 δεχόμενοι,
1180 3872 1305 3935 ναὸς
1353 3873 1487 3926 Θεοῦ
1530 3876 1859 3946 χρηματίζο-

283 3976 401 4028 μεν,
435 3958 550 4022 πῶς
580 3959 642 4012 οὐ
674 3957 806 4022 Θεὸς
838 3959 1076 4029 ἀληθῶς,
1106 3961 1134 4013 6
1157 3960 1224 4013 δι’
1253 3960 1312 4014 ὃν
1356 3964 1514 4032 ἡμεῖς
1544 3964 1712 4033 ἐσμεν
1738 3964 1859 4017 ναοὶ

276 4050 413 4104 Θεοῦ
434 4067 448 4115 ;

352 4160 371 4192 ι
417 4142 580 4193 Ὥστε
612 4141 689 4213 μὴ
722 4141 825 4211 πρὸ
858 4142 1049 4213 καιροῦ
1076 4160 1128 4195 τι
1163 4143 1403 4214 κρίνετε,
1437 4144 1540 4206 ἕως
1576 4144 1642 4198 ἂν
1673 4144 1803 4218 ἔλθῃ
1828 4146 1855 4198 6

278 4232 503 4304 Κύριος,
532 4234 589 4296 ὃς
626 4233 723 4287 καὶ
750 4233 976 4303 φωτίσει
1018 4234 1087 4288 τά
1114 4238 1334 4306 κρυπτὰ
1361 4237 1455 4289 τοῦ
1488 4237 1731 4300 σκότους,
1760 4238 1856 4291 καὶ

277 4324 581 4395 φανερώσει
629 4327 728 4389 τὰς
774 4326 970 4396 βουλὰς
1018 4326 1127 4379 τῶν
1182 4329 1437 4397 καρδιῶν.
1489 4332 1597 4383 Καὶ
1661 4330 1782 4383 τότε
1827 4333 1856 4383 6

274 4417 495 4480 ἔπαινος
548 4419 838 4488 γενήσεται
889 4419 1102 4489 ἑκάστῳ
1150 4422 1300 4490 παρᾶ
1345 4421 1439 4473 τοῦ
1488 4421 1642 4473 Θεοῦ.
1690 4442 1708 4473 ι
1746 4423 1850 4475 Τὸν

1969 3239 2186 3299 homine
2239 3240 2473 3307 quodam
2512 3237 2681 3292 nostri
2718 3236 2908 3298 simili,
2939 3234 3206 3303 siquidem
3242 3244 3547 3289 creaturam

1967 3343 2072 3382 non
2123 3328 2436 3394 adoramus,
2499 3329 2595 3383 sed
2652 3344 2776 3382 eum
2824 3328 2914 3395 qui
2968 3326 3198 3380 veritate
3252 3335 3308 3379 et
3357 3334 3548 3379 natura

1966 3417 2108 3473 Deus
2130 3428 2209 3473 est
2235 3419 2258 3472 Ἰ

2042 3527 2060 3559 ι
2091 3510 2324 3564 Nescitis
2345 3510 2471 3578 quia
2504 3508 2761 3577 templum
2792 3508 2884 3561 Dei
2913 3509 3049 3563 estis
3077 3522 3197 3573 vos,
3229 3517 3283 3562 et
3314 3507 3548 3576 Spiritus

1968 3600 2056 3652 Dei
2095 3601 2306 3654 habitat
2340 3602 2391 3654 in
2444 3601 2637 3655 vobis?
2670 3601 2725 3654 Si
2758 3601 2880 3670 quis
2925 3610 3105 3653 autem
3142 3600 3399 3668 templqu
3445 3598 3545 3653 Dei

1964 3692 2264 3755 violaverit,
2322 3692 2601 3760 disperdet
2658 3692 2807 3746 illum
2845 3691 3002 3746 Deus.
3070 3689 3350 3757 Templum
3398 3690 3543 3743 enim

1966 3780 2057 3835 Dei
2104 3791 2355 3835 sanetum
2397 3792 2504 3845 est,
2555 3782 2702 3850 quod
2757 3781 2886 3834 estis
2940 3795 3035 3833 vos
3062 3780 3123 3832 “.
3156 3797 3175 3828 ι
3231 3777 3286 3831 Si
3337 3776 3544 3833 Christi

1963 3870 2222 3941 Spiritum
2263 3871 2641 3939 suscipientes,
2686 3872 2944 3939 templum
2999 3869 3091 3923 Dei
3132 3883 3318 3922 sumus
3355 3883 3369 3920 :
3408 3884 3546 3938 quo-

1961 3963 2121 4016 modo
2170 3977 2333 4018 verus
2378 3961 2524 4017 Deus
2572 3963 2879 4019 censendus
2936 3978 3040 4018 non
3088 3969 3193 4025 est,
3240 3972 3336 4027 per
3381 3975 3540 4029 quem

1962 4055 2156 4124 templa
2188 4056 2279 4109 Dei
2320 4056 2741 4110 constituimur?

2035 4167 2055 4200 ι
2088 4151 2272 4219 Itaque
2312 4149 2482 4203 nolite
2520 4159 2649 4203 ante
2690 4159 2901 4218 tempus
2955 4149 3223 4220 judicare,
3258 4153 3538 4222 quoadus-

1958 4255 2061 4309 que
2091 4239 2270 4293 veniat
2304 4240 2582 4306 Dominus,
2616 4241 2705 4309 qui
2750 4250 2805 4294 et
2836 4242 3166 4298 illuminabit
3210 4244 3532 4299 abscondita

1960 4330 2321 4394 tenebrarum,
2364 4338 2418 4384 et
2467 4330 2841 4384 manif'estabit
2891 4331 3114 4385 consilia
3164 4334 3408 4387 cordium
3442 4350 3455 4385 :
3486 4342 3542 4386 et

1958 4429 2085 4473 tunc
2117 4420 2235 4473 laus
2277 4421 2384 4474 erit
2426 4420 2723 4489 unicuique
2757 4435 2786 4474 a
2822 4421 2931 4475 Deo
2954 4422 3020 4476 ²⁰.
3056 4440 3074 4473 ι
3113 4423 3401 4477 Dominum
3439 4439 3539 4476 no-

273 4508 480 4580 Κύριον
507 4510 665 4580 ἡμῶν
716 4511 921 4580 Ἰησοῦν
966 4512 1055 4565 τὸν
1103 4513 1338 4583 Χριστὸν
1378 4512 1435 4578 ἐξ
1482 4513 1712 4583 οὐρανοῦ
1748 4530 1848 4566 κα-

1970 4521 2127 4567 ttrum
2161 4510 2344 4566 Iesum
2376 4511 2651 4566 Christum
2705 4510 2834 4565 olim
2881 4526 2911 4565 e
2956 4514 3111 4568 cmlis
3142 4514 3537 4569 descensurum

270 4602 502 4674 ταϐῆναι
553 4604 941 4675 προσδοκῶμεν
976 4606 1117 4659 κατὰ
1150 4607 1396 4677 καιροὺς,
1430 4598 1475 4673 ᾧ
1510 4606 1607 4658 καὶ
1651 4605 1851 4667 πάντες

272 4695 740 4765 παραστησόμεθα
771 4696 1005 4767 κρίνοντι
1038 4698 1106 4751 τὰ
1140 4696 1381 4769 κρυπτὰ,
1409 4698 1502 4750 καὶ
1530 4695 1852 4767 φανεροῦντι

271 4784 371 4849 τὰς
404 4785 599 4854 βουλὰς
631 4787 739 4841 τῶν
772 4788 1029 4859 καρδιῶν.
1062 4790 1184 4843 Ὅτι
1211 4790 1268 4842 δὲ
1297 4791 1391 4843 καὶ
1420 4791 1696 4842 ἐπαινέσει
1724 4788 1851 4852 τοὺς

270 4873 535 4942 δικαίους,
570 4878 1127 4949 πεπληροφορήμεθα.
1170 4880 1294 4942 Τοῖς
1319 4880 1427 4951 γὰρ
1467 4877 1752 4949 ἑστηκόσιν
1786 4879 1850 4930 ἐκ

270 4967 461 5033 δεξιῶν
510 4972 658 5041 ὲρεῖ·
712 4990 728 5022 ι
766 4971 961 5037 Δεῦτε,
1002 4974 1049 5025 οί
1088 4972 1439 5042 εὐλογημένοι
1490 4970 1583 5023 τοῦ
1634 4970 1846 5041 Πατρός

270 5076 400 5129 μου,
448 5059 895 5134 κληρονομήσατε
925 5062 1026 5133 τὴν
1073 5063 1482 5133 ἡτοιμασμένην
1530 5064 1658 5131 ὑμῖν
1693 5064 1847 5132 βασι-

270 5150 423 5203 λείαν
464 5152 575 5205 ἀπὸ
619 5153 923 5222 καταϐολῆς
969 5154 1195 5224 κόσμου.
1236 5173 1254 5203 ι
1292 5155 1419 5205 Ὅτε
1453 5153 1633 5206 τοίνυν
1677 5155 1875 5205 ἐπαιο.

269 5242 494 5306 νοῦντος
534 5245 794 5314 Χριστοῦ,
846 5245 938 5299 τὸν
985 5246 1203 5300 ἔπαινον
1256 5247 1472 5316 ἑκάστῳ
1522 5244 1849 5316 γενήσεσθαί

272 5349 407 5403 φησι
443 5336 595 5405 παρὰ
625 5336 717 5388 τοῦ
768 5337 925 5398 Θεοῦ,
958 5336 1075 5400 πῶς
1120 5337 1180 5390 οὐ
1225 5337 1355 5399 Θεός
1388 5339 1536 5390 ἐστιν
1564 5336 1849 5407 ὲναργῶς;

348 5446 389 5478 "
428 5447 601 5503 lCor.
634 5462 675 5515 ι,
713 5448 835 5503 6-8.
912 5448 1153 5505 ¹⁸Ιϐοι¹.
1203 5463 1284 5515 ιιι,
1330 5448 1417 5514 10,
1456 5448 1543 5503 Η.

1954 4612 2355 4670 exspectamus,
2406 4604 2492 4657 cui
2545 4603 2757 4659 occulta
2804 4603 3134 4671 iudicaturo,
3180 4606 3537 4673 cordiumque

1955 4692 2180 4747 consilia
2204 4690 2542 4761 patefacturo
2573 4695 2831 4748 sistemur
2858 4709 3068 4753 omnes.
3102 4696 3254 4761 Quod
3279 4696 3323 4749 is
3353 4706 3535 4749 autem

1948 4781 2125 4849 justus
2148 4783 2221 4837 sit
2244 4785 2750 4850 commendaturus,
2781 4785 3093 4847 edocemur,
3123 4785 3264 4853 quod
3289 4788 3355 4839 ad
3390 4786 3555 4849 illos,

1953 4876 2047 4945 qui
2089 4890 2117 4928 a
2146 4875 2367 4930 dextera
2403 4876 2477 4929 illi
2510 4878 2794 4941 assistunt,
2830 4878 2907 4931 ita
2938 4877 3185 4931 dicturus
3218 4878 3291 4931 sit
3322 4895 3335 4931 :
3373 4897 3391 4929 ι
3433 4879 3537 4933 Ve-

1956 4968 2085 5035 nite,
2121 4967 2389 5023 benedicti
2423 4969 2602 5024 Patris
2628 4970 2755 5034 mei,
2786 4969 3059 5040 possidete
3101 4980 3346 5038 paratum
3381 4972 3533 5025 vobis

1954 5076 2179 5131 regnum
2232 5076 2263 5116 a
2330 5063 2720 5118 constitutione
2784 5064 2969 5118 mundi
3001 5063 3069 5117 “.
3105 5080 3124 5115 ι
3182 5063 3315 5117 Cum
3371 5064 3533 5134 igitur

1952 5153 2170 5208 Christo
2224 5154 2503 5219 laudante,
2538 5171 2691 5209 suam
2738 5155 3031 5224 unicuique
3081 5171 3109 5208 a
3161 5154 3270 5209 Deo
3322 5158 3531 5209 Iaudem

1956 5246 2215 5301 tributum
2254 5247 2320 5302 iri
2372 5248 2575 5302 diserte
2615 5248 2892 5316 praedicet,
2935 5250 3209 5318 quomodo
3250 5250 3528 5304 Christum

1956 5334 2124 5390 Deum
2152 5350 2275 5391 esse
2304 5353 2408 5391 non
2440 5338 2725 5393 manifeste
2748 5339 3012 5409 apparet?

1621 5449 1665 5480 ιο
1712 5447 1844 5503 ibid.
1892 5444 1982 5510 te,
2024 5445 2112 5499 l7.
2189 5443 2279 5498 ὀι
2315 5445 2443 5501 Cor.
2474 5462 2547 5511 ιν,
2575 5446 2630 5517 5,
2660 5447 2713 5503 ο.
2791 5450 2833 5479 ἰ
2866 5449 3055 5506 Matth.
3091 5464 3217 5517 xxv,
3253 5449 3342 5505 τι.

1350 5574 1527 5633 Variae
1552 5577 1807 5636 lectiones
1838 5578 2040 5636 codicis
2068 5579 2427 5651 Seguieriaui.

344 5644 392 5695 i‘
417 5646 567 5717 παρά
586 5646 767 5701 αὐτῶν
790 5646 992 5709 πίστις.

343 5737 419 5809 (l)
444 5737 672 5820 Phrasis
704 5740 1039 5820 perturbata.
1070 5752 1231 5806 quam
1263 5739 1495 5798 fortasse
1530 5742 1831 5811 sanaveris,
1861 5759 1865 5775 ‘

1970 5760 2024 5801 ia
2055 5742 2147 5797 καὶ
2182 5744 2261 5807 εἰς
2289 5743 2445 5799 αὐτὸν
2485 5745 2661 5810 πίστις
2694 5758 2815 5818 post
2844 5746 2920 5819 τῷ
2950 5747 3140 5820 κόσμῳ
3172 5746 3518 5819 κηρύττεται.

271 5807 688 5879 tranSponeudo.
730 5808 886 5865 Ευιῑ.
920 5807 992 5864 PA
1004 5825 1160 5866 TBOL.
