4058 6454
659 374 680 428 1
696 374 795 431 235

1677 376 1737 433 S.
1777 374 2051 433 CYRILLI
2087 374 2555 432 ALEXANDRINI
2592 376 2913 435 ARCHIEP.

3784 380 3907 435 1236

730 514 753 549 c
784 499 867 551 An
902 496 1124 554 nescitis
1159 498 1416 569 quoniam
1452 497 1689 554 membra
1724 509 1905 557 vestra
1959 500 2215 571 templum

2397 518 2417 551 ¢
2467 500 2538 553 Ἦ
2569 500 2672 554 οὐκ
2702 500 2902 564 οἴδατε,
2945 498 3028 553 ὅτι
3062 496 3131 553 τὰ
3170 497 3398 569 σώματα
3443 497 3622 570 ὑμῶν
3670 497 3799 562 ναὸς
3823 502 3905 555 τοῦ

662 597 791 643 sunt
818 588 1052 658 Spiritus
1081 592 1278 658 sancti,
1308 590 1401 660 qui
1432 592 1485 646 in
1515 590 1667 646 vobis
1690 602 1793 659 est,
1822 607 1979 662 quem
2013 594 2224 648 habetis

656 696 684 732 a
722 680 849 745 Deo,
899 688 953 735 ct
978 680 1086 751 63
1118 697 1220 736 non
1256 682 1391 738 estis
1433 682 1644 738 vestri?
1682 683 1857 755 Empti
1893 685 2037 739 enim
2090 685 2225 740 estis

653 772 830 838 pretio
862 786 1081 840 magno.
1122 770 1443 827 Gloriflcate
1486 782 1540 827 et
1566 784 1778 843 portate
1811 774 1977 828 Deum
2010 775 2061 828 in
2101 791 2226 829 cor-

653 879 788 929 pore
839 874 1019 917 vestro
1040 866 1105 918 ".
1142 883 1160 915 ›
1215 863 1272 919 Si
1330 865 1534 934 Spiritu
1584 864 1784 921 Christi
1832 877 2055 937 accepto
2098 866 2224 923 facti

656 968 845 1008 sumus
878 955 1077 1024 templa
1112 956 1227 1021 Dei,
1273 956 1537 1026 redempti
1571 958 1833 1029 sanguine
1870 959 2040 1024 illius,
2066 960 2138 1014 ita
2170 969 2227 1015 ut

652 1043 767 1113 jam
798 1060 905 1100 non
942 1046 1081 1100 ultra
1126 1048 1179 1101 in
1226 1059 1410 1103 nostra
1454 1050 1692 1118 ipsorum
1730 1059 1997 1119 potestate
2033 1052 2225 1117 simus,

657 1151 834 1206 neque
883 1138 1038 1193 nobis
1088 1139 1217 1209 ipsis
1261 1141 1372 1209 jam
1423 1143 1655 1212 amplius
1696 1145 1960 1211 vivamus,
2010 1146 2103 1201 sed
2152 1147 2228 1201 illi

656 1227 749 1295 qui
804 1243 905 1283 nos
943 1240 1213 1286 mercatus
1253 1241 1335 1287 est
1369 1250 1383 1287 :
1418 1234 1684 1302 quomodo
1730 1236 2074 1305 perSpicuum
2121 1253 2227 1292 non

659 1328 744 1374 est
782 1319 1079 1384 Christum,
1118 1338 1212 1389 per
1238 1339 1397 1393 quem
1443 1325 1639 1393 templa
1672 1326 1764 1380 Dei
1795 1325 2078 1395 efﬁcimur,
2110 1329 2229 1383 cui-

660 1424 766 1482 que
789 1411 1012 1479 perinde
1045 1429 1108 1467 ac
1134 1414 1243 1470 Deo
1272 1415 1563 1483 servimus,
1590 1432 1775 1472 verum
1804 1433 1926 1475 esse
1953 1421 2160 1475 Deum?

739 1520 759 1553 ι
788 1502 861 1557 De
899 1504 1037 1559 escis
1079 1514 1284 1571 autem,
1329 1523 1448 1577 quae
1492 1509 1651 1565 idolis
1697 1511 2071 1580 immolantur,
2116 1515 2224 1569 sci-

663 1608 782 1648 mus
818 1594 940 1663 quia
977 1595 1108 1648 nihil
1141 1606 1224 1650 est
1258 1597 1458 1653 idolum
1501 1600 1554 1654 in
1590 1602 1807 1666 mundo,
1843 1613 1898 1657 et
1926 1605 2067 1673 quod
2109 1607 2230 1660 nul-

666 1683 748 1737 lus
771 1695 854 1738 est
882 1684 1043 1752 Dens,
1078 1687 1182 1742 nisi
1214 1704 1372 1743 unus.
1402 1689 1532 1743 Nam
1556 1692 1655 1745 etsi
1687 1702 1832 1756 sunt,
1868 1695 1958 1763 qui
1983 1696 2231 1752 dicantur

664 1776 760 1841 dii,
794 1778 907 1831 sive
942 1778 993 1832 in
1025 1779 1181 1845 coelo,
1220 1780 1334 1835 sive
1375 1783 1427 1835 in
1457 1790 1601 1836 terra
1656 1783 1943 1854 (siquidem
1992 1798 2120 1842 sunt
2157 1790 2229 1843 dii

667 1867 841 1933 multi,
865 1877 920 1922 et
950 1869 1152 1923 domini
1184 1871 1381 1940 multi),
1425 1874 1581 1929 nobis
1617 1883 1794 1930 tamen
1824 1892 1959 1933 unus
1982 1888 2063 1933 est
2092 1878 2232 1935 Deus

664 1957 846 2022 Pater,
876 1974 941 2013 ex
972 1975 1079 2028 quo
1108 1963 1314 2028 omnia,
1365 1973 1419 2018 et
1452 1979 1549 2019 nos
1588 1965 1641 2019 in
1669 1966 1847 2031 illum;
1876 1978 1929 2022 et
1960 1984 2095 2023 unus
2124 1970 2229 2025 Do-

664 2050 848 2104 minus
872 2049 1031 2106 Jesus
1066 2052 1339 2116 Christus,
1376 2070 1471 2123 per
1500 2070 1659 2124 quem
1690 2059 1892 2122 omnia,
1930 2070 1985 2113 et
2014 2075 2112 2115 nos
2138 2076 2234 2129 per

666 2137 842 2202 ipsum
867 2140 932 2193 ’³.
968 2159 986 2191 ›
1022 2140 1078 2194 Si
1120 2157 1261 2196 unus
1305 2144 1450 2199 solus
1483 2155 1566 2199 est
1596 2147 1755 2211 Deus,
1791 2158 1844 2203 et
1874 2149 2009 2205 alius
2041 2161 2235 2220 praeter

666 2226 815 2279 illum
860 2227 1069 2296 nullus;
1121 2235 1414 2289 assumitur
1476 2245 1653 2293 autem
1708 2238 1761 2291 in
1837 2255 1997 2294 unam
2063 2243 2234 2298 deita-

668 2316 735 2369 tis
800 2326 1047 2373 naturam
1125 2337 1262 2378 unus
1300 2324 1389 2379 ille
1433 2324 1587 2381 Jesus
1618 2327 1887 2392 Christus,
1930 2345 2027 2399 per
2074 2347 2232 2400 quem

664 2408 933 2461 exsistunt
965 2412 1142 2465 omnia
1184 2427 1198 2465 :
1248 2413 1389 2468 Deus
1452 2417 1635 2485 utique
1695 2420 1798 2473 erit
1845 2419 2119 2487 Christus,
2177 2432 2234 2478 ut

665 2497 756 2563 qui
802 2499 963 2552 etiam
1020 2508 1152 2565 tum,
1188 2518 1308 2557 cum
1359 2520 1425 2559 ex
1492 2508 1713 2563 muliere
1783 2519 1964 2577 natus,
2004 2512 2237 2581 appella-

666 2596 753 2640 tus
793 2599 873 2642 est
903 2588 1062 2646 Jesus
1101 2592 1373 2660 Christus,
1416 2595 1639 2651 immote
1684 2599 1735 2652 in
1780 2599 1955 2655 Patris
2006 2605 2237 2657 consub-

666 2679 1025 2734 stantialitate
1081 2685 1422 2739 subsisteret.
1474 2687 1528 2740 ld
1586 2689 1746 2741 etiam
1801 2690 2237 2748 animadvertere

664 2766 754 2821 hic
786 2768 930 2835 licet,
968 2787 1161 2842 nempe
1190 2774 1330 2843 quod
1357 2776 1536 2830 omnia
1563 2791 1657 2845 per
1688 2795 1853 2832 unum
1881 2780 2050 2845 illum,
2078 2794 2234 2850 quem

664 2856 846 2911 Jesum
899 2860 1168 2916 Christum
1226 2864 1336 2932 ipse
1376 2875 1570 2933 vocat,
1615 2876 1870 2938 tanquam
1922 2886 2018 2940 per
2070 2887 2234 2925 umtm

666 2944 862 2999 Filium
897 2952 1193 3004 secundum
1225 2952 1674 3022 dispensatoriam
1722 2958 1978 3013 unionem
2020 2959 2234 3013 condita

667 3052 789 3092 esse
821 3038 1067 3094 afﬁrmet.

2324 590 2382 643 ἐν
2416 591 2543 661 ὑμῖν
2580 590 2736 658 ἁγίου
2767 590 3082 660 Πνεύματός
3119 590 3285 653 ἐστιν,
3322 582 3382 643 οῦ
3416 590 3585 660 ἔχετε
3619 588 3734 641 ἀπὸ
3763 588 3905 656 Θεοῦ,

2325 682 2421 735 καὶ
2457 683 2557 736 οὐκ
2589 684 2711 738 ἐστὲ
2750 683 2994 748 ἑαυτῶνς
3036 683 3407 755 Ἥγοράσθητε
3438 684 3559 754 γὰρ
3594 681 3789 754 τιμῆς.
3819 686 3903 735 Δο-

2327 764 2525 838 aea-cs
2560 773 2622 845 δὴ
2655 773 2746 828 τὸν
2789 774 2921 828 Θεὸν
2970 776 3027 828 ὲν
3074 774 3152 845 τῷ
3200 773 3410 845 σώματι
3457 774 3653 844 ὑμῶν.
3694 792 3713 824 ι
3740 770 3743 771 ⁷
3768 773 3827 825 Εἰ
3852 774 3905 825 τὸ

2328 864 2553 936 Πνεῦμα
2576 864 2815 936 Χριστοῦ
2846 865 3122 932 λαϐόντες,
3147 867 3449 937 γεγόναμεν
3478 866 3615 920 ναοὶ
3646 863 3801 927 Θεοῦ,
3824 866 3903 918 καὶ

2326 955 2425 1007 οὐκ
2459 956 2625 1027 ἔσμεν
2654 955 2883 1023 ἑαυτῶν,
2919 956 3316 1027 ἁγορασθέντες
3359 956 3439 1027 τῷ
3472 958 3685 1027 αἵματι
3734 956 3902 1020 αὐτοῦ,

2325 1046 2399 1111 ὡς
2449 1048 2647 1118 μηκέτι
2691 1049 2793 1119 ζῇν
2824 1050 2972 1119 ἡμᾶς
3004 1050 3238 1114 ἑαυτοῖς,
3275 1047 3410 1102 ἀλλὰ
3457 1048 3545 1119 τῷ
3600 1047 3902 1118 πριαμένῳο

2329 1139 2448 1202 πῶς
2472 1141 2531 1193 οὐ
2562 1141 2694 1205 Θεὸς
2722 1142 2751 1193 6
2782 1141 3017 1213 Χριστὸς
3059 1143 3319 1213 ἐναργῶς,
3360 1143 3390 1195 6
3434 1141 3509 1194 δι’
3557 1141 3625 1193 ὂν
3670 1145 3766 1194 καὶ
3800 1140 3903 1193 ναοὶ

2328 1226 2463 1279 Θεοῦ
2499 1228 2666 1299 ὲσμεν
2696 1232 2878 1301 ἡμεῖς,
2906 1224 2951 1300 ᾧ
2980 1230 3075 1284 καὶ
3106 1231 3182 1292 ὡς
3209 1230 3327 1302 Θεῷ
3364 1230 3744 1302 δουλεύομεν;

2407 1558 2426 1591 ι
2450 1539 2587 1611 Περὶ
2600 1539 2700 1609 τῆς
2732 1538 2986 1611 βρώσεως
3012 1537 3106 1594 οὖν
3126 1540 3234 1595 τῶν
3267 1539 3669 1603 εἰδωλοθύτων,
3699 1540 3902 1610 οἴδαμεν

2330 1631 2409 1685 ὅτι
2448 1631 2600 1685 οὐδὲν
2633 1631 2850 1685 εἴδωλον
2889 1633 2947 1684 ὲν
2977 1633 3186 1703 κόσμῳ,
3221 1634 3312 1685 καὶ
3339 1633 3424 1686 ᾶτι
3455 1632 3645 1695 οὐδεὶς
3689 1631 3829 1698 Θεὸς,
3857 1634 3896 1685 εἰ

2335 1722 2409 1792 μὴ
2441 1715 2540 1785 εἷς.
2568 1720 2677 1775 Καὶ
2704 1721 2813 1792 γὰρ
2844 1722 3001 1793 εἰπερ
3035 1723 3142 1775 εἰσὶ
3156 1722 3438 1793 λεγόμενοι
3474 1722 3741 1787 θεοὶ,είτε
3754 1723 3807 1774 ἐν
3822 1723 3897 1774 οὐ·

2263 1857 2303 1910 Β
2337 1811 2501 1883 ρανῷ,
2549 1813 2658 1866 εἴτε
2710 1814 2803 1866 ἐπὶ
2845 1814 2947 1884 τῆς
2990 1814 3094 1886 γῆς
3138 1814 3348 1910 (ὧστῖερ
3405 1815 3521 1910 εᾼίσὶ
3547 1814 3673 1910 ’θεέ
3711 1813 3893 1910 aranei:

2334 1902 2429 1955 καὶ
2472 1901 2652 1975 κύριοι
2701 1902 2936 1975 πολλοὶ),
2982 1906 3112 1975 ἡμῖν
3142 1905 3199 1958 δὲ
3239 1902 3320 1968 εἷς
3355 1904 3493 1969 Θεὸς
3536 1906 3568 1957 6
3612 1904 3812 1975 Πατὴρ,
3846 1905 3897 1967 ἐξ

2332 1988 2394 2047 οὗ
2438 1994 2508 2047 τὰ
2551 1995 2749 2061 πάντα,
2782 1997 2878 2050 καὶ
2924 1996 3084 2065 ἡμεῖς
3128 1997 3210 2060 εἰς
3232 1996 3428 2050 αὐτόν·
3458 1997 3559 2049 καὶ
3594 1990 3678 2058 εἷς
3716 1995 3897 2065 Κύριος

2348 2084 2553 2154 Ἰησοῦς
2586 2087 2630 2138 Χ
2641 2086 2838 2157 ριστος,
2862 2087 2929 2140 δι’
2961 2080 3023 2141 οὗ
3047 2088 3115 2141 τὰ
3140 2087 3337 2153 πάντα,
3361 2088 3459 2142 καὶ
3489 2089 3656 2158 ἡμεῖς
3712 2087 3775 2139 δι’
3805 2088 3891 2139 αὑ-

2332 2175 2448 2230 τοῦ.
2482 2194 2500 2227 ι
2537 2177 2602 2231 Εἰ
2629 2178 2790 2246 μόνος
2816 2173 2897 2241 εἷς
2924 2181 3042 2231 ἐστι
3062 2178 3216 2243 Θεὸς,
3251 2179 3345 2232 xai.
3378 2179 3574 2250 ἕτερος
3601 2177 3731 2244 παρ’
3752 2176 3893 2231 αὐτὸν

2333 2267 2524 2334 οὐδεὶς,
2568 2269 3168 2340 συμπαραλαμϐάνεται
3188 2270 3245 2323 δὲ
3273 2271 3352 2333 είς
3381 2269 3485 2335 τὴν
3515 2270 3648 2338 μίαν
3675 2269 3767 2337 τῆς
3794 2268 3890 2321 θεό-

2332 2373 2493 2425 τητος
2516 2358 2676 2425 φύσιν
2703 2361 2731 2412 6
2753 2354 2833 2423 εἷς
2860 2360 3093 2431 Χριστὸς
3129 2360 3358 2433 Ἰησοῦς,
3406 2360 3477 2413 δι’
3507 2353 3574 2413 οὗ
3604 2360 3675 2412 τὰ
3702 2360 3889 2413 πάντα*

2334 2447 2465 2513 Θεὸς
2488 2444 2581 2501 οὖν
2605 2447 2713 2520 ἄρα
2739 2450 2889 2501 ἐστὶν
2921 2452 2978 2503 ὲν
3007 2451 3384 2521 όμοουσιότητι
3407 2450 3507 2502 τοῦ
3542 2449 3751 2519 [ἰατρὸς
3769 2448 3887 2500 vomi-

2338 2556 2497 2609 μενος
2521 2539 2736 2603 θεϊκῶς,
2757 2541 2851 2595 κα)⁵
2875 2541 2963 2593 ὅτε
2986 2558 3156 2613 κεχρη
3167 2542 3393 2611 μάτικεν
3422 2540 3639 2612 Ἰησοῦς
3659 2539 3889 2610 Χριστὸς.

2335 2630 2623 2699 γενόμενος
2668 2633 2732 2684 ὲκ
2785 2633 3062 2697 γυναικός.
3131 2634 3498 2703 Ἐπιτηρῆσαι
3554 2633 3614 2686 δὲ
3657 2631 3778 2703 χρὴ,
3818 2632 3888 2683 ὅτι

2335 2720 2567 2790 Χριστὸν
2607 2720 2811 2792 Ἰησοῦν
2849 2723 3142 2792 ὀνομάσας,
3182 2722 3248 2776 δι’
3284 2722 3452 2775 αὐτοῦ
3504 2723 3575 2776 τὰ
3616 2723 3784 2775 πάντα
3810 2736 3889 2787 γε·

2337 2810 2523 2863 νέσθαι
2556 2813 2743 2884 φησιν,
2774 2812 2849 2877 ὡς
2881 2812 2998 2877 ἑνὸς
3031 2813 3182 2876 ὄντος
3210 2813 3342 2867 Υίοῦ
3376 2814 3503 2869 καθ’
3537 2814 3727 2869 ἕνωσιν
3760 2813 3884 2868 οίκοο

2336 2902 2588 2973 νομικὴν.

745 3147 763 3178 ι
798 3128 1016 3196 Factus,
1063 3132 1259 3200 inquit,
1305 3149 1423 3189 sum
1468 3136 1536 3191 iis
1574 3138 1664 3205 qui
1716 3138 1838 3194 sine
1880 3141 2001 3211 lege
2054 3156 2233 3209 erant,

745 3234 928 3244 ιιι--.....-
966 3222 1078 3244 -ξ--
1133 3224 1244 3244 1-..-
1290 3239 1397 3244 Α---
1427 3241 1451 3244 ,4
1559 3242 1570 3244 -
1733 3230 1745 3242 ο
1856 3232 1868 3244 ι
1997 3235 2032 3244 -ι
2076 3236 2088 3244 .

2415 3178 2435 3211 ι
2492 3160 2807 3231 Ἐγενόμην,
2850 3165 3003 3233 φησὶ,
3050 3166 3161 3227 τοίς
3211 3165 3430 3235 ἀνόμοις
3468 3166 3547 3229 ὡς
3584 3166 3789 3235 ἄνομος,
3821 3163 3886 3233 μή

671 3229 930 3288 tanquam
964 3222 1080 3275 sine
1132 3224 1248 3292 lege
1284 3239 1456 3279 essem
1485 3268 1499 3292 ,
1546 3242 1667 3282 cum
1703 3230 1821 3284 sine
1854 3232 1969 3302 lege
1997 3235 2088 3289 Dei
2135 3252 2235 3291 non

2344 3246 2420 3301 ὢν
2463 3222 2663 3321 ἄνομος
2682 3222 2829 3321 ’Θὲῴ,
2862 3222 2999 3305 ’ἀλλ”
3036 3222 3257 3323 ἔννομος
3294 3222 3542 3325 Χριστῷῖ
3588 3274 3607 3307 ι
3640 3222 3701 3307 El

670 3326 870 3376 essent,
923 3313 1016 3366 scd
1068 3314 1119 3366 in
1163 3313 1281 3381 lege
1314 3330 1490 3370 essem
1537 3317 1741 3373 Christi
1767 3321 1827 3373 ³⁸.
1864 3341 1883 3374 ι
1940 3323 1997 3378 Si
2043 3324 2240 3382 Christi

670 3401 844 3469 legem
882 3403 1109 3467 habens,
1142 3403 1235 3460 Dei
1276 3404 1445 3477 legem
1480 3408 1663 3477 habet,
1692 3414 1963 3481 quomodo
1997 3416 2243 3474 Christus

671 3507 780 3546 non
811 3500 895 3547 est
924 3493 1104 3549 Deus?

748 3600 767 3633 ι
796 3580 922 3638 Siue
966 3584 1264 3641 offensione
1310 3596 1483 3643 estote
1509 3587 1710 3646 Judaeis
1759 3602 1813 3648 et
1868 3596 2141 3665 gentibus,
2189 3608 2243 3653 et

671 3672 928 3731 Ecclesia:
968 3675 1060 3731 Dei
1088 3678 1151 3732 ”.
1184 3696 1204 3731 ι
1248 3680 1482 3736 Adverte
1530 3683 1617 3738 hic
1653 3699 1900 3753 rursum,
1942 3690 2083 3757 quod
2122 3706 2241 3745 eam

675 3764 997 3833 Ecclesiam,
1055 3784 1216 3837 quam
1265 3769 1360 3827 Dei
1410 3773 1512 3829 hoc
1565 3774 1686 3830 loco
1742 3777 1995 3848 appellat,
2042 3779 2243 3836 Christi

673 3873 796 3912 esse
828 3859 1112 3928 intelligat.

751 3969 771 4002 ι
798 3950 933 4005 Volo
971 3965 1153 4007 autem
1180 3969 1278 4008 vos
1328 3955 1493 4019 scire,
1546 3958 1688 4027 quod
1727 3962 1904 4016 omnis
1945 3962 2042 4016 viri
2085 3974 2246 4032 caput

672 4040 921 4096 Christus
949 4052 1053 4108 est,
1086 4055 1248 4114 caput
1294 4056 1477 4101 autem
1511 4050 1753 4105 mulieris
1784 4052 1896 4119 vir;
1931 4064 2091 4123 caput
2116 4070 2246 4110 vero

672 4128 873 4183 Christi
909 4130 1049 4187 Deus
1070 4132 1137 4185 ’⁸.
1173 4152 1192 4185 ι
1229 4133 1429 4190 Beatus
1464 4134 1640 4192 Lucas
1671 4140 1794 4192 dum
1818 4140 2020 4197 Christi
2052 4158 2247 4213 genea-

673 4217 872 4288 logiam
902 4223 1058 4289 texit,
1088 4238 1116 4275 a
1149 4223 1347 4294 Joseph
1385 4241 1647 4290 exorsus,
1685 4230 1941 4298 paulatim
1971 4234 2036 4286 ad
2074 4232 2244 4288 Adam

674 4324 848 4378 usque
897 4314 1162 4380 ascendit,
1219 4331 1282 4370 ac
1328 4317 1544 4373 tandem
1584 4319 1749 4374 infert
1778 4339 1792 4374 :
1820 4321 1923 4386 Qui
1969 4323 2069 4391 fuit
2108 4324 2245 4389 Dei,

673 4400 850 4467 ipsum
896 4404 1149 4458 nimirum
1180 4419 1480 4463 creatorem
1518 4409 1685 4468 Deum
1719 4413 1972 4484 principii
2004 4414 2122 4469 loco
2152 4418 2247 4471 lto-

2345 3339 2471 3393 στοῦ
2510 3341 2672 3411 νόμον

2342 3431 2572 3503 Χριστός
2594 3449 2611 3499 ;

2716 3343 2874 3413 ἔχων,
2909 3344 3070 3414 νόμον
3105 3344 3218 3415 ἔχει
3257 3345 3416 3413 Θεοῦ,
3458 3346 3581 3410 πῶς
3622 3346 3681 3398 οὐ
3721 3344 3836 3406 Θεὸς
3863 3343 3889 3393 ὁ

2420 3626 2439 3661 ι
2495 3608 2856 3678 Ἀπρόσκοποι
2907 3609 3001 3662 καὶ
3051 3608 3323 3671 Ἰουδαίοις
3361 3608 3599 3676 γίνεσθε,
3646 3607 3736 3660 καὶ
3777 3604 3883 3656 Ἕλ-

2342 3696 2488 3768 λησι,
2519 3699 2612 3751 καὶ
2633 3699 2698 3768 τῇ
2750 3698 3043 3770 Ἐκκλησία
3072 3699 3167 3752 τοῦ
3199 3698 3354 3752 Θεοῦ.
3393 3716 3412 3748 ι
3450 3698 3795 3770 Σημειωτέον,
3815 3696 3882 3745 ὅτι

2344 3785 2479 3838 Θεοῦ
2508 3786 2683 3854 λέγων
2720 3788 2819 3857 τὴν
2878 3788 3227 3859 Ἐκκλησίαν,
3276 3787 3519 3859 Χριστοῦ
3564 3786 3721 3842 πάλιν
3765 3780 3882 3837 οἶδεν

2346 3876 2534 3947 αὑτήν.

2423 3988 2441 4020 ι
2487 3970 2636 4023 Θέλω
2673 3970 2729 4024 δὲ
2756 3970 2902 4041 ὑμᾶς
2930 3970 3152 4035 εἰδέναι,
3184 3973 3267 4025 ὃτι
3298 3973 3497 4038 παντὸς
3533 3971 3718 4043 ἀνδρὸς
3748 3971 3775 4037 ἠ
3803 3982 3880 4019 κί-

2346 4058 2489 4129 φαλὴ
2518 4061 2546 4112 6
2572 4059 2805 4129 Χριστός
2842 4061 2990 4113 ἐστι’
3022 4060 3232 4131 κεφαλὴ
3274 4061 3331 4114 δὲ
3363 4063 3643 4130 γυναικὸς,
3669 4063 3697 4113 6
3736 4057 3879 4125 ἀνήρ’

2347 4150 2556 4222 κεφαλὴ
2580 4151 2635 4203 δὲ
2664 4150 2924 4222 Χριστοῦ,
2953 4154 2982 4205 6
3033 4153 3184 4215 Θεός.
3222 4171 3240 4204 ι
3292 4154 3349 4207 Ὁ
3388 4156 3657 4223 μακάριος
3697 4148 3881 4208 Λουκᾶς

2345 4242 2445 4311 τὴν
2477 4242 2604 4312 περὶ
2630 4240 2867 4313 Χριστοῦ
2892 4241 3244 4311 γενεαλογίαν
3272 4245 3403 4315 ἡμῖν
3438 4244 3720 4306 συντιθεὶς,
3749 4241 3878 4310 ἄρχε·

2342 4346 2436 4381 ται
2467 4328 2567 4399 μὲν
2600 4329 2707 4382 ἀπὸ
2734 4328 2827 4382 τοῦ
2861 4329 3079 4401 Ἰωσὴφ,
3107 4330 3226 4384 εἶτα
3252 4333 3465 4400 φθάσας
3488 4334 3579 4385 ἐπὶ
3601 4332 3687 4385 τὸν
3717 4328 3876 4395 Ἀδάμ,

2348 4422 2618 4492 ἐπιφέρει,
2654 4421 2852 4489 λέγων,
2906 4423 3018 4477 Τοῦ
3056 4423 3239 4479 Θεοῦο
3294 4426 3469 4496 ἀρχὴν
3517 4425 3597 4494 τῷ
3644 4420 3879 4491 ἀνθρώπῳ

674 4491 809 4545 mini
854 4494 1135 4563 assignans
1162 4497 1225 4550 ³⁷.
1277 4497 1403 4553 Pari
1464 4501 1646 4570 itaque
1702 4503 1863 4559 modo
1906 4507 2084 4561 omnis
2142 4508 2235 4563 viri

2347 4491 2528 4577 τιθεὶς
2547 4516 2638 4568 τὸν
2667 4516 2970 4587 ποιήσαντα
3003 4515 3157 4569 Θεὸν.
3198 4491 3550 4579 Οὕτωςτεῐναί
3569 4491 3751 4585 -φαμεν
3773 4526 3879 4562 παν-

674 4593 839 4654 caput
874 4582 1146 4640 Christum
1178 4587 1501 4657 definimus;
1544 4608 1639 4661 per
1670 4595 1842 4663 ipsum
1878 4598 2019 4652 enim
2051 4600 2242 4653 condi-

674 4688 762 4731 tus
792 4686 845 4731 et
876 4678 943 4731 ad
998 4689 1177 4734 ortum
1209 4690 1429 4735 evectus
1457 4692 1537 4737 est
1567 4701 1584 4737 :‘
1620 4700 1725 4739 non
1758 4689 1901 4755 quod
1944 4688 2038 4742 Dei
2072 4688 2245 4745 Filius

674 4772 970 4828 creationis
1003 4772 1148 4829 illius
1177 4776 1598 4832 instrumentum
1628 4780 1711 4835 vel
1744 4782 1993 4837 minister
2018 4784 2244 4838 exstite—

673 4864 775 4931 rit;
818 4866 910 4919 sed
948 4865 1090 4935 quod
1122 4876 1375 4938 tanquam
1419 4872 1678 4927 naturalis
1714 4888 1892 4928 rerum
1933 4873 2125 4944 Opifex
2162 4876 2241 4930 di-

672 4956 798 5010 vina
831 4957 1028 5013 virtute
1057 4959 1203 5014 illum
1229 4962 1564 5031 produxerit.
1592 4966 1769 5031 Caput
1789 4976 1972 5021 autem
2002 4968 2243 5023 mulieris

673 5056 758 5101 est
792 5048 907 5113 vir,
944 5051 1382 5122 quandoquidem
1421 5071 1487 5111 ex
1523 5072 1688 5112 carne
1712 5058 1853 5112 illius
1881 5071 2092 5127 sumpta
2137 5068 2240 5126 est,

675 5139 963 5210 ipsumque
1009 5150 1266 5212 tanquam
1298 5146 1567 5215 quoddam
1599 5148 1710 5220 64
1732 5151 1811 5204 sui
1862 5150 2074 5205 initium
2110 5166 2243 5205 sor-

672 5231 771 5285 tita
811 5240 916 5287 est.
963 5232 1139 5303 Caput
1173 5236 1359 5292 itidem
1398 5238 1595 5295 Christi
1632 5243 1776 5298 Deus
1808 5251 1892 5298 est
1922 5262 1934 5296 :
1970 5243 2233 5312 siquidem

2343 4605 2436 4669 τὸς
2464 4606 2654 4675 ἀνδρὸς
2693 4606 2931 4676 κεφαλὴν
2962 4606 3053 4660 τὸν
3084 4607 3315 4676 Χριστόν
3340 4624 3352 4637 ·
3384 4608 3670 4676 πεποίηται
3700 4602 3795 4672 γὰρ
3822 4598 3876 4650 δι’

2347 4695 2533 4761 αὐτοῦ,
2562 4698 2657 4751 καὶ
2691 4698 2945 4769 παρήχθη
2993 4697 3131 4769 πρὸς
3160 4699 3408 4766 γένεσιν·
3448 4699 3547 4769 οὐχ
3573 4691 3877 4765 ὑπουργικιῖκ

2346 4788 2623 4852 κτίζοντος
2654 4789 2815 4842 αὑτὸν
2843 4790 2934 4843 τοῦ
2983 4792 3138 4857 Υίοῦ,
3171 4790 3500 4862 θεουργικῶς
3531 4792 3558 4830 ιι
3600 4791 3654 4843 δὲ
3690 4784 3873 4858 μᾶλλον,

2347 4878 2423 4941 ὡς
2458 4879 2618 4948 φύσει
2652 4883 3017 4952 Δημιουργοῦ.
3053 4883 3278 4954 Κεφαλὴ
3323 4885 3379 4937 δὲ
3415 4884 3665 4951 γυναικὸς
3690 4882 3715 4932 ὁ
3742 4875 3869 4943 Mf”

2348 4970 2429 5023 ὅτι
2470 4972 2532 5024 ὲκ
2560 4972 2656 5042 τῆς
2704 4975 2901 5043 σαρκὸς
2941 4976 3107 5029 αὑτοῦ
3155 4976 3384 5046 ἐλήφθη,
3416 4974 3510 5028 καὶ
3540 4974 3693 5029 αὑτὸν
3720 4970 3869 5033 ὥσπερ

2350 5062 2463 5131 ἔχει
2499 5063 2597 5133 τὴν
2642 5066 2836 5136 ἀρχήνο
2882 5068 3109 5138 Κεφαλιὶνι
3143 5069 3200 5122 δὲ
3236 5070 3436 5138 ὁμοίως
3480 5068 3576 5121 τοῦ
3606 5060 3811 5136 Χριστοῦ
3849 5059 3872 5107 ὁ

2349 5153 2502 5219 Θεὸς,
2541 5156 2621 5207 ὅτι
2667 5156 2725 5219 ἐξ
2754 5157 2919 5211 αὐτοῦ
2959 5160 3099 5213 κατὰ
3138 5160 3328 5229 φύσινο
3381 5159 3696 5230 γεγέννηται
3735 5148 3868 5219 γάρὸ

2347 5245 2515 5313 Λόγος
2547 5248 2610 5300 ὲκ
2639 5253 2731 5300 τοῦ
2765 5250 2899 5304 Θεοῦ
2930 5251 3023 5305 καὶ
3061 5253 3291 5323 Πατρός.
3326 5248 3458 5305 Εἶτα
3492 5251 3608 5315 πῶς
3636 5250 3692 5303 οὐ
3716 5240 3867 5303 Θεὸςδ

745 5397 1119 5489 “,gcor-vx.
1165 5398 1377 5465 19,20.
1455 5398 1844 5477 mecum,
1887 5400 2004 5456 λεδ.
2082 5401 2235 5458 ιιι(

2362 5419 2437 5469 IX.
2471 5405 2561 5460 21-
2638 5406 2684 5437 ³⁸
2720 5406 2739 5460 Ι
2768 5408 2894 5464 Cor.
2919 5425 2972 5474 ι,
3000 5407 3090 5465 52.
3166 5410 3211 5442 ’⁸
3244 5408 3409 5465 lCor.
3444 5425 3543 5476 xu,
3574 5408 3624 5462 3.
3691 5406 3727 5437 "
3758 5400 3861 5456 Luc-

558 5468 561 5477 '
675 5482 761 5531 Ill,
787 5467 873 5523 58.

1761 5628 1935 5685 Varia
1961 5627 2216 5687 lectiones
2250 5633 2454 5690 codicis
2488 5634 2840 5707 Seguicriani.

738 5754 767 5801 κ
794 5754 1009 5825 θεῖχῶς.
