4146 6472
329 368 352 422 ι
365 365 468 421 2237

1424 356 1511 412 DE
1551 356 1777 411 RECTA
1818 354 1973 409 FlDE
2014 352 2105 408 AD
2149 348 2474 406 REGINAS.

3441 339 3575 394 12⁵38

323 480 580 548 Χριστὸς,
624 471 686 533 οῦ
722 477 931 548 κεφαλὴ
960 477 1196 531 τέθειται
1245 475 1384 531 κατὰ
1418 475 1580 545 φύσιν
1606 476 1634 527 6
1669 474 1898 544 Πατήρ;

2015 470 2329 526 naturaliter
2380 482 2445 523 ex
2496 466 2614 535 ipso
2657 469 2762 517 est.
2812 459 3043 517 Verbum
3092 477 3324 532 namque
3363 476 3428 514 ex
3471 460 3578 514 Deo

324 572 561 644 Χριστὸν
590 572 647 625 δὲ
683 572 811 625 ὅταν
838 570 1074 638 λέγοιμι.
1126 570 1184 621 ὲν
1217 566 1532 639 ἀνθρωπεία
1576 567 1758 637 μορφῇ
1800 580 1897 616 πε-

327 666 537 736 φηνότα
562 664 653 717 τὸν
680 662 815 717 Θεοῦ
846 662 1014 730 Λόγον
1046 659 1231 714 ὲννοῶ.

2006 571 2063 616 et
2100 560 2261 615 Patre
2306 556 2545 628 genitqu
2592 560 2694 608 est.
2739 551 2857 606 Jam
2894 568 2999 622 qua
3056 554 3267 608 ratione
3309 551 3576 613 Christus,

2008 653 2162 721 cuius
2219 657 2384 720 caput
2427 646 2723 703 secundum
2775 653 3021 698 naturam
3063 645 3270 713 positus
3322 651 3407 697 est
3441 642 3579 695 Deus

334 757 522 821 l’ater,
563 771 666 810 non
691 755 795 811 erit
829 754 1167 810 Deus?Cum
1189 761 1371 809 autem
1406 752 1683 808 Christum
1709 748 1940 819 appello,
1982 745 2073 801 Dei
2107 743 2283 799 Patris
2329 740 2563 796 Verbum
2614 736 2881 806 intelligo,
2914 736 3058 806 quod
3112 737 3166 790 in
3202 736 3435 790 humana
3478 750 3578 789 ua-

344 860 467 901 tura
502 847 774 916 apparuit.

406 960 425 992 ι
471 940 562 993 Διὸ
589 938 843 1011 γνωρίζω
873 937 1023 1009 ὑμῖν,
1053 939 1133 993 ὅτι
1158 936 1333 1003 οὐδεὶς
1361 938 1420 991 ὲν
1462 936 1742 1006 Πνεύματι
1764 932 1901 988 Θεοῦ

326 1031 530 1097 λαλῶν,
560 1030 708 1099 λέγει
754 1029 1002 1099 ἀνάθεμα
1042 1030 1248 1100 Ἰησοῦν
1272 1044 1286 1059 ·
1337 1030 1431 1082 καὶ
1462 1028 1636 1091 οὐδεὶς
1683 1026 1905 1080 δύναται

328 1125 525 1187 εἰπεῖν,
562 1122 766 1190 Κύριος
819 1120 1046 1190 Ἰησοῦς,
1094 1123 1143 1174 εἰ
1195 1121 1269 1192 μὴ
1318 1121 1376 1173 ὲν
1427 1118 1703 1191 Πνεύματι
1743 1118 1902 1187 ἁγίῳ.

329 1212 631 1285 Διαιρέσεις
658 1212 715 1265 δὲ
739 1210 1095 1281 χαρισμάτων
1123 1212 1250 1277 εἰσὶ,
1302 1211 1364 1264 τὸ
1397 1210 1454 1262 δὲ
1490 1209 1621 1261 αὐτὸ
1644 1207 1865 1279 Πνεῦμα
1885 1223 1899 1237 ο

330 1305 427 1357 καὶ
463 1302 755 1374 διαιρέσεις
804 1300 1087 1355 διακονιῶν
1129 1302 1285 1365 εἰσιν,
1318 1302 1345 1353 6
1378 1300 1434 1353 δὲ
1460 1298 1623 1361 αὐτὸς
1661 1298 1900 1368 Κύριος⁸

329 1396 427 1449 καὶ
475 1392 766 1465 διαιρέσεις
812 1392 1204 1463 ἐνεργημάτων
1233 1390 1393 1456 εἰσὶν,
1425 1392 1454 1444 6
1497 1389 1554 1444 δὲ
1584 1389 1746 1450 αὐτὸς
1773 1386 1905 1451 Θεὸς

328 1490 357 1539 ὁ
384 1485 623 1559 ἐνεργῶν
663 1485 780 1537 ἐστι
818 1483 887 1538 τά
915 1484 1090 1538 πάντα
1127 1486 1185 1537 ὲν
1216 1485 1401 1537 πᾶσιν.
1447 1502 1466 1534 ι
1511 1482 1573 1534 Ei
1608 1481 1670 1534 τὸ
1703 1480 1902 1549 λέγειν,

329 1582 414 1633 ὅτι
444 1579 543 1631 οὐκ
586 1577 702 1630 ἔστι
730 1576 890 1646 φύσει
928 1577 1023 1630 καὶ
1063 1575 1291 1648 ἀληθείᾳ
1317 1574 1449 1637 Θεὸς
1478 1578 1506 1628 6
1531 1572 1787 1644 Χριστὸς,
1819 1572 1908 1624 οὐ·

328 1673 420 1724 ὁὲν
448 1669 633 1741 ἕτερόν
664 1669 831 1734 ἐστιν,
872 1667 906 1739 ἢ
947 1669 1121 1721 εἰπεῖν
1148 1666 1395 1737 ἀνάθεμα
1435 1665 1674 1737 Ἰησοῦν,
1723 1664 1759 1717 ἀ
1816 1662 1909 1715 ὲκ-

333 1761 622 1821 δάλλοντες
646 1760 809 1815 αὑτὸν
835 1759 929 1812 τοῦ
956 1757 1094 1811 εἶναι
1124 1758 1265 1812 κατά
1288 1756 1548 1829 ἀλήθειαν
1585 1753 1783 1825 Ἰησοῦ,
1808 1752 1909 1806 οὐκ

2086 953 2104 985 ι
2139 928 2265 987 Ideo
2299 935 2483 983 notum
2514 924 2667 981 vobis
2711 921 2869 984 facio,
2906 920 3047 989 quod
3091 932 3249 973 nemo
3278 918 3330 971 itt
3377 918 3582 986 Spiritu

2006 1022 2103 1079 Dei
2149 1021 2397 1091 loquens,
2429 1017 2557 1072 dicit
2595 1017 2884 1069 anathema
2912 1010 3037 1065 Jesu
3068 1028 3081 1064 :
3114 1019 3168 1063 et
3218 1024 3376 1063 nemo
3406 1018 3581 1077 potest

2007 1115 2214 1176 dicere,
2253 1110 2514 1165 Dominus
2542 1107 2725 1169 Jesus,
2763 1105 2868 1160 nisi
2912 1104 2965 1158 in
3006 1102 3214 1171 Spiritu
3244 1110 3450 1154 sancto.
3490 1100 3584 1153 Di-

2006 1204 2251 1259 visiones
2301 1214 2430 1254 vero
2479 1198 2777 1268 gratiarum
2809 1202 2957 1257 sunt,
3006 1192 3150 1247 idem
3195 1202 3373 1246 autem
3410 1191 3583 1261 Spiri-

2010 1306 2096 1350 tus
2126 1312 2140 1349 :
2168 1301 2222 1349 et
2267 1291 2565 1347 divisiones
2607 1286 3068 1341 ministrationum
3108 1291 3254 1346 sunt,
3306 1282 3445 1335 idem
3483 1297 3585 1333 au-

2011 1396 2117 1441 tem
2178 1381 2482 1436 Dominus:
2526 1387 2582 1432 et
2639 1376 2936 1431 divisiones
2999 1374 3376 1445 operationum
3429 1382 3581 1433 sunt,

2012 1476 2153 1531 idem
2205 1488 2335 1527 vero
2384 1472 2551 1537 Deus,
2615 1469 2708 1538 qui
2753 1475 3016 1536 operatur
3063 1465 3243 1519 omnia
3295 1464 3347 1517 in
3403 1462 3583 1516 omni-

2017 1565 2119 1620 bus
2144 1563 2213 1618 ’⁸.
2244 1582 2262 1615 ο
2302 1562 2447 1616 Sane
2487 1562 2532 1616 si
2585 1559 2721 1613 nihil
2769 1557 2913 1612 aliud
2962 1564 3045 1611 est
3092 1555 3272 1610 dicere
3309 1553 3583 1608 Christum

2011 1671 2118 1711 non
2161 1668 2283 1709 esse
2324 1667 2511 1706 verum
2543 1659 2596 1705 et
2637 1648 2940 1704 naturalem
2982 1644 3168 1709 Deum,
3203 1660 3363 1715 quam
3401 1645 3587 1698 dicere

2009 1748 2294 1801 anathema
2325 1741 2509 1799 Jesum
2541 1782 2556 1808 ,
2590 1742 2683 1811 qui
2723 1740 2875 1794 illum
2924 1738 3099 1808 reipsa
3128 1735 3312 1791 Jesum
3352 1749 3473 1791 esse
3502 1737 3584 1788 iu-

333 1853 393 1903 ἐν
433 1849 574 1919 ἁγίῳ
613 1847 891 1919 Πνεῦματι
928 1846 1089 1901 τοῦτο
1131 1846 1365 1900 ποιοῦσιο
1425 1848 1517 1900 καὶ
1556 1847 1604 1898 εἰ
1656 1843 1755 1907 τὰς
1800 1841 1910 1897 τῶν

2016 1835 2288 1897 ficiuntur,
2336 1831 2411 1887 illi
2445 1831 2633 1900 utique
2677 1830 2730 1883 in
2773 1829 2976 1898 Spiritu
3006 1836 3198 1883 sancto
3229 1826 3371 1881 istud
3412 1826 3586 1880 neuti»

335 1940 691 2012 χαρισμάτων
720 1938 1016 2009 διαιρέσεις
1042 1937 1172 1990 ποτὲ
1202 1936 1302 2006 μὲν
1331 1936 1573 2006 ἐνεργεῖν
1610 1933 1669 1988 τὸ
1685 1932 1911 2003 Πνεῦμὰ

334 2048 489 2099 φησι,
520 2029 649 2083 ποτὲ
686 2028 745 2080 δὲ
772 2028 866 2081 τὸν
906 2025 1069 2080 αὑτὸν
1101 2026 1324 2097 Κύριον,
1354 2026 1484 2079 ποτὲ
1523 2025 1580 2077 δὲ
1624 2024 1715 2077 τὸν
1747 2022 1910 2079 αὐτὸν

333 2119 501 2182 Θεὸν,
551 2113 691 2171 οἶδεν
729 2116 836 2187 ἄρα
886 2115 1018 2169 Θεὸν
1052 2115 1184 2167 ὅντα
1230 2114 1486 2185 Χριστὸν,
1532 2114 1623 2167 τὸν
1656 2115 1731 2177 ὼς
1778 2112 1913 2168 Θεὸν

334 2207 662 2280 ἐνεργοῦντα
688 2207 777 2261 διά
805 2204 899 2258 τοῦ
940 2205 1276 2276 Πνεύματος,
1306 2205 1400 2258 καὶ
1431 2205 1506 2268 ὠς
1536 2203 1743 2274 Κύριον
1771 2201 1913 2257 κατὰ

338 2299 501 2369 φύσιν
534 2298 861 2368 διανέμοντα
903 2299 1020 2369 μετ’
1054 2297 1323 2362 ἐξουσίας,
1364 2298 1551 2367 ὥσπερ
1597 2295 1665 2348 ἂν
1715 2295 1909 2361 ἕλοιτο,

334 2391 434 2450 τὰς
476 2388 682 2442 ἀνωθεν
709 2387 935 2460 δωρεάς.
975 2386 1366 2457 Μνημονεῦσαι
1407 2387 1463 2440 δὲ
1498 2387 1597 2451 δεῖ,
1630 2387 1713 2440 ὅτι
1761 2387 1852 2439 καὶ
1884 2387 1912 2439 6

339 2479 551 2542 Παῦλος
591 2478 694 2549 ἔφη
730 2479 859 2549 περὶ
890 2478 1147 2549 Χριστοῦ,
1192 2478 1267 2543 ὡς
1315 2479 1708 2552 ὲνεργήσαντος
1743 2479 1910 2533 αὐτοῦ

335 2572 395 2624 ὲν
422 2570 648 2641 δυνάμει
683 2569 998 2642 Πνεύματος
1030 2569 1208 2640 ἁγίου·

412 2824 434 2859 ι
477 2806 587 2859 Καὶ
621 2805 716 2869 οὓς
742 2806 841 2878 μὲν
870 2807 1022 2861 ἔθετο
1049 2810 1077 2863 6
1100 2808 1233 2873 Θεὸς
1258 2810 1316 2862 ἐν
1341 2812 1406 2882 τῇ
1445 2812 1740 2885 Ἐκκλησία
1770 2814 1913 2885 πριῗ»⁴

337 2914 431 2950 τον
461 2899 810 2963 ἀποστόλους,
838 2898 1088 2972 δεύτερον
1118 2904 1421 2973 προφήτας,
1451 2904 1631 2976 τρίτον
1658 2905 1912 2962 διδασκά-

339 2987 484 3053 λους,
508 2989 696 3043 ἔπειτα
715 2988 995 3061 δυνάμεις,
1019 2988 1138 3045 εἶτα
1166 2992 1215 3032 k‘
1240 2993 1554 3065 χαρίσματα
1590 2995 1857 3067 ίαμάτων.
1884 3016 1903 3051 ι

340 3077 475 3131 Θεοῦ
514 3079 806 3149 λεγομένου
847 3080 1022 3135 ταῦτα
1068 3081 1386 3152 κατορθοῦν,
1419 3086 1653 3154 Χριστὸς
1699 3089 1728 3140 6
1758 3089 1911 3158 ὲνερ·

2010 1939 2172 1993 quam
2227 1921 2456 1977 faciunt.
2519 1920 2757 1975 Rursum
2830 1919 2876 1973 si
2936 1918 3235 1987 gratiarum
3291 1915 3585 1970 divisiones

2011 2014 2287 2069 interdum
2350 2012 2640 2082 Spiritum,
2700 2022 3085 2076 nonnunquam
3142 2022 3270 2061 vero
3330 2006 3578 2060 eumdem

2017 2103 2336 2169 Dominum,
2374 2099 2667 2171 aliquando
2698 2108 2880 2152 autem
2908 2097 3155 2152 eumdem
3180 2096 3344 2149 Deum
3372 2092 3586 2162 operari

2010 2197 2322 2267 proﬁtetur,
2357 2194 2636 2250 Christum
2672 2205 2805 2261 ergo
2852 2191 3018 2244 Deum
3064 2203 3183 2244 esse
3213 2202 3317 2241 non
3352 2188 3586 2256 ignorat,

2010 2287 2103 2356 qui
2137 2302 2238 2357 per
2263 2284 2529 2354 Spiritum
2554 2291 2810 2352 operetur
2841 2290 2899 2335 ut
2929 2280 3091 2345 Deus,
3120 2280 3320 2349 quique
3347 2277 3586 2332 cmlestia

2011 2377 2195 2440 dona,
2245 2373 2665 2444 quibuscunque
2715 2381 2768 2425 et
2812 2373 3297 2440 quomodocunque
3336 2368 3583 2432 voluerit,

2013 2477 2273 2536 tanquam
2314 2474 2512 2518 natura
2561 2462 2824 2517 Dominus
2866 2476 2971 2514 non
3021 2460 3227 2527 absque
3264 2456 3589 2512 auctoritate

2011 2556 2326 2613 distribuat.
2353 2554 2507 2621 Quod
2531 2561 2707 2606 autem
2744 2550 2993 2605 Christus
3040 2548 3093 2602 in
3122 2550 3324 2603 virtute
3357 2546 3590 2615 Spiritus

2012 2649 2192 2703 sancti
2224 2657 2502 2716 operetur,
2541 2644 2592 2699 id
2633 2641 2829 2696 Paulus
2867 2643 2933 2695 de
2968 2655 3031 2695 eo
3059 2640 3282 2708 loquens
3326 2636 3584 2705 ejusmodi

2009 2739 2257 2795 oratione
2287 2736 2540 2804 deinceps
2573 2733 2825 2802 explanat
2863 2748 2877 2784 :

2088 2850 2107 2882 ‹
2140 2828 2434 2896 Quosdam,
2468 2825 2662 2895 inquit,
2690 2824 2870 2893 posuit
2893 2826 3033 2880 Deus
3075 2822 3128 2878 in
3178 2807 3441 2883 Ecclesia,
3478 2818 3591 2887 pri-

2013 2929 2159 2969 mum
2205 2914 2500 2980 apostolos,
2548 2910 2786 2965 secundo
2824 2909 3137 2979 prophetas,
3197 2907 3359 2961 tertio
3399 2904 3585 2958 docto-

2015 3018 2123 3068 res,
2146 3001 2337 3058 deinde
2361 3001 2587 3057 virtutes
2618 3041 2634 3067 ,
2663 3001 2857 3055 exinde
2887 2999 3089 3069 gratias
3115 2997 3453 3051 curationum
3472 2992 3537 3046 ¹⁹.
3564 3011 3585 3043 ι

2013 3092 2149 3148 Cum
2208 3092 2349 3146 Deus
2426 3090 2615 3145 isthzec
2677 3089 2892 3145 efﬁcere
2974 3088 3366 3157 perhibeatur,
3432 3081 3591 3138 Chri-

339 3170 515 3242 γήσας
560 3173 740 3229 ὲστίν·
776 3172 928 3227 ἔθετο
973 3174 1083 3245 γὰρ
1108 3175 1230 3239 τοὺς
1271 3176 1605 3240 ἀποστόλους
1650 3178 1811 3241 αὐτὸς
1854 3179 1911 3231 ὲν

2015 3193 2130 3239 stus
2160 3191 2243 3239 est
2276 3181 2364 3251 qui
2413 3191 2669 3251 operatur
2704 3197 2717 3234 :
2772 3179 3209 3249 quandoquidem
3260 3178 3305 3231 is
3352 3184 3455 3239 est,
3496 3174 3589 3242 qui

339 3267 408 3335 τῇ
448 3264 767 3336 Ἐκκλησία,
795 3266 893 3319 καὶ
933 3265 1114 3336 μέντοι
1153 3270 1248 3319 καὶ
1275 3266 1651 3333 διδασκάλους,
1690 3269 1914 3340 ὲνεργῆ-

343 3372 433 3409 σαι
462 3356 555 3409 καὶ
586 3356 878 3427 δυνάμεις·
908 3357 1105 3420 δέδωκε
1138 3357 1245 3430 γάρ
1289 3358 1538 3424 ἐξουσίαν
1581 3362 1695 3423 τοῖς
1738 3361 1914 3429 ἁγίοις

347 3449 636 3519 μαθηταῖς,
682 3447 1006 3519 θεραπεύειν
1039 3449 1220 3503 πᾶσαν
1254 3448 1409 3502 νόσον
1449 3452 1544 3503 καὶ
1583 3452 1767 3507 πᾶσαν
1808 3471 1912 3524 μα-

344 3538 538 3594 λακίαν
569 3541 627 3595 ὲν
649 3539 727 3613 τῷ
757 3538 893 3611 λαῷ.

422 3733 441 3766 ι
498 3714 556 3769 '0
599 3715 891 3786 ἀσπασμὸς
925 3718 992 3786 τῇ
1024 3716 1129 3787 ἐμῇ
1180 3716 1324 3786 χειρὶ
1367 3716 1601 3771 Παύλου.
1649 3719 1715 3772 Et
1735 3736 1819 3783 τις
1853 3720 1916 3773 οῦ

346 3806 490 3874 φιλεῖ
520 3808 611 3860 τὸν
652 3806 870 3877 Κύριον,
907 3809 1021 3878 ἤτω
1061 3808 1329 3879 ἀνάθεμα,
1367 3810 1675 3881 μαραναθᾶ.
1713 3830 1732 3863 ι
1773 3813 1921 3883 Ἀρα

345 3898 466 3950 τίνα
500 3900 633 3967 φησὶ
672 3900 877 3970 Κύριον
905 3903 961 3954 ὲν
988 3901 1235 3967 τούτοις;
1267 3902 1470 3973 Κύριος
1508 3903 1608 3972 μὲν
1636 3904 1745 3975 γάρ
1786 3907 1917 3975 ὁμο-

344 3989 707 4059 λογουμένως,
760 3992 853 4045 καὶ
907 3991 1069 4056 αὐτὸς
1125 3992 1290 4055 Υἱός·
1352 3992 1552 4063 ὁμοίως
1606 3994 1664 4047 δὲ
1714 3995 1808 4047 καὶ
1858 3995 1921 4048 τὸ

348 4082 572 4153 Πνεῦμα
590 4099 603 4112 ⁸
640 4102 659 4135 t
702 4083 758 4137 '0
780 4083 888 4155 γὰρ
913 4084 1137 4153 Κύριος,
1170 4084 1326 4156 φησὶ,
1350 4085 1412 4138 τὸ
1433 4084 1656 4157 Πνεῦμά
1687 4087 1855 4140 ἐστιν.
1895 4105 1914 4138 ι

359 4174 417 4227 '0
459 4173 516 4227 δέ
566 4191 629 4242 γε
673 4174 764 4228 τοῦ
818 4177 1089 4247 μακαρίου
1126 4175 1571 4241 Παύλουσκοπὸς
1616 4180 1673 4230 ὲν
1708 4178 1920 4241 τούτοις

348 4268 427 4329 είς
452 4265 614 4319 αὐτὸν
640 4268 971 4322 συνετείνετο
998 4267 1014 4307 1
1038 4269 1127 4322 τὸν
1165 4269 1391 4341 Ἰησοῦν.
1426 4290 1445 4321 ι
1482 4266 1575 4335 Εἷς
1599 4270 1730 4343 γὰρ,
1760 4271 1915 4343 φησὶ,

350 4356 572 4426 Κύριος,
602 4356 808 4428 Ἰησοῦς
836 4360 1089 4431 Χριστός.
1130 4379 1148 4411 ι
1198 4360 1606 4430 Ἀναθεματίζει
1627 4362 1806 4415 τοίνυν
1831 4361 1919 4415 τὸν

352 4448 428 4515 μὴ
457 4445 714 4516 φιλοῦντα
740 4446 919 4501 αὐτόν.
952 4450 1026 4501 Οὐ
1060 4448 1202 4518 φιλεί
1226 4449 1281 4502 δὲ
1305 4449 1488 4514 αὑτὸν,
1517 4451 1545 4502 6
1567 4451 1704 4521 μήτε
1736 4450 1914 4518 φύσει,

2019 3272 2296 3344 apostolos
2326 3271 2379 3324 in
2415 3269 2660 3325 Ecclesia
2692 3269 2997 3333 collocavit,
3025 3271 3224 3337 quique
3257 3268 3507 3321 doctores
3536 3264 3592 3318 in

2014 3364 2202 3420 eadem
2243 3360 2505 3427 instituit,
2556 3361 2751 3430 quibus
2781 3374 3016 3430 quoque,
3044 3369 3101 3412 ut
3137 3359 3363 3412 virtutes
3400 3370 3591 3426 Opera-

2015 3464 2222 3519 rentur,
2257 3454 2367 3509 vim
2409 3452 2743 3520 impertivit:
2771 3451 2917 3506 dedit
2950 3464 3181 3518 namque
3210 3447 3414 3503 sanctis
3456 3460 3589 3514 apo.

2015 3543 2170 3599 stolis
2217 3551 2577 3611 potestatem,
2634 3550 2692 3594 ut
2741 3554 2902 3595 omne
2951 3539 3265 3593 morborum
3312 3535 3590 3604 aegritudi-

2019 3647 2257 3703 numque
2285 3647 2455 3703 genus
2483 3632 2535 3686 in
2579 3630 2777 3701 populo
2807 3628 3169 3698 grassantium
3205 3635 3481 3681 curarent.

2094 3742 2114 3778 ι
2144 3725 2408 3781 Salutatio
2451 3738 2570 3779 mea
2615 3737 2778 3777 manu
2816 3720 2967 3775 Pauli
3002 3738 3016 3774 :
3051 3719 3107 3776 Si
3149 3719 3271 3789 quis
3302 3733 3405 3771 non
3445 3725 3590 3771 amat

2019 3816 2302 3872 Dominum
2331 3856 2346 3881 ,
2384 3816 2455 3870 sit
2495 3814 2803 3878 anathema,
2840 3812 3157 3865 maranatha
3183 3811 3261 3865 ³⁰.,
3295 3828 3313 3860 ι
3350 3809 3586 3877 Ecquam

2020 3911 2268 3974 obsecro,
2348 3907 2631 3962 Dominum
2686 3906 2787 3961 hoc
2840 3905 2956 3960 loco
3011 3904 3201 3960 vocat?
3244 3905 3294 3957 in
3342 3901 3591 3957 confesso

2022 4007 2105 4053 est
2137 3997 2304 4063 enim,
2340 4007 2446 4051 tam
2494 3996 2669 4064 ipsum
2698 3994 2918 4058 Filium,
2952 4007 3115 4063 quam
3159 3990 3421 4060 Spiritum
3453 4004 3591 4059 quo~

2025 4105 2128 4160 quc
2179 4099 2421 4145 sanctmn
2458 4088 2741 4144 Dominum
2765 4089 2968 4154 vocari,
3001 4096 3054 4143 et
3100 4086 3386 4143 Dominum
3417 4100 3537 4140 esse
3573 4103 3587 4138 :

2024 4185 2283 4253 scriptum
2335 4192 2419 4237 est
2475 4182 2663 4238 enim:
2724 4201 2743 4234 ι
2793 4180 3029 4251 Spiritus
3076 4180 3334 4235 Dominus
3364 4187 3446 4234 est
3468 4179 3532 4232 ³¹.
3567 4198 3587 4228 ι

2025 4276 2169 4331 Sane
2197 4274 2340 4330 beati
2376 4273 2527 4329 Pauli
2567 4289 2718 4329 meus
2746 4274 2797 4327 in
2828 4271 3003 4344 ipsum
3048 4272 3232 4328 Jesum
3265 4270 3349 4326 hic
3379 4270 3590 4335 fertur;

2024 4369 2396 4436 aitnamque:
2433 4365 3172 4431 «UnuscstDominus,Jesus
3200 4364 3528 4422 Christus".
3570 4383 3587 4415 ι

2026 4460 2206 4528 Itaque
2240 4458 2579 4512 anathemate
2614 4457 2845 4527 percutit
2884 4472 3099 4513 omnem
3159 4457 3379 4513 omnino
3417 4457 3595 4511 homi-

354 4538 491 4608 μήτε
534 4539 764 4611 ἀληθείᾳ
810 4539 984 4609 λέγων
1012 4541 1138 4594 Υἰὸν
1176 4534 1317 4594 εἶναι
1350 4541 1443 4594 τοῦ
1488 4540 1645 4604 Θεοῦ,
1682 4540 1816 4595 ἀλλά
1846 4542 1911 4605 ὡς

2028 4559 2173 4611 nem,
2227 4544 2317 4613 qui
2345 4543 2453 4615 65
2484 4544 2633 4598 illum
2661 4559 2768 4601 non
2800 4545 2995 4616 diligit.
3022 4544 3071 4601 Is
3106 4555 3286 4601 autem
3316 4545 3593 4601 Christum

351 4632 411 4685 ὲν
456 4629 685 4704 δευτέρα
719 4632 871 4697 τάξει
921 4631 1090 4695 τιθεὶς
1123 4632 1276 4701 ποιρά
1318 4632 1410 4685 τὸν
1452 4633 1516 4685 ὲκ
1552 4631 1686 4684 Θεοῦ
1725 4632 1916 4700 Λόγον,

354 4720 532 4774 καὶτὸ
563 4722 664 4793 τῆς
690 4723 1001 4793 οἰκονομίας
1032 4721 1235 4777 ἀδικῶν
1263 4724 1558 4793 μυστήριον
1589 4722 1676 4778 διὰ
1713 4723 1806 4778 τοῦ
1827 4723 1918 4776 τέ-

354 4827 506 4878 μνειν
543 4813 623 4875 είς
653 4812 747 4866 δύο
772 4812 863 4866 τὸν
890 4812 988 4867 ἕνα
1027 4812 1234 4884 Κύριον
1271 4813 1365 4866 καὶ
1406 4812 1630 4883 Ἰησοῦν.

2029 4649 2133 4688 non
2169 4634 2362 4705 diligit,
2411 4634 2502 4704 qui
2540 4650 2713 4704 neque
2770 4644 2960 4691 natura
3005 4650 3181 4703 neque
3224 4636 3455 4690 veritate
3499 4634 3594 4689 Dei

2026 4724 2218 4779 Filium
2268 4739 2391 4780 esse
2429 4728 2669 4794 agnoscit
2689 4768 2705 4791 ,
2740 4730 2832 4782 sed
2861 4743 2890 4782 a
2926 4727 3017 4782 Dei
3047 4727 3225 4782 Verbo
3254 4725 3503 4796 seiungit,
3533 4741 3598 4780 ae

2022 4814 2188 4869 .veluti
2246 4815 2299 4867 in
2359 4829 2524 4869 secun
2573 4817 2699 4870 dum
2759 4816 3006 4872 ordinem
3061 4813 3261 4882 rejicit,
3320 4824 3482 4883 atque
3520 4814 3595 4869 ita

352 4906 478 4955 ilum
566 4918 735 4958 unum
786 4902 1072 4958 Dominum
1133 4903 1319 4961 Jesum
1376 4904 1654 4961 Christum
1740 4907 1792 4963 in
1857 4907 1991 4965 duos
2057 4905 2267 4969 dividit,
2319 4905 2735 4976 dispensationis
2786 4906 3101 4977 mysterium
3168 4906 3340 4961 atroci
3400 4904 3596 4976 injuria

352 4995 543 5052 allicit.

687 5112 791 5168 Ἐκ
818 5112 929 5183 τῆς
966 5114 1116 5181 πρὸς
1146 5114 1493 5180 Κορινθίους
1524 5114 1603 5177 β’.

428 5223 449 5257 r
487 5205 578 5276 Τῷ
596 5206 653 5260 δὲ
671 5204 789 5276 Θεῷ
815 5206 996 5275 χάρις,
1025 5203 1251 5257 πάντοτε
1269 5203 1346 5275 τῷ
1370 5203 1752 5274 θριαμϐεύοντι
1776 5205 1923 5275 ἡμᾶς

356 5298 413 5348 ὲν
434 5294 512 5366 τῷ
559 5294 800 5367 Χριστῷ,
834 5296 929 5349 καὶ
973 5294 1073 5366 τὴν
1119 5292 1294 5365 ὀσμὴν
1332 5296 1432 5365 τῆς
1470 5292 1722 5363 γνώσεως
1757 5293 1921 5349 αὑτοῦ

2383 5113 2466 5169 Ex
2500 5113 2777 5183 posteriori
2812 5113 2879 5167 ad
2925 5111 3244 5168 Corinthios.

2108 5222 2128 5256 ‹
2161 5205 2268 5260 Deo
2307 5216 2487 5261 autem
2519 5206 2738 5276 gratias,
2772 5206 2864 5275 qui
2913 5219 3127 5272 semper
3153 5204 3449 5271 triumphat
3502 5220 3598 5259 nos

2032 5296 2083 5351 in
2119 5296 2334 5354 Christo
2366 5296 2515 5365 Jesu,
2547 5306 2602 5351 et
2642 5298 2863 5353 odorem
2908 5294 3113 5351 notitia:
3144 5310 3256 5351 sure
3291 5294 3605 5352 manifestat

424 5450 472 5483 "
503 5448 523 5504 Ι
549 5449 676 5505 Cor.
712 5466 809 5517 xu,
843 5450 959 5507 5-6.
1040 5449 1084 5480 ⁸³
1117 5448 1134 5503 l
1163 5447 1289 5505 Cor.
1319 5463 1414 5516 χιι,
1446 5448 1535 5503 28.
1614 5450 1658 5481 ³ο
1696 5451 1714 5502 l
1755 5449 1881 5504 Cor.

2015 5489 2021 5513 ,
2056 5449 2147 5503 9.1.
2224 5448 2268 5481 ³¹
2298 5448 2459 5504 Joan.
2492 5465 2564 5517 ιν,
2602 5452 2690 5507 2i.
2772 5452 2815 5483 ³³
2848 5451 2865 5507 Ι
2894 5450 3019 5509 Cor.
3052 5466 3166 5518 vut,
3208 5451 3260 5506 6.

1429 5611 1607 5669 Varias
1634 5610 1889 5668 lectiones
1927 5609 2131 5668 codicis
2157 5609 2507 5680 Seguieriani.

437 5742 482 5782 ι’
510 5742 719 5799 ἔπειτα.
804 5741 821 5782 1
857 5742 1209 5799 συντείνεται.
