4058 6484
611 333 753 388 1259

1674 342 1728 397 S.
1771 341 2045 398 CYRILLI
2082 340 2551 397 ALEXANDRINI
2588 339 2906 395 ARCHIEP.

3762 338 3786 390 i
3798 337 3895 392 Ξζῦ

609 467 706 520 per
752 466 850 506 nos
891 452 945 507 in
992 453 1137 510 omni
1186 454 1350 512 loco;
1393 457 1518 527 quia
1573 458 1774 514 Christi
1823 462 1994 516 bonus
2044 460 2166 515 odor

2280 456 2602 529 φανεροῦντι
2644 457 2710 510 δι’
2746 456 2902 526 ἡμῶν
2944 454 3001 509 ἐν
3038 456 3200 509 παντὶ
3249 454 3430 524 τόπῳο
3479 454 3585 508 ὅτι
3649 451 3893 523 Χριστοῦ

609 557 795 597 sumus
843 543 950 599 Deo
998 546 1052 600 in
1108 546 1174 602 iis
1226 547 1315 617 qui
1367 547 1499 602 salvi
1554 549 1709 617 ﬁunt,
1761 561 1815 605 ct
1866 553 1918 606 in
1974 552 2039 606 iis
2084 552 2176 620 qui

611 646 839 700 pereunt
863 637 926 695 ³³.
960 655 981 691 ι
1026 638 1181 704 Quod
1213 641 1257 696 si
1289 639 1539 695 Christus
1575 641 1821 697 Paterna:
1854 643 2177 712 cognitionis

611 726 781 781 bonus
831 729 967 783 odor
1005 739 1127 793 est,
1178 731 1449 800 quomodo
1499 730 1640 787 Deus
1694 748 1799 787 non
1856 733 1976 787 est?
2022 732 2177 789 Haud

610 831 840 886 namque
875 818 926 871 in
960 819 1195 872 humana
1229 829 1417 873 natura
1454 821 1647 874 divinae
1691 830 1895 875 natura:
1930 822 2176 891 fragran.

610 907 741 961 tiam
772 908 1103 977 compererit
1133 909 1399 979 quispiam
1433 930 1446 966 :
1481 911 1572 965 sed
1605 913 2052 979 quemadmodum
2083 913 2177 967 bu-

609 998 890 1055 manitatis
921 1001 1056 1055 odor
1078 1003 1253 1069 'plane
1281 1001 1575 1068 hominem,
1612 1003 1683 1056 ita
1724 1002 2018 1057 divinitatis
2045 1004 2176 1059 odor

606 1089 781 1144 Deum
824 1091 1047 1148 indicat.
1080 1094 1196 1149 Jam
1238 1095 1281 1149 si
1324 1094 1578 1148 Christus
1613 1095 1783 1148 bonus
1818 1094 1997 1149 Patris
2040 1097 2177 1151 odor

606 1179 935 1248 appellatur,
966 1197 1198 1251 vereque
1246 1194 1351 1247 est,
1405 1183 1675 1252 quomodo
1722 1184 1864 1239 Deus
1920 1201 2024 1239 non
2069 1195 2171 1251 cst,

605 1274 817 1327 etiamsi
853 1274 979 1329 illud
1025 1275 1201 1344 ipsum
1258 1276 1363 1329 Dei
1410 1276 1589 1331 Patris
1622 1274 1851 1332 Verbum
1894 1278 2172 1349 dispensa-

607 1364 754 1417 tione
784 1364 945 1418 homo
978 1365 1179 1420 factum
1212 1367 1339 1421 est?

681 1471 701 1504 ι
735 1453 974 1522 Epistola
1023 1466 1206 1511 nostra
1242 1472 1339 1512 vos
1385 1460 1539 1524 estis,
1571 1458 1770 1528 scripta
1823 1459 1875 1512 in
1919 1460 2173 1516 cordibus

604 1548 833 1612 nostris,
870 1563 988 1618 qua:
1032 1549 1203 1604 scitur
1241 1560 1292 1605 et
1328 1550 1524 1620 legitur
1550 1551 1618 1605 ab
1658 1551 1909 1607 erunibus
1938 1552 2173 1607 homini-

601 1640 742 1692 bus:
769 1637 1093 1694 ntanil'estati
1139 1641 1280 1710 quod
1331 1642 1555 1711 epistola
1587 1642 1717 1698 estis
1751 1642 1978 1709 Christi,
2013 1643 2172 1698 mini-

602 1740 771 1783 strata
813 1745 840 1782 a
874 1729 1050 1796 nobis,
1084 1740 1140 1785 ct
1169 1732 1370 1802 scripta
1422 1747 1527 1787 non
1560 1740 1889 1799 atramento,
1923 1734 2016 1789 sed
2050 1734 2171 1803 Spi-

603 1821 707 1874 ritu
755 1821 886 1886 Dei,
930 1838 1036 1877 non
1082 1823 1136 1876 in
1188 1823 1382 1878 tabulis
1433 1823 1680 1892 lapideis,
1727 1826 1826 1879 sed
1874 1826 1926 1879 in
1977 1826 2169 1881 tabulis
2201 1805 2241 1859 Β

598 1912 780 1966 cordis
810 1913 1126 1969 carnalibus
1149 1912 1215 1967 ".
1249 1933 1268 1966 ι
1307 1913 1450 1969 Deus
1481 1929 1581 1983 per
1611 1916 1898 1984 quemdam
1937 1930 2003 1971 ex
2041 1930 2167 1985 pro-

599 2001 774 2070 phetis
805 2003 1000 2058 alicubi
1041 2005 1120 2059 sic
1165 2004 1447 2075 loquitur:
1486 2023 1503 2056 ι
1541 2005 1670 2060 Post
1713 2006 1831 2061 illos
1873 2007 2009 2071 dies,
2040 2008 2170 2062 dicit

598 2092 880 2156 Dominus,
913 2093 1050 2149 dabo
1081 2094 1225 2165 leges
1263 2111 1412 2150 meas
1444 2097 1496 2151 in
1528 2106 1760 2152 mentem
1787 2113 1997 2165 eorum,
2032 2108 2085 2153 et
2115 2101 2167 2153 in

597 2185 762 2238 corda
827 2200 1012 2239 eorum
1070 2186 1363 2241 inscribam
1424 2201 1517 2242 eas
1540 2187 1607 2242 ⁸⁵.
1656 2206 1675 2238 ι
1732 2189 1885 2243 Facti
1943 2190 2170 2260 proinde

596 2288 782 2328 sumus
812 2274 1036 2343 epistola
1081 2274 1302 2342 Christi,
1348 2276 1440 2344 qui
1476 2276 1611 2346 legis
1646 2293 1757 2332 suae
1799 2278 2017 2333 decreta
2060 2293 2165 2334 non

595 2374 917 2427 atramento,
940 2366 1033 2421 sed
1060 2366 1290 2421 viventis
1324 2367 1419 2422 Del
1452 2368 1660 2436 Spiritu
1693 2368 1746 2422 in
1778 2368 1937 2424 nobis
1962 2370 2168 2424 descri-

594 2456 719 2511 bit:
752 2464 916 2525 atque
946 2446 1048 2512 huc
1092 2457 1265 2525 ipsum
1308 2472 1413 2512 non
1467 2473 1561 2525 per
1602 2459 1818 2513 modum
1858 2458 2164 2524 ministerii,

594 2549 688 2602 sed
723 2563 821 2618 per
850 2549 1124 2617 propriam
1168 2548 1249 2616 (ut
1296 2548 1366 2601 ita
1396 2547 1596 2619 dicam)
1638 2546 2012 2603 emcacitatem
2044 2565 2059 2602 :
2087 2550 2165 2604 si-

593 2639 813 2707 quidem
861 2638 1096 2706 Spiritus
1152 2638 1254 2707 ipsi
1312 2638 1564 2707 proprius
1615 2647 1719 2693 est.
1772 2639 1843 2692 At
1885 2655 1990 2709 quo
2036 2655 2166 2709 ergo

589 2728 755 2783 modo
782 2728 827 2783 is
858 2727 999 2783 Deus
1040 2734 1278 2791 nonest,
1312 2728 1405 2796 qui
1454 2728 1649 2782 divinas
1691 2728 1896 2783 notitiae
1925 2729 2164 2785 rationes

590 2819 810 2887 proprio
857 2818 1062 2888 Spiritu
1117 2818 1273 2873 nobis
1328 2817 1654 2888 insculpsit?
1682 2819 1759 2876 De
1790 2820 1988 2876 Judaeis
2034 2821 2162 2876 sub—

584 2908 760 2977 jungit
789 2926 802 2962 :

666 3020 685 3053 ι
722 3000 827 3057 Sed
862 3002 1041 3057 obtusi
1074 3010 1200 3057 sunt
1231 3016 1423 3056 sensus
1457 3015 1672 3056 eorum.
1700 2999 1884 3071 Usque
1912 3002 2057 3056 enim
2106 2999 2160 3054 in

588 3093 907 3149 hodiernum
946 3094 1087 3147 diem
1120 3093 1355 3162 idipsum
1381 3092 1627 3148 velamen
1655 3093 1707 3147 in
1744 3092 1973 3147 lectione
2003 3090 2163 3146 Vete-

2277 551 2471 605 εὐωδία
2492 550 2658 619 ἐσμὲν
2688 548 2764 619 τῷ
2792 547 2909 618 Θεῷ
2931 550 2989 601 ὲν
3012 548 3121 612 τοῖς
3146 548 3496 617 σωζομένοις,
3526 548 3646 600 καὶ
3689 549 3752 599 ὲν
3781 550 3891 610 τοῖς

2276 640 2689 709 ἀπολλυμένοις.
2735 658 2753 691 ι
2798 638 2930 692 Εἶτα
2966 640 3081 702 πῶς
3114 639 3175 692 οὐ
3199 639 3330 703 Θεὸς
3357 641 3385 692 ὁ
3414 638 3716 709 Χριστὸς,
3734 639 3889 707 εἰπερ

2275 732 2423 785 ἐστὶν
2457 730 2619 794 αὐτὸς
2647 731 2791 801 ὀσμὴ
2817 731 2917 800 τῆς
2946 730 3200 799 γνώσεως
3234 730 3324 782 τοῦ
3360 728 3592 798 Πατρός
3620 745 3639 793 ;
3673 729 3756 780 Οὐ
3783 730 3889 798 γὰρ

2276 823 2332 875 ἕν
2379 839 2443 889 γε
2490 824 2555 891 τῇ
2595 820 2885 892 ἀνθρώπου
2944 820 3104 889 φύσει
3150 822 3247 889 τὴν
3285 820 3385 889 τῆς
3434 819 3608 883 θείας
3668 818 3888 886 φύσεως

2274 914 2498 967 εὐωδίαν
2544 912 2816 982 ἁναμάθοι
2853 930 2937 976 τις
2985 912 3086 965 ἄν’
3124 911 3237 964 ἀλλ’
3287 912 3473 984 ὥσπερ
3534 914 3577 979 ἡ
3626 911 3739 979 τῆς
3798 911 3885 963 ἁν-

2277 1005 2628 1076 Ορωπότητος
2680 1003 2824 1073 ὀσμὴ
2859 1003 3114 1073 σημαίνει
3152 1019 3255 1056 που
3289 1002 3512 1065 πάντως
3552 1002 3882 1071 ἄνθρωπον,

2273 1094 2417 1148 οῦτω
2456 1096 2548 1148 καὶ
2572 1096 2605 1164 ἡ
2645 1094 2745 1165 τῆς
2780 1093 3053 1163 θεότητος.
3091 1092 3244 1145 Θεὸν.
3277 1093 3341 1145 Ei
3378 1092 3436 1144 δὲ
3479 1092 3752 1162 Χριστὸς
3796 1093 3880 1144 εὖ-

2274 1184 2407 1237 ὡδία
2451 1183 2546 1237 τοῦ
2584 1184 2795 1253 Πατρὸς
2837 1178 2977 1236 εἶναι
3011 1182 3260 1252 λέγεται,
3294 1182 3389 1235 καὶ
3418 1181 3584 1234 ἐστιν
3617 1180 3879 1251 ἀληθῶς,

2273 1274 2387 1337 πῶς
2414 1275 2474 1327 οὐ
2500 1273 2632 1338 Θεός
2659 1276 2775 1327 ἐστι
2809 1272 3065 1344 Χριστὸς,
3102 1273 3205 1327 κᾶν
3234 1273 3282 1325 εἰ
3309 1274 3542 1342 γέγονεν
3576 1269 3879 1343 ἄνθρωπος

2271 1365 2626 1434 οἰκονομικῶς
2651 1366 2679 1418 ὁ
2715 1368 2778 1420 ὲκ
2808 1363 2946 1418 Θεοῦ
2987 1364 3199 1435 Πατρὸς
3229 1365 3435 1433 Λόγος;

2347 1474 2366 1506 ι
2421 1457 2485 1509 Ἦ
2515 1455 2770 1527 ἐπιστολὴ
2790 1456 2947 1526 ἡμῶν
2973 1456 3132 1526 ὑμεῖς
3156 1457 3301 1520 ὲστε,
3332 1454 3793 1526 ὲγγεγραμμένη
3822 1456 3877 1506 ἐν

2270 1548 2388 1611 ταῖς
2419 1547 2668 1616 καρδίαις
2697 1548 2875 1617 ἡμῶν,
2924 1547 3302 1621 γινωσκομένη
3347 1550 3442 1601 καὶ
3480 1549 3877 1614 ἀναγινωηο-

2275 1636 2411 1707 μένη
2472 1637 2577 1691 ὑπὸ
2630 1638 2852 1691 πάντων
2922 1637 3259 1709 ἀνθρώπων’
3318 1637 3744 1708 φανερούμενοι
3793 1639 3871 1691 ὅτι

2271 1730 2394 1783 ὲστὲ
2426 1730 2682 1802 ἐπιστολὴ
2714 1730 2976 1803 Χριστοῦ,
3014 1730 3394 1801 διακονηθεῖσα
3421 1731 3515 1799 ὑφ’
3554 1730 3754 1800 ἡμῶν,
3782 1733 3872 1797 ἐγ-

2270 1818 2632 1891 γεγραμμένη
2656 1821 2715 1873 οὐ
2746 1820 2958 1890 μέλανι,
2992 1820 3127 1875 ἀλλὰ
3156 1820 3435 1891 Πνεύματι
3462 1820 3611 1874 Θεοῦ
3642 1821 3865 1885 ζῶντος,

2270 1910 2369 1963 οὐκ
2405 1910 2464 1963 ἐν
2513 1910 2675 1977 πλαξὶ
2713 1911 2967 1976 λιθίναις,
3000 1912 3116 1966 ἀλλ’
3147 1913 3206 1965 ὲν
3240 1911 3405 1976 πλαξὶ
3440 1912 3690 1984 καρδίας
3732 1930 3865 1982 σαρ-

2269 2003 2442 2073 κίνης.
2479 2022 2497 2055 ι
2536 2004 2679 2074 Ἔφη
2713 2021 2814 2058 που
2862 2003 2993 2067 Θεὸς
3033 2004 3099 2057 δι’
3133 2004 3249 2068 ἐνὸς
3284 2003 3395 2056 τῶν
3426 2005 3610 2072 ἁγίων
3649 2022 3864 2075 προφη-

2268 2094 2408 2147 τῶν’
2453 2114 2471 2145 ‹
2514 2095 2602 2147 Ἔν
2631 2094 2709 2164 τῷ
2749 2094 2927 2165 καιρῷ
2972 2094 3185 2165 ἐκείνῳ,
3216 2095 3363 2163 λέγει
3394 2096 3635 2165 Κύριος,
3687 2096 3860 2157 διδοὺς

2268 2186 2463 2255 νόμους
2496 2203 2596 2255 μου
2622 2188 2701 2249 εἰς
2730 2186 2830 2256 τὴν
2862 2186 3102 2239 διάνοιαν
3126 2186 3324 2253 αὐτῶν,
3347 2187 3445 2239 καὶ
3468 2188 3566 2239 ἐπὶ
3593 2186 3702 2249 τὰς
3730 2203 3859 2255 καρ-

2266 2274 2382 2339 δίας
2419 2275 2597 2329 αὐτῶν
2628 2276 2916 2347 ἐπιγράψω
2963 2277 3180 2339 αὐτούς.
3239 2294 3256 2327 ι
3313 2276 3635 2348 Γεγόναμεν
3678 2278 3853 2329 τοίνυν

2268 2366 2528 2438 ἐπιστολὴ
2555 2366 2815 2437 Χριστοῦ,
2843 2367 3143 2437 γράφοντος
3177 2368 3307 2437 ἡμῖν
3336 2368 3437 2421 οὐκ
3468 2368 3529 2420 ὲν
3573 2367 3773 2436 μέλανι
3797 2367 3854 2418 τὸ

2265 2457 2412 2528 αὐτῷ
2432 2457 2638 2523 δοκοῦν,
2666 2458 2778 2512 ἀλλ’
2795 2460 2853 2512 ὲν
2875 2459 3153 2529 Πνεῦματι
3174 2458 3308 2512 Θεοῦ
3331 2459 3554 2524 ζῶντοςο
3581 2460 3648 2511 οὐ
3670 2459 3849 2512 διακο-

2265 2547 2427 2612 νικῶς
2446 2549 2664 2619 μᾶλλον,
2692 2549 2825 2615 ἀλλ’,
2855 2549 2941 2602 ἵνα
2953 2548 3126 2613 οὕτως
3142 2548 3407 2619 εἴπωμεν,
3429 2551 3601 2604 αὐτου
3609 2549 3815 2621 ργικῶς
3832 2566 3847 2579 ·

2267 2637 2395 2690 ἴδιον
2423 2638 2530 2708 γὰρ
2558 2636 2721 2691 αὑτοῦ
2760 2638 2819 2690 τὸ
2846 2637 3073 2708 Πνεῦμά
3103 2640 3267 2693 ἐστιν.
3299 2634 3433 2693 Εἶτα
3470 2641 3594 2704 πῶς
3623 2641 3685 2692 οὐ
3720 2640 3845 2701 82o;

2264 2729 2291 2780 ὁ
2320 2728 2377 2780 ὲν
2402 2728 2515 2797 ἰδίῳ
2548 2728 2827 2798 Πνεύματι
2853 2728 3082 2798 γράφων
3115 2729 3247 2798 ἡμῖν
3269 2732 3370 2800 τῆς
3394 2729 3737 2799 Θεογνωσίας
3753 2729 3846 2793 τὴν

2266 2818 2422 2883 ὁδόν;
2461 2819 2596 2889 Περὶ
2624 2818 2730 2871 τῶν
2775 2818 3043 2871 Ἰουδαίων
3081 2818 3273 2889 φησίν*

2342 3013 2362 3046 ι
2421 2993 2560 3047 Ἀλλ’
2596 2993 2864 3065 ἐπωρώθη
2890 2994 2961 3049 τὰ
3008 2996 3255 3067 νοήματα
3298 2997 3502 3053 αὐτῶν.
3544 3000 3711 3071 Ἀχρι
3740 2996 3839 3067 γὰρ

2264 3084 2364 3154 τῆς
2395 3086 2636 3155 σήμερον
2671 3085 2886 3159 ἡμέρας
2918 3086 2981 3137 τὸ
3010 3087 3140 3140 αὐτὸ
3170 3088 3436 3158 κάλυμμα
3472 3090 3567 3142 ἐπὶ
3596 3093 3663 3160 τῇ
3710 3091 3837 3141 ἀνα-

590 3185 668 3239 ris
690 3183 1018 3239 Testamenti
1048 3190 1229 3238 manet
1256 3197 1359 3236 non
1390 3184 1688 3237 revelatum
1719 3182 1881 3250 (quod
1914 3182 1978 3237 in-
2000 3182 2161 3237 Chri-

2267 3154 2467 3244 γνώσει
2504 3154 2605 3246 τῆς
2656 3154 2900 3240 Παλαιᾶς
2933 3177 3207 3249 Διαθήκης
3236 3154 3481 3249 διαμένει
3514 3181 3590 3249 μὴ
3636 3154 3838 3233 άνακι-

590 3285 676 3328 sto
736 3272 1086 3343 evacuatur),
1139 3272 1231 3328 sed
1274 3286 1445 3339 usque
1498 3271 1550 3324 in
1588 3270 1934 3327 'hodiernum
1984 3272 2157 3335 diem,

592 3380 716 3420 cum
745 3364 943 3434 legitur
976 3362 1209 3433 Moyses,
1230 3362 1340 3433 66
1360 3361 1600 3416 velamen
1627 3362 1859 3429 positum
1889 3371 1974 3416 est
2001 3376 2162 3429 super

590 3471 687 3510 cer
725 3470 933 3510 eorum.
963 3455 1096 3508 Cum
1138 3464 1314 3507 autem
1346 3453 1594 3507 conversi
1640 3452 1841 3507 fuerint
1881 3453 1946 3506 ad
1982 3452 2161 3507 Domi-

590 3558 744 3609 num,
778 3545 1054 3597 auferetur
1083 3542 1346 3597 velamen.
1401 3542 1661 3596 Dominus
1695 3551 1877 3595 autem
1918 3542 2158 3608 Spiritus

590 3643 693 3686 cst.
744 3630 843 3687 Ubi
873 3640 1051 3685 autem
1078 3631 1314 3700 Spiritus
1344 3629 1581 3698 Domini,
1603 3631 1674 3685 ibi
1702 3631 1924 3685 libertas
1943 3640 2026 3686 est
2044 3632 2109 3686 ³⁸.
2136 3650 2157 3684 ι

592 3723 650 3779 Si
686 3726 819 3794 legis
865 3735 919 3779 et
946 3725 1331 3793 prophetarum
1380 3724 1501 3779 ﬁnis
1542 3734 1629 3778 est
1664 3724 1941 3789 Christus,
1988 3740 2162 3795 neque

588 3816 834 3870 velamen
866 3814 1007 3883 quod
1037 3812 1247 3869 Veteris
1288 3815 1621 3868 Testanicnti
1658 3814 1873 3869 lectioni
1903 3815 2158 3879 cohaeret,

592 3907 821 3972 tollitur,
856 3907 953 3959 nisi
987 3921 1080 3976 per
1118 3906 1288 3959 solum
1321 3905 1595 3960 Christum
1622 3922 1638 3961 :
1667 3907 1935 3976 quomodo
1966 3907 2159 3961 rationi

589 4007 1015 4053 consentaneum
1062 3998 1185 4063 erit,
1238 3996 1411 4067 ipsum
1464 3998 1666 4053 nudum
1713 4012 1836 4052 esse
1887 4000 2159 4053 hominem

590 4089 924 4148 existimare,
959 4099 1012 4141 et
1058 4087 1171 4141 sola
1204 4087 1486 4142 ﬁliationis
1519 4086 1879 4157 appellatione
1925 4088 2159 4142 honora-

588 4180 746 4233 tum?
777 4180 969 4233 Annon
1017 4180 1119 4233 hac
1167 4179 1422 4249 opinione
1462 4180 1636 4244 tieret,
1699 4188 1756 4233 ut
1809 4179 1943 4234 fides
1975 4188 2158 4234 nostra

588 4287 694 4325 non
727 4271 1030 4326 collimaret
1058 4272 1111 4325 in
1148 4271 1340 4334 Deum,
1370 4280 1625 4339 tanquam
1660 4272 1710 4324 in
1750 4272 1934 4337 ﬁnem,
1975 4273 2069 4325 sed
2105 4272 2157 4324 in

591 4362 865 4415 hominem
899 4362 1069 4415 nostri
1102 4360 1372 4416 similem?
1407 4362 1481 4416 Eo
1509 4371 1686 4417 autem
1719 4362 1849 4431 quid
1884 4362 1968 4417 vel
2008 4362 2158 4431 cogi-

588 4452 692 4505 tari
731 4459 893 4520 queat
930 4452 1242 4507 absurdius!

666 4561 684 4593 ‹
716 4542 868 4607 Quod
914 4544 959 4597 si
1012 4544 1176 4599 etiam
1225 4554 1472 4614 Oper-tum
1525 4554 1608 4599 est
1664 4544 2014 4615 Evangelium
2064 4559 2161 4597 no-

592 4645 768 4687 strum
804 4635 857 4689 in
895 4634 960 4689 iis
1006 4636 1096 4704 qui
1140 4645 1401 4704 pereunt,
1448 4645 1531 4690 est
1573 4645 1819 4703 opertum
1867 4636 1919 4690 in
1966 4636 2162 4704 quibus

590 4724 736 4781 Deus
774 4726 933 4796 hujus
970 4727 1153 4782 saeculi
1184 4729 1479 4783 excaecavit
1504 4738 1715 4784 mentes
1754 4729 2073 4791 infidelium,
2106 4740 2162 4783 ut

596 4835 703 4873 non
738 4819 941 4889 fulgeat
976 4822 1083 4877 illis
1116 4821 1440 4876 illuminatio
1485 4824 1757 4894 Evangelii
1788 4824 1971 4896 gloria:
2000 4820 2161 4877 Chri-

592 4911 661 4963 sti
706 4913 796 4981 qui
842 4923 924 4967 est
964 4914 1141 4983 imago
1172 4912 1265 4968 Dei
1291 4914 1355 4968 3".
1391 4933 1409 4966 ι
1446 4915 1525 4981 Si,
1564 4925 1621 4970 ut
1648 4918 1865 4985 qttidam
1898 4920 2159 4983 sentiunt,

592 4998 839 5054 Christus
892 5011 973 5056 est
1024 5004 1186 5056 homo
1238 5004 1577 5068 communis,
1640 5005 1753 5058 sola
1805 5020 2159 5074 personarum

590 5092 789 5145 unione
824 5108 944 5146 cum
981 5093 1074 5148 Dei
1105 5093 1282 5150 Verbo
1311 5096 1623 5150 societatem
1653 5097 1861 5151 habens
1899 5098 1985 5168 (ad
2020 5098 2164 5153 hunc

594 5184 736 5236 enim
783 5185 998 5239 modum
1046 5187 1341 5255 loquuntur
1373 5187 1493 5258 illi),
1530 5191 1800 5257 quomodo
1838 5189 1888 5241 itt
1940 5189 2043 5243 illis
2072 5192 2160 5258 qui

596 5283 843 5341 pereunt,
875 5274 1227 5344 Evangelium
1281 5278 1425 5332 illius
1456 5278 1827 5332 absconditum
1858 5280 1981 5332 est!
2020 5278 2163 5332 Geu-

596 5382 674 5417 .es
713 5368 858 5421 enim
896 5384 1001 5422 non
1046 5370 1236 5436 Deum,
1286 5370 1379 5425 sed
1417 5370 1689 5425 hominem
1731 5370 1899 5423 nostri
1934 5370 2162 5425 similem

666 5503 708 5533 ³³
737 5502 779 5557 ll
805 5503 929 5559 Cor.
966 5518 1023 5570 tr,
1056 5504 1141 5561 li.
1221 5506 1264 5538 3"
1288 5502 1331 5558 ll
1362 5490 1487 5561 Cor.
1533 5520 1615 5573 ill,
1648 5505 1702 5569 2,
1739 5504 1791 5562 5.
1868 5504 1912 5535 ³⁵
1946 5504 2147 5559 Jcrem.

2273 5521 2347 5573 XI,
2379 5504 2466 5559 55.
2546 5472 2624 5535 ’³⁸
2652 5502 2693 5558 il
2721 5505 2847 5560 Cor.
2877 5521 2958 5574 in,
2990 5506 3174 5562 H—l7.

2263 3266 2620 3336 λυπτόμενον,
2653 3267 2683 3320 ὃ
2703 3284 2757 3319 τι
2795 3268 2853 3320 ἐν
2884 3268 3107 3338 Χριστῷ
3146 3271 3539 3338 καταργεῖταιο
3570 3267 3704 3322 ἀλλὰ
3738 3270 3832 3330 ἕως

2260 3359 2357 3427 τῆς
2376 3360 2632 3429 σήμερον,
2654 3359 2817 3428 ὴνίκα
2835 3358 3270 3427 ἀναγινώσκεται
3290 3360 3552 3429 Μωῦσῆς,
3575 3360 3831 3427 κάλυμμα

2262 3450 2355 3502 ἐπὶ
2397 3449 2496 3518 τὴν
2535 3448 2762 3520 καρδίαν
2812 3450 2996 3503 αὐτῶν
3046 3453 3242 3504 κειται.
3302 3449 3496 3503 Ἥνίκα
3551 3452 3595 3504 δ’
3627 3452 3691 3504 ἂν
3718 3451 3828 3502 ἑπι-

2208 3547 2212 3551 “
2264 3537 2470 3611 στρέφῃ
2506 3537 2642 3608 πρὸς
2673 3539 2897 3608 Κύριον,
2931 3542 3297 3608 περιαιρεῖται
3341 3540 3404 3592 τὸ
3450 3539 3729 3611 κάλυμμα.
3768 3540 3830 3591 '0

2261 3628 2318 3681 δὲ
2346 3629 2549 3699 Κύριος
2572 3631 2633 3681 τὸ
2654 3628 2877 3699 Πνεῦμά
2908 3631 3055 3682 ἐστιν
3071 3644 3087 3659 ο
3110 3625 3169 3684 οῦ
3190 3630 3246 3682 δὲ
3275 3631 3335 3683 τὸ
3366 3632 3593 3702 Πνεῦμα
3615 3632 3823 3701 Κυρίου,

2262 3721 2378 3772 ἐκεῖ
2420 3718 2721 3789 ἐλευθερία.
2774 3736 2793 3769 ι
2832 3720 2893 3771 El
2929 3718 3082 3781 τέλος
3127 3719 3292 3789 νόμου
3342 3720 3437 3773 καὶ
3481 3718 3769 3791 προφητῶν
3802 3721 3827 3769 ὁ

2258 3810 2518 3881 Χριστὸς,
2554 3812 2647 3864 καὶ
2676 3811 2777 3863 οὐκ
2807 3809 3249 3864 ἀποκαλύπτεται
3277 3812 3336 3864 τὸ
3370 3812 3635 3882 κάλυμμα
3664 3812 3720 3863 τὸ
3743 3811 3821 3861 ἐπὶ

2260 3903 2326 3969 τῇ
2356 3901 2659 3968 ἀναγνώσει
2687 3900 2785 3970 τῆς
2815 3899 3057 3962 Παλαιᾶς
3085 3901 3376 3972 Διαθήκης,
3407 3904 3454 3953 εί
3492 3904 3568 3973 μὴ
3601 3905 3658 3956 ὲν
3694 3900 3823 3970 μόνῃ

2259 3990 2338 4061 τῷ
2381 3991 2602 4061 Χριστῷ
2628 4009 2641 4021 ⁸
2676 3995 2826 4045 ποῖον
2881 3992 2994 4062 ἔχει
3024 3993 3181 4061 λόγον
3233 3994 3313 4057 τὸ,
3363 3993 3648 4065 ἄνθρωπον
3677 3992 3820 4045 αὑτὸν

2248 4085 2468 4165 ὀἴεσθαι
2489 4086 2666 4139 κοινὸν
2697 4086 2987 4156 ὑπάρχειν,
3024 4087 3160 4157 μόνῃ
3189 4090 3255 4157 τῇ
3286 4087 3384 4157 τῆς
3407 4088 3657 4157 υίότητος
3674 4099 3822 4155 προσ-

2260 4178 2458 4248 ηγορίᾳ
2488 4178 2883 4249 τετιμημένον;
2909 4179 3234 4249 Εὑρίσκεται
3260 4178 3370 4249 γὰρ
3401 4179 3468 4232 ἂν
3501 4180 3672 4241 οὕτως
3690 4176 3815 4246 ἔχει]

2263 4269 2322 4319 τὸ
2348 4268 2445 4337 τῆς
2476 4268 2709 4331 πίστεως
2737 4267 2893 4339 ἡμῶν
2919 4269 3068 4330 τέλος
3096 4268 3195 4320 οὐκ
3214 4270 3291 4331 είς
3310 4268 3440 4321 Θεὸν
3468 4269 3687 4339 μᾶλλον,
3713 4264 3813 4318 ἀλλ’

2262 4362 2342 4424 εἰς
2391 4361 2487 4414 ἕνα
2538 4360 2645 4415 τῶν
2700 4361 2821 4415 καθ’
2878 4362 3062 4432 ἡμᾶς’
3130 4361 3267 4430 ὅπερ
3321 4360 3438 4413 ἐστὶ
3474 4360 3584 4413 τῶν
3625 4363 3812 4414 ἀτοπω-

2262 4453 2459 4507 τάτων.

2329 4563 2344 4596 ι
2368 4546 2430 4598 Εἰ
2452 4544 2506 4597 δὲ
2533 4546 2628 4598 καὶ
2656 4542 2769 4596 ἔστι
2800 4543 3209 4615 κεκαλυμμένον
3238 4544 3300 4597 τὸ
3332 4542 3660 4610 Εὑαγγέλιον
3677 4536 3813 4610 ἡμῶν

2263 4639 2321 4690 ὲν
2360 4640 2471 4700 τοίς
2508 4636 2918 4706 ἀπολλυμένοις,
2958 4636 3071 4689 ἔστι
3135 4637 3551 4707 κεκαλυμμένον
3597 4638 3653 4689 ὲν
3690 4628 3762 4693 οἷς
3786 4627 3812 4679 6

2263 4732 2395 4794 Θεὸς
2424 4729 2517 4783 τοῦ
2556 4731 2749 4795 αἰῶνος
2796 4731 2985 4785 τούτου
3016 4729 3291 4798 ἐτύφλωσε
3340 4731 3410 4783 τὰ
3442 4732 3687 4801 νοήματα
3718 4724 3813 4777 τῶν

2265 4823 2529 4885 ἀπίστων,
2562 4825 2641 4885 είς
2668 4822 2729 4874 τὸ
2760 4822 2833 4893 μὴ
2862 4823 3094 4891 αὐγάσαι
3124 4823 3213 4875 τὸν
3237 4822 3513 4892 φωτισμὸν
3540 4821 3636 4874 τοῦ
3667 4819 3810 4883 Εὐαγ-

2264 4914 2443 4983 γελίου
2488 4913 2586 4982 τῆς
2618 4913 2775 4984 δόξης
2821 4912 2916 4967 τοῦ
2967 4913 3225 4985 Χριστοῦ,
3259 4915 3318 4977 ὃς
3360 4916 3511 4968 ἐστιν
3555 4912 3713 4965 εἰκὼν
3734 4904 3809 4961 τοῦ

2265 5006 2418 5059 Θεοῦ.
2463 5025 2481 5057 ι
2518 5007 2581 5059 Εἰ
2611 5007 2752 5060 κατά
2798 5023 2861 5074 γε
2889 5007 2949 5059 τό
2973 5024 3084 5060 τισι
3114 5006 3305 5061 δοκοῦν
3336 5006 3514 5069 κοινὸς
3553 4999 3807 5075 ἄνθρωπόί

2265 5098 2412 5149 ἐστιν
2434 5098 2461 5149 ὁ
2491 5096 2744 5166 Χριστὸς,
2774 5096 2964 5149 ὲνώσει
2997 5098 3130 5169 μόνῃ
3152 5101 3218 5169 τῇ
3249 5100 3388 5151 κατὰ
3424 5098 3709 5167 πρόσωπον
3728 5091 3807 5159 τὴν

2269 5188 2559 5256 συνάφειαν
2595 5187 2733 5256 ἔχων
2765 5188 2899 5258 πρὸς
2936 5188 3028 5241 τὸν
3074 5192 3138 5243 ὲκ
3167 5189 3301 5243 Θεοῦ
3331 5188 3502 5257 Λόγον
3534 5188 3686 5257 (φασὶ
3721 5181 3806 5252 γὰρ

2266 5280 2435 5342 οὕτως
2464 5278 2641 5350 αὐτοί)
2663 5296 2676 5308 ·
2704 5281 2819 5344 πῶς
2848 5282 2907 5332 ἐν
2932 5283 3043 5344 τοῖς
3061 5280 3459 5351 ἀπολλυμένοις
3484 5272 3805 5345 κεκαλυμμέ-

2270 5390 2357 5426 νον
2387 5372 2503 5424 fieri.
2546 5373 2605 5427 τὸ
2643 5373 2973 5442 Εὑαγγέλιον
3000 5374 3093 5427 τοῦ
3119 5373 3252 5427 Θεοῦ
3283 5390 3320 5412 ιι
3344 5391 3358 5439 ;
3387 5374 3689 5426 Διάκεινται
3717 5366 3801 5432 γὰρ

3293 5505 3335 5536 ³⁷
3363 5502 3402 5558 Il
3438 5504 3563 5559 Cor.
3602 5518 3673 5569 tv,
3702 5498 3745 5553 3.

1677 5619 1849 5677 Varia:
1878 5621 2135 5678 lectiones
2165 5621 2367 5678 codicis
2395 5620 2762 5691 Seguicriani.

668 5740 705 5768 ¹¹³
730 5732 913 5787 αὐτοῦ.
