4058 6456
56 329 200 383 1‘2“

1219 327 1307 383 DE
1344 324 1572 382 RECTA
1612 322 1771 379 FIDE
1809 322 1901 375 AD
1936 317 2258 375 REGINAS.

3232 301 3374 358 {2.52

52 444 127 497 τὰ
160 443 345 515 ἔθνη,
378 446 504 516 οὐχ
530 445 609 499 ὅτι
639 445 767 509 Θεός
794 448 962 509 ἐστιν,
992 445 1104 499 ἀλλ’
1139 444 1221 499 ὅτι
1268 442 1391 498 καθ’
1425 442 1570 513 ἡμᾶς
1602 440 1692 493 ἄν·

1810 451 1917 491 esse
1970 446 2285 505 persuasum
2333 428 2556 484 habent.
2607 421 2886 491 Quomodo
2933 418 3059 473 item
3104 416 3367 472 obcaecati

61 537 334 605 θρωπος.
374 536 524 600 Πῶς
559 536 615 589 δὲ
654 538 745 589 καὶ
772 535 1135 605 τετύψλωνται
1178 535 1328 605 παρὰ
1355 532 1446 588 τοῦ
1492 534 1708 585 Σατανᾶ

58 627 111 678 οἱ
173 627 330 698 περὶ
396 627 700 699 ἀνθρώπου
751 628 1021 696 λέγοντες,
1080 627 1161 680 ὃτι
1217 624 1501 696 ἄνθρωπός
1554 625 1704 687 ὲστι;

65 719 237 780 Doto;
297 718 368 770 δὲ
432 720 538 773 καὶ
590 720 867 789 φωτισμὸς
918 718 1094 771 ἔνεστι
1134 717 1212 788 τῷ
1256 715 1574 786 Εὐαγγελίῳ
1612 713 1705 767 τοῦ

66 808 368 877 Χριστοῦ,
438 813 495 863 εἰ
528 811 602 881 μὴ
640 810 771 872 Θεός
810 811 947 873 ἐστι,
999 809 1091 862 καὶ
1137 808 1212 870 ὠς
1244 804 1401 860 τοῦτο
1446 806 1706 877 ὑπάρχων

70 900 479 964 δεδόξασται;
516 901 639 964 Πῶς
685 901 729 954 δ’
780 900 845 953 ἂν
888 900 974 969 εἴη
1006 899 1101 953 καὶ
1134 898 1298 952 εἰκὼν
1329 898 1423 951 τοῦ
1462 895 1619 956 Θεοῦ,
1656 896 1705 948 εἰ

75 991 252 1061 μέχρι
287 992 505 1060 μόνων
529 992 636 1045 τῶν
667 992 766 1063 τῆς
799 991 1212 1062 ἁνθρωπότητος
1240 990 1572 1059 ἀφικνεῖται,
1606 986 1707 1039 οὐκ

76 1083 226 1151 ἒχων
264 1081 337 1134 τὸ
382 1078 543 1135 εῖναι
576 1084 717 1136 κατὰ
759 1082 1019 1153 ἀλήθειαν
1053 1080 1174 1142 Υἱὸς
1203 1080 1298 1133 καὶ
1327 1078 1495 1144 Θεόςς

155 1188 176 1219 ι
206 1171 314 1223 Διὸ
376 1173 493 1226 καὶ
538 1170 985 1243 φιλοτιμούμεθα,
1012 1170 1122 1222 εἴτε
1168 1166 1551 1237 ἐνδημοῦντες,
1595 1162 1707 1215 εἴτε

81 1260 515 1332 ἐκδημοῦντες,
540 1262 824 1333 εὐάρεστοι
856 1259 1003 1329 αὐτῷ
1034 1254 1191 1312 εἶναι.
1211 1259 1348 1319 Τοὺς
1372 1255 1479 1325 γὰρ
1502 1256 1708 1316 πάντας

84 1355 237 1422 ἡμᾶς
272 1353 692 1425 φανερωθῆναι
737 1353 817 1406 δεῖ
853 1351 1161 1423 ἔμπροσθεν
1204 1349 1295 1404 τοῦ
1332 1348 1571 1419 βήματος
1609 1343 1703 1398 τοῦ

85 1443 371 1515 Χριστοῦ,
410 1445 509 1499 ῐνα
546 1444 930 1514 διακομίσηται
964 1443 1192 1504 ἕκαστος
1216 1440 1283 1493 τὰ
1311 1426 1440 1491 ﬁta“
1469 1436 1563 1491 τοῦ
1601 1434 1706 1489 σώ-

91 1553 291 1605 ματος,
330 1536 493 1607 πρὸς
520 1536 554 1590 a
580 1535 835 1606 ἔπραξεν,
866 1534 976 1587 εἴτε
1016 1532 1238 1602 ἀγαθὸν,
1280 1532 1389 1584 εῐτε
1422 1528 1641 1599 φαῦλον.
1679 1546 1700 1578 ι

89 1628 152 1679 Εἰ
178 1628 347 1680 πᾶσα.
381 1631 512 1690 τοῖς
545 1627 718 1695 ἁγίοις
750 1624 953 1695 σπουδὴ
995 1624 1055 1677 τὸ
1085 1623 1395 1693 εὐαρεστεῖν
1426 1619 1504 1690 τῷ
1544 1616 1661 1689 Θεῷ
1686 1656 1703 1682 ,

95 1719 559 1789 φιλοτιμούμεθα
596 1720 652 1773 δὲ
679 1718 908 1774 τοιοῦτοι
941 1715 1225 1786 φαίνεσθαι
1263 1713 1339 1784 τῷ
1366 1711 1604 1783 Χριστῷ,
1644 1710 1704 1763 τὸ

1814 537 1939 583 sunt
1966 542 1993 579 a
2026 524 2254 587 Satana,
2287 520 2376 591 qui
2405 519 2470 572 de
2500 516 2720 570 homine
2742 513 3007 575 sentiunt,
3036 508 3177 579 quod
3213 507 3377 561 homo

1813 615 1938 670 est?
1973 613 2158 681 Qualis
2198 619 2462 679 praeterea
2505 601 2830 659 illuminatio
2860 601 2915 654 in
2950 597 3156 656 Christi
3199 594 3376 650 Evan~

1810 707 1950 777 gelio
1988 713 2093 768 est,
2143 703 2189 757 si
2242 702 2356 771 ipse
2406 699 2548 751 Deus
2600 709 2706 748 nou
2755 702 2859 755 est,
2907 705 3084 759 neque
3140 698 3198 742 ut
3232 688 3377 742 Deus

1808 796 2173 867 gloriﬁcatur?
2206 792 2310 859 Qui
2352 790 2587 857 denique
2616 788 2796 854 imago
2832 784 2921 837 Dei
2963 792 3066 846 est,
3101 781 3145 835 si
3187 795 3250 836 ea
3289 795 3378 835 so-

1808 891 1918 945 lum
1963 887 2200 956 attingit,
2231 900 2351 954 quae
2390 884 2636 937 humanm
2672 885 2801 932 sunt
2834 874 3078 943 naturai,
3117 888 3294 941 neque
3324 872 3378 926 id

1808 981 1991 1049 reipsa
2024 977 2255 1041 obtinet,
2284 984 2344 1030 ut
2371 972 2537 1029 Filius
2569 980 2622 1026 et
2653 969 2795 1024 Deus
2829 966 2938 1022 sit?

1884 1170 1905 1205 ι
1946 1152 2012 1206 Ει
2050 1152 2171 1207 ideo
2209 1149 2582 1205 contendimus
2616 1147 2730 1202 sive
2761 1143 3037 1204 absentes,
3079 1142 3193 1194 sive
3228 1153 3369 1206 prte-

1807 1254 1993 1301 sentes
2031 1244 2245 1314 placere
2294 1242 2391 1295 illi.
2448 1240 2648 1295 Omnes
2701 1237 2844 1291 enim
2887 1248 2985 1289 nos
3044 1230 3378 1286 manifestari

1806 1346 2025 1405 oportet
2057 1343 2182 1389 ante
2218 1331 2453 1387 tribunal
2482 1327 2705 1392 Christi,
2737 1336 2795 1380 ut
2839 1323 3038 1379 referat
3088 1320 3380 1387 unusquis-

1808 1441 1911 1495 que
1944 1424 2157 1495 propria
2182 1421 2450 1491 corporis,
2476 1428 2634 1489 prout
2664 1416 2848 1487 gessit,
2876 1415 2989 1468 sive
3021 1413 3239 1475 homnn,
3268 1410 3382 1463 sive

1808 1517 2008 1571 malum
2039 1516 2107 1571 ³⁸.
2143 1533 2161 1567 ι
2195 1514 2250 1572 Si
2281 1516 2335 1569 in
2371 1527 2534 1568 unum
2572 1511 2675 1565 hoc
2714 1507 2888 1564 sancti
2917 1504 3236 1559 incumbunt
3264 1516 3380 1555 om-

1806 1622 1922 1671 nes,
1954 1616 2013 1660 ut
2052 1605 2160 1661 Deo
2198 1606 2488 1674 placeant,
2526 1600 2915 1670 repudiatoque
2959 1593 3266 1651 mortalium
3303 1591 3384 1645 fa-

1805 1713 1954 1760 vore,
1988 1695 2251 1766 ejusmodi
2298 1709 2402 1750 nos
2427 1693 2646 1748 Christo
2688 1689 2921 1761 probare
2959 1687 3116 1742 enixe
3157 1693 3383 1738 conten-

96 1808 435 1879 ἀνθρώποις
485 1809 741 1880 ἀρέσκειν
794 1803 1250 1878 παραιτούμενοι·
1303 1800 1418 1864 πῶς
1464 1799 1524 1852 οὐ
1570 1798 1702 1860 Θεὸς

1810 1788 1981 1842 limus
2011 1807 2024 1842 :
2068 1787 2339 1855 quomodo
2366 1784 2641 1841 Christum
2677 1780 2845 1835 Deum
2880 1793 3000 1833 esse
3028 1776 3244 1846 planum
3273 1789 3381 1828 non

100 1898 358 1969 ἐναργῶς
391 1900 426 1951 ὁ
461 1899 734 1967 Χριστὸς;
770 1897 879 1949 Καὶ
924 1896 970 1946 ει
1017 1894 1194 1963 κρινεῖ
1237 1890 1336 1962 τὴν
1380 1886 1705 1957 οἰκουμένην

100 1992 289 2054 αὐτὸς,
336 1990 476 2053 ἐνὸς
514 1987 651 2043 εἶναι
693 1987 985 2059 νομοθέτου
1018 1983 1312 2055 λεγομένου
1360 1982 1453 2035 καὶ
1492 1978 1704 2050 κριτοῦ,

106 2084 385 2154 πρόδηλον
427 2085 515 2136 ὅτι
546 2081 800 2141 καὶκατὰ
821 2080 977 2136 τοῦτο
996 2077 1128 2141 Θεός
1156 2078 1294 2141 ἐστι,
1320 2075 1413 2128 καὶ
1445 2074 1494 2126 εἰ
1516 2071 1707 2141 γέγονε

107 2176 243 2247 σὰρξ
278 2177 310 2229 ὁ
336 2176 555 2245 Λόγος.

184 2369 203 2401 ι
224 2350 296 2403 Ἠ
324 2348 450 2420 γὰρ
480 2348 670 2418 ἀγάπη
696 2346 788 2401 τοῦ
812 2343 947 2401 Θεοῦ
973 2344 1187 2415 συνέχει
1217 2342 1383 2413 ἡμᾶς,
1415 2339 1711 2410 κρίναντας

119 2440 296 2505 τοῦτο,
368 2442 459 2495 ὅτι
495 2442 545 2493 ει
590 2435 671 2503 εἷς
722 2439 861 2509 ὑπὲρ
899 2437 1117 2491 πάντων
1153 2433 1442 2498 ἀπέθανεν,
1502 2431 1612 2503 ἄρα
1658 2432 1708 2484 0i

118 2534 317 2596 πάντες
367 2532 670 2587 ἀπέθανον.
721 2530 832 2584 Καὶ
881 2528 1019 2599 ὑπὲρ
1051 2525 1268 2580 πάντων
1296 2524 1585 2587 ἀπέθανεν,
1621 2522 1708 2574 ἴνα

120 2625 163 2675 oi
194 2622 431 2689 ζῶντες,
469 2622 668 2694 μηκέτι
695 2622 905 2683 ἑαυτοῖς
940 2618 1130 2683 ζῶσιν,
1164 2615 1299 2669 ἀλλὰ
1331 2614 1409 2684 τῷ
1443 2612 1583 2682 ὐπὲρ
1613 2612 1711 2665 αὐ-

119 2714 220 2767 τῶν
249 2713 591 2767 ἀποθανόντι
617 2712 712 2765 καὶ
737 2708 1036 2780 ἐγερθέντι.
1084 2726 1103 2759 ι
1134 2708 1195 2760 Εἰ
1221 2707 1416 2767 πάντες
1438 2704 1495 2757 ἓν
1518 2706 1706 2773 ἐσμεν,

126 2799 214 2851 καὶ
254 2799 417 2870 αὐτῷ
460 2799 561 2868 ζῇν
607 2797 901 2867 εὐχόμεθα,
939 2795 1440 2866 κατασεμνύνοντες
1468 2793 1709 2860 δηλονότι

124 2890 206 2941 τὸν
227 2889 452 2943 ἑαυτῶν
476 2888 588 2959 βίον
610 2887 697 2941 διὰ
723 2887 903 2955 γειτοῦ
926 2890 1127 2958 χρῆναι
1152 2885 1393 2957 πληροῦν
1412 2885 1471 2939 τὸ
1497 2884 1709 2953 θέλημα

130 2980 310 3043 αὐτοῦ,
334 2980 529 3051 ζῶμεν
556 2979 617 3032 δὲ
645 2978 723 3049 τῷ
750 2978 999 3050 Χριστῷ⁸
1029 2978 1145 3043 πῶς
1178 2979 1238 3031 οὐ
1271 2976 1401 3040 Θεὸς
1429 2978 1512 3045 εἴη
1546 2976 1630 3041 ἂν,
1664 2969 1712 3042 ᾧ

1808 1881 1933 1935 est?
1976 1879 2213 1933 Rursum
2257 1877 2301 1930 si
2339 1876 2432 1930 ille
2474 1886 2741 1930 terrarum
2802 1873 2985 1925 orbem
3041 1867 3380 1937 judicaturus

1808 1981 1890 2025 est
1926 1968 2047 2041 (nec
2074 1969 2214 2023 enim
2269 1966 2408 2022 alius
2434 1975 2488 2019 et
2517 1964 2654 2019 alius
2684 1972 2769 2017 est
2797 1960 3070 2031 legislator
3093 1968 3148 2012 et
3170 1956 3334 2026 iudex
3360 1993 3377 2017 ,

1808 2062 1902 2117 sed
1951 2076 2093 2115 unus
2136 2067 2193 2114 et
2238 2059 2379 2113 idem
2412 2057 2501 2125 ”),
2549 2055 2632 2110 vel
2684 2055 2788 2109 hac
2836 2065 3050 2121 quoque
3097 2052 3163 2103 de
3215 2060 3378 2100 causa

1807 2148 2150 2217 perspicuum
2189 2146 2389 2212 evadit,
2434 2143 2577 2214 quod
2618 2144 2759 2197 Deus
2792 2150 2909 2206 est,
2948 2138 3160 2194 tametsi
3200 2138 3379 2191 incar»

1814 2246 1977 2290 natus
2018 2245 2121 2289 est.

1877 2327 1986 2398 67
2009 2344 2027 2377 ι
2050 2326 2300 2380 Charitas
2326 2323 2469 2379 enim
2504 2321 2704 2378 Christi
2730 2329 2885 2389 urget
2912 2330 3028 2381 nos,
3050 2315 3381 2371 mstimantes

1809 2422 1912 2477 hoc
1936 2461 1949 2485 ,
1984 2419 2239 2490 quoniam
2292 2417 2337 2473 si
2368 2431 2508 2470 unus
2555 2429 2652 2485 pro
2698 2412 2946 2467 omnibus
2989 2419 3234 2463 mortuus
3266 2417 3380 2469 est,

1810 2527 1939 2582 ergo
1964 2525 2153 2566 omnes
2186 2509 2383 2564 mortui
2415 2516 2559 2563 sunt.
2596 2504 2663 2559 Et
2704 2519 2800 2574 pro
2842 2501 3096 2557 omnibus
3140 2506 3381 2551 mortuus

1809 2614 1892 2657 est
1926 2601 2169 2657 Christus
2192 2639 2207 2667 ,
2241 2610 2299 2654 ut
2335 2608 2391 2655 et
2418 2599 2509 2670 qui
2540 2599 2747 2660 vivunt,
2772 2595 2883 2665 jam
2914 2609 3018 2648 non
3049 2592 3149 2647 sibi
3176 2590 3380 2650 vivant,

1817 2694 1911 2748 sed
1946 2693 1995 2748 ei
2028 2694 2118 2763 qui
2152 2707 2252 2761 pro
2288 2693 2418 2762 ipsis
2451 2700 2699 2745 mortuus
2740 2699 2852 2753 est,
2880 2695 2931 2740 et
2961 2681 3259 2739 resurrexit
3280 2680 3378 2733 ⁸⁸.»

1814 2781 1871 2837 Si
1928 2797 2120 2837 omnes
2170 2797 2336 2835 unum
2397 2781 2448 2833 in
2508 2779 2624 2846 ipso
2676 2793 2883 2843 sumus,
2944 2774 3154 2844 ipsique
3205 2772 3385 2824 vivere

1812 2880 2184 2941 peroptamus,
2220 2870 2386 2924 vitam
2426 2876 2665 2920 nostrain
2699 2882 2802 2920 una
2836 2866 2937 2919 hac
2973 2864 3177 2917 ratione
3216 2861 3384 2914 hone-

1811 2973 1949 3018 stam
1980 2962 2289 3023 reddentes,
2324 2962 2374 3016 si
2401 2960 2605 3016 Christi
2640 2956 3073 3014 obsecundemus
3098 2950 3383 3011 voluntati,

128 3045 442 3143 κεχρεωστῆ
455 3071 613 3142 μεθα,
637 3045 730 3124 καὶ
752 3045 850 3142 {ﬁxa
872 3045 1265 3141 σπουδάζομεν,
1285 3070 1361 3133 ὼς
1386 3070 1527 3138 ὑπὲρ
1548 3068 1705 3138 ἡμῶν

1811 3055 1995 3124 illique
2030 3053 2273 3109 vivamus
2314 3070 2329 3105 :
2364 3053 2633 3123 quomodo
2683 3051 2729 3105 is
2777 3049 2918 3103 Deus
2960 3045 3236 3100 habendus
3279 3057 3383 3095 non

127 3161 397 3227 τεθνεῶτι,
426 3162 526 3217 καὶ
553 3160 840 3233 πριαμένῳ
871 3161 1077 3225 πάντας
1106 3161 1301 3231 αἵματι
1331 3158 1408 3230 τῷ
1448 3159 1599 3229 tam;

204 3425 416 3495 (Υπὲρ
463 3425 702 3496 Χριστοῦ
745 3422 840 3487 οῦν
889 3425 1286 3495 πρεσϐεύομεν,
1318 3425 1393 3488 ὡς
1436 3422 1531 3477 τοῦ
1570 3422 1707 3475 Θεοῦ

135 3517 571 3587 παρακαλοῦντος
619 3517 684 3571 δι’
716 3516 903 3588 ἡμῶνο
948 3515 1182 3586 δεόμεθα
1238 3515 1379 3586 ὑπὲρ
1428 3514 1663 3585 Χριστοῦ
1690 3553 1705 3578 ,

140 3608 506 3679 καταλλέιγητε
537 3609 616 3678 τῷ
635 3608 774 3680 Θεῷ.
803 3627 822 3660 ›
843 3606 1208 3679 Ἐπιτήρησον
1238 3607 1320 3659 ὅτι
1348 3605 1709 3676 πρεσὸεὐουσι

143 3696 227 3762 μὲν
254 3697 392 3769 ὑπὲρ
429 3696 691 3768 Χριστοῦ,
719 3696 1153 3768 παρακαλεῖσθαι
1192 3696 1248 3749 δὲ
1276 3696 1527 3764 λέγουσιν
1560 3696 1707 3765 ἡμᾶς

142 3785 233 3837 ὐπὸ
254 3786 345 3840 τοῦ
381 3787 544 3842 Θεοῦ.
590 3785 723 3839 Εἶτα
755 3788 916 3841 πάλιν
938 3830 953 3853 ,
992 3806 1009 3839 t
1040 3786 1304 3858 Δεόμεθα,
1338 3785 1524 3858 φησιν,
1566 3786 1706 3856 ὑπὲρ

143 3873 381 3943 Χριστοῦ,
421 3877 797 3948 καταλλάγητε
842 3877 916 3947 τῷ
963 3878 1100 3947 Θεῷ.
1135 3897 1152 3927 ι
1184 3878 1315 3941 Θεὸς
1353 3874 1444 3929 οῦν
1480 3876 1585 3947 ἄρα
1614 3878 1709 3930 καὶ

142 3964 374 4034 Χριστὸς,
417 3961 460 4036 ᾧ
490 3968 1068 4040 καὶικατηλλαγμένοι,
1100 3968 1221 4039 Θεῷ
1252 3968 1701 4038 κατηλλάγμεθα.

209 4145 384 4199 «Ἀλλ’
420 4147 482 4199 ὲν
533 4146 693 4199 παντὶ
744 4146 1091 4208 συνιστάντες
1141 4146 1388 4209 ἑαυτοὺς,
1443 4144 1518 4209 ὡς
1572 4145 1707 4198 Θεοῦ

149 4231 381 4290 διάκονοι.
419 4254 437 4288 ι
475 4236 537 4288 Οἱ
568 4234 701 4287 Θεοῦ
731 4235 1013 4304 λεγόμενοι
1049 4232 1189 4287 εἶναι
1227 4235 1486 4297 διάκονοι,
1522 4235 1704 4305 εἴρηνο

1733 3136 1775 3193 C
1808 3154 1908 3207 est,
1948 3145 2034 3200 cui
2068 3154 2125 3198 et
2155 3144 2372 3198 obnoxii
2409 3158 2615 3206 sumus,
2649 3152 2703 3197 et
2740 3140 2824 3194 cui
2864 3139 3047 3191 vivere
3085 3134 3384 3197 studemus,

1812 3247 2068 3306 tanquam
2116 3236 2189 3289 illi
2234 3236 2325 3303 qui
2375 3234 2549 3288 nostri
2597 3247 2757 3287 causa
2802 3239 3027 3285 mortem
3068 3225 3382 3294 oppetierit,

1811 3342 2018 3394 suoque
2049 3326 2311 3389 sanguine
2337 3339 2526 3379 omnes
2557 3319 2859 3377 coemerit?

1888 3433 1907 3466 α
1952 3415 2056 3469 Pro
2081 3415 2304 3469 Christo
2336 3430 2468 3484 ergo
2496 3412 2763 3482 legatione
2794 3409 3089 3479 fungimur,
3126 3416 3385 3476 tauquam

1808 3504 1922 3559 Deo
1951 3504 2273 3558 exhortante
2315 3518 2411 3570 per
2469 3516 2569 3555 nos
2596 3513 2611 3552 :
2645 3500 2996 3554 obsecramus
3026 3511 3123 3564 pro
3145 3496 3384 3557 Christo,

1812 3591 2243 3647 reconciliamini
2277 3590 2389 3644 Deo
2411 3587 2479 3642 δι.
2515 3607 2534 3640 ι
2588 3585 2830 3641 Observa
2870 3585 2986 3650 hic,
3017 3584 3157 3653 quod
3185 3581 3385 3636 Christi

1810 3682 2025 3737 nomine
2058 3682 2324 3749 legatione
2361 3679 2653 3748 fungantur
2688 3675 2952 3746 apostoli,
3000 3674 3250 3742 quodque
3291 3687 3389 3738 per

1808 3788 1866 3829 se
1894 3788 1991 3828 nos
2024 3787 2053 3826 a
2092 3772 2200 3827 Deo
2231 3771 2516 3825 admoneri
2566 3776 2833 3823 asserunt.
2881 3765 3083 3820 Deinde
3124 3779 3333 3817 rursum
3366 3778 3381 3813 :

1821 3888 1840 3920 ι
1880 3867 2275 3925 Obsecramus,
2309 3860 2482 3929 inquit
2506 3898 2523 3923 ,
2571 3874 2671 3928 pro
2705 3857 2943 3916 Christo,
2966 3851 3384 3907 reconciliamini

1808 3961 1940 4014 Deo.
1973 3978 1991 4011 ι
2028 3956 2168 4011 Deus
2201 3955 2383 4021 itaque
2415 3959 2500 4005 est
2530 3951 2801 4015 Christus,
2829 3948 3025 4017 quippe
3069 3944 3154 3999 cui
3194 3958 3382 3998 recon-

1808 4050 2000 4115 ciliati,
2037 4049 2146 4103 Deo
2173 4042 2509 4101 reconciliati
2546 4056 2757 4095 sumus.

1889 4160 1907 4193 ι
1948 4142 2054 4197 Sed
2084 4142 2138 4194 in
2166 4139 2420 4193 omnibus
2445 4137 2798 4191 cxhibeamus
2832 4130 3211 4194 nosmetipsos,
3243 4128 3384 4182 sicut

1810 4235 1904 4290 Dei
1938 4234 2214 4288 ministros
2242 4232 2315 4286 δ’.
2350 4250 2371 4284 ι
2421 4231 2522 4296 Qui
2575 4229 2663 4283 hic
2704 4226 2793 4280 Dei
2842 4223 3075 4278 ministri
3111 4221 3384 4284 dicuntur,

148 4338 224 4375 ται
245 4326 334 4378 καὶ
361 4325 624 4396 Χριστοῦέ
651 4326 781 4389 Θεὸς
804 4322 895 4380 οῦν
923 4327 1030 4397 ἄρα
1051 4326 1305 4396 Χριστός.
1340 4346 1357 4376 ι
1380 4327 1569 4396 Ἡμεῖς
1594 4327 1702 4396 γὰρ

1810 4327 1865 4381 hi
1915 4326 2043 4380 alibi
2090 4324 2290 4379 Christi
2342 4322 2577 4377 ministri
2624 4319 2980 4390 appellantur.
3026 4316 3171 4369 Deus
3205 4314 3387 4380 itaque

152 4414 251 4465 ναοί
291 4415 456 4486 ἐσμεν
507 4415 639 4469 Θεοῦ
688 4415 906 4479 ζῶντος,
955 4415 1136 4480 καθὼς
1178 4411 1330 4468 εἶπεν
1363 4418 1391 4469 ὁ
1422 4416 1551 4479 Θεὸς
1577 4457 1591 4481 ,
1620 4418 1704 4471 ὅτι

164 4504 438 4580 Ἐνοικήσω
457 4511 514 4561 ἐν
546 4509 751 4574 αὐτοῖς,
771 4508 865 4561 καὶ
881 4510 1230 4579 ὲμπεριπατή
1242 4526 1319 4561 σω
1335 4525 1348 4539 ο
1387 4509 1482 4562 καὶ
1503 4508 1699 4579 ἔσομαι

155 4595 313 4649 αὐτῶν
340 4600 496 4665 Θεὸς,
538 4600 633 4653 καὶ
666 4600 819 4653 αὐτοὶ
848 4599 1058 4652 ἔσονταί
1111 4617 1199 4669 μοι
1246 4598 1395 4663 λαός.
1425 4618 1443 4651 ι
1494 4599 1555 4654 Ei
1589 4601 1707 4653 ναολ⁵

155 4684 270 4739 Θεοῦ
316 4690 515 4754 ζῶντός
565 4695 768 4760 ἐσμεν,
816 4691 890 4754 ὡς
944 4690 1277 4753 ἐνοικοῦντος
1333 4692 1392 4745 ὲν
1438 4693 1570 4760 ἡμῖν
1616 4690 1707 4745 τοῦ

160 4773 467 4849 Ιινεύματος,
495 4780 524 4833 ὃ
573 4780 665 4833 καὶ
710 4776 847 4833 εἶναι
889 4779 1105 4847 λέγεται
1139 4780 1233 4833 τοῦ
1267 4779 1502 4850 Χριστοῦ
1536 4780 1596 4851 (t
1632 4782 1696 4834 Ei

160 4864 249 4936 γάρ
274 4886 373 4933 τις,
406 4872 562 4941 φησι,
591 4870 815 4940 Πνεῦμα
853 4868 1088 4940 Χριστοῦ
1118 4872 1220 4923 οὐκ
1260 4871 1393 4940 ἔχει,
1425 4866 1577 4934 οὗτος
1607 4872 1709 4926 οὐκ

163 4953 286 5011 ἔστιν
311 4962 471 5015 αὐτοῦ
498 4982 516 5015 ι
542 4963 590 5032 )”
623 4961 737 5027 πῶς
768 4963 827 5015 οὐ
864 4962 995 5027 Θεὸς
1022 4963 1049 5015 ὁ
1075 4963 1342 5034 Χριστό;;

225 5148 241 5180 t
268 5134 587 5207 Δογισμούς,
620 5136 775 5207 φησὶ,
804 5134 1214 5207 καθαιροῦντες,
1241 5134 1331 5188 καὶ
1373 5138 1481 5190 πᾶν
1509 5136 1708 5209 ὕψωμα

165 5218 490 5297 ἐπαιρόμενον
511 5230 653 5281 κατὰ
677 5229 773 5297 τῆς
804 5227 1055 5297 γνώσεως
1082 5226 1177 5280 τοῦ
1199 5226 1356 5293 Θεοῦ,
1388 5228 1481 5281 καὶ
1507 5230 1708 5298 αἰχμα-

165 5306 450 5384 λωτίζοντες
473 5322 580 5373 πᾶν
604 5320 780 5392 νόημα
803 5320 880 5383 εἰς
905 5319 1003 5390 τὴν
1027 5318 1272 5389 ὑπακοὴν
1297 5318 1389 5372 τοῦ
1410 5320 1699 5390 Χριστοῦ.»

1811 4418 2071 4472 Christus.
2145 4433 2165 4466 ι
2221 4415 2331 4469 Vos
2388 4413 2530 4469 enim
2584 4412 2715 4469 estis
2769 4410 3025 4477 templum
3079 4407 3175 4462 Dei
3234 4406 3388 4468 vivi,

1808 4510 1947 4564 sicut
2003 4508 2132 4562 dicit
2175 4506 2314 4561 Deus
2355 4526 2370 4561 :
2422 4504 2733 4560 lnhabitabo
2776 4502 2831 4557 in
2872 4502 3000 4563 illis,
3047 4510 3101 4554 et
3145 4500 3392 4553 inanibu-

1813 4600 1936 4655 laho
1983 4617 1996 4653 :
2058 4608 2113 4652 et
2155 4613 2248 4652 ero
2301 4598 2511 4651 illorum
2577 4596 2749 4661 Deus,
2799 4602 2853 4647 et
2897 4594 2998 4661 ipsi
3051 4597 3211 4646 erunt
3261 4586 3390 4640 mihi

1810 4692 2035 4762 populus
2058 4692 2124 4742 ⁸³.
2165 4709 2183 4742 ι
2220 4688 2275 4745 Si
2312 4689 2414 4743 vivi
2461 4687 2553 4743 Dei
2609 4684 2801 4754 templa
2846 4697 3055 4746 sumus,
3107 4678 3270 4732 veluti
3308 4676 3393 4728 in-

1816 4785 2093 4840 habitante
2133 4783 2183 4836 in
2220 4782 2376 4836 nobis
2422 4780 2649 4851 Spiritu,
2682 4778 2777 4848 qui
2822 4786 2875 4831 et
2920 4773 3120 4830 Christi
3175 4780 3391 4839 quoqu

1816 4874 2052 4943 Spiritus
2107 4885 2227 4927 esse
2278 4872 2475 4926 dicitur
2524 4870 2630 4941 (ait
2678 4869 2820 4924 enim
2870 4861 3207 4934 Apostolus:
3259 4876 3279 4910 ι
3331 4856 3391 4910 Si

1816 4964 1937 5033 quis
1989 4963 2192 5041 Chris'ti
2250 4962 2513 5031 Spiritum
2574 4974 2677 5013 non
2740 4956 2939 5020 habet,
2994 4953 3083 5007 hic
3138 4966 3242 5003 non
3312 4954 3395 5001 εει

1815 5052 1934 5119 ejus
1966 5050 2014 5122 ι)
2049 5068 2063 5107 :
2094 5040 2361 5120 quomodo
2390 5049 2642 5104 Christus
2680 5061 2783 5099 non
2823 5051 2907 5099 est
2940 5040 3123 5096 Deus?

1894 5161 1912 5194 ι
1971 5141 2208 5197 Consilia
2256 5142 2630 5201 destruentes,
2679 5146 2733 5191 et
2781 5149 2995 5190 omnem
3048 5129 3415 5185 altitudinem.

1816 5236 2161 5290 extollentem
2187 5247 2249 5289 se
2273 5235 2533 5287 adversus
2562 5230 2847 5285 scientiam
2876 5226 3003 5289 Dei,
3036 5234 3091 5279 et
3123 5224 3177 5276 in
3226 5219 3394 5288 capti-

1814 5327 2034 5381 vitatem
2098 5324 2404 5394 redigentes
2460 5336 2675 5377 omnem
2732 5320 3065 5375 intellectum
3118 5316 3169 5368 iu
3233 5312 3392 5365 obse-

213 5445 251 5475 ³⁸
276 5448 446 5509 llCor.
469 5470 522 5521 v,
550 5454 601 5510 9.
682 5456 725 5489 ”
751 5454 867 5511 Jac.
904 5469 977 5524 Iv,
1012 5454 1096 5509 12.
1173 5454 1218 5486 ⁸ο
1252 5453 1290 5506 ll
1321 5452 1447 5508 Cor.
1478 5468 1531 5519 v,
1568 5455 1651 5518 ιι,
1697 5454 1705 5507 1

1856 5456 1897 5488 δι
1931 5454 1971 5510 ΙΙ
1991 5456 2113 5512 Cor.
2136 5471 2187 5521 ν,
2211 5456 2304 5513 ΞΟ.
2381 5456 2425 5489 δ’
2453 5454 2496 5512 ll
2526 5455 2649 5511 Cor.
2675 5468 2751 5520 v1,
2773 5452 2825 5508 4.
2902 5451 2947 5484 ⁸³
2979 5448 3136 5514 ibid.,
3170 5442 3256 5500 16.

1220 5613 1392 5668 Variae
1417 5612 1678 5671 lcctioncs
1707 5616 1905 5672 codicis
1935 5614 2293 5687 Seguicriani.

230 5724 254 5753 ’³
280 5719 393 5775 ἴδια.
