4146 6492
617 369 757 425 Ιὲόδ
1604 371 1664 426 5.
1705 370 1977 429 ιιγιιιιιι
2013 370 2206 429 ΑιΕΧλ

2309 369 2479 424 ιιιιιΝι
2517 369 2834 427 ARCIIIEP.
3725 368 3873 423 ιειι

616 483 799 552 quium
830 480 1025 535 Christi
1054 481 1117 533 δ’.
1150 500 1167 530 ι
1201 481 1268 535 At
1298 484 1564 551 quomodo
1595 499 1805 540 omnem
1838 487 2174 540 altitudinem

2309 486 2416 539 :‘iva
2452 485 2653 557 τρόπον
2682 485 3089 558 καθαιρήσομεν
3122 486 3228 539 πᾶν
3261 484 3463 556 ὕψωμα
3501 484 3877 555 ἐπαιρόμενον

616 574 876 627 adversus
901 574 992 627 Dei
1022 573 1301 627 scientiam
1331 590 1389 629 se
1412 577 1761 631 extollentem
1788 577 2186 632 demolientur?

2309 574 2432 627 ιατά
2459 575 2559 644 τῆς
2588 574 2840 642 γνώσεως
2870 575 2964 627 τοῦ
2986 575 3120 628 Θεοῦ
3141 594 3155 641 ;
3178 577 3212 647 ἢ
3237 576 3355 638 πῶς
3382 574 3873 646 αίχμαλωτιοῦμεν

617 671 711 714 aut
777 677 884 729 qua
939 662 1152 715 tandem
1217 664 1423 717 ratione
1472 680 1686 718 onmem
1743 666 2068 720 intellectum
2132 668 2183 721 in

2309 666 2399 717 τᾶν
2427 665 2603 735 νόημα
2629 666 2710 728 είς
2740 666 2838 736 τὴν
2869 666 3117 735 ὑπακοὴν
3142 666 3236 719 τοῦ
3270 666 3542 735 Χριστοῦ;
3575 666 3875 719 Κεκένωκε

616 752 819 806 Christi
867 752 1183 821 obsequium
1222 755 1492 823 captivum
1538 756 1840 810 ducemus?
1888 758 2027 811 Sane
2052 756 2187 813 Ver-

2309 755 2398 825 rap
2431 757 2620 810 ἑαυτὸν
2657 759 2685 810 6
2715 758 2885 825 Λόγος
2934 757 3094 823 ἑκὼν,
3128 758 3223 811 καὶ
3248 758 3469 826 γέγονεν
3503 759 3749 828 ὑπήκοος
3793 757 3874 826 τῷ

617 842 745 897 bum
771 854 962 911 sponte
991 860 1049 899 se
1098 846 1415 911 exinanivit,
1461 844 1605 900 Patri
1649 863 1816 916 usque
1849 849 1915 902 ad
1961 860 2188 904 mortem

2309 845 2475 915 Πατρι
2505 846 2667 916 μέχρι
2696 846 3121 900 θανάτου.Ὂταν
3149 847 3329 899 τοίνυν
3370 848 3433 899 ἐκ
3462 848 3569 900 τῶν
3595 849 3873 914 οίκονομι-

619 933 821 988 l'actum
858 935 1117 989 obedieus
1142 934 1207 989 “.
1250 937 1475 1001 Quando
1506 937 1669 1006 igitur
1712 954 1776 991 ex
1813 938 1878 991 iis
1917 955 2036 1003 qum
2067 956 2192 1008 pro-

618 1033 739 1093 pter
759 1040 1000 1091 carnem,
1022 1027 1373 1096 humanmque
1402 1037 1606 1082 naturae
1638 1028 2029 1095 inﬁrmitatem,
2064 1030 2171 1083 dis-

619 1117 937 1183 pensatorie
995 1118 1063 1170 ab
1092 1133 1158 1171 eo
1185 1118 1323 1171 dicta
1355 1118 1439 1171 vel
1474 1118 1615 1172 facta
1657 1128 1802 1184 sunt,
1841 1121 2055 1188 quidam
2097 1122 2188 1173 ad-

622 1220 817 1261 versus
852 1207 973 1261 Filii
1009 1207 1288 1263 scientiam
1327 1223 1447 1263 sese
1475 1209 1774 1278 erigentes,
1810 1225 1931 1264 eum
1966 1212 2054 1280 qui
2093 1212 2191 1265 hu-

625 1312 784 1350 mana
813 1296 982 1351 forma
1023 1314 1081 1353 se
1127 1299 1318 1364 induit,
1360 1299 1526 1353 Deum
1559 1315 1743 1354 verum
1783 1302 2192 1372 naturalemque

629 1388 724 1444 Dei
760 1390 951 1444 Filium
974 1407 1094 1446 esse
1131 1392 1534 1456 inﬁciabuntur,
1573 1402 1698 1446 tunc
1727 1394 1938 1447 demum
1974 1408 2191 1449 onmem

627 1480 967 1535 altitudinem
997 1498 1055 1537 se
1084 1482 1397 1537 efferentem
1433 1484 1875 1552 comprimenms,
1919 1488 1963 1539 si
2005 1500 2193 1539 eorum

624 1571 719 1638 qui
748 1571 934 1626 isthmc
971 1588 1160 1641 sapere
1190 1574 1547 1637 decreverint,
1597 1574 1937 1643 opiuationes
1979 1585 2195 1630 everte-

624 1676 777 1726 mus,
818 1663 931 1733 68
984 1678 1307 1734 onmemque
1354 1664 1688 1719 intellectum
1754 1667 1819 1719 ad
1874 1667 2195 1721 obedientiae

2294 936 2406 998 κῶς
2436 937 2467 1006 ἢ
2498 936 2900 1007 πεπραγμένων
2929 937 2962 1007 ἢ
2997 939 3323 1009 εἰρημένων,
3349 937 3435 992 διά
3462 956 3526 1005 γε
3557 937 3659 1007 τὴν
3690 937 3872 1003 σάρκα

2291 1029 2385 1080 καὶ
2426 1028 2486 1080 τὸ
2522 1028 2881 1099 ἀνθρώπινον,
2913 1028 3351 1101 κατεπαίρωνταί
3392 1046 3535 1092 τινες
3585 1028 3689 1095 τῆς
3735 1025 3875 1094 γνώ-

2298 1135 2435 1182 σεως
2481 1118 2574 1171 τοῦ
2608 1120 2758 1184 Υἰοῦ,
2808 1120 3060 1188 λέγοντες
3095 1122 3197 1173 οὐκ
3226 1115 3366 1172 εἶναι
3403 1119 3533 1171 Θεὸν
3566 1116 3745 1185 ἀληθῆ
3782 1117 3875 1167 καὶ

2297 1211 2425 1263 Υίδν
2459 1210 2601 1264 κατά
2633 1210 2792 1279 φύσιν
2819 1212 2911 1265 τὸν
2943 1213 3001 1264 ὲν
3035 1211 3351 1281 ἀνθρωπεία
3384 1211 3592 1280 μορφῇ*
3611 1208 3734 1260 τότε
3766 1209 3873 1258 xiv

2297 1302 2497 1372 ὕψωμα
2530 1303 2886 1375 ἐπαιρόμενον
2933 1303 3359 1373 καθαιρήσομεν,
3386 1302 3485 1364 τὰς
3529 1300 3643 1352 τῶν
3688 1300 3876 1351 ἐκεῖνα

2290 1395 2487 1462 φωνεῖν
2520 1393 2809 1463 ᾑρημένων
2838 1393 3235 1463 ἀνατρέποντες
3258 1391 3436 1456 δόξας,
3470 1389 3565 1442 καὶ
3609 1386 3869 1457 περιτρέο

2289 1502 2483 1549 ποντες
2510 1487 2616 1539 πᾶν
2654 1485 2833 1554 νόημα
2869 1486 2949 1547 είς
2986 1482 3085 1554 τὴν
3113 1482 3213 1552 τῆς
3250 1481 3497 1553 ὑπακοῆς
3529 1478 3871 1543 οἰκονομίαν.

2290 1578 2382 1627 Δεῖ
2413 1575 2521 1646 γὰρ
2550 1578 2608 1628 ὲν
2634 1578 2746 1639 τοῖς
2781 1574 2882 1644 τῆς
2914 1572 3334 1645 ἀνθρωπότητος
3369 1574 3590 1643 μέτροις
3612 1569 3878 1640 γεγονότα

2290 1667 2383 1720 τὸν
2412 1667 2541 1720 Υἰὸν
2573 1667 2648 1738 μὴ
2680 1664 3062 1738 παραιτεῖσθαι
3087 1664 3155 1718 τὰ
3185 1664 3519 1738 ἀνθρώπινα.

623 1752 1079 1820 dispensationem
1108 1764 1508 1811 convertemus.
1547 1756 1767 1825 Oportet
1800 1758 1943 1813 enim
1975 1758 2191 1824 Filium,
2233 1759 2322 1827 qui
2354 1759 2406 1814 in
2439 1760 2688 1814 humanae
2722 1768 2931 1814 natura:
2998 1771 3250 1813 mensura
3319 1765 3572 1825 statuque
3602 1752 3877 1824 apparuit,

625 1856 746 1911 quae
777 1844 1026 1897 humana:
1060 1853 1262 1899 natura:
1291 1846 1509 1915 propria
1538 1854 1687 1912 sunt,
1716 1860 1822 1900 non
1856 1848 2121 1902 aversari.

1041 1954 1123 2009 Ea:
1165 1956 1401 2027 Epislola
1437 1962 1507 2015 ad
1547 1961 1791 2019 Galatas.

702 2081 722 2115 ι
757 2062 870 2134 Ego
895 2064 1039 2119 enim
1071 2082 1168 2135 per
1199 2068 1369 2138 legem
1400 2070 1500 2137 legi
1531 2082 1774 2129 mortuus
1817 2090 1961 2138 sum,
2001 2085 2058 2130 ut
2090 2076 2198 2134 Deo

625 2154 846 2207 vivam:
889 2154 1106 2209 Christo
1153 2158 1403 2213 conﬁxus
1451 2175 1568 2215 sum
1628 2163 1801 2217 cruci.
1836 2162 1974 2218 Vivo
2018 2174 2198 2220 autem

622 2244 738 2312 jam
777 2258 882 2299 non
917 2260 1038 2313 ego,
1071 2247 1203 2300 vivit
1228 2264 1354 2302 vero
1404 2250 1455 2304 in
1498 2267 1583 2307 me
1610 2252 1877 2310 Christus.
1911 2256 2063 2322 Quod
2105 2273 2204 2311 au-

629 2344 737 2390 tem
769 2351 911 2391 nunc
943 2339 1064 2392 vivo
1095 2338 1147 2391 in
1183 2354 1365 2407 carne,
1400 2342 1451 2396 in
1488 2344 1594 2398 ﬁde
1622 2346 1748 2401 vivo
1777 2346 1901 2401 Filii
1945 2347 2076 2415 Dei,
2106 2351 2199 2419 qui

634 2427 825 2483 dilexit
865 2442 989 2492 me,
1052 2438 1108 2483 et
1147 2431 1365 2485 tradidit
1411 2435 1758 2505 semetipsum
1802 2453 1899 2508 pro
1955 2455 2041 2495 me
2065 2440 2130 2495 ⁸⁸.
2178 2460 2199 2495 ι

630 2518 771 2584 Quid
799 2519 1011 2574 divinus
1043 2519 1240 2577 Paulus
1273 2524 1375 2578 hoc
1408 2526 1529 2581 loco
1571 2527 1750 2595 dicat,
1780 2532 2068 2602 diligenter
2112 2549 2207 2589 ex-

631 2611 969 2679 pendendum
999 2623 1104 2668 est.
1147 2612 1257 2669 Lex
1303 2629 1462 2682 quam
1502 2619 1640 2675 Deus
1684 2623 2067 2691 prophetarum
2111 2641 2206 2682 ore

632 2702 1099 2772 promulgaverat,
1126 2706 1391 2772 ejusmodi
1438 2719 1597 2764 erat:
1637 2728 1655 2762 ι
1688 2710 1878 2770 Justus
1920 2727 2100 2771 autem
2136 2732 2203 2771 ex

634 2795 740 2850 ﬁde
795 2794 943 2849 vivet
970 2796 1035 2851 ⁸⁷.
1079 2815 1099 2850 ι
1139 2796 1269 2853 Erat
1326 2807 1383 2853 et
1441 2814 1538 2868 per
1589 2801 1807 2874 Moysen
1857 2820 2072 2876 quoque
2119 2807 2207 2863 lex

634 2889 764 2944 lata.
805 2885 897 2942 Ait
937 2901 1109 2959 ergo:
1151 2888 1302 2945 Fidei
1348 2890 1520 2961 legem
1565 2896 1897 2965 complexus,
1943 2898 2046 2968 legi
2088 2899 2207 2954 Mo-

633 2980 794 3034 saicae
839 2988 1083 3036 mortuus
1134 2996 1296 3049 sum;
1342 2983 1448 3039 hoc
1490 2997 1595 3053 est,
1640 3002 1761 3055 qure
1796 2991 2069 3046 veteribus
2115 3007 2211 3060 per

636 3072 858 3125 umbras
890 3082 944 3124 et
978 3073 1178 3140 liguras
1217 3075 1481 3142 praeﬁnita
1512 3087 1699 3144 erant,
1732 3093 1796 3133 ea
1838 3081 2067 3150 amplius
2100 3098 2209 3137 non

639 3170 858 3227 prmsto.
886 3162 999 3217 lloc
1030 3167 1204 3233 ipsum
1236 3167 1381 3220 enim
1425 3177 1507 3222 est
1548 3170 1650 3239 legi
1682 3169 1932 3227 Mosaicae
1972 3184 2211 3231 mortuos

2708 1968 2805 2021 Ἕκ
2844 1964 2950 2034 τῆς
2988 1966 3138 2035 πρὸς
3174 1964 3474 2031 Γαλάτας.

2373 2097 2392 2131 ι
2414 2076 2556 2149 Ἐγὼ
2603 2077 2711 2147 γὰρ
2760 2077 2847 2131 διὰ
2896 2077 3063 2147 νόμου
3112 2077 3261 2148 νόμῳ
3287 2075 3580 2139 ἀπέθανον,
3622 2074 3715 2128 ἶνα
3760 2072 3883 2142 Θεῷ

2302 2171 2453 2241 ζήσω
2483 2184 2496 2197 ·
2521 2167 2741 2240 Χριστῷ
2785 2168 3252 2238 συνεσταύρωμαι.
3284 2167 3370 2220 Ζῶ
3403 2167 3459 2220 δὲ
3489 2167 3591 2219 οὐκ
3634 2166 3717 2218 ἔτι
3745 2165 3879 2231 ἐγὼ,

2303 2260 2369 2332 ζῇ
2403 2261 2459 2313 δὲ
2504 2262 2564 2313 ὲν
2613 2262 2736 2331 ἐμοὶ
2766 2259 3096 2331 Χριστός.⁹’0
3127 2259 3184 2312 δὲ
3229 2258 3325 2312 νῦν
3370 2258 3447 2323 ζῶ
3495 2261 3552 2312 ὲν
3602 2257 3793 2327 σαρκὶ,
3823 2258 3879 2309 ἐν

2303 2351 2485 2404 πίστει
2534 2349 2612 2414 ζῶ
2645 2352 2712 2420 τῇ
2746 2348 2877 2401 Υίοῦ
2911 2348 3004 2401 τοῦ
3038 2347 3196 2413 Θεοῦ,
3227 2346 3322 2401 τοῦ
3363 2346 3757 2416 ἀγαπήσαντός
3790 2362 3879 2415 με,

2304 2442 2399 2496 καὶ
2427 2443 2757 2513 παραδόντος
2785 2443 2977 2496 ἑαυτὸν
3003 2441 3144 2513 ὑπὲρ
3178 2442 3314 2509 ἐμοῦ
3335 2450 3380 2496 ο.
3413 2461 3431 2495 ι
3466 2442 3529 2494 Τί
3553 2441 3611 2494 δὲ
3636 2441 3751 2511 ἄρα
3778 2457 3879 2508 φη·-

2307 2534 2392 2587 σὶν
2418 2535 2475 2587 ὲν
2505 2532 2719 2596 τούτοις
2762 2534 2791 2585 ό
2834 2533 3118 2596 θεσπέσιος
3162 2532 3396 2594 Παῦλος,
3425 2530 3667 2584 κατιδεῖν
3713 2531 3883 2597 ἀναγ-

2307 2626 2481 2678 καῖον.
2513 2623 2696 2693 Νόμος
2721 2623 2963 2677 τέθειται
2996 2622 3149 2694 παρά
3181 2621 3314 2677 Θεοῦ
3342 2622 3430 2674 διὰ
3452 2620 3638 2689 φωνῆς
3665 2636 3881 2689 προφηο

2305 2715 2434 2779 τῶν,
2465 2716 2557 2768 καὶ
2591 2710 2661 2786 ἦν
2687 2709 2868 2777 οὗτος·
2908 2733 2926 2765 ι
2949 2714 3005 2767 '0
3031 2713 3087 2766 δὲ
3115 2713 3321 2775 δίκαιος
3364 2713 3430 2765 ὲκ
3456 2711 3693 2774 πίστεως
3723 2709 3883 2779 ζήσε-

2306 2824 2415 2861 ται.
2444 2826 2463 2858 ι
2530 2806 2779 2860 Τέθειται
2829 2806 2886 2859 δὲ
2936 2805 3031 2858 καὶ
3080 2804 3244 2873 νόμος
3288 2803 3379 2857 διὰ
3417 2801 3685 2866 Μωσέως.
3712 2801 3883 2869 Νόμῳ

2307 2896 2486 2951 τοίνυν
2511 2895 2589 2967 τῷ
2614 2897 2713 2967 τῆς
2744 2896 2997 2959 πίστεως,
3028 2893 3212 2965 φησιν,
3241 2891 3637 2960 ἀκολουθήσας,
3675 2890 3885 2944 ἀπέθα-

2307 3005 2397 3044 νον
2428 2990 2506 3059 τῷ
2531 2988 2681 3058 νόμῳ
2712 2986 2789 3057 τῷ
2822 2986 2912 3040 διὰ
2934 2985 3178 3049 Μωσέως
3197 3024 3214 3049 ,
3247 2986 3347 3038 οὐκ
3374 2985 3676 3053 ἐνεργήσας
3699 2983 3797 3035 ἐπὶ
3820 2981 3885 3034 τὰ

2308 3077 2384 3141 ὡς
2422 3080 2480 3131 ὲν
2526 3079 2653 3148 σκιᾷ
2703 3080 2794 3131 καὶ
2831 3076 3021 3140 τύποις
3066 3075 3398 3146 διωρισμένα
3443 3076 3557 3136 τοῖς
3608 3070 3887 3143 ἀρχαίοις.

2312 3168 2484 3222 Τοῦτο
2512 3169 2620 3239 γάρ
2648 3170 2765 3221 ἐστι
2796 3168 2878 3235 τὸ,
2906 3167 3055 3237 νόμῳ
3080 3165 3157 3236 τῷ
3183 3165 3270 3218 διὰ
3294 3163 3538 3225 Μωσέως
3564 3161 3885 3222 ἀποθανεῖν,

637 3266 779 3316 esse,
829 3267 936 3321 quo
968 3252 1224 3311 nimirum
1256 3255 1380 3309 ﬁdei
1407 3271 1527 3325 qua:
1567 3258 1618 3311 in
1646 3258 1923 3316 Christum
1960 3273 2079 3327 est,
2117 3266 2206 3319 ad-

2314 3260 2403 3313 ἴνα
2450 3259 2569 3330 Θεῷ
2614 3259 2907 3330 ζήσωμεν,
2961 3261 3027 3329 τῇ
3078 3258 3159 3320 εἰς
3204 3255 3439 3325 Χριστὸν
3494 3254 3888 3323 προσκείμενοι

641 3343 909 3397 hzerentes
945 3342 1057 3396 Deo
1086 3343 1347 3398 vivamus.
1388 3346 1519 3400 Cum
1574 3347 1739 3417 igitur
1765 3348 2206 3417 jnstiﬁcationem

2318 3352 2658 3404 πίστει.’⁹οτε
2700 3350 2881 3403 τοίνυν
2936 3349 3355 3419 ἀποθνήσκομεν
3397 3345 3476 3415 τῷ
3513 3345 3599 3398 διὰ
3641 3344 3888 3405 Μωσέως

640 3453 762 3505 quae
792 3453 889 3508 per
908 3437 1185 3493 Christum
1213 3437 1462 3508 contigit,
1500 3442 1761 3510 potiorem
1802 3443 2077 3509 ducentes,
2110 3445 2210 3515 legi

640 3529 890 3585 Mosaicae
930 3530 1283 3596 emoriamur,
1355 3544 1461 3598 qua
1526 3533 1734 3587 ratione
1779 3532 2061 3600 Christus,
2118 3550 2213 3604 per

640 3638 801 3692 quem
851 3623 934 3678 lex
985 3632 1239 3692 tanquam
1290 3622 1394 3677 ﬁde
1433 3622 1698 3677 inﬁrmior
1732 3635 2058 3692 evacuatur,
2103 3642 2210 3680 non

640 3714 745 3767 erit
794 3713 978 3767 Deus?
1029 3712 1181 3780 Quod
1238 3713 1283 3767 si
1334 3728 1461 3769 vero
1509 3714 1757 3770 Christus
1795 3719 1955 3771 homo
2003 3725 2211 3772 tantum

641 3812 781 3868 erat,
829 3805 1099 3873 quomodo
1150 3804 1282 3860 ﬁdes
1333 3804 1388 3859 in
1437 3805 1611 3875 ipsum
1659 3805 1775 3877 ipsa
1818 3805 1936 3878 lege
1968 3809 2213 3878 superior

641 3895 846 3951 evasit?

719 4006 739 4040 ι
791 3986 892 4055 Qui
930 4002 1061 4057 ergo
1103 3987 1292 4045 tribuit
1334 3988 1487 4045 nobis
1525 3990 1820 4059 Spiritum,
1867 4002 1922 4047 et
1962 4002 2215 4062 Operatur

642 4079 875 4133 virtutes
907 4078 960 4134 in
990 4080 1144 4135 nobis
1166 4121 1181 4141 ,
1212 4095 1275 4134 ex
1310 4083 1566 4148 Operibus
1612 4084 1765 4153 legis,
1806 4098 1872 4137 an
1923 4099 1989 4137 ex
2028 4085 2215 4138 auditu

646 4168 769 4224 ﬁdei
795 4168 876 4220 “‘2
915 4187 933 4221 ι
970 4166 1027 4222 Si
1063 4169 1148 4224 lex
1180 4168 1439 4233 Mosaica,
1477 4172 1689 4225 tametsi
1728 4171 1818 4226 Dei
1850 4170 1935 4225 lex
1962 4181 2125 4235 esset,
2158 4180 2213 4226 et

645 4260 716 4314 ab
745 4261 950 4331 angelis
977 4262 1313 4331 promulgata
1340 4269 1507 4327 esset,
1540 4278 1643 4316 non
1670 4261 2045 4317 subministrat
2095 4262 2218 4331 Spi-

649 4354 812 4409 ritum
845 4363 1122 4418 sanctum,
1152 4368 1330 4422 neque
1364 4351 1455 4406 ulli
1492 4367 1611 4406 eam
1644 4352 1914 4421 impertita
1960 4362 2044 4406 est
2076 4353 2216 4418 vim,

651 4454 712 4500 ut
756 4444 1017 4500 miracula
1065 4454 1378 4514 perpetrare
1423 4452 1643 4513 posset;
1692 4457 1784 4511 per
1836 4441 1991 4497 ﬁdem
2037 4452 2216 4496 autem

651 4550 771 4605 qua:
801 4544 884 4590 est
925 4536 977 4589 in
1007 4534 1301 4599 Christum,
1334 4534 1673 4603 assequimnr
1713 4543 2041 4602 utrumque:
2086 4547 2220 4602 quo-

2316 3439 2484 3509 νόμῳ,
2519 3437 2615 3506 τὴν
2662 3439 2722 3490 ὲν
2768 3437 2990 3508 Χριστῷ
3022 3436 3396 3507 προτιμῶντες
3431 3433 3734 3496 δικαίωσιν,
3774 3432 3887 3495 πῶς

2316 3531 2378 3583 οὐ
2427 3530 2558 3593 Θεὸς
2604 3531 2632 3582 ὁ
2672 3531 2927 3600 Χριστὸς,
2980 3529 3044 3581 δι’
3073 3528 3130 3580 ὃν
3185 3528 3541 3598 καταργεῖται
3590 3526 3781 3593 νόμος,
3815 3524 3887 3584 ὡς

2316 3622 2677 3694 διαφερούσης
2721 3621 2885 3676 αὐτοῦ
2934 3620 3032 3691 τῆς
3077 3620 3349 3683 πίστεως;
3385 3619 3448 3672 El
3494 3618 3552 3671 δὲ
3600 3618 3889 3688 ἄνθρωπος

2319 3715 2505 3776 ἁπλῶς
2549 3710 2619 3785 ἦν
2661 3716 2689 3766 6
2733 3711 2985 3784 Χριστὸς,
3029 3710 3146 3774 πῶς
3194 3712 3259 3764 ἂν
3310 3710 3526 3780 ἐγένετο
3576 3710 3669 3764 καὶ
3723 3708 3885 3777 νόμον

2320 3808 2582 3877 κρείττων
2612 3807 2645 3876 ή
2673 3806 2855 3868 πίστις
2884 3806 2917 3875 ή
2951 3805 3029 3867 είς
3053 3802 3252 3871 adadv;

2400 4011 2417 4044 ι
2441 3992 2499 4044 '0
2528 3988 2620 4044 οὖν
2648 3986 2992 4060 ἐπιχορηγῶν
3013 3989 3143 4058 ἡμῖν
3170 3986 3228 4039 τὸ
3256 3983 3497 4054 Πνεῦμα,
3527 3982 3621 4035 καὶ
3652 3981 3889 4050 ἐνεργῶν

2320 4083 2599 4153 δυνάμεις,
2632 4080 2692 4146 ἐξ
2718 4080 2892 4151 ἔργων
2930 4079 3120 4149 νόμου,
3160 4077 3192 4147 ἢ
3241 4075 3301 4140 ἐξ
3349 4075 3519 4143 ἀκοῆς
3566 4072 3835 4133 πίστεωςς
3866 4089 3884 4119 ι

2322 4175 2386 4229 El
2416 4177 2444 4226 6
2470 4172 2633 4243 νόμος
2666 4173 2694 4223 6
2740 4170 2828 4222 διὰ
2873 4168 3138 4230 Μωσέως,
3178 4165 3356 4219 καίτοι
3402 4163 3538 4217 Θεοῦ
3584 4164 3749 4232 νόμος
3796 4160 3886 4220 ῶν,

2323 4266 2419 4319 καὶ
2461 4262 2714 4331 λαληθεὶς
2762 4260 2828 4313 δι’
2860 4258 3125 4327 ἀγγέλων,
3156 4256 3258 4310 οὐκ
3288 4256 3401 4325 ἔχει
3444 4254 3542 4324 τὴν
3592 4253 3686 4305 τοῦ
3739 4252 3888 4319 ἁγίου

2326 4353 2642 4423 Πνεῦματος
2667 4351 2949 4423 χορηγίαν,
2978 4348 3100 4402 οὗτε
3138 4348 3243 4418 μὴν
3288 4344 3624 4417 προύξένησέ
3672 4360 3788 4395 τισι
3834 4342 3891 4392 τὸ

2326 4446 2567 4516 ἐνεργεῖν
2597 4442 2855 4497 δύνασθαι
2884 4439 2954 4493 τὰ
2993 4438 3268 4511 παράδοξα
3289 4477 3304 4502 ,
3342 4435 3695 4508 κερδαίνομεν
3730 4434 3788 4487 δὲ
3810 4434 3892 4486 διὰ

2326 4542 2423 4611 τῆς
2462 4538 2698 4607 πίστεως
2724 4535 2824 4605 τῆς
2852 4535 2929 4597 είς
2958 4531 3194 4603 Χριστὸν
3218 4530 3504 4601 ἀμφότερα
3523 4545 3537 4559 ⁸
3568 4527 3684 4590 πῶς
3713 4528 3815 4580 οὐκ
3840 4528 3891 4577 ὲν

650 4625 811 4680 modo
839 4624 968 4680 ﬁdes
997 4626 1217 4695 antiqua
1253 4626 1369 4693 lege
1402 4641 1507 4679 non
1549 4634 1630 4680 est
1674 4623 2050 4694 praestantior?
2076 4623 2206 4677 Rur-

2323 4631 2602 4702 ἀμείνοσιν
2631 4628 2665 4698 ή
2696 4626 2879 4688 πίστις
2917 4624 3010 4677 τοῦ
3062 4622 3291 4677 παλαιοῦ
3337 4621 3537 4691 νόμου;
3573 4620 3680 4672 Καὶ
3715 4621 3766 4670 εἰ
3802 4618 3888 4672 ἆν-

651 4729 770 4768 sum
823 4715 869 4769 si
909 4716 1070 4770 homo
1113 4724 1232 4771 erat
1280 4716 1530 4772 Christus
1562 4717 1709 4771 nulla
1757 4733 1822 4773 ex
1854 4729 2007 4787 parte
2036 4728 2204 4787 ,nostr

2331 4722 2546 4792 θρωπος
2571 4713 2638 4787 ἦν
2664 4716 2852 4778 ἁπλῶς
2882 4714 3005 4768 καθ’
3036 4715 3203 4784 ἡμᾶς,
3240 4711 3358 4775 πῶς
3404 4711 3547 4764 θεῖον
3576 4711 3889 4778 κατήργησε

650 4805 949 4871 dissimilis,
998 4808 1089 4877 qui
1129 4808 1246 4863 ﬁeri
1281 4810 1475 4877 potuit,
1506 4818 1564 4863 ut
1595 4810 1725 4863 lides
1765 4808 1816 4862 in
1869 4807 2042 4878 ipsum
2086 4809 2224 4863 divi-

653 4914 777 4953 nam
807 4898 977 4969 legem
1008 4900 1351 4956 aboleverit?
1397 4902 1455 4957 Si
1499 4902 1623 4956 item
1656 4916 1751 4970 per
1798 4901 1957 4955 ﬁdem
2004 4898 2225 4968 majori-

652 4991 755 5046 bus
810 4992 969 5047 bonis
1018 4994 1364 5063 perfruimur,
1412 5010 1572 5063 quam
1618 4998 1709 5063 qui
1767 5009 1862 5061 per
1904 4993 1955 5047 id
2010 5001 2221 5059 tempus

653 5085 858 5151 vixere,
896 5100 1002 5153 quo
1038 5084 1124 5139 lex
1168 5101 1321 5140 suam
1363 5087 1539 5139 adhuc
1577 5086 1684 5139 vim
1730 5084 2027 5149 obtinebat,
2080 5097 2219 5152 quo-

657 5172 818 5227 modo
846 5173 1095 5228 Christus
1126 5188 1231 5229 non
1261 5182 1345 5228 est
1372 5172 1555 5227 Deus?

736 5280 756 5316 ι
790 5262 946 5318 Prius
978 5273 1157 5318 autem
1186 5279 1347 5334 quam
1393 5263 1601 5319 veniret
1633 5262 1797 5330 ﬁdes,
1828 5263 1927 5317 sub
1973 5262 2089 5333 lege
2133 5276 2226 5316 cu-

2330 4813 2492 4881 νόμον
2523 4812 2556 4880 ή
2588 4810 2768 4871 πίστις
2796 4809 2830 4879 ή
2858 4808 2938 4870 είς
2965 4805 3161 4869 αὺτόν;
3196 4804 3304 4857 Καὶ
3344 4804 3392 4855 εί
3437 4801 3606 4870 ἐσμὲν
3640 4800 3700 4851 ἐν
3742 4798 3887 4869 ἀμείο

2327 4916 2475 4954 νοσιν
2503 4901 2551 4952 οἱ
2572 4897 2661 4951 διὰ
2684 4898 2922 4958 πίστεως
2952 4894 3174 4966 μᾶλλον,
3197 4893 3229 4963 ἢ
3255 4893 3412 4962 οἵπερ
3432 4887 3568 4962 ἦσαν
3595 4890 3728 4951 ἴσως
3764 4887 3890 4959 ,κατ’

2329 4989 2571 5049 ἐκείνους
2603 4988 2727 5050 τοὺς
2760 4987 3003 5057 καιροὺς,
3035 4985 3156 5038 καθ’
3187 4983 3281 5047 οῦς
3317 4978 3384 5053 ἧν
3415 4984 3442 5035 6
3473 4981 3661 5051 νόμος⁸
3693 4978 3810 5042 πῶς
3834 4977 3888 5029 οὐ

2330 5082 2463 5145 Θεὸς
2496 5083 2524 5134 ὁ
2546 5078 2806 5150 Χριστός;

2413 5277 2431 5310 ι
2462 5256 2572 5327 Πρὸ
2598 5255 2655 5308 δὲ
2678 5252 2773 5307 τοῦ
2808 5252 2980 5307 ἐλθεῖν
3006 5251 3103 5322 τήν
3133 5248 3346 5314 πίστιν,
3375 5245 3479 5298 ὑπὸ
3518 5242 3681 5313 νόμον
3713 5243 3888 5311 Eappan-

605 5468 634 5550 ἐς
698 5396 781 5471 Διί
820 5436 863 5492 ιι
888 5436 1012 5494 Cor.
1040 5453 1093 5503 x,
1120 5440 1171 5494 ες.
1251 5439 1294 5472 ’σε
1328 5438 1560 5509 Philipp.
1597 5453 1655 5503 ιι,
1688 5437 1738 5501 7,
1783 5436 1837 5492 s.
1914 5439 1959 5469 ιη
2000 5433 2206 5490 Galam

2309 5433 2386 5499 l9,
2418 5432 2511 5486 20.
2590 5430 2634 5464 ’⁵⁷
2670 5429 2873 5484 llabac.
2918 5444 2977 5494 ιι,
3007 5428 3060 5481 4.
3140 5424 3184 5457 ³⁸
3215 5426 3391 5481 ϐειιςιι.
3428 5437 3513 5486 ιιι,
3594 5420 3649 5474 5.

1736 5590 1908 5645 Varia:
1946 5590 2200 5645 lectiones
2231 5587 2429 5645 codicis
2463 5584 2816 5657 Seguieriani.

753 5733 775 5760 ⁶
815 5730 845 5798 ἡ
854 5727 986 5797 μῶν.
