4058 6496
80 368 286 425 12ιεί

1295 372 1396 429 DE-
1424 373 1651 431 RECTA
1691 376 1849 434 FIDE
1889 377 1978 431 AD
2017 375 2339 433 REGINAS.

3317 372 3456 429 1236

84 491 472 563 ροῦμεθα,
506 492 918 565 συγκλειόμεναι
972 495 1052 558 είς
1106 494 1208 567 τὴν
1266 496 1565 566 μέλλουσαν
1600 499 1781 555 πίστιν

1887 501 2280 564 stodiehamur,
2312 494 2551 554 conclusi
2582 493 2635 548 in
2663 506 2783 547 eam
2824 491 3002 553 ﬁdem,
3026 505 3145 561 qua:
3168 489 3452 544 revelanda

81 583 687 655 ἀτύοκαλυφθῆναιθ
737 584 877 639 ὥστε
930 587 958 639 6
1006 585 1173 656 νόμος
1223 588 1571 657 παιδαγωγὸς
1619 590 1776 662 ἡμῶν

85 673 421 743 γέγονεν
471 678 552 740 είς
598 668 854 747 Χρῖστὸν,
888 677 976 731 ἵνα
1010 679 1073 731 ἐκ
1102 678 1338 743 πίστεως
1375 680 1771 753 δικαιωθῶμεν.

108 763 378 817 ἙλΘού
390 784 506 837 σης
530 767 588 819 δὲ
616 766 715 836 τῆς
744 767 977 831 πίστεως
996 809 1010 831 ,
1036 769 1135 822 οὑκ
1162 769 1242 822 ἔτι
1285 770 1389 823 ὑπὸ
1436 772 1779 841 παιδαγωγόν

95 854 370 924 ἐσμεν.
426 857 633 919 Πάντες
680 854 788 926 γὰρ
829 856 935 908 υἱοὶ
977 855 1113 909 Θεοῦ
1148 858 1271 910 ἐστε
1301 857 1391 911 διὰ
1421 859 1520 930 τῆς
1545 860 1781 925 πίστεως

101 947 178 997 ἐν
242 947 529 1018 Χριστῷ
578 947 940 1018 Ἰησοῦ.”οσοι
978 948 1087 1020 γὰρ
1138 950 1218 1013 είς
1270 951 1506 1020 Χριστὸν
1552 952 1781 1005 ἐσαπτί-

114 1034 383 1105 σθητε,
439 1037 672 1108 Χριστὸν
716 1035 1111 1109 ἐν[ε]δὺσασθε.
1143 1056 1163 1090 ι
1200 1039 1263 1091 Ei
1289 1039 1634 1108 παιδαγωγὸς
1657 1037 1724 1111 ἦν
1752 1043 1781 1094 ὀ

108 1126 370 1195 νόμος,
416 1128 520 1181 οὑκ
552 1128 636 1196 ἐφ’
661 1129 849 1193 ἕτερον
875 1127 1185 1199 ἀναφέρων,
1222 1128 1362 1200 πλὴν
1389 1130 1472 1183 ὅτι
1501 1131 1663 1199 μόνον
1689 1130 1782 1182 ἐπὶ

112 1217 459 1288 Χριστὸν,
501 1218 682 1272 καίτοι
707 1220 805 1288 τῆς
830 1217 1066 1287 ἀληθοῦς
1109 1218 1440 1287 θεογνωσίας
1464 1221 1782 1284 διδάσκαλος

118 1307 245 1372 ὢν,
291 1309 449 1371 πῶς
494 1310 558 1362 οὑ
602 1309 733 1372 Θεὸς
782 1310 810 1361 ὁ
852 1310 1123 1380 Χριστός;
1174 1311 1284 1365 Καὶ⁸
1326 1313 1374 1365 εί
1428 1315 1781 1382 καταργεῖται

121 1398 343 1465 νόμος
407 1399 497 1452 διά
544 1400 646 1470 τῆς
687 1399 926 1465 πίστεως
970 1401 1067 1473 τῆς
1116 1403 1195 1465 είς
1226 1402 1408 1467 αὑτὸν,
1442 1404 1535 1457 καὶ
1577 1402 1637 1455 τὸ
1682 1404 1782 1473 τῆς

130 1490 585 1560 παιδαγωγίας
641 1491 791 1564 αὐτῷ
842 1492 998 1557 τέλος
1048 1494 1436 1565 παραδίδωσιν,
1469 1494 1545 1558 ὡς
1597 1496 1678 1558 είς
1721 1494 1783 1547 τὸ

128 1582 358 1653 ἀκρον
392 1584 599 1650 ἀγαθὸν
627 1584 914 1655 ἀναφέρων
941 1587 1067 1649 τοὺς
1096 1586 1649 1657 παιδαγωγουμένους
1667 1603 1680 1616 ·
1720 1586 1782 1639 τὸ

134 1671 207 1725 δὲ
248 1674 359 1737 εἰς
400 1675 559 1744 λῆξιν
582 1674 784 1742 ἀγαθὸν
810 1676 896 1747 εἴη
924 1675 989 1730 ἂν
1019 1676 1203 1747 ἕτερον
1233 1676 1385 1730 οὐδὲν
1418 1677 1569 1748 παρά
1593 1694 1657 1745 γε
1682 1676 1781 1748 τὴν

136 1764 261 1833 τῆς
294 1764 560 1835 ἀληθοῦς
598 1765 930 1834 θεογνωσίας
960 1766 1166 1836 εἴδησιν
1186 1781 1200 1795 °
1240 1766 1358 1829 πῶς
1388 1765 1453 1819 ἂν
1487 1765 1780 1819 ἐνδοιάσειέ

1883 606 2021 651 erat.
2053 595 2237 663 Itaque
2265 592 2351 647 lex
2386 592 2707 657 pardagogus
2737 583 2850 654 69
2879 591 3060 636 noster
3091 581 3191 635 fuit
3223 580 3275 635 in
3306 580 3455 636 Chri-

1883 697 1990 750 sto,
2017 695 2075 739 ut
2105 701 2170 740 ex
2210 684 2313 739 ﬁde
2337 681 2717 750 iustiﬁcemur.
2753 679 2823 733 At
2855 678 2943 732 ubi
2985 678 3129 733 venit
3176 676 3306 731 ﬁdes
3343 676 3454 745 jam

1880 790 1986 832 non
2033 791 2221 831 sumus
2267 774 2369 829 sul)
2420 771 2747 841 padagOgo:
2796 784 2985 823 omnes
3022 770 3163 823 enim
3212 769 3307 823 ﬁlii
3358 768 3452 823 Dei

1880 867 2011 921 estis
2039 882 2136 937 per
2182 866 2339 919 ﬁdem
2389 864 2441 918 in
2481 863 2697 918 Christo
2736 859 2884 914 Jesu.
2947 861 3263 927 Quicunque
3310 860 3453 914 enim

1882 958 1936 1012 in
1976 956 2192 1011 Christo
2223 954 2477 1022 baptizati
2518 952 2673 1017 estis,
2726 949 2999 1006 Christmu
3052 948 3304 1004 induistis
3328 949 3395 1001 δ’.
3427 967 3447 1000 ι

1883 1047 1941 1102 Si
1977 1046 2059 1101 lex
2087 1046 2408 1116 pzedagogus
2432 1054 2571 1107 erat,
2599 1043 2742 1097 haud
2769 1043 2835 1095 ad
2866 1040 3031 1094 alium
3070 1053 3170 1094 nos
3219 1039 3455 1105 dirigens
3541 1116 3544 1119 η

1881 1153 2044 1206 quam
2074 1140 2141 1191 ad
2170 1137 2342 1192 solum
2378 1135 2681 1199 Christum,
2710 1133 2960 1202 quamvis
2992 1132 3086 1185 Dei
3133 1131 3455 1200 cognitionis

1881 1238 2028 1283 esset
2072 1228 2348 1294 magistra,
2381 1227 2653 1295 quomodo
2706 1224 2955 1279 Christus
3004 1238 3111 1277 non
3157 1232 3239 1277 est
3277 1222 3455 1275 Deus?

1883 1318 2115 1374 Rursum
2145 1320 2188 1373 si
2219 1320 2303 1372 lex
2330 1333 2424 1387 per
2460 1318 2639 1381 ﬁdem,
2670 1330 2791 1385 quae
2819 1325 2905 1369 est
2943 1315 2995 1368 in
3046 1315 3240 1383 ipsum,
3275 1312 3456 1367 abole-

1885 1419 1996 1473 tur,
2016 1409 2373 1475 eamdemque
2396 1423 2424 1459 a
2448 1406 2772 1476 paedagogia:
2794 1418 3020 1458 munere
3045 1402 3277 1457 absolvit
3299 1401 3455 1463 ﬁdes.

1884 1508 2138 1566 tanquam
2180 1512 2299 1567 qua:
2346 1496 2622 1551 institutos
2668 1497 2733 1549 ad
2791 1508 3063 1549 summum
3107 1493 3220 1563 jam
3256 1494 3453 1548 bonum

1882 1590 2162 1653 evexerit;
2229 1603 2499 1642 summum
2546 1597 2725 1640 autem
2779 1584 2979 1639 bonum
3027 1599 3132 1638 nou
3181 1590 3267 1637 est
3309 1582 3453 1635 aliud

1884 1695 2045 1749 quam
2098 1680 2333 1748 perfecta
2380 1677 2626 1732 veritatis
2672 1676 2975 1745 diviuzeque
3037 1675 3242 1730 notitia:
3281 1675 3455 1729 scien-

1885 1772 2009 1824 tia:
2071 1768 2157 1823 cui
2211 1769 2523 1836 ambiguum
2567 1783 2686 1823 esse
2732 1777 2949 1837 potest,
3015 1767 3141 1834 quin
3197 1765 3337 1819 Deus
3384 1764 3459 1817 sit

140 1870 277 1919 τις,
317 1856 417 1909 ὅτι
446 1856 579 1919 Θεός
608 1859 763 1922 ἐστι;
794 1856 1187 1926 Βαπτιςόμενοι
1215 1856 1272 1910 δὲ
1308 1857 1386 1919 είς
1424 1857 1665 1927 Πατέρα,
1685 1856 1780 1909 καὶ

1884 1858 2177 1914 Christus?
2220 1858 2484 1927 Baptizati
2533 1869 2716 1912 autem
2757 1856 2810 1911 in
2856 1854 3107 1920 Patrem,
3139 1864 3188 1907 et
3236 1853 3455 1915 Filium.

146 1946 338 2011 Υἱὸν,
376 1948 471 2000 καὶ
502 1949 657 2016 ἅγιον
693 1948 939 2019 Πνεῦμα,
977 1948 1092 2011 πῶς
1136 1948 1215 2011 είς
1251 1947 1485 2016 Χριστὸν
1524 1946 1784 2017 βεϐαπτίο

150 2036 399 2105 σμεθα,
430 2038 588 2107 εἴπερ
610 2038 759 2090 ἐστὶν
787 2038 885 2108 οὐχ
916 2038 1043 2101 Υίὸς
1071 2037 1293 2108 ἀληθὴς,
1317 2038 1492 2091 καίτοι
1522 2036 1617 2089 τοῦ
1641 2037 1785 2090 κατὰ

153 2129 359 2197 φύσιν
394 2129 513 2192 ἐνὸς
546 2130 697 2193 ὄντος
734 2128 893 2196 Υίοῦ;
947 2129 1104 2182 Ἀλλὰ
1134 2130 1240 2201 μὴν
1289 2131 1369 2192 είς
1418 2127 1579 2181 αὑτὸν
1623 2128 1785 2198 βεϐα-

154 2222 502 2291 πτίσμεθα’
536 2221 668 2285 Θεὸς
696 2217 787 2274 οῦν
815 2221 925 2292 ἄρα
954 2221 1102 2273 ἐστὶν
1136 2221 1211 2285 ὡς
1242 2221 1371 2284 Υἱὸς
1415 2216 1518 2285 εἷς,
1542 2221 1637 2273 καὶ
1669 2220 1783 2274 Κύ-

162 2329 301 2382 ριος
343 2310 451 2379 εἷς,
484 2312 608 2366 καθ’
634 2314 829 2367 ἕνωσιν
863 2312 1214 2386 οἰκονομικὴν
1255 2312 1458 2385 σαρκὸς
1498 2312 1784 2383 γεγονότος

158 2403 274 2456 τοῦ
312 2404 524 2473 Λόγου.

253 2511 283 2548 ι
328 2496 497 2549 Ἀλλὰ
528 2495 647 2550 τότε
680 2496 778 2567 μὲν
800 2495 899 2549 οὑκ
919 2494 1116 2559 είδότες
1134 2494 1284 2561 Θεὸν,
1301 2493 1647 2547 ἐδουλεύσατε
1668 2496 1781 2558 τοῖς

165 2587 359 2653 φύσει
392 2588 469 2658 μὴ
500 2585 619 2642 οὖσι
663 2588 804 2653 Θεοῖς
826 2604 839 2618 ⁸
868 2589 986 2641 νυνὶ
1034 2588 1092 2641 δὲ
1130 2587 1352 2656 γνόντες
1378 2588 1532 2652 Θεὸν,
1578 2586 1780 2658 μᾶλλον

168 2674 233 2731 δὲ
271 2678 619 2745 γνωσθέντες
641 2677 745 2731 ὑπὸ
774 2677 930 2742 Θεοῦ,
956 2677 1073 2741 πῶς
1100 2678 1460 2747 ἐπιστρέφετε
1496 2678 1659 2731 πάλιν
1688 2677 1781 2731 ἐπὶ

168 2767 249 2820 τά
286 2768 502 2839 ἀσθενῆ
534 2769 628 2821 καὶ
662 2768 854 2838 πτωχὰ
882 2772 1158 2839 στοιχεῐα;
1191 2788 1210 2820 ι
1261 2770 1325 2821 Ei
1368 2769 1503 2823 Θεὸν
1547 2770 1781 2838 ἐγνώκα-

179 2877 290 2929 μεν
321 2859 716 2929 ὁμολογοῦντες
744 2861 1002 2932 Χριστὸν,
1031 2861 1125 2914 καὶ
1155 2860 1424 2928 ἐγνῶσθαί
1466 2878 1646 2931 φαμεν
1675 2861 1779 2915 ὑπὸ

173 2951 282 3005 τοῦ
335 2952 497 3017 Θεοῦ,
524 2952 858 3019 γνωσθέντες
902 2950 1087 3023 αὑτῷ,
1140 2954 1257 3018 πῶς
1300 2952 1360 3006 οὑ
1405 2952 1536 3016 Θεὸς
1580 2954 1609 3006 6
1643 2954 1776 3025 Χρι-

178 3043 354 3108 Ms;

265 3154 287 3187 ι
313 3134 476 3205 Ἐμοὶ
521 3135 577 3188 δὲ
633 3134 708 3206 μὴ
753 3135 962 3204 γένοιτο
1008 3136 1336 3206 καυχᾶσθαι,
1368 3138 1417 3191 εί
1470 3138 1545 3209 μὴ
1595 3139 1654 3192 ἐν
1696 3138 1775 3209 τῷ

187 3224 421 3296 σταυρῷ
446 3224 541 3277 τοῦ
568 3225 775 3296 Κυρίου
805 3226 964 3296 ἡμῶν
998 3226 1175 3297 Ἰησοῦ
1204 3227 1467 3298 Χριστοῦ,
1490 3230 1557 3282 δι’
1570 3222 1631 3285 οῦ
1653 3231 1776 3301 ἐμοὶ

185 3314 404 3384 κόσμος
429 3314 793 3385 ἐσταύρωται,
828 3315 983 3385 κάγὼ
1005 3316 1083 3387 τῷ
1115 3317 1327 3389 κόσμῳ.
1362 3338 1381 3387 ι
1420 3320 1479 3374 '0
1508 3320 1777 3392 μακάριος

181 3402 389 3472 ψάλλει
418 3406 580 3459 Δαυῖδ
600 3421 613 3434 ”
651 3426 668 3457 ι
698 3408 1059 3479 Καυχήσομαι
1090 3410 1183 3461 ἐπὶ
1209 3410 1287 3481 τῷ
1313 3410 1431 3482 Θεῷ
1463 3412 1543 3481 τῷ
1564 3413 1777 3483 Σωτῆρι

192 3511 327 3564 μου.
359 3496 551 3549 »Ἐστι
579 3497 635 3551 δὲ
662 3498 823 3566 σοφὸς
845 3498 938 3550 καὶ
962 3500 1305 3571 άγιοπρεπὴς
1330 3502 1358 3555 ὁ
1380 3500 1537 3569 λόγος
1555 3520 1568 3533 ·
1586 3503 1645 3555 οὑ
1668 3505 1777 3574 γὰρ

187 3587 250 3638 ἐν
304 3586 582 3658 ἀνθρώπῳ
645 3589 1149 3658 κατασεμνύνεσθαι
1199 3591 1305 3661 χρὴ
1355 3591 1556 3662 μᾶλλον
1605 3594 1775 3663 ἡμᾶς,

190 3676 312 3731 ἀλλ’
347 3678 442 3731 ἐπὶ
467 3678 603 3748 Θεῷ.
636 3680 762 3742 Πῶς
795 3676 889 3733 οῦν
918 3682 946 3734 6
982 3681 1194 3745 Παῦλος
1235 3684 1291 3735 ἐν
1319 3682 1399 3752 τῷ
1439 3683 1658 3753 σταυρῷ
1684 3682 1776 3735 τοῦ

189 3762 439 3836 Χριστοῦ
463 3767 771 3836 καυχᾶσθαί
797 3784 991 3839 φησιν;
1023 3770 1172 3821 Ἔδει
1197 3769 1301 3841 γὰρ
1328 3770 1525 3841 μᾶλλον
1549 3771 1640 3824 ἐπὶ
1658 3768 1779 3841 Θεῷ

193 3858 359 3915 τοῦτο
401 3860 575 3931 δρᾷψ
626 3860 827 3923 σκοπὸς
875 3862 984 3932 γὰρ
1028 3855 1182 3924 οὗτος
1222 3864 1333 3924 τοῖς
1370 3862 1551 3925 ἄλλοις
1577 3861 1772 3930 ἁγίοις.

209 3949 350 4003 Ἀλλ’
382 3951 647 4021 ὑπάρχων
677 3949 1151 4023 Πνευματοφόρος,
1187 3952 1246 4003 ἐν
1284 3952 1498 4023 θανάτῳ
1539 3951 1778 4022 Χριστοῦ

199 4041 505 4111 καυχᾶσθαι
536 4058 723 4111 φησιν.
745 4038 897 4095 Οίδεν
919 4037 1012 4095 οὖν
1034 4043 1144 4114 ἄρα
1164 4042 1296 4099 Θεὸν
1315 4044 1447 4099 ὄντα
1464 4044 1559 4097 καὶ
1579 4043 1777 4116 ἀληθῆ,

199 4131 298 4188 καὶ
324 4132 393 4187 δι’
422 4134 572 4203 ἡμᾶς
601 4132 842 4186 παθόντα
870 4134 1055 4205 σαρκί.

581 4348 683 4401 Ἐκ
721 4347 828 4416 τῆς
869 4346 1019 4415 πρὸς
1064 4347 1409 4417 Ἐφεσίους.

276 4480 417 4572 Περὶ
461 4480 740 4572 τοῦᾹΘεοῦ
784 4481 880 4534 καὶ
933 4483 1143 4553 Πατρός
1195 4499 1329 4552 φησι
1361 4500 1375 4514 ο
1428 4500 1446 4533 ι
1476 4482 1636 4537 Κατὰ
1681 4483 1782 4555 τὴν
1813 4515 1858 4572 D

204 4570 484 4644 ἐνέργειαν
508 4570 603 4624 τοῦ
629 4571 864 4643 κράτους
889 4572 989 4641 τῆς
1024 4573 1204 4641 ἰσχύος
1235 4572 1421 4638 αὑτοῦ,
1447 4573 1513 4643 ἥν
1540 4574 1779 4645 ἐνήργη-

207 4677 294 4715 σεν
345 4663 406 4715 ἐν
455 4663 535 4732 τῷ
570 4662 818 4732 Χριστῷ,
857 4663 1081 4734 ἐγείρας
1130 4663 1293 4717 αὑτὸν
1326 4650 1645 4736 ἐκ’νεκρῶν,
1684 4665 1780 4719 καὶ

206 4754 434 4817 καθίσας
455 4756 513 4806 ἐν
538 4752 687 4825 δεξιᾷ
715 4753 881 4807 αὑτοῦ
910 4755 969 4807 ἐν
993 4757 1105 4818 τοῖς
1136 4755 1506 4825 ἐπουρανίοις,
1523 4756 1780 4828 ὑπεράνω

207 4844 382 4913 πάσης
416 4842 648 4913 Ἀρχῆς,
702 4844 795 4896 καὶ
839 4842 1138 4907 Ἐξουσίας,
1193 4845 1287 4897 καὶ
1330 4847 1639 4916 Δυνάμεως,
1686 4846 1782 4901 καὶ

208 4932 563 5003 Κυριότητιὶς,
592 4932 689 4984 καὶ
731 4931 933 4995 παντὸς
964 4932 1229 5001 ὀνόματος
1254 4934 1684 5006 ὀνομαζομένου,
1717 4938 1779 4990 οὑ

209 5021 365 5089 μόνον
392 5023 453 5074 ἐν
484 5021 563 5091 τῷ
589 5022 744 5075 αἰῶνι
771 5022 966 5093 τούτῳ,
985 5023 1121 5077 ἀλλὰ
1151 5026 1247 5077 καὶ
1276 5027 1332 5078 ἐν
1360 5026 1440 5097 τῷ
1470 5028 1774 5098 μέλλοντι.)

218 5112 345 5166 ’1δοὺ
372 5112 467 5165 τὸν
505 5112 878 5183 ἐγηγερμένον
911 5115 975 5169 ἐκ
999 5114 1206 5185 νεκρῶν
1223 5110 1517 5171 κεκάθικεν
1537 5120 1565 5171 6
1592 5120 1782 5192 Πατὴρ

208 5202 263 5255 ἐν
277 5203 430 5273 δεξιᾷ
441 5203 903 5275 αὑτοῦηὺπεράνω
926 5205 1104 5275 πάσης
1132 5208 1350 5278 ’Δρχῆς,
1366 5211 1459 5261 καὶ
1482 5210 1782 5277 Ἐξουσίας,

211 5296 299 5349 καὶ⁵
330 5294 648 5366 Δυνάμεως,
679 5297 772 5350 καὶ
813 5298 1015 5360 παντὸς
1057 5298 1319 5367 ὀνόματος
1355 5301 1781 5371 ὀνομαζομένου.

208 5379 332 5456 Ἆρ’
359 5380 455 5439 οὖν
484 5386 793 5456 συνεδρεύει
818 5389 885 5457 τῇ
914 5388 1054 5458 ὑπὲρ
1086 5389 1265 5444 πάντα
1294 5390 1453 5458 φύσει
1488 5392 1611 5445 καθ’
1633 5396 1782 5465 ἡμᾶς

208 5473 492 5542 νοούμενος
519 5473 823 5544 ἄνθρωπος,
854 5476 950 5529 καὶ
977 5476 1162 5547 ἕτερον
1189 5478 1362 5542 οὐδὲν,
1384 5479 1438 5548 ἢ,
1458 5482 1595 5551 ὅπερ
1628 5483 1777 5535 ἐστὶν

208 5564 424 5634 ἀληθὲς,
460 5565 537 5629 ὠς
574 5566 706 5628 Θεὸς
750 5568 1194 5641 ἐνανθρωπήσας,
1227 5570 1322 5624 καὶ
1370 5570 1632 5642 ὑπάρχων
1684 5575 1782 5644 μὲν

286 5744 327 5774 ⁸⁹
358 5743 537 5799 Calai.
574 5760 657 5809 ιιι,
695 5745 884 5801 95-27.
962 5748 1006 5779 ⁸⁰
1038 5748 1228 5819 ,(ἇίιΙίιῐ.
1272 5764 1345 5815 tv,
1373 5749 1427 5813 8,
1456 5750 1506 5803 9.
1586 5750 1626 5780 “
1670 5749 1781 5805 Gul:

1884 5764 1953 5815 γι,
1986 5748 2065 5805 Η.
2146 5754 2189 5784 ⁸³
2221 5750 2361 5807 Psul.
2399 5768 2508 5819 LXI,
2536 5754 2589 5808 8.

1885 1961 1940 2006 et
1994 1951 2256 2022 Spiritum
2297 1960 2580 2016 sanctum,
2627 1949 2895 2018 quomodo
2943 1946 2994 2001 in
3035 1946 3309 2002 Christum
3361 1944 3457 1999 ha-

1883 2042 2077 2112 ptizati
2128 2040 2379 2104 dicimur,
2417 2040 2459 2095 si
2510 2038 2762 2093 Christus
2809 2052 2911 2091 non
2952 2045 3035 2089 est
3068 2049 3230 2090 verus
3261 2032 3456 2096 Filius,

1883 2147 2004 2185 cum
2033 2146 2173 2184 unus
2203 2140 2410 2184 tantum
2443 2130 2515 2183 sit
2547 2141 2736 2184 natura
2771 2126 2978 2181 Filius?
3003 2125 3163 2193 Atqui
3195 2125 3248 2178 in
3278 2124 3454 2192 ipsum

1884 2221 2140 2291 haptizati
2176 2236 2405 2276 sumus:
2442 2221 2582 2274 Deus
2616 2222 2779 2289 igitur
2810 2228 2893 2273 est
2921 2227 2979 2272 ut
3007 2216 3177 2271 Filius
3210 2231 3372 2279 unus,
3401 2224 3458 2268 et

1882 2309 2143 2365 Dominus
2184 2325 2348 2373 unus,
2401 2324 2524 2364 cum
2573 2324 2669 2378 per
2715 2307 2935 2363 unionis
2988 2305 3452 2375 dispensationem

1883 2400 2119 2457 Verhum
2149 2416 2275 2456 caro
2299 2402 2500 2455 factum
2534 2401 2625 2455 sit.

1956 2510 1974 2544 ‹
2009 2491 2114 2547 Sed
2154 2502 2284 2547 tunc
2313 2493 2532 2562 quidem
2573 2492 2886 2560 ignorantes
2915 2489 3105 2553 Deum,
3135 2487 3201 2543 iis
3229 2486 3320 2557 qui
3356 2500 3456 2539 na-

1882 2591 2000 2637 tura
2039 2600 2144 2638 non
2186 2592 2313 2638 sunt
2358 2584 2451 2647 dii,
2490 2582 2853 2638 serviebatis:
2907 2596 3050 2635 nunc
3096 2588 3276 2632 autem
3331 2592 3453 2630 cum

1880 2674 2243 2745 cognoveritis
2299 2674 2490 2738 Deum,
2534 2674 2643 2728 imo
2674 2672 2877 2743 cogniti
2916 2672 3037 2726 sitis
3078 2685 3107 2723 a
3148 2669 3279 2731 Deo.
3321 2683 3448 2735 quo.

1881 2765 2039 2820 modo
2064 2766 2444 2819 convertimini
2480 2765 2672 2818 iterum
2705 2763 2772 2818 ad
2818 2763 3030 2816 inﬁrma
3062 2770 3118 2815 et
3151 2773 3317 2829 egena
3344 2758 3457 2812 ele-

1881 2863 2059 2908 menta
2076 2854 2167 2906 l’°?
2207 2873 2225 2905 ι
2260 2854 2316 2909 Si
2362 2855 2639 2908 Christum
2692 2854 3005 2923 profitentes
3046 2850 3214 2905 Deum
3260 2863 3458 2918 cogno-

1880 2943 2076 3009 vimus,
2108 2954 2162 2998 et
2194 2945 2392 3016 cogniti
2425 2961 2454 2999 a
2486 2944 2723 3011 Christo,
2756 2945 2954 3013 cogniti
2986 2942 3214 2997 dicimur
3246 2956 3277 2995 a
3326 2943 3455 3008 Deo,

1880 3040 2153 3105 quomodo
2182 3036 2431 3092 Christus
2470 3046 2686 3090 nonest
2722 3034 2895 3088 Dens?

1958 3143 1977 3176 ι
2015 3125 2143 3180 Mihi
2172 3136 2351 3181 autem
2382 3126 2523 3181 absit
2553 3125 2806 3194 gloriari,
2839 3124 2939 3178 nisi
2974 3124 3027 3177 in
3056 3138 3215 3177 cruce
3243 3119 3454 3176 Domini

1882 3215 2053 3271 nostri
2092 3215 2217 3270 Jesu
2254 3214 2496 3278 Christi,
2527 3230 2622 3282 per
2651 3228 2808 3281 quem
2843 3214 2973 3266 mihi
3017 3212 3249 3266 mundus
3281 3209 3455 3263 cruci.

1880 3307 2023 3362 ﬁxus
2049 3315 2152 3371 est,
2180 3315 2235 3359 et
2280 3319 2381 3374 ego
2422 3303 2713 3358 mundo".
2756 3321 2775 3355 ι
2825 3303 3021 3357 Beatus
3058 3301 3223 3355 David
3266 3301 3454 3354 canit:

1887 3416 1905 3450 ι
1947 3397 2234 3452 Gloriahor
2278 3397 2331 3450 in
2374 3395 2484 3450 Deo
2530 3394 2756 3449 salutari
2800 3410 2920 3448 meo
2951 3393 3029 3446 "l
3070 3410 3089 3447 ι
3140 3390 3338 3459 Utique
3370 3405 3458 3444 sa-

1882 3491 2056 3558 piens,
2088 3498 2142 3542 et
2166 3498 2357 3543 sancto
2386 3488 2505 3540 viro
2535 3486 2865 3541 conveniens
2892 3486 3098 3540 dictum
3125 3501 3138 3537 :
3176 3498 3281 3536 non
3311 3481 3456 3535 enini

1882 3581 1936 3634 in
1969 3580 2189 3634 homine
2226 3578 2446 3647 gloriari
2484 3579 2640 3632 nobis
2671 3577 2753 3632 fas
2786 3586 2887 3641 est,
2924 3577 3016 3631 sed
3051 3577 3103 3629 in
3148 3577 3276 3630 Deo.
3315 3576 3459 3641 Quo-

1884 3671 2044 3726 modo
2076 3685 2207 3739 ergo
2238 3669 2438 3723 Paulus
2469 3668 2525 3722 in
2552 3683 2715 3723 cruce
2739 3668 2949 3722 Domini
2981 3667 3198 3736 gloriari
3227 3682 3287 3721 se
3320 3680 3459 3735 pra:-

1882 3763 2052 3826 dicat,
2103 3776 2225 3814 cum
2274 3759 2327 3813 in
2365 3758 2474 3813 Deo
2505 3760 2683 3827 potius
2715 3760 2764 3813 id
2810 3758 2922 3812 ﬁeri
2968 3757 3287 3825 oporteret?
3320 3755 3456 3809 Nam

1883 3852 1972 3907 hic
1998 3850 2228 3904 aliorum
2258 3857 2568 3903 sanctorum
2614 3863 2811 3917 scnpus
2858 3862 3072 3915 semper
3105 3848 3334 3901 exstitit.
3366 3847 3458 3899 At-

1885 3942 1979 4013 qui
2024 3941 2190 3995 etiam
2242 3938 2441 3993 Paulus
2488 3939 2670 3993 divino
2708 3938 2913 4007 Spiritu
2960 3952 3064 3991 non
3108 3939 3365 4003 carebat;
3404 3948 3459 3992 et

1884 4041 2064 4088 tamen
2096 4032 2149 4086 in
2181 4031 2387 4085 Christi
2423 4037 2602 4086 morte
2632 4030 2850 4102 gloriari
2897 4045 3001 4084 non
3033 4030 3260 4084 duhitat.
3292 4030 3459 4086 Norat

1882 4137 2011 4191 ergo
2055 4136 2239 4176 verum
2285 4121 2451 4175 Deum
2499 4134 2656 4186 esse,
2702 4121 2915 4176 etiamsi
2974 4123 3143 4176 nostri
3193 4136 3355 4177 causa
3402 4124 3455 4176 in

1883 4228 2050 4269 carne
2085 4221 2315 4268 mortem
2346 4226 2635 4281 perpessus
2672 4211 2830 4266 foret.

2203 4348 2312 4418 70
2340 4346 2424 4402 Ex
2456 4346 2698 4417 Epistula
2730 4347 2799 4400 ad
2838 4346 3110 4415 Ephesios.

1962 4500 1982 4534 ι
2022 4480 2331 4536 Secundum
2372 4480 2741 4550 operationem
2789 4482 3041 4549 potentia:
3079 4482 3293 4537 virtutis
3340 4483 3459 4554 ejus

1887 4572 2012 4641 (est
2067 4571 2157 4625 hic
2219 4584 2399 4624 sermo
2442 4571 2507 4625 de
2552 4569 2661 4624 Deo
2697 4581 2754 4624 et
2807 4570 3005 4642 Patre)
3050 4588 3210 4640 quant
3268 4589 3462 4643 opera-

1891 4672 1975 4718 tus
2002 4672 2087 4718 est
2129 4664 2181 4717 in
2231 4662 2451 4718 Christo
2479 4703 2494 4729 ,
2531 4663 2800 4719 suscitans
2839 4664 2988 4717 illum
3042 4680 3070 4718 a
3113 4666 3372 4731 mortuis,
3406 4678 3461 4720 et

1887 4757 2221 4811 constituens
2245 4756 2312 4810 ad
2343 4756 2622 4811 dexteram
2656 4770 2807 4810 suam
2851 4756 2904 4809 in
2948 4755 3257 4811 cmlestibus
3299 4773 3462 4825 super

1887 4863 2101 4904 omnem
2125 4847 2517 4918 Principatum,
2549 4857 2601 4901 et
2627 4847 2977 4910 Potestatem,
3008 4854 3063 4900 et
3092 4847 3385 4913 \irtutem,
3407 4859 3463 4903 et

1888 4940 2343 5006 Domiuationem,
2394 4951 2448 4995 et
2490 4954 2652 4994 omne
2692 4954 2892 4993 nomen
2946 4937 3087 5007 quod
3129 4940 3459 5004 nominatur,

1890 5043 1996 5082 non
2030 5028 2204 5082 solum
2233 5028 2288 5083 in
2318 5031 2419 5084 hoc
2456 5030 2676 5094 saeculo,
2714 5028 2807 5082 scd
2838 5028 3000 5081 etiam
3036 5029 3086 5082 iu
3121 5027 3302 5085 futuro
3326 5031 3395 5085 ⁵⁸.
3435 5051 3455 5086 ι

1890 5118 1968 5173 En
1993 5119 2139 5173 illum
2166 5119 2337 5189 ipsum
2370 5135 2530 5189 quem
2556 5136 2622 5175 ex
2652 5118 2876 5175 mortuis
2905 5121 3287 5189 exsuscitarat,
3326 5139 3459 5178 con-

1890 5209 2067 5264 stituit
2088 5208 2249 5265 Pater
2281 5210 2347 5264 ad
2382 5210 2659 5265 dexteram
2700 5225 2854 5266 suam
2880 5227 3041 5283 supra
3064 5228 3280 5269 omnem
3312 5214 3461 5283 prin-

1890 5302 2149 5371 cipatum,
2179 5312 2233 5357 et
2269 5312 2612 5372 potestatem,
2641 5312 2694 5357 et
2734 5305 3025 5372 virtutem,
3070 5315 3123 5361 et
3162 5322 3324 5360 omne
3357 5323 3459 5360 no-

1891 5407 2012 5446 men
2035 5394 2174 5460 quod
2199 5395 2525 5448 nominatur.
2574 5392 2825 5464 Nunquid
2851 5411 2980 5467 ergo
3014 5407 3071 5451 ut
3092 5399 3252 5452 homo
3290 5400 3458 5453 nostri

1890 5482 2099 5546 similis,
2137 5495 2189 5537 et
2222 5484 2352 5536 nihil
2377 5484 2520 5538 aliud
2542 5526 2557 5551 ,
2594 5485 2646 5539 in
2678 5496 2885 5540 natura:
2915 5489 3154 5542 omnium
3193 5504 3459 5556 suprema:

1892 5574 2109 5628 dextera
2140 5576 2357 5641 assidet,
2385 5586 2498 5645 aut,
2519 5579 2658 5647 quod
2681 5594 2861 5634 verum
2896 5591 2997 5643 est.
3032 5590 3090 5633 ut
3122 5579 3263 5637 Deus
3298 5582 3459 5636 homo

2701 5754 2746 5785 ³⁸
2778 5755 2975 5823 Ephcs.
3016 5772 3057 5824 ι,
3094 5757 3182 5814 19-
3219 5757 3308 5813 21.
