  <div class='ocr_page' id='page_1' title='image "/cluster/home/n/w/nwhite01/storage/ocr_20150623/76/hvd.32044019207943/631.png"; bbox 0 0 4146 6530; ppageno 0'>
   <div class='ocr_carea' id='block_1_1' title="bbox 619 451 755 505">
    <p class='ocr_par' dir='ltr' id='par_1_1' title="bbox 619 451 755 505">
     <span class='ocr_line' id='line_1_1' title="bbox 619 451 755 505; baseline -0.007 -1"><span class='ocrx_word' id='word_1_1' title='bbox 619 451 755 505; x_wconf 69' lang='grc' dir='ltr'><strong>ΗΠ</strong></span> 
     </span>
    </p>
   </div>
   <div class='ocr_carea' id='block_1_2' title="bbox 1645 442 2874 501">
    <p class='ocr_par' dir='ltr' id='par_1_2' title="bbox 1645 442 2874 501">
     <span class='ocr_line' id='line_1_2' title="bbox 1645 442 2874 501; baseline -0.001 0"><span class='ocrx_word' id='word_1_2' title='bbox 1645 448 1702 501; x_wconf 88' lang='lat' dir='ltr'><strong>S.</strong></span> <span class='ocrx_word' id='word_1_3' title='bbox 1748 444 2022 501; x_wconf 75' lang='lat' dir='ltr'><strong>CYlllLLl</strong></span> <span class='ocrx_word' id='word_1_4' title='bbox 2056 442 2519 497; x_wconf 72' lang='lat' dir='ltr'><strong>ALEXANDRIM</strong></span> <span class='ocrx_word' id='word_1_5' title='bbox 2558 445 2874 501; x_wconf 74' lang='lat' dir='ltr'><strong>AllClllEP.</strong></span> 
     </span>
    </p>
   </div>
   <div class='ocr_carea' id='block_1_3' title="bbox 3741 442 3885 497">
    <p class='ocr_par' dir='ltr' id='par_1_3' title="bbox 3741 442 3885 497">
     <span class='ocr_line' id='line_1_3' title="bbox 3741 442 3885 497; baseline -0.028 0"><span class='ocrx_word' id='word_1_6' title='bbox 3741 442 3885 497; x_wconf 65' lang='grc'><strong>1248</strong></span> 
     </span>
    </p>
   </div>
   <div class='ocr_carea' id='block_1_4' title="bbox 617 554 2215 630">
    <p class='ocr_par' dir='ltr' id='par_1_4' title="bbox 617 559 2193 630">
     <span class='ocr_line' id='line_1_4' title="bbox 617 559 2193 630; baseline -0.004 -10"><span class='ocrx_word' id='word_1_7' title='bbox 617 564 837 620; x_wconf 80' lang='lat' dir='ltr'><strong>factus?</strong></span> <span class='ocrx_word' id='word_1_8' title='bbox 862 561 1097 616; x_wconf 87' lang='lat' dir='ltr'><strong>Verbum</strong></span> <span class='ocrx_word' id='word_1_9' title='bbox 1126 575 1360 630; x_wconf 84' lang='lat' dir='ltr'><strong>namque</strong></span> <span class='ocrx_word' id='word_1_10' title='bbox 1404 559 1571 624; x_wconf 87' lang='lat' dir='ltr'><strong>Patri,</strong></span> <span class='ocrx_word' id='word_1_11' title='bbox 1606 573 1765 629; x_wconf 90' lang='lat' dir='ltr'><strong>prout</strong></span> <span class='ocrx_word' id='word_1_12' title='bbox 1799 562 1866 613; x_wconf 85' lang='lat' dir='ltr'><strong>ab</strong></span> <span class='ocrx_word' id='word_1_13' title='bbox 1904 576 1969 611; x_wconf 91' lang='lat' dir='ltr'><strong>eo</strong></span> <span class='ocrx_word' id='word_1_14' title='bbox 2003 574 2193 627; x_wconf 82' lang='lat' dir='ltr'><strong>proce-</strong></span> 
     </span>
    </p>
   </div>
   <div class='ocr_carea' id='block_1_5' title="bbox 2317 554 3883 630">
    <p class='ocr_par' dir='ltr' id='par_1_5' title="bbox 2317 554 3883 629">
     <span class='ocr_line' id='line_1_5' title="bbox 2317 554 3883 629; baseline -0.001 -19"><span class='ocrx_word' id='word_1_15' title='bbox 2317 558 2581 629; x_wconf 60' lang='grc' dir='ltr'>ὶμοούσιος</span> <span class='ocrx_word' id='word_1_16' title='bbox 2605 559 2682 628; x_wconf 85' lang='grc' dir='ltr'>τῷ</span> <span class='ocrx_word' id='word_1_17' title='bbox 2714 558 2910 629; x_wconf 70' lang='grc' dir='ltr'>Πατρὶ,</span> <span class='ocrx_word' id='word_1_18' title='bbox 2942 557 3078 612; x_wconf 88' lang='grc' dir='ltr'>καθὸ</span> <span class='ocrx_word' id='word_1_19' title='bbox 3125 558 3363 629; x_wconf 79' lang='grc' dir='ltr'><strong>πέφηνεν</strong></span> <span class='ocrx_word' id='word_1_20' title='bbox 3395 557 3455 622; x_wconf 75' lang='grc' dir='ltr'><strong>ἐξ</strong></span> <span class='ocrx_word' id='word_1_21' title='bbox 3484 554 3672 620; x_wconf 86' lang='grc' dir='ltr'>αὑτοῦ,</span> <span class='ocrx_word' id='word_1_22' title='bbox 3707 573 3883 626; x_wconf 72' lang='grc' dir='ltr'>προσ-ν</span> 
     </span>
    </p>
   </div>
   <div class='ocr_carea' id='block_1_6' title="bbox 617 646 2192 717">
    <p class='ocr_par' dir='ltr' id='par_1_6' title="bbox 617 646 2192 717">
     <span class='ocr_line' id='line_1_6' title="bbox 617 646 2192 717; baseline -0.002 -14"><span class='ocrx_word' id='word_1_23' title='bbox 617 656 717 717; x_wconf 88' lang='lat' dir='ltr'><strong>dit,</strong></span> <span class='ocrx_word' id='word_1_24' title='bbox 746 649 1241 714; x_wconf 84' lang='lat' dir='ltr'><strong>consubstantiale,</strong></span> <span class='ocrx_word' id='word_1_25' title='bbox 1290 658 1483 702; x_wconf 90' lang='lat' dir='ltr'><strong>natura</strong></span> <span class='ocrx_word' id='word_1_26' title='bbox 1524 649 1759 702; x_wconf 87' lang='lat' dir='ltr'><strong>humana</strong></span> <span class='ocrx_word' id='word_1_27' title='bbox 1796 646 2192 715; x_wconf 87' lang='lat' dir='ltr'><strong>dispensatorie</strong></span> 
     </span>
    </p>
   </div>
   <div class='ocr_carea' id='block_1_7' title="bbox 616 736 2194 809">
    <p class='ocr_par' dir='ltr' id='par_1_7' title="bbox 616 736 2194 809">
     <span class='ocr_line' id='line_1_7' title="bbox 616 736 2194 809; baseline -0.006 -14"><span class='ocrx_word' id='word_1_28' title='bbox 616 748 888 809; x_wconf 86' lang='lat' dir='ltr'><strong>assumpta</strong></span> <span class='ocrx_word' id='word_1_29' title='bbox 916 779 930 803; x_wconf 90' lang='lat'><strong>,</strong></span> <span class='ocrx_word' id='word_1_30' title='bbox 969 738 1168 792; x_wconf 83' lang='lat' dir='ltr'><strong>factum</strong></span> <span class='ocrx_word' id='word_1_31' title='bbox 1228 744 1310 790; x_wconf 89' lang='lat' dir='ltr'><strong>est</strong></span> <span class='ocrx_word' id='word_1_32' title='bbox 1358 737 1540 790; x_wconf 90' lang='lat' dir='ltr'><strong>homo.</strong></span> <span class='ocrx_word' id='word_1_33' title='bbox 1590 736 1767 802; x_wconf 86' lang='lat' dir='ltr'><strong>Quare</strong></span> <span class='ocrx_word' id='word_1_34' title='bbox 1810 736 2061 789; x_wconf 76' lang='lat' dir='ltr'><strong>eﬂectum</strong></span> <span class='ocrx_word' id='word_1_35' title='bbox 2107 742 2194 788; x_wconf 87' lang='lat' dir='ltr'><strong>est</strong></span> 
     </span>
    </p>
   </div>
   <div class='ocr_carea' id='block_1_8' title="bbox 620 826 2193 898">
    <p class='ocr_par' dir='ltr' id='par_1_8' title="bbox 620 826 2193 898">
     <span class='ocr_line' id='line_1_8' title="bbox 620 826 2193 898; baseline -0.004 -12"><span class='ocrx_word' id='word_1_36' title='bbox 620 844 679 886; x_wconf 92' lang='lat' dir='ltr'><strong>ut</strong></span> <span class='ocrx_word' id='word_1_37' title='bbox 710 834 761 886; x_wconf 90' lang='lat' dir='ltr'><strong>in</strong></span> <span class='ocrx_word' id='word_1_38' title='bbox 788 847 896 886; x_wconf 89' lang='lat' dir='ltr'><strong>uno</strong></span> <span class='ocrx_word' id='word_1_39' title='bbox 926 831 1224 898; x_wconf 86' lang='lat' dir='ltr'><strong>eodemque</strong></span> <span class='ocrx_word' id='word_1_40' title='bbox 1253 828 1413 882; x_wconf 80' lang='lat' dir='ltr'><strong>simul</strong></span> <span class='ocrx_word' id='word_1_41' title='bbox 1440 828 1578 882; x_wconf 86' lang='lat' dir='ltr'><strong>Deus</strong></span> <span class='ocrx_word' id='word_1_42' title='bbox 1601 828 1911 889; x_wconf 80' lang='lat' dir='ltr'><strong>exsisteret,</strong></span> <span class='ocrx_word' id='word_1_43' title='bbox 1936 836 1989 878; x_wconf 89' lang='lat' dir='ltr'><strong>et</strong></span> <span class='ocrx_word' id='word_1_44' title='bbox 2011 826 2193 889; x_wconf 87' lang='lat' dir='ltr'><strong>homo,</strong></span> 
     </span>
    </p>
   </div>
   <div class='ocr_carea' id='block_1_9' title="bbox 619 921 1338 993">
    <p class='ocr_par' dir='ltr' id='par_1_9' title="bbox 619 921 1338 993">
     <span class='ocr_line' id='line_1_9' title="bbox 619 921 1338 993; baseline -0.008 -12"><span class='ocrx_word' id='word_1_45' title='bbox 619 927 802 981; x_wconf 79' lang='lat' dir='ltr'><strong>divina</strong></span> <span class='ocrx_word' id='word_1_46' title='bbox 831 924 1001 993; x_wconf 82' lang='lat' dir='ltr'><strong>gloria</strong></span> <span class='ocrx_word' id='word_1_47' title='bbox 1034 921 1338 976; x_wconf 81' lang='lat' dir='ltr'><strong>redimitus.</strong></span> 
     </span>
    </p>
   </div>
   <div class='ocr_carea' id='block_1_10' title="bbox 695 1008 2196 1084">
    <p class='ocr_par' dir='ltr' id='par_1_10' title="bbox 695 1008 2196 1084">
     <span class='ocr_line' id='line_1_10' title="bbox 695 1008 2196 1084; baseline -0.003 -16"><span class='ocrx_word' id='word_1_48' title='bbox 695 1036 713 1068; x_wconf 81' lang='grc' dir='ltr'><strong>ι</strong></span> <span class='ocrx_word' id='word_1_49' title='bbox 753 1016 982 1084; x_wconf 81' lang='lat' dir='ltr'><strong>Propter</strong></span> <span class='ocrx_word' id='word_1_50' title='bbox 1007 1016 1147 1083; x_wconf 90' lang='lat' dir='ltr'><strong>quod</strong></span> <span class='ocrx_word' id='word_1_51' title='bbox 1182 1026 1446 1066; x_wconf 85' lang='lat' dir='ltr'><strong>memores</strong></span> <span class='ocrx_word' id='word_1_52' title='bbox 1476 1019 1671 1073; x_wconf 88' lang='lat' dir='ltr'><strong>estote,</strong></span> <span class='ocrx_word' id='word_1_53' title='bbox 1710 1009 1854 1079; x_wconf 90' lang='lat' dir='ltr'><strong>quod</strong></span> <span class='ocrx_word' id='word_1_54' title='bbox 1909 1008 2196 1077; x_wconf 77' lang='lat' dir='ltr'><strong>aliquando</strong></span> 
     </span>
    </p>
   </div>
   <div class='ocr_carea' id='block_1_11' title="bbox 620 1100 2194 1175">
    <p class='ocr_par' dir='ltr' id='par_1_11' title="bbox 620 1100 2194 1175">
     <span class='ocr_line' id='line_1_11' title="bbox 620 1100 2194 1175; baseline -0.004 -16"><span class='ocrx_word' id='word_1_55' title='bbox 620 1122 722 1162; x_wconf 73' lang='lat' dir='ltr'><strong>vos</strong></span> <span class='ocrx_word' id='word_1_56' title='bbox 755 1106 924 1161; x_wconf 88' lang='lat' dir='ltr'><strong>eratis</strong></span> <span class='ocrx_word' id='word_1_57' title='bbox 955 1115 1142 1175; x_wconf 77' lang='lat' dir='ltr'><strong>gentes</strong></span> <span class='ocrx_word' id='word_1_58' title='bbox 1190 1105 1239 1157; x_wconf 91' lang='lat' dir='ltr'><strong>in</strong></span> <span class='ocrx_word' id='word_1_59' title='bbox 1273 1118 1458 1165; x_wconf 91' lang='lat' dir='ltr'><strong>carne,</strong></span> <span class='ocrx_word' id='word_1_60' title='bbox 1503 1101 1826 1154; x_wconf 87' lang='lat' dir='ltr'><strong>dicebamini</strong></span> <span class='ocrx_word' id='word_1_61' title='bbox 1878 1100 2194 1167; x_wconf 72' lang='lat' dir='ltr'><strong>praeputium</strong></span> 
     </span>
    </p>
   </div>
   <div class='ocr_carea' id='block_1_12' title="bbox 622 1188 2195 1265">
    <p class='ocr_par' dir='ltr' id='par_1_12' title="bbox 622 1188 2195 1265">
     <span class='ocr_line' id='line_1_12' title="bbox 622 1188 2195 1265; baseline -0.005 -14"><span class='ocrx_word' id='word_1_62' title='bbox 622 1198 691 1251; x_wconf 86' lang='lat' dir='ltr'><strong>ab</strong></span> <span class='ocrx_word' id='word_1_63' title='bbox 725 1212 785 1250; x_wconf 88' lang='lat' dir='ltr'><strong>ea</strong></span> <span class='ocrx_word' id='word_1_64' title='bbox 813 1211 933 1265; x_wconf 65' lang='lat' dir='ltr'><strong>quae</strong></span> <span class='ocrx_word' id='word_1_65' title='bbox 966 1195 1162 1249; x_wconf 87' lang='lat' dir='ltr'><strong>dicitur</strong></span> <span class='ocrx_word' id='word_1_66' title='bbox 1201 1193 1544 1247; x_wconf 87' lang='lat' dir='ltr'><strong>circumcisio</strong></span> <span class='ocrx_word' id='word_1_67' title='bbox 1573 1191 1625 1245; x_wconf 93' lang='lat' dir='ltr'><strong>in</strong></span> <span class='ocrx_word' id='word_1_68' title='bbox 1656 1207 1817 1243; x_wconf 76' lang='lat' dir='ltr'><strong>carne</strong></span> <span class='ocrx_word' id='word_1_69' title='bbox 1847 1188 2148 1243; x_wconf 82' lang='lat' dir='ltr'><strong>manulacta</strong></span> <span class='ocrx_word' id='word_1_70' title='bbox 2182 1206 2195 1243; x_wconf 92' lang='lat'><strong>:</strong></span> 
     </span>
    </p>
   </div>
   <div class='ocr_carea' id='block_1_13' title="bbox 620 1282 2197 1358">
    <p class='ocr_par' dir='ltr' id='par_1_13' title="bbox 620 1282 2197 1358">
     <span class='ocr_line' id='line_1_13' title="bbox 620 1282 2197 1358; baseline -0.004 -17"><span class='ocrx_word' id='word_1_71' title='bbox 620 1291 763 1358; x_wconf 88' lang='lat' dir='ltr'><strong>quod</strong></span> <span class='ocrx_word' id='word_1_72' title='bbox 794 1288 958 1342; x_wconf 91' lang='lat' dir='ltr'><strong>eratis</strong></span> <span class='ocrx_word' id='word_1_73' title='bbox 989 1287 1079 1340; x_wconf 91' lang='lat' dir='ltr'><strong>illo</strong></span> <span class='ocrx_word' id='word_1_74' title='bbox 1110 1286 1163 1337; x_wconf 92' lang='lat' dir='ltr'><strong>in</strong></span> <span class='ocrx_word' id='word_1_75' title='bbox 1205 1294 1447 1353; x_wconf 74' lang='lat' dir='ltr'><strong>tempore</strong></span> <span class='ocrx_word' id='word_1_76' title='bbox 1485 1284 1601 1337; x_wconf 87' lang='lat' dir='ltr'><strong>sine</strong></span> <span class='ocrx_word' id='word_1_77' title='bbox 1637 1282 1875 1346; x_wconf 83' lang='lat' dir='ltr'><strong>Christo,</strong></span> <span class='ocrx_word' id='word_1_78' title='bbox 1910 1282 2125 1335; x_wconf 75' lang='lat' dir='ltr'><strong>alienati</strong></span> <span class='ocrx_word' id='word_1_79' title='bbox 2170 1297 2197 1335; x_wconf 76' lang='grc' dir='ltr'><strong>ιι</strong></span> 
     </span>
    </p>
   </div>
   <div class='ocr_carea' id='block_1_14' title="bbox 623 1374 2197 1442">
    <p class='ocr_par' dir='ltr' id='par_1_14' title="bbox 623 1374 2197 1442">
     <span class='ocr_line' id='line_1_14' title="bbox 623 1374 2197 1442; baseline -0.008 -7"><span class='ocrx_word' id='word_1_80' title='bbox 623 1378 1040 1435; x_wconf 82' lang='lat' dir='ltr'><strong>conversatione</strong></span> <span class='ocrx_word' id='word_1_81' title='bbox 1082 1374 1281 1436; x_wconf 88' lang='lat' dir='ltr'><strong>Israel,</strong></span> <span class='ocrx_word' id='word_1_82' title='bbox 1318 1384 1371 1427; x_wconf 89' lang='lat' dir='ltr'><strong>et</strong></span> <span class='ocrx_word' id='word_1_83' title='bbox 1416 1375 1655 1442; x_wconf 78' lang='lat' dir='ltr'><strong>hOSpitcs</strong></span> <span class='ocrx_word' id='word_1_84' title='bbox 1710 1380 2197 1435; x_wconf 87' lang='lat' dir='ltr'><strong>testamentorum,</strong></span> 
     </span>
    </p>
   </div>
   <div class='ocr_carea' id='block_1_15' title="bbox 626 1459 2203 1538">
    <p class='ocr_par' dir='ltr' id='par_1_15' title="bbox 626 1459 2203 1538">
     <span class='ocr_line' id='line_1_15' title="bbox 626 1459 2203 1538; baseline -0.005 -17"><span class='ocrx_word' id='word_1_85' title='bbox 626 1469 996 1538; x_wconf 85' lang='lat' dir='ltr'><strong>promissionis</strong></span> <span class='ocrx_word' id='word_1_86' title='bbox 1026 1481 1173 1536; x_wconf 90' lang='lat' dir='ltr'><strong>spem</strong></span> <span class='ocrx_word' id='word_1_87' title='bbox 1200 1480 1304 1518; x_wconf 91' lang='lat' dir='ltr'><strong>non</strong></span> <span class='ocrx_word' id='word_1_88' title='bbox 1340 1465 1623 1527; x_wconf 87' lang='lat' dir='ltr'><strong>habentes,</strong></span> <span class='ocrx_word' id='word_1_89' title='bbox 1650 1473 1703 1515; x_wconf 92' lang='lat' dir='ltr'><strong>et</strong></span> <span class='ocrx_word' id='word_1_90' title='bbox 1732 1463 1850 1515; x_wconf 89' lang='lat' dir='ltr'><strong>sine</strong></span> <span class='ocrx_word' id='word_1_91' title='bbox 1878 1459 1993 1513; x_wconf 83' lang='lat' dir='ltr'><strong>Deo</strong></span> <span class='ocrx_word' id='word_1_92' title='bbox 2022 1461 2071 1513; x_wconf 93' lang='lat' dir='ltr'><strong>in</strong></span> <span class='ocrx_word' id='word_1_93' title='bbox 2102 1460 2203 1513; x_wconf 87' lang='lat' dir='ltr'><strong>hoc</strong></span> 
     </span>
    </p>
   </div>
   <div class='ocr_carea' id='block_1_16' title="bbox 626 1550 2200 1624">
    <p class='ocr_par' dir='ltr' id='par_1_16' title="bbox 626 1550 2200 1624">
     <span class='ocr_line' id='line_1_16' title="bbox 626 1550 2200 1624; baseline -0.006 -12"><span class='ocrx_word' id='word_1_94' title='bbox 626 1561 823 1613; x_wconf 77' lang='lat' dir='ltr'><strong>mundo</strong></span> <span class='ocrx_word' id='word_1_95' title='bbox 846 1560 912 1611; x_wconf 75' lang='lat'><strong>“.</strong></span> <span class='ocrx_word' id='word_1_96' title='bbox 952 1577 971 1610; x_wconf 75' lang='grc' dir='ltr'><strong>ι</strong></span> <span class='ocrx_word' id='word_1_97' title='bbox 1002 1557 1058 1612; x_wconf 94' lang='lat' dir='ltr'><strong>Si</strong></span> <span class='ocrx_word' id='word_1_98' title='bbox 1097 1565 1283 1624; x_wconf 79' lang='lat' dir='ltr'><strong>gentes</strong></span> <span class='ocrx_word' id='word_1_99' title='bbox 1326 1554 1596 1608; x_wconf 88' lang='lat' dir='ltr'><strong>Christum</strong></span> <span class='ocrx_word' id='word_1_100' title='bbox 1635 1567 1737 1606; x_wconf 93' lang='lat' dir='ltr'><strong>non</strong></span> <span class='ocrx_word' id='word_1_101' title='bbox 1799 1554 2094 1617; x_wconf 83' lang='lat' dir='ltr'><strong>habentes,</strong></span> <span class='ocrx_word' id='word_1_102' title='bbox 2147 1550 2200 1603; x_wconf 91' lang='lat' dir='ltr'><strong>in</strong></span> 
     </span>
    </p>
   </div>
   <div class='ocr_carea' id='block_1_17' title="bbox 626 1642 2199 1718">
    <p class='ocr_par' dir='ltr' id='par_1_17' title="bbox 626 1642 2199 1718">
     <span class='ocr_line' id='line_1_17' title="bbox 626 1642 2199 1718; baseline -0.006 -15"><span class='ocrx_word' id='word_1_103' title='bbox 626 1650 905 1718; x_wconf 87' lang='lat' dir='ltr'><strong>impietate</strong></span> <span class='ocrx_word' id='word_1_104' title='bbox 931 1649 1225 1702; x_wconf 89' lang='lat' dir='ltr'><strong>secundum</strong></span> <span class='ocrx_word' id='word_1_105' title='bbox 1264 1646 1406 1699; x_wconf 88' lang='lat' dir='ltr'><strong>hunc</strong></span> <span class='ocrx_word' id='word_1_106' title='bbox 1442 1644 1697 1697; x_wconf 87' lang='lat' dir='ltr'><strong>nmndmn</strong></span> <span class='ocrx_word' id='word_1_107' title='bbox 1744 1642 2199 1710; x_wconf 79' lang='lat' dir='ltr'><strong>perseverabant;</strong></span> 
     </span>
    </p>
   </div>
   <div class='ocr_carea' id='block_1_18' title="bbox 627 1734 2205 1808">
    <p class='ocr_par' dir='ltr' id='par_1_18' title="bbox 627 1734 2205 1808">
     <span class='ocr_line' id='line_1_18' title="bbox 627 1734 2205 1808; baseline -0.004 -19"><span class='ocrx_word' id='word_1_108' title='bbox 627 1751 908 1808; x_wconf 83' lang='lat' dir='ltr'><strong>postquam</strong></span> <span class='ocrx_word' id='word_1_109' title='bbox 947 1748 1125 1791; x_wconf 89' lang='lat' dir='ltr'><strong>autem</strong></span> <span class='ocrx_word' id='word_1_110' title='bbox 1164 1738 1339 1806; x_wconf 89' lang='lat' dir='ltr'><strong>ipsum</strong></span> <span class='ocrx_word' id='word_1_111' title='bbox 1389 1736 1588 1789; x_wconf 88' lang='lat' dir='ltr'><strong>habere</strong></span> <span class='ocrx_word' id='word_1_112' title='bbox 1628 1744 1943 1805; x_wconf 70' lang='lat' dir='ltr'><strong>cmperunt,</strong></span> <span class='ocrx_word' id='word_1_113' title='bbox 2002 1734 2205 1802; x_wconf 79' lang='lat' dir='ltr'><strong>absque</strong></span> 
     </span>
    </p>
   </div>
   <div class='ocr_carea' id='block_1_19' title="bbox 629 1825 2205 1897">
    <p class='ocr_par' dir='ltr' id='par_1_19' title="bbox 629 1825 2205 1897">
     <span class='ocr_line' id='line_1_19' title="bbox 629 1825 2205 1897; baseline -0.004 -14"><span class='ocrx_word' id='word_1_114' title='bbox 629 1830 739 1886; x_wconf 86' lang='lat' dir='ltr'><strong>Deo</strong></span> <span class='ocrx_word' id='word_1_115' title='bbox 770 1845 877 1884; x_wconf 89' lang='lat' dir='ltr'><strong>non</strong></span> <span class='ocrx_word' id='word_1_116' title='bbox 913 1828 1133 1883; x_wconf 81' lang='lat' dir='ltr'><strong>fuerunt</strong></span> <span class='ocrx_word' id='word_1_117' title='bbox 1164 1846 1176 1881; x_wconf 86' lang='lat'>:</span> <span class='ocrx_word' id='word_1_118' title='bbox 1209 1828 1336 1897; x_wconf 83' lang='lat' dir='ltr'><strong>quid</strong></span> <span class='ocrx_word' id='word_1_119' title='bbox 1372 1828 1443 1880; x_wconf 87' lang='lat' dir='ltr'><strong>ita</strong></span> <span class='ocrx_word' id='word_1_120' title='bbox 1473 1825 1721 1880; x_wconf 88' lang='lat' dir='ltr'><strong>Christus</strong></span> <span class='ocrx_word' id='word_1_121' title='bbox 1759 1841 1865 1880; x_wconf 93' lang='lat' dir='ltr'><strong>non</strong></span> <span class='ocrx_word' id='word_1_122' title='bbox 1906 1834 1991 1880; x_wconf 90' lang='lat' dir='ltr'><strong>est</strong></span> <span class='ocrx_word' id='word_1_123' title='bbox 2018 1825 2205 1879; x_wconf 87' lang='lat' dir='ltr'><strong>Deus?</strong></span> 
     </span>
    </p>
   </div>
   <div class='ocr_carea' id='block_1_20' title="bbox 704 1907 2275 1988">
    <p class='ocr_par' dir='ltr' id='par_1_20' title="bbox 704 1907 2275 1988">
     <span class='ocr_line' id='line_1_20' title="bbox 704 1907 2275 1988; baseline -0.003 -15"><span class='ocrx_word' id='word_1_124' title='bbox 704 1939 723 1973; x_wconf 76' lang='grc' dir='ltr'><strong>ι</strong></span> <span class='ocrx_word' id='word_1_125' title='bbox 759 1920 930 1987; x_wconf 82' lang='lat' dir='ltr'><strong>Hujus</strong></span> <span class='ocrx_word' id='word_1_126' title='bbox 978 1921 1053 1973; x_wconf 80' lang='lat' dir='ltr'><strong>rei</strong></span> <span class='ocrx_word' id='word_1_127' title='bbox 1101 1921 1271 1987; x_wconf 82' lang='lat' dir='ltr'><strong>gratia</strong></span> <span class='ocrx_word' id='word_1_128' title='bbox 1317 1917 1473 1973; x_wconf 83' lang='lat' dir='ltr'><strong>ﬂecto</strong></span> <span class='ocrx_word' id='word_1_129' title='bbox 1523 1933 1695 1988; x_wconf 80' lang='lat' dir='ltr'><strong>genua</strong></span> <span class='ocrx_word' id='word_1_130' title='bbox 1741 1932 1857 1971; x_wconf 86' lang='lat' dir='ltr'><strong>mea</strong></span> <span class='ocrx_word' id='word_1_131' title='bbox 1888 1918 1953 1970; x_wconf 88' lang='lat' dir='ltr'><strong>ad</strong></span> <span class='ocrx_word' id='word_1_132' title='bbox 1987 1916 2198 1969; x_wconf 81' lang='lat' dir='ltr'><strong>Patrem</strong></span> <span class='ocrx_word' id='word_1_133' title='bbox 2234 1907 2275 1962; x_wconf 85' lang='grc' dir='ltr'>Β</span> 
     </span>
    </p>
   </div>
   <div class='ocr_carea' id='block_1_21' title="bbox 633 2006 2203 2077">
    <p class='ocr_par' dir='ltr' id='par_1_21' title="bbox 633 2006 2203 2077">
     <span class='ocr_line' id='line_1_21' title="bbox 633 2006 2203 2077; baseline -0.004 -12"><span class='ocrx_word' id='word_1_134' title='bbox 633 2013 844 2066; x_wconf 81' lang='lat' dir='ltr'><strong>Domini</strong></span> <span class='ocrx_word' id='word_1_135' title='bbox 878 2011 1049 2065; x_wconf 88' lang='lat' dir='ltr'><strong>nostri</strong></span> <span class='ocrx_word' id='word_1_136' title='bbox 1084 2008 1211 2063; x_wconf 81' lang='lat' dir='ltr'><strong>Jesu</strong></span> <span class='ocrx_word' id='word_1_137' title='bbox 1245 2008 1470 2073; x_wconf 89' lang='lat' dir='ltr'><strong>Christi,</strong></span> <span class='ocrx_word' id='word_1_138' title='bbox 1503 2024 1567 2061; x_wconf 79' lang='lat' dir='ltr'><strong>ex</strong></span> <span class='ocrx_word' id='word_1_139' title='bbox 1603 2022 1710 2076; x_wconf 88' lang='lat' dir='ltr'><strong>quo</strong></span> <span class='ocrx_word' id='word_1_140' title='bbox 1750 2009 1927 2061; x_wconf 90' lang='lat' dir='ltr'><strong>omnis</strong></span> <span class='ocrx_word' id='word_1_141' title='bbox 1964 2006 2203 2077; x_wconf 85' lang='lat' dir='ltr'><strong>paterni-</strong></span> 
     </span>
    </p>
   </div>
   <div class='ocr_carea' id='block_1_22' title="bbox 632 2097 2208 2158">
    <p class='ocr_par' dir='ltr' id='par_1_22' title="bbox 632 2097 2208 2158">
     <span class='ocr_line' id='line_1_22' title="bbox 632 2097 2208 2158; baseline -0.003 -3"><span class='ocrx_word' id='word_1_142' title='bbox 632 2116 714 2158; x_wconf 87' lang='lat' dir='ltr'><strong>tas</strong></span> <span class='ocrx_word' id='word_1_143' title='bbox 740 2104 792 2157; x_wconf 90' lang='lat' dir='ltr'><strong>in</strong></span> <span class='ocrx_word' id='word_1_144' title='bbox 824 2104 977 2158; x_wconf 67' lang='lat' dir='ltr'><strong>caelis</strong></span> <span class='ocrx_word' id='word_1_145' title='bbox 1003 2110 1059 2156; x_wconf 88' lang='lat' dir='ltr'><strong>et</strong></span> <span class='ocrx_word' id='word_1_146' title='bbox 1108 2100 1161 2155; x_wconf 92' lang='lat' dir='ltr'><strong>in</strong></span> <span class='ocrx_word' id='word_1_147' title='bbox 1212 2112 1353 2155; x_wconf 91' lang='lat' dir='ltr'><strong>terra</strong></span> <span class='ocrx_word' id='word_1_148' title='bbox 1400 2100 1751 2154; x_wconf 90' lang='lat' dir='ltr'><strong>nominatur:</strong></span> <span class='ocrx_word' id='word_1_149' title='bbox 1800 2107 1861 2152; x_wconf 93' lang='lat' dir='ltr'><strong>ut</strong></span> <span class='ocrx_word' id='word_1_150' title='bbox 1912 2100 2003 2152; x_wconf 91' lang='lat' dir='ltr'><strong>det</strong></span> <span class='ocrx_word' id='word_1_151' title='bbox 2053 2097 2208 2151; x_wconf 84' lang='lat' dir='ltr'><strong>vobis</strong></span> 
     </span>
    </p>
   </div>
   <div class='ocr_carea' id='block_1_23' title="bbox 629 2189 2207 2262">
    <p class='ocr_par' dir='ltr' id='par_1_23' title="bbox 629 2189 2207 2262">
     <span class='ocr_line' id='line_1_23' title="bbox 629 2189 2207 2262; baseline -0.002 -17"><span class='ocrx_word' id='word_1_152' title='bbox 629 2193 929 2248; x_wconf 81' lang='lat' dir='ltr'><strong>secundum</strong></span> <span class='ocrx_word' id='word_1_153' title='bbox 970 2192 1188 2246; x_wconf 82' lang='lat' dir='ltr'><strong>divitias</strong></span> <span class='ocrx_word' id='word_1_154' title='bbox 1217 2192 1401 2262; x_wconf 65' lang='lat' dir='ltr'><strong>gloriae</strong></span> <span class='ocrx_word' id='word_1_155' title='bbox 1436 2206 1580 2257; x_wconf 63' lang='lat' dir='ltr'><strong>suae,</strong></span> <span class='ocrx_word' id='word_1_156' title='bbox 1628 2191 1826 2244; x_wconf 77' lang='lat' dir='ltr'><strong>virtute</strong></span> <span class='ocrx_word' id='word_1_157' title='bbox 1864 2189 2207 2244; x_wconf 88' lang='lat' dir='ltr'><strong>corroborari</strong></span> 
     </span>
    </p>
   </div>
   <div class='ocr_carea' id='block_1_24' title="bbox 633 2279 2209 2353">
    <p class='ocr_par' dir='ltr' id='par_1_24' title="bbox 633 2279 2209 2353">
     <span class='ocr_line' id='line_1_24' title="bbox 633 2279 2209 2353; baseline -0.004 -15"><span class='ocrx_word' id='word_1_158' title='bbox 633 2298 730 2352; x_wconf 86' lang='lat' dir='ltr'><strong>per</strong></span> <span class='ocrx_word' id='word_1_159' title='bbox 778 2283 1039 2352; x_wconf 90' lang='lat' dir='ltr'><strong>Spiritum</strong></span> <span class='ocrx_word' id='word_1_160' title='bbox 1093 2282 1210 2353; x_wconf 87' lang='lat' dir='ltr'><strong>ejus</strong></span> <span class='ocrx_word' id='word_1_161' title='bbox 1256 2282 1309 2336; x_wconf 92' lang='lat' dir='ltr'><strong>iu</strong></span> <span class='ocrx_word' id='word_1_162' title='bbox 1356 2281 1599 2335; x_wconf 86' lang='lat' dir='ltr'><strong>interiori</strong></span> <span class='ocrx_word' id='word_1_163' title='bbox 1651 2281 1889 2344; x_wconf 91' lang='lat' dir='ltr'><strong>homine,</strong></span> <span class='ocrx_word' id='word_1_164' title='bbox 1931 2279 2209 2333; x_wconf 86' lang='lat' dir='ltr'><strong>Christum</strong></span> 
     </span>
    </p>
   </div>
   <div class='ocr_carea' id='block_1_25' title="bbox 632 2369 2208 2445">
    <p class='ocr_par' dir='ltr' id='par_1_25' title="bbox 632 2369 2208 2445">
     <span class='ocr_line' id='line_1_25' title="bbox 632 2369 2208 2445; baseline -0.003 -17"><span class='ocrx_word' id='word_1_165' title='bbox 632 2376 878 2430; x_wconf 85' lang='lat' dir='ltr'><strong>habitare</strong></span> <span class='ocrx_word' id='word_1_166' title='bbox 908 2390 1004 2445; x_wconf 91' lang='lat' dir='ltr'><strong>per</strong></span> <span class='ocrx_word' id='word_1_167' title='bbox 1031 2374 1189 2429; x_wconf 82' lang='lat' dir='ltr'><strong>ﬁdem</strong></span> <span class='ocrx_word' id='word_1_168' title='bbox 1222 2373 1275 2428; x_wconf 88' lang='lat' dir='ltr'><strong>in</strong></span> <span class='ocrx_word' id='word_1_169' title='bbox 1325 2371 1582 2429; x_wconf 81' lang='lat' dir='ltr'><strong>cordibus</strong></span> <span class='ocrx_word' id='word_1_170' title='bbox 1627 2373 1821 2426; x_wconf 87' lang='lat' dir='ltr'><strong>vestris</strong></span> <span class='ocrx_word' id='word_1_171' title='bbox 1841 2371 1908 2423; x_wconf 83' lang='grc'>⁸⁸.</span> <span class='ocrx_word' id='word_1_172' title='bbox 1945 2389 1962 2422; x_wconf 76' lang='grc' dir='ltr'><strong>ι</strong></span> <span class='ocrx_word' id='word_1_173' title='bbox 2005 2369 2208 2424; x_wconf 84' lang='lat' dir='ltr'><strong>Nomen</strong></span> 
     </span>
    </p>
   </div>
   <div class='ocr_carea' id='block_1_26' title="bbox 636 2460 2212 2533">
    <p class='ocr_par' dir='ltr' id='par_1_26' title="bbox 636 2460 2212 2533">
     <span class='ocr_line' id='line_1_26' title="bbox 636 2460 2212 2533; baseline -0.004 -13"><span class='ocrx_word' id='word_1_174' title='bbox 636 2471 737 2521; x_wconf 90' lang='lat' dir='ltr'><strong>hoc</strong></span> <span class='ocrx_word' id='word_1_175' title='bbox 768 2464 1010 2519; x_wconf 75' lang='lat' dir='ltr'><strong>Christus</strong></span> <span class='ocrx_word' id='word_1_176' title='bbox 1045 2463 1199 2519; x_wconf 74' lang='lat' dir='ltr'><strong>Jews</strong></span> <span class='ocrx_word' id='word_1_177' title='bbox 1232 2464 1313 2533; x_wconf 91' lang='lat' dir='ltr'><strong>(ut</strong></span> <span class='ocrx_word' id='word_1_178' title='bbox 1359 2464 1658 2531; x_wconf 64' lang='lat' dir='ltr'><strong>saepissime</strong></span> <span class='ocrx_word' id='word_1_179' title='bbox 1694 2463 1804 2532; x_wconf 89' lang='lat' dir='ltr'><strong>jam</strong></span> <span class='ocrx_word' id='word_1_180' title='bbox 1850 2472 1975 2515; x_wconf 89' lang='lat' dir='ltr'><strong>ante</strong></span> <span class='ocrx_word' id='word_1_181' title='bbox 2002 2460 2212 2515; x_wconf 59' lang='lat' dir='ltr'><strong>monui.</strong></span> 
     </span>
    </p>
   </div>
   <div class='ocr_carea' id='block_1_27' title="bbox 635 2550 2209 2625">
    <p class='ocr_par' dir='ltr' id='par_1_27' title="bbox 635 2550 2209 2625">
     <span class='ocr_line' id='line_1_27' title="bbox 635 2550 2209 2625; baseline -0.001 -17"><span class='ocrx_word' id='word_1_182' title='bbox 635 2555 776 2625; x_wconf 78' lang='grc' dir='ltr'>ιιιιιε)</span> <span class='ocrx_word' id='word_1_183' title='bbox 809 2556 1008 2624; x_wconf 87' lang='lat' dir='ltr'><strong>ubique</strong></span> <span class='ocrx_word' id='word_1_184' title='bbox 1048 2553 1138 2606; x_wconf 79' lang='lat' dir='ltr'><strong>Dei</strong></span> <span class='ocrx_word' id='word_1_185' title='bbox 1177 2554 1354 2607; x_wconf 81' lang='lat' dir='ltr'><strong>Patris</strong></span> <span class='ocrx_word' id='word_1_186' title='bbox 1385 2552 1616 2606; x_wconf 88' lang='lat' dir='ltr'><strong>Verbum</strong></span> <span class='ocrx_word' id='word_1_187' title='bbox 1652 2552 1886 2605; x_wconf 87' lang='lat' dir='ltr'><strong>humana</strong></span> <span class='ocrx_word' id='word_1_188' title='bbox 1919 2551 2091 2604; x_wconf 77' lang='lat' dir='ltr'><strong>forma</strong></span> <span class='ocrx_word' id='word_1_189' title='bbox 2123 2550 2209 2606; x_wconf 83' lang='lat' dir='ltr'><strong>in-</strong></span> 
     </span>
    </p>
   </div>
   <div class='ocr_carea' id='block_1_28' title="bbox 635 2641 2209 2717">
    <p class='ocr_par' dir='ltr' id='par_1_28' title="bbox 635 2641 2209 2717">
     <span class='ocr_line' id='line_1_28' title="bbox 635 2641 2209 2717; baseline -0.003 -20"><span class='ocrx_word' id='word_1_190' title='bbox 635 2650 824 2700; x_wconf 88' lang='lat' dir='ltr'><strong>dutum</strong></span> <span class='ocrx_word' id='word_1_191' title='bbox 878 2645 1169 2717; x_wconf 79' lang='lat' dir='ltr'><strong>signiﬁcat.</strong></span> <span class='ocrx_word' id='word_1_192' title='bbox 1218 2644 1273 2699; x_wconf 90' lang='lat' dir='ltr'><strong>Si</strong></span> <span class='ocrx_word' id='word_1_193' title='bbox 1326 2658 1456 2713; x_wconf 83' lang='lat' dir='ltr'><strong>ergo</strong></span> <span class='ocrx_word' id='word_1_194' title='bbox 1512 2641 1765 2698; x_wconf 89' lang='lat' dir='ltr'><strong>Christus</strong></span> <span class='ocrx_word' id='word_1_195' title='bbox 1819 2641 2209 2712; x_wconf 88' lang='lat' dir='ltr'><strong>(posteaquam</strong></span> 
     </span>
    </p>
   </div>
   <div class='ocr_carea' id='block_1_29' title="bbox 638 2731 2213 2808">
    <p class='ocr_par' dir='ltr' id='par_1_29' title="bbox 638 2731 2213 2808">
     <span class='ocr_line' id='line_1_29' title="bbox 638 2731 2213 2808; baseline -0.001 -20"><span class='ocrx_word' id='word_1_196' title='bbox 638 2737 896 2803; x_wconf 84' lang='lat' dir='ltr'><strong>Verbum,</strong></span> <span class='ocrx_word' id='word_1_197' title='bbox 927 2738 1070 2808; x_wconf 92' lang='lat' dir='ltr'><strong>quod</strong></span> <span class='ocrx_word' id='word_1_198' title='bbox 1103 2739 1272 2807; x_wconf 91' lang='lat' dir='ltr'><strong>ipsmn</strong></span> <span class='ocrx_word' id='word_1_199' title='bbox 1312 2751 1525 2805; x_wconf 89' lang='lat' dir='ltr'><strong>quoque</strong></span> <span class='ocrx_word' id='word_1_200' title='bbox 1565 2750 1661 2803; x_wconf 91' lang='lat' dir='ltr'><strong>per</strong></span> <span class='ocrx_word' id='word_1_201' title='bbox 1688 2733 1946 2803; x_wconf 84' lang='lat' dir='ltr'><strong>Spiritum</strong></span> <span class='ocrx_word' id='word_1_202' title='bbox 1974 2742 2032 2787; x_wconf 89' lang='lat' dir='ltr'><strong>ut</strong></span> <span class='ocrx_word' id='word_1_203' title='bbox 2071 2731 2213 2786; x_wconf 87' lang='lat' dir='ltr'><strong>Deus</strong></span> 
     </span>
    </p>
   </div>
   <div class='ocr_carea' id='block_1_30' title="bbox 638 2820 2212 2894">
    <p class='ocr_par' dir='ltr' id='par_1_30' title="bbox 638 2820 2212 2894">
     <span class='ocr_line' id='line_1_30' title="bbox 638 2820 2212 2894; baseline -0.005 -11"><span class='ocrx_word' id='word_1_204' title='bbox 638 2831 691 2883; x_wconf 92' lang='lat' dir='ltr'><strong>in</strong></span> <span class='ocrx_word' id='word_1_205' title='bbox 729 2829 882 2884; x_wconf 92' lang='lat' dir='ltr'><strong>nobis</strong></span> <span class='ocrx_word' id='word_1_206' title='bbox 924 2829 1209 2889; x_wconf 84' lang='lat' dir='ltr'><strong>inhabitat,</strong></span> <span class='ocrx_word' id='word_1_207' title='bbox 1246 2842 1467 2881; x_wconf 91' lang='lat' dir='ltr'><strong>carnem</strong></span> <span class='ocrx_word' id='word_1_208' title='bbox 1519 2823 1685 2879; x_wconf 89' lang='lat' dir='ltr'><strong>semel</strong></span> <span class='ocrx_word' id='word_1_209' title='bbox 1718 2820 2069 2894; x_wconf 83' lang='lat' dir='ltr'><strong>assumpsit),</strong></span> <span class='ocrx_word' id='word_1_210' title='bbox 2107 2838 2212 2876; x_wconf 88' lang='lat' dir='ltr'><strong>non</strong></span> 
     </span>
    </p>
   </div>
   <div class='ocr_carea' id='block_1_31' title="bbox 636 2913 2216 2989">
    <p class='ocr_par' dir='ltr' id='par_1_31' title="bbox 636 2913 2216 2989">
     <span class='ocr_line' id='line_1_31' title="bbox 636 2913 2216 2989; baseline -0.004 -16"><span class='ocrx_word' id='word_1_211' title='bbox 636 2929 720 2973; x_wconf 87' lang='lat' dir='ltr'><strong>est</strong></span> <span class='ocrx_word' id='word_1_212' title='bbox 758 2918 897 2975; x_wconf 88' lang='lat' dir='ltr'><strong>Deus</strong></span> <span class='ocrx_word' id='word_1_213' title='bbox 927 2935 941 2972; x_wconf 90' lang='lat'><strong>:</strong></span> <span class='ocrx_word' id='word_1_214' title='bbox 987 2919 1259 2989; x_wconf 89' lang='lat' dir='ltr'><strong>quomodo</strong></span> <span class='ocrx_word' id='word_1_215' title='bbox 1294 2933 1389 2988; x_wconf 88' lang='lat' dir='ltr'><strong>per</strong></span> <span class='ocrx_word' id='word_1_216' title='bbox 1433 2918 1591 2972; x_wconf 79' lang='lat' dir='ltr'><strong>[idem</strong></span> <span class='ocrx_word' id='word_1_217' title='bbox 1629 2916 1680 2970; x_wconf 95' lang='lat' dir='ltr'><strong>in</strong></span> <span class='ocrx_word' id='word_1_218' title='bbox 1716 2916 1977 2970; x_wconf 88' lang='lat' dir='ltr'><strong>cordibus</strong></span> <span class='ocrx_word' id='word_1_219' title='bbox 2011 2913 2216 2968; x_wconf 78' lang='lat' dir='ltr'><strong>nostris</strong></span> 
     </span>
    </p>
   </div>
   <div class='ocr_carea' id='block_1_32' title="bbox 639 3006 2218 3066">
    <p class='ocr_par' dir='ltr' id='par_1_32' title="bbox 639 3006 2218 3066">
     <span class='ocr_line' id='line_1_32' title="bbox 639 3006 2218 3066; baseline -0.004 -1"><span class='ocrx_word' id='word_1_220' title='bbox 639 3012 941 3066; x_wconf 79' lang='lat' dir='ltr'><strong>inhabitare</strong></span> <span class='ocrx_word' id='word_1_221' title='bbox 976 3012 1174 3065; x_wconf 92' lang='lat' dir='ltr'><strong>dicitur</strong></span> <span class='ocrx_word' id='word_1_222' title='bbox 1201 3012 1224 3063; x_wconf 88' lang='lat'><strong>?</strong></span> <span class='ocrx_word' id='word_1_223' title='bbox 1252 3010 1487 3063; x_wconf 83' lang='lat' dir='ltr'><strong>Rursum</strong></span> <span class='ocrx_word' id='word_1_224' title='bbox 1522 3009 1565 3063; x_wconf 92' lang='lat' dir='ltr'><strong>si</strong></span> <span class='ocrx_word' id='word_1_225' title='bbox 1596 3006 1900 3062; x_wconf 88' lang='lat' dir='ltr'><strong>communis</strong></span> <span class='ocrx_word' id='word_1_226' title='bbox 1948 3006 2109 3059; x_wconf 90' lang='lat' dir='ltr'><strong>homo</strong></span> <span class='ocrx_word' id='word_1_227' title='bbox 2136 3014 2218 3058; x_wconf 89' lang='lat' dir='ltr'><strong>est</strong></span> 
     </span>
    </p>
   </div>
   <div class='ocr_carea' id='block_1_33' title="bbox 640 3097 2216 3169">
    <p class='ocr_par' dir='ltr' id='par_1_33' title="bbox 640 3097 2216 3169">
     <span class='ocr_line' id='line_1_33' title="bbox 640 3097 2216 3169; baseline -0.002 -19"><span class='ocrx_word' id='word_1_228' title='bbox 640 3103 910 3166; x_wconf 72' lang='lat' dir='ltr'><strong>Christus,</strong></span> <span class='ocrx_word' id='word_1_229' title='bbox 953 3101 1054 3169; x_wconf 79' lang='lat'><strong>71</strong></span> <span class='ocrx_word' id='word_1_230' title='bbox 1087 3110 1141 3155; x_wconf 85' lang='lat' dir='ltr'><strong>et</strong></span> <span class='ocrx_word' id='word_1_231' title='bbox 1184 3100 1325 3154; x_wconf 86' lang='lat' dir='ltr'><strong>hlius</strong></span> <span class='ocrx_word' id='word_1_232' title='bbox 1384 3102 1452 3153; x_wconf 91' lang='lat' dir='ltr'><strong>ab</strong></span> <span class='ocrx_word' id='word_1_233' title='bbox 1496 3114 1560 3154; x_wconf 91' lang='lat' dir='ltr'><strong>eo</strong></span> <span class='ocrx_word' id='word_1_234' title='bbox 1590 3099 1837 3152; x_wconf 84' lang='lat' dir='ltr'><strong>diversus</strong></span> <span class='ocrx_word' id='word_1_235' title='bbox 1862 3137 1876 3160; x_wconf 86' lang='lat'><strong>,</strong></span> <span class='ocrx_word' id='word_1_236' title='bbox 1908 3097 1996 3165; x_wconf 86' lang='lat' dir='ltr'><strong>qui</strong></span> <span class='ocrx_word' id='word_1_237' title='bbox 2027 3106 2216 3149; x_wconf 89' lang='lat' dir='ltr'><strong>natura</strong></span> 
     </span>
    </p>
   </div>
   <div class='ocr_carea' id='block_1_34' title="bbox 641 3188 2216 3256">
    <p class='ocr_par' dir='ltr' id='par_1_34' title="bbox 641 3188 2216 3256">
     <span class='ocr_line' id='line_1_34' title="bbox 641 3188 2216 3256; baseline -0.003 -12"><span class='ocrx_word' id='word_1_238' title='bbox 641 3190 809 3244; x_wconf 83' lang='lat' dir='ltr'><strong>Filius</strong></span> <span class='ocrx_word' id='word_1_239' title='bbox 831 3200 933 3255; x_wconf 90' lang='lat' dir='ltr'><strong>est,</strong></span> <span class='ocrx_word' id='word_1_240' title='bbox 960 3200 1013 3242; x_wconf 90' lang='lat' dir='ltr'><strong>et</strong></span> <span class='ocrx_word' id='word_1_241' title='bbox 1042 3189 1186 3243; x_wconf 88' lang='lat' dir='ltr'><strong>solus</strong></span> <span class='ocrx_word' id='word_1_242' title='bbox 1224 3205 1290 3242; x_wconf 82' lang='lat' dir='ltr'><strong>cx</strong></span> <span class='ocrx_word' id='word_1_243' title='bbox 1330 3188 1439 3241; x_wconf 92' lang='lat' dir='ltr'><strong>Deo</strong></span> <span class='ocrx_word' id='word_1_244' title='bbox 1463 3197 1619 3241; x_wconf 90' lang='lat' dir='ltr'><strong>natus</strong></span> <span class='ocrx_word' id='word_1_245' title='bbox 1650 3196 1732 3241; x_wconf 87' lang='lat' dir='ltr'><strong>est</strong></span> <span class='ocrx_word' id='word_1_246' title='bbox 1768 3205 1781 3240; x_wconf 89' lang='lat'>:</span> <span class='ocrx_word' id='word_1_247' title='bbox 1821 3188 1963 3256; x_wconf 90' lang='lat' dir='ltr'><strong>quis,</strong></span> <span class='ocrx_word' id='word_1_248' title='bbox 1997 3201 2178 3255; x_wconf 59' lang='lat' dir='ltr'><strong>quaeso</strong></span> <span class='ocrx_word' id='word_1_249' title='bbox 2200 3223 2216 3250; x_wconf 92' lang='lat'><strong>,</strong></span> 
     </span>
    </p>
   </div>
   <div class='ocr_carea' id='block_1_35' title="bbox 641 3277 2221 3347">
    <p class='ocr_par' dir='ltr' id='par_1_35' title="bbox 641 3277 2221 3347">
     <span class='ocr_line' id='line_1_35' title="bbox 641 3277 2221 3347; baseline -0.004 -13"><span class='ocrx_word' id='word_1_250' title='bbox 641 3289 727 3334; x_wconf 87' lang='lat' dir='ltr'><strong>est</strong></span> <span class='ocrx_word' id='word_1_251' title='bbox 756 3279 846 3334; x_wconf 90' lang='lat' dir='ltr'><strong>ille</strong></span> <span class='ocrx_word' id='word_1_252' title='bbox 892 3281 981 3347; x_wconf 90' lang='lat' dir='ltr'><strong>qui</strong></span> <span class='ocrx_word' id='word_1_253' title='bbox 1009 3280 1216 3333; x_wconf 87' lang='lat' dir='ltr'><strong>habitat</strong></span> <span class='ocrx_word' id='word_1_254' title='bbox 1250 3279 1302 3331; x_wconf 93' lang='lat' dir='ltr'><strong>in</strong></span> <span class='ocrx_word' id='word_1_255' title='bbox 1337 3277 1530 3330; x_wconf 85' lang='lat' dir='ltr'><strong>nobis?</strong></span> <span class='ocrx_word' id='word_1_256' title='bbox 1587 3286 1679 3329; x_wconf 86' lang='lat' dir='ltr'><strong>aut</strong></span> <span class='ocrx_word' id='word_1_257' title='bbox 1726 3279 1995 3345; x_wconf 85' lang='lat' dir='ltr'><strong>quomodo</strong></span> <span class='ocrx_word' id='word_1_258' title='bbox 2036 3278 2089 3329; x_wconf 92' lang='lat' dir='ltr'><strong>in</strong></span> <span class='ocrx_word' id='word_1_259' title='bbox 2122 3277 2221 3329; x_wconf 90' lang='lat' dir='ltr'><strong>ho-</strong></span> 
     </span>
    </p>
   </div>
   <div class='ocr_carea' id='block_1_36' title="bbox 646 3368 2224 3438">
    <p class='ocr_par' dir='ltr' id='par_1_36' title="bbox 646 3368 2224 3438">
     <span class='ocr_line' id='line_1_36' title="bbox 646 3368 2224 3438; baseline -0.004 -11"><span class='ocrx_word' id='word_1_260' title='bbox 646 3373 885 3427; x_wconf 76' lang='lat' dir='ltr'><strong>minibus</strong></span> <span class='ocrx_word' id='word_1_261' title='bbox 914 3372 1180 3424; x_wconf 86' lang='lat' dir='ltr'><strong>inhabitat</strong></span> <span class='ocrx_word' id='word_1_262' title='bbox 1217 3385 1313 3438; x_wconf 89' lang='lat' dir='ltr'><strong>per</strong></span> <span class='ocrx_word' id='word_1_263' title='bbox 1364 3368 1568 3423; x_wconf 84' lang='lat' dir='ltr'><strong>ﬁdem?</strong></span> <span class='ocrx_word' id='word_1_264' title='bbox 1608 3384 1729 3421; x_wconf 87' lang='lat' dir='ltr'><strong>cum</strong></span> <span class='ocrx_word' id='word_1_265' title='bbox 1774 3368 2011 3422; x_wconf 84' lang='lat' dir='ltr'><strong>Joannes</strong></span> <span class='ocrx_word' id='word_1_266' title='bbox 2056 3369 2121 3423; x_wconf 91' lang='lat' dir='ltr'><strong>de</strong></span> <span class='ocrx_word' id='word_1_267' title='bbox 2160 3382 2224 3421; x_wconf 90' lang='lat' dir='ltr'><strong>eo</strong></span> 
     </span>
    </p>
   </div>
   <div class='ocr_carea' id='block_1_37' title="bbox 646 3458 2225 3529">
    <p class='ocr_par' dir='ltr' id='par_1_37' title="bbox 646 3458 2225 3529">
     <span class='ocr_line' id='line_1_37' title="bbox 646 3458 2225 3529; baseline -0.001 -16"><span class='ocrx_word' id='word_1_268' title='bbox 646 3462 881 3517; x_wconf 86' lang='lat' dir='ltr'><strong>dilucide</strong></span> <span class='ocrx_word' id='word_1_269' title='bbox 913 3462 1056 3515; x_wconf 86' lang='lat' dir='ltr'><strong>dicat</strong></span> <span class='ocrx_word' id='word_1_270' title='bbox 1088 3479 1100 3515; x_wconf 91' lang='lat'><strong>:</strong></span> <span class='ocrx_word' id='word_1_271' title='bbox 1145 3480 1161 3511; x_wconf 81' lang='grc' dir='ltr'><strong>ι</strong></span> <span class='ocrx_word' id='word_1_272' title='bbox 1200 3458 1256 3512; x_wconf 85' lang='grc' dir='ltr'>1η</span> <span class='ocrx_word' id='word_1_273' title='bbox 1291 3461 1395 3514; x_wconf 90' lang='lat' dir='ltr'><strong>hoc</strong></span> <span class='ocrx_word' id='word_1_274' title='bbox 1440 3458 1833 3529; x_wconf 76' lang='lat' dir='ltr'><strong>cognoscimus,</strong></span> <span class='ocrx_word' id='word_1_275' title='bbox 1884 3459 2025 3526; x_wconf 90' lang='lat' dir='ltr'><strong>quod</strong></span> <span class='ocrx_word' id='word_1_276' title='bbox 2075 3458 2127 3511; x_wconf 93' lang='lat' dir='ltr'><strong>in</strong></span> <span class='ocrx_word' id='word_1_277' title='bbox 2160 3472 2225 3513; x_wconf 90' lang='lat' dir='ltr'><strong>eo</strong></span> 
     </span>
    </p>
   </div>
   <div class='ocr_carea' id='block_1_38' title="bbox 646 3550 2225 3621">
    <p class='ocr_par' dir='ltr' id='par_1_38' title="bbox 646 3550 2225 3621">
     <span class='ocr_line' id='line_1_38' title="bbox 646 3550 2225 3621; baseline -0.003 -13"><span class='ocrx_word' id='word_1_278' title='bbox 646 3569 947 3619; x_wconf 89' lang='lat' dir='ltr'><strong>manemus,</strong></span> <span class='ocrx_word' id='word_1_279' title='bbox 977 3564 1029 3607; x_wconf 92' lang='lat' dir='ltr'><strong>et</strong></span> <span class='ocrx_word' id='word_1_280' title='bbox 1056 3553 1169 3619; x_wconf 91' lang='lat' dir='ltr'><strong>ipse</strong></span> <span class='ocrx_word' id='word_1_281' title='bbox 1203 3554 1254 3606; x_wconf 92' lang='lat' dir='ltr'><strong>in</strong></span> <span class='ocrx_word' id='word_1_282' title='bbox 1292 3552 1444 3606; x_wconf 90' lang='lat' dir='ltr'><strong>nobis</strong></span> <span class='ocrx_word' id='word_1_283' title='bbox 1470 3561 1572 3618; x_wconf 84' lang='lat' dir='ltr'><strong>est,</strong></span> <span class='ocrx_word' id='word_1_284' title='bbox 1610 3552 1865 3621; x_wconf 89' lang='lat' dir='ltr'><strong>quoniam</strong></span> <span class='ocrx_word' id='word_1_285' title='bbox 1904 3553 1971 3606; x_wconf 91' lang='lat' dir='ltr'><strong>de</strong></span> <span class='ocrx_word' id='word_1_286' title='bbox 2015 3550 2225 3620; x_wconf 89' lang='lat' dir='ltr'><strong>Spiritu</strong></span> 
     </span>
    </p>
   </div>
   <div class='ocr_carea' id='block_1_39' title="bbox 645 3626 1265 3699">
    <p class='ocr_par' dir='ltr' id='par_1_39' title="bbox 645 3626 1265 3699">
     <span class='ocr_line' id='line_1_39' title="bbox 645 3626 1265 3699; baseline -0.013 0"><span class='ocrx_word' id='word_1_287' title='bbox 645 3626 919 3699; x_wconf 11' lang='lat' dir='ltr'><strong>suovdedit</strong></span> <span class='ocrx_word' id='word_1_288' title='bbox 948 3644 1105 3696; x_wconf 84' lang='lat' dir='ltr'><strong>nohis</strong></span> <span class='ocrx_word' id='word_1_289' title='bbox 1133 3642 1200 3694; x_wconf 81' lang='lat'><strong>&quot;.</strong></span> <span class='ocrx_word' id='word_1_290' title='bbox 1248 3659 1265 3691; x_wconf 77' lang='grc' dir='ltr'><strong>ι</strong></span> 
     </span>
    </p>
   </div>
   <div class='ocr_carea' id='block_1_40' title="bbox 1008 3731 1872 3802">
    <p class='ocr_par' dir='ltr' id='par_1_40' title="bbox 1008 3731 1872 3802">
     <span class='ocr_line' id='line_1_40' title="bbox 1008 3731 1872 3802; baseline -0.002 -15"><span class='ocrx_word' id='word_1_291' title='bbox 1008 3734 1094 3787; x_wconf 75' lang='lat' dir='ltr'><strong>Ex</strong></span> <span class='ocrx_word' id='word_1_292' title='bbox 1127 3732 1366 3802; x_wconf 80' lang='lat' dir='ltr'><strong>Epistula</strong></span> <span class='ocrx_word' id='word_1_293' title='bbox 1396 3737 1466 3785; x_wconf 87' lang='lat' dir='ltr'><strong>ad</strong></span> <span class='ocrx_word' id='word_1_294' title='bbox 1492 3731 1872 3801; x_wconf 56' lang='lat' dir='ltr'><strong>Philippensem</strong></span> 
     </span>
    </p>
   </div>
   <div class='ocr_carea' id='block_1_41' title="bbox 723 3844 2226 3915">
    <p class='ocr_par' dir='ltr' id='par_1_41' title="bbox 723 3844 2226 3915">
     <span class='ocr_line' id='line_1_41' title="bbox 723 3844 2226 3915; baseline -0.002 -13"><span class='ocrx_word' id='word_1_295' title='bbox 723 3869 741 3902; x_wconf 76' lang='grc' dir='ltr'><strong>ι</strong></span> <span class='ocrx_word' id='word_1_296' title='bbox 772 3848 900 3915; x_wconf 67' lang='lat' dir='ltr'><strong>Quae</strong></span> <span class='ocrx_word' id='word_1_297' title='bbox 942 3847 1070 3901; x_wconf 92' lang='lat' dir='ltr'><strong>mihi</strong></span> <span class='ocrx_word' id='word_1_298' title='bbox 1112 3846 1330 3901; x_wconf 83' lang='lat' dir='ltr'><strong>fuerunt</strong></span> <span class='ocrx_word' id='word_1_299' title='bbox 1370 3845 1514 3900; x_wconf 91' lang='lat' dir='ltr'><strong>lucra</strong></span> <span class='ocrx_word' id='word_1_300' title='bbox 1562 3844 1665 3915; x_wconf 92' lang='lat' dir='ltr'><strong>(de</strong></span> <span class='ocrx_word' id='word_1_301' title='bbox 1705 3845 2123 3915; x_wconf 81' lang='lat' dir='ltr'><strong>gloriatiouibus</strong></span> <span class='ocrx_word' id='word_1_302' title='bbox 2173 3845 2226 3899; x_wconf 90' lang='lat' dir='ltr'><strong>in</strong></span> 
     </span>
    </p>
   </div>
   <div class='ocr_carea' id='block_1_42' title="bbox 648 3935 2227 4008">
    <p class='ocr_par' dir='ltr' id='par_1_42' title="bbox 648 3935 2227 4008">
     <span class='ocr_line' id='line_1_42' title="bbox 648 3935 2227 4008; baseline -0.001 -17"><span class='ocrx_word' id='word_1_303' title='bbox 648 3940 763 4008; x_wconf 75' lang='lat' dir='ltr'><strong>lege</strong></span> <span class='ocrx_word' id='word_1_304' title='bbox 791 3938 1070 4008; x_wconf 83' lang='lat' dir='ltr'><strong>loquitur).</strong></span> <span class='ocrx_word' id='word_1_305' title='bbox 1096 3938 1210 3990; x_wconf 62' lang='lat' dir='ltr'><strong>haec</strong></span> <span class='ocrx_word' id='word_1_306' title='bbox 1237 3936 1534 3990; x_wconf 88' lang='lat' dir='ltr'><strong>arbitratus</strong></span> <span class='ocrx_word' id='word_1_307' title='bbox 1560 3951 1678 3989; x_wconf 91' lang='lat' dir='ltr'><strong>sum</strong></span> <span class='ocrx_word' id='word_1_308' title='bbox 1711 3945 1933 4006; x_wconf 85' lang='lat' dir='ltr'><strong>propter</strong></span> <span class='ocrx_word' id='word_1_309' title='bbox 1951 3935 2227 3990; x_wconf 89' lang='lat' dir='ltr'><strong>Christum</strong></span> 
     </span>
    </p>
   </div>
   <div class='ocr_carea' id='block_1_43' title="bbox 649 4026 2226 4085">
    <p class='ocr_par' dir='ltr' id='par_1_43' title="bbox 649 4026 2226 4085">
     <span class='ocr_line' id='line_1_43' title="bbox 649 4026 2226 4085; baseline -0.004 -1"><span class='ocrx_word' id='word_1_310' title='bbox 649 4032 991 4085; x_wconf 86' lang='lat' dir='ltr'><strong>detrimenta.</strong></span> <span class='ocrx_word' id='word_1_311' title='bbox 1030 4027 1409 4083; x_wconf 84' lang='lat' dir='ltr'><strong>Verumtamen</strong></span> <span class='ocrx_word' id='word_1_312' title='bbox 1435 4027 1688 4082; x_wconf 82' lang='lat' dir='ltr'><strong>existimo</strong></span> <span class='ocrx_word' id='word_1_313' title='bbox 1713 4030 1892 4080; x_wconf 89' lang='lat' dir='ltr'><strong>omnia</strong></span> <span class='ocrx_word' id='word_1_314' title='bbox 1929 4026 2226 4081; x_wconf 89' lang='lat' dir='ltr'><strong>detrimen-</strong></span> 
     </span>
    </p>
   </div>
   <div class='ocr_carea' id='block_1_44' title="bbox 650 4117 2226 4189">
    <p class='ocr_par' dir='ltr' id='par_1_44' title="bbox 650 4117 2226 4189">
     <span class='ocr_line' id='line_1_44' title="bbox 650 4117 2226 4189; baseline -0.003 -13"><span class='ocrx_word' id='word_1_315' title='bbox 650 4134 761 4176; x_wconf 89' lang='lat' dir='ltr'><strong>tum</strong></span> <span class='ocrx_word' id='word_1_316' title='bbox 794 4138 915 4177; x_wconf 90' lang='lat' dir='ltr'><strong>esse</strong></span> <span class='ocrx_word' id='word_1_317' title='bbox 948 4129 1166 4189; x_wconf 90' lang='lat' dir='ltr'><strong>propter</strong></span> <span class='ocrx_word' id='word_1_318' title='bbox 1210 4120 1535 4173; x_wconf 88' lang='lat' dir='ltr'><strong>eminentem</strong></span> <span class='ocrx_word' id='word_1_319' title='bbox 1573 4119 1855 4173; x_wconf 89' lang='lat' dir='ltr'><strong>scientiam</strong></span> <span class='ocrx_word' id='word_1_320' title='bbox 1903 4117 2030 4173; x_wconf 83' lang='lat' dir='ltr'><strong>Jesu</strong></span> <span class='ocrx_word' id='word_1_321' title='bbox 2068 4118 2226 4173; x_wconf 88' lang='lat' dir='ltr'><strong>Chri—</strong></span> 
     </span>
    </p>
   </div>
   <div class='ocr_carea' id='block_1_45' title="bbox 650 4210 2228 4281">
    <p class='ocr_par' dir='ltr' id='par_1_45' title="bbox 650 4210 2228 4281">
     <span class='ocr_line' id='line_1_45' title="bbox 650 4210 2228 4281; baseline -0.003 -14"><span class='ocrx_word' id='word_1_322' title='bbox 650 4215 716 4267; x_wconf 86' lang='lat' dir='ltr'><strong>sti</strong></span> <span class='ocrx_word' id='word_1_323' title='bbox 756 4213 961 4267; x_wconf 89' lang='lat' dir='ltr'><strong>Domiui</strong></span> <span class='ocrx_word' id='word_1_324' title='bbox 993 4211 1181 4277; x_wconf 87' lang='lat' dir='ltr'><strong>nostri,</strong></span> <span class='ocrx_word' id='word_1_325' title='bbox 1221 4220 1438 4281; x_wconf 86' lang='lat' dir='ltr'><strong>propter</strong></span> <span class='ocrx_word' id='word_1_326' title='bbox 1454 4225 1610 4278; x_wconf 87' lang='lat' dir='ltr'><strong>quem</strong></span> <span class='ocrx_word' id='word_1_327' title='bbox 1639 4212 1819 4264; x_wconf 87' lang='lat' dir='ltr'><strong>omnia</strong></span> <span class='ocrx_word' id='word_1_328' title='bbox 1843 4210 2228 4265; x_wconf 89' lang='lat' dir='ltr'><strong>detrimentum</strong></span> 
     </span>
    </p>
   </div>
   <div class='ocr_carea' id='block_1_46' title="bbox 652 4300 2227 4367">
    <p class='ocr_par' dir='ltr' id='par_1_46' title="bbox 652 4300 2227 4367">
     <span class='ocr_line' id='line_1_46' title="bbox 652 4300 2227 4367; baseline -0.001 -12"><span class='ocrx_word' id='word_1_329' title='bbox 652 4304 860 4367; x_wconf 68' lang='lat' dir='ltr'><strong>fct:i,et</strong></span> <span class='ocrx_word' id='word_1_330' title='bbox 906 4303 1147 4356; x_wconf 85' lang='lat' dir='ltr'><strong>arbitror</strong></span> <span class='ocrx_word' id='word_1_331' title='bbox 1178 4313 1231 4355; x_wconf 89' lang='lat' dir='ltr'><strong>ut</strong></span> <span class='ocrx_word' id='word_1_332' title='bbox 1275 4312 1538 4367; x_wconf 89' lang='lat' dir='ltr'><strong>stercora,</strong></span> <span class='ocrx_word' id='word_1_333' title='bbox 1588 4311 1646 4354; x_wconf 91' lang='lat' dir='ltr'><strong>ut</strong></span> <span class='ocrx_word' id='word_1_334' title='bbox 1691 4300 1968 4355; x_wconf 88' lang='lat' dir='ltr'><strong>Christum</strong></span> <span class='ocrx_word' id='word_1_335' title='bbox 2002 4300 2227 4355; x_wconf 81' lang='lat' dir='ltr'><strong>lucrifa-</strong></span> 
     </span>
    </p>
   </div>
   <div class='ocr_carea' id='block_1_47' title="bbox 650 4391 2225 4459">
    <p class='ocr_par' dir='ltr' id='par_1_47' title="bbox 650 4391 2225 4459">
     <span class='ocr_line' id='line_1_47' title="bbox 650 4391 2225 4459; baseline -0.002 -12"><span class='ocrx_word' id='word_1_336' title='bbox 650 4395 885 4449; x_wconf 78' lang='lat' dir='ltr'><strong>eiam“.</strong></span> <span class='ocrx_word' id='word_1_337' title='bbox 929 4411 946 4445; x_wconf 75' lang='grc' dir='ltr'><strong>ι</strong></span> <span class='ocrx_word' id='word_1_338' title='bbox 992 4392 1129 4459; x_wconf 86' lang='lat' dir='ltr'><strong>Quid</strong></span> <span class='ocrx_word' id='word_1_339' title='bbox 1180 4403 1283 4458; x_wconf 71' lang='grc' dir='ltr'>εει,</span> <span class='ocrx_word' id='word_1_340' title='bbox 1334 4393 1547 4456; x_wconf 88' lang='lat' dir='ltr'><strong>amabo,</strong></span> <span class='ocrx_word' id='word_1_341' title='bbox 1598 4392 1792 4446; x_wconf 77' lang='lat' dir='ltr'><strong>eximia</strong></span> <span class='ocrx_word' id='word_1_342' title='bbox 1847 4391 2045 4445; x_wconf 89' lang='lat' dir='ltr'><strong>Christi</strong></span> <span class='ocrx_word' id='word_1_343' title='bbox 2100 4391 2225 4445; x_wconf 84' lang='lat' dir='ltr'><strong>Jesu</strong></span> 
     </span>
    </p>
   </div>
   <div class='ocr_carea' id='block_1_48' title="bbox 653 4484 2229 4553">
    <p class='ocr_par' dir='ltr' id='par_1_48' title="bbox 653 4484 2229 4553">
     <span class='ocr_line' id='line_1_48' title="bbox 653 4484 2229 4553; baseline -0.001 -15"><span class='ocrx_word' id='word_1_344' title='bbox 653 4485 920 4538; x_wconf 81' lang='lat' dir='ltr'><strong>scientia?</strong></span> <span class='ocrx_word' id='word_1_345' title='bbox 976 4484 1084 4539; x_wconf 87' lang='lat' dir='ltr'><strong>Cur</strong></span> <span class='ocrx_word' id='word_1_346' title='bbox 1134 4486 1313 4538; x_wconf 90' lang='lat' dir='ltr'><strong>omnia</strong></span> <span class='ocrx_word' id='word_1_347' title='bbox 1377 4499 1495 4553; x_wconf 67' lang='lat' dir='ltr'><strong>qua:</strong></span> <span class='ocrx_word' id='word_1_348' title='bbox 1555 4484 1683 4552; x_wconf 85' lang='lat' dir='ltr'><strong>legis</strong></span> <span class='ocrx_word' id='word_1_349' title='bbox 1730 4492 1879 4550; x_wconf 90' lang='lat' dir='ltr'><strong>sunt,</strong></span> <span class='ocrx_word' id='word_1_350' title='bbox 1934 4484 2229 4539; x_wconf 85' lang='lat' dir='ltr'><strong>detrimen-</strong></span> 
     </span>
    </p>
   </div>
   <div class='ocr_carea' id='block_1_49' title="bbox 2295 646 3881 720">
    <p class='ocr_par' dir='ltr' id='par_1_49' title="bbox 2295 646 3881 720">
     <span class='ocr_line' id='line_1_49' title="bbox 2295 646 3881 720; baseline -0.004 -20"><span class='ocrx_word' id='word_1_351' title='bbox 2295 647 2472 702; x_wconf 80' lang='grc' dir='ltr'>λαὸὼν</span> <span class='ocrx_word' id='word_1_352' title='bbox 2500 650 2554 702; x_wconf 78' lang='grc' dir='ltr'>δὲ</span> <span class='ocrx_word' id='word_1_353' title='bbox 2581 650 2639 700; x_wconf 93' lang='grc' dir='ltr'><strong>τὸ</strong></span> <span class='ocrx_word' id='word_1_354' title='bbox 2669 648 3008 719; x_wconf 78' lang='grc' dir='ltr'>ἀνθρώπινον</span> <span class='ocrx_word' id='word_1_355' title='bbox 3033 648 3415 720; x_wconf 77' lang='grc' dir='ltr'><strong>οἰκονομικῶς,</strong></span> <span class='ocrx_word' id='word_1_356' title='bbox 3452 651 3538 701; x_wconf 80' lang='grc' dir='ltr'><strong>ἵνα</strong></span> <span class='ocrx_word' id='word_1_357' title='bbox 3577 648 3639 700; x_wconf 83' lang='grc' dir='ltr'>ὲν</span> <span class='ocrx_word' id='word_1_358' title='bbox 3679 646 3829 715; x_wconf 69' lang='grc' dir='ltr'>αὐτῷ</span> <span class='ocrx_word' id='word_1_359' title='bbox 3850 656 3881 694; x_wconf 73' lang='grc' dir='ltr'><strong>ρ</strong></span> 
     </span>
    </p>
   </div>
   <div class='ocr_carea' id='block_1_50' title="bbox 2294 734 3883 811">
    <p class='ocr_par' dir='ltr' id='par_1_50' title="bbox 2294 734 3883 811">
     <span class='ocr_line' id='line_1_50' title="bbox 2294 734 3883 811; baseline -0.004 -18"><span class='ocrx_word' id='word_1_360' title='bbox 2294 741 2481 808; x_wconf 87' lang='grc' dir='ltr'>νοῆται</span> <span class='ocrx_word' id='word_1_361' title='bbox 2509 740 2638 811; x_wconf 83' lang='grc' dir='ltr'>Θεός</span> <span class='ocrx_word' id='word_1_362' title='bbox 2664 757 2723 792; x_wconf 89' lang='grc' dir='ltr'><strong>τε</strong></span> <span class='ocrx_word' id='word_1_363' title='bbox 2752 740 2887 810; x_wconf 86' lang='grc' dir='ltr'>ὁμοῦ</span> <span class='ocrx_word' id='word_1_364' title='bbox 2921 740 3017 794; x_wconf 71' lang='grc' dir='ltr'><strong>καὶ</strong></span> <span class='ocrx_word' id='word_1_365' title='bbox 3049 740 3335 810; x_wconf 84' lang='grc' dir='ltr'>ἄνθρωπος</span> <span class='ocrx_word' id='word_1_366' title='bbox 3367 742 3395 793; x_wconf 87' lang='grc' dir='ltr'>ὁ</span> <span class='ocrx_word' id='word_1_367' title='bbox 3427 738 3616 803; x_wconf 81' lang='grc' dir='ltr'>αὐτὸς,</span> <span class='ocrx_word' id='word_1_368' title='bbox 3665 736 3760 790; x_wconf 74' lang='grc' dir='ltr'><strong>καὶ</strong></span> <span class='ocrx_word' id='word_1_369' title='bbox 3791 734 3883 789; x_wconf 66' lang='grc' dir='ltr'>διᾶ</span> 
     </span>
    </p>
   </div>
   <div class='ocr_carea' id='block_1_51' title="bbox 2295 830 3370 904">
    <p class='ocr_par' dir='ltr' id='par_1_51' title="bbox 2295 830 3370 904">
     <span class='ocr_line' id='line_1_51' title="bbox 2295 830 3370 904; baseline 0.003 -24"><span class='ocrx_word' id='word_1_370' title='bbox 2295 831 2453 883; x_wconf 87' lang='grc' dir='ltr'>τοῦτο</span> <span class='ocrx_word' id='word_1_371' title='bbox 2478 833 2543 901; x_wconf 83' lang='grc' dir='ltr'><strong>τῇ</strong></span> <span class='ocrx_word' id='word_1_372' title='bbox 2579 830 2699 900; x_wconf 71' lang='grc' dir='ltr'>θείᾳ</span> <span class='ocrx_word' id='word_1_373' title='bbox 2729 830 2856 904; x_wconf 71' lang='grc' dir='ltr'>δόξῃ</span> <span class='ocrx_word' id='word_1_374' title='bbox 2890 830 3370 902; x_wconf 82' lang='grc' dir='ltr'>κατεστεμμένος;</span> 
     </span>
    </p>
   </div>
   <div class='ocr_carea' id='block_1_52' title="bbox 2378 1007 3883 1082">
    <p class='ocr_par' dir='ltr' id='par_1_52' title="bbox 2378 1007 3883 1082">
     <span class='ocr_line' id='line_1_52' title="bbox 2378 1007 3883 1082; baseline -0.005 -19"><span class='ocrx_word' id='word_1_375' title='bbox 2378 1031 2396 1063; x_wconf 76' lang='grc' dir='ltr'><strong>ι</strong></span> <span class='ocrx_word' id='word_1_376' title='bbox 2434 1011 2525 1064; x_wconf 89' lang='grc' dir='ltr'>Διὸ</span> <span class='ocrx_word' id='word_1_377' title='bbox 2582 1010 2974 1082; x_wconf 83' lang='grc' dir='ltr'>μνημονεύετε,</span> <span class='ocrx_word' id='word_1_378' title='bbox 3023 1010 3104 1064; x_wconf 78' lang='grc' dir='ltr'><strong>ὅτι</strong></span> <span class='ocrx_word' id='word_1_379' title='bbox 3158 1009 3289 1063; x_wconf 75' lang='grc' dir='ltr'>ποτὲ</span> <span class='ocrx_word' id='word_1_380' title='bbox 3338 1009 3496 1078; x_wconf 83' lang='grc' dir='ltr'>ὑμεῖς</span> <span class='ocrx_word' id='word_1_381' title='bbox 3539 1007 3608 1059; x_wconf 75' lang='grc' dir='ltr'><strong>τὰ</strong></span> <span class='ocrx_word' id='word_1_382' title='bbox 3660 1007 3786 1072; x_wconf 70' lang='grc' dir='ltr'>ἔθνη</span> <span class='ocrx_word' id='word_1_383' title='bbox 3821 1008 3883 1057; x_wconf 69' lang='grc' dir='ltr'>ἓν</span> 
     </span>
    </p>
   </div>
   <div class='ocr_carea' id='block_1_53' title="bbox 2299 1096 3881 1174">
    <p class='ocr_par' dir='ltr' id='par_1_53' title="bbox 2299 1096 3881 1174">
     <span class='ocr_line' id='line_1_53' title="bbox 2299 1096 3881 1174; baseline -0.004 -19"><span class='ocrx_word' id='word_1_384' title='bbox 2299 1104 2484 1174; x_wconf 75' lang='grc' dir='ltr'>σαρκὶ,</span> <span class='ocrx_word' id='word_1_385' title='bbox 2513 1103 2561 1155; x_wconf 82' lang='grc' dir='ltr'>οἱ</span> <span class='ocrx_word' id='word_1_386' title='bbox 2591 1102 2872 1172; x_wconf 81' lang='grc' dir='ltr'>λεγόμενοι</span> <span class='ocrx_word' id='word_1_387' title='bbox 2902 1100 3239 1172; x_wconf 78' lang='grc' dir='ltr'>ἀκροϐυστία</span> <span class='ocrx_word' id='word_1_388' title='bbox 3285 1101 3390 1154; x_wconf 86' lang='grc' dir='ltr'><strong>ὑπὸ</strong></span> <span class='ocrx_word' id='word_1_389' title='bbox 3435 1100 3533 1169; x_wconf 87' lang='grc' dir='ltr'><strong>τῆς</strong></span> <span class='ocrx_word' id='word_1_390' title='bbox 3577 1096 3881 1165; x_wconf 69' lang='grc' dir='ltr'>λεγομένης</span> 
     </span>
    </p>
   </div>
   <div class='ocr_carea' id='block_1_54' title="bbox 2300 1183 3882 1262">
    <p class='ocr_par' dir='ltr' id='par_1_54' title="bbox 2300 1183 3882 1262">
     <span class='ocr_line' id='line_1_54' title="bbox 2300 1183 3882 1262; baseline -0.005 -20"><span class='ocrx_word' id='word_1_391' title='bbox 2300 1189 2600 1262; x_wconf 82' lang='grc' dir='ltr'>περιτομῆς</span> <span class='ocrx_word' id='word_1_392' title='bbox 2647 1192 2705 1242; x_wconf 82' lang='grc' dir='ltr'><strong>ἐν</strong></span> <span class='ocrx_word' id='word_1_393' title='bbox 2760 1190 2923 1260; x_wconf 73' lang='grc' dir='ltr'>σαρκὶ</span> <span class='ocrx_word' id='word_1_394' title='bbox 2974 1191 3383 1259; x_wconf 81' lang='grc' dir='ltr'>χειροποιήτου·</span> <span class='ocrx_word' id='word_1_395' title='bbox 3433 1190 3517 1241; x_wconf 80' lang='grc' dir='ltr'><strong>ὅτι</strong></span> <span class='ocrx_word' id='word_1_396' title='bbox 3560 1183 3661 1256; x_wconf 75' lang='grc' dir='ltr'>ἦτε</span> <span class='ocrx_word' id='word_1_397' title='bbox 3702 1187 3761 1237; x_wconf 82' lang='grc' dir='ltr'><strong>ἐν</strong></span> <span class='ocrx_word' id='word_1_398' title='bbox 3805 1184 3882 1252; x_wconf 73' lang='grc' dir='ltr'>τῷ</span> 
     </span>
    </p>
   </div>
   <div class='ocr_carea' id='block_1_55' title="bbox 2301 1277 3885 1353">
    <p class='ocr_par' dir='ltr' id='par_1_55' title="bbox 2301 1277 3885 1353">
     <span class='ocr_line' id='line_1_55' title="bbox 2301 1277 3885 1353; baseline -0.005 -18"><span class='ocrx_word' id='word_1_399' title='bbox 2301 1280 2478 1352; x_wconf 81' lang='grc' dir='ltr'>καιρῷ</span> <span class='ocrx_word' id='word_1_400' title='bbox 2504 1283 2698 1351; x_wconf 75' lang='grc' dir='ltr'>ἐκείνῳ</span> <span class='ocrx_word' id='word_1_401' title='bbox 2724 1282 2890 1352; x_wconf 66' lang='grc' dir='ltr'>χωρὶς</span> <span class='ocrx_word' id='word_1_402' title='bbox 2914 1279 3150 1353; x_wconf 78' lang='grc' dir='ltr'>Χριστοῦ</span> <span class='ocrx_word' id='word_1_403' title='bbox 3167 1292 3216 1344; x_wconf 69' lang='grc' dir='ltr'><strong>ιι,</strong></span> <span class='ocrx_word' id='word_1_404' title='bbox 3251 1278 3763 1349; x_wconf 77' lang='grc' dir='ltr'>ἀπηλλοτριωμένοι</span> <span class='ocrx_word' id='word_1_405' title='bbox 3788 1277 3885 1343; x_wconf 82' lang='grc' dir='ltr'><strong>τῆς</strong></span> 
     </span>
    </p>
   </div>
   <div class='ocr_carea' id='block_1_56' title="bbox 2303 1369 3884 1443">
    <p class='ocr_par' dir='ltr' id='par_1_56' title="bbox 2303 1369 3884 1443">
     <span class='ocr_line' id='line_1_56' title="bbox 2303 1369 3884 1443; baseline -0.004 -17"><span class='ocrx_word' id='word_1_406' title='bbox 2303 1373 2575 1436; x_wconf 79' lang='grc' dir='ltr'>πολιτείας</span> <span class='ocrx_word' id='word_1_407' title='bbox 2606 1373 2698 1425; x_wconf 88' lang='grc' dir='ltr'><strong>τοῦ</strong></span> <span class='ocrx_word' id='word_1_408' title='bbox 2736 1373 2972 1443; x_wconf 81' lang='grc' dir='ltr'>Ἰσραὴλ,</span> <span class='ocrx_word' id='word_1_409' title='bbox 3004 1374 3099 1425; x_wconf 72' lang='grc' dir='ltr'>καὶ</span> <span class='ocrx_word' id='word_1_410' title='bbox 3147 1372 3290 1437; x_wconf 78' lang='grc' dir='ltr'>ξένοι</span> <span class='ocrx_word' id='word_1_411' title='bbox 3316 1372 3425 1424; x_wconf 83' lang='grc' dir='ltr'>τῶν</span> <span class='ocrx_word' id='word_1_412' title='bbox 3454 1370 3759 1439; x_wconf 82' lang='grc' dir='ltr'>διαθηκῶν,</span> <span class='ocrx_word' id='word_1_413' title='bbox 3785 1369 3884 1435; x_wconf 73' lang='grc' dir='ltr'><strong>τῆς</strong></span> 
     </span>
    </p>
   </div>
   <div class='ocr_carea' id='block_1_57' title="bbox 2302 1460 3887 1534">
    <p class='ocr_par' dir='ltr' id='par_1_57' title="bbox 2302 1460 3887 1534">
     <span class='ocr_line' id='line_1_57' title="bbox 2302 1460 3887 1534; baseline -0.004 -16"><span class='ocrx_word' id='word_1_414' title='bbox 2302 1465 2635 1534; x_wconf 77' lang='grc' dir='ltr'>ἐπαγγελίας</span> <span class='ocrx_word' id='word_1_415' title='bbox 2698 1464 2889 1517; x_wconf 78' lang='grc' dir='ltr'>ἐλπίδα</span> <span class='ocrx_word' id='word_1_416' title='bbox 2960 1464 3033 1534; x_wconf 78' lang='grc' dir='ltr'>μὴ</span> <span class='ocrx_word' id='word_1_417' title='bbox 3100 1464 3334 1534; x_wconf 76' lang='grc' dir='ltr'>ἔχοντες,</span> <span class='ocrx_word' id='word_1_418' title='bbox 3361 1464 3458 1517; x_wconf 72' lang='grc' dir='ltr'><strong>καὶ</strong></span> <span class='ocrx_word' id='word_1_419' title='bbox 3501 1462 3652 1516; x_wconf 75' lang='grc' dir='ltr'>ἄθεοι</span> <span class='ocrx_word' id='word_1_420' title='bbox 3702 1464 3760 1514; x_wconf 83' lang='grc' dir='ltr'>ὲν</span> <span class='ocrx_word' id='word_1_421' title='bbox 3805 1460 3887 1529; x_wconf 78' lang='grc' dir='ltr'>τῷ</span> 
     </span>
    </p>
   </div>
   <div class='ocr_carea' id='block_1_58' title="bbox 2304 1554 3889 1628">
    <p class='ocr_par' dir='ltr' id='par_1_58' title="bbox 2304 1554 3889 1628">
     <span class='ocr_line' id='line_1_58' title="bbox 2304 1554 3889 1628; baseline -0.005 -16"><span class='ocrx_word' id='word_1_422' title='bbox 2304 1558 2512 1628; x_wconf 85' lang='grc' dir='ltr'>κόσμῳ.</span> <span class='ocrx_word' id='word_1_423' title='bbox 2550 1576 2567 1608; x_wconf 75' lang='grc' dir='ltr'><strong>ι</strong></span> <span class='ocrx_word' id='word_1_424' title='bbox 2604 1558 2666 1610; x_wconf 82' lang='grc' dir='ltr'>Εἰ</span> <span class='ocrx_word' id='word_1_425' title='bbox 2698 1557 2930 1625; x_wconf 84' lang='grc' dir='ltr'>Χριστὸν</span> <span class='ocrx_word' id='word_1_426' title='bbox 2971 1558 3071 1609; x_wconf 80' lang='grc' dir='ltr'><strong>οὑκ</strong></span> <span class='ocrx_word' id='word_1_427' title='bbox 3114 1556 3304 1627; x_wconf 75' lang='grc' dir='ltr'>ἔχοντα</span> <span class='ocrx_word' id='word_1_428' title='bbox 3339 1556 3408 1609; x_wconf 79' lang='grc' dir='ltr'>τὰ</span> <span class='ocrx_word' id='word_1_429' title='bbox 3450 1555 3577 1625; x_wconf 77' lang='grc' dir='ltr'>ἔθνη</span> <span class='ocrx_word' id='word_1_430' title='bbox 3613 1554 3889 1608; x_wconf 77' lang='grc' dir='ltr'>διετέλουν</span> 
     </span>
    </p>
   </div>
   <div class='ocr_carea' id='block_1_59' title="bbox 2305 1646 3890 1719">
    <p class='ocr_par' dir='ltr' id='par_1_59' title="bbox 2305 1646 3890 1719">
     <span class='ocr_line' id='line_1_59' title="bbox 2305 1646 3890 1719; baseline -0.004 -17"><span class='ocrx_word' id='word_1_431' title='bbox 2305 1651 2364 1702; x_wconf 81' lang='grc' dir='ltr'>ἐν</span> <span class='ocrx_word' id='word_1_432' title='bbox 2394 1650 2647 1719; x_wconf 79' lang='grc' dir='ltr'>ἀθεότητι</span> <span class='ocrx_word' id='word_1_433' title='bbox 2670 1648 2811 1701; x_wconf 89' lang='grc' dir='ltr'><strong>κατά</strong></span> <span class='ocrx_word' id='word_1_434' title='bbox 2839 1648 2928 1701; x_wconf 90' lang='grc' dir='ltr'><strong>τὸν</strong></span> <span class='ocrx_word' id='word_1_435' title='bbox 2952 1648 3157 1718; x_wconf 81' lang='grc' dir='ltr'>κόσμον</span> <span class='ocrx_word' id='word_1_436' title='bbox 3178 1687 3193 1710; x_wconf 89' lang='grc'><strong>,</strong></span> <span class='ocrx_word' id='word_1_437' title='bbox 3231 1647 3419 1718; x_wconf 75' lang='grc' dir='ltr'>ἐπειδὴ</span> <span class='ocrx_word' id='word_1_438' title='bbox 3445 1647 3500 1699; x_wconf 82' lang='grc' dir='ltr'><strong>δὲ</strong></span> <span class='ocrx_word' id='word_1_439' title='bbox 3530 1647 3691 1700; x_wconf 84' lang='grc' dir='ltr'>αὑτὸν</span> <span class='ocrx_word' id='word_1_440' title='bbox 3731 1646 3890 1715; x_wconf 74' lang='grc' dir='ltr'>ἐσχή-</span> 
     </span>
    </p>
   </div>
   <div class='ocr_carea' id='block_1_60' title="bbox 2306 1734 3891 1807">
    <p class='ocr_par' dir='ltr' id='par_1_60' title="bbox 2306 1734 3891 1807">
     <span class='ocr_line' id='line_1_60' title="bbox 2306 1734 3891 1807; baseline -0.002 -19"><span class='ocrx_word' id='word_1_441' title='bbox 2306 1753 2485 1799; x_wconf 89' lang='grc' dir='ltr'>κασιν,</span> <span class='ocrx_word' id='word_1_442' title='bbox 2518 1737 2578 1788; x_wconf 86' lang='grc' dir='ltr'><strong>οὑ</strong></span> <span class='ocrx_word' id='word_1_443' title='bbox 2613 1736 2985 1807; x_wconf 80' lang='grc' dir='ltr'>μεμενήκασιν</span> <span class='ocrx_word' id='word_1_444' title='bbox 3032 1736 3182 1789; x_wconf 84' lang='grc' dir='ltr'>ἄθεοι</span> <span class='ocrx_word' id='word_1_445' title='bbox 3204 1745 3226 1773; x_wconf 86' lang='grc' dir='ltr'>ι’</span> <span class='ocrx_word' id='word_1_446' title='bbox 3249 1752 3263 1767; x_wconf 89' lang='grc'><strong>·</strong></span> <span class='ocrx_word' id='word_1_447' title='bbox 3300 1736 3419 1799; x_wconf 84' lang='grc' dir='ltr'><strong>πῶς</strong></span> <span class='ocrx_word' id='word_1_448' title='bbox 3445 1736 3552 1805; x_wconf 80' lang='grc' dir='ltr'>ἄρα</span> <span class='ocrx_word' id='word_1_449' title='bbox 3595 1736 3658 1787; x_wconf 80' lang='grc' dir='ltr'><strong>οὐ</strong></span> <span class='ocrx_word' id='word_1_450' title='bbox 3702 1734 3835 1797; x_wconf 73' lang='grc' dir='ltr'>Θεὸς</span> <span class='ocrx_word' id='word_1_451' title='bbox 3859 1734 3891 1785; x_wconf 82' lang='grc' dir='ltr'>ὁ</span> 
     </span>
    </p>
   </div>
   <div class='ocr_carea' id='block_1_61' title="bbox 2308 1827 3163 1905">
    <p class='ocr_par' dir='ltr' id='par_1_61' title="bbox 2308 1827 3163 1905">
     <span class='ocr_line' id='line_1_61' title="bbox 2308 1827 3163 1905; baseline -0.002 -25"><span class='ocrx_word' id='word_1_452' title='bbox 2308 1827 2541 1897; x_wconf 83' lang='grc' dir='ltr'>Χριστός</span> <span class='ocrx_word' id='word_1_453' title='bbox 2563 1843 2577 1891; x_wconf 91' lang='grc'><strong>;</strong></span> <span class='ocrx_word' id='word_1_454' title='bbox 3152 1896 3163 1905; x_wconf 22' lang='grc' dir='ltr'><strong>ς</strong></span> 
     </span>
    </p>
   </div>
   <div class='ocr_carea' id='block_1_62' title="bbox 2386 1917 3889 1989">
    <p class='ocr_par' dir='ltr' id='par_1_62' title="bbox 2386 1917 3889 1989">
     <span class='ocr_line' id='line_1_62' title="bbox 2386 1917 3889 1989; baseline 0.001 -20"><span class='ocrx_word' id='word_1_455' title='bbox 2386 1936 2403 1968; x_wconf 83' lang='grc' dir='ltr'><strong>ι</strong></span> <span class='ocrx_word' id='word_1_456' title='bbox 2436 1918 2636 1970; x_wconf 87' lang='grc' dir='ltr'>Τούτου</span> <span class='ocrx_word' id='word_1_457' title='bbox 2670 1917 2829 1989; x_wconf 84' lang='grc' dir='ltr'>χάριν</span> <span class='ocrx_word' id='word_1_458' title='bbox 2863 1917 3103 1987; x_wconf 82' lang='grc' dir='ltr'>κάμπτω</span> <span class='ocrx_word' id='word_1_459' title='bbox 3127 1918 3195 1973; x_wconf 81' lang='grc' dir='ltr'>τὰ</span> <span class='ocrx_word' id='word_1_460' title='bbox 3222 1918 3425 1986; x_wconf 84' lang='grc' dir='ltr'>γόνατά</span> <span class='ocrx_word' id='word_1_461' title='bbox 3472 1935 3573 1988; x_wconf 82' lang='grc' dir='ltr'><strong>μου</strong></span> <span class='ocrx_word' id='word_1_462' title='bbox 3629 1918 3767 1984; x_wconf 85' lang='grc' dir='ltr'>πρὸς</span> <span class='ocrx_word' id='word_1_463' title='bbox 3794 1918 3889 1971; x_wconf 75' lang='grc' dir='ltr'><strong>τὸν</strong></span> 
     </span>
    </p>
   </div>
   <div class='ocr_carea' id='block_1_63' title="bbox 2310 2003 3889 2080">
    <p class='ocr_par' dir='ltr' id='par_1_63' title="bbox 2310 2003 3889 2080">
     <span class='ocr_line' id='line_1_63' title="bbox 2310 2003 3889 2080; baseline -0.001 -19"><span class='ocrx_word' id='word_1_464' title='bbox 2310 2007 2530 2079; x_wconf 79' lang='grc' dir='ltr'>Πατέρα</span> <span class='ocrx_word' id='word_1_465' title='bbox 2584 2007 2698 2080; x_wconf 84' lang='grc' dir='ltr'>[τοῦ</span> <span class='ocrx_word' id='word_1_466' title='bbox 2729 2008 2933 2078; x_wconf 88' lang='grc' dir='ltr'>Κυρίου</span> <span class='ocrx_word' id='word_1_467' title='bbox 2989 2009 3146 2077; x_wconf 79' lang='grc' dir='ltr'>ἡμῶν</span> <span class='ocrx_word' id='word_1_468' title='bbox 3204 2008 3380 2079; x_wconf 84' lang='grc' dir='ltr'><strong>Ἰησοῦ</strong></span> <span class='ocrx_word' id='word_1_469' title='bbox 3419 2008 3712 2079; x_wconf 67' lang='grc' dir='ltr'>ΧριστοῦῙ,</span> <span class='ocrx_word' id='word_1_470' title='bbox 3744 2008 3802 2072; x_wconf 77' lang='grc' dir='ltr'><strong>ἐξ</strong></span> <span class='ocrx_word' id='word_1_471' title='bbox 3827 2003 3889 2061; x_wconf 74' lang='grc' dir='ltr'>οὗ</span> 
     </span>
    </p>
   </div>
   <div class='ocr_carea' id='block_1_64' title="bbox 2310 2098 3884 2169">
    <p class='ocr_par' dir='ltr' id='par_1_64' title="bbox 2310 2098 3884 2169">
     <span class='ocr_line' id='line_1_64' title="bbox 2310 2098 3884 2169; baseline -0.001 -18"><span class='ocrx_word' id='word_1_472' title='bbox 2310 2101 2459 2156; x_wconf 81' lang='grc' dir='ltr'>πᾶσα</span> <span class='ocrx_word' id='word_1_473' title='bbox 2498 2098 2700 2168; x_wconf 79' lang='grc' dir='ltr'>πατριὰ</span> <span class='ocrx_word' id='word_1_474' title='bbox 2728 2100 2786 2151; x_wconf 84' lang='grc' dir='ltr'>ὲν</span> <span class='ocrx_word' id='word_1_475' title='bbox 2822 2100 3070 2169; x_wconf 79' lang='grc' dir='ltr'>οὐρανοῖς</span> <span class='ocrx_word' id='word_1_476' title='bbox 3109 2101 3201 2151; x_wconf 69' lang='grc' dir='ltr'><strong>καὶ</strong></span> <span class='ocrx_word' id='word_1_477' title='bbox 3244 2101 3337 2153; x_wconf 70' lang='grc' dir='ltr'>ἐπὶ</span> <span class='ocrx_word' id='word_1_478' title='bbox 3382 2100 3484 2169; x_wconf 90' lang='grc' dir='ltr'><strong>γῆς</strong></span> <span class='ocrx_word' id='word_1_479' title='bbox 3522 2099 3884 2169; x_wconf 65' lang='grc' dir='ltr'>ὀνομάζεταιε</span> 
     </span>
    </p>
   </div>
   <div class='ocr_carea' id='block_1_65' title="bbox 2310 2189 3889 2261">
    <p class='ocr_par' dir='ltr' id='par_1_65' title="bbox 2310 2189 3889 2261">
     <span class='ocr_line' id='line_1_65' title="bbox 2310 2189 3889 2261; baseline -0.002 -17"><span class='ocrx_word' id='word_1_480' title='bbox 2310 2190 2395 2245; x_wconf 82' lang='grc' dir='ltr'><strong>ἴνα</strong></span> <span class='ocrx_word' id='word_1_481' title='bbox 2426 2189 2536 2260; x_wconf 78' lang='grc' dir='ltr'>δῴη</span> <span class='ocrx_word' id='word_1_482' title='bbox 2566 2190 2695 2259; x_wconf 85' lang='grc' dir='ltr'>ὑμῖν</span> <span class='ocrx_word' id='word_1_483' title='bbox 2726 2190 2867 2243; x_wconf 73' lang='grc' dir='ltr'>κατὰ</span> <span class='ocrx_word' id='word_1_484' title='bbox 2916 2191 3009 2242; x_wconf 91' lang='grc' dir='ltr'><strong>τὸν</strong></span> <span class='ocrx_word' id='word_1_485' title='bbox 3074 2190 3304 2244; x_wconf 85' lang='grc' dir='ltr'>πλοῦτον</span> <span class='ocrx_word' id='word_1_486' title='bbox 3356 2193 3454 2259; x_wconf 84' lang='grc' dir='ltr'><strong>τῆς</strong></span> <span class='ocrx_word' id='word_1_487' title='bbox 3510 2192 3671 2261; x_wconf 78' lang='grc' dir='ltr'>δόξης</span> <span class='ocrx_word' id='word_1_488' title='bbox 3695 2191 3889 2255; x_wconf 78' lang='grc' dir='ltr'>αὑτοῦ,</span> 
     </span>
    </p>
   </div>
   <div class='ocr_carea' id='block_1_66' title="bbox 2308 2282 3890 2355">
    <p class='ocr_par' dir='ltr' id='par_1_66' title="bbox 2308 2282 3890 2355">
     <span class='ocr_line' id='line_1_66' title="bbox 2308 2282 3890 2355; baseline 0.003 -21"><span class='ocrx_word' id='word_1_489' title='bbox 2308 2282 2535 2350; x_wconf 84' lang='grc' dir='ltr'>δυνάμει</span> <span class='ocrx_word' id='word_1_490' title='bbox 2564 2282 2972 2353; x_wconf 84' lang='grc' dir='ltr'>κραταιωθῆναι</span> <span class='ocrx_word' id='word_1_491' title='bbox 3012 2282 3101 2335; x_wconf 81' lang='grc' dir='ltr'>διὰ</span> <span class='ocrx_word' id='word_1_492' title='bbox 3127 2283 3221 2336; x_wconf 91' lang='grc' dir='ltr'><strong>τοῦ</strong></span> <span class='ocrx_word' id='word_1_493' title='bbox 3258 2285 3572 2355; x_wconf 72' lang='grc' dir='ltr'>Πνεῦματος</span> <span class='ocrx_word' id='word_1_494' title='bbox 3608 2285 3778 2338; x_wconf 83' lang='grc' dir='ltr'>αὑτοῦ</span> <span class='ocrx_word' id='word_1_495' title='bbox 3806 2288 3890 2349; x_wconf 87' lang='grc' dir='ltr'><strong>είς</strong></span> 
     </span>
    </p>
   </div>
   <div class='ocr_carea' id='block_1_67' title="bbox 2308 2372 3889 2447">
    <p class='ocr_par' dir='ltr' id='par_1_67' title="bbox 2308 2372 3889 2447">
     <span class='ocr_line' id='line_1_67' title="bbox 2308 2372 3889 2447; baseline 0.003 -22"><span class='ocrx_word' id='word_1_496' title='bbox 2308 2372 2399 2425; x_wconf 88' lang='grc' dir='ltr'><strong>τὸν</strong></span> <span class='ocrx_word' id='word_1_497' title='bbox 2421 2372 2527 2426; x_wconf 78' lang='grc' dir='ltr'>ἔσω</span> <span class='ocrx_word' id='word_1_498' title='bbox 2554 2372 2862 2443; x_wconf 82' lang='grc' dir='ltr'>ἄνθρωπον,</span> <span class='ocrx_word' id='word_1_499' title='bbox 2912 2375 3240 2443; x_wconf 77' lang='grc' dir='ltr'>κατοικῆσαι</span> <span class='ocrx_word' id='word_1_500' title='bbox 3278 2376 3369 2429; x_wconf 82' lang='grc' dir='ltr'><strong>τὸν</strong></span> <span class='ocrx_word' id='word_1_501' title='bbox 3394 2377 3629 2447; x_wconf 85' lang='grc' dir='ltr'>Χριστὸν</span> <span class='ocrx_word' id='word_1_502' title='bbox 3666 2376 3759 2429; x_wconf 80' lang='grc' dir='ltr'>διὰ</span> <span class='ocrx_word' id='word_1_503' title='bbox 3788 2380 3889 2445; x_wconf 82' lang='grc' dir='ltr'><strong>τῆς</strong></span> 
     </span>
    </p>
   </div>
   <div class='ocr_carea' id='block_1_68' title="bbox 2311 2463 3891 2537">
    <p class='ocr_par' dir='ltr' id='par_1_68' title="bbox 2311 2463 3891 2537">
     <span class='ocr_line' id='line_1_68' title="bbox 2311 2463 3891 2537; baseline 0.003 -23"><span class='ocrx_word' id='word_1_504' title='bbox 2311 2463 2550 2526; x_wconf 90' lang='grc' dir='ltr'>πίστεως</span> <span class='ocrx_word' id='word_1_505' title='bbox 2604 2466 2661 2517; x_wconf 83' lang='grc' dir='ltr'>ὲν</span> <span class='ocrx_word' id='word_1_506' title='bbox 2730 2467 2852 2528; x_wconf 89' lang='grc' dir='ltr'>ταῖς</span> <span class='ocrx_word' id='word_1_507' title='bbox 2903 2464 3154 2535; x_wconf 83' lang='grc' dir='ltr'>καρδίαις</span> <span class='ocrx_word' id='word_1_508' title='bbox 3217 2465 3393 2537; x_wconf 84' lang='grc' dir='ltr'>ὑμῶν.</span> <span class='ocrx_word' id='word_1_509' title='bbox 3451 2486 3469 2519; x_wconf 73' lang='grc' dir='ltr'><strong>ι</strong></span> <span class='ocrx_word' id='word_1_510' title='bbox 3516 2467 3590 2521; x_wconf 90' lang='grc' dir='ltr'>Τὸ</span> <span class='ocrx_word' id='word_1_511' title='bbox 3637 2466 3891 2535; x_wconf 78' lang='grc' dir='ltr'>Χριστός</span> 
     </span>
    </p>
   </div>
   <div class='ocr_carea' id='block_1_69' title="bbox 2324 2553 3896 2628">
    <p class='ocr_par' dir='ltr' id='par_1_69' title="bbox 2324 2553 3896 2628">
     <span class='ocr_line' id='line_1_69' title="bbox 2324 2553 3896 2628; baseline 0 -19"><span class='ocrx_word' id='word_1_512' title='bbox 2324 2554 2563 2621; x_wconf 82' lang='grc' dir='ltr'>Ἰησοῦς</span> <span class='ocrx_word' id='word_1_513' title='bbox 2592 2553 2783 2623; x_wconf 76' lang='grc' dir='ltr'>ὄνομα,</span> <span class='ocrx_word' id='word_1_514' title='bbox 2818 2555 2953 2608; x_wconf 86' lang='grc' dir='ltr'>καθὸ</span> <span class='ocrx_word' id='word_1_515' title='bbox 2980 2556 3300 2619; x_wconf 75' lang='grc' dir='ltr'>πλειστάκις</span> <span class='ocrx_word' id='word_1_516' title='bbox 3332 2557 3661 2627; x_wconf 76' lang='grc' dir='ltr'>εἰρήκαμεν,</span> <span class='ocrx_word' id='word_1_517' title='bbox 3680 2556 3896 2628; x_wconf 79' lang='grc' dir='ltr'>ἅνθρω-</span> 
     </span>
    </p>
   </div>
   <div class='ocr_carea' id='block_1_70' title="bbox 2314 2642 3901 2716">
    <p class='ocr_par' dir='ltr' id='par_1_70' title="bbox 2314 2642 3901 2716">
     <span class='ocr_line' id='line_1_70' title="bbox 2314 2642 3901 2716; baseline 0.003 -20"><span class='ocrx_word' id='word_1_518' title='bbox 2314 2644 2444 2713; x_wconf 71' lang='grc' dir='ltr'>πείᾳ</span> <span class='ocrx_word' id='word_1_519' title='bbox 2482 2645 2665 2714; x_wconf 72' lang='grc' dir='ltr'>μορφῇ</span> <span class='ocrx_word' id='word_1_520' title='bbox 2696 2642 2786 2696; x_wconf 87' lang='grc' dir='ltr'><strong>τὸν</strong></span> <span class='ocrx_word' id='word_1_521' title='bbox 2818 2645 2879 2697; x_wconf 81' lang='grc' dir='ltr'>ὲκ</span> <span class='ocrx_word' id='word_1_522' title='bbox 2911 2645 3047 2698; x_wconf 91' lang='grc' dir='ltr'>Θεοῦ</span> <span class='ocrx_word' id='word_1_523' title='bbox 3091 2646 3375 2715; x_wconf 81' lang='grc' dir='ltr'>πεφηνότα</span> <span class='ocrx_word' id='word_1_524' title='bbox 3416 2648 3586 2713; x_wconf 85' lang='grc' dir='ltr'>Λόγον</span> <span class='ocrx_word' id='word_1_525' title='bbox 3632 2647 3901 2716; x_wconf 75' lang='grc' dir='ltr'>σημαίνει</span> 
     </span>
    </p>
   </div>
   <div class='ocr_carea' id='block_1_71' title="bbox 2315 2732 3900 2808">
    <p class='ocr_par' dir='ltr' id='par_1_71' title="bbox 2315 2732 3900 2808">
     <span class='ocr_line' id='line_1_71' title="bbox 2315 2732 3900 2808; baseline 0.001 -20"><span class='ocrx_word' id='word_1_526' title='bbox 2315 2733 2609 2804; x_wconf 86' lang='grc' dir='ltr'>πανταχοῦ.</span> <span class='ocrx_word' id='word_1_527' title='bbox 2640 2735 2764 2798; x_wconf 85' lang='grc' dir='ltr'>Πῶς</span> <span class='ocrx_word' id='word_1_528' title='bbox 2792 2732 2885 2789; x_wconf 78' lang='grc' dir='ltr'><strong>οὖν</strong></span> <span class='ocrx_word' id='word_1_529' title='bbox 2918 2736 2976 2789; x_wconf 76' lang='grc' dir='ltr'>ὲν</span> <span class='ocrx_word' id='word_1_530' title='bbox 3005 2739 3125 2800; x_wconf 88' lang='grc' dir='ltr'>ταῖς</span> <span class='ocrx_word' id='word_1_531' title='bbox 3163 2737 3411 2808; x_wconf 73' lang='grc' dir='ltr'>καρδίαις</span> <span class='ocrx_word' id='word_1_532' title='bbox 3463 2738 3621 2808; x_wconf 84' lang='grc' dir='ltr'>ήμῶν</span> <span class='ocrx_word' id='word_1_533' title='bbox 3652 2740 3900 2792; x_wconf 78' lang='grc' dir='ltr'>κατοικεῖ</span> 
     </span>
    </p>
   </div>
   <div class='ocr_carea' id='block_1_72' title="bbox 2314 2827 3902 2899">
    <p class='ocr_par' dir='ltr' id='par_1_72' title="bbox 2314 2827 3902 2899">
     <span class='ocr_line' id='line_1_72' title="bbox 2314 2827 3902 2899; baseline 0.002 -19"><span class='ocrx_word' id='word_1_534' title='bbox 2314 2827 2400 2880; x_wconf 80' lang='grc' dir='ltr'>διὰ</span> <span class='ocrx_word' id='word_1_535' title='bbox 2454 2828 2552 2897; x_wconf 84' lang='grc' dir='ltr'><strong>τῆς</strong></span> <span class='ocrx_word' id='word_1_536' title='bbox 2607 2827 2864 2891; x_wconf 82' lang='grc' dir='ltr'>πίστεως,</span> <span class='ocrx_word' id='word_1_537' title='bbox 2917 2829 2965 2880; x_wconf 84' lang='grc' dir='ltr'><strong>εί</strong></span> <span class='ocrx_word' id='word_1_538' title='bbox 3023 2829 3100 2899; x_wconf 75' lang='grc' dir='ltr'><strong>μή</strong></span> <span class='ocrx_word' id='word_1_539' title='bbox 3146 2832 3350 2882; x_wconf 89' lang='grc' dir='ltr'>νοεῖται</span> <span class='ocrx_word' id='word_1_540' title='bbox 3392 2829 3545 2895; x_wconf 83' lang='grc' dir='ltr'>Θεὸς,</span> <span class='ocrx_word' id='word_1_541' title='bbox 3592 2829 3902 2894; x_wconf 81' lang='grc' dir='ltr'>ἐνώσαντος</span> 
     </span>
    </p>
   </div>
   <div class='ocr_carea' id='block_1_73' title="bbox 2315 2917 3902 2990">
    <p class='ocr_par' dir='ltr' id='par_1_73' title="bbox 2315 2917 3902 2990">
     <span class='ocr_line' id='line_1_73' title="bbox 2315 2917 3902 2990; baseline 0.001 -18"><span class='ocrx_word' id='word_1_542' title='bbox 2315 2917 2494 2988; x_wconf 79' lang='grc' dir='ltr'>ἐαυτῷ</span> <span class='ocrx_word' id='word_1_543' title='bbox 2520 2919 2616 2989; x_wconf 78' lang='grc' dir='ltr'>τὴν</span> <span class='ocrx_word' id='word_1_544' title='bbox 2648 2920 2823 2989; x_wconf 83' lang='grc' dir='ltr'>σάρκα</span> <span class='ocrx_word' id='word_1_545' title='bbox 2854 2918 2946 2972; x_wconf 87' lang='grc' dir='ltr'><strong>τοῦ</strong></span> <span class='ocrx_word' id='word_1_546' title='bbox 2986 2920 3183 2989; x_wconf 83' lang='grc' dir='ltr'>Λόγου,</span> <span class='ocrx_word' id='word_1_547' title='bbox 3215 2920 3274 2983; x_wconf 83' lang='grc' dir='ltr'>ὃς</span> <span class='ocrx_word' id='word_1_548' title='bbox 3309 2923 3404 2973; x_wconf 68' lang='grc' dir='ltr'><strong>καὶ</strong></span> <span class='ocrx_word' id='word_1_549' title='bbox 3437 2920 3636 2983; x_wconf 84' lang='grc' dir='ltr'>θεῖκῶς</span> <span class='ocrx_word' id='word_1_550' title='bbox 3673 2922 3732 2974; x_wconf 81' lang='grc' dir='ltr'><strong>ἐν</strong></span> <span class='ocrx_word' id='word_1_551' title='bbox 3761 2923 3902 2990; x_wconf 77' lang='grc' dir='ltr'>ἡμῖν</span> 
     </span>
    </p>
   </div>
   <div class='ocr_carea' id='block_1_74' title="bbox 2317 3008 3901 3082">
    <p class='ocr_par' dir='ltr' id='par_1_74' title="bbox 2317 3008 3901 3082">
     <span class='ocr_line' id='line_1_74' title="bbox 2317 3008 3901 3082; baseline 0 -20"><span class='ocrx_word' id='word_1_552' title='bbox 2317 3011 2563 3062; x_wconf 85' lang='grc' dir='ltr'>κατοικεῖ</span> <span class='ocrx_word' id='word_1_553' title='bbox 2593 3008 2682 3061; x_wconf 83' lang='grc' dir='ltr'><strong>διὰ</strong></span> <span class='ocrx_word' id='word_1_554' title='bbox 2723 3009 2815 3062; x_wconf 88' lang='grc' dir='ltr'><strong>τοῦ</strong></span> <span class='ocrx_word' id='word_1_555' title='bbox 2842 3009 3193 3079; x_wconf 74' lang='grc' dir='ltr'>Πνεῦματοςς</span> <span class='ocrx_word' id='word_1_556' title='bbox 3233 3011 3293 3062; x_wconf 85' lang='lat' dir='ltr'><strong>El</strong></span> <span class='ocrx_word' id='word_1_557' title='bbox 3321 3011 3376 3063; x_wconf 81' lang='grc' dir='ltr'><strong>δὲ</strong></span> <span class='ocrx_word' id='word_1_558' title='bbox 3408 3010 3586 3074; x_wconf 86' lang='grc' dir='ltr'>κοινὸς</span> <span class='ocrx_word' id='word_1_559' title='bbox 3611 3010 3901 3082; x_wconf 79' lang='grc' dir='ltr'>ἄνθρωπος</span> 
     </span>
    </p>
   </div>
   <div class='ocr_carea' id='block_1_75' title="bbox 2317 3100 3902 3171">
    <p class='ocr_par' dir='ltr' id='par_1_75' title="bbox 2317 3100 3902 3171">
     <span class='ocr_line' id='line_1_75' title="bbox 2317 3100 3902 3171; baseline -0.001 -18"><span class='ocrx_word' id='word_1_560' title='bbox 2317 3102 2346 3153; x_wconf 88' lang='grc' dir='ltr'>ὁ</span> <span class='ocrx_word' id='word_1_561' title='bbox 2370 3100 2621 3170; x_wconf 89' lang='grc' dir='ltr'>Χριστὸς,</span> <span class='ocrx_word' id='word_1_562' title='bbox 2651 3101 2743 3153; x_wconf 72' lang='grc' dir='ltr'><strong>καὶ</strong></span> <span class='ocrx_word' id='word_1_563' title='bbox 2770 3100 2957 3171; x_wconf 80' lang='grc' dir='ltr'>ἕτερος</span> <span class='ocrx_word' id='word_1_564' title='bbox 2982 3100 3095 3164; x_wconf 88' lang='grc' dir='ltr'>υίὸς</span> <span class='ocrx_word' id='word_1_565' title='bbox 3122 3100 3272 3171; x_wconf 82' lang='grc' dir='ltr'>παρὰ</span> <span class='ocrx_word' id='word_1_566' title='bbox 3296 3101 3388 3154; x_wconf 91' lang='grc' dir='ltr'><strong>τὸν</strong></span> <span class='ocrx_word' id='word_1_567' title='bbox 3413 3100 3573 3170; x_wconf 80' lang='grc' dir='ltr'>φύσει</span> <span class='ocrx_word' id='word_1_568' title='bbox 3600 3103 3693 3154; x_wconf 74' lang='grc' dir='ltr'><strong>καὶ</strong></span> <span class='ocrx_word' id='word_1_569' title='bbox 3712 3103 3902 3171; x_wconf 78' lang='grc' dir='ltr'>μόνον,</span> 
     </span>
    </p>
   </div>
   <div class='ocr_carea' id='block_1_76' title="bbox 2323 3192 3905 3264">
    <p class='ocr_par' dir='ltr' id='par_1_76' title="bbox 2323 3192 3905 3264">
     <span class='ocr_line' id='line_1_76' title="bbox 2323 3192 3905 3264; baseline 0 -21"><span class='ocrx_word' id='word_1_570' title='bbox 2323 3192 2465 3261; x_wconf 70' lang='grc' dir='ltr'>φημὶ</span> <span class='ocrx_word' id='word_1_571' title='bbox 2492 3192 2555 3262; x_wconf 85' lang='grc' dir='ltr'>δὴ</span> <span class='ocrx_word' id='word_1_572' title='bbox 2588 3192 2679 3245; x_wconf 87' lang='grc' dir='ltr'><strong>τὸν</strong></span> <span class='ocrx_word' id='word_1_573' title='bbox 2709 3193 2771 3245; x_wconf 86' lang='grc' dir='ltr'>ὲκ</span> <span class='ocrx_word' id='word_1_574' title='bbox 2796 3193 2950 3258; x_wconf 82' lang='grc' dir='ltr'>Θεοῦ,</span> <span class='ocrx_word' id='word_1_575' title='bbox 2982 3192 3065 3257; x_wconf 87' lang='grc' dir='ltr'><strong>τίς</strong></span> <span class='ocrx_word' id='word_1_576' title='bbox 3096 3194 3123 3244; x_wconf 86' lang='grc' dir='ltr'>ὁ</span> <span class='ocrx_word' id='word_1_577' title='bbox 3157 3195 3213 3245; x_wconf 81' lang='grc' dir='ltr'>ὲν</span> <span class='ocrx_word' id='word_1_578' title='bbox 3238 3195 3366 3264; x_wconf 87' lang='grc' dir='ltr'>ήμῖν</span> <span class='ocrx_word' id='word_1_579' title='bbox 3387 3193 3695 3255; x_wconf 77' lang='grc' dir='ltr'>κατοικῶνς</span> <span class='ocrx_word' id='word_1_580' title='bbox 3722 3193 3755 3263; x_wconf 75' lang='grc' dir='ltr'>ἦ</span> <span class='ocrx_word' id='word_1_581' title='bbox 3782 3194 3905 3257; x_wconf 79' lang='grc' dir='ltr'><strong>πῶς</strong></span> 
     </span>
    </p>
   </div>
   <div class='ocr_carea' id='block_1_77' title="bbox 2324 3283 3907 3355">
    <p class='ocr_par' dir='ltr' id='par_1_77' title="bbox 2324 3283 3907 3355">
     <span class='ocr_line' id='line_1_77' title="bbox 2324 3283 3907 3355; baseline 0.002 -19"><span class='ocrx_word' id='word_1_582' title='bbox 2324 3284 2629 3355; x_wconf 83' lang='grc' dir='ltr'>ἀνθρώποις</span> <span class='ocrx_word' id='word_1_583' title='bbox 2661 3283 2749 3337; x_wconf 79' lang='grc' dir='ltr'>διὰ</span> <span class='ocrx_word' id='word_1_584' title='bbox 2780 3285 3014 3347; x_wconf 84' lang='grc' dir='ltr'>πίστεως</span> <span class='ocrx_word' id='word_1_585' title='bbox 3040 3286 3400 3350; x_wconf 76' lang='grc' dir='ltr'>ὲνοικίζεται;</span> <span class='ocrx_word' id='word_1_586' title='bbox 3437 3286 3618 3339; x_wconf 88' lang='grc' dir='ltr'>καίτοι</span> <span class='ocrx_word' id='word_1_587' title='bbox 3647 3287 3907 3354; x_wconf 80' lang='grc' dir='ltr'>λέγοντος</span> 
     </span>
    </p>
   </div>
   <div class='ocr_carea' id='block_1_78' title="bbox 2336 3375 3909 3448">
    <p class='ocr_par' dir='ltr' id='par_1_78' title="bbox 2336 3375 3909 3448">
     <span class='ocr_line' id='line_1_78' title="bbox 2336 3375 3909 3448; baseline 0.003 -20"><span class='ocrx_word' id='word_1_588' title='bbox 2336 3375 2583 3429; x_wconf 83' lang='grc' dir='ltr'>Ἰωάννου</span> <span class='ocrx_word' id='word_1_589' title='bbox 2616 3376 2800 3445; x_wconf 84' lang='grc' dir='ltr'>σαφῶς</span> <span class='ocrx_word' id='word_1_590' title='bbox 2829 3378 2958 3447; x_wconf 71' lang='grc' dir='ltr'>περὶ</span> <span class='ocrx_word' id='word_1_591' title='bbox 2990 3377 3083 3430; x_wconf 90' lang='grc' dir='ltr'><strong>τοῦ</strong></span> <span class='ocrx_word' id='word_1_592' title='bbox 3136 3378 3403 3448; x_wconf 77' lang='grc' dir='ltr'>Χριστοῦ·</span> <span class='ocrx_word' id='word_1_593' title='bbox 3442 3399 3459 3431; x_wconf 82' lang='grc' dir='ltr'><strong>ι</strong></span> <span class='ocrx_word' id='word_1_594' title='bbox 3484 3379 3572 3432; x_wconf 85' lang='grc' dir='ltr'>Ἐν</span> <span class='ocrx_word' id='word_1_595' title='bbox 3603 3379 3778 3448; x_wconf 80' lang='grc' dir='ltr'>τούτῳ</span> <span class='ocrx_word' id='word_1_596' title='bbox 3812 3395 3909 3447; x_wconf 83' lang='grc' dir='ltr'>γι-</span> 
     </span>
    </p>
   </div>
   <div class='ocr_carea' id='block_1_79' title="bbox 2326 3466 3907 3541">
    <p class='ocr_par' dir='ltr' id='par_1_79' title="bbox 2326 3466 3907 3541">
     <span class='ocr_line' id='line_1_79' title="bbox 2326 3466 3907 3541; baseline 0.003 -23"><span class='ocrx_word' id='word_1_597' title='bbox 2326 3466 2626 3537; x_wconf 84' lang='grc' dir='ltr'>νώσκομεν,</span> <span class='ocrx_word' id='word_1_598' title='bbox 2664 3469 2743 3522; x_wconf 79' lang='grc' dir='ltr'>ὅτι</span> <span class='ocrx_word' id='word_1_599' title='bbox 2784 3470 2839 3519; x_wconf 83' lang='grc' dir='ltr'>ὲν</span> <span class='ocrx_word' id='word_1_600' title='bbox 2872 3470 3004 3538; x_wconf 81' lang='grc' dir='ltr'>ἡμῖν</span> <span class='ocrx_word' id='word_1_601' title='bbox 3034 3471 3203 3533; x_wconf 78' lang='grc' dir='ltr'>ἐστιν,</span> <span class='ocrx_word' id='word_1_602' title='bbox 3232 3471 3313 3524; x_wconf 82' lang='grc' dir='ltr'>ὅτι</span> <span class='ocrx_word' id='word_1_603' title='bbox 3347 3473 3409 3524; x_wconf 77' lang='grc' dir='ltr'><strong>ἐκ</strong></span> <span class='ocrx_word' id='word_1_604' title='bbox 3447 3470 3540 3524; x_wconf 87' lang='grc' dir='ltr'><strong>τοῦ</strong></span> <span class='ocrx_word' id='word_1_605' title='bbox 3584 3471 3907 3541; x_wconf 70' lang='grc' dir='ltr'>Πνεῦματος</span> 
     </span>
    </p>
   </div>
   <div class='ocr_carea' id='block_1_80' title="bbox 2326 3557 2957 3629">
    <p class='ocr_par' dir='ltr' id='par_1_80' title="bbox 2326 3557 2957 3629">
     <span class='ocr_line' id='line_1_80' title="bbox 2326 3557 2957 3629; baseline 0.003 -20"><span class='ocrx_word' id='word_1_606' title='bbox 2326 3557 2489 3610; x_wconf 87' lang='grc' dir='ltr'>αὑτοῦ</span> <span class='ocrx_word' id='word_1_607' title='bbox 2518 3557 2717 3611; x_wconf 80' lang='grc' dir='ltr'>ἔδωκεν</span> <span class='ocrx_word' id='word_1_608' title='bbox 2746 3558 2895 3629; x_wconf 83' lang='grc' dir='ltr'>ήμίν.</span> <span class='ocrx_word' id='word_1_609' title='bbox 2938 3578 2957 3610; x_wconf 72' lang='grc' dir='ltr'><strong>ι</strong></span> 
     </span>
    </p>
   </div>
   <div class='ocr_carea' id='block_1_81' title="bbox 2648 3734 3594 3807">
    <p class='ocr_par' dir='ltr' id='par_1_81' title="bbox 2648 3734 3594 3807">
     <span class='ocr_line' id='line_1_81' title="bbox 2648 3734 3594 3807; baseline 0.006 -19"><span class='ocrx_word' id='word_1_610' title='bbox 2648 3734 2749 3789; x_wconf 77' lang='grc' dir='ltr'>Ἐκ</span> <span class='ocrx_word' id='word_1_611' title='bbox 2790 3734 2900 3804; x_wconf 80' lang='grc' dir='ltr'><strong>τῆς</strong></span> <span class='ocrx_word' id='word_1_612' title='bbox 2941 3737 3088 3805; x_wconf 75' lang='grc' dir='ltr'>πρὸς</span> <span class='ocrx_word' id='word_1_613' title='bbox 3129 3740 3594 3807; x_wconf 74' lang='grc' dir='ltr'>Φιλιππησίους.</span> 
     </span>
    </p>
   </div>
   <div class='ocr_carea' id='block_1_82' title="bbox 2401 3848 3910 3923">
    <p class='ocr_par' dir='ltr' id='par_1_82' title="bbox 2401 3848 3910 3923">
     <span class='ocr_line' id='line_1_82' title="bbox 2401 3848 3910 3923; baseline 0.003 -20"><span class='ocrx_word' id='word_1_614' title='bbox 2401 3852 2473 3903; x_wconf 92' lang='grc' dir='ltr'>Πε</span> <span class='ocrx_word' id='word_1_615' title='bbox 2485 3849 2536 3918; x_wconf 72' lang='lat' dir='ltr'><strong>pi.</strong></span> <span class='ocrx_word' id='word_1_616' title='bbox 2561 3848 2670 3903; x_wconf 83' lang='grc' dir='ltr'><strong>τῶν</strong></span> <span class='ocrx_word' id='word_1_617' title='bbox 2695 3850 2753 3901; x_wconf 81' lang='grc' dir='ltr'>ὲν</span> <span class='ocrx_word' id='word_1_618' title='bbox 2776 3850 2925 3921; x_wconf 84' lang='grc' dir='ltr'>νόμῳ</span> <span class='ocrx_word' id='word_1_619' title='bbox 2944 3869 3119 3922; x_wconf 86' lang='grc' dir='ltr'>καυχη</span> <span class='ocrx_word' id='word_1_620' title='bbox 3130 3853 3314 3922; x_wconf 87' lang='grc' dir='ltr'>μάτων</span> <span class='ocrx_word' id='word_1_621' title='bbox 3347 3853 3506 3922; x_wconf 84' lang='grc' dir='ltr'>φησίν</span> <span class='ocrx_word' id='word_1_622' title='bbox 3528 3870 3541 3883; x_wconf 89' lang='grc'><strong>·</strong></span> <span class='ocrx_word' id='word_1_623' title='bbox 3566 3871 3585 3904; x_wconf 74' lang='grc' dir='ltr'><strong>ι</strong></span> <span class='ocrx_word' id='word_1_624' title='bbox 3620 3854 3814 3907; x_wconf 72' lang='lat' dir='ltr'><strong>&quot;Amm</strong></span> <span class='ocrx_word' id='word_1_625' title='bbox 3841 3849 3910 3923; x_wconf 76' lang='grc' dir='ltr'><strong>ῆν</strong></span> 
     </span>
    </p>
   </div>
   <div class='ocr_carea' id='block_1_83' title="bbox 2331 3937 3907 4013">
    <p class='ocr_par' dir='ltr' id='par_1_83' title="bbox 2331 3937 3907 4013">
     <span class='ocr_line' id='line_1_83' title="bbox 2331 3937 3907 4013; baseline 0.003 -22"><span class='ocrx_word' id='word_1_626' title='bbox 2331 3956 2420 4008; x_wconf 88' lang='grc' dir='ltr'><strong>μοι</strong></span> <span class='ocrx_word' id='word_1_627' title='bbox 2469 3938 2656 4009; x_wconf 77' lang='grc' dir='ltr'>κέρδη,</span> <span class='ocrx_word' id='word_1_628' title='bbox 2702 3937 2874 3992; x_wconf 86' lang='grc' dir='ltr'>ταῦτα</span> <span class='ocrx_word' id='word_1_629' title='bbox 2925 3939 3141 4011; x_wconf 74' lang='grc' dir='ltr'>ἥγημαι</span> <span class='ocrx_word' id='word_1_630' title='bbox 3171 3942 3261 3995; x_wconf 75' lang='grc' dir='ltr'>διὰ</span> <span class='ocrx_word' id='word_1_631' title='bbox 3298 3942 3387 3995; x_wconf 87' lang='grc' dir='ltr'><strong>τὸν</strong></span> <span class='ocrx_word' id='word_1_632' title='bbox 3414 3943 3648 4013; x_wconf 85' lang='grc' dir='ltr'>Χριστὸν</span> <span class='ocrx_word' id='word_1_633' title='bbox 3677 3943 3907 4012; x_wconf 77' lang='grc' dir='ltr'>ζημίαν.</span> 
     </span>
    </p>
   </div>
   <div class='ocr_carea' id='block_1_84' title="bbox 2343 4029 3908 4103">
    <p class='ocr_par' dir='ltr' id='par_1_84' title="bbox 2343 4029 3908 4103">
     <span class='ocr_line' id='line_1_84' title="bbox 2343 4029 3908 4103; baseline 0.004 -21"><span class='ocrx_word' id='word_1_634' title='bbox 2343 4029 2501 4082; x_wconf 71' lang='grc' dir='ltr'>Ἀλλὰ</span> <span class='ocrx_word' id='word_1_635' title='bbox 2532 4029 2791 4100; x_wconf 89' lang='grc' dir='ltr'>μενοῦνγε</span> <span class='ocrx_word' id='word_1_636' title='bbox 2822 4031 3063 4101; x_wconf 84' lang='grc' dir='ltr'>ἠγοῦμαι</span> <span class='ocrx_word' id='word_1_637' title='bbox 3092 4035 3159 4086; x_wconf 79' lang='grc' dir='ltr'>τὰ</span> <span class='ocrx_word' id='word_1_638' title='bbox 3192 4033 3370 4087; x_wconf 82' lang='grc' dir='ltr'>πάντα</span> <span class='ocrx_word' id='word_1_639' title='bbox 3400 4033 3601 4103; x_wconf 75' lang='grc' dir='ltr'>ζημίαν</span> <span class='ocrx_word' id='word_1_640' title='bbox 3630 4030 3790 4099; x_wconf 77' lang='grc' dir='ltr'>εἶναι,</span> <span class='ocrx_word' id='word_1_641' title='bbox 3819 4034 3908 4088; x_wconf 64' lang='grc' dir='ltr'><strong>διὰ</strong></span> 
     </span>
    </p>
   </div>
   <div class='ocr_carea' id='block_1_85' title="bbox 2328 4122 3908 4195">
    <p class='ocr_par' dir='ltr' id='par_1_85' title="bbox 2328 4122 3908 4195">
     <span class='ocr_line' id='line_1_85' title="bbox 2328 4122 3908 4195; baseline 0.001 -20"><span class='ocrx_word' id='word_1_642' title='bbox 2328 4122 2390 4175; x_wconf 89' lang='grc' dir='ltr'><strong>τὸ</strong></span> <span class='ocrx_word' id='word_1_643' title='bbox 2421 4123 2684 4192; x_wconf 81' lang='grc' dir='ltr'>ὑπερέχον</span> <span class='ocrx_word' id='word_1_644' title='bbox 2710 4122 2809 4191; x_wconf 85' lang='grc' dir='ltr'><strong>τῆς</strong></span> <span class='ocrx_word' id='word_1_645' title='bbox 2835 4122 3088 4189; x_wconf 82' lang='grc' dir='ltr'>γνώσεως</span> <span class='ocrx_word' id='word_1_646' title='bbox 3112 4124 3349 4195; x_wconf 87' lang='grc' dir='ltr'>Χριστοῦ</span> <span class='ocrx_word' id='word_1_647' title='bbox 3382 4124 3553 4195; x_wconf 86' lang='grc' dir='ltr'>Ἰησοῦ</span> <span class='ocrx_word' id='word_1_648' title='bbox 3578 4124 3674 4177; x_wconf 88' lang='grc' dir='ltr'><strong>τοῦ</strong></span> <span class='ocrx_word' id='word_1_649' title='bbox 3705 4126 3908 4195; x_wconf 78' lang='grc' dir='ltr'>Κυρίου</span> 
     </span>
    </p>
   </div>
   <div class='ocr_carea' id='block_1_86' title="bbox 2330 4211 3907 4285">
    <p class='ocr_par' dir='ltr' id='par_1_86' title="bbox 2330 4211 3907 4285">
     <span class='ocr_line' id='line_1_86' title="bbox 2330 4211 3907 4285; baseline 0.002 -22"><span class='ocrx_word' id='word_1_650' title='bbox 2330 4212 2506 4281; x_wconf 84' lang='grc' dir='ltr'>ήμῶν,</span> <span class='ocrx_word' id='word_1_651' title='bbox 2534 4212 2601 4264; x_wconf 78' lang='grc' dir='ltr'>δι’</span> <span class='ocrx_word' id='word_1_652' title='bbox 2638 4212 2696 4263; x_wconf 87' lang='grc' dir='ltr'>ὃν</span> <span class='ocrx_word' id='word_1_653' title='bbox 2717 4212 2786 4263; x_wconf 81' lang='grc' dir='ltr'>τὰ</span> <span class='ocrx_word' id='word_1_654' title='bbox 2808 4212 2983 4264; x_wconf 83' lang='grc' dir='ltr'>πάντα</span> <span class='ocrx_word' id='word_1_655' title='bbox 3005 4211 3319 4283; x_wconf 75' lang='grc' dir='ltr'>ἐζημιώθην</span> <span class='ocrx_word' id='word_1_656' title='bbox 3339 4254 3351 4275; x_wconf 86' lang='grc'><strong>,</strong></span> <span class='ocrx_word' id='word_1_657' title='bbox 3383 4216 3475 4267; x_wconf 76' lang='grc' dir='ltr'><strong>καὶ</strong></span> <span class='ocrx_word' id='word_1_658' title='bbox 3500 4215 3739 4285; x_wconf 82' lang='grc' dir='ltr'>ἡγοῦμαι</span> <span class='ocrx_word' id='word_1_659' title='bbox 3775 4215 3907 4266; x_wconf 68' lang='grc' dir='ltr'>σκῦ-</span> 
     </span>
    </p>
   </div>
   <div class='ocr_carea' id='block_1_87' title="bbox 2331 4298 3907 4374">
    <p class='ocr_par' dir='ltr' id='par_1_87' title="bbox 2331 4298 3907 4374">
     <span class='ocr_line' id='line_1_87' title="bbox 2331 4298 3907 4374; baseline 0.003 -23"><span class='ocrx_word' id='word_1_660' title='bbox 2331 4300 2466 4352; x_wconf 86' lang='grc' dir='ltr'>6αλα</span> <span class='ocrx_word' id='word_1_661' title='bbox 2488 4298 2643 4362; x_wconf 72' lang='grc' dir='ltr'>εἶναι,</span> <span class='ocrx_word' id='word_1_662' title='bbox 2674 4302 2758 4353; x_wconf 80' lang='grc' dir='ltr'><strong>ἵνα</strong></span> <span class='ocrx_word' id='word_1_663' title='bbox 2781 4301 3010 4371; x_wconf 84' lang='grc' dir='ltr'>Χριστὸν</span> <span class='ocrx_word' id='word_1_664' title='bbox 3034 4302 3300 4371; x_wconf 81' lang='grc' dir='ltr'>κερδήσω.</span> <span class='ocrx_word' id='word_1_665' title='bbox 3317 4323 3333 4352; x_wconf 78' lang='grc' dir='ltr'><strong>ι</strong></span> <span class='ocrx_word' id='word_1_666' title='bbox 3367 4305 3431 4355; x_wconf 85' lang='grc' dir='ltr'><strong>Τί</strong></span> <span class='ocrx_word' id='word_1_667' title='bbox 3454 4305 3510 4355; x_wconf 83' lang='grc' dir='ltr'><strong>δὲ</strong></span> <span class='ocrx_word' id='word_1_668' title='bbox 3538 4306 3632 4356; x_wconf 75' lang='grc' dir='ltr'><strong>καὶ</strong></span> <span class='ocrx_word' id='word_1_669' title='bbox 3654 4306 3715 4357; x_wconf 82' lang='grc' dir='ltr'><strong>τὸ</strong></span> <span class='ocrx_word' id='word_1_670' title='bbox 3738 4306 3907 4374; x_wconf 75' lang='grc' dir='ltr'>ὑπερ-</span> 
     </span>
    </p>
   </div>
   <div class='ocr_carea' id='block_1_88' title="bbox 2330 4390 3909 4464">
    <p class='ocr_par' dir='ltr' id='par_1_88' title="bbox 2330 4390 3909 4464">
     <span class='ocr_line' id='line_1_88' title="bbox 2330 4390 3909 4464; baseline 0.002 -22"><span class='ocrx_word' id='word_1_671' title='bbox 2330 4390 2450 4460; x_wconf 84' lang='grc' dir='ltr'>έχον</span> <span class='ocrx_word' id='word_1_672' title='bbox 2494 4390 2595 4459; x_wconf 77' lang='grc' dir='ltr'><strong>τῆς</strong></span> <span class='ocrx_word' id='word_1_673' title='bbox 2622 4390 2875 4459; x_wconf 83' lang='grc' dir='ltr'>γνώσεως</span> <span class='ocrx_word' id='word_1_674' title='bbox 2922 4392 3091 4460; x_wconf 85' lang='grc' dir='ltr'>Ἰησοῦ</span> <span class='ocrx_word' id='word_1_675' title='bbox 3111 4392 3373 4464; x_wconf 87' lang='grc' dir='ltr'>Χριστοῦ;</span> <span class='ocrx_word' id='word_1_676' title='bbox 3407 4395 3501 4446; x_wconf 75' lang='grc' dir='ltr'><strong>Διὰ</strong></span> <span class='ocrx_word' id='word_1_677' title='bbox 3534 4395 3586 4446; x_wconf 90' lang='grc' dir='ltr'><strong>τί</strong></span> <span class='ocrx_word' id='word_1_678' title='bbox 3621 4394 3791 4463; x_wconf 79' lang='grc' dir='ltr'>ζημία</span> <span class='ocrx_word' id='word_1_679' title='bbox 3813 4396 3909 4448; x_wconf 70' lang='grc' dir='ltr'><strong>καὶ</strong></span> 
     </span>
    </p>
   </div>
   <div class='ocr_carea' id='block_1_89' title="bbox 2333 4480 3908 4552">
    <p class='ocr_par' dir='ltr' id='par_1_89' title="bbox 2333 4480 3908 4552">
     <span class='ocr_line' id='line_1_89' title="bbox 2333 4480 3908 4552; baseline -0.001 -18"><span class='ocrx_word' id='word_1_680' title='bbox 2333 4480 2577 4534; x_wconf 77' lang='grc' dir='ltr'>σκύϐαλα</span> <span class='ocrx_word' id='word_1_681' title='bbox 2592 4482 2648 4533; x_wconf 85' lang='grc' dir='ltr'><strong>ὲν</strong></span> <span class='ocrx_word' id='word_1_682' title='bbox 2665 4482 2841 4551; x_wconf 82' lang='grc' dir='ltr'>νόμῳ;</span> <span class='ocrx_word' id='word_1_683' title='bbox 2866 4482 3054 4535; x_wconf 85' lang='grc' dir='ltr'>Καίτοι</span> <span class='ocrx_word' id='word_1_684' title='bbox 3080 4482 3211 4534; x_wconf 83' lang='grc' dir='ltr'>Θεὸν</span> <span class='ocrx_word' id='word_1_685' title='bbox 3236 4482 3327 4534; x_wconf 91' lang='grc' dir='ltr'><strong>τὸν</strong></span> <span class='ocrx_word' id='word_1_686' title='bbox 3349 4483 3509 4552; x_wconf 74' lang='grc' dir='ltr'>φύσει</span> <span class='ocrx_word' id='word_1_687' title='bbox 3536 4484 3629 4535; x_wconf 77' lang='grc' dir='ltr'><strong>καὶ</strong></span> <span class='ocrx_word' id='word_1_688' title='bbox 3658 4484 3908 4552; x_wconf 79' lang='grc' dir='ltr'>ἀληθινὸν</span> 
     </span>
    </p>
   </div>
   <div class='ocr_carea' id='block_1_90' title="bbox 655 4571 2215 4656">
    <p class='ocr_par' dir='ltr' id='par_1_90' title="bbox 655 4572 2215 4643">
     <span class='ocr_line' id='line_1_90' title="bbox 655 4572 2215 4643; baseline 0 -16"><span class='ocrx_word' id='word_1_689' title='bbox 655 4585 829 4627; x_wconf 88' lang='lat' dir='ltr'><strong>torum</strong></span> <span class='ocrx_word' id='word_1_690' title='bbox 859 4583 913 4628; x_wconf 88' lang='lat' dir='ltr'><strong>et</strong></span> <span class='ocrx_word' id='word_1_691' title='bbox 965 4573 1372 4643; x_wconf 85' lang='lat' dir='ltr'><strong>quisquiliarum</strong></span> <span class='ocrx_word' id='word_1_692' title='bbox 1412 4574 1526 4627; x_wconf 90' lang='lat' dir='ltr'><strong>loco</strong></span> <span class='ocrx_word' id='word_1_693' title='bbox 1559 4573 1751 4627; x_wconf 81' lang='lat' dir='ltr'><strong>duxit?</strong></span> <span class='ocrx_word' id='word_1_694' title='bbox 1800 4573 1970 4627; x_wconf 86' lang='lat' dir='ltr'><strong>Porro</strong></span> <span class='ocrx_word' id='word_1_695' title='bbox 2000 4574 2083 4627; x_wconf 80' lang='lat' dir='ltr'><strong>lex</strong></span> <span class='ocrx_word' id='word_1_696' title='bbox 2115 4572 2215 4627; x_wconf 77' lang='grc' dir='ltr'><strong>Μο-</strong></span> 
     </span>
    </p>
   </div>
   <div class='ocr_carea' id='block_1_91' title="bbox 2317 4571 3907 4656">
    <p class='ocr_par' dir='ltr' id='par_1_91' title="bbox 2336 4571 3907 4642">
     <span class='ocr_line' id='line_1_91' title="bbox 2336 4571 3907 4642; baseline -0.003 -16"><span class='ocrx_word' id='word_1_697' title='bbox 2336 4574 2363 4626; x_wconf 89' lang='grc' dir='ltr'><strong>ό</strong></span> <span class='ocrx_word' id='word_1_698' title='bbox 2393 4573 2479 4625; x_wconf 79' lang='grc' dir='ltr'><strong>διὰ</strong></span> <span class='ocrx_word' id='word_1_699' title='bbox 2506 4572 2751 4635; x_wconf 81' lang='grc' dir='ltr'>Μωσέως</span> <span class='ocrx_word' id='word_1_700' title='bbox 2784 4571 2945 4641; x_wconf 73' lang='grc' dir='ltr'>νόμος</span> <span class='ocrx_word' id='word_1_701' title='bbox 2966 4574 3077 4635; x_wconf 83' lang='grc' dir='ltr'>τοῖς</span> <span class='ocrx_word' id='word_1_702' title='bbox 3098 4572 3470 4642; x_wconf 81' lang='grc' dir='ltr'>ἀρχαιοτέροις</span> <span class='ocrx_word' id='word_1_703' title='bbox 3497 4574 3791 4642; x_wconf 81' lang='grc' dir='ltr'>ἐκήρυττεν</span> <span class='ocrx_word' id='word_1_704' title='bbox 3811 4587 3830 4602; x_wconf 78' lang='grc' dir='ltr'><strong><em>ο</em></strong></span> <span class='ocrx_word' id='word_1_705' title='bbox 3861 4574 3907 4623; x_wconf 86' lang='grc' dir='ltr'><strong>οί</strong></span> 
     </span>
    </p>
   </div>
   <div class='ocr_carea' id='block_1_92' title="bbox 654 4664 2232 4734">
    <p class='ocr_par' dir='ltr' id='par_1_92' title="bbox 654 4664 2232 4734">
     <span class='ocr_line' id='line_1_92' title="bbox 654 4664 2232 4734; baseline 0.001 -16"><span class='ocrx_word' id='word_1_706' title='bbox 654 4666 799 4718; x_wconf 84' lang='lat' dir='ltr'><strong>saica</strong></span> <span class='ocrx_word' id='word_1_707' title='bbox 845 4665 1038 4734; x_wconf 87' lang='lat' dir='ltr'><strong>priscis</strong></span> <span class='ocrx_word' id='word_1_708' title='bbox 1102 4664 1205 4718; x_wconf 87' lang='lat' dir='ltr'><strong>illis</strong></span> <span class='ocrx_word' id='word_1_709' title='bbox 1251 4664 1554 4719; x_wconf 89' lang='lat' dir='ltr'><strong>hominibus</strong></span> <span class='ocrx_word' id='word_1_710' title='bbox 1606 4680 1795 4718; x_wconf 90' lang='lat' dir='ltr'><strong>verum</strong></span> <span class='ocrx_word' id='word_1_711' title='bbox 1827 4665 2232 4733; x_wconf 84' lang='lat' dir='ltr'><strong>naturalemque</strong></span> 
     </span>
    </p>
   </div>
   <div class='ocr_carea' id='block_1_93' title="bbox 656 4755 2225 4826">
    <p class='ocr_par' dir='ltr' id='par_1_93' title="bbox 656 4755 2225 4826">
     <span class='ocr_line' id='line_1_93' title="bbox 656 4755 2225 4826; baseline 0.001 -18"><span class='ocrx_word' id='word_1_712' title='bbox 656 4755 824 4810; x_wconf 82' lang='lat' dir='ltr'><strong>Deum</strong></span> <span class='ocrx_word' id='word_1_713' title='bbox 882 4756 1286 4825; x_wconf 69' lang='lat' dir='ltr'><strong>praadicavcrit,</strong></span> <span class='ocrx_word' id='word_1_714' title='bbox 1339 4770 1489 4810; x_wconf 75' lang='lat' dir='ltr'><strong>novae</strong></span> <span class='ocrx_word' id='word_1_715' title='bbox 1545 4767 1724 4809; x_wconf 87' lang='lat' dir='ltr'><strong>autem</strong></span> <span class='ocrx_word' id='word_1_716' title='bbox 1774 4756 1910 4826; x_wconf 72' lang='lat' dir='ltr'><strong>legis</strong></span> <span class='ocrx_word' id='word_1_717' title='bbox 1974 4755 2225 4810; x_wconf 92' lang='lat' dir='ltr'><strong>doctores</strong></span> 
     </span>
    </p>
   </div>
   <div class='ocr_carea' id='block_1_94' title="bbox 657 4846 2230 4921">
    <p class='ocr_par' dir='ltr' id='par_1_94' title="bbox 657 4846 2230 4921">
     <span class='ocr_line' id='line_1_94' title="bbox 657 4846 2230 4921; baseline 0.002 -19"><span class='ocrx_word' id='word_1_718' title='bbox 657 4846 843 4903; x_wconf 64' lang='lat' dir='ltr'><strong>Iesum</strong></span> <span class='ocrx_word' id='word_1_719' title='bbox 868 4847 1141 4903; x_wconf 90' lang='lat' dir='ltr'><strong>Christum</strong></span> <span class='ocrx_word' id='word_1_720' title='bbox 1184 4864 1328 4902; x_wconf 89' lang='lat' dir='ltr'><strong>nunc</strong></span> <span class='ocrx_word' id='word_1_721' title='bbox 1360 4848 1668 4921; x_wconf 88' lang='lat' dir='ltr'><strong>hominibus</strong></span> <span class='ocrx_word' id='word_1_722' title='bbox 1711 4848 2057 4903; x_wconf 88' lang='lat' dir='ltr'><strong>annuntiaut.</strong></span> <span class='ocrx_word' id='word_1_723' title='bbox 2089 4847 2230 4905; x_wconf 85' lang='lat' dir='ltr'><strong>Sane</strong></span> 
     </span>
    </p>
   </div>
   <div class='ocr_carea' id='block_1_95' title="bbox 657 4939 2226 5008">
    <p class='ocr_par' dir='ltr' id='par_1_95' title="bbox 657 4939 2226 5008">
     <span class='ocr_line' id='line_1_95' title="bbox 657 4939 2226 5008; baseline -0.001 -15"><span class='ocrx_word' id='word_1_724' title='bbox 657 4940 702 4993; x_wconf 90' lang='lat' dir='ltr'><strong>si</strong></span> <span class='ocrx_word' id='word_1_725' title='bbox 736 4948 939 4993; x_wconf 86' lang='lat' dir='ltr'><strong>tantum</strong></span> <span class='ocrx_word' id='word_1_726' title='bbox 972 4940 1275 4994; x_wconf 90' lang='lat' dir='ltr'><strong>communis</strong></span> <span class='ocrx_word' id='word_1_727' title='bbox 1309 4939 1586 5008; x_wconf 89' lang='lat' dir='ltr'><strong>nostrique</strong></span> <span class='ocrx_word' id='word_1_728' title='bbox 1625 4939 1821 4994; x_wconf 91' lang='lat' dir='ltr'><strong>similis</strong></span> <span class='ocrx_word' id='word_1_729' title='bbox 1872 4940 2034 4994; x_wconf 92' lang='lat' dir='ltr'><strong>homo</strong></span> <span class='ocrx_word' id='word_1_730' title='bbox 2062 4950 2226 5004; x_wconf 86' lang='lat' dir='ltr'><strong>esset,</strong></span> 
     </span>
    </p>
   </div>
   <div class='ocr_carea' id='block_1_96' title="bbox 658 5027 2227 5097">
    <p class='ocr_par' dir='ltr' id='par_1_96' title="bbox 658 5027 2227 5097">
     <span class='ocr_line' id='line_1_96' title="bbox 658 5027 2227 5097; baseline -0.001 -15"><span class='ocrx_word' id='word_1_731' title='bbox 658 5045 778 5082; x_wconf 87' lang='lat' dir='ltr'><strong>cum</strong></span> <span class='ocrx_word' id='word_1_732' title='bbox 828 5027 1008 5083; x_wconf 89' lang='lat' dir='ltr'><strong>Verbo</strong></span> <span class='ocrx_word' id='word_1_733' title='bbox 1054 5030 1195 5097; x_wconf 92' lang='lat' dir='ltr'><strong>quod</strong></span> <span class='ocrx_word' id='word_1_734' title='bbox 1251 5044 1317 5082; x_wconf 79' lang='lat' dir='ltr'><strong>ex</strong></span> <span class='ocrx_word' id='word_1_735' title='bbox 1388 5030 1496 5083; x_wconf 91' lang='lat' dir='ltr'><strong>Deo</strong></span> <span class='ocrx_word' id='word_1_736' title='bbox 1557 5029 1801 5096; x_wconf 89' lang='lat' dir='ltr'><strong>procedit</strong></span> <span class='ocrx_word' id='word_1_737' title='bbox 1892 5027 2227 5097; x_wconf 83' lang='lat' dir='ltr'><strong>hypostatica</strong></span> 
     </span>
    </p>
   </div>
   <div class='ocr_carea' id='block_1_97' title="bbox 659 5120 2235 5189">
    <p class='ocr_par' dir='ltr' id='par_1_97' title="bbox 659 5120 2235 5189">
     <span class='ocr_line' id='line_1_97' title="bbox 659 5120 2235 5189; baseline 0.002 -19"><span class='ocrx_word' id='word_1_738' title='bbox 659 5121 857 5173; x_wconf 90' lang='lat' dir='ltr'><strong>unione</strong></span> <span class='ocrx_word' id='word_1_739' title='bbox 890 5135 992 5173; x_wconf 89' lang='lat' dir='ltr'><strong>non</strong></span> <span class='ocrx_word' id='word_1_740' title='bbox 1023 5121 1363 5188; x_wconf 88' lang='lat' dir='ltr'><strong>conjunctus,</strong></span> <span class='ocrx_word' id='word_1_741' title='bbox 1392 5128 1554 5189; x_wconf 88' lang='lat' dir='ltr'><strong>atque</strong></span> <span class='ocrx_word' id='word_1_742' title='bbox 1584 5120 1705 5175; x_wconf 88' lang='lat' dir='ltr'><strong>ideo</strong></span> <span class='ocrx_word' id='word_1_743' title='bbox 1742 5135 1840 5175; x_wconf 91' lang='lat' dir='ltr'><strong>nec</strong></span> <span class='ocrx_word' id='word_1_744' title='bbox 1889 5120 2031 5174; x_wconf 83' lang='lat' dir='ltr'><strong>Deus</strong></span> <span class='ocrx_word' id='word_1_745' title='bbox 2059 5120 2235 5177; x_wconf 86' lang='lat' dir='ltr'><strong>credi-</strong></span> 
     </span>
    </p>
   </div>
   <div class='ocr_carea' id='block_1_98' title="bbox 658 5220 802 5267">
    <p class='ocr_par' dir='ltr' id='par_1_98' title="bbox 658 5220 802 5267">
     <span class='ocr_line' id='line_1_98' title="bbox 658 5220 802 5267; baseline 0.014 -2"><span class='ocrx_word' id='word_1_746' title='bbox 658 5220 745 5265; x_wconf 78' lang='grc' dir='ltr'><strong>ωε</strong></span> <span class='ocrx_word' id='word_1_747' title='bbox 787 5228 802 5267; x_wconf 73' lang='grc' dir='ltr'><strong>ἶ</strong></span> 
     </span>
    </p>
   </div>
   <div class='ocr_carea' id='block_1_99' title="bbox 1029 5302 1864 5371">
    <p class='ocr_par' dir='ltr' id='par_1_99' title="bbox 1029 5302 1864 5371">
     <span class='ocr_line' id='line_1_99' title="bbox 1029 5302 1864 5371; baseline 0.001 -15"><span class='ocrx_word' id='word_1_748' title='bbox 1029 5303 1113 5356; x_wconf 76' lang='lat' dir='ltr'><strong>Ea:</strong></span> <span class='ocrx_word' id='word_1_749' title='bbox 1142 5302 1379 5371; x_wconf 80' lang='lat' dir='ltr'><strong>Epistola</strong></span> <span class='ocrx_word' id='word_1_750' title='bbox 1412 5306 1480 5356; x_wconf 87' lang='lat' dir='ltr'><strong>ad</strong></span> <span class='ocrx_word' id='word_1_751' title='bbox 1509 5302 1864 5358; x_wconf 74' lang='lat' dir='ltr'><strong>Colossenses.</strong></span> 
     </span>
    </p>
   </div>
   <div class='ocr_carea' id='block_1_100' title="bbox 736 5393 2230 5466">
    <p class='ocr_par' dir='ltr' id='par_1_100' title="bbox 736 5393 2230 5466">
     <span class='ocr_line' id='line_1_100' title="bbox 736 5393 2230 5466; baseline 0.001 -20"><span class='ocrx_word' id='word_1_752' title='bbox 736 5414 755 5446; x_wconf 76' lang='grc' dir='ltr'><strong>ι</strong></span> <span class='ocrx_word' id='word_1_753' title='bbox 803 5395 1022 5449; x_wconf 85' lang='lat' dir='ltr'><strong>Gaudeo</strong></span> <span class='ocrx_word' id='word_1_754' title='bbox 1047 5393 1465 5466; x_wconf 87' lang='lat' dir='ltr'><strong>nunc(inquit)</strong></span> <span class='ocrx_word' id='word_1_755' title='bbox 1502 5396 1555 5448; x_wconf 94' lang='lat' dir='ltr'><strong>in</strong></span> <span class='ocrx_word' id='word_1_756' title='bbox 1593 5394 1935 5462; x_wconf 89' lang='lat' dir='ltr'><strong>passionibus</strong></span> <span class='ocrx_word' id='word_1_757' title='bbox 1964 5395 2097 5450; x_wconf 87' lang='lat' dir='ltr'><strong>meis</strong></span> <span class='ocrx_word' id='word_1_758' title='bbox 2134 5409 2230 5465; x_wconf 93' lang='lat' dir='ltr'><strong>pro</strong></span> 
     </span>
    </p>
   </div>
   <div class='ocr_carea' id='block_1_101' title="bbox 637 5529 2215 5608">
    <p class='ocr_par' dir='ltr' id='par_1_101' title="bbox 637 5529 2215 5608">
     <span class='ocr_line' id='line_1_101' title="bbox 637 5529 2215 5608; baseline -0.003 -15"><span class='ocrx_word' id='word_1_759' title='bbox 637 5529 641 5532; x_wconf 62' lang='grc'><strong>’</strong></span> <span class='ocrx_word' id='word_1_760' title='bbox 730 5539 777 5572; x_wconf 73' lang='grc'><strong><em>⁸⁵</em></strong></span> <span class='ocrx_word' id='word_1_761' title='bbox 809 5539 1006 5608; x_wconf 86' lang='lat' dir='ltr'><strong>Ephes.</strong></span> <span class='ocrx_word' id='word_1_762' title='bbox 1034 5555 1093 5603; x_wconf 89' lang='grc' dir='ltr'><strong>ιι,</strong></span> <span class='ocrx_word' id='word_1_763' title='bbox 1133 5538 1218 5604; x_wconf 86' lang='lat' dir='ltr'><strong>ll,</strong></span> <span class='ocrx_word' id='word_1_764' title='bbox 1254 5538 1340 5593; x_wconf 75' lang='grc'><strong>12.</strong></span> <span class='ocrx_word' id='word_1_765' title='bbox 1416 5538 1465 5571; x_wconf 82' lang='grc'><strong><em>⁸⁸</em></strong></span> <span class='ocrx_word' id='word_1_766' title='bbox 1496 5538 1696 5607; x_wconf 88' lang='lat' dir='ltr'><strong>Ephes.</strong></span> <span class='ocrx_word' id='word_1_767' title='bbox 1726 5554 1806 5605; x_wconf 90' lang='grc' dir='ltr'>ιιι,</span> <span class='ocrx_word' id='word_1_768' title='bbox 1846 5536 2031 5592; x_wconf 65' lang='grc'><strong>1447.</strong></span> <span class='ocrx_word' id='word_1_769' title='bbox 2087 5536 2131 5567; x_wconf 75' lang='grc'><strong><em>⁸⁸</em></strong></span> <span class='ocrx_word' id='word_1_770' title='bbox 2165 5536 2180 5589; x_wconf 97' lang='grc' dir='ltr'><strong>Ι</strong></span> <span class='ocrx_word' id='word_1_771' title='bbox 2213 5572 2215 5582; x_wconf 56' lang='grc' dir='ltr'><strong>ι</strong></span> 
     </span>
    </p>
   </div>
   <div class='ocr_carea' id='block_1_102' title="bbox 2317 5529 2603 5608">
    <p class='ocr_par' dir='ltr' id='par_1_102' title="bbox 2317 5536 2603 5600">
     <span class='ocr_line' id='line_1_102' title="bbox 2317 5536 2603 5600; baseline 0.01 -11"><span class='ocrx_word' id='word_1_772' title='bbox 2317 5552 2368 5591; x_wconf 92' lang='lat' dir='ltr'><strong>n.</strong></span> <span class='ocrx_word' id='word_1_773' title='bbox 2402 5538 2479 5600; x_wconf 83' lang='lat' dir='ltr'><strong>Iv,</strong></span> <span class='ocrx_word' id='word_1_774' title='bbox 2516 5536 2603 5592; x_wconf 84' lang='grc'><strong>15.</strong></span> 
     </span>
    </p>
   </div>
   <div class='ocr_carea' id='block_1_103' title="bbox 2337 4662 3911 4734">
    <p class='ocr_par' dir='ltr' id='par_1_103' title="bbox 2337 4662 3911 4734">
     <span class='ocr_line' id='line_1_103' title="bbox 2337 4662 3911 4734; baseline -0.003 -16"><span class='ocrx_word' id='word_1_775' title='bbox 2337 4664 2395 4718; x_wconf 75' lang='grc' dir='ltr'><strong>δὲ</strong></span> <span class='ocrx_word' id='word_1_776' title='bbox 2415 4664 2512 4734; x_wconf 87' lang='grc' dir='ltr'><strong>τῆς</strong></span> <span class='ocrx_word' id='word_1_777' title='bbox 2540 4662 2662 4725; x_wconf 77' lang='grc' dir='ltr'>νέας</span> <span class='ocrx_word' id='word_1_778' title='bbox 2696 4664 2971 4733; x_wconf 88' lang='grc' dir='ltr'>Διαθήκης</span> <span class='ocrx_word' id='word_1_779' title='bbox 3002 4664 3351 4734; x_wconf 80' lang='grc' dir='ltr'>μυσταγωγοὶ</span> <span class='ocrx_word' id='word_1_780' title='bbox 3368 4664 3602 4733; x_wconf 87' lang='grc' dir='ltr'>Χριστὸν</span> <span class='ocrx_word' id='word_1_781' title='bbox 3622 4663 3700 4733; x_wconf 79' lang='grc' dir='ltr'>τῷ</span> <span class='ocrx_word' id='word_1_782' title='bbox 3722 4664 3911 4731; x_wconf 74' lang='grc' dir='ltr'>κόσμῳ</span> 
     </span>
    </p>
   </div>
   <div class='ocr_carea' id='block_1_104' title="bbox 2337 4753 3911 4825">
    <p class='ocr_par' dir='ltr' id='par_1_104' title="bbox 2337 4753 3911 4825">
     <span class='ocr_line' id='line_1_104' title="bbox 2337 4753 3911 4825; baseline -0.003 -16"><span class='ocrx_word' id='word_1_783' title='bbox 2337 4754 2792 4825; x_wconf 85' lang='grc' dir='ltr'>κατηγγέλκασιν.</span> <span class='ocrx_word' id='word_1_784' title='bbox 2830 4755 2968 4807; x_wconf 82' lang='grc' dir='ltr'>Ἀλλ’</span> <span class='ocrx_word' id='word_1_785' title='bbox 3009 4756 3167 4825; x_wconf 77' lang='grc' dir='ltr'>εἴπερ</span> <span class='ocrx_word' id='word_1_786' title='bbox 3233 4755 3378 4807; x_wconf 74' lang='grc' dir='ltr'>ἐστὶν</span> <span class='ocrx_word' id='word_1_787' title='bbox 3435 4754 3719 4825; x_wconf 70' lang='grc' dir='ltr'>ἄνθρωπος</span> <span class='ocrx_word' id='word_1_788' title='bbox 3779 4753 3911 4806; x_wconf 84' lang='grc' dir='ltr'>καθ’</span> 
     </span>
    </p>
   </div>
   <div class='ocr_carea' id='block_1_105' title="bbox 2335 4841 3911 4914">
    <p class='ocr_par' dir='ltr' id='par_1_105' title="bbox 2335 4841 3911 4914">
     <span class='ocr_line' id='line_1_105' title="bbox 2335 4841 3911 4914; baseline -0.003 -18"><span class='ocrx_word' id='word_1_789' title='bbox 2335 4846 2501 4914; x_wconf 76' lang='grc' dir='ltr'>ἡμᾶς,</span> <span class='ocrx_word' id='word_1_790' title='bbox 2549 4844 2680 4897; x_wconf 85' lang='grc' dir='ltr'>αὑτὸ</span> <span class='ocrx_word' id='word_1_791' title='bbox 2726 4842 2792 4913; x_wconf 78' lang='grc' dir='ltr'>δὴ</span> <span class='ocrx_word' id='word_1_792' title='bbox 2837 4843 2993 4896; x_wconf 88' lang='grc' dir='ltr'>τοῦτο</span> <span class='ocrx_word' id='word_1_793' title='bbox 3039 4843 3235 4906; x_wconf 90' lang='grc' dir='ltr'>κοινὸς,</span> <span class='ocrx_word' id='word_1_794' title='bbox 3275 4843 3373 4913; x_wconf 84' lang='grc' dir='ltr'><strong>οὑχ</strong></span> <span class='ocrx_word' id='word_1_795' title='bbox 3426 4842 3616 4895; x_wconf 85' lang='grc' dir='ltr'>ὲνώσει</span> <span class='ocrx_word' id='word_1_796' title='bbox 3660 4844 3728 4913; x_wconf 81' lang='grc' dir='ltr'>τῇ</span> <span class='ocrx_word' id='word_1_797' title='bbox 3783 4841 3911 4895; x_wconf 78' lang='grc' dir='ltr'>καθ’</span> 
     </span>
    </p>
   </div>
   <div class='ocr_carea' id='block_1_106' title="bbox 2335 4932 3906 5008">
    <p class='ocr_par' dir='ltr' id='par_1_106' title="bbox 2335 4932 3906 5008">
     <span class='ocr_line' id='line_1_106' title="bbox 2335 4932 3906 5008; baseline -0.002 -19"><span class='ocrx_word' id='word_1_798' title='bbox 2335 4937 2651 5001; x_wconf 82' lang='grc' dir='ltr'>ὑπόστασιν,</span> <span class='ocrx_word' id='word_1_799' title='bbox 2673 4939 2738 5007; x_wconf 84' lang='grc' dir='ltr'>τῇ</span> <span class='ocrx_word' id='word_1_800' title='bbox 2756 4936 2891 5007; x_wconf 83' lang='grc' dir='ltr'>πρός</span> <span class='ocrx_word' id='word_1_801' title='bbox 2911 4954 2994 5005; x_wconf 83' lang='grc' dir='ltr'><strong>γε,</strong></span> <span class='ocrx_word' id='word_1_802' title='bbox 3016 4939 3178 5008; x_wconf 69' lang='grc' dir='ltr'>φημὶ,</span> <span class='ocrx_word' id='word_1_803' title='bbox 3204 4938 3294 4990; x_wconf 88' lang='grc' dir='ltr'><strong>τὸν</strong></span> <span class='ocrx_word' id='word_1_804' title='bbox 3321 4940 3383 4990; x_wconf 85' lang='grc' dir='ltr'>ὲκ</span> <span class='ocrx_word' id='word_1_805' title='bbox 3408 4936 3541 4989; x_wconf 85' lang='grc' dir='ltr'>Θεοῦ</span> <span class='ocrx_word' id='word_1_806' title='bbox 3564 4936 3758 5003; x_wconf 83' lang='grc' dir='ltr'>Λόγον,</span> <span class='ocrx_word' id='word_1_807' title='bbox 3777 4932 3906 4988; x_wconf 70' lang='grc' dir='ltr'>εἶναι</span> 
     </span>
    </p>
   </div>
   <div class='ocr_carea' id='block_1_107' title="bbox 2335 5027 3909 5100">
    <p class='ocr_par' dir='ltr' id='par_1_107' title="bbox 2335 5027 3909 5100">
     <span class='ocr_line' id='line_1_107' title="bbox 2335 5027 3909 5100; baseline 0.001 -22"><span class='ocrx_word' id='word_1_808' title='bbox 2335 5027 2465 5091; x_wconf 88' lang='grc' dir='ltr'>Θεὸς</span> <span class='ocrx_word' id='word_1_809' title='bbox 2495 5027 2950 5097; x_wconf 79' lang='grc' dir='ltr'>πεπιστευμένος,</span> <span class='ocrx_word' id='word_1_810' title='bbox 2983 5028 3099 5093; x_wconf 84' lang='grc' dir='ltr'>πῶς</span> <span class='ocrx_word' id='word_1_811' title='bbox 3135 5029 3384 5100; x_wconf 79' lang='grc' dir='ltr'>ὑπερέξει</span> <span class='ocrx_word' id='word_1_812' title='bbox 3424 5029 3524 5099; x_wconf 86' lang='grc' dir='ltr'><strong>τῆς</strong></span> <span class='ocrx_word' id='word_1_813' title='bbox 3565 5030 3797 5099; x_wconf 86' lang='grc' dir='ltr'>νομικῆς</span> <span class='ocrx_word' id='word_1_814' title='bbox 3828 5029 3909 5080; x_wconf 86' lang='grc' dir='ltr'>πί-</span> 
     </span>
    </p>
   </div>
   <div class='ocr_carea' id='block_1_108' title="bbox 2342 5120 2961 5190">
    <p class='ocr_par' dir='ltr' id='par_1_108' title="bbox 2342 5120 2961 5190">
     <span class='ocr_line' id='line_1_108' title="bbox 2342 5120 2961 5190; baseline 0.005 -18"><span class='ocrx_word' id='word_1_815' title='bbox 2342 5136 2510 5183; x_wconf 81' lang='grc' dir='ltr'>στεως</span> <span class='ocrx_word' id='word_1_816' title='bbox 2542 5122 2573 5190; x_wconf 85' lang='grc' dir='ltr'><strong>ἠ</strong></span> <span class='ocrx_word' id='word_1_817' title='bbox 2605 5121 2725 5174; x_wconf 85' lang='grc' dir='ltr'>κατ’</span> <span class='ocrx_word' id='word_1_818' title='bbox 2762 5120 2961 5187; x_wconf 86' lang='grc' dir='ltr'>αὑτόν;</span> 
     </span>
    </p>
   </div>
   <div class='ocr_carea' id='block_1_109' title="bbox 853 5213 2966 5283">
    <p class='ocr_par' dir='ltr' id='par_1_109' title="bbox 853 5213 2966 5283">
     <span class='ocr_line' id='line_1_109' title="bbox 853 5213 2966 5283; baseline 0 -18"><span class='ocrx_word' id='word_1_819' title='bbox 853 5228 955 5266; x_wconf 92' lang='lat' dir='ltr'><strong>non</strong></span> <span class='ocrx_word' id='word_1_820' title='bbox 990 5214 1141 5266; x_wconf 87' lang='lat' dir='ltr'><strong>video</strong></span> <span class='ocrx_word' id='word_1_821' title='bbox 1162 5230 1267 5281; x_wconf 85' lang='lat' dir='ltr'><strong>qua</strong></span> <span class='ocrx_word' id='word_1_822' title='bbox 1310 5213 1517 5267; x_wconf 86' lang='lat' dir='ltr'><strong>ratione</strong></span> <span class='ocrx_word' id='word_1_823' title='bbox 1546 5213 1678 5268; x_wconf 89' lang='lat' dir='ltr'><strong>lides</strong></span> <span class='ocrx_word' id='word_1_824' title='bbox 1704 5214 1756 5267; x_wconf 91' lang='lat' dir='ltr'><strong>in</strong></span> <span class='ocrx_word' id='word_1_825' title='bbox 1792 5215 1986 5281; x_wconf 90' lang='lat' dir='ltr'><strong>ipsum,</strong></span> <span class='ocrx_word' id='word_1_826' title='bbox 2013 5214 2171 5269; x_wconf 74' lang='lat' dir='ltr'><strong>fidem</strong></span> <span class='ocrx_word' id='word_1_827' title='bbox 2212 5227 2330 5283; x_wconf 70' lang='lat' dir='ltr'><strong>qua:</strong></span> <span class='ocrx_word' id='word_1_828' title='bbox 2355 5228 2420 5266; x_wconf 75' lang='lat' dir='ltr'><strong>ex</strong></span> <span class='ocrx_word' id='word_1_829' title='bbox 2445 5213 2560 5283; x_wconf 81' lang='lat' dir='ltr'><strong>lege</strong></span> <span class='ocrx_word' id='word_1_830' title='bbox 2585 5223 2691 5276; x_wconf 89' lang='lat' dir='ltr'><strong>est,</strong></span> <span class='ocrx_word' id='word_1_831' title='bbox 2715 5213 2966 5267; x_wconf 78' lang='lat' dir='ltr'><strong>excellet.</strong></span> 
     </span>
    </p>
   </div>
   <div class='ocr_carea' id='block_1_110' title="bbox 2686 5301 3565 5371">
    <p class='ocr_par' dir='ltr' id='par_1_110' title="bbox 2686 5301 3565 5371">
     <span class='ocr_line' id='line_1_110' title="bbox 2686 5301 3565 5371; baseline -0.001 -13"><span class='ocrx_word' id='word_1_832' title='bbox 2686 5304 2790 5358; x_wconf 67' lang='grc' dir='ltr'>Ἐκ</span> <span class='ocrx_word' id='word_1_833' title='bbox 2828 5303 2939 5371; x_wconf 82' lang='grc' dir='ltr'><strong>τῆς</strong></span> <span class='ocrx_word' id='word_1_834' title='bbox 2978 5304 3125 5371; x_wconf 75' lang='grc' dir='ltr'>πρὸς</span> <span class='ocrx_word' id='word_1_835' title='bbox 3169 5301 3565 5366; x_wconf 75' lang='grc' dir='ltr'>Κολασσαεῒς.</span> 
     </span>
    </p>
   </div>
   <div class='ocr_carea' id='block_1_111' title="bbox 2416 5390 3910 5465">
    <p class='ocr_par' dir='ltr' id='par_1_111' title="bbox 2416 5390 3910 5465">
     <span class='ocr_line' id='line_1_111' title="bbox 2416 5390 3910 5465; baseline -0.001 -20"><span class='ocrx_word' id='word_1_836' title='bbox 2416 5414 2433 5445; x_wconf 85' lang='grc' dir='ltr'><strong>ι</strong></span> <span class='ocrx_word' id='word_1_837' title='bbox 2462 5394 2577 5447; x_wconf 81' lang='grc' dir='ltr'>Νῦν</span> <span class='ocrx_word' id='word_1_838' title='bbox 2608 5393 2804 5465; x_wconf 87' lang='grc' dir='ltr'>χαίρω,</span> <span class='ocrx_word' id='word_1_839' title='bbox 2834 5395 3015 5464; x_wconf 71' lang='grc' dir='ltr'>φησιν,</span> <span class='ocrx_word' id='word_1_840' title='bbox 3047 5396 3105 5446; x_wconf 86' lang='grc' dir='ltr'>ὲν</span> <span class='ocrx_word' id='word_1_841' title='bbox 3154 5398 3265 5455; x_wconf 81' lang='grc' dir='ltr'>τοῖς</span> <span class='ocrx_word' id='word_1_842' title='bbox 3312 5393 3599 5465; x_wconf 84' lang='grc' dir='ltr'>παθήμασί</span> <span class='ocrx_word' id='word_1_843' title='bbox 3640 5409 3748 5463; x_wconf 86' lang='grc' dir='ltr'><strong>μου</strong></span> <span class='ocrx_word' id='word_1_844' title='bbox 3776 5390 3910 5462; x_wconf 83' lang='grc' dir='ltr'>ὑπὲρ</span> 
     </span>
    </p>
   </div>
   <div class='ocr_carea' id='block_1_112' title="bbox 2679 5533 3258 5605">
    <p class='ocr_par' dir='ltr' id='par_1_112' title="bbox 2679 5533 3258 5605">
     <span class='ocr_line' id='line_1_112' title="bbox 2679 5533 3258 5605; baseline 0.003 -16"><span class='ocrx_word' id='word_1_845' title='bbox 2679 5536 2723 5566; x_wconf 82' lang='grc'><strong><em>⁵⁷</em></strong></span> <span class='ocrx_word' id='word_1_846' title='bbox 2756 5534 2981 5605; x_wconf 80' lang='lat' dir='ltr'><strong>Philipp.</strong></span> <span class='ocrx_word' id='word_1_847' title='bbox 3019 5550 3100 5602; x_wconf 78' lang='lat' dir='ltr'><strong>ut,</strong></span> <span class='ocrx_word' id='word_1_848' title='bbox 3130 5533 3182 5600; x_wconf 88' lang='grc'>7,</span> <span class='ocrx_word' id='word_1_849' title='bbox 3206 5536 3258 5591; x_wconf 88' lang='lat'><strong>8.</strong></span> 
     </span>
    </p>
   </div>
   <div class='ocr_carea' id='block_1_113' title="bbox 1740 5688 2827 5758">
    <p class='ocr_par' dir='ltr' id='par_1_113' title="bbox 1740 5688 2827 5758">
     <span class='ocr_line' id='line_1_113' title="bbox 1740 5688 2827 5758; baseline -0.003 -13"><span class='ocrx_word' id='word_1_850' title='bbox 1740 5692 1912 5748; x_wconf 79' lang='lat' dir='ltr'><strong>Variae</strong></span> <span class='ocrx_word' id='word_1_851' title='bbox 1949 5690 2207 5747; x_wconf 90' lang='lat' dir='ltr'><strong>lectiones</strong></span> <span class='ocrx_word' id='word_1_852' title='bbox 2234 5690 2433 5748; x_wconf 86' lang='lat' dir='ltr'><strong>codicis</strong></span> <span class='ocrx_word' id='word_1_853' title='bbox 2470 5688 2827 5758; x_wconf 76' lang='lat' dir='ltr'><strong>chuieriani.</strong></span> 
     </span>
    </p>
   </div>
   <div class='ocr_carea' id='block_1_114' title="bbox 739 5832 1671 5905">
    <p class='ocr_par' dir='ltr' id='par_1_114' title="bbox 739 5832 1671 5905">
     <span class='ocr_line' id='line_1_114' title="bbox 739 5832 1671 5905; baseline 0.002 -20"><span class='ocrx_word' id='word_1_854' title='bbox 739 5842 769 5885; x_wconf 73' lang='grc' dir='ltr'><strong>Ρ</strong></span> <span class='ocrx_word' id='word_1_855' title='bbox 794 5834 865 5887; x_wconf 86' lang='lat' dir='ltr'><strong>al.</strong></span> <span class='ocrx_word' id='word_1_856' title='bbox 898 5834 1097 5905; x_wconf 79' lang='grc' dir='ltr'><strong>ταύτῷ.</strong></span> <span class='ocrx_word' id='word_1_857' title='bbox 1176 5844 1203 5884; x_wconf 79' lang='grc' dir='ltr'><strong>ιι</strong></span> <span class='ocrx_word' id='word_1_858' title='bbox 1228 5832 1381 5887; x_wconf 78' lang='grc' dir='ltr'>θεοῦ.</span> <span class='ocrx_word' id='word_1_859' title='bbox 1465 5842 1483 5869; x_wconf 76' lang='grc' dir='ltr'><strong>ι</strong></span> <span class='ocrx_word' id='word_1_860' title='bbox 1519 5832 1671 5887; x_wconf 75' lang='grc' dir='ltr'>ἄθεα.</span> 
     </span>
    </p>
   </div>
  </div>
