4146 6464
247 380 384 438 12ῑ9

1346 382 1432 437 DE
1473 379 1700 436 RECTA
1745 377 1898 434 FIDE
1937 379 2026 434 AD
2067 379 2388 439 REGINAS.

3364 395 3505 472 uno
3543 417 3545 420 ‹

251 492 424 562 ὑμῶν,
447 492 540 545 καὶ
566 491 963 564 ἀνταναπληρῶ
989 494 1056 550 τὰ
1076 496 1424 567 ὑστερήματα
1449 497 1558 551 τῶν
1594 496 1820 558 θλίψεων

1932 496 2108 560 vobis,
2138 509 2194 553 et
2221 499 2493 568 adimpleo
2516 515 2579 556 ea
2608 516 2728 572 quae
2750 505 2946 562 desunt
2991 510 3306 580 passionum
3341 514 3503 569 Chri-

249 583 344 638 τοῦ
379 582 617 656 Χριστοῦ
662 585 724 657 ἐν
763 587 830 656 τῇ
883 589 1043 657 σαρκί
1085 605 1186 658 μου
1238 588 1377 660 ὑπὲρ
1431 589 1524 642 τοῦ
1575 589 1825 660 σώματος

248 673 440 739 αὐτοῦ,
469 675 498 728 ὃ
523 676 670 729 ἑστιν
697 677 728 747 ἡ
770 675 1095 747 Ἐκκλησίαο
1122 674 1191 750 ἦς
1220 680 1486 752 ἐγενόμην
1518 681 1628 750 ἐγὼ
1646 681 1827 736 διάκο-

247 783 337 830 νος
367 765 507 820 κατὰ
536 764 634 837 τὴν
662 766 975 838 οἰκονομίαν
1011 769 1105 823 τοῦ
1147 770 1284 824 Θεοῦ
1315 772 1414 842 τὴν
1451 772 1698 828 δοθεῖσάν
1735 791 1825 845 μοι

244 861 325 924 είς
350 859 513 929 ὑμᾶς,
543 858 832 930 πληρῶσαι
870 863 962 916 τὸν
993 861 1156 932 λόγον
1180 865 1276 919 τοῦ
1317 867 1453 920 Θεοῦ
1477 885 1491 898 ο
1525 867 1582 921 τὺ
1617 870 1826 940 μυστή-

245 970 361 1024 ριον
403 953 465 1006 τὸ
504 953 998 1025 ἀποκεκρυμμένον
1033 957 1146 1011 ἀπὸ
1174 958 1283 1013 τῶν
1325 959 1536 1014 αἰώνων
1580 963 1672 1015 καὶ
1716 963 1825 1016 ἀπὸ

241 1043 352 1096 τῶν
379 1043 603 1112 γενεῶν,
638 1046 756 1097 νυνὶ
809 1047 866 1099 δὲ.
918 1048 1236 1121 ἐφανερώθη
1279 1053 1392 1116 τοῖς
1426 1053 1603 1120 ἁγίοις
1633 1054 1821 1119 αὐτοῦ,

239 1129 322 1197 οἷς
348 1134 616 1204 ἠθέλησεν
653 1135 680 1187 ό
722 1134 855 1201 Θεὸς
885 1140 1151 1209 γνωρίσαι
1180 1141 1264 1204 τίς
1290 1146 1319 1196 ό
1350 1144 1579 1208 πλοῦτος
1609 1147 1710 1217 τῆς
1738 1146 1824 1199 δό-

240 1223 338 1295 ξης
375 1225 468 1277 τοῦ
521 1227 820 1299 μυστηρίου
854 1229 1020 1284 αὑτοῦ
1077 1235 1136 1284 ὲν
1182 1235 1295 1296 τοῖς
1341 1234 1570 1301 ἔθνεσιν,
1601 1238 1659 1300 ὃς
1707 1239 1822 1290 ἐστι

237 1312 474 1386 Χριστὸς
505 1320 562 1371 ὲν
593 1321 746 1390 ἡμῖν,
787 1321 820 1392 ή
857 1321 1012 1386 ἐλπὶς
1052 1323 1154 1392 τῆς
1179 1325 1360 1396 δόξης.
1403 1327 1462 1381 ὃν
1491 1331 1653 1398 ἡμεῖς
1686 1346 1824 1384 κατ-

239 1410 597 1481 αγγέλλομεν.
628 1430 650 1465 ι
696 1412 820 1477 Πῶς
874 1415 1182 1486 κέκρυπται
1214 1417 1274 1470 τὸ
1309 1421 1680 1493 μυστήριον,ῆ
1707 1422 1824 1486 πῶς

239 1502 387 1552 ἐστιν
413 1501 550 1563 ὅλως
578 1502 750 1571 Λόγος
781 1503 938 1565 Θεοῦ.
965 1510 1114 1571 ποῖος
1144 1507 1200 1560 δὲ
1227 1510 1256 1562 6
1283 1509 1513 1574 πλοῦτος
1540 1512 1641 1582 τῆς
1663 1513 1822 1583 δόξης

235 1593 446 1644 ἔνεστιν
473 1592 641 1663 αὐτῷ,
667 1593 827 1666 εἴπερ
859 1597 974 1650 ἐστὶ
1003 1599 1181 1663 κοινὸς
1211 1599 1498 1672 ἄνθρωπος
1529 1605 1652 1658 καθ’
1675 1607 1823 1677 ἡμᾶς

236 1686 265 1736 6
296 1684 566 1756 Χριστόςς
623 1685 757 1738 osse
788 1686 896 1753 γὰρ
925 1688 1068 1756 μέγα
1099 1691 1269 1757 ἐστὶν,
1302 1693 1419 1747 ἀλλ’
1449 1695 1568 1748 οὐδὲ
1615 1693 1824 1763 ἀξιόλο-

237 1793 334 1844 γον
367 1777 425 1828 τὸ
463 1778 784 1847 μυστήριον,
817 1781 865 1832 εί
910 1781 984 1850 μὴ
1014 1780 1090 1844 ὼς
1121 1783 1240 1854 Θεῷ
1269 1787 1567 1858 προσίεμεν
1594 1788 1673 1860 τῷ
1689 1791 1821 1860 Χρι-

239 1867 371 1938 στῷ,
404 1868 496 1920 καὶ
531 1869 814 1939 συνίεμεν,
846 1871 928 1924 ὅτι
956 1872 1086 1937 Θεὸς
1113 1875 1189 1928 ὢν
1215 1876 1246 1928 6
1273 1877 1464 1946 Λόγος,
1497 1881 1591 1934 καὶ
1629 1883 1686 1934 ἐν
1715 1882 1822 1936 ἰσό-

196 2021 199 2024 ,
235 1977 360 2030 τητι
392 1961 486 2014 καὶ
517 1963 700 2033 μορφῇ
741 1961 836 2015 τοῦ
867 1965 1105 2036 Πατρός,
1136 1967 1376 2038 καθῆκεν
1401 1971 1594 2025 ἑαυτὸν
1625 1974 1705 2037 είς
1730 1973 1822 2027 κέ-

236 2068 428 2138 νωσιν,
460 2051 752 2123 γενόμενος
798 2053 1105 2127 ἄνθρωπος,
1156 2060 1252 2112 καὶ
1305 2063 1633 2138 μεμενηκὼς
1684 2067 1821 2138 ὅπερ

236 2137 343 2212 ἦν·
396 2144 652 2198 πλούσιον
699 2143 807 2216 γὰρ
839 2146 981 2201 οῦτω
1024 2149 1122 2204 καὶ
1164 2151 1291 2225 δόξῃ
1331 2152 1498 2224 πολλῇ
1533 2158 1731 2210 νοεῖται
1761 2137 1822 2210 τό

239 2234 543 2304 μυστήριον
566 2268 586 2286 .
766 2236 771 2241 ’

317 2426 334 2457 ι
359 2407 446 2474 Ὧς
470 2403 564 2463 οῦν
597 2413 935 2483 παρελάϐετε
964 2417 1056 2470 τὸν
1097 2419 1330 2490 Χριστὸν
1364 2420 1572 2494 Ἰησοῦν
1615 2425 1820 2496 Κύριον

236 2498 418 2570 ἡμῶν,
446 2503 504 2554 ἐν
527 2503 675 2574 αύτῷ
702 2511 1074 2577 περιπατεῖτε,
1101 2511 1458 2583 ἐρριζωμένοι
1486 2516 1578 2569 καὶ
1605 2517 1821 2570 ἐποικο-

232 2589 563 2664 δομούμενοι
612 2597 671 2647 ἐν
723 2596 892 2670 αύτῷ,
925 2599 1020 2653 καὶ
1054 2600 1432 2674 βεϐαιούμενοι
1466 2607 1526 2659 ὲν
1555 2606 1756 2662 πίστει.
1794 2627 1813 2661 ι

237 2682 363 2747 Πῶς
395 2681 488 2739 οῦν
517 2686 899 2760 παρελάϐομεν
941 2691 1033 2745 τὸν
1058 2694 1320 2764 Χριστὸν,
1356 2697 1555 2766 διδάξει
1584 2700 1757 2769 λέγων
1792 2705 1820 2756 ὁ

235 2774 402 2842 σοφὸς
440 2773 694 2849 Ἰωάννης
714 2796 727 2809 ·
768 2799 785 2831 ι
814 2782 923 2834 Καὶ
947 2784 975 2836 6
999 2784 1174 2852 Λόγος
1203 2786 1338 2858 σὰρξ
1365 2789 1602 2857 ἐγένετο.
1629 2811 1647 2843 ι
1669 2793 1790 2846 Ἀλλ
1807 2793 1821 2816 ’

217 2865 296 2916 -ού
334 2865 611 2921 πέπαυται
651 2868 746 2922 τοῦ
784 2867 923 2924 εἶναι
949 2873 1146 2942 Λόγος,
1174 2877 1268 2930 καὶ
1314 2879 1362 2931 εί
1408 2880 1599 2950 γέγονε
1643 2883 1778 2954 σάρξ
1801 2901 1815 2915 ·

235 2958 548 3030 συνεδρεύει
578 2960 688 3033 γὰρ
717 2963 812 3017 καὶ
850 2963 996 3020 οὕτω
1021 2967 1098 3038 τῷ
1128 2967 1242 3040 ἰδίῳ
1265 2971 1461 3046 Πατρὶ,
1499 2974 1595 3028 καὶ
1614 2975 1821 3048 Κύριος

230 3051 335 3122 τῆς
359 3050 517 3124 δόξης
541 3055 570 3106 ό
600 3054 1016 3128 ἐσταυρωμένος
1041 3059 1376 3131 ὠνόμασται.

306 3333 334 3371 e
365 3311 444 3388 τῇ
479 3320 754 3390 προσευχῇ
791 3328 1272 3395 προσκαρτερεῖτε,
1318 3329 1723 3400 γρηγοροῦντες
1758 3333 1817 3385 ἐν

233 3409 372 3479 αὐτῇ
412 3410 470 3462 ἐν
519 3409 878 3483 εὐχαριστίᾳο
929 3417 1358 3487 προσευχόμενοι
1392 3419 1510 3488 ἅμα
1545 3421 1641 3474 καὶ
1689 3423 1821 3494 ’περὶ⁹

232 3499 414 3569 ἡμῶν,
444 3501 528 3555 ἵνα
552 3503 581 3556 6
608 3503 740 3569 Θεὸς
769 3505 956 3578 ἀνοίξῃ
995 3509 1126 3580 ἡμῖν
1160 3508 1332 3582 θύραν
1362 3511 1457 3565 τοῦ
1491 3511 1676 3582 λόγου,
1717 3513 1817 3568 λαο

232 3590 398 3662 λῆσαι
437 3593 497 3647 τὸ
531 3597 830 3668 μυστήριον
859 3598 954 3652 τοῦ
988 3597 1147 3666 Θεοῦ,
1175 3601 1241 3655 δι’
1263 3601 1292 3654 ὃ
1320 3603 1415 3658 καὶ
1443 3603 1663 3674 δέδεμαι
1681 3623 1696 3637 ο
1731 3605 1820 3660 ἵνα

236 3683 539 3754 φανερὼσω
576 3689 726 3752 αὐτὸ,
771 3689 846 3753 ὡς
877 3690 960 3744 δεῖ
999 3708 1069 3761 με
1096 3690 1350 3763 λαλῆσαι.
1373 3712 1393 3746 ι
1428 3695 1492 3748 Ei
1523 3697 1599 3768 μὴ
1627 3695 1758 3761 Θεὸς
1789 3700 1819 3752 ό

234 3774 489 3846 Χριστὸς,
519 3778 802 3848 ἄνθρωπος
831 3781 889 3835 δὲ
927 3781 1048 3854 θείᾳ
1076 3783 1259 3855 χάριτι
1285 3789 1680 3859 τετιμημένος,
1722 3791 1818 3844 οὐ·

234 3865 324 3918 δὲν
372 3865 485 3936 ἔχει
537 3866 674 3939 βαθὺ
718 3869 779 3923 τὺ
821 3874 910 3926 ἐπ’
948 3874 1098 3945 αύτῷ
1155 3875 1453 3948 μυστήριον
1480 3895 1494 3908 ·
1529 3880 1691 3944 ποίας
1724 3877 1818 3937 οῦν

235 3958 404 4011 ἐδεῖτο
439 3956 610 4030 θύρας
649 3964 728 4026 είς
757 3963 817 4017 τὸ
849 3965 1098 4035 φανερῶς
1123 3975 1145 4004 ³
1176 3967 1309 4021 αὐτὸ
1351 3969 1446 4022 καὶ
1485 3970 1670 4037 καθὼς
1709 3974 1816 4028 ἔδει

235 4048 503 4119 λαλῆσαι;
535 4053 693 4120 Μέγα
723 4053 832 4124 γὰρ
859 4056 1014 4108 οὐδὲν
1040 4056 1072 4126 ἢ
1096 4057 1334 4128 χαλεπὸν
1367 4060 1425 4112 τὸ
1457 4062 1585 4134 περὶ
1609 4063 1820 4136 ἀνθρὼ-

236 4158 341 4194 που
377 4141 579 4210 λέγειν,
606 4144 682 4208 ὡς
711 4147 796 4216 εἴη
827 4147 968 4201 κατὰ
1008 4147 1170 4216 φύσιν
1201 4149 1508 4222 ἄνθρωπος.
1538 4155 1599 4221 Ei
1631 4156 1688 4209 δὲ
1725 4158 1818 4212 ἄνα

237 4231 456 4302 θρωπος
491 4236 730 4304 γεγονὼς
754 4237 782 4289 6
808 4239 870 4290 ἐκ
908 4238 1043 4292 Θεοῦ
1069 4240 1396 4314 κηρύττεται
1420 4246 1591 4314 Λόγος
1618 4287 1634 4311 ,
1660 4251 1820 4322 χρεία

245 4323 312 4394 δὴ
345 4326 564 4390 πάντως
594 4328 754 4393 Θεοῦ,
785 4329 877 4383 τοῦ
908 4332 1004 4384 καὶ
1031 4331 1201 4402 θύραν
1247 4336 1574 4406 ἀνοίγοντος,
1609 4342 1704 4394 καὶ
1737 4343 1818 4396 δι-

235 4414 418 4479 δόντος
459 4418 686 4490 λαλῆσαι
716 4420 776 4473 τὸ
805 4423 1127 4494 μυστήριον,
1160 4425 1283 4480 καθ’
1312 4427 1371 4480 ὃν
1400 4434 1667 4502 προσήκει
1693 4436 1819 4504 τρό-

237 4521 360 4561 πον.

633 4729 728 4783 Ἐκ
767 4730 878 4800 τῆς
919 4734 1069 4801 πρὸς
1108 4735 1431 4806 Ἐϐραίους.

317 4877 335 4910 ι
373 4859 540 4914 Ὅταν
587 4863 644 4917 δὲ
667 4865 933 4941 εἰσαγάγῃ
966 4870 1060 4924 τὸν
1109 4874 1453 4942 πρωτότοκον
1487 4878 1566 4944 εἰς
1603 4882 1702 4952 τὴν
1732 4884 1819 4937 oi-

1929 589 1997 642 sti
2035 589 2085 644 iu
2115 604 2278 645 carne
2305 607 2422 646 mea
2455 607 2552 661 pro
2582 608 2810 664 corpore
2843 599 2962 667 ejus
2986 639 3002 665 ,
3033 603 3180 671 quod
3202 613 3286 658 est
3319 603 3508 660 Eccle-

1886 748 1888 750 _
1925 680 2026 747 sia,
2062 681 2220 750 cujus
2264 681 2440 738 factus
2465 699 2581 739 sum
2619 699 2719 756 ego
2763 687 3014 744 minister
3054 692 3349 746 secundum
3393 695 3505 748 dis-

1926 773 2304 843 pensationem
2364 775 2484 842 Dei,
2523 793 2643 847 qua:
2680 778 2804 832 data
2841 790 2924 834 est
2949 781 3080 836 mihi
3131 783 3185 836 in
3231 785 3405 852 vobis,
3449 795 3508 840 ut

1927 865 2178 935 impleam
2209 867 2430 921 verbum
2466 869 2598 936 Dei;
2654 871 2971 939 mysterium
3021 873 3164 942 quod
3213 876 3507 930 abscondi-

1926 962 2040 1009 tum
2068 957 2168 1012 fuit
2203 973 2234 1013 a
2270 959 2484 1015 saculis
2513 969 2567 1014 et
2607 963 3082 1032 generationibus,
3130 979 3274 1020 nunc
3324 979 3504 1022 autem

1927 1049 2334 1104 manifestatum
2367 1061 2451 1105 est
2489 1053 2694 1108 sanctis
2738 1052 2875 1122 ejus,
2909 1056 3105 1124 quibus
3152 1056 3322 1112 voluit
3362 1059 3507 1113 Deus

1925 1150 2082 1194 notas
2107 1140 2286 1196 facere
2312 1143 2535 1200 divitias
2559 1145 2746 1216 gloria:
2792 1148 3123 1204 sacramenti
3173 1148 3336 1218 hujus
3381 1166 3508 1218 gen-

1925 1232 2088 1298 tibus,
2139 1234 2282 1303 quod
2329 1245 2413 1290 est
2462 1234 2714 1291 Christus
2769 1236 2822 1290 in
2868 1239 3020 1293 nobis
3054 1279 3072 1305 ,
3123 1255 3247 1309 spes
3298 1243 3505 1310 glorim,

1923 1337 2084 1392 quem
2121 1340 2221 1379 nos
2251 1326 2642 1383 annuutiamus
2670 1328 2736 1384 ⁵⁸.
2772 1348 2791 1382 ι
2829 1330 3111 1396 Quomodo
3155 1333 3397 1387 abditum
3426 1344 3508 1387 est

1926 1415 2266 1485 mysterium,
2317 1426 2410 1470 aut
2456 1418 2550 1473 Dei
2596 1435 2822 1488 prorsus
2855 1418 3090 1476 Verbum
3133 1431 3238 1488 est,
3288 1433 3382 1478 aut
3413 1441 3510 1477 cu-

1916 1504 2155 1576 jusmodi
2199 1510 2414 1563 tandem
2445 1511 2633 1581 gloria:
2662 1527 2794 1581 opes
2828 1523 3122 1581 suppetunt
3175 1515 3422 1580 Christo,
3461 1520 3504 1572 si

1924 1597 2140 1664 quidem
2192 1598 2430 1669 vulgaris
2487 1610 2694 1654 tantum
2763 1604 3047 1671 nostrique
3105 1604 3300 1660 similis
3345 1607 3508 1660 homo

1924 1688 2137 1744 exsistit
2159 1689 2182 1742 ?
2201 1688 2390 1760 Neque
2418 1691 2563 1746 enim
2589 1693 2696 1762 72
2722 1692 2926 1762 grande
2955 1703 3052 1748 aut
3081 1696 3257 1766 magni
3277 1695 3508 1764 alicujus

1927 1781 2182 1852 ponderis
2209 1783 2525 1854 mysterium
2559 1784 2651 1839 hic
2683 1787 2838 1852 latet,
2865 1786 2911 1842 si
2936 1785 3152 1842 Christo
3184 1802 3290 1844 non
3320 1789 3504 1843 colue-

1927 1888 2106 1928 remus
2130 1885 2386 1944 tanquam
2417 1875 2548 1942 Deo,
2582 1887 2841 1948 certoque
2877 1893 3196 1949 persuasum
3243 1881 3505 1935 habemus

1925 1966 2016 2021 Dei
2041 1966 2301 2029 Verbum,
2327 1969 2469 2036 quod
2495 1969 2546 2022 in
2575 1967 2748 2024 ferina
2774 1978 2830 2025 et
2858 1971 3171 2040 mqualitate
3198 1971 3377 2028 Patris
3397 1983 3502 2036 est,

1922 2059 2194 2114 hominem
2240 2060 2440 2116 factum
2488 2063 2554 2116 ad
2605 2061 2906 2118 ultroneam
2957 2064 3383 2118 exinanitiouem
3445 2081 3506 2120 so

1922 2153 2226 2220 demisisse,
2257 2168 2478 2231 manens
2531 2153 2748 2208 interim
2805 2157 2909 2210 hoc
2962 2156 3137 2223 ipsum
3181 2158 3324 2224 quod
3360 2169 3501 2214 erat.

1919 2243 1999 2297 Ad
2035 2245 2176 2300 hunc
2203 2247 2350 2298 enim
2383 2248 2599 2299 modum
2624 2248 2942 2316 mysterium
2975 2250 3080 2303 hoc
3108 2258 3388 2318 acceptum
3417 2251 3504 2305 iu-

1920 2346 2107 2406 geutes
2133 2337 2551 2406 magnificentia!
2585 2348 2640 2392 et
2667 2339 2851 2408 gloria}
2881 2339 3100 2395 divitias
3131 2341 3307 2395 olfert.

1997 2447 2015 2480 ι
2056 2428 2211 2484 Sicut
2259 2445 2387 2500 ergo
2426 2431 2720 2499 accepistis
2762 2429 2946 2486 Jesum
2993 2432 3270 2488 Christum
3319 2435 3502 2489 Domi-

1921 2535 2048 2573 num
2081 2532 2350 2587 nostrum,
2380 2520 2431 2574 in
2459 2521 2576 2591 ipso
2606 2520 2881 2576 ambulate
2906 2561 2921 2587 ,
2955 2524 3182 2577 radieati
3221 2533 3278 2578 et
3309 2539 3503 2594 super-

1919 2611 2169 2666 uzdilicati
2197 2612 2250 2666 in
2279 2613 2416 2682 ipso,
2445 2621 2500 2668 et
2535 2614 2843 2668 conﬁrmati
2871 2614 2925 2669 in
2947 2614 3052 2670 [ide
3075 2616 3143 2672 ⁸⁸.
3179 2634 3199 2668 ι
3226 2616 3506 2684 Quomodo

1887 2720 2020 2776 {nos
2079 2705 2358 2760 Christum
2429 2706 2866 2774 susceperimus,
2922 2707 2974 2760 id
3048 2722 3206 2764 sacer
3271 2706 3505 2764 Joannes

1920 2795 2182 2864 ejusmodi
2209 2795 2456 2849 oratione
2479 2795 2718 2849 breviter
2749 2794 2983 2862 explicat
3016 2812 3029 2848 :
3064 2813 3082 2847 ι
3135 2797 3203 2850 Ει
3240 2795 3502 2863 Verbum,

1920 2887 2120 2956 inquit,
2149 2901 2278 2942 caro
2308 2887 2508 2941 factum
2540 2897 2627 2942 est
2648 2886 2710 2941 °°.
2749 2904 2768 2937 ι
2806 2886 3188 2943 Verumtamen
3223 2887 3348 2944 licet
3373 2903 3506 2943 caro

1920 2979 2120 3033 factum
2149 2987 2256 3041 est,
2285 2993 2381 3048 per
2410 2977 2511 3032 hoc
2546 2985 2726 3032 tamen
2770 2978 3001 3034 Verbum
3031 2993 3153 3036 esse
3185 2994 3290 3035 non
3320 2980 3502 3035 desiit.

1920 3068 2056 3125 Nam
2083 3070 2246 3124 etiam
2281 3071 2333 3123 iu
2367 3084 2433 3123 eo
2461 3077 2607 3123 statu
2653 3070 2769 3138 pari
2813 3085 2938 3124 cum
2979 3069 3141 3124 Patre
3186 3072 3507 3126 auctoritate

1845 3193 1887 3250 ο
1922 3163 2116 3231 pollet;
2163 3170 2218 3214 et
2257 3159 2346 3229 qui
2378 3161 2558 3215 crucis
2605 3159 2930 3228 supplicium
2974 3161 3214 3228 pertulit,
3243 3160 3504 3218 Dominus

1922 3253 2108 3323 gloria:
2132 3251 2458 3319 appellatur.

1999 3358 2017 3392 ι
2056 3339 2297 3394 Orationi
2335 3339 2554 3402 instate,
2582 3337 2873 3405 vigilantes
2918 3339 2970 3395 in
3009 3354 3073 3396 ea
3121 3341 3173 3396 iu
3207 3341 3506 3412 gratiarum

1924 3432 2171 3488 actione:
2202 3439 2424 3486 orantes
2456 3429 2617 3486 simul
2644 3439 2699 3486 et
2732 3444 2829 3500 pro
2859 3431 3016 3487 nobis
3038 3470 3053 3497 .
3094 3440 3152 3487 ut
3197 3432 3340 3489 Deus
3377 3449 3508 3503 ape-

1924 3525 2031 3578 riat
2075 3522 2230 3576 nobis
2274 3521 2472 3575 ostium
2517 3522 2787 3576 sermonis
2833 3523 2900 3576 ad
2941 3523 3266 3592 loquendum
3303 3536 3501 3595 myste-

1923 3615 2063 3670 rium
2086 3612 2288 3668 Christi
2327 3612 2576 3682 (propter
2606 3612 2750 3682 quod
2777 3614 2940 3667 etiam
2969 3613 3185 3670 vinctus
3214 3631 3338 3670 sum
3360 3615 3399 3683 ),
3445 3625 3504 3671 ut

1923 3707 2265 3763 manifestem
2288 3705 2418 3760 illud
2454 3705 2552 3770 ita,
2586 3713 2647 3760 ut
2670 3715 2886 3776 oportet
2915 3722 2998 3761 me
3024 3706 3170 3778 loqui
3198 3707 3268 3762 “.
3305 3725 3328 3760 ι
3363 3707 3506 3763 Sane

1923 3799 1968 3856 si
1999 3799 2250 3854 Christus
2286 3798 2428 3853 Deus
2455 3811 2560 3852 non
2597 3807 2766 3862 esset,
2794 3798 2888 3854 sed
2925 3799 3088 3854 homo
3125 3807 3332 3852 tantum
3367 3799 3505 3854 divi-

1921 3908 2005 3949 na:
2039 3891 2228 3966 gratiae
2258 3905 2490 3946 munere
2519 3891 2778 3957 donatus,
2807 3891 3128 3961 mysterium
3159 3893 3226 3946 de
3251 3891 3367 3960 ipso
3394 3906 3504 3947 non

1921 3985 2208 4041 admodum
2235 3983 2562 4054 profundum
2591 3982 2751 4038 foret.
2783 3986 2902 4050 Quo
2952 3983 3116 4053 igitur
3162 3984 3306 4040 ostio
3350 3995 3504 4055 pate-

1921 4079 2067 4133 facto
2101 4091 2236 4149 opus
2267 4085 2386 4132 erat
2409 4086 2470 4132 ut
2512 4074 2646 4130 illud
2693 4071 3161 4141 manifestaretur,
3193 4076 3506 4132 commode-

1920 4183 2027 4239 que
2055 4169 2138 4239 (ut
2164 4165 2466 4238 oportebat)
2497 4166 2933 4236 proponeretur?
2961 4165 3242 4235 siquidem
3279 4181 3384 4220 non
3419 4173 3506 4220 est

1921 4273 2010 4315 res
2034 4274 2249 4330 magna,
2281 4268 2376 4313 aut
2400 4259 2567 4313 ardua
2598 4259 2664 4312 de
2705 4257 2926 4311 homine
2966 4257 3187 4325 dicere,
3230 4258 3372 4327 quod
3409 4274 3506 4312 na.

1923 4361 2043 4405 tura
2075 4350 2241 4407 homo
2277 4351 2367 4405 sit.
2398 4347 2455 4405 Si
2489 4359 2671 4404 autem
2702 4349 2942 4404 Verbum
2984 4349 3077 4404 Dei
3105 4350 3266 4404 homo
3298 4348 3503 4404 factum

1921 4443 2264 4513 praedicetur,
2286 4440 2398 4510 jam
2430 4441 2653 4495 omnino
2680 4455 2818 4511 opus
2847 4441 2953 4496 erit
2984 4440 3234 4511 praesidio
3268 4439 3384 4507 Dei,
3410 4442 3501 4508 qui

1847 4524 1890 4578 ι)
1921 4537 2122 4591 ostium
2169 4542 2414 4599 reseret,
2464 4534 2990 4604 convenientemque
3049 4534 3292 4604 mysterii
3344 4535 3506 4603 hujus

1924 4628 2344 4699 explicationem
2375 4626 2662 4698 largiatur.

2325 4760 2410 4816 Ea:
2437 4759 2678 4841 Epistola
2713 4763 2782 4817 ad
2812 4761 3088 4818 Hebrtvos.

2006 4917 2026 4952 ι
2064 4897 2197 4953 Cum
2230 4898 2528 4955 introducit
2559 4900 2980 4971 primogenitum
3017 4899 3069 4953 in
3102 4899 3288 4955 orbem
3320 4906 3500 4962 terrm.

236 4954 527 5026 κουμένην,
555 4958 721 5027 λέγει·
750 4963 860 5016 Καὶ⁵
887 4969 1422 5038 προσκυνησάτωσαν
1445 4974 1592 5046 αὐτῷ
1619 4980 1820 5044 πάντες

1922 4985 2056 5040 dicit
2087 5001 2102 5039 :
2130 4985 2196 5040 Et
2217 4986 2445 5040 adorent
2482 4954 2606 5043 enin
2631 4954 2821 5045 omnes
2846 4988 3020 5058 angeli
3054 4989 3144 5044 Dei
3173 4990 3240 5043 ".
3283 5008 3304 5042 ι
3338 4989 3507 5046 Natu-

236 5046 458 5114 ἄγγελοι
508 5049 664 5107 Θεοῦ.
701 5073 718 5104 ι
774 5055 1087 5129 Μονογενὴς
1135 5062 1276 5115 κατὰ
1308 5064 1470 5131 φύσιν
1515 5069 1544 5121 ό
1585 5071 1649 5123 ὲκ
1681 5071 1818 5126 Θεοῦ

238 5139 451 5232 Πατρός
500 5143 816 5214 ὠνόμασται
851 5147 1060 5218 Λόγος,
1105 5153 1184 5205 ὅτι
1229 5155 1389 5227 μόνος
1421 5159 1484 5212 ὲκ
1527 5161 1690 5230 μόνου
1727 5180 1820 5232 γε-

234 5231 490 5301 γέννηται
535 5236 629 5288 τοῦ
676 5239 920 5311 Πατρόςο
951 5243 1164 5315 εἴρηται
1195 5245 1250 5298 δὲ
1291 5247 1383 5301 καὶ
1437 5231 1813 5322 πρωτότοκος,

233 5323 324 5376 ὅτε
355 5326 447 5377 καὶ
476 5326 727 5384 εἱσῑπλθεν
757 5333 835 5397 είς
870 5332 967 5406 τὴν
992 5336 1318 5410 οἰκουμένην
1341 5339 1626 5412 ἄνθρωπος
1655 5361 1816 5415 γεγο-

1919 5076 2030 5131 rale
2060 5075 2149 5130 Dei
2176 5075 2355 5131 Patris
2379 5077 2614 5134 Verbum
2645 5079 2953 5149 unigenitus
2981 5079 3303 5150 appellatur,
3328 5096 3504 5151 quan-

1916 5169 2206 5238 doquidem
2240 5170 2414 5224 solum
2460 5185 2525 5225 ex
2562 5172 2676 5250 solo
2718 5170 2882 5225 Patre
2923 5173 3166 5250 genitum
3213 5184 3335 5227 est:
3389 5175 3501 5242 pri-

1917 5261 2173 5331 mogeniti
2200 5270 2380 5315 autem
2402 5277 2596 5315 nomen
2619 5244 2735 5316 tum
2761 5244 2975 5317 demunt
3000 5264 3260 5328 obtinuit,
3287 5266 3503 5334 quando

1915 5349 2098 5417 homo,
2140 5359 2194 5405 et
2241 5352 2427 5407 mundi
2479 5367 2602 5422 pars
2650 5352 2901 5408 elleetum
2947 5353 3002 5408 in
3045 5353 3187 5410 hunc
3233 5361 3501 5409 terrarum

306 5482 354 5514 "
383 5483 637 5554 Coloss.t,
663 5487 857 5548 24-28.
933 5495 978 5527 ⁸⁸
1006 5493 1212 5554 Coloss.
1248 5515 1308 5567 ιι,
1337 5498 1390 5553 6.
1469 5501 1512 5532 ⁸ο
1539 5499 1726 5571 Joan.,
1758 5476 1810 5570 1,.

1917 5547 1920 5559 .
1998 5509 2038 5541 ⁶¹
2064 5507 2269 5566 Coloss.
2300 5526 2375 5576 ιν,
2399 5511 2522 5568 24.
2601 5513 2644 5544 ⁸³
2674 5511 2839 5568 Hebr.
2875 5528 2914 5577 ι,
2944 5513 3000 5569 6.

1314 5656 1482 5718 Varia:
1514 5661 1773 5725 lectiones
1799 5667 2002 5733 codicis
2033 5668 2394 5741 Seguieriaui.

306 5788 328 5815 '
361 5783 694 5855 φανερῶσαι.
