4146 6480
672 419 804 476 1251

1659 411 1718 468 S.
1761 411 2033 469 CYRILLI
2072 409 2539 469 ALEXANDRINI
2578 412 2909 470 ARCIIIEP.

3806 417 3943 474 19.32

668 537 857 592 orbem
910 534 1211 606 ingressum
1266 546 1371 593 est.
1428 537 1814 596 Verumtamen
1873 543 1973 597 hac
2038 557 2253 612 quoque

2355 539 2479 606 νὼς,
2509 542 2604 596 κο).
2650 540 2814 613 μέρος
2844 540 3035 611 αὐτῆς.
3065 540 3208 611 Πλὴν
3242 540 3338 594 καὶ
3364 539 3506 595 οὕτω
3538 542 3937 614 προσκυνεῖται

674 628 881 682 ratione
924 642 954 679 a
1021 628 1226 683 sanctis
1274 630 1479 699 angelis
1537 636 1811 697 adoratur,
1880 649 2000 686 cum
2047 633 2245 687 adora-

674 720 750 772 tio
790 719 886 772 soli
951 718 1060 773 Deo
1094 719 1376 787 debeatur,
1410 733 1465 777 et
1505 723 1573 778 ad
1630 722 1776 778 illum
1837 724 2006 779 solum
2042 724 2247 778 refera-

673 820 777 865 tur.
806 810 938 877 Quis
965 811 1127 882 igitur
1176 812 1453 868 Christum
1502 815 1668 871 Deum
1712 830 1831 870 esse
1879 816 2135 886 ambigat,
2191 824 2252 870 ut

672 904 835 956 etiam
865 903 916 956 in
943 902 1081 957 coelo
1108 904 1401 959 adoretur?

743 993 849 1063 73
885 1011 903 1044 ι
928 993 993 1048 Ει
1014 994 1081 1048 ad
1104 994 1320 1064 angelos
1334 996 1549 1065 quidem
1574 996 1739 1053 dicit:
1764 996 1863 1065 Qui
1883 995 2009 1052 facit
2031 997 2248 1068 angelos

672 1097 800 1137 suos
828 1085 1073 1153 spiritus,
1104 1094 1161 1139 et
1189 1085 1469 1142 ministros
1495 1102 1623 1143 suos
1655 1087 1929 1143 ﬂammam
1971 1090 2131 1159 ignis.
2167 1089 2244 1145 Ad

678 1172 872 1228 Filium
900 1184 1112 1230 autem:
1145 1174 1394 1232 Thronus
1422 1188 1564 1244 tuus,
1584 1178 1745 1245 Deus,
1774 1180 1826 1234 in
1862 1180 2117 1235 saeculum
2149 1196 2249 1236 sa:-

674 1266 803 1319 culi.
825 1264 1100 1337 Et:Virga
1126 1268 1394 1336 aequitatis
1420 1269 1568 1340 virga
1597 1271 1745 1341 regni
1774 1271 1870 1325 tui.
1888 1271 2127 1326 Dilexisti
2157 1270 2248 1342 ju-

674 1357 896 1423 stitiam,
955 1366 1008 1412 et
1048 1358 1208 1413 odisti
1251 1358 1629 1428 iniquitatem:
1664 1373 1946 1432 propterea
1984 1364 2141 1419 unxit
2196 1373 2248 1420 te

682 1450 845 1515 Deus,
876 1449 1016 1503 Deus
1043 1459 1182 1514 tuus,
1220 1449 1340 1505 oleo
1360 1452 1734 1509 exsultationis
1765 1470 1874 1524 prae
1893 1456 2247 1525 participibus

676 1543 872 1596 tuis".
913 1561 934 1595 ι
996 1540 1051 1596 Si
1111 1542 1426 1612 angelorum
1459 1545 1704 1599 conditor
1736 1552 1851 1611 est,
1902 1547 1947 1600 si
1990 1547 2245 1602 thronum

674 1631 885 1686 obtinet
917 1633 1328 1702 sempiternum,
1356 1633 1624 1702 justitiam
1658 1635 1870 1703 dilexit,
1901 1648 1957 1692 et
1988 1638 2247 1707 iniquita-

674 1732 783 1777 tem
818 1724 944 1778 odio
976 1725 1183 1788 habuit,
1216 1739 1387 1794 eaque
1418 1727 1481 1781 de
1512 1742 1675 1782 causa
1705 1729 2082 1784 exsultatiouis
2129 1729 2247 1784 oleo

674 1830 705 1869 a
737 1814 845 1870 Deo
876 1815 1035 1871 Patre
1065 1818 1314 1873 inuuctus
1346 1819 1449 1873 fuit
1480 1838 1493 1874 :
1528 1822 1656 1889 quid
1689 1830 1929 1875 statuere
1965 1832 2058 1875 aut
2101 1820 2249 1890 cogi-

2356 634 2505 706 παρά
2542 633 2650 688 τῶν
2678 635 2850 703 ἁγίων
2884 632 3153 702 ἀγγέλων,
3178 633 3539 705 ἀνακειμένου
3565 650 3627 686 τε
3672 633 3768 686 καὶ
3806 633 3942 703 πρέ-

2355 745 2548 792 ποντος
2594 727 2739 798 μόνῳ
2788 726 2907 796 Θεῷ
2935 726 3029 779 τοῦ
3060 727 3156 779 καὶ
3187 726 3611 798 προσκυνεῖσθαι
3643 726 3777 778 δεῖν.
3814 725 3939 789 Πῶς

2351 815 2444 873 οὖν
2472 820 2533 872 οὑ
2561 817 2690 882 Θεὸς
2721 820 2749 872 6
2780 816 3033 888 Χριστὸς,
3061 817 3090 871 6
3120 816 3217 871 καὶ
3248 819 3306 871 ἐν
3340 817 3557 889 οὐρανῷ
3586 818 3937 889 προσκυνού-

2356 928 2517 982 μενος
2540 928 2554 976 ;

2431 1021 2450 1052 ι
2482 1002 2595 1054 Καὶ
2619 1000 2752 1073 πρὸς
2777 999 2876 1070 μὲν
2913 998 3040 1062 τοὺς
3058 997 3323 1067 ἀγγέλους
3342 996 3511 1068 λέγει·
3544 997 3603 1053 '0
3624 999 3798 1052 ποιῶν
3820 998 3941 1062 τοὺς

2352 1087 2617 1156 ἀγγέλους
2641 1087 2808 1141 αὑτοῦ
2829 1086 3133 1158 πνεύματα,
3161 1088 3395 1151 καὶτοὺς
3412 1088 3763 1158 λειτουργοὺς
3779 1087 3939 1141 αὑτοῦ

2353 1179 2526 1249 πυρὸς
2538 1178 2732 1247 φλόγα.
2748 1178 2890 1249 Πρὸς
2904 1178 2961 1231 δὲ
2983 1177 3071 1232 τὸν
3083 1178 3231 1231 Υίόν⁶
3248 1178 3304 1231 '0
3318 1177 3504 1249 θρόνος
3522 1181 3676 1246 σου,ό
3694 1180 3849 1244 Θεὸς,
3865 1185 3940 1245 είς

2351 1270 2443 1324 τὸν
2468 1271 2638 1323 αίῶνα
2669 1268 2764 1323 τοῦ
2804 1269 3019 1333 αἰῶνος.
3052 1269 3183 1323 Καί’
3217 1270 3282 1321 Ἣ
3301 1269 3496 1340 ῥάϐδος
3517 1274 3615 1342 τῆς
3643 1272 3938 1343 εύθύτητός

2354 1378 2449 1414 σου
2491 1360 2685 1431 ῥάϐδος
2708 1360 2810 1430 τῆς
2857 1359 3134 1431 βασιλείας
3161 1375 3277 1413 σου.
3314 1361 3631 1433 Ἠγάπησας
3658 1362 3937 1416 δικαιοσύ-

2353 1467 2472 1519 νην,
2501 1449 2595 1501 καὶ
2611 1448 2881 1518 ἐμίσησας
2893 1447 3107 1502 ἀδικίαν
3125 1448 3167 1484 ί·
3187 1446 3279 1501 διά
3290 1447 3451 1501 τοῦτο
3464 1448 3652 1520 ἔχρισέ
3667 1467 3725 1502 σε
3742 1449 3935 1514 όΘεὸς,

2352 1539 2381 1591 6
2402 1539 2532 1601 Θεός
2565 1555 2681 1602 σου,
2720 1537 2898 1591 ἔλαιον
2928 1536 3303 1606 ἀγαλλιάσεως
3340 1538 3490 1609 παρά
3522 1540 3651 1603 τοὺς
3678 1542 3939 1611 μετόχους

2356 1650 2471 1711 σου.
2500 1652 2517 1684 ι
2553 1634 2617 1686 Ei
2659 1631 2890 1705 ποιητῆς
2922 1633 3169 1702 ἀγγέλων
3203 1635 3352 1687 ἐστὶν
3383 1634 3412 1687 6
3446 1633 3636 1707 θρόνον
3668 1635 3813 1706 ἔχων
3856 1638 3938 1700 εἰς

2352 1726 2444 1779 τὸν
2468 1726 2642 1779 αἰῶνα
2664 1724 2759 1778 τοῦ
2788 1725 3005 1791 αἰῶνος,
3037 1726 3331 1794 ἀγαπήσας
3356 1742 3416 1778 τε
3441 1725 3819 1797 δικαιοσύνην,
3845 1730 3938 1780 καὶ

2357 1816 2682 1888 μεμισηκὼς
2709 1816 2923 1869 ἀδικίαν
2944 1824 2994 1881 ιι,
3030 1816 3126 1868 καὶ
3155 1815 3245 1868 διά
3273 1816 3431 1869 τοῦτο
3459 1817 3747 1887 κεχρῖσθαι
3782 1817 3937 1886 λεγόο

676 1916 792 1959 tare
822 1921 917 1961 nos
942 1922 1038 1977 par
1058 1918 1159 1973 cst,
1186 1912 1310 1964 dum
1336 1911 1387 1964 in
1420 1910 1683 1977 ejusmodi
1713 1911 1778 1966 de
1804 1912 1918 1980 ipso
1949 1914 2248 1967 sententias

2355 1925 2513 1978 μενος
2536 1906 2615 1978 τῷ
2643 1907 2809 1976 ἐλαίῳ
2835 1906 2936 1977 τῆς
2963 1905 3339 1975 ἀγαλλιάσεως
3369 1906 3522 1977 παρά
3546 1907 3641 1960 τοῦ
3672 1906 3810 1960 Θεοῦ
3843 1909 3937 1961 καὶ

677 1998 1067 2055 inciderimus?
1109 2000 1242 2057 Nam
1295 2002 1339 2055 si
1381 2002 1634 2057 cmlestes
1682 2002 1907 2071 spiritus
1953 2017 2080 2057 suos
2122 2003 2253 2057 facit

677 2089 976 2156 ministros,
1013 2092 1378 2167 thronmuque
1418 2094 1661 2162 possidet
1708 2093 1946 2160 deitatis,
1983 2094 2253 2164 quomodo

678 2181 801 2235 oleo
829 2182 1213 2237 exsultationis
1242 2183 1512 2251 delibutus
1553 2184 1863 2239 asseritur?
1902 2185 2044 2239 Sane
2089 2200 2255 2256 auge-

678 2271 759 2328 los
783 2281 935 2329 creat
961 2284 1018 2328 ut
1044 2274 1205 2339 Deus,
1232 2275 1707 2345 inungitucautem
1741 2286 1798 2331 ut
1841 2279 1999 2332 homo
2021 2320 2035 2345 ,
2093 2279 2164 2332 ita
2196 2289 2255 2333 ut

679 2367 794 2434 ipsa
826 2365 1007 2420 unctio
1050 2381 1154 2420 non
1190 2367 1256 2420 ad
1303 2368 1537 2421 divinam
1585 2378 1857 2433 naturam,
1892 2370 1985 2424 sed
2034 2369 2101 2424 ad
2134 2370 2251 2423 dis-

678 2457 1009 2525 pensationis
1069 2458 1391 2528 sapientiam
1422 2460 1609 2529 procul
1640 2461 1811 2521 dubio
1836 2461 2123 2517 referatur.
2154 2463 2254 2517 Est

680 2548 863 2617 itaque
902 2547 1154 2604 Christus
1190 2548 1353 2613 Deus,
1393 2559 1447 2604 et
1480 2552 1682 2606 homo:
1721 2551 1861 2607 Deus
1903 2554 2118 2623 quidem
2163 2570 2259 2608 na—

680 2648 823 2704 tura,
848 2626 1010 2693 homo
1034 2654 1160 2693 vero
1185 2641 1351 2695 nostri
1377 2640 1571 2696 similis
1598 2642 2009 2712 dispensatorie,
2038 2645 2256 2713 quando

681 2728 939 2782 nimirum
988 2728 1284 2785 secundum
1315 2744 1536 2785 carnem
1574 2745 1642 2787 ex
1688 2732 1914 2788 muliere
1960 2743 2117 2790 natus
2151 2744 2256 2791 est.

756 2927 776 2962 ι
815 2909 1030 2976 Videte,
1063 2908 1283 2973 fratres,
1313 2923 1383 2964 ne
1411 2909 1548 2964 forte
1578 2910 1689 2965 sint
1720 2910 1771 2964 in
1806 2911 1988 2981 aliquo
2018 2922 2255 2967 vestrum

678 3016 774 3057 cor
795 3002 995 3056 malum
1028 3002 1417 3056 incredulitatis
1444 3002 1751 3056 discedendi
1789 3019 1818 3057 a
1859 3005 1964 3057 Deo
1986 3006 2108 3057 vivo
2136 3004 2204 3057 “.
2233 3023 2251 3056 ι

682 3092 741 3148 Si
771 3093 1041 3148 Christum
1070 3092 1421 3162 abnegantes,
1452 3109 1482 3147 a
1524 3093 1632 3149 Deo
1661 3094 1785 3148 vivo
1819 3103 1873 3148 et
1902 3110 2032 3150 vero
2077 3096 2259 3150 desci-

679 3183 919 3248 scimus;
947 3181 1002 3235 in
1044 3180 1150 3261 fide
1179 3197 1305 3236 vero
1337 3197 1456 3250 qua:
1485 3183 1535 3236 in
1566 3184 1740 3251 ipsum
1767 3194 1848 3239 est
1872 3186 2249 3254 persistentes,

680 3270 998 3325 defectionis
1060 3270 1287 3324 crimine
1345 3271 1653 3328 nullatenus
1700 3272 2000 3342 obligamur
2056 3294 2069 3330 :
2118 3292 2253 3346 quo-

683 3361 843 3415 modo
874 3358 1125 3413 Christus
1148 3374 1258 3413 non
1285 3368 1367 3413 est
1396 3359 1586 3415 Deus?

760 3469 779 3501 r
814 3449 870 3504 Si
893 3450 1036 3505 enim
1072 3450 1292 3519 sanguis
1326 3449 1597 3503 hircorum
1624 3458 1680 3504 et
1713 3459 2008 3515 taurorum,
2036 3462 2091 3506 et
2112 3452 2251 3509 cinis

680 3541 862 3596 vitula:
896 3556 1168 3610 aspersus,
1201 3542 1504 3610 inquinatos
1548 3541 1852 3598 sanctificat
1894 3544 1959 3597 ad
1990 3546 2251 3599 emunda-

683 3639 882 3691 tiouem
914 3636 1135 3690 carnis:
1181 3646 1383 3705 quanto
1430 3635 1599 3705 magis
1639 3636 1860 3703 sanguis
1894 3635 2124 3704 Christi,
2160 3638 2250 3701 qui

683 3744 779 3800 per
809 3728 1073 3797 Spiritum
1098 3735 1342 3780 sanctum
1372 3726 1720 3796 semetipsum
1758 3727 1953 3781 obtulit
1988 3727 2252 3782 immacu-

684 3821 845 3873 latum
897 3818 1042 3883 Deo,
1092 3817 1405 3871 emundabit
1461 3818 1849 3872 conscientiam
1899 3826 2139 3872 nostram
2184 3818 2252 3871 ab

679 3912 935 3982 operibus
965 3910 1216 3976 mortuis,
1254 3909 1323 3963 ad
1367 3911 1707 3965 serviendum
1738 3909 1847 3965 Deo
1878 3909 2077 3964 viventi
2099 3911 2144 3941 ⁸⁸
2170 3910 2193 3962 ?
2226 3928 2246 3961 ο

682 4003 739 4058 Si
765 4002 1015 4058 Christus
1041 4016 1199 4056 verus
1227 4000 1370 4055 Deus
1393 4015 1495 4054 non
1528 4009 1632 4065 est,
1666 4015 1850 4070 quam,
1878 4015 2081 4070 qumso,
2114 4002 2253 4055 utili-

685 4107 846 4152 tatem
888 4096 1029 4150 illius
1059 4093 1276 4164 sanguis
1308 4092 1459 4147 nobis
1489 4092 1685 4162 poterit
1711 4091 1945 4148 afferre?
1981 4094 2088 4146 Aut
2114 4108 2251 4163 quo-

682 4189 839 4243 modo
868 4186 1228 4243 conscientias
1261 4194 1476 4240 nostras
1518 4186 1585 4238 ah
1613 4186 1866 4254 operibus
1900 4184 2128 4239 mortuis
2154 4199 2251 4254 po-

681 4279 807 4333 terit
834 4279 1098 4349 expiare?
1129 4277 1267 4346 Quid
1304 4279 1447 4333 enim
1491 4276 1729 4346 vulgaris
1760 4276 1997 4331 hominis
2030 4276 2250 4346 sanguis

682 4370 902 4425 virtutis
937 4380 1032 4425 aut
1059 4368 1394 4425 efﬁcacitatis
1424 4369 1606 4433 habet,
1630 4368 1772 4439 quod
1807 4383 1911 4422 non
1939 4369 2099 4423 etiam
2126 4382 2252 4421 san-

681 4464 802 4532 guis
830 4462 1142 4517 hircorum?
1171 4461 1305 4515 nihil
1339 4461 1581 4514 omnino.
1630 4459 1744 4514 lloc
1789 4459 1963 4514 solum
2014 4472 2250 4527 namque

2352 2001 2598 2071 Πατρόςο
2632 1999 2686 2053 τί
2713 1999 2778 2070 δὴ
2803 2000 2910 2071 ἀρα
2950 2000 3130 2070 φαμὲν
3171 2001 3251 2063 είς
3284 1999 3492 2062 ἐννοίας
3521 2001 3811 2071 ἐρχόμενοι
3836 2002 3938 2064 τάς

2352 2091 2440 2144 ἐπ’
2467 2090 2649 2161 αὐτῷς
2684 2091 2748 2143 Ei
2779 2090 2889 2161 γὰρ
2916 2093 3065 2143 ποιεῖ
3098 2092 3225 2155 τοὺς
3255 2090 3520 2160 ἀγγέλους
3549 2092 3719 2145 αὑτοῦ
3770 2094 3933 2146 πνεύ-

2356 2199 2523 2253 ματα,
2550 2183 2644 2235 καὶ
2673 2180 2862 2252 θρόνον
2890 2182 3002 2252 ἔχει
3029 2181 3304 2254 θεότητος,
3343 2184 3464 2236 τίνα
3490 2184 3692 2253 τρόπον
3717 2185 3933 2255 χρίεται

2351 2270 2431 2340 τῷ
2476 2269 2640 2341 ἐλαίῳ
2683 2272 2783 2341 τῆς
2813 2270 3219 2339 ἀγαλλιάσεωςς
3251 2272 3462 2325 Οὐκοῦν
3502 2272 3680 2338 κτίζει
3730 2274 3828 2343 μὲν
3859 2274 3935 2335 ῶς

2353 2362 2487 2426 Θεὸς
2535 2363 2796 2431 ἀγγέλους
2819 2401 2832 2425 ,
2881 2363 3093 2433 χρίεται
3126 2363 3185 2415 δέ
3224 2363 3301 2426 ὡς
3342 2364 3629 2435 ἄνθρωπος
3652 2382 3666 2394 ο
3711 2366 3814 2419 οὐκ
3850 2369 3931 2430 είς

2353 2454 2451 2525 τὴν
2485 2454 2583 2523 τῆς
2618 2452 2871 2524 θεότητος
2902 2453 3084 2522 φύσιν,
3119 2454 3233 2507 ἀλλ’
3261 2456 3342 2519 είς
3386 2455 3446 2508 τὸ
3477 2456 3575 2526 τῆς
3613 2456 3926 2526 οἰκονομίας

2355 2544 2603 2614 εὐτεχνὲς
2662 2544 2955 2614 ἐρχομένου
3015 2544 3111 2596 τοῦ
3155 2544 3476 2613 χρίσματος.
3520 2545 3653 2609 Θεὸς
3692 2547 3801 2617 ἄρα
3840 2548 3935 2600 καὶ

2356 2633 2640 2704 ἄνθρωπος
2669 2635 2697 2685 6
2727 2633 2961 2703 Χριστός
2980 2648 2995 2663 ’
3029 2632 3163 2694 Θεὸς
3197 2633 3298 2700 μὲν
3326 2636 3392 2703 τῇ
3426 2633 3609 2702 φύσει,
3646 2634 3934 2705 ἄνθρωπος

2354 2720 2413 2774 δὲ
2457 2720 2578 2773 καθ’
2607 2722 2755 2791 ήμᾶς
2795 2723 2825 2774 6
2857 2722 3019 2785 αὐτὸς
3051 2722 3435 2791 οἰκονομικῶς,
3469 2725 3558 2777 ὅτε
3608 2723 3833 2793 γέγονεν
3868 2725 3937 2778 ἐκ

2354 2814 2615 2881 γυναικὸς
2639 2813 2781 2867 κατά
2815 2814 3013 2885 σάρκα.

2434 2922 2453 2955 ι
2482 2902 2741 2967 Βλέπετε,
2784 2903 3024 2973 ἀδελφοὶ,
3067 2903 3139 2975 μή
3173 2904 3305 2956 ποτέ
3339 2906 3485 2957 ἐστιν
3529 2903 3585 2957 ἐν
3625 2920 3732 2956 τινι
3779 2902 3939 2974 ὑμῶν

2359 2993 2557 3060 καρδία
2584 2993 2796 3064 πονηρά
2824 2993 3101 3061 ἀπιστίας,
3130 2996 3188 3048 ἐν
3217 2993 3296 3064 τῷ
3323 2994 3623 3066 ἀποστῆναι
3657 2994 3767 3047 ἀπὸ
3797 2993 3936 3046 Θεοῦ

2359 3086 2622 3150 ζῶντος.»
2662 3088 2724 3138 Εἰ
2773 3085 3098 3156 ἀρνούμενοι
3148 3086 3240 3140 τὸν
3291 3086 3546 3157 Χριστὸν,
3589 3085 3939 3156 ἀφιστάμεθα

2358 3176 2495 3229 Θεοῦ
2526 3175 2725 3240 ζῶντος
2752 3178 2846 3230 καὶ
2875 3177 3128 3248 ἀληθινοῦ
3149 3219 3164 3243 ,
3190 3178 3520 3248 ἐμμένοντες
3548 3177 3605 3229 δὲ
3633 3180 3699 3247 τῇ
3730 3178 3810 3240 είς
3838 3176 3938 3228 αὑ-

2360 3270 2450 3322 τὸν
2485 3270 2684 3335 πίστει,
2718 3270 2837 3323 κατ’
2863 3270 3055 3323 οὐδένα
3093 3272 3294 3341 τρόπον
3328 3271 3632 3341 ποιούμεθα
3658 3272 3758 3342 τὴν
3800 3272 3938 3323 ἀπο-

2364 3361 2586 3412 στασίαν
2609 3402 2623 3427 ,
2656 3360 2770 3423 πῶς
2796 3362 2856 3414 οὐ
2887 3362 3018 3422 Θεὸς
3044 3365 3071 3417 6
3098 3364 3362 3433 Χριστός;

2437 3469 2456 3501 ι
2485 3451 2548 3503 Ei
2575 3450 2683 3521 γάρ
2715 3453 2777 3503 τὸ
2805 3448 2944 3522 αἷμα
2979 3455 3194 3523 ταύρων
3224 3456 3320 3508 καὶ
3348 3455 3586 3526 τράγων,
3618 3459 3714 3510 καὶ
3746 3457 3937 3518 σποδὸς

2357 3541 2639 3612 δαμάλεως
2693 3542 3015 3612 ῥαντίζουσα
3062 3546 3189 3609 τοὺς
3228 3549 3653 3619 κεκοινωμένους
3724 3549 3933 3617 ἁγιάζει

2359 3634 2495 3704 πρὸς
2531 3634 2629 3705 τὴν
2665 3636 2764 3704 τῆς
2795 3637 2994 3706 σαρκὸς
3027 3637 3409 3710 καθαρότητα·
3443 3641 3591 3712 πόσῳ
3630 3642 3834 3711 μᾶλλον
3873 3643 3931 3694 τὸ

2358 3722 2499 3796 αἷμα
2540 3726 2635 3779 τοῦ
2668 3727 2929 3797 Χριστοῦ,
2972 3728 3032 3791 ὃς
3059 3729 3147 3782 διὰ
3186 3732 3500 3801 Πνεύματος
3545 3733 3702 3801 ἀγίου
3744 3734 3927 3787 ἑαυτὸν

2360 3819 2735 3888 προσήνεγκεν
2774 3819 3005 3891 ἄμωμον
3043 3822 3122 3892 τῷ
3163 3823 3303 3894 Θεῷ,
3338 3824 3591 3896 καθαριεῖ
3617 3826 3720 3898 τὴν
3752 3828 3925 3880 συνεί-

2356 3909 2514 3979 δησιν
2556 3909 2717 3980 ήμῶν
2761 3911 2869 3964 ἀπὸ
2910 3912 3121 3983 νεκρῶν
3164 3913 3361 3984 ἔργων,
3409 3918 3490 3978 εἰς
3535 3916 3595 3969 τὸ
3644 3916 3924 3987 λατρεύειν

2355 3998 2476 4069 Θεῷ
2523 3998 2725 4065 ζῶντι;
2767 4017 2785 4051 ι
2813 4001 2875 4053 Ei
2919 4003 2993 4073 μὴ
3022 4002 3155 4064 Θεὸς
3189 4003 3394 4074 ἀληθής
3428 4005 3575 4058 ἐστιν
3612 4007 3642 4059 6
3678 4008 3925 4077 Χριστὸς,

2357 4087 2438 4151 τίς
2466 4090 2499 4158 ή
2520 4088 2703 4158 δνησις
2736 4091 2770 4159 ή
2799 4089 2885 4143 διὰ
2908 4089 3003 4143 τοῦ
3034 4091 3265 4161 αἵματος
3289 4094 3488 4160 αὐτοῦς
3523 4096 3594 4147 Ἦ
3623 4094 3742 4159 πῶς
3772 4098 3806 4167 ή
3816 4098 3927 4166 μῶν

2357 4179 2611 4250 καθαριεῖ
2650 4181 2748 4249 τὴν
2782 4181 3086 4251 συνείδησιν
3134 4184 3241 4237 ἀπὸ
3268 4185 3477 4256 νεκρῶν
3520 4186 3738 4257 έργωνς
3784 4183 3927 4259 Αἷμα

2356 4272 2464 4343 γὰρ
2498 4270 2787 4343 ἀνθρώπου
2815 4273 2994 4327 κοινοῦ
3027 4275 3080 4327 τί
3110 4276 3170 4329 τὸ
3195 4276 3355 4330 πλέον
3386 4277 3496 4347 ἔχει
3529 4279 3681 4349 παρά
3708 4280 3771 4332 τὸ
3796 4273 3929 4349 αἷμα

2357 4365 2464 4417 τῶν
2498 4366 2740 4436 τράγων;
2774 4366 2913 4418 Ἀλλ’
2935 4366 3088 4421 οὐδὲν
3114 4368 3271 4433 ὅλως,
3300 4370 3438 4439 πλὴν
3461 4372 3540 4423 ὅτι
3568 4372 3632 4424 τὸ
3662 4372 3761 4442 μέν
3785 4374 3928 4425 ἐστιν

2359 4456 2554 4523 ἀλόγου
2588 4456 2752 4523 ζὼου,
2781 4458 2842 4510 τὸ
2880 4458 2935 4510 εἰ
2985 4459 3224 4527 λογικοῦ.
3267 4462 3483 4530 Ἐπειδὴ
3528 4462 3585 4516 δὲ
3625 4464 3653 4515 6
3690 4466 3756 4516 ἐκ
3798 4463 3927 4516 Θεοῦ

684 4558 826 4610 inter
860 4556 1003 4607 hunc
1028 4562 1082 4608 et
1110 4552 1256 4606 illum
1293 4554 1535 4619 interest,
1567 4554 1707 4622 quod
1742 4553 1829 4608 hic
1860 4552 1931 4607 sit
1959 4552 2251 4606 animantis

2358 4547 2497 4601 κατά
2529 4546 2713 4617 φύσιν,
2747 4547 2926 4619 σάρκα
2963 4549 3164 4615 λαϐὼν,
3216 4552 3411 4624 ἔθηκεν
3453 4553 3594 4625 ὑπὲρ
3628 4567 3846 4609 παντων
3874 4556 3929 4607 τὸ

681 4644 849 4711 bruti,
882 4644 971 4700 ille
1013 4659 1141 4699 vero
1183 4644 1478 4699 animantis
1522 4645 1733 4699 ratione
1780 4642 2015 4713 praediti.
2051 4642 2250 4697 Verum

679 4734 811 4806 quia
861 4733 1124 4791 naturalis
1165 4734 1260 4788 Dei
1299 4733 1467 4789 Filius
1501 4748 1719 4789 carnem
1772 4733 2097 4803 assumpsit,
2130 4747 2256 4788 san-

680 4825 1010 4894 guinemque
1039 4839 1198 4879 suum
1236 4838 1335 4893 pro
1365 4824 1617 4879 omnibus
1643 4822 1901 4893 profudit,
1930 4823 2133 4878 factum
2172 4833 2256 4878 est

2366 4638 2497 4693 ἴδιον
2543 4634 2719 4710 αἷμα,
2764 4640 3025 4712 ταύτῃτοι
3057 4644 3151 4697 καὶ
3181 4644 3497 4717 καθαρίζειν
3541 4646 3765 4700 δύναται
3809 4648 3928 4709 τοὺς

2360 4732 2717 4795 πιστεύοντας
2743 4734 2824 4796 εἰς
2858 4734 3040 4798 αὐτὸν,
3071 4739 3167 4790 καὶ
3194 4738 3405 4806 νεκρῶν
3448 4738 3626 4810 ἔργων
3654 4738 3926 4793 amna:-

2361 4840 2496 4887 τειν,
2528 4823 2622 4876 καὶ
2655 4824 2954 4893 προσάγειν
2983 4828 3063 4890 είς
3090 4827 3347 4898 λατρείαν
3373 4828 3450 4900 τῷ
3476 4829 3614 4900 Θεῷ.

681 4918 793 4992 74
824 4930 883 4974 ιιι
909 4921 1193 4976 credentes
1222 4921 1274 4975 in
1308 4920 1487 4990 ipsum
1516 4919 1694 4973 valeat
1726 4919 2041 4986 emundare,
2075 4934 2253 4989 exque
2292 4920 2526 4975 mortuis
2564 4920 2819 4990 operibus
2842 4921 3096 4980 liberatos
3160 4924 3344 4980 divino
3407 4927 3572 4981 cultui
3600 4928 3923 5007 mancipare,

683 5011 900 5081 Deoque
935 5010 1154 5067 oﬂ‘erre.

759 5122 777 5155 ι
811 5103 1025 5158 lrritam
1054 5104 1175 5173 quis
1198 5103 1403 5160 faciens
1431 5102 1605 5173 legem
1637 5103 1829 5176 Moysi,
1858 5103 1976 5159 sine
2006 5103 2117 5159 ulla
2152 5102 2255 5157 mi-

684 5194 954 5248 seratione
974 5194 1181 5248 duobus
1202 5192 1289 5247 vel
1314 5194 1485 5247 tribus
1508 5193 1738 5247 testibus
1770 5193 2021 5246 moritur.
2043 5192 2258 5257 Quanto

684 5283 856 5353 magis
901 5282 1106 5353 putatis
1139 5283 1408 5337 deteriora
1446 5283 1641 5339 mereri
1688 5282 1984 5352 supplicia,
2033 5282 2124 5349 qui
2166 5279 2257 5336 Fi-

2438 5119 2457 5152 ι
2496 5101 2792 5172 Ἀθετήσας
2819 5122 2904 5169 τις
2928 5105 3094 5177 νόμον
3118 5106 3415 5176 Μωῦσέως,
3444 5110 3614 5181 χωρὶς
3639 5112 3928 5188 οἰκτιρμῶν

2361 5193 2456 5246 ἐπὶ
2489 5193 2639 5247 δυσὶν
2669 5195 2702 5265 ἢ
2736 5198 2885 5266 τρισὶ
2920 5198 3187 5268 μάρτυσιν
3228 5199 3581 5271 ἀποθνήσκει.
3626 5202 3807 5271 Πόσῳ,
3846 5204 3921 5254 δο-

2360 5286 2544 5349 κεῖτε,
2596 5287 2839 5357 χείρονος
2885 5287 3246 5361 ἀξιωθήσεται
3299 5293 3566 5363 τιμωρίας
3609 5297 3638 5347 6
3670 5295 3764 5346 τὸν
3812 5293 3931 5346 Υίιιν

685 5373 813 5427 lium
857 5373 950 5428 Dei
1001 5372 1436 5439 couculcaverit,
1480 5380 1536 5428 et
1578 5376 1899 5445 sanguinem
1945 5372 2252 5429 testamenti

2356 5375 2492 5429 Θεοῦ
2533 5379 2952 5449 καταπατήσας,
2996 5381 3090 5435 καὶ
3117 5380 3180 5436 τὸ
3212 5376 3353 5459 αἷμα
3399 5382 3499 5453 τῆς
3526 5381 3788 5457 διαθήκης
3820 5399 3928 5437 κοι-

756 5529 801 5560 ⁸³
829 5527 989 5585 llebr.
1020 5545 1059 5592 t,
1100 5528 1155 5593 8,
1182 5529 1238 5584 9.
1313 5528 1358 5560 “
1382 5528 1548 5585 llebr.
1586 5545 1667 5597 ιιι,
1700 5530 1787 5585 ιε.
1863 5530 1908 5562 ⁸⁵
1940 5529 2104 5586 Hebr.
2129 5545 2203 5597 xx,
2248 5529 2334 5596 l3,
2361 5529 2445 5584 l4.

1751 5687 1940 5751 ,Varia:
1969 5689 2226 5747 lectiones
2254 5690 2454 5748 codicis
2489 5689 2845 5762 Seguieriani.

763 5821 781 5856 ι
810 5820 1058 5890 ἀνομίαν.
1136 5826 1164 5855 ι
1200 5817 1451 5887 ἀνομίαν.
