4146 6486
278 410 307 464 l
320 410 425 463 253

1383 405 1470 459 DE
1509 406 1737 462 RECTA
1778 406 1933 463 FIDE
1974 407 2065 461 AD
2105 406 2427 463 RECINAS.

3404 403 3541 460 1256

275 529 373 582 νὸν
420 523 796 596 ἡγησάμενος,
841 523 933 577 καὶ
979 525 1039 577 τὸ
1081 525 1302 595 Πνεῦμα
1366 526 1464 595 τῆς
1507 529 1727 599 χάριτος
1772 530 1857 581 ἐν-

1967 526 2230 597 pollutum
2260 524 2494 590 duxerit,
2537 522 2721 592 inquo
2750 520 3121 576 sanetilicatus
3159 525 3275 584 est,
3327 526 3382 574 et
3417 512 3558 586 Spi;

274 618 508 687 υερίσας
534 620 604 678 ιδ’,
637 617 695 668 ὲν
726 608 770 683 ᾧ
806 614 1044 685 ἡγιάσθη
1066 633 1080 680 ;
1106 636 1123 665 ι
1168 616 1226 667 '(l
1252 616 1393 669 θεῖον
1428 617 1657 687 ὑϐρίσας
1676 618 1859 687 νόμον,

274 711 448 781 ἤγουν
492 706 787 777 ἀθετήσας,
831 707 931 759 οὐκ
980 705 1092 758 ἴσον
1135 707 1246 776 ἔχει
1282 708 1344 760 τὸ
1378 708 1629 779 ἔγκλημα
1675 709 1753 780 τῷ
1786 712 1863 773 είς

272 800 564 870 ἄνθρωπον
589 797 960 869 ἡμαρτηκότι,
988 797 1126 851 ἀλλὰ
1153 799 1287 853 πολὺ
1310 800 1738 871 φορτικώτερονο
1769 802 1864 854 καὶ

271 891 409 960 γοῦν
442 894 470 944 6
507 890 604 961 μὲν
642 892 805 960 νόμον
841 890 1267 960 παραϐεϐηκὼς,
1301 892 1407 945 ὑπὸ
1436 893 1536 964 τὴν
1574 892 1668 946 τοῦ
1702 893 1865 947 θανά-

270 1001 371 1036 του
407 983 663 1035 πέπτωκε
710 981 896 1051 δίκην·
927 984 955 1035 6
984 982 1041 1035 δὲ
1080 983 1161 1046 είς
1204 983 1495 1053 ἄνθρωπον
1533 984 1864 1056 πεπλημμε-

272 1072 461 1145 ληκὼς
491 1076 573 1144 εἴη
604 1072 669 1125 ἂν
698 1073 792 1125 καὶ
823 1072 1151 1144 συγγνώμης
1182 1074 1353 1141 ἄξιος.
1380 1076 1504 1139 Πῶς
1537 1072 1629 1130 οὖν
1659 1078 1717 1129 ἐν
1748 1076 1864 1147 χεί-

277 1182 396 1235 ρονι
420 1163 545 1234 δίκῃ
582 1161 675 1214 τοῦ
702 1160 1153 1232 πλημμελοῦντος
1177 1165 1257 1226 είς
1285 1164 1379 1216 τὸν
1402 1163 1647 1226 Μωσέως
1674 1162 1861 1232 νόμον,

270 1258 306 1309 6
355 1255 532 1309 κοινὸν
577 1252 929 1323 ἡγησάμενος
965 1253 1025 1306 τὸ
1074 1247 1217 1324 αἷμα
1245 1254 1341 1307 τοῦ
1376 1255 1648 1325 Χριστοῦ;
1700 1255 1864 1309 Ἀλλὰ

277 1348 389 1417 μὴν
411 1347 469 1399 ὲν
494 1345 720 1417 χείρονι,
748 1345 842 1397 καὶ
886 1344 1091 1416 σφόδρα
1118 1346 1363 1408 εἰκότως.
1405 1347 1517 1399 Οὐκ
1548 1346 1656 1416 ἄρα
1682 1346 1862 1400 κοινὸν

272 1438 340 1489 τὸ
375 1432 517 1507 αἷμα
550 1433 645 1488 τοῦ
681 1432 950 1505 Χριστοῦο
983 1432 1114 1497 Θεὸς
1146 1434 1255 1505 γὰρ
1282 1430 1350 1506 ἧν
1376 1437 1404 1489 6
1428 1436 1600 1505 Λόγος
1630 1437 1862 1506 γενόμε-⁹

273 1545 369 1593 νος
410 1527 566 1598 σάρξ.

357 1823 375 1857 ι
412 1804 647 1858 Βλέπετε
681 1805 756 1876 μὴ
788 1803 1202 1877 παραιτήσησθε
1230 1804 1322 1858 τὸν
1351 1804 1636 1860 λαλοῦντα.
1663 1806 1725 1859 El
1753 1806 1863 1878 γὰρ

1966 621 2088 673 ritui
2117 618 2303 689 gratiae
2332 616 2713 673 contumeliam
2745 613 2933 670 fecerit
2957 612 3036 667 “ll
3068 633 3086 666 ι
3124 613 3180 668 Si
3209 612 3407 666 divina:
3434 610 3539 679 legi

1966 711 2352 765 contumeliam
2382 709 2607 776 faciens,
2639 707 2954 762 eamdemve
2981 705 3407 775 transgrediens,
3435 717 3543 756 non

1965 803 2078 874 pari
2106 818 2228 858 cum
2260 816 2325 855 eo
2352 809 2562 854 tenetur
2591 799 2839 862 crimine,
2874 797 2966 866 qui
3013 798 3067 851 in
3108 796 3384 850 hominem
3417 808 3543 866 pec-

1964 895 2192 958 caverit,
2246 894 2340 948 sed
2387 892 2544 963 longe
2592 889 2826 962 graviori
2882 887 3178 959 (siquidem
3228 888 3319 955 qui
3369 887 3542 956 legem

1964 985 2245 1046 violasset,
2281 982 2474 1037 mortis
2515 979 2780 1051 supplicio
2827 976 3186 1043 multabatur;
3218 974 3310 1046 qui
3361 985 3542 1030 autem

1966 1078 2020 1130 iu
2049 1075 2324 1130 hominem
2370 1072 2631 1141 deliquit,
2677 1069 2893 1124 veniam
2940 1067 3209 1122 interdum
3259 1066 3548 1135 consequi-

1968 1166 2079 1234 tur)
2109 1185 2122 1221 :
2155 1163 2427 1234 quomodo
2455 1163 2618 1233 igitur
2646 1159 2836 1229 majori
2863 1173 3018 1230 paena
3045 1158 3240 1227 dignus
3271 1167 3544 1219 censetur,

1965 1259 2055 1328 qui
2083 1256 2288 1313 Christi
2330 1256 2648 1325 sanguinem
2702 1252 2961 1323 pollutum
3004 1249 3240 1314 duxerit,
3269 1263 3334 1303 eo
3363 1248 3454 1317 qui
3492 1246 3546 1301 in

1963 1349 2253 1405 Mosaicam
2298 1348 2469 1416 legem
2516 1356 2797 1417 peccatum
2850 1342 3172 1399 admiserit?
3205 1342 3367 1413 Atqui
3420 1355 3546 1411 gra-

1964 1443 2171 1497 viorem
2206 1440 2342 1495 citra
2381 1439 2541 1492 ullam
2572 1434 2997 1492 controversiam
3036 1444 3401 1502 promeretur.
3437 1431 3548 1486 Cur

1965 1533 2084 1589 ita?
2109 1533 2234 1601 quia
2273 1530 2478 1585 Christi
2511 1529 2730 1596 sanguis
2758 1542 2863 1583 non
2895 1527 3136 1598 vulgaris
3166 1524 3545 1581 communisve

1965 1624 2203 1681 hominis
2232 1624 2455 1693 sanguis
2498 1631 2599 1678 εει.
2632 1619 2867 1676 Verbum
2895 1620 3039 1674 enim
3061 1660 3076 1686 ,
3107 1619 3249 1689 quod
3299 1630 3462 1671 carne
3486 1630 3549 1671 se

1965 1716 2159 1782 induit,
2190 1716 2334 1770 Deus
2358 1725 2464 1769 est.

2045 1826 2065 1861 ι
2108 1806 2303 1862 Videte
2358 1821 2428 1861 ne
2488 1803 2752 1859 recusetis
2810 1802 3139 1872 loquentem.
3185 1799 3242 1855 Si
3295 1799 3438 1856 enim
3470 1798 3544 1854 illi

273 1895 478 1949 ὶκεῖνοι
507 1897 611 1949 οὐκ
643 1896 924 1966 ἐξέφυγον,
960 1896 1051 1948 τὸν
1089 1896 1181 1947 ἐπὶ
1225 1894 1328 1966 τῆς
1366 1896 1470 1965 γῆς
1518 1898 1857 1967 παραιτησά-

1965 1914 2069 1954 ηοιι
2103 1898 2411 1969 ell‘ugerunt
2440 1904 2755 1951 recusantes
2800 1910 2947 1959 eum,
3003 1893 3093 1963 qui
3143 1906 3304 1962 super
3344 1900 3545 1947 terram

275 2004 433 2056 μενοι
468 1987 558 2039 τὸν
594 1986 1002 2057 χρηματίζοντα
1023 2029 1037 2052 ,
1069 1987 1249 2058 πολλῴ
1281 1986 1481 2056 μᾶλλον
1512 1989 1671 2057 ἡμεῖς
1695 1990 1745 2040 οἱ
1772 1988 1863 2041 τὸν

270 2079 371 2132 ἀπ’
415 2079 661 2150 οὐρανῶν
706 2078 1207 2148 ἀποστρεφόμενοι,
1248 2072 1310 2131 οὗ
1353 2080 1387 2149 ἡ
1430 2078 1584 2148 φωνὴ
1616 2079 1714 2151 τὴν
1759 2081 1863 2151 γῆν

273 2171 538 2225 ὲσάλευσε
572 2170 735 2224 τότεο
783 2171 876 2223 νῦν
929 2172 985 2224 δὲ
1048 2169 1417 2241 ἐπήγγελται,
1470 2170 1679 2239 λέγων,
1727 2173 1861 2225 ὃτιν

273 2261 459 2327 Ἀπαξ
494 2260 604 2331 ἐγὼ
650 2262 815 2316 σείσω
841 2263 899 2315 οὐ
935 2263 1094 2332 μόνον
1121 2261 1221 2333 τὴν
1250 2262 1375 2332 γῆν,
1396 2262 1531 2315 ἀλλὰ
1559 2262 1754 2316 καὶτὸν
1771 2261 1862 2314 οὐ·

273 2356 460 2425 ρανόν.
487 2374 507 2406 ι
542 2354 637 2417 Τίς
675 2355 703 2406 6
740 2354 1085 2425 χρηματίσας
1118 2353 1212 2406 ἐπὶ
1242 2354 1376 2425 γῆς,
1415 2354 1475 2408 ὃν
1515 2354 1860 2426 παραιτησάο

272 2465 431 2518 μενοι
472 2446 948 2502 κεκινδυνεύκασιν
974 2447 1023 2499 οί
1052 2447 1160 2499 τῶν
1191 2447 1460 2500 Ἰουδαίων
1490 2447 1759 2516 πατέρες;
1782 2443 1859 2498 Ἦ

266 2539 454 2611 δῆλον,
498 2540 581 2593 ὅτι
612 2540 849 2609 Μωσῆς;
889 2539 1027 2592 Ἀλλ’
1055 2540 1155 2592 οὐκ
1184 2540 1247 2592 ἐκ
1284 2538 1392 2609 γῆς
1423 2541 1452 2592 6
1496 2540 1753 2610 Χριστὸς,
1800 2540 1859 2604 ἐξ

266 2629 519 2700 οὐρανῶν
564 2629 620 2682 δὲ
658 2629 879 2699 μᾶλλον.
916 2629 972 2681 '0
1001 2628 1109 2701 γὰρ
1143 2629 1350 2683 ἄνωθεν
1383 2630 1477 2682 καὶ
1509 2631 1573 2684 ἐκ
1603 2630 1695 2684 τοῦ
1743 2631 1857 2683 Πα-

264 2722 402 2793 τρὸς
430 2721 562 2786 Θεὸς
584 2722 777 2790 Λόγος,
805 2720 1090 2792 ἄνθρωπος
1118 2721 1310 2790 γέγονε
1336 2722 1431 2776 καὶ
1459 2722 1610 2787 Θεός.
1642 2724 1857 2794 Χείρων

266 2806 428 2882 οὖνὴ
461 2812 586 2881 δίκη
620 2814 732 2876 τοῖς
782 2812 943 2864 αὑτὸν
989 2812 1522 2883 ἀποστρεφομένοις,
1574 2814 1671 2867 καὶ
1712 2814 1857 2883 μάλα

265 2901 518 2963 εἰκότως.
550 2902 636 2965 Ὠς
664 2901 773 2972 γὰρ
801 2903 830 2954 6
857 2901 1018 2969 σοφός
1041 2918 1204 2971 φησιν
1240 2902 1492 2974 Ἰωάννης
1513 2942 1528 2966 ,
1560 2923 1578 2955 ι
1603 2905 1660 2957 'U
1686 2903 1761 2959 ὣν
1791 2906 1855 2957 ἐκ

266 2988 374 3057 τῆς
404 2989 527 3061 γῆς,
557 2992 620 3044 ὲκ
643 2989 742 3055 τῆς
770 2989 876 3060 γῆς
906 2990 1089 3054 λαλεῖ,
1131 2992 1408 3046 τουτέστιν
1449 2993 1765 3065 ἀνθρώπινα
1785 3011 1797 3024 '
1827 2996 1855 3047 6

267 3078 328 3131 δὲ
363 3079 570 3133 ἄνωθεν
595 3081 908 3153 ἐρχόμενος,
941 3082 1125 3136 ἐπάνω
1146 3083 1363 3136 πάντων
1383 3085 1553 3149 ἐστὶν,
1579 3105 1596 3136 ι
1621 3085 1698 3150 ὡς
1723 3086 1855 3150 Θεὸς

267 3168 533 3237 δηλονότι.
566 3171 737 3227 Τοῦτο
763 3172 820 3226 δὲ
849 3181 872 3210 ³
901 3169 967 3244 ἦν
997 3190 1056 3226 τε
1087 3173 1183 3227 καὶ
1207 3174 1322 3227 ἔστι
1352 3176 1606 3245 Χριστός.

1966 1989 2314 2060 loquebatur,
2368 1989 2537 2043 multo
2573 1988 2744 2056 magis
2776 2002 2895 2053 nos,
2924 1986 3013 2055 qui
3046 1984 3113 2039 de
3144 1984 3284 2037 caalo
3312 1983 3546 2052 loquen-

1966 2092 2071 2136 tem
2100 2082 2258 2137 nobis
2280 2082 2599 2148 avertimus,
2630 2079 2791 2150 cujus
2818 2094 2917 2133 vox
2948 2078 3115 2131 movit
3142 2086 3342 2131 terram
3372 2084 3498 2129 tunc
3527 2093 3544 2128 :

1965 2174 2109 2230 nunc
2143 2182 2326 2228 autem
2366 2170 2687 2242 repromittit
2711 2210 2725 2234 ,
2764 2170 2993 2225 dicens:
3036 2167 3225 2221 Adhuc
3255 2167 3422 2221 semel
3445 2207 3459 2230 ,
3495 2175 3551 2222 et

1961 2281 2060 2336 ego
2096 2265 2322 2320 movebo
2363 2280 2468 2318 non
2498 2265 2673 2319 solum
2710 2271 2944 2325 terram,
2975 2262 3069 2315 sed
3118 2268 3170 2313 et
3194 2260 3388 2314 cadum
3417 2261 3484 2313 ⁸⁷.
3525 2280 3543 2310 ι

1962 2356 2096 2423 Quis
2146 2356 2259 2421 ille,
2311 2371 2529 2425 quarso,
2567 2368 2727 2424 quem
2779 2368 2901 2407 cum
2943 2352 3000 2406 in
3045 2352 3206 2407 terris
3241 2350 3548 2418 loquentem

1960 2447 2274 2503 Iudaeorum
2308 2449 2539 2514 majores
2568 2453 3029 2516 aspernarentur,
3062 2458 3227 2513 grave
3256 2444 3356 2498 sibi
3402 2446 3548 2514 peri-

1960 2539 2139 2593 culum
2179 2538 2741 2592 acciverunt?annon
2800 2537 3008 2590 clarum
3047 2546 3130 2589 est
3158 2534 3375 2605 Moysen
3409 2536 3551 2589 hunc

1960 2631 2282 2685 exstitisse?
2312 2631 2378 2684 At
2408 2629 2661 2684 Christus
2703 2644 2808 2685 non
2852 2635 2917 2683 de
2964 2638 3141 2693 terra,
3186 2629 3278 2682 sed
3318 2627 3382 2680 de
3412 2626 3551 2681 coelo

1960 2732 2061 2777 est.
2098 2720 2233 2775 Nam
2275 2721 2416 2776 Deus
2446 2721 2710 2784 Verbum,
2758 2719 2902 2789 quod
2947 2718 3013 2772 de
3054 2716 3304 2785 supernis
3340 2725 3453 2778 est,
3498 2723 3552 2769 et

1960 2829 2024 2867 ex
2062 2812 2222 2866 Patre
2247 2824 2425 2865 ortum
2454 2820 2557 2874 est,
2583 2810 2757 2865 lactus
2781 2819 2863 2865 est
2890 2808 3073 2875 homo,
3103 2808 3352 2879 idemque
3381 2807 3547 2861 Deus.

1958 2905 2193 2958 Gravius
2219 2901 2450 2974 proinde
2485 2902 2813 2971 supplicium
2840 2902 3068 2956 debetur
3108 2901 3213 2965 his,
3251 2900 3340 2970 qui
3374 2899 3549 2970 ipsum

1957 3006 2301 3062 aversantur,
2371 3011 2469 3050 nec
2523 2995 2743 3064 injuria,
2768 2993 3225 3064 quandoquidem,
3256 2991 3551 3060 utsapiens

1955 3086 2192 3142 Joannes
2224 3098 2430 3151 monet,
2498 3105 2515 3137 ι
2548 3086 2651 3152 Qui
2691 3086 2757 3141 de
2786 3096 2926 3139 terra
2962 3094 3064 3149 est,
3103 3084 3170 3138 de
3204 3094 3344 3139 terra
3374 3083 3550 3152 loqui-

1959 3188 2068 3243 tur,
2103 3197 2121 3230 ι
2165 3179 2268 3232 hoc
2311 3187 2394 3232 est
2426 3178 2659 3231 humana
2697 3191 2711 3229 :
2748 3191 2766 3224 ι
2809 3174 2903 3242 qui
2961 3181 3141 3226 autem
3179 3172 3247 3225 de
3298 3172 3553 3241 supernis

268 3262 445 3324 venit,
486 3278 649 3333 super
677 3279 868 3319 omnes
896 3272 980 3321 est
1007 3264 1052 3296 ⁸⁸
1075 3304 1091 3330 ,
1134 3283 1152 3317 ι
1203 3281 1394 3337 nempe
1426 3276 1482 3321 ut
1510 3268 1670 3323 Deus.
1705 3266 1858 3325 llune
1899 3278 2080 3323 autem
2138 3269 2417 3323 ChriSlUlll
2454 3279 2595 3331 esse,
2624 3274 2679 3318 et
2744 3261 2934 3329 fuisse,
2962 3262 3315 3332 quaestionem
3350 3261 3549 3317 nullam

270 3354 458 3409 habet.

349 3464 369 3498 ι
410 3445 617 3515 Ἰησοῦς
647 3444 882 3516 Χριστὸς
910 3445 1057 3516 χθὲς,
1082 3448 1176 3499 καὶ
1210 3408 1451 3518 σήμερον
1481 3448 1509 3500 ό
1542 3446 1723 3513 αὐτὸς,
1758 3448 1853 3499 καὶ

2038 3466 2054 3498 ι
2089 3446 2247 3501 Jesus
2276 3446 2528 3501 Christus
2576 3446 2728 3510 heri,
2759 3451 2814 3498 et
2867 3443 3049 3508 hodie,
3095 3443 3210 3513 ipse
3244 3454 3300 3499 et
3350 3445 3403 3499 in
3447 3458 3550 3499 επις·

271 3539 355 3601 εἰς
382 3539 509 3601 τοὺς
537 3537 761 3600 αἰῶνας.
789 3556 807 3588 ι
833 3536 936 3589 Τὸν
965 3539 1029 3590 ὲκ
1058 3536 1194 3590 Θεοῦ
1226 3537 1399 3607 φύντα
1422 3538 1595 3606 Λόγον
1618 3539 1739 3591 τότε
1771 3555 1859 3592 κε·

269 3630 543 3701 κλημένον
590 3630 898 3700 εὑρήσομεν
945 3629 1151 3699 Ἰησοῦν
1194 3629 1451 3699 Χριστὸν,
1485 3631 1575 3682 ὅτε
1634 3630 1856 3698 γέγονεν

268 3718 559 3789 ἄνθρωπος
587 3719 651 3771 ἐκ
683 3717 963 3785 γυναικός.
982 3719 1107 3783 Πῶς
1134 3714 1229 3773 οῦν
1252 3720 1280 3770 6
1313 3718 1459 3789 χθὲς,
1479 3719 1573 3772 καὶ
1591 3720 1852 3789 σήμερον,

268 3811 300 3863 6
340 3808 501 3871 αὐτὸς
540 3808 635 3862 καὶ
678 3810 757 3871 εἰς
789 3811 916 3871 τοὺς
962 3809 1199 3875 αίῶνας;
1243 3809 1464 3862 Ἑνῶσει
1512 3809 1756 3881 δηλονότι
1785 3812 1852 3881 τῇ

269 3901 411 3974 πρὸς
434 3901 527 3955 τὸν
559 3903 622 3954 ὲκ
648 3901 783 3954 Θεοῦ
816 3902 1006 3970 Λόγον,
1033 3902 1110 3966 είς
1146 3901 1273 3955 Υίὸν
1298 3901 1397 3955 ἕνα
1426 3902 1724 3973 νοουμένης
1753 3902 1856 3973 τῆς

267 3995 676 4066 ἀναληφθείσης
716 3995 776 4060 ἐξ
799 3995 965 4049 αὑτοῦ
1010 3995 1240 4067 σαρκός’
1273 3995 1415 4048 οὕτω
1450 3995 1560 4067 γὰρ
1591 3995 1652 4048 τὸ
1691 3996 1854 4067 ἄτρε-

270 4104 407 4140 πτον
446 4087 540 4140 τοῦ
575 4088 749 4156 Λόγου
780 4086 922 4141 κατὰ
947 4087 1109 4156 φύσιν
1138 4088 1289 4159 μενεῖ
1317 4086 1476 4140 πάλιν
1508 4085 1676 4158 αὐτῷ,
1706 4104 1855 4141 νοου-

273 4176 427 4248 μένῳ
453 4177 549 4231 καὶ
585 4177 724 4249 μετὰ
759 4177 982 4249 σαρκός.

568 4395 663 4450 Ἐκ
693 4396 804 4466 τῆς
836 4396 986 4465 πρὸς
1024 4398 1300 4467 Τιμόθεον
1329 4395 1583 4465 πρώτης.

350 4551 370 4585 ι
401 4532 612 4597 Παῦλος
650 4532 946 4596 ἀπόστολος
981 4530 1156 4603 Ἰησοῦ
1200 4532 1464 4604 Χριστοῦ,
1506 4533 1626 4585 κατ’
1658 4533 1851 4585 ὲπιτα-

268 4624 375 4695 γὴν
404 4623 537 4677 Θεοῦ
573 4624 824 4694 Σωτῆρος
854 4622 1032 4694 ἡμῶν,
1060 4622 1310 4694 Τιμοθέῳ
1339 4622 1548 4693 γνησίῳ
1586 4621 1763 4691 τέκνῳ
1794 4623 1852 4676 ὲν

270 4717 477 4770 πίστει.
508 4734 527 4766 ι
568 4716 642 4768 Τὸ
674 4715 770 4768 τοῦ
816 4714 1068 4784 Σωτῆρος
1106 4714 1277 4785 ὄνομα
1310 4715 1514 4785 πρέποι
1549 4712 1615 4766 ἂν
1648 4712 1849 4783 μᾶλλον

1965 3540 2087 3594 cula
2116 3540 2181 3594 δ’.
2223 3558 2242 3590 ι
2283 3539 2518 3593 Verbum
2551 3540 2694 3606 quod
2728 3556 2795 3593 ex
2842 3541 2949 3595 Deo
2993 3538 3252 3607 gignitur,
3283 3545 3410 3591 tunc
3455 3538 3551 3591 de-

1964 3645 2111 3684 mum
2145 3628 2275 3683 Jesu
2307 3629 2513 3683 Christi
2539 3629 2952 3698 appellationem
2998 3628 3246 3684 sortitum
3285 3630 3550 3697 comperi-

1966 3737 2108 3786 mtts,
2142 3736 2263 3776 eum
2309 3736 2376 3775 ex
2427 3721 2654 3776 muliere
2682 3719 2887 3775 factum
2935 3730 3015 3775 est
3046 3721 3225 3774 homo.
3267 3719 3372 3774 Sed
3416 3736 3553 3789 quo-

1963 3813 2123 3867 modo
2153 3812 2293 3866 idem
2318 3823 2401 3866 est
2432 3813 2640 3878 lteri,et
2673 3812 2851 3876 hodie,
2874 3812 2989 3882 ipse
3014 3822 3069 3865 et
3097 3811 3149 3865 in
3180 3810 3370 3865 saecula
3389 3811 3411 3863 ?
3432 3811 3548 3867 Non

1963 3905 2065 3957 alia
2102 3904 2287 3973 utique
2334 3904 2566 3968 ratione,
2600 3919 2761 3973 quant
2808 3904 3011 3970 carnis,
3048 3917 3207 3973 quam
3238 3903 3548 3972 assumpsit,

1964 4010 2086 4051 cum
2108 3996 2198 4051 Dei
2216 3996 2390 4051 Verbo
2409 3996 2625 4061 nuione,
2646 4006 2705 4051 ιιι
2724 4012 2862 4051 unus
2880 3995 3208 4066 intelligatur
3234 3994 3415 4048 Filius.
3436 3994 3551 4049 liae

1968 4102 2204 4156 namque
2233 4087 2693 4151 consideratione,
2728 4086 2966 4154 etiamsi,
2993 4095 3051 4141 ut
3094 4100 3259 4140 carne
3304 4086 3547 4139 indutum

1962 4187 2066 4244 est,
2098 4178 2282 4233 animo
2325 4179 2685 4248 concipiatur,
2715 4178 2824 4249 75
2867 4194 3021 4234 suam
3063 4177 3413 4233 nihilominus
3453 4194 3549 4232 na-

1962 4268 2193 4324 turalem
2223 4270 2581 4325 stabilitatem
2618 4271 2878 4342 integram
2909 4284 3130 4340 semper
3165 4268 3383 4324 retinet.

2378 4402 2463 4459 Ea:
2490 4405 2655 4476 priori
2692 4406 2759 4458 ad
2791 4402 3139 4458 Timotheum.

2038 4556 2057 4590 ι
2095 4537 2290 4594 Paulus
2324 4536 2600 4608 apostolus
2637 4535 2763 4593 Jesu
2801 4537 3005 4592 Christi
3046 4538 3341 4594 secundum
3375 4539 3543 4611 impe-

1962 4628 2101 4683 rium
2159 4628 2253 4683 Dei
2310 4627 2608 4685 Salvatoris
2661 4640 2852 4695 llOSll‘l,
2897 4639 2951 4686 et
3002 4630 3199 4687 Christi
3256 4632 3381 4688 Jesu
3430 4636 3546 4704 spei

1961 4730 2190 4787 nostrae,
2224 4719 2511 4776 Timotheo
2552 4721 2748 4777 dilecto
2787 4723 2898 4778 lilio
2925 4724 2977 4779 in
3009 4724 3112 4779 ﬁde
3145 4726 3211 4778 ⁷ο.
3279 4743 3299 4776 ι
3338 4724 3546 4782 Nomen

268 4807 371 4877 οὐχ
405 4807 576 4879 ἑτέρῳ
606 4807 811 4879 κυρίως
839 4824 898 4859 τε
929 4808 1022 4859 καὶ
1056 4806 1292 4877 ἀληθῶς,
1326 4805 1466 4875 πλὴν
1486 4804 1658 4876 ὁτιδὴ
1705 4807 1851 4875 μόνῳ

1962 4812 2060 4868 hoc
2091 4811 2341 4868 Salvator
2367 4812 2496 4868 nulli
2524 4813 2679 4870 alteri
2717 4830 2872 4885 atque
2906 4830 3031 4870 vere
3062 4816 3386 4886 proprieque
3423 4833 3548 4872 eon-

270 4896 350 4967 τῷ
387 4896 528 4950 κατὰ
559 4896 721 4967 φύσιν
762 4896 875 4950 ὄντι
911 4895 1057 4967 Θεῷο
1093 4896 1234 4950 οὕτω
1277 4897 1372 4950 καὶ
1401 4895 1497 4952 νῦν
1528 4896 1690 4950 αὑτὸν
1718 4896 1854 4949 ὠνό-

274 5002 447 5056 μασεν
474 4988 502 5040 6
535 4988 913 5057 μυσταγωγός.
952 4987 1091 5041 Ἀλλ’
1123 4988 1237 5042 ἐστι
1282 4989 1475 5060 Σωτὴρ
1511 4988 1606 5042 καὶ
1647 4988 1854 5061 Κύριος

268 5078 303 5147 ἡ
314 5076 460 5146 μῶν,
500 5077 704 5148 Ἰησοῦς
736 5078 998 5149 Χριστός’
1027 5079 1342 5150 ὠνόμασται
1370 5080 1479 5152 γὰρ
1512 5079 1739 5151 Ἰησοῦς,
1760 5080 1854 5135 καὶ

264 5169 370 5237 τὴν
410 5168 504 5222 τοῦ
550 5169 814 5240 ὀνόματος
858 5170 1109 5241 δύναμιν,
1151 5172 1318 5243 ἤγουν
1352 5173 1669 5243 ἑρμηνείαν,
1706 5175 1853 5246 σαφῆ

270 5256 535 5322 καθιστὰς
556 5261 583 5312 6
606 5261 874 5331 μακάριος
900 5260 1130 5330 ἄγγελος
1162 5261 1367 5331 ἔφασκε
1385 5280 1398 5293 ·
1436 5281 1455 5315 ει
1480 5265 1588 5319 Καὶ
1603 5264 1853 5328 καλέσεις

268 5346 331 5399 τὸ
358 5347 529 5419 ὄνομα
572 5351 737 5405 αὑτοῦ
776 5353 1016 5423 Ἰησοῦνο
1048 5353 1210 5417 αὐτὸς
1256 5354 1365 5426 γὰρ
1401 5355 1565 5411 σώσει
1601 5356 1692 5411 τὸν
1722 5357 1850 5410 λαὸν

1958 4904 2127 4971 venit,
2159 4919 2224 4959 ac
2249 4903 2347 4959 soli
2385 4918 2513 4960 vero
2563 4907 2910 4976 naturalique
2966 4906 3093 4960 Deo.
3158 4905 3310 4961 Unde
3359 4908 3548 4962 det-tor

1960 5004 2148 5050 noster
2177 4995 2228 5050 id
2259 4996 2494 5052 nominis
2532 5011 2677 5052 nunc
2709 5012 2927 5066 quoque
2956 4996 3030 5051 illi
3065 4997 3314 5065 imponit.
3382 5000 3543 5068 Atqui

1959 5082 2118 5140 Jesus
2156 5085 2429 5149 Christus.
2460 5096 2516 5142 et
2552 5086 2833 5153 Dominus,
2859 5096 2914 5140 et
2946 5085 3196 5140 Salvator
3227 5096 3411 5141 noster
3438 5099 3541 5141 est.

1962 5174 2200 5231 Vocatus
2226 5187 2311 5233 est
2336 5178 2481 5232 enim
2518 5176 2699 5242 Jesus,
2732 5178 3076 5248 nominisque
3116 5178 3223 5232 vim
3258 5194 3320 5233 ae
3348 5179 3546 5249 signiﬁ-

1959 5268 2229 5324 cationem
2281 5268 2472 5323 beatus
2506 5269 2728 5341 angelus
2766 5285 3076 5341 exponens,
3113 5271 3184 5326 ita
3221 5271 3340 5325 ait:
3378 5289 3396 5323 ι
3439 5270 3544 5325 Vo-

1958 5360 2112 5415 cabis
2140 5374 2337 5415 nomen
2381 5360 2499 5430 ejus
2541 5359 2723 5417 Jesum
2758 5378 2772 5416 :
2805 5361 2917 5433 ipse
2955 5361 3098 5417 enim
3131 5362 3338 5419 salvum
3383 5360 3544 5417 faciet

342 5509 389 5540 “
409 5507 573 5564 Hebr.
604 5526 657 5576 x,
685 5510 776 5577 ‘28,
811 5510 903 5570 29.
982 5512 1026 5545 "
1058 5512 1222 5570 Hebr.
1255 5513 1469 5585 xn,25,
1496 5514 1590 5571 26.
1665 5516 1712 5549 ⁸⁸
1738 5515 1857 5573 Joat

1962 5533 2017 5587 tt,
2047 5518 2137 5574 3i.
2214 5519 2259 5552 θ’
2311 5516 2475 5576 llebr.
2505 5536 2625 5588 xui,
2661 5522 2715 5578 8.
2791 5519 2883 5576 "l
2918 5520 3156 5577 Timoth.
3188 5536 3229 5591 ι,
3262 5522 3313 5577 1.

1360 5670 1537 5730 Varia:
1555 5672 1816 5734 lectiones
1844 5676 2050 5734 codicis
2083 5675 2443 5747 Segnieriani.

342 5805 396 5845 ι*
416 5802 711 5877 ἀτιμάσας.
784 5814 817 5851 τ
846 5805 947 5863 ἔτι.
1024 5816 1051 5846 ι
1080 5807 1246 5875 ἴσως,
1275 5800 1429 5873 οὗτος
1450 5807 1527 5864 δέ.
