4146 6498
603 468 742 524 *1255

1592 458 1653 513 S.
1696 455 1965 514 CYRILLI
2007 450 2476 509 ALEXANDRINI
2513 448 2833 506 ARClllEP.

3720 454 3866 509 1256

604 580 854 653 populum
899 593 1054 634 suum
1087 594 1115 633 a
1146 577 1384 649 peccatis
1418 574 1620 630 'eorum
1658 574 1725 627 ⁷⁸.
1768 592 1786 625 ι
1834 572 1980 626 Deus
2021 568 2183 637 igitur

2308 564 2450 619 ιύτοῦ
2493 566 2601 619 ἀπὸ
2648 541 2757 619 τῶν
2804 563 3085 635 ἁμαρτιῶν
3127 563 3327 617 αὐτῶν.
3357 582 3374 614 ι
3405 563 3539 629 Θεὸς
3569 560 3663 620 οὖν
3694 570 3802 637 ἄρα
3833 571 3865 622 6

601 682 683 729 est
710 670 976 737 Christus,
1008 686 1129 725 nam
1154 668 1309 739 juxta
1342 667 1506 724 divini
1539 666 1687 722 Pauli
1713 662 2036 729 doctrinam,
2067 660 2182 731 ipse

600 775 685 821 cst
718 761 962 819 Salvator
985 763 1225 818 omnium
1256 760 1560 816 hominum.

1042 869 1127 924 Ea:
1155 869 1395 940 Epistola
1423 870 1492 922 ad
1532 868 1729 922 Titum.

678 997 701 1031 ι
757 975 1025 1049 Apparuit
1082 978 1229 1032 enim
1278 977 1451 1047 gratia
1516 977 1609 1033 llei
1666 977 1963 1032 Saivatoris
2018 980 2187 1034 nostri

607 1069 864 1125 omnibus
937 1069 1263 1132 hominibus,
1309 1067 1564 1122 erudiens
1605 1083 1703 1122 nos
1752 1078 1813 1122 ut
1859 1070 2187 1140 almegantes

609 1158 935 1227 impietatem
965 1166 1020 1211 et
1048 1155 1325 1210 srecnlaria
1386 1155 1676 1221 desideria,
1724 1157 1908 1212 sobrie
1951 1169 2005 1211 et
2044 1158 2189 1227 juste

607 1256 662 1303 et
698 1247 783 1315 pie
815 1247 1060 1302 vivamus
1083 1247 1134 1300 in
1159 1247 1260 1300 hoc
1288 1245 1507 1310 saeculo,
1540 1258 1924 1316 exspectantes
1964 1247 2181 1303 beatam

610 1354 785 1409 spem,
820 1348 873 1392 et
898 1338 1186 1392 adventum
1234 1337 1419 1408 gloria:
1455 1339 1631 1407 magni
1677 1339 1770 1393 Dei
1801 1349 1857 1395 et
1889 1338 2189 1395 Salvatoris

612 1429 778 1483 nostri
805 1426 931 1482 Jesu
955 1428 1181 1491 Christi,
1209 1429 1298 1497 qui
1329 1429 1474 1483 dedit
1505 1430 1855 1499 semetipsum
1886 1446 1984 1499 pro
2011 1430 2189 1491 nobis,

612 1527 671 1570 ut
697 1532 792 1571 nos
816 1516 1104 1571 redimeret
1127 1516 1194 1571 ab
1215 1516 1362 1571 omni
1407 1517 1689 1586 iniquitate
1708 1528 1762 1573 et
1785 1520 2064 1574 mundaret
2089 1519 2190 1574 sibi

613 1607 863 1676 populum
915 1608 1325 1676 acceptabilem,
1365 1617 1688 1663 sectatorem
1748 1610 2011 1665 honorum
2065 1624 2193 1679 cpe-

613 1700 819 1753 rum".
858 1717 876 1749 ι
918 1698 1125 1764 Qualis,
1157 1714 1361 1767 quzeso,
1394 1701 1590 1767 gratia,
1622 1710 1716 1755 aut
1761 1701 2036 1770 cujusnam
2098 1699 2191 1755 Dei

624 1790 797 1859 gratia
848 1789 1095 1859 apparuit
1173 1789 1349 1854 nobis,
1395 1805 1513 1859 quae
1574 1791 1821 1845 omnibus
1889 1790 2194 1845 hominibus

2285 657 2540 728 Χριστὸς,
2567 656 2724 725 εἴπερ
2767 655 2884 707 ἐστὶ
2911 655 3102 725 Σωτὴρ
3132 654 3349 709 πάντων
3395 655 3727 729 ἀνθρώπων,
3763 677 3868 712 κα-

2287 747 2356 803 θά
2388 764 2553 819 φησιν
2576 746 2606 799 ό
2635 746 2921 810 Θεσπέσιος
2953 745 3187 809 Παῦλος.

2756 861 2851 915 Ἐκ
2890 861 3001 930 τῆς
3033 861 3182 929 πρὸς
3222 859 3410 915 Τίτον.

2366 996 2384 1029 ι
2426 979 2702 1049 Ἐπέφανη
2758 976 2866 1048 γὰρ
2910 978 2943 1046 ἡ
2991 976 3153 1045 χάρις
3196 973 3290 1027 τοῦ
3337 974 3471 1028 Θεοῦ
3512 976 3546 1046 ἡ
3597 976 3869 1045 σωτήριος

2288 1066 2455 1117 πᾶσιν
2506 1065 2845 1136 ἀνθρώποις,
2900 1062 3228 1117 παιδεύουσα
3271 1065 3448 1133 ἡμᾶς,
3492 1064 3579 1117 ἴνα
3621 1066 3869 1135 ἀρνησά-

2292 1170 2442 1223 μενοι
2483 1154 2582 1225 τὴν
2629 1154 2907 1215 ἀσέϐειαν,
2953 1154 3047 1206 καὶ
3087 1153 3186 1216 τὰς
3218 1153 3492 1223 κοσμικὰς
3530 1154 3867 1224 ἐπιθυμίας,

2293 1244 2585 1315 σωφρόνως
2616 1244 2877 1307 ἐπιεικῶς
2914 1254 2941 1293 γ
2988 1244 3243 1312 ζήσωμεν
3295 1244 3353 1294 ὲν
3398 1242 3476 1312 τῷ
3526 1242 3623 1295 νῦν
3672 1243 3869 1307 αἰῶνι,

2292 1334 2711 1404 προσδεχόμενοι
2744 1334 2841 1405 τὴν
2875 1334 3149 1403 μακαρίαν
3183 1333 3394 1399 ἐλπίδα,
3425 1333 3517 1386 καὶ
3548 1334 3872 1401 ἐπιφάνειαν

2291 1426 2388 1496 τῆς
2412 1425 2569 1495 δόξης
2595 1424 2688 1478 τοῦ
2721 1425 2958 1496 μεγάλου
2997 1425 3132 1477 Θεοῦ
3158 1426 3252 1478 καὶ
3283 1424 3538 1494 Σωτῆρος
3570 1424 3733 1494 ἡμῶν
3767 1425 3875 1493 Ἰη-

2295 1514 2389 1569 σοῦ
2431 1515 2689 1584 Χριστοῦ,
2717 1515 2776 1578 ὃς
2805 1515 3005 1569 ἔδωκεν
3033 1517 3224 1569 ἑαυτὸν
3264 1516 3403 1587 ὑπὲρ
3434 1516 3613 1587 ἡμῶν,
3653 1518 3741 1571 ἵνα
3780 1517 3873 1569 λυ-

2292 1608 2569 1677 τρώσηται
2604 1607 2754 1677 ἡμᾶς
2785 1606 2891 1659 ἀπὸ
2932 1608 3113 1678 πάσης
3156 1608 3414 1678 ἀνομίας,
3458 1607 3553 1660 καὶ
3596 1608 3872 1678 καθαρίσῃ

2295 1697 2472 1768 ἐαυτῷ
2520 1698 2645 1750 λαὸν
2700 1696 3031 1769 περιούσιον,
3088 1698 3336 1768 ζηλωτὴν
3387 1696 3567 1749 καλῶν
3616 1697 3815 1767 ἔργων.
3850 1717 3869 1746 ι

2298 1790 2431 1843 Ποία
2476 1790 2635 1862 χάρις
2684 1790 2955 1859 ἐπέφανεν
3003 1790 3156 1860 ἡμῖν,
3200 1789 3233 1859 ἢ
3283 1788 3438 1842 ποίου
3483 1788 3643 1851 Θεοῦ,
3690 1788 3872 1841 καίτοι

613 1881 870 1936 salutaris
916 1882 1017 1936 hoc
1068 1881 1187 1935 loco
1236 1881 1602 1949 praedicatur?
1654 1881 1881 1935 Planum
1912 1891 2015 1945 est,
2050 1882 2193 1951 quod

2308 1889 2564 1959 λεγομένη
2614 1889 2878 1959 σωτήριος
2931 1881 3070 1941 εἶναι
3118 1888 3287 1940 πᾶσιν
3338 1884 3687 1956 ὰνθρώποις;
3735 1882 3877 1935 Ἀλλ’

616 1974 761 2027 illius
792 1972 882 2026 Dei
918 1984 971 2026 et
999 1972 1210 2027 Domini
1243 1973 1354 2042 qui,
1381 1970 1535 2041 juxta
1558 1972 1773 2027 beatum
1800 1972 1989 2037 David,
2021 1972 2199 2027 illuxit

620 2063 794 2129 nobis,
840 2064 1101 2134 cujusque
1148 2064 1438 2134 gloriosam
1468 2066 1961 2120 mauiiestationetn
1996 2066 2060 2120 de
2090 2080 2200 2121 ca:-

618 2157 685 2211 lis
740 2167 1115 2226 exspectamus
1143 2158 1210 2211 ⁷³.
1247 2155 1472 2227 Magnus
1526 2157 1613 2211 hic
1659 2157 1798 2211 Deus
1853 2156 1970 2225 ipse
2016 2155 2200 2210 Salva-

621 2256 705 2301 tor
739 2257 923 2302 noster
969 2246 1125 2301 Jesus
1166 2248 1437 2312 Christus,
1475 2249 1565 2317 qui
1613 2247 1807 2301 obtulit
1851 2247 2198 2316 semetipsum

620 2352 719 2407 pro
749 2337 919 2403 nobis,
954 2354 1062 2408 quo
1086 2339 1154 2393 ab
1180 2340 1323 2392 omni
1350 2349 1572 2408 peccato
1594 2338 1885 2402 absolutos,
1916 2352 2201 2407 germanos

621 2429 723 2484 sibi
756 2430 1112 2484 constitueret
1136 2430 1474 2486 adoratores.
1510 2428 1646 2484 Cum
1677 2444 1805 2499 ergo
1838 2429 2026 2483 beatus
2057 2427 2201 2481 Pau—

622 2519 705 2573 lus
741 2519 1075 2575 Salvatorem
1113 2530 1354 2576 nostrum
1401 2518 1583 2574 Jesum
1617 2518 1890 2574 Christum
1944 2534 2199 2587 magnum

626 2611 795 2664 Deum
850 2612 1127 2680 praedicet,
1174 2613 1295 2681 quis
1333 2611 1736 2667 Emmanuelem
1794 2626 1979 2666 verum
2034 2612 2202 2666 Deum

624 2715 745 2755 esse
772 2699 1000 2755 iuticiari
1042 2700 1277 2755 audeat?

1051 2893 1158 2964 7e
1187 2891 1289 2946 EX
1326 2892 1791 2950 camenas.

1138 3005 1216 3059 Ex
1244 3003 1433 3061 Jacobi
1455 3006 1713 3076 Epistula.

1084 3116 1239 3184 Quod
1266 3117 1509 3174 Christus
1534 3120 1600 3173 ait
1628 3119 1786 3173 Deus.

2303 1974 2420 2027 ἔστι
2442 1974 2619 2042 δῆλον,
2644 1975 2725 2027 ὅτι
2749 1992 2767 2025 ι
2788 1974 2917 2037 Θεὸς
2943 1974 3018 2027 ὢν
3033 1974 3257 2045 Κύριος,
3277 1973 3371 2026 καὶ
3395 1974 3663 2044 ὲπέφανεν
3678 1976 3832 2041 ἡμῖν,
3854 1992 3871 2022 ι

2300 2068 2443 2121 κατὰ
2478 2067 2571 2120 τὸν
2613 2069 2881 2139 μακάριον
2925 2069 3111 2124 Δαυῖδ.
3162 2067 3338 2121 Λύτοῦ
3397 2067 3495 2138 τὴν
3526 2067 3585 2131 ἐξ
3634 2067 3879 2138 οὐρανῶν

2300 2158 2623 2228 ἐπιφάνειαν
2648 2160 2745 2230 τῆς
2763 2159 2919 2229 δόξης
2945 2159 3375 2231 προσδεχόμεθα.
3406 2161 3517 2213 Καὶ
3542 2159 3707 2222 αὑτός
3734 2161 3880 2211 ἐστιν

2299 2251 2328 2302 6
2362 2249 2537 2319 μέγας
2565 2249 2695 2313 Θεὸς
2722 2251 2816 2302 καὶ
2847 2250 3038 2321 Σωτὴρ
3064 2251 3217 2321 ἡμῶν
3253 2249 3461 2320 Ἰησοῦς
3490 2251 3518 2303 6
3542 2250 3800 2335 ξίριστὸς,
3822 2250 3880 2313 6;

2300 2339 2530 2391 δέδωκεν
2577 2340 2768 2391 ἑαυτὸν
2815 2339 2956 2409 ὑπὲρ
3003 2340 3182 2411 ἡμῶν,
3231 2340 3320 2393 ἵνα
3366 2339 3551 2410 πάσης
3602 2340 3881 2410 ἁμαρτίας

2301 2430 2650 2494 ἀπαλλάξας,
2693 2430 2872 2501 ἑαυτῷ
2901 2431 3230 2502 παραστήσῃ
3265 2430 3521 2499 γνησίους
3573 2448 3883 2502 προσκυνηο

2300 2524 2420 2585 τάς.
2465 2518 2596 2574 Εἶτα
2638 2522 2722 2585 τίς
2762 2524 2789 2574 ὁ
2821 2523 2994 2591 λέγων
3025 2523 3124 2575 οὐκ
3166 2517 3309 2574 εἶναι
3340 2522 3470 2575 Θεὸν
3500 2522 3759 2593 ἀληθινὸν
3789 2524 3883 2575 τὸν

2316 2614 2683 2685 Ἐμμανουήλ,
2710 2614 2804 2667 τοῦ
2843 2612 3114 2685 μακαρίου
3163 2614 3378 2667 Παύλου
3409 2614 3538 2686 περὶ
3585 2613 3755 2666 αὐτοῦ
3791 2612 3883 2665 λέο

2302 2722 2509 2774 γοντος
2540 2725 2558 2756 ι
2578 2704 2681 2759 Τοῦ
2713 2704 2949 2776 μεγάλου
2976 2704 3110 2758 Θεοῦ
3137 2705 3230 2758 καὶ
3257 2705 3510 2775 Σωτῆρος
3538 2706 3570 2775 ἡ
3579 2705 3696 2774 μῶν
3712 2701 3886 2774 Ἰησοῦ

2304 2797 2541 2868 Χριστοῦ
2564 2815 2578 2863 ;
2618 2816 2638 2850 ι
3112 2872 3117 2877 ί

2710 2912 2809 2964 ΕΚ
2855 2912 2995 2965 ΤΩΝ
3021 2912 3471 2966 ΚΑΘΟΛΙΚΩΝ.

2634 3021 2729 3077 Ἐκ
2759 3023 2859 3094 τῆς
2896 3022 3151 3076 Ἰακώϐου
3191 3022 3533 3095 Ἐπιστολῆς.

2779 3133 2899 3186 Ὅτι
2935 3132 3079 3199 Θεὸς
3112 3135 3145 3187 ό
3178 3134 3451 3202 Χριστός.

705 3248 723 3283 ι
755 3228 931 3283 Nolite
970 3244 1177 3292 errare,
1223 3229 1418 3283 fratres
1465 3229 1569 3282 mei
1630 3230 1959 3286 dilectissimi
1997 3246 2012 3286 :
2054 3245 2205 3287 omne

2388 3265 2405 3298 ι
2435 3245 2527 3317 Μὴ
2560 3244 2856 3311 πλανᾶσθε,
2882 3246 3099 3314 ἀδελφοί
3136 3262 3238 3316 μου
3270 3243 3546 3314 ἀγαπητοί
3568 3260 3581 3273 ’
3624 3244 3773 3296 πᾶσα
3804 3240 3897 3294 δό-

631 3321 814 3375 datum
848 3320 1109 3389 Optimum
1130 3359 1145 3384 ,
1172 3331 1226 3372 et
1258 3332 1418 3372 omne
1446 3316 1644 3372 donum
1669 3317 1961 3387 perfectum
1992 3323 2057 3374 de
2089 3337 2210 3375 sur-

641 3428 761 3467 sum
801 3419 903 3477 est,
943 3409 1328 3465 descendensa
1358 3406 1520 3463 Patre
1563 3409 1825 3464 luminum
1856 3411 1920 3464 ".
1962 3428 1981 3463 ι
2027 3411 2213 3477 Omne,

634 3504 842 3574 inquit,
896 3503 1080 3554 datum
1137 3501 1387 3569 optimum
1422 3516 1440 3553 :
1479 3515 1611 3556 sane
1657 3501 1856 3555 bonum
1899 3518 2093 3559 munus
2133 3514 2217 3558 est

633 3596 870 3667 Spiritus
896 3603 1137 3657 sanctus,
1170 3593 1664 3663 patrandorumque
1712 3594 2095 3651 miraculorum
2136 3594 2217 3651 fa-

633 3686 808 3741 cultas
843 3701 938 3757 per
964 3687 1139 3754 ipsum
1168 3685 1461 3754 impertita.
1493 3684 1627 3740 Cum
1658 3701 1790 3758 ergo
1820 3687 2069 3744 Christus
2096 3687 2214 3759 Spi-

634 3777 798 3830 ritum
828 3785 1095 3843 sanctum
1138 3774 1343 3830 sanctis
1390 3772 1752 3844 impertiatur,
1790 3788 2218 3850 potestatemque

633 3877 698 3921 ut
724 3868 902 3922 divina
954 3866 1213 3922 miracula
1258 3867 1442 3929 edant,
1506 3866 1695 3923 iisdem
1750 3868 2047 3939 largiatur:
2080 3888 2217 3941 quo-

637 3960 795 4014 modo
822 3975 927 4014 non
959 3965 1043 4014 est
1070 3974 1234 4014 verus
1264 3957 1451 4013 Deus?

712 4072 731 4105 ι
767 4050 975 4107 Subditi
1012 4052 1174 4121 igitur
1216 4060 1387 4105 estote
1431 4047 1560 4115 Deo,
1604 4051 1836 4107 resistite
1881 4064 2058 4109 autem
2102 4056 2219 4109 dia-

630 4144 781 4211 bolo,
811 4153 865 4199 et
894 4143 1060 4214 fugiet
1084 4159 1112 4196 a
1138 4142 1290 4197 vobis
1321 4143 1386 4198 ⁷⁸.
1437 4161 1456 4195 ι
1496 4142 1633 4197 Ecce
1662 4145 1712 4198 in
1743 4143 1826 4199 his
1854 4156 2041 4215 aperte
2085 4147 2218 4201 dicit

634 4245 888 4306 oportere
936 4251 1034 4290 nos
1077 4235 1187 4289 Deo
1229 4234 1443 4304 subjici.
1511 4234 1648 4291 Dicit
1698 4247 1876 4292 autem
1926 4239 2215 4294 Christus:

644 4347 665 4380 ι
708 4327 901 4382 Tollite
949 4328 1136 4397 iugum
1177 4341 1351 4379 meum
1389 4341 1553 4396 super
1589 4344 1685 4383 vos
1716 4328 1784 4382 ".
1827 4348 1846 4380 ι
1902 4326 2033 4384 Cum
2063 4329 2097 4384 ii
2127 4330 2217 4400 qui

638 4419 1047 4489 Christijugum
1079 4418 1133 4473 in
1159 4432 1218 4473 se
1244 4417 1455 4483 tollunt,
1490 4434 1592 4473 non
1640 4420 1794 4475 alteri
1830 4421 2060 4490 cuipiam
2090 4423 2219 4477 sub-

636 4512 914 4580 jiciantur,
970 4525 1129 4581 quam
1201 4510 1307 4563 Deo
1342 4526 1355 4563 :
1394 4510 1661 4576 quomodo
1705 4510 1954 4567 Christus
1991 4527 2096 4567 non
2138 4502 2223 4567 est

639 4601 824 4658 Deus?

1047 4713 1133 4770 Ex
1161 4717 1326 4784 priori
1358 4715 1594 4785 Epistola
1633 4714 1796 4769 Petri.

719 4846 737 4878 ι
780 4825 969 4881 Petrus
1011 4827 1289 4894 apostolus
1334 4825 1462 4882 .lesu
1503 4826 1727 4891 Christi,
1766 4824 1955 4880 electis
2002 4824 2223 4879 advenis

638 4918 999 4987 dispersionis
1028 4917 1206 4983 Ponti,
1234 4918 1479 4983 Galatiae,
1526 4916 1896 4988 Cappadocim,
1933 4916 2094 4982 Asiae,
2130 4916 2223 4970 Bi-

647 5011 875 5081 thyniae,
912 5012 1209 5066 secundum
1240 5011 1639 5080 przescientiam
1680 5010 1777 5065 Dei
1814 5010 1989 5078 Patris
2016 5008 2068 5061 in
2096 5023 2225 5064 san-

642 5101 1033 5156 etilicationem
1079 5100 1337 5172 Spiritus,
1382 5104 1435 5156 in
1471 5102 1833 5157 obedientiam
1865 5110 1919 5156 et
1953 5101 2225 5170 aspersio-

645 5207 769 5247 nem
819 5191 1095 5262 sanguinis
1154 5192 1277 5247 Jesu
1339 5192 1543 5249 Christi
1602 5194 1772 5264 gratia
1830 5194 1984 5249 vobis
2027 5202 2080 5248 et
2122 5206 2224 5262 pax

647 5281 1035 5352 nittltiplicetur
1065 5283 1131 5337 ⁷⁷.
1173 5300 1193 5335 ι
1235 5281 1377 5340 Ecce
1414 5285 1710 5341 secundum
1745 5283 1836 5340 Dei
1883 5284 2059 5338 Patris
2089 5296 2224 5353 prm-

2319 3356 2401 3401 σις
2444 3338 2643 3408 ἀγαθὴ,
2687 3340 2783 3390 καὶ
2816 3339 2925 3391 πᾶν
2959 3338 3192 3409 δώρημα
3236 3337 3441 3389 τέλειον
3479 3335 3686 3389 ἄνωθέν
3718 3336 3896 3395 ἐστιν,

2316 3426 2645 3481 καταϐαῖνον
2676 3429 2740 3479 ὲκ
2763 3427 2856 3479 τοῦ
2891 3428 3105 3497 Πατρὸς
3133 3426 3239 3479 τῶν
3277 3426 3491 3494 φώτων.
3524 3444 3541 3476 ι
3585 3423 3761 3480 Πᾶσα
3790 3424 3897 3476 δός

2316 3534 2440 3587 σις,
2474 3517 2637 3587 φησὶν
2659 3556 2673 3580 ,
2699 3516 2893 3586 ἀγαθή
2916 3534 2931 3549 ·
2971 3516 3152 3587 ἀγαθὴ
3182 3516 3237 3569 δὲ
3271 3516 3439 3580 δόσις,
3470 3515 3532 3569 τὸ
3565 3515 3788 3584 Πνεῦμα
3833 3515 3898 3565 τὸ

2318 3609 2490 3676 ἆγιον,
2519 3608 2614 3661 καὶ
2644 3609 2704 3661 τὸ
2729 3608 2990 3663 δύνασθαι
3024 3608 3265 3681 πληροῦν
3293 3611 3349 3662 ὲν
3380 3609 3531 3680 αύτῷ
3562 3609 3661 3671 τὰς
3701 3607 3898 3676 θεοσηο

2321 3699 2497 3770 μείας.
2526 3695 2658 3752 Εἶτα
2684 3700 2731 3752 εἰ
2759 3703 2870 3764 τοῖς
2901 3700 3078 3769 ἁγίοις
3110 3699 3393 3771 χαρίζεται
3425 3700 3485 3753 τὸ
3513 3698 3741 3770 Πνεῦμα
3768 3699 3897 3766 Χρι-

2320 3789 2461 3854 στὸς,
2503 3792 2598 3845 καὶ
2638 3792 2744 3862 μὴν
2792 3792 2885 3845 καὶ
2912 3792 2971 3844 τὸ
3019 3792 3279 3845 δύνασθαι
3334 3790 3575 3861 πληροῦν
3607 3790 3676 3842 τὰ
3708 3789 3896 3859 παρά-

2318 3886 2467 3952 δοξα,
2502 3885 2617 3950 πῶς
2642 3887 2744 3939 οὐκ
2772 3886 2838 3940 ἂν
2867 3887 2951 3957 εἴη
2985 3887 3118 3947 Θεὸς
3148 3886 3401 3955 ἀληθινὸς
3428 3887 3455 3937 ό
3486 3883 3755 3952 Χριστός;

2398 4078 2416 4111 ι
2457 4058 2797 4127 Ὑποτάγητε
2841 4052 2934 4110 οὖν
2983 4055 3061 4126 τῷ
3099 4055 3215 4125 Θεῷ
3241 4065 3286 4117 ι,
3330 4053 3618 4123 ἀντίστητε
3668 4052 3898 4121 τᾷδιαο

2321 4149 2481 4217 δόλῳ,
2510 4150 2603 4201 καὶ
2636 4147 2888 4217 φεύξεται
2927 4147 3020 4215 ἀφ’
3046 4146 3219 4218 ὑμῶν.
3248 4164 3266 4197 ι
3305 4145 3438 4198 Ἰδοὺ
3471 4144 3658 4214 σαφῶς
3692 4145 3749 4196 ὲν
3777 4142 3902 4195 τούο

2319 4258 2452 4305 τοις,
2484 4238 2881 4293 ὑποτάττεσθαι
2925 4238 3035 4291 δεῖν
3076 4239 3221 4307 ἡμᾶς
3266 4236 3370 4307 ἔφη
3398 4235 3476 4302 τῷ
3504 4233 3641 4303 Θεῷ.
3672 4234 3809 4303 Φησὶ
3843 4232 3899 4284 δὲ

2321 4332 2554 4400 Χριστός
2576 4346 2589 4361 ·
2628 4350 2645 4381 ι
2681 4332 2884 4401 Ἀρατε
2930 4329 3023 4382 τὸν
3058 4326 3221 4396 ζυγόν
3272 4344 3375 4398 μου
3406 4327 3491 4395 ἐφ’
3518 4326 3681 4394 ὑμᾶς.
3712 4343 3731 4375 ι
3768 4324 3899 4375 Ὅτε

2321 4420 2501 4473 τοίνυν
2539 4421 2587 4472 οί
2627 4419 2718 4473 τὸν
2753 4419 2916 4487 ζυγὸν
2956 4419 3201 4491 αἴροντες
3247 4417 3339 4470 τὸν
3385 4417 3550 4470 αὐτοῦ
3584 4416 3683 4485 οὐχ
3726 4414 3900 4484 ἑτέρῳ

2322 4512 2429 4566 τινὶ
2469 4513 2621 4583 παρὰ
2648 4512 2739 4566 τὸν
2769 4511 2900 4565 Θεὸν
2953 4511 3347 4565 ὑποτάττονται
3372 4526 3386 4541 ⁸
3438 4509 3556 4573 πῶς
3584 4507 3685 4561 οὐκ
3716 4506 3782 4559 ἂν
3811 4504 3899 4573 εἴη

2260 4602 2302 4656 D
2330 4604 2461 4668 Θεός
2483 4622 2496 4669 ;

2518 4716 2613 4768 Ἐκ
2650 4714 2759 4782 τῆς
2790 4714 3016 4783 Πέτρου
3062 4712 3431 4781 Ἐπιστολῆς
3466 4711 3724 4781 πρώτηςο

2407 4848 2424 4879 ‹
2458 4828 2659 4899 Πέτρος
2692 4826 2989 4890 ἀπόστολος
3027 4828 3200 4896 Ἰησοῦ
3217 4825 3479 4898 Χριστοῦ,
3512 4824 3738 4895 κλητοῖς
3769 4839 3899 4891 παρ-

2331 4919 2615 4989 επιδήμοις
2656 4917 2957 4987 διασπορᾶς
2994 4917 3220 4982 Πόντου,
3276 4915 3566 4977 Γαλατίας,
3600 4912 3895 4965 Καππαδο-

2329 5010 2473 5072 κίας,
2513 5008 2718 5075 Ἄσίας,
2764 5009 2859 5064 καὶ
2893 5008 3176 5070 Βιθυνίας,
3225 5006 3368 5060 κατὰ
3416 5006 3730 5077 πρόγνωσιν
3769 5001 3895 5055 Θεοῦ

2330 5100 2541 5171 [ἰατρὸς
2582 5102 2638 5155 ὲν
2678 5100 2940 5171 ἁγιασμῷ
2992 5099 3343 5170 Πνεύματος,
3392 5100 3470 5161 εἰς
3522 5097 3773 5166 ὑπακοὴν
3807 5094 3897 5147 καὶ

2331 5192 2625 5263 ῥαντισμὸν
2669 5194 2900 5263 αἵματος
2940 5193 3115 5262 Ἰησοῦ
3147 5188 3385 5262 Χριστοῦ
3408 5206 3421 5219 ·
3454 5188 3616 5260 χάρις
3648 5188 3781 5255 ὑμῖν
3808 5184 3899 5237 καὶ

2328 5282 2519 5353 εἰρήνη
2553 5282 2938 5354 πληθυνθείη.»
2976 5283 3106 5336 Ἰδοὺ
3132 5282 3277 5336 κατὰ
3306 5280 3615 5353 πρόγνωσιν
3644 5276 3779 5331 Θεοῦ
3812 5276 3901 5329 καὶ

606 5502 610 5506 Α
719 5461 763 5490 "‘
801 5457 987 5516 Matth.
1032 5476 1069 5522 ι,
1097 5460 1188 5517 2i.
1264 5462 1309 5493 ⁷³
1344 5460 1451 5515 Tit.
1488 5477 1546 5526 ll,
1579 5461 1765 5514 ιιι-ιι.
1842 5459 1887 5491 ⁷³
1916 5460 2200 5515 Psal.cxvt

2308 5460 2371 5515 l7.
2448 5458 2493 5490 ⁷⁸
2521 5457 2634 5513 Jac.
2674 5475 2712 5525 ι,
2748 5458 2832 5525 16,
2860 5459 3007 5514 17.⁷⁸
3035 5458 3148 5516 Jac.
3174 5474 3247 5527 tv,
3272 5459 3324 5515 7.
3401 5458 3447 5490 ⁷⁵
3485 5456 3680 5514 Matth.
3718 5454 3899 5524 x1,29.

645 5531 695 5563 ‘"
726 5528 916 5585 chtr.
959 5531 1143 5597 ι,1οὸ.

1734 5685 1907 5742 Varia:
1935 5685 2194 5743 lectiones
2236 5685 2442 5743 codicis
2473 5683 2834 5757 Seguieriaui.

730 5826 759 5867 Υ
801 5820 893 5874 καί
916 5817 1159 5882 δικαίως.
1238 5825 1261 5854 ³
1291 5815 1364 5888 τῷ
1396 5816 1601 5889 Κυρίῳ.
