4146 6458
273 387 409 444 1257

1370 383 1454 437 DE
1493 381 1716 439 RECTA
1760 379 1915 436 FIDE
1955 381 2044 438 AD
2085 379 2404 438 DEGINAS.

3395 382 3532 437 1258

272 500 484 572 Πατρὸς
511 499 810 552 ἀπόστολον
835 499 1024 552 ἑαυτὸν
1050 497 1299 568 ὠνόμασε
1326 497 1420 549 τοῦ
1449 495 1686 568 Χριστοῦ
1707 513 1720 526 ·
1753 498 1844 549 καί

1967 495 2262 561 scientiam,
2293 493 2417 549 Iesu
2441 493 2642 550 Christi
2674 499 2974 564 apostolum
3007 502 3066 552 Se
3105 497 3386 564 nominat;
3425 497 3536 551 sui-

216 624 227 632 -
269 597 366 664 τῆς
416 593 720 662 ἀποστολῆς
766 593 856 646 τὸν
905 593 1108 664 τρόπον
1168 594 1302 663 ἡμῖν
1352 589 1752 662 ἐξηγούμενος,
1790 591 1848 641 ὲν

269 686 529 757 ἁγιασμῷ
561 687 903 757 Πνεύματος,
930 689 1010 750 εἰς
1038 688 1286 756 ὑπακοὴν
1316 687 1410 741 καὶ
1439 687 1734 759 ῥαντισμὸν
1767 684 1850 737 αἴ-

275 797 444 846 ματος
481 779 651 849 Ἰησοῦ
683 779 922 850 Χριστοῦ
957 779 1276 854 πεπρᾶχθαί
1307 795 1470 849 φησιν
1501 779 1690 848 αὑτήν.
1719 779 1850 831 Ὅτε

1951 601 2060 655 que
2130 587 2460 657 apostolatus
2526 588 2788 645 rationem
2841 591 3173 656 edisset-ens,
3241 591 3418 658 ipsum
3480 591 3534 645 in

1952 677 2186 746 Spiritus
2231 679 2737 746 sauctlileationem,
2776 681 2830 734 in
2862 680 3249 746 obedientiam,
3303 680 3358 734 In
3405 693 3533 734 san-

1952 770 2129 836 guinis
2155 768 2278 825 Jesu
2306 769 2505 826 Christi
2538 772 2902 841 aspersionem
2936 781 3216 841 peractum
3244 785 3366 826 esse
3395 785 3536 840 pra:-

272 870 451 925 τοενυν
480 872 532 925 οἱ
567 873 913 934 πιστεύοντες
946 874 1026 935 el;
1076 873 1260 935 αὐτὸν,
1311 870 1652 942 ἁγιαζόμεθα
1698 870 1851 940 παρὰ

1967 861 2113 916 licat.
2147 861 2282 917 Cutn
2321 863 2481 934 igitur
2501 865 2591 933 qui
2615 866 2666 920 in
2701 865 2872 932 ipsum
2904 865 3194 930 credimus,
3232 864 3540 919 sanctiﬁca-

272 960 366 1015 τοῦ
400 960 736 1030 Πνεύματος,
765 963 1006 1032 ραντίζει
1030 962 1087 1016 δὲ
1117 964 1267 1034 ἡμᾶς
1297 963 1392 1016 καὶ
1423 961 1502 1034 τῷ
1531 962 1724 1032 αἵματι
1755 962 1854 1014 αὐ-

273 1051 368 1106 τοῦ
407 1052 544 1123 πρὸς
572 1053 986 1124 ἀποκάθαρσιν·
1020 1054 1137 1118 πῶς
1173 1057 1274 1108 οὐκ
1306 1054 1372 1108 ἂν
1410 1057 1582 1108 νοοῖτο
1620 1054 1783 1117 Θεὸς,
1823 1055 1851 1106 6

276 1145 519 1214 ἁγιάζων
569 1145 670 1214 μὲν
715 1145 827 1216 ἰδίῳ
875 1146 1176 1214 Πνεύματι,
1212 1144 1522 1215 καθαρίζων
1551 1146 1607 1199 δὲ
1642 1146 1738 1198 καὶ
1774 1144 1853 1214 τῷ

274 1235 468 1305 αἵματι
506 1235 633 1297 τοὺς
661 1234 1048 1298 πιστεύονταςς
1084 1236 1216 1299 Θεὸς
1247 1238 1354 1305 γὰρ
1379 1234 1446 1308 ἦν
1472 1237 1530 1289 ἐν
1562 1236 1745 1308 σαρκί.

351 1437 370 1470 ι
401 1417 704 1488 Εὐλογητὸς
733 1419 761 1470 ὁ
791 1415 922 1479 Θεὸς
954 1417 1046 1470 καὶ
1084 1416 1274 1486 Πατὴρ
1319 1416 1414 1470 τοῦ
1455 1417 1662 1488 Κυρίου
1696 1418 1854 1488 ἡμῶν

290 1510 464 1580 Ἰησοῦ
516 1509 778 1582 Χριστοῦ,
808 1512 835 1563 6
873 1509 1016 1578 κατά
1053 1510 1114 1562 τὸ
1149 1510 1284 1562 πολὺ
1321 1509 1484 1563 αὐτοῦ
1528 1510 1676 1572 ἔλεος
1725 1511 1857 1564 ἀνα-

277 1601 548 1670 γεννήσας
588 1600 740 1669 ἡμᾶς
783 1599 864 1662 εἰς
903 1598 1092 1652 ἐλπίδα
1149 1599 1296 1668 ζωῆς
1323 1611 1348 1640 ι
1395 1599 1462 1652 δι’
1506 1599 1857 1661 ἀναστάσεως

291 1692 467 1761 Ἰησοῦ
495 1692 731 1764 Χριστοῦ
763 1694 827 1744 ὲκ
859 1691 1091 1762 νεκρῶν,
1121 1693 1202 1754 εἰς
1237 1693 1604 1762 κληρονομίαν
1640 1691 1858 1762 ἀφθαρ-

277 1801 390 1848 τον,
425 1784 516 1836 καὶ
545 1784 829 1854 ἀμίαντον,
871 1785 966 1836 καὶ
997 1783 1331 1853 ἀμάραντον,
1384 1783 1764 1854 τετηρημένην
1802 1784 1858 1835 ἐν

278 1877 546 1949 οὐρανοῖς.
576 1898 594 1926 ι
635 1877 697 1929 Εἰ
740 1876 871 1939 Θεὸς
898 1877 1045 1946 ἡμᾶς
1076 1878 1365 1946 ἐγέννησεν
1407 1877 1487 1939 εις
1525 1876 1716 1929 ἐλπίδα
1747 1875 1856 1939 ζῶ·
1892 1859 1931 1914 Β

281 1986 382 2022 σαν
415 1969 509 2022 καὶ
550 1967 839 2038 μένουσαν,
882 1967 1131 2039 πέπραχε
1163 1969 1220 2022 δὲ
1256 1967 1415 2020 τοῦτο
1447 1968 1534 2020 διὰ
1576 1967 1675 2037 τῆς
1720 1967 1857 2030 ιδίας

279 2063 345 2112 ὲκ
373 2058 582 2130 νεκρῶν
615 2060 966 2124 ἀναστάσεως
1008 2063 1036 2114 6
1067 2060 1300 2131 Χριστός
1324 2077 1337 2090 ·
1381 2059 1497 2122 πῶς
1529 2059 1628 2112 οὐκ
1667 2060 1732 2113 ἂν
1773 2059 1856 2128 εἴη

278 2151 410 2214 Θεός
431 2167 444 2213 ;

361 2262 379 2295 ι
416 2245 546 2316 Περὶ
581 2239 650 2317 ἦς
704 2243 978 2314 σωτηρίας
1028 2243 1383 2314 ἐξεζήτησαν,
1420 2244 1588 2314 φησὶ,
1639 2243 1733 2296 καὶ
1773 2241 1859 2308 ἒξ-

282 2336 592 2408 ηρεύνησαν
640 2336 937 2406 προφῆται,
971 2337 1022 2388 οἱ
1061 2337 1189 2406 περὶ
1220 2336 1318 2406 τῆς
1351 2337 1430 2399 εἰς
1458 2333 1605 2406 ἡμᾶς
1638 2336 1862 2406 χάριτος

285 2425 789 2497 προφητεύσαντες·
827 2421 1156 2495 ἐρευνῶντες
1190 2427 1271 2488 εἰς
1303 2426 1453 2489 τινα,
1503 2424 1536 2496 ἢ
1566 2428 1715 2477 ποῖον
1743 2442 1862 2478 και-

287 2516 379 2588 ρὸν
409 2517 594 2587 ἐδήλου
625 2515 685 2568 τὸ
712 2515 768 2568 ὲν
801 2515 983 2578 αὐτοῖς
1019 2515 1243 2585 Πνεῦμα
1271 2516 1530 2587 Χριστοῦ.
1560 2535 1577 2567 ι
1619 2516 1749 2569 Ἰδοὺ
1795 2513 1860 2583 δὴ

284 2607 448 2662 πάλιν
481 2610 538 2660 ἐν
567 2606 776 2669 τούτοις
806 2606 1046 2677 Χριστοῦ
1088 2607 1148 2659 τὸ
1179 2607 1332 2675 ἅγιον
1370 2606 1584 2679 εἴρηται
1613 2605 1860 2678 Πνεῦμα,

283 2700 462 2754 καίτοι
511 2698 647 2752 Θεοῦ
676 2696 805 2752 ὸνιι.
846 2699 980 2761 Θεὸς
1027 2695 1119 2752 οῦν
1163 2699 1274 2768 ἄρα
1323 2700 1580 2771 Χριστὸς,
1609 2699 1682 2764 ὼς
1724 2700 1857 2754 ἴδιον

281 2793 419 2863 ἔχων
448 2791 509 2846 τὸ
537 2791 761 2862 Πνεῦμα
787 2792 846 2845 τὸ
873 2791 1045 2860 ἅγιον.

578 2905 674 2958 Ἐκ
703 2903 814 2972 τῆς
849 2901 1073 2972 Πέτρου
1123 2903 1476 2972 Ἐπιστολῆς
1500 2899 1581 2968 β’.

359 3038 376 3070 ι
418 3011 694 3086 Ἐγένοντο
727 3016 782 3070 δὲ
803 3015 897 3070 καὶ
919 3015 1386 3088 ψευδοπροφῆται,
1417 3015 1493 3079 ὡς
1520 3018 1614 3069 καὶ
1649 3017 1707 3068 ὲν
1733 3016 1861 3086 ὑμῖν

281 3108 501 3164 ἔσονται
529 3103 1036 3179 ψευδοδιδάσκαλοι,
1072 3106 1268 3171 οἵτινες
1305 3107 1728 3178 παρεισάξουσιν
1780 3109 1863 3160 αἱ·

1956 955 2114 1010 tiouis
2161 955 2422 1026 Spiritum
2481 972 2878 1028 consequamur
2927 957 3201 1028 (aspergit
3247 957 3390 1011 enim
3439 972 3540 1012 suo

1955 1061 2053 1101 nos
2099 1050 2360 1117 sanguine
2390 1051 2457 1104 ad
2482 1050 2995 1122 emundationem),
3035 1065 3140 1121 qua
3185 1051 3399 1104 tandem
3444 1064 3532 1104 ra-

1956 1138 2102 1194 tione
2129 1141 2174 1194 is
2203 1140 2344 1196 Deus
2377 1142 2563 1197 haberi
2602 1159 2706 1197 non
2739 1143 2918 1212 debet,
2960 1143 3050 1211 qui
3078 1143 3300 1213 proprio
3333 1140 3539 1211 Spiritu

1955 1231 2278 1298 sanctiﬁcat,
2337 1249 2543 1304 suoque
2593 1235 2856 1305 sanguine
2914 1236 3197 1290 credentes
3250 1236 3304 1288 in
3359 1236 3538 1304 ipsum

1955 1322 2254 1376 emundat?
2293 1334 2410 1377 erat
2439 1325 2584 1378 enim
2620 1321 2759 1379 Deus
2787 1324 2840 1378 iu
2881 1338 3066 1379 carne.

2035 1431 2054 1464 ι
2106 1411 2425 1469 Benedictus
2473 1416 2615 1470 Deus
2654 1415 2891 1470 ctPater
2949 1415 3158 1470 Domini
3199 1412 3366 1467 nostri
3415 1410 3540 1466 Iesu

1956 1503 2178 1570 Christi,
2201 1505 2291 1573 qui
2319 1507 2614 1562 secundum
2647 1508 3080 1563 misericordiam
3105 1520 3258 1562 suam
3287 1515 3538 1574 magnam

1960 1598 2296 1666 regeneravit
2327 1614 2424 1653 nos
2455 1599 2507 1652 in
2539 1613 2687 1669 spem
2733 1601 2908 1652 vivam
2947 1614 3041 1669 per
3084 1597 3540 1653 resurrectionem

1958 1687 2081 1744 Jesu
2116 1688 2316 1745 Christi
2348 1708 2409 1745 ex
2443 1693 2690 1754 mortuis,
2727 1687 2832 1762 77
2869 1694 2922 1746 in
2962 1691 3328 1747 haereditatem
3363 1690 3542 1742 iocor.

1963 1781 2290 1850 ruptibilem,
2321 1793 2375 1836 et
2399 1783 2903 1849 incontaminatam,
2927 1793 2981 1838 ct
3004 1781 3538 1844 immarcescibilem,

1959 1885 2330 1927 conservatam
2364 1875 2416 1928 in
2451 1875 2600 1930 malis
2638 1876 2705 1928 ⁷⁵.
2756 1895 2774 1927 ι
2835 1874 2890 1930 Si
2936 1875 3076 1930 Deus
3122 1890 3218 1929 nos
3256 1872 3441 1943 genuit
3486 1872 3539 1924 in

1959 1977 2107 2032 spem
2144 1966 2317 2018 vivam
2363 1976 2416 2019 et
2449 1965 2720 2029 stabilem,
2781 1966 3067 2032 effecitque
3108 1964 3210 2017 hoc
3247 1963 3419 2032 ipsum
3455 1959 3545 2015 Je-

1960 2067 2051 2106 sus
2074 2052 2321 2109 Christus
2347 2059 2440 2122 per
2493 2071 2646 2110 suam
2670 2071 2734 2110 ex
2774 2055 3000 2110 tnortuis
3041 2053 3490 2109 resurrectionem
3528 2071 3541 2106 :

1961 2145 2050 2213 qui
2078 2146 2190 2198 ﬁeri
2226 2151 2407 2215 queat,
2443 2156 2500 2200 ut
2537 2148 2680 2202 Deus
2710 2164 2813 2202 non
2850 2147 2958 2202 sit?

2036 2255 2054 2286 ι
2091 2237 2163 2291 De
2191 2251 2298 2305 qua
2327 2237 2562 2308 (inquit)
2589 2239 2764 2294 salute
2791 2239 3194 2306 exquisiverunt
3231 2249 3284 2292 et
3310 2237 3542 2291 scrutati

1961 2339 2082 2382 Sunt
2139 2331 2550 2400 prophetze,qui
2582 2332 2648 2386 de
2687 2331 2864 2385 futura
2909 2331 2960 2384 in
3000 2331 3152 2384 nobis
3209 2332 3378 2400 gratia
3419 2345 3544 2398 pro-

1964 2424 2352 2488 phetaverunt,
2398 2433 2703 2480 scrutantes
2736 2425 2788 2478 iu
2851 2425 2993 2493 quod
3030 2425 3110 2476 vel
3143 2426 3302 2491 quale
3336 2435 3548 2492 tempus

1963 2513 2297 2592 signiﬁcaret
2329 2517 2380 2570 in
2411 2517 2488 2572 eis
2522 2516 2755 2587 Spiritus
2782 2517 2983 2572 Christi
3016 2517 3082 2568 7°.
3117 2535 3135 2568 ι
3203 2516 3277 2569 En
3305 2517 3392 2570 hic
3425 2531 3544 2570 rur-

1965 2621 2083 2662 Sum
2134 2607 2366 2678 Spiritus
2413 2619 2631 2666 sanctus
2682 2611 2770 2682 qui
2824 2609 2916 2667 Dei
2953 2618 3055 2675 est,
3115 2611 3308 2669 dicitur
3342 2608 3539 2664 Christi

1965 2720 2106 2761 esse.
2169 2706 2306 2760 Deus
2336 2705 2497 2773 igitur
2521 2714 2621 2770 cst,
2648 2715 2705 2759 ttt
2733 2707 2823 2775 qui
2877 2709 3149 2778 proprium
3187 2705 3346 2762 habet
3375 2701 3545 2778 Spiri-

1969 2805 2078 2850 tum
2116 2807 2383 2850 sanctum.

2450 2911 2728 2978 posteriori
2755 2907 2994 2981 Epistola
3024 2913 3193 2970 Petri.

2043 3041 2059 3072 ι
2104 3021 2341 3076 Fuerunt
2387 3032 2563 3077 autem
2596 3033 2648 3078 el
2683 3027 3166 3098 psettdoprOphelae
3216 3033 3269 3086 in
3320 3037 3540 3104 populo,

1968 3114 2106 3167 sicut
2137 3123 2186 3168 et
2217 3113 2268 3166 in
2301 3114 2448 3168 vobis
2490 3126 2648 3169 erunt
2696 3120 2938 3188 magistri
2990 3124 3296 3191 mendaces,
3333 3130 3422 3195 qui
3457 3130 3543 3183 in-

285 3202 466 3274 ρέσεις
495 3201 789 3264 ἀπωλείας,
815 3200 911 3254 καὶ
939 3201 1030 3253 τὸν
1063 3200 1411 3271 ἀγοράσαντα
1444 3201 1640 3262 αὐτοὺς
1667 3198 1860 3252 Δεσπὸ⁴

1971 3209 2253 3261 troducent
2300 3218 2479 3261 sectas
2527 3210 2871 3277 perditionis,
2902 3224 2956 3267 et
2984 3230 3105 3269 eum
3152 3220 3241 3286 qui
3272 3224 3400 3275 emit
3429 3238 3545 3288 eos,

282 3311 385 3364 την
410 3294 750 3363 ἀρνούμενοι.
779 3292 1162 3362 Ἦγοράσμεθα
1184 3294 1290 3364 γὰρ
1313 3293 1497 3363 τιμῆς,
1517 3292 1578 3344 ού
1602 3291 1860 3361 φθαρτοῖς

225 3451 228 3456 ι
283 3383 534 3456 ἀργυρίῳ
574 3384 606 3453 ἢ
640 3383 870 3454 χρυσίῳ,
903 3384 1038 3437 ἀλλὰ
1068 3381 1144 3454 τῷ
1177 3385 1344 3454 τιμίῳ
1374 3384 1564 3454 αἵματι
1596 3381 1690 3435 τοῦ
1732 3384 1866 3452 Χρι·

287 3476 439 3532 στοῦ.
468 3495 486 3528 ι
533 3477 730 3546 Ἐσμὲν
768 3471 860 3529 οὖν
890 3477 997 3545 ἄρα
1029 3475 1122 3529 τοῦ
1157 3476 1491 3546 πριαμένου,
1529 3476 1705 3529 καίτοι
1749 3476 1866 3545 Θεῷ

217 3591 219 3594 ί
283 3564 630 3628 δουλεύοντες
665 3565 828 3628 ζῶντι
854 3566 948 3618 καὶ
979 3564 1238 3634 ἀληθινῷ.
1275 3561 1408 3617 Εἶτα
1438 3566 1554 3628 πῶς
1591 3565 1648 3618 ού
1679 3565 1810 3628 Θεὸς
1839 3565 1866 3616 6

287 3656 543 3727 Χριστὸς,
574 3657 631 3710 ὃν
664 3658 758 3710 καὶ
789 3657 1065 3725 Δεσπότην
1099 3654 1556 3726 ἐπεγραψάμεθα,
1588 3653 1768 3718 ζῶντά
1807 3671 1864 3707 τε

285 3747 511 3819 οἴδαμεν
539 3748 632 3802 καὶ
659 3747 914 3819 ἀληθινόν
940 3767 953 3814 ;

459 3976 552 4030 Ἐκ
595 3977 702 4045 τῆς
745 3977 1016 4032 Ἰωάννου
1061 3977 1428 4046 Ἐπιστολῆς
1461 3977 1714 4046 πρώτης.

371 4112 390 4144 ‹
420 4093 530 4146 Καὶ
572 4092 816 4162 οἴδαμεν,
846 4092 926 4145 ὅτι
953 4093 982 4144 6
1015 4087 1143 4156 Υἱὸς
1179 4085 1271 4145 τοῦ
1302 4085 1438 4145 Θεοῦ
1472 4093 1620 4164 ἣκει,
1654 4093 1747 4146 καὶ
1784 4091 1868 4145 δέ·

289 4183 463 4237 δωκεν
492 4183 624 4253 ἡμῖν
657 4181 912 4245 διάνοιαν,
941 4179 1028 4235 ἵνα
1063 4183 1424 4252 γινώσκωμεν
1454 4182 1546 4236 τὸν
1584 4183 1744 4252 μόνον
1775 4181 1868 4234 καὶ

290 4273 546 4346 ἀληθινὸν
575 4272 738 4326 Θεόν·
771 4273 865 4326 καὶ
897 4271 1066 4341 ἐσμὲν
1092 4276 1149 4325 ὲν
1173 4271 1250 4343 τῷ
1278 4273 1539 4344 ἀληθινῷ,
1568 4275 1625 4326 ἐν
1650 4273 1726 4344 τῷ
1753 4267 1870 4344 Υἱῷ

291 4365 460 4422 αὑτοῦ
495 4363 673 4436 Ἰησοῦ
705 4362 948 4436 Χριστῷ.
980 4359 1149 4428 υῦτός
1182 4367 1328 4418 ἐστιν
1360 4367 1387 4419 6
1421 4366 1672 4436 ἀληθινὸς
1713 4367 1866 4433 θεὸς,

293 4456 386 4508 καὶ
413 4452 525 4525 ζωὴ
561 4452 799 4514 αἰώνιος.
829 4471 849 4504 ι
893 4451 1101 4521 Ἰησοῦς
1135 4447 1388 4525 Χριστὸς,
1432 4455 1492 4506 οὐ
1528 4456 1730 4524 γυμνὸς
1776 4458 1867 4509 καὶ

293 4539 418 4597 καθ’
446 4542 641 4596 ἑαυτὸν
667 4544 763 4596 καὶ
803 4543 910 4609 ἔξω
945 4546 1166 4613 σαρκὸς,
1195 4543 1224 4596 6
1255 4545 1318 4595 ὲκ
1351 4543 1445 4597 τοῦ
1480 4540 1614 4597 Θεοῦ
1655 4545 1862 4615 Πατρὸς

1974 4557 2118 4613 latur
2174 4558 2332 4615 Jesus
2376 4559 2669 4618 Christus:
2701 4562 2903 4618 Christi
2953 4577 3130 4621 autem

293 4637 494 4690 νοεῖται
523 4635 694 4703 Λόγος
715 4652 729 4666 ο
761 4634 876 4689 ἀλλ’
898 4635 986 4689 ὅτε
1024 4635 1248 4704 γέγονεν
1286 4637 1591 4705 ἅνθρωπος,
1623 4637 1742 4690 τότε
1772 4638 1866 4691 καὶ

293 4727 606 4799 ὠνόμασται
633 4727 863 4799 Χριστὸς
904 4727 1128 4799 Ἰησοῦς.
1156 4727 1285 4780 Ὅτε
1316 4729 1494 4781 τοίνυν
1525 4727 1686 4792 αὑτός
1719 4730 1866 4784 ἐστιν

295 4819 548 4887 ἀληθινὸς
578 4818 732 4883 Θεὸς,
765 4820 860 4873 καὶ
891 4818 1003 4890 ζωὴ
1029 4816 1270 4884 αἰώνιος,
1305 4821 1388 4884 τίς
1417 4821 1524 4875 τῶν
1553 4823 1714 4894 ἕτερα
1741 4842 1872 4895 φροο

295 4907 528 4964 νούντων
556 4907 804 4972 ἀνέξεται
825 4925 840 4974 ;

644 5020 739 5077 Ἐκ
771 5021 884 5090 τῆς
923 5015 1111 5076 Ἰούδα
1163 5020 1547 5093 Ἐπιστολῆς.

377 5155 395 5186 ι
430 5129 617 5190 Πᾶσαν
667 5134 901 5206 σπουδὴν
959 5134 1280 5205 ποιούμενος
1322 5135 1418 5191 τοῦ
1468 5137 1701 5210 γράφειν
1741 5140 1868 5210 ὑμῖν

295 5227 423 5296 περὶ
467 5225 567 5297 τῆς
616 5225 803 5297 κοινῆς
851 5225 1003 5298 ὑμῶν
1056 5227 1361 5299 σωτηρίας,
1413 5229 1658 5302 ἀνάγκην
1712 5231 1868 5304 ἔσχον

291 5315 502 5388 γράψαι
547 5317 696 5390 ὑμῖν,
741 5318 1074 5390 παρακαλῶν
1123 5318 1558 5388 ἐπαγωνίζεσθαι
1612 5325 1676 5394 τῇ
1723 5323 1868 5389 ἅπαξ

1973 3299 2254 3352 Dominum
2311 3309 2506 3367 negant
2539 3301 2605 3356 ⁸ο.
2679 3302 2832 3356 Haud
2894 3306 3037 3359 enim
3069 3308 3248 3378 aliquo
3275 3319 3548 3382 corrupti.

1970 3391 2060 3444 bili
2111 3393 2305 3460 pretio,
2343 3409 2473 3445 auro
2507 3393 2586 3446 vel
2631 3406 2855 3462 argento
2903 3400 3163 3470 redempti
3203 3419 3410 3472 sumus,
3452 3415 3545 3464 sed

1969 3483 2204 3552 pretioso
2233 3484 2434 3538 Christi
2477 3488 2735 3553 sanguine
2762 3487 2830 3542 ".
2879 3507 2895 3539 ι
2960 3491 3140 3555 Quare
3197 3511 3381 3552 sumus
3429 3501 3547 3570 ejus

1969 3574 2058 3642 qui
2102 3574 2327 3627 redemit
2363 3589 2480 3638 nos,
2510 3585 2560 3628 et
2594 3576 2808 3643 quidem
2856 3578 2966 3634 Deo
3008 3583 3130 3638 vivo
3166 3596 3218 3639 ct
3253 3603 3381 3643 vero
3425 3604 3540 3644 ser-

1971 3666 2198 3719 vientes.
2229 3665 2364 3720 Cum
2388 3665 2605 3720 Christo
2634 3669 2796 3736 igitur
2827 3673 3035 3727 Domini
3064 3676 3270 3731 titulum
3306 3683 3546 3752 assigne-

1975 3771 2118 3820 tnus,
2148 3755 2430 3825 ipsumque
2470 3757 2644 3812 rivum
2679 3769 2748 3824 et_
2767 3778 2952 3816 verum
2988 3764 3269 3822 Dominum
3295 3786 3414 3826 esse
3441 3788 3544 3829 non

1973 3849 2302 3918 ignoremus,
2333 3865 2429 3902 cur
2453 3850 2620 3903 Deum
2656 3867 2776 3906 esse
2817 3853 3025 3911 inficias
3050 3858 3287 3914 ibimus?
3395 3867 3400 3870 ’

2353 3985 2437 4039 Ex
2466 3985 2703 4053 Epistola
2728 3991 2898 4058 prima
2931 3991 3174 4048 Joannis.

2056 4120 2074 4150 ι
2117 4099 2184 4154 Et
2208 4101 2433 4165 scimus,
2480 4102 2734 4168 quoniam
2782 4095 2950 4160 Filius
2983 4109 3073 4161 Dei
3117 4111 3282 4175 venit,
3315 4125 3367 4166 et
3401 4118 3549 4171 dedit
3617 4174 3626 4183 ,

1971 4191 2126 4246 nobis
2154 4207 2392 4258 sensum,
2426 4201 2482 4246 ut
2513 4208 2911 4262 cognoscamus
2949 4214 3136 4255 verum
3169 4201 3360 4269 Deum,
3389 4218 3445 4262 et
3475 4209 3548 4262 si-

1972 4301 2090 4340 nius
2116 4285 2167 4340 in
2203 4301 2330 4342 vero
2353 4286 2490 4342 Filio
2517 4290 2654 4356 ejus.
2708 4290 2807 4344 llic
2841 4303 2924 4346 est
2955 4309 3111 4348 verus
3151 4298 3308 4365 Deus,
3344 4310 3398 4354 et
3437 4304 3548 4358 vita

1969 4388 2170 4431 aeterna
2199 4375 2268 4432 ⁸’.
2305 4397 2323 4430 ι
2383 4380 2475 4434 Dei
2530 4381 2706 4435 Patris
2751 4382 3008 4448 Verbum,
3049 4397 3206 4455 prout
3248 4395 3545 4452 secundum

1971 4483 2029 4520 se
2061 4467 2226 4530 nudo,
2257 4478 2312 4523 et
2336 4479 2486 4523 extra
2526 4485 2744 4526 carnem
2797 4473 3194 4543 consideratur,
3223 4495 3325 4534 non
3362 4483 3546 4550 appul-

3171 4569 3296 4624 Jesu
3352 4588 3547 4628 "Omen

1977 4661 2103 4707 tunc
2144 4654 2357 4708 demum
2403 4655 2650 4710 sortitum
2683 4667 2786 4717 est.
2821 4673 2942 4711 cum
2987 4660 3147 4712 homo
3189 4660 3386 4716 factum
3445 4677 3547 4720 est.

1977 4743 2111 4798 Cum
2143 4745 2259 4814 ipse
2285 4745 2446 4815 igitur
2473 4763 2630 4802 vertts
2660 4749 2728 4802 sit
2752 4749 2914 4814 Deus,
2953 4761 3006 4804 et
3037 4754 3141 4806 vita
3185 4763 3404 4821 aeterna,
3429 4759 3550 4826 quis

1971 4850 2129 4891 secus
2155 4837 2393 4892 sentiens
2416 4838 2554 4892 ferre
2585 4841 2785 4909 queat?

2507 5036 2589 5093 Ex
2608 5035 2846 5101 Epistola
2874 5041 3052 5099 Judaz.

2051 5165 2071 5200 ‹
2105 5149 2331 5208 Omnem
2367 5154 2782 5213 sollicitudinem
2833 5158 3036 5217 faciens
3085 5165 3360 5224 scribendi
3397 5167 3550 5225 vobis

1979 5241 2041 5291 de
2086 5244 2354 5297 communi
2388 5256 2566 5300 vestra
2619 5248 2809 5314 salute,
2841 5257 3064 5309 necesSe
3101 5253 3262 5312 habui
3311 5261 3551 5317 Scribere

1978 5331 2148 5399 vobis,
2197 5334 2493 5405 deprecans
2541 5339 2650 5409 73
2702 5348 3080 5411 supercertare
3123 5349 3288 5406 semel
3336 5355 3547 5409 tradita:

368 5483 755 5560 "inurat.
832 5493 1032 5550 "ibid.
1067 5495 1264 5563 t0,H.
1342 5497 1808 5566 '°llPetr.tt,l.

1967 5505 1975 5558 l
2009 5504 2150 5559 Petr.
2187 5523 2224 5571 ι,
2264 5507 2350 5563 18.
2429 5509 2474 5544 ⁸¹
2500 5511 2514 5564 Ι
2545 5511 2700 5570 Joau.
2732 5533 2783 5581 v,
2811 5518 2901 5573 ‘20.

1371 5652 1542 5710 Variae
1568 5655 1825 5714 lectiones
1857 5660 2056 5716 codicis
2093 5647 2447 5730 Seguieriani.

376 5817 398 5847 ⁸
432 5807 492 5874 ζιῗ
510 5824 627 5864 σαν.
701 5809 737 5850 δ’
767 5811 938 5864 (θεῖον.

581 5907 833 5966 Ρλτηει.
885 5905 1006 5967 Gtt.
1047 5907 1323 5970 LXXVI.
