4146 6484
620 392 756 446 1259

1613 392 1668 444 S.
1707 387 1985 444 CYRILLI
2026 386 2493 443 ALEXANDBINI
2533 389 2846 445 AﬂClllEP.

3723 391 3862 446 1960

601 508 822 561 .sanctis
853 507 994 562 iidei.
1036 508 1474 564 Subinlroierunt
1508 509 1649 563 enim
1696 510 1911 578 quidam
1948 509 2185 563 homines

2297 508 2659 579 παραδοθείσῃ
2693 512 2803 571 τοῖς
2839 509 3013 575 ἁγίοις
3064 509 3262 562 πίστει.
3318 508 3718 581 Παρεισέδυσαν
3752 511 3863 580 γάρ

617 600 737 669 (qui
780 600 907 653 olim
940 601 1235 669 przescripti
1279 610 1407 655 sunt
1447 601 1500 654 iu
1540 602 1642 655 hoc
1682 599 1974 670 judicium)
2018 599 2187 668 impii,

622 691 711 745 Dei
749 692 917 746 nostri
944 692 1171 763 gratiam
1200 692 1588 748 transferentes
1615 692 1666 746 in
1697 692 1994 755 luxuriam,
2026 700 2083 744 et
2110 705 2217 763 so-b

618 782 724 833 lum
759 782 1247 845 l)omiuatorem,et
1268 784 1548 838 Dominum
1572 793 1811 838 nostrum
1833 781 2015 836 Jesutn
2040 782 2192 836 Chri-

618 882 756 925 stum
777 874 1109 943 negantes".
1143 894 1161 927 ι
1184 875 1316 930 Cum
1340 874 1730 929 incarnationis
1752 875 2052 928 doctrinam
2080 872 2193 927 uni-

619 980 774 1017 verse
806 967 1176 1032 admittamus,
1212 967 1481 1035 quomodo
1512 967 1602 1034 qui
1633 966 1797 1020 semel
1820 964 2188 1027 crediderunt,

621 1055 900 1106 Dominum
935 1066 1173 1109 nostrum
1193 1054 1375 1110 Jesum
1396 1055 1667 1109 Christum
1693 1069 1887 1124 negare
1906 1052 2192 1107 dicuntur?

540 1130 541 1133 η
619 1148 762 1201 Sane
796 1148 840 1200 si
872 1147 1031 1201 alium
1061 1148 1250 1201 Filium
1299 1148 1388 1202 Dei
1420 1148 1596 1202 Patris
1631 1148 1859 1201 Verbum
1894 1161 2015 1200 esse
2038 1145 2189 1199 dixe-

619 1241 807 1306 rimus,
835 1241 995 1293 alium
1023 1255 1207 1292 rursus
1234 1255 1378 1301 emn,
1410 1238 1500 1307 qui
1537 1248 1695 1291 natus
1720 1246 1800 1292 est
1828 1251 1892 1290 ex
1928 1234 2187 1297 muliere;

617 1348 778 1385 illlllnl
838 1332 1117 1385 Dominum
1179 1332 1378 1384 diserte
1432 1330 1756 1384 inliciumur.
1834 1327 1983 1382 Unus
2043 1327 2187 1381 enim

616 1426 876 1477 Dominus
904 1422 1059 1477 Jesus
1097 1423 1366 1485 Christus,
1400 1438 1564 1476 carne
1597 1422 1714 1491 ejus
1752 1421 2047 1475 secundum
2077 1418 2188 1473 dis-

615 1516 972 1583 pensaturiam
1028 1531 1147 1568 cum
1199 1514 1290 1569 Dei
1360 1514 1533 1568 Patris
1575 1513 1749 1567 Verbo
1804 1512 2078 1577 unionem,
2121 1510 2187 1563 ad

614 1607 831 1660 deitatis
876 1605 1096 1676 gloriam
1132 1617 1340 1659 evecta.
1391 1606 1542 1661 Unus
1572 1605 1798 1675 proinde
1832 1613 1913 1658 est
1936 1603 2187 1658 Christus

614 1710 663 1748 ct
713 1696 880 1751 Filius
920 1714 932 1748 :
973 1697 1041 1751 ita
1089 1697 1232 1750 enim
1271 1698 1375 1751 erit
1418 1696 1576 1766 hujus
1620 1696 1855 1750 universi
1902 1692 2184 1749 Dominus.

860 1923 945 1977 Ex
974 1920 1258 1991 Evangelia
1287 1923 1573 1975 secundum
1603 1920 1936 1975 Matt/tantm.

1038 2031 1191 2095 Quod
1220 2030 1462 2085 Christus
1498 2031 1561 2083 sit
1599 2030 1758 2085 Deus.

693 2163 710 2195 ι
749 2143 875 2199 ΠίΒο
900 2153 1079 2198 autem
1115 2158 1179 2198 co
1203 2145 1498 2213 cogitante,
1535 2158 1661 2198 ecce
1712 2143 1933 2213 angelus
1979 2141 2185 2196 Domini

613 2239 859 2307 apparuit
904 2237 956 2289 in
994 2238 1197 2290 somnis
1253 2237 1299 2289 ei
1326 2275 1340 2299 ,
1372 2237 1602 2292 dicens:
1643 2234 1840 2306 Joseph
1892 2235 1963 2290 [ili
1998 2235 2185 2298 David,

612 2332 722 2385 noli
756 2331 945 2383 timere
976 2328 1225 2399 accipere
1252 2327 1475 2381 Mariam
1504 2326 1785 2397 coniugem
1819 2337 1963 2380 tuam
1991 2341 2012 2377 .:
2044 2325 2187 2395 quod

613 2424 755 2475 eititn
792 2422 842 2473 in
871 2436 931 2473 ea
963 2428 1143 2475 natum
1176 2428 1278 2481 est,
1310 2420 1374 2474 de
1405 2418 1607 2489 Spiritu
1646 2427 1836 2473 sancto
1875 2426 1976 2472 est.
2010 2416 2185 2471 Pariet

612 2524 791 2567 autem
820 2514 1007 2575 illium,
1042 2512 1340 2566 etvoeabis
1391 2526 1585 2565 nomen
1637 2510 1753 2578 ejus
1800 2511 2030 2566 Jesum:
2074 2509 2188 2579 ipse

610 2606 754 2661 enim
793 2604 997 2657 salvum
1030 2602 1192 2657 faciet
1237 2603 1489 2673 populum
1538 2619 1692 2656 suum
1734 2617 1761 2656 a
1814 2602 2048 2672 peccatis
2091 2616 2189 2656 co-

611 2712 729 2749 rum
763 2695 827 2748 3‘.
867 2714 883 2745 ι
928 2696 1039 2747 Duo
1080 2694 1238 2747 simul
1286 2695 1387 2748 hoc
1438 2693 1554 2748 loco
1600 2693 1771 2761 ponit,
1814 2708 1934 2763 quze
1976 2694 2026 2746 in
2055 2693 2188 2747 divi-

561 2813 566 2817 -
611 2804 733 2840 nam
774 2797 977 2839 latttum
1016 2796 1265 2839 naturam
1305 2785 1594 2854 qttadranl,
1634 2800 1739 2838 non
1783 2786 1943 2838 etiam
1992 2785 2042 2836 in
2089 2784 2188 2837 hu-

611 2894 847 2931 manum.
892 2877 1102 2931 Asserit
1154 2889 1389 2944 namque
1419 2874 1556 2943 ejus,
1591 2874 1680 2941 qui
1728 2887 1792 2927 ex
1836 2872 2005 2927 Maria
2035 2880 2187 2926 ortus

608 2981 712 3037 est,
745 2986 835 3025 eos
862 2985 1070 3031 oumes,
1101 2968 1189 3034 qui
1226 2967 1452 3021 salutem
1498 2982 1594 3034 per
1627 2967 1801 3034 ipsum
1848 2979 2189 3033 consequun-

614 3075 722 3127 tur,
782 3063 1035 3131 populum
1095 3075 1212 3113 esse
1263 3058 1626 3129 peculiarem;
1682 3066 1791 3109 tum
1836 3064 1889 3108 et
1958 3053 2088 3122 ipsis
2126 3053 2188 3106 il—

615 3158 722 3210 lum
772 3168 986 3224 peccata
1025 3152 1393 3206 dimissurum.
1421 3149 1578 3217 Atqui
1624 3147 1714 3200 Dei
1745 3155 1871 3199 sunt
1897 3146 2145 3197 universa
2170 3181 2183 3206 ,

612 3245 887 3310 ipsiusque
930 3241 1095 3294 solius
1141 3248 1224 3293 est
1295 3247 1636 3307 peccatorum
1690 3235 1898 3304 laqueis
1951 3233 2187 3286 irretitos

611 3336 887 3403 expedire.
918 3331 967 3385 ls
1005 3333 1188 3402 igitur,
1224 3331 1313 3399 qui
1352 3346 1415 3382 ex
1452 3344 1607 3382 sacra
1639 3326 1862 3395 Virgine
1897 3337 2049 3377 natus
2082 3335 2185 3389 est,

613 3427 754 3479 Deus
788 3434 891 3487 est,
920 3423 1073 3491 cujus
1107 3438 1204 3475 nos
1233 3420 1523 3490 peculiaris
1554 3418 1781 3485 pepulus
1828 3432 2034 3477 sumus,
2067 3416 2187 3483 qui-

611 3531 717 3585 que
758 3532 786 3569 e
817 3525 1163 3583 peceatorqu
1213 3510 1442 3565 vinculis
1493 3523 1590 3578 pro
1637 3523 1730 3561 sua
1785 3516 2052 3576 potestate
2090 3521 2188 3559 nos

612 3608 808 3662 exemit
842 3621 902 3659 ac
934 3602 1201 3657 liberavit.

687 3718 704 3749 ι
742 3700 873 3753 Cum
916 3711 1044 3766 ergo
1102 3704 1259 3748 natus
1296 3703 1439 3749 esset
1479 3692 1636 3747 Jcsns
1684 3692 1734 3745 in
1784 3690 2049 3744 Bethleem
2092 3688 2188 3743 Ju-

613 3795 738 3847 dma:
762 3790 830 3843 ⁸⁵.
864 3810 882 3840 ›
930 3789 984 3842 1η
1037 3788 1265 3843 Belleem
1310 3787 1505 3841 ,Ιιιὼυιιι
1543 3796 1702 3839 natus
1731 3786 1830 3848 eét,
1889 3798 1951 3835 ex
1988 3782 2184 3837 Jesswa

613 3885 814 3938 radice.
847 3882 998 3938 Unde
1028 3882 1166 3934 Deus
1191 3889 1242 3933 et
1270 3879 1427 3932 Pater
1470 3892 1565 3947 per
1616 3878 1899 3945 quemdam
1948 3890 1977 3927 e
2017 3874 2186 3927 sacris

612 3977 824 4029 vatibus
863 3976 934 4028 ila
969 3975 1043 4028 ait
1071 3991 1085 4028 :
1118 3990 1138 4024 ‹
1187 3973 1255 4026 Et
1286 3981 1338 4025 tu
1406 3970 1677 4024 Bethleem
1706 3969 1896 4021 domus
1927 3966 2183 4035 Ephrata,

612 4079 951 4132 nequaquam
983 4062 1206 4115 minima
1238 4076 1318 4124 es,
1349 4059 1456 4130 79
1488 4069 1544 4112 ttt
1575 4059 1648 4112 sis
1682 4057 1732 4111 in
1765 4056 1998 4110 millibus
2025 4054 2182 4109 Juda.

531 4197 545 4209 .
608 4155 688 4209 Ex
740 4164 789 4209 te
835 4156 978 4208 enim
1032 4154 1342 4224 egredietur
1392 4151 1518 4205 mihi
1575 4151 1665 4219 qui
1726 4158 1877 4218 regat
1931 4148 2183 4218 populum

611 4261 787 4299 meum
832 4246 883 4299 iu
908 4244 1075 4299 lsrael
1103 4264 1117 4300 :
1149 4254 1203 4298 et
1228 4257 1481 4313 egressus
1515 4240 1631 4310 ejus
1653 4240 1721 4293 ab
1750 4239 1900 4292 initio
1926 4255 1953 4291 a
1996 4238 2185 4292 diebus

526 4370 527 4373 η
606 4338 925 4391 mterttitatis
950 4337 1015 4390 ⁸⁸.
1058 4355 1076 4387 ι
1126 4335 1405 4402 Quomodo
1464 4331 1775 4386 Betleetuila
1826 4329 1914 4382 ille
1980 4329 2048 4382 ab
2091 4329 2189 4382 ini-

610 4432 683 4484 tio
715 4430 892 4483 saeculi
922 4444 1192 4499 egressus,
1238 4429 1340 4482 hoc
1376 4435 1461 4480 est
1497 4422 1817 4478 substantia:
1860 4421 2183 4489 principium

607 4524 831 4577 sortitus
871 4522 1089 4585 dicitur,
1148 4534 1269 4574 cum
1322 4530 1500 4572 tamen
1552 4515 1605 4568 in
1648 4511 1957 4568 novissimis
2002 4512 2181 4566 sreculi

610 4615 940 4683 temporibus
966 4623 1149 4667 natum
1184 4612 1358 4679 ipsum
1400 4622 1521 4663 esse
1548 4604 1806 4673 fconstet?
1835 4605 1974 4658 Deus
2016 4604 2181 4673 igitur

606 4717 690 4761 est
731 4705 1000 4769 Christus,
1050 4703 1329 4773 ipsiusque
1368 4699 1534 4754 divini
1583 4696 1745 4753 Verbi
1800 4696 2091 4765 antiquitas
2128 4698 2180 4750 in

609 4800 754 4853 illum
782 4798 1050 4852 convenit.
1078 4796 1213 4850 Nam
1245 4795 1389 4849 Deus
1418 4801 1557 4855 erat,
1584 4799 1804 4860 propter
1835 4804 1931 4844 nos
1964 4803 2029 4842 ex
2058 4802 2178 4840 mu-

610 4891 739 4945 liere
768 4892 929 4945 homo
954 4888 1104 4943 nasci
1134 4887 1408 4958 dignatus.

683 4999 702 5033 ι
744 4981 879 5051 Ego.
907 4980 1145 5050 quidem,
1195 4979 1404 5046 inquit,
1450 4974 1671 5045 haptizo
1707 4988 1801 5030 vos
1836 4972 1887 5025 in
1941 4984 2081 5037 aqua
2135 4968 2185 5022 in

609 5071 1000 5142 paenitentiam.
1034 5070 1133 5136 Qui
1168 5077 1347 5122 autem
1377 5076 1501 5133 post
1526 5082 1611 5121 me
1638 5074 1898 5119 venturus
1938 5073 2044 5125 est,
2073 5059 2185 5114 for-

612 5166 714 5218 tior
744 5178 827 5217 me
849 5171 953 5226 est,
975 5162 1130 5229 cujus
1159 5176 1263 5215 nou
1291 5175 1408 5213 sum
1433 5159 1627 5228 dignus
1670 5156 2031 5211 caleeamenta
2058 5167 2181 5222 por-

610 5267 745 5309 tare.
776 5255 895 5321 lpse
922 5268 1016 5307 vos
1052 5252 1347 5321 baptizabit
1374 5253 1427 5305 in
1478 5251 1682 5319 Spiritu
1723 5258 1909 5304 sancto
1936 5260 1991 5302 et
2036 5249 2176 5317 igne.

608 5347 774 5417 Cujus
815 5345 1171 5401 ventilabrum
1227 5346 1280 5399 in
1331 5360 1490 5398 manu
1549 5359 1668 5408 sua,
1720 5350 1772 5395 et
1806 5336 2182 5410 perm'undabit

608 5453 792 5495 aream
834 5454 986 5493 suam
1011 5437 1079 5492 ⁸⁷.
1128 5455 1148 5488 ι
1200 5436 1633 5506 Haudquaquam
1687 5436 1938 5490 humana:
1976 5443 2179 5487 natura:

608 5546 742 5602 opus
762 5540 845 5585 cst
874 5530 926 5584 in
953 5529 1161 5599 Spiritu
1185 5537 1377 5584 saneto
1408 5529 1721 5598 baptizare:
1755 5528 1847 5583 sed
1876 5542 2049 5596 neque
2076 5526 2179 5596 Spi-

608 5622 817 5678 ritalem
853 5635 1066 5691 quoque
1094 5635 1300 5686 aream,
1338 5620 1443 5677 hoc
1482 5629 1567 5674 est
1598 5621 1845 5675 homines
1875 5627 2088 5673 aetatem
2123 5619 2174 5672 in

674 5799 719 5829 ⁸³
748 5798 872 5855 Jud.
909 5799 962 5865 5,
993 5799 1046 5855 4.
1108 5799 1156 5833 ⁸⁸
1184 5798 1374 5856 Matth.
1406 5814 1444 5866 ι,
1472 5797 1562 5866 9.0,
1598 5796 1689 5856 ~2t.

2213 3208 2254 3266 C

1766 5795 1811 5828 ⁸⁸
1849 5794 2035 5852 Matth.
2077 5811 2136 5860 tt,
2184 5794 2230 5849 l.

2293 618 2435 663 τινες
2463 602 2758 671 ἄνθρωποι,
2788 603 2835 653 οἱ
2873 600 3037 654 παλαι
3072 602 3554 671 προγεγραμμένοι
3589 604 3671 665 εἰς
3699 602 3860 654 τοῦτο

2292 690 2353 742 τὸ
2391 693 2585 760 κρῖμα,
2616 692 2856 755 ἀσεϐεῖς,
2888 691 2986 761 τὴν
3014 691 3108 744 τοῦ
3141 691 3277 744 Θεοῦ
3308 692 3461 761 ἡμῶν
3493 693 3655 762 χάριν
3698 710 3867 762 μεταο

2292 780 2528 844 τιθέντες
2558 784 2634 844 εἰς
2669 782 2979 850 ἀσέλγειαν,
3011 782 3104 835 καὶ
3133 783 3224 835 τὸν
3254 783 3413 853 μόνον
3446 784 3725 853 Δεσπότην
3771 784 3865 836 καὶ

2293 872 2495 941 Κύριον
2534 871 2688 941 ἡμῶν
2735 872 2938 942 Ἰησοῦν
2984 873 3220 943 Χριστὸν
3267 873 3618 943 ἀρνούμενοι.
3647 892 3666 925 ι
3704 875 3864 928 Κατὰ

2292 962 2411 1015 τίνα
2448 962 2650 1030 τρόπον
2706 962 3000 1035 ἀρνήσεταί
3044 981 3124 1027 τις
3169 964 3275 1018 τῶν
3311 965 3455 1029 ἅπαξ
3503 966 3865 1017 πεπιστευχό·

2290 1053 2498 1107 τωντὸν
2516 1054 2892 1125 Κύριονὴμῶν
2926 1054 3128 1125 Ἰησοῦν
3170 1056 3438 1126 Χριστόνς
3498 1057 3692 1109 Καίτοι
3724 1074 3864 1130 παρ-

2289 1144 2590 1215 εδεξάμεθκ
2632 1146 2722 1199 τὸν
2747 1182 2764 1215 ι
2787 1147 2885 1216 τῆς
2940 1147 3407 1218 ὲνανθρωπὴσεως
3448 1149 3603 1217 λόγον
3621 1166 3637 1183 ο
3669 1149 3787 1202 ἀλλ’
3815 1152 3863 1201 εί

2294 1235 2493 1305 φαμὲν,
2525 1237 2607 1289 ὅτι
2646 1237 2833 1306 ἕτερος
2865 1236 2964 1306 μέν
2999 1240 3145 1293 ἐστιν
3177 1241 3301 1304 Υἱὸς
3327 1244 3354 1294 6
3383 1244 3448 1293 ἐκ
3478 1241 3611 1295 Θεοῦ
3652 1242 3865 1313 Πατρὶς

2291 1325 2484 1391 Λόγος,
2515 1326 2702 1397 ἔτερος
2745 1328 2800 1380 δὲ
2832 1328 2953 1380 κατ’
2986 1328 3121 1382 ἰδίαν
3151 1332 3177 1383 ὁ
3210 1333 3274 1384 ἐκ
3314 1332 3591 1400 γυναικὸς,
3618 1332 3865 1401 ἠρνησαο

2294 1416 2433 1487 μεθα
2466 1419 2557 1471 τὸν
2604 1420 2764 1489 μόνον
2806 1423 3104 1494 Δεσπότην.
3141 1418 3235 1484 Εἷς
3271 1422 3380 1494 γὰρ
3415 1423 3618 1493 Κύριος
3657 1423 3864 1493 Ἰησοῦς

2291 1510 2545 1581 Χριστὸς,
2574 1511 2695 1564 καθ’
2725 1512 2916 1567 ένωσιν
2940 1515 3309 1585 οἰκονομικὴν,
3344 1513 3441 1585 τὴν
3466 1514 3602 1586 πρός
3630 1514 3694 1580 γέ
3722 1531 3862 1583 φημι

2289 1601 2379 1654 τὸν
2420 1604 2484 1655 ὲκ
2513 1602 2870 1673 ΘεοῦὶΛόγον,
2897 1608 2977 1670 είς
3005 1607 3101 1676 τὴν
3128 1607 3226 1675 τῆς
3259 1605 3511 1675 θεότητος
3547 1605 3704 1672 δόξαν
3733 1606 3863 1657 ἀνα-

2292 1685 2562 1762 φοιτώσης
2586 1694 2752 1747 αὐτοῦ
2767 1696 2864 1767 τῆς
2893 1697 3110 1767 σαρκός.
3139 1694 3233 1759 Εἷς
3252 1693 3345 1751 οῦν
3375 1697 3483 1768 ἄρα
3511 1696 3744 1767 Χριστὸς
3770 1698 3863 1749 καί

2297 1784 2460 1847 Υίός·
2492 1784 2645 1838 ἔσται
2676 1790 2783 1857 γὰρ
2812 1786 2955 1841 οὕτω
2985 1788 3091 1840 τῶν
3119 1787 3255 1841 ὅλων
3287 1788 3581 1857 Δεσπότης.

2480 1916 2579 1971 Ἐκ
2619 1916 2724 1971 τοῦ
2762 1919 2911 1972 κατὰ
2955 1920 3256 1974 Ματθαῖον
3288 1922 3679 1991 Εὑαγγελίου.

2728 2025 2857 2080 Ὅτι
2901 2027 3045 2093 Θεὸς
3078 2031 3109 2083 ό
3148 2031 3425 2097 Χριστός-ι

2366 2153 2385 2186 ι
2436 2136 2619 2191 Ταῦτα
2670 2138 2727 2192 δὲ
2776 2141 2939 2195 αὐτοῦ
2994 2143 3420 2215 ἐνθυμηθέντος,
3477 2148 3584 2202 ἰδοὺ
3634 2148 3863 2218 ἄγγελος

2289 2226 2494 2297 Κυρίου
2526 2231 2646 2282 κατ’
2675 2230 2806 2304 ὅναρ
2837 2234 3011 2305 ἐφάνη
3055 2236 3225 2307 αὐτῷ,
3274 2236 3468 2307 λέγων·
3514 2241 3713 2313 Ἰωσὴφ
3749 2244 3863 2306 υίὸς

2288 2316 2468 2385 Δαυῒδ,
2507 2319 2583 2390 μὴ
2611 2320 2853 2395 φοϐηθῇς
2884 2325 3219 2395 παραλαϐεῖν
3245 2329 3479 2400 Μαριὰμ
3508 2331 3606 2401 τὴν
3628 2336 3861 2400 γυναῖκα

2290 2424 2415 2461 σου·
2443 2410 2503 2463 τὸ
2538 2410 2647 2482 γὰρ
2690 2414 2748 2467 ὲν
2781 2416 2919 2485 αὐτῇ
2960 2418 3237 2488 γεννηθὲν,
3271 2420 3333 2473 ὲκ
3372 2421 3687 2492 Πνεύματός
3716 2427 3863 2477 ἐστιν

2288 2498 2465 2566 ἁγίου.
2497 2502 2720 2566 Τέξεται
2749 2505 2807 2558 δὲ
2833 2506 2969 2570 υἱὸν,
2997 2508 3089 2561 καὶ
3112 2508 3363 2574 καλέσεις
3392 2512 3451 2563 τὸ
3478 2512 3647 2582 ὄνομα
3670 2514 3857 2577 αὑτοῦ,

2301 2588 2508 2659 Ἰησοῦν
2528 2608 2540 2620 ·
2590 2593 2752 2656 αὐτὸς
2783 2595 2892 2665 γὰρ
2931 2596 3094 2650 σώσει
3123 2598 3215 2651 τὸν
3243 2599 3368 2652 λἀὸν
3412 2602 3577 2655 αὐτοῦ
3612 2604 3721 2656 ἀπὸ
3754 2606 3863 2656 τῶν

2287 2684 2569 2753 ἁμαρτιῶν
2599 2687 2798 2742 αὐτῶν.
2849 2708 2864 2738 ›
2902 2688 3005 2742 Δύο
3038 2691 3179 2744 κατὰ
3214 2693 3377 2746 ταυτὸ
3418 2694 3595 2763 τίθησι
3637 2696 3703 2748 τὰ
3751 2697 3865 2749 θεο-

2288 2777 2492 2845 πρεπῆ,
2527 2778 2621 2830 καὶ
2650 2779 2748 2832 οὐκ
2781 2781 3096 2853 ἀνθρωπεία
3125 2784 3402 2853 πρέποντα
3422 2785 3597 2853 φύσει.
3616 2787 3721 2839 Τοῦ
3752 2790 3865 2856 γὰρ

2287 2867 2567 2937 τεχθέντος
2614 2870 2678 2922 ἐκ
2726 2870 2827 2939 τῆς
2877 2873 3109 2944 Μαριὰμ
3157 2874 3284 2927 ἴδιον
3332 2875 3436 2945 ἔφη
3465 2875 3589 2930 λαὸν
3623 2881 3748 2941 τοὺς
3790 2881 3863 2932 δι’

2288 2958 2451 3010 αὑτοῦ
2493 2960 2871 3031 σεσωσμένους
2891 2980 2905 2993 ·
2941 2965 3034 3017 καὶ
3068 2966 3192 3035 μὴν,
3222 2968 3303 3019 ὅτι
3329 2968 3423 3020 καὶ
3457 2970 3741 3040 ἁμαρτιῶν
3764 2972 3866 3023 αὖ·

2288 3051 2413 3113 τοὺς
2442 3052 2603 3115 αὐτὸς
2670 3053 2989 3118 ἀπαλλάξει.
3018 3055 3149 3108 Θεοῦ
3175 3057 3229 3109 δὲ
3271 3057 3337 3110 τὰ
3376 3058 3575 3124 πάντα,
3607 3062 3697 3113 καὶ
3730 3062 3866 3130 πρέ-

2290 3158 2380 3193 ποι
2430 3141 2495 3195 ἂν
2543 3144 2819 3214 αὐτῷκαὶ
2870 3146 3017 3217 μόνῳ
3055 3148 3116 3201 τὸ
3167 3149 3529 3204 ἀπαλλάττειν
3574 3154 3864 3224 ἁμαρτιῶν

2288 3230 2543 3284 δύνασθαι
2590 3234 2717 3297 τοὺς
2760 3235 3170 3305 ἡμαρτηκότας.
3215 3236 3349 3301 Θεὸς
3394 3235 3489 3292 οῦν
3520 3238 3626 3312 ἄρα
3658 3243 3801 3293 ἐστὶν
3831 3244 3866 3294 ὁ

2289 3324 2351 3375 ὲκ
2380 3324 2478 3392 τῆς
2516 3325 2676 3392 ἁγίας
2712 3327 2986 3395 Παρθένου
3018 3330 3429 3399 γεγεννημένος,
3482 3325 3543 3384 οὗ
3591 3334 3685 3386 καὶ
3734 3335 3865 3397 ἴδιός

2289 3414 2454 3483 ἐσμεν
2484 3416 2630 3482 λαὸς,
2667 3417 2758 3469 καὶ
2809 3418 3095 3487 ἁμαρτιῶν
3126 3419 3181 3471 δὲ
3230 3421 3376 3490 ἡμᾶς
3407 3421 3736 3494 ἀπήλλαξεν,
3785 3424 3863 3487 ὡς

2288 3506 2426 3576 ἔχων
2457 3508 2548 3560 καὶ
2578 3507 2767 3560 τούτου
2800 3508 2899 3579 τὴν
2932 3508 3197 3575 ἐξουσίαν.

2365 3727 2382 3757 ι
2430 3706 2535 3761 Τοῦ
2565 3709 2621 3761 δὲ
2665 3707 2839 3780 Ἰησοῦ
2860 3708 3209 3780 γεννηθέντος
3239 3710 3297 3763 ἐν
3329 3709 3574 3780 Βηθλεὲμ
3602 3710 3700 3779 τῆς
3733 3711 3861 3763 Ἰου-

2286 3798 2459 3862 δαίας.
2501 3817 2518 3849 ι
2567 3799 2657 3852 Ἐν
2686 3798 2935 3869 Βηθλεὲμ
2961 3799 3283 3870 γεγέννηται
3327 3801 3427 3870 τῆς
3470 3801 3753 3865 Ἰουδαίας,
3795 3805 3860 3857 ὲκ

2289 3888 2445 3961 ῥίζης
2486 3889 2702 3945 Ἰεσσαί.
2732 3891 2869 3959 Φησὶ
2896 3889 2952 3943 δὲ
2990 3891 3120 3962 περὶ
3140 3891 3303 3944 αὑτοῦ
3334 3892 3403 3944 δι’
3432 3892 3550 3954 ἑνὸς
3577 3892 3685 3945 τῶν
3731 3911 3857 3963 προς

2288 3980 2471 4049 φητῶν
2500 3982 2528 4034 6
2557 3980 2687 4043 Θεὸς
2720 3982 2813 4035 καὶ⁵
2840 3982 3064 4053 Πατήρ·
3110 4002 3128 4034 ι
3165 3984 3275 4037 Καὶ
3325 3985 3389 4036 σὺ
3432 3984 3679 4056 Βηθλεὲμ
3711 3981 3860 4047 οἶκος

2286 4069 2379 4122 τοῦ
2426 4071 2686 4139 Ἐφραθᾶ,
2725 4071 2799 4141 μὴ
2832 4070 3107 4139 ὀλιγοστὸς
3139 4066 3190 4124 εἴ
3220 4069 3315 4125 τοῦ
3350 4068 3490 4127 εἶναι
3521 4076 3581 4126 ἐν
3627 4075 3857 4144 χιλιάσιν

2299 4158 2470 4213 Ἰούδα
2491 4176 2504 4190 ο
2531 4161 2595 4212 ὲκ
2624 4159 2715 4212 σοῦ
2746 4161 2851 4231 γάρ
2877 4178 2966 4231 μοι
2997 4161 3334 4227 ἐξελεύσεται
3364 4163 3456 4216 τοῦ
3487 4159 3626 4216 εἶναι
3654 4168 3732 4227 είς
3762 4167 3858 4235 ἄρα

2285 4266 2446 4319 χοντα
2475 4251 2531 4303 ὲν
2561 4250 2638 4321 τῷ
2683 4252 2902 4323 Ἰσραήλ
2925 4269 2940 4284 ο
2967 4253 3062 4305 καὶ
3091 4254 3143 4305 αί
3175 4252 3343 4316 ἔξοδοι
3374 4253 3538 4307 αὑτοῦ
3569 4255 3663 4308 ἀπ’
3688 4257 3857 4327 ἀρχῆς

2285 4342 2345 4406 ἐξ
2391 4341 2612 4413 ἡμερῶν
2646 4343 2859 4405 αἰῶνος.
2904 4363 2920 4395 ι
2962 4343 3087 4404 Πῶς
3138 4339 3230 4396 οὖν
3278 4345 3307 4396 6
3356 4348 3752 4416 γεγεννημένος
3799 4349 3856 4399 ὲν

2286 4430 2533 4503 Βηθλεὲμ
2561 4432 2658 4500 τῆς
2690 4432 2971 4499 Ἰουδαίας,
2997 4436 3090 4488 ἀπ’
3112 4436 3286 4507 ἀρχῆς
3312 4437 3504 4501 αἰῶνος
3527 4439 3627 4499 τὰς
3650 4437 3857 4503 ἐξόδους

2287 4519 2702 4597 ἔχεινλέγεται,
2751 4523 2995 4576 τουτέστι
3042 4525 3142 4594 τῆς
3190 4525 3475 4597 ὑπάρξεως
3517 4527 3613 4598 τὴν
3664 4529 3855 4599 ἀρχὴν,

2288 4617 2461 4670 καίτοι
2509 4616 2788 4686 γεννηθεὶς
2834 4617 2890 4671 ἐν
2933 4618 3180 4687 ἐσχάτοις
3224 4619 3319 4672 τοῦ
3371 4620 3564 4683 αίῶνος
3614 4625 3854 4691 καιροίςς

2285 4709 2416 4772 Θεὸς
2448 4704 2542 4763 οῦν
2575 4708 2682 4780 ἄρα
2713 4710 2968 4779 Χριστὸς,
2994 4711 3087 4763 καὶ
3112 4711 3313 4779 πρέπει
3343 4712 3491 4782 αύτῴ
3510 4713 3570 4764 τὸ
3598 4712 3693 4765 τοῦ
3725 4714 3855 4765 Θεοῦ

2288 4801 2463 4867 Λόγου
2497 4799 2892 4870 πρεσϐύτατον.
2927 4799 3059 4862 Θεὸς
3078 4800 3186 4871 γὰρ
3203 4796 3289 4872 ἦν,
3322 4803 3388 4855 δι’
3418 4805 3567 4874 ἡμᾶς
3597 4805 3856 4877 σαργιχὴν

2290 4891 2588 4961 ὑπομείνας
2618 4890 2869 4961 γέννησιν
2896 4891 2996 4961 τὴν
3025 4891 3088 4945 ὲκ
3119 4894 3395 4960 γυναικός.

2366 5003 2384 5035 ‹
2444 4982 2585 5052 Ἐγὼ
2620 4984 2718 5053 μὲν
2748 4986 2858 5054 γὰρ
2898 4984 3043 5053 ὑμᾶς
3084 4985 3142 5037 ὲν
3176 4984 3326 5040 ὕδατι
3361 4986 3624 5055 βαπτίζω,
3676 4988 3854 5058 φησὶν,

2289 5075 2367 5137 εἰς
2405 5074 2691 5144 μετάνοιαν
2711 5089 2723 5101 ·
2759 5074 2787 5125 ὁ
2818 5072 2874 5126 δὲ
2905 5073 3080 5126 ὀπίσω
3108 5090 3211 5143 μου
3241 5074 3554 5145 ἐρχόμενος,
3588 5077 3857 5147 ἰσχυρότε-

2291 5165 2383 5235 ρός
2417 5182 2517 5234 μου
2551 5166 2717 5229 ἐστὶν,
2746 5159 2806 5217 οὗ
2840 5165 2939 5217 οὐκ
2965 5165 3080 5236 εἰμὶ
3115 5167 3297 5231 ἱκανὸς
3326 5167 3393 5221 τὰ
3420 5169 3737 5239 ὑποδήματα
3767 5169 3855 5240 βα-

2291 5256 2503 5309 στάσαι.
2533 5256 2703 5318 Αὐτὸς
2731 5256 2874 5324 ὑμᾶς
2904 5254 3156 5325 βαπτίσει
3197 5259 3255 5311 ὲν
3297 5258 3569 5329 ιινεύματι
3598 5262 3739 5331 ἁγίῳ
3767 5264 3855 5315 καὶ

2289 5346 2437 5416 πυρί.
2471 5339 2545 5400 Oi}
2588 5346 2648 5398 τὸ
2677 5346 2841 5399 πτύον
2881 5348 2940 5400 έν
2969 5352 3035 5421 τῇ
3067 5350 3209 5421 χειρὶ
3258 5348 3444 5415 αὐτοῦ,
3480 5351 3573 5403 καὶ
3601 5351 3852 5405 διακαθα-

2288 5438 2394 5506 ριεῖ
2420 5436 2518 5507 τὴν
2556 5436 2739 5492 ἆλωνα
2788 5438 2976 5494 αὑτοῦ.
3020 5459 3037 5490 ι
3073 5441 3187 5493 Οὐκ
3237 5441 3655 5511 ἀνθρωπότητος
3703 5443 3850 5513 ἔργον

2284 5502 2423 5580 εἷναί
2468 5502 2649 5598 ιραμεν
2679 5530 2739 5581 τὸ
2775 5528 3055 5599 βαπτίζειν
3102 5532 3158 5583 ὲν
3208 5502 3352 5601 ἁγίῳ.
3398 5502 3674 5601 Πνεῦματι
3698 5551 3710 5562 ·

2281 5620 2403 5673 οὐδὲ
2450 5619 2549 5690 τὴν
2577 5620 2779 5691 γᾶλωνα
2826 5622 2924 5692 τὴν
2954 5622 3169 5694 νοητὴν,
3202 5623 3445 5677 τουτέστι
3475 5625 3601 5689 τοὺς
3632 5626 3724 5679 ἐπὶ
3762 5625 3856 5695 τῆς

2310 5796 2354 5828 ⁸⁸
2387 5795 2549 5852 Mich.
2593 5814 2648 5861 ν,
2689 5796 2755 5863 9.;
2795 5796 2984 5851 Matth.
3018 5812 3078 5864 tt,
3112 5797 3162 5851 ϐ.
3232 5799 3285 5831 ³⁷
3318 5798 3505 5868 Matth,
3532 5814 3612 5865 ιιι,
3648 5801 3736 5867 Η,
3775 5800 3856 5857 12.
