4146 6474
291 422 420 478 1261

1388 425 1473 479 ΟΕ
1514 425 1739 481 RECTA
1782 426 1938 482 FIDE
1977 426 2066 481 AD
2109 427 2422 484 REGINAS.

3398 421 3539 489 4262

292 538 415 608 γῆς,
442 536 576 591 ίδίαν
600 532 740 592 εἷναί
771 556 951 610 φαμεν
982 540 1286 611 ἀνθρώπου.
1310 540 1442 594 Θεοῦ
1474 543 1581 612 γὰρ
1604 542 1671 595 τὰ
1691 543 1863 597 πάντα

1972 553 2113 599 terra
2165 553 2404 613 agentes,
2444 540 2677 601 hominis
2716 540 2986 608 propriam
3043 548 3161 594 esse
3202 537 3537 593 concesseri-

283 631 420 695 ἐστὶ,
453 632 546 685 καὶ
575 632 723 703 αὑτῷ
763 635 855 686 καὶ
900 635 1044 704 μόνῳ
1088 635 1287 706 πρέπει
1334 636 1394 688 τὸ
1428 638 1484 689 ἐν
1521 638 1661 707 ἁγίῳ
1694 638 1863 690 lived-

286 742 416 792 ματι
449 724 731 794 βαπτίζειν
772 726 1035 780 δύνασθαι
1082 730 1205 791 τοὺς
1256 729 1631 793 πιστεύοντας.
1676 730 1864 801 Ἐνήρ-

284 829 422 882 γηκε
456 814 511 866 δὲ
550 816 707 868 τοῦτο
751 818 985 885 Χριστὸς
1027 819 1054 870 ό
1096 821 1232 889 μετά
1280 822 1531 891 Ἰωάννην
1571 824 1864 894 ἐρχόμενος

286 905 427 958 κατά
459 905 660 976 σάρκα,
694 908 812 977 ἦτοι
844 910 933 961 τὸν
962 911 1061 977 τῆς
1098 914 1295 980 σαρκὸς
1344 914 1554 982 χρόνον.
1586 914 1778 976 οΛὺτὸς
1808 913 1865 966 δὲ

287 997 379 1052 καὶ
403 996 499 1066 τὴν
522 998 710 1051 ἑαυτοῦ
742 998 922 1053 ἅλωνα
968 1001 1272 1072 καθαρίζει.
1306 1003 1437 1065 Θεὸς
1467 1000 1559 1056 οὖν
1587 1004 1696 1074 ἄρα
1719 1004 1865 1056 ἐστὶν

286 1084 513 1157 ἀληθής.

363 1197 379 1227 ι
429 1177 538 1229 Καὶ
571 1176 679 1229 ἰδοὺ
710 1175 909 1246 λεπρὸς
938 1179 1267 1250 προσελθὼν,
1299 1180 1622 1252 προσεκύνει
1650 1181 1824 1249 λέγων
1845 1198 1859 1211 ’

288 1267 481 1338 Κύριε,
535 1269 629 1321 ἐὰν
678 1268 855 1339 θέλῃς,
890 1270 1115 1324 δύνασαί
1150 1290 1215 1341 με
1265 1272 1577 1343 καθαρίσαι.
1618 1275 1729 1327 Καὶ
1777 1276 1866 1325 ἐκ-

285 1361 464 1422 τείνας
505 1360 604 1430 τὴν
650 1365 831 1431 χεῖρα.
878 1362 1055 1431 ἥψατο
1093 1364 1280 1429 αὑτοῦ,
1316 1364 1519 1432 λέγων·
1556 1365 1723 1429 Θέλω,
1763 1382 1866 1419 κα-

284 1449 589 1518 θαρίσθητι.
620 1452 727 1503 Καὶ
758 1451 961 1515 εὐθέως
990 1452 1324 1523 ἐκαθαρίσθη
1353 1455 1516 1507 αὐτοῦ
1549 1457 1580 1525 ἡ
1612 1456 1809 1526 λέπρα.
1839 1474 1856 1507 ι

284 1542 309 1590 'l
320 1541 358 1593 ’ὸ
384 1543 624 1609 ἐνεργεῖν
663 1541 917 1595 δύνασθαι
938 1542 1389 1615 θεοπρεπῶς,οὖκ
1408 1547 1534 1599 ἴδιον
1553 1546 1863 1617 ἀνθρώπου,

285 1633 422 1703 αὐτῇ
444 1632 497 1684 δὲ
521 1632 716 1702 μᾶλλον
740 1633 975 1686 ἐποιεῖτο
1002 1633 1246 1705 [πρέποι]
1270 1635 1332 1687 ἂν
1356 1636 1449 1688 καὶ
1473 1635 1604 1706 μόνῃ
1631 1638 1695 1705 τῇ
1729 1635 1866 1688 πάν-

282 1742 391 1778 των
423 1726 676 1778 ἐπέκεινα
712 1725 891 1793 φύσει.
934 1728 1177 1797 Ἐνεργεῖ
1206 1727 1263 1779 δὲ
1297 1726 1438 1780 οὕτω
1468 1728 1726 1798 Χριστός·
1769 1729 1867 1781 οὐκ

283 1818 391 1887 ἄρα
435 1816 587 1885 ψιλὸς
633 1817 920 1887 ἄνθρωπος
964 1818 1091 1871 καθ’
1129 1820 1299 1888 ἡμᾶς,
1335 1818 1464 1882 Θεὸς
1492 1820 1548 1871 δὲ
1581 1818 1779 1888 μᾶλλον
1809 1820 1866 1870 ἐν

1968 651 2126 691 mus:
2158 652 2283 690 nam
2315 634 2500 689 omnia
2539 632 2705 687 solius
2732 630 2822 685 Dei
2847 640 2994 698 sunt,
3046 630 3253 699 ipsique
3284 629 3380 684 soli
3411 643 3537 683 con-

1938 728 2113 798 .gruit
2163 726 2307 791 illos,
2351 725 2441 796 qui
2491 724 2747 788 credunt,
2796 723 2846 776 iu
2899 721 3103 792 Spiritu
3144 731 3331 776 saneto
3378 734 3537 791 posse
3622 755 3631 764 ο

1968 819 2266 888 baptizare.
2305 817 2467 886 Atqui
2515 815 2786 881 Christus,
2833 813 2924 882 qui
2973 814 3265 867 secundum
3316 827 3535 867 carnem

1968 920 2086 977 post
2108 909 2368 964 Joannem
2393 908 2663 971 veniebat,
2691 914 2936 975 potenter
2963 905 3049 959 isti
3087 908 3197 957 haec
3227 903 3535 971 prrcsmbat,

1970 1000 2217 1068 idemque
2267 1014 2418 1055 suam
2472 1012 2684 1067 quoque
2722 1012 2904 1051 arcam
2963 994 3306 1064 permuudat.
3364 993 3537 1047 Verus

1968 1090 2147 1157 itaque
2183 1091 2321 1146 Deus
2354 1100 2435 1144 est
2464 1090 2730 1144 Christus.

2042 1199 2063 1231 ‹
2101 1180 2164 1233 Ει
2199 1194 2327 1235 ecce
2379 1179 2623 1249 Ieprosus
2669 1176 2892 1231 veniens
2948 1175 3206 1229 adorabat
3258 1187 3413 1237 eum,
3456 1171 3539 1225 di-

1969 1287 2099 1326 cens
2127 1289 2140 1324 :
2168 1271 2413 1334 Domine,
2446 1271 2489 1324 si
2526 1270 2626 1335 vis,
2659 1278 2812 1337 potes
2846 1282 2930 1321 me
2962 1264 3325 1321 mundare.Et
3353 1275 3539 1318 cxten-

1968 1363 2100 1418 dens
2147 1362 2305 1417 Jesus
2352 1377 2589 1423 manum,
2639 1361 2810 1429 tetigit
2863 1374 3016 1422 eum,
3076 1358 3304 1411 dicens:
3368 1355 3537 1419 Volo,

1969 1458 2249 1511 mundare.
2292 1456 2357 1510 Et
2389 1455 2670 1509 confestim
2704 1454 2958 1506 mundata
2991 1460 3070 1503 est
3100 1450 3247 1518 lepra
3271 1448 3390 1518 ejus
3407 1447 3473 1501 ⁸⁸.
3513 1467 3535 1499 ι

1966 1546 2114 1615 Opus
2144 1547 2382 1600 divinum
2410 1544 2606 1608 moliri,
2643 1557 2747 1596 nou
2785 1549 2874 1595 est
2914 1540 3109 1594 virium
3156 1539 3536 1593 humanarum.

1965 1638 2233 1693 Convenit
2273 1638 2323 1691 id
2360 1647 2541 1690 autem
2568 1636 2619 1689 iu
2655 1634 2953 1704 principem
2986 1632 3227 1684 omnium
3264 1639 3535 1693 naturam,

1969 1732 2069 1786 hoc
2104 1739 2185 1783 est
2239 1728 2491 1782 divinam.
2548 1726 2709 1794 Atqui
2769 1724 3015 1778 Christus
3060 1720 3321 1791 ejusmodi
3373 1734 3536 1790 opera

1970 1823 2220 1882 molitur;
2255 1836 2356 1873 non
2389 1829 2473 1872 cst
2496 1833 2621 1887 ergo
2653 1817 2828 1871 nudtts
2872 1817 3053 1880 homo,
3086 1812 3535 1883 quemadmodum

284 1907 598 1979 ἀνθρωπεία
629 1912 834 1979 μορφῇ.
864 1908 1020 1963 Οὕτω
1048 1910 1259 1981 νοήσεις
1290 1910 1384 1963 καὶ
1411 1911 1506 1963 ἐπὶ
1529 1909 1626 1979 τῆς
1657 1910 1863 1980 Πέτρου

1970 1931 2090 1979 uos,
2126 1904 2218 1968 sed
2265 1913 2406 1966 Deus
2449 1912 2738 1964 humanam
2790 1917 3041 1962 naturam
3084 1907 3326 1961 indutus.
3381 1906 3537 1973 Quod

283 2000 571 2069 πενθερᾶς,
623 2001 724 2053 κᾶν
769 2004 883 2064 τοῖς
935 2001 1163 2071 ἀνέμοις
1214 2004 1481 2073 ἐπιτιμῶν
1530 2004 1721 2075 ὁρῷτο,
1772 2004 1867 2057 θα-

283 2090 456 2161 λάσσῃ
487 2108 543 2143 τε
577 2093 669 2145 καὶ
712 2093 920 2146 ὕδασιν.
956 2093 1124 2148 ’ὐθεν
1152 2096 1243 2148 καὶ
1269 2097 1317 2147 οί
1364 2095 1640 2149 θεσπέσιοι
1689 2096 1866 2169 μαθη-

282 2183 373 2235 ταὶ
407 2182 501 2233 καὶ
546 2182 819 2235 θάλασσαν
849 2185 944 2237 καὶ
994 2184 1229 2255 ἀνέμους
1273 2186 1665 2256 ὑποκειμένους
1695 2188 1863 2259 ὀρῶν-

281 2290 395 2335 τες,
421 2270 798 2342 τεθαυμάκασι
819 2274 1066 2343 λέγοντες
1091 2291 1104 2304 ·
1137 2294 1154 2326 ι
1184 2278 1431 2339 Ποταπός
1458 2280 1605 2330 ἐστιν
1626 2273 1810 2343 οὖτοςς
1840 2299 1857 2331 ι

284 2365 359 2416 υὺ
408 2365 516 2433 γὰρ
570 2360 638 2434 ἦν
672 2364 960 2435 ἀνθρώπου
1002 2365 1159 2437 ψιλοῦ
1212 2368 1283 2420 τά
1335 2366 1558 2421 τοιαῦτα
1606 2368 1863 2423 δύνασθαι

283 2458 439 2527 δρᾷν.
475 2455 607 2519 Θεὸς
654 2451 748 2509 οὖν
794 2458 901 2529 ἄρα
949 2458 1089 2512 κατὰ
1121 2459 1313 2512 ταυτὸν
1366 2458 1461 2513 καὶ
1507 2459 1790 2532 ἄνθρωπος
1837 2461 1865 2513 ὁ

285 2548 538 2621 Χριστός.

361 2844 379 2878 ι
428 2826 490 2878 Οί
519 2827 574 2879 δέ
602 2825 872 2894 δαίμονες,
903 2825 1056 2896 φησὶ,
1090 2826 1431 2896 παρεκάλουν
1465 2826 1647 2887 αὑτὸν,
1678 2827 1863 2896 λέγον-

285 2935 409 2979 τες·
439 2918 501 2970 EE
546 2917 828 2981 ἐκϐάλλεις
870 2918 1039 2986 ἡμᾶς.
1071 2917 1390 2970 ἀπόστειλον
1415 2920 1562 2989 ἡμᾶς
1593 2930 1614 2956 °
1658 2920 1737 2982 εἰς
1765 2920 1863 2991 τὴν

285 3009 486 3078 ἀγέλην
514 3009 622 3060 τῶν
652 3009 871 3079 χοίρων.
920 3009 1029 3061 Καὶ
1061 3005 1211 3060 εἶπεν
1256 3010 1438 3072 αιτοῖς
1459 3026 1472 3040 ο
1513 3011 1803 3079 Ὑπάγετε.
1840 3030 1857 3062 ι

286 3101 358 3152 Τὸ
391 3102 636 3169 προνοεῖν
684 3100 791 3151 τῶν
838 3099 995 3163 ὅλων,
1051 3100 1141 3152 καὶ
1179 3098 1373 3163 σώζειν
1414 3102 1576 3161 αὐτὰ,
1609 3101 1751 3165 τίνος
1797 3102 1862 3155 ἂν

288 3194 392 3261 εἴη,
446 3192 585 3261 πλὴν
638 3192 718 3244 ὅτι
775 3190 935 3261 μόνου
983 3190 1075 3244 τοῦ
1120 3192 1260 3245 κατά
1313 3191 1475 3261 φύσιν
1516 3193 1665 3257 ὄντος
1695 3193 1860 3260 Θεοῦ;

286 3282 444 3335 υῦτω
481 3284 577 3335 καὶ
621 3285 648 3335 ό
694 3284 887 3353 Σωτὴρ
930 3282 1195 3351 ἔφασκεν
1236 3301 1253 3333 ι
1294 3284 1427 3353 Οὐχὶ
1470 3283 1561 3337 δύο
1612 3286 1866 3356 στρουθία

287 3374 548 3443 ἀσσαρίου
598 3375 924 3440 πωλοῦνται,
972 3376 1065 3428 καὶ
1114 3375 1171 3427 ἐν
1218 3375 1276 3439 ἐξ
1305 3376 1483 3428 αὐτῶν
1513 3378 1571 3429 οὐ
1620 3380 1865 3431 πεσεῖται

287 3468 380 3519 ἐπὶ
418 3466 515 3537 τὴν
542 3467 644 3535 γῆν
674 3466 802 3519 ἄνευ
832 3466 926 3518 τοῦ
958 3466 1172 3536 Πατρὸς
1217 3466 1369 3535 ὑμῶν
1400 3466 1493 3518 τοῦ
1539 3469 1596 3520 ἐν
1634 3471 1746 3530 τοῖς
1776 3470 1864 3520 οὑ-

288 3561 505 3629 ρανοίς;
544 3558 730 3627 Ὑμῶν
760 3557 816 3609 δὲ
858 3557 952 3610 καὶ
981 3559 1036 3609 αἱ
1067 3556 1250 3627 τρίχες
1280 3560 1377 3626 τῆς
1413 3558 1653 3626 κεφαλῆς
1696 3562 1865 3612 πᾶσαι

285 3647 660 3718 ἠριθμημέναι
688 3648 845 3699 εἰσίν.
887 3666 905 3697 ι
954 3647 1087 3699 Ἰδοὺ
1144 3647 1431 3717 τοιγαροῦν
1459 3648 1727 3718 τοσαύτην
1758 3649 1864 3700 τῶν

286 3739 455 3790 ὄντων
512 3739 771 3807 πρόνοιαν
830 3738 1066 3790 ἐποιεῖτο
1115 3737 1369 3807 Χριστὸς,
1412 3739 1487 3800 ὡς
1539 3740 1612 3808 μὴ
1665 3740 1863 3804 ἐξεῖναι

286 3832 400 3892 τοῖς
444 3829 773 3899 ἀκαθάρτοις
816 3828 1033 3898 δαίμοσι
1072 3828 1206 3897 μηδέ
1248 3828 1444 3897 χοίρων
1482 3830 1684 3900 ἀγέλης
1719 3831 1863 3900 ἔχειν

289 3920 386 3989 τὴν
418 3920 684 3985 ἐξουσίαν.
724 3919 1107 3991 Παρακληθεὶς
1140 3915 1233 3971 οὖν
1263 3920 1527 3990 ἐπέτρεψε
1564 3921 1735 3989 μόλις,
1766 3922 1865 3973 οὐκ

291 4012 519 4074 ἐκείνοις
555 4011 773 4081 πληρῶν
812 4012 910 4081 τὴν
946 4011 1180 4079 αἴτησιν,
1231 4011 1348 4063 ἀλλ’
1398 4012 1483 4063 ἵνα
1533 4013 1680 4081 ἡμᾶς
1734 4014 1864 4065 ἀνα-

289 4104 453 4173 πείσῃ
501 4105 739 4172 φρονεῖν,
776 4103 856 4155 ὅτι
906 4105 1217 4171 προνοεῖται
1255 4102 1361 4155 τῶν
1407 4103 1543 4157 ὅλων
1589 4103 1662 4166 ὡς
1712 4104 1861 4165 Θεός.

290 4194 421 4247 Εἶτα
454 4195 567 4257 πῶς
598 4196 659 4247 οὐ
694 4195 845 4258 Θεὸς,
881 4197 909 4247 ό
937 4194 1216 4265 θεοπρεπῆ
1244 4196 1343 4265 τὴν
1375 4195 1642 4259 ἐξουσίαν,
1676 4198 1768 4249 καὶ
1806 4198 1864 4250 τὸ

289 4287 431 4338 κατᾶ
470 4287 687 4338 πάντων
736 4288 935 4355 κράτος
961 4287 983 4324 d
1020 4286 1330 4357 ἀνημμένος
1366 4299 1411 4351 ε,
1444 4287 1536 4339 καὶ
1568 4288 1753 4351 σώζων
1790 4289 1865 4352 ὡς

294 4377 400 4429 ἱδια
428 4376 493 4429 τὰ
516 4377 579 4428 δι’
616 4376 780 4429 αὑτοῦ
812 4380 1104 4446 γεγονότας

367 4588 384 4617 ι
433 4568 563 4619 Τότε
613 4568 760 4635 λέγει
798 4574 911 4632 τοῖς
965 4571 1235 4640 μαθηταῖς
1271 4572 1470 4625 αὐτοῦ’
1524 4573 1582 4626 ὐ
1636 4574 1735 4643 μέν
1781 4576 1867 4628 θε-

294 4658 486 4726 ρισμὸς
522 4658 708 4723 πολὺς,
744 4662 792 4712 οι
826 4660 881 4712 δέ
911 4662 1140 4731 ἐργάται
1170 4664 1358 4730 ὀλίγοι.
1393 4663 1629 4734 Δεήθητε
1651 4660 1743 4717 οὖν
1771 4665 1864 4717 τοῦ

291 4750 475 4819 κυρίου
510 4750 601 4803 τοῦ
632 4750 913 4821 θερισμοῦ,
957 4754 1104 4816 ὅπως
1143 4755 1347 4828 ἐκϐάλῃ
1382 4757 1621 4825 ἐργάτας
1653 4758 1733 4817 είς
1770 4758 1862 4809 τὸν

290 4839 549 4909 θερισμὸν
584 4842 770 4895 αὑτοῦ.
810 4844 920 4895 Καὶ
952 4845 1466 4915 προσκαλεσάμενος
1494 4848 1618 4910 τοὺς
1662 4848 1868 4902 δώδεκα

294 4929 540 4998 μαθητὰς
575 4930 758 4995 αὑτοῦ,
795 4932 993 4984 ἔδωκεν
1022 4935 1205 4997 αὐτοῖς
1248 4936 1499 5000 ἐξουσίαν
1532 4937 1670 4990 κατά
1709 4955 1869 4991 πνευ-

293 5020 476 5089 μάτων
517 5020 862 5090 ἀκαθάρτων,
896 5022 1033 5074 ὦστε
1065 5024 1203 5076 αὐτὰ
1229 5025 1531 5085 ἐκϐάλλειν,
1566 5028 1658 5078 καὶ
1704 5026 1863 5095 θερα-

292 5110 476 5161 πεύειν
526 5113 705 5163 πᾶσαν
741 5113 895 5164 νόσον
928 5114 1021 5165 καὶ
1068 5116 1247 5167 πᾶσαν
1294 5116 1586 5185 μαλακίαν.
1641 5136 1657 5165 ι
1710 5102 1861 5167 Οἶδεν

254 5195 259 5201 ’
288 5198 413 5249 ὄντα
441 5196 533 5250 τοῦ
567 5199 828 5271 θερισμοῦ
857 5201 1042 5270 κύριον
1067 5203 1155 5255 τὸν
1185 5204 1290 5255 τῶν
1332 5205 1470 5257 ὅλων
1499 5204 1630 5257 Θεόν
1652 5222 1664 5234 ⁸
1698 5206 1861 5258 αὑτοῦ

288 5290 393 5357 γὰρ
422 5291 453 5358 ὴ
505 5291 645 5352 ἅλως
678 5294 709 5361 ἡ
744 5293 927 5361 νοητὴ,
968 5295 1240 5347 τουτέστιν
1273 5298 1304 5365 ἡ
1339 5296 1723 5365 ἀνθρωπότης·
1765 5297 1861 5348 αὑ-

286 5381 377 5435 τοῦ
417 5385 508 5435 καὶ
537 5386 564 5436 ό
601 5383 878 5454 θερισμός.
924 5385 1063 5437 Ἀλλ’
1106 5387 1235 5451 ἰδοὺ,
1271 5388 1525 5457 δεηθῆναι
1551 5389 1860 5457 προστάξας

1016 5542 1058 5573 ⁸³
1086 5542 1213 5597 ibid.
1251 5543 1341 5596 ‘28.

358 5539 403 5569 θ’
427 5539 613 5593 Matth.
648 5556 767 5607 vm,
802 5540 856 5606 2,
885 5544 938 5595 5.
1016 5542 1058 5573 ⁸⁸
1086 5542 1213 5597 ibid.
1251 5543 1341 5596 ‘28.
1420 5544 1464 5574 ⁹⁰
1488 5543 1640 5601 ,ihid.
1672 5544 1760 5598 5|.

1838 5545 1882 5576 οι
1917 5544 2104 5600 illum.
2144 5562 2196 5610 ς,
2228 5545 2321 5599 29.

1967 2007 2033 2060 de
2060 2005 2274 2074 leproso
2314 2002 2573 2057 mundato
2620 2002 2709 2056 hic
2747 1999 2974 2065 dicitur,
3005 1997 3107 2053 hoc
3141 1999 3206 2053 de
3256 2012 3411 2052 socru
3443 1996 3514 2051 Pe

1970 2099 2060 2165 tri,
2096 2098 2161 2153 de
2196 2097 2371 2150 ventis
2401 2095 2528 2148 item
2575 2102 2629 2147 et
2669 2092 2830 2155 mari,
2866 2091 3046 2160 deque
3078 2090 3237 2143 undis
3283 2103 3418 2158 quas
3457 2087 3542 2141 in-

1966 2190 2240 2259 crepavit,
2280 2188 2479 2241 dictum
2525 2186 2843 2254 accipiatur.
2890 2184 3071 2249 Quare
3111 2183 3276 2236 divini
3319 2194 3537 2251 quoque

1968 2282 2113 2337 illius
2142 2280 2390 2349 discipuli
2421 2278 2913 2331 auimadvertentes
2946 2275 3017 2328 illi
3043 2282 3095 2328 ct
3125 2288 3275 2327 mare
3312 2284 3368 2327 et
3404 2286 3538 2327 ven-

1969 2386 2051 2430 tes
2077 2374 2316 2434 obedire,
2356 2370 2728 2424 admirabundi
2778 2366 3035 2421 aiebant:
3078 2384 3095 2417 ι
3161 2364 3538 2434 Ecqualisnam

1968 2467 2055 2521 hic
2094 2465 2242 2519 est”
2265 2465 2287 2518 ?
2311 2482 2328 2516 ι
2366 2461 2735 2531 luteiligebant
2764 2459 2903 2513 enim
2936 2457 3193 2527 ejusmodi
3250 2471 3411 2525 opera
3441 2471 3537 2524 pa—

1970 2567 2114 2609 trare
2145 2536 2322 2623 posse,
2362 2568 2475 2605 rem
2520 2564 2664 2616 esse,
2697 2565 2815 2617 quae
2864 2548 2988 2601 nudi
3032 2547 3265 2600 hominis
3311 2546 3540 2600 faculta-

1968 2658 2075 2699 tem
2117 2651 2414 2715 superaret.
2458 2641 2709 2696 Christus
2750 2640 2931 2707 itaque
2985 2647 3039 2691 ct
3097 2637 3237 2692 Deus
3285 2648 3339 2691 et
3379 2637 3538 2691 homo

1965 2738 2123 2794 simul
2155 2745 2293 2791 erat.

2041 2849 2059 2882 ι
2103 2831 2384 2884 Daemones
2425 2825 2684 2898 rogabant
2739 2840 2859 2878 eum
2888 2864 2902 2889 ,
2943 2822 3228 2877 dicentes:
3284 2822 3339 2877 Si
3386 2822 3539 2890 ejieis

1966 2938 2085 2985 nos,
2128 2923 2276 2974 mitte
2322 2934 2419 2974 nos
2465 2919 2517 2971 iu
2566 2932 2781 2988 gregem
2815 2930 3125 2984 porcormu.
3154 2913 3219 2967 Et
3264 2914 3340 2967 ait
3393 2913 3533 2969 illis.

1963 3015 2076 3084 80
2105 3010 2179 3066 lte
2204 3013 2270 3065 '°.
2311 3031 2327 3062 ι
2362 3009 2627 3066 Omuihus
2655 3006 2958 3077 providere,
2987 3014 3289 3073 cunctaque
3318 3017 3539 3058 consero

1969 3122 2117 3170 vare,
2139 3106 2403 3176 adquem,
2433 3102 2686 3161 obsecro.
2714 3098 3058 3169 spectat,nisi
3090 3097 3155 3150 ad
3187 3112 3307 3151 eum
3345 3111 3540 3162 sozum,

1968 3201 2055 3268 qui
2089 3199 2381 3252 secundum
2416 3208 2658 3249 naturam
2704 3192 2842 3247 Deus
2874 3183 2998 3245 est?
3034 3190 3170 3244 Hinc
3204 3198 3254 3241 et
3292 3188 3543 3242 Salvator

1967 3307 2223 3362 quoque:
2263 3310 2280 3341 ι
2330 3288 2554 3350 Nonne,
2588 3287 2790 3355 inquit,
2840 3286 2945 3339 duo
2985 3298 3233 3354 passeres
3280 3296 3402 3336 asse
3448 3296 3543 3336 ve-

1968 3395 2155 3447 neunt,
2181 3393 2228 3436 et
2259 3399 2399 3435 unus
2426 3397 2487 3435 ex
2518 3381 2622 3434 illis
2649 3396 2752 3434 non
2790 3380 2945 3433 cadet
2985 3391 3147 3445 super
3188 3385 3385 3429 terram
3423 3373 3544 3428 sine

1971 3475 2128 3527 Patre
2162 3484 2363 3535 veszro,
2417 3472 2507 3539 qui
2554 3470 2604 3524 iu
2654 3471 2804 3523 roelis
2852 3466 2972 3522 est?
3012 3465 3182 3519 Vestri
3225 3475 3401 3517 autem
3450 3477 3540 3515 ca-

1968 3564 2077 3630 pilli
2112 3563 2307 3631 capitis
2336 3577 2523 3613 oumes
2571 3558 2834 3613 numerati
2880 3567 3003 3611 sunt
3029 3557 3095 3610 ⁹¹.
3134 3575 3152 3608 ι
3206 3554 3281 3608 Εη
3335 3564 3540 3606 lautam

1970 3670 2147 3707 rerum
2197 3653 2589 3722 providentiam
2640 3650 2875 3703 hahchat
2918 3649 3195 3710 Christus,
3241 3656 3299 3698 ut
3330 3645 3539 3713 absque

1968 3746 2109 3797 illius
2140 3745 2404 3812 permissu
2440 3760 2505 3797 ue
2543 3745 2593 3797 in
2624 3758 2907 3813 porcorttm
2943 3740 3154 3809 quidem
3200 3753 3415 3807 gregem
3444 3751 3540 3805 po-

1971 3847 2217 3889 testatem
2282 3849 2535 3888 exercere
2593 3832 2885 3887 immundis
2941 3830 3218 3899 spiritibus
3272 3828 3538 3894 integrum

1967 3939 2129 3981 eSseI.
2159 3927 2228 3981 At
2271 3936 2489 3997 rogatus
2514 3926 2598 3979 vix
2637 3924 2905 3994 permisit,
2932 3930 3048 3975 nou
3089 3931 3147 3973 ut
3179 3919 3389 3974 illorum
3420 3918 3539 3972 libi-

1968 4021 2080 4073 dini
2112 4034 2315 4071 tuorem
2352 4025 2585 4085 gereret,
2623 4017 2715 4069 sed
2740 4026 2797 4069 ut
2828 4015 3002 4080 nobis,
3038 4028 3095 4067 se
3132 4012 3383 4066 omnibus
3416 4021 3536 4064 tan-

1967 4126 2127 4179 quam
2179 4112 2344 4164 Deum
2381 4108 2664 4177 providere
2706 4107 3075 4177 persuaderet.
3123 4103 3187 4157 Et
3224 4118 3331 4172 quo
3383 4102 3539 4156 modo

1970 4203 2184 4256 tandem
2230 4201 2318 4254 ille
2358 4201 2501 4253 Deus
2553 4216 2658 4253 non
2712 4206 2817 4261 est,
2867 4198 2957 4266 qui
3004 4205 3320 4266 potestatem
3356 4194 3536 4257 habet,

1967 4309 2126 4363 quam
2157 4294 2206 4345 in
2240 4294 2411 4346 solum
2445 4293 2607 4345 Deum
2640 4292 2837 4343 cadere
2870 4298 3076 4342 certum
3105 4295 3185 4341 est
3211 4325 3226 4351 ,
3260 4285 3458 4355 quique
3484 4283 3539 4337 in

1968 4387 2145 4437 omnia
2196 4385 2477 4453 imperium
2523 4391 2761 4442 exercet,
2816 4389 2870 4433 et
2927 4387 3214 4433 conservat
3263 4390 3383 4447 quze
3444 4389 3540 4445 per

1895 4496 1939 4548 ῃ
1971 4478 2142 4545 ipsum
2176 4478 2393 4528 condita
2430 4484 2576 4536 sunt,
2614 4485 2865 4541 tauquam
2900 4473 3161 4541 propria?

2043 4586 2060 4617 ι
2087 4566 2237 4620 Tunc
2259 4568 2386 4621 dicit
2409 4568 2684 4635 discipulis
2709 4566 2820 4618 suis
2848 4582 2862 4619 :
2890 4565 3078 4619 .llessis
3100 4558 3318 4633 quidem
3348 4568 3534 4632 multa,

1965 4659 2196 4725 operarii
2232 4668 2408 4711 autent
2444 4658 2620 4726 pauci.
2661 4657 2864 4726 llogate
2915 4672 3041 4725 ergo
3087 4657 3364 4712 dominum
3397 4675 3538 4712 mes-

1966 4755 2058 4814 sis,
2098 4760 2155 4802 ut
2204 4751 2415 4802 emittat
2460 4750 2735 4818 operarios
2790 4751 2840 4802 iu
2898 4763 3126 4802 messem
3172 4763 3323 4801 suam
3354 4750 3419 4805 ".
3475 4752 3539 4804 Et

1967 4842 2276 4895 enuvocatis
2311 4842 2591 4895 duodecim
2625 4840 2905 4909 discipulis
2949 4840 3082 4902 suis,
3118 4838 3395 4893 dedit'illis
3440 4857 3535 4910 po-

1970 4943 2214 4987 testatem
2243 4932 2530 5001 spirituum
2580 4934 2997 4993 imuumdorum,
3038 4941 3095 4983 ut
3134 4932 3394 5000 ejicereut
3424 4949 3536 4999 eos,

1970 5034 2021 5076 et
2050 5035 2302 5077 curarent
2333 5039 2546 5078 omnem
2592 5024 2927 5092 languorem,
2966 5034 3019 5075 et
3054 5037 3267 5076 omnem
3306 5024 3538 5078 inﬁrmi-

1973 5116 2223 5168 talem".
2260 5135 2278 5167 ι
2333 5114 2501 5169 Norat
2540 5119 2912 5169 universorum
2968 5114 3137 5168 Deum
3170 5115 3369 5169 messis
3421 5130 3542 5170 esse

1970 5209 2245 5259 domitzum
2277 5224 2290 5271 ;
2326 5205 2441 5273 ejus
2482 5222 2711 5274 namque
2738 5215 3027 5272 tttrumque
3054 5212 3156 5270 est,
3184 5214 3243 5257 et
3278 5205 3389 5272 ipsa
3435 5207 3545 5273 spi~

1973 5299 2141 5350 vitalis
2171 5313 2319 5357 area.
2353 5299 2452 5350 huc
2483 5308 2561 5349 est
2594 5298 2884 5349 humanum
2910 5312 3100 5364 genus,
3166 5303 3242 5348 etv
3271 5296 3384 5362 ipsa
3429 5312 3546 5348 rur-

1970 5405 2086 5443 sum
2141 5391 2356 5445 messis.
2412 5390 2515 5443 Sed
2571 5390 2789 5445 adverte
2825 5410 2838 5444 :
2878 5407 2997 5444 cum
3034 5390 3225 5444 messis
3266 5390 3544 5443 domiuuut

2396 5547 2439 5578 "
2468 5545 2656 5601 Matth.
2702 5562 2775 5611 Ix,
2808 5547 2897 5603 57.
2976 5546 3020 5578 ⁹³
3044 5545 3232 5601 Matth.
3264 5561 3320 5613 χ,
3346 5546 3398 5609 l,

1355 5703 1525 5757 Varia:
1556 5703 1818 5760 lectiones
1844 5707 2044 5761 codicis
2072 5705 2429 5777 Seguieriani.

367 5844 387 5869 ε
424 5833 714 5901 ἐπίτρεψον
743 5836 870 5904 ἡμῖν
908 5835 1179 5891 ἀπελθεῖν.
1216 5868 1221 5873 -
1258 5836 1282 5876 ἀ
1324 5840 1561 5909 κρατεῖν.

1647 5851 1667 5876 ο
1707 5841 2069 5912 ἀνῃρημένος.
