4146 6494
334 401 473 454 1265

411 529 429 560 ε
479 511 688 584 Ὠσπερ
734 507 828 568 οῦν
877 515 1192 587 συλλέγεται
1241 519 1307 572 τὰ
1340 520 1580 585 ζιζάνια,
1630 522 1723 575 καὶ
1772 522 1905 593 πυρὶ
1935 527 1976 582 Α

333 603 723 655 κατακαίεται·
743 603 915 669 οὕτως
954 607 1105 661 ἔσται
1147 611 1203 662 ἐν
1229 611 1294 680 τῇ
1338 610 1616 682 συντελείᾳ
1643 611 1736 665 τοῦ
1767 611 1903 666 αίῶ-

333 708 441 756 νος.
488 693 801 749 ’Δποστελεῖ
834 699 861 750 6
890 697 1017 762 Υἱὸς
1050 699 1142 753 τοῦ
1174 699 1458 771 ἀνθρώπου
1487 703 1612 764 τοὺς
1639 702 1903 770 ἀγγέλους

333 784 523 850 αὑτοῦ,
556 786 648 838 καὶ
677 787 1024 856 συλλέξουσιν
1042 791 1106 845 ὲκ
1134 795 1232 864 τῆς
1250 792 1524 862 βασιλείας
1542 794 1705 848 αὐτοῦ
1727 795 1902 849 πάντα

331 871 400 924 τὰ
431 875 720 940 σκάνδαλα,
771 879 868 931 καὶ
907 882 1032 944 τοὺς
1078 881 1361 946 ποιοῦντας
1389 883 1488 953 τὴν
1522 885 1776 954 ἀνομίαν,
1809 887 1903 939 καὶ

335 959 587 1028 βαλοῦσιν
612 967 810 1030 αὐτοὺς
839 969 916 1032 είς
946 970 1044 1041 τὴν
1074 972 1300 1042 κάμινον
1326 973 1421 1026 τοῦ
1457 976 1647 1046 πυρός..
1704 995 1722 1026 ι
1765 976 1902 1046 Περὶ

332 1051 467 1106 Θεοῦ
520 1056 864 1128 γέγραπται⁸
913 1079 931 1112 t
973 1063 1254 1131 Εὑλογείτε
1299 1064 1392 1116 τὸν
1429 1064 1654 1134 Κύριον,
1704 1067 1902 1130 πάντες

331 1145 381 1196 οί
411 1144 632 1212 ἄγγελοι
661 1148 844 1202 αὐτοῦ.
882 1170 902 1202 ι
951 1153 1026 1204 Οὐ
1069 1153 1178 1226 γὰρ
1206 1152 1434 1222 ἄγγελος
1483 1155 1713 1223 ἀγγέλου
1759 1157 1898 1220 ἐστὶ,
1946 1194 1952 1200 -

332 1234 471 1288 Θεοῦ
500 1236 556 1289 δὲ
591 1239 790 1307 μᾶλλον
818 1242 885 1295 τὰ
917 1243 1114 1300 πάντα.
1165 1245 1288 1309 Πῶς
1331 1241 1425 1300 οὖν
1457 1264 1594 1316 φησι
1631 1249 1759 1318 περὶ
1806 1249 1901 1302 τοῦ

333 1324 465 1378 Υίοῦ
493 1328 586 1381 τοῦ
619 1329 926 1401 ἀνθρώπου,
951 1335 1032 1386 ὅτι
1058 1335 1346 1390 ἀποστελεῖ
1371 1339 1496 1400 τοὺς
1523 1338 1787 1406 ἀγγέλους
1812 1342 1903 1393 αυ-

333 1418 465 1486 τοῦς
516 1420 647 1486 Θεὸς
675 1419 766 1476 οὖν
802 1426 910 1495 ἄρα
945 1427 1114 1490 ἐστὶν,
1145 1428 1222 1492 ὡς
1264 1429 1355 1482 καὶ
1393 1429 1556 1493 ίδίους
1599 1430 1736 1499 ἔχων
1775 1432 1900 1493 τοὺς

330 1512 620 1578 ἀγγέλους,
650 1517 740 1568 καὶ
786 1517 875 1570 διὰ
908 1517 1015 1570 τῶν
1062 1519 1174 1574 ἄνω
1225 1521 1547 1591 πνευμάτων
1592 1523 1904 1592 ὑπηρετού-

331 1617 512 1669 μενος.
1723 1612 1726 1614 ⁷

405 1713 422 1745 t
479 1695 785 1765 Ἦρὼτησεν
812 1701 839 1752 6
871 1699 1122 1769 Χριστός·
1157 1702 1289 1755 Τίνα
1319 1721 1387 1774 με
1431 1705 1678 1772 λέγουσιν
1715 1707 1764 1758 ol
1805 1704 1900 1758 ἄνα

327 1783 535 1852 θρωποι
563 1782 705 1839 εἶναι
753 1789 840 1842 τὸν
871 1789 998 1844 Υἱὸν
1027 1790 1120 1843 τοῦ
1149 1792 1473 1864 ἀνθρώπου;
1511 1797 1583 1849 Οἱ·
1609 1795 1670 1848 δὲ’
1708 1794 1860 1849 εἷπον
1882 1808 1895 1824 ⁴

1427 407 1514 463 DE
1556 409 1785 467 BECTA
1824 409 1980 466 FIDE
2018 410 2116 466 ΑΒ·
2147 407 2464 466 REGINAS.

3437 408 3573 464 HM

2083 541 2100 573 ι
2141 523 2290 577 Sicut
2329 537 2460 592 ergo
2490 520 2820 592 colliguntur
2855 521 3085 586 zizania,
3117 528 3172 577 et
3212 519 3321 591 igni
3348 511 3572 575 combu'»

2009 622 2219 680 runtur,
2268 613 2348 668 sic
2391 612 2495 668 erit
2548 611 2602 666 in
2660 612 3128 668 consummatione
3183 609 3386 667 saeculi.
3449 608 3575 664 Mit-

2007 710 2085 757 tet
2117 700 2287 757 Filius
2315 702 2551 758 hominis
2580 701 2799 771 angelos
2826 715 2978 767 suos,
3009 712 3064 758 et
3099 701 3350 773 colligent
3385 701 3455 758 de
3492 714 3575 754 re-

2003 809 2109 865 gno
2132 793 2250 864 ejus
2279 794 2458 848 omnia
2491 793 2768 858 scandala,
2805 801 2860 848 et
2885 807 2978 848 eos
3015 793 3105 864 qui
3145 793 3354 848 faciunt
3379 792 3563 862 iniqui.

2005 893 2172 940 tatem
2207 901 2222 939 :
2257 894 2311 940 et
2352 887 2569 942 mittent
2611 901 2705 942 eos
2743 886 2799 940 in
2846 885 3120 940 caminum
3158 885 3298 956 ignis
3322 884 3393 939 ".
3431 902 3450 936 ι
3497 883 3573 939 De

2003 976 2113 1031 Deo
2127 977 2238 1047 82
2257 976 2482 1046 legimus
2512 995 2526 1031 :
2569 993 2586 1029 ι
2620 977 2932 1034 Benedicite
2962 978 3213 1041 Domino,
3247 989 3436 1030 omnes
3471 991 3567 1028 an-

2000 1069 2104 1138 geli
2133 1071 2252 1138 ejus
2282 1070 2350 1122 ".
2385 1087 2404 1121 ›
2441 1067 2626 1138 Neque
2668 1069 2811 1123 enim
2856 1068 3082 1139 angelus
3127 1067 3302 1139 angeli
3332 1077 3444 1133 est,
3477 1064 3572 1122 sed

2001 1157 2094 1214 Dei
2125 1169 2247 1214 sunt
2275 1159 2480 1215 omnia.
2521 1159 2654 1216 Cttm
2702 1175 2830 1231 ergo
2880 1161 2947 1216 de
2994 1159 3131 1215 Filio
3168 1158 3401 1214 hominis
3425 1157 3574 1212 dica-

2003 1258 2111 1315 tur,
2151 1250 2292 1320 quod
2325 1251 2591 1306 missurus
2644 1252 2717 1306 sit
2754 1250 2974 1321 angelos
3016 1265 3144 1306 suos
3177 1265 3190 1303 :
3245 1248 3574 1320 angelosque

1999 1350 2052 1396 et
2080 1342 2458 1410 spirituS'lllos
2500 1357 2780 1410 supremos
2814 1353 3067 1411 tanquam
3110 1342 3356 1412 proprios
3409 1340 3570 1395 mini-

2000 1439 2141 1486 διε-οε
2167 1430 2456 1500 possideat,
2493 1431 2715 1487 evidens
2748 1431 2806 1485 lit
2837 1430 2984 1486 illum
3018 1446 3138 1486 esse
3170 1433 3359 1486 Deum.

2076 1720 2094 1753 ι
2130 1702 2498 1770 [interrogabat
2526 1701 2821 1771 discipulos
2852 1716 3021 1757 suos:
3063 1698 3232 1764 Quem
3271 1713 3358 1753 me
3379 1697 3568 1761 dicunt

2002 1792 2246 1846 homines
2297 1805 2420 1845 esse
2462 1789 2658 1845 Filium
2712 1788 2984 1843 hominis?
3029 1787 3099 1840 At
3144 1785 3222 1840 illi
3271 1782 3563 1838 dixerunt:

325 1879 390 1930 Ol
424 1880 544 1948 μὲν,
597 1881 847 1952 Ἰωάννην
887 1885 976 1938 τὸν
1009 1885 1347 1958 Βαπτιστήν·
1379 1889 1524 1943 ἄλλοι
1551 1890 1629 1952 δὲ.
1680 1889 1893 1943 Ἠλίαν·

1999 1882 2126 1947 Alii,
2154 1881 2412 1936 Joannem
2465 1879 2798 1949 llaptistam;
2851 1878 2942 1932 alii
2992 1887 3196 1943 autem,
3231 1876 3437 1940 Etiam;
3476 1873 3566 1930 alii

325 1969 474 2023 ἄλλοι
513 1972 590 2036 δὲ,
631 1973 920 2046 Ἱερεμίαν,
941 1976 976 2046 ἢ
1004 1977 1099 2030 ἕνα
1124 1979 1231 2032 τῶν
1263 1981 1577 2052 προφητῶν.
1607 1981 1768 2050 Λέγει
1795 1983 1895 2036 αὑ-

322 2063 432 2123 τοῖς
453 2076 465 2088 ·
512 2061 697 2132 Ὑμεῖς
723 2064 802 2128 δὲ,
836 2066 956 2119 τίνα
992 2084 1059 2137 με
1090 2068 1273 2136 λέγετε
1318 2066 1490 2136 εῖναι;
1551 2071 1895 2141 Ἀποκριθεὶς

321 2149 400 2213 δὲ,
434 2153 618 2223 φησιν,
660 2156 687 2207 6
717 2154 942 2227 Πέτρος,
975 2156 1098 2211 εἷπε
1119 2175 1134 2190 ο
1181 2162 1253 2214 Σὺ
1287 2158 1335 2214 εἷ
1367 2165 1395 2216 6
1430 2162 1667 2233 Χριστὸς
1708 2163 1736 2216 ὁ
1766 2164 1896 2227 Υἱὸς

319 2241 415 2296 τοῦ
448 2244 581 2297 Θεοῦ
612 2246 702 2299 τοῦ
733 2246 951 2313 ζῶντος.
998 2251 1340 2325 Ἀποκριθεὶς
1380 2255 1434 2307 δὲ
1463 2258 1490 2308 6
1532 2255 1736 2326 Ἰησοῦς
1757 2296 1771 2319 ,
1815 2253 1894 2308 εἷ-

322 2351 421 2386 πεν
453 2336 632 2405 αὐτῷ’
660 2337 942 2409 Μακάριος
971 2336 1040 2406 εἴ,
1073 2341 1251 2412 Σίμων
1286 2342 1400 2414 Bap
1441 2345 1612 2405 Ἰωνᾶ,
1645 2345 1726 2396 δτι
1758 2345 1893 2416 σὰρξ

319 2427 414 2478 καὶ
461 2425 597 2496 αἷμα
639 2430 740 2481 οὐκ
785 2432 1101 2502 ἀπεκὰλυῷέ
1139 2451 1240 2497 σοι,
1276 2434 1392 2488 ἀλλ’
1420 2438 1447 2489 6
1495 2437 1686 2507 Πατήρ
1731 2455 1832 2507 μου
1865 2439 1893 2490 6

319 2518 378 2568 ὲν
415 2521 524 2580 τοῖς
566 2519 831 2587 οὐρανοῖς.
869 2541 886 2572 ι
939 2524 1000 2575 Εἰ
1031 2523 1183 2594 ψιλὸς
1233 2525 1517 2596 ἅνθρωπος
1566 2529 1594 2580 6
1636 2529 1889 2599 Χριστὸς,

315 2608 458 2661 διατί
485 2608 856 2680 τεθαύμαςται
885 2614 1090 2686 Πέτρος
1112 2617 1393 2687 ,ὁμολογῶν
1438 2621 1599 2674 αὐτόν
1623 2638 1638 2686 ;
1683 2621 1807 2686 Πῶς
1835 2623 1890 2676 δέ

317 2700 436 2750 ἑστι
479 2700 571 2753 καὶ
603 2700 956 2767 θεοδίδακτος,
1011 2706 1042 2776 ἢ
1095 2707 1252 2772 ποίας
1288 2710 1481 2782 ἐδεήθη
1529 2714 1889 2783 φωταγωγίας

315 2787 541 2854 ἄνωθεν,
573 2792 658 2845 ἵνα
684 2791 834 2864 μάθῃ
854 2795 913 2847 τὸ
939 2797 1026 2848 ἐπ’
1051 2798 1198 2869 αὑτῷ
1224 2803 1547 2873 μυστήριον;
1589 2805 1727 2858 Ἀλλ’
1750 2806 1889 2874 ἔγνω

317 2878 450 2930 Θεὸν
482 2877 632 2944 ὄντα,
674 2881 764 2934 καὶ
805 2882 929 2935 Υῐὸν
947 2883 1080 2937 Θεοῦ
1128 2885 1325 2951 ζῶντος
1367 2889 1764 2964 διωμολόγησεν
1800 2897 1890 2947 αῦ-

315 2969 438 3020 τόν·
469 2970 720 3042 ταύτῃτοι
745 2973 1135 3043 τεθαύμασται.
1163 2978 1304 3049 Πλὴν
1326 2981 1420 3033 ἕνα
1451 2983 1598 3048 Υἰὸν,
1636 2985 1727 3038 καὶ
1770 2988 1888 3056 οὐχὶ

315 3056 410 3112 δύο
440 3057 587 3122 υἱούς
621 3078 774 3131 φησι.
817 3063 1084 3128 Δυσσεὸἒς
1128 3061 1218 3118 οὖν
1263 3068 1368 3137 ἄρα
1411 3068 1463 3122 :6
1510 3071 1764 3142 διορίζειν
1808 3078 1886 3139 εἰς

315 3151 427 3205 δύο.
465 3173 482 3202 ‹
520 3155 717 3208 Μέλλει
743 3156 850 3226 γάρ
878 3159 906 3210 6
937 3159 1063 3222 Υἱὸς
1091 3160 1182 3214 τοῦ
1229 3164 1520 3236 ἀνθρώπου
1545 3169 1801 3239 ἔρχεσθαι
1831 3175 1886 3225 ἐν

315 3246 380 3312 ’τῇ
413 3245 536 3315 δόξῃ
570 3245 664 3299 ’τοῦ
698 3248 907 3317 Πατρδς
952 3251 1137 3317 αὐτοῦ,
1189 3254 1326 3323 μετά
1357 3257 1464 3309 τῶν
1501 3259 1749 3327 ἀγγέλων
1787 3263 1886 3314 αὺ-

316 3333 431 3388 τοῦ.
488 3355 506 3385 ι
563 3336 692 3389 ’ἰδοὺ
749 3341 907 3392 πάλιν
953 3342 1214 3410 ἀγγέλους
1257 3346 1420 3399 αὑτοῦ
1477 3366 1606 3418 φησι
1657 3351 1722 3403 τὰ
1778 3352 1889 3405 ἄνω

317 3426 621 3498 πνεύματα,
655 3427 827 3483 καίτοι
857 3430 1150 3503 λεγομένου
1187 3434 1315 3488 Υἰοῦ
1349 3436 1655 3507 ἀνθρώπου.

390 3721 409 3752 t
469 3701 760 3757 Ἐλθόντων
815 3704 880 3776 δὴ
926 3700 1071 3757 οῦντ
1135 3710 1214 3770 εἰς
1255 3703 1646 3781 Καπερναοὺμ,
1720 3731 1885 3784 προσ-

320 3791 484 3862 ῆλθον
508 3793 556 3846 οἱ
589 3792 657 3846 τὰ
677 3794 943 3866 δίδραχμα
971 3797 1031 3849 λα
1043 3797 1354 3869 μϐόινοντες,
1373 3799 1449 3870 τῷ
1478 3802 1686 3874 Πέτρῳ,
1703 3804 1798 3858 καὶ
1815 3803 1882 3858 εἷο

311 3902 415 3937 πον
435 3901 446 3915 ο
493 3887 551 3939 '0
574 3885 890 3950 διδάσκαλος
913 3888 1065 3958 ὑμῶν
1084 3891 1146 3942 οῦ
1178 3890 1405 3945 τελείτά
1430 3892 1701 3965 δίδραχμα
1722 3913 1735 3958 ;
1775 3895 1883 3950 Καὶ

309 3976 490 4041 λέγει·
545 3975 671 4030 Ναί.
722 3978 832 4032 Kal
877 3979 1189 4035 εἰσελθόντα
1245 3984 1322 4046 εἰς
1365 3983 1463 4054 τὴν
1504 3986 1702 4052 οἰκίαν,
1753 4005 1888 4058 προ-

310 4065 546 4134 έφθασεν
575 4067 736 4122 αὑτὸν
785 4071 813 4122 6
866 4069 1092 4140 Ἰησοῦς,
1119 4070 1324 4139 λέγων’
1381 4073 1446 4126 Τί
1479 4092 1558 4128 σοι
1602 4076 1764 4141 δοκεῖ,
1805 4078 1890 4130 Σί-

313 4163 468 4228 μῶν;
509 4161 558 4212 οἱ
602 4159 841 4229 βασιλεῖς
896 4159 995 4229 τῆς
1042 4160 1145 4230 γῆς
1196 4161 1303 4215 ἀπὸ
1351 4163 1510 4218 τίνων
1555 4165 1888 4237 λαμϐάνουσι

308 4247 462 4318 τέλη,
509 4250 544 4320 ἢ
586 4250 816 4320 κῆνσον;
864 4251 972 4303 ἀπο
1011 4251 1121 4303 τῶν
1151 4249 1281 4304 υίῶν
1312 4253 1508 4319 αὐτῶν,
1543 4255 1575 4325 ἥ
1630 4256 1736 4308 άπὸ
1780 4257 1888 4310 τῶν

309 4341 606 4411 ἀλλοτρίων
625 4384 640 4407 ,
664 4337 797 4394 Εἷπε
823 4343 880 4396 δὲ
907 4343 1052 4413 αὐτῷ
1071 4361 1085 4374 ο
1121 4344 1251 4397 ’Λπὸ
1278 4345 1386 4398 τῶν
1412 4346 1726 4416 ἀλλοτρίων.
1754 4347 1889 4403 Εἷπε

307 4433 365 4485 δὲ
386 4431 535 4501 αὐτῷ
562 4433 590 4483 6
631 4432 868 4503 Ἰησοῦς·
907 4435 1048 4504 Ἀρα
1073 4453 1134 4503 γε
1173 4435 1442 4508 ἐλεύθεροί
1465 4439 1601 4489 είσιν
1630 4439 1678 4490 οἱ
1708 4440 1833 4494 υίοί.
1861 4459 1883 4492 ι

307 4522 433 4586 Πῶς
468 4523 750 4594 ἐλεύθερον
789 4525 978 4578 ἑαυτὸν
1009 4519 1146 4578 εἷναί
1194 4544 1348 4597 φησι,
1399 4528 1492 4580 καὶ
1536 4527 1640 4592 ἔξω
1685 4529 1873 4600 νόμου,

307 4614 405 4666 καὶ
431 4613 717 4684 ἀσυντελῆ,
766 4617 860 4669 καὶ
894 4615 1022 4670 Υίὸν
1067 4617 1300 4686 ἀληθῶς,
1353 4619 1401 4671 εἰ
1448 4618 1522 4689 μὴ
1551 4618 1681 4682 Θεός
1711 4622 1878 4686 ἐστιν,

307 4704 499 4759 ἑνώσει
529 4709 594 4777 τῇ
623 4707 744 4760 καθ’
772 4708 1070 4762 ὑπόστασιν
1089 4709 1286 4780 σαρκὸς
1322 4709 1415 4762 καὶ
1443 4710 1672 4779 αἵματος
1703 4727 1881 4763 κεκοι-

2002 1989 2151 2038 vero,
2189 1971 2500 2038 Jeretniam,
2529 1978 2622 2024 aut
2655 1985 2818 2024 unum
2849 1985 2915 2023 ex
2946 1968 3242 2039 prephetis.
3276 1966 3422 2020 Dixit
3461 1965 3576 2020 illis

1996 2065 2192 2120 Iesus:
2232 2065 2335 2119 \‘os
2367 2071 2544 2116 autem
2583 2077 2741 2129 quem
2774 2075 2861 2114 me
2900 2074 3021 2114 esse
3059 2057 3274 2113 dicitis?
3318 2057 3565 2126 Respon-

1996 2157 2128 2212 dens
2159 2155 2343 2210 Simon
2374 2153 2566 2208 Petrus
2595 2153 2767 2208 dixit:
2802 2151 2882 2206 Tu
2915 2167 2972 2206 es
3001 2150 3250 2206 Christus
3274 2147 3444 2202 Filius
3469 2147 3562 2202 Dei

1996 2246 2492 2312 vivi.Respondens
2513 2252 2692 2296 autem
2725 2240 2903 2306 .lesus,
2946 2241 3080 2294 dixit
3114 2239 3161 2293 ei
3193 2257 3222 2293 ιτ
3250 2237 3578 2297 Βειιιιιεεε...

1996 2336 2181 2392 Simon
2206 2335 2312 2388 Bar
2340 2333 2496 2398 .loua,
2518 2334 2643 2403 quia
2672 2347 2802 2387 caro
2827 2342 2879 2386 et
2909 2331 3125 2401 sanguis
3161 2345 3265 2384 non
3301 2328 3567 2384 τείνειεν-ῆι

1996 2427 2115 2494 tibi,
2162 2427 2254 2481 sed
2301 2425 2463 2479 Pater
2493 2439 2666 2489 meus,
2690 2424 2782 2494 qui
2809 2433 2892 2479 est
2917 2423 2972 2478 in
3001 2423 3152 2477 caelis
3181 2422 3220 2474 ¹.
3260 2435 3277 2473 ι
3317 2421 3372 2476 Si
3400 2419 3562 2477 Chri-

1994 2529 2109 2575 stus
2152 2517 2452 2575 communis
2496 2515 2804 2586 vulgarisve
2855 2524 3061 2570 tantum
3106 2516 3268 2570 homo
3313 2523 3418 2578 est,
3466 2522 3562 2567 cur

1993 2612 2182 2667 Petrus
2213 2611 2282 2665 ob
2316 2625 2466 2665 suam
2513 2608 2911 2664 confessionem
2954 2606 3287 2661 admirabilis
3322 2604 3564 2660 declarav

1993 2715 2078 2760 tus
2103 2713 2155 2758 et
2187 2700 2434 2757 laudatus
2461 2701 2588 2756 est?
2629 2699 2909 2767 Quomodo
2957 2699 3213 2753 divinitus
3253 2696 3567 2767 perhibetur

1991 2792 2377 2848 edoctus‘iAut
2400 2805 2635 2860 quanam
2678 2803 2910 2859 superna
2939 2802 3074 2857 opus
3108 2795 3226 2843 erat
3259 2788 3331 2840 illi
3367 2786 3564 2841 illumi-

1990 2881 2231 2945 natione,
2274 2887 2332 2933 ut
2373 2879 2502 2934 illud
2545 2876 2749 2933 Christi
2800 2875 3117 2947 mysterium
3154 2875 3415 2945 caperet?
3463 2874 3565 2930 Ve-

1991 2989 2108 3029 rum
2147 2973 2272 3042 quia
2303 2971 2469 3027 Deum
2499 2985 2621 3027 esse
2651 2970 2887 3041 agnovit,
2935 2968 3273 3039 viventisque
3320 2963 3412 3023 Dei
3465 2961 3559 3022 Ei-

1989 3064 2117 3117 lium
2159 3077 2279 3118 esse
2322 3062 2633 3132 praedicavit
2663 3102 2678 3126 ,
2706 3060 2855 3116 ideo
2907 3059 3170 3114 mirabilis
3213 3071 3268 3115 et
3311 3060 3562 3129 egregius

1995 3156 2208 3210 habitus
2233 3163 2336 3210 est.
2366 3154 2552 3222 Neque
2587 3162 2768 3208 tamen
2802 3152 2936 3206 duos
2967 3148 3248 3207 confessus
3279 3161 3362 3205 est
3397 3151 3558 3213 ﬁlios,

1991 3246 2085 3301 sed
2127 3261 2290 3300 unum
2337 3243 2621 3299 duntaxat.
2660 3239 2889 3312 lmpium
2936 3241 3120 3310 itaque
3162 3250 3246 3296 est
3286 3240 3562 3297 Christum

1993 3339 2044 3391 in
2081 3339 2214 3392 duos
2241 3337 2482 3403 dividere
2515 3335 2675 3390 ﬁlios.
2706 3352 2724 3386 ι
2757 3333 2927 3392 Filius
2959 3331 3104 3390 enim
3143 3328 3400 3388 hominis.
3428 3343 3560 3388 ven-

1989 3439 2144 3482 turus
2171 3435 2254 3482 est
2288 3427 2340 3482 in
2369 3426 2534 3496 gloria
2567 3426 2744 3480 Patris
2771 3427 2852 3480 sui
2895 3439 3013 3480 cum
3059 3423 3264 3494 angelis
3310 3425 3424 3478 suis
3449 3423 3492 3478 '.
3539 3442 3568 3476 »-

1990 3522 2066 3576 Εη
2121 3521 2316 3574 iterum
2367 3519 2619 3574 ccelestes
2650 3519 2874 3588 spiritus
2923 3524 3050 3574 suos
3099 3517 3318 3588 angelos
3369 3528 3570 3584 vocat,

1989 3611 2200 3665 etiamsi
2233 3610 2468 3666 hominis
2497 3610 2668 3665 Filius
2693 3612 2926 3666 dicatur.

2066 3719 2084 3751 ι
2139 3700 2202 3754 Et
2251 3715 2372 3754 cum
2419 3701 2694 3754 venissent
2757 3699 3159 3771 Capliarnaum,
3215 3709 3580 3756 accesserunt

1989 3791 2079 3861 qui
2111 3791 2428 3845 didrachma
2461 3792 2816 3861 accipiebant,
2851 3792 2916 3846 ad
2941 3792 3195 3860 Petrum,
3225 3800 3280 3846 et
3309 3791 3568 3845 dixerunt

1988 3883 2082 3938 ei:
2138 3883 2390 3953 Magister
2435 3891 2617 3938 vester
2668 3899 2774 3938 non
2805 3883 2964 3939 solvit
3027 3883 3378 3938 didracbma?
3423 3879 3556 3934 Ait:

1989 3973 2185 4028 Etiam.
2211 3973 2429 4028 Etcum
2456 3974 2706 4029 intrasset
2741 3973 2794 4028 in
2846 3973 3089 4039 domum,
3131 3973 3392 4044 prmvenit
3437 3985 3569 4027 eum.

1984 4063 2166 4129 Jesns,
2212 4066 2439 4119 dicens:
2499 4064 2638 4131 Quid
2688 4066 2780 4120 tibi
2811 4066 3047 4129 videtur,
3106 4065 3339 4120 Simon?
3389 4063 3573 4135 neges.

1991 4167 2150 4211 terrae
2181 4171 2209 4210 a
2251 4157 2448 4225 quibus
2486 4157 2756 4226 accipiunt
2797 4157 3055 4211 tributum
3096 4157 3180 4211 vel
3214 4170 3433 4212 eensnm
3463 4191 3482 4220 ς
3525 4169 3567 4209 α

1990 4248 2114 4302 ﬁliis
2141 4247 2273 4312 suis,
2301 4261 2368 4300 an
2398 4249 2469 4302 ab
2502 4247 2736 4302 alienis?
2766 4256 2824 4300 et
2857 4245 2944 4302 ille
2981 4245 3114 4300 dixit
3149 4265 3163 4300 :
3205 4245 3287 4300 Ab
3322 4245 3514 4302 alienis
3544 4267 3554 4300 :

1990 4339 2125 4392 dixit
2153 4337 2228 4392 illi
2263 4337 2416 4393 Jesns
2445 4352 2460 4390 :
2492 4329 2631 4406 Ergo
2665 4337 2822 4394 liberi
2857 4346 2986 4392 sunt
3015 4337 3112 4392 lilii
3140 4338 3181 4394 ³.
3220 4355 3240 4390 ι
3279 4337 3585 4405 Quomodo-

1988 4429 2241 4496 liberum,
2295 4430 2398 4484 hoc
2452 4438 2532 4485 est
2567 4444 2598 4482 a
2649 4429 2786 4498 legis
2825 4428 3039 4484 vinculo
3092 4428 3384 4499 tribulique
3428 4443 3563 4500 pen-

1989 4523 2144 4576 sione
2171 4522 2486 4586 immunem,
2515 4535 2726 4576 necnon
2759 4536 2942 4576 verum
2971 4521 3166 4576 Filium
3199 4536 3260 4576 se
3279 4521 3554 4591 pradicet,

1991 4615 2036 4670 si
2069 4615 2251 4669 carnis
2275 4623 2328 4669 et
2350 4615 2634 4685 sanguinis
2670 4615 2968 4670 secundum
2995 4613 3384 4685 hypostaticam
3411 4614 3565 4668 unio-.

1991 4721 2112 4762 nem
2143 4709 2412 4777 particeps
2439 4706 2686 4775 effectus,
2718 4723 2826 4762 non
2857 4717 2941 4764 est
2987 4708 3167 4763 Deus?
3196 4711 3267 4762 At
3308 4707 3583 4776 dependit.

306 4798 600 4868 νωνηκὼς;
631 4800 982 4854 Συντετέλεκε
1012 4801 1068 4854 δὲ
1093 4801 1153 4854 τὸ
1184 4802 1496 4872 δίδραχμον,
1541 4803 1618 4867 ὡς
1645 4802 1883 4871 γεγονὼς

1994 4799 2341 4854 nihilominus
2388 4799 2702 4855 didrachma
2771 4809 3028 4870 tanquam
3093 4799 3196 4869 legi
3258 4797 3557 4862 obnoxius,

309 4888 414 4940 ὑπὸ
447 4887 608 4957 νόμον
636 4891 664 4941 ὁ
691 4890 830 4960 ὑπὲρ
857 4889 1020 4958 νόμον
1048 4891 1192 4953 Υἱός.
1226 4889 1542 4960 Ἀνθρωπος
1567 4891 1624 4943 δὲ
1647 4889 1743 4955 ὢν,
1786 4891 1882 4961 οὐχ

313 4977 449 5047 ὑπὲρ
475 4978 635 5046 νόμον
655 4983 854 5034 νοεῖται
888 4997 901 5010 ·
931 4979 1047 5043 πῶς
1071 4981 1211 5050 γάρ;
1242 4981 1350 5034 οὐδ’
1377 4981 1442 5034 ἂν
1470 4981 1582 5053 ἔχοι
1610 4983 1750 5035 κατά
1779 4983 1881 5050 φύ-

309 5082 395 5118 σιν
440 5067 501 5122 τὸ
531 5067 830 5138 ἐλεύθερον,
875 5071 922 5122 εἰ
959 5069 1032 5140 μὴ
1061 5073 1260 5123 νοεῖται
1291 5070 1422 5135 Θεὸς
1451 5073 1509 5124 ἐν
1551 5071 1872 5142 ἀνθρωπεία

313 5160 520 5228 μορφῇ-

393 5249 792 5314 Ἀναῦκίνοντος
818 5253 878 5303 ἐν
913 5250 1303 5322 Ἱεροσολύμοις
1348 5251 1441 5305 τοῦ
1474 5251 1692 5305 πάντων
1718 5251 1875 5324 ἡμῶν

311 5341 559 5412 Σωτῆρος
586 5341 843 5413 Χριστοῦ,
878 5342 1063 5406 παῖδες
1094 5343 1466 5415 προεῦάδιζον,
1509 5342 1880 5414 εὐφημοῦντες

1989 4905 2114 4944 cum
2149 4899 2328 4945 tamen
2361 4898 2418 4944 ut
2443 4891 2612 4948 Filius
2633 4892 2748 4963 lege
2775 4890 2945 4959 major
2973 4899 3139 4944 esset.
3179 4887 3378 4944 Verum
3406 4888 3456 4944 si
3486 4889 3580 4943 sit-

1989 4982 2171 5047 homo,
2207 4997 2312 5037 non
2347 4990 2431 5037 est
2460 4997 2624 5053 supra
2655 4983 2847 5053 legem.
2876 4980 3048 5037 Nemo
3078 4979 3219 5036 enim
3252 4980 3558 5034 naturalem

1986 5072 2292 5128 libertatem
2321 5073 2394 5126 illi
2431 5074 2648 5139 tribuet,
2682 5074 2783 5128 nisi
2817 5082 2875 5127 ut
2916 5072 3084 5128 Deum
3111 5071 3345 5127 humana
3382 5069 3555 5126 forma

1985 5163 2232 5219 indutum
2258 5165 2441 5219 animo
2472 5167 2718 5220 eumdem
2749 5164 3038 5234 concipiat.

2055 5255 2282 5310 Christo
2318 5256 2558 5312 omnium
2620 5266 2862 5312 nostrum
2912 5255 3193 5311 Salvatore
3241 5253 3578 5328 Hierosoly-

1989 5359 2135 5398 mam.
2161 5347 2510 5412 ascendente,
2534 5345 2682 5415 pueri
2715 5352 3038 5415 praeeuntes,
3054 5343 3380 5416 laudumque
3409 5353 3521 5414 pra
3547 5369 3570 5382 -

387 5499 433 5529 "‘
468 5496 668 5552 Matth.
694 5512 813 5559 stu,
858 5496 1049 5552 40-62.
1128 5498 1173 5528 9’
1205 5495 1350 5557 Psal.
1381 5512 1470 5561 cn,
1513 5496 1602 5552 20.
1686 5499 1697 5528 ¹
1727 5497 1916 5551 Matth.
1939 5511 2053 5564 xw,
2089 5495 2275 5550 l5-l7.
2355 5499 2373 5528 ²
2408 5497 2539 5553 ibid.
2565 5498 2654 5553 Ἦ.
2734 5499 2752 5530 ³
2776 5495 2968 5564 Matth,
2998 5515 3128 5565 xm,
3158 5498 3352 5555 εδοξε.

1365 5653 1536 5708 Varia:
1565 5653 1822 5710 lectiones
1853 5653 2054 5711 codicis
2091 5652 2449 5724 chuicriani.

389 5792 406 5831 ί
437 5793 489 5846 δὲ
515 5795 714 5848 αὐτῶν.
