4146 6474
636 379 769 436 1267

1621 384 1680 441 S.
1720 383 1992 443 CYRlLLl
2029 382 2491 444 ALEXANDRINI
2537 383 2853 441 ARCHIEP.

3737 384 3867 440 ιισξ

629 499 780 552 conia
835 496 1247 568 depromentes,
1281 500 1389 571 83
1437 517 1455 553 ι
1486 499 1736 556 Hosanna
1767 503 1875 557 lilio
1925 502 2117 567 David,
2167 522 2170 550 ι

2293 519 2350 555 τε
2369 503 2461 556 καὶ
2487 502 2764 570 λέγοντες·
2783 519 2800 551 ι
2831 497 3055 552 Ὡσαννὰ
3078 498 3154 568 τῷ
3181 499 3282 570 υἷῴ
3300 498 3481 553 Δαυΐδ.
3519 518 3536 552 ι
3552 502 3861 572 Θεοπρεπης

627 589 989 644 clamabant".
1057 591 1126 644 At
1166 591 1282 647 haec
1356 592 1676 647 acclamatio
1724 595 1775 648 in
1817 594 1988 649 solum
2026 595 2189 649 Deum

626 682 876 746 quadrat.
937 680 1255 750 «Indignati
1307 694 1483 738 autem
1541 685 1792 740 Pharisazi
1852 685 1904 740 in
1955 687 2190 741 medium

627 780 1028 838 prorumpunt:
1061 772 1272 836 Audis,
1324 775 1595 841 inquiunt,
1648 777 1775 843 quid
1824 777 1909 830 isti
1969 777 2193 831 dicunt?

625 854 783 912 Jesus
813 869 989 914 autem
1038 863 1176 915 dixit
1225 864 1304 916 eis
1335 883 1347 917 :
1384 863 1598 933 Utique.
1637 864 1920 937 Nunquam
1960 867 2189 938 legistis,

625 948 748 1016 quia
779 949 854 1003 Ex
883 965 976 1005 ore
1013 951 1295 1006 infantium
1334 964 1389 1008 et
1415 955 1726 1009 lactetttiuut
1769 957 2041 1025 perfecisti
2081 957 2191 1010 lau-

625 1037 744 1091 dem
769 1039 830 1092 '?
857 1058 876 1091 ι
904 1039 1010 1094 Sed
1039 1043 1250 1094 beatum
1294 1043 1456 1097 David
1502 1045 1603 1098 hoc
1637 1046 1755 1100 lo'co
1787 1047 1974 1101 audire
2015 1061 2191 1116 opera:

624 1127 853 1195 pretium
875 1139 994 1195 est;
1035 1131 1301 1184 aitautem
1336 1150 1349 1186 :
1385 1151 1402 1184 ι
1432 1134 1655 1190 Domine
1685 1135 1936 1190 Dominus
1983 1145 2188 1196 noster.

623 1232 782 1287 quam
809 1221 1121 1276 admirabile
1142 1233 1224 1277 est
1244 1239 1440 1278 nomen
1467 1233 1614 1278 tuum
1649 1226 1699 1279 itt
1726 1227 1974 1281 universa
2000 1237 2141 1280 terra
2171 1231 2186 1284 1

631 1310 898 1375 Quoniam
925 1311 1134 1366 elevata
1168 1323 1250 1368 est
1277 1315 1672 1382 magniﬁcentia
1709 1325 1794 1370 tua
1821 1331 1981 1384 super
1999 1320 2185 1373 caelos.

622 1401 698 1454 Ex
724 1417 817 1455 ore
844 1401 1124 1457 infantium
1151 1413 1204 1458 et
1225 1405 1541 1460 lactentium
1563 1407 1838 1475 perfecisti
1859 1411 2068 1464 laudem
2092 1412 2133 1465 ⁸.
2161 1431 2180 1464 ›

619 1488 777 1544 Pueri
838 1507 1068 1561 namque
1121 1509 1310 1562 magna
1365 1495 1725 1553 exsultatione
1783 1500 2184 1566 acclantattles,

618 1580 855 1642 aiebant,
923 1600 941 1633 ι
993 1581 1243 1638 Ilosanna
1297 1585 1405 1641 lilio
1444 1587 1632 1642 David.
1667 1609 1685 1641 ι
1738 1589 1788 1644 ls
1831 1606 1990 1658 porro
2037 1593 2189 1663 cujus

617 1670 850 1742 elogium
883 1673 1262 1742 decantabunt,
1287 1678 1548 1745 ejusmodi
1582 1679 1790 1734 laudem
1829 1689 1881 1734 et
1921 1682 2187 1736 acclama-

621 1767 821 1820 tionem
854 1769 1166 1836 neutiquam
1206 1770 1552 1850 repudiabaI;
1599 1771 1759 1840 Atqui
1795 1774 1982 1827 beatus
2024 1773 2186 1827 David

2290 593 2348 647 δὲ
2369 593 2583 655 πάντως
2600 593 2743 644 ἐστὶν
2775 589 3119 660 ἡδοξολογέα.
3157 607 3174 640 ι
3211 589 3626 660 Ἠγανάκτησαν
3641 593 3692 642 οἱ
3706 593 3856 660 Φαρι·

2293 685 2452 745 σαῖοι,
2474 683 2566 736 καὶ
2582 682 2644 753 δὴ
2669 681 2764 735 καὶ
2786 681 3112 751 προσῄεσαν,
3131 679 3399 747 λέγοντες·
3431 681 3761 742 Ἀκούεις,.τί
3784 679 3858 735 0-3-

2290 793 2371 829 τοι
2399 775 2679 843 λέγουσιν;
2718 776 2773 828 '0
2795 773 2849 824 δὲ
2887 772 3091 842 Ἰησοῦς
3114 767 3266 824 εἶπεν
3292 773 3474 836 αὐτοῖς
3497 789 3512 804 ο
3550 773 3676 827 Ναί.
3716 774 3848 826 Οῦδέ

2292 883 2420 920 ποτε
2444 865 2824 933 ἀνέγνωτε,ὅτι
2865 863 2956 917 Ἐκ
2975 864 3238 933 στόματος
3265 865 3475 934 νηπίων
3491 867 3583 919 καὶ
3610 865 3845 936 οηλ-αζόν

2289 975 2395 1010 των
2417 956 2731 1026 κατηρτίσω
2763 951 2939 1021 αϊνονς
2980 974 2998 1006 ι
3049 956 3369 1024 ’Λναγκαῖον
3409 959 3466 1010 ὲν
3496 958 3706 1020 τούτοις
3751 958 3859 1010 δια-

2294 1049 2659 1119 μνημονεῦσαι
2701 1048 2794 1102 τοῦ
2823 1048 3090 1120 μακαρίου
3105 1047 3268 1101 Δαυῒδ
3289 1049 3538 1117 λέγοντος
3557 1066 3572 1080 ο
3607 1070 3624 1100 ι
3666 1051 3858 1120 Κύριε,

2290 1141 2318 1192 ὁ
2341 1139 2542 1209 Κύριος
2573 1139 2750 1208 ἡμῶν,
2777 1139 2852 1200 ὡς
2891 1137 3200 1208 θαυμαστὸν
3233 1138 3292 1192 τὸ
3327 1139 3496 1209 ὄνομα
3519 1157 3613 1192 σου
3639 1143 3696 1193 ὲν
3720 1143 3858 1212 πᾶσι·

2289 1233 2352 1300 τῇ
2385 1233 2453 1298 γῇ
2483 1230 2495 1282 !
2529 1229 2651 1280 Ὅτι
2693 1227 2961 1298 ἐπήρθηή
3001 1228 3447 1300 μεγαλοπρέπεια
3484 1248 3576 1283 σου
3609 1233 3856 1302 ὑπεράγειν

2287 1319 2395 1372 τῶν
2436 1319 2698 1387 οὐρανῶν.
2745 1319 2838 1370 Ἐκ
2870 1320 3135 1389 στόματος
3163 1321 3371 1388 νηπίων
3403 1323 3496 1375 καὶ
3526 1322 3855 1391 θηλαζόντωῑ

2288 1411 2600 1481 κατηρτίσω
2631 1405 2802 1462 αἶνον.
2841 1429 2860 1461 ι
2896 1412 2957 1462 0i
3010 1411 3107 1479 μὲν
3133 1411 3244 1482 γὰρ
3282 1411 3466 1476 παῖδες
3493 1414 3860 1484 εὐφημοῦντες

2287 1503 2494 1570 ἔλεγονο
2533 1520 2551 1553 t
2616 1502 2844 1555 Ὡσαννά
2869 1501 2946 1572 τῷ
2975 1502 3075 1571 υἱῷ
3106 1503 3290 1556 Δαυῖδ.
3342 1523 3360 1555 ι
3396 1505 3760 1575 Καταδέχεται
3799 1508 3856 1560 δὲ

2286 1594 2383 1661 τὴν
2424 1581 2735 1660 δοξολογίαν
2783 1593 3213 1662 εὐφημούμενος.
3273 1596 3330 1647 Ὀ
3375 1595 3431 1648 δέ
3481 1612 3544 1662 γε
3594 1597 3857 1667 μακάριος

2286 1683 2446 1737 Δαυῖδ
2475 1685 2574 1738 οὐκ
2595 1681 2867 1754 ἀνθρώπῳ
2887 1683 3090 1753 ταύτην
3115 1685 3429 1738 ἀνατέθεικε
3459 1687 3647 1757 κοινῷ,
3672 1690 3855 1759 Κυρίῳ

2286 1775 2341 1827 δὲ
2375 1773 2598 1844 μᾶλλον,
2635 1768 2696 1826 οῦ
2726 1774 2820 1826 καὶ
2849 1774 3158 1844 θαυμαστὸν
3188 1775 3249 1827 τὸ
3293 1775 3465 1844 ὄνομα
3512 1778 3569 1828 ὲν
3617 1778 3765 1848 πάσῃ
3792 1782 3854 1849 τῇ

613 1872 730 1911 eam
786 1860 1232 1915 acclamationem
1295 1877 1400 1916 non
1449 1863 1718 1918 communi
1760 1864 1922 1919 alicui
1975 1865 2170 1919 hmuini

2279 1867 2378 1934 γῇο
2407 1865 2616 1935 ἐπήρθη
2651 1864 2759 1933 γὰρ
2802 1866 2834 1933 ἡ
2879 1865 3320 1934 μεγαλοπρέπεια
3354 1864 3568 1937 [αὑτοῦ]
3599 1868 3858 1938 ὑπεράνω

617 1943 907 2016 tribuebat,
944 1955 1038 2007 sed
1067 1952 1305 2008 omnium
1348 1954 1613 2011 Domino:
1653 1956 1794 2010 illius
1824 1957 1965 2010 enim
2012 1957 2180 2012 solius

615 2057 807 2096 nomen
846 2045 1098 2099 universa
1139 2055 1279 2098 terra
1334 2047 1651 2113 demiratur,
1685 2046 2036 2118 ejusdemque
2068 2063 2179 2102 nta-

2285 1956 2390 2009 τῶν
2415 1956 2678 2026 οὐρανῶν.
2705 1952 2853 2019 Εἶτα,
2878 1955 2993 2018 πῶς
3016 1957 3076 2008 οὐ
3095 1956 3226 2019 Θεὸς
3249 1959 3275 2010 6
3305 1957 3430 2020 Υἱὸς
3450 1958 3609 2012 Aluit:
3633 1959 3694 2011 τὶι
3720 1961 3855 2012 κατὰ

2289 2047 2467 2117 σάρκα
2497 2045 2724 2118 Χριστός
2744 2064 2758 2112 ;

609 2137 917 2207 gniﬁceutia
969 2155 1130 2210 super
1178 2157 1366 2196 oumes
1416 2143 1580 2196 cozlos
1629 2143 1851 2198 tollitur.
1882 2145 2174 2211 ",Quomodo
2211 2157 2340 2212 ergo
2373 2141 2619 2197 Christus
2695 2139 2910 2194 Davidis
2971 2141 3522 2196 secundum'caruem
3568 2144 3708 2196 tnius
3748 2160 3852 2196 ιιυιι

613 2243 694 2289 cst
733 2235 910 2291 Deus?

693 2373 710 2403 ι
740 2353 874 2408 Cum
901 2363 1080 2409 autem
1111 2357 1320 2412 venerit
1354 2357 1520 2412 FlllllS
1547 2357 1780 2414 hominis
1811 2359 1864 2412 itt
1890 2356 2172 2426 majestate

611 2461 727 2509 sua,
770 2456 824 2500 et
854 2462 1042 2501 oumes
1087 2449 1258 2518 angeli
1296 2465 1416 2503 cum
1461 2464 1552 2513 eo,
1613 2463 1737 2504 tunc
1770 2449 1977 2505 sedebit
2011 2464 2174 2518 super

609 2537 791 2590 sedem
823 2535 1122 2604 maiestatis
1146 2540 1308 2592 sum".
1345 2559 1362 2590 ι
1393 2539 1642 2609 Nunquid
1664 2539 1913 2595 Christus
1934 2548 1993 2592 ιιι
2014 2539 2175 2593 Ιιοιιιο

606 2628 874 2697 quispiam
909 2630 1079 2684 nostri
1111 2629 1304 2686 similis
1330 2647 1424 2699 pro
1450 2631 1702 2686 tribunali
1732 2631 1962 2695 sedebit,
1989 2640 2175 2686 astan-

609 2719 859 2786 tibnsqne
905 2720 1158 2775 omnibus
1199 2723 1544 2792 undiquaque
1577 2723 1673 2791 ipsi
1716 2723 1949 2792 angelis,
1986 2722 2172 2777 orbem

597 2809 901 2876 iudicabit?
934 2810 1032 2877 Qui
1081 2812 1240 2875 istud,
1276 2814 1526 2879 obsecro,
1575 2814 1771 2868 rationi
1814 2824 1899 2868 est
1946 2829 2174 2870 consen-

607 2901 863 2954 taneum?
917 2902 1109 2956 Annon
1144 2904 1403 2973 scriptum
1447 2914 1569 2960 est:
1605 2922 1622 2954 ι
1654 2903 1805 2960 Unus
1838 2915 1919 2959 est
1949 2904 2169 2973 legisla-

604 2999 707 3054 lor,
735 3002 789 3046 et
809 2992 970 3059 jndex
995 2993 1055 3046 “1’
1087 3014 1105 3046 ι
1151 2995 1288 3050 Deus
1321 2995 1484 3066 igitur
1504 3006 1590 3050 est
1617 2996 1890 3062 Christus,
1927 2997 2018 3066 qui
2049 2996 2163 3064 pari

2354 2375 2372 2408 ι
2399 2356 2568 2409 Ὅταν
2594 2354 2722 2425 ἔλθῃ
2739 2353 2908 2416 ὁΥἱὸς
2930 2352 3022 2407 τοῦ
3050 2350 3336 2423 ἀνθρώπου
3363 2353 3420 2404 ἐν
3437 2356 3499 2423 τῇ
3517 2353 3639 2424 δόξῃ
3665 2355 3848 2421 αὑτοῦ,

2279 2447 2372 2500 καὶ
2413 2447 2612 2509 πάντες
2653 2448 2701 2499 οἱ
2733 2444 2953 2514 ἄγγελοι
3001 2443 3116 2514 μετ’
3146 2443 3331 2507 αὐτοῦ,
3363 2446 3482 2496 τότε
3519 2446 3731 2498 καθίσει
3760 2450 3850 2500 ἐπὶ

2280 2537 2464 2609 θρόνον
2493 2536 2650 2607 δόξης
2701 2534 2886 2590 αὑτοῦ.
2927 2555 2944 2588 ι
2990 2531 3136 2607 *Αρα
3177 2535 3250 2599 ὡς
3295 2534 3575 2605 ἄνθρωπος
3621 2531 3702 2598 εἷς
3744 2539 3850 2588 τῶν

2281 2628 2402 2682 καθ’
2430 2630 2577 2699 ἡμᾶς
2623 2627 2928 2682 καθεδεῖται
2960 2627 3210 2696 Χριστὸς,
3249 2627 3670 2696 παρεστηκότων
3703 2628 3850 2698 αὐτῷ

2278 2720 2496 2774 πάντων
2543 2719 2654 2772 τῶν
2685 2718 2948 2788 ἀγγέλων,
2983 2716 3125 2770 οὕτω
3165 2735 3225 2770 τε
3255 2722 3432 2788 κρινεῖ
3479 2720 3569 2772 τὸν
3611 2721 3848 2789 κόσμονς

2275 2808 2430 2874 Εἶτα,
2479 2812 2631 2864 ποῖον
2660 2809 2772 2881 ἔχει
2820 2809 2976 2864 τοῦτο
3023 2809 3212 2877 λόγον’;
3261 2809 3570 2881 Γέγραπται
3605 2811 3735 2881 γὰρ,
3767 2812 3850 2863 ὅτι

2282 2919 2299 2952 ι
2328 2896 2423 2965 Εἷς
2458 2902 2603 2955 ἐστιν
2627 2901 2655 2953 6
2677 2899 2972 2970 νομοθέτης
2999 2899 3093 2952 καὶ
3120 2897 3332 2970 κριτής.
3374 2919 3392 2950 ι
3428 2901 3560 2964 Θεὸς
3585 2897 3677 2953 οῦν
3736 2902 3850 2969 ἄρα

2271 2991 2523 3059 Χριστὸς,
2538 2992 2566 3044 6
2588 2991 2645 3042 ἐν
2660 2989 2785 3061 δόξῃ
2801 2989 2956 3054 Θεοῦ,
2974 2988 3067 3042 καὶ
3082 2988 3268 3058 θρόνον
3293 2989 3451 3059 ἔχων,
3471 2992 3561 3043 καὶ
3576 3009 3647 3043 πα
3655 2991 3850 3060 ρεστῶ-

599 3098 722 3137 cum
773 3085 881 3137 Deo
936 3084 1105 3154 gloria
1153 3085 1382 3152 pollens.
1433 3085 2162 3155 thronumquejudiciarium

2274 3099 2368 3146 τας
2399 3081 2686 3150 ἀγγέλους,
2716 3080 2810 3134 καὶ
2851 3080 3050 3152 κρίνων
3075 3081 3173 3152 τὴν
3205 3081 3528 3153 οἰκουμένην
3554 3083 3611 3136 ὲν
3636 3083 3844 3136 δικαιοί

599 3177 874 3242 obtiueus,
935 3192 999 3230 ac
1049 3177 1268 3246 angelos
1313 3177 1736 3246 circumquaque
1786 3184 2026 3231 astantes
2071 3175 2169 3230 ha-

601 3268 754 3332 bens,
787 3267 838 3320 iu
865 3267 1075 3334 justitia
1103 3278 1371 3322 terrarum
1395 3269 1583 3323 orbem
1612 3266 1891 3336 iudicabit.

676 3399 694 3431 ι
728 3380 792 3433 Et
843 3379 1093 3449 princeps
1117 3381 1460 3435 sacerdotum
1513 3382 1584 3435 ait
1613 3382 1684 3435 illi
1718 3399 1734 3436 :
1765 3381 1964 3450 Adiuro
1993 3389 2045 3435 te
2073 3397 2170 3445 per

599 3471 769 3528 Deum
803 3473 1006 3538 vivum,
1041 3482 1098 3527 ut
1132 3473 1279 3528 dicas
1303 3473 1480 3536 nobis,
1511 3474 1553 3527 si
1609 3483 1662 3526 ttt
1707 3488 1766 3528 es
1799 3472 2052 3528 Christus
2076 3471 2168 3526 Fi-

601 3565 704 3619 lius
736 3564 832 3618 Dei
872 3565 1000 3618 vivi.
1046 3565 1186 3619 Dicit
1239 3565 1312 3619 illi
1354 3564 1512 3621 Jesus
1543 3564 1660 3620 :Tu
1706 3565 1923 3632 dixisti;
1951 3580 2170 3620 verunt-

601 3666 779 3710 tamen
808 3655 932 3711 dico
981 3657 1151 3717 vobis.
1181 3657 1376 3710 amodo
1403 3655 1655 3711 videbitis
1686 3654 1882 3711 Filium
1935 3655 2168 3710 hominis

597 3748 870 3802 sedentem
907 3763 936 3801 a
971 3748 1177 3802 dextris
1227 3748 1446 3802 virtutis
1489 3747 1605 3812 Dei,
1660 3757 1714 3802 et
1771 3747 2076 3803 venientem
2110 3749 2164 3801 itt

598 3838 826 3894 nubibus
860 3839 982 3892 etcli
1011 3840 1052 3892 ’.
1084 3856 1103 3890 ›
1144 3837 1422 3904 Quomodo
1451 3837 1618 3893 Filius
1659 3838 1942 3894 hominisa
1962 3839 2168 3895 dextris

595 3930 812 3986 virtutis
866 3928 957 3984 Dei
1011 3930 1199 3985 sedet?
1240 3929 1463 3984 Planum
1529 3938 1612 3984 est
1655 3928 1750 3985 Dei
1800 3931 2032 4011 Verpum
2092 3931 2164 3985 ita

595 4019 796 4076 laetum
828 4035 949 4077 esse
995 4021 1230 4076 hominis
1287 4020 1506 4084 Filium,
1539 4028 1598 4074 ut
1642 4029 1822 4075 tamen
1863 4021 2002 4076 Deus
2045 4037 2167 4077 esse

602 4126 707 4166 non
765 4111 986 4167 desierit
1020 4129 1034 4166 :
1067 4111 1265 4165 mansit
1308 4111 1455 4166 enim
1491 4111 1632 4178 quod
1671 4121 1808 4166 erat.
1837 4110 1950 4166 Hac
2003 4113 2166 4181 igitur

605 4204 809 4258 ratione
829 4203 1105 4273 generanti
1143 4203 1360 4268 assidet,
1389 4213 1444 4255 et
1477 4203 1529 4255 iu
1573 4202 1876 4257 divinitatis
1907 4203 2076 4271 gloria
2111 4214 2166 4258 ct

593 4291 879 4359 majestate
909 4292 1265 4362 conspicuum
1299 4291 1566 4354 cernitur,
1597 4291 1763 4346 etiam
1790 4291 1834 4344 si
1865 4291 2064 4347 factum
2097 4295 2165 4348 sit

591 4396 650 4434 CD
659 4395 741 4436 ro.

665 4510 684 4542 ι
722 4490 881 4548 Jesus
903 4502 1077 4546 autem
1107 4491 1348 4546 clamans
1381 4508 1514 4548 vnec
1568 4508 1782 4564 magna,
1814 4493 1996 4549 emisit
2039 4493 2153 4563 spi-

589 4586 775 4638 ritum.
813 4585 1026 4639 Etecce
1060 4585 1236 4640 velum
1295 4587 1476 4656 templi
1524 4587 1755 4642 scissum
1803 4597 1883 4642 est
1934 4588 2156 4643 induas

587 4685 790 4746 partes,
815 4691 844 4728 a
869 4690 1086 4730 summo
1111 4692 1278 4744 usque
1308 4677 1555 4732 deorsum
1578 4695 1592 4743 ;
1615 4687 1668 4732 et
1703 4687 1847 4733 terra
1871 4687 2015 4732 mota
2048 4689 2154 4740 est.

586 4773 641 4819 et
670 4773 838 4833 petra:
867 4765 1052 4818 scissa:
1085 4774 1247 4830 sunt;
1277 4775 1330 4818 et
1360 4777 1702 4820 monumenta
1763 4777 1948 4836 aperta
2003 4777 2152 4831 sum,

585 4863 642 4909 et
676 4855 840 4908 multa
880 4870 1105 4924 corpora
1160 4866 1468 4910 sanctorum
1504 4858 1593 4927 qtti
1645 4858 2000 4923 dormierant,
2029 4874 2152 4912 sur-

587 4954 842 4998 rexerunt
872 4945 936 5000 ¹⁰.
973 4965 992 4996 ι
1021 4943 1138 5016 84,
1155 4945 1209 4999 Si
1233 4945 1483 5001 Christus
1509 4949 1810 5002 communis
1831 4958 1947 5002 erat
1974 4950 2153 5014 homo,

585 5051 684 5088 cur
733 5037 824 5090 illo
882 5038 1118 5089 animant
1175 5036 1510 5104 exspirante,
1563 5037 1616 5092 in
1677 5038 1809 5107 ipsis
1868 5039 2156 5093 elementis

585 5136 733 5180 tanta
763 5127 960 5181 accidit
982 5129 1362 5183 conturbatio?
1385 5128 1475 5183 Sol
1495 5130 1660 5195 enim,
1688 5131 1940 5185 retractis
1965 5132 2152 5196 radiis,

581 5218 686 5272 diei
719 5218 970 5272 tenebras
996 5217 1184 5273 oﬂudit
1221 5236 1235 5273 :
1275 5231 1415 5275 terra
1440 5222 1505 5274 ad
1540 5221 1653 5275 lucc
1687 5221 1969 5276 Dominum
1992 5239 2146 5277 suum

577 5309 884 5364 Judieorum
917 5311 1260 5366 contumeliis
1305 5313 1678 5389 indignissime
1723 5312 1974 5366 allectum
2019 5330 2146 5367 con-

577 5401 807 5469 spicata,
840 5399 1083 5471 disrupta
1115 5412 1231 5466 est;
1263 5412 1316 5456 et
1349 5403 1465 5471 ipse
1499 5405 1714 5458 tandem
1750 5403 1991 5457 infernus
2015 5419 2147 5458 sau-

575 5502 784 5546 ctorum
839 5492 1048 5546 animas
1101 5493 1324 5548 dimisit.
1359 5492 1422 5546 Et
1456 5492 1740 5549 cuiusnam
1791 5503 1922 5548 ttuttt
1958 5495 2140 5548 omnia

647 5693 666 5720 λ
699 5688 884 5744 Matth.
918 5695 1109 5756 “1,9.
1189 5695 1208 5723 ”
1241 5693 1366 5745 ibid.
1409 5693 1492 5750 lii.
1532 5695 1613 5748 lli.

602 5761 689 5822 65.
727 5760 814 5814 64.
893 5762 933 5794 ‘°
971 5762 1154 5818 Matth.
1194 5779 1365 5820 aavn.
1398 5764 1585 5818 50-59..

1695 5697 1712 5727 ⁸
1748 5695 1884 5752 Psal.
1927 5710 2044 5760 \‘ttt,
2076 5694 2108 5746 ‘3
2146 5692 2197 5750 ι1.

2272 3171 2428 3244 σύνη.

2347 3390 2365 3423 ι
2398 3372 2506 3424 Καὶ
2525 3373 2554 3424 6
2575 3373 2884 3445 ἀρχιερεὺς,
2910 3374 3097 3444 φησὶν,
3123 3367 3276 3426 εἶπεν
3300 3374 3448 3443 αὐτῷ
3467 3392 3481 3406 ·
3516 3374 3755 3446 Ὀρκέζω
3783 3395 3840 3428 σε

2271 3465 2410 3518 κατά
2439 3464 2533 3518 τοῦ
2569 3465 2703 3518 Θεοῦ
2729 3465 2822 3519 τοῦ
2865 3464 3085 3529 ζῶντος,
3119 3464 3204 3519 ῖνα
3234 3467 3367 3534 ἡμῖν
3400 3464 3580 3536 εἴπης,
3615 3467 3661 3518 sl
3694 3468 3758 3518 σῦ
3790 3463 3840 3517 εἷ

2268 3555 2297 3606 6
2329 3554 2606 3626 Χριστδςὸ
2639 3555 2763 3618 Υἱὸς
2800 3555 2894 3608 τοῦ
2918 3554 3053 3608 Θεοῦ
3089 3554 3182 3608 τοῦ
3214 3555 3438 3618 ζῶντος.
3463 3555 3624 3633 nam
3655 3556 3804 3626 αὐτῷ
3828 3572 3841 3587 ε

2269 3647 2340 3698 Σὺ
2380 3641 2562 3709 εἶπας⁹
2595 3645 2743 3717 Πλὴν
2771 3646 2913 3716 λέγω
2953 3649 3102 3717 ὑμῖν,
3132 3647 3336 3716 ἀπάρτι
3374 3647 3567 3717 ὄψεσθε
3597 3647 3687 3700 τὸν
3712 3649 3846 3701 Υἱὺν

2267 3735 2361 3789 τοῦ
2396 3735 2685 3806 ἀνθρώπου
2716 3736 3020 3808 καθήμενον
3067 3738 3132 3790 ἐκ
3162 3736 3350 3802 δεξιῶν
3397 3739 3493 3807 τῆς
3534 3738 3840 3808 δυνάμεως,

2269 3827 2362 3880 καὶ
2388 3826 2684 3898 ἐρχόμενον
2727 3829 2820 3881 ἐπὶ
2852 3829 2960 3882 τῶν
2986 3828 3223 3897 νεφελῶν
3250 3828 3344 3881 τοῦ
3375 3828 3624 3899 οὐρανοῦ.
3665 3849 3681 3879 ι
3718 3828 3842 3892 Πῶς

2266 3923 2294 3974 6
2320 3921 2446 3983 Υἱὸς
2472 3920 2566 3974 τοῦ
2599 3920 2886 3993 ἀνθρώπου
2919 3920 3150 3990 κάθηται
3205 3921 3269 3974 ὲκ
3311 3922 3500 3988 δεξιῶν
3544 3922 3644 3992 τῆς
3681 3921 3842 3976 δυνά-

2273 4031 2445 4083 μεως;
2497 4012 2634 4065 Ἀλλ’
2667 4012 2779 4066 ἔστι
2809 4012 2992 4080 δῆλον,
3021 4012 3101 4065 ὅτι
3133 4011 3236 4066 κᾶν
3265 4014 3314 4065 εἰ
3343 4011 3564 4080 γέγονεν
3594 4013 3718 4076 Υἱὸς
3744 4013 3838 4065 τοῦ

2267 4105 2554 4176 ἀνθρώπου
2607 4106 2634 4156 6
2682 4105 2745 4156 ὲκ
2787 4103 2922 4157 Θεοῦ
2961 4104 3154 4171 Λόγος,
3181 4104 3241 4158 οὐ
3275 4105 3548 4156 πέπαυται
3579 4104 3672 4155 τοῦ
3702 4101 3839 4157 εἶναι

2267 4199 2418 4261 Θεὸς,
2465 4198 2577 4251 ἀλλ’
2612 4197 2758 4250 ἔστιν
2799 4197 2827 4250 ὃ
2873 4192 2970 4268 ἦν·
3000 4197 3255 4269 ταύτῃτοι
3284 4198 3378 4250 καὶ
3423 4196 3730 4267 συνεδρεῦει
3761 4198 3838 4265 τῷ

2267 4288 2516 4356 φῦσαντι,
2545 4287 2638 4339 καὶ
2662 4288 2719 4338 ἐν
2747 4289 2861 4349 τοῖς
2888 4287 2988 4357 τῆς
3017 4285 3266 4356 θεότητος
3295 4285 3596 4356 ἀξιώμασιν
3631 4288 3834 4357 ἐμπρέ-

2268 4397 2384 4432 πων
2411 4380 2625 4449 ὁρᾶται,
2653 4377 2756 4430 κᾶν
2782 4379 2831 4429 εἰ
2855 4377 3044 4446 γέγονε
3079 4377 3233 4448 σάρξ.

2344 4509 2361 4540 ι
2387 4489 2443 4543 '0
2482 4489 2539 4542 δὲ
2575 4489 2781 4559 Ἰησοῦς
2834 4490 3041 4560 κράξας
3088 4491 3238 4560 φωνῇ
3289 4498 3520 4560 μεγαλῃ,
3555 4489 3731 4557 ἀφῆκε
3773 4489 3835 4541 τι

2267 4582 2507 4651 πνεῦμα.
2539 4582 2648 4634 Καὶ
2690 4581 2797 4633 ἰδοὺ
2849 4581 2910 4634 τὸ
2962 4579 3360 4649 καταπέτασμα
3408 4579 3501 4632 τοῦ
3531 4579 3658 4633 ναοῦ
3685 4580 3828 4648 ἐσχί-

2266 4673 2364 4744 σθη
2403 4675 2483 4736 εἰς
2526 4672 2640 4737 δύο,
2671 4672 2880 4728 ἄνωθεν
2926 4673 3032 4735 ἕως
3079 4672 3257 4725 κάτωο
3286 4672 3378 4724 καὶ
3418 4675 3448 4740 ἡ
3490 4673 3559 4739 γῆ
3587 4673 3829 4741 ἐσείσθη,

2265 4764 2358 4816 καὶ
2387 4765 2441 4818 αἱ
2471 4766 2666 4836 πέτραι
2703 4763 3048 4833 ἐσχίσθησαν.
3085 4765 3178 4816 κα)⁸
3204 4763 3271 4815 τὰ
3303 4766 3545 4833 μνημεῖα
3565 4763 3831 4833 ἀνεῴχθηο

2265 4874 2384 4920 σαν,
2434 4858 2527 4910 καὶ
2575 4855 2742 4909 πολλὰ
2786 4854 3014 4924 σώματα
3064 4854 3173 4907 τῶν
3202 4855 3616 4924 κεκοιμημένων
3661 4854 3831 4921 ἁγίων

2255 4947 2578 5017 ἀνέστησαν.
2609 4966 2630 4997 ι
2663 4947 2724 5001 Εἰ
2750 4945 2926 5007 κοινὸς
2954 4944 3236 5014 ἄνθρωπος
3263 4941 3331 5014 ἦν
3358 4947 3386 4998 6
3414 4946 3455 4996 Χ
3466 4944 3667 5014 ριστδς,
3690 4944 3828 5006 πῶς,

2254 5038 2547 5099 τεθνεῶτος
2579 5036 2766 5099 αὑτοῦ,
2795 5034 3049 5097 τοσοῦτος
3095 5031 3162 5105 ἦν
3215 5037 3272 5086 ἐν
3324 5037 3436 5097 τοῖς
3490 5034 3770 5103 στοιχείοις
3800 5037 3829 5086 6

2254 5129 2510 5200 θὸρυὸος;
2553 5130 2611 5182 ’0
2639 5129 2737 5197 μὲν
2769 5127 2879 5198 γὰρ
2924 5127 3074 5194 ἥλιος
3113 5126 3211 5197 τὴν
3251 5128 3447 5180 ἀκτῖνα
3497 5126 3824 5187 συνέστειλε,

2255 5224 2347 5275 καὶ
2376 5223 2434 5272 ὲν
2468 5223 2648 5291 ἡμέρᾳ
2680 5219 2868 5281 σκότος
2901 5219 3230 5288 εἰργάσατοο
3266 5219 3300 5286 ὴ
3330 5217 3385 5270 δὲ
3418 5217 3485 5285 γῆ
3515 5217 3604 5270 τὸν
3629 5217 3825 5286 ἑαυτῆς

2259 5312 2536 5381 Δεσπότην
2560 5311 2743 5382 ὁρῶσα
2767 5310 2870 5363 ὑπὸ
2891 5311 2996 5362 τῶν
3023 5307 3287 5362 Ἰουδαίων
3305 5309 3634 5378 ἐμπαροινοῦ
3644 5326 3824 5378 μενον,

2257 5404 2535 5474 ἐσχίζετοο
2585 5404 2762 5472 ἀφῆκε
2791 5403 2845 5455 δὲ
2885 5405 2913 5455 6
2954 5402 3086 5474 ᾅδης
3133 5403 3228 5463 τὰς
3278 5402 3387 5452 τῶν
3425 5402 3597 5468 ἁγίων
3626 5401 3824 5471 ψυχὰς.

2257 5495 2412 5558 Τίνος
2436 5494 2608 5547 ταῦτα
2645 5493 2957 5558 ποιοῦντος;
2987 5491 3093 5564 ἄρα
3119 5494 3239 5564 οὐχὶ
3264 5493 3434 5558 Θεοῧς
3472 5495 3601 5556 θεὸς
3631 5495 3736 5565 γὰρ
3766 5491 3826 5565 ἦν

2881 5693 2898 5718 ⁸
2941 5689 3053 5745 Jac.
3092 5706 3161 5755 tv,
3221 5691 3300 5744 ll.

2276 5695 2292 5725 ⁷
2330 5692 2516 5748 Matth.
2557 5707 2678 5754 xxv,
2715 5691 2798 5744 51.
2881 5693 2898 5718 ⁸
2941 5691 3053 5745 Jac.
3092 5706 3161 5755 tv,
3221 5691 3300 5744 ll.
3394 5693 3413 5723 θ
3447 5692 3636 5749 Matth.
3681 5708 3820 5758 λιιι,
