4146 6474
346 335 482 390 1269

1435 337 1525 394 DE
1565 336 1795 393 ltECTA
1836 337 1994 394 FIDE
2035 337 2123 392 AD
2163 334 2494 392 llECINAS.

3447 330 3582 386 1270

339 449 397 504 ἐν
429 452 612 520 σαρκὶ,
721 451 812 506 καὶ
852 452 885 523 ή
928 452 1101 518 κτίσις
1150 452 1494 526 ὑϐριζομένῳ
1541 455 1739 527 τρόπον
1789 455 1909 509 τινὰ

2015 453 2127 508 haec
2160 451 2404 506 fiebant?
2425 464 2602 503 nonne
2633 448 2724 502 Dei
2745 451 2772 502 1'
2806 449 2945 503 Deus
2977 450 3120 503 enim
3151 460 3266 504 erat
3298 449 3350 504 in
3395 465 3581 525 carne,

293 577 300 588 -
342 541 727 611 ωνωργίξιτο.

549 825 646 880 ἐκ
689 826 794 882 τοῦ
832 827 979 882 κατὰ
1019 826 1298 897 Ἰωάννην
1334 832 1722 901 Εὐαγγευιίου.

416 954 436 988 ε
468 936 638 1001 Αὐτὸς
663 937 720 991 δὲ
751 941 780 993 6
815 939 1021 1010 Ἰησοῦς
1048 942 1152 994 οὑκ
1183 942 1466 997 ἐπίστευεν
1509 943 1670 996 αὑτὸν
1703 945 1906 1008 αὐτοῖς,

339 1026 429 1081 διὰ
470 1030 534 1081 τὸ
577 1029 739 1084 αὑτὸν
770 1033 1060 1100 γινώσκειν
1105 1035 1316 1087 πάντα·
1347 1034 1444 1088 καὶ
1493 1035 1576 1087 ὅτι
1625 1036 1683 1088 οὑ
1723 1035 1918 1105 χρείαν.

342 1113 508 1190 εἶχεν,
541 1122 626 1175 ἵνα
651 1139 735 1186 τις
762 1125 1094 1196 μαρτυρήσῃ
1119 1128 1248 1196 περὶ
1275 1125 1370 1179 τοῦ
1402 1124 1694 1196 ἀνθρώπου
1712 1145 1724 1157 υ
1747 1128 1910 1191 αὑτὸς

338 1213 450 1280 γὰρ
488 1212 772 1281 ἐγίνωσκε,
799 1214 852 1266 τί
884 1209 951 1286 ἦν
985 1216 1043 1268 ὲν
1083 1215 1162 1286 τῷ
1201 1215 1504 1288 ἀνθρώπῳ..
1531 1237 1548 1269 ι
1597 1219 1730 1288 Περὶ
1775 1218 1908 1272 Θεοῦ

337 1301 670 1373 γέγραπται,
696 1306 778 1359 δτι
825 1325 844 1358 ι
868 1305 925 1359 ὐ
953 1306 1161 1370 πλάσας
1191 1308 1503 1379 καταμόνας
1531 1310 1642 1374 ira;
1689 1309 1910 1381 καρδίας

337 1393 536 1448 αὐτῶν.
568 1413 586 1448 t
642 1397 750 1450 Καὶ
801 1397 962 1462 αὑτὸς
1011 1398 1069 1451 δέ
1107 1399 1209 1452 πού
1261 1415 1415 1469 φησιν
1477 1419 1493 1450 ι
1525 1399 1616 1472 Μὴ
1654 1400 1908 1470 ἀπ’ὲμοῦ

338 1483 676 1553 κρυϐήσεταί
721 1502 808 1550 τι;
845 1505 866 1539 t
916 1489 980 1542 Εἰ
1028 1488 1086 1542 δὲ
1131 1489 1308 1544 πάντα
1339 1490 1572 1561 Χριστὸς
1601 1491 1906 1556 ἐπίσταται,

337 1575 431 1628 καὶ
459 1573 566 1629 οἶδε
597 1576 666 1630 τὰ
687 1577 794 1631 ,τοῦ
830 1578 1141 1650 ἀνθρώπου,
1170 1581 1288 1645 πῶς
1316 1582 1416 1634 οὑκ
1446 1582 1512 1635 ἂν
1543 1582 1628 1653 είη
1657 1582 1809 1647 Θεὸς,
1834 1583 1908 1648 ὡς

336 1664 586 1734 καρδίας
613 1666 830 1728 ἐτάζων
861 1669 959 1724 καί
988 1672 1246 1741 νεφρούς
1263 1688 1282 1734 ;

407 1838 640 1908 «Ὑμεῖς
682 1844 1037 1912 προσκυνεῖτε
1085 1841 1113 1896 ὃ
1161 1843 1263 1896 οὑκ
1305 1843 1505 1907 οἴδατε,
1537 1846 1696 1916 ἡμεῖς
1736 1863 1905 1909 προσ·
1941 1830 1982 1886 Β

333 1929 606 2000 κυνοῦμεν
633 1931 662 1984 6
691 1932 914 2003 οἴδαμεν
933 1950 947 1964 ο
977 1933 1057 1986 ὅτι
1085 1936 1117 2003 ή
1147 1933 1390 2004 σωτηρία
1418 1937 1481 1988 ὲκ
1507 1935 1612 1988 τῶν
1637 1934 1906 1990 Ἰουδαίων

331 2021 500 2075 ἐστίν.
532 2041 551 2074 t
572 2022 836 2088 Ἀκούεις,
867 2024 949 2076 ὃτι
979 2024 1078 2094 τὴν
1108 2025 1376 2096 σωτηρίαν
1409 2027 1470 2078 ἐκ
1501 2026 1608 2080 τῶν
1643 2027 1906 2081 Ἰουδαίων

331 2106 471 2165 εἷναί
515 2130 689 2186 φησις
745 2113 936 2168 Καίτοι
989 2115 1214 2186 Σωτῆρα
1265 2118 1396 2170 Θεὸν
1441 2119 1900 2190 ἐπεγραψὰμεθα·

332 2201 539 2256 σέσωκε
583 2204 692 2275 γὰρ
741 2205 890 2274 ἡμᾶς
935 2203 995 2257 οὑ
1044 2206 1304 2276 πρέσϐυς,
1345 2207 1446 2260 οὐκ
1487 2208 1736 2276 ἄγγελος,
1780 2208 1907 2262 ἀλλ’

330 2292 491 2356 αὑτὸς
527 2293 556 2345 6
587 2294 809 2365 Κύριος,
845 2297 986 2350 κατὰ
1030 2297 1128 2361 τὰς
1177 2297 1215 2349 Γ
1219 2298 1415 2368 ραφάς.
1434 2299 1754 2369 Ὠνόμασται
1798 2300 1905 2373 γὰρ

332 2382 566 2453 Χριστὸς
612 2383 853 2457 Ἰησοῦς,
906 2386 1143 2456 γεγονὼς
1190 2389 1247 2455 ἐξ
1299 2389 1563 2444 Ἰουδαίων
1608 2392 1749 2445 κατὰ
1807 2393 1906 2463 τὴν

333 2474 528 2542 σάρκα.
547 2475 753 2545 Ἰησοῦς
788 2492 852 2544 γε
887 2478 991 2547 μὴν
1035 2475 1392 2547 ἑρμηνεύεται
1423 2478 1706 2546 σωτηρία.
1735 2479 1905 2543 Αὐτὸς

330 2561 423 2619 οὖν
448 2565 556 2636 ἄρα
583 2567 732 2620 ἐστὶν
761 2569 794 2640 ή
817 2568 880 2623 ὲκ
907 2569 1016 2622 τῶν
1051 2568 1316 2622 Ἰουδαίων
1349 2569 1780 2640 σωτηρία.“Ωστε
1803 2569 1904 2624 κᾶν

331 2657 383 2707 εἰ
429 2656 621 2724 γέγονε
669 2656 804 2729 σὰρξ
847 2660 876 2711 6
919 2659 1109 2727 Λόγος,
1141 2659 1234 2712 κα)⁸
1265 2657 1558 2713 ἐπελάϐετο
1592 2659 1904 2731 σπέρματος

345 2747 613 2820 Ἀϐρααμ,
649 2747 782 2814 Θεός
808 2751 924 2804 ἐστι
955 2750 1049 2804 καὶ
1082 2749 1220 2820 μετὰ
1249 2749 1470 2821 σαρκός.

409 3035 427 3068 t
448 3015 642 3088 Ἀμὴν,
676 3014 823 3090 ἀμὴν
849 3017 991 3088 λέγω
1021 3017 1169 3090 ὑμῖν,
1217 3021 1246 3073 6
1281 3005 1549 3074 πιστεύων
1577 3022 1656 3083 εἰς
1687 3021 1805 3090 ἐμὲ,
1836 3020 1903 3072 τα

332 3105 468 3177 ἔργα
519 3108 554 3162 a
605 3108 716 3178 ἐγὼ
774 3109 935 3174 ποιῶ,
963 3111 1213 3174 κάκεῖνος
1261 3111 1498 3180 ποιήσει,
1521 3109 1634 3164 ,καὶ
1681 3111 1904 3180 μείζονα

331 3199 536 3254 τούτων
590 3202 842 3271 ποιήσει·
900 3202 982 3256 ὅτι
1033 3199 1143 3270 ἐγὼ
1192 3203 1329 3272 πρὸς
1389 3203 1480 3255 τὸν
1526 3202 1742 3274 Πατέρα
1802 3221 1904 3274 μου
1933 3181 1980 3245 C

333 3291 651 3366 πορεύομαι.
679 3294 790 3347 Καὶ
810 3295 838 3347 ὃ
863 3311 916 3347 τι
953 3294 1019 3348 ἂν
1052 3295 1310 3365 αἰτήσητε
1345 3295 1403 3348 ἐν
1428 3294 1505 3364 τῷ
1531 3295 1753 3365 ὀνόματί
1778 3313 1901 3366 μου,

329 3384 484 3438 τοῦτο
511 3371 739 3457 ποιήσω.
773 3405 790 3437 ι
822 3385 1139 3458 Πορεὺεται,
1163 3387 1315 3457 φησὶ,
1348 3387 1480 3458 πρὸς
1500 3386 1592 3440 τὸν
1619 3387 1836 3458 Πατέρα
1857 3391 1902 3454 ε,

330 3476 506 3531 καίτοι
555 3476 715 3546 φύσει
765 3477 898 3542 Θεὸς
932 3477 1191 3550 ὑπάρχων
1217 3480 1245 3530 ὁ
1281 3479 1426 3542 Υἱὸς,
1452 3479 1544 3531 καὶ
1578 3479 1740 3544 αὑτὸς
1769 3479 1843 3532 ὢν
1875 3483 1903 3534 6

331 3569 508 3622 πάντα
541 3569 782 3641 πληρῶν.
821 3570 1115 3640 Πορεύεται
1149 3571 1254 3641 γὰρ
1289 3571 1679 3641 ἀνθρωπίνως·
1713 3573 1904 3644 ἀνελή-

329 3662 438 3732 φθη
473 3661 581 3732 γὰρ
611 3665 689 3727 εἰς
714 3662 804 3717 τὸν
830 3663 1076 3734 οὐρανόν.
1095 3662 1232 3716 Ἀλλ’
1255 3663 1330 3725 ὡς
1355 3662 1487 3725 Θεὸς
1513 3663 1904 3732 ἐπαγγέλλεται

329 3753 570 3825 πληροῦν
601 3754 671 3807 τὰ
699 3755 976 3826 αἰτήματα
1023 3753 1132 3808 τῶν
1165 3755 1635 3826 προσευχομένων,
1665 3758 1712 3810 εἰ
1741 3758 1798 3810 ἐν
1829 3757 1911 3831 τῷ.

327 3847 554 3918 ὀνόματι
588 3847 754 3902 αὑτοῦ
784 3851 1018 3902 ποιοῖντο
1049 3848 1147 3912 τὰς
1174 3847 1344 3911 λιτάς.
1382 3844 1515 3901 Εἶτα
1551 3850 1658 3902 τίνι
1686 3849 1750 3904 ἂν
1772 3851 1906 3921 πρέο

329 3952 420 3990 ποι
457 3936 654 4007 μᾶλλον
683 3939 744 3991 τὸ
777 3938 1020 4010 πληροῦν
1057 3939 1222 4010 εὑχας
1261 3940 1452 4008 ἁγίων,
1474 3941 1568 3994 καὶ
1588 3941 1904 4013 χαρίζεσθαι

326 4027 396 4080 τὰ
441 4030 740 4103 αἰτήματα,
777 4028 916 4101 πλὴν
966 4031 1048 4084 ὅτι
1099 4033 1245 4102 μόνῳ
1291 4031 1369 4102 τῷ
1414 4033 1557 4086 κατὰ
1606 4033 1766 4101 φύσιν
1809 4035 1904 4086 καὶ

328 4121 549 4192 ἀληθῶς
574 4121 687 4175 ὄντι
725 4122 846 4192 Θεῷ
867 4140 882 4190 ;

405 4233 423 4265 ι
457 4215 568 4284 Οὐχ
599 4215 755 4285 ὑμεῖς
793 4233 860 4286 με
903 4215 1235 4282 ἐξελέξασθε,
1276 4217 1389 4270 ἀλλ’
1419 4216 1528 4286 ἐγὼ
1575 4215 1904 4288 ἐξελεξάμην

327 4305 474 4375 ὑμᾶς
503 4306 595 4359 καὶ
627 4306 800 4378 ἔθηκα
831 4307 995 4377 ὑμᾶς,
1025 4307 1111 4360 ἵνα
1141 4308 1297 4378 ὑμεῖς
1326 4309 1593 4377 ὑπάγητε,
1626 4308 1721 4360 καὶ
1768 4325 1906 4379 καρο

332 4396 434 4449 πὸν
467 4396 690 4468 φέρητε,
729 4398 821 4451 καὶ
849 4399 878 4450 6
907 4399 1118 4470 καρπὸς
1153 4399 1307 4469 ὑμῶν
1349 4399 1532 4472 μείνῃ
1573 4399 1658 4451 ἵνα
1692 4400 1720 4452 ὅ
1756 4416 1806 4451 τι
1839 4399 1904 4451 ἂν

2014 559 2122 613 quo
2154 554 2260 598 tam
2309 542 2698 598 contumeliose
2756 553 3008 606 tractato,
3039 543 3156 612 ipsa
3189 542 3404 613 quoque
3431 558 3577 596 erea-

2016 645 2135 688 tura
2189 633 2585 704 quodammodo
2652 633 2737 684 ira
2787 641 2840 684 et
2896 632 3263 702 indignatione
3317 633 3581 689 eii'et'eba-

2016 736 2121 779 tur.

2287 829 2368 884 Et:
2402 830 2683 899 Evangeiio
2712 833 2992 884 secundum
3018 831 3296 886 Joannem.

2088 961 2108 995 ι
2136 942 2292 1000 Jesus
2339 953 2518 999 autem
2546 961 2664 999 non.
2690 943 2950 999 credebat
2993 947 3342 1014 semetipsum
3387 948 3488 1012 eis,
3520 962 3586 1001 eo

2011 1037 2153 1104 quod
2201 1036 2315 1105 ipse
2349 1046 2535 1090 nosset
2566 1050 2776 1098 omnes,
2813 1045 2868 1089 et
2917 1035 3042 1106 quia
3073 1051 3208 1105 Opus
3253 1037 3301 1091 ei
3334 1054 3438 1092 non
3469 1049 3585 1093 erat

2013 1137 2069 1180 ut
2113 1126 2236 1196 quis
2297 1127 2665 1182 testimonium
2722 1126 3036 1194 perhiberet
3086 1127 3151 1182 de
3199 1128 3436 1182 homine.
3466 1130 3585 1198 ipse

2011 1218 2154 1273 enim
2191 1217 2418 1283 sciebat,
2459 1218 2588 1287 quid
2639 1230 2786 1273 esset
2833 1219 2885 1272 in
2943 1219 3158 1273 homine
3191 1221 3265 1273 ιι..
3301 1239 3318 1270 ι
3361 1221 3433 1274 De
3477 1222 3586 1274 Deo

2010 1306 2267 1375 scriptum
2327 1318 2562 1362 exstat:
2617 1327 2634 1359 ι
2697 1307 2798 1375 Qui
2868 1308 3024 1362 tinxit
3071 1309 3349 1379 sigillatim
3420 1313 3581 1365 corda

2009 1411 2196 1475 eorum
2233 1399 2295 1452 ¹¹.
2335 1417 2352 1450 t
2390 1399 2601 1468 Et.ipse
2633 1399 2905 1454 alibiait:
2947 1416 2974 1450 ι.
2998 1397 3114 1453 Non
3155 1399 3421 1455 celabitur
3447 1416 3475 1454 a
3501 1418 3584 1457 me

2009 1489 2230 1543 omnino
2283 1490 2575 1559 quidquam
2607 1490 2685 1542 ¹⁸..
2745 1508 2763 1540 ι
2825 1489 2881 1544 Si
2935 1504 3065 1558 ergo
3100 1489 3349 1544 Christus
3403 1494 3585 1546 omnia

2010 1580 2278 1651 intelligit,
2301 1590 2354 1636 et
2375 1582 2551 1636 omnia
2585 1596 2702 1650 qua:
2720 1589 2845 1634 sunt
2869 1581 2921 1635 in
2949 1581 3170 1635 homine
3197 1591 3388 1635 exacte
3416 1584 3583 1647 novit,

2011 1681 2195 1742 utpote
2213 1684 2456 1728 scrutnns
2480 1689 2658 1727 eorum
2684 1673 2846 1726 corda
2887 1683 2935 1726 et
2983 1688 3150 1739 renes,
3179 1673 3448 1743 quomodo
3478 1688 3585 1728 non

2010 1775 2094 1820 est
2117 1763 2260 1820 Deus
2272 1765 2301 1818 ?

2092 1873 2110 1906 ι
2145 1853 2250 1910 Vos
2288 1855 2524 1909 adoratis
2555 1853 2695 1924 quod
2732 1853 2974 1916 nescitis,
3003 1868 3100 1907 nos
3130 1852 3419 1907 adoramus
3443 1852 3584 1921 quod

2013 1946 2218 2000 scimus
2256 1958 2272 1997 :
2309 1946 2565 2014 quoniam
2613 1945 2762 1999 salus
2798 1959 2860 1998 ex
2895 1942 3097 1998 ludatis
3153 1951 3234 1997 est
3262 1942 3330 1996 “.
3361 1962 3378 1993 ι
3415 1942 3586 1995 Audis

2011 2035 2239 2090 salutem
2296 2051 2359 2090 ex
2407 2033 2608 2088 Iudaeis
2660 2049 2780 2089 esse
2838 2033 3381 2101 asserentem.Atqui
3418 2032 3584 2086 Deum

2014 2126 2350 2181 Salvatorem
2387 2127 2542 2180 nobis
2590 2124 2964 2193 ascripsimus,
2989 2125 3149 2193 eique
3180 2123 3394 2176 nomina
3431 2125 3587 2174 dedi.

2014 2232 2154 2272 mus.
2196 2215 2434 2270 Salvavit
2468 2216 2610 2270 enim
2641 2230 2738 2269 nos
2782 2230 2885 2269 non
2920 2215 3150 2284 legatus,
3182 2231 3288 2269 non
3338 2215 3584 2283 ιιιικοξιιις,

2012 2307 2106 2362 sed
2171 2306 2433 2361 Dominus
2483 2306 2638 2374 ipse,
2707 2305 3001 2359 secundum
3053 2304 3364 2372 Scripturas
3405 2304 3475 2357 ”._
3521 2307 3586 2357 At

2011 2397 2258 2454 Christus
2307 2398 2397 2468 qui
2447 2396 2741 2451 secundum
2793 2411 3010 2450 carnem
3043 2410 3110 2448 ex
3165 2393 3365 2448 Iudaeis
3427 2403 3587 2448 natus

2011 2503 2114 2559 est,
2148 2493 2273 2550 Jesu
2334 2506 2525 2546 nomen
2562 2490 2788 2545 sortitus
2833 2501 2934 2544 est.
2969 2488 3098 2544 Iesu
3140 2499 3318 2542 autem
3375 2503 3570 2542 nomen

2014 2579 2426 2648 interpretatum
2467 2577 2690 2630 salutent
2745 2585 2922 2630 sonat.
2950 2576 3066 2646 ipse
3101 2578 3284 2646 itaque
3337 2575 3586 2632 Christus

2011 2677 2094 2722 est
2122 2666 2271 2722 salus
2305 2667 2415 2731 ilia,
2457 2683 2577 2736 qme
2616 2682 2684 2721 ex
2725 2665 2922 2721 ludatis
2987 2667 3226 2736 profecta
3256 2678 3356 2723 est.
3385 2670 3584 2735 Quam-

2009 2759 2200 2814 obrem
2255 2758 2380 2812 licet
2441 2757 2675 2812 Verbum
2729 2774 2857 2813 caro
2922 2758 3121 2812 factum
3180 2759 3342 2824 sit,et
3399 2775 3591 2815 semen

2011 2849 2243 2904 Abrahae
2311 2849 2764 2919 appreltenderit;
2827 2848 2968 2904 Deus
3042 2849 3390 2906 nihilominus
3459 2867 3583 2905 cum

2011 2951 2287 3012 assumpta
2319 2956 2483 2996 carne
2513 2941 2832 3010 permansit.

2097 3052 2116 3086 ι
2139 3033 2331 3098 Amen,
2356 3048 2510 3086 :uueu
2535 3031 2658 3087 dico
2686 3032 2857 3097 vobis,
2882 3032 2970 3101 qui
3001 3033 3172 3087 credit
3209 3034 3260 3086 iu
3287 3048 3391 3097 me,
3417 3048 3582 3099 opera

2013 3140 2132 3194 quae
2202 3139 2301 3196 ego
2360 3123 2601 3189 facio,_et
2646 3125 2763 3193 ipse
2812 3123 2998 3190 faciet,
3031 3135 3084 3178 et
3133 3123 3334 3192 majora
3388 3126 3614 3185 horum

2010 3215 2347 3284 facietzquia
2373 3230 2472 3283 ego
2516 3214 2652 3268 vado
2697 3213 2787 3268 ad"
2817 3212 3028 3268 Patrem
3067 3233 3080 3268 :
3115 3223 3169 3268 et
3226 3213 3584 3282 quodcunque

2011 3308 2274 3377 petieritis
2311 3308 2362 3361 iu
2391 3307 2609 3360 nomine
2655 3320 2797 3374 meo,
2835 3306 2936 3360 hoc
2999 3306 3191 3360 iaciam
3225 3306 3290 3358 ¹⁶.
3326 3324 3343 3358 ι
3370 3307 3448 3359 Ad
3476 3303 3580 3358 Pa-

2012 3409 2147 3454 trem
2177 3414 2237 3455 se
2269 3400 2421 3453 abire
2460 3397 2764 3462 denuntiat,
2801 3414 2923 3453 cum
2975 3408 3152 3451 tamen
3208 3398 3346 3451 Deus
3390 3408 3579 3452 natura

2010 3490 2179 3545 Filius
2219 3492 2308 3554 sit,
2338 3491 2560 3558 ipseque
2605 3489 2784 3541 omnia
2832 3488 3070 3557 impleat.
3128 3488 3386 3542 Abscedit
3436 3490 3580 3542 enim

2011 3579 2309 3634 secundum
2376 3581 2666 3632 humanam
2724 3585 2999 3630 naturam.
3047 3577 3117 3630 At
3173 3591 3303 3628 vero
3350 3575 3475 3630 licet
3527 3587 3583 3630 ut

2010 3671 2171 3724 homo
2228 3670 2279 3722 in
2335 3668 2533 3722 cmlum
2578 3677 2887 3736 assumptus
2921 3667 3033 3731 sit,
3077 3675 3134 3720 ut
3195 3665 3338 3721 Deus
3401 3676 3582 3720 tamen

2008 3760 2306 3829 Supplicum
2333 3769 2452 3813 vota
2472 3773 2529 3812 se
2551 3758 2860 3812 auditurum
2889 3757 3184 3827 promittit,
3211 3757 3255 3811 si
3283 3759 3333 3811 in
3361 3759 3576 3811 nomine

2009 3852 2154 3906 illius
2183 3849 2624 3919 supplicaverint.
2652 3848 2770 3902 .lam
2800 3848 2907 3909 cui.
2944 3863 3148 3918 quaeso,
3179 3849 3357 3903 verius
3381 3863 3579 3903 conve-

2009 3943 2424 3996 nitsauctorum
2461 3938 2746 4008 postulatis
2782 3938 3122 4004 satisfacere,
3142 3937 3250 4008 85
3283 3952 3582 4007 eorumque.

2009 4033 2149 4087 votis
2179 4046 2241 4086 ac
2263 4029 2549 4086 desideriis
2582 4030 2931 4100 respondere,
2966 4044 3130 4098 quam
3160 4030 3259 4084 soli
3303 4044 3366 4084 ac
3401 4030 3583 4083 nativo

2011 4124 2155 4179 Deo?

2089 4233 2108 4266 ι
2151 4214 2264 4269 Non
2296 4229 2391 4269 vos
2414 4229 2499 4269 me
2529 4213 2788 4284 elegistis,
2808 4213 2900 4268 sed
2924 4227 3023 4283 ego
3060 4213 3193 4284 elegi
3217 4222 3404 4278 vos,et
3429 4216 3580 4283 posui

2010 4323 2104 4362 vos
2131 4316 2189 4360 ut
2214 4307 2374 4370 eatis,
2423 4315 2475 4359 ct
2529 4306 2764 4360 fructum
2791 4305 3050 4368 aﬂeratis,
3077 4314 3132 4358 et
3159 4304 3366 4360 fructus
3399 4320 3580 4359 vester

2013 4407 2346 4462 maneat;ut
2399 4398 2758 4466 quodcunque
2813 4396 3077 4465 petieritis
3126 4395 3338 4450 Patrem
3386 4397 3438 4450 itt
3483 4414 3579 4449 no-

327 4485 591 4555 αίτήσητε
639 4485 730 4538 τὸν
772 4485 990 4556 Πατέρα
1031 4489 1089 4540 ὲν
1128 4486 1206 4558 τῷ
1246 4486 1471 4558 ὀνόματί
1513 4505 1644 4556 μου,
1679 4486 1890 4559 δειισει]

2014 4492 2156 4545 mine
2197 4504 2334 4554 meo,
2373 4489 2463 4542 det
2489 4488 2639 4542 vobis
2671 4489 2736 4542 ³⁷.
2774 4507 2792 4538 ι
2831 4488 2904 4541 Eu
2961 4489 3073 4557 pari
3125 4503 3183 4542 se
3233 4503 3353 4542 cum
3389 4487 3497 4542 Deo
3527 4497 3582 4541 et

327 4577 477 4648 ὑμῖν.
510 4596 528 4629 t
549 4577 680 4630 Ἰδοὺ
712 4579 986 4649 πανταχοῦ
1024 4579 1297 4632 δείκνυσιν
1331 4580 1413 4633 ὅτι
1441 4579 1508 4632 τὰ
1537 4580 1626 4632 ίσα
1671 4581 1788 4650 μετ’
1816 4579 1901 4645 ἐξ·

325 4669 514 4736 ουσίας
541 4673 754 4742 ἐνεργεῖ
785 4671 862 4743 τῷ
888 4671 1381 4743 Πατρίιι.Ἔςρασκε
1410 4671 1538 4743 γὰρ,
1569 4672 1649 4724 ὅτι
1684 4691 1700 4722 ι
1720 4672 1784 4722 "O
1806 4671 1900 4723 ἐὰν

325 4765 585 4836 αἰτήσητε
611 4766 668 4818 ὲν
705 4763 782 4835 τῷ
807 4763 1029 4834 ὀνόματί
1060 4781 1186 4834 μου,
1213 4765 1421 4835 ποιήσω
1441 4780 1455 4795 ο
1487 4782 1506 4815 t
1547 4763 1662 4816 νυνὶ
1703 4762 1758 4815 δέ
1795 4781 1899 4832 φη-

329 4874 412 4910 σιν
431 4872 444 4885 ⁸
488 4858 586 4911 t'O
610 4873 663 4910 τι
696 4856 790 4911 ἐὰν
818 4858 1076 4928 αἰτήσητε
1107 4856 1198 4909 τὸν
1230 4857 1450 4927 Πατέρα
1488 4857 1547 4909 ὲν
1575 4855 1650 4926 τῷ
1679 4856 1904 4925 ὀνόματί

330 4964 431 5019 μου
449 4991 462 5012 ,
487 4946 695 5020 δῷ[σει]
726 4949 873 5018 ὑμῖν.
908 4966 926 4998 ι
947 4943 1092 5018 Ἆρα
1115 4943 1208 5002 οὖν
1243 4948 1349 5019 ἰδίᾳ
1371 4948 1471 5019 μὲν
1499 4947 1712 5000 δίδωσιν
1737 4949 1764 5000 ὁ
1791 4949 1902 4999 Πα-

326 5043 431 5113 τὴρ
453 5040 574 5112 δίχα
598 5041 693 5095 τοῦ
726 5041 878 5105 Υἰοῦ,
903 5041 1008 5112 ἰδίᾳ
1039 5041 1096 5094 δὲ
1121 5041 1213 5094 καὶ
1247 5040 1352 5094 ἀνὰ
1375 5040 1542 5112 μέρος
1565 5041 1592 5093 6
1622 5039 1750 5102 Υἱὸς
1779 5039 1914 5109 δίχα-

327 5132 421 5186 τοῦ
449 5133 688 5205 Πατρόςς
719 5131 927 5187 Οὐκοῦν
953 5132 1106 5203 παρὰ
1133 5131 1226 5185 δύο
1249 5131 1388 5185 θεῶν
1411 5133 1520 5195 τοῖς
1543 5132 1716 5202 ἁγίοις
1745 5131 1810 5183 τὰ
1840 5130 1898 5181 ἐν

327 5226 512 5298 εὐχαῖς
544 5226 858 5296 αἰτήματα;
900 5225 1040 5278 Ἀλλ’
1073 5226 1170 5296 οὑχ
1216 5223 1387 5287 οὑτως
1423 5223 1536 5294 ἔχει
1578 5221 1753 5276 ταῦτα
1775 5235 1788 5249 ·
1825 5219 1900 5291 μὴ

2009 4581 2170 4635 Patre
2221 4590 2486 4650 potestate
2518 4578 2738 4648 pollere,
2785 4579 3042 4648 pariaque
3092 4579 3267 4632 cidem
3320 4587 3582 4646 praestare

2009 4689 2165 4744 posse
2183 4687 2449 4740 nusquam
2489 4689 2591 4725 non
2620 4670 2880 4725 inculcat.
2907 4671 3124 4725 Dixerat
3150 4670 3290 4722 enim
3317 4687 3330 4722 :
3358 4687 3376 4719 ι
3398 4671 3580 4735 Quod-

2008 4779 2221 4835 cunque
2258 4763 2524 4832 petieritis
2556 4761 2610 4816 itt
2663 4763 2881 4816 nomine
2937 4777 3078 4823 meo,
3110 4760 3341 4814 faciam:
3376 4778 3395 4812 ›
3438 4775 3582 4813 nunc

2009 4867 2188 4912 autem
2225 4856 2338 4911 ait:
2377 4875 2395 4906 ι
2432 4856 2799 4923 Quodcunque
2827 4852 3092 4923 petieritis
3132 4850 3345 4905 Patrem
3391 4852 3442 4906 in
3480 4869 3579 4904 tto-

2008 4949 2154 5003 mine
2183 4961 2322 5011 meo,
2353 4947 2501 5000 dahit
2536 4946 2686 5000 vobis
2713 4945 2776 4998 ⁸⁸.
2815 4963 2833 4994 ι
2871 4941 3122 5010 Nunquid
3171 4956 3301 5011 ergo
3329 4957 3576 4996 seorsum

2004 5040 2183 5109 aliqua
2206 5038 2494 5108 dilargitur
2526 5037 2684 5091 Pater
2726 5036 2932 5104 absque
2967 5032 3123 5098 Filio,
3150 5043 3242 5086 aut
3275 5032 3442 5088 Filius
3463 5050 3580 5087 rur-

2003 5146 2124 5186 sum
2193 5145 2435 5185 seorsum
2474 5127 2861 5198 sigillatimque
2923 5126 3245 5194 impertitue
3312 5126 3566 5178 nonnulla

2007 5221 2210 5289 absque
2243 5218 2422 5282 Patre,
2457 5217 2527 5271 ita
2563 5227 2674 5270 uta
2700 5215 2906 5270 duobus
2945 5215 3047 5269 diis
3079 5223 3420 5283 praestentur,
3451 5231 3567 5283 qua:

2246 5303 2275 5326 0

403 5387 437 5415 ¹¹
471 5385 625 5440 Joan.
665 5399 726 5443 Il.
755 5383 845 5446 24,
877 5382 969 5439 25.
1049 5382 1090 5412 "
1114 5378 1257 5435 Psal.
1290 5393 1475 5440 δίκην,
1510 5379 1594 5432 iii.
1676 5377 1719 5407 ⁸³
1745 5374 1901 5430 Jeren

2010 5389 2126 5439 .vn,
2164 5374 2245 5428 10.
2322 5372 2364 5404 ¹²⁶
2390 5371 2545 5438 Joan,
2575 5387 2647 5440 tv,
2682 5371 2773 5426 92.
2816 5369 2856 5403 ¹⁸
2893 5368 2995 5425 isa.
3026 5383 3182 5433 unt,
3216 5369 3269 5425 9.
3347 5365 3569 5424 “Joau.

331 5457 419 5521 Η,
459 5458 544 5510 15.
624 5457 663 5487 ¹⁷
701 5453 855 5509 Joatt.
886 5469 976 5517 xv,
1013 5451 1099 5507 16-.
1180 5452 1222 5482 ¹⁸
1250 5449 1415 5505 iCor.
1462 5464 1577 5510 vttt.
1610 5450 1662 5500 ti.

1390 5605 1562 5660 Variae
1593 5603 1850 5659 lectiones
1879 5599 2081 5655 codicis
2112 5596 2474 5668 Seguieriani.

408 5763 430 5800 ⁸
469 5761 552 5813 ἴαν.
586 5755 913 5828 ιίορ;ὑ.ῖςθαί
951 5769 1078 5824 φησι
1109 5769 1164 5804 π.
1195 5769 1243 5806 τ.
1276 5753 1340 5805 Π.

1419 5750 1444 5791 h
1480 5750 1553 5819 τῷ
1583 5749 1698 5819 Θεῴ
1732 5748 1820 5802 καὶ
1855 5745 2043 5817 Πατρίι
