4058 6512
517 348 644 390 1211

1503 346 1561 401 S.
1602 345 1876 403 CYItlLLl
1914 347 2382 411 ALEXANDRINI
2426 348 2745 411 ABCIHEP.

3707 338 3859 394 ιετε

509 450 681 509 sancti
711 451 1041 522 clllagitant?
1070 454 1246 520 Absit,
1274 456 1450 513 absit:
1473 474 1613 515 unus
1643 461 1787 516 enim
1824 474 1908 516 est
1942 463 2069 518 Deus

2188 466 2399 533 γένοιτο
2421 484 2433 497 ·
2466 461 2545 533 εἷς
2580 466 2687 537 γὰρ
2719 466 2849 529 Θεὸς
2879 468 2906 518 ὁ
2940 465 3144 535 Πατὴρ.
3179 466 3272 519 καὶ
3305 462 3387 531 εἷς
3416 464 3687 534 Κύριος
3738 456 3777 508 Ἰ
3792 474 3857 524 τ.-

512 541 688 605 Pater,
741 553 795 599 et
855 561 993 603 unus
1051 546 1178 601 item
1255 548 1518 606 Dominus
1579 551 1737 609 Jesus
1798 552 2080 615 Christus.

509 632 791 689 Distribuit
816 652 1046 708 namque
1072 638 1236 694 Pater
1261 641 1399 696 dona
1434 658 1529 713 per
1565 642 1760 699 Filium
1788 646 1839 699 iu
1874 644 2080 713 Spiritu

508 733 731 791 sancto;
770 737 1139 782 verumtamen
1172 731 1463 799 postulatio
1494 734 1545 787 in
1587 734 1839 804 precibus
1895 737 1952 789 lit
1983 751 2083 804 per

507 813 688 870 Jesum
710 817 1005 872 Christum.
1030 820 1201 874 Porro
1231 820 1441 876 Domini
1471 823 1598 879 Jesu
1635 826 1854 880 nomine
1878 827 2083 896 accipi-

510 922 628 961 mus
659 916 711 961 et
734 908 1078 978 designamus
1109 912 1343 966 Verbum
1384 914 1653 969 hominem
1688 915 1910 971 factum.

586 1018 602 1049 ι
641 1000 695 1053 ln
727 1001 814 1053 illo
840 1003 938 1077 die
964 1018 1049 1057 me
1097 1018 1203 1057 non
1235 1005 1492 1074 rogabitis
1536 1008 1850 1076 quidquam.
1880 1009 2078 1075 Amen,

510 1107 664 1151 amen
680 1092 801 1145 dico
832 1095 1000 1157 vobis,
1032 1095 1077 1149 si
1113 1096 1238 1163 quid
1258 1097 1522 1165 petieritis
1546 1098 1757 1154 Patrem
1782 1101 1834 1153 in
1861 1101 2081 1155 nomine

509 1198 649 1247 meo,
682 1184 829 1238 dabit
882 1186 1054 1240 vobis.
1084 1186 1277 1251 Petite,
1309 1197 1363 1241 et
1398 1190 1699 1258 accipietis,
1726 1201 1783 1244 ut
1825 1192 2078 1261 gaudium

505 1287 744 1329 vesnum
799 1277 868 1329 sit
913 1278 1214 1345 plenum”.
1245 1297 1262 1330 ι
1301 1279 1428 1335 Haec
1474 1282 1720 1336 eamdem
1750 1283 2076 1338 sententiam

505 1382 624 1419 enim
675 1369 1042 1435 snp--rioribus
1102 1370 1331 1436 habent,
1367 1371 1510 1425 sicut
1554 1372 1641 1426 illa
1696 1389 2079 1447 qnoque,qu:e

507 1473 626 1511 mox
665 1469 1089 1527 consequuntur.
1115 1460 1206 1516 Ait
1242 1478 1512 1531 namque:
1556 1481 1574 1514 ι
1619 1464 1673 1517 In
1737 1465 1831 1518 illo
1885 1467 1996 1530 die,
2023 1466 2075 1519 in

508 1549 722 1600 nomine
744 1564 860 1600 meo
886 1551 1077 1618 patetis
1104 1568 1117 1604 :
1140 1560 1194 1605 et
1233 1568 1341 1606 non
1371 1552 1491 1606 dico
1514 1554 1667 1607 vobis
1711 1556 1834 1623 quia
1868 1570 1968 1627 ego
1991 1571 2075 1609 ro-

503 1642 637 1709 gabo
656 1642 870 1696 Patrem
903 1644 967 1696 de
996 1643 1187 1698 vobis:
1230 1645 1343 1714 ipse
1389 1646 1531 1699 enim
1576 1645 1738 1700 Pater
1764 1655 1910 1700 amat
1956 1663 2074 1711 vos,

501 1732 623 1795 quia
663 1747 760 1784 vos
797 1748 880 1786 me
906 1734 1150 1799 amastis,
1177 1744 1234 1787 et
1254 1734 1556 1789 credidistis
1580 1735 1707 1805 quia
1740 1748 1840 1805 ego
1861 1751 1888 1789 a
1914 1735 2074 1791 Patre

501 1825 640 1875 exivi
674 1824 743 1878 ὀ.
773 1843 791 1875 ι

578 1934 595 1966 ι
630 1914 750 1969 ΙΙιυο
795 1925 873 1971 est
908 1918 1017 1971 vita
1058 1926 1283 1986 aeterna,
1331 1931 1391 1973 ut
1429 1932 1764 1990 cognoscant
1808 1930 1857 1975 te.
1899 1921 2075 1976 solum

501 2006 664 2061 lit-um
696 2025 901 2073 verum,
937 2019 991 2063 et
1035 2025 1196 2080 quem
1231 2010 1427 2065 misisti
1455 2010 1637 2067 Jesum
1662 2011 1935 2067 Christum
1956 2013 2023 2065 ¹¹.
2053 2032 2069 2061 ι

500 2101 555 2153 Si
583 2101 910 2157 cum-solius
951 2104 1175 2172 verique
1216 2104 1313 2159 Dei
1349 2105 1660 2173 cognitione
1699 2104 1824 2160 Jcsu
1868 2105 2074 2161 Christi

496 2191 860 2259 cognitionem
888 2194 1195 2249 neceSSario
1223 2195 1570 2264 coniunctam
1592 2196 2074 2265 consociatamque

493 2298 616 2336 esse
653 2295 887 2353 oportet,
916 2295 967 2339 ct
1025 2286 1127 2341 hoc
1168 2287 1343 2355 ipsum
1399 2296 1655 2341 aeternam
1688 2288 1851 2341 vitam
1891 2288 2072 2343 conci-

498 2375 627 2427 liat:
665 2375 751 2429 cui
810 2376 1101 2429 obscurum
1161 2391 1281 2431 esse
1323 2386 1524 2447 potest,
1558 2376 1833 2431 Christum
1886 2393 2072 2433 verum

494 2480 611 2519 t-ssc
663 2465 868 2518 Deum?
902 2464 1140 2521 Verbum
1196 2482 1330 2524 sane
1382 2483 1509 2523 caro
1574 2468 1776 2523 factum
1824 2478 1934 2534 est,
1976 2470 2071 2523 sed

496 2556 691 2609 mansit
722 2558 933 2611 interim
969 2557 1225 2612 Verbum.

569 2667 585 2697 ι
631 2647 697 2702 Ut
747 2650 930 2704 credat
974 2652 1204 2706 mundus
1247 2652 1371 2721 quia
1402 2661 1454 2707 tu
1502 2668 1585 2705 me
1625 2654 1839 2708 misisti.
1876 2653 1936 2708 Et
1970 2668 2070 2721 ego

491 2740 795 2795 claritatem
853 2757 1012 2809 quam
1056 2742 1250 2797 dedisti
1307 2744 1462 2807 mihi,
1508 2744 1629 2798 dedi
1684 2746 1805 2811 eis,
1847 2753 1904 2797 ut
1962 2746 2070 2802 sint

490 2847 680 2895 unum,
706 2832 845 2887 sicut
886 2842 940 2885 et
983 2847 1081 2886 nos
1117 2848 1282 2887 Unum
1327 2850 1537 2888 sumus.
1566 2834 1677 2902 Ego
1722 2836 1773 2888 in
1802 2836 1902 2897 eis,
1933 2844 1986 2889 ct
2014 2845 2067 2886 tu

490 2924 541 2976 in
574 2938 687 2987 me,
717 2934 774 2976 nt
800 2924 905 2977 sint
930 2925 1291 2979 consummati
1320 2924 1371 2979 iu
1402 2942 1566 2980 unum
1598 2927 1665 2980 ".
1702 2945 1720 2977 ›
1762 2925 2066 2995 Perspicaei

489 3017 683 3072 mentis
734 3017 893 3072 oculo
935 3019 989 3073 in
1040 3032 1152 3072 rem
1204 3020 1530 3088 propositam
1567 3020 1925 3083 intendentes,
1958 3020 2071 3093 86

488 3126 733 3178 qmenam
770 3112 821 3164 in
844 3112 956 3180 ipsa
994 3111 1239 3167 abstrusa
1289 3112 1514 3175 lateant,
1543 3112 1831 3180 diligenter
1877 3112 2067 3179 eXplo-

489 3216 688 3255 remus.
728 3202 951 3271 Qualem
988 3204 1168 3271 itaque
1194 3203 1417 3274 gloriam
1453 3202 1621 3256 Filius
1652 3219 1680 3256 a
1719 3203 1878 3259 Patre
1909 3219 2065 3258 acce-

488 3294 631 3355 pisse
692 3310 749 3347 sc
806 3304 1013 3360 narrat,
1067 3310 1226 3361 quam
1282 3294 1436 3349 nobis
1491 3295 1683 3349 deinde
1726 3310 2046 3350 communen

489 3383 711 3437 foverit?
753 3386 895 3439 Sme
932 3385 1045 3454 ipse
1104 3389 1170 3447 ab
1218 3386 1319 3440 hac
1380 3388 1679 3459 quarstione
1729 3404 1827 3442 nos
1876 3387 2043 3442 libera

487 3481 609 3530 dum
640 3478 760 3531 ait:
809 3497 827 3531 ι
865 3478 938 3535 Ut
972 3494 1133 3530 ιιιιιιιιι
1188 3479 1313 3543 sint,
1354 3480 1495 3534 sicut
1536 3490 1584 3535 et
1633 3494 1730 3535 nos
1778 3495 1945 3534 unum
1978 3495 2067 3535 su-

487 3583 624 3620 mus.
667 3584 685 3619 »
731 3566 863 3619 Nam
892 3568 999 3620 etsi
1029 3567 1115 3623 Dei
1140 3565 1319 3623 Patris
1348 3568 1583 3621 Verbum
1618 3566 1913 3622 secundum
1938 3581 2063 3637 pro-

488 3657 656 3722 priam
690 3657 1000 3727 hypostasiu
1051 3658 1186 3711 alius
1232 3673 1261 3711 a
1310 3656 1469 3712 Patre
1513 3673 1633 3712 esse
1688 3659 2059 3726 dignoscatur,

488 3745 718 3797 naturali
752 3758 927 3799 tamen
963 3745 1243 3799 identitate
1288 3760 1453 3799 unum
1499 3745 1656 3815 plane
1709 3756 1764 3801 et
1802 3746 1941 3799 idem
1977 3756 2062 3801 est

491 3854 612 3891 cum
630 3836 739 3891 illo.
762 3838 826 3889 .\t
855 3846 1129 3906 quolracto
1157 3834 1387 3889 Verbum
1409 3836 1537 3889 illud
1563 3852 1724 3890 unum
1750 3836 1823 3908 (l)
1844 3852 2059 3906 quoque

487 3928 766 3984 nobiscum
803 3928 997 3982 factum
1030 3928 1146 3983 est?
1173 3928 1253 3981 Ad
1285 3929 1532 3982 eumdem
1560 3929 1782 3983 omnino
1813 3929 2054 3996 modum,

485 4029 609 4088 puta
642 4022 939 4074 secundum
992 4018 1331 4074 essentialem
1378 4028 1433 4073 et
1472 4018 1769 4073 naturalem
1804 4019 2058 4074 identita-

487 4119 614 4161 tem.
640 4110 707 4162 At
739 4125 859 4162 cum
900 4108 1079 4163 divina
1117 4119 1305 4163 natura
1337 4118 1487 4163 tanto
1530 4124 1559 4163 a
1610 4117 1859 4162 creatura
1895 4111 2058 4167 distet

484 4199 877 4260 intervallo,ut
923 4199 1217 4255 secundum
1264 4199 1556 4254 essentiam
1609 4213 1733 4253 cum
1789 4215 1849 4253 ea
1909 4200 2057 4255 coire

485 4306 822 4359 nequaquam
862 4291 1075 4357 valeat,
1108 4305 1300 4361 ecquo,
1330 4292 1531 4362 inquis,
1560 4293 1717 4346 modo
1758 4292 2054 4346 secundum

483 4392 729 4437 naturam
774 4399 938 4437 unum
973 4384 1057 4438 ille
1084 4384 1262 4439 factus
1278 4393 1354 4439 est
1390 4384 1695 4449 nobiscum,
1721 4384 2049 4452 quiomnem

2194 557 2318 621 σοῢς
2377 559 2630 629 Χριστός.
2662 557 2912 627 Διανέμει
2958 557 3066 626 γὰρ
3110 559 3137 609 ὁ
3184 558 3376 628 Πατὴρ
3420 558 3507 612 δι’
3551 549 3724 607 rio;
3785 550 3861 599 τά

2191 646 2369 714 ἀγαθὰ
2403 648 2460 700 ἐν
2500 646 2809 716 Πνεύματι’
2848 644 2986 716 πλὴν
3015 647 3049 715 ἡ
3086 646 3303 715 αἴτησις
3348 647 3382 715 ὴ
3432 648 3507 698 ὲν
3574 652 3857 710 προσειλ-

2190 741 2311 807 χαῖς
2340 740 2397 791 ἐν
2434 736 2654 808 Χριστῷ
2688 735 2888 806 Ἰησοῦ·
2923 736 3017 788 καὶ
3048 735 3257 805 Κύριος
3292 734 3519 804 Ἰησοῦς
3581 732 3619 782 ὁ
3673 730 3856 779 ἐναν-

2191 828 2483 899 θρωπήσας
2516 832 2717 883 νοεῖται
2746 828 2839 881 καὶ
2877 826 3203 897 ὀνομάζεται
3228 826 3419 893 Λόγος.

2266 1033 2283 1064 ι
2312 1012 2422 1066 Καὶ
2459 1013 2517 1064 ὲν
2560 1011 2743 1081 ἐκείνῃ
2774 1012 2838 1080 τῇ
2869 1009 3053 1079 ἡμέρα
3082 1007 3179 1076 ἐμὲ
3207 1006 3306 1058 οὐκ
3338 1005 3706 1075 ἐρωτήσετε
3752 996 3853 1049 οὖα

2186 1098 2294 1152 δέν.
2314 1098 2505 1170 Ἀμὴν,
2538 1098 2684 1169 ἀμὴν
2714 1098 2856 1165 λέγω
2896 1097 3045 1166 ὑμῖν,
3077 1095 3140 1148 ἄν
3166 1112 3218 1147 τι
3251 1096 3535 1164 αἰτήσητε
3574 1091 3695 1143 τὸν
3732 1090 3855 1141 Παο

2184 1190 2317 1259 τέρα
2365 1190 2421 1243 ὲν
2462 1188 2539 1260 τῷ
2587 1187 2812 1259 ὀνόματί
2866 1205 2989 1258 μου,
3021 1187 3183 1240 δώσει
3225 1187 3374 1257 ὑμῖν.
3405 1186 3693 1240 Αἰτεῖτε,
3739 1180 3849 1232 καὶ

2183 1280 2439 1351 λήψεσθε,
2468 1281 2555 1333 ἴνα
2585 1281 2618 1350 ἡ
2644 1279 2787 1349 χαρὰ
2809 1279 2963 1350 ὑμῶν
3054 1276 3487 1347 πεπληρωμένη.
3533 1294 3558 1326 ι
3590 1274 3708 1326 Ἐν
3744 1272 3848 1341 ἴσῃ

2184 1374 2276 1426 καὶ
2310 1372 2468 1425 τοῦτο
2498 1374 2610 1435 τοῖς
2635 1370 2893 1441 ἀνωτέρω
2929 1370 3102 1443 βραχῦ
3128 1368 3341 1438 διανοίᾳ
3378 1368 3697 1425 κείσεται,
3736 1364 3846 1415 καὶ

2183 1464 2243 1516 τὸ
2290 1462 2488 1532 ἐφεξῆς
2537 1462 2923 1531 ὀμοίως.Ἔχει
2971 1461 3027 1513 δὲ
3074 1459 3264 1523 οὕτως·
3303 1460 3433 1511 ιἘν
3471 1456 3717 1527 ἐκείνῃ
3762 1457 3838 1525 τῇ

2183 1554 2367 1626 ἡμέρα
2400 1558 2457 1607 ἐν
2494 1553 2572 1624 τῷ
2598 1554 2824 1623 ὀνόματί
2877 1571 2978 1623 μου
3029 1552 3353 1622 αἰτήσεσθε·
3406 1552 3502 1603 καὶ
3543 1549 3623 1601 οὐ
3668 1548 3841 1612 λέγω

2183 1646 2333 1715 ὑμῖν,
2374 1646 2454 1698 ὅτι
2505 1643 2617 1713 ἐγὼ
2668 1645 2931 1714 ἐρωτήσω
2985 1643 3079 1695 τὸν
3108 1642 3360 1714 Πατέρα·
3398 1644 3583 1705 αὐτὸς
3631 1638 3763 1710 γὰρ
3802 1643 3835 1692 ὁ

2183 1738 2370 1807 Πατὴρ
2418 1735 2563 1805 φιλεῖ
2608 1737 2774 1806 ὑμᾶς,
2803 1736 2884 1788 ὅτι
2920 1736 3079 1805 ὑμεῖς
3129 1734 3228 1802 ἐμὲ
3279 1735 3678 1803 πεφιλήκατε,
3718 1731 3832 1784 καὶ

2110 1825 2150 1881 Β
2182 1828 2581 1885 πεπιστεύκατε
2624 1830 2705 1881 ὅτι
2741 1827 2852 1896 ἐγὼ
2881 1827 3030 1897 παρὰ
3070 1827 3163 1885 τοῦ
3196 1826 3413 1898 Πατρὸς
3444 1824 3737 1895 ἐξῆλθον.
3789 1843 3811 1873 ι

2257 1944 2275 1975 ι
2307 1921 2454 1994 Αὕτη
2490 1922 2545 1973 δέ
2573 1922 2776 1990 ἐστινὴ
2805 1919 3025 1987 αἰώνιος
3066 1919 3198 1989 ζωὴ,
3238 1919 3324 1970 ἵνα
3357 1915 3715 1985 γινώσκωσξ
3752 1931 3819 1966 σε

2177 2014 2267 2067 τὸν
2300 2013 2461 2083 μόνον
2508 2010 2762 2083 ἀληθινὸν
2796 2010 2950 2073 Θεὸν,
2979 2009 3071 2063 καὶ
3099 2009 3157 2061 ὃν
3189 2007 3521 2073 ἀπέστειλας
3565 2004 3818 2076 Ἰησοῦν

2175 2103 2432 2174 Χριστόν.
2465 2122 2481 2154 ι
2524 2103 2585 2154 Εἰ
2614 2103 2679 2172 τῇ
2720 2100 3013 2169 ἐπιγνώσει
3047 2097 3139 2152 τοῦ
3190 2099 3353 2168 μόνου
3382 2098 3475 2152 καὶ
3501 2096 3811 2167 ἀληθινοῦ

2176 2195 2311 2249 Θεοῦ
2359 2193 2711 2264 συνεζεῦχθαί
2753 2211 2811 2245 τε
2860 2194 2955 2246 καὶ
2989 2192 3382 2245 συνεισόαἱνειν
3419 2191 3657 2257 ἀνάγκη
3699 2190 3814 2259 τὴν

2175 2287 2471 2354 ἐπίγνωσιν
2520 2281 2695 2353 Ἰησοῦ
2724 2278 2986 2351 Χριστοῦ,
3024 2280 3117 2333 καὶ
3148 2278 3291 2349 ζωὴν
3316 2278 3471 2330 τοῦτο
3500 2277 3613 2345 τὴν
3655 2274 3805 2328 aid:—

2174 2394 2286 2429 νιον
2326 2376 2618 2446 προξενεῖ·
2656 2372 2773 2437 πῶς
2820 2372 2917 2441 οὐχ
2973 2371 3175 2424 ἅπασιν
3218 2370 3470 2438 ἐναργὲς,
3500 2370 3589 2420 ὅτι
3648 2366 3805 2426 Θεὸς

2174 2472 2321 2523 ἐστιν
2351 2468 2554 2538 ἀληθὴς
2591 2469 2620 2520 ὁ
2652 2465 2921 2535 Χριστός;
2953 2463 3148 2531 Γέγονε
3184 2462 3292 2532 γὰρ
3330 2460 3471 2532 σὰρξ
3501 2462 3530 2513 ὁ
3568 2459 3801 2526 Λόγος,

2174 2562 2267 2614 καὶ
2308 2559 2586 2629 μεμένηκε
2616 2558 2806 2625 Λόγος.

2250 2652 2396 2703 ιἼνα
2447 2652 2475 2702 ὁ
2519 2648 2721 2719 κόσμος
2766 2646 3033 2717 πιστεύσῃ
3065 2648 3145 2699 ὅτι
3176 2646 3239 2699 σύ
3284 2663 3351 2715 με
3399 2642 3781 2705 ἀπέστειλας.

2175 2742 2347 2809 Κάγὼ
2370 2743 2469 2810 τὴν
2514 2741 2693 2804 δόξαν,
2824 2740 3063 2803 δέδωκάς
3117 2757 3229 2809 μοι,
3267 2739 3475 2797 δέδωκα
3520 2738 3735 2798 αιῦτοὶς
3767 2751 3785 2763 ”

2172 2838 2257 2888 ἵνα
2290 2830 2425 2888 ὦσιν
2464 2833 2542 2897 ἓν,
2570 2832 2752 2895 καθὼς
2786 2834 2943 2903 ἡμεῖς
2971 2831 3209 2899 ἓν.Ἐγὼ
3242 2833 3297 2882 ἐν
3324 2830 3527 2890 αὐτοῖς,
3567 2829 3674 2881 καὶ
3711 2828 3782 2879 σὺ

2169 2930 2226 2979 ἐν
2264 2927 2407 2997 ἐμοὶ,
2458 2926 2546 2978 ἵνα
2574 2919 2675 2977 ὦσι
2714 2923 3129 2993 τετελειωμένοι
3149 2925 3225 2985 εἰς
3255 2922 3335 2973 ἓν.
3365 2941 3381 2971 ι
3403 2920 3641 2990 Ἀκριὸῆ
3669 2919 3780 2987 τῆς

2169 3020 2408 3081 διανοίας
2431 3019 2521 3071 τὸν
2549 3016 2824 3087 ὀφθαλμὸν
2863 3017 3259 3085 ἐπιστήσαντες
3294 3018 3359 3085 τῇ
3392 3014 3486 3065 τοῦ
3526 3029 3773 3082 προκει-

2175 3110 2338 3181 μένου
2366 3108 2615 3178 δυνὰμει,
2640 3107 3013 3177 θεωρήσωμεν
3034 3107 3099 3159 τὰ
3127 3108 3184 3161 ἐν
3216 3104 3385 3172 αὐτῷ.
3408 3103 3573 3156 Ποίαν
3598 3100 3773 3165 δόξαν

2170 3199 2451 3269 εἰληφέναι
2477 3197 2610 3269 φησὶ
2649 3196 2797 3267 παρὰ
2837 3197 2928 3252 τοῦ
2956 3196 3167 3266 Πατρος
3199 3198 3225 3249 ὁ
3258 3195 3405 3259 Υἱὸς,
3432 3196 3521 3247 καὶ
3546 3192 3769 3261 ταύτην

2173 3293 2302 3363 ἡμῖν
2330 3290 2639 3353 ἐπιδοῦναις
2668 3290 2836 3351 Αὐτὸς
2863 3288 2919 3341 δὲ
2948 3291 3098 3358 ἡμᾶς
3120 3290 3216 3358 τῆς
3245 3289 3336 3340 ἐπὶ
3367 3288 3573 3351 τούτοις
3599 3285 3767 3355 .5.sz-

2169 3398 2266 3450 νης
2293 3378 2617 3442 ἀπαλλάξει,
2642 3378 2815 3446 λέγων
2835 3395 2848 3407 ·
2886 3377 3031 3431 «Ἵνα
3056 3372 3178 3440 ὦσι,
3212 3376 3394 3439 καθὼς
3425 3378 3610 3446 ἡμεῖς,
3636 3375 3717 3427 ἓν.
3737 3392 3759 3423 ι

2182 3471 2269 3523 Ἐν
2303 3470 2401 3539 μὲν
2425 3468 2534 3539 γὰρ
2558 3472 2623 3539 τῇ
2649 3470 2853 3538 φυσικῇ
2888 3468 3175 3537 ταυτότητι
3208 3468 3265 3519 ἓν
3300 3469 3445 3518 ἐστιν
3480 3468 3507 3519 ὁ
3530 3467 3593 3518 ἐκ
3615 3464 3758 3517 Θεοῦ

2168 3560 2338 3627 Λόγος
2372 3560 2504 3629 πρὸς
2550 3558 2638 3612 τὸν
2673 3558 2864 3610 ἑαυτοῦ
2899 3558 3140 3629 Πατέρα,
3178 3559 3224 3610 εἰ
3260 3558 3353 3613 καὶ
3384 3559 3581 3610 νοεῖται
3619 3556 3759 3609 καθ’

2172 3653 2466 3705 ὑπόστασιν
2496 3651 2754 3720 ἑκάτερος
2788 3651 2980 3721 ἰδικήν.
3036 3648 3159 3714 Πῶς
3187 3650 3243 3703 δὲ
3273 3650 3363 3702 καὶ
3396 3651 3453 3702 ἐν
3482 3651 3615 3720 ἡμῖν
3653 3648 3754 3717 γέ·

2170 3761 2329 3812 γονε;
2357 3742 2514 3796 Κατά
2544 3743 2633 3796 τὸν
2661 3744 2773 3795 ἴσον
2803 3742 3022 3814 τρόπον,
3057 3742 3331 3810 οὖσιωδῶς
3358 3741 3422 3811 δὴ
3458 3741 3624 3809 λέγω,
3654 3740 3753 3791 καὶ

2169 3830 2446 3899 φυσικῶςο
2480 3828 2573 3883 καί
2610 3847 2690 3882 τοι
2727 3829 2859 3882 Θεοῦ
2916 3830 3074 3899 φύσις
3121 3830 3433 3899 ἀσύμϐατος
3470 3828 3751 3891 παντελῶς

2165 3924 2249 3991 εἴη
2298 3922 2363 3975 ἂν
2414 3920 2549 3992 πρὸς
2587 3921 2683 3991 τὴν
2733 3921 2930 3986 κτίσιν,
2962 3923 3037 3991 ὡς
3086 3922 3144 3976 ἐν
3182 3923 3470 3993 ταυτότητι
3504 3922 3648 3989 λέγω
3680 3924 3747 3991 τῇ

2165 4016 2289 4068 κατ’
2321 4014 2526 4067 οὐσίαν.
2555 4013 2679 4077 Πῶς
2716 4010 2809 4067 οὗν
2838 4015 2895 4066 ἐν
2917 4016 3047 4085 ἡμῖν
3072 4014 3259 4082 γέγονε
3296 4013 3540 4083 φυσικῶς
3560 4015 3589 4065 ὁ
3609 4012 3747 4082 ὑπὲρ

2164 4104 2263 4176 τὴν
2296 4105 2511 4169 κτίσιν;
2543 4106 2737 4173 Γέγονε
2772 4107 2881 4177 γὰρ
2912 4104 3217 4176 ἄνθρωπος,
3255 4106 3339 4158 ἵνα
3372 4103 3563 4174 ὥσπερ
3596 4103 3748 4157 ἐστὶν

2163 4200 2259 4252 ἐνί
2302 4202 2367 4270 τῇ
2397 4200 2495 4270 τῆς
2530 4199 2781 4270 θεότητος
2821 4200 2980 4267 φύσει
3014 4199 3148 4269 πρὸς
3194 4199 3283 4252 τὸν
3330 4199 3572 4269 Πατέρα,
3602 4195 3747 4249 οὕτω

2165 4289 2419 4359 καὶπρὸς
2445 4290 2592 4359 ἡμᾶς
2621 4288 2679 4340 ἓν
2718 4287 2943 4359 γένηται
2976 4290 3159 4358 σχέσει
3193 4291 3258 4359 τῇ
3290 4288 3435 4345 κατὰ
3459 4286 3745 4358 ἅνθρωποι

2163 4397 2332 4451 τητα·
2369 4378 2766 4449 τετελειώμεθα
2794 4380 2901 4451 γὰρ
2930 4379 3073 4433 οὕτω
3098 4382 3193 4434 καὶ
3229 4384 3391 4451 ἡμεῖς
3421 4383 3501 4445 εἰς
3530 4382 3608 4435 ἓν.

480 4475 704 4529 omnino
766 4487 1070 4531 creaturam
1124 4476 1378 4533 excellit?
1428 4476 1657 4533 Verbum
1717 4479 1918 4532 factum
1974 4486 2058 4533 est
2097 4479 2280 4543 homo,
2312 4484 2372 4529 ut
2433 4475 2913 4543 quemadmodum,
2943 4478 3086 4545 quod
3159 4478 3372 4545 quidem
3410 4480 3475 4532 ad
3524 4477 3743 4532 deitatts

482 4555 729 4629 naturam
763 4577 990 4635 spectat,
1024 4585 1188 4622 unum
1220 4579 1271 4625 et
1324 4570 1463 4624 idem
1493 4580 1577 4625 est
1624 4586 1745 4626 cum
1812 4570 2087 4636 Patrc,ita
2130 4569 2427 4626 secundum
2465 4578 2670 4625 natura:
2742 4569 2989 4625 humanae
3042 4570 3411 4625 habitudinem
3447 4573 3523 4631 sit,
3570 4586 3743 4626 unum

479 4678 695 4732 quoque
725 4664 1026 4719 nobiscum.
1069 4665 1178 4720 llac
1207 4666 1351 4721 enim
1392 4670 1596 4725 ratione
1634 4688 1729 4724 nos
1752 4686 1970 4741 quoque
1995 4671 2042 4724 in
2085 4670 2346 4722 unitatem
2378 4670 2739 4723 consummati
2786 4683 2994 4724 sumus.

559 4769 579 4803 ι
608 4752 738 4808 Cum
782 4769 911 4825 ergo
948 4770 1072 4810 sero
1104 4765 1246 4811 esset
1282 4758 1367 4815 die
1396 4758 1505 4822 illo,
1532 4777 1636 4813 una
1668 4762 2053 4825 Sabbatorum,
2085 4762 2130 4816 D

477 4853 529 4899 et
565 4843 705 4901 fores
726 4857 909 4902 essent
948 4848 1165 4914 clausm,
1192 4849 1281 4905 ubi
1321 4860 1476 4905 erant
1526 4852 1772 4921 discipuli
1826 4869 2029 4923 congre

478 4936 587 5005 gati
620 4947 839 5006 propter
866 4950 1065 4995 metum
1087 4939 1421 5006 Judaeornm,
1458 4943 1607 4995 venit
1632 4943 1809 5006 Jesus,
1845 4953 1900 4997 et
1941 4953 2051 4998 ste-

481 5027 547 5080 tit
576 5027 628 5080 in
664 5028 857 5093 medio,
892 5037 946 5082 et
977 5030 1115 5085 dixit
1159 5030 1273 5086 eis:
1304 5030 1412 5084 Pax
1452 5030 1603 5087 vobis
1652 5033 1718 5084 ".
1752 5052 1769 5083 ι
1804 5030 1919 5085 Νοιι
1947 5032 2051 5085 im-

479 5121 678 5175 merito
731 5121 1059 5176 dubitaverit
1110 5122 1199 5177 hic
1250 5123 1546 5193 quispiam,
1577 5139 1640 5177 ac
1690 5124 1885 5177 dixerit
1927 5141 1940 5176 :
1991 5124 2049 5178 Si

478 5211 713 5266 Verbum
737 5222 856 5283 post
887 5215 1337 5270 resurrectionem
1367 5217 1589 5285 perinde
1628 5232 1692 5270 ac.
1721 5226 1845 5283 ante
1889 5230 2050 5271 vene-

479 5306 698 5357 randam
726 5320 942 5361 crucem
978 5307 1029 5359 in
1066 5322 1292 5377 corpore
1321 5317 1459 5371 erat,
1487 5308 1756 5378 quomodo
1780 5307 2051 5363 conclusis

549 5462 591 5493 "
617 5462 770 5516 Joan.
808 5479 921 5527 xvr,
950 5462 1040 5529 Ξῖ),
1062 5464 1153 5517 ει.
1235 5466 1278 5496 ὀ
1319 5465 1443 5519 ibid.
1473 5465 1562 5525 96.
1593 5466 1683 5518 97.

1766 5467 1805 5495 ²¹
1840 5466 1997 5523 Joan.
2028 5482 2157 5529 xvn,
2184 5467 2236 5523 5.

2245 4777 2263 4811 ι
2296 4757 2476 4830 Οὔσης
2526 4753 2619 4811 οὖν
2664 4758 2820 4829 ὀψίας
2852 4764 2918 4830 τῇ
2955 4758 3138 4830 ἡμέρᾳ
3170 4760 3379 4831 ἐκείνῃ,
3402 4763 3468 4832 τῇ
3506 4761 3603 4831 μιᾷ
3631 4761 3742 4817 τῶν

2163 4850 2475 4915 Σαϐϐάτων,
2506 4851 2597 4903 καὶ
2625 4851 2731 4905 τῶν
2762 4850 2941 4921 θυρῶν
2971 4852 3393 4922 κεκλεισμένων,
3429 4853 3567 4906 ὅπου
3598 4847 3741 4923 ἦσαν

2160 4944 2210 4996 οἱ
2251 4942 2489 5014 μαθηταὶ
2526 4942 2851 5012 συνηγμένοι
2885 4942 2975 5000 διὰ
2999 4944 3088 4996 τὸν
3119 4945 3282 5012 φοϐον
3308 4945 3415 4997 τῶν
3450 4944 3743 5008 Ἰουδαίων,

2154 5030 2317 5106 ἦλθεν
2359 5037 2386 5086 ὁ
2428 5033 2656 5105 Ἰησοῦς.
2689 5035 2782 5089 καὶ
2825 5034 2959 5105 ἔστη
3009 5038 3088 5100 εἰς
3130 5035 3189 5093 τὸ
3235 5036 3418 5107 μέσον,
3446 5038 3539 5095 καὶ
3586 5037 3737 5105 λέγει

2154 5125 2365 5187 αὐτοῖς’
2400 5125 2603 5195 Εἰρήνη
2649 5124 2798 5192 ὑμῖν.
2832 5142 2849 5175 ι
2873 5125 3250 5195 Ἐπαπορήσαι
3296 5144 3376 5188 τις
3403 5126 3470 5180 ἂν
3507 5128 3648 5183 κατὰ
3680 5128 3737 5180 τὸ

2153 5212 2300 5275 εἰκὸς
2350 5213 2553 5281 λέγων’
2586 5212 2647 5265 Εἰ
2687 5216 2744 5266 ὲν
2778 5214 2988 5284 σώματι
3018 5215 3111 5269 καὶ
3144 5216 3283 5284 μετά
3320 5218 3415 5287 τὴν
3439 5218 3736 5272 ἀνάστασιν

2152 5303 2218 5378 ἦν
2244 5309 2272 5360 ὁ
2299 5307 2489 5375 Λόγος,
2517 5304 2659 5359 καθὰ
2704 5306 2797 5359 καὶ
2839 5306 2945 5376 πρὸ
2984 5306 3076 5359 τοῦ
3106 5307 3287 5377 τιμίου
3324 5308 3583 5379 σταυροῦ,
3620 5312 3733 5375 πῶς

2312 5466 2509 5522 ”ἱ1‹ύ‹1.
2543 5466 2729 5521 QI-‘JS.
2810 5468 2855 5501 ³³
2887 5467 3040 5522 Joan.
3071 5484 3157 5533 xx,
3203 5470 3281 5524 l9.

1548 5560 1717 5614 Variae
1753 5560 2011 5615 lectiones
2046 5562 2250 5616 codicis
2279 5562 2642 5631 chuicriani.

558 5674 667 5726 ilcr.
702 5673 779 5731 ἓν.

550 5767 626 5832 (1)
667 5765 761 5821 ilic
800 5766 1010 5821 ctinl‘ra
1046 5768 1313 5836 interpres
1348 5768 1469 5837 legit
1505 5767 1580 5831 ἓν,
1620 5769 1706 5824 ubi
1744 5771 1798 5821 ἐν
1828 5769 2098 5839 vulgatum
2129 5777 2232 5822 est.
