4146 6508
591 412 734 466 1275

1599 407 1658 461 S.
1694 405 1969 463 CYRILLI
1999 407 2473 464 ALEXANDRINI
2517 406 2841 462 ARCIIIEP.

3685 401 3832 452 1270

590 538 646 584 et
673 524 918 595 regnabit
947 524 999 576 in
1031 523 1189 577 domo
1215 522 1384 578 Jacob
1405 522 1456 576 in
1475 532 1760 588 aeternum,
1795 533 1851 578 et
1874 525 2022 594 regni
2044 524 2162 593 ejus

2282 525 2355 579 τοῦ
2401 526 2612 596 Πατρὸς
2663 523 2866 577 αὑτοῦ·
2913 522 3006 575 καὶ
3055 519 3362 591 βασιλεύσει
3412 517 3506 570 ἰπὶ
3549 515 3642 569 τὸν
3689 509 3843 567 οἷκον

587 634 699 673 non
735 619 837 672 erit
864 613 985 668 linis
1015 614 1080 668 ²’.
1120 632 1138 665 ι
1186 613 1436 682 Nunquid
1473 613 1710 667 hominis
1744 615 1916 668 nostri
1961 614 2158 668 similis

591 707 818 775 imperio
853 717 1111 773 perpetuo
1168 704 1304 756 citra
1340 704 1501 756 ullam
1555 703 2006 770 interruptionem
2038 721 2162 772 pie-

586 785 930 850 ιιιιιιιιιιιτῖειιι
987 794 1295 862 imperatori
1357 793 1533 858 potius
1589 792 1698 846 Deo
1759 794 1810 846 in
1856 794 2072 848 Christo
2111 806 2166 848 et

594 901 690 954 per
742 883 1016 939 Christum
1078 884 1278 936 subditi
1330 883 1556 945 erimus,
1593 898 1697 936 non
1735 892 2066 951 assumptum
2099 886 2164 938 ad

594 976 698 1029 hoc
753 982 1008 1043 tanquam
1055 985 1376 1029 extraneum
1438 973 1748 1042 quempiam
1789 974 2162 1039 mediatorum,

594 1067 690 1120 sed
725 1080 911 1120 verum
965 1065 1180 1131 Filium,
1214 1081 1309 1132 per
1339 1081 1499 1133 quem
1530 1065 1659 1118 etin
1690 1081 1796 1133 quo
1828 1066 1965 1119 Deus
2005 1064 2166 1118 Pater

597 1157 650 1210 iu
673 1158 856 1210 omnia
889 1171 1111 1226 regnum
1163 1155 1589 1221 obtinet?Quod
1630 1156 1673 1209 si
1717 1156 1789 1210 ita
1846 1171 1932 1210 res
1983 1157 2165 1222 habet,

602 1247 747 1300 Deus
777 1261 908 1314 ergo
938 1255 1020 1298 est
1052 1244 1318 1298 Christus.

676 1356 695 1387 ι
735 1337 874 1389 Dixit
921 1348 1097 1389 autem
1135 1335 1299 1389 Maria
1331 1336 1396 1388 ad
1437 1335 1720 1404 angelum;
1756 1337 1868 1406 88
1895 1337 2171 1402 Quomodo

600 1425 692 1479 ﬁet
719 1425 882 1485 istud,
903 1424 1156 1490 quoniam
1193 1425 1366 1477 virum
1396 1441 1498 1477 non
1535 1428 1838 1492 cognosco?
1865 1426 1927 1479 Et
1953 1442 2172 1494 respon-

600 1515 734 1568 deus
771 1515 991 1581 angelus
1038 1516 1174 1567 dixit
1207 1515 1284 1568 illi
1322 1534 1334 1569 :
1368 1515 1603 1583 Spiritus
1652 1528 1874 1572 sanctus
1916 1533 2173 1586 superve-

601 1603 714 1656 niet
771 1603 822 1656 in
885 1615 958 1660 te.
985 1615 1037 1655 et
1095 1606 1268 1660 virtus
1325 1607 1587 1660 Altissimi
1643 1610 1986 1662 obumhrabit
2032 1610 2169 1662 tibi:

605 1693 831 1763 ideoque
857 1707 909 1747 et
936 1699 1079 1760 quod
1117 1703 1366 1749 nascetur
1417 1712 1480 1749 ex
1516 1707 1566 1750 te
1597 1706 1869 1762 sanctum,
1895 1698 2176 1752 vocabitur

607 1781 775 1836 Filius
803 1783 892 1837 Dei
931 1785 996 1836 ³⁰.
1036 1804 1054 1836 ι
1096 1785 1346 1854 Nunquid
1377 1787 1451 1853 is,
1481 1788 1570 1856 qui
1630 1806 1829 1842 arcana
1881 1791 2173 1857 inexplira-

2279 615 2470 670 Ἰακὼϐ
2499 619 2577 680 εἰς
2611 617 2736 677 τοὺς
2764 615 2985 678 αἰῶνας,
3013 612 3222 681 καὶτῆς
3251 607 3529 680 βασιλείας
3549 604 3717 660 αὑτοῦ
3737 607 3844 658 οὐκ

2266 710 2416 762 ἔσται
2470 709 2640 770 τέλος.
2679 727 2696 758 ι
2745 702 2870 777 Ἆρ’
2912 701 3005 758 οὖν
3070 705 3154 772 ἐφ’
3194 704 3318 756 ἐνὶιι
3366 701 3473 755 τῶν
3526 699 3647 753 καθ’
3690 701 3845 770 ἡμᾶς

2266 799 2584 869 κεισόμεθα,
2605 797 3014 868 βασιλευόμενοι
3034 795 3296 864 διηνεκῶς
3314 793 3406 846 καὶ
3425 791 3840 860 άκαταλήκτωξς

2265 891 2308 960 ἢ,
2334 891 2438 943 ὑπὸ
2479 889 2596 960 Θεῷ
2647 888 2845 959 μᾶλλον
2889 885 3125 956 ἐσόμεθα
3151 882 3482 954 βασιλεύοντι
3511 880 3667 952 ἡμῶν
3700 880 3831 948 τὴν·

2266 982 2324 1034 ὲν
2371 979 2614 1051 Χριστῷ,
2656 979 2748 1032 καὶ
2796 979 2894 1048 ούχ
2940 977 3016 1039 ὡς
3051 975 3250 1041 ἔξωθεν
3297 975 3516 1045 μεσίτου
3568 973 3713 1035 τινὸς
3764 974 3848 1034 εἰς

2266 1067 2424 1121 τοῦτο
2466 1067 2936 1138 παραληφθέντος,
2963 1067 3076 1120 ἀλλ’
3109 1066 3184 1128 ὡς
3227 1065 3293 1118 δι’
3325 1063 3456 1116 Υἰοῦ
3503 1063 3597 1116 καὶ
3629 1063 3686 1115 ὲν
3727 1061 3845 1129 Tit}:

2269 1159 2737 1231 κατακρατοῦντος
2770 1159 2877 1214 τῶν
2904 1158 3039 1213 ὅλων
3082 1157 3174 1210 τοῦ
3220 1156 3355 1209 Θεοῦ
3383 1156 3474 1210 καὶ
3505 1155 3751 1226 Πατρὸςς
3781 1153 3844 1205 Et

2269 1252 2323 1304 δὲ
2347 1251 2504 1306 τοῦτο
2531 1251 2748 1321 ἀληθὲς,
2779 1251 2910 1314 Θεὸς
2938 1249 3045 1321 ἄρα
3075 1251 3103 1302 6
3130 1235 3379 1318 Χριστός.

2347 1361 2365 1393 ι
2399 1337 2532 1394 Εἶπε
2573 1342 2631 1394 δὲ
2677 1340 2912 1410 Μαριάμ
2954 1339 3090 1409 πρὸς
3115 1337 3207 1390 τὸν
3236 1337 3496 1406 ἄγγελονο
3537 1335 3660 1398 Πῶς
3692 1334 3846 1386 ἔσται

2276 1449 2366 1501 μοι
2390 1430 2566 1496 τοῦτο,
2600 1431 2724 1484 ἐπεὶ
2765 1429 2934 1500 ἄνδρα
2967 1429 3028 1481 ού
3060 1426 3342 1495 γινώσκω;
3385 1426 3494 1479 Καὶ
3523 1423 3848 1494 ἀποκριθεὶς

2273 1527 2302 1577 6
2345 1525 2574 1594 ἄγγελος
2627 1520 2781 1576 εἶπεν
2831 1525 3002 1593 αὐτῇ·
3034 1521 3260 1592 Πνεῦμα
3305 1520 3457 1588 ἅγιον
3491 1517 3848 1570 ἐπελεύσεται

2276 1617 2366 1668 ἐπὶ
2397 1617 2475 1678 σὲ,
2508 1615 2602 1668 καὶ
2625 1615 2854 1683 δύναμις
2884 1613 3140 1682 Ὑψίστου
3165 1610 3474 1664 ἐπισκιάσει
3503 1625 3583 1661 σοι
3607 1623 3620 1635 ⁶
3649 1605 3732 1660 διὸ
3753 1606 3849 1658 καὶ

2275 1705 2336 1758 τὸ
2369 1705 2704 1776 γεννώμενον
2740 1706 2915 1772 ἆγιον,
2946 1703 3279 1774 κληθήσεται
3303 1701 3430 1763 Υἱὸς
3469 1697 3629 1752 Θεοῦ.
3662 1717 3680 1748 ι
3708 1692 3852 1766 'Ap‘

2277 1791 2368 1847 οὖν
2402 1794 2660 1863 κέκληται
2690 1793 2850 1864 μόνον
2887 1791 3032 1854 Υἱὸς,
3063 1793 3090 1843 6
3141 1793 3205 1843 ὲκ
3248 1789 3347 1859 τῆς
3377 1789 3536 1856 ἁγίας
3566 1785 3850 1854 Παρθένου

607 1875 810 1944 bilique
856 1877 1092 1944 Spiritus
1114 1878 1285 1931 sancti
1321 1880 1636 1948 operatione
1666 1896 1731 1934 ex
1763 1897 1921 1934 saera
1950 1881 2172 1951 Virgine

2282 1888 2365 1940 διὰ
2396 1885 2489 1938 τοῦ
2517 1885 2832 1955 Πνεύματος
2875 1884 3203 1954 ἁπορῤήτως
3230 1880 3648 1950 γεγεννημένος,
3680 1879 3850 1947 ἧγουν

608 1967 872 2022 formatus
897 1978 949 2022 et
985 1978 1142 2022 natus
1181 1979 1284 2032 est,
1321 1971 1433 2024 sola
1457 1971 1815 2040 appellatione
1843 1972 1986 2024 (ilius
2020 1973 2174 2026 erat?

603 2074 673 2113 au
707 2075 867 2112 verus
905 2061 1085 2128 potius
1143 2061 1514 2130 naturalisque
1562 2060 1652 2114 Dei
1707 2061 1900 2125 Filius,
1927 2073 1980 2116 et
2031 2065 2170 2116 Deus

605 2151 845 2205 creditus
873 2162 954 2205 est
977 2152 999 2205 ?
1022 2152 1128 2206 Sed
1174 2153 1274 2207 hoc
1296 2153 1479 2221 procul
1509 2153 1672 2206 dubio
1701 2170 1882 2208 rerum
1905 2165 2006 2208 est.
2047 2157 2174 2208 Ver-

603 2241 730 2294 bum
774 2243 998 2310 proinde
1053 2242 1350 2296 secundum
1408 2243 1722 2312 hypostasin
1774 2260 1903 2297 caro
1946 2242 2168 2307 factum,

605 2334 706 2387 hoc
761 2343 1106 2398 est,carnem
1157 2349 1252 2404 per
1298 2335 1560 2402 Spiritum
1599 2345 1844 2387 sanctum
1901 2351 1966 2388 ex
2015 2353 2170 2389 sacra

605 2422 826 2492 Virgine
852 2425 1175 2492 sumpsisse,
1205 2440 1433 2494 eamque
1469 2427 1740 2493 propriam
1797 2427 1898 2479 sibi
1952 2427 2164 2490 fet-isse,

604 2518 950 2588 intelligatur.
990 2517 1099 2571 llac
1135 2532 1368 2586 namque
1397 2518 1606 2571 ratione
1641 2517 1785 2586 quod
1820 2533 1982 2571 verus
2032 2517 2172 2571 Deus

605 2606 696 2668 sit,
734 2605 1188 2674 deprehendetur.

680 2715 698 2748 ι
741 2697 804 2750 Et
839 2697 1032 2750 laetum
1082 2705 1188 2757 est.
1219 2697 1514 2751 utandirit
1567 2697 1948 2752 salutationem
1992 2697 2174 2752 Maria:

605 2788 905 2848 Elisabcth.
925 2787 1406 2842 exsultavitinl‘ans
1441 2789 1493 2840 in
1520 2799 1673 2842 utero
1703 2789 1859 2857 ejus;
1889 2799 1942 2842 et
1973 2789 2170 2854 repleta

604 2892 689 2934 est
724 2879 926 2949 Spiritu
979 2889 1164 2934 sam-to
1220 2879 1520 2942 Elisabetb,
1557 2886 1610 2931 rt
1664 2879 1990 2933 CXt‘iiillmV‘il
2044 2895 2174 2934 voce

606 2987 818 3040 magna,
853 2980 909 3024 et
963 2969 1454 3025 dixit:Benedicta
1518 2981 1570 3024 tu
1614 2972 1754 3025 inter
1809 2971 2084 3036 mulieres,
2121 2980 2174 3024 et

605 3060 920 3116 benedictus
953 3061 1156 3116 fructus
1207 3063 1413 3116 ventris
1450 3062 1548 3118 tui.
1586 3061 1650 3116 Et
1703 3065 1844 3115 umle
1893 3062 2170 3126 hocmihi,

607 3165 664 3207 ut
692 3155 873 3209 veniat
930 3165 1105 3209 mater
1151 3155 1358 3209 Domini
1399 3155 1501 3209 mei
1534 3157 1599 3208 ad
1659 3174 1742 3210 me
1770 3157 1863 3208 "?
1901 3176 1919 3208 ι
1959 3157 2172 3212 luterua

607 3246 700 3300 Dei
727 3248 944 3314 energia
969 3256 1024 3300 et
1053 3246 1128 3309 vi,
1151 3246 1449 3315 pmphetize
1477 3247 1670 3300 donum
1702 3249 1984 3317 obtingere
2014 3249 2174 3301 alicui
2211 3246 2246 3271 “

607 3347 814 3408 potest;
847 3355 1025 3404 serus,
1080 3353 1441 3408 nequaquam.
1500 3341 1630 3394 Cum
1711 3342 1873 3409 igitur
1925 3341 2180 3394 salutatio

607 3443 777 3481 sacrae
811 3426 1047 3491 Virginis
1092 3427 1273 3482 Maria:
1327 3426 1509 3482 Jcsum
1565 3444 1662 3498 per
1709 3431 1758 3482 id
1817 3435 2073 3497 temporis
2127 3431 2177 3484 in

610 3531 765 3574 utero
796 3521 972 3573 adhuc
990 3519 1272 3588 gestantis.
1301 3517 1564 3574 Joannem
1587 3523 1848 3576 maternis
1881 3522 2180 3576 visceribus

611 3615 789 3670 adhuc
837 3615 1103 3670 inclusum
1158 3615 1223 3667 ad
1281 3617 1620 3684 prophetiam
1672 3618 2184 3686 promoverit,qm.-

612 3708 770 3760 Inodo
821 3707 1070 3761 Christus
1128 3722 1232 3760 non
1283 3717 1366 3760 est
1408 3706 1571 3770 Deus,
1602 3709 1691 3776 qui
1739 3709 1879 3761 intra
1931 3709 2181 3776 virginea

611 3801 844 3852 claustra
876 3799 1170 3851 etiamnum
1215 3797 1654 3858 latitans,diviua
1709 3801 1755 3852 vi
1784 3803 1848 3852 ad
1886 3801 2184 3870 prophetia:

610 3892 840 3957 gratiam
869 3887 1165 3957 Baptistam
1226 3891 1446 3943 evexit?

687 4001 706 4033 ι
739 3981 889 4035 Nunc
925 3981 1158 4035 dimittis
1205 3996 1422 4035 servum
1473 3991 1644 4042 tuum,
1692 3980 1938 4045 Domine,
1989 3997 2184 4036 serua-

611 4079 738 4128 dum
779 4074 1000 4128 verbum
1060 4085 1232 4136 tuum,
1271 4073 1322 4126 in
1368 4089 1518 4142 pace.
1575 4072 1710 4138 Quia
1763 4074 2016 4128 viderunt
2047 4075 2184 4128 oculi

614 4165 715 4219 mei
750 4162 1002 4219 Salutare
1032 4173 1202 4218 tuum.
1231 4163 1384 4231 Quod
1415 4167 1615 4233 parasti
1667 4175 1790 4219 ante
1829 4165 2021 4219 faciem
2063 4182 2183 4220 om-

615 4258 761 4310 nium
800 4256 1141 4326 populorum.
1176 4253 1382 4308 Lumen
1415 4255 1478 4308 ad
1515 4256 1894 4310 revelationem
1924 4257 2185 4324 gentium,

614 4359 670 4402 et
716 4347 947 4418 gloriam
1003 4347 1173 4414 plebis
1231 4356 1332 4399 tua:
1377 4345 1542 4401 Israel
1575 4347 1642 4402 ³⁸.
1675 4365 1693 4398 ι
1746 4345 1963 4400 Simeon
2006 4347 2188 4400 Jesnm

618 4441 757 4493 inter
783 4439 934 4492 ulnas
962 4437 1298 4505 complexus,
1333 4436 1591 4504 ejusmodi
1641 4437 1706 4490 de
1741 4439 1856 4504 ipso
1889 4437 2062 4505 el0gia
2099 4437 2189 4490 de-

2283 1977 2631 2046 ὲκτισμένος;
2669 1975 2699 2046 ἢ
2748 1975 2908 2043 φύσει
2941 1992 2998 2026 τε
3031 1974 3124 2026 καὶ
3159 1972 3374 2042 άληθῶς
3401 1970 3526 2033 Υἱὸς
3569 1965 3709 2022 εἶναι
3753 1985 3853 2020 πει

2282 2070 2567 2122 πίστευται
2599 2106 2614 2130 ,
2668 2069 2762 2120 καὶ
2815 2067 2982 2131 Θεός;
3057 2065 3198 2118 Ἀλλ’
3244 2065 3359 2117 ἔστι
3413 2063 3570 2116 τοῦτο
3625 2061 3847 2131 ἀληθές.

2280 2160 2523 2213 Νοείσθω
2570 2159 2634 2230 δὴ
2685 2154 2778 2210 οὖν
2833 2157 2970 2228 σὰρξ
3015 2157 3135 2209 καθ’
3185 2156 3478 2209 ὑπόστασιν
3534 2153 3778 2221 γεγονὼς
3824 2158 3851 2206 6

2281 2253 2471 2320 Λόγος,
2509 2251 2786 2304 τουτέστιν
2835 2249 2968 2302 ίδίαν
3013 2249 3379 2318 ποιησάμενος
3427 2246 3604 2316 σάρκα
3634 2245 3734 2314 τὴν
3762 2244 3852 2296 διὰ

2281 2345 2599 2414 Πνεύματος
2628 2345 2690 2396 ἐκ
2721 2345 2818 2414 τῆς
2853 2343 3012 2411 ἁγίας
3044 2341 3350 2412 Παρθένουο
3383 2338 3525 2392 οὕτω
3551 2338 3660 2408 γὰρ
3699 2337 3852 2388 ἔσται

2280 2438 2372 2490 καὶ
2401 2436 2532 2499 Θεὸς
2561 2435 2794 2505 ἀληθῶς.

2358 2721 2375 2752 ‹
2405 2703 2514 2755 Καὶ
2542 2700 2780 2768 ἐγένετο,
2818 2699 2892 2762 ὡς
2921 2700 3123 2769 ἢκουσε
3153 2698 3241 2752 τὸν
3282 2696 3571 2767 ἀσπασμὸν
3599 2696 3699 2765 τῆς
3729 2697 3852 2750 MJ-

2283 2790 2403 2861 ρίας
2434 2791 2466 2861 ἠ
2503 2790 2805 2851 Ἑλισάεετ,
2831 2789 3117 2861 ἐσκίρτησε
3148 2789 3208 2842 τὸ
3243 2789 3438 2859 βρέφος
3481 2790 3538 2842 ὲν
3565 2790 3631 2858 τῇ
3669 2787 3854 2856 κοιλιᾳ

2281 2883 2473 2954 αὑτῆς·
2515 2883 2607 2936 καὶ⁹
2641 2882 2886 2953 ἐπλήσθη
2927 2882 3240 2953 Πνεύματος
3269 2881 3426 2949 ἁγίου
3472 2882 3505 2950 ή
3550 2879 3854 2944 Ἐλισάῦετ,

2283 2979 2376 3031 καὶ
2408 2976 2722 3046 ἀνεφώνησε
2784 2979 2933 3046 φωνῇ
2985 2974 3218 3047 μεγάλῃ,
3257 2974 3350 3027 καὶ
3391 2968 3577 3025 εἶπεν·
3614 2972 3857 3041 Εὐλογη-

2290 3071 2423 3139 μένη
2470 3070 2533 3121 σὺ
2578 3069 2636 3121 ἐν
2667 3067 2905 3134 γυναιξὶ,
2937 3067 3028 3119 καὶ
3057 3066 3418 3134 εὐλογημένος
3453 3065 3481 3116 6
3512 3063 3722 3134 καρπὸς
3755 3061 3858 3129 τῆς

2286 3161 2492 3222 κοιλίας
2520 3177 2634 3213 σου.
2660 3160 2769 3212 Καὶ
2809 3159 2973 3212 πόθεν
3007 3177 3098 3228 μοι
3133 3158 3305 3220 τοῦτο,
3337 3158 3423 3210 ἵνα
3453 3157 3581 3229 ἔλθῃ
3607 3157 3639 3227 ἡ
3668 3157 3855 3226 μήτηρ

2283 3250 2376 3304 τοῦ
2445 3251 2651 3320 Κυρίου
2718 3267 2819 3318 μου
2869 3251 3005 3320 πρός
3032 3267 3133 3319 με;
3171 3269 3188 3300 ι
3229 3247 3655 3319 Ἐνεργήσαντος
3721 3245 3858 3299 Θεοῦ

2285 3340 2618 3411 προφητείας
2651 3339 2831 3409 χάριν,
2865 3340 3018 3391 ἔσται
3047 3357 3129 3402 τις
3157 3341 3442 3410 προφήτης
3463 3355 3475 3368 ·
3513 3338 3636 3392 καθ’
3665 3337 3861 3408 ἕτερον

2282 3431 2576 3502 δὲτρόπον,
2603 3428 3006 3500 ούδαμῶς.⁹’οτε
3018 3429 3194 3484 τοίνυν
3219 3433 3246 3483 6
3264 3431 3553 3502 ἀσπασμὸς
3576 3431 3674 3498 τῆς
3696 3430 3860 3497 ἁγίας

2285 3523 2558 3593 Παρθένου
2618 3522 2836 3593 Μαρίας
2889 3522 3262 3591 κυοφορούσης
3315 3523 3395 3574 ἔτι
3463 3521 3554 3574 τὸν
3609 3518 3861 3591 Ἰησοῦν,

2284 3615 2574 3684 κεκίνηκεν
2626 3616 2684 3666 ὲν
2731 3616 2914 3685 μήτρᾳ
2961 3615 3053 3668 τὸν
3087 3616 3342 3684 Ἰωάννην
3389 3616 3468 3677 είς
3498 3614 3857 3685 προφητείαν,

2287 3705 2402 3768 πῶς
2445 3706 2507 3758 ού
2551 3706 2680 3767 Θεὸς
2723 3708 2751 3759 ὁ
2799 3696 3052 3776 Χριστὸς,
3085 3706 3179 3759 καὶ
3228 3707 3286 3758 ὲν
3331 3709 3396 3776 τῇ
3448 3706 3547 3775 τῆς
3581 3704 3858 3775 Παρθένον

2286 3796 2438 3866 νηδύῖ
2491 3798 2720 3866 κινήσας
2767 3798 3082 3867 θεοπρεπῶς
3128 3799 3208 3860 εἰς
3257 3796 3586 3868 προφητείας
3631 3794 3862 3864 δύναμιν

2283 3887 2376 3940 τὸν
2408 3888 2740 3957 Βαπτιστήν;

2364 4000 2382 4032 ι
2415 3980 2526 4034 Νῦν
2560 3981 2820 4043 ἀπολύεις
2851 3981 2941 4035 τὸν
2971 3981 3158 4035 δοῦλόν
3190 3998 3304 4043 σου,
3347 3980 3612 4043 Δέσποτα,
3639 3979 3782 4032 κατὰ
3806 3977 3862 4029 τὸ

2290 4073 2442 4143 ῥῆμά
2475 4091 2590 4136 σου,
2627 4075 2684 4125 ἐν
2727 4075 3072 4144 εἰρήνῃ.”οτι
3105 4068 3244 4127 εἶδον
3275 4076 3324 4127 οί
3358 4072 3623 4142 ὀφθαλμοί
3665 4089 3768 4141 μου
3804 4071 3860 4121 τὸ

2291 4165 2567 4234 Σωτήριὸν
2604 4182 2720 4218 σου·
2759 4165 2786 4218 ὃ
2816 4165 3118 4235 ἡτοίμασας
3144 4165 3285 4219 κατὰ
3324 4166 3615 4236 πρόσωπον
3645 4161 3860 4214 πάντων

2289 4258 2396 4310 τῶν
2447 4257 2626 4310 λαῶν·
2681 4259 2796 4326 φῶς
2841 4259 2920 4321 είς
2963 4258 3304 4327 ἀποκάλυψιν
3345 4256 3532 4318 ἐθνῶν,
3569 4257 3662 4308 καὶ
3707 4254 3860 4318 δόξαν

2289 4351 2420 4404 λαοῦ
2458 4369 2550 4404 σου
2589 4352 2827 4423 Ἰσραήλ.
2862 4371 2880 4402 ι
2901 4352 2959 4404 ’0
2983 4349 3196 4418 Συμεὼι
3223 4350 3313 4402 τὸν
3349 4347 3554 4418 Ἰησοῦν
3588 4349 3666 4405 είς
3688 4345 3861 4412 ἀγκάο

2290 4443 2388 4506 λας
2433 4443 2634 4503 λαϐὼν,
2664 4444 2733 4496 τὰ
2785 4443 2962 4496 τοιάδε
3014 4445 3143 4512 περὶ
3192 4441 3354 4496 αὑτοῦ
3403 4457 3556 4510 φησι.
3589 4437 3710 4498 Πῶς
3768 4432 3860 4488 οὖν

614 4530 915 4600 promebat.
939 4529 1006 4582 At
1039 4529 1310 4598 quomodo
1341 4529 1580 4582 Salutare
1617 4537 1699 4581 est
1729 4567 1742 4592 ,
1778 4538 1870 4582 aut
1921 4529 2178 4595 quomoda

2295 4537 2408 4588 ἐστι
2456 4537 2722 4606 σωτήριον
2744 4575 2758 4599 ,
2794 4535 2912 4599 πῶς
2951 4534 3008 4587 δὲ
3054 4534 3167 4603 φῶς
3201 4535 3279 4595 εἰς
3304 4529 3645 4598 ἀποκάλυψιν
3673 4527 3860 4586 ἐθνῶν,

615 4622 794 4675 lumen
829 4622 893 4674 ad
922 4620 1304 4674 revelatiouem
1330 4615 1566 4689 gentium
1599 4628 1698 4681 est,
1721 4620 1764 4672 si
1795 4636 1930 4672 unus
1951 4629 2006 4671 et
2039 4619 2187 4674 solus

621 4728 779 4766 rerus
836 4711 1006 4766 Filius
1057 4722 1111 4766 et
1181 4711 1322 4765 Deus
1381 4727 1482 4764 non
1537 4721 1649 4774 cst,
1717 4723 1907 4764 natura
1963 4712 2185 4779 quidem

617 4787 776 4857 natus
805 4819 870 4857 ex
897 4802 1054 4856 Patre
1099 4813 1156 4856 ut
1196 4802 1450 4864 Verbum,
1486 4803 1780 4854 secundm"
1838 4817 2054 4854 carnem
2094 4818 2188 4854 au-

617 4899 728 4944 tem
772 4900 925 4945 ortus
951 4907 1014 4945 ex
1055 4887 1311 4960 Virgine?
1340 4887 1469 4953 Qua:
1509 4904 1719 4942 rursum
1762 4888 2018 4942 revelatio
2053 4890 2186 4942 facta

621 4989 706 5032 est
747 4979 1018 5047 gentibus,
1063 4979 1164 5033 nisi
1220 4979 1361 5048 quod
1401 4979 1466 5030 de
1506 4978 1618 5047 ipso
1659 4992 2025 5048 cognoverunt
2065 4981 2188 5046 quia

622 5070 764 5125 Deus
809 5082 890 5126 est
942 5071 1292 5139 divinumque
1332 5069 1531 5122 cultum
1577 5069 1650 5123 illi
1692 5070 2094 5138 impendentes,
2137 5071 2188 5123 in

627 5179 689 5216 ea
743 5164 970 5218 crimina
1031 5178 1134 5217 non
1178 5161 1506 5223 inciderunt,
1559 5162 1610 5214 in
1661 5178 1780 5231 qua:
1821 5163 1894 5216 illi
1951 5162 2222 5228 incidere,

624 5255 820 5320 solent,
853 5257 942 5325 qui
969 5255 1122 5310 alteri
1159 5256 1259 5326 deo
1305 5271 1466 5324 ιιιιιιιιι
1497 5255 1586 5309 ιιιιὶ
1636 5255 1734 5321 illi,
1766 5255 1855 5324 qui
1905 5264 2096 5309 natura
2134 5263 2190 5308 et

626 5350 852 5404 veritate
891 5349 1034 5403 Deus
1066 5357 1168 5415 est,
1207 5348 1490 5404 serviunt?

648 5505 652 5508 ·
699 5503 743 5532 ὀ
780 5500 912 5556 Luc.
951 5516 988 5566 ι,
1021 5501 1111 5569 32,
1147 5501 1236 5555 33.

1316 5502 1360 5532 ³⁰
1391 5499 1514 5556 ibid.
1555 5499 1643 5563 54,
1674 5498 1768 5553 55.

1842 5497 1883 5529 ”
1921 5497 2052 5551 ibid.
2083 5496 2277 5552 ιιι-ιδ.

2295 4629 2343 4680 εἰ
2400 4627 2474 4698 μὴ
2521 4627 2653 4690 Θεός
2705 4628 2854 4679 ἐστιν
2901 4625 3135 4696 ἀληθῶς,
3184 4619 3264 4687 εἷς
3312 4625 3406 4676 καὶ
3469 4622 3627 4690 μόνος
3657 4620 3806 4680 Hic.
3838 4619 3863 4668 ὁ

2297 4717 2454 4785 φύσει
2510 4717 2608 4788 μὲν
2661 4719 2724 4770 ὲκ
2774 4715 2986 4786 Πατρὸς
3031 4715 3105 4778 ὼς
3134 4715 3324 4782 Λόγος,
3352 4715 3412 4766 ὲκ
3439 4711 3718 4781 Παρθένου
3752 4708 3805 4760 δὲ
3839 4707 3864 4756 ὁ

2296 4809 2456 4872 αὐτὸς
2507 4808 2650 4860 κατᾶ
2699 4807 2906 4876 σάρκα;
2958 4806 3091 4860 Ποία
3123 4807 3230 4877 γὰρ
3264 4806 3485 4872 γέγονεν
3527 4797 3862 4864 ἀποκάλυψις

2294 4903 2404 4964 τοῖς
2438 4901 2667 4964 ἔθνεσιν,
2695 4901 2728 4970 ἦ
2764 4901 2849 4953 ἐπ’
2880 4899 3029 4968 αὐτῷ
3057 4899 3300 4966 ἔγνωσαν
3333 4898 3413 4950 ὅτι
3442 4894 3573 4955 Θεός
3610 4894 3750 4952 ἐστι,
3779 4888 3864 4938 καὶ

2300 4990 2448 5062 αύτῷ
2487 4990 2877 5060 λατρεύσαντες
2904 4988 3104 5056 ἔφυγον
3138 4988 3205 5040 τὰ
3251 4986 3572 5055 ἐγκλήματα
3623 4973 3862 5042 τοῦθεῷ

2296 5083 2579 5155 λατρεύειν
2611 5083 2781 5154 ἑτέρῳ
2811 5081 2961 5153 παρὰ
2988 5081 3084 5135 τὸν
3120 5080 3236 5144 ἕνα,
3267 5078 3363 5132 καὶ
3392 5077 3574 5146 φύσει,
3610 5075 3706 5126 καὶ
3737 5071 3862 5137 ὰληο

2300 5175 2434 5242 θῶςῗς

2350 5497 2393 5528 ³⁸
2427 5494 2558 5552 Luc.
2581 5512 2618 5550 ιι
2643 5535 2658 5560 ,
2687 5497 2876 5552 29-52.

1682 5654 1850 5709 Variae
1877 5652 2138 5709 lectiones
2165 5652 2364 5710 codicis
2395 5651 2753 5722 chuieriani.
