  <div class='ocr_page' id='page_1' title='image "/cluster/home/n/w/nwhite01/storage/ocr_20150623/76/hvd.32044019207943/646.png"; bbox 0 0 4146 6474; ppageno 0'>
   <div class='ocr_carea' id='block_1_1' title="bbox 267 381 412 438">
    <p class='ocr_par' dir='ltr' id='par_1_1' title="bbox 267 381 412 438">
     <span class='ocr_line' id='line_1_1' title="bbox 267 381 412 438; baseline 0 -2"><span class='ocrx_word' id='word_1_1' title='bbox 267 381 412 438; x_wconf 74' lang='grc'><strong>1277</strong></span> 
     </span>
    </p>
   </div>
   <div class='ocr_carea' id='block_1_2' title="bbox 265 581 1840 658">
    <p class='ocr_par' dir='ltr' id='par_1_2' title="bbox 265 581 1840 658">
     <span class='ocr_line' id='line_1_2' title="bbox 265 581 1840 658; baseline 0.005 -20"><span class='ocrx_word' id='word_1_2' title='bbox 265 584 587 657; x_wconf 73' lang='grc' dir='ltr'><strong>ἀποκριθεὶς</strong></span> <span class='ocrx_word' id='word_1_3' title='bbox 639 581 758 637; x_wconf 78' lang='grc' dir='ltr'>εἷπε</span> <span class='ocrx_word' id='word_1_4' title='bbox 811 587 946 657; x_wconf 75' lang='grc' dir='ltr'>πρὸς</span> <span class='ocrx_word' id='word_1_5' title='bbox 1006 588 1238 652; x_wconf 73' lang='grc' dir='ltr'>αὐτούς’</span> <span class='ocrx_word' id='word_1_6' title='bbox 1275 588 1339 640; x_wconf 89' lang='grc' dir='ltr'>Τί</span> <span class='ocrx_word' id='word_1_7' title='bbox 1375 589 1745 658; x_wconf 74' lang='grc' dir='ltr'>διαλογίζεσθε</span> <span class='ocrx_word' id='word_1_8' title='bbox 1781 595 1840 646; x_wconf 85' lang='grc' dir='ltr'>ἐν</span> 
     </span>
    </p>
   </div>
   <div class='ocr_carea' id='block_1_3' title="bbox 263 676 1836 751">
    <p class='ocr_par' dir='ltr' id='par_1_3' title="bbox 263 676 1836 751">
     <span class='ocr_line' id='line_1_3' title="bbox 263 676 1836 751; baseline 0.004 -23"><span class='ocrx_word' id='word_1_9' title='bbox 263 678 386 738; x_wconf 86' lang='grc' dir='ltr'>ταῖς</span> <span class='ocrx_word' id='word_1_10' title='bbox 420 676 669 747; x_wconf 79' lang='grc' dir='ltr'><strong>καρδίαις</strong></span> <span class='ocrx_word' id='word_1_11' title='bbox 701 676 892 746; x_wconf 51' lang='lat' dir='ltr'><strong>optat;</strong></span> <span class='ocrx_word' id='word_1_12' title='bbox 923 679 988 731; x_wconf 88' lang='grc' dir='ltr'>Τί</span> <span class='ocrx_word' id='word_1_13' title='bbox 1034 680 1184 731; x_wconf 78' lang='grc' dir='ltr'>ἐστιν</span> <span class='ocrx_word' id='word_1_14' title='bbox 1214 679 1589 751; x_wconf 76' lang='grc' dir='ltr'>εὐκοπώτερον</span> <span class='ocrx_word' id='word_1_15' title='bbox 1627 683 1802 734; x_wconf 80' lang='grc' dir='ltr'>εἰπεῖν</span> <span class='ocrx_word' id='word_1_16' title='bbox 1823 699 1836 713; x_wconf 82' lang='lat'><strong><em>°</em></strong></span> 
     </span>
    </p>
   </div>
   <div class='ocr_carea' id='block_1_4' title="bbox 278 768 1840 845">
    <p class='ocr_par' dir='ltr' id='par_1_4' title="bbox 278 768 1840 845">
     <span class='ocr_line' id='line_1_4' title="bbox 278 768 1840 845; baseline 0.005 -25"><span class='ocrx_word' id='word_1_17' title='bbox 278 768 579 836; x_wconf 77' lang='grc' dir='ltr'><strong>Ἀφέωνταί</strong></span> <span class='ocrx_word' id='word_1_18' title='bbox 608 786 691 830; x_wconf 44' lang='grc' dir='ltr'>,σοι</span> <span class='ocrx_word' id='word_1_19' title='bbox 723 771 778 823; x_wconf 81' lang='grc' dir='ltr'>αἱ</span> <span class='ocrx_word' id='word_1_20' title='bbox 807 771 1069 840; x_wconf 79' lang='grc' dir='ltr'>ἁμαρτίαι</span> <span class='ocrx_word' id='word_1_21' title='bbox 1107 789 1197 823; x_wconf 91' lang='grc' dir='ltr'><strong>σου</strong></span> <span class='ocrx_word' id='word_1_22' title='bbox 1219 787 1233 800; x_wconf 87' lang='grc'><strong>·</strong></span> <span class='ocrx_word' id='word_1_23' title='bbox 1278 772 1310 842; x_wconf 82' lang='grc' dir='ltr'>ἢ</span> <span class='ocrx_word' id='word_1_24' title='bbox 1349 773 1520 824; x_wconf 85' lang='grc' dir='ltr'>εἰπεῖν</span> <span class='ocrx_word' id='word_1_25' title='bbox 1541 791 1554 804; x_wconf 87' lang='grc'><strong>·</strong></span> <span class='ocrx_word' id='word_1_26' title='bbox 1588 776 1840 845; x_wconf 73' lang='grc' dir='ltr'>Ἐγειραι</span> 
     </span>
    </p>
   </div>
   <div class='ocr_carea' id='block_1_5' title="bbox 266 857 1839 935">
    <p class='ocr_par' dir='ltr' id='par_1_5' title="bbox 266 857 1839 935">
     <span class='ocr_line' id='line_1_5' title="bbox 266 857 1839 935; baseline 0.006 -27"><span class='ocrx_word' id='word_1_27' title='bbox 266 857 362 909; x_wconf 87' lang='grc' dir='ltr'><strong>καὶ</strong></span> <span class='ocrx_word' id='word_1_28' title='bbox 395 858 720 926; x_wconf 86' lang='grc' dir='ltr'>περιπάτει;</span> <span class='ocrx_word' id='word_1_29' title='bbox 753 859 871 912; x_wconf 87' lang='grc' dir='ltr'>Ἵνα</span> <span class='ocrx_word' id='word_1_30' title='bbox 895 859 950 912; x_wconf 87' lang='grc' dir='ltr'>δὲ</span> <span class='ocrx_word' id='word_1_31' title='bbox 980 861 1156 929; x_wconf 80' lang='grc' dir='ltr'>εἰδῆτε</span> <span class='ocrx_word' id='word_1_32' title='bbox 1186 861 1268 914; x_wconf 84' lang='grc' dir='ltr'><strong>ὅτι</strong></span> <span class='ocrx_word' id='word_1_33' title='bbox 1292 862 1320 911; x_wconf 83' lang='grc' dir='ltr'><strong>ὁ</strong></span> <span class='ocrx_word' id='word_1_34' title='bbox 1351 861 1477 925; x_wconf 78' lang='grc' dir='ltr'>Υἱὸς</span> <span class='ocrx_word' id='word_1_35' title='bbox 1505 862 1598 915; x_wconf 85' lang='grc' dir='ltr'><strong>τοῦ</strong></span> <span class='ocrx_word' id='word_1_36' title='bbox 1630 865 1839 935; x_wconf 80' lang='grc' dir='ltr'>ἀνθρώ-</span> 
     </span>
    </p>
   </div>
   <div class='ocr_carea' id='block_1_6' title="bbox 264 949 1840 1026">
    <p class='ocr_par' dir='ltr' id='par_1_6' title="bbox 264 949 1840 1026">
     <span class='ocr_line' id='line_1_6' title="bbox 264 949 1840 1026; baseline 0.005 -25"><span class='ocrx_word' id='word_1_37' title='bbox 264 964 370 1002; x_wconf 87' lang='grc' dir='ltr'><strong>που</strong></span> <span class='ocrx_word' id='word_1_38' title='bbox 419 949 666 1015; x_wconf 74' lang='grc' dir='ltr'><strong>ἐξουσίαν</strong></span> <span class='ocrx_word' id='word_1_39' title='bbox 711 951 823 1020; x_wconf 78' lang='grc' dir='ltr'>ἔχει</span> <span class='ocrx_word' id='word_1_40' title='bbox 865 952 958 1003; x_wconf 77' lang='grc' dir='ltr'>ἐπὶ</span> <span class='ocrx_word' id='word_1_41' title='bbox 1005 953 1104 1020; x_wconf 84' lang='grc' dir='ltr'>τῆς</span> <span class='ocrx_word' id='word_1_42' title='bbox 1153 952 1257 1022; x_wconf 81' lang='grc' dir='ltr'><strong>γῆς</strong></span> <span class='ocrx_word' id='word_1_43' title='bbox 1307 953 1522 1021; x_wconf 83' lang='grc' dir='ltr'>ἀφιέναι</span> <span class='ocrx_word' id='word_1_44' title='bbox 1569 957 1840 1026; x_wconf 77' lang='grc' dir='ltr'>ἁμαρτίας</span> 
     </span>
    </p>
   </div>
   <div class='ocr_carea' id='block_1_7' title="bbox 266 1031 1841 1115">
    <p class='ocr_par' dir='ltr' id='par_1_7' title="bbox 266 1031 1841 1115">
     <span class='ocr_line' id='line_1_7' title="bbox 266 1031 1841 1115; baseline 0.007 -27"><span class='ocrx_word' id='word_1_45' title='bbox 266 1031 412 1104; x_wconf 81' lang='grc' dir='ltr'>(εἶπε</span> <span class='ocrx_word' id='word_1_46' title='bbox 439 1037 516 1108; x_wconf 86' lang='grc' dir='ltr'>τῷ</span> <span class='ocrx_word' id='word_1_47' title='bbox 547 1038 929 1111; x_wconf 72' lang='grc' dir='ltr'>παραλυτικῷ)</span> <span class='ocrx_word' id='word_1_48' title='bbox 948 1055 960 1067; x_wconf 83' lang='lat'><strong><em>°</em></strong></span> <span class='ocrx_word' id='word_1_49' title='bbox 990 1040 1080 1092; x_wconf 83' lang='grc' dir='ltr'>Σοὶ</span> <span class='ocrx_word' id='word_1_50' title='bbox 1117 1039 1289 1108; x_wconf 77' lang='grc' dir='ltr'>λέγω,</span> <span class='ocrx_word' id='word_1_51' title='bbox 1317 1041 1546 1112; x_wconf 75' lang='grc' dir='ltr'>ἔγειραι,</span> <span class='ocrx_word' id='word_1_52' title='bbox 1579 1044 1673 1096; x_wconf 90' lang='grc' dir='ltr'><strong>καὶ</strong></span> <span class='ocrx_word' id='word_1_53' title='bbox 1703 1045 1841 1115; x_wconf 79' lang='grc' dir='ltr'>ἄρας</span> 
     </span>
    </p>
   </div>
   <div class='ocr_carea' id='block_1_8' title="bbox 263 1127 1842 1204">
    <p class='ocr_par' dir='ltr' id='par_1_8' title="bbox 263 1127 1842 1204">
     <span class='ocr_line' id='line_1_8' title="bbox 263 1127 1842 1204; baseline 0.005 -22"><span class='ocrx_word' id='word_1_54' title='bbox 263 1130 328 1182; x_wconf 75' lang='grc' dir='ltr'><strong>τὸ</strong></span> <span class='ocrx_word' id='word_1_55' title='bbox 361 1127 634 1200; x_wconf 71' lang='grc' dir='ltr'>κλινάριόν</span> <span class='ocrx_word' id='word_1_56' title='bbox 673 1149 790 1196; x_wconf 88' lang='grc' dir='ltr'>σου,</span> <span class='ocrx_word' id='word_1_57' title='bbox 828 1132 1059 1204; x_wconf 81' lang='grc' dir='ltr'>πορεύου</span> <span class='ocrx_word' id='word_1_58' title='bbox 1105 1135 1186 1198; x_wconf 88' lang='grc' dir='ltr'><strong>εἰς</strong></span> <span class='ocrx_word' id='word_1_59' title='bbox 1237 1135 1327 1187; x_wconf 86' lang='grc' dir='ltr'>τὸν</span> <span class='ocrx_word' id='word_1_60' title='bbox 1375 1131 1523 1188; x_wconf 74' lang='grc' dir='ltr'>οἶκόν</span> <span class='ocrx_word' id='word_1_61' title='bbox 1566 1153 1680 1193; x_wconf 89' lang='grc' dir='ltr'>σου.</span> <span class='ocrx_word' id='word_1_62' title='bbox 1718 1155 1735 1188; x_wconf 76' lang='grc' dir='ltr'><strong>ι</strong></span> <span class='ocrx_word' id='word_1_63' title='bbox 1781 1139 1842 1190; x_wconf 80' lang='grc' dir='ltr'><strong>Εἰ</strong></span> 
     </span>
    </p>
   </div>
   <div class='ocr_carea' id='block_1_9' title="bbox 269 1221 1841 1298">
    <p class='ocr_par' dir='ltr' id='par_1_9' title="bbox 269 1221 1841 1298">
     <span class='ocr_line' id='line_1_9' title="bbox 269 1221 1841 1298; baseline 0.004 -26"><span class='ocrx_word' id='word_1_64' title='bbox 269 1221 430 1289; x_wconf 82' lang='grc' dir='ltr'>μόνος</span> <span class='ocrx_word' id='word_1_65' title='bbox 455 1223 604 1292; x_wconf 75' lang='grc' dir='ltr'>ἡμᾶς</span> <span class='ocrx_word' id='word_1_66' title='bbox 631 1223 962 1277; x_wconf 75' lang='grc' dir='ltr'><strong>ἀπαλλάττει</strong></span> <span class='ocrx_word' id='word_1_67' title='bbox 993 1226 1021 1277; x_wconf 98' lang='lat'><strong>6</strong></span> <span class='ocrx_word' id='word_1_68' title='bbox 1057 1224 1164 1278; x_wconf 87' lang='grc' dir='ltr'><strong>τῶν</strong></span> <span class='ocrx_word' id='word_1_69' title='bbox 1201 1225 1337 1278; x_wconf 84' lang='grc' dir='ltr'>ὅλων</span> <span class='ocrx_word' id='word_1_70' title='bbox 1362 1226 1495 1290; x_wconf 72' lang='grc' dir='ltr'>Θεὸς</span> <span class='ocrx_word' id='word_1_71' title='bbox 1519 1227 1841 1298; x_wconf 77' lang='grc' dir='ltr'>πλημμελη-</span> 
     </span>
    </p>
   </div>
   <div class='ocr_carea' id='block_1_10' title="bbox 269 1310 1840 1386">
    <p class='ocr_par' dir='ltr' id='par_1_10' title="bbox 269 1310 1840 1386">
     <span class='ocr_line' id='line_1_10' title="bbox 269 1310 1840 1386; baseline 0.004 -22"><span class='ocrx_word' id='word_1_72' title='bbox 269 1310 483 1379; x_wconf 83' lang='grc' dir='ltr'><strong>μάτων,</strong></span> <span class='ocrx_word' id='word_1_73' title='bbox 517 1311 688 1382; x_wconf 81' lang='grc' dir='ltr'><strong>ἑτέρῳ</strong></span> <span class='ocrx_word' id='word_1_74' title='bbox 722 1312 1020 1383; x_wconf 80' lang='grc' dir='ltr'>πρέποντος</span> <span class='ocrx_word' id='word_1_75' title='bbox 1067 1312 1257 1366; x_wconf 86' lang='grc' dir='ltr'>τούτου</span> <span class='ocrx_word' id='word_1_76' title='bbox 1303 1314 1527 1384; x_wconf 87' lang='grc' dir='ltr'>μηδενί·</span> <span class='ocrx_word' id='word_1_77' title='bbox 1561 1316 1840 1386; x_wconf 76' lang='grc' dir='ltr'>χαρίζεται</span> 
     </span>
    </p>
   </div>
   <div class='ocr_carea' id='block_1_11' title="bbox 265 1401 1841 1477">
    <p class='ocr_par' dir='ltr' id='par_1_11' title="bbox 265 1401 1841 1477">
     <span class='ocr_line' id='line_1_11' title="bbox 265 1401 1841 1477; baseline 0.002 -23"><span class='ocrx_word' id='word_1_78' title='bbox 265 1401 333 1455; x_wconf 84' lang='grc' dir='ltr'>δὲ</span> <span class='ocrx_word' id='word_1_79' title='bbox 361 1403 457 1455; x_wconf 86' lang='grc' dir='ltr'><strong>καὶ</strong></span> <span class='ocrx_word' id='word_1_80' title='bbox 482 1403 640 1456; x_wconf 79' lang='grc' dir='ltr'>τοῦτο</span> <span class='ocrx_word' id='word_1_81' title='bbox 659 1403 893 1474; x_wconf 79' lang='grc' dir='ltr'>Χριστὸς</span> <span class='ocrx_word' id='word_1_82' title='bbox 923 1406 1038 1472; x_wconf 83' lang='grc' dir='ltr'>μετ’</span> <span class='ocrx_word' id='word_1_83' title='bbox 1060 1405 1307 1470; x_wconf 77' lang='grc' dir='ltr'>ἐξουσίας</span> <span class='ocrx_word' id='word_1_84' title='bbox 1338 1406 1698 1477; x_wconf 87' lang='grc' dir='ltr'>θεοπρεποῦς·</span> <span class='ocrx_word' id='word_1_85' title='bbox 1726 1409 1841 1473; x_wconf 78' lang='grc' dir='ltr'><strong>πῶς</strong></span> 
     </span>
    </p>
   </div>
   <div class='ocr_carea' id='block_1_12' title="bbox 264 1493 1840 1569">
    <p class='ocr_par' dir='ltr' id='par_1_12' title="bbox 264 1493 1840 1569">
     <span class='ocr_line' id='line_1_12' title="bbox 264 1493 1840 1569; baseline 0.004 -23"><span class='ocrx_word' id='word_1_86' title='bbox 264 1493 367 1546; x_wconf 83' lang='grc' dir='ltr'>οὐκ</span> <span class='ocrx_word' id='word_1_87' title='bbox 411 1493 478 1547; x_wconf 83' lang='grc' dir='ltr'>ἂν</span> <span class='ocrx_word' id='word_1_88' title='bbox 527 1495 612 1565; x_wconf 76' lang='grc' dir='ltr'>εἴη</span> <span class='ocrx_word' id='word_1_89' title='bbox 658 1494 820 1560; x_wconf 83' lang='grc' dir='ltr'>Θεός;</span> <span class='ocrx_word' id='word_1_90' title='bbox 871 1495 1148 1565; x_wconf 83' lang='grc' dir='ltr'>Κέκληται</span> <span class='ocrx_word' id='word_1_91' title='bbox 1196 1497 1304 1567; x_wconf 68' lang='grc' dir='ltr'>γάρ</span> <span class='ocrx_word' id='word_1_92' title='bbox 1348 1497 1476 1560; x_wconf 81' lang='grc' dir='ltr'>Υἰὸς</span> <span class='ocrx_word' id='word_1_93' title='bbox 1529 1498 1840 1569; x_wconf 82' lang='grc' dir='ltr'>ἀνθρώπου,</span> 
     </span>
    </p>
   </div>
   <div class='ocr_carea' id='block_1_13' title="bbox 265 1583 1842 1654">
    <p class='ocr_par' dir='ltr' id='par_1_13' title="bbox 265 1583 1842 1654">
     <span class='ocr_line' id='line_1_13' title="bbox 265 1583 1842 1654; baseline 0.001 -17"><span class='ocrx_word' id='word_1_94' title='bbox 265 1583 549 1654; x_wconf 79' lang='grc' dir='ltr'>γεννηθεὶς</span> <span class='ocrx_word' id='word_1_95' title='bbox 585 1585 649 1637; x_wconf 76' lang='grc' dir='ltr'>ἐκ</span> <span class='ocrx_word' id='word_1_96' title='bbox 674 1583 930 1653; x_wconf 79' lang='grc' dir='ltr'>γυναικὸς</span> <span class='ocrx_word' id='word_1_97' title='bbox 956 1583 1098 1637; x_wconf 89' lang='grc' dir='ltr'><strong>κατά</strong></span> <span class='ocrx_word' id='word_1_98' title='bbox 1128 1585 1327 1654; x_wconf 88' lang='grc' dir='ltr'>σάρκα,</span> <span class='ocrx_word' id='word_1_99' title='bbox 1351 1585 1526 1639; x_wconf 84' lang='grc' dir='ltr'>καίτοι</span> <span class='ocrx_word' id='word_1_100' title='bbox 1557 1586 1688 1650; x_wconf 78' lang='grc' dir='ltr'>Θεὸς</span> <span class='ocrx_word' id='word_1_101' title='bbox 1714 1587 1788 1638; x_wconf 81' lang='grc' dir='ltr'><strong>ῶν</strong></span> <span class='ocrx_word' id='word_1_102' title='bbox 1815 1589 1842 1640; x_wconf 89' lang='lat'><strong>6</strong></span> 
     </span>
    </p>
   </div>
   <div class='ocr_carea' id='block_1_14' title="bbox 266 1675 458 1744">
    <p class='ocr_par' dir='ltr' id='par_1_14' title="bbox 266 1675 458 1744">
     <span class='ocr_line' id='line_1_14' title="bbox 266 1675 458 1744; baseline 0.01 -17"><span class='ocrx_word' id='word_1_103' title='bbox 266 1675 458 1744; x_wconf 76' lang='grc' dir='ltr'>Λόγος.</span> 
     </span>
    </p>
   </div>
   <div class='ocr_carea' id='block_1_15' title="bbox 344 1764 1842 1838">
    <p class='ocr_par' dir='ltr' id='par_1_15' title="bbox 344 1764 1842 1838">
     <span class='ocr_line' id='line_1_15' title="bbox 344 1764 1842 1838; baseline 0.002 -21"><span class='ocrx_word' id='word_1_104' title='bbox 344 1783 362 1816; x_wconf 83' lang='grc' dir='ltr'><strong>ι</strong></span> <span class='ocrx_word' id='word_1_105' title='bbox 397 1764 486 1818; x_wconf 83' lang='grc' dir='ltr'>Ἐν</span> <span class='ocrx_word' id='word_1_106' title='bbox 535 1765 718 1838; x_wconf 71' lang='grc' dir='ltr'>ἐκείνῃ</span> <span class='ocrx_word' id='word_1_107' title='bbox 757 1769 822 1837; x_wconf 82' lang='grc' dir='ltr'>τῇ</span> <span class='ocrx_word' id='word_1_108' title='bbox 870 1766 990 1838; x_wconf 78' lang='grc' dir='ltr'>ὥρᾳ</span> <span class='ocrx_word' id='word_1_109' title='bbox 1031 1767 1374 1837; x_wconf 78' lang='grc' dir='ltr'><strong>ἐθεράπευσε</strong></span> <span class='ocrx_word' id='word_1_110' title='bbox 1462 1769 1688 1832; x_wconf 77' lang='grc' dir='ltr'>πολλοὺς</span> <span class='ocrx_word' id='word_1_111' title='bbox 1733 1769 1842 1822; x_wconf 73' lang='grc' dir='ltr'><strong>ἀπὸ</strong></span> 
     </span>
    </p>
   </div>
   <div class='ocr_carea' id='block_1_16' title="bbox 1368 385 2398 450">
    <p class='ocr_par' dir='ltr' id='par_1_16' title="bbox 1368 385 2398 450">
     <span class='ocr_line' id='line_1_16' title="bbox 1368 385 2398 450; baseline 0.004 -10"><span class='ocrx_word' id='word_1_112' title='bbox 1368 385 1454 442; x_wconf 82' lang='lat' dir='ltr'><strong>DE</strong></span> <span class='ocrx_word' id='word_1_113' title='bbox 1496 387 1715 445; x_wconf 74' lang='lat' dir='ltr'><strong>RECTA</strong></span> <span class='ocrx_word' id='word_1_114' title='bbox 1757 392 1914 448; x_wconf 79' lang='lat' dir='ltr'><strong>FIDE</strong></span> <span class='ocrx_word' id='word_1_115' title='bbox 1952 395 2041 450; x_wconf 82' lang='lat' dir='ltr'><strong>AD</strong></span> <span class='ocrx_word' id='word_1_116' title='bbox 2084 390 2398 448; x_wconf 67' lang='lat' dir='ltr'><strong>RECINAS.</strong></span> 
     </span>
    </p>
   </div>
   <div class='ocr_carea' id='block_1_17' title="bbox 342 491 1910 578">
    <p class='ocr_par' dir='ltr' id='par_1_17' title="bbox 342 491 1910 578">
     <span class='ocr_line' id='line_1_17' title="bbox 342 491 1910 578; baseline 0.008 -34"><span class='ocrx_word' id='word_1_117' title='bbox 342 514 361 544; x_wconf 76' lang='grc' dir='ltr'><strong>ι</strong></span> <span class='ocrx_word' id='word_1_118' title='bbox 385 491 668 560; x_wconf 60' lang='grc' dir='ltr'>Ἐπιγνοῦς</span> <span class='ocrx_word' id='word_1_119' title='bbox 695 491 751 546; x_wconf 84' lang='grc' dir='ltr'>δὲ</span> <span class='ocrx_word' id='word_1_120' title='bbox 785 494 814 546; x_wconf 83' lang='lat'><strong>6</strong></span> <span class='ocrx_word' id='word_1_121' title='bbox 852 495 1055 564; x_wconf 73' lang='grc' dir='ltr'>Ἰησοῦς</span> <span class='ocrx_word' id='word_1_122' title='bbox 1091 498 1213 560; x_wconf 73' lang='grc' dir='ltr'>τοὺς</span> <span class='ocrx_word' id='word_1_123' title='bbox 1233 497 1615 569; x_wconf 78' lang='grc' dir='ltr'>διαλογισμοὺς</span> <span class='ocrx_word' id='word_1_124' title='bbox 1637 503 1835 568; x_wconf 76' lang='grc' dir='ltr'>αὐτῶν,</span> <span class='ocrx_word' id='word_1_125' title='bbox 1867 524 1910 578; x_wconf 64' lang='grc' dir='ltr'>Α</span> 
     </span>
    </p>
   </div>
   <div class='ocr_carea' id='block_1_18' title="bbox 3371 394 3504 449">
    <p class='ocr_par' dir='ltr' id='par_1_18' title="bbox 3371 394 3504 449">
     <span class='ocr_line' id='line_1_18' title="bbox 3371 394 3504 449; baseline 0.023 -3"><span class='ocrx_word' id='word_1_126' title='bbox 3371 394 3504 449; x_wconf 69' lang='lat'><strong>1273</strong></span> 
     </span>
    </p>
   </div>
   <div class='ocr_carea' id='block_1_19' title="bbox 2013 497 3570 574">
    <p class='ocr_par' dir='ltr' id='par_1_19' title="bbox 2013 497 3570 574">
     <span class='ocr_line' id='line_1_19' title="bbox 2013 497 3570 574; baseline -0.003 -18"><span class='ocrx_word' id='word_1_127' title='bbox 2013 525 2030 556; x_wconf 74' lang='grc' dir='ltr'><strong>ι</strong></span> <span class='ocrx_word' id='word_1_128' title='bbox 2075 501 2426 574; x_wconf 77' lang='lat' dir='ltr'><strong>Utcognovit</strong></span> <span class='ocrx_word' id='word_1_129' title='bbox 2479 509 2658 554; x_wconf 91' lang='lat' dir='ltr'><strong>autem</strong></span> <span class='ocrx_word' id='word_1_130' title='bbox 2683 497 2839 553; x_wconf 84' lang='lat' dir='ltr'><strong>Jesns</strong></span> <span class='ocrx_word' id='word_1_131' title='bbox 2889 498 3248 567; x_wconf 84' lang='lat' dir='ltr'><strong>cogitationes</strong></span> <span class='ocrx_word' id='word_1_132' title='bbox 3297 516 3506 566; x_wconf 78' lang='lat' dir='ltr'><strong>eorum,</strong></span> <span class='ocrx_word' id='word_1_133' title='bbox 3566 498 3570 502; x_wconf 81' lang='grc'><em>’</em></span> 
     </span>
    </p>
   </div>
   <div class='ocr_carea' id='block_1_20' title="bbox 1941 589 3512 666">
    <p class='ocr_par' dir='ltr' id='par_1_20' title="bbox 1941 589 3512 666">
     <span class='ocr_line' id='line_1_20' title="bbox 1941 589 3512 666; baseline -0.003 -16"><span class='ocrx_word' id='word_1_134' title='bbox 1941 595 2272 666; x_wconf 88' lang='lat' dir='ltr'><strong>respondens</strong></span> <span class='ocrx_word' id='word_1_135' title='bbox 2295 592 2431 646; x_wconf 78' lang='lat' dir='ltr'><strong>dixit</strong></span> <span class='ocrx_word' id='word_1_136' title='bbox 2463 591 2528 644; x_wconf 89' lang='lat' dir='ltr'><strong>ad</strong></span> <span class='ocrx_word' id='word_1_137' title='bbox 2563 590 2713 644; x_wconf 87' lang='lat' dir='ltr'><strong>illus:</strong></span> <span class='ocrx_word' id='word_1_138' title='bbox 2740 589 2877 653; x_wconf 86' lang='lat' dir='ltr'><strong>Quid</strong></span> <span class='ocrx_word' id='word_1_139' title='bbox 2898 589 3149 655; x_wconf 82' lang='lat' dir='ltr'><strong>cOgitatis</strong></span> <span class='ocrx_word' id='word_1_140' title='bbox 3176 591 3228 644; x_wconf 89' lang='lat' dir='ltr'><strong>in</strong></span> <span class='ocrx_word' id='word_1_141' title='bbox 3257 592 3512 646; x_wconf 84' lang='lat' dir='ltr'><strong>cordibus</strong></span> 
     </span>
    </p>
   </div>
   <div class='ocr_carea' id='block_1_21' title="bbox 1939 680 3498 751">
    <p class='ocr_par' dir='ltr' id='par_1_21' title="bbox 1939 680 3498 751">
     <span class='ocr_line' id='line_1_21' title="bbox 1939 680 3498 751; baseline -0.003 -12"><span class='ocrx_word' id='word_1_142' title='bbox 1939 685 2332 751; x_wconf 67' lang='lat' dir='ltr'><strong>vestrisiQnid</strong></span> <span class='ocrx_word' id='word_1_143' title='bbox 2368 692 2450 738; x_wconf 89' lang='lat' dir='ltr'><strong>est</strong></span> <span class='ocrx_word' id='word_1_144' title='bbox 2481 681 2689 736; x_wconf 77' lang='lat' dir='ltr'><strong>facilius</strong></span> <span class='ocrx_word' id='word_1_145' title='bbox 2734 681 2913 734; x_wconf 81' lang='lat' dir='ltr'><strong>dicere</strong></span> <span class='ocrx_word' id='word_1_146' title='bbox 2949 699 2962 734; x_wconf 90' lang='lat'>:</span> <span class='ocrx_word' id='word_1_147' title='bbox 2993 680 3106 750; x_wconf 79' lang='lat'><strong>89</strong></span> <span class='ocrx_word' id='word_1_148' title='bbox 3143 680 3498 735; x_wconf 67' lang='lat' dir='ltr'><strong>Dimittuntur</strong></span> 
     </span>
    </p>
   </div>
   <div class='ocr_carea' id='block_1_22' title="bbox 1941 771 3512 846">
    <p class='ocr_par' dir='ltr' id='par_1_22' title="bbox 1941 771 3512 846">
     <span class='ocr_line' id='line_1_22' title="bbox 1941 771 3512 846; baseline -0.004 -14"><span class='ocrx_word' id='word_1_149' title='bbox 1941 778 2032 832; x_wconf 83' lang='lat' dir='ltr'><strong>libi</strong></span> <span class='ocrx_word' id='word_1_150' title='bbox 2075 784 2294 846; x_wconf 88' lang='lat' dir='ltr'><strong>peccata</strong></span> <span class='ocrx_word' id='word_1_151' title='bbox 2327 785 2453 839; x_wconf 89' lang='lat' dir='ltr'><strong>tua;</strong></span> <span class='ocrx_word' id='word_1_152' title='bbox 2493 790 2559 826; x_wconf 91' lang='lat' dir='ltr'><strong>an</strong></span> <span class='ocrx_word' id='word_1_153' title='bbox 2585 773 2804 826; x_wconf 82' lang='lat' dir='ltr'><strong>dicere:</strong></span> <span class='ocrx_word' id='word_1_154' title='bbox 2841 771 3014 839; x_wconf 82' lang='lat' dir='ltr'><strong>Surge</strong></span> <span class='ocrx_word' id='word_1_155' title='bbox 3057 782 3110 824; x_wconf 91' lang='lat' dir='ltr'><strong>et</strong></span> <span class='ocrx_word' id='word_1_156' title='bbox 3139 771 3402 825; x_wconf 73' lang='lat' dir='ltr'><strong>ambula?</strong></span> <span class='ocrx_word' id='word_1_157' title='bbox 3445 771 3512 826; x_wconf 87' lang='lat' dir='ltr'><strong>Ut</strong></span> 
     </span>
    </p>
   </div>
   <div class='ocr_carea' id='block_1_23' title="bbox 1938 864 3511 935">
    <p class='ocr_par' dir='ltr' id='par_1_23' title="bbox 1938 864 3511 935">
     <span class='ocr_line' id='line_1_23' title="bbox 1938 864 3511 935; baseline -0.004 -11"><span class='ocrx_word' id='word_1_158' title='bbox 1938 879 2115 924; x_wconf 90' lang='lat' dir='ltr'><strong>autem</strong></span> <span class='ocrx_word' id='word_1_159' title='bbox 2139 867 2344 928; x_wconf 78' lang='lat' dir='ltr'><strong>sciatis,</strong></span> <span class='ocrx_word' id='word_1_160' title='bbox 2379 865 2502 935; x_wconf 87' lang='lat' dir='ltr'><strong>quia</strong></span> <span class='ocrx_word' id='word_1_161' title='bbox 2536 864 2705 919; x_wconf 87' lang='lat' dir='ltr'><strong>Filius</strong></span> <span class='ocrx_word' id='word_1_162' title='bbox 2737 864 2969 920; x_wconf 85' lang='lat' dir='ltr'><strong>hominis</strong></span> <span class='ocrx_word' id='word_1_163' title='bbox 3001 872 3319 934; x_wconf 87' lang='lat' dir='ltr'><strong>potestatem</strong></span> <span class='ocrx_word' id='word_1_164' title='bbox 3352 864 3511 917; x_wconf 84' lang='lat' dir='ltr'><strong>habet</strong></span> 
     </span>
    </p>
   </div>
   <div class='ocr_carea' id='block_1_24' title="bbox 1941 952 3509 1026">
    <p class='ocr_par' dir='ltr' id='par_1_24' title="bbox 1941 952 3509 1026">
     <span class='ocr_line' id='line_1_24' title="bbox 1941 952 3509 1026; baseline -0.004 -13"><span class='ocrx_word' id='word_1_165' title='bbox 1941 961 1993 1014; x_wconf 91' lang='lat' dir='ltr'><strong>in</strong></span> <span class='ocrx_word' id='word_1_166' title='bbox 2029 969 2169 1012; x_wconf 91' lang='lat' dir='ltr'><strong>terra</strong></span> <span class='ocrx_word' id='word_1_167' title='bbox 2210 955 2512 1010; x_wconf 81' lang='lat' dir='ltr'><strong>dimittendi</strong></span> <span class='ocrx_word' id='word_1_168' title='bbox 2555 965 2794 1023; x_wconf 89' lang='lat' dir='ltr'><strong>peccata,</strong></span> <span class='ocrx_word' id='word_1_169' title='bbox 2823 955 2933 1026; x_wconf 86' lang='lat' dir='ltr'><strong>(ait</strong></span> <span class='ocrx_word' id='word_1_170' title='bbox 2984 953 3310 1024; x_wconf 84' lang='lat' dir='ltr'><strong>paralytico)</strong></span> <span class='ocrx_word' id='word_1_171' title='bbox 3347 952 3509 1006; x_wconf 83' lang='lat' dir='ltr'><strong>:Tihi</strong></span> 
     </span>
    </p>
   </div>
   <div class='ocr_carea' id='block_1_25' title="bbox 1941 1026 3508 1116">
    <p class='ocr_par' dir='ltr' id='par_1_25' title="bbox 1941 1026 3508 1116">
     <span class='ocr_line' id='line_1_25' title="bbox 1941 1026 3508 1116; baseline -0.008 -12"><span class='ocrx_word' id='word_1_172' title='bbox 1941 1026 2095 1109; x_wconf 43' lang='lat' dir='ltr'><strong>dico;</strong></span> <span class='ocrx_word' id='word_1_173' title='bbox 2113 1062 2293 1116; x_wconf 85' lang='lat' dir='ltr'><strong>surge,</strong></span> <span class='ocrx_word' id='word_1_174' title='bbox 2317 1047 2442 1100; x_wconf 86' lang='lat' dir='ltr'><strong>tolle</strong></span> <span class='ocrx_word' id='word_1_175' title='bbox 2497 1046 2693 1100; x_wconf 90' lang='lat' dir='ltr'><strong>lectum</strong></span> <span class='ocrx_word' id='word_1_176' title='bbox 2725 1055 2893 1110; x_wconf 89' lang='lat' dir='ltr'><strong>tuntn,</strong></span> <span class='ocrx_word' id='word_1_177' title='bbox 2923 1053 2977 1098; x_wconf 92' lang='lat' dir='ltr'><strong>et</strong></span> <span class='ocrx_word' id='word_1_178' title='bbox 3028 1045 3160 1096; x_wconf 81' lang='lat' dir='ltr'><strong>vade</strong></span> <span class='ocrx_word' id='word_1_179' title='bbox 3189 1044 3239 1095; x_wconf 92' lang='lat' dir='ltr'><strong>in</strong></span> <span class='ocrx_word' id='word_1_180' title='bbox 3295 1044 3508 1096; x_wconf 84' lang='lat' dir='ltr'><strong>detnum</strong></span> 
     </span>
    </p>
   </div>
   <div class='ocr_carea' id='block_1_26' title="bbox 1944 1132 3512 1195">
    <p class='ocr_par' dir='ltr' id='par_1_26' title="bbox 1944 1132 3512 1195">
     <span class='ocr_line' id='line_1_26' title="bbox 1944 1132 3512 1195; baseline -0.006 -1"><span class='ocrx_word' id='word_1_181' title='bbox 1944 1151 2089 1195; x_wconf 81' lang='lat' dir='ltr'><strong>tuam</strong></span> <span class='ocrx_word' id='word_1_182' title='bbox 2122 1140 2187 1193; x_wconf 80' lang='grc'><strong>³³.</strong></span> <span class='ocrx_word' id='word_1_183' title='bbox 2223 1158 2241 1191; x_wconf 87' lang='grc'>›</span> <span class='ocrx_word' id='word_1_184' title='bbox 2269 1137 2324 1193; x_wconf 87' lang='lat' dir='ltr'><strong>Si</strong></span> <span class='ocrx_word' id='word_1_185' title='bbox 2354 1137 2500 1192; x_wconf 90' lang='lat' dir='ltr'><strong>solus</strong></span> <span class='ocrx_word' id='word_1_186' title='bbox 2537 1137 2910 1189; x_wconf 76' lang='lat' dir='ltr'><strong>universorum</strong></span> <span class='ocrx_word' id='word_1_187' title='bbox 2953 1133 3213 1188; x_wconf 89' lang='lat' dir='ltr'><strong>Dominus</strong></span> <span class='ocrx_word' id='word_1_188' title='bbox 3243 1147 3270 1185; x_wconf 87' lang='lat' dir='ltr'><strong>a</strong></span> <span class='ocrx_word' id='word_1_189' title='bbox 3305 1132 3512 1186; x_wconf 86' lang='lat' dir='ltr'><strong>delictis</strong></span> 
     </span>
    </p>
   </div>
   <div class='ocr_carea' id='block_1_27' title="bbox 1942 1225 3514 1301">
    <p class='ocr_par' dir='ltr' id='par_1_27' title="bbox 1942 1225 3514 1301">
     <span class='ocr_line' id='line_1_27' title="bbox 1942 1225 3514 1301; baseline -0.005 -16"><span class='ocrx_word' id='word_1_190' title='bbox 1942 1248 2038 1286; x_wconf 92' lang='lat' dir='ltr'><strong>nos</strong></span> <span class='ocrx_word' id='word_1_191' title='bbox 2064 1231 2266 1301; x_wconf 81' lang='lat' dir='ltr'><strong>expiat,</strong></span> <span class='ocrx_word' id='word_1_192' title='bbox 2296 1245 2394 1283; x_wconf 89' lang='lat' dir='ltr'><strong>nec</strong></span> <span class='ocrx_word' id='word_1_193' title='bbox 2441 1228 2492 1282; x_wconf 93' lang='lat' dir='ltr'><strong>in</strong></span> <span class='ocrx_word' id='word_1_194' title='bbox 2539 1227 2702 1280; x_wconf 90' lang='lat' dir='ltr'><strong>ullum</strong></span> <span class='ocrx_word' id='word_1_195' title='bbox 2753 1227 2916 1280; x_wconf 91' lang='lat' dir='ltr'><strong>alium</strong></span> <span class='ocrx_word' id='word_1_196' title='bbox 2972 1226 3109 1278; x_wconf 91' lang='lat' dir='ltr'><strong>istud</strong></span> <span class='ocrx_word' id='word_1_197' title='bbox 3152 1225 3427 1286; x_wconf 84' lang='lat' dir='ltr'><strong>convenit,</strong></span> <span class='ocrx_word' id='word_1_198' title='bbox 3459 1233 3514 1277; x_wconf 88' lang='lat' dir='ltr'><strong>et</strong></span> 
     </span>
    </p>
   </div>
   <div class='ocr_carea' id='block_1_28' title="bbox 1940 1317 3510 1382">
    <p class='ocr_par' dir='ltr' id='par_1_28' title="bbox 1940 1317 3510 1382">
     <span class='ocr_line' id='line_1_28' title="bbox 1940 1317 3510 1382; baseline -0.008 -4"><span class='ocrx_word' id='word_1_199' title='bbox 1940 1323 2188 1378; x_wconf 85' lang='lat' dir='ltr'><strong>Christus</strong></span> <span class='ocrx_word' id='word_1_200' title='bbox 2243 1335 2362 1374; x_wconf 92' lang='lat' dir='ltr'><strong>cum</strong></span> <span class='ocrx_word' id='word_1_201' title='bbox 2421 1319 2602 1372; x_wconf 82' lang='lat' dir='ltr'><strong>divina</strong></span> <span class='ocrx_word' id='word_1_202' title='bbox 2657 1317 2983 1371; x_wconf 73' lang='lat' dir='ltr'><strong>auctoritate</strong></span> <span class='ocrx_word' id='word_1_203' title='bbox 3030 1317 3130 1370; x_wconf 90' lang='lat' dir='ltr'><strong>hoc</strong></span> <span class='ocrx_word' id='word_1_204' title='bbox 3164 1317 3336 1382; x_wconf 87' lang='lat' dir='ltr'><strong>ipsum</strong></span> <span class='ocrx_word' id='word_1_205' title='bbox 3372 1329 3510 1382; x_wconf 56' lang='lat' dir='ltr'><strong>prae.</strong></span> 
     </span>
    </p>
   </div>
   <div class='ocr_carea' id='block_1_29' title="bbox 1942 1402 3512 1480">
    <p class='ocr_par' dir='ltr' id='par_1_29' title="bbox 1942 1402 3512 1480">
     <span class='ocr_line' id='line_1_29' title="bbox 1942 1402 3512 1480; baseline -0.006 -15"><span class='ocrx_word' id='word_1_206' title='bbox 1942 1421 2045 1466; x_wconf 93' lang='lat' dir='ltr'><strong>stat</strong></span> <span class='ocrx_word' id='word_1_207' title='bbox 2093 1428 2106 1463; x_wconf 89' lang='lat'><strong>:</strong></span> <span class='ocrx_word' id='word_1_208' title='bbox 2144 1411 2233 1480; x_wconf 91' lang='lat' dir='ltr'><strong>qui</strong></span> <span class='ocrx_word' id='word_1_209' title='bbox 2261 1410 2374 1464; x_wconf 81' lang='lat' dir='ltr'><strong>ﬁeri</strong></span> <span class='ocrx_word' id='word_1_210' title='bbox 2405 1418 2599 1478; x_wconf 84' lang='lat' dir='ltr'><strong>potest,</strong></span> <span class='ocrx_word' id='word_1_211' title='bbox 2631 1418 2688 1462; x_wconf 92' lang='lat' dir='ltr'><strong>ut</strong></span> <span class='ocrx_word' id='word_1_212' title='bbox 2731 1407 2875 1461; x_wconf 87' lang='lat' dir='ltr'><strong>Deus</strong></span> <span class='ocrx_word' id='word_1_213' title='bbox 2919 1422 3022 1460; x_wconf 86' lang='lat' dir='ltr'><strong>non</strong></span> <span class='ocrx_word' id='word_1_214' title='bbox 3082 1406 3349 1459; x_wconf 78' lang='lat' dir='ltr'><strong>exsistat?</strong></span> <span class='ocrx_word' id='word_1_215' title='bbox 3377 1402 3512 1456; x_wconf 87' lang='lat' dir='ltr'><strong>Nam</strong></span> 
     </span>
    </p>
   </div>
   <div class='ocr_carea' id='block_1_30' title="bbox 1942 1496 3514 1568">
    <p class='ocr_par' dir='ltr' id='par_1_30' title="bbox 1942 1496 3514 1568">
     <span class='ocr_line' id='line_1_30' title="bbox 1942 1496 3514 1568; baseline -0.004 -14"><span class='ocrx_word' id='word_1_216' title='bbox 1942 1503 2043 1554; x_wconf 71' lang='lat' dir='ltr'><strong>etsi</strong></span> <span class='ocrx_word' id='word_1_217' title='bbox 2077 1499 2333 1562; x_wconf 80' lang='lat' dir='ltr'><strong>Verbum,</strong></span> <span class='ocrx_word' id='word_1_218' title='bbox 2369 1499 2508 1568; x_wconf 91' lang='lat' dir='ltr'><strong>quod</strong></span> <span class='ocrx_word' id='word_1_219' title='bbox 2561 1499 2854 1553; x_wconf 86' lang='lat' dir='ltr'><strong>secundum</strong></span> <span class='ocrx_word' id='word_1_220' title='bbox 2905 1513 3123 1551; x_wconf 89' lang='lat' dir='ltr'><strong>carnem</strong></span> <span class='ocrx_word' id='word_1_221' title='bbox 3171 1511 3234 1549; x_wconf 80' lang='lat' dir='ltr'><strong>ex</strong></span> <span class='ocrx_word' id='word_1_222' title='bbox 3290 1496 3514 1548; x_wconf 80' lang='lat' dir='ltr'><strong>muliere</strong></span> 
     </span>
    </p>
   </div>
   <div class='ocr_carea' id='block_1_31' title="bbox 1945 1588 3510 1659">
    <p class='ocr_par' dir='ltr' id='par_1_31' title="bbox 1945 1588 3510 1659">
     <span class='ocr_line' id='line_1_31' title="bbox 1945 1588 3510 1659; baseline -0.006 -13"><span class='ocrx_word' id='word_1_223' title='bbox 1945 1603 2129 1646; x_wconf 92' lang='lat' dir='ltr'><strong>natum</strong></span> <span class='ocrx_word' id='word_1_224' title='bbox 2182 1600 2286 1654; x_wconf 81' lang='lat' dir='ltr'><strong>est,</strong></span> <span class='ocrx_word' id='word_1_225' title='bbox 2316 1591 2435 1644; x_wconf 80' lang='lat' dir='ltr'><strong>Filii</strong></span> <span class='ocrx_word' id='word_1_226' title='bbox 2473 1591 2707 1644; x_wconf 85' lang='lat' dir='ltr'><strong>hominis</strong></span> <span class='ocrx_word' id='word_1_227' title='bbox 2753 1589 3118 1659; x_wconf 89' lang='lat' dir='ltr'><strong>appellatione</strong></span> <span class='ocrx_word' id='word_1_228' title='bbox 3177 1588 3510 1657; x_wconf 82' lang='lat' dir='ltr'><strong>designetur,</strong></span> 
     </span>
    </p>
   </div>
   <div class='ocr_carea' id='block_1_32' title="bbox 1951 1679 2784 1738">
    <p class='ocr_par' dir='ltr' id='par_1_32' title="bbox 1951 1679 2784 1738">
     <span class='ocr_line' id='line_1_32' title="bbox 1951 1679 2784 1738; baseline -0.005 -1"><span class='ocrx_word' id='word_1_229' title='bbox 1951 1682 2291 1738; x_wconf 89' lang='lat' dir='ltr'><strong>nihilominus</strong></span> <span class='ocrx_word' id='word_1_230' title='bbox 2324 1691 2500 1733; x_wconf 90' lang='lat' dir='ltr'><strong>tamen</strong></span> <span class='ocrx_word' id='word_1_231' title='bbox 2522 1679 2661 1733; x_wconf 86' lang='lat' dir='ltr'><strong>Deus</strong></span> <span class='ocrx_word' id='word_1_232' title='bbox 2683 1692 2784 1733; x_wconf 72' lang='grc' dir='ltr'>εει.</span> 
     </span>
    </p>
   </div>
   <div class='ocr_carea' id='block_1_33' title="bbox 2021 1769 3508 1843">
    <p class='ocr_par' dir='ltr' id='par_1_33' title="bbox 2021 1769 3508 1843">
     <span class='ocr_line' id='line_1_33' title="bbox 2021 1769 3508 1843; baseline -0.003 -17"><span class='ocrx_word' id='word_1_233' title='bbox 2021 1794 2038 1826; x_wconf 81' lang='grc' dir='ltr'><strong>ι</strong></span> <span class='ocrx_word' id='word_1_234' title='bbox 2068 1777 2122 1828; x_wconf 94' lang='lat' dir='ltr'><strong>ln</strong></span> <span class='ocrx_word' id='word_1_235' title='bbox 2143 1776 2254 1843; x_wconf 89' lang='lat' dir='ltr'><strong>ipsa</strong></span> <span class='ocrx_word' id='word_1_236' title='bbox 2280 1774 2411 1828; x_wconf 89' lang='lat' dir='ltr'><strong>hora</strong></span> <span class='ocrx_word' id='word_1_237' title='bbox 2437 1782 2615 1826; x_wconf 91' lang='lat' dir='ltr'><strong>autem</strong></span> <span class='ocrx_word' id='word_1_238' title='bbox 2649 1772 2844 1826; x_wconf 88' lang='lat' dir='ltr'><strong>multos</strong></span> <span class='ocrx_word' id='word_1_239' title='bbox 2865 1771 3068 1825; x_wconf 85' lang='lat' dir='ltr'><strong>curavit</strong></span> <span class='ocrx_word' id='word_1_240' title='bbox 3089 1789 3114 1823; x_wconf 92' lang='lat' dir='ltr'><strong>a</strong></span> <span class='ocrx_word' id='word_1_241' title='bbox 3141 1769 3508 1834; x_wconf 79' lang='lat' dir='ltr'><strong>languoribus,</strong></span> 
     </span>
    </p>
   </div>
   <div class='ocr_carea' id='block_1_34' title="bbox 223 1855 1850 1935">
    <p class='ocr_par' dir='ltr' id='par_1_34' title="bbox 223 1855 1846 1931">
     <span class='ocr_line' id='line_1_34' title="bbox 223 1855 1846 1931; baseline 0.004 -25"><span class='ocrx_word' id='word_1_242' title='bbox 223 1855 464 1921; x_wconf 75' lang='grc' dir='ltr'>’νόσων,</span> <span class='ocrx_word' id='word_1_243' title='bbox 495 1857 589 1910; x_wconf 86' lang='grc' dir='ltr'><strong>καὶ</strong></span> <span class='ocrx_word' id='word_1_244' title='bbox 621 1858 927 1927; x_wconf 78' lang='grc' dir='ltr'>μαστίγων,</span> <span class='ocrx_word' id='word_1_245' title='bbox 961 1859 1056 1911; x_wconf 84' lang='grc' dir='ltr'><strong>καὶ</strong></span> <span class='ocrx_word' id='word_1_246' title='bbox 1088 1859 1418 1928; x_wconf 77' lang='grc' dir='ltr'><strong>πνευμάτων</strong></span> <span class='ocrx_word' id='word_1_247' title='bbox 1447 1861 1726 1931; x_wconf 80' lang='grc' dir='ltr'>πονηρῶν·</span> <span class='ocrx_word' id='word_1_248' title='bbox 1753 1861 1846 1914; x_wconf 86' lang='grc' dir='ltr'><strong>καὶ</strong></span> 
     </span>
    </p>
   </div>
   <div class='ocr_carea' id='block_1_35' title="bbox 1952 1855 3511 1935">
    <p class='ocr_par' dir='ltr' id='par_1_35' title="bbox 1952 1861 3511 1935">
     <span class='ocr_line' id='line_1_35' title="bbox 1952 1861 3511 1935; baseline -0.008 -15"><span class='ocrx_word' id='word_1_249' title='bbox 1952 1877 1999 1920; x_wconf 82' lang='lat' dir='ltr'><strong>et</strong></span> <span class='ocrx_word' id='word_1_250' title='bbox 2026 1867 2216 1935; x_wconf 80' lang='lat' dir='ltr'><strong>plagis,</strong></span> <span class='ocrx_word' id='word_1_251' title='bbox 2253 1875 2306 1918; x_wconf 76' lang='lat' dir='ltr'><strong>et.</strong></span> <span class='ocrx_word' id='word_1_252' title='bbox 2339 1863 2623 1934; x_wconf 85' lang='lat' dir='ltr'><strong>spiritibus</strong></span> <span class='ocrx_word' id='word_1_253' title='bbox 2661 1863 2912 1923; x_wconf 84' lang='lat' dir='ltr'><strong>malis,et</strong></span> <span class='ocrx_word' id='word_1_254' title='bbox 2945 1863 3100 1912; x_wconf 62' lang='lat' dir='ltr'><strong>carris</strong></span> <span class='ocrx_word' id='word_1_255' title='bbox 3131 1861 3310 1913; x_wconf 87' lang='lat' dir='ltr'><strong>multis</strong></span> <span class='ocrx_word' id='word_1_256' title='bbox 3344 1861 3511 1911; x_wconf 87' lang='lat' dir='ltr'><strong>dona-</strong></span> 
     </span>
    </p>
   </div>
   <div class='ocr_carea' id='block_1_36' title="bbox 265 1948 1841 2021">
    <p class='ocr_par' dir='ltr' id='par_1_36' title="bbox 265 1948 1841 2021">
     <span class='ocr_line' id='line_1_36' title="bbox 265 1948 1841 2021; baseline 0.004 -20"><span class='ocrx_word' id='word_1_257' title='bbox 265 1948 494 2018; x_wconf 77' lang='grc' dir='ltr'>τυφλοῖς</span> <span class='ocrx_word' id='word_1_258' title='bbox 535 1949 750 2013; x_wconf 78' lang='grc' dir='ltr'>πολλοῖς</span> <span class='ocrx_word' id='word_1_259' title='bbox 795 1952 1090 2021; x_wconf 75' lang='grc' dir='ltr'>ἐχαρίσατο</span> <span class='ocrx_word' id='word_1_260' title='bbox 1130 1952 1191 2004; x_wconf 80' lang='grc' dir='ltr'><strong>τὸ</strong></span> <span class='ocrx_word' id='word_1_261' title='bbox 1240 1952 1478 2021; x_wconf 79' lang='grc' dir='ltr'>βλέπειν.</span> <span class='ocrx_word' id='word_1_262' title='bbox 1542 1955 1650 2007; x_wconf 83' lang='grc' dir='ltr'>Καὶ</span> <span class='ocrx_word' id='word_1_263' title='bbox 1702 1956 1841 2008; x_wconf 86' lang='grc' dir='ltr'>ἀπο-</span> 
     </span>
    </p>
   </div>
   <div class='ocr_carea' id='block_1_37' title="bbox 271 2036 1843 2112">
    <p class='ocr_par' dir='ltr' id='par_1_37' title="bbox 271 2036 1843 2112">
     <span class='ocr_line' id='line_1_37' title="bbox 271 2036 1843 2112; baseline 0.003 -20"><span class='ocrx_word' id='word_1_264' title='bbox 271 2039 482 2109; x_wconf 90' lang='grc' dir='ltr'>κριθεὶς</span> <span class='ocrx_word' id='word_1_265' title='bbox 536 2036 688 2094; x_wconf 76' lang='grc' dir='ltr'>εἶπεν</span> <span class='ocrx_word' id='word_1_266' title='bbox 741 2042 964 2104; x_wconf 73' lang='grc' dir='ltr'>αὐτοῖς’</span> <span class='ocrx_word' id='word_1_267' title='bbox 1043 2041 1404 2111; x_wconf 80' lang='grc' dir='ltr'>Πορευθέντες</span> <span class='ocrx_word' id='word_1_268' title='bbox 1474 2045 1843 2112; x_wconf 71' lang='grc' dir='ltr'>ἀπαγγείλατε</span> 
     </span>
    </p>
   </div>
   <div class='ocr_carea' id='block_1_38' title="bbox 284 2127 1842 2203">
    <p class='ocr_par' dir='ltr' id='par_1_38' title="bbox 284 2127 1842 2203">
     <span class='ocr_line' id='line_1_38' title="bbox 284 2127 1842 2203; baseline 0.004 -20"><span class='ocrx_word' id='word_1_269' title='bbox 284 2127 505 2203; x_wconf 77' lang='grc' dir='ltr'>Ἰωάννῃ</span> <span class='ocrx_word' id='word_1_270' title='bbox 531 2130 568 2185; x_wconf 79' lang='grc' dir='ltr'><strong>ὃ.</strong></span> <span class='ocrx_word' id='word_1_271' title='bbox 598 2132 768 2185; x_wconf 75' lang='grc' dir='ltr'>εἴδετε</span> <span class='ocrx_word' id='word_1_272' title='bbox 809 2134 906 2185; x_wconf 87' lang='grc' dir='ltr'><strong>καὶ</strong></span> <span class='ocrx_word' id='word_1_273' title='bbox 935 2133 1204 2201; x_wconf 73' lang='grc' dir='ltr'>ἠκούσατε</span> <span class='ocrx_word' id='word_1_274' title='bbox 1224 2150 1241 2167; x_wconf 77' lang='grc' dir='ltr'><strong>ο</strong></span> <span class='ocrx_word' id='word_1_275' title='bbox 1277 2135 1360 2187; x_wconf 82' lang='grc' dir='ltr'><strong>ὅτι</strong></span> <span class='ocrx_word' id='word_1_276' title='bbox 1391 2136 1580 2203; x_wconf 77' lang='grc' dir='ltr'>τυφλοὶ</span> <span class='ocrx_word' id='word_1_277' title='bbox 1611 2137 1842 2190; x_wconf 74' lang='grc' dir='ltr'>ἀναϐλέ-</span> 
     </span>
    </p>
   </div>
   <div class='ocr_carea' id='block_1_39' title="bbox 273 2223 1846 2297">
    <p class='ocr_par' dir='ltr' id='par_1_39' title="bbox 273 2223 1846 2297">
     <span class='ocr_line' id='line_1_39' title="bbox 273 2223 1846 2297; baseline 0.004 -23"><span class='ocrx_word' id='word_1_278' title='bbox 273 2239 463 2286; x_wconf 88' lang='grc' dir='ltr'>πουσι,</span> <span class='ocrx_word' id='word_1_279' title='bbox 493 2223 656 2293; x_wconf 80' lang='grc' dir='ltr'>χωλοὶ</span> <span class='ocrx_word' id='word_1_280' title='bbox 682 2224 1064 2296; x_wconf 76' lang='grc' dir='ltr'><strong>περιπατοῦσι,</strong></span> <span class='ocrx_word' id='word_1_281' title='bbox 1087 2224 1280 2294; x_wconf 83' lang='grc' dir='ltr'>λεπροὶ</span> <span class='ocrx_word' id='word_1_282' title='bbox 1305 2227 1714 2297; x_wconf 80' lang='grc' dir='ltr'>καθαρίζονται,</span> <span class='ocrx_word' id='word_1_283' title='bbox 1737 2246 1846 2280; x_wconf 76' lang='grc' dir='ltr'>κω-</span> 
     </span>
    </p>
   </div>
   <div class='ocr_carea' id='block_1_40' title="bbox 273 2312 1843 2387">
    <p class='ocr_par' dir='ltr' id='par_1_40' title="bbox 273 2312 1843 2387">
     <span class='ocr_line' id='line_1_40' title="bbox 273 2312 1843 2387; baseline 0.003 -22"><span class='ocrx_word' id='word_1_284' title='bbox 273 2312 366 2379; x_wconf 79' lang='grc' dir='ltr'><strong>φοὶ</strong></span> <span class='ocrx_word' id='word_1_285' title='bbox 411 2313 698 2376; x_wconf 86' lang='grc' dir='ltr'>ἀκούουσι,</span> <span class='ocrx_word' id='word_1_286' title='bbox 725 2317 909 2384; x_wconf 83' lang='grc' dir='ltr'>νεκροὶ</span> <span class='ocrx_word' id='word_1_287' title='bbox 953 2314 1282 2387; x_wconf 74' lang='grc' dir='ltr'>ἐγείρονται,</span> <span class='ocrx_word' id='word_1_288' title='bbox 1320 2318 1527 2387; x_wconf 87' lang='grc' dir='ltr'>πτωχοὶ</span> <span class='ocrx_word' id='word_1_289' title='bbox 1554 2319 1843 2386; x_wconf 76' lang='grc' dir='ltr'>εὐαγγελί-</span> 
     </span>
    </p>
   </div>
   <div class='ocr_carea' id='block_1_41' title="bbox 274 2404 1840 2480">
    <p class='ocr_par' dir='ltr' id='par_1_41' title="bbox 274 2404 1840 2480">
     <span class='ocr_line' id='line_1_41' title="bbox 274 2404 1840 2480; baseline 0.003 -24"><span class='ocrx_word' id='word_1_290' title='bbox 274 2404 477 2466; x_wconf 82' lang='grc' dir='ltr'>ζονται.</span> <span class='ocrx_word' id='word_1_291' title='bbox 512 2405 620 2457; x_wconf 85' lang='grc' dir='ltr'>Καὶ</span> <span class='ocrx_word' id='word_1_292' title='bbox 655 2404 925 2476; x_wconf 81' lang='grc' dir='ltr'>μακάριός</span> <span class='ocrx_word' id='word_1_293' title='bbox 954 2408 1120 2468; x_wconf 78' lang='grc' dir='ltr'>ἐστιν,</span> <span class='ocrx_word' id='word_1_294' title='bbox 1167 2405 1233 2468; x_wconf 85' lang='grc' dir='ltr'>ὃς</span> <span class='ocrx_word' id='word_1_295' title='bbox 1263 2407 1328 2460; x_wconf 87' lang='grc' dir='ltr'>ἂν</span> <span class='ocrx_word' id='word_1_296' title='bbox 1365 2408 1438 2478; x_wconf 82' lang='grc' dir='ltr'>μὴ</span> <span class='ocrx_word' id='word_1_297' title='bbox 1481 2409 1840 2480; x_wconf 79' lang='grc' dir='ltr'>σκανδαλισθῇ</span> 
     </span>
    </p>
   </div>
   <div class='ocr_carea' id='block_1_42' title="bbox 279 2493 1842 2571">
    <p class='ocr_par' dir='ltr' id='par_1_42' title="bbox 279 2493 1842 2571">
     <span class='ocr_line' id='line_1_42' title="bbox 279 2493 1842 2571; baseline 0.004 -26"><span class='ocrx_word' id='word_1_298' title='bbox 279 2494 338 2545; x_wconf 72' lang='grc' dir='ltr'>ὲν</span> <span class='ocrx_word' id='word_1_299' title='bbox 363 2493 508 2564; x_wconf 71' lang='grc' dir='ltr'>ἐμοί.</span> <span class='ocrx_word' id='word_1_300' title='bbox 537 2513 556 2546; x_wconf 75' lang='grc' dir='ltr'><strong>ι</strong></span> <span class='ocrx_word' id='word_1_301' title='bbox 575 2495 800 2565; x_wconf 85' lang='grc' dir='ltr'>Ἔργοις</span> <span class='ocrx_word' id='word_1_302' title='bbox 831 2497 1014 2557; x_wconf 77' lang='grc' dir='ltr'>αὐτοῖς</span> <span class='ocrx_word' id='word_1_303' title='bbox 1046 2498 1319 2562; x_wconf 77' lang='grc' dir='ltr'>ἐπιδείξας</span> <span class='ocrx_word' id='word_1_304' title='bbox 1352 2499 1542 2552; x_wconf 81' lang='grc' dir='ltr'>ἑαυτὸν</span> <span class='ocrx_word' id='word_1_305' title='bbox 1563 2502 1591 2552; x_wconf 93' lang='lat'><strong>6</strong></span> <span class='ocrx_word' id='word_1_306' title='bbox 1615 2500 1842 2571; x_wconf 77' lang='grc' dir='ltr'>Χριστὸς</span> 
     </span>
    </p>
   </div>
   <div class='ocr_carea' id='block_1_43' title="bbox 275 2584 1846 2662">
    <p class='ocr_par' dir='ltr' id='par_1_43' title="bbox 275 2584 1846 2662">
     <span class='ocr_line' id='line_1_43' title="bbox 275 2584 1846 2662; baseline 0.004 -25"><span class='ocrx_word' id='word_1_307' title='bbox 275 2584 386 2638; x_wconf 85' lang='grc' dir='ltr'><strong>τῶν</strong></span> <span class='ocrx_word' id='word_1_308' title='bbox 414 2585 736 2658; x_wconf 89' lang='grc' dir='ltr'>θεοπρεπῶν</span> <span class='ocrx_word' id='word_1_309' title='bbox 767 2587 1310 2658; x_wconf 81' lang='grc' dir='ltr'>μεγαλουργημάτων</span> <span class='ocrx_word' id='word_1_310' title='bbox 1347 2591 1732 2662; x_wconf 85' lang='grc' dir='ltr'>ἀποτελεστὴν,</span> <span class='ocrx_word' id='word_1_311' title='bbox 1765 2593 1846 2654; x_wconf 89' lang='grc' dir='ltr'><strong>εἰς</strong></span> 
     </span>
    </p>
   </div>
   <div class='ocr_carea' id='block_1_44' title="bbox 276 2675 1847 2753">
    <p class='ocr_par' dir='ltr' id='par_1_44' title="bbox 276 2675 1847 2753">
     <span class='ocr_line' id='line_1_44' title="bbox 276 2675 1847 2753; baseline 0.003 -23"><span class='ocrx_word' id='word_1_312' title='bbox 276 2675 582 2749; x_wconf 77' lang='grc' dir='ltr'>ἀνάμνησιν</span> <span class='ocrx_word' id='word_1_313' title='bbox 611 2679 874 2749; x_wconf 75' lang='grc' dir='ltr'>ἀναφέρει</span> <span class='ocrx_word' id='word_1_314' title='bbox 900 2681 1008 2733; x_wconf 87' lang='grc' dir='ltr'><strong>τῶν</strong></span> <span class='ocrx_word' id='word_1_315' title='bbox 1050 2682 1354 2753; x_wconf 80' lang='grc' dir='ltr'>εἰρημένων</span> <span class='ocrx_word' id='word_1_316' title='bbox 1383 2683 1468 2736; x_wconf 71' lang='grc' dir='ltr'>διὰ</span> <span class='ocrx_word' id='word_1_317' title='bbox 1503 2683 1684 2752; x_wconf 78' lang='grc' dir='ltr'>φωνῆς</span> <span class='ocrx_word' id='word_1_318' title='bbox 1716 2699 1847 2752; x_wconf 84' lang='grc' dir='ltr'>προ-</span> 
     </span>
    </p>
   </div>
   <div class='ocr_carea' id='block_1_45' title="bbox 279 2769 1843 2844">
    <p class='ocr_par' dir='ltr' id='par_1_45' title="bbox 279 2769 1843 2844">
     <span class='ocr_line' id='line_1_45' title="bbox 279 2769 1843 2844; baseline 0.001 -22"><span class='ocrx_word' id='word_1_319' title='bbox 279 2769 466 2838; x_wconf 78' lang='grc' dir='ltr'>φητῶν</span> <span class='ocrx_word' id='word_1_320' title='bbox 500 2769 628 2840; x_wconf 87' lang='grc' dir='ltr'>περὶ</span> <span class='ocrx_word' id='word_1_321' title='bbox 655 2769 997 2841; x_wconf 76' lang='grc' dir='ltr'>αὐτοῦ.Ἔφη</span> <span class='ocrx_word' id='word_1_322' title='bbox 1025 2773 1206 2825; x_wconf 81' lang='grc' dir='ltr'>τοίνυν</span> <span class='ocrx_word' id='word_1_323' title='bbox 1239 2775 1268 2826; x_wconf 92' lang='lat'><strong>6</strong></span> <span class='ocrx_word' id='word_1_324' title='bbox 1303 2773 1571 2844; x_wconf 84' lang='grc' dir='ltr'>μακάριος</span> <span class='ocrx_word' id='word_1_325' title='bbox 1596 2773 1843 2835; x_wconf 76' lang='grc' dir='ltr'><strong>’ῐισαῖαςο</strong></span> 
     </span>
    </p>
   </div>
   <div class='ocr_carea' id='block_1_46' title="bbox 287 2862 1849 2936">
    <p class='ocr_par' dir='ltr' id='par_1_46' title="bbox 287 2862 1849 2936">
     <span class='ocr_line' id='line_1_46' title="bbox 287 2862 1849 2936; baseline 0.003 -22"><span class='ocrx_word' id='word_1_326' title='bbox 287 2881 306 2914; x_wconf 85' lang='lat' dir='ltr'><strong>t</strong></span> <span class='ocrx_word' id='word_1_327' title='bbox 329 2862 623 2932; x_wconf 86' lang='grc' dir='ltr'>Ίσχύσατε,</span> <span class='ocrx_word' id='word_1_328' title='bbox 657 2867 837 2933; x_wconf 82' lang='grc' dir='ltr'>χεῖρες</span> <span class='ocrx_word' id='word_1_329' title='bbox 871 2865 1175 2934; x_wconf 84' lang='grc' dir='ltr'>ἀνειμέναι,</span> <span class='ocrx_word' id='word_1_330' title='bbox 1194 2867 1286 2918; x_wconf 86' lang='grc' dir='ltr'><strong>καὶ</strong></span> <span class='ocrx_word' id='word_1_331' title='bbox 1317 2867 1518 2932; x_wconf 85' lang='grc' dir='ltr'>γόνατα</span> <span class='ocrx_word' id='word_1_332' title='bbox 1545 2866 1849 2936; x_wconf 78' lang='grc' dir='ltr'>παραλελυ-</span> 
     </span>
    </p>
   </div>
   <div class='ocr_carea' id='block_1_47' title="bbox 283 2950 1848 3029">
    <p class='ocr_par' dir='ltr' id='par_1_47' title="bbox 283 2950 1848 3029">
     <span class='ocr_line' id='line_1_47' title="bbox 283 2950 1848 3029; baseline 0.002 -21"><span class='ocrx_word' id='word_1_333' title='bbox 283 2952 440 3024; x_wconf 84' lang='grc' dir='ltr'>μένα.</span> <span class='ocrx_word' id='word_1_334' title='bbox 474 2971 493 3006; x_wconf 74' lang='grc' dir='ltr'><strong>ι</strong></span> <span class='ocrx_word' id='word_1_335' title='bbox 529 2950 665 3008; x_wconf 80' lang='grc' dir='ltr'>Εἶτα</span> <span class='ocrx_word' id='word_1_336' title='bbox 697 2957 978 3026; x_wconf 75' lang='grc' dir='ltr'>μονονουχὶ</span> <span class='ocrx_word' id='word_1_337' title='bbox 1021 2959 1115 3010; x_wconf 84' lang='grc' dir='ltr'><strong>καὶ</strong></span> <span class='ocrx_word' id='word_1_338' title='bbox 1163 2961 1320 3029; x_wconf 83' lang='grc' dir='ltr'>χεῖρα</span> <span class='ocrx_word' id='word_1_339' title='bbox 1349 2959 1648 3029; x_wconf 88' lang='grc' dir='ltr'>προτείνων</span> <span class='ocrx_word' id='word_1_340' title='bbox 1678 2976 1848 3012; x_wconf 80' lang='grc' dir='ltr'>κατα·-</span> 
     </span>
    </p>
   </div>
   <div class='ocr_carea' id='block_1_48' title="bbox 277 3043 1850 3116">
    <p class='ocr_par' dir='ltr' id='par_1_48' title="bbox 277 3043 1850 3116">
     <span class='ocr_line' id='line_1_48' title="bbox 277 3043 1850 3116; baseline 0 -18"><span class='ocrx_word' id='word_1_341' title='bbox 277 3043 520 3098; x_wconf 81' lang='grc' dir='ltr'>δείκνυσι</span> <span class='ocrx_word' id='word_1_342' title='bbox 557 3045 649 3098; x_wconf 75' lang='grc' dir='ltr'><strong>τὸν</strong></span> <span class='ocrx_word' id='word_1_343' title='bbox 702 3045 1086 3116; x_wconf 78' lang='grc' dir='ltr'>Ἐμμανουὴλ,</span> <span class='ocrx_word' id='word_1_344' title='bbox 1133 3046 1276 3100; x_wconf 80' lang='grc' dir='ltr'>οὕτω</span> <span class='ocrx_word' id='word_1_345' title='bbox 1321 3047 1530 3115; x_wconf 83' lang='grc' dir='ltr'>λέγων·</span> <span class='ocrx_word' id='word_1_346' title='bbox 1570 3065 1589 3098; x_wconf 84' lang='grc' dir='ltr'><strong>ι</strong></span> <span class='ocrx_word' id='word_1_347' title='bbox 1640 3047 1770 3101; x_wconf 75' lang='grc' dir='ltr'>Ἰδοὺ</span> <span class='ocrx_word' id='word_1_348' title='bbox 1821 3047 1850 3098; x_wconf 90' lang='lat'><strong>6</strong></span> 
     </span>
    </p>
   </div>
   <div class='ocr_carea' id='block_1_49' title="bbox 279 3133 1850 3209">
    <p class='ocr_par' dir='ltr' id='par_1_49' title="bbox 279 3133 1850 3209">
     <span class='ocr_line' id='line_1_49' title="bbox 279 3133 1850 3209; baseline 0.001 -21"><span class='ocrx_word' id='word_1_349' title='bbox 279 3133 414 3198; x_wconf 76' lang='grc' dir='ltr'>Θεὸς</span> <span class='ocrx_word' id='word_1_350' title='bbox 437 3135 616 3206; x_wconf 80' lang='grc' dir='ltr'>ἡμῶν,</span> <span class='ocrx_word' id='word_1_351' title='bbox 650 3135 758 3189; x_wconf 73' lang='grc' dir='ltr'>ἰδοὺ</span> <span class='ocrx_word' id='word_1_352' title='bbox 801 3136 1006 3209; x_wconf 79' lang='grc' dir='ltr'>Κύριος</span> <span class='ocrx_word' id='word_1_353' title='bbox 1037 3137 1174 3208; x_wconf 77' lang='grc' dir='ltr'>μετὰ</span> <span class='ocrx_word' id='word_1_354' title='bbox 1205 3137 1390 3207; x_wconf 88' lang='grc' dir='ltr'>ἰσχύος</span> <span class='ocrx_word' id='word_1_355' title='bbox 1421 3136 1662 3209; x_wconf 77' lang='grc' dir='ltr'>ἔρχεται,</span> <span class='ocrx_word' id='word_1_356' title='bbox 1695 3139 1787 3190; x_wconf 83' lang='grc' dir='ltr'><strong>καὶ</strong></span> <span class='ocrx_word' id='word_1_357' title='bbox 1821 3140 1850 3191; x_wconf 92' lang='lat'><strong>6</strong></span> 
     </span>
    </p>
   </div>
   <div class='ocr_carea' id='block_1_50' title="bbox 282 3213 1914 3301">
    <p class='ocr_par' dir='ltr' id='par_1_50' title="bbox 282 3213 1914 3301">
     <span class='ocr_line' id='line_1_50' title="bbox 282 3213 1914 3301; baseline 0.001 -20"><span class='ocrx_word' id='word_1_358' title='bbox 282 3226 522 3298; x_wconf 82' lang='grc' dir='ltr'>βραχίων</span> <span class='ocrx_word' id='word_1_359' title='bbox 562 3229 701 3300; x_wconf 78' lang='grc' dir='ltr'>μετὰ</span> <span class='ocrx_word' id='word_1_360' title='bbox 747 3230 989 3300; x_wconf 89' lang='grc' dir='ltr'>κυρείας.</span> <span class='ocrx_word' id='word_1_361' title='bbox 1021 3250 1039 3282; x_wconf 75' lang='grc' dir='ltr'><strong>ι</strong></span> <span class='ocrx_word' id='word_1_362' title='bbox 1074 3232 1219 3301; x_wconf 81' lang='grc' dir='ltr'>Ἔφη</span> <span class='ocrx_word' id='word_1_363' title='bbox 1256 3232 1311 3284; x_wconf 75' lang='grc' dir='ltr'>δὲ</span> <span class='ocrx_word' id='word_1_364' title='bbox 1361 3233 1456 3286; x_wconf 87' lang='grc' dir='ltr'><strong>καὶ</strong></span> <span class='ocrx_word' id='word_1_365' title='bbox 1493 3235 1551 3284; x_wconf 79' lang='grc' dir='ltr'>ὲν</span> <span class='ocrx_word' id='word_1_366' title='bbox 1600 3231 1842 3300; x_wconf 77' lang='grc' dir='ltr'>ἑτέροις,</span> <span class='ocrx_word' id='word_1_367' title='bbox 1873 3213 1914 3269; x_wconf 79' lang='lat' dir='ltr'><strong><em>C</em></strong></span> 
     </span>
    </p>
   </div>
   <div class='ocr_carea' id='block_1_51' title="bbox 277 3317 1851 3394">
    <p class='ocr_par' dir='ltr' id='par_1_51' title="bbox 277 3317 1851 3394">
     <span class='ocr_line' id='line_1_51' title="bbox 277 3317 1851 3394; baseline 0 -20"><span class='ocrx_word' id='word_1_368' title='bbox 277 3321 363 3374; x_wconf 85' lang='grc' dir='ltr'><strong>ὅτι</strong></span> <span class='ocrx_word' id='word_1_369' title='bbox 395 3340 413 3374; x_wconf 82' lang='grc' dir='ltr'><strong>ι</strong></span> <span class='ocrx_word' id='word_1_370' title='bbox 450 3321 583 3374; x_wconf 86' lang='grc' dir='ltr'><strong>Τότε</strong></span> <span class='ocrx_word' id='word_1_371' title='bbox 609 3322 1021 3394; x_wconf 86' lang='grc' dir='ltr'>ἀνοιχθήσονται</span> <span class='ocrx_word' id='word_1_372' title='bbox 1046 3322 1316 3393; x_wconf 82' lang='grc' dir='ltr'>ὀφθαλμοὶ</span> <span class='ocrx_word' id='word_1_373' title='bbox 1343 3323 1581 3392; x_wconf 81' lang='grc' dir='ltr'>τυφλῶν,</span> <span class='ocrx_word' id='word_1_374' title='bbox 1617 3324 1710 3376; x_wconf 82' lang='grc' dir='ltr'><strong>καὶ</strong></span> <span class='ocrx_word' id='word_1_375' title='bbox 1739 3317 1851 3375; x_wconf 77' lang='grc' dir='ltr'>ὦτα</span> 
     </span>
    </p>
   </div>
   <div class='ocr_carea' id='block_1_52' title="bbox 279 3410 1848 3482">
    <p class='ocr_par' dir='ltr' id='par_1_52' title="bbox 279 3410 1848 3482">
     <span class='ocr_line' id='line_1_52' title="bbox 279 3410 1848 3482; baseline -0.002 -17"><span class='ocrx_word' id='word_1_376' title='bbox 279 3410 482 3478; x_wconf 80' lang='grc' dir='ltr'>κωφῶν</span> <span class='ocrx_word' id='word_1_377' title='bbox 521 3411 880 3465; x_wconf 85' lang='grc' dir='ltr'>ἀκούσονται·</span> <span class='ocrx_word' id='word_1_378' title='bbox 916 3414 1034 3466; x_wconf 70' lang='grc' dir='ltr'>τότε</span> <span class='ocrx_word' id='word_1_379' title='bbox 1085 3413 1291 3466; x_wconf 87' lang='grc' dir='ltr'>ἀλείται</span> <span class='ocrx_word' id='word_1_380' title='bbox 1319 3413 1491 3482; x_wconf 73' lang='grc' dir='ltr'>χωλὸς</span> <span class='ocrx_word' id='word_1_381' title='bbox 1519 3413 1594 3475; x_wconf 89' lang='grc' dir='ltr'>ὼς</span> <span class='ocrx_word' id='word_1_382' title='bbox 1630 3412 1848 3480; x_wconf 76' lang='grc' dir='ltr'>ἔλαφος,</span> 
     </span>
    </p>
   </div>
   <div class='ocr_carea' id='block_1_53' title="bbox 278 3497 1852 3573">
    <p class='ocr_par' dir='ltr' id='par_1_53' title="bbox 278 3497 1852 3573">
     <span class='ocr_line' id='line_1_53' title="bbox 278 3497 1852 3573; baseline -0.001 -20"><span class='ocrx_word' id='word_1_383' title='bbox 278 3497 376 3553; x_wconf 84' lang='grc' dir='ltr'><strong>καὶ</strong></span> <span class='ocrx_word' id='word_1_384' title='bbox 434 3500 606 3571; x_wconf 82' lang='grc' dir='ltr'>τρανὴ</span> <span class='ocrx_word' id='word_1_385' title='bbox 655 3499 811 3554; x_wconf 78' lang='grc' dir='ltr'>ἔσται</span> <span class='ocrx_word' id='word_1_386' title='bbox 857 3500 1079 3570; x_wconf 71' lang='grc' dir='ltr'>γλῶσσα</span> <span class='ocrx_word' id='word_1_387' title='bbox 1125 3502 1449 3573; x_wconf 83' lang='grc' dir='ltr'>μογιλάλων.</span> <span class='ocrx_word' id='word_1_388' title='bbox 1483 3519 1501 3552; x_wconf 77' lang='grc' dir='ltr'><strong>ι</strong></span> <span class='ocrx_word' id='word_1_389' title='bbox 1560 3502 1668 3554; x_wconf 76' lang='grc' dir='ltr'>Καὶ</span> <span class='ocrx_word' id='word_1_390' title='bbox 1720 3499 1852 3569; x_wconf 80' lang='grc' dir='ltr'>πρὸς</span> 
     </span>
    </p>
   </div>
   <div class='ocr_carea' id='block_1_54' title="bbox 278 3589 1852 3663">
    <p class='ocr_par' dir='ltr' id='par_1_54' title="bbox 278 3589 1852 3663">
     <span class='ocr_line' id='line_1_54' title="bbox 278 3589 1852 3663; baseline 0 -19"><span class='ocrx_word' id='word_1_391' title='bbox 278 3589 491 3654; x_wconf 77' lang='grc' dir='ltr'>τούτοις</span> <span class='ocrx_word' id='word_1_392' title='bbox 517 3590 596 3644; x_wconf 73' lang='grc' dir='ltr'><strong>ἔτι</strong></span> <span class='ocrx_word' id='word_1_393' title='bbox 618 3609 632 3623; x_wconf 86' lang='grc'><strong>·</strong></span> <span class='ocrx_word' id='word_1_394' title='bbox 669 3610 688 3643; x_wconf 76' lang='grc' dir='ltr'><strong>ι</strong></span> <span class='ocrx_word' id='word_1_395' title='bbox 733 3593 1154 3662; x_wconf 78' lang='grc' dir='ltr'>Ἀναστήσονται</span> <span class='ocrx_word' id='word_1_396' title='bbox 1183 3596 1230 3647; x_wconf 85' lang='grc' dir='ltr'><strong>οί</strong></span> <span class='ocrx_word' id='word_1_397' title='bbox 1273 3595 1480 3663; x_wconf 87' lang='grc' dir='ltr'>νεκροὶ,</span> <span class='ocrx_word' id='word_1_398' title='bbox 1508 3594 1601 3644; x_wconf 84' lang='grc' dir='ltr'><strong>καὶ</strong></span> <span class='ocrx_word' id='word_1_399' title='bbox 1631 3591 1852 3662; x_wconf 76' lang='grc' dir='ltr'>ἐγερθή-</span> 
     </span>
    </p>
   </div>
   <div class='ocr_carea' id='block_1_55' title="bbox 282 3682 1852 3757">
    <p class='ocr_par' dir='ltr' id='par_1_55' title="bbox 282 3682 1852 3757">
     <span class='ocr_line' id='line_1_55' title="bbox 282 3682 1852 3757; baseline -0.003 -19"><span class='ocrx_word' id='word_1_400' title='bbox 282 3701 466 3738; x_wconf 89' lang='grc' dir='ltr'>σονται</span> <span class='ocrx_word' id='word_1_401' title='bbox 495 3686 543 3738; x_wconf 89' lang='grc' dir='ltr'><strong>οί</strong></span> <span class='ocrx_word' id='word_1_402' title='bbox 575 3686 634 3738; x_wconf 87' lang='grc' dir='ltr'>ὲν</span> <span class='ocrx_word' id='word_1_403' title='bbox 662 3688 775 3749; x_wconf 84' lang='grc' dir='ltr'>τοῖς</span> <span class='ocrx_word' id='word_1_404' title='bbox 811 3687 1098 3757; x_wconf 82' lang='grc' dir='ltr'>μνημείοις</span> <span class='ocrx_word' id='word_1_405' title='bbox 1119 3702 1132 3716; x_wconf 75' lang='grc' dir='ltr'><strong>ο</strong></span> <span class='ocrx_word' id='word_1_406' title='bbox 1177 3687 1211 3754; x_wconf 72' lang='grc' dir='ltr'><strong>ἡ</strong></span> <span class='ocrx_word' id='word_1_407' title='bbox 1240 3686 1348 3755; x_wconf 79' lang='grc' dir='ltr'><strong>γάρ</strong></span> <span class='ocrx_word' id='word_1_408' title='bbox 1388 3683 1578 3754; x_wconf 82' lang='grc' dir='ltr'>δρόσος</span> <span class='ocrx_word' id='word_1_409' title='bbox 1621 3685 1652 3752; x_wconf 83' lang='grc' dir='ltr'>ἠ</span> <span class='ocrx_word' id='word_1_410' title='bbox 1701 3682 1852 3752; x_wconf 82' lang='grc' dir='ltr'><strong>παρά</strong></span> 
     </span>
    </p>
   </div>
   <div class='ocr_carea' id='block_1_56' title="bbox 281 3774 1852 3850">
    <p class='ocr_par' dir='ltr' id='par_1_56' title="bbox 281 3774 1852 3850">
     <span class='ocr_line' id='line_1_56' title="bbox 281 3774 1852 3850; baseline -0.003 -19"><span class='ocrx_word' id='word_1_411' title='bbox 281 3775 401 3841; x_wconf 89' lang='grc' dir='ltr'>σοῦ,</span> <span class='ocrx_word' id='word_1_412' title='bbox 450 3775 588 3850; x_wconf 75' lang='grc' dir='ltr'>ταμα</span> <span class='ocrx_word' id='word_1_413' title='bbox 633 3778 818 3841; x_wconf 81' lang='grc' dir='ltr'>αὐτοῖς</span> <span class='ocrx_word' id='word_1_414' title='bbox 862 3782 1030 3831; x_wconf 79' lang='grc' dir='ltr'>ἐστιν.</span> <span class='ocrx_word' id='word_1_415' title='bbox 1075 3797 1092 3830; x_wconf 74' lang='grc' dir='ltr'><strong>ι</strong></span> <span class='ocrx_word' id='word_1_416' title='bbox 1139 3778 1284 3846; x_wconf 84' lang='grc' dir='ltr'><strong>Ἔφη</strong></span> <span class='ocrx_word' id='word_1_417' title='bbox 1336 3775 1393 3828; x_wconf 75' lang='grc' dir='ltr'>δὲ</span> <span class='ocrx_word' id='word_1_418' title='bbox 1440 3777 1602 3828; x_wconf 81' lang='grc' dir='ltr'>πάλιν</span> <span class='ocrx_word' id='word_1_419' title='bbox 1647 3774 1740 3828; x_wconf 84' lang='grc' dir='ltr'><strong>καὶ</strong></span> <span class='ocrx_word' id='word_1_420' title='bbox 1788 3776 1852 3827; x_wconf 78' lang='grc' dir='ltr'>ἐκ</span> 
     </span>
    </p>
   </div>
   <div class='ocr_carea' id='block_1_57' title="bbox 281 3859 1851 3940">
    <p class='ocr_par' dir='ltr' id='par_1_57' title="bbox 281 3859 1851 3940">
     <span class='ocr_line' id='line_1_57' title="bbox 281 3859 1851 3940; baseline -0.003 -18"><span class='ocrx_word' id='word_1_421' title='bbox 281 3868 578 3940; x_wconf 80' lang='grc' dir='ltr'>προσώπου</span> <span class='ocrx_word' id='word_1_422' title='bbox 626 3869 864 3940; x_wconf 78' lang='grc' dir='ltr'>Χριστοῦ</span> <span class='ocrx_word' id='word_1_423' title='bbox 887 3887 900 3901; x_wconf 68' lang='grc' dir='ltr'>θ</span> <span class='ocrx_word' id='word_1_424' title='bbox 935 3889 952 3920; x_wconf 83' lang='grc' dir='ltr'><strong>ι</strong></span> <span class='ocrx_word' id='word_1_425' title='bbox 991 3869 1214 3938; x_wconf 87' lang='grc' dir='ltr'>Πνεῦμα</span> <span class='ocrx_word' id='word_1_426' title='bbox 1245 3867 1450 3938; x_wconf 82' lang='grc' dir='ltr'>Κυρίου</span> <span class='ocrx_word' id='word_1_427' title='bbox 1499 3866 1584 3918; x_wconf 78' lang='grc' dir='ltr'><strong>ἐπ’</strong></span> <span class='ocrx_word' id='word_1_428' title='bbox 1619 3866 1718 3935; x_wconf 75' lang='grc' dir='ltr'><strong>ἐμὲ</strong></span> <span class='ocrx_word' id='word_1_429' title='bbox 1741 3904 1755 3926; x_wconf 93' lang='grc'><strong>,</strong></span> <span class='ocrx_word' id='word_1_430' title='bbox 1789 3859 1851 3918; x_wconf 65' lang='grc' dir='ltr'><strong>οὗ</strong></span> 
     </span>
    </p>
   </div>
   <div class='ocr_carea' id='block_1_58' title="bbox 279 3955 1851 4032">
    <p class='ocr_par' dir='ltr' id='par_1_58' title="bbox 279 3955 1851 4032">
     <span class='ocr_line' id='line_1_58' title="bbox 279 3955 1851 4032; baseline -0.006 -16"><span class='ocrx_word' id='word_1_431' title='bbox 279 3962 490 4017; x_wconf 80' lang='grc' dir='ltr'>εἵνεκεν</span> <span class='ocrx_word' id='word_1_432' title='bbox 506 3961 688 4032; x_wconf 76' lang='grc' dir='ltr'>ἔχρισε</span> <span class='ocrx_word' id='word_1_433' title='bbox 713 3977 798 4031; x_wconf 88' lang='grc' dir='ltr'>με·</span> <span class='ocrx_word' id='word_1_434' title='bbox 816 3959 1271 4029; x_wconf 72' lang='grc' dir='ltr'>εὐαγγελίσασθαι</span> <span class='ocrx_word' id='word_1_435' title='bbox 1290 3961 1523 4027; x_wconf 82' lang='grc' dir='ltr'>πτωχοῖς</span> <span class='ocrx_word' id='word_1_436' title='bbox 1541 3955 1851 4009; x_wconf 84' lang='grc' dir='ltr'>ἀπέσταλκέ</span> 
     </span>
    </p>
   </div>
   <div class='ocr_carea' id='block_1_59' title="bbox 284 4047 1854 4125">
    <p class='ocr_par' dir='ltr' id='par_1_59' title="bbox 284 4047 1854 4125">
     <span class='ocr_line' id='line_1_59' title="bbox 284 4047 1854 4125; baseline -0.006 -17"><span class='ocrx_word' id='word_1_437' title='bbox 284 4069 375 4125; x_wconf 84' lang='grc' dir='ltr'><strong>με,</strong></span> <span class='ocrx_word' id='word_1_438' title='bbox 407 4053 645 4124; x_wconf 78' lang='grc' dir='ltr'>κηρύξαι</span> <span class='ocrx_word' id='word_1_439' title='bbox 675 4050 1042 4123; x_wconf 81' lang='grc' dir='ltr'>αἰχμαλώτοις</span> <span class='ocrx_word' id='word_1_440' title='bbox 1083 4052 1297 4119; x_wconf 71' lang='grc' dir='ltr'>ἄφεσιν,</span> <span class='ocrx_word' id='word_1_441' title='bbox 1343 4049 1436 4102; x_wconf 89' lang='grc' dir='ltr'><strong>καὶ</strong></span> <span class='ocrx_word' id='word_1_442' title='bbox 1476 4048 1694 4117; x_wconf 82' lang='grc' dir='ltr'>τυφλοῖς</span> <span class='ocrx_word' id='word_1_443' title='bbox 1727 4047 1854 4100; x_wconf 81' lang='grc' dir='ltr'>ἀνά-</span> 
     </span>
    </p>
   </div>
   <div class='ocr_carea' id='block_1_60' title="bbox 283 4138 1854 4216">
    <p class='ocr_par' dir='ltr' id='par_1_60' title="bbox 283 4138 1854 4216">
     <span class='ocr_line' id='line_1_60' title="bbox 283 4138 1854 4216; baseline -0.006 -17"><span class='ocrx_word' id='word_1_444' title='bbox 283 4143 488 4216; x_wconf 77' lang='grc' dir='ltr'>βλεψιν.</span> <span class='ocrx_word' id='word_1_445' title='bbox 528 4163 546 4197; x_wconf 75' lang='grc' dir='ltr'><strong>ι</strong></span> <span class='ocrx_word' id='word_1_446' title='bbox 587 4144 712 4198; x_wconf 84' lang='grc' dir='ltr'>Ὅτε</span> <span class='ocrx_word' id='word_1_447' title='bbox 760 4143 938 4197; x_wconf 83' lang='grc' dir='ltr'>τοίνυν</span> <span class='ocrx_word' id='word_1_448' title='bbox 979 4147 1078 4213; x_wconf 69' lang='grc' dir='ltr'>τῆς</span> <span class='ocrx_word' id='word_1_449' title='bbox 1117 4143 1202 4210; x_wconf 73' lang='grc' dir='ltr'><strong>ἐφ’</strong></span> <span class='ocrx_word' id='word_1_450' title='bbox 1247 4139 1424 4210; x_wconf 82' lang='grc' dir='ltr'>ἐαυτῷ</span> <span class='ocrx_word' id='word_1_451' title='bbox 1471 4140 1704 4200; x_wconf 88' lang='grc' dir='ltr'>πίστεως</span> <span class='ocrx_word' id='word_1_452' title='bbox 1753 4138 1854 4202; x_wconf 85' lang='grc' dir='ltr'><strong>τάς</strong></span> 
     </span>
    </p>
   </div>
   <div class='ocr_carea' id='block_1_61' title="bbox 281 4232 1856 4308">
    <p class='ocr_par' dir='ltr' id='par_1_61' title="bbox 281 4232 1856 4308">
     <span class='ocr_line' id='line_1_61' title="bbox 281 4232 1856 4308; baseline -0.005 -18"><span class='ocrx_word' id='word_1_453' title='bbox 281 4235 392 4291; x_wconf 86' lang='grc' dir='ltr'><strong>τῶν</strong></span> <span class='ocrx_word' id='word_1_454' title='bbox 421 4236 718 4308; x_wconf 79' lang='grc' dir='ltr'>προφητῶν</span> <span class='ocrx_word' id='word_1_455' title='bbox 750 4236 933 4304; x_wconf 82' lang='grc' dir='ltr'>φωνάς</span> <span class='ocrx_word' id='word_1_456' title='bbox 963 4237 1193 4287; x_wconf 84' lang='grc' dir='ltr'>ποιεῖται</span> <span class='ocrx_word' id='word_1_457' title='bbox 1221 4235 1465 4302; x_wconf 79' lang='grc' dir='ltr'>σημεῖον,</span> <span class='ocrx_word' id='word_1_458' title='bbox 1509 4233 1676 4301; x_wconf 70' lang='grc' dir='ltr'>ἤγουν</span> <span class='ocrx_word' id='word_1_459' title='bbox 1720 4232 1856 4283; x_wconf 77' lang='grc' dir='ltr'><strong>ἁπό-</strong></span> 
     </span>
    </p>
   </div>
   <div class='ocr_carea' id='block_1_62' title="bbox 283 4321 1854 4396">
    <p class='ocr_par' dir='ltr' id='par_1_62' title="bbox 283 4321 1854 4396">
     <span class='ocr_line' id='line_1_62' title="bbox 283 4321 1854 4396; baseline -0.004 -15"><span class='ocrx_word' id='word_1_460' title='bbox 283 4327 474 4394; x_wconf 81' lang='grc' dir='ltr'>δειξιν,</span> <span class='ocrx_word' id='word_1_461' title='bbox 507 4327 640 4380; x_wconf 77' lang='grc' dir='ltr'>Θεον</span> <span class='ocrx_word' id='word_1_462' title='bbox 663 4327 720 4380; x_wconf 78' lang='grc' dir='ltr'>δὲ</span> <span class='ocrx_word' id='word_1_463' title='bbox 752 4326 914 4379; x_wconf 78' lang='grc' dir='ltr'>αὑτὸν</span> <span class='ocrx_word' id='word_1_464' title='bbox 944 4327 992 4379; x_wconf 89' lang='grc' dir='ltr'><strong>οί</strong></span> <span class='ocrx_word' id='word_1_465' title='bbox 1019 4325 1294 4396; x_wconf 70' lang='grc' dir='ltr'>προφῆται</span> <span class='ocrx_word' id='word_1_466' title='bbox 1321 4323 1681 4394; x_wconf 81' lang='grc' dir='ltr'>κηρύττουσι·</span> <span class='ocrx_word' id='word_1_467' title='bbox 1715 4321 1797 4385; x_wconf 83' lang='grc' dir='ltr'><strong>τίς</strong></span> <span class='ocrx_word' id='word_1_468' title='bbox 1826 4323 1854 4374; x_wconf 84' lang='grc' dir='ltr'>ὁ</span> 
     </span>
    </p>
   </div>
   <div class='ocr_carea' id='block_1_63' title="bbox 285 4414 1297 4486">
    <p class='ocr_par' dir='ltr' id='par_1_63' title="bbox 285 4414 1297 4486">
     <span class='ocr_line' id='line_1_63' title="bbox 285 4414 1297 4486; baseline -0.006 -15"><span class='ocrx_word' id='word_1_469' title='bbox 285 4416 496 4480; x_wconf 82' lang='grc' dir='ltr'>τούτοις</span> <span class='ocrx_word' id='word_1_470' title='bbox 523 4416 588 4468; x_wconf 69' lang='grc' dir='ltr'>τά</span> <span class='ocrx_word' id='word_1_471' title='bbox 618 4416 834 4469; x_wconf 78' lang='grc' dir='ltr'>ἐναντία</span> <span class='ocrx_word' id='word_1_472' title='bbox 860 4416 1025 4484; x_wconf 81' lang='grc' dir='ltr'>φάναι</span> <span class='ocrx_word' id='word_1_473' title='bbox 1053 4414 1297 4486; x_wconf 79' lang='grc' dir='ltr'>τολμῶνς</span> 
     </span>
    </p>
   </div>
   <div class='ocr_carea' id='block_1_64' title="bbox 369 4502 1849 4578">
    <p class='ocr_par' dir='ltr' id='par_1_64' title="bbox 369 4502 1849 4578">
     <span class='ocr_line' id='line_1_64' title="bbox 369 4502 1849 4578; baseline -0.003 -17"><span class='ocrx_word' id='word_1_474' title='bbox 369 4505 770 4578; x_wconf 78' lang='grc' dir='ltr'>Ἐχειμάζοντο,</span> <span class='ocrx_word' id='word_1_475' title='bbox 802 4507 954 4578; x_wconf 86' lang='grc' dir='ltr'>φησὶ,</span> <span class='ocrx_word' id='word_1_476' title='bbox 985 4508 1124 4560; x_wconf 84' lang='grc' dir='ltr'><strong>κατά</strong></span> <span class='ocrx_word' id='word_1_477' title='bbox 1158 4507 1256 4577; x_wconf 81' lang='grc' dir='ltr'><strong>τὴν</strong></span> <span class='ocrx_word' id='word_1_478' title='bbox 1287 4505 1480 4575; x_wconf 84' lang='grc' dir='ltr'>λίμνην</span> <span class='ocrx_word' id='word_1_479' title='bbox 1510 4506 1557 4557; x_wconf 81' lang='grc' dir='ltr'>οἱ</span> <span class='ocrx_word' id='word_1_480' title='bbox 1591 4502 1849 4574; x_wconf 85' lang='grc' dir='ltr'>μαθηταί·</span> 
     </span>
    </p>
   </div>
   <div class='ocr_carea' id='block_1_65' title="bbox 285 4595 1851 4670">
    <p class='ocr_par' dir='ltr' id='par_1_65' title="bbox 285 4595 1851 4670">
     <span class='ocr_line' id='line_1_65' title="bbox 285 4595 1851 4670; baseline -0.004 -16"><span class='ocrx_word' id='word_1_481' title='bbox 285 4595 404 4654; x_wconf 77' lang='grc' dir='ltr'>εἷτα</span> <span class='ocrx_word' id='word_1_482' title='bbox 454 4599 924 4668; x_wconf 75' lang='grc' dir='ltr'>«προσελθόντες,</span> <span class='ocrx_word' id='word_1_483' title='bbox 985 4599 1267 4670; x_wconf 79' lang='grc' dir='ltr'>διήγειραν</span> <span class='ocrx_word' id='word_1_484' title='bbox 1323 4598 1506 4661; x_wconf 77' lang='grc' dir='ltr'>αὐτὸν,</span> <span class='ocrx_word' id='word_1_485' title='bbox 1563 4597 1851 4664; x_wconf 81' lang='grc' dir='ltr'>λέγοντες·</span> 
     </span>
    </p>
   </div>
   <div class='ocr_carea' id='block_1_66' title="bbox 297 4689 1852 4760">
    <p class='ocr_par' dir='ltr' id='par_1_66' title="bbox 297 4689 1852 4760">
     <span class='ocr_line' id='line_1_66' title="bbox 297 4689 1852 4760; baseline -0.003 -15"><span class='ocrx_word' id='word_1_486' title='bbox 297 4689 612 4754; x_wconf 84' lang='grc' dir='ltr'>Ἐπιστάτα,</span> <span class='ocrx_word' id='word_1_487' title='bbox 634 4689 1002 4759; x_wconf 86' lang='grc' dir='ltr'>ἀπολλύμεθα.</span> <span class='ocrx_word' id='word_1_488' title='bbox 1020 4690 1076 4742; x_wconf 85' lang='grc' dir='ltr'><strong>Ὀ</strong></span> <span class='ocrx_word' id='word_1_489' title='bbox 1099 4689 1156 4742; x_wconf 74' lang='grc' dir='ltr'>δὲ</span> <span class='ocrx_word' id='word_1_490' title='bbox 1188 4689 1513 4760; x_wconf 78' lang='grc' dir='ltr'>διεγερθεὶς,</span> <span class='ocrx_word' id='word_1_491' title='bbox 1549 4689 1852 4758; x_wconf 74' lang='grc' dir='ltr'>ἐπετίμησε</span> 
     </span>
    </p>
   </div>
   <div class='ocr_carea' id='block_1_67' title="bbox 285 4779 1857 4854">
    <p class='ocr_par' dir='ltr' id='par_1_67' title="bbox 285 4779 1857 4854">
     <span class='ocr_line' id='line_1_67' title="bbox 285 4779 1857 4854; baseline -0.004 -18"><span class='ocrx_word' id='word_1_492' title='bbox 285 4781 364 4854; x_wconf 81' lang='grc' dir='ltr'>τῷ</span> <span class='ocrx_word' id='word_1_493' title='bbox 387 4781 592 4852; x_wconf 86' lang='grc' dir='ltr'>ἀνέμῳ,</span> <span class='ocrx_word' id='word_1_494' title='bbox 617 4782 711 4834; x_wconf 91' lang='grc' dir='ltr'><strong>καὶ</strong></span> <span class='ocrx_word' id='word_1_495' title='bbox 739 4780 816 4850; x_wconf 80' lang='grc' dir='ltr'>τῷ</span> <span class='ocrx_word' id='word_1_496' title='bbox 845 4780 1072 4832; x_wconf 74' lang='grc' dir='ltr'>κλύδωνι</span> <span class='ocrx_word' id='word_1_497' title='bbox 1099 4780 1192 4833; x_wconf 85' lang='grc' dir='ltr'><strong>τοῦ</strong></span> <span class='ocrx_word' id='word_1_498' title='bbox 1223 4779 1414 4842; x_wconf 72' lang='grc' dir='ltr'>ὓδατος</span> <span class='ocrx_word' id='word_1_499' title='bbox 1434 4797 1446 4809; x_wconf 87' lang='grc'><strong>·</strong></span> <span class='ocrx_word' id='word_1_500' title='bbox 1487 4780 1580 4832; x_wconf 87' lang='grc' dir='ltr'><strong>καὶ</strong></span> <span class='ocrx_word' id='word_1_501' title='bbox 1617 4779 1857 4832; x_wconf 79' lang='grc' dir='ltr'>ἐπαύσα-</span> 
     </span>
    </p>
   </div>
   <div class='ocr_carea' id='block_1_68' title="bbox 284 4869 1858 4943">
    <p class='ocr_par' dir='ltr' id='par_1_68' title="bbox 284 4869 1858 4943">
     <span class='ocr_line' id='line_1_68' title="bbox 284 4869 1858 4943; baseline -0.004 -15"><span class='ocrx_word' id='word_1_502' title='bbox 284 4892 347 4928; x_wconf 90' lang='grc' dir='ltr'><strong>το</strong></span> <span class='ocrx_word' id='word_1_503' title='bbox 365 4916 380 4940; x_wconf 94' lang='grc'><strong>,</strong></span> <span class='ocrx_word' id='word_1_504' title='bbox 408 4877 501 4928; x_wconf 84' lang='grc' dir='ltr'><strong>καὶ</strong></span> <span class='ocrx_word' id='word_1_505' title='bbox 529 4873 742 4942; x_wconf 78' lang='grc' dir='ltr'>ἐγένετο</span> <span class='ocrx_word' id='word_1_506' title='bbox 767 4873 994 4943; x_wconf 81' lang='grc' dir='ltr'>γαλήνη.</span> <span class='ocrx_word' id='word_1_507' title='bbox 1030 4891 1048 4922; x_wconf 86' lang='grc'><strong>›</strong></span> <span class='ocrx_word' id='word_1_508' title='bbox 1081 4873 1308 4942; x_wconf 74' lang='grc' dir='ltr'>Εἴρηται</span> <span class='ocrx_word' id='word_1_509' title='bbox 1336 4872 1464 4942; x_wconf 85' lang='grc' dir='ltr'>περὶ</span> <span class='ocrx_word' id='word_1_510' title='bbox 1503 4869 1737 4939; x_wconf 84' lang='grc' dir='ltr'>Χριστοῦ</span> <span class='ocrx_word' id='word_1_511' title='bbox 1769 4869 1858 4921; x_wconf 76' lang='grc' dir='ltr'><strong>διά</strong></span> 
     </span>
    </p>
   </div>
   <div class='ocr_carea' id='block_1_69' title="bbox 290 4959 1855 5034">
    <p class='ocr_par' dir='ltr' id='par_1_69' title="bbox 290 4959 1855 5034">
     <span class='ocr_line' id='line_1_69' title="bbox 290 4959 1855 5034; baseline -0.003 -17"><span class='ocrx_word' id='word_1_512' title='bbox 290 4965 473 5034; x_wconf 81' lang='grc' dir='ltr'>φωνῆς</span> <span class='ocrx_word' id='word_1_513' title='bbox 515 4963 609 5016; x_wconf 85' lang='grc' dir='ltr'><strong>τοῦ</strong></span> <span class='ocrx_word' id='word_1_514' title='bbox 663 4963 930 5033; x_wconf 85' lang='grc' dir='ltr'>μακαρίου</span> <span class='ocrx_word' id='word_1_515' title='bbox 985 4963 1186 5015; x_wconf 82' lang='grc' dir='ltr'><strong>Δαυῖδ·</strong></span> <span class='ocrx_word' id='word_1_516' title='bbox 1245 4983 1262 5013; x_wconf 79' lang='grc' dir='ltr'><strong>ι</strong></span> <span class='ocrx_word' id='word_1_517' title='bbox 1305 4963 1376 5016; x_wconf 76' lang='grc' dir='ltr'>Σὺ</span> <span class='ocrx_word' id='word_1_518' title='bbox 1421 4961 1701 5025; x_wconf 78' lang='grc' dir='ltr'>δεσπόζεις</span> <span class='ocrx_word' id='word_1_519' title='bbox 1761 4959 1855 5013; x_wconf 88' lang='grc' dir='ltr'><strong>τοῦ</strong></span> 
     </span>
    </p>
   </div>
   <div class='ocr_carea' id='block_1_70' title="bbox 292 5049 1855 5123">
    <p class='ocr_par' dir='ltr' id='par_1_70' title="bbox 292 5049 1855 5123">
     <span class='ocr_line' id='line_1_70' title="bbox 292 5049 1855 5123; baseline -0.005 -15"><span class='ocrx_word' id='word_1_520' title='bbox 292 5054 524 5120; x_wconf 85' lang='grc' dir='ltr'>κράτους</span> <span class='ocrx_word' id='word_1_521' title='bbox 549 5053 647 5123; x_wconf 82' lang='grc' dir='ltr'>τῆς</span> <span class='ocrx_word' id='word_1_522' title='bbox 674 5051 969 5121; x_wconf 84' lang='grc' dir='ltr'>θαλάσσης,</span> <span class='ocrx_word' id='word_1_523' title='bbox 1009 5052 1102 5104; x_wconf 86' lang='grc' dir='ltr'><strong>καὶ</strong></span> <span class='ocrx_word' id='word_1_524' title='bbox 1133 5049 1223 5103; x_wconf 71' lang='grc' dir='ltr'><strong>τὸν</strong></span> <span class='ocrx_word' id='word_1_525' title='bbox 1260 5051 1418 5104; x_wconf 89' lang='grc' dir='ltr'>σάλον</span> <span class='ocrx_word' id='word_1_526' title='bbox 1451 5051 1559 5102; x_wconf 85' lang='grc' dir='ltr'><strong>τῶν</strong></span> <span class='ocrx_word' id='word_1_527' title='bbox 1596 5049 1855 5119; x_wconf 79' lang='grc' dir='ltr'>κυμάτων</span> 
     </span>
    </p>
   </div>
   <div class='ocr_carea' id='block_1_71' title="bbox 292 5139 1854 5212">
    <p class='ocr_par' dir='ltr' id='par_1_71' title="bbox 292 5139 1854 5212">
     <span class='ocr_line' id='line_1_71' title="bbox 292 5139 1854 5212; baseline -0.006 -14"><span class='ocrx_word' id='word_1_528' title='bbox 292 5145 461 5212; x_wconf 82' lang='grc' dir='ltr'>αὐτῆς</span> <span class='ocrx_word' id='word_1_529' title='bbox 496 5142 560 5196; x_wconf 74' lang='grc' dir='ltr'>σὺ</span> <span class='ocrx_word' id='word_1_530' title='bbox 592 5141 1010 5212; x_wconf 81' lang='grc' dir='ltr'>καταπραΰνεις.</span> <span class='ocrx_word' id='word_1_531' title='bbox 1039 5140 1128 5193; x_wconf 90' lang='grc' dir='ltr'>Σοί</span> <span class='ocrx_word' id='word_1_532' title='bbox 1156 5141 1292 5192; x_wconf 89' lang='grc' dir='ltr'>εἰσιν</span> <span class='ocrx_word' id='word_1_533' title='bbox 1320 5142 1366 5192; x_wconf 83' lang='grc' dir='ltr'><strong>οἰ</strong></span> <span class='ocrx_word' id='word_1_534' title='bbox 1393 5139 1632 5210; x_wconf 72' lang='grc' dir='ltr'>οὐρανοὶ,</span> <span class='ocrx_word' id='word_1_535' title='bbox 1664 5139 1758 5191; x_wconf 85' lang='grc' dir='ltr'><strong>καὶ</strong></span> <span class='ocrx_word' id='word_1_536' title='bbox 1788 5145 1854 5207; x_wconf 79' lang='grc' dir='ltr'>σή</span> 
     </span>
    </p>
   </div>
   <div class='ocr_carea' id='block_1_72' title="bbox 292 5230 1860 5305">
    <p class='ocr_par' dir='ltr' id='par_1_72' title="bbox 292 5230 1860 5305">
     <span class='ocr_line' id='line_1_72' title="bbox 292 5230 1860 5305; baseline -0.007 -15"><span class='ocrx_word' id='word_1_537' title='bbox 292 5241 438 5291; x_wconf 76' lang='grc' dir='ltr'>ἐστιν</span> <span class='ocrx_word' id='word_1_538' title='bbox 462 5237 496 5305; x_wconf 84' lang='grc' dir='ltr'>ἠ</span> <span class='ocrx_word' id='word_1_539' title='bbox 525 5235 595 5304; x_wconf 81' lang='grc' dir='ltr'>γῆ</span> <span class='ocrx_word' id='word_1_540' title='bbox 625 5250 639 5264; x_wconf 86' lang='grc'><strong>·</strong></span> <span class='ocrx_word' id='word_1_541' title='bbox 670 5233 766 5303; x_wconf 75' lang='grc' dir='ltr'>τὴν</span> <span class='ocrx_word' id='word_1_542' title='bbox 798 5233 1144 5302; x_wconf 81' lang='grc' dir='ltr'>οἰκουμένην,</span> <span class='ocrx_word' id='word_1_543' title='bbox 1178 5233 1270 5284; x_wconf 83' lang='grc' dir='ltr'><strong>καὶ</strong></span> <span class='ocrx_word' id='word_1_544' title='bbox 1299 5232 1358 5283; x_wconf 80' lang='grc' dir='ltr'>τὸ</span> <span class='ocrx_word' id='word_1_545' title='bbox 1386 5231 1660 5300; x_wconf 82' lang='grc' dir='ltr'>πλήρωμα</span> <span class='ocrx_word' id='word_1_546' title='bbox 1691 5230 1860 5298; x_wconf 75' lang='grc' dir='ltr'>αὐτῆς</span> 
     </span>
    </p>
   </div>
   <div class='ocr_carea' id='block_1_73' title="bbox 293 5321 1858 5398">
    <p class='ocr_par' dir='ltr' id='par_1_73' title="bbox 293 5321 1858 5398">
     <span class='ocr_line' id='line_1_73' title="bbox 293 5321 1858 5398; baseline -0.006 -16"><span class='ocrx_word' id='word_1_547' title='bbox 293 5331 356 5382; x_wconf 73' lang='grc' dir='ltr'>σὺ</span> <span class='ocrx_word' id='word_1_548' title='bbox 381 5326 770 5398; x_wconf 77' lang='grc' dir='ltr'>ἐθεμελίωσας.</span> <span class='ocrx_word' id='word_1_549' title='bbox 800 5327 956 5377; x_wconf 80' lang='grc' dir='ltr'>ι”Οτε</span> <span class='ocrx_word' id='word_1_550' title='bbox 990 5327 1170 5377; x_wconf 87' lang='grc' dir='ltr'>τοίνυν</span> <span class='ocrx_word' id='word_1_551' title='bbox 1196 5324 1271 5394; x_wconf 79' lang='grc' dir='ltr'>τῷ</span> <span class='ocrx_word' id='word_1_552' title='bbox 1298 5324 1737 5392; x_wconf 80' lang='grc' dir='ltr'>καταπραΰνοντι</span> <span class='ocrx_word' id='word_1_553' title='bbox 1762 5321 1858 5392; x_wconf 80' lang='grc' dir='ltr'>τὴν</span> 
     </span>
    </p>
   </div>
   <div class='ocr_carea' id='block_1_74' title="bbox 291 5405 1855 5487">
    <p class='ocr_par' dir='ltr' id='par_1_74' title="bbox 291 5405 1855 5487">
     <span class='ocr_line' id='line_1_74' title="bbox 291 5405 1855 5487; baseline -0.006 -15"><span class='ocrx_word' id='word_1_554' title='bbox 291 5420 568 5473; x_wconf 84' lang='grc' dir='ltr'>θάλασσαν</span> <span class='ocrx_word' id='word_1_555' title='bbox 609 5415 810 5487; x_wconf 76' lang='grc' dir='ltr'>πρέποι</span> <span class='ocrx_word' id='word_1_556' title='bbox 863 5415 927 5468; x_wconf 81' lang='grc' dir='ltr'>ἂν</span> <span class='ocrx_word' id='word_1_557' title='bbox 977 5417 1070 5468; x_wconf 86' lang='grc' dir='ltr'><strong>καὶ</strong></span> <span class='ocrx_word' id='word_1_558' title='bbox 1117 5405 1174 5468; x_wconf 71' lang='grc' dir='ltr'>τδ</span> <span class='ocrx_word' id='word_1_559' title='bbox 1215 5413 1496 5476; x_wconf 77' lang='grc' dir='ltr'>δεσπόζειν</span> <span class='ocrx_word' id='word_1_560' title='bbox 1544 5413 1654 5464; x_wconf 88' lang='grc' dir='ltr'><strong>τῶν</strong></span> <span class='ocrx_word' id='word_1_561' title='bbox 1697 5413 1855 5474; x_wconf 76' lang='grc' dir='ltr'>ὅλων,</span> 
     </span>
    </p>
   </div>
   <div class='ocr_carea' id='block_1_75' title="bbox 292 5504 1861 5583">
    <p class='ocr_par' dir='ltr' id='par_1_75' title="bbox 292 5504 1861 5583">
     <span class='ocr_line' id='line_1_75' title="bbox 292 5504 1861 5583; baseline -0.004 -18"><span class='ocrx_word' id='word_1_562' title='bbox 292 5513 438 5583; x_wconf 79' lang='grc' dir='ltr'>ἔχειν</span> <span class='ocrx_word' id='word_1_563' title='bbox 465 5510 521 5562; x_wconf 82' lang='grc' dir='ltr'>δὲ</span> <span class='ocrx_word' id='word_1_564' title='bbox 568 5507 730 5571; x_wconf 77' lang='grc' dir='ltr'>ἰδίους</span> <span class='ocrx_word' id='word_1_565' title='bbox 760 5509 884 5570; x_wconf 79' lang='grc' dir='ltr'>τοὺς</span> <span class='ocrx_word' id='word_1_566' title='bbox 914 5509 1198 5578; x_wconf 68' lang='grc' dir='ltr'>οὐρανοὺς,</span> <span class='ocrx_word' id='word_1_567' title='bbox 1247 5507 1337 5559; x_wconf 82' lang='grc' dir='ltr'><strong>καὶ</strong></span> <span class='ocrx_word' id='word_1_568' title='bbox 1379 5505 1662 5576; x_wconf 75' lang='grc' dir='ltr'>θεμελιοῦν</span> <span class='ocrx_word' id='word_1_569' title='bbox 1703 5504 1861 5559; x_wconf 81' lang='grc' dir='ltr'>δύνα-</span> 
     </span>
    </p>
   </div>
   <div class='ocr_carea' id='block_1_76' title="bbox 751 5685 1503 5752">
    <p class='ocr_par' dir='ltr' id='par_1_76' title="bbox 751 5685 1503 5752">
     <span class='ocr_line' id='line_1_76' title="bbox 751 5685 1503 5752; baseline -0.005 -10"><span class='ocrx_word' id='word_1_570' title='bbox 751 5693 863 5745; x_wconf 52' lang='grc' dir='ltr'>ει.</span> <span class='ocrx_word' id='word_1_571' title='bbox 945 5691 988 5720; x_wconf 67' lang='grc' dir='ltr'><strong>ἰ</strong></span> <span class='ocrx_word' id='word_1_572' title='bbox 1023 5688 1151 5741; x_wconf 83' lang='lat' dir='ltr'><strong>Luc.</strong></span> <span class='ocrx_word' id='word_1_573' title='bbox 1190 5685 1503 5752; x_wconf 66' lang='lat' dir='ltr'><strong>Vtt,2l,&quot;23.</strong></span> 
     </span>
    </p>
   </div>
   <div class='ocr_carea' id='block_1_77' title="bbox 827 5755 1837 5825">
    <p class='ocr_par' dir='ltr' id='par_1_77' title="bbox 827 5755 1837 5825">
     <span class='ocr_line' id='line_1_77' title="bbox 827 5755 1837 5825; baseline -0.007 -13"><span class='ocrx_word' id='word_1_574' title='bbox 827 5766 842 5816; x_wconf 85' lang='grc' dir='ltr'><strong>Ι</strong></span> <span class='ocrx_word' id='word_1_575' title='bbox 878 5780 888 5823; x_wconf 88' lang='grc'>;</span> <span class='ocrx_word' id='word_1_576' title='bbox 928 5760 1056 5814; x_wconf 77' lang='lat' dir='ltr'><strong>[.ttt&#39;.</strong></span> <span class='ocrx_word' id='word_1_577' title='bbox 1092 5775 1163 5825; x_wconf 72' lang='grc' dir='ltr'><strong>ιν,</strong></span> <span class='ocrx_word' id='word_1_578' title='bbox 1199 5761 1280 5811; x_wconf 83' lang='lat' dir='ltr'><strong>l8.</strong></span> <span class='ocrx_word' id='word_1_579' title='bbox 1380 5759 1420 5787; x_wconf 64' lang='grc' dir='ltr'>δ”</span> <span class='ocrx_word' id='word_1_580' title='bbox 1453 5755 1581 5810; x_wconf 78' lang='lat' dir='ltr'><strong>Lut‘.</strong></span> <span class='ocrx_word' id='word_1_581' title='bbox 1609 5772 1720 5822; x_wconf 81' lang='grc' dir='ltr'>ιἰιι,</span> <span class='ocrx_word' id='word_1_582' title='bbox 1748 5756 1837 5813; x_wconf 59' lang='grc' dir='ltr'>ιιι,</span> 
     </span>
    </p>
   </div>
   <div class='ocr_carea' id='block_1_78' title="bbox 1584 5684 2054 5752">
    <p class='ocr_par' dir='ltr' id='par_1_78' title="bbox 1584 5684 2054 5752">
     <span class='ocr_line' id='line_1_78' title="bbox 1584 5684 2054 5752; baseline -0.002 -14"><span class='ocrx_word' id='word_1_583' title='bbox 1584 5686 1644 5716; x_wconf 63' lang='grc'><strong>³³³</strong></span> <span class='ocrx_word' id='word_1_584' title='bbox 1674 5684 1772 5738; x_wconf 86' lang='lat' dir='ltr'><strong>lsa.</strong></span> <span class='ocrx_word' id='word_1_585' title='bbox 1808 5700 1902 5752; x_wconf 74' lang='grc' dir='ltr'>ιιι,</span> <span class='ocrx_word' id='word_1_586' title='bbox 1927 5701 1964 5745; x_wconf 88' lang='grc' dir='ltr'>ι.</span> <span class='ocrx_word' id='word_1_587' title='bbox 1999 5685 2054 5739; x_wconf 81' lang='grc'><strong>5.</strong></span> 
     </span>
    </p>
   </div>
   <div class='ocr_carea' id='block_1_79' title="bbox 1943 1953 3514 2025">
    <p class='ocr_par' dir='ltr' id='par_1_79' title="bbox 1943 1953 3514 2025">
     <span class='ocr_line' id='line_1_79' title="bbox 1943 1953 3514 2025; baseline -0.006 -14"><span class='ocrx_word' id='word_1_588' title='bbox 1943 1960 2020 2012; x_wconf 70' lang='lat' dir='ltr'><strong>vit</strong></span> <span class='ocrx_word' id='word_1_589' title='bbox 2059 1959 2252 2012; x_wconf 66' lang='lat' dir='ltr'><strong>visum.</strong></span> <span class='ocrx_word' id='word_1_590' title='bbox 2289 1958 2350 2010; x_wconf 86' lang='lat' dir='ltr'><strong>Et</strong></span> <span class='ocrx_word' id='word_1_591' title='bbox 2375 1956 2708 2025; x_wconf 83' lang='lat' dir='ltr'><strong>respondens</strong></span> <span class='ocrx_word' id='word_1_592' title='bbox 2737 1955 2872 2006; x_wconf 79' lang='lat' dir='ltr'><strong>dixit</strong></span> <span class='ocrx_word' id='word_1_593' title='bbox 2903 1954 3005 2006; x_wconf 82' lang='lat' dir='ltr'><strong>illis</strong></span> <span class='ocrx_word' id='word_1_594' title='bbox 3035 1971 3047 2005; x_wconf 90' lang='lat'><strong>:</strong></span> <span class='ocrx_word' id='word_1_595' title='bbox 3089 1953 3288 2004; x_wconf 68' lang='lat' dir='ltr'><strong>linntes</strong></span> <span class='ocrx_word' id='word_1_596' title='bbox 3314 1966 3514 2003; x_wconf 84' lang='lat' dir='ltr'><strong>renun-</strong></span> 
     </span>
    </p>
   </div>
   <div class='ocr_carea' id='block_1_80' title="bbox 1946 2039 3511 2115">
    <p class='ocr_par' dir='ltr' id='par_1_80' title="bbox 1946 2039 3511 2115">
     <span class='ocr_line' id='line_1_80' title="bbox 1946 2039 3511 2115; baseline -0.007 -13"><span class='ocrx_word' id='word_1_597' title='bbox 1946 2050 2077 2103; x_wconf 88' lang='lat' dir='ltr'><strong>tiate</strong></span> <span class='ocrx_word' id='word_1_598' title='bbox 2130 2047 2326 2101; x_wconf 81' lang='lat' dir='ltr'><strong>Joanni</strong></span> <span class='ocrx_word' id='word_1_599' title='bbox 2380 2061 2501 2115; x_wconf 68' lang='lat' dir='ltr'><strong>quae</strong></span> <span class='ocrx_word' id='word_1_600' title='bbox 2553 2045 2784 2098; x_wconf 85' lang='lat' dir='ltr'><strong>audistis</strong></span> <span class='ocrx_word' id='word_1_601' title='bbox 2838 2053 2891 2097; x_wconf 87' lang='lat' dir='ltr'><strong>et</strong></span> <span class='ocrx_word' id='word_1_602' title='bbox 2925 2043 3134 2096; x_wconf 69' lang='lat' dir='ltr'><strong>vidistis</strong></span> <span class='ocrx_word' id='word_1_603' title='bbox 3171 2057 3184 2094; x_wconf 92' lang='lat'><strong>:</strong></span> <span class='ocrx_word' id='word_1_604' title='bbox 3223 2041 3346 2110; x_wconf 86' lang='lat' dir='ltr'><strong>quia</strong></span> <span class='ocrx_word' id='word_1_605' title='bbox 3383 2039 3511 2092; x_wconf 69' lang='lat' dir='ltr'><strong>caeci</strong></span> 
     </span>
    </p>
   </div>
   <div class='ocr_carea' id='block_1_81' title="bbox 1944 2131 3513 2204">
    <p class='ocr_par' dir='ltr' id='par_1_81' title="bbox 1944 2131 3513 2204">
     <span class='ocr_line' id='line_1_81' title="bbox 1944 2131 3513 2204; baseline -0.007 -11"><span class='ocrx_word' id='word_1_606' title='bbox 1944 2141 2148 2204; x_wconf 85' lang='lat' dir='ltr'><strong>vident,</strong></span> <span class='ocrx_word' id='word_1_607' title='bbox 2175 2139 2350 2193; x_wconf 87' lang='lat' dir='ltr'><strong>claudi</strong></span> <span class='ocrx_word' id='word_1_608' title='bbox 2411 2134 2928 2203; x_wconf 83' lang='lat' dir='ltr'><strong>amhulant,leprosi</strong></span> <span class='ocrx_word' id='word_1_609' title='bbox 2985 2134 3333 2194; x_wconf 83' lang='lat' dir='ltr'><strong>niundantnr,</strong></span> <span class='ocrx_word' id='word_1_610' title='bbox 3363 2131 3513 2184; x_wconf 88' lang='lat' dir='ltr'><strong>surdi</strong></span> 
     </span>
    </p>
   </div>
   <div class='ocr_carea' id='block_1_82' title="bbox 1946 2223 3517 2296">
    <p class='ocr_par' dir='ltr' id='par_1_82' title="bbox 1946 2223 3517 2296">
     <span class='ocr_line' id='line_1_82' title="bbox 1946 2223 3517 2296; baseline -0.01 -10"><span class='ocrx_word' id='word_1_611' title='bbox 1946 2232 2193 2294; x_wconf 89' lang='lat' dir='ltr'><strong>audiunt,</strong></span> <span class='ocrx_word' id='word_1_612' title='bbox 2221 2229 2417 2284; x_wconf 88' lang='lat' dir='ltr'><strong>tnortui</strong></span> <span class='ocrx_word' id='word_1_613' title='bbox 2477 2236 2786 2296; x_wconf 82' lang='lat' dir='ltr'><strong>resurgunt,</strong></span> <span class='ocrx_word' id='word_1_614' title='bbox 2822 2239 3084 2294; x_wconf 83' lang='lat' dir='ltr'><strong>pauperes</strong></span> <span class='ocrx_word' id='word_1_615' title='bbox 3137 2223 3517 2291; x_wconf 80' lang='lat' dir='ltr'><strong>evangelizau-</strong></span> 
     </span>
    </p>
   </div>
   <div class='ocr_carea' id='block_1_83' title="bbox 1945 2313 3514 2387">
    <p class='ocr_par' dir='ltr' id='par_1_83' title="bbox 1945 2313 3514 2387">
     <span class='ocr_line' id='line_1_83' title="bbox 1945 2313 3514 2387; baseline -0.008 -9"><span class='ocrx_word' id='word_1_616' title='bbox 1945 2334 2034 2378; x_wconf 88' lang='lat' dir='ltr'><strong>tur</strong></span> <span class='ocrx_word' id='word_1_617' title='bbox 2065 2341 2078 2376; x_wconf 89' lang='lat'><strong>:</strong></span> <span class='ocrx_word' id='word_1_618' title='bbox 2117 2330 2170 2374; x_wconf 88' lang='lat' dir='ltr'><strong>et</strong></span> <span class='ocrx_word' id='word_1_619' title='bbox 2205 2321 2394 2376; x_wconf 85' lang='lat' dir='ltr'><strong>beatus</strong></span> <span class='ocrx_word' id='word_1_620' title='bbox 2417 2327 2505 2374; x_wconf 89' lang='lat' dir='ltr'><strong>est</strong></span> <span class='ocrx_word' id='word_1_621' title='bbox 2533 2318 2842 2387; x_wconf 82' lang='lat' dir='ltr'><strong>quicunque</strong></span> <span class='ocrx_word' id='word_1_622' title='bbox 2878 2332 2982 2369; x_wconf 92' lang='lat' dir='ltr'><strong>non</strong></span> <span class='ocrx_word' id='word_1_623' title='bbox 3047 2315 3208 2368; x_wconf 78' lang='lat' dir='ltr'><strong>fuerit</strong></span> <span class='ocrx_word' id='word_1_624' title='bbox 3245 2313 3514 2367; x_wconf 79' lang='lat' dir='ltr'><strong>scandali-</strong></span> 
     </span>
    </p>
   </div>
   <div class='ocr_carea' id='block_1_84' title="bbox 1946 2405 3512 2474">
    <p class='ocr_par' dir='ltr' id='par_1_84' title="bbox 1946 2405 3512 2474">
     <span class='ocr_line' id='line_1_84' title="bbox 1946 2405 3512 2474; baseline -0.008 -6"><span class='ocrx_word' id='word_1_625' title='bbox 1946 2422 2100 2468; x_wconf 79' lang='lat' dir='ltr'><strong>zatus</strong></span> <span class='ocrx_word' id='word_1_626' title='bbox 2127 2413 2178 2466; x_wconf 94' lang='lat' dir='ltr'><strong>in</strong></span> <span class='ocrx_word' id='word_1_627' title='bbox 2207 2427 2291 2466; x_wconf 90' lang='lat' dir='ltr'><strong>tne</strong></span> <span class='ocrx_word' id='word_1_628' title='bbox 2319 2410 2383 2465; x_wconf 69' lang='lat'><strong>“.</strong></span> <span class='ocrx_word' id='word_1_629' title='bbox 2415 2429 2434 2461; x_wconf 73' lang='grc' dir='ltr'><strong>ι</strong></span> <span class='ocrx_word' id='word_1_630' title='bbox 2462 2409 2642 2465; x_wconf 85' lang='lat' dir='ltr'><strong>Factis</strong></span> <span class='ocrx_word' id='word_1_631' title='bbox 2679 2409 2985 2462; x_wconf 85' lang='lat' dir='ltr'><strong>divinorum</strong></span> <span class='ocrx_word' id='word_1_632' title='bbox 3023 2405 3289 2474; x_wconf 88' lang='lat' dir='ltr'><strong>planeque</strong></span> <span class='ocrx_word' id='word_1_633' title='bbox 3339 2405 3512 2459; x_wconf 81' lang='lat' dir='ltr'><strong>admi-</strong></span> 
     </span>
    </p>
   </div>
   <div class='ocr_carea' id='block_1_85' title="bbox 1947 2497 3518 2571">
    <p class='ocr_par' dir='ltr' id='par_1_85' title="bbox 1947 2497 3518 2571">
     <span class='ocr_line' id='line_1_85' title="bbox 1947 2497 3518 2571; baseline -0.006 -14"><span class='ocrx_word' id='word_1_634' title='bbox 1947 2503 2193 2557; x_wconf 89' lang='lat' dir='ltr'><strong>rahiliutn</strong></span> <span class='ocrx_word' id='word_1_635' title='bbox 2263 2517 2485 2571; x_wconf 83' lang='lat' dir='ltr'><strong>Operum</strong></span> <span class='ocrx_word' id='word_1_636' title='bbox 2549 2508 2881 2567; x_wconf 87' lang='lat' dir='ltr'><strong>patratorem</strong></span> <span class='ocrx_word' id='word_1_637' title='bbox 2958 2497 3211 2552; x_wconf 78' lang='lat' dir='ltr'><strong>Christus</strong></span> <span class='ocrx_word' id='word_1_638' title='bbox 3271 2511 3330 2548; x_wconf 91' lang='lat' dir='ltr'><strong>se</strong></span> <span class='ocrx_word' id='word_1_639' title='bbox 3399 2511 3518 2548; x_wconf 73' lang='lat' dir='ltr'><strong>esse</strong></span> 
     </span>
    </p>
   </div>
   <div class='ocr_carea' id='block_1_86' title="bbox 1948 2589 3517 2662">
    <p class='ocr_par' dir='ltr' id='par_1_86' title="bbox 1948 2589 3517 2662">
     <span class='ocr_line' id='line_1_86' title="bbox 1948 2589 3517 2662; baseline -0.007 -11"><span class='ocrx_word' id='word_1_640' title='bbox 1948 2597 2360 2657; x_wconf 88' lang='lat' dir='ltr'><strong>demonstrans,</strong></span> <span class='ocrx_word' id='word_1_641' title='bbox 2401 2609 2520 2662; x_wconf 71' lang='lat' dir='ltr'><strong>qua:</strong></span> <span class='ocrx_word' id='word_1_642' title='bbox 2561 2607 2656 2662; x_wconf 87' lang='lat' dir='ltr'><strong>per</strong></span> <span class='ocrx_word' id='word_1_643' title='bbox 2699 2590 2974 2660; x_wconf 72' lang='lat' dir='ltr'><strong>propheta:</strong></span> <span class='ocrx_word' id='word_1_644' title='bbox 3025 2603 3210 2642; x_wconf 73' lang='lat' dir='ltr'><strong>vocem</strong></span> <span class='ocrx_word' id='word_1_645' title='bbox 3244 2589 3517 2657; x_wconf 84' lang='lat' dir='ltr'><strong>quondam</strong></span> 
     </span>
    </p>
   </div>
   <div class='ocr_carea' id='block_1_87' title="bbox 1947 2677 3512 2754">
    <p class='ocr_par' dir='ltr' id='par_1_87' title="bbox 1947 2677 3512 2754">
     <span class='ocr_line' id='line_1_87' title="bbox 1947 2677 3512 2754; baseline -0.005 -15"><span class='ocrx_word' id='word_1_646' title='bbox 1947 2685 2014 2740; x_wconf 90' lang='lat' dir='ltr'><strong>de</strong></span> <span class='ocrx_word' id='word_1_647' title='bbox 2067 2700 2125 2738; x_wconf 87' lang='lat' dir='ltr'><strong>se</strong></span> <span class='ocrx_word' id='word_1_648' title='bbox 2177 2683 2431 2754; x_wconf 61' lang='lat' dir='ltr'><strong>praedicta</strong></span> <span class='ocrx_word' id='word_1_649' title='bbox 2486 2681 2722 2745; x_wconf 80' lang='lat' dir='ltr'><strong>fuerant,</strong></span> <span class='ocrx_word' id='word_1_650' title='bbox 2778 2681 2830 2733; x_wconf 93' lang='lat' dir='ltr'><strong>iu</strong></span> <span class='ocrx_word' id='word_1_651' title='bbox 2893 2680 3213 2732; x_wconf 80' lang='lat' dir='ltr'><strong>memoriam</strong></span> <span class='ocrx_word' id='word_1_652' title='bbox 3281 2677 3512 2731; x_wconf 75' lang='lat' dir='ltr'><strong>reducit.</strong></span> 
     </span>
    </p>
   </div>
   <div class='ocr_carea' id='block_1_88' title="bbox 1950 2768 3519 2832">
    <p class='ocr_par' dir='ltr' id='par_1_88' title="bbox 1950 2768 3519 2832">
     <span class='ocr_line' id='line_1_88' title="bbox 1950 2768 3519 2832; baseline -0.008 0"><span class='ocrx_word' id='word_1_653' title='bbox 1950 2778 2165 2832; x_wconf 73' lang='lat' dir='ltr'><strong>Dixerat</strong></span> <span class='ocrx_word' id='word_1_654' title='bbox 2183 2775 2328 2830; x_wconf 89' lang='lat' dir='ltr'><strong>enim</strong></span> <span class='ocrx_word' id='word_1_655' title='bbox 2355 2773 2559 2827; x_wconf 86' lang='lat' dir='ltr'><strong>Isaias:</strong></span> <span class='ocrx_word' id='word_1_656' title='bbox 2589 2791 2607 2823; x_wconf 85' lang='grc' dir='ltr'><strong>ι</strong></span> <span class='ocrx_word' id='word_1_657' title='bbox 2629 2769 3026 2826; x_wconf 71' lang='lat' dir='ltr'><strong>Coul&#39;ortatnini</strong></span> <span class='ocrx_word' id='word_1_658' title='bbox 3048 2785 3237 2822; x_wconf 87' lang='lat' dir='ltr'><strong>manus</strong></span> <span class='ocrx_word' id='word_1_659' title='bbox 3259 2768 3519 2828; x_wconf 70' lang='lat' dir='ltr'><strong>remissae,</strong></span> 
     </span>
    </p>
   </div>
   <div class='ocr_carea' id='block_1_89' title="bbox 1947 2861 3520 2938">
    <p class='ocr_par' dir='ltr' id='par_1_89' title="bbox 1947 2861 3520 2938">
     <span class='ocr_line' id='line_1_89' title="bbox 1947 2861 3520 2938; baseline -0.006 -16"><span class='ocrx_word' id='word_1_660' title='bbox 1947 2878 1999 2924; x_wconf 89' lang='lat' dir='ltr'><strong>et</strong></span> <span class='ocrx_word' id='word_1_661' title='bbox 2038 2883 2210 2938; x_wconf 88' lang='lat' dir='ltr'><strong>genua</strong></span> <span class='ocrx_word' id='word_1_662' title='bbox 2264 2868 2436 2920; x_wconf 85' lang='lat' dir='ltr'><strong>soluta</strong></span> <span class='ocrx_word' id='word_1_663' title='bbox 2469 2867 2561 2922; x_wconf 69' lang='grc'><strong>³⁸⁸,</strong></span> <span class='ocrx_word' id='word_1_664' title='bbox 2602 2884 2619 2916; x_wconf 72' lang='grc' dir='ltr'><strong>ι</strong></span> <span class='ocrx_word' id='word_1_665' title='bbox 2656 2863 2771 2917; x_wconf 75' lang='lat' dir='ltr'><strong>Mox</strong></span> <span class='ocrx_word' id='word_1_666' title='bbox 2826 2877 2958 2916; x_wconf 67' lang='lat' dir='ltr'><strong>vero</strong></span> <span class='ocrx_word' id='word_1_667' title='bbox 2993 2862 3146 2930; x_wconf 86' lang='lat' dir='ltr'><strong>quasi</strong></span> <span class='ocrx_word' id='word_1_668' title='bbox 3192 2861 3356 2932; x_wconf 88' lang='lat' dir='ltr'><strong>digito</strong></span> <span class='ocrx_word' id='word_1_669' title='bbox 3398 2875 3520 2928; x_wconf 53' lang='lat' dir='ltr'><strong>pro.</strong></span> 
     </span>
    </p>
   </div>
   <div class='ocr_carea' id='block_1_90' title="bbox 1953 2951 3520 3016">
    <p class='ocr_par' dir='ltr' id='par_1_90' title="bbox 1953 2951 3520 3016">
     <span class='ocr_line' id='line_1_90' title="bbox 1953 2951 3520 3016; baseline -0.008 -4"><span class='ocrx_word' id='word_1_670' title='bbox 1953 2968 2175 3012; x_wconf 84' lang='lat' dir='ltr'><strong>tensave</strong></span> <span class='ocrx_word' id='word_1_671' title='bbox 2231 2973 2390 3010; x_wconf 90' lang='lat' dir='ltr'><strong>tnanu</strong></span> <span class='ocrx_word' id='word_1_672' title='bbox 2452 2955 2858 3008; x_wconf 82' lang='lat' dir='ltr'><strong>Emmanuclem</strong></span> <span class='ocrx_word' id='word_1_673' title='bbox 2909 2957 3224 3016; x_wconf 76' lang='lat' dir='ltr'><strong>ostendens,</strong></span> <span class='ocrx_word' id='word_1_674' title='bbox 3279 2953 3350 3004; x_wconf 89' lang='lat' dir='ltr'><strong>ita</strong></span> <span class='ocrx_word' id='word_1_675' title='bbox 3406 2951 3520 3002; x_wconf 86' lang='lat' dir='ltr'><strong>ait:</strong></span> 
     </span>
    </p>
   </div>
   <div class='ocr_carea' id='block_1_91' title="bbox 1958 3041 3524 3110">
    <p class='ocr_par' dir='ltr' id='par_1_91' title="bbox 1958 3041 3524 3110">
     <span class='ocr_line' id='line_1_91' title="bbox 1958 3041 3524 3110; baseline -0.004 -10"><span class='ocrx_word' id='word_1_676' title='bbox 1958 3068 1975 3100; x_wconf 85' lang='grc' dir='ltr'><strong>ι</strong></span> <span class='ocrx_word' id='word_1_677' title='bbox 2012 3049 2150 3103; x_wconf 83' lang='lat' dir='ltr'><strong>Ecce</strong></span> <span class='ocrx_word' id='word_1_678' title='bbox 2199 3047 2341 3102; x_wconf 84' lang='lat' dir='ltr'><strong>Deus</strong></span> <span class='ocrx_word' id='word_1_679' title='bbox 2372 3057 2574 3110; x_wconf 77' lang='lat' dir='ltr'><strong>noster,</strong></span> <span class='ocrx_word' id='word_1_680' title='bbox 2600 3062 2727 3099; x_wconf 88' lang='lat' dir='ltr'><strong>ecce</strong></span> <span class='ocrx_word' id='word_1_681' title='bbox 2757 3045 3014 3098; x_wconf 82' lang='lat' dir='ltr'><strong>Dominus</strong></span> <span class='ocrx_word' id='word_1_682' title='bbox 3043 3059 3164 3098; x_wconf 82' lang='lat' dir='ltr'><strong>eum</strong></span> <span class='ocrx_word' id='word_1_683' title='bbox 3211 3041 3524 3095; x_wconf 79' lang='lat' dir='ltr'><strong>fortitudine</strong></span> 
     </span>
    </p>
   </div>
   <div class='ocr_carea' id='block_1_92' title="bbox 1953 3132 3526 3204">
    <p class='ocr_par' dir='ltr' id='par_1_92' title="bbox 1953 3132 3526 3204">
     <span class='ocr_line' id='line_1_92' title="bbox 1953 3132 3526 3204; baseline -0.003 -13"><span class='ocrx_word' id='word_1_684' title='bbox 1953 3140 2122 3204; x_wconf 73' lang='lat' dir='ltr'><strong>venit,</strong></span> <span class='ocrx_word' id='word_1_685' title='bbox 2175 3148 2229 3192; x_wconf 89' lang='lat' dir='ltr'><strong>et</strong></span> <span class='ocrx_word' id='word_1_686' title='bbox 2297 3138 2576 3192; x_wconf 89' lang='lat' dir='ltr'><strong>hrachium</strong></span> <span class='ocrx_word' id='word_1_687' title='bbox 2633 3152 2753 3190; x_wconf 91' lang='lat' dir='ltr'><strong>cum</strong></span> <span class='ocrx_word' id='word_1_688' title='bbox 2819 3136 3186 3190; x_wconf 89' lang='lat' dir='ltr'><strong>dominatione</strong></span> <span class='ocrx_word' id='word_1_689' title='bbox 3210 3135 3277 3188; x_wconf 82' lang='grc'><strong>³⁸.</strong></span> <span class='ocrx_word' id='word_1_690' title='bbox 3327 3151 3345 3184; x_wconf 74' lang='grc' dir='ltr'><strong>ι</strong></span> <span class='ocrx_word' id='word_1_691' title='bbox 3388 3132 3526 3187; x_wconf 81' lang='lat' dir='ltr'><strong>Dicit</strong></span> 
     </span>
    </p>
   </div>
   <div class='ocr_carea' id='block_1_93' title="bbox 1951 3225 3523 3298">
    <p class='ocr_par' dir='ltr' id='par_1_93' title="bbox 1951 3225 3523 3298">
     <span class='ocr_line' id='line_1_93' title="bbox 1951 3225 3523 3298; baseline -0.005 -15"><span class='ocrx_word' id='word_1_692' title='bbox 1951 3232 2088 3284; x_wconf 89' lang='lat' dir='ltr'><strong>idem</strong></span> <span class='ocrx_word' id='word_1_693' title='bbox 2117 3239 2170 3284; x_wconf 89' lang='lat' dir='ltr'><strong>et</strong></span> <span class='ocrx_word' id='word_1_694' title='bbox 2201 3230 2307 3283; x_wconf 92' lang='lat' dir='ltr'><strong>alio</strong></span> <span class='ocrx_word' id='word_1_695' title='bbox 2347 3243 2563 3298; x_wconf 81' lang='lat' dir='ltr'><strong>quoque</strong></span> <span class='ocrx_word' id='word_1_696' title='bbox 2592 3227 2748 3282; x_wconf 87' lang='lat' dir='ltr'><strong>loco:</strong></span> <span class='ocrx_word' id='word_1_697' title='bbox 2777 3246 2794 3277; x_wconf 80' lang='grc' dir='ltr'><strong>ι</strong></span> <span class='ocrx_word' id='word_1_698' title='bbox 2839 3226 2992 3281; x_wconf 86' lang='lat' dir='ltr'><strong>Tunc</strong></span> <span class='ocrx_word' id='word_1_699' title='bbox 3029 3225 3344 3296; x_wconf 87' lang='lat' dir='ltr'><strong>aperientur</strong></span> <span class='ocrx_word' id='word_1_700' title='bbox 3381 3225 3523 3278; x_wconf 89' lang='lat' dir='ltr'><strong>oculi</strong></span> 
     </span>
    </p>
   </div>
   <div class='ocr_carea' id='block_1_94' title="bbox 1951 3315 3528 3385">
    <p class='ocr_par' dir='ltr' id='par_1_94' title="bbox 1951 3315 3528 3385">
     <span class='ocr_line' id='line_1_94' title="bbox 1951 3315 3528 3385; baseline -0.006 -10"><span class='ocrx_word' id='word_1_701' title='bbox 1951 3336 2238 3385; x_wconf 71' lang='lat' dir='ltr'><strong>cmcorum,</strong></span> <span class='ocrx_word' id='word_1_702' title='bbox 2272 3329 2324 3374; x_wconf 90' lang='lat' dir='ltr'><strong>et</strong></span> <span class='ocrx_word' id='word_1_703' title='bbox 2381 3335 2544 3373; x_wconf 89' lang='lat' dir='ltr'><strong>aures</strong></span> <span class='ocrx_word' id='word_1_704' title='bbox 2573 3319 2858 3372; x_wconf 91' lang='lat' dir='ltr'><strong>surdorum</strong></span> <span class='ocrx_word' id='word_1_705' title='bbox 2905 3319 3146 3380; x_wconf 87' lang='lat' dir='ltr'><strong>audient,</strong></span> <span class='ocrx_word' id='word_1_706' title='bbox 3185 3327 3312 3369; x_wconf 90' lang='lat' dir='ltr'><strong>tunc</strong></span> <span class='ocrx_word' id='word_1_707' title='bbox 3373 3315 3528 3369; x_wconf 59' lang='lat' dir='ltr'><strong>saliet</strong></span> 
     </span>
    </p>
   </div>
   <div class='ocr_carea' id='block_1_95' title="bbox 1953 3409 3528 3480">
    <p class='ocr_par' dir='ltr' id='par_1_95' title="bbox 1953 3409 3528 3480">
     <span class='ocr_line' id='line_1_95' title="bbox 1953 3409 3528 3480; baseline -0.004 -14"><span class='ocrx_word' id='word_1_708' title='bbox 1953 3415 2090 3467; x_wconf 87' lang='lat' dir='ltr'><strong>sicut</strong></span> <span class='ocrx_word' id='word_1_709' title='bbox 2123 3427 2315 3466; x_wconf 83' lang='lat' dir='ltr'><strong>cervus</strong></span> <span class='ocrx_word' id='word_1_710' title='bbox 2368 3411 2609 3472; x_wconf 87' lang='lat' dir='ltr'><strong>claudus,</strong></span> <span class='ocrx_word' id='word_1_711' title='bbox 2646 3420 2700 3464; x_wconf 89' lang='lat' dir='ltr'><strong>et</strong></span> <span class='ocrx_word' id='word_1_712' title='bbox 2738 3412 2986 3480; x_wconf 76' lang='lat' dir='ltr'><strong>expedita</strong></span> <span class='ocrx_word' id='word_1_713' title='bbox 3017 3411 3122 3464; x_wconf 87' lang='lat' dir='ltr'><strong>erit</strong></span> <span class='ocrx_word' id='word_1_714' title='bbox 3173 3410 3356 3478; x_wconf 81' lang='lat' dir='ltr'><strong>lingua</strong></span> <span class='ocrx_word' id='word_1_715' title='bbox 3415 3409 3528 3463; x_wconf 88' lang='lat' dir='ltr'><strong>bal-</strong></span> 
     </span>
    </p>
   </div>
   <div class='ocr_carea' id='block_1_96' title="bbox 1956 3505 3526 3574">
    <p class='ocr_par' dir='ltr' id='par_1_96' title="bbox 1956 3505 3526 3574">
     <span class='ocr_line' id='line_1_96' title="bbox 1956 3505 3526 3574; baseline -0.003 -16"><span class='ocrx_word' id='word_1_716' title='bbox 1956 3505 2276 3559; x_wconf 85' lang='lat' dir='ltr'><strong>butienlium</strong></span> <span class='ocrx_word' id='word_1_717' title='bbox 2305 3505 2372 3559; x_wconf 79' lang='grc'><strong>³⁸.</strong></span> <span class='ocrx_word' id='word_1_718' title='bbox 2401 3523 2419 3556; x_wconf 70' lang='grc' dir='ltr'><strong>ι</strong></span> <span class='ocrx_word' id='word_1_719' title='bbox 2454 3505 2617 3558; x_wconf 82' lang='lat' dir='ltr'><strong>Addit</strong></span> <span class='ocrx_word' id='word_1_720' title='bbox 2649 3515 2909 3574; x_wconf 60' lang='lat' dir='ltr'><strong>praeterea</strong></span> <span class='ocrx_word' id='word_1_721' title='bbox 2949 3523 2961 3558; x_wconf 93' lang='lat'><strong>:</strong></span> <span class='ocrx_word' id='word_1_722' title='bbox 2999 3524 3016 3555; x_wconf 85' lang='grc' dir='ltr'><strong>ι</strong></span> <span class='ocrx_word' id='word_1_723' title='bbox 3043 3505 3279 3570; x_wconf 82' lang='lat' dir='ltr'><strong>Surgent</strong></span> <span class='ocrx_word' id='word_1_724' title='bbox 3306 3505 3526 3563; x_wconf 84' lang='lat' dir='ltr'><strong>mortui,</strong></span> 
     </span>
    </p>
   </div>
   <div class='ocr_carea' id='block_1_97' title="bbox 1954 3593 3528 3662">
    <p class='ocr_par' dir='ltr' id='par_1_97' title="bbox 1954 3593 3528 3662">
     <span class='ocr_line' id='line_1_97' title="bbox 1954 3593 3528 3662; baseline 0 -14"><span class='ocrx_word' id='word_1_725' title='bbox 1954 3605 2008 3648; x_wconf 87' lang='lat' dir='ltr'><strong>et</strong></span> <span class='ocrx_word' id='word_1_726' title='bbox 2053 3602 2336 3662; x_wconf 86' lang='lat' dir='ltr'><strong>resnrgent</strong></span> <span class='ocrx_word' id='word_1_727' title='bbox 2375 3595 2463 3662; x_wconf 84' lang='lat' dir='ltr'><strong>qui</strong></span> <span class='ocrx_word' id='word_1_728' title='bbox 2529 3593 2580 3647; x_wconf 91' lang='lat' dir='ltr'><strong>in</strong></span> <span class='ocrx_word' id='word_1_729' title='bbox 2637 3595 3002 3648; x_wconf 86' lang='lat' dir='ltr'><strong>monumentis</strong></span> <span class='ocrx_word' id='word_1_730' title='bbox 3057 3605 3228 3648; x_wconf 89' lang='lat' dir='ltr'><strong>sunt:</strong></span> <span class='ocrx_word' id='word_1_731' title='bbox 3269 3611 3391 3646; x_wconf 86' lang='lat' dir='ltr'><strong>nam</strong></span> <span class='ocrx_word' id='word_1_732' title='bbox 3441 3611 3528 3648; x_wconf 82' lang='lat' dir='ltr'><strong>ros</strong></span> 
     </span>
    </p>
   </div>
   <div class='ocr_carea' id='block_1_98' title="bbox 1954 3684 3525 3754">
    <p class='ocr_par' dir='ltr' id='par_1_98' title="bbox 1954 3684 3525 3754">
     <span class='ocr_line' id='line_1_98' title="bbox 1954 3684 3525 3754; baseline 0.001 -17"><span class='ocrx_word' id='word_1_733' title='bbox 1954 3685 2043 3753; x_wconf 91' lang='lat' dir='ltr'><strong>qui</strong></span> <span class='ocrx_word' id='word_1_734' title='bbox 2103 3702 2129 3739; x_wconf 91' lang='lat' dir='ltr'><strong>a</strong></span> <span class='ocrx_word' id='word_1_735' title='bbox 2164 3695 2233 3750; x_wconf 86' lang='lat' dir='ltr'><strong>te,</strong></span> <span class='ocrx_word' id='word_1_736' title='bbox 2281 3685 2411 3754; x_wconf 87' lang='lat' dir='ltr'><strong>ipsis</strong></span> <span class='ocrx_word' id='word_1_737' title='bbox 2445 3684 2654 3739; x_wconf 87' lang='lat' dir='ltr'><strong>sanitas</strong></span> <span class='ocrx_word' id='word_1_738' title='bbox 2690 3695 2773 3738; x_wconf 89' lang='lat' dir='ltr'><strong>est</strong></span> <span class='ocrx_word' id='word_1_739' title='bbox 2801 3686 2863 3739; x_wconf 87' lang='grc'><strong>³⁷.</strong></span> <span class='ocrx_word' id='word_1_740' title='bbox 2909 3703 2926 3735; x_wconf 76' lang='grc' dir='ltr'><strong>ι</strong></span> <span class='ocrx_word' id='word_1_741' title='bbox 2986 3685 3215 3738; x_wconf 75' lang='lat' dir='ltr'><strong>Rursum</strong></span> <span class='ocrx_word' id='word_1_742' title='bbox 3253 3687 3393 3741; x_wconf 83' lang='lat' dir='ltr'><strong>idem</strong></span> <span class='ocrx_word' id='word_1_743' title='bbox 3473 3688 3525 3739; x_wconf 92' lang='lat' dir='ltr'><strong>in</strong></span> 
     </span>
    </p>
   </div>
   <div class='ocr_carea' id='block_1_99' title="bbox 1955 3774 3527 3847">
    <p class='ocr_par' dir='ltr' id='par_1_99' title="bbox 1955 3774 3527 3847">
     <span class='ocr_line' id='line_1_99' title="bbox 1955 3774 3527 3847; baseline 0 -16"><span class='ocrx_word' id='word_1_744' title='bbox 1955 3791 2181 3846; x_wconf 82' lang='lat' dir='ltr'><strong>persona</strong></span> <span class='ocrx_word' id='word_1_745' title='bbox 2216 3775 2414 3830; x_wconf 86' lang='lat' dir='ltr'><strong>Christi</strong></span> <span class='ocrx_word' id='word_1_746' title='bbox 2468 3775 2539 3829; x_wconf 89' lang='lat' dir='ltr'><strong>ita</strong></span> <span class='ocrx_word' id='word_1_747' title='bbox 2597 3777 2718 3828; x_wconf 88' lang='lat' dir='ltr'><strong>ait:</strong></span> <span class='ocrx_word' id='word_1_748' title='bbox 2754 3794 2771 3826; x_wconf 79' lang='grc' dir='ltr'><strong>ι</strong></span> <span class='ocrx_word' id='word_1_749' title='bbox 2806 3774 3036 3844; x_wconf 79' lang='lat' dir='ltr'><strong>Spirims</strong></span> <span class='ocrx_word' id='word_1_750' title='bbox 3085 3776 3298 3830; x_wconf 91' lang='lat' dir='ltr'><strong>Domini</strong></span> <span class='ocrx_word' id='word_1_751' title='bbox 3361 3794 3527 3847; x_wconf 86' lang='lat' dir='ltr'><strong>super</strong></span> 
     </span>
    </p>
   </div>
   <div class='ocr_carea' id='block_1_100' title="bbox 1955 3870 3526 3940">
    <p class='ocr_par' dir='ltr' id='par_1_100' title="bbox 1955 3870 3526 3940">
     <span class='ocr_line' id='line_1_100' title="bbox 1955 3870 3526 3940; baseline -0.001 -15"><span class='ocrx_word' id='word_1_752' title='bbox 1955 3887 2060 3938; x_wconf 90' lang='lat' dir='ltr'><strong>me,</strong></span> <span class='ocrx_word' id='word_1_753' title='bbox 2096 3871 2250 3940; x_wconf 87' lang='lat' dir='ltr'><strong>cujus</strong></span> <span class='ocrx_word' id='word_1_754' title='bbox 2281 3887 2442 3925; x_wconf 86' lang='lat' dir='ltr'><strong>causa</strong></span> <span class='ocrx_word' id='word_1_755' title='bbox 2477 3872 2628 3924; x_wconf 78' lang='lat' dir='ltr'><strong>unxit</strong></span> <span class='ocrx_word' id='word_1_756' title='bbox 2661 3887 2762 3933; x_wconf 86' lang='lat' dir='ltr'><strong>me,</strong></span> <span class='ocrx_word' id='word_1_757' title='bbox 2799 3870 3172 3940; x_wconf 81' lang='lat' dir='ltr'><strong>evangelizare</strong></span> <span class='ocrx_word' id='word_1_758' title='bbox 3199 3873 3526 3940; x_wconf 80' lang='lat' dir='ltr'><strong>panperihus</strong></span> 
     </span>
    </p>
   </div>
   <div class='ocr_carea' id='block_1_101' title="bbox 1955 3946 3524 4028">
    <p class='ocr_par' dir='ltr' id='par_1_101' title="bbox 1955 3946 3524 4028">
     <span class='ocr_line' id='line_1_101' title="bbox 1955 3946 3524 4028; baseline -0.003 -14"><span class='ocrx_word' id='word_1_759' title='bbox 1955 3961 2100 4014; x_wconf 75' lang='lat' dir='ltr'><strong>misit</strong></span> <span class='ocrx_word' id='word_1_760' title='bbox 2130 3946 2235 4021; x_wconf 76' lang='lat' dir='ltr'><strong>tne,</strong></span> <span class='ocrx_word' id='word_1_761' title='bbox 2270 3961 2562 4028; x_wconf 68' lang='lat' dir='ltr'><strong>prtedicare</strong></span> <span class='ocrx_word' id='word_1_762' title='bbox 2582 3959 2814 4025; x_wconf 76' lang='lat' dir='ltr'><strong>captivis</strong></span> <span class='ocrx_word' id='word_1_763' title='bbox 2849 3959 3248 4021; x_wconf 80' lang='lat' dir='ltr'><strong>remissionem,</strong></span> <span class='ocrx_word' id='word_1_764' title='bbox 3273 3968 3326 4012; x_wconf 89' lang='lat' dir='ltr'><strong>et</strong></span> <span class='ocrx_word' id='word_1_765' title='bbox 3364 3962 3524 4012; x_wconf 78' lang='lat' dir='ltr'><strong>c:eeis</strong></span> 
     </span>
    </p>
   </div>
   <div class='ocr_carea' id='block_1_102' title="bbox 1955 4047 3524 4116">
    <p class='ocr_par' dir='ltr' id='par_1_102' title="bbox 1955 4047 3524 4116">
     <span class='ocr_line' id='line_1_102' title="bbox 1955 4047 3524 4116; baseline 0 -17"><span class='ocrx_word' id='word_1_766' title='bbox 1955 4051 2100 4102; x_wconf 67' lang='lat' dir='ltr'><strong>visus</strong></span> <span class='ocrx_word' id='word_1_767' title='bbox 2124 4050 2454 4116; x_wconf 87' lang='lat' dir='ltr'><strong>apertionem</strong></span> <span class='ocrx_word' id='word_1_768' title='bbox 2486 4047 2553 4099; x_wconf 85' lang='grc'><strong>³⁸.</strong></span> <span class='ocrx_word' id='word_1_769' title='bbox 2587 4067 2603 4097; x_wconf 76' lang='grc' dir='ltr'><strong>ι</strong></span> <span class='ocrx_word' id='word_1_770' title='bbox 2631 4048 2766 4100; x_wconf 90' lang='lat' dir='ltr'><strong>Cum</strong></span> <span class='ocrx_word' id='word_1_771' title='bbox 2803 4063 2932 4115; x_wconf 86' lang='lat' dir='ltr'><strong>ergo</strong></span> <span class='ocrx_word' id='word_1_772' title='bbox 2968 4047 3352 4114; x_wconf 85' lang='lat' dir='ltr'><strong>prephetarutu</strong></span> <span class='ocrx_word' id='word_1_773' title='bbox 3394 4063 3524 4100; x_wconf 82' lang='lat' dir='ltr'><strong>ora-</strong></span> 
     </span>
    </p>
   </div>
   <div class='ocr_carea' id='block_1_103' title="bbox 1955 4141 3526 4210">
    <p class='ocr_par' dir='ltr' id='par_1_103' title="bbox 1955 4141 3526 4210">
     <span class='ocr_line' id='line_1_103' title="bbox 1955 4141 3526 4210; baseline 0 -16"><span class='ocrx_word' id='word_1_774' title='bbox 1955 4142 2074 4194; x_wconf 87' lang='lat' dir='ltr'><strong>cula</strong></span> <span class='ocrx_word' id='word_1_775' title='bbox 2115 4142 2232 4195; x_wconf 82' lang='lat' dir='ltr'><strong>iidei</strong></span> <span class='ocrx_word' id='word_1_776' title='bbox 2294 4157 2414 4210; x_wconf 64' lang='lat' dir='ltr'><strong>qua&#39;</strong></span> <span class='ocrx_word' id='word_1_777' title='bbox 2471 4142 2569 4210; x_wconf 83' lang='lat' dir='ltr'><strong>ipsi</strong></span> <span class='ocrx_word' id='word_1_778' title='bbox 2605 4141 2852 4202; x_wconf 87' lang='lat' dir='ltr'><strong>debetur,</strong></span> <span class='ocrx_word' id='word_1_779' title='bbox 2889 4147 3262 4209; x_wconf 82' lang='lat' dir='ltr'><strong>argumentum</strong></span> <span class='ocrx_word' id='word_1_780' title='bbox 3328 4142 3526 4208; x_wconf 82' lang='lat' dir='ltr'><strong>proha-</strong></span> 
     </span>
    </p>
   </div>
   <div class='ocr_carea' id='block_1_104' title="bbox 1959 4231 3524 4301">
    <p class='ocr_par' dir='ltr' id='par_1_104' title="bbox 1959 4231 3524 4301">
     <span class='ocr_line' id='line_1_104' title="bbox 1959 4231 3524 4301; baseline 0 -15"><span class='ocrx_word' id='word_1_781' title='bbox 1959 4233 2267 4301; x_wconf 87' lang='lat' dir='ltr'><strong>tiouemque</strong></span> <span class='ocrx_word' id='word_1_782' title='bbox 2309 4235 2559 4297; x_wconf 76' lang='lat' dir='ltr'><strong>adducat,</strong></span> <span class='ocrx_word' id='word_1_783' title='bbox 2592 4233 2802 4301; x_wconf 83' lang='lat' dir='ltr'><strong>ipsique</strong></span> <span class='ocrx_word' id='word_1_784' title='bbox 2841 4232 3115 4300; x_wconf 64' lang='lat' dir='ltr'><strong>prophetm</strong></span> <span class='ocrx_word' id='word_1_785' title='bbox 3152 4231 3318 4284; x_wconf 86' lang='lat' dir='ltr'><strong>Deum</strong></span> <span class='ocrx_word' id='word_1_786' title='bbox 3375 4233 3524 4286; x_wconf 89' lang='lat' dir='ltr'><strong>illum</strong></span> 
     </span>
    </p>
   </div>
   <div class='ocr_carea' id='block_1_105' title="bbox 1955 4324 3527 4393">
    <p class='ocr_par' dir='ltr' id='par_1_105' title="bbox 1955 4324 3527 4393">
     <span class='ocr_line' id='line_1_105' title="bbox 1955 4324 3527 4393; baseline 0 -17"><span class='ocrx_word' id='word_1_787' title='bbox 1955 4340 2076 4378; x_wconf 86' lang='lat' dir='ltr'><strong>esse</strong></span> <span class='ocrx_word' id='word_1_788' title='bbox 2137 4324 2452 4392; x_wconf 79' lang='lat' dir='ltr'><strong>pra-dicent,</strong></span> <span class='ocrx_word' id='word_1_789' title='bbox 2495 4325 2617 4393; x_wconf 83' lang='lat' dir='ltr'><strong>quis</strong></span> <span class='ocrx_word' id='word_1_790' title='bbox 2680 4324 2764 4377; x_wconf 92' lang='lat' dir='ltr'><strong>his</strong></span> <span class='ocrx_word' id='word_1_791' title='bbox 2817 4324 3084 4378; x_wconf 81' lang='lat' dir='ltr'><strong>contraria</strong></span> <span class='ocrx_word' id='word_1_792' title='bbox 3132 4339 3381 4380; x_wconf 86' lang='lat' dir='ltr'><strong>asserere</strong></span> <span class='ocrx_word' id='word_1_793' title='bbox 3429 4341 3527 4378; x_wconf 88' lang='lat' dir='ltr'><strong>an-</strong></span> 
     </span>
    </p>
   </div>
   <div class='ocr_carea' id='block_1_106' title="bbox 1957 4417 2116 4470">
    <p class='ocr_par' dir='ltr' id='par_1_106' title="bbox 1957 4417 2116 4470">
     <span class='ocr_line' id='line_1_106' title="bbox 1957 4417 2116 4470; baseline -0.006 0"><span class='ocrx_word' id='word_1_794' title='bbox 1957 4417 2116 4470; x_wconf 87' lang='lat' dir='ltr'><strong>deat?</strong></span> 
     </span>
    </p>
   </div>
   <div class='ocr_carea' id='block_1_107' title="bbox 2035 4507 3521 4578">
    <p class='ocr_par' dir='ltr' id='par_1_107' title="bbox 2035 4507 3521 4578">
     <span class='ocr_line' id='line_1_107' title="bbox 2035 4507 3521 4578; baseline -0.001 -19"><span class='ocrx_word' id='word_1_795' title='bbox 2035 4507 2167 4561; x_wconf 90' lang='lat' dir='ltr'><strong>Dum</strong></span> <span class='ocrx_word' id='word_1_796' title='bbox 2200 4507 2442 4576; x_wconf 73' lang='lat' dir='ltr'><strong>discipuli</strong></span> <span class='ocrx_word' id='word_1_797' title='bbox 2471 4515 2787 4575; x_wconf 84' lang='lat' dir='ltr'><strong>tempestate</strong></span> <span class='ocrx_word' id='word_1_798' title='bbox 2832 4513 2884 4562; x_wconf 91' lang='lat' dir='ltr'><strong>in</strong></span> <span class='ocrx_word' id='word_1_799' title='bbox 2917 4518 3109 4578; x_wconf 74' lang='lat' dir='ltr'><strong>stagno</strong></span> <span class='ocrx_word' id='word_1_800' title='bbox 3157 4507 3521 4577; x_wconf 73' lang='lat' dir='ltr'><strong>iactarentur,</strong></span> 
     </span>
    </p>
   </div>
   <div class='ocr_carea' id='block_1_108' title="bbox 1965 4598 3523 4668">
    <p class='ocr_par' dir='ltr' id='par_1_108' title="bbox 1965 4598 3523 4668">
     <span class='ocr_line' id='line_1_108' title="bbox 1965 4598 3523 4668; baseline 0.002 -21"><span class='ocrx_word' id='word_1_801' title='bbox 1965 4617 1982 4647; x_wconf 76' lang='grc' dir='ltr'><strong>ι</strong></span> <span class='ocrx_word' id='word_1_802' title='bbox 2009 4599 2326 4652; x_wconf 86' lang='lat' dir='ltr'><strong>accedentes</strong></span> <span class='ocrx_word' id='word_1_803' title='bbox 2355 4598 2683 4651; x_wconf 82' lang='lat' dir='ltr'><strong>suscitarunt</strong></span> <span class='ocrx_word' id='word_1_804' title='bbox 2707 4613 2851 4664; x_wconf 87' lang='lat' dir='ltr'><strong>eum,</strong></span> <span class='ocrx_word' id='word_1_805' title='bbox 2877 4601 3115 4654; x_wconf 88' lang='lat' dir='ltr'><strong>dicentes</strong></span> <span class='ocrx_word' id='word_1_806' title='bbox 3147 4618 3159 4652; x_wconf 91' lang='lat'>:</span> <span class='ocrx_word' id='word_1_807' title='bbox 3195 4599 3523 4668; x_wconf 66' lang='lat' dir='ltr'><strong>Praeceptor,</strong></span> 
     </span>
    </p>
   </div>
   <div class='ocr_carea' id='block_1_109' title="bbox 1959 4690 3528 4760">
    <p class='ocr_par' dir='ltr' id='par_1_109' title="bbox 1959 4690 3528 4760">
     <span class='ocr_line' id='line_1_109' title="bbox 1959 4690 3528 4760; baseline 0.002 -20"><span class='ocrx_word' id='word_1_808' title='bbox 1959 4691 2214 4758; x_wconf 86' lang='lat' dir='ltr'><strong>perimus.</strong></span> <span class='ocrx_word' id='word_1_809' title='bbox 2249 4690 2557 4760; x_wconf 81' lang='lat' dir='ltr'><strong>At90ille</strong></span> <span class='ocrx_word' id='word_1_810' title='bbox 2605 4706 2832 4760; x_wconf 81' lang='lat' dir='ltr'><strong>surgens</strong></span> <span class='ocrx_word' id='word_1_811' title='bbox 2883 4692 3181 4760; x_wconf 83' lang='lat' dir='ltr'><strong>increpavit</strong></span> <span class='ocrx_word' id='word_1_812' title='bbox 3209 4702 3424 4745; x_wconf 85' lang='lat' dir='ltr'><strong>ventum</strong></span> <span class='ocrx_word' id='word_1_813' title='bbox 3473 4701 3528 4743; x_wconf 87' lang='lat' dir='ltr'><strong>et</strong></span> 
     </span>
    </p>
   </div>
   <div class='ocr_carea' id='block_1_110' title="bbox 1959 4781 3533 4850">
    <p class='ocr_par' dir='ltr' id='par_1_110' title="bbox 1959 4781 3533 4850">
     <span class='ocr_line' id='line_1_110' title="bbox 1959 4781 3533 4850; baseline 0.002 -18"><span class='ocrx_word' id='word_1_814' title='bbox 1959 4788 2334 4846; x_wconf 86' lang='lat' dir='ltr'><strong>tempestatem</strong></span> <span class='ocrx_word' id='word_1_815' title='bbox 2390 4797 2542 4850; x_wconf 71' lang='lat' dir='ltr'><strong>aqua:</strong></span> <span class='ocrx_word' id='word_1_816' title='bbox 2570 4800 2582 4836; x_wconf 91' lang='lat'>:</span> <span class='ocrx_word' id='word_1_817' title='bbox 2617 4792 2670 4835; x_wconf 91' lang='lat' dir='ltr'><strong>et</strong></span> <span class='ocrx_word' id='word_1_818' title='bbox 2713 4783 2968 4845; x_wconf 76' lang='lat' dir='ltr'><strong>cessavit,</strong></span> <span class='ocrx_word' id='word_1_819' title='bbox 2997 4792 3050 4837; x_wconf 88' lang='lat' dir='ltr'><strong>et</strong></span> <span class='ocrx_word' id='word_1_820' title='bbox 3081 4781 3219 4836; x_wconf 82' lang='lat' dir='ltr'><strong>facta</strong></span> <span class='ocrx_word' id='word_1_821' title='bbox 3253 4790 3336 4835; x_wconf 89' lang='lat' dir='ltr'><strong>est</strong></span> <span class='ocrx_word' id='word_1_822' title='bbox 3383 4791 3533 4835; x_wconf 87' lang='lat' dir='ltr'><strong>tran-</strong></span> 
     </span>
    </p>
   </div>
   <div class='ocr_carea' id='block_1_111' title="bbox 1959 4872 3534 4939">
    <p class='ocr_par' dir='ltr' id='par_1_111' title="bbox 1959 4872 3534 4939">
     <span class='ocr_line' id='line_1_111' title="bbox 1959 4872 3534 4939; baseline 0.003 -15"><span class='ocrx_word' id='word_1_823' title='bbox 1959 4872 2202 4939; x_wconf 86' lang='lat' dir='ltr'><strong>quillitas</strong></span> <span class='ocrx_word' id='word_1_824' title='bbox 2244 4872 2312 4924; x_wconf 83' lang='grc'><strong>³⁹.</strong></span> <span class='ocrx_word' id='word_1_825' title='bbox 2352 4890 2371 4922; x_wconf 70' lang='grc' dir='ltr'><strong>ι</strong></span> <span class='ocrx_word' id='word_1_826' title='bbox 2402 4872 2654 4928; x_wconf 85' lang='lat' dir='ltr'><strong>Davidica</strong></span> <span class='ocrx_word' id='word_1_827' title='bbox 2681 4888 2812 4927; x_wconf 78' lang='lat' dir='ltr'><strong>voce</strong></span> <span class='ocrx_word' id='word_1_828' title='bbox 2854 4872 3114 4938; x_wconf 84' lang='lat' dir='ltr'><strong>ejusmodi</strong></span> <span class='ocrx_word' id='word_1_829' title='bbox 3157 4873 3436 4927; x_wconf 87' lang='lat' dir='ltr'><strong>oraculum</strong></span> <span class='ocrx_word' id='word_1_830' title='bbox 3467 4875 3534 4928; x_wconf 86' lang='lat' dir='ltr'><strong>de</strong></span> 
     </span>
    </p>
   </div>
   <div class='ocr_carea' id='block_1_112' title="bbox 1959 4962 3530 5034">
    <p class='ocr_par' dir='ltr' id='par_1_112' title="bbox 1959 4962 3530 5034">
     <span class='ocr_line' id='line_1_112' title="bbox 1959 4962 3530 5034; baseline 0.004 -20"><span class='ocrx_word' id='word_1_831' title='bbox 1959 4962 2180 5015; x_wconf 90' lang='lat' dir='ltr'><strong>Christo</strong></span> <span class='ocrx_word' id='word_1_832' title='bbox 2233 4962 2436 5014; x_wconf 89' lang='lat' dir='ltr'><strong>editum</strong></span> <span class='ocrx_word' id='word_1_833' title='bbox 2503 4972 2622 5016; x_wconf 88' lang='lat' dir='ltr'><strong>erat</strong></span> <span class='ocrx_word' id='word_1_834' title='bbox 2667 4982 2681 5016; x_wconf 91' lang='lat'><strong>:</strong></span> <span class='ocrx_word' id='word_1_835' title='bbox 2727 4980 2745 5013; x_wconf 83' lang='grc' dir='ltr'><strong>ι</strong></span> <span class='ocrx_word' id='word_1_836' title='bbox 2788 4963 2867 5015; x_wconf 90' lang='lat' dir='ltr'><strong>&#39;l&#39;u</strong></span> <span class='ocrx_word' id='word_1_837' title='bbox 2920 4963 3215 5018; x_wconf 87' lang='lat' dir='ltr'><strong>dominaris</strong></span> <span class='ocrx_word' id='word_1_838' title='bbox 3277 4967 3530 5034; x_wconf 86' lang='lat' dir='ltr'><strong>potestati</strong></span> 
     </span>
    </p>
   </div>
   <div class='ocr_carea' id='block_1_113' title="bbox 1965 5052 3532 5125">
    <p class='ocr_par' dir='ltr' id='par_1_113' title="bbox 1965 5052 3532 5125">
     <span class='ocr_line' id='line_1_113' title="bbox 1965 5052 3532 5125; baseline 0.003 -20"><span class='ocrx_word' id='word_1_839' title='bbox 1965 5052 2150 5116; x_wconf 88' lang='lat' dir='ltr'><strong>maris,</strong></span> <span class='ocrx_word' id='word_1_840' title='bbox 2190 5062 2245 5105; x_wconf 91' lang='lat' dir='ltr'><strong>et</strong></span> <span class='ocrx_word' id='word_1_841' title='bbox 2295 5061 2500 5106; x_wconf 88' lang='lat' dir='ltr'><strong>motum</strong></span> <span class='ocrx_word' id='word_1_842' title='bbox 2555 5054 2811 5107; x_wconf 78' lang='lat' dir='ltr'><strong>[luctuum</strong></span> <span class='ocrx_word' id='word_1_843' title='bbox 2857 5054 2976 5121; x_wconf 84' lang='lat' dir='ltr'><strong>ejus</strong></span> <span class='ocrx_word' id='word_1_844' title='bbox 3034 5064 3087 5107; x_wconf 93' lang='lat' dir='ltr'><strong>tu</strong></span> <span class='ocrx_word' id='word_1_845' title='bbox 3149 5056 3386 5125; x_wconf 76' lang='lat' dir='ltr'><strong>mitigas.</strong></span> <span class='ocrx_word' id='word_1_846' title='bbox 3434 5057 3532 5110; x_wconf 84' lang='lat' dir='ltr'><strong>Tui</strong></span> 
     </span>
    </p>
   </div>
   <div class='ocr_carea' id='block_1_114' title="bbox 1963 5144 3536 5217">
    <p class='ocr_par' dir='ltr' id='par_1_114' title="bbox 1963 5144 3536 5217">
     <span class='ocr_line' id='line_1_114' title="bbox 1963 5144 3536 5217; baseline 0.004 -21"><span class='ocrx_word' id='word_1_847' title='bbox 1963 5153 2087 5196; x_wconf 90' lang='lat' dir='ltr'><strong>sunt</strong></span> <span class='ocrx_word' id='word_1_848' title='bbox 2121 5144 2268 5209; x_wconf 76' lang='lat' dir='ltr'><strong>cmli,</strong></span> <span class='ocrx_word' id='word_1_849' title='bbox 2296 5154 2350 5198; x_wconf 90' lang='lat' dir='ltr'><strong>ct</strong></span> <span class='ocrx_word' id='word_1_850' title='bbox 2371 5153 2457 5197; x_wconf 91' lang='lat' dir='ltr'><strong>tua</strong></span> <span class='ocrx_word' id='word_1_851' title='bbox 2483 5155 2568 5198; x_wconf 89' lang='lat' dir='ltr'><strong>est</strong></span> <span class='ocrx_word' id='word_1_852' title='bbox 2602 5156 2766 5208; x_wconf 84' lang='lat' dir='ltr'><strong>terra,</strong></span> <span class='ocrx_word' id='word_1_853' title='bbox 2798 5145 2982 5200; x_wconf 89' lang='lat' dir='ltr'><strong>orhem</strong></span> <span class='ocrx_word' id='word_1_854' title='bbox 3016 5156 3283 5202; x_wconf 89' lang='lat' dir='ltr'><strong>terrarum</strong></span> <span class='ocrx_word' id='word_1_855' title='bbox 3317 5158 3372 5201; x_wconf 82' lang='lat' dir='ltr'><strong>et</strong></span> <span class='ocrx_word' id='word_1_856' title='bbox 3422 5149 3536 5217; x_wconf 83' lang='lat' dir='ltr'><strong>ple-</strong></span> 
     </span>
    </p>
   </div>
   <div class='ocr_carea' id='block_1_115' title="bbox 1962 5235 3535 5308">
    <p class='ocr_par' dir='ltr' id='par_1_115' title="bbox 1962 5235 3535 5308">
     <span class='ocr_line' id='line_1_115' title="bbox 1962 5235 3535 5308; baseline 0.003 -20"><span class='ocrx_word' id='word_1_857' title='bbox 1962 5235 2257 5289; x_wconf 89' lang='lat' dir='ltr'><strong>nitudinem</strong></span> <span class='ocrx_word' id='word_1_858' title='bbox 2295 5235 2410 5303; x_wconf 83' lang='lat' dir='ltr'><strong>ejus</strong></span> <span class='ocrx_word' id='word_1_859' title='bbox 2434 5245 2487 5288; x_wconf 91' lang='lat' dir='ltr'><strong>tn</strong></span> <span class='ocrx_word' id='word_1_860' title='bbox 2525 5237 2762 5290; x_wconf 74' lang='lat' dir='ltr'><strong>fundasti</strong></span> <span class='ocrx_word' id='word_1_861' title='bbox 2786 5236 2851 5290; x_wconf 74' lang='lat'><strong>“.</strong></span> <span class='ocrx_word' id='word_1_862' title='bbox 2876 5257 2893 5288; x_wconf 71' lang='grc' dir='ltr'><strong>ι</strong></span> <span class='ocrx_word' id='word_1_863' title='bbox 2933 5237 3064 5291; x_wconf 87' lang='lat' dir='ltr'><strong>Cttnt</strong></span> <span class='ocrx_word' id='word_1_864' title='bbox 3094 5239 3146 5291; x_wconf 92' lang='lat' dir='ltr'><strong>in</strong></span> <span class='ocrx_word' id='word_1_865' title='bbox 3178 5239 3324 5292; x_wconf 92' lang='lat' dir='ltr'><strong>illum</strong></span> <span class='ocrx_word' id='word_1_866' title='bbox 3349 5240 3535 5308; x_wconf 81' lang='lat' dir='ltr'><strong>igitur,</strong></span> 
     </span>
    </p>
   </div>
   <div class='ocr_carea' id='block_1_116' title="bbox 1961 5325 3534 5395">
    <p class='ocr_par' dir='ltr' id='par_1_116' title="bbox 1961 5325 3534 5395">
     <span class='ocr_line' id='line_1_116' title="bbox 1961 5325 3534 5395; baseline 0.005 -18"><span class='ocrx_word' id='word_1_867' title='bbox 1961 5325 2052 5394; x_wconf 87' lang='lat' dir='ltr'><strong>qui</strong></span> <span class='ocrx_word' id='word_1_868' title='bbox 2107 5327 2277 5379; x_wconf 88' lang='lat' dir='ltr'><strong>maria</strong></span> <span class='ocrx_word' id='word_1_869' title='bbox 2310 5329 2482 5390; x_wconf 86' lang='lat' dir='ltr'><strong>sedat,</strong></span> <span class='ocrx_word' id='word_1_870' title='bbox 2517 5329 2757 5380; x_wconf 90' lang='lat' dir='ltr'><strong>omnium</strong></span> <span class='ocrx_word' id='word_1_871' title='bbox 2809 5344 2990 5382; x_wconf 85' lang='lat' dir='ltr'><strong>rerum</strong></span> <span class='ocrx_word' id='word_1_872' title='bbox 3043 5329 3329 5384; x_wconf 89' lang='lat' dir='ltr'><strong>Domitmm</strong></span> <span class='ocrx_word' id='word_1_873' title='bbox 3388 5346 3534 5395; x_wconf 86' lang='lat' dir='ltr'><strong>esse,</strong></span> 
     </span>
    </p>
   </div>
   <div class='ocr_carea' id='block_1_117' title="bbox 1961 5416 3537 5490">
    <p class='ocr_par' dir='ltr' id='par_1_117' title="bbox 1961 5416 3537 5490">
     <span class='ocr_line' id='line_1_117' title="bbox 1961 5416 3537 5490; baseline 0.007 -23"><span class='ocrx_word' id='word_1_874' title='bbox 1961 5416 2208 5484; x_wconf 72' lang='lat' dir='ltr'><strong>prOpI-ios</strong></span> <span class='ocrx_word' id='word_1_875' title='bbox 2249 5417 2414 5471; x_wconf 68' lang='lat' dir='ltr'><strong>cmlos</strong></span> <span class='ocrx_word' id='word_1_876' title='bbox 2470 5419 2768 5486; x_wconf 82' lang='lat' dir='ltr'><strong>possidere,</strong></span> <span class='ocrx_word' id='word_1_877' title='bbox 2812 5420 3002 5474; x_wconf 86' lang='lat' dir='ltr'><strong>orbem</strong></span> <span class='ocrx_word' id='word_1_878' title='bbox 3051 5429 3342 5484; x_wconf 87' lang='lat' dir='ltr'><strong>terrarum,</strong></span> <span class='ocrx_word' id='word_1_879' title='bbox 3391 5421 3537 5490; x_wconf 86' lang='lat' dir='ltr'><strong>ejus-</strong></span> 
     </span>
    </p>
   </div>
   <div class='ocr_carea' id='block_1_118' title="bbox 1962 5506 3538 5581">
    <p class='ocr_par' dir='ltr' id='par_1_118' title="bbox 1962 5506 3538 5581">
     <span class='ocr_line' id='line_1_118' title="bbox 1962 5506 3538 5581; baseline 0.006 -22"><span class='ocrx_word' id='word_1_880' title='bbox 1962 5507 2190 5574; x_wconf 84' lang='lat' dir='ltr'><strong>demque</strong></span> <span class='ocrx_word' id='word_1_881' title='bbox 2225 5506 2608 5576; x_wconf 84' lang='lat' dir='ltr'><strong>plenitudinem</strong></span> <span class='ocrx_word' id='word_1_882' title='bbox 2671 5525 2828 5577; x_wconf 84' lang='lat' dir='ltr'><strong>posse</strong></span> <span class='ocrx_word' id='word_1_883' title='bbox 2861 5511 3106 5576; x_wconf 88' lang='lat' dir='ltr'><strong>l&#39;undare,</strong></span> <span class='ocrx_word' id='word_1_884' title='bbox 3141 5514 3354 5581; x_wconf 79' lang='lat' dir='ltr'><strong>proprie</strong></span> <span class='ocrx_word' id='word_1_885' title='bbox 3405 5529 3538 5568; x_wconf 86' lang='lat' dir='ltr'><strong>con-</strong></span> 
     </span>
    </p>
   </div>
   <div class='ocr_carea' id='block_1_119' title="bbox 2133 5683 2552 5748">
    <p class='ocr_par' dir='ltr' id='par_1_119' title="bbox 2133 5683 2552 5748">
     <span class='ocr_line' id='line_1_119' title="bbox 2133 5683 2552 5748; baseline 0.005 -10"><span class='ocrx_word' id='word_1_886' title='bbox 2133 5684 2175 5716; x_wconf 82' lang='grc'>³³</span> <span class='ocrx_word' id='word_1_887' title='bbox 2213 5683 2314 5738; x_wconf 82' lang='lat' dir='ltr'><strong>lsa.</strong></span> <span class='ocrx_word' id='word_1_888' title='bbox 2348 5701 2433 5748; x_wconf 70' lang='grc' dir='ltr'>χι,</span> <span class='ocrx_word' id='word_1_889' title='bbox 2472 5686 2552 5740; x_wconf 72' lang='lat' dir='ltr'><strong>l0.</strong></span> 
     </span>
    </p>
   </div>
   <div class='ocr_carea' id='block_1_120' title="bbox 2636 5685 3535 5750">
    <p class='ocr_par' dir='ltr' id='par_1_120' title="bbox 2636 5685 3535 5750">
     <span class='ocr_line' id='line_1_120' title="bbox 2636 5685 3535 5750; baseline 0.001 -7"><span class='ocrx_word' id='word_1_890' title='bbox 2636 5689 2679 5717; x_wconf 77' lang='grc'><strong>³⁵</strong></span> <span class='ocrx_word' id='word_1_891' title='bbox 2709 5689 2808 5744; x_wconf 84' lang='lat' dir='ltr'><strong>lsa.</strong></span> <span class='ocrx_word' id='word_1_892' title='bbox 2852 5703 3015 5750; x_wconf 71' lang='lat' dir='ltr'><strong>xxxv,</strong></span> <span class='ocrx_word' id='word_1_893' title='bbox 3042 5687 3094 5740; x_wconf 75' lang='grc' dir='ltr'><strong>ὅ.</strong></span> <span class='ocrx_word' id='word_1_894' title='bbox 3175 5687 3216 5718; x_wconf 81' lang='grc'><strong>³⁷</strong></span> <span class='ocrx_word' id='word_1_895' title='bbox 3249 5685 3352 5742; x_wconf 83' lang='lat' dir='ltr'><strong>lsa.</strong></span> <span class='ocrx_word' id='word_1_896' title='bbox 3386 5705 3535 5748; x_wconf 71' lang='lat' dir='ltr'><strong>tut.</strong></span> 
     </span>
    </p>
   </div>
   <div class='ocr_carea' id='block_1_121' title="bbox 1920 5755 2670 5821">
    <p class='ocr_par' dir='ltr' id='par_1_121' title="bbox 1920 5755 2670 5821">
     <span class='ocr_line' id='line_1_121' title="bbox 1920 5755 2670 5821; baseline -0.008 -11"><span class='ocrx_word' id='word_1_897' title='bbox 1920 5757 1962 5786; x_wconf 73' lang='lat'><strong>“’</strong></span> <span class='ocrx_word' id='word_1_898' title='bbox 1995 5755 2137 5809; x_wconf 75' lang='lat' dir='ltr'><strong>l’sal.</strong></span> <span class='ocrx_word' id='word_1_899' title='bbox 2171 5771 2437 5818; x_wconf 63' lang='lat' dir='ltr'><strong>LXXXVIII,</strong></span> <span class='ocrx_word' id='word_1_900' title='bbox 2474 5758 2557 5821; x_wconf 78' lang='lat' dir='ltr'><strong>ltl,</strong></span> <span class='ocrx_word' id='word_1_901' title='bbox 2587 5759 2670 5812; x_wconf 81' lang='grc'><strong>11.</strong></span> 
     </span>
    </p>
   </div>
  </div>
