4058 6480
158 404 310 459 ιιιιι

1314 407 1402 463 DE
1442 407 1668 462 RECTA
1712 406 1870 461 FIDE
1911 406 2002 461 AD
2043 404 2362 460 BEGINAS.

3331 405 3468 462 1282

155 519 377 588 θρονος
407 521 505 592 τῷ
536 521 744 593 “arpi;
780 523 852 574 Ού
876 521 984 592 γὰρ
1013 521 1318 590 συνεδρεύει
1355 521 1430 590 τῷ
1460 519 1601 574 κατὰ
1626 521 1788 590 φύσιν

1911 521 2061 585 litus,
2094 537 2197 575 non
2223 530 2307 576 est
2337 519 2514 573 Deus?
2546 517 2727 587 Neque
2753 519 2895 572 enim
2930 533 3052 573 cum
3084 533 3212 575 vero
3244 529 3467 575 natura-

156 608 295 677 θεῷ
337 613 574 685 γενητὴ
621 612 784 682 φύσις
814 613 968 674 ὅλως.
1009 612 1323 682 Συνεδρεύει
1370 612 1426 665 δὲ
1468 615 1496 665 6
1537 611 1664 674 Υἱὸς
1698 611 1789 664 τοῦ

156 701 527 772 ἀνθρώπου,
579 706 705 759 καθ’
735 705 928 758 ἕνωσιν
956 704 1308 776 οἰκονομικὴν
1343 703 1546 775 σαρκὸς
1573 704 1792 771 γεγονό-

155 808 262 856 τος
289 795 409 848 τοῦ
455 799 520 849 ὲκ
546 797 682 850 Θεοῦ
719 797 915 866 φύντος
943 795 1137 863 Λόγου.

451 993 576 1048 Ὅτι
615 992 728 1061 ζωὴ
763 992 860 1046 καὶ
895 991 1172 1058 ζωοποιύς
1208 995 1240 1044 ὀ
1269 994 1542 1060 Χριστός.

443 1109 538 1161 Ἐκ
592 1106 703 1175 τῆς
741 1106 891 1174 πρὸς
929 1107 1278 1174 Κορινθίους
1328 1105 1581 1173 πρώτης.

253 1231 279 1266 α
325 1213 442 1279 Ὠς
485 1215 769 1284 φρονίμοις
813 1214 982 1283 λέγω·
1015 1216 1237 1283 κρίνατε
1272 1217 1428 1286 ὑμεῖς
1453 1218 1481 1269 ὅ
1510 1235 1684 1288 φημι·
1722 1219 1794 1270 Τὸ

169 1305 482 1376 ποτήριον
512 1307 612 1374 τῆς
639 1305 913 1372 εὐλογίας,
943 1304 970 1356 6
1006 1304 1356 1373 εὐλογοῦμεν,
1385 1306 1507 1376 οὐχὶ
1538 1308 1794 1360 κοινωνία

170 1395 309 1447 ὶστὶ
341 1395 458 1449 τοῦ
487 1396 720 1464 αἳματος
743 1395 837 1447 τοῦ
866 1393 1139 1465 Χριστοῦ;
1166 1395 1270 1448 Τὸν
1289 1394 1450 1465 ἄρτον
1470 1397 1528 1450 ὃν
1554 1395 1792 1468 κλῶμεν,

168 1488 314 1556 οὐχὶ
356 1487 627 1541 κοινωνία
674 1487 789 1539 ἐστὶ
819 1485 911 1538 τοῦ
949 1485 1197 1556 σώματος
1235 1487 1328 1539 τοῦ
1361 1487 1632 1558 Χριστοῦ;
1673 1492 1794 1542 Ὀτι

174 1577 267 1646 εἷς
299 1584 511 1654 ἄρτος,
540 1583 598 1635 ἓν
625 1582 787 1652 σῶμα
815 1584 983 1652 ἐσμεν
1025 1584 1075 1635 οἰ
1109 1583 1294 1636 πολλοί
1313 1601 1328 1614 '
1358 1586 1406 1636 oi
1441 1587 1551 1656 γὰρ
1597 1586 1796 1651 πάντες

176 1677 250 1728 ἐκ
288 1675 408 1728 τοῦ
444 1675 560 1739 ἑνὸς
600 1675 764 1746 ἄρτου
803 1678 1122 1746 μετέχομεν.
1155 1695 1172 1724 ι
1216 1676 1278 1728 Ἦ
1308 1675 1596 1745 ἀνθρώπου
1638 1676 1792 1749 σὰρξ,

182 1767 328 1819 ὅσον
400 1764 540 1838 ἧκεν
578 1769 658 1829 εἰς
710 1766 845 1820 ἰδίαν
891 1766 1072 1834 φύσιν,
1125 1767 1224 1820 ούκ
1271 1767 1336 1819 ἂν
1379 1765 1466 1836 εἴη
1505 1764 1792 1831 ζωοποιός·

1898 612 2041 681 lique
2084 613 2193 668 Deo
2254 612 2577 682 produrtitia
2620 621 2810 663 natura
2859 611 3141 665 considere
3177 611 3470 681 aliquando

1895 711 2090 770 potest.
2132 702 2391 755 Considet
2417 709 2595 753 autem
2629 715 2750 752 cum
2788 716 2854 754 eo
2876 701 3046 756 Filius
3069 702 3326 767 hominis,
3373 702 3464 755 Dii

1897 795 2149 846 nimirum
2189 793 2364 847 Verbo
2407 792 2703 846 secundum
2755 793 2970 848 unionis
3003 794 3467 864 dispensationem

1896 883 2194 937 incarnato.

2175 998 2326 1062 Quod
2349 995 2592 1048 Christus
2629 982 2702 1047 est
2728 995 2830 1047 rita
2864 1005 2912 1046 et
2937 995 3191 1063 vivi/iras.

2329 1109 2412 1162 Ea:
2435 1111 2600 1176 priori
2624 1108 2692 1160 ad
2721 1106 3042 1161 Corinthios.

1974 1242 1990 1272 ι
2028 1221 2094 1275 Ut
2125 1220 2479 1287 prudentibus
2508 1218 2698 1287 loquor
2727 1237 2740 1272 :
2775 1233 2870 1273 vos
2911 1218 3014 1288 ipsi
3045 1218 3283 1286 iudicate
3321 1221 3468 1290 quod

1895 1313 2038 1367 dico.
2067 1312 2218 1366 Calix
2269 1312 2685 1373 lio-medictiouis,
2712 1311 2800 1363 cui
2855 1310 3253 1374 benedicimus,
3291 1326 3472 1368 nonne

1897 1403 2316 1460 communicatio
2340 1403 2616 1472 sanguinis
2649 1401 2850 1456 Christi
2891 1402 3016 1456 est?
3044 1411 3098 1456 et
3133 1403 3286 1471 panis
3311 1418 3470 1473 quem

1900 1494 2220 1563 frangimus,
2251 1508 2428 1546 nonne
2452 1492 2803 1561 participatio
2835 1492 3078 1560 corporis
3115 1493 3322 1546 Domini
3355 1494 3475 1547 est?

1898 1587 2158 1653 Quoniam
2193 1602 2336 1637 unus
2359 1585 2534 1655 panis,
2564 1594 2616 1638 et
2640 1600 2800 1637 unum
2834 1599 3029 1653 corpus
3060 1583 3209 1636 utulti
3239 1600 3425 1637 sumus
3457 1601 3471 1638 :

1901 1693 2022 1732 nam
2063 1693 2249 1731 omnes
2282 1678 2346 1730 de
2400 1694 2505 1729 uno
2560 1691 2696 1746 pune
2740 1677 3126 1745 participamus
3156 1676 3223 1730 “.
3255 1696 3272 1728 ι
3330 1677 3474 1731 Caro

1899 1770 2156 1834 hominis,
2190 1770 2330 1838 quml
2369 1769 2585 1837 quidem
2609 1770 2673 1820 ad
2716 1769 2990 1836 proprium
3041 1779 3291 1823 naturam
3330 1769 3473 1824 illius

186 1857 322 1910 ἀλλ’
377 1859 502 1911 οὐδὲ
532 1859 590 1910 τὸ
623 1853 762 1928 αἷμα
791 1858 850 1909 τὸ
884 1855 1248 1926 ἀνθρώπινον,
1279 1858 1326 1909 εἰ
1355 1856 1534 1910 κοινὸν
1579 1858 1664 1929 εἴη
1702 1859 1797 1911 καὶ

1908 1871 2131 1928 spectat,
2170 1873 2510 1927 nequaquam
2558 1857 2813 1912 viviticznt.
2851 1856 2955 1911 Sed
3014 1873 3186 1926 neque
3240 1860 3474 1928 vulgaris

185 1949 331 2001 καθ’
387 1949 580 2002 ἑαυτό·
618 1948 872 2014 ζωοποιεῖ
901 1949 955 2002 δὲ
984 1950 1045 2002 τὸ
1088 1949 1246 2020 σῶμα
1275 1950 1366 2003 τοῦ
1407 1951 1667 2021 Χριστοῦ,
1703 1953 1796 2005 καὶ

188 2040 260 2090 τὸ
300 2040 496 2111 τίμιον
524 2034 663 2109 αἷμα
683 2082 698 2106 ,
725 2040 1028 2111 πρέποντος
1062 2040 1209 2110 μόνῳ
1241 2040 1361 2111 Θεῷ
1392 2042 1483 2094 τοῦ
1511 2040 1796 2105 ζωοποιεῖν

191 2131 479 2184 δύνασθαι
514 2131 573 2184 τὸ
607 2132 750 2200 ζωῆς
781 2131 1008 2194 ὲπιδεές.
1057 2129 1188 2194 Θεὸς
1234 2127 1326 2185 οὖν
1377 2132 1482 2202 ἄρα
1527 2133 1794 2204 Χριστός·

194 2223 365 2276 οὕτω
392 2224 504 2292 γὰρ
535 2223 685 2276 ἔσται
716 2221 978 2286 ζωοποιὺν
1005 2222 1064 2275 τὸ
1099 2223 1257 2292 σῶμα
1299 2224 1484 2280 αὐτοῦ.
1523 2226 1583 2278 Εἰ
1617 2226 1672 2279 δὲ
1707 2227 1798 2280 ᾶνο

200 2313 442 2380 θρωπος
491 2312 593 2366 ἀνὰ
649 2312 814 2382 μέρος
867 2315 1064 2364 νοεῖται
1131 2313 1267 2384 μόνῃ
1313 2317 1375 2383 τῇ
1424 2313 1516 2366 τοῦ
1562 2317 1796 2384 Χριστοῦ

201 2403 416 2473 κλήσει
465 2403 866 2474 τετιμημένος,
929 2405 1026 2456 καὶ
1075 2406 1280 2474 γυμνὸν
1333 2406 1459 2458 Υἰοῦ
1508 2407 1796 2478 πρόσωπον

205 2493 383 2561 ἔχων,
413 2492 528 2555 πῶς
560 2491 626 2544 ἂν
656 2491 740 2563 εἴη
776 2489 1038 2556 ζωοποιὸν
1069 2491 1127 2542 τὸ
1159 2492 1315 2562 σῶμα
1349 2493 1544 2553 αὐτοῦς

1902 1965 2118 2020 quaque
2178 1950 2412 2003 hominis
2461 1950 2678 2017 sanguis
2734 1948 2896 2001 ullam
2949 1950 3169 2004 omnino
3219 1965 3312 2018 per
3336 1965 3392 2005 se
3421 1960 3475 2004 ct

1903 2043 2196 2096 secundum
2240 2057 2298 2094 se
2328 2040 2631 2094 viviﬁcamli
2669 2042 2775 2094 vim
2817 2041 2999 2095 habet.
3030 2042 3191 2111 Atqui
3226 2057 3347 2095 cum
3374 2042 3472 2095 soli

1905 2132 2012 2186 Deo
2045 2132 2332 2186 conveniat
2368 2132 2536 2185 vitam
2580 2132 2652 2185 illi
2691 2132 2978 2199 impertiri,
3026 2133 3166 2200 quod
3206 2135 3329 2185 vita:
3361 2132 3473 2200 spi-

1904 2221 2006 2274 ritu
2030 2221 2377 2285 destituitur;
2409 2237 2607 2290 corpus
2641 2230 2821 2274 autem
2850 2221 3073 2285 Christi,
3104 2231 3157 2275 et
3204 2222 3475 2290 pretiosus

1901 2311 2042 2363 illius
2096 2311 2316 2380 sanguis
2360 2309 2631 2364 viviliccut
2672 2328 2684 2362 :
2723 2313 2805 2364 cui
2843 2311 3063 2365 dubium
3098 2326 3217 2366 esse
3275 2321 3474 2380 potest,

1900 2404 2028 2474 quin
2064 2402 2203 2458 Deus
2235 2403 2603 2458 sitChristus?
2634 2403 2768 2457 llinc
2809 2418 3042 2474 namque
3073 2418 3270 2473 corpus
3316 2405 3478 2457 habet

1902 2505 1953 2546 ttt
1989 2494 2058 2546 sit
2091 2494 2380 2547 vivilicum.
2408 2494 2557 2558 Quod
2594 2497 2638 2548 si
2667 2494 2901 2548 uthomo
2926 2510 3020 2564 per
3046 2511 3105 2548 se
3138 2510 3199 2547 ac
3229 2509 3474 2550 seorsum

210 2593 404 2635 ltrtltlc
460 2583 820 2650 concipiatur,
859 2580 951 2650 qui
1011 2581 1125 2634 sola
1186 2582 1390 2635 Christi
1439 2582 1796 2650 appellatione
1832 2584 2118 2638 decoratus
2144 2584 2233 2650 sit,
2277 2585 2579 2654 orbamque
2606 2583 2746 2639 Filio
2781 2600 3065 2655 personam
3103 2585 3317 2649 habeat,
3343 2600 3478 2654 quo-

213 2673 386 2725 modo
412 2687 608 2738 corpus
641 2672 783 2726 illius
811 2680 992 2738 posset
1019 2688 1138 2726 esse
1174 2673 1484 2726 vivilicum?

302 2789 319 2820 ι
364 2768 611 2836 Ἐγένετο
642 2767 670 2818 6
704 2765 919 2838 πρῶτος
957 2766 1238 2837 ἄνθρωπος
1282 2766 1452 2835 Ἀδὰμ
1494 2769 1572 2830 εἰς
1618 2767 1797 2837 ψυχὴν

218 2859 436 2922 ζῶσαν·
467 2861 495 2912 6
522 2858 748 2928 ἔσχατος
785 2858 957 2928 Ἀδὰμ
981 2867 1007 2907 (ι
1051 2859 1130 2920 εἰς
1171 2841 1393 2928 ἡνεῦμα
1424 2857 1743 2922 ζωοποιοῦν.
1776 2877 1793 2909 ι

220 2953 336 3004 Καὶ
366 2951 528 3005 πάλιν
551 2967 564 2980 °
616 2970 632 3001 r
677 2950 732 3004 '0
763 2949 979 3021 πρῶτος
1017 2949 1301 3020 ἄνθρωπος
1334 2952 1396 3002 ἐκ
1423 2951 1546 3020 γῆς,
1579 2949 1761 3019 χοῖκός
1783 2966 1796 2979 ·

219 3045 250 3094 6
280 3041 530 3114 δεύτερος
561 3041 845 3112 ἄνθρωπος
870 3080 885 3104 ,
932 3042 959 3092 6
1003 3040 1202 3110 Κύριος
1248 3039 1306 3105 ἐξ
1334 3041 1583 3112 ούρανοῦ.
1620 3035 1742 3103 Οἷος
1771 3041 1798 3092 ὁ
1826 3080 1866 3136 ί,

353 3133 364 3136 _
579 3131 601 3136 _
792 3131 802 3136 _
873 3132 883 3136 _
978 3135 994 3136 η
1075 3132 1084 3136 _
1209 3132 1218 3136 _
1288 3127 1313 3136 -
1408 3135 1414 3136 ,
1457 3135 1463 3136 ,
1642 3132 1651 3136 _
1851 3115 1866 3134 Δ

1851 3115 1867 3134 ι

224 3133 430 3200 χοίκὺς,
460 3131 690 3184 τοιοῦτοι
722 3131 813 3184 καὶ
839 3132 886 3183 οἰ
913 3132 1084 3200 χοϊκοί
1102 3149 1114 3161 ο
1140 3132 1231 3184 καὶ
1257 3127 1368 3194 οἶος
1396 3135 1423 3185 ὁ
1453 3132 1796 3203 ἐπουράνιος,

223 3222 460 3275 τοιοῦτοι
496 3223 588 3275 καὶ
631 3223 681 3274 οἱ
709 3222 1043 3290 ἐπουράνιοι.
1080 3223 1191 3276 Καὶ
1233 3222 1418 3284 καθὼς
1465 3223 1800 3294 ὲφορέσαμεν

226 3315 325 3386 τὴν
369 3313 555 3366 εἰκόνα
594 3312 686 3365 τοῦ
726 3312 936 3382 χοϊκοῦ,
987 3313 1309 3385 φορέσωμεν
1352 3314 1445 3366 καὶ
1480 3315 1578 3383 τὴν
1610 3313 1792 3366 εἰκόνα

226 3406 320 3459 τοῦ
366 3406 710 3476 ἐπουρανίου.
747 3404 917 3458 Τοῦτο
949 3405 1005 3458 δέ
1040 3424 1216 3476 φημι,
1252 3404 1506 3474 ἀδελφοὶ,
1548 3407 1628 3457 ὅτι
1667 3405 1802 3475 σὰρξ

229 3496 323 3548 καὶ
353 3491 492 3566 αἷμα
531 3495 807 3564 βασιλείαν
836 3493 971 3546 Θεοῦ
1003 3495 1407 3564 κληρονομῆσαι
1434 3494 1490 3546 οὐ
1525 3491 1801 3553 δύνανται,

229 3573 368 3640 οὐδὲ
400 3588 436 3658 ἡ
486 3587 662 3657 φθορὰ
708 3588 806 3658 τὴν
844 3587 1152 3658 ἀφθαρσίαν
1187 3585 1526 3656 κληρονομεῖ.
1565 3607 1584 3636 ρ
1631 3587 1808 3654 Προσ-

232 3679 429 3746 επᾶγει
478 3679 536 3731 δὲ
582 3677 826 3742 τούτοις,
857 3679 939 3732 ὅτι
994 3697 1012 3728 ι
1045 3677 1335 3740 Σαλπίσει,
1388 3677 1480 3728 καὶ
1529 3677 1576 3728 οἱ
1624 3676 1806 3745 νεκροὶ

233 3770 622 3841 ἐγερθήσονται
668 3768 972 3841 ἄφθαρτοι,
1017 3769 1114 3824 καὶ
1152 3771 1314 3838 ἡμεῖς
1363 3767 1802 3836 ἀλλαγησόμεθα.

233 3863 323 3914 Δεῖ
360 3860 470 3932 γὰρ
521 3861 582 3913 τὸ
627 3861 864 3931 φθαρτὸν
896 3860 1057 3914 τοῦτο
1099 3859 1418 3912 ἐνδύσασθαι
1456 3859 1552 3926 τὴν
1596 3858 1810 3927 6:90:19-

237 3953 487 4018 σίαν,καὶ
511 3952 571 4006 τὸ
594 3952 783 4022 θνητὸν
800 3951 955 4006 τοῦτο
981 3951 1306 4006 ἐνδύσασθαι
1332 3949 1430 4020 τὴν
1453 3949 1803 4003 ἀθανασίαν.»

235 4046 327 4110 Εἰς
372 4045 550 4116 ψυχὴν
601 4045 779 4111 ζῶσαν
838 4047 867 4101 6
924 4046 1138 4115 πρῶτος
1199 4043 1482 4114 ἄνθρωπος
1548 4043 1805 4110 γέγονεν’

239 4141 411 4194 ἐδεῖτο
435 4139 567 4210 γὰρ,
590 4140 664 4202 ὼς
692 4139 922 4211 ποίημα,
953 4137 1047 4190 τοῦ
1079 4135 1466 4202 ζωοποιοῦντος
1490 4134 1646 4188 Θεοῦ.
1672 4136 1730 4187 '0
1754 4133 1809 4188 δέ

235 4248 298 4299 γε
324 4231 556 4301 ἔσχατος
593 4231 786 4301 Ἀδὰμ,
819 4229 1066 4284 τουτέστι
1102 4228 1355 4300 Χριστὸς,
1409 4219 1492 4280 ὅτι
1538 4228 1610 4296 μὴ
1643 4226 1812 4279 ἐδεῖτο

236 4325 382 4396 ζωῆς
409 4323 485 4386 ὡς
515 4324 668 4387 Θεὸς,
700 4322 926 4392 Πνεῦμα
949 4322 1170 4391 γέγονεν
1196 4321 1275 4382 εἰς
1305 4321 1449 4391 ἡμᾶς
1480 4317 1774 4381 ζωοποιοῦν
1793 4333 1807 4347 ο

1971 2768 2080 2837 93
2119 2789 2134 2820 t
2178 2768 2373 2822 Factus
2407 2777 2489 2822 cst.
2516 2770 2720 2837 primus
2771 2771 2930 2822 homo
2964 2771 3133 2822 Adam
3165 2771 3214 2822 in
3243 2773 3474 2826 animum

1903 2861 2193 2922 viventem,
2226 2859 2554 2913 novissimus
2585 2859 2756 2913 Adam
2793 2862 2842 2913 in
2883 2859 3144 2927 Spiritum
3197 2863 3479 2914 viviliran-

1904 2962 2006 3004 tem
2039 2951 2104 3004 ⁸⁷.
2137 2969 2155 3001 ι
2197 2949 2433 3004 Rursnm
2470 2969 2481 3004 :
2518 2971 2534 3002 ι
2570 2949 2783 3004 Primus
2811 2952 2970 3004 homo
3013 2957 3078 3007 de
3121 2965 3263 3008 terra
3311 2965 3477 3007 terre-

1905 3059 2024 3108 nus,
2045 3042 2315 3095 Secundus
2349 3041 2505 3094 homo
2539 3039 2796 3096 Dominus
2831 3045 2893 3094 de
2920 3046 3078 3097 (mlo.
3102 3045 3284 3109 Qualis
3314 3055 3478 3098 terre-

1905 3153 2028 3198 nus,
2068 3137 2202 3190 tales
2245 3145 2300 3188 et
2364 3135 2605 3189 terreni:
2648 3148 2700 3188 et
2730 3139 2900 3202 ψιιιίε
2951 3139 3218 3204 caelestis,
3259 3141 3391 3192 tales
3426 3149 3482 3190 et

1904 3229 2176 3282 cmlestes.
2200 3226 2364 3295 Igitur
2400 3227 2544 3280 sicut
2578 3228 2909 3294 portavimus
2937 3227 3220 3296 imaginem
3256 3231 3476 3292 terreni,

1905 3327 2182 3387 portemus
2236 3327 2289 3371 et
2343 3317 2633 3386 imaginem
2696 3318 2954 3373 ('wlestis.
2990 3319 3099 3373 lloc
3129 3331 3303 3373 autem
3336 3321 3476 3380 dico,

1907 3410 2126 3473 fratres,
2150 3409 2274 3478 quia
2301 3424 2428 3463 caro
2469 3417 2523 3463 et
2552 3410 2773 3475 sanguis
2803 3426 3025 3479 regnum
3063 3411 3154 3465 Dei
3193 3411 3477 3479 possidere

1908 3516 2014 3554 non
2051 3510 2297 3569 possunt,
2330 3514 2505 3568 neque
2535 3501 2816 3569 corruptio
2847 3501 3268 3570 iucorruptelam
3301 3503 3477 3571 pOssi-

1908 3590 2054 3645 debit
2083 3588 2148 3642 “.
2175 3607 2197 3640 ι
2226 3587 2518 3658 Subjuugit
2571 3589 2779 3657 reliqua
2810 3606 2823 3642 :
2855 3607 2873 3640 ι
2915 3589 3083 3642 Canet
3137 3590 3280 3643 enim
3323 3592 3477 3652 tuba,

1908 3690 1964 3735 et
1992 3680 2191 3734 mortui
2229 3688 2514 3747 resurgenl
2571 3679 2890 3749 incorrupti,
2928 3690 2983 3735 et
3033 3696 3130 3734 nos
3164 3682 3480 3735 immutabi-

1911 3786 2048 3824 mur.
2070 3769 2293 3840 Oportet
2322 3768 2467 3823 enim
2518 3772 2868 3840 corruptibile
2900 3772 3000 3825 hoc
3047 3772 3269 3826 induere
3298 3773 3479 3842 incor-

1913 3863 2238 3931 ruptionem,
2286 3873 2341 3918 et
2408 3862 2636 3916 mortale
2683 3861 2780 3916 hoc
2818 3862 3042 3916 induere
3103 3862 3482 3916 immortalita-

1914 3965 2018 4007 tem
2046 3953 2110 4006 ‘9.
2163 3972 2181 4004 ι
2246 3952 2460 4008 Primus
2527 3954 2688 4007 homo
2751 3953 2929 4008 factus
2987 3963 3070 4007 est
3124 3954 3176 4008 in
3243 3954 3480 4006 animum

1911 4048 2181 4102 viventem
2211 4065 2224 4100 :
2256 4047 2448 4116 egebat
2487 4046 2632 4100 enim
2675 4085 2692 4112 ,
2732 4056 2986 4113 tanquam
3011 4048 3343 4116 ﬁgmentum,
3377 4045 3485 4098 Dco

1912 4138 2242 4195 viviﬁcante.
2293 4138 2361 4192 At
2423 4152 2552 4192 vero
2605 4136 2937 4193 novissimus
2992 4137 3184 4203 Adam,
3247 4137 3346 4190 hoc
3402 4145 3485 4190 est

1914 4232 2181 4296 Christus,
2209 4233 2370 4300 quod,
2406 4241 2463 4286 ut
2488 4235 2647 4296 Deus,
2670 4232 2778 4285 vita
2805 4240 3022 4284 externa
3062 4245 3166 4283 non
3199 4229 3483 4297 indigeret,

1923 4322 2157 4391 Spit-itus
2203 4323 2320 4388 fuit,
2348 4324 2438 4393 qui
2494 4323 2658 4376 vitam
2699 4323 2752 4375 in
2795 4336 2893 4376 nos
2945 4321 3288 4374 trausfuudit.
3323 4321 3484 4390 Atqui

239 4417 376 4486 ὅπερ
425 4415 545 4468 ἐστί
575 4414 725 4478 θείας
768 4412 986 4483 φύσεως
1023 4413 1152 4466 ἴδιον
1186 4411 1585 4480 πλεονέκτημα.
1630 4411 1738 4463 Καὶ
1780 4411 1803 4462 6

1918 4413 2218 4468 viviﬂcmttli
2253 4413 2482 4469 facultas
2523 4417 2739 4483 propria
2785 4423 2870 4468 est
2903 4414 3096 4467 divina:
3125 4422 3328 4466 natum
3362 4428 3487 4478 pns-

239 4507 336 4575 μὲν
371 4506 588 4576 πρῶτος
619 4508 683 4561 ἐκ
711 4506 843 4576 γῆς,
886 4506 1096 4575 χοϊκός·
1134 4504 1162 4556 ὁ
1195 4503 1446 4574 δεύτερος
1477 4502 1532 4554 δὲ
1560 4501 1619 4567 ἐξ
1646 4500 1806 4571 ούραο

240 4598 353 4661 νοῦ,
403 4597 581 4651 καίτοι
614 4597 897 4668 γεννηθεὶς
945 4596 1030 4649 διὰ
1061 4595 1337 4664 γυναικός.
1379 4595 1438 4647 ’0
1465 4593 1572 4664 γὰρ
1604 4593 1810 4646 ἄνωθεν

239 4691 331 4744 καὶ
365 4689 427 4753 ἐξ
452 4689 682 4760 ούρανοῦ
710 4731 724 4752 ,
759 4689 854 4741 καὶ
879 4689 943 4741 ἐκ
986 4687 1121 4741 Θεοῦ
1153 4686 1365 4757 Πατρὸς
1396 4686 1588 4752 Λόγος,
1625 4683 1727 4738 κᾶν
1761 4685 1809 4737 εί

238 4781 458 4848 γέγονεν
507 4779 792 4848 ἄνθρωπος
817 4819 832 4844 ,
863 4778 977 4831 ἀλλ’
1013 4777 1163 4830 οὐδὲν
1191 4773 1350 4848 ἧττόν
1377 4778 1522 4828 ἐστιν
1553 4774 1610 4842 ἐξ
1645 4776 1812 4846 οὐραο

239 4871 349 4925 νοῦ.
395 4871 506 4925 Καὶ
551 4872 598 4922 εἰ
645 4870 824 4939 φθορᾷ
867 4869 959 4922 καὶ
1005 4868 1220 4938 Θανάτῳ
1253 4868 1686 4938 κατεσχημένοι,
1716 4867 1812 4937 τὴν

240 4963 423 5016 εἰκόνα
451 4960 546 5014 τοῦ
577 4960 760 5030 χοϊκοῦ
796 4960 883 5013 διὰ
914 4960 1072 5014 τοῦτο
1109 4959 1335 5029 φορέσαι
1378 4959 1650 5029 λεγόμεθα
1671 4972 1685 4986 ⁸
1715 4959 1814 5030 τὴν

242 5053 550 5125 ἀφθαρσίαν
584 5051 962 5121 ἐνδυσάμενοι,
998 5054 1095 5124 τὴν
1125 5052 1311 5105 εἰκόνα
1359 5050 1451 5104 τοῦ
1486 5051 1811 5121 ἐπουρανίου

245 5147 568 5217 φορέσομεν.
635 5143 940 5215 Ἀφθαρσία
984 5143 1040 5196 δὲ
1086 5143 1246 5196 πάλιν
1295 5142 1424 5194 ἴδιον
1468 5143 1670 5209 ἀγαθὸν
1716 5142 1815 5210 τῆς

245 5240 383 5291 κατὰ
427 5236 591 5305 φύσιν
643 5235 928 5308 θεότητος·
969 5235 1327 5288 ἀλλάσσονται
1364 5235 1472 5304 γὰρ
1519 5235 1566 5286 οἱ
1603 5233 1811 5304 νεκροὶ,

241 5333 334 5384 καὶ
362 5331 424 5384 τὸ
448 5329 686 5401 φθαρτὸν
714 5329 1075 5398 ἀμφιέννυται
1107 5329 1205 5398 τὴν
1234 5326 1563 5396 ἀφθαρσίαν,
1597 5327 1814 5394 γεγονόο

303 5494 348 5526 ⁸⁸
382 5493 550 5547 lCor.
584 5505 615 5544 ι
638 5528 656 5557 ,
694 5489 784 5556 15,
817 5488 905 5542 l7.
979 5487 1067 5542 "l
1103 5487 1227 5544 Cor.
1264 5503 1354 5552 xv,
1387 5488 1477 5544 45.

1557 5490 1604 5521 ⁸⁸
1630 5488 1761 5544 ibid.
1800 5489 1890 5555 47,
1923 5488 2014 5544 50.

1915 4507 2107 4562 sessio.
2145 4507 2207 4559 Et
2239 4508 2446 4576 primus
2471 4507 2685 4574 quidem
2716 4506 2874 4559 homo
2903 4505 2970 4559 de
3004 4515 3145 4559 terra
3178 4515 3295 4559 erat
3317 4516 3462 4559 terre

1918 4611 2020 4648 nus
2049 4611 2066 4650 :
2095 4596 2362 4649 secundus
2388 4605 2564 4647 autem
2591 4594 2716 4648 licet
2749 4609 2813 4648 ex
2846 4593 3072 4647 muliere
3093 4601 3269 4645 ortum
3308 4593 3489 4644 trahe-

1919 4697 2022 4750 ret,
2047 4688 2111 4740 de
2138 4687 2278 4741 caelo
2309 4695 2553 4740 venerat.
2588 4685 2846 4751 Quamvis
2874 4686 3020 4738 enim
3062 4682 3313 4748 Verbum,
3343 4685 3488 4752 quod

1919 4778 1984 4832 de
2012 4778 2284 4845 superuis,
2323 4779 2423 4831 hoc
2454 4787 2539 4831 est
2565 4777 2631 4830 dc
2667 4777 2808 4832 cmlo
2843 4786 2946 4838 est,
2983 4785 3036 4828 et
3067 4790 3130 4828 ex
3176 4773 3284 4826 Deo
3331 4773 3490 4827 Patre

1921 4880 2105 4922 nutum
2143 4878 2247 4933 est,
2283 4869 2445 4923 homo
2495 4867 2670 4922 factus
2722 4869 2828 4932 sit,
2861 4866 3030 4919 nihilo
3078 4873 3258 4918 tamen
3313 4866 3493 4918 secius

1922 4962 1988 5014 de
2033 4960 2171 5014 caelo
2218 4970 2322 5016 est.
2371 4960 2604 5015 Rursum
2642 4961 2740 5024 uti,
2777 4958 3139 5027 corruptionis
3182 4966 3236 5010 et
3302 4957 3495 5011 mortis

1924 5051 2151 5103 vinculis
2176 5049 2476 5114 constricti,
2503 5048 2703 5102 terreni
2751 5048 3043 5116 imaginem
3079 5055 3388 5117 gestamus;
3421 5047 3492 5100 ita

1924 5142 2385 5210 incorruptionem
2413 5140 2521 5208 jam
2557 5141 2749 5206 induti,
2782 5139 3020 5194 cariestis
3055 5139 3341 5208 imaginem
3379 5154 3498 5206 por-

1927 5236 2182 5288 tabimus.
2237 5233 2395 5300 Atqui
2463 5233 2797 5303 incorruptio
2845 5231 3044 5286 bonum
3106 5239 3183 5285 est
3239 5229 3499 5283 naturalis

1927 5325 2223 5378 divinitati~
2252 5326 2547 5394 proprium.
2570 5323 2703 5380 Nam
2734 5325 2928 5381 mortui
2966 5325 3342 5387 immutantur,
3372 5337 3468 5379 nor

2089 5488 2140 5521 "
2169 5487 2299 5543 ibid.
2334 5485 2422 5552 52,
2451 5487 2541 5543 53.

1301 5639 1478 5697 Varia:
1507 5640 1765 5699 lectiones
1795 5641 1995 5697 codicis
2031 5640 2389 5711 Seguieriaui.

310 5793 338 5832 οι
367 5783 620 5851 δεύτερος
657 5781 966 5851 ἄνθρωπος.
