4146 6502
609 407 751 462 (9.85

1737 404 2012 474 CYRllJJ
2049 402 2512 459 ALEXANDRINI
2555 404 2872 460 ARCIIIEP.

3715 413 3853 468 ιεδι

603 517 968 587 .ruptihileqne
991 517 1167 571 induit
1192 515 1676 584 incorruptionem,
1698 532 1820 570 cum
1857 518 2174 586 Unigenitus

2281 536 2372 581 τος
2417 521 2539 574 καθ’
2575 524 2718 593 ἡμᾶς
2745 524 2837 575 τοῦ
2868 523 3204 590 Μονογενοῦς
3224 565 3237 588 ,
3288 526 3379 577 καὶ
3411 526 3770 596 μεθιστάντος
3799 531 3862 584 τὸ

608 612 781 665 nostri
837 609 1029 664 similis
1081 618 1236 662 natus
1285 608 1668 661 mortalitatem
1731 608 2074 662 transtulerit
2125 609 2178 660 in

611 701 1115 764 immortalitatem,
1180 707 1234 752 et
1292 698 1692 765 corruptionem
1760 699 2181 754 transformam-

610 795 681 846 rit
734 795 785 846 in
821 793 1271 860 incorruptionem
1307 789 1356 842 in
1409 790 1697 858 semetipso
1733 798 1789 842 et
1832 790 2030 856 primo.
2072 788 2182 844 Hac

608 884 756 938 enim
790 883 1000 938 ratione
1033 881 1188 952 nobis
1225 878 1356 949 ipsis
1390 895 1603 949 quoque
1628 882 1710 934 via
1741 879 1804 933 ad
1825 881 1984 933 vitam
2011 880 2181 936 factus

609 987 712 1030 ρει.

983 1087 1064 1143 Ea:
1089 1089 1373 1157 posteriore
1395 1085 1462 1137 ad
1483 1083 1803 1138 Corinthios.

687 1218 706 1252 ι
742 1198 847 1254 Sed
883 1198 982 1266 ipsi
1039 1199 1090 1252 in
1123 1198 1278 1251 nobis
1331 1196 1460 1263 ipsis
1502 1210 1812 1263 responsura
1865 1193 2052 1248 mortis
2083 1193 2147 1247 ha

611 1293 846 1354 buimus,
873 1299 934 1343 .ut
967 1306 1070 1343 non
1103 1291 1274 1342 simus
1315 1288 1540 1341 ﬁdentes
1578 1288 1628 1340 in
1654 1287 1828 1350 nobis,
1853 1287 1946 1340 sed
1968 1287 2018 1338 in
2050 1285 2177 1347 Deo,

611 1385 701 1452 qui
751 1383 980 1437 suscitat
1031 1391 1273 1434 mortuos
1305 1379 1372 1432 ⁸ο.
1417 1399 1432 1429 ι
1464 1377 1518 1431 Si
1560 1388 1890 1431 mortuorum
1937 1380 2180 1431 exsusci-

610 1475 741 1527 tatio
773 1474 823 1525 in
859 1487 1001 1533 eum,
1033 1471 1123 1539 qui
1153 1481 1341 1523 natura
1371 1467 1521 1522 Dens
1553 1477 1660 1528 est,
1702 1469 1933 1520 maxime
1982 1480 2180 1521 conve-

611 1567 710 1627 nit,
748 1573 1026 1631 propterea
1057 1561 1200 1629 quod
1231 1561 1381 1615 solus
1417 1560 1519 1611 vita
1559 1559 1628 1612 sit
1664 1568 1718 1611 et
1756 1557 1863 1628 93
1899 1557 2178 1622 vivilicus;

609 1655 856 1708 Christus
911 1663 1090 1704 autem
1146 1653 1605 1704 resurrectionem
1659 1659 1712 1703 et
1754 1651 1922 1702 vitam
1977 1648 2178 1701 diserte

608 1762 728 1800 sese
794 1745 1040 1812 appellat,
1096 1745 1456 1812 euntdemque
1521 1751 1766 1796 mortuos
1811 1743 2178 1794 exsuscitasse

2289 607 2480 678 θνητὸν
2507 612 2584 674 εἰς
2609 613 2926 677 ἀθανασίαν,
2955 612 3049 666 κά⁶ι
3081 613 3142 664 τὸ
3179 612 3418 684 φθαρτὸν
3442 618 3522 679 εἰς
3549 617 3859 688 ἀφθαρσίαν

2285 701 2343 752 ἐν
2386 702 2564 772 ἐαυτῷ
2609 706 2704 757 καὶ
2751 705 2950 776 πρώτῳ
2991 705 3512 775 μετασκευὰζοντος.
3548 708 3707 762 Οὕτω
3749 711 3858 781 γάρ

2286 791 2515 861 γέγονεν
2536 795 2651 858 ὁδὸς
2677 799 2757 859 εἰς
2784 796 2930 868 ζωὴν
2960 798 3054 852 καὶ
3086 800 3215 868 ἡμῖν
3246 800 3449 864 αὐτοῖς.

2626 1078 2719 1132 Ἐκ
2749 1078 2857 1146 τῆς
2885 1080 3033 1148 πρὸς
3065 1084 3412 1152 Κορινθίους
3442 1087 3522 1150 β’.

2362 1209 2379 1239 ι
2404 1188 2567 1242 Ἀλλά
2598 1191 2752 1242 αὐτοὶ
2773 1233 2786 1255 ,
2817 1194 3001 1260 φησιν,
3033 1194 3088 1247 ἐν
3124 1195 3336 1258 ἑαυτοῖς
3364 1196 3423 1248 τὸ
3445 1199 3730 1270 ἀπόκριμα
3763 1203 3854 1256 τοῦ

2284 1277 2514 1332 θανάτου
2568 1281 2921 1351 ἐσχήκαμεν,
2969 1283 3055 1335 ἵνα
3103 1285 3175 1354 μὴ
3218 1287 3542 1351 πεποιθότες
3592 1284 3746 1360 ὦμεν
3798 1296 3852 1346 ἐν

2283 1369 2514 1430 ἑαυτοῖς,
2545 1370 2658 1423 ἀλλ’
2684 1372 2776 1422 ἐπὶ
2800 1372 2875 1441 τῷ
2891 1373 3009 1443 Θεῷ
3026 1373 3102 1442 τῷ
3119 1374 3392 1444 ἐγείραντι
3422 1379 3548 1441 τοῦς
3571 1381 3851 1452 νεκρούς.»

2283 1462 2345 1514 Εἰ
2374 1461 2492 1532 Θεῷ
2521 1463 2581 1515 τὸ
2605 1473 2628 1500 ν
2663 1463 2801 1517 κατὰ
2830 1458 2989 1534 ιρύσιν
3021 1467 3470 1536 πρεπωδέστατον
3496 1467 3639 1523 εἶναι
3675 1491 3856 1543 φαμεν

2280 1553 2340 1605 τὸ
2386 1553 2618 1622 ἐγείρειν
2661 1557 2787 1619 τοὺς
2850 1558 3108 1627 νεκροὺς,
3151 1558 3232 1611 ὅτι
3275 1558 3390 1628 ζωὴ
3445 1562 3540 1614 καὶ
3595 1563 3855 1628 (moneri;

2281 1645 2456 1699 ἐστιν’
2495 1647 2597 1715 ἔφη
2621 1647 2677 1699 δὲ
2707 1648 2940 1718 Χριστός
2963 1664 2975 1676 ·
3012 1668 3029 1699 ι
3055 1648 3196 1716 Ἐγώ
3227 1651 3347 1720 εἰμι
3380 1653 3413 1723 ἡ
3441 1653 3739 1716 ἀνάστασις
3765 1663 3856 1708 καὶ

2281 1739 2314 1808 ἡ
2342 1738 2452 1808 ζωή
2482 1755 2495 1767 ·
2532 1757 2549 1788 ι
2585 1739 2828 1806 φαίνεται
2862 1739 2918 1792 δὲ
2956 1741 3048 1793 καὶ⁸
3081 1741 3400 1810 ἐγηγερκὼς
3426 1745 3552 1808 τοὺς
3594 1747 3849 1816 νεκρούς⁹

609 1846 756 1892 certo
779 1847 992 1891 constat
1024 1851 1037 1888 :
1065 1837 1184 1906 quis
1215 1845 1267 1890 et
1291 1851 1473 1889 verum
1498 1834 1686 1897 Deum,
1716 1845 1771 1888 et
1797 1834 1963 1887 vitam
1984 1847 2174 1888 secun-

2281 1830 2412 1893 Θεὸς
2446 1831 2552 1902 ἄρα
2578 1831 2745 1895 ἐστὶν,
2770 1829 2845 1894 ώς
2879 1829 2990 1902 ζωὴ
3026 1832 3165 1885 κατά
3197 1832 3380 1902 φύσιν.

605 1932 732 1985 dum
765 1938 1012 1984 naturam
1042 1943 1164 1983 esse
1204 1927 1473 1996 ambigat?

1019 2064 1104 2119 Ex
1123 2063 1364 2135 Epistula
1395 2063 1463 2116 ad
1500 2061 1773 2116 llebneos.

682 2176 867 2242 «Quia
927 2191 1060 2246 ergo
1122 2175 1272 2244 pueri
1329 2173 1866 2228 communicaverunt
1920 2173 2068 2228 carni
2123 2181 2177 2227 ct

608 2270 877 2338 sanguini,
910 2277 963 2322 et
1016 2268 1130 2330 ipse
1186 2267 1438 2320 similiter
1490 2265 1833 2334 participavit
1890 2265 2178 2326 iisdem,ut

607 2376 702 2427 per
745 2370 976 2412 mortem
1014 2359 1321 2411 destrueret
1385 2373 1505 2409 enm
1559 2357 1648 2425 qui
1710 2356 1934 2409 habebat
1989 2355 2178 2409 mortis

607 2451 981 2520 itnperinm,id
1040 2459 1121 2504 est
1178 2448 1447 2502 diabolum
1471 2448 1539 2500 ⁸¹.
1569 2467 1587 2498 ι
1648 2446 1823 2516 Eque
1853 2462 1916 2500 ac
1959 2462 2056 2500 nos
2085 2448 2174 2515 qui

609 2543 746 2596 inter
796 2541 935 2596 filios
976 2540 1070 2594 Dei
1112 2554 1421 2602 censemur,
1451 2539 1638 2592 carnis
1681 2548 1734 2592 et
1774 2539 2050 2608 sanguinis
2087 2539 2176 2593 Dei

606 2631 842 2686 Verbum
894 2631 1170 2700 particeps
1201 2628 1410 2682 factum
1445 2637 1562 2693 est;
1597 2642 1703 2695 quo
1751 2628 1999 2681 nimirum
2051 2645 2167 2697 pro.

607 2722 780 2790 prium
815 2735 1010 2790 corpus
1037 2718 1110 2776 .in
1158 2727 1387 2772 mortem
1421 2719 1772 2783 contradens,
1802 2718 1972 2785 ipsum
2001 2717 2177 2770 denuo

609 2822 862 2879 tauquam
899 2809 988 2876 qui
1021 2817 1209 2876 suapte
1244 2817 1438 2860 natura
1495 2807 1602 2860 vita
1633 2817 1686 2859 et
1739 2807 1877 2860 Dens
1928 2805 2173 2869 exsistat,

607 2903 730 2956 vitae
777 2900 1046 2954 restituat.
1114 2897 1244 2951 Nam
1303 2899 1573 2966 quomodo
1644 2897 1836 2950 mortis
1895 2896 2175 2962 imperium

604 2994 938 3046 destructum
970 2996 1074 3050 est,
1105 2988 1148 3040 si
1181 3003 1378 3057 corpus
1406 2987 1550 3056 quod
1584 2986 1881 3041 secundum
1922 2995 2173 3038 naturam

604 3084 754 3148 vitae,
786 3082 887 3134 hoc
917 3093 1002 3134 est
1026 3079 1184 3132 Verbi
1226 3079 1342 3143 Dei,
1380 3078 1656 3146 proprium
1694 3075 1902 3139 erat,in
1949 3084 2175 3128 mortem

604 3173 937 3244 prolapsum,
965 3171 1158 3224 iterum
1200 3169 1590 3222 exsuscitatutu
1633 3182 1734 3220 non
1770 3166 1896 3220 est?

677 3283 828 3350 Quod
856 3298 989 3336 unus
1022 3281 1087 3334 sit
1122 3279 1289 3334 Filius
1313 3290 1361 3333 ei
1385 3278 1635 3332 Dominus
1668 3277 1822 3331 Jesus
1846 3276 2102 3332 Chris'us.

979 3391 1062 3446 Ex
1087 3393 1258 3460 prium
1281 3390 1541 3445 catholica
1557 3389 1802 3444 Joannis.

679 3526 699 3560 ι
723 3507 873 3573 Quod
916 3507 1016 3562 fuit
1041 3507 1106 3559 ab
1131 3506 1307 3571 initio,
1338 3505 1479 3574 quod
1512 3503 1836 3569 audivimus,
1860 3504 2002 3573 quod
2037 3502 2174 3555 vidi-

604 3615 724 3652 mus
776 3597 949 3653 oculis
1011 3596 1232 3658 nostris,
1260 3595 1401 3664 quod
1464 3595 1858 3662 perspeximus,
1895 3605 1948 3647 et
1985 3611 2177 3649 manus

604 3701 803 3743 nostra:
866 3695 1339 3742 contrectaveruut
1398 3687 1462 3738 de
1509 3685 1684 3738 Vcrbu
1740 3688 1860 3738 vita:
1902 3705 1914 3740 :
1957 3697 2011 3740 et
2066 3689 2172 3740 vita

605 3779 946 3832 manifestata
982 3786 1086 3840 est,
1121 3787 1177 3830 et
1201 3777 1456 3840 vidimus,
1487 3786 1841 3841 ettestamur,
1873 3788 1926 3831 ct
1957 3793 2173 3830 altttllll-

605 3873 800 3925 tiatnus
827 3870 978 3924 vobis
995 3870 1157 3922 vitam
1180 3878 1460 3934 aaternam,
1479 3884 1599 3937 qua:
1623 3878 1738 3922 erat
1765 3868 1904 3936 apud
1934 3868 2174 3934 Patrem,

601 3976 653 4020 et
697 3964 942 4034 apparuit
970 3963 1124 4017 nobis
1144 3963 1212 4016 ".
1249 3980 1266 4013 ι
1300 3961 1379 4014 Εη
1440 3962 1590 4015 illum
1619 3964 1708 4031 qui
1747 3963 1846 4016 fuit
1887 3965 1955 4017 ab
1999 3965 2172 4032 initio,

601 4057 816 4124 vitaque
849 4064 1071 4118 aeterna,
1106 4054 1209 4106 hoc
1244 4063 1325 4107 est
1359 4051 1450 4106 Dei
1484 4054 1656 4108 Patris
1694 4054 1962 4116 Verbum,
2005 4057 2175 4111 oculis

601 4161 662 4199 se
689 4145 911 4205 vidisse,
935 4142 1293 4210 manibusque
1333 4152 1700 4197 contrectasse
1752 4153 2006 4209 testatur,
2051 4160 2173 4198 cum

605 4246 782 4288 tamen
818 4231 1046 4286 Verbum
1071 4233 1213 4300 quod
1249 4247 1315 4286 ex
1353 4233 1511 4287 Patre
1541 4235 1927 4301 proccdit,’sua
1980 4243 2169 4289 natura

601 4336 882 4396 aspectum
911 4325 1101 4394 fugiat,
1147 4325 1401 4395 tangique
1443 4337 1704 4394 nequeat:
1731 4327 1998 4394 siquidem
2033 4328 2174 4395 quod

602 4432 828 4485 torpore
878 4426 1050 4479 vacat,
1088 4416 1140 4470 id
1195 4417 1295 4470 sub
1331 4417 1623 4471 tactionetn
1660 4434 1764 4472 non
1809 4419 1972 4472 cadit.
2012 4420 2171 4487 Atqui

604 4506 837 4562 Verbum
879 4507 1219 4560 incarnatum
1289 4507 1462 4561 oculis
1536 4509 1755 4572 vidisse,
1814 4518 1867 4562 et
1927 4511 2173 4563 manilms

2677 2057 2770 2111 Ἐκ
2805 2059 2916 2127 τῆς
2951 2060 3101 2129 πρὸς
3135 2063 3462 2131 Ἐϐραίους.

2355 2189 2372 2222 ι
2399 2170 2548 2224 Ἐπεὶ
2589 2167 2682 2224 οὖν
2732 2172 3095 2244 κεκοινώνηκε
3140 2176 3208 2231 τά
3254 2169 3441 2232 παιδία
3492 2183 3727 2250 αἵματος
3760 2188 3850 2240 καὶ

2281 2262 2499 2332 σαρκὸς,
2527 2264 2620 2316 καὶ
2648 2265 2812 2328 αὐτὸς
2839 2268 3240 2336 παραπλησίως
3265 2273 3495 2343 μετέσχε
3522 2277 3632 2328 τῶν
3649 2279 3849 2331 αὖτῶνο

2279 2351 2366 2404 ἴνα
2391 2352 2476 2405 διὰ
2499 2353 2590 2406 τοῦ
2621 2355 2852 2410 θανάτου
2885 2360 3210 2430 καταργήσῃ
3239 2361 3328 2414 etv
3354 2364 3412 2416 τὸ
3435 2367 3637 2432 κράτος
3661 2369 3851 2437 ἔχοντα

2277 2441 2370 2494 τοῦ
2402 2442 2655 2507 θανάτου,
2683 2447 2931 2499 τουτέστι
2961 2449 3050 2501 τὸν
3075 2450 3343 2506 διάϐολον.
3381 2473 3399 2503 ι
3445 2455 3853 2530 Παραπλησίως

2279 2534 2410 2603 ἡμῖν
2435 2537 2545 2597 τοῖς
2572 2536 2629 2588 ἐν
2658 2538 2870 2600 τέκνοις
2896 2538 3029 2591 Θεοῦ
3067 2543 3424 2612 τεταγμένοις
3453 2551 3852 2620 κεκοινώνηκεν

2279 2629 2508 2697 αἵματος
2539 2632 2629 2683 καὶ
2655 2633 2854 2703 σαρκὸς
2881 2634 2909 2686 ὀ
2939 2635 3002 2686 ἐκ
3028 2635 3160 2688 Θεοῦ
3195 2638 3388 2705 Λόγος,
3420 2640 3507 2693 ἵνα
3535 2641 3613 2708 τῷ
3642 2642 3850 2713 θανάτῳ

2279 2719 2336 2771 τὸ
2383 2720 2510 2773 [διον
2555 2722 2714 2791 σῶμα
2765 2723 2910 2789 δοὺς,
2961 2723 3275 2799 ζωοποιήσῃ
3327 2730 3487 2782 πάλιν
3533 2732 3683 2796 αὐτὸ,
3741 2734 3848 2806 ζωὴ

2280 2811 2422 2864 κατὰ
2452 2812 2613 2882 φύσιν
2645 2815 2924 2886 ὑπάρχων,
2951 2819 3026 2883 ώς
3052 2820 3396 2881 ΘεόςυἘπεὶ
3433 2823 3549 2888 πῶς
3574 2828 3852 2896 κατήργη-

2277 2919 2368 2954 ται
2399 2903 2492 2955 τοῦ
2521 2904 2754 2959 Θανάτου
2789 2909 2847 2960 es
2877 2910 3104 2980 κράτος,
3139 2911 3205 2964 ἂν
3239 2911 3313 2983 μὴ
3351 2913 3412 2966 τὸ
3441 2915 3606 2966 πεσὸν
3639 2920 3716 2979 εἰς
3754 2916 3824 2970 θά

2278 3010 2435 3046 νατον
2475 2996 2674 3049 ἀνεϐίω
2700 2998 2879 3068 σῶμα,
2925 3001 3055 3054 ἴδιον
3081 3001 3142 3054 ὃν
3173 3003 3273 3072 τῆς
3303 3005 3448 3057 κατὰ
3489 3005 3652 3074 φύσιν
3681 3007 3848 3078 ζωῆς,

2278 3086 2524 3140 τουτέστι
2553 3088 2644 3141 τοῦ
2669 3092 2731 3142 ἐκ
2761 3089 2893 3144 Θεοῦ
2927 3093 3078 3156 ὄντος
3109 3094 3282 3162 Λόγου
3305 3111 3318 3123 ’

2375 3287 2494 3340 Ὅτι
2516 3284 2603 3352 εἷς
2631 3293 2663 3343 ὁ
2701 3289 2832 3356 Υἱὸς
2859 3291 2955 3344 καὶ
2986 3294 3199 3362 Κύριος
3230 3295 3462 3364 Ἰησοῦς
3490 3298 3766 3364 Χριστός.

2296 3397 2502 3465 Ἐκτῆς
2531 3399 2810 3456 Ἰωάννου
2845 3403 3208 3473 Ἐπιστολῆς
3241 3407 3477 3475 πρώτης
3505 3409 3850 3477 καθολικῆς.

2356 3526 2374 3557 ι
2412 3511 2474 3561 Ὃ
2515 3505 2582 3579 ἦν
2624 3511 2717 3563 ἀπ’
2755 3513 2946 3582 ἀρχῆς,
2993 3514 3021 3567 ὃ
3066 3517 3404 3585 άκηκὸαμεν,
3449 3519 3476 3571 ὃ
3524 3521 3852 3590 ἑωράκαμεν

2278 3600 2390 3660 τοῖς
2436 3598 2734 3670 ὀφθαλμοῖς
2761 3603 2950 3670 ἡμῶν,
2986 3604 3014 3655 ὂ
3045 3605 3385 3676 ἐθεασάμεθα
3410 3648 3424 3670 ,
3455 3613 3548 3662 καὶ
3581 3613 3637 3662 αἱ
3671 3615 3849 3681 χεῖρες

2281 3689 2435 3757 ἡμῶν
2469 3690 2823 3760 ἐψηλάφησαν
2851 3695 2977 3764 περὶ
3009 3695 3102 3748 τοῦ
3133 3697 3305 3764 Λόγου
3336 3700 3434 3768 τῆς
3467 3699 3608 3771 ζωῆς
3631 3721 3644 3733 ο
3688 3705 3785 3756 καὶ
3818 3706 3840 3755 i

2281 3778 2392 3850 ζωὴ
2432 3783 2769 3853 ἐφανερώθη,
2805 3786 2896 3839 καὶ
2928 3787 3270 3858 ἑωράκαμεν,
3306 3792 3400 3844 καὶ
3441 3795 3846 3866 μαρτυροῦμεν,

2279 3873 2374 3926 καὶ
2421 3874 2834 3946 ἀπαγγέλλομεν
2869 3879 2998 3947 ὑμῖν
3026 3879 3170 3951 ζωὴν
3204 3883 3302 3952 τὴν
3344 3884 3579 3950 αἰώνιον,
3628 3889 3752 3956 ἥτις
3787 3887 3846 3958 ἦν

2278 3966 2413 4036 πρὸς
2435 3965 2526 4018 τὸν
2572 3968 2808 4038 Πατέρα,
2869 3971 2962 4022 καὶ
2994 3972 3309 4044 ἐφανερώθη
3350 3977 3497 4044 ἡμῖν.
3536 3997 3552 4028 ι
3597 3979 3727 4032 Ἰδοὺ
3761 3982 3846 4034 τὸν

2275 4052 2404 4104 ὄντα
2433 4055 2530 4105 ἀπ’
2557 4057 2751 4126 ἀρχῆς,
2787 4060 3029 4112 τουτέστι
3068 4060 3158 4113 τὸν
3191 4064 3254 4114 ἐκ
3285 4063 3375 4115 τοῦ
3407 4066 3617 4135 [ἰατρὸς
3650 4069 3842 4136 Λόγον,

2276 4146 2373 4212 τὴν
2409 4145 2553 4214 ζωὴν
2583 4149 2680 4220 τὴν
2714 4148 2929 4201 αἰώνιον
2978 4153 3280 4222 ἑωρακέναι
3332 4156 3466 4224 φησι
3505 4162 3616 4221 τοῖς
3647 4161 3846 4226 690a).-

2280 4238 2416 4304 μοῖς,
2466 4238 2558 4288 καὶ
2605 4239 2709 4307 μὴν
2759 4241 2852 4292 καὶ
2896 4242 3050 4311 χερσὶ
3083 4242 3435 4314 ψηλαφῆσαι’
3493 4247 3666 4301 καίτοι
3711 4254 3845 4305 κατὰ

2277 4326 2435 4393 φύσιν
2471 4328 2606 4380 ἰδίαν
2634 4329 2724 4381 τοῦ
2754 4333 2815 4384 ἐκ
2839 4333 2929 4384 τοῦ
2955 4335 3158 4403 [ἰατρὸς
3177 4334 3324 4398 ὄντος
3343 4339 3539 4404 Λόγου,
3567 4341 3662 4392 καὶ
3698 4342 3846 4408 ὄντος

2277 4421 2508 4488 ἀοράτου
2561 4423 2652 4475 καὶ
2693 4425 2964 4493 ἀναφοῦς·
3012 4427 3220 4496 ἀναφὲς
3264 4429 3370 4499 γάρ
3430 4433 3489 4484 το
3532 4434 3841 4504 ἀσώματον.

2289 4512 2426 4562 Ἀλλ’
2457 4516 2512 4565 ἐν
2545 4515 2708 4584 σαρκὶ
2737 4517 2992 4584 γεγονότα
3019 4517 3109 4569 τὸν
3138 4519 3309 4586 Λόγον
3333 4522 3633 4590 ἑωρακέναι
3665 4543 3725 4578 τε
3755 4529 3842 4580 καὶ

601 4607 966 4652 contrectasse
996 4613 1054 4652 se
1081 4597 1174 4650 ait.
1195 4599 1370 4664 Quare
1403 4599 1527 4653 licet
1557 4601 1786 4654 Verbum
1811 4615 1938 4653 raro
1970 4601 2167 4655 laetum

2279 4603 2594 4673 ψηλαφῆσαί
2627 4624 2808 4674 φησιν.
2852 4603 2944 4672 Εἷς
2976 4605 3067 4662 οῦν
3099 4611 3204 4681 ἄρα
3237 4613 3386 4665 ἐστὶν
3423 4614 3548 4678 Υἱὸς
3577 4618 3668 4669 καὶ
3716 4619 3844 4684 Θεὸς

601 4698 870 4753 csl,unus
918 4695 1097 4742 tamen
1148 4698 1229 4741 est
1273 4687 1464 4756 Filius,
1492 4704 1630 4772 imus
1679 4689 1842 4753 Deus,
1871 4705 2008 4744 unus
2062 4690 2170 4744 Ι)οα

602 4796 798 4835 minus.

597 4892 708 4966 94,
751 4893 900 4959 Quod
955 4894 1083 4962 fides
1141 4895 1335 5017 ιρηιιηὶ)
1385 4897 1437 4948 in
1483 4895 1770 4958 Christum,
1822 4909 2072 4966 tauquam
2116 4897 2167 4950 in

945 5005 952 5010 .
1339 4982 1475 5017 eum.

945 5005 952 5010 .
1294 4982 1475 5020 ueum.

1019 5077 1102 5130 Ea:
1125 5079 1288 5147 priori
1321 5077 1557 5148 Epistola
1583 5081 1746 5137 Petri.

672 5205 691 5237 ι
730 5186 821 5254 Ut,
847 5188 1041 5257 inquit,
1068 5191 1200 5245 tides
1236 5203 1438 5258 vestra,
1462 5201 1516 5247 ct
1539 5207 1662 5263 spes
1691 5194 1903 5247 essetin
1925 5192 2108 5246 Deo“.
2143 5213 2160 5245 ›

598 5276 756 5345 Atqui
787 5279 1030 5334 Christus
1057 5296 1150 5349 per
1193 5294 1411 5338 sanctos
1457 5282 1728 5353 apostolos
1787 5283 2162 5346 annuutiatur,

649 5450 712 5490 -⁸⁰
737 5449 778 5506 ll
807 5452 931 5509 Cor.
967 5470 1008 5523 ι,
1036 5455 1091 5511 9.
1169 5458 1210 5492 ³¹
1241 5457 1403 5513 Hebr.
1436 5473 1496 5527 ιι,
1534 5459 1617 5514 is.

1694 5460 1738 5491 ⁵’
1777 5457 1976 5512 lJoan.
2012 5475 2049 5524 ι,
2080 5459 2126 5525 1,
2162 5458 2217 5512 2.

2277 4698 2370 4749 καὶ
2397 4697 2618 4766 Κύριος,
2654 4698 2757 4752 κᾶν
2785 4699 2833 4750 εἰ
2864 4699 3055 4768 γέγονε
3087 4701 3218 4772 σάρξ
3242 4705 3268 4754 ὁ
3299 4703 3490 4771 Λόγος.

2435 4895 2556 4948 Ὅτι
2580 4899 2666 4962 εἰς
2693 4898 2951 4964 Χριστὸν
2989 4899 3026 4966 ἡ
3052 4901 3275 4965 πίστις,
3309 4901 3390 4966 ὡς
3424 4903 3510 4966 εἰς
3536 4905 3704 4957 Θεὸν.

2462 5075 2555 5125 Ἐκ
2588 5073 2695 5141 τῆς
2727 5077 2952 5142 Πέτρου
3000 5075 3368 5141 Ἐπιστολῆς
3401 5075 3657 5143 πρώτης.

2353 5209 2369 5240 ι
2412 5191 2574 5241 Ὥστε
2595 5231 2606 5250 ,
2647 5191 2808 5259 φησι.
2836 5190 2934 5260 τὴν
2965 5190 3144 5242 πίστιν
3180 5190 3332 5258 ὑμῶν
3368 5191 3459 5243 καί
3487 5189 3680 5242 ἐλπίδα
3709 5185 3841 5244 εἶναι

2275 5283 2353 5344 είς
2374 5280 2524 5334 Θεόν.
2552 5300 2568 5330 ι
2602 5283 2796 5334 Καίτοι
2821 5282 3051 5353 Χριστδς
3082 5281 3408 5351 κηρύττεται
3435 5281 3522 5334 διά
3545 5281 3653 5333 τῶν
3675 5282 3841 5350 ἀγίων

2290 5457 2336 5490 ³³
2371 5457 2389 5510 1
2422 5457 2566 5512 Petr.
2603 5472 2639 5521 ι,
2675 5456 2768 5514 2!.

1647 5612 1818 5668 Varire
1851 5613 2113 5670 lectiones
2139 5612 2342 5669 codicis
2373 5611 2752 5682 Seguieriani.’

666 5765 691 5797 ³
722 5758 807 5811 Ic.
835 5759 932 5823 τῷ.
