4146 6464
251 371 385 426 19.85

1339 369 1424 424 DE
1460 367 1686 422 BECTA
1729 365 1882 420 FIDE
1922 364 2013 418 AD
2052 363 2368 421 DEGINAS.

3354 366 3492 422 i236

245 479 557 535 ἀποστόλων
577 495 590 511 ·
625 480 720 534 καὶ
742 481 899 544 αὐτὸς
925 482 979 536 δέ
1024 481 1122 536 πού
1153 498 1315 552 φησιν
1335 499 1349 515 ·
1385 499 1404 530 ι
1450 478 1643 549 Ἀμὴν,
1668 477 1814 547 ἀμὴν

1949 489 2036 529 ιιιο
2068 476 2290 544 ipsemet
2319 478 2389 530 ita
2423 476 2498 531 ait
2534 496 2546 531 :
2591 497 2608 530 ι
2649 481 2839 544 Amen,
2873 496 3027 534 amen
3060 480 3181 534 dico
3214 481 3368 535 vobis
3399 481 3488 548 qui
3517 469 3521 473 ’

246 576 388 641 λέγω
421 573 566 642 ὑμῖν,
601 573 630 625 6
662 573 930 627 πιστεύων
960 575 1040 636 εἱς
1068 575 1090 626 ὲ
1100 575 1189 643 μὲ,
1214 574 1324 642 ἔχει
1350 571 1496 641 ζωὴν
1525 569 1765 622 αἰώνιον.
1793 586 1809 617 ι

249 665 378 715 Ὅτε
431 664 609 716 τοίνυν
656 665 736 726 εἰς
771 664 904 717 Θεὸν
935 667 968 734 ἠ
999 665 1215 727 πίστις,
1260 662 1497 733 Χριστοῦ
1544 661 1815 728 λέγοντος,

251 774 268 804 ι
295 752 385 816 Εἰς
422 752 520 822 ἐμὲ
555 752 872 806 πιστεύετεο
910 771 927 802 ι
964 752 1079 814 πῶς
1109 752 1208 804 οὐκ
1251 751 1316 804 ἂν
1359 749 1444 819 εἴη
1490 749 1622 812 Θεὸς
1657 749 1814 818 ἐνειρ-

243 845 383 912 γῶς;

422 954 523 1007 Ἐκ
561 953 672 1022 τῆς
700 953 937 1022 πρώτης
972 953 1251 1007 Ἰωάννου
1296 949 1675 1017 Ἐπιστολῆς.

323 1086 341 1116 ι
379 1068 488 1119 Καὶ
521 1065 658 1137 αῦτη
686 1066 834 1118 ἐστὶν
866 1068 898 1136 ἡ
935 1065 1121 1136 ἐντολὴ
1148 1065 1336 1127 αὑτοῦ,
1364 1066 1450 1118 ἵνα
1471 1061 1816 1132 πιστεύωμεν

245 1157 325 1227 τῷ
346 1156 568 1226 ὀνόματι
597 1155 691 1208 τοῦ
719 1153 849 1208 Υιοῦ
883 1153 1047 1207 αὑτοῦ
1089 1154 1262 1225 Ἰησοῦ
1292 1152 1546 1224 Χριστοῦ.
1588 1170 1605 1201 ι
1641 1151 1702 1202 Ei
1743 1151 1816 1218 μὴ

245 1245 569 1318 ἀνεθέλητόν
613 1247 728 1298 ἐστι
769 1245 845 1316 τῷ
888 1231 1018 1316 ’Θεῷ
1068 1247 1162 1300 καὶ
1212 1245 1386 1316 Ila.sz
1433 1244 1493 1296 τὸ
1543 1227 1818 1295 messim

245 1341 394 1411 ἡμᾶς
431 1342 510 1402 εἰς
537 1339 598 1392 τὸ
635 1339 804 1410 ὄνομα
835 1339 929 1392 τοῦ
965 1340 1096 1392 Υἱοῦ
1129 1338 1292 1392 αὑτοῦ
1335 1336 1509 1408 Ἰησοῦ
1541 1334 1778 1404 Χριστοῦ
1801 1352 1813 1364 ·

247 1435 544 1504 πράττεται
590 1433 646 1485 δὲ
689 1433 782 1486 καὶ
819 1433 947 1504 παρ’
980 1431 1198 1502 ἡμῶνή
1240 1430 1448 1492 πίστις,
1476 1429 1574 1497 οὐχ
1617 1427 1690 1489 ὡς
1740 1428 1819 1488 εἰς

246 1525 534 1596 ἄνθρωπον
567 1522 750 1585 ἁπλῶς
771 1563 786 1586 ,
818 1523 932 1576 ἀλλ’
967 1522 1041 1586 ὼς
1067 1524 1146 1585 εἰς
1177 1522 1307 1574 Θεὸν
1346 1519 1524 1583 ζῶντα
1556 1520 1649 1572 καὶ
1684 1517 1817 1588 ἁλη-

243 1617 422 1670 θινόνο
459 1615 590 1677 Θεὸς
613 1615 718 1685 ἄρα
755 1615 1009 1685 Χριστός.

323 1726 344 1759 ι
367 1708 455 1760 Ἐν
483 1709 656 1779 τούτῳ
685 1706 1013 1774 γινώσκεται
1043 1705 1102 1758 τὸ
1136 1705 1359 1774 Πνεῦμα
1388 1704 1480 1756 τοῦ
1512 1701 1645 1755 (θεοῦ
1667 1718 1678 1730 °
1705 1702 1817 1753 πᾶν

1919 571 2088 622 credit
2120 568 2172 622 in
2206 585 2310 634 me,
2340 569 2500 623 habet
2548 569 2712 622 vitam
2756 571 3102 624 :cternam”.
3138 589 3156 620 ι
3189 571 3320 625 Cum
3361 585 3491 638 ergo

1921 661 2051 714 ﬁdes
2091 661 2142 714 in
2192 658 2359 714 Deum
2405 661 2633 726 feratur,
2674 672 2725 714 ct
2771 662 3041 724 Christus,
3076 682 3094 713 ‹
3139 662 3194 716 In
3247 677 3330 715 me
3363 677 3490 715 cre-

1919 751 2048 812 dite,
2088 769 2104 801 ι
2131 749 2274 804 dicat
2299 771 2310 805 :
2335 753 2604 820 quomodo
2639 751 2854 820 planum
2889 769 2993 804 non
3023 763 3123 816 est,
3163 754 3335 821 ipsum
3364 767 3486 807 esse

1923 841 2126 894 Deum?

2283 949 2364 1002 Ex
2401 947 2640 1018 Epistula
2687 952 2854 1020 prima
2895 949 3139 1004 Joannis.

1998 1085 2016 1117 ι
2062 1067 2124 1119 Et
2171 1065 2272 1118 hoc
2324 1075 2408 1118 est
2450 1066 2760 1119 mandatum
2802 1066 2937 1131 rius,
2984 1077 3041 1117 ιιι
3105 1065 3388 1119 credamus
3435 1065 3488 1118 in

1922 1157 2140 1211 nomine
2176 1155 2296 1212 Filii
2352 1155 2467 1224 ejus
2512 1155 2637 1210 Jesu
2671 1156 2871 1211 Christi
2905 1157 2971 1208 ⁸³.
3007 1175 3026 1207 ι
3054 1156 3106 1210 Si
3133 1172 3161 1210 a
3194 1156 3283 1210 Dei
3314 1155 3492 1210 Patris

1921 1249 2198 1304 voluntate
2225 1252 2457 1304 alienum
2492 1265 2596 1302 ιιοη
2634 1259 2736 1309 est,
2770 1261 2828 1301 ιιι
2865 1251 2915 1300 in
2969 1250 3184 1302 nomine
3229 1247 3348 1301 Filii
3377 1245 3494 1315 ejus

1918 1338 2042 1394 vau
2077 1340 2278 1395 Christi
2347 1341 2664 1404 credamus;
2695 1341 2739 1392 si
2794 1340 2925 1393 ﬁdes
2975 1348 3156 1393 nostra
3225 1339 3394 1391 tendit
3438 1337 3492 1390 in

1920 1447 2063 1496 eum,
2099 1447 2200 1486 non
2222 1443 2471 1500 tanquam
2493 1431 2541 1482 in
2570 1430 2834 1483 hominem
2862 1429 3083 1493 nudum,
3114 1427 3207 1481 sed
3241 1437 3490 1497 tanquam

1921 1522 1974 1574 in
2019 1521 2182 1576 Deum
2224 1525 2400 1578 vivum
2435 1530 2489 1576 et
2527 1537 2734 1584 verum,
2762 1519 2985 1575 evidens
3028 1517 3272 1588 profecto
3313 1517 3498 1572 evadit

1919 1614 2192 1668 Christum
2217 1631 2334 1669 esse
2360 1619 2548 1670 Deum.

1995 1725 2012 1755 ι
2049 1705 2102 1758 In
2139 1707 2234 1760 hoc
2259 1707 2600 1776 cognoscitur
2625 1705 2860 1772 Spiritus
2887 1703 2975 1756 Dei
3001 1720 3013 1755 :
3043 1700 3222 1755 omnis
3253 1699 3493 1770 spiritus.

249 1798 485 1868 πνεῦμα,
508 1798 535 1850 ὃ
557 1799 808 1868 ὁμολογεῖ
835 1795 1044 1866 Ἰησοῦν
1080 1794 1312 1865 Χριστὸν
1347 1795 1403 1845 ὲν
1434 1793 1595 1862 σαρκὶ
1626 1789 1815 1859 ἐληλυο

1941 1795 2011 1862 ιιιί
2045 1797 2331 1850 conﬁtetur
2355 1796 2537 1851 Jesum
2561 1795 2835 1850 Christum
2871 1793 2922 1847 in
2951 1807 3115 1847 carne
3163 1793 3400 1854 venisse,
3425 1805 3493 1845 ex

239 1889 400 1953 06m,
428 1891 490 1942 ἐκ
519 1889 612 1942 τοῦ
644 1888 778 1942 Θεοῦ
814 1889 960 1940 ἐστι·
994 1887 1088 1940 καὶ
1121 1887 1228 1939 πᾶν
1260 1884 1494 1953 πνεῦμα,
1536 1883 1564 1934 ὃ
1594 1882 1668 1952 μὴ
1698 1885 1820 1949 ὁμου

247 1981 398 2049 λογεῖ
438 1981 530 2034 τὸν
569 1981 794 2051 Ἰησοῦν,
825 1981 888 2033 ὲκ
919 1979 1012 2032 τοῦ
1048 1977 1183 2030 Θεοῦ
1223 1978 1321 2029 οὐκ
1355 1975 1503 2028 ἕστιο
1539 1975 1631 2027 καὶ
1665 1971 1820 2025 τοῦτό

249 2077 366 2126 ἐστι
390 2074 450 2126 τὸ
476 2073 570 2126 τοῦ
601 2070 1034 2142 Ἀντιχρίστου,ὃ
1064 2069 1336 2138 ἀκηκόατε
1361 2069 1439 2120 ὅτι
1467 2066 1704 2136 ἔρχεται,
1731 2064 1823 2116 καὶ

249 2166 347 2219 νῦν
379 2168 435 2218 ὲν
465 2165 544 2235 τῷ
575 2165 764 2235 κόσμῳ
800 2165 946 2216 ἐστὶν
973 2163 1092 2234 ἤδη.
1123 2179 1140 2212 ι
1181 2158 1579 2230 Ὀμολογοῦμεν
1603 2156 1692 2208 τὸν
1719 2155 1824 2224 Ἰη-

254 2257 382 2310 σοῦν
410 2257 520 2328 ἄρα
556 2257 630 2319 ὡς
671 2253 976 2326 ἄνθρωπον,
1009 2253 1102 2305 καὶ
1129 2251 1238 2306 τῶν
1281 2250 1406 2304 καθ’
1436 2251 1582 2320 ἡμᾶς
1608 2249 1706 2302 ἕνα
1732 2265 1746 2314 ;
1789 2249 1821 2319 ἢ

258 2349 458 2417 μᾶλλον
487 2347 723 2410 ὅτιθεὸς
752 2346 827 2398 ὢν
865 2347 892 2397 6
934 2344 1126 2413 Λόγος,
1167 2343 1357 2412 γέγονε
1387 2340 1556 2412 σὰρξ,
1588 2341 1687 2393 οὐκ
1715 2340 1825 2392 ὀλι-

254 2441 513 2510 γωρήσας
547 2437 638 2491 τοῦ
678 2433 813 2490 εἶναι
833 2436 988 2499 Θεὸς,
1021 2432 1346 2506 μεμενηκὼς
1377 2431 1664 2503 δὲμᾶλλον
1690 2431 1825 2502 ὅπερ

255 2527 346 2600 ἦν,
389 2529 482 2582 καὶ
505 2529 553 2580 ει
585 2527 804 2596 γέγονεν
828 2525 1153 2595 ἄνθρωπος;
1193 2524 1352 2576 Ἀλλὰ
1380 2522 1520 2575 τοῦτ’
1552 2521 1699 2574 ἔστιν
1729 2523 1827 2574 οὐκ

257 2620 574 2690 ἀμφίϐολον.
615 2619 672 2672 '0
717 2618 896 2672 τοίνυν
946 2617 1006 2670 οὐ
1055 2616 1229 2684 λέγων
1259 2615 1390 2668 Θεὸν
1431 2610 1570 2666 εἶναι
1613 2614 1828 2684 ἀληθῶς

256 2712 349 2763 τὸν
398 2709 650 2779 Χριστὸν,
700 2705 923 2778 διαιρῶν
973 2707 1029 2759 δὲ
1081 2707 1174 2758 καὶ
1219 2704 1678 2775 κατασμικρύνων
1733 2705 1829 2774 τὴν

259 2802 418 2866 δέξιν
478 2800 664 2868 αὐτοῦ,
719 2801 782 2853 τὸ
841 2798 936 2852 τοῦ
997 2799 1364 2869 Ἀντιχρίστου
1414 2796 1634 2866 πνεῦμα
1691 2795 1830 2866 ἔχων

267 2893 559 2947 ἁλώσεται.

339 3005 356 3036 ι
390 2987 498 3038 Καὶ
524 2986 684 3055 ἡμεῖς
721 2982 1083 3053 ἐθεασάμεθα,
1137 2979 1233 3034 καὶ
1270 2977 1654 3050 μαρτυροῦμεν
1697 2976 1777 3029 ὅτι
1806 2975 1834 3026 6

268 3077 456 3147 Πατὴρ
486 3075 794 3129 ἀπέσταλκε
821 3075 912 3128 τὸν
937 3074 1063 3126 Υἱὸν
1094 3073 1319 3143 Σωτῆρα
1345 3069 1440 3122 τοῦ
1478 3070 1706 3138 κόσμου.
1734 3069 1834 3130 Ὃς

1925 1889 2030 1942 Deo
2046 1899 2126 1942 est
2157 1905 2171 1942 :
2204 1899 2250 1942 cl
2273 1890 2451 1943 omnis
2495 1889 2719 1956 spiritus
2757 1887 2850 1955 qui
2879 1886 3037 1942 solvit
3062 1885 3266 1948 Jesnm,
3293 1901 3358 1939 ex
3386 1887 3495 1939 Deo

1925 1997 2028 2036 non
2055 1989 2170 2045 est;
2212 1989 2267 2034 et
2293 1981 2378 2034 hic
2407 1989 2490 2035 est
2518 1981 2912 2046 Antichristus,
2946 1980 3013 2032 de
3061 1993 3168 2046 quo
3214 1977 3498 2030 audivistis

1924 2072 2176 2140 quoniam
2203 2073 2370 2138 venit,
2395 2084 2446 2128 et
2468 2087 2607 2126 nunc
2645 2073 2755 2142 jam
2779 2074 2830 2126 in
2863 2071 3062 2126 mundo
3082 2079 3166 2125 est
3199 2070 3266 2122 ³⁸.
3299 2087 3318 2121 ι
3349 2067 3461 2123 Con
3482 2096 3494 2108 -

1928 2163 2210 2217 iitemurne
2252 2177 2383 2234 ergo
2436 2161 2710 2217 Christum
2761 2161 2946 2218 Jesum
3009 2160 3171 2214 veluti
3228 2161 3497 2214 hominem

1924 2253 2232 2321 quempiam
2270 2253 2438 2308 nostri
2478 2252 2752 2306 similem?
2785 2269 2852 2306 an
2901 2251 3083 2322 potius
3133 2251 3222 2306 Dei
3259 2250 3498 2305 Verbum

1930 2341 2268 2398 factumesse
2295 2359 2537 2409 carnem,
2569 2361 2672 2399 non
2713 2345 2853 2414 c’tod
2894 2344 3228 2397 divinitatem
3259 2343 3498 2404 exuerit.

1929 2441 2019 2487 aut
2049 2434 2342 2500 repudiarit
2369 2433 2720 2504 (constanter
2742 2435 2886 2488 enim
2913 2434 3112 2488 mansit
3139 2433 3281 2502 quod
3311 2435 3497 2503 erat):

1929 2523 2020 2579 sed
2044 2525 2185 2594 quod
2226 2525 2517 2578 humanam
2552 2535 2798 2579 naturam
2837 2523 3231 2592 assumpserit?
3257 2524 3324 2578 At
3357 2523 3504 2577 istud

1930 2625 2080 2668 extra
2102 2617 2526 2671 controversiam
2555 2626 2661 2672 est.
2692 2617 2948 2684 Quisquis
2989 2616 3154 2687 igitur
3204 2615 3504 2678 Christum,

1931 2709 2266 2764 divinitatem
2324 2711 2465 2765 illius
2530 2711 2823 2774 inﬁciatus.
2888 2711 3098 2775 dividit,
3151 2710 3505 2779 ejusdemque

1932 2800 2156 2870 gloriam
2182 2812 2234 2856 et
2259 2801 2594 2871 maiestatem
2627 2803 2899 2863 diminuit.
2931 2803 3018 2858 hic
3045 2802 3365 2858 Antichristi
3391 2803 3505 2872 spi-

1935 2892 2095 2945 ritum
2139 2892 2386 2948 hausisse
2410 2905 2596 2960 aperte
2625 2895 2986 2948 convincitur.

2010 3000 2028 3032 ι
2067 2982 2128 3034 Et
2157 2997 2254 3036 nos
2281 2983 2533 3046 vidimus,
2558 2993 2612 3036 ct
2641 2985 2996 3038 testiﬁcantur
3041 2985 3296 3055 quoniam
3346 2985 3509 3039 Pater

1937 3074 2085 3126 misit
2142 3073 2338 3153 Filium
2389 3089 2545 3128 smun
2603 3075 2935 3131 Salvatorem
2989 3077 3194 3131 mundi.
3253 3076 3511 3145 Quisquis

266 3167 334 3221 ἂν
361 3165 669 3237 ὁμολογήσῃ
709 3165 789 3217 ὅτι
827 3163 1034 3234 Ἰησοῦς
1063 3163 1208 3215 ἔστιν
1251 3163 1278 3214 6
1328 3160 1454 3220 Υἱὸς
1485 3159 1577 3212 τοῦ
1609 3157 1766 3218 Θεοῦ,
1809 3157 1834 3207 6

1943 3163 2221 3219 confessus
2246 3164 2407 3220 fuerit
2439 3166 2870 3234 quoniamJesus
2911 3177 2992 3222 est
3019 3168 3187 3222 Filius
3231 3169 3347 3232 Dei,
3373 3170 3512 3222 Deus

268 3259 399 3320 eae;
432 3259 490 3311 ὲν
522 3256 670 3326 αύτῷ
722 3255 908 3325 μένει,
939 3254 1033 3307 καὶ
1068 3253 1228 3315 αὐτὸς
1267 3255 1324 3305 ὲν
1361 3253 1438 3322 τῷ
1469 3251 1605 3322 Θεῷ.
1643 3269 1660 3300 ι
1708 3250 1838 3301 Ἀπ-

271 3349 524 3402 εστάλϐαι
554 3347 731 3416 φαμὲν
754 3345 902 3415 παρὰ
932 3345 1023 3398 τοῦ
1051 3345 1186 3397 Θεοῦ
1216 3345 1309 3397 καὶ
1338 3345 1548 3414 Πατρὸς
1569 3344 1660 3394 τὸν
1689 3341 1835 3406 Υἱὸν,

279 3442 528 3494 τουτέστι
560 3439 648 3492 τὸν
693 3438 752 3502 ἐξ
778 3436 939 3490 αὑτοῦ
975 3435 1113 3488 κατὰ
1142 3435 1300 3504 φύσιν
1334 3434 1598 3504 μονογενῆ
1631 3433 1836 3499 Λόγον·

273 3535 591 3604 ὠνομάσθαι
637 3532 694 3584 δὲ
741 3531 901 3584 αὑτὸν
956 3529 1202 3600 Ἰησοῦν,
1259 3529 1347 3580 ὅτε
1403 3532 1497 3581 καὶ
1547 3527 1644 3598 τὴν
1700 3527 1841 3581 κατὰ

278 3625 456 3694 σάρκα.
479 3623 731 3692 γέννησιν
761 3624 826 3673 ὲκ
856 3619 1112 3688 γυναικὸς
1137 3617 1430 3686 ὑπέμεινεν
1460 3613 1839 3684 οἰκονομικῶς.

275 3713 484 3769 Οὐκοῦν
525 3717 553 3766 6
591 3716 654 3766 ὲκ
702 3711 837 3765 Θεοῦ
889 3712 1060 3779 Λόγος
1107 3710 1328 3778 γέγονεν
1376 3708 1680 3775 ἄνθρωπος.
1725 3706 1844 3759 Κᾶν

277 3807 412 3866 εἴτις
456 3802 626 3865 οὕτως
674 3802 1060 3872 ὁμολογήσειεν
1109 3801 1290 3861 αὐτὸν,
1337 3798 1447 3866 ἔχει
1505 3797 1732 3868 μένοντα.
1787 3799 1844 3848 ὲν

278 3895 455 3963 ἐαυτῷ
505 3895 594 3947 τὸν
639 3895 789 3956 Θεὸν,
845 3894 996 3946 ἔσται
1030 3891 1085 3944 δὲ
1123 3892 1216 3944 καὶ
1261 3891 1423 3953 αὐτὸς
1468 3891 1525 3942 ἐν
1571 3889 1646 3958 τῷ
1689 3889 1840 3958 Θεῷ·

281 3986 648 4058 μνησθήσεται
675 3986 780 4055 γὰρ
807 3985 992 4046 αὑτοῦ,
1023 3983 1285 4050 λογιεῖται
1342 3980 1399 4033 δὲ
1443 3980 1603 4033 αὐτὸν
1649 3981 1846 4032 οἰκεῖον

276 4080 352 4142 ὼς
379 4079 599 4148 μέτοχον
628 4077 810 4129 αὑτοῦ.
846 4077 903 4129 ’0
929 4077 984 4128 δὲ
1013 4075 1085 4145 μὴ
1115 4074 1417 4144 ὁμολογῶν,
1442 4075 1522 4127 ὅτι
1547 4073 1705 4136 αὐτὸς
1735 4075 1762 4126 6
1785 4075 1848 4125 ἐκ

277 4171 414 4223 Θεοῦ
439 4169 650 4238 Ila-:96;
682 4170 853 4236 Λόγος
896 4167 1103 4236 Ἰησοῦς
1146 4168 1291 4230 ἐστι,
1325 4165 1512 4228 καθεὶς
1540 4165 1729 4218 ἑαυτὸν
1768 4167 1847 4228 εἰς

279 4261 693 4332 ἁνθρωπότητα,
723 4257 846 4310 οὔτε
880 4258 1010 4311 Θεὸν
1043 4258 1102 4310 ἐν
1146 4256 1326 4327 ἑαυτῷ
1369 4257 1720 4326 πλουτήσειεν
1757 4256 1844 4320 ἂν,

278 4352 404 4404 οὔτε
457 4352 564 4421 μὴν
619 4349 779 4413 αὐτὸς
825 4352 884 4402 ὲν
948 4348 1067 4418 Θεῷ
1108 4349 1279 4412 ἔσται,
1335 4349 1474 4401 κατά
1520 4365 1583 4416 γε
1631 4347 1718 4400 τὸν
1747 4348 1847 4418 τῆς

281 4440 658 4512 πνευματικῆς
687 4439 1013 4508 οἰκειότητος
1043 4439 1262 4510 τρόπον.

360 4643 378 4673 ‹
408 4623 523 4683 Πᾶς
549 4623 576 4674 6
597 4618 868 4672 πιστεύων
895 4621 976 4673 ὅτι
1021 4618 1228 4689 Ἰησοῦς
1268 4620 1419 4670 ἐστιν
1454 4619 1481 4670 6
1511 4619 1763 4688 Χριστὸς,
1789 4621 1852 4672 ἐκ

283 4713 376 4765 τοῦ
409 4711 545 4765 Θεοῦ
581 4712 923 4781 γεγέννηται.
963 4729 981 4761 ι
1016 4709 1222 4762 Οὐκοῦν
1256 4711 1283 4762 6
1313 4711 1388 4780 μὴ
1424 4710 1709 4774 πιστεύων,
1734 4711 1853 4764 οὐδὲ

286 4807 344 4860 ἐν
382 4806 591 4867 τέκνοις
623 4803 758 4857 Θεοῦ
793 4802 1210 4872 καταλογισθείη
1251 4803 1336 4856 ἄν.
1395 4805 1456 4856 Ei
1483 4803 1590 4874 γὰρ
1619 4805 1732 4856 ὅσοι
1765 4803 1856 4856 τὸν

289 4897 415 4950 Υἱὸν
446 4897 656 4959 ἔλαϐον,
694 4896 894 4948 ἔδωκεν
919 4895 1101 4958 αὐτοῖς
1129 4894 1375 4959 ἐξουσίαν
1412 4897 1574 4948 τέκνα
1598 4896 1731 4948 Θεοῦ
1761 4913 1857 4964 γε·

289 4988 494 5050 νέσθοιι,
523 4989 666 5041 καθά
695 4989 859 5057 φησὶν
891 4988 918 5039 6
963 4986 1351 5056 εὐαγγελιστής
1373 5003 1385 5015 ·
1419 4989 1465 5039 οἱ
1506 4989 1578 5056 μὴ
1605 4986 1858 5052 λαϐόντες

290 5079 470 5140 αὑτὸν,
501 5080 607 5132 οὐδ’
638 5081 704 5133 ἂν
733 5083 790 5132 ὲν
844 5078 1056 5141 τέκνοις
1105 5078 1238 5130 Θεοῦ
1285 5079 1728 5146 καταλογισοεῐεν
1769 5081 1857 5144 ἂν,

290 5169 405 5228 τὸν,
437 5169 501 5221 δι’
527 5163 588 5222 οὗ
619 5169 774 5222 τοῦτο
796 5167 1052 5238 ὑπάρχει,
1081 5164 1154 5235 μὴ
1186 5167 1502 5233 ἐγνωκότες.

368 5363 385 5394 ι
429 5343 524 5404 Τίς
558 5342 613 5394 δέ
641 5344 788 5394 ἐστιν
835 5341 864 5394 6
908 5339 1075 5392 νικῶν
1108 5338 1200 5392 τὸν
1233 5339 1469 5409 κόσμον,
1503 5343 1551 5394 εἰ
1589 5342 1664 5414 μὴ
1701 5345 1730 5397 6
1771 5363 1862 5398 πι-

295 5435 499 5487 στεύων
541 5434 622 5486 ὅτι
660 5431 866 5502 Ἰησοῦς
907 5432 1054 5484 ἐστιν
1097 5432 1126 5482 6
1170 5429 1294 5493 Υἱὸς
1345 5429 1430 5482 τοῦ
1480 5430 1648 5498 Θεοῦ;
1693 5429 1862 5506 Οὗτός

294 5526 440 5576 ἐστιν
487 5525 516 5576 ὁ
565 5521 734 5575 ἐλθὼν
763 5523 830 5575 δι’
861 5521 1053 5584 ὓδατος
1097 5521 1190 5573 καὶ
1216 5520 1445 5590 αἵματος
1481 5521 1686 5591 Ἰησοῦς
1721 5526 1859 5597 Χρι-

299 5792 337 5839 ι,
377 5771 456 5825 I2.

366 5699 605 5784 ‘f‘loan.
645 5714 717 5765 vt,
767 5698 856 5753 47.
935 5697 1022 5750 "l
1057 5695 1210 5751 Joan.
1243 5711 1325 5763 ιιι,
1350 5695 1442 5750 25.
1519 5696 1610 5750 "l
1646 5697 1796 5784 Joan.
1834 5718 1904 5769 tv,

1947 3258 1997 3310 in
2033 3271 2098 3310 eo
2146 3268 2346 3322 manet,
2380 3267 2434 3310 et
2471 3259 2584 3325 ipse
2639 3258 2692 3312 in
2745 3259 2851 3312 Deo
2884 3260 2950 3312 ⁵⁷.
2989 3277 3006 3309 ι
3048 3258 3390 3328 Unigenitum
3423 3259 3512 3313 Dei

1947 3344 2160 3407 Filium,
2191 3347 2292 3400 hoc
2307 3356 2390 3401 est
2409 3348 2641 3401 Verbum
2665 3350 2810 3418 quod
2828 3350 3144 3404 naturaliter
3166 3367 3230 3405 ex
3259 3351 3366 3404 Deo
3389 3367 3513 3419 prn-

1953 3437 2116 3500 cedit,
2149 3452 2179 3490 a
2231 3437 2340 3492 Dco
2381 3448 2433 3493 et
2468 3437 2628 3492 Patre
2659 3442 2882 3494 missum
2917 3443 3278 3510 agnoscimus.
3303 3441 3410 3512 95
3439 3444 3518 3494 Id-

1950 3530 2119 3599 ipsum
2146 3540 2322 3583 autem
2361 3538 2472 3585 tum
2515 3533 2729 3586 demum
2762 3531 2944 3586 Jesum
2994 3533 3318 3603 appellatum
3355 3537 3521 3586 luisse

1950 3636 2345 3685 asseveramns,
2377 3638 2496 3675 cum
2528 3624 2924 3690 dispensatorie
2955 3629 3250 3679 secundum
3299 3641 3517 3680 carnem

1948 3729 2013 3767 ex
2069 3712 2296 3766 muliere
2347 3715 2494 3765 nasci
2545 3715 2888 3781 dedignatum
2919 3733 3022 3768 non
3074 3725 3174 3770 cst.
3206 3715 3300 3770 Dei
3333 3717 3519 3786 itaque

1954 3802 2184 3857 Verbum
2233 3802 2392 3856 homo
2432 3803 2628 3856 factum
2657 3815 2761 3857 est.
2795 3806 2857 3858 Et
2891 3805 2934 3859 si
2959 3805 3172 3875 quisita
3215 3807 3519 3875 proﬁtetur.

1954 3897 1997 3951 is
2027 3895 2193 3949 Deum
2230 3894 2281 3948 in
2340 3909 2398 3948 se
2450 3905 2756 3948 manentem
2819 3896 3001 3962 habet,
3040 3906 3094 3949 ct
3127 3897 3242 3965 ipse
3280 3897 3519 3951 vicissim

1955 3990 2005 4042 in
2038 3988 2145 4041 Deo
2169 3986 2425 4042 manebit.
2459 3985 2852 4041 Recordabitur
2883 3989 3026 4042 enim
3065 3989 3230 4052 illius,
3265 4005 3328 4044 ac
3359 3989 3521 4043 veluti

1953 4080 2208 4135 societate
2229 4078 2460 4146 quadam
2491 4077 2833 4143 coniunctum
2867 4079 3010 4133 inter
3029 4079 3319 4134 familiares
3339 4095 3526 4134 nume:

1955 4172 2114 4225 rahit.
2153 4170 2335 4238 Atqui
2363 4169 2538 4238 ipsum
2581 4169 2672 4224 Dei
2699 4170 2872 4225 Patris
2904 4167 3136 4225 Verbum
3172 4186 3293 4226 esse
3312 4170 3522 4236 Jesmn,

1954 4273 2007 4317 et
2039 4262 2090 4315 in
2132 4263 2420 4315 humanam
2472 4271 2719 4313 naturatn
2749 4275 2809 4314 se
2841 4261 3124 4316 demisisse
3164 4279 3268 4315 non
3302 4263 3524 4317 conﬁte-

1958 4365 2064 4418 tur,
2097 4353 2186 4406 ille
2221 4367 2393 4421 neque
2432 4351 2596 4407 Deum
2629 4351 2899 4416 obtinere,
2934 4369 3108 4421 neque
3129 4369 3224 4423 per
3267 4355 3524 4422 spiritalis

1960 4444 2340 4499 lamiliaritatis
2368 4445 2582 4498 modum
2615 4444 2720 4497 ulla
2768 4445 2979 4498 ratione
3002 4445 3056 4499 in
3081 4448 3196 4516 ipso
3221 4447 3524 4502 consistere

1956 4535 2173 4604 poterit.

2029 4645 2048 4678 ι
2089 4625 2280 4682 Omnis
2309 4627 2396 4696 qui
2419 4626 2590 4681 credit
2619 4626 2876 4697 quoniam
2927 4625 3086 4683 Jesus
3131 4637 3214 4682 est
3248 4629 3523 4693 Christus,

1955 4732 2019 4772 ex
2049 4717 2159 4772 Deo
2188 4729 2346 4772 natus
2381 4727 2468 4773 est
2495 4719 2561 4770 ⁸⁸.
2585 4737 2602 4770 ι
2641 4717 2742 4784 Qui
2783 4719 2950 4786 igitur
3007 4719 3058 4772 id
3095 4733 3202 4772 non
3234 4721 3428 4784 credit,
3480 4722 3527 4774 is

1959 4809 2098 4863 inter
2133 4810 2222 4863 Dei
2250 4810 2386 4864 ﬁlios
2415 4809 2598 4866 haberi
2636 4811 2844 4880 nequit.
2903 4809 3034 4863 Nam
3069 4810 3114 4864 si
3151 4811 3219 4864 iis
3247 4811 3523 4875 omnibus,

1961 4901 2051 4970 qui
2081 4899 2277 4954 Filium
2330 4912 2669 4970 receperunt,
2714 4911 3034 4971 potestatem
3080 4901 3226 4955 dedit
3258 4901 3394 4956 ﬁlios
3436 4901 3526 4956 Dei

1963 4991 2100 5052 ﬁeri.
2135 5006 2188 5046 ιιι
2233 4993 2562 5063 evangelista
2614 5004 2843 5047 testatur
2872 4992 2950 5056 ³⁹;
2982 5007 3318 5060 consequens
3358 4994 3448 5058 sit,
3484 4999 3526 5050 si

1963 5084 2052 5150 qui
2081 5083 2232 5137 illtnn
2264 5101 2369 5139 non
2391 5086 2680 5156 recipiunt,
2716 5100 2809 5137 eos
2837 5084 2978 5138 inter
3014 5083 3104 5136 Dei
3129 5083 3268 5138 ﬁlius
3322 5089 3530 5140 censeri

1966 5191 2067 5227 non
2109 5191 2298 5245 posse;
2334 5179 2508 5245 utqui
2546 5193 2691 5243 eum,
2726 5192 2821 5247 per
2839 5190 2997 5245 quem
3029 5177 3131 5229 hoc
3175 5176 3352 5244 ipsum
3390 5176 3532 5231 lice-

1968 5265 2079 5326 hat.
2110 5281 2213 5319 non
2241 5267 2580 5336 agnoverint.

2054 5370 2073 5403 ι
2113 5353 2242 5421 Quis
2273 5364 2354 5410 est
2391 5355 2484 5423 qui
2533 5355 2702 5408 vincit
2754 5353 3036 5418 mundum,
3081 5351 3183 5407 nisi
3221 5351 3310 5421 qui
3363 5353 3536 5408 credit

1966 5447 2221 5512 quoniam
2247 5444 2408 5502 Jesus
2433 5456 2516 5502 est
2541 5447 2710 5501 Filius
2735 5445 2861 5498 Dei?
2897 5443 2992 5498 Hic
3017 5454 3098 5500 est
3123 5444 3212 5514 qui
3249 5444 3392 5498 venit
3441 5461 3536 5512 per

1971 5551 2167 5606 aquam
2199 5547 2253 5592 et
2299 5540 2615 5610 sanguinem
2647 5538 2804 5594 Jcsus
2828 5536 3076 5612 Christus
3110 5553 3126 5590 :
3160 5550 3264 5590 non
3304 5537 3353 5590 in
3397 5555 3534 5607 aqua

1956 5706 1972 5742 )
2027 5706 2056 5742 τ

1940 5713 1996 5771 2,
2027 5713 2078 5759 δ.

2157 5708 2199 5738 ⁸⁷
2235 5706 2393 5762 Joan.
2427 5724 2498 5775 tv,
2533 5703 2717 5764 “~16.
2766 5711 2811 5742 ⁵⁸
2857 5709 2872 5764 1
2908 5707 3063 5764 Juan.
3089 5724 3142 5773 v,
3178 5709 3226 5764 Ι.
3305 5709 3350 5741 ⁵⁹
3381 5706 3536 5764 Joan.
