4146 6474
269 390 408 451 1289

1364 388 1451 444 DE
1489 385 1719 443 RECTA
1762 384 1915 442 FIDE
1954 380 2047 438 AD
2084 374 2400 437 REGINAS.

3393 371 3533 429 1290

269 503 459 576 μένην,
506 502 643 557 ἀλλὰ
688 501 824 586 τὴν.
847 503 1055 575 βρῶσιν
1104 504 1204 575 τὴν
1259 502 1527 574 μένουσαν
1570 502 1653 565 είς
1697 499 1843 571 ζωὴν

1974 512 2001 552 ιι
2036 496 2202 551 vitam
2222 501 2503 556 :eternam,
2534 503 2694 561 quem
2736 488 2905 546 Filius
2936 487 3181 544 hominis
3233 483 3384 543 dabit
3436 485 3539 539 vu-'

263 593 505 659 αἰώνιον,
533 594 597 664 ἢν
622 594 652 645 6
674 592 801 658 Υἱὸς
832 593 926 647 τοῦ
956 591 1246 666 ἀνθρώπου
1276 592 1409 664 ὑμῖν
1437 590 1599 646 δώσει
1618 607 1636 624 ο
1654 588 1849 645 τοῦτον

265 685 433 757 γὰρό
458 684 649 755 Πατὴρ
681 683 1014 754 ἐσφράγισεν
1041 686 1070 736 ὀ
1095 683 1249 747 Θεός.
1284 701 1303 735 ι
1339 680 1554 753 Βρῶσιν
1589 680 1728 751 ἡμῖν
1762 676 1853 732 δέ·

265 775 440 829 δωκεν
478 776 509 829 6
552 774 680 838 Υἱὸς
709 774 804 828 τοῦ
834 773 1125 846 ἀνθρώπου
1151 774 1253 846 τὴν
1284 772 1561 844 μένουσαν
1596 773 1677 838 είς
1707 770 1854 843 ζωὴν

266 865 529 928 αἰώνιον,
563 865 806 937 δηλονότι
848 865 950 939 τὴν
988 866 1171 939 σάρκα
1212 863 1403 928 αὐτοῦ,
1448 864 1543 919 καὶ
1582 862 1694 934 γάρ
1738 863 1854 916 ἑστι

269 953 556 1029 ζωοποιός.
588 952 724 1010 Εἶτα
754 956 874 1022 πῶς
915 956 977 1009 οὐ
1023 955 1157 1020 Θεὸς
1185 957 1214 1010 6
1243 954 1529 1022 ζωοποιεῖν
1556 954 1855 1025 δυνάμενος

269 1048 367 1102 καὶ
396 1048 486 1103 διὰ
517 1048 618 1118 τῆς
645 1048 782 1114 ίδίας
809 1048 1042 1119 σαρκὸς,
1073 1046 1269 1112 ἐοικώς
1296 1066 1356 1103 τε
1383 1048 1522 1101 κατὰ
1566 1046 1748 1101 πάντα
1775 1044 1856 1117 τῷ

269 1139 392 1211 Θεῷ
415 1140 511 1194 καὶ
534 1137 710 1212 Πατρί
734 1150 750 1208 ς
794 1134 967 1194 Τοῦτο
996 1140 1106 1212 γάρ
1138 1135 1255 1194 οἶδα
1280 1140 1474 1213 δηλοῦν
1502 1139 1564 1193 τὸ
1592 1139 1857 1210 ὲσφραγῖ-

274 1229 400 1286 σθαι
426 1231 604 1301 λέγειν
645 1232 809 1285 αὐτὸν
836 1231 990 1302 παρά
1024 1231 1116 1285 τοῦ
1143 1230 1299 1284 Θεοῦ·
1331 1231 1425 1285 τοῦ
1454 1225 1858 1301 ἐσφραγῖσθαι

274 1320 633 1392 σημαίνοντος
658 1321 720 1375 τὸ
743 1322 991 1394 άκριόὦς
1018 1320 1279 1394 ἐμφερές.
1308 1324 1523 1395 Ὥσπερ
1553 1323 1662 1396 γάρ
1683 1324 1732 1375 εἰ
1753 1340 1858 1394 κη-

278 1411 358 1484 ρῷ
389 1429 473 1476 τις
504 1410 739 1484 ἐμπήξει
783 1414 1057 1486 σφραγῖδα
1085 1414 1318 1486 χρυσῆν,
1352 1415 1387 1486 ἢ
1410 1414 1541 1484 γοῦν
1568 1414 1629 1480 ἐξ
1661 1413 1858 1486 ἑτέρας

277 1502 418 1575 ὕλης
455 1503 859 1576 πεποιημένην,
887 1504 1018 1577 ὃλην
1066 1505 1125 1571 ἐξ
1154 1505 1277 1559 ὅλου
1321 1508 1422 1577 τὴν
1459 1507 1659 1577 ἑαυτῆς
1688 1504 1861 1577 ἐμφέ-

279 1612 433 1666 ρειαν
482 1597 901 1668 ὲνσημαίνεται³
948 1597 1090 1650 οὕτω
1138 1598 1234 1651 καὶ
1279 1600 1307 1652 6
1355 1598 1489 1662 Θεὸς
1536 1598 1633 1651 καὶ
1671 1597 1862 1670 Πατὴρ

277 1686 405 1749 τοὺς
436 1687 536 1758 τῆς
569 1685 765 1740 ἑαυτοῦ
792 1686 1009 1756 φύσεως
1055 1689 1412 1760 χαρακτῆρας
1441 1688 1720 1752 οὑσιωδῶς
1768 1690 1865 1758 ἑμ-

279 1776 593 1849 ⁴ιιιρέποντιις
618 1780 731 1850 ἔχει
754 1779 832 1851 τῷ
863 1780 999 1851 Υίῷ.
1032 1781 1144 1835 Καὶ
1170 1780 1331 1835 τοῦτὸ
1363 1783 1479 1835 ἐστι
1509 1785 1568 1836 τὸ
1594 1784 1860 1854 ὲσφραγῖ-

281 1869 407 1924 σθαι
437 1870 617 1941 λέγειν
646 1872 811 1926 αὑτὸν
836 1873 988 1944 παρά
1015 1872 1110 1926 τοῦ
1142 1873 1376 1944 Πατρός.

505 1987 607 2040 Ἐκ
637 1986 747 2042 τοῦ
777 1986 929 2041 κατὰ
959 1985 1203 2042 Λουκᾶν
1236 1989 1631 2059 Edam-sliat).

358 2100 587 2171 Ἔγειρε
630 2099 721 2154 τὸν
757 2099 1009 2174 Λάζαρον
1039 2102 1069 2155 6
1096 2102 1365 2173 Χριστὸς,
1395 2103 1458 2156 τὸ
1484 2103 1579 2157 τοῦ
1604 2102 1889 2175 ,ἀρχισυνέ

283 2194 504 2263 αγώγου
528 2194 844 2267 θυγάτριον,
874 2195 966 2249 τὸν
989 2197 1090 2268 τῆς
1119 2197 1299 2269 χήρας
1323 2197 1461 2250 υἱόν.
1486 2193 1641 2262 Εἶτα,
1669 2198 1787 2262 πῶς
1804 2196 1868 2251 οὐ

284 2289 400 2359 ζωὴ
427 2287 570 2341 κατὰ
599 2287 760 2356 φύσιν
790 2288 939 2341 ἐστὶν
990 2289 1019 2342 ό
1059 2288 1134 2359 μὴ
1170 2289 1316 2360 μόνῳ
1355 2288 1498 2360 λόγῳ
1542 2291 1871 2343 καταπτοεῖν

283 2382 376 2435 τὸν
403 2381 635 2435 Θάνατον
664 2380 986 2451 δυνάμενος,
1016 2381 1151 2434 ἀλλὰ
1179 2380 1287 2453 γὰρ
1319 2383 1412 2435 και⁵
1440 2384 1505 2453 τῇ
1552 2381 1651 2453 τῆς
1689 2380 1868 2454 χειρὸς

284 2475 433 2544 ἀφῇς
462 2473 571 2526 Καὶ
609 2472 718 2543 γὰρ
762 2468 832 2545 ἦν
859 2471 1155 2526 ἀκόλουθόν
1186 2491 1246 2526 τε
1276 2473 1372 2527 καὶ
1395 2474 1709 2543 ἀναγκαῖον,
1744 2472 1872 2539 ζωο-

283 2564 442 2619 ⁸ποιὸν
466 2560 607 2618 εἶναι
633 2564 693 2616 τὸ
725 2564 891 2634 σῶμα
927 2564 1025 2635 τῆς
1052 2565 1194 2618 κατὰ
1227 2563 1390 2634 φύσιν
1419 2563 1585 2635 ζωῆς.

601 2851 719 2904 Ὅτι
756 2851 1114 2921 ἱλαστήριον
1150 2851 1251 2905 διὰ
1282 2852 1563 2918 πίστεως.

693 2962 783 3013 Ἐκ
812 2960 923 3028 τῆς
948 2960 1099 3028 πρὸς
1136 2960 1479 3031 Ῥωμαίους.

356 3077 495 3148 Περὶ
523 3074 761 3147 Χριστοῦ
792 3091 989 3145 φησιν’
1029 3095 1046 3127 ι
1091 3077 1189 3129 Ὃν
1220 3075 1486 3149 προέθετο
1513 3077 1541 3130 ό
1565 3074 1699 3139 Θεὸς
1754 3076 1871 3129 ίλα-

288 3171 512 3241 ητήριον
537 3166 639 3238 διὰ,
658 3167 894 3231 πίστεως
919 3166 976 3219 ὲν
1001 3167 1079 3238 τῷ
1102 3167 1267 3220 αὐτοῦ
1290 3167 1507 3238 αἵματι,
1529 3170 1610 3232 εἰς
1643 3167 1868 3234 ἔνδειξιν

285 3261 387 3329 τῆς
416 3256 760 3329 δικαιοσύνης
794 3257 981 3322 αὑτοῦ,
1030 3256 1119 3310 διὰ
1147 3257 1247 3327 τὴν
1276 3257 1507 3330 πάρεσιν
1534 3258 1645 3311 τῶν
1669 3274 1871 3328 προγε-

287 3352 524 3421 γονότων
551 3351 989 3422 ἁμαρτημάτων,
1024 3352 1082 3404 ὲν
1109 3354 1174 3421 τῇ
1213 3353 1381 3423 ἀνοχῇ
1410 3350 1505 3404 τοῦ
1543 3350 1702 3417 Θεοῦ,
1733 3350 1872 3423 πρὸς

288 3446 387 3516 τὴν
415 3445 640 3513 ἔνδειξιν
662 3446 760 3516 τῆς
782 3443 1127 3514 δικαιοσύνης
1154 3442 1343 3510 αὑτοῦ,
1366 3446 1423 3497 ὲν
1446 3442 1527 3515 τῷ
1545 3443 1642 3497 νῦν
1673 3441 1871 3515 καιρῷ,

289 3539 372 3601 εἰς
402 3536 462 3590 τὸ
489 3531 630 3589 εἶναι
664 3533 829 3589 αὐτὸν
874 3533 1084 3586 δίκαιον
1108 3572 1123 3596 ,
1174 3532 1274 3586 καὶ
1302 3531 1620 3585 δικαιοῦντα
1662 3530 1757 3585 τὸν
1807 3533 1872 3584 ὲκ

289 3628 530 3691 πίστεως
564 3621 791 3697 Ἰησοῦν.
829 3645 848 3678 s
884 3626 946 3678 Εἰ
969 3626 1071 3678 ούκ
1100 3620 1169 3696 ἦν
1208 3623 1410 3696 ἑτέρως
1437 3623 1751 3694 ἱλαστήριον
1781 3639 1874 3692 γε-

291 3717 479 3771 νέσθαι
524 3716 758 3788 Χριστὸν
789 3719 901 3780 τοῖς
941 3717 998 3768 ὲν
1032 3715 1279 3787 ἁμαρτία
1311 3714 1406 3767 καὶ
1438 3714 1549 3785 ἀρᾷ
1582 3714 1679 3767 καὶ
1710 3713 1876 3768 Θανά-

290 3826 387 3863 του
421 3810 567 3881 δίκῃ,
604 3808 744 3879 πλὴν
770 3810 851 3862 ὅτι
879 3808 944 3861 δι’
981 3808 1213 3878 αἵματος
1254 3805 1343 3860 διά
1368 3804 1466 3877 τὴν
1495 3805 1726 3877 πάρεσιν
1764 3804 1875 3859 τῶν

292 3902 713 3973 προγεγονότων
763 3900 1176 3972 ἁμαρτημάτων
1225 3896 1504 3967 ὲκχεῖσθαι
1556 3896 1839 3967 μέλλοντος
1859 3914 1872 3927 ·

291 3996 412 4059 πῶς
455 3996 555 4048 οὐκ
602 3994 900 4061 ἀναγκαῖον
932 3992 1111 4063 σάρκα
1144 3987 1399 4059 γενέσθαι
1428 3986 1521 4042 τὸν
1550 3988 1744 4057 Λόγον,
1786 3988 1874 4041 ἵνα

292 4090 391 4139 οιαὶ
432 4086 626 4156 αἵματι
659 4085 737 4155 τῷ
774 4084 908 4154 ἰδίῳ,
943 4082 1103 4153 δῆλον
1149 4082 1207 4135 δὲ
1263 4082 1366 4144 ὅτι,
1413 4080 1492 4150 τῷ
1537 4080 1637 4149 τῆς
1679 4079 1874 4132 ἑαυτοῦ

298 4178 539 4248 σαρκὸς,
607 4175 878 4247 δικαιώσῃ
944 4175 1151 4239 πάντας
1217 4173 1345 4237 τοὺς
1408 4173 1485 4236 είς
1562 4171 1727 4225 αὐτὸν
1791 4190 1878 4225 πι-

297 4269 613 4336 στεύοντας;

295 4384 425 4435 Ὅτι
474 4379 916 4450 λελυτρώμεοα,
973 4380 1071 4433 καὶ
1120 4378 1236 4446 τὴν
1276 4376 1873 4450 καταλλαγὴνλπρός

422 4452 572 4505 Θεὸν
606 4446 957 4521 ὲάχῆιεαμεν
983 4450 1082 4504 διὰ
1109 4450 1217 4504 τοῦ
1246 4450 1499 4517 αἵματος
1529 4446 1741 4503 αὑτοῦ.

553 4564 655 4617 Ἐκ
682 4564 792 4631 τῆς
826 4562 976 4631 πρὸς
1008 4563 1356 4631 Κορινθίους
1389 4561 1646 4629 πρώτης.

371 4697 392 4733 s
441 4678 532 4743 Ἐξ
565 4676 731 4731 αὐτοῦ
780 4676 837 4730 δὲ
869 4676 1029 4747 ὑμεῖς
1062 4676 1183 4728 ἐστε
1217 4677 1275 4727 ὲν
1317 4673 1539 4747 Χριστῷ
1574 4674 1747 4745 Ἰησοῦ
1769 4713 1784 4739 ,
1817 4674 1877 4738 ὃς

294 4770 560 4843 ἐγεννήθη
580 4773 598 4807 ⁸
635 4770 799 4838 σοφία
828 4770 960 4839 ἡμῖν
988 4766 1099 4823 ἀπὸ
1124 4767 1281 4833 Θεοῦ,
1316 4767 1631 4836 δικαιοσύνη
1666 4784 1748 4832 τε,
1778 4767 1875 4821 καὶ

295 4863 587 4935 ἁγιασμὸς,
612 4862 708 4917 καὶ
733 4860 1114 4931 ἀπολύτρωσις
1135 4874 1148 4887 ·
1184 4860 1292 4925 ἵνα,
1321 4858 1506 4922 καθὼς
1538 4859 1872 4929 γέγραπται,

304 4960 363 5011 '0
390 4953 769 5025 καυχώμενος,
800 4953 858 5005 ὲν
872 4949 1064 5022 Κυρίῳ
1093 4951 1405 5021 καυχάσθω.
1432 4970 1451 5001 ι
1476 4948 1878 5021 Λελυτρώμεθα

292 5051 473 5103 τοίνυν
509 5049 568 5101 ὲν
594 5044 839 5118 Χριστῷ,
872 5043 967 5098 καὶ
1011 5042 1345 5114 ἡγιάσμεθα,
1381 5045 1478 5097 καὶ
1525 5042 1681 5111 σοφοὶ
1713 5042 1877 5111 γεγό-

293 5157 485 5212 ναμεν.
518 5157 537 5191 ι
568 5140 728 5193 Πᾶσα
760 5137 817 5191 δὲ
838 5136 986 5201 δόσις
1010 5136 1222 5207 ἀγαθὴ,
1251 5140 1346 5189 καὶ
1384 5137 1494 5190 πᾶν
1524 5135 1757 5206 δώρημα
1790 5133 1879 5187 τὲ-

290 5235 434 5286 λειον
465 5231 672 5286 ἄνωθέν
701 5232 841 5295 ἐστι,
865 5229 1194 5284 καταϐαῖνον
1226 5228 1381 5300 παρὰ
1408 5225 1500 5282 τοῦ
1524 5228 1739 5299 ΙΙατρὸς
1764 5225 1876 5280 τῶν

293 5326 522 5395 φώτων,
556 5323 805 5377 τουτέστι
828 5320 986 5378 Θεοῦ.
1023 5339 1041 5372 ι
1077 5316 1217 5375 Εἶτα
1267 5320 1387 5384 πῶς
1417 5321 1480 5374 ού
1515 5320 1649 5384 Θεὸς
1677 5321 1706 5373 ὁ
1738 5321 1876 5392 Χρι-

367 5480 413 5510 ⁶⁵³
438 5477 599 5533 Joan.
628 5493 702 5538 νι,
729 5478 819 5533 27.
898 5452 944 5509 ⁸⁸
976 5476 1132 5534 Joan.
1167 5492 1243 5542 st,
1268 5476 1361 5531 65.

295 5564 338 5613 ι.
378 5549 588 5616 50,51.
663 5548 848 5608 "Jac.
883 5563 924 5613 ι,
967 5549 1051 5602 I7.

1471 5476 1515 5508 "
1549 5475 1678 5531 Luc.
1720 5491 1840 5543 νιιι,
1876 5475 1965 5531 54.

1954 587 2067 643 bis:
2093 584 2238 641 hunc
2264 583 2411 639 enim
2438 580 2599 637 Pater
2625 580 2859 651 signavit
2884 579 3025 635 Deus
3054 579 3123 632 ".
3148 595 3168 631 ι
3204 575 3399 634 Cibum
3437 591 3535 631 no-

1956 680 2040 735 bis
2068 678 2377 749 impertitus
2404 684 2494 731 est
2514 673 2682 729 Filius
2697 673 2935 729 hominis
2951 679 3263 728 manentem
3286 671 3342 726 in
3367 666 3534 750 vitam

1955 780 2239 836 aeternam,
2268 769 2528 825 nimirum
2561 782 2713 823 suam
2744 777 3002 829 carnem;
3054 773 3139 821 est
3179 763 3326 820 enim
3356 777 3420 820 ea
3448 762 3535 816 vi-

1959 863 2141 920 vifica.
2178 862 2300 919 Jam
2330 863 2605 932 quomodo
2633 861 2678 917 is
2705 859 2847 915 Deus
2872 873 2980 914 non
3010 866 3118 923 est,
3145 858 3237 929 qui
3276 872 3373 929 per
3411 872 3537 928 pro-

1958 955 2131 1025 priam
2164 970 2383 1027 quoque
2405 970 2629 1010 carnem
2656 952 2936 1009 viviﬁcare
2970 960 3170 1023 potest,
3191 950 3393 1022 quique
3425 950 3539 1004 Deo

1965 1058 2021 1100 et
2042 1045 2194 1101 Patri
2225 1060 2324 1115 per
2355 1047 2537 1102 omnia
2567 1045 2792 1116 aequalis
2821 1043 2945 1100 est?
2972 1042 3085 1098 lloc
3106 1041 3251 1097 enim
3279 1039 3539 1103 insinuat,

1961 1139 2087 1193 dum
2127 1154 2157 1193 a
2192 1138 2302 1194 Deo
2328 1139 2675 1209 obsignatum
2703 1137 2812 1209 97
2834 1151 2896 1193 se
2928 1134 3268 1207 pronuntiat.
3319 1131 3540 1188 Etenim

1960 1229 2701 1300 obsignationis'vocabulum
2730 1244 3049 1301 expressain
3118 1224 3539 1283 similitudinem

1963 1321 2188 1377 indicat.
2231 1322 2701 1389 Quemadmodum
2734 1323 2881 1378 enim
2913 1321 2958 1376 si
2991 1320 3118 1391 quis
3145 1331 3400 1383 aureum,
3440 1325 3539 1369 aut

1963 1410 2190 1469 alterius
2221 1413 2466 1484 cujusvis
2516 1414 2763 1467 materia:
2801 1398 3221 1485 sigillumcerze
3250 1410 3549 1477 impresse-

1964 1505 2058 1571 rit,
2091 1513 2258 1560 totam
2288 1505 2516 1561 omnino
2540 1505 2707 1577 sigilli
2738 1505 2882 1562 illius
2915 1504 3146 1575 eﬂigiem
3176 1501 3425 1558 inducit:
3464 1498 3540 1553 ita

1965 1594 2113 1652 Deus
2154 1596 2318 1652 Pater
2337 1611 2556 1668 quoque
2590 1612 2932 1668 expressam,
2968 1595 3314 1662 conspicuam
3370 1605 3549 1647 essen-

1968 1686 2258 1758 tialemqne
2314 1697 2523 1744 natura;
2568 1704 2680 1744 suae
2711 1689 2939 1760 ﬁguram
2972 1687 3023 1742 in
3057 1685 3195 1741 Filio
3232 1684 3417 1740 habet.
3445 1682 3544 1735 At-

1966 1789 2071 1845 que
2103 1776 2248 1833 istud
2274 1787 2359 1832 est
2387 1778 2528 1849 quod
2553 1794 2613 1834 se
2645 1793 2672 1832 ιι
2699 1774 2860 1833 Patre
2890 1776 3234 1848 obsignatum
3255 1772 3506 1829 aﬂirmet.

2253 1972 2342 2029 Ea:
2379 1974 2674 2047 Evangelia
2726 1975 3014 2030 secundum
3045 1971 3265 2027 Lucam.

2044 2086 2412 2143 Exsuscitavit
2453 2087 2702 2143 Christus
2759 2086 3026 2147 Lazarum
3071 2085 3139 2151 ⁸⁸.
3206 2095 3318 2140 tum
3372 2083 3553 2141 archi-

1975 2182 2238 2254 synagogi
2281 2196 2500 2252 quoque
2534 2181 2699 2236 tiliam
2731 2182 2799 2245 ⁸⁷,
2823 2190 2878 2237 ει
2901 2181 3077 2236 viduae
3112 2179 3284 2235 ﬁlium
3311 2178 3381 2235 ⁸⁸.
3418 2177 3554 2246 Quis

1971 2288 2103 2344 ergo
2133 2282 2312 2343 neget,
2340 2273 2435 2343 qui
2462 2273 2569 2326 vita
2601 2272 2902 2327 secundum
2929 2279 3179 2325 naturam
3209 2270 3463 2335 exsistat,
3494 2279 3556 2324 ut

1970 2365 2063 2435 qui
2088 2380 2191 2419 non
2223 2373 2433 2419 tantum
2478 2365 2664 2431 verbo,
2689 2363 2785 2419 sed
2817 2378 2930 2419 suae
2958 2376 3173 2433 quoque
3202 2375 3400 2416 manus
3423 2374 3558 2416 con-

1974 2465 2121 2510 tactu
2149 2466 2382 2511 mortem
2422 2454 2883 2526 perterrefaciat?
2912 2455 3041 2511 Erat
3079 2455 3224 2510 enim
3263 2462 3555 2510 consenta-

1974 2564 2157 2614 neum,
2211 2550 2322 2603 imo
2373 2563 2505 2605 vero
2566 2549 2789 2604 omnino
2850 2547 3245 2613 necessarium,
3279 2557 3336 2601 ut
3359 2560 3559 2617 corpus

1979 2641 2121 2695 illius
2143 2640 2288 2696 esset
2315 2640 2614 2707 vivilicum,
2643 2643 2736 2711 qni
2774 2641 2880 2696 vita
2914 2647 3035 2695 erat
3062 2639 3360 2695 secundum
3389 2650 3556 2694 natu-

1974 2748 2112 2788 ram.

2160 2847 2314 2913 Quod
2339 2845 2586 2903 Christus
2620 2861 2714 2914 per
2743 2844 2902 2913 [idem
2936 2844 3001 2898 sit
3042 2845 3372 2914 prapitiatio.

2400 2954 2482 3009 Ea:
2506 2954 2746 3024 Epistula
2778 2955 2849 3008 ad
2876 2953 3166 3010 Romanos.

2050 3089 2069 3122 s
2115 3070 2286 3137 Quem
2320 3070 2410 3141 (de
2447 3068 2670 3123 Christo
2716 3082 2900 3123 sermo
2928 3070 3033 3139 est)
3094 3071 3377 3139 proposuit
3411 3069 3558 3128 Deus

1977 3162 2419 3233 propitiationem
2481 3175 2577 3230 per
2612 3160 2774 3215 (idem
2838 3160 2891 3213 in
2942 3162 3207 3231 sanguine
3253 3163 3443 3233 ipsius,
3495 3169 3561 3220 ad

1980 3256 2347 3313 ostensionem
2373 3254 2601 3325 iustitia:
2620 3268 2751 3319 suae,
2785 3265 3006 3323 propter
3028 3256 3398 3312 remissionem
3428 3273 3563 3327 pra:-

1980 3350 2289 3405 cedentium
2344 3346 2691 3412 delictorum,
2757 3345 2810 3398 in
2865 3346 3266 3401 sustentatione
3319 3348 3435 3413 Dei,
3499 3352 3564 3403 ad

1981 3441 2346 3497 ostensionem
2383 3439 2608 3508 iustitiae
2633 3438 2751 3509 ejus
2780 3437 2833 3492 in
2864 3439 2968 3492 hoc
2986 3448 3326 3508 tempore,ut
3348 3441 3419 3495 sit
3450 3443 3567 3512 ipse

1977 3536 2179 3605 justus,
2211 3542 2266 3589 et
2282 3534 2596 3604 justiﬁeans
2618 3545 2744 3585 eum
2774 3529 2867 3599 qui
2909 3539 2992 3584 est
3019 3545 3086 3584 ex
3125 3531 3227 3585 [ide
3253 3531 3379 3587 Jesu
3405 3533 3566 3589 Chri-

1983 3629 2051 3683 sti
2083 3628 2150 3679 ⁶⁹.
2190 3645 2209 3678 ι
2240 3625 2297 3680 Si
2331 3625 2435 3678 alia
2469 3623 2681 3678 ratione
2737 3621 2862 3677 illos
2910 3623 3133 3690 expiare
3190 3638 3295 3678 non
3352 3635 3567 3693 poterat

1982 3718 2254 3785 Christus,
2268 3716 2359 3789 qui
2380 3724 2623 3788 peccato,
2643 3722 2698 3768 et
2717 3713 3111 3779 maledictioni,
3141 3722 3197 3769 et
3214 3717 3406 3771 mortis
3428 3733 3564 3788 sup-

1986 3815 2146 3884 plicio
2173 3810 2395 3865 obnoxii
2422 3808 2779 3870 tenebantur,
2832 3804 2934 3861 nisi
2968 3807 3287 3873 sanguinem
3325 3824 3481 3862 suum
3510 3811 3562 3865 iu

1984 3901 2412 3977 praecedentium
2438 3907 2786 3969 peccatorum
2838 3897 3222 3953 remissionem
3270 3901 3576 3971 profunde:

1988 4006 2104 4064 res;
2139 3993 2414 4066 quomodo
2445 4000 2505 4045 ut
2540 3988 2774 4044 Verbqu
2803 4004 2932 4044 caro
2964 3990 3138 4055 ﬁeret,
3185 3984 3584 4054 necessarium.

1988 4103 2092 4145 non
2138 4094 2283 4151 erat,
2329 4097 2523 4153 nempe
2550 4095 2659 4151 quo
2689 4080 2934 4151 proprio.
2983 4081 3086 4135 hoc
3115 4093 3199 4136 est
3241 4098 3354 4138 suae
3398 4086 3565 4156 ipsius

1985 4181 2169 4239 carnis
2202 4220 2218 4244 ,
2245 4177 2507 4249 sanguine
2551 4190 2764 4239 omnes,
2825 4174 2918 4244 qui
2972 4174 3024 4228 in
3062 4174 3236 4245 ipsum
3307 4181 3563 4235 credituri

1985 4262 2162 4339 erant,
2193 4267 2553 4340 iustilicaret?

2080 4386 2231 4453 Quod
2254 4401 2345 4455 per
2374 4381 2574 4437 Christi
2605 4382 2915 4456 sanguiuem
2949 4382 3201 4452 redempti
3234 4383 3445 4456 Deoque

2496 4453 2827 4506 reconciliati
2850 4467 3056 4507 sumus.

2396 4560 2483 4619 Ea:
2508 4562 2680 4633 priori
2721 4560 2793 4616 ad
2815 4560 3142 4617 Corinthios.

2061 4694 2079 4728 ι
2121 4675 2197 4730 Es
2234 4675 2353 4744 ipso
2406 4680 2588 4726 autem
2627 4686 2725 4725 vos
2766 4672 2901 4726 estis
2942 4671 2995 4726 in
3033 4674 3253 4729 Christo
3280 4674 3430 4744 Jesu,
3471 4682 3564 4750 qui

1986 4770 2159 4824 factus
2179 4776 2262 4821 est
2285 4764 2446 4819 nobis
2484 4763 2750 4831 sapientia
2787 4763 2903 4833 98
2934 4778 2964 4816 a
2994 4763 3123 4830 Deo,
3158 4776 3213 4820 et
3233 4765 3473 4834 iustitia,
3508 4783 3565 4828 et

1984 4857 2366 4921 sanctilicatio,
2381 4863 2437 4909 et
2468 4854 2804 4925 redemptio;
2835 4864 2917 4921 ut,
2941 4857 3401 4925 quemadmodum
3432 4864 3565 4917 scri-

1984 4962 2134 5023 ptum
2181 4958 2287 5015 est,
2337 4948 2428 5019 qui
2467 4946 2751 5020 gloriatur,
2805 4948 2860 5003 in
2891 4947 3119 5003 Domino
3148 4949 3502 5020 glorietur".
3536 4974 3555 5008 ι

1987 5042 2042 5099 In
2082 5042 2301 5103 Christo
2334 5041 2517 5111 itaque
2547 5038 2841 5109 redempti,
2867 5048 2923 5096 et
2949 5040 3303 5109 sanetilicati,
3361 5053 3415 5098 et
3467 5059 3562 5099 sa-

1987 5139 2197 5210 pientes
2223 5134 2352 5191 l‘acti
2389 5148 2601 5190 sumus.
2660 5151 2680 5186 s
2716 5130 2890 5188 Omne
2939 5142 3122 5189 autem
3176 5131 3364 5188 datum
3417 5137 3563 5205 opti-

1988 5244 2161 5295 mum,
2225 5237 2280 5283 et
2307 5240 2470 5283 omne
2508 5226 2708 5281 donum
2763 5222 3066 5294 perfectum
3130 5224 3418 5282 desursum
3456 5241 3562 5294 est,

1988 5317 2327 5375 descendens
2351 5332 2381 5372 a
2400 5316 2562 5372 Patre
2586 5315 2850 5372 luminum
2871 5317 2975 5381 ⁷⁸,ι
3002 5316 3106 5372 hoc
3127 5324 3238 5384 est,
3268 5316 3401 5372 Deo.
3425 5317 3561 5374 Cum

2080 5475 2124 5506 ⁸⁸
2157 5473 2290 5529 Luc.
2319 5489 2414 5541 vn,
2454 5474 2541 5530 M.
2636 5473 2679 5506 ”
2713 5473 2870 5529 Rom.
2900 5490 2983 5541 ιιι,
3009 5472 3103 5544 25,
3128 5474 3220 5532 26.
3304 5476 3350 5509 "
3376 5474 3405 5531 ι
3433 5475 3559 5533 Cor.

1358 5686 1531 5743 Varia:
1556 5685 1815 5742 lectiones
1844 5683 2046 5740 codicis
2081 5684 2439 5753 Seguieriani.

382 5825 401 5864 ⁸
429 5827 681 5898 ἐγενήθη.

498 5921 773 5982 Parum.
829 5922 950 5984 Gtt.
991 5919 1254 5981 LXXVI.

3046 5910 3116 5971 41
