4146 6476
626 345 754 401 ιξῑοι

1669 343 1724 400 S.
1768 342 2041 402 CYRILLI
2078 345 2542 406 ΑιΕΧΑτςῡιιιΝι
2580 349 2898 411 ARCIIIEP.

3727 359 3863 418 1299.

621 476 750 534 ergo
801 459 1053 518 Christus
1102 457 1442 531 sapientiam.
1487 470 1542 516 et
1584 460 2092 529 sanetilicationem,
2137 473 2188 520 et

2295 467 2439 534 στδς,
2478 469 2507 520 ό
2551 468 2746 538 σοφίαν
2792 487 2851 524 τε
2902 469 2996 525 καὶ
3043 471 3316 544 ἁγιασμδν
3349 472 3445 528 atati.
3486 472 3862 544 ἀπολύτρωσιν

621 554 1048 623 redemptionem
1099 553 1256 608 nobis
1290 551 1570 624 largiatur,
1631 553 1900 623 quomodo
1951 568 2058 610 non
2106 564 2188 611 est

2293 561 2427 631 ἡμῖν
2457 561 2843 632 δωρησάμενος
2861 596 2876 617 .
2907 613 2910 619 .

621 645 804 700 Deus?

741 758 900 823 Quod
925 773 1018 828 per
1041 757 1238 814 Christi
1264 759 1572 830 sanguinem
1599 759 1845 828 redempti
1873 773 2078 816 sumus.
2105 762 2114 830 ι

1029 867 1118 923 Ex
1145 867 1384 938 Epistula
1410 871 1579 941 prima
1601 869 1768 926 Petri.

711 1000 730 1034 ι
758 981 1004 1038 Scientes
1036 981 1177 1052 quod
1215 995 1319 1035 non
1343 982 1784 1051 corruptibilibus
1815 999 1946 1040 auro
1967 983 2055 1039 'ch
2098 999 2190 1038 ar-

615 1084 780 1143 gento
818 1071 1082 1140 redempti
1113 1070 1245 1125 estis
1267 1071 1334 1125 de
1365 1086 1502 1125 vana
1543 1082 1721 1127 vestra
1773 1073 2191 1128 conversatione

621 1176 857 1236 paterna:
888 1163 1218 1229 traditionis,
1275 1163 1370 1217 sed
1421 1164 1658 1232 pretioso
1713 1166 1976 1235 sanguine
2032 1165 2189 1235 quasi

619 1259 741 1328 tigni
771 1254 1101 1312 immaculati
1136 1254 1341 1308 Christi
1381 1265 1437 1310 et
1476 1256 1886 1313 incontaminati
1913 1259 1984 1312 τ’.
2022 1276 2043 1311 ι
2079 1257 2188 1313 Be-

620 1350 817 1419 dempti
847 1348 991 1403 enim
1030 1360 1240 1411 sumus,
1277 1343 1496 1401 Christo
1547 1348 1825 1417 proprium
1876 1364 1975 1420 pro
2034 1350 2190 1404 nobis

619 1458 817 1513 corpus
851 1437 1216 1511 impendente.
1255 1439 1326 1494 At
1354 1441 1398 1495 si
1437 1449 1494 1494 ut
1523 1441 1684 1495 homo
1704 1441 1948 1511 vulgaris
1984 1441 2190 1496 habea-

620 1549 730 1600 tur,
773 1534 1044 1604 quomodo
1066 1532 1210 1588 illius
1243 1533 1469 1600 sanguis
1492 1533 1621 1586 vita:
1671 1531 1910 1586 omnium
1942 1531 2188 1587 aestima-

609 1627 821 1682 tionem
869 1626 936 1681 ad
998 1624 1318 1695 dignitatem
1372 1623 1660 1692 exaequat?
1712 1622 1770 1676 Si
1816 1634 1994 1678 autem
2048 1623 2189 1678 Deus

617 1729 733 1773 erat
762 1717 814 1772 in
839 1730 1026 1785 carne,
1057 1714 1149 1786 qui
1181 1715 1522 1785 undiquaqne
1540 1705 1889 1784 dignissimus
1913 1726 2017 1782 est,
2058 1729 2190 1771 sane

2297 761 2424 816 ’τοη
2459 763 2877 835 λελυτρώμεθα
2899 765 2998 820 διὰ
3021 765 3131 821 τοῦ
3158 767 3408 837 αἵματος
3432 762 3541 823 τοῦ
3581 769 3862 838 Χριστοῦ.

2500 877 2602 931 Ἕκ
2626 876 2738 946 τῆς
2759 877 2989 948 Πέτρου
3023 881 3383 951 Ἐπιστολῆς
3407 882 3663 951 πρώτης.

2371 985 2633 1054 «Ἑίδότες
2651 989 2732 1044 ὅτι
2762 992 2822 1046 ού
2847 991 3104 1064 φθαρτοῖς
3130 991 3474 1067 ἀργυρίῳ’[ἧ]
3494 996 3728 1066 χρυσίῳ,
3752 996 3864 1050 ὲλυο

2293 1075 2542 1152 τρὼθητε
2574 1085 2639 1137 ὲκ
2667 1084 2766 1154 τῆς
2805 1086 3037 1154 ματαίας
3084 1084 3240 1156 ὑμῶν
3283 1086 3632 1157 ἀναστροφῆς
3665 1104 3863 1158 πατρο-

2293 1173 2596 1244 παραδότου
2621 1217 2636 1241 ,
2666 1174 2804 1228 ἀλλά
2843 1175 3011 1246 τιμίῳ
3051 1176 3242 1248 αἵματι
3292 1177 3369 1239 ὡς
3409 1177 3582 1247 ἀμνοῦ
3628 1176 3861 1247 ἀμώμου

2291 1267 2386 1320 καὶ
2423 1267 2656 1320 ἀσπίλου
2685 1266 2945 1338 Χριστοῦ.
2985 1287 3002 1320 ι
3038 1267 3438 1339 Λελυτρώμεθα
3465 1268 3596 1338 γάρ,
3641 1268 3702 1320 τὸ
3737 1269 3863 1321 ἴδιον

2293 1356 2456 1429 σῶμα
2485 1357 2780 1422 δεδωκότος
2805 1359 2944 1430 ὑπὲρ
2976 1359 3136 1430 ἡμῶν
3179 1357 3274 1413 τοῦ
3319 1359 3582 1431 Χριστοῦ.
3635 1359 3775 1412 Ἀλλ’
3816 1361 3864 1413 εἰ

2293 1451 2396 1521 μὲν
2421 1450 2497 1514 ῶς
2524 1450 2810 1522 ἄνθρωπος
2851 1453 3050 1505 νοεῖται
3079 1451 3258 1515 κοινὸς
3277 1491 3292 1515 ,
3324 1452 3442 1515 πῶς
3479 1450 3733 1518 ἀντάξιον
3769 1451 3863 1521 τῆς

2292 1540 2544 1594 ἁπάντων
2595 1539 2741 1610 ζωῆς
2789 1540 2851 1594 τὸ
2888 1538 3028 1612 αἷμα
3073 1539 3265 1606 αὑτοῦ;
3307 1541 3369 1593 Εἰ
3414 1540 3472 1594 δὲ
3514 1540 3647 1606 Θεὸς
3691 1536 3760 1611 ῆν
3807 1542 3863 1593 ἐν

2294 1631 2456 1701 σαρκὶ
2496 1632 2525 1684 ὁ
2568 1631 2786 1684 πάντων
2830 1629 3157 1700 ἀξιώτερος,
3205 1630 3504 1700 ἀξιόχρεως
3531 1630 3569 1700 ἡ
3599 1628 3862 1700 λύτρωσις

2290 1720 2386 1777 τοῦ
2417 1721 2626 1793 κόσμου
2653 1722 2856 1786 παντὸς
2886 1722 2974 1776 διὰ
2998 1720 3095 1775 τοῦ
3128 1720 3258 1776 ἰδίου
3282 1720 3515 1791 αἵματος
3538 1715 3627 1791 εἴη
3654 1718 3744 1788 ἂν,
3771 1722 3863 1775 καὶ

617 1807 1113 1864 cumulatissimum
1137 1806 1400 1878 perillius
1437 1805 1754 1877 sanguinem
1803 1806 2034 1876 pretium
2089 1821 2187 1878 pro

2292 1814 2436 1886 μάλα
2467 1815 2717 1879 εἰκότως.

619 1901 785 1955 totius
839 1898 1026 1956 mundi
1094 1897 1271 1954 salute
1301 1897 1603 1966 impensum
1645 1903 1750 1960 est,
1811 1905 1867 1949 et
1907 1895 2040 1950 satis
2092 1895 2184 1950 de-
2245 1903 2250 1908 '

617 2005 824 2048 center.
897 2023 901 2027 '

603 2120 616 2130 '
713 2105 863 2170 Quod
895 2105 1090 2160 Christi
1123 2121 1260 2158 mors
1291 2105 1484 2157 mundo
1514 2104 1768 2156 salutaris
1807 2103 2084 2155 exstiterit.

1009 2215 1095 2272 Ex
1137 2209 1376 2286 Epittola
1410 2219 1477 2269 ad
1518 2216 1801 2270 (lanienas.

693 2355 711 2389 t
752 2319 1105 2391 Commendat
1137 2341 1317 2388 autem
1350 2331 1671 2386 charitatcm
1707 2346 1859 2387 suam
1926 2328 2068 2384 Deus
2135 2329 2186 2382 in

619 2428 808 2492 nobis:
840 2425 1122 2496 quoniam,
1160 2439 1284 2479 cum
1337 2422 1512 2475 adhuc
1557 2433 1872 2491 peccatores
1918 2433 2187 2484 essemus,

618 2517 869 2572 Christus
889 2530 986 2584 pro
1015 2514 1170 2570 nobis
1195 2523 1441 2568 mortuus
1469 2521 1572 2568 est.
1615 2507 1778 2565 Multo
1823 2512 1989 2582 igitur
2020 2511 2190 2581 magis

609 2616 763 2681 .nu'nc
787 2605 1068 2676 iustificati
1100 2605 1154 2659 in
1186 2604 1448 2673 sanguine
1478 2604 1671 2672 ipsius,
1693 2603 1826 2657 salvi
1889 2603 2097 2657 erimus
2119 2603 2188 2657 ab

622 2699 700 2754 ira
730 2714 825 2770 per
853 2699 1027 2768 ipsum
1059 2695 1126 2749 ⁷³.
1165 2713 1182 2746 ι
1206 2691 1474 2747 Rursum:
1507 2712 1526 2744 ι
1553 2693 1616 2747 Si
1649 2693 1816 2759 enim,
1847 2707 1970 2747 cum
2009 2691 2191 2746 inimi-

618 2792 665 2845 ci
691 2805 973 2854 essemus,
1029 2785 1363 2842 reconciliati
1407 2800 1594 2839 sumus
1648 2783 1754 2840 Deo
1815 2800 1908 2855 per
1961 2792 2187 2838 mortem

621 2883 739 2938 Filii
763 2882 903 2952 ejus,
949 2879 1118 2934 multo
1142 2878 1314 2948 magis
1346 2875 1679 2932 reconciliati
1736 2875 1868 2929 salvi
1901 2875 2103 2930 erimus
2133 2872 2187 2926 in

619 2975 730 3030 vita
759 2975 928 3044 ipsius
951 2972 1020 3026 ⁷⁵.
1059 2990 1078 3023 ι
1119 2971 1173 3025 Si
1205 2969 1440 3024 mundus
1470 2969 1627 3021 aliter
1653 2982 1814 3036 qttatn
1865 2980 1960 3033 per
1982 2962 2186 3018 Christi

617 3066 935 3136 sanguinem
967 3074 1022 3118 et
1046 3072 1277 3116 mortem
1316 3060 1496 3114 divina
1545 3057 1949 3126 dispensatione
1985 3053 2188 3108 saluta-

2358 2108 2484 2160 Ὅτι
2514 2111 2547 2162 ό
2580 2105 2840 2176 Χριστοῦ
2869 2107 3125 2173 θάνατος
3149 2104 3230 2171 τῷ
3257 2105 3465 2175 κόσμῳ
3499 2103 3815 2172 σωτήριος.

2693 2223 2786 2275 Ἐκ
2815 2221 2926 2290 τῆς
2950 2219 3100 2289 πρὸς
3136 2218 3479 2289 Ῥωμαίους.

2365 2327 2706 2404 ι’Συνίστησι
2751 2333 2806 2385 δὲ
2855 2333 2955 2403 ’τὴν
3003 2321 3196 2385 ἑαυτοῦ
3243 2324 3465 2403 ἀγάπην
3508 2331 3590 2393 εἰς
3640 2331 3790 2400 ἡμᾶς
3836 2333 3865 2384 ό

2290 2425 2556 2491 θεὸς,’ὅτι
2589 2425 2668 2477 ἔτι
2697 2423 3039 2494 ἁμαρτωλῶν
3067 2422 3237 2476 όντων
3259 2422 3437 2493 ἡμῶν,
3461 2421 3700 2493 Χριστὸς
3725 2421 3864 2491 ὑπὲρ

2289 2519 2321 2588 ἡ
2332 2515 2449 2586 μῶν
2482 2515 2738 2570 ἀπέθανε.
2766 2513 2952 2585 [Ιολλῷ
2980 2509 3073 2568 οῦν
3117 2513 3315 2584 μᾶλλον
3339 2512 3720 2575 δικαιωθέντες
3770 2511 3862 2564 νῦν

2291 2611 2348 2662 ὲν
2400 2607 2477 2678 τῷ
2530 2608 2723 2677 αἵματι
2753 2605 2940 2669 αὑτοῦ,
2969 2603 3330 2675 σωθησόμεθα
3352 2604 3421 2658 δι’
3443 2603 3608 2659 αὐτοῦ
3640 2603 3751 2657 ἀπὸ
3772 2603 3866 2672 τῆς

2289 2700 2477 2772 ὀργῆς.
2510 2719 2528 2752 ι
2559 2700 2668 2752 Καὶ
2702 2699 2880 2752 πάλιν·
2903 2717 2921 2750 ι
2942 2699 3004 2751 Εἰ
3038 2698 3146 2768 γὰρ
3175 2696 3361 2767 ἐχθροί
3394 2696 3567 2763 ὄντες,
3600 2695 3867 2764 κατηλλά-

2291 2810 2468 2864 γημεν
2510 2792 2588 2862 τῷ
2633 2791 2751 2863 Θεῷ
2792 2792 2879 2846 διὰ
2924 2790 3020 2846 τοῦ
3069 2790 3302 2844 θανάτου
3352 2788 3448 2842 τοῦ
3500 2788 3633 2842 Υίοῦ
3676 2787 3865 2850 αὑτοῦ,

2291 2883 2470 2954 πολλῷ
2502 2883 2701 2955 μᾶλλον
2732 2882 3165 2952 καταλλαγέντες
3189 2879 3551 2952 σωθησόμεθα
3565 2881 3625 2931 ὲν
3653 2882 3723 2950 τῇ
3753 2879 3864 2948 ζωῇ

2291 2975 2477 3030 αὐτοῦ.
2511 2995 2530 3028 ι
2567 2973 2772 3029 Οὐκοῦν
2800 2975 2849 3027 εἰ
2883 2973 2958 3045 μὴ
2986 2972 3190 3043 ἑτέρως
3227 2968 3293 3044 ἦν
3336 2970 3616 3036 σώζεσθαι
3645 2971 3742 3023 τὸν
3772 2972 3866 3023 κό-

2295 3085 2449 3139 σμον,
2478 3069 2528 3121 εἰ
2559 3067 2636 3139 μὴ
2672 3067 2730 3121 ὲν
2775 3068 2967 3136 αἵματι
3000 3066 3096 3119 καὶ
3121 3063 3340 3134 θανάτῳ
3361 3062 3656 3133 ,χρησίμως
3684 3078 3868 3131 παρα-

623 3161 756 3214 riter
791 3165 1096 3226 susceptam
1130 3163 1352 3223 propter
1389 3149 1814 3220 pratcedentium
1867 3146 2185 3226 delictorum

2292 3159 2587 3231 ληφθέντι,
2633 3159 2728 3212 καὶ
2772 3156 3170 3228 οἰκονομικῶς,
3220 3155 3309 3209 διὰ
3347 3154 3445 3224 τὴν
3479 3154 3716 3229 πάρεσιν
3758 3152 3869 3206 τῶν

623 3250 1104 3314 condonationem,
1157 3261 1278 3315 qua:
1306 3244 1446 3298 Deus
1480 3240 1824 3303 toleraverat,
1859 3235 2058 3292 salvari
2092 3249 2192 3288 ne~

621 3343 830 3412 quibat,
859 3356 953 3408 per
975 3339 1252 3393 Christum
1299 3344 1480 3388 autem
1515 3331 1743 3386 salutem
1772 3344 1962 3386 sumus
1998 3342 2190 3386 conse-

627 3435 786 3490 cuti:
827 3430 1097 3501 quomodo
1153 3425 1550 3483 incarnationis
1608 3423 1803 3478 modus
1871 3421 1962 3475 Dei
2014 3419 2191 3475 Patris

623 3523 799 3579 Verbo
835 3518 1180 3576 necessarius
1233 3531 1337 3571 non
1393 3522 1531 3580 erat,
1580 3525 1686 3582 quo
1736 3511 1879 3575 illus,
1933 3507 2188 3562 nimirum

618 3616 713 3686 qui
753 3614 806 3667 in
843 3612 1016 3681 ipsum
1047 3610 1358 3676 crederent,
1393 3621 1492 3676 per
1545 3602 1866 3673 sanguinem
1903 3616 2060 3656 suum
2095 3599 2187 3670 ju-

617 3705 908 3765 stiﬂcaret,
942 3699 1053 3772 99
1076 3698 1442 3768 Patriqueper
1471 3693 1715 3761 corporis
1737 3693 1820 3746 sui
1846 3699 2074 3744 mortem
2104 3703 2187 3742 re-

618 3794 938 3851 conciliaret
969 3831 984 3858 ,
1014 3801 1178 3860 atque
1228 3789 1299 3843 ita
1345 3785 1505 3860 simul
1555 3799 1678 3839 cum
1727 3781 1847 3852 ipso
1870 3782 2036 3837 vitam
2060 3779 2186 3836 adi--

618 3884 992 3960 pisceremur?

615 4029 620 4034 .
694 3999 714 4032 ι
756 3982 838 4034 Αη
875 3976 1300 4046 ignoratis,qnia
1328 3972 1640 4042 quicunque
1695 3967 1953 4038 baptizati
1989 3981 2184 4023 sumus

619 4075 672 4129 in
699 4073 919 4129 Christo
944 4068 1090 4133 Jesu,
1120 4068 1171 4121 in
1200 4077 1426 4132 mortem
1463 4066 1630 4134 ipsius
1668 4061 1924 4132 baptizati
1949 4074 2135 4115 sumus
2163 4059 2186 4113 ?

618 4165 930 4236 Consepulti
961 4163 1104 4216 cnim
1131 4175 1315 4214 sumus
1346 4145 1465 4213 cum
1505 4157 1598 4212 illo
1627 4170 1720 4226 per
1747 4154 2080 4224 baptismum
2129 4151 2182 4205 in

624 4266 877 4321 mortem,
921 4263 980 4308 ut
1010 4252 1280 4321 quomodo
1308 4248 1556 4304 Christus
1586 4243 1829 4300 surrexit
1865 4259 1898 4298 a
1955 4241 2185 4296 mortuis

619 4364 716 4418 per
731 4347 957 4418 gloriam
989 4343 1188 4408 Patris,
1226 4344 1298 4394 ita
1333 4348 1388 4394 et
1440 4354 1538 4393 nos
1577 4339 1628 4392 in
1660 4335 1901 4392 novitate
1925 4333 2047 4386 vitm
2070 4347 2183 4384 am-

618 4435 865 4491 bulemus
893 4434 997 4486 ".i
1036 4432 1090 4485 Si
1123 4445 1217 4485 eos
1251 4430 1338 4498 qui
1371 4429 1420 4482 in
1468 4427 1628 4482 terris
1677 4425 1900 4494 degunt,
1958 4421 2186 4476 Christo

619 4540 718 4596 per
743 4523 1067 4592 baptismum
1098 4520 1150 4574 in
1178 4528 1406 4574 mortem
1439 4517 1608 4585 ipsius
1632 4512 1959 4584 consepeliri
1995 4511 2171 4567 omni-

619 4631 691 4672 no
724 4629 1004 4670 necessum
1031 4622 1150 4679 est;
1186 4621 1243 4666 ut
1267 4610 1724 4681 quemadmodum
1785 4608 1874 4663 ille
1923 4623 1989 4663 ex
2033 4623 2181 4662 mor-

619 4707 726 4763 tuis
745 4706 1066 4770 resurrexit,
1097 4704 1175 4758 ita
1207 4717 1263 4759 et
1299 4718 1394 4758 nos
1418 4697 1634 4770 quoque
1686 4699 1740 4753 in
1787 4699 2024 4754 novitate
2055 4699 2180 4753 vitae

619 4796 973 4860 ambulemus,
1020 4804 1275 4862 tanquam
1327 4789 1488 4846 simul
1544 4803 1666 4843 cum
1716 4801 1803 4854 eo,
1863 4789 1955 4858 qui
2008 4789 2184 4844 nostri

618 4902 785 4943 causa
813 4895 1056 4940 mortuus
1095 4891 1179 4939 est
1215 4891 1278 4938 et
1303 4897 1334 4936 a
1367 4881 1599 4936 mortuis
1653 4894 1868 4936 rursum
1912 4882 2187 4938 excitatus

618 4992 722 5045 est,
748 4977 948 5034 mortui
977 4987 1033 5032 et
1061 4975 1316 5031 excitati:
1351 4972 1597 5044 profecto
1637 4988 1744 5029 non
1791 4974 1998 5044 absque
2029 4989 2181 5029 sum-

620 5086 707 5126 ma
738 5069 972 5124 utilitate
993 5083 1056 5123 ac
1076 5066 1400 5121 necessitate
1424 5065 1823 5122 incarnationis
1856 5065 2185 5136 mysterium

619 5171 885 5234 patratum
916 5169 1017 5226 est,
1073 5159 1330 5227 carnique
1356 5165 1412 5212 et
1442 5157 1731 5228 sanguinii
1757 5157 2187 5213 communicavit

616 5256 890 5321 Verbum;
921 5268 1052 5322 quo,
1087 5251 1343 5306 videlicet
1368 5249 1528 5306 simul
1554 5265 1676 5305 cum
1730 5249 1828 5305 illo
1858 5249 1952 5320 qui
1981 5264 2184 5306 secun-

616 5352 741 5402 dum
775 5361 994 5401 carnem
1038 5354 1282 5400 mortuus
1335 5353 1390 5398 et
1447 5343 1796 5399 resuscitatus
1819 5350 1926 5408 est,
1990 5349 2043 5398 et
2088 5354 2184 5396 nos

612 5447 831 5506 quoque
857 5435 1152 5490 moriamur
1179 5444 1232 5488 et
1254 5449 1630 5504 resurgamus.

691 5546 711 5578 ‹
751 5527 808 5582 Si
835 5527 980 5580 enim
1039 5527 1383 5596 complantati
1434 5525 1562 5581 facti
1622 5541 1808 5581 sumus
1840 5524 2184 5581 similitudini

618 5619 809 5674 mortis
836 5617 974 5694 ejus,
1030 5619 1189 5673 simul
1243 5628 1298 5673 et
1348 5619 1762 5674 resurrectionis
1814 5617 2022 5672 erimus
2043 5616 2112 5668 ⁷⁸.
2158 5635 2176 5668 ι

713 5770 803 5822 ⁷³1
838 5769 979 5824 Petr.
1012 5788 1049 5832 I,
1080 5770 1168 5835 18,
1203 5771 1285 5824 li).
1362 5771 1409 5802 ⁷³
1436 5772 1588 5823 limit.
1623 5788 1673 5834 v,
1705 5771 1756 5834 8,
1787 5772 1841 5824 9.

1921 5771 1966 5800 ’⁷⁸
1997 5769 2126 5823 ἰὶιίοΙ.
2163 5767 2250 5823 10.

2292 3249 3163 3322 πρηεγονότωνμάμαρτημάτων,
3191 3249 3250 3301 ὲν
3279 3249 3347 3318 τῇ
3389 3247 3555 3316 ἀνοχῇ
3580 3244 3676 3298 τοῦ
3706 3243 3863 3297 Θεοῦ·

2293 3341 2615 3414 σεσώσμεθα
2660 3341 2718 3396 δὲ
2743 3339 2833 3394 διὰ
2869 3337 3140 3411 Χριστοῦ·
3173 3339 3290 3402 πῶς
3329 3338 3431 3392 ούκ
3460 3338 3762 3405 ἀναγκαῖος
3788 3333 3867 3406 τῷ

2290 3436 2355 3488 ἐκ
2382 3433 2518 3488 Θεοῦ
2545 3433 2704 3503 φύντι
2749 3433 2909 3502 Λόγῳ
2952 3434 2982 3486 ὁ
3019 3431 3122 3501 τῆς
3149 3429 3480 3502 σαρκώσεως
3504 3429 3707 3500 τρόπος
3725 3469 3744 3496 ,
3778 3430 3866 3480 ἵνα

2289 3525 2554 3597 δικαιώσῃ
2607 3525 2706 3596 μὲν
2738 3527 2798 3578 ἐν
2838 3523 2919 3594 τῷ
2964 3523 3156 3593 αἵματι
3203 3520 3369 3577 αὑτοῦ
3408 3521 3536 3584 τοὺς
3583 3522 3664 3584 εἰς
3700 3521 3866 3574 αὑτὸν

2291 3617 2665 3682 πιστεύοντας,
2702 3616 3016 3688 καταλλάξῃ
3045 3615 3106 3669 δὲ
3141 3615 3221 3686 τῷ
3249 3613 3425 3685 Πατρί⁵
3447 3613 3535 3667 διὰ
3565 3613 3660 3666 τοῦ
3693 3611 3862 3666 θανά-

2291 3727 2382 3764 του
2409 3709 2504 3764 τοῦ
2535 3710 2664 3764 ἰδίου
2696 3709 2966 3779 σώματος,
3003 3708 3092 3762 ἵνα
3127 3707 3223 3762 καὶ
3250 3705 3574 3777 συζήσιιψεν
3600 3704 3788 3776 αὐτῷ;

2357 3991 2384 4024 ·‹
2425 3974 2494 4026 Ἦ
2520 3973 2788 4042 ἀγνοεῖτε,
2819 3972 2901 4024 ὅτι
2929 3971 3043 4023 ὅσοι
3071 3967 3482 4039 ἐϐαπτίσθημεν
3512 3969 3592 4031 εἰς
3620 3967 3858 4040 Χριστὸν

2300 4065 2527 4136 Ἰησοῦν,
2555 4065 2635 4129 εἰς
2663 4064 2754 4117 τὸν
2785 4063 3015 4118 θάνατον
3042 4061 3208 4116 αὐτοῦ
3237 4059 3684 4133 ὲὸαπτίσθημεν;
3729 4062 3863 4113 Συν·

2289 4158 2568 4229 ετάφημεν
2621 4152 2715 4211 οὖν
2761 4155 2911 4227 αὐτῷ
2954 4156 3042 4210 διά
3073 4155 3167 4209 τοῦ
3221 4153 3600 4225 βαπτίσματος
3643 4153 3726 4216 εἰς
3769 4153 3860 4206 τὸν

2289 4249 2516 4305 θάνατον
2536 4267 2549 4281 ·
2577 4250 2686 4313 ἵνα,
2715 4248 2904 4320 ὥσπερ
2927 4247 3136 4319 ἠγέρθη
3179 4245 3417 4317 Χριστὸς
3448 4247 3513 4298 ὲκ
3537 4244 3750 4314 νεκρῶν
3774 4243 3862 4296 διὰ

2288 4341 2385 4411 τῆς
2429 4340 2588 4413 δόξης
2613 4339 2706 4394 τοῦ
2734 4340 2947 4412 Πατρὸς
2965 4378 2982 4405 ,
3011 4337 3154 4392 οὕτω
3186 4337 3278 4389 κα)⁸
3307 4338 3467 4407 ἡμεῖς
3497 4336 3555 4388 ἑν
3579 4335 3862 4404 καινότητι

2289 4432 2434 4505 ζωῆς
2468 4433 2952 4504 περιπατήσωμεν.
2989 4448 3009 4482 ι
3048 4429 3113 4482 Εἰ
3151 4426 3302 4482 πᾶσά
3333 4443 3451 4489 πως
3490 4425 3705 4495 ἀνάγκη
3736 4425 3861 4486 τοὺς

2293 4526 2387 4580 ἐπὶ
2411 4525 2509 4594 τῆς
2531 4525 2630 4595 γῆς
2657 4521 3055 4578 συνθάπτεσθαι
3081 4517 3301 4590 Χριστῷ
3322 4517 3412 4570 διὰ
3437 4515 3531 4570 τοῦ
3551 4515 3865 4586 βαπτίσμα-

2291 4635 2383 4681 τος
2411 4618 2491 4681 εἰς
2520 4617 2610 4671 τὸν
2645 4615 2873 4670 θάνατον
2902 4611 3088 4674 αὐτοῦ,
3122 4610 3209 4662 ἵνα
3251 4608 3440 4678 ὥσπερ
3483 4606 3647 4669 αὐτὸς
3675 4605 3741 4658 ἐκ
3770 4621 3861 4656 νε-

2293 4708 2442 4780 κρῶν
2470 4709 2789 4779 ἐγήγερται,
2812 4704 2906 4757 καὶ
2943 4704 3104 4773 ἡμεῖς
3131 4703 3187 4752 ὲν
3221 4697 3499 4768 καινότητι
3530 4695 3679 4766 ζωῆς
3710 4711 3866 4764 περι-

2295 4802 2655 4872 πατήσωμεν,
2690 4798 2766 4861 ὡς
2799 4792 3231 4865 συντεθαμμένοι
3274 4789 3368 4844 καὶ
3400 4787 3864 4858 συνεγηγερμὲνοι

2293 4891 2371 4964 τῷ
2416 4893 2482 4945 δι’
2515 4893 2662 4961 ἡμᾶς
2687 4886 3014 4942 ἀποθανόντι
3057 4883 3152 4938 καὶ
3176 4879 3566 4952 ὲγηγερμένῳ·
3609 4877 3864 4948 χρειωεέ-

2300 4982 2473 5036 στατά
2497 5000 2558 5035 τε
2588 4981 2681 5035 καὶ
2709 4979 3024 5046 ἀναγκαίως
3050 4975 3113 5028 τὸ
3139 4975 3241 5044 τῆς
3269 4971 3734 5042 ὲνανθρωπήσεως
3765 4969 3863 5020 πέ-

2301 5093 2538 5148 πρακται
2564 5075 2879 5146 μυστήριον,
2912 5068 3114 5142 σαρκός
3142 5084 3200 5119 τε
3229 5067 3322 5119 καί
3348 5065 3580 5134 αἵματος
3605 5061 3864 5133 μετέσχεν

2297 5167 2326 5221 ὁ
2348 5166 2540 5236 Λόγος’
2571 5165 2658 5218 ἵνα
2687 5163 2780 5217 καὶ
2803 5160 3094 5215 ἀποθανεῖν
3133 5153 3412 5225 λεγομένῳ
3439 5151 3740 5223 σαρκικῶς,
3767 5149 3865 5202 καὶ

2299 5256 2404 5329 μὴν
2422 5257 2525 5327 καὶ
2556 5254 2936 5327 ἐγηγερμένῳ,
2971 5246 3428 5315 ωναποθάνωμεν
3469 5245 3565 5298 καὶ
3605 5258 3864 5312 συνιγερο

2295 5349 2498 5418 θῶμεν.

2370 5546 2388 5578 ι
2422 5527 2486 5586 Εἰ
2511 5524 2620 5596 γὰρ
2652 5524 2926 5594 σύμφυτοι
2971 5520 3277 5590 γεγόναμεν
3301 5515 3380 5588 τῷ
3423 5511 3729 5592 ὁμοιῶματι
3766 5507 3862 5560 τοῦ

2297 5615 2528 5669 θανάτου
2551 5613 2736 5680 αὑτοῦ,
2762 5612 2900 5666 ἀλλά
2928 5611 3024 5666 καὶ
3049 5610 3148 5681 τῆς
3176 5606 3528 5668 ἀναστάσεως
3547 5599 3808 5673 ἐσόμεθα.
3839 5615 3858 5648 r

2329 5767 2372 5797 "
2402 5767 2556 5820 “om.
2589 5782 2663 5830 νι,
2695 5767 2751 5830 5,
2779 5765 2830 5819 4.
2909 5765 2954 5794 ⁷⁸
2983 5762 3115 5818 ibitl.
3147 5762 3199 5818 5.
