4058 6456
145 380 318 435 1293
1262 375 1349 431 DE
1386 364 1617 429 RECTA
1655 366 1772 427 FIDE

1870 373 1937 427 ιο
1975 370 2294 429 acamas.
3294 379 3431 457 test,

141 492 341 546 Κατὰ
376 492 467 547 τὸν
490 491 603 545 ἴσον
628 491 709 562 τῷ
739 490 936 563 πρώτῳ
957 490 1158 563 τρόπον
1186 491 1401 562 νοήσεις
1438 491 1535 543 καὶ
1564 488 1749 543 τοῦτο·

1870 488 1912 544 in
1943 488 2190 545 eumdem
2214 502 2433 544 sensum
2461 498 2517 545 et
2544 490 2685 546 istud
2701 505 2914 562 quoque
2936 507 3209 565 exponas:
3249 496 3425 563 «Quo-
3485 487 3489 493 ’

149 603 171 636 ι
230 584 475 655 Ἐπειδὴ
509 583 618 655 γάρ
646 584 714 636 δι’
742 583 1030 655 ἀνθρώπου
1057 585 1086 636 6
1116 580 1345 645 Θάνατος
1365 620 1381 645 ,
1410 582 1506 635 καὶ
1547 580 1615 636 δι’
1662 582 1755 633 ἀν-

1870 581 2004 634 uiam
2034 578 2249 649 quidem
2282 594 2379 650 per
2414 580 2689 636 hominem
2720 598 2890 649 mors,
2922 594 2977 638 et
3006 600 3105 655 per
3148 585 3422 643 hominem

141 674 404 744 θρώπου
428 675 723 737 ἀνάστασις
754 674 994 746 νεκρῶνο
1027 674 1216 744 ὥσπερ
1242 674 1350 745 γὰρ
1380 668 1439 727 ὲν
1468 672 1545 744 τῷ
1583 669 1755 741 Ἀδὰμ

1870 669 2187 726 resurrectio
2214 680 2586 739 mortuorum;
2639 682 2694 726 et
2749 674 2890 727 sicut
2921 676 2973 729 in
3030 677 3200 731 Adam
3234 694 3427 735 omnes

144 765 385 828 πάντες
432 766 889 837 ἀποθνήσκουσιν,
956 765 1098 819 οὕτω
1145 765 1241 819 καὶ
1286 766 1345 818 ὲν
1401 764 1480 836 τῷ
1532 763 1754 834 Χριστῷ

1870 760 2183 825 moriuntur,
2239 760 2313 814 ita
2367 769 2421 814 et
2463 761 2515 815 in
2583 761 2802 817 Christo
2851 779 3041 821 omnes
3070 768 3431 823 vivificabuno

144 858 387 921 πάντες
431 857 952 927 ζωοποιηθήσονται.
989 877 1007 909 ι
1040 856 1301 927 Δεύτερος
1332 856 1504 926 Ἀδάμ
1552 872 1754 926 κεχρη-

1870 850 2040 903 tur".
2085 868 2105 903 ι
2132 850 2384 906 Christus
2432 852 2706 906 secundus
2754 852 2927 907 Adam
2968 858 3269 927 appellatus
3319 872 3427 917 est.

154 953 419 1019 μάτικεν
442 953 470 1004 6
499 950 729 1021 Χριστός
750 966 762 978 ·
789 950 884 1021 καὶ
911 944 1099 1021 ὥσπερ
1124 951 1152 1003 6
1179 948 1393 1019 πρῶτος
1408 947 1580 1016 Ἀδὰμ
1607 948 1754 1018 ἡμᾶς

1870 936 1931 993 Ut
1954 947 2136 994 autem
2189 937 2403 1009 primus
2449 938 2624 994 Adam
2652 956 2751 997 nos
2782 941 2979 1012 deiecit
3035 947 3089 1001 in
3125 954 3429 1021 corruptio-

150 1036 547 1091 κατεϐίϐασεν
575 1039 655 1101 είς
684 1036 909 1107 φθοράν,
958 1030 1131 1101 οὕτως
1161 1032 1190 1091 6
1215 1037 1465 1108 δεύτερος
1500 1037 1754 1106 ἀνεκόμι-

1870 1045 2006 1094 nem,
2042 1030 2114 1084 ita
2143 1032 2413 1086 secundus
2467 1031 2639 1085 Adam
2667 1048 2768 1090 nos
2825 1037 3079 1106 provexit
3122 1039 3184 1093 ad
3225 1042 3426 1107 vitam;

154 1145 263 1181 σεν
324 1129 409 1191 εἰς
456 1128 623 1199 ζωήν.
680 1125 791 1198 υύχ
838 1129 915 1192 ὡς
960 1128 1243 1199 ἄνθρωπος
1277 1128 1431 1197 ψιλὸς
1466 1128 1755 1182 ἀποθανὼν

1870 1137 1965 1175 non
1991 1131 2050 1175 ut
2074 1123 2235 1176 homo
2258 1124 2566 1179 communis
2618 1126 2790 1181 nostri
2848 1143 3008 1183 causa
3048 1142 3277 1187 mortem
3306 1150 3430 1204 per-

152 1220 321 1290 ὑπὲρ
355 1221 538 1290 ἡμῶν.
571 1220 658 1273 ἵνα
691 1219 765 1291 μὴ
803 1222 898 1273 καὶ
941 1222 999 1274 ὲν
1032 1221 1180 1291 αὐτῷ
1233 1220 1503 1291 μείνωμεν
1532 1221 1749 1291 νεκροί·

1870 1226 2070 1279 pessus,
2095 1227 2162 1267 ne
2198 1212 2249 1266 in
2280 1212 2372 1269 illo
2402 1216 2601 1270 mortui
2640 1231 2977 1285 maneamus,
3040 1223 3133 1277 sed
3188 1234 3245 1277 ut
3290 1224 3432 1281 Deus

80 1324 99 1363 ε
155 1309 290 1362 ἀλλ’
328 1310 408 1373 ὡς
439 1309 573 1373 Θεὸς
610 1312 667 1362 ἐν
698 1311 862 1381 σαρκὶ
904 1310 996 1364 καὶ
1028 1312 1166 1380 αὐτῇ
1217 1311 1500 1375 πεπονθὼς
1539 1311 1751 1381 ἀνορω-

1870 1306 2202 1361 incarnatus.
2239 1306 2346 1362 Per
2376 1321 2596 1362 carnem
2640 1324 2878 1378 namque
2912 1325 3104 1379 passus
3127 1323 3208 1367 est
3244 1324 3300 1368 ut
3335 1317 3432 1369 ho-

156 1401 383 1465 πίνως,
431 1401 517 1454 ἴνα
552 1400 750 1465 θεῖκῶς
789 1402 1154 1472 ἁναστήσαντι
1183 1403 1274 1457 τὸν
1316 1404 1445 1456 ἴδιον
1478 1403 1603 1457 ναὸν
1635 1414 1757 1457 συν-

1870 1413 1982 1463 mo,
2018 1405 2097 1461 ut,
2129 1398 2253 1453 dum
2284 1399 2560 1469 proprium
2593 1400 2850 1470 templum
2891 1403 3070 1457 divina
3098 1405 3298 1460 virtute
3337 1423 3433 1460 ex-

159 1492 502 1562 εγερθῶμεν
532 1495 711 1564 ἡμεῖς.

1870 1486 2111 1555 suscitat,
2152 1498 2208 1544 et
2250 1504 2349 1545 nos
2396 1490 2554 1546 simul
2582 1506 2798 1563 quoque
2842 1508 2962 1549 cum
2993 1494 3087 1550 illo
3128 1499 3431 1554 exsuscite-

611 1666 707 1723 Ὲκ
740 1662 850 1737 τῆς
878 1669 1027 1739 πρὸς
1048 1666 1348 1738 Γαλάτας.

248 1776 272 1808 ι
311 1758 549 1830 Χριστὸς
577 1761 726 1830 ἡμᾶς
758 1760 1089 1832 ἐξηγόρασεν
1132 1764 1197 1815 ἐκ
1241 1763 1340 1832 τῆς
1384 1762 1628 1833 κατάρας
1662 1763 1755 1817 τοῦ

166 1849 376 1919 νόμου,
422 1851 715 1919 γενόμενος
761 1852 902 1923 ὑπὲρ
944 1853 1099 1922 ἡμῶν
1150 1854 1395 1925 κατάρα·
1446 1855 1757 1926 γέγραπται
1792 1839 1832 1893 Β

169 1944 291 2011 γάρ
312 1960 327 1974 ·
381 1943 816 2014 Ἐπικατάρατος
843 1946 949 2008 πᾶς
981 1947 1009 1997 6
1057 1945 1403 2016 κρεμάμενος
1449 1947 1541 1999 ἐπὶ
1573 1946 1757 2011 ξύλου·

172 2032 269 2084 ἵνα
302 2033 388 2094 είς
430 2032 497 2085 τὰ
521 2032 649 2102 ἔθνη
691 2036 724 2101 ή
773 2034 991 2102 εὐλογία
1028 2035 1121 2087 τοῦ
1163 2036 1415 2106 Ἀϐραὰμ
1443 2036 1666 2106 γένηται
1704 2038 1762 2090 ἐν

174 2123 415 2194 Χριστῷ
456 2124 651 2194 Ἰησοῦ,
686 2126 773 2178 ῐνα
800 2126 899 2196 τὴν
926 2127 1260 2195 ἐπαγγελίαν
1306 2126 1400 2181 τοῦ
1450 2126 1764 2198 Πνεύματος

173 2215 450 2285 λάϐωμεν
478 2216 566 2269 διὰ
594 2216 692 2287 τῆς
739 2216 995 2281 πίστεως.
1042 2237 1060 2270 ι
1100 2218 1290 2289 Ἀθρει
1323 2220 1386 2290 δή
1420 2237 1509 2289 μοι
1537 2219 1765 2273 κάντεῦ-

180 2306 305 2371 θεν,
337 2307 421 2360 ὅτι
449 2306 640 2375 γέγονε
665 2306 744 2379 τῷ
774 2307 963 2378 κόσμῳ
1001 2309 1267 2380 σωτήριος
1313 2309 1342 2360 ὁ
1386 2309 1623 2381 Χριστοῦ
1668 2310 1764 2363 θά-

178 2415 356 2463 νατος
377 2416 392 2429 ·
418 2399 611 2468 γέγονε
638 2400 747 2469 γὰρ
777 2400 918 2470 ὑπὲρ
944 2398 1101 2470 ήμῶν
1127 2400 1359 2472 κατάρα,
1380 2402 1608 2473 σταυρὸν
1634 2401 1766 2466 ὑπο-

185 2488 409 2557 μείνας,
455 2487 551 2541 καὶ
590 2488 920 2558 κρεμασθεὶς
967 2488 1062 2541 ἐπὶ
1116 2487 1295 2553 ξύλου,
1346 2490 1433 2543 ἵνα
1484 2489 1626 2561 λύσῃ
1666 2489 1767 2542 τοῦ

183 2579 402 2648 κόσμου
425 2579 526 2649 τήν
545 2579 843 2649 ἁμαρτίαν,
880 2579 966 2633 ἵνα
1000 2580 1079 2644 είς
1104 2580 1176 2634 τὰ
1202 2580 1329 2651 ἔθνη
1364 2582 1397 2651 ή
1420 2580 1639 2649 εὐλογία
1670 2581 1765 2634 τοῦ

197 2668 461 2740 Ἀϐραὰμ
512 2669 735 2739 γένηται
784 2671 842 2724 ὲν
909 2670 1129 2741 Χριστῷ
1188 2670 1397 2739 Ἰησοῦ·
1469 2671 1765 2733 τουτέστιν,

188 2758 279 2809 ἴνα
312 2757 581 2829 δικαιωθῇ
619 2759 688 2812 τὰ
711 2758 839 2830 ἔθνη
886 2758 972 2812 διὰ
1016 2760 1272 2824 πίστεως,
1304 2760 1446 2813 κατὰ
1473 2761 1571 2831 τὴν
1597 2760 1766 2813 6005?-

190 2866 293 2901 σαν
346 2849 681 2915 ἐπαγγελίαν
721 2849 799 2919 τῷ
838 2851 1111 2921 Ἀϐραὰμ,
1159 2851 1244 2903 ἴνα
1295 2852 1391 2921 τὴν
1436 2851 1769 2920 ἐπαγγελίαν

188 2940 287 2993 τοῦ
320 2940 639 3009 Πνεύματος
667 2941 921 3011 λάϐωμεν
955 2942 1043 2995 διὰ
1075 2943 1174 3010 τῆς
1206 2944 1459 3007 πίστεως.
1494 2945 1621 2997 Ὅτε
1660 2944 1769 2996 τοία

190 3048 291 3083 νυν
324 3032 423 3082 καὶ
451 3030 550 3098 τὴν
581 3033 637 3083 ἐν
668 3029 815 3100 νόμῳ
840 3029 1060 3082 λέλυκεν
1098 3030 1237 3101 ἀράν
1278 3032 1306 3083 6
1338 3030 1574 3101 Χριστοῦ
1607 3030 1771 3085 θάνα-

193 3139 311 3184 τος,
358 3121 452 3173 καὶ
499 3120 833 3191 προύξένησε
869 3124 979 3184 τοῖς
1030 3121 1206 3174 ἔθνεσι
1241 3121 1336 3192 τήν
1385 3121 1635 3189 εὐλογίαν
1672 3119 1766 3173 τοῦ

204 3214 487 3283 Ἀϐραὰμ.
523 3213 772 3266 τουτέστι
798 3215 897 3283 τὴν
927 3213 1013 3266 διὰ
1046 3214 1279 3276 πίστεως
1303 3214 1485 3284 χάριν,
1504 3214 1766 3284 μετόχους

192 3300 248 3354 δὲ
280 3303 428 3372 ἡμᾶς
467 3302 715 3373 ἀπέφηνε
750 3303 842 3355 καὶ
868 3301 961 3355 τοῦ
990 3302 1147 3370 ἁγίου
1177 3301 1514 3373 Πνεύματοςο
1543 3304 1644 3355 οὐκ
1669 3303 1767 3355 άν-

194 3390 418 3460 θρώπου
444 3390 627 3443 κοινοῦ
654 3391 811 3444 νοοῖτ’
846 3390 912 3444 ἂν
946 3392 974 3444 6
999 3391 1229 3454 Θάνατος
1267 3390 1463 3444 αὐτοῦ’
1497 3393 1767 3461 περινοεῖν

193 3480 250 3533 δὲ
302 3484 571 3552 προσήκει
618 3482 844 3552 μᾶλλον,
888 3484 968 3537 ὅτι
1018 3480 1155 3552 σὰρξ
1216 3481 1450 3551 γεγονὼς
1495 3484 1525 3536 6
1571 3481 1767 3550 Λόγος,

198 3576 362 3645 σαρκὶ
393 3574 662 3629 πέπονθεν
706 3575 846 3646 ὑπὲρ
870 3575 966 3628 τοῦ
997 3575 1225 3645 κόσμου,
1272 3574 1369 3628 καὶ
1395 3575 1618 3643 γέγονεν
1650 3574 1770 3627 ικα-

197 3665 285 3717 νὸν
318 3664 380 3717 τὸ
406 3664 475 3718 αὐ
490 3663 575 3717 τοῦ
608 3663 779 3727 πάθος
808 3666 885 3727 εἰς
916 3664 1015 3734 τὴν
1047 3663 1142 3718 τοῦ
1172 3664 1378 3734 κόσμου
1406 3663 1694 3735 λύτρωσιν.

587 3756 689 3809 Ἐκ
727 3755 837 3823 τῆς
864 3756 1014 3823 πρὸς
1051 3754 1390 3824 Ἐφεσίους.

273 3865 293 3898 ι
330 3847 473 3901 Νυνὶ
501 3847 557 3900 δὲ
586 3849 644 3899 ἐν
675 3848 897 3919 Χριστῷ
936 3847 1135 3918 Ἰησοῦ,
1171 3850 1331 3919 ὑμεῖς
1359 3849 1407 3902 οἱ
1439 3847 1570 3901 ποτὲ
1618 3840 1773 3912 ὄντες

202 3940 448 4009 μακράν,
492 3940 789 4009 ἐγενήθητε
837 3940 1003 4007 ἐγγὺς
1057 3942 1114 3992 ὲν
1144 3940 1221 4009 τῷ
1265 3942 1458 4011 αἵματι
1495 3941 1590 3995 τοῦ
1639 3942 1774 4012 Χρι-

202 4026 349 4081 στοῦ.
380 4027 553 4090 Αὐτὸς
587 4028 698 4097 γάρ
731 4031 879 4081 ἐστιν
903 4032 936 4100 ἡ
966 4031 1155 4101 εἰρήνη
1180 4030 1360 4101 ἡμῶν,
1389 4034 1417 4085 6
1442 4031 1675 4104 ποιήσας
1703 4030 1771 4084 τὰ

200 4119 493 4189 ἀμφότερα
528 4118 605 4183 ἓν,
654 4120 747 4173 καὶ
779 4121 840 4174 τὸ
878 4122 1193 4192 μεσότοιχον
1238 4124 1332 4176 τοῦ
1389 4123 1646 4195 φραγμοῦ
1676 4124 1772 4177 λύ-

201 4226 320 4271 σας,
351 4209 454 4280 τὴν
482 4210 681 4281 ἔχθραν
710 4214 766 4264 ὲν
792 4215 856 4282 τῇ
888 4216 1050 4284 σαρκὶ
1080 4214 1267 4279 αὑτοῦ,
1286 4215 1396 4268 τῶν
1425 4217 1658 4271 ἐντολῶν
1679 4218 1772 4272 τὸν

200 4302 364 4372 νόμον
399 4304 461 4354 ἐν
488 4302 720 4372 δόγμασι
754 4306 1124 4377 καταργήσας.
1163 4325 1181 4358 ι
1219 4308 1281 4361 Εἰ
1319 4308 1415 4362 xal.
1456 4309 1585 4371 τοὺς
1612 4309 1774 4374 ὄντας

205 4393 426 4463 μακρὰν
451 4393 538 4446 διὰ
568 4395 630 4447 τὸ
663 4396 969 4449 πλανᾶσθαι
1012 4399 1153 4451 κατὰ
1196 4400 1287 4452 τὸν
1330 4401 1553 4470 κόσμον,
1592 4400 1683 4455 καὶ
1714 4402 1773 4454 ὲν

202 4486 460 4555 ἀθεότητι
507 4486 791 4552 διατελεῖν,
843 4490 1007 4557 ἐγγὺς
1039 4490 1305 4560 πεποίηκε
1347 4490 1411 4542 τὸ
1452 4485 1593 4561 αἷμα
1642 4493 1777 4561 Χρι-

204 4576 355 4629 στοῖν
389 4577 507 4640 πῶς
537 4580 636 4631 οὐκ
669 4581 942 4648 ἀναγκαία
962 4584 1072 4642 τοῖς
1101 4582 1192 4634 ἐπὶ
1220 4583 1319 4652 τῆς
1346 4585 1449 4652 γῆς
1475 4585 1508 4652 ἡ
1548 4583 1643 4637 τοῦ
1675 4584 1778 4637 Λό-

203 4687 302 4738 γου
337 4670 634 4740 σάρκωσις,
676 4672 1011 4741 συλλέγουσα
1037 4675 1105 4728 τά
1130 4675 1460 4747 διῃρημένα,
1486 4678 1581 4730 καὶ
1608 4694 1777 4749 προσ-

203 4760 487 4814 οικειοῦσα
538 4763 638 4832 μὲν
683 4764 760 4834 τῷ
798 4764 916 4835 Θεῷ
960 4768 1084 4829 τοὺς
1134 4769 1372 4838 μακρὰν,
1424 4769 1681 4832 κτίζουσα
1722 4770 1781 4822 δὲ

202 4853 331 4914 τοὺς
376 4852 470 4904 δύο
509 4852 670 4917 λαοὺς
717 4856 795 4917 είς
842 4855 936 4909 ἕνα
986 4857 1173 4910 καινὸν
1221 4858 1505 4930 ἄνθρωπον
1550 4860 1638 4914 διὰ
1680 4863 1780 4930 τῆς

202 4942 370 4995 αὐτοῦ
424 4944 655 5015 σαρκός;
704 4945 923 4998 Δέδοται
968 4946 1079 5017 γὰρ
1133 4950 1213 5012 εἰς
1255 4948 1523 5020 λύτρωσιν
1570 4950 1678 5003 τῶν
1720 4950 1778 5003 ἐν

200 5035 526 5105 ἁμαρτίαις,
552 5038 646 5089 καὶ
669 5036 735 5090 δι’
766 5038 935 5108 αὐτῆς
986 5040 1052 5092 τὰ
1080 5040 1256 5094 πάντα
1298 5044 1675 5112 κατεκτήσατο
1701 5042 1780 5112 τῷ

201 5124 321 5193 Θεῷ
351 5125 449 5176 καὶ
479 5128 676 5198 Πατρί.
724 5128 835 5179 Καὶ
872 5128 1007 5198 πρὸς
1033 5129 1241 5193 τούτοις
1286 5131 1364 5183 ἔτι
1410 5132 1505 5183 καὶ
1534 5134 1563 5185 6
1611 5132 1777 5185 πάλαι

202 5215 553 5285 κατήργηται
596 5217 759 5288 νόμος
784 5259 800 5283 ,
847 5219 923 5283 ὡς
966 5220 1107 5292 ὑπὲρ
1138 5222 1299 5276 αὐτὸν
1341 5223 1506 5291 οὔσης
1546 5226 1643 5294 τῆς
1689 5225 1775 5279 πί-

204 5323 399 5373 στεως,
431 5308 589 5378 δῆλον
614 5310 671 5363 δὲ
710 5312 792 5363 ὅτι
834 5313 934 5382 τῆς
976 5316 1035 5366 ὲν
1078 5315 1319 5385 Χριστῷ.
1366 5318 1478 5371 Καὶ
1519 5321 1567 5371 εί
1616 5319 1777 5372 τοῦτό

202 5399 354 5451 ἐστιν
396 5401 616 5471 ἀληθὲς,
665 5402 783 5466 πῶς
814 5405 954 5476 ὑπὲρ
982 5406 1146 5476 νόμον
1192 5409 1226 5477 ή
1255 5407 1456 5477 πίστις,
1501 5410 1551 5462 εί
1590 5409 1666 5481 μὴ
1702 5411 1779 5475 ὼς

205 5488 329 5559 Θεῷ
353 5493 800 5565 πεπιστεύκαμεν
823 5494 901 5567 τῷ
932 5496 1152 5568 Χριστῷ
1175 5514 1190 5564 ;

276 5754 322 5787 τ’
354 5753 395 5809 ιι
426 5755 553 5812 Cor.
591 5773 679 5825 xv,
710 5759 798 5812 Si.
878 5762 923 5792 ’⁸
957 5760 1127 5816 Galat.
1172 5777 1255 5826 III,
1287 5763 1372 5828 15,
1411 5763 1496 5817 Μ.

1865 1596 2003 1634 llllll‘.

2280 1672 2363 1727 Ex
2386 1674 2620 1744 Epistola
2660 1677 2729 1730 ad
2781 1675 3021 1732 Galatas.

1938 1785 1957 1819 ι
1989 1765 2239 1822 Christus
2275 1782 2373 1823 nos
2400 1769 2629 1824 redemit
2662 1774 2727 1824 de
2755 1768 3043 1826 maledicto
3074 1770 3227 1843 legis,
3258 1772 3431 1829 factus

1863 1873 1961 1928 pro
2022 1858 2178 1913 nobis
2236 1858 2611 1924 maledictum;
2643 1862 2766 1931 quia
2802 1862 3059 1932 scriptum
3106 1874 3189 1919 cst
3222 1863 3432 1919 :Malc-

1864 1950 2038 2004 dictus
2075 1951 2251 2006 omnis
2298 1955 2388 2021 qui
2414 1954 2609 2021 pendet
2638 1953 2884 2023 ingligno:
2919 1963 2974 2006 ut
3001 1958 3051 2008 in
3071 1954 3316 2025 gentibus
3346 1958 3433 2013 bc—

1864 2040 2100 2096 nedictio
2134 2042 2285 2097 ﬁeret
2312 2043 2545 2099 Abrahze
2576 2040 2631 2097 in
2666 2044 2885 2099 Christo
2915 2041 3065 2107 Jcsu,
3121 2057 3180 2099 ut
3212 2046 3426 2116 pollici-

1866 2138 2120 2190 tationem
2174 2132 2411 2204 Spiritus
2438 2133 2769 2206 accipiamus
2802 2150 2901 2208 per
2929 2139 3085 2193 [idem
3113 2140 3182 2191 ⁷⁸.
3227 2160 3244 2192 ι
3299 2140 3435 2196 llinc

1864 2228 2025 2280 etiam
2062 2226 2356 2296 perspicias
2399 2227 2545 2292 licet,
2586 2226 2788 2285 Christi
2833 2240 3059 2285 mortem
3106 2235 3306 2287 mundo
3346 2250 3422 2289 sa-

1866 2319 2095 2373 lutarem
2125 2319 2420 2372 exstitisse.
2474 2314 2605 2373 Nam
2658 2318 2999 2377 maledictum
3051 2324 3221 2377 nostri
3258 2339 3424 2380 causa

1868 2408 2041 2464 fartus
2074 2420 2178 2471 est.
2218 2411 2343 2466 dum
2372 2422 2589 2473 crucem
2617 2414 2897 2480 sustinuit,
2941 2413 3098 2484 100
3129 2430 3334 2471 necnon
3368 2438 3437 2475 ex

1867 2503 2014 2572 ligno
2063 2503 2336 2573 pependit,
2392 2520 2518 2575 quo,
2560 2506 2757 2559 mundo
2807 2523 2835 2560 a
2892 2510 3131 2578 peccatis
3196 2516 3435 2579 expiato,

1867 2595 2103 2650 Abrahae
2134 2596 2440 2651 benedictio
2477 2598 2528 2650 in
2560 2597 2779 2652 Christo
2815 2597 2940 2655 Jesu
2978 2601 3134 2656 ﬁeret
3162 2603 3215 2657 in
3251 2607 3427 2674 genti-

1868 2685 1989 2749 bus,
2022 2687 2122 2741 hoc
2144 2696 2249 2750 est,
2273 2696 2332 2741 ut
2350 2696 2560 2757 gentes,
2589 2688 2742 2758 juxta
2772 2692 3184 2759 promissionem
3201 2693 3434 2749 Abrahze

1870 2775 2091 2841 factam,
2117 2792 2214 2846 per
2239 2777 2395 2831 (idem
2415 2778 2868 2847 justiﬁcarentur,
2905 2798 3111 2853 nosque
3152 2799 3249 2853 per
3275 2786 3434 2841 iidem

1871 2865 2128 2933 Spiritum
2149 2867 2475 2935 promissum
2506 2870 2898 2927 obtineremus.
2929 2872 3063 2928 Cum
3085 2874 3249 2945 igitur
3272 2876 3432 2932 Chri-

1870 2956 1937 3009 sti
1969 2971 2115 3011 mors
2134 2956 2267 3026 legis
2292 2958 2727 3016 maledictionem
2757 2975 2789 3016 e
2819 2965 2997 3018 uredio
3039 2967 3346 3034 sustulerit,
3384 2980 3439 3024 et

1872 3048 2120 3116 gentibus
2149 3063 2365 3102 rursum
2419 3048 2643 3104 Abrahm
2697 3052 3156 3120 benedictionem,
3198 3059 3299 3113 hoc
3356 3073 3441 3113 Pal.

1794 3174 1836 3227 ε
1872 3137 2098 3203 gratiam
2118 3152 2212 3206 per
2237 3136 2393 3192 ﬁdem
2421 3140 2709 3206 pepererit,
2727 3150 2781 3194 et
2810 3143 3023 3196 tandem
3052 3142 3285 3215 Spiritus
3309 3164 3441 3202 sau—

1870 3230 1940 3282 cti
1971 3229 2258 3297 participes
2281 3243 2380 3284 nos
2412 3230 2739 3296 reddiderit;
2778 3233 3085 3303 neutiquam
3126 3239 3440 3293 existimate

1871 3319 2127 3375 debemus
2194 3330 2421 3376 mortem
2482 3322 2622 3377 illius
2679 3324 2919 3395 vulgaris
2979 3326 3280 3398 eujuspiam
3340 3334 3435 3386 lm—

1872 3411 2033 3466 minis
2051 3422 2280 3467 mortem
2303 3413 2623 3469 exstitisse:
2661 3416 2793 3481 quin
2846 3416 2900 3470 id
2963 3419 3142 3488 potius
3198 3432 3439 3477 statucm

1872 3516 1972 3556 nos
2007 3501 2185 3566 decet,
2222 3516 2414 3573 nempe
2440 3501 2677 3559 Verbum
2714 3506 3057 3564 iucarnatum
3114 3523 3344 3567 mortem
3385 3518 3436 3567 in

1872 3605 2033 3645 carne
2060 3605 2159 3661 pro
2188 3593 2387 3647 mundo
2414 3593 2720 3664 pertulisse,
2759 3596 2985 3666 ejusque
3034 3602 3342 3669 passionem
3373 3609 3439 3658 ad

1871 3695 2083 3736 omnem
2112 3682 2389 3737 hominum
2428 3687 2848 3756 redemptionem
2880 3689 3093 3747 abunde
3132 3704 3217 3748 sat
3246 3694 3431 3749 fuisse.

2286 3775 2369 3829 Er
2389 3776 2628 3847 Epistola
2659 3780 2727 3832 ad
2756 3781 3027 3850 Ephesios.

1951 3885 1969 3917 ι
2009 3865 2159 3921 Nunc
2193 3876 2371 3921 autem
2406 3869 2457 3922 in
2489 3869 2703 3924 Christo
2728 3871 2879 3936 Jesu,
2913 3889 3009 3929 vos
3033 3878 3122 3945 qui
3148 3878 3439 3950 aliquando

1873 3959 2038 4013 eratis
2074 3957 2253 4027 longe,
2282 3957 2407 4013 facti
2434 3960 2566 4015 estis
2601 3976 2767 4032 prope
2799 3965 2854 4017 in
2918 3968 3176 4035 sanguine
3210 3970 3435 4026 Christi.

1875 4048 1991 4116 Ipse
2013 4049 2157 4102 enim
2184 4059 2267 4105 est
2292 4064 2396 4119 pax
2426 4061 2641 4117 nostra,
2677 4055 2767 4122 qui
2802 4053 2929 4109 fecit
2962 4067 3191 4129 utraque
3241 4078 3432 4123 tlltttm,

1874 4152 1929 4195 et
1963 4142 2195 4195 medium
2230 4142 2491 4212 parietem
2548 4146 2797 4201 maceriae
2841 4148 3076 4215 solvens,
3136 4154 3445 4208 inimicitias

1878 4233 1931 4286 in
1959 4248 2121 4287 carne
2156 4248 2275 4297 sua,
2305 4234 2477 4304 legem
2522 4238 2901 4294 mandatorum
2937 4242 2989 4295 in
3036 4244 3271 4300 decretis
3307 4261 3436 4300 eva-

1877 4340 2047 4379 cuans
2077 4325 2147 4379 "°.
2178 4344 2197 4377 ι
2237 4326 2390 4392 Quod
2422 4327 2466 4381 si
2500 4342 2595 4383 eos
2623 4330 2711 4397 qui
2742 4332 2929 4400 procul
2984 4334 3233 4400 aberant,
3284 4338 3355 4392 ob
3389 4342 3439 4391 id

1881 4416 2133 4470 nimirum
2168 4418 2311 4486 quod
2339 4432 2435 4487 per
2492 4422 2752 4473 mundum
2803 4424 3093 4479 errabundi
3128 4426 3449 4499 divagarcn-

1814 4511 1853 4564 D
1888 4516 1975 4559 tur
1998 4518 2328 4577 aetatemque
2381 4510 2435 4563 in
2465 4511 2744 4581 impietate
2767 4527 3012 4584 agerent,
3050 4522 3265 4590 sanguis
3291 4522 3447 4577 Chri-

1883 4600 1950 4652 sti
2025 4614 2193 4667 prope
2247 4600 2505 4668 adduxit;
2559 4607 2826 4672 quomodo
2902 4606 3063 4664 Verbi
3126 4613 3447 4671 iuraruntin.

1884 4705 2002 4757 quae
2036 4702 2087 4745 et
2113 4693 2356 4760 dispersa
2416 4694 2468 4767 in
2517 4710 2682 4749 unum
2738 4699 2977 4769 collegit,
3011 4710 3064 4755 et
3102 4702 3261 4771 longe
3294 4710 3451 4757 aber-

1887 4791 2073 4834 rantes
2103 4781 2211 4835 Dco
2234 4783 2630 4848 reconciliavit,
2661 4796 2716 4839 et
2747 4787 2879 4841 duos
2924 4791 3149 4858 populos
3196 4794 3248 4847 in
3283 4812 3444 4848 unum

1882 4883 2076 4921 novum
2100 4870 2372 4924 hominem
2424 4888 2521 4941 per
2548 4889 2768 4929 carnem
2805 4878 2946 4931 illius
2992 4881 3218 4951 redegit,
3254 4889 3443 4952 generi

1889 4960 2257 5015 humanonon
2294 4972 2417 5016 erat
2478 4967 2828 5020 necessaria?
2884 4968 3131 5024 Exhibita
3177 4983 3262 5027 est
3303 4978 3445 5030 enim

1889 5051 2002 5103 htec
2029 5065 2158 5104 caro
2223 5053 2272 5104 in
2300 5067 2486 5110 eorum
2536 5056 2907 5109 liberationem
2963 5060 3055 5128 qui
3083 5066 3318 5130 peccatis
3349 5074 3447 5119 nl:—

1884 5141 2060 5194 strirti
2125 5145 2471 5207 tenebantur,
2540 5148 2831 5216 omniaque
2887 5165 2983 5219 per
3024 5154 3191 5221 ipsam
3245 5155 3353 5211 Deo
3396 5172 3447 5212 ct

1882 5232 2029 5287 Patri
2083 5234 2360 5289 lucrifacta
2411 5246 2559 5291 sunt.
2589 5238 2694 5293 Lex
2719 5251 2977 5307 prtetcrea
3003 5255 3179 5309 vetns,
3201 5250 3342 5314 quod
3383 5254 3410 5301 ti
3430 5281 3446 5291 ‹

1883 5323 1979 5377 des
2020 5323 2072 5376 in
2117 5326 2392 5381 Christum
2448 5329 2615 5383 nmlto
2675 5332 2761 5384 illa
2809 5334 2880 5386 sit
2926 5336 3296 5404 excellentior,
3354 5359 3447 5408 per
3489 5345 3493 5351 '

1886 5414 2133 5467 eamdem
2162 5428 2378 5484 quoque
2411 5418 2609 5473 abolita
2636 5430 2738 5475 est.
2798 5423 2869 5477 At
2897 5428 3169 5495 quomodo
3206 5431 3287 5484 lex
3325 5433 3445 5487 fidei

1882 5502 2045 5566 cedit,
2076 5505 2118 5556 si
2154 5505 2206 5559 in
2236 5506 2508 5563 Clu-istum
2541 5520 2795 5580 tanquam
2830 5515 2881 5568 in
2907 5530 3090 5570 verum
3136 5519 3301 5574 “eum
3341 5538 3446 5577 nn

1886 5596 2189 5649 credimus?

1605 5766 1650 5797 ⁷⁹
1678 5766 1872 5836 Ephcs.
1911 5784 1967 5833 ll,
2008 5769 2187 5823 15-15.
