4146 6474
612 411 750 471 ίεθδ
1612 401 1671 458 s.
1712 399 1988 456 CYRILLI
2027 396 2501 457 ALEXANDRINI
2540 396 2863 458 ARClllEP.
3732 405 3864 461 19.96

1026 520 1110 576 Ex
1142 516 1384 590 Epistula
1415 516 1487 571 ad
1523 514 1798 572 Πρίηπος.
2220 520 2266 576 Α

2220 520 2266 576 Α
2692 519 2784 571 Ἐκ
2822 518 2932 588 τῆς
2971 520 3118 589 πρὸς
3154 521 3485 593 Ἐϐραίους.

686 657 704 689 ι
745 636 869 690 Ideo
911 632 1223 705 ingrediens
1267 628 1530 683 mundum
1585 628 1717 683 dicit
1764 645 1778 681 :
1840 624 2087 681 Hostiam
2131 635 2187 680 ct

2366 652 2383 682 ι
2415 630 2505 683 Διὸ
2538 630 2921 702 εἰσερχόμενος
2953 634 3033 696 εἰς
3059 632 3152 686 τὸν
3182 634 3407 705 κόσμον,
3436 636 3585 704 λέγει
3663 637 3862 691 Θυσίαν

609 727 940 783 oblationem
995 724 1239 786 noluisti,
1295 736 1495 792 corpus
1546 730 1726 775 autem
1773 719 1969 788 aptasti
2010 717 2183 773 mihi:

2291 718 2384 771 καὶ
2427 719 2745 791 προσφοράν
2782 719 2882 774 οὐκ
2913 721 3205 794 ἠθέλησας,
3239 725 3402 796 σῶμα
3450 728 3505 780 δὲ
3554 730 3866 800 κατηρτίσω

614 820 1054 873 holocautontata
1092 823 1149 870 et
1194 828 1293 885 pro
1330 820 1551 883 peccato
1596 825 1702 865 non
1727 809 1821 864 tibi
1848 808 2187 879 placuerunt.

2294 824 2418 881 μοι’
2452 808 2880 881 ὁλοκαυτώματα
2928 813 3022 866 καὶ
3068 815 3197 884 περὶ
3232 817 3508 888 ἁμαρτίας
3543 820 3645 872 οὐκ
3676 821 3867 893 ἐζήτηο

611 912 767 966 'l‘onc
795 910 950 981 101
984 909 1097 964 dixi
1128 927 1140 962 :
1174 906 1318 962 Ecce
1352 906 1552 972 venio;
1591 905 1644 959 in
1674 902 1859 972 capite
1894 900 2187 966 libri_scri-

2293 919 2389 965 σας
2407 909 2456 955 υ.
2492 900 2626 955 Τότε
2678 897 2829 956 εἷπον
2851 920 2866 935 °
2914 904 3045 957 Ἰδοὺ
3088 905 3209 976 ἥκω
3232 924 3246 939 ο
3277 909 3336 960 ὲν
3369 910 3619 978 κεφαλίδι
3665 912 3866 981 βιϐλίου

612 1013 763 1071 ptum
819 1011 906 1056 est
954 1003 1020 1056 de
1072 1015 1207 1054 me:
1264 995 1335 1052 Ut
1393 996 1607 1061 faciam,
1660 993 1819 1058 Dens,
1854 993 2188 1047 voluntatem

2291 992 2603 1063 γέγραπται
2635 994 2766 1064 περὶ
2794 992 2929 1065 ἐμοῦ
2953 1012 2966 1026 ·
3015 996 3122 1050 Τοῦ
3158 998 3403 1069 ποιῆσαι,
3432 1003 3461 1055 ὁ
3501 1002 3657 1066 Θεὸς,
3682 1004 3745 1056 τὸ
3788 1004 3869 1057 θέ-

616 1110 765 1148 tuam
787 1093 856 1147 ⁸⁸.
897 1111 917 1145 ι
951 1092 1155 1148 Christi
1191 1089 1378 1161 passio
1431 1086 1637 1142 mundo
1676 1086 1910 1143 salutem
1956 1085 2188 1155 peperit.

2291 1085 2442 1157 λημά
2476 1103 2590 1139 σου.
2622 1104 2640 1139 ι
2679 1086 2877 1155 Γέγονε
2903 1089 3174 1159 σωτήριον
3202 1090 3281 1161 τῷ
3314 1094 3506 1163 κόσμῳ
3529 1094 3589 1146 τὸ
3615 1094 3712 1149 τοῦ
3738 1097 3869 1167 Χρι·

621 1188 815 1243 Verum
851 1202 1031 1257 operae
1063 1183 1295 1255 pretium
1346 1189 1433 1235 est
1482 1191 1812 1248 cognoscere
1875 1175 2189 1245 ecquisnam

2295 1177 2421 1232 στοῦ
2451 1178 2643 1242 πάθος.
2680 1178 2827 1251 Πλὴν
2869 1180 3167 1249 ἀναγκαῖον
3201 1183 3330 1236 ἰδεῖν
3373 1184 3459 1249 τίς
3493 1188 3523 1239 ό
3552 1189 3633 1250 εἰς
3661 1187 3753 1240 τὸν
3781 1190 3868 1240 κό-

618 1279 707 1333 illc
741 1278 830 1334 sit
881 1276 974 1346 qui
1003 1275 1055 1329 in
1080 1272 1339 1327 mundum
1372 1268 1702 1339 ingreditur,
1747 1266 2190 1337 quandoquidem

2294 1287 2431 1342 σμον
2461 1271 2873 1343 εἰσερχόμενος·
2911 1268 2980 1345 ἦν
3023 1274 3132 1346 γάρ
3173 1275 3278 1342 ἔξω
3322 1276 3417 1329 τοῦ
3452 1278 3660 1348 κόσμου
3698 1279 3870 1351 πάντη

620 1366 794 1425 modis
844 1366 1098 1423 omnibus
1148 1363 1197 1417 is
1241 1372 1395 1416 extra
1434 1360 1695 1415 mundum
1725 1370 1866 1413 erat.
1911 1356 2194 1425 Quomodo

2294 1379 2351 1416 τε
2383 1363 2477 1416 καὶ
2504 1363 2722 1427 πάντως
2740 1379 2756 1394 ο
2783 1365 2905 1418 ἐπεὶ
2929 1365 3047 1430 πῶς
3073 1366 3394 1438 εἰσϐἐόηκεν
3424 1370 3504 1432 εἰς
3534 1369 3698 1423 αὐτὸν
3728 1369 3870 1434 ἔξω*

619 1476 771 1532 ergo,
831 1456 927 1529 qui
953 1465 1106 1511 extra
1162 1452 1422 1507 mundum
1476 1460 1614 1516 erat,
1677 1452 1959 1519 ingressus
2011 1458 2096 1503 est
2138 1446 2193 1503 in

2294 1454 2532 1524 κόσμουξς
2552 1453 2879 1524 Τοιγαροῦν,
2898 1456 3039 1510 κατὰ
3060 1456 3222 1527 φύσιν
3243 1458 3506 1530 ὑπάρχων
3536 1461 3679 1532 ὑπὲρ
3701 1461 3872 1515 πάντα

619 1550 834 1623 ipsum?
862 1548 1006 1604 Sane
1035 1544 1392 1613 Unigenitus,
1432 1552 1625 1613 suapte
1658 1552 1851 1595 natura
1878 1541 2195 1595 universum

2294 1546 2385 1599 τὸν
2428 1545 2654 1617 κόσμον,
2685 1547 2761 1610 ὡς
2786 1546 2920 1611 Θεὸς
2946 1548 3281 1620 Μονογενὴς,
3312 1550 3636 1621 εἰσὸἐϐηγεν
3666 1554 3747 1615 είς
3777 1553 3870 1606 αὖ·

617 1645 877 1699 ιιουιιιιυιιι
921 1639 1194 1695 excedens
1224 1650 1283 1692 ut
1315 1635 1480 1696 Dens.
1510 1635 1563 1689 in
1609 1634 1868 1687 mundum
1912 1633 2193 1703 ingressus

2294 1638 2407 1701 τὸν,
2430 1636 2597 1709 μέρος
2628 1637 2795 1690 αὑτοῦ
2824 1636 3082 1706 γεγονὼς,
3102 1640 3377 1693 τουτέστιν
3398 1641 3706 1712 ἄνθρωπος’
3735 1642 3872 1696 οὕτω

613 1746 719 1802 est,
752 1731 1059 1806 parsillius
1089 1728 1286 1794 factus,
1320 1728 1474 1783 idest
1506 1723 1780 1780 homoJut
1812 1723 1983 1791 enim,
2019 1722 2195 1778 sacri-

2295 1746 2354 1783 τε
2399 1728 2498 1799 τὴν
2546 1728 2687 1800 ὑπὲρ
2715 1729 2874 1800 ἡμῶν
2902 1730 3279 1801 προσκομίσας
3310 1731 3523 1797 θυσίαν,
3556 1734 3653 1787 καὶ
3680 1734 3869 1789 ἑαυτὸν

616 1829 740 1883 licio
772 1839 869 1897 pro
908 1822 1067 1878 nobis
1111 1820 1293 1876 oblato
1343 1826 1642 1890 sponteque
1671 1816 1964 1885 semetipso
1982 1823 2194 1869 contra-
2227 1869 2253 1897 ω

1671 1816 1964 1885 semetipso
1982 1823 2194 1869 COItll’a-
2227 1869 2266 1897 η
2297 1819 2537 1889 ἀναθεὶς,
2569 1822 2774 1874 σέσωκε
2804 1820 2903 1893 τὴν
2934 1821 3028 1875 ὑπ’
3057 1822 3307 1894 οὐρανόν.

616 1869 739 1883 ...ην
772 1869 868 1897 ,ην
908 1869 1065 1878 ην---
1115 1869 1288 1876 ην---
1343 1869 1526 1890 Ἰν---
1868 1869 1920 1885 ,κ

614 1922 751 1984 dito,
778 1917 847 1972 ab
887 1914 1109 1970 interitu
1154 1922 1425 1966 terrarum
1459 1907 1649 1963 orbem
1683 1905 2007 1961 vindicavit.
2224 1869 2268 1923 Β

690 2026 709 2061 ι
755 2006 986 2075 Propter
1033 2001 1180 2072 quod
1231 2009 1288 2054 et
1327 1998 1506 2066 .lcsus,
1549 2006 1606 2051 ut
1659 1995 2030 2050 sanctilicaret
2094 2008 2191 2063 per

2374 2016 2392 2050 ι
2418 1996 2510 2051 Διὸ
2526 1998 2619 2050 καὶ
2635 1997 2662 2049 ὁ
2677 1997 2906 2069 Ἰησοῦς,
2926 1998 3013 2053 ἵνα
3038 1999 3240 2073 ἁγιάσῃ
3258 1996 3347 2055 διά
3364 2000 3458 2056 τοῦ
3490 2001 3623 2056 ἰδίου
3645 2003 3870 2074 αἵματος

614 2114 774 2153 suum
812 2094 1133 2167 sanguinem
1177 2089 1478 2162 populum,
1523 2095 1679 2144 extra
1731 2096 1945 2156 portam
1996 2098 2193 2155 passus

2293 2089 2384 2144 τὸν
2416 2088 2565 2151 λαὸν.
2598 2089 2703 2156 ἔξω
2724 2088 2848 2159 ’τῆς
2891 2089 3065 2157 πύλης
3107 2090 3328 2146 ἔπαθεν.
3358 2111 3376 2145 ι
3410 2088 3563 2165 Αἷμα
3585 2093 3869 2165 ἀνθρώπου

612 2198 699 2244 cst
728 2188 797 2243 ".
827 2205 846 2238 ι
877 2187 995 2254 Quo
1023 2192 1207 2255 pacto,
1240 2195 1447 2251 quaeso,
1480 2178 1776 2250 promiscui
1801 2176 2038 2232 hominis
2063 2191 2191 2230 san-

2297 2179 2477 2235 κοινοῦ
2508 2180 2631 2234 τίνα
2649 2181 2852 2252 τρόπον
2883 2182 3069 2250 ἁγίους
3091 2184 3242 2254 ἡμᾶς
3263 2184 3551 2257 amem-ﬂ;
3586 2187 3747 2241 Ἀλλὰ
3769 2190 3871 2260 μὴν

616 2280 740 2351 guis
767 2287 988 2333 sanctos
1015 2287 1115 2330 nos
1148 2270 1425 2328 ediceret?
1455 2273 1525 2326 At
1554 2270 1758 2326 Christi
1802 2265 2028 2338 sanguis
2062 2281 2190 2323 san-

2294 2272 2491 2344 ήγίασε
2540 2273 2600 2329 τὸ
2653 2266 2794 2345 αἷμα
2842 2274 3102 2345 Χριστοῦ.
3140 2276 3293 2331 Θεῖον
3334 2272 3428 2331 οὖν
3462 2277 3592 2350 ἄρα,
3642 2282 3737 2333 καὶ
3779 2283 3872 2351 οὐχ

626 2370 1035 2427 ctilicavitnos.
1074 2365 1298 2420 Divinus
1348 2374 1435 2419 est
1486 2363 1691 2433 itaque,
1718 2377 1825 2418 non
1872 2358 2195 2431 simpliciter

2295 2365 2486 2429 ἁπλῶς
2513 2364 2855 2437 ἀνθρώπινον
2877 2382 2890 2396 ·
2922 2366 3054 2430 Θεὸς
3082 2368 3193 2439 γὰρ
3228 2364 3296 2440 ἧν
3337 2369 3397 2423 ἐν
3438 2372 3625 2443 σαρκὶ,
3654 2368 3736 2442 τῷ
3766 2372 3872 2443 ἰδίῳ

616 2466 928 2520 humanus:
965 2460 1108 2515 Deus
1137 2457 1285 2513 enim
1321 2464 1442 2512 erat
1487 2455 1544 2509 in
1582 2470 1748 2510 carne
1773 2494 1788 2521 ,
1833 2452 2051 2523 proprio
2094 2465 2193 2506 nos

1400 2464 1442 2512 It
1487 2455 1544 2509 in
1582 2470 1748 2510 carne
1773 2494 1788 2521 ,
1833 2452 2051 2523 proprio
2094 2465 2193 2506 nos
2295 2459 2488 2529 αἵματι
2524 2458 2841 2531 καθαρίζων
2866 2462 3037 2532 ἡμᾶς.

615 2555 878 2627 sanguine
912 2550 1234 2608 emundans.

973 2665 1057 2719 Ex
1087 2661 1327 2733 Epistula
1354 2664 1422 2715 ad
1443 2660 1793 2715 Timotheum.

2699 2663 2800 2717 Ἐκ
2839 2660 2949 2732 τῆς
2985 2662 3135 2731 πρὸς
3173 2664 3469 2735 Τιμόθεον.

690 2804 708 2835 ι
744 2782 893 2838 Unus
918 2779 1064 2834 enim
1095 2777 1266 2842 Deus,
1291 2786 1347 2831 et
1386 2791 1527 2832 unus
1571 2774 1845 2830 mediator
1880 2772 1972 2828 llei
2003 2782 2059 2828 et
2093 2772 2194 2828 bo-

2368 2795 2391 2828 ‹
2425 2771 2517 2840 Εἷς
2545 2776 2656 2847 γὰρ
2688 2776 2841 2840 Θεὸς.
2876 2772 2958 2841 είς
2986 2778 3080 2831 καὶ
3114 2777 3341 2850 μεσίτης
3372 2779 3510 2834 Θεοῦ
3543 2781 3638 2835 καὶ
3662 2782 3873 2857 ἀνθρὼ-

616 2878 821 2931 minum
858 2873 1021 2927 homo
1067 2868 1320 2923 Christus
1357 2866 1555 2934 Jesus,
1610 2864 1703 2936 qui
1755 2862 2187 2932 redemptionem

2294 2884 2413 2919 πων
2454 2866 2740 2938 ἄνθρωπος
2769 2868 3004 2939 Χριστὸς
3036 2868 3263 2940 Ἰησοῦς,
3315 2872 3343 2923 ὀ
3389 2871 3512 2937 δοὺς
3562 2874 3871 2947 ἀντίλυτρον

614 2967 761 3021 dedit
806 2962 1047 3034 seipsum
1104 2972 1206 3029 pro
1250 2958 1507 3013 omnibus
1544 2958 1613 3011 ⁸³.
1668 2974 1686 3008 ι
1737 2954 2001 3010 Salutaris
2054 2953 2193 3007 citra

2297 2959 2487 3013 ἑαυτὸν
2521 2960 2660 3031 ὑπὲρ
2708 2959 2947 3014 πάντων.
2985 2979 3004 3012 ι
3046 2962 3330 3034 -Σωςήριος
3372 2964 3822 3038 ὁμολογουμένως
3847 2971 3872 3022 ό

614 3056 1040 3114 controversiam
1074 3050 1282 3108 Christi
1318 3066 1466 3108 mors
1496 3051 1756 3105 universo
1786 3045 1986 3101 mundo
2017 3043 2192 3099 exsti-

2295 3049 2390 3105 τοῦ
2441 3051 2677 3122 Χριστοῦ
2722 3050 2952 3116 θάνατος
2981 3053 3058 3124 τῷ
3096 3055 3286 3126 κόσμῳ
3328 3056 3512 3113 παντί.
3548 3058 3696 3131 Πλὴν
3722 3062 3773 3113 εί
3800 3060 3870 3131 μή

617 3154 702 3205 tit.
743 3151 1000 3206 Attamen
1042 3146 1090 3202 si
1123 3143 1379 3199 Christus
1431 3142 1572 3196 Deus
1604 3154 1711 3194 non
1764 3147 1870 3202 est,
1915 3135 2188 3207 quomodo

2298 3144 2412 3197 ἐστι
2441 3142 2595 3208 Θεὸς,
2627 3143 2745 3207 πῶς
2768 3142 2835 3197 ἂν
2853 3144 3149 3215 ’ἀρκέσειεν
3182 3148 3262 3211 εἰς
3290 3149 3351 3202 τὸ
3373 3149 3634 3217 γενέσθαι
3655 3152 3872 3205 πάντων

616 3244 730 3311 ipse
758 3239 910 3295 solus
949 3238 1047 3293 toti
1097 3236 1298 3292 mundo
1338 3231 1620 3288 liberando
1671 3237 1755 3283 sat
1806 3240 1927 3282 esse
1973 3225 2253 3319 μοιιιίιίῐ1

2235 3262 2260 3319 3
2292 3234 2612 3306 ἀντίλυτρον
2641 3235 2804 3299 αὐτός
2829 3251 2888 3288 τε
2926 3236 3021 3289 καὶ
3049 3238 3246 3306 μόνοςνς
3290 3239 3449 3295 Ἀλλά
3479 3243 3685 3313 ἦρκεσε
3719 3243 3872 3313 μόνος

616 3336 686 3387 At
711 3331 838 3402 quia
871 3344 1036 3400 super
1064 3341 1254 3383 omnes
1284 3333 1368 3380 est
1393 3364 1408 3390 ,
1457 3320 1700 3377 omnium
1754 3332 1920 3372 causa
1954 3327 2187 3371 mortem

2296 3327 2435 3398 ὑπὲρ
2483 3328 2703 3382 πάντων
2746 3327 3054 3394 ἀποθανὼν,
3088 3331 3167 3384 ὅτι
3203 3331 3296 3384 καὶ
3328 3333 3468 3405 ὑπὲρ
3498 3336 3708 3399 πάντας
3735 3335 3868 3389 ἐστί.

616 3437 930 3493 perpessus,
960 3418 1114 3475 solus
1143 3426 1240 3488 pro
1285 3414 1543 3472 omnibus
1581 3409 1874 3467 satisfecit.
1905 3407 2050 3463 Deus
2084 3408 2190 3462 ita-

2292 3416 2425 3479 Θεὸς
2453 3412 2545 3469 οὗν
2579 3417 2687 3488 ἄρα
2717 3417 2832 3470 ἐστὶ
2859 3417 2937 3488 τῷ
2963 3417 3176 3491 θανάτῳ
3198 3420 3298 3491 τῆς
3340 3422 3473 3487 ἰδίας
3509 3423 3713 3496 σαρκὸς
3737 3426 3870 3479 duo.

614 3531 720 3586 quc
756 3523 861 3579 est,
892 3515 986 3584 qui
1020 3512 1238 3584 propria
1264 3506 1446 3565 carnis
1467 3515 1639 3559 morte
1673 3511 1905 3558 mortem
1934 3516 1963 3554 ιι
1993 3500 2190 3555 mundo

1934 3516 1963 3554 a
1993 3500 2190 3555 mundo
2292 3511 2497 3580 στήσας
2530 3511 2623 3563 τοῦ
2660 3512 2866 3582 κόσμου
2894 3512 2986 3567 τὸν
3021 3511 3270 3568 θάνατον.
3549 3527 3551 3530 ‘

616 3608 938 3680 proﬂigavit.

1096 3716 1190 3770 EX
1230 3708 1694 3770 CATHOLHHS.
2693 3709 2795 3763 ΕΚ
2825 3706 2970 3762 ΤΩΝ
2994 3712 3449 3765 ιΚΑΘΟΛΙΚΩΝ.

1105 3829 1192 3884 Ex
1221 3828 1460 3900 Epistola
1492 3825 1659 3881 Petri.
2380 3835 2388 3843 '
2606 3815 2711 3874 Ἕκ

2380 3835 2388 3843 '
2606 3815 2711 3874 ’Ἐκ
2750 3820 2859 3889 τῆς
2894 3821 3122 3891 Πέτρου
3156 3824 3539 3895 Ἐπιστολῆς.

686 3947 839 4015 Quod
889 3946 1087 4002 Christi
1127 3961 1266 3999 mors
1298 3940 1493 3998 mundo
1522 3939 1778 3995 salutaris
1826 3936 2118 3992 exstiterit.
2280 3927 2323 3984 Ἴ

2280 3927 2412 3987 ⁴Ὅτι
2446 3930 2479 3986 ὅ
2519 3931 2626 3986 τοῦ
2647 3933 2904 4001 Χριστοῦ
2929 3932 3185 4001 θάνατος
3207 3934 3294 4002 τῷ
3317 3936 3525 4006 κόσμῳ
3553 3937 3862 4007 σωτήριος.

685 4082 705 4117 ι
749 4062 885 4130 Quia
920 4060 1173 4117 Christus
1194 4057 1361 4114 semel
1391 4070 1491 4127 pro
1520 4054 1765 4124 peccatis
1794 4062 2045 4108 mortuus
2076 4060 2184 4116 est,

2360 4046 2518 4099 «Ὅτι
2550 4046 2581 4099 ό
2604 4046 2835 4117 Χριστὸς
2851 4046 2999 4112 ἅπαξ
3025 4050 3154 4119 περὶ
3189 4049 3471 4121 ἁμαρτιῶν
3497 4050 3761 4111 ἀπέθανε.
3787 4053 3860 4105 δίο

605 4156 789 4226 justus
840 4167 936 4223 pro
971 4151 1212 4221 iniustis,
1265 4158 1324 4204 ut
1372 4163 1473 4203 nos
1506 4144 1731 4201 offerret
1777 4142 1912 4207 Deo,
1956 4142 2189 4197 mortiliw-

2287 4157 2438 4204 καιος
2485 4140 2627 4211 ὑπὲρ
2668 4140 2889 4206 ἀδίκων,
2917 4140 3004 4194 ἴνα
3038 4143 3189 4213 ἡμᾶς
3234 4145 3565 4218 προσαγάγῃ
3608 4145 3689 4215 τῷ
3722 4146 3858 4216 Θεῷ,

610 4254 766 4300 catus
804 4240 1020 4311 quidem
1060 4252 1249 4305 carne,
1288 4236 1595 4291 viviﬁcatus
1638 4242 1821 4288 autem
1868 4231 2085 4303 spiritu.
2128 4231 2185 4287 In

2289 4230 2619 4294 θανατωθεὶς
2651 4230 2753 4301 μὲν
2782 4231 2965 4302 σαρκὶ,
3000 4232 3356 4303 ζωοποιηθεὶς
3377 4234 3434 4289 δὲ
3462 4237 3756 4306 πνεύματι.
3777 4240 3859 4291 Ἑν

611 4352 721 4408 quo
754 4344 811 4389 et
858 4334 944 4389 bis
973 4332 1065 4404 qui
1115 4332 1167 4386 in
1198 4345 1420 4387 carcere
1450 4337 1610 4383 erant
1659 4326 1939 4397 spiritibus
1964 4325 2187 4381 veniens

2284 4315 2329 4389 ᾧ
2365 4320 2461 4375 καὶ
2487 4322 2600 4384 τοϊς
2626 4321 2685 4374 ὲν
2710 4319 2925 4393 φυλακῇ
2955 4320 3229 4391 πνεύμασι
3260 4323 3547 4394 πορευθεὶς
3600 4328 3858 4398 ἐκήρυξεν

610 4424 952 4496 praedicavit,
989 4422 1079 4492 qui
1141 4421 1403 4476 increduli
1440 4418 1666 4474 fuerant
1711 4417 2008 4487 aliquando
2038 4415 2107 4469 ⁸³.
2153 4432 2178 4467 τ

2286 4413 2616 4486 ἀπειθήσασι
2668 4430 2821 4467 ποτε.
2854 4431 2873 4465 ι
2929 4412 3123 4468 Πολλοὶ
3174 4415 3283 4469 τῶν
3338 4416 3510 4485 άγίων
3563 4419 3857 4489 ἀνῄρηνται

610 4516 759 4571 Multi
784 4528 851 4568 ex
873 4514 1076 4570 sanctis
1101 4512 1259 4583 102
1283 4510 1566 4582 pr0phetis
1591 4507 1903 4579 interempti
1930 4516 2097 4573 sunt;
2128 4513 2183 4558 at

2286 4504 2613 4576 προφητῶν·
2676 4504 2791 4559 ἀλλ’
2837 4505 3011 4570 οὐδεὶς
3073 4506 3298 4561 ἐκείνων
3361 4508 3652 4562 ἀποθανεὶν
3721 4511 3856 4580 ὑπὲρ

612 4623 772 4664 nemo
794 4606 1139 4673 illorum,jaut
1163 4612 1510 4674 peccatorum
1542 4616 1706 4657 causa
1736 4598 2055 4670 oppetiisse,
2088 4605 2181 4652 aut
2212 4598 2249 4653 ι]

2219 4598 2257 4653 D
2284 4596 2572 4669 ἁμαρτιῶν
2612 4596 2848 4669 εἰρηται,
2875 4595 2998 4650 οὔτε
3040 4596 3145 4670 μὴν
3191 4604 3567 4670 προσαγαγεῖν
3606 4604 3753 4673 ἡμᾶς
3784 4602 3856 4673 τῷ

609 4716 706 4755 sua
738 4713 837 4754 nos
870 4706 1047 4752 morte
1077 4694 1188 4751 Deo
1212 4695 1500 4759 obtulisse,
1532 4702 1630 4749 aut
1651 4692 1964 4761 spiritibus,
1993 4690 2085 4761 qui
2124 4688 2180 4743 in

2284 4688 2402 4759 Θεῷ
2438 4687 2527 4742 διὰ
2578 4687 2674 4742 τοῦ
2726 4687 2856 4741 ἰδίου
2886 4687 3150 4743 θανάτου*
3183 4689 3299 4743 ἀλλ’
3326 4691 3447 4744 οὐδὲ
3493 4694 3731 4763 ἐκήρυξέ
3777 4710 3856 4756 τις

607 4804 828 4847 carcere
861 4773 1270 4852 detinebantur,
1309 4785 1641 4856 prmdicasse
1674 4784 1851 4839 dictus
1884 4788 2008 4838 est:
2043 4795 2184 4852 pra:-

2282 4782 2393 4844 τοῖς
2422 4781 2481 4833 ὲν
2501 4776 2716 4852 φυλακῇ
2737 4781 3031 4851 πνεύμασι.
3060 4781 3315 4853 Πέπραχε
3342 4782 3398 4837 δὲ
3423 4783 3580 4838 τοῦτο
3601 4787 3850 4856 Χριστὸς,

602 4884 751 4939 stitit
782 4881 888 4936 hoc
935 4888 1114 4935 autem
1164 4876 1432 4939 Christus.
1482 4875 1590 4931 Per
1628 4873 1815 4945 ipsum
1853 4871 2000 4929 enim
2040 4881 2096 4927 et
2124 4871 2191 4927 in

2283 4874 2377 4928 καὶ
2407 4872 2474 4926 δι’
2500 4873 2666 4927 αὑτοῦ
2699 4889 2760 4927 τε
2791 4873 2886 4926 καὶ
2932 4873 2990 4926 ὲν
3036 4871 3186 4944 αὐτῷ
3226 4873 3631 4945 λελυτρώμεθα,
3662 4877 3757 4929 καὶ
3799 4877 3856 4930 τὸ

607 4975 725 5043 ipso
783 4972 1046 5041 redempti
1111 4982 1341 5033 sumus,
1397 4966 1677 5037 ipsiusque
1728 4979 1877 5021 mors
1915 4973 2181 5019 terrarum

2287 4965 2448 5020 αὑτοῦ
2473 4965 2644 5029 πάθος
2669 4961 2739 5037 ἦν
2763 4965 2842 5034 τῷ
2869 4964 3061 5036 κόσμῳ
3087 4966 3371 5037 σωτήριον.
3395 4966 3650 5021 Ἀπέθανε
3683 4969 3854 5022 τοίνυν

604 5065 725 5118 mhi
748 5062 976 5119 salutem
1003 5062 1206 5119 attulit.
1224 5057 1457 5115 Mortem
1476 5057 1661 5127 itaque
1685 5071 1785 5125 pro
1814 5055 1970 5113 nobis
1994 5054 2181 5119 subiit,

2286 5056 2425 5129 ὑπὲρ
2462 5056 2637 5128 ἡμῶν,
2667 5055 2767 5127 οὐχ
2787 5054 2863 5119 ὼς
2888 5054 3171 5126 ἄνθρωπος
3198 5051 3278 5119 εἷς
3303 5056 3563 5126 ὑπάρχων
3587 5056 3700 5109 τῶν
3729 5056 3826 5111 καθ
3842 5058 3854 5077 ‘

608 5170 715 5209 non
744 5153 989 5210 uthomo
1016 5153 1286 5224 quispiam
1316 5150 1492 5207 nostri
1526 5147 1746 5215 similis,
1786 5146 1883 5202 sed
1931 5155 1989 5200 ut
2033 5145 2181 5200 Deus

2286 5150 2453 5221 ἡμᾶς,
2487 5148 2604 5203 ἀλλ’
2631 5146 2709 5210 ὡς
2753 5147 2886 5211 Θεὸς
2937 5147 2997 5201 ὲν
3032 5146 3216 5219 σαρκὶ,
3262 5147 3359 5218 τῆς
3410 5147 3667 5202 ἁπάντων
3712 5145 3852 5219 ζωῆς

605 5249 661 5302 in
701 5262 889 5313 carne,
912 5248 1003 5317 qui
1033 5260 1235 5317 corpus
1260 5259 1417 5302 suum
1447 5256 1547 5314 pro
1580 5238 1895 5299 mortalium
1925 5237 2173 5296 omnium

1660 5238 1895 5297 trtalium
1925 5237 2173 5296 omnium
2284 5240 2636 5311 ἀντάλλαγμα
2667 5238 2729 5293 τὸ
2762 5236 2891 5292 ἴδιον
2919 5238 3078 5309 σῶμα
3107 5236 3297 5301 διδούς.

605 5342 715 5396 vita
744 5339 962 5405 obtulit.

696 5523 745 5556 ”
767 5519 927 5575 llehr.
958 5535 1013 5583 χ,
1046 5517 1177 5580 5-7;
1209 5515 1351 5571 Psal.
1393 5529 1579 5576 χχχιχ,
1617 5512 1732 5567 7-9.
1809 5510 1853 5541 ⁸¹
1887 5509 2051 5564 llebr.
2084 5524 2206 5573 xm,
2240 5507 2328 5561 η.

1935 5510 2051 5564 ebr.
2084 5524 2206 5573 χιιι,
2240 5507 2328 5561 12.
2406 5505 2497 5560 ⁸²Ι
2536 5505 2683 5561 Tim.
2721 5522 2784 5573 ll,
2826 5505 2878 5561 5.
2966 5503 3014 5534 ’⁵³
3038 5501 3056 5557 l
3080 5502 3224 5558 Petr.
3258 5518 3339 5569 III,
3373 5501 3571 5558 {8-20'

1661 5663 1834 5721 Varia:
1856 5664 2111 5721 lectiones
2138 5661 2338 5719 codicis
2367 5660 2731 5732 chuieriani.

674 5814 703 5843 ἰ
732 5803 1055 5875 ὴυδόκησας.
1135 5814 1159 5841 ν
1188 5807 1215 5857 ὁ
1248 5804 1368 5870 ἔξω.
