4146 6470
649 405 672 460 Ι
685 405 790 462 299

1607 407 1668 464 S.
1711 407 1983 463 CYRILLI
2026 409 2494 466 ALEXANDRINI
2534 411 2855 468 ARCHIEP.

3752 414 3777 468 Ι
3788 415 3890 469 500

645 538 788 576 :tuuc
814 521 1314 592 demumdirempta
1333 532 1419 578 est
1448 540 1463 578 :
1495 526 1960 596 quandoquidem,
2005 527 2213 596 peccati

2330 527 2552 584 Λέλυται
2577 530 2636 584 δὲ
2663 529 2758 584 νῦν
2783 531 2842 584 έν
2871 527 3091 601 Χριστῷ
3130 529 3190 581 τὸ
3235 526 3610 593 ἀντιστατοῢν,
3643 527 3740 581 καὶ
3775 528 3897 596 ἠτό-

646 617 763 684 lu-ge
787 629 880 682 pcr
907 614 1056 668 illum
1087 614 1436 681 labefactata,
1463 615 1552 670 lex
1601 615 1840 686 Spiritus
1871 632 2092 687 regnum
2118 618 2218 671 ob.-

651 707 804 763 tinet.
831 707 943 773 Qua
973 706 1116 761 istud
1139 718 1322 762 autem
1345 708 1412 762 de
1442 709 1649 764 causa?
1679 727 1698 760 ι
1726 708 1872 764 Misit
1900 711 2049 763 enim:
2078 709 2221 766 Deus

647 797 842 851 Filium
894 812 1052 852 suum
1106 799 1159 852 in
1203 799 1618 855 similitudinem
1653 799 1835 854 carnis
1874 800 2111 868 peccati,
2161 809 2223 854 ut

649 899 930 956 peccatum
969 889 1295 946 condemnet
1337 889 1390 944 in
1426 905 1591 945 carne
1619 890 1690 945 91°.
1729 909 1749 942 ι
1783 889 1884 956 Qui
1931 905 2062 961 ergo
2105 890 2220 946 ﬁeri

651 986 832 1047 potest
899 989 956 1032 ut
988 979 1149 1036 Verbi
1189 981 1490 1036 incarnatio
1537 995 1642 1035 non
1684 980 1850 1036 fuerit
1887 996 2098 1037 summe
2129 997 2224 1036 ne-

650 1071 936 1126 eessaria?
978 1073 1087 1126 Per
1137 1073 1279 1127 hanc
1327 1087 1563 1142 namque
1614 1081 1894 1142 peccatum
1949 1072 2012 1126 in,
2057 1085 2222 1127 carne

649 1166 813 1218 etiam
853 1175 1038 1220 nostra
1085 1165 1507 1221 condemnatum
1556 1175 1660 1220 est.
1693 1165 1846 1233 Quod
1886 1165 1933 1220 si
1988 1163 2220 1219 Verbum

652 1273 781 1312 caro
808 1257 1008 1312 factum
1043 1272 1148 1311 non
1179 1267 1281 1320 est,
1317 1271 1405 1311 res
1431 1266 1632 1312 nostrae
1662 1257 1884 1310 omnino
1937 1265 2224 1327 prostratae

660 1352 1123 1419 iuernendatmque
1168 1358 1523 1416 manserunt;
1575 1359 1736 1419 atque
1799 1350 1933 1403 adeo
1979 1365 2073 1416 per
2103 1365 2223 1404 car-

655 1457 778 1496 nem
809 1441 910 1512 legi
947 1442 1152 1510 peccati
1180 1441 1471 1505 servimus,
1503 1441 1648 1496 nullo
1694 1442 1746 1498 iu
1777 1441 1936 1500 nobis
1963 1441 2221 1510 impetum

653 1533 798 1588 illius
890 1533 1214 1589 retundeute
1289 1541 1384 1594 aut
1458 1530 1791 1591 refrenante.
1847 1531 2222 1586 Necessariam

653 1625 881 1693 proinde
912 1625 1188 1680 exstitisse
1207 1623 1438 1679 dicimus
1463 1624 1862 1695 hypostaticam
1895 1624 2077 1678 carnis
2101 1639 2222 1678 eum

659 1714 832 1772 Verbo
861 1717 1151 1780 unionem;
1195 1731 1302 1770 non
1325 1730 1676 1786 personarum
1704 1717 1845 1769 inter
1867 1730 1924 1770 se
1950 1715 2223 1784 capulam,

654 1817 748 1860 ant
791 1807 960 1862 solam
1015 1806 1348 1862 voluntatum
1413 1806 1759 1861 concordiam
1814 1814 1868 1860 et
1921 1804 2222 1874 simplicem

654 1898 1112 1967 coniunctionem,
1143 1913 1306 1969 quam
1338 1898 1560 1968 quidam
1600 1905 1863 1952 statuunt.

727 2009 749 2042 ‹
784 1989 922 2056 Quid
955 2004 1086 2058 ergo
1117 1991 1357 2044 dicemus
1402 1989 1471 2043 ad
1515 1989 1677 2044 haec?
1711 1986 1770 2042 Si
1809 1987 1953 2042 Dens
1993 2001 2090 2057 pro
2123 2001 2224 2041 no-

651 2082 762 2146 bis,
789 2081 912 2151 quis
940 2089 1132 2134 coutra
1165 2081 1306 2137 nos?
1328 2078 1430 2154 Qui
1463 2079 1628 2134 etiam
1673 2077 1894 2149 proprio
1927 2076 2064 2131 Filio
2117 2092 2223 2131 non

649 2175 915 2244 pepercit,
961 2174 1054 2228 sed
1111 2187 1207 2243 pro
1256 2170 1414 2227 nobis
1463 2170 1714 2224 erunibus
1762 2169 1984 2223 tradidit
2031 2167 2223 2234 illum;

651 2263 924 2330 quomodo
983 2277 1088 2316 non
1119 2262 1284 2316 etiam
1325 2275 1454 2316 cum
1503 2260 1593 2314 illo
1628 2258 1812 2313 omnia
1859 2259 2013 2312 nobis
2059 2257 2224 2311 dona-

649 2353 729 2405 vit
763 2351 854 2404 “‘1
905 2369 925 2403 ι
964 2349 1020 2405 Si
1069 2351 1212 2405 Deus
1267 2349 1430 2405 Pater
1477 2349 1754 2419 proprium
1803 2343 2221 2411 Filium,illum

649 2443 827 2508 ipsum
858 2441 1115 2495 nimirum
1141 2441 1234 2512 qui
1265 2455 1333 2496 ex
1379 2440 1525 2496 illius
1552 2438 1857 2495 substantia
1905 2447 2059 2492 ortus
2098 2444 2221 2504 est,

655 2533 814 2606 104
857 2549 955 2604 pro
988 2535 1142 2589 nobis
1174 2535 1411 2602 donavit,
1481 2549 1610 2606 ergo
1659 2549 1855 2605 corpus
1894 2533 2038 2604 quod
2086 2547 2226 2587 mor-

653 2637 760 2676 tem
800 2625 1081 2690 sustinuit,
1112 2624 1391 2696 proprium
1445 2624 1587 2679 illius
1620 2636 1759 2689 erat,
1793 2625 1883 2694 qui
1923 2621 2221 2678 secundum

651 2726 869 2767 carnem
930 2729 1122 2784 passus
1169 2723 1432 2785 estrtnam
1470 2714 1768 2769 secundum
1814 2715 2111 2768 divinitatis
2135 2727 2226 2766 na-

653 2813 827 2856 turam
859 2806 969 2874 pati
998 2821 1103 2858 non
1136 2807 1404 2874 poterat);
1435 2806 1507 2860 ita
1539 2806 1684 2859 enim
1707 2805 1796 2873 qtti
1831 2805 2126 2859 secundum
2165 2817 2224 2859 se

652 2895 765 2963 pati
795 2897 1014 2965 nequit,
1062 2897 1458 2965 dispensatorie
1517 2906 1745 2952 mortem
1783 2909 2073 2966 perpessus
2115 2902 2220 2949 est.

651 2985 889 3041 Proinde
930 2988 1019 3056 qui
1063 3003 1226 3041 unum
1261 2989 1314 3041 iu
1348 2988 1486 3043 duos
1521 2987 1869 3057 dispertiunt,
1897 2997 2084 3056 aperte
2119 2987 2224 3040 im-

653 3075 869 3144 pietatis
893 3076 1126 3132 crimine
1171 3092 1301 3132 sese
1319 3079 1741 3147 constringunt:
1778 3077 2221 3147 quandoquidem

2323 637 2453 691 νησε
2489 622 2590 693 μὲν
2620 621 2721 692 τῆς
2751 621 3027 692 ἁμαρτίας
3055 622 3084 674 6
3105 619 3304 702 tum,
3320 620 3633 692 κεκράτηκε
3658 620 3717 673 δὲ
3748 621 3778 673 6
3805 617 3894 674 τοῦ

2323 713 2663 785 Ηνεύματος.
2696 715 2797 766 Διά
2824 713 2984 766 ποίαν
3013 712 3224 778 αἱτίαν;
3249 732 3267 764 ι
3298 711 3563 782 Πέπομφε
3588 712 3698 780 γὰρ
3720 711 3750 764 6
3771 711 3898 774 Θεὸς

2321 806 2414 860 τὸν
2443 806 2637 860 ἑαυτοῦ
2664 806 2873 860 mm;
2904 806 3212 876 ὁμοιώματι
3247 805 3452 876 σαρκὸς
3485 805 3786 874 ἁμαρτίας,
3819 803 3899 858 ἴνα

2324 897 2626 970 κατακρίνῃ
2647 897 2746 970 τὴν
2773 897 3045 968 ἁμαρτίαν
3073 899 3130 950 ὲν
3156 900 3223 968 τῇ
3259 895 3445 967 σαρκί.
3470 914 3489 947 ι
3510 892 3662 958 Εἶτα,
3694 894 3814 957 πῶς
3843 897 3898 947 ού

2323 988 2723 1060 χρειωδεστάτή
2756 987 2877 1041 λίαν
2906 989 2939 1059 ή
2973 987 3067 1041 τοῦ
3096 987 3270 1057 Λόγου
3299 989 3612 1058 σάρκωσιςς
3648 986 3896 1039 Κατακέ-

2324 1098 2510 1151 κριται
2534 1079 2645 1152 γὰρ
2673 1079 2816 1134 οὕτω
2845 1082 2938 1134 καὶ
2976 1083 3036 1133 ὲν
3066 1083 3132 1152 τῇ
3165 1080 3329 1152 σαρκὶ
3370 1080 3528 1150 ήμῶν
3555 1081 3588 1149 ή
3625 1078 3894 1150 ἁμαρτία.

2324 1173 2388 1227 El
2419 1173 2475 1226 δὲ
2503 1172 2562 1225 οὐ
2601 1171 2792 1241 γέγονε
2825 1172 2962 1242 σὰρξ
2991 1174 3020 1226 6
3046 1172 3239 1240 Λόγος,
3269 1170 3695 1241 ἀπομεμένηκεν
3727 1170 3903 1239 ἀδιόρ-

2325 1265 2472 1318 Οωτα
2498 1262 2571 1317 τὰ
2595 1262 2713 1316 καθ’
2744 1264 2912 1334 ἡμᾶς,
2944 1264 3038 1316 καὶ
3061 1261 3386 1332 δουλεύομεν
3427 1263 3494 1331 τῇ
3545 1259 3714 1330 σαρκὶ
3756 1259 3904 1328 νόμῳ

2326 1355 2638 1426 ἁμαρτίας,
2674 1354 2889 1417 οὐδενὸς
2933 1356 2990 1408 ὲν
3039 1355 3169 1424 ἡμῖν
3215 1353 3386 1422 αὐτὴν
3430 1353 3900 1421 καταργήσαντος.

2326 1444 2534 1505 Οὐκοῦν
2566 1444 2872 1514 ἀναγκαίαν
2923 1440 3064 1497 εἷναί
3109 1461 3290 1513 φαμεν
3323 1443 3425 1514 τήν
3452 1443 3574 1497 καθ’
3604 1443 3902 1495 ὑπόστασιν

2326 1539 2519 1592 ’ἐνωσιν
2547 1536 2641 1592 τοῦ
2668 1538 2835 1606 λόγου
2859 1536 2995 1607 πρὸς
3015 1537 3112 1607 τήν
3143 1536 3342 1605 σάρκα,
3377 1536 3472 1588 καὶ
3502 1536 3628 1606 οὐχὶ
3650 1535 3714 1604 δή
3742 1535 3902 1604 μόνην

2325 1625 2423 1695 τήν
2455 1626 2513 1677 έν
2540 1623 2874 1698 προσώποις,
2902 1625 2994 1676 καὶ
3023 1624 3163 1677 κατά
3191 1624 3429 1696 θέλησιν,
3462 1624 3580 1694 ἦτοι
3607 1624 3904 1693 συνάφειαν

2329 1720 2528 1791 ἁπλῆν,
2548 1718 2692 1773 κοιοὰ
2724 1718 2856 1788 φασί
2888 1735 3057 1782 τινες,

2408 1998 2428 2031 ι
2455 1978 2520 2030 Τί
2568 1974 2663 2032 οὖν
2710 1978 2944 2051 ἐροῦμεν
2992 1979 3127 2051 πρὸς
3157 1979 3366 2047 ταύτας
3409 1981 3469 2032 Ei
3515 1979 3543 2032 6
3588 1979 3723 2042 Θεὸς
3768 1976 3906 2046 ὑπὲρ

2330 2069 2512 2140 ἡμῶν,
2545 2070 2628 2134 τίς
2687 2070 2804 2124 καθ’
2837 2071 3029 2141 ήμῶν;
3065 2072 3162 2135 Ὃς
3206 2088 3269 2140 γε
3318 2071 3412 2124 τοῦ
3465 2071 3595 2124 ίδίου
3623 2069 3759 2123 Υίοῦ
3806 2070 3904 2122 οὐκ

2331 2161 2608 2230 ὲ-φείσατο,
2640 2161 2754 2214 ἀλλ’
2781 2161 2924 2232 ὑπὲρ
2946 2162 3102 2234 ήμῶν
3132 2162 3350 2216 πάντων
3376 2161 3693 2230 παρέδωκεν
3721 2159 3904 2226 αὑτὸν,

2332 2251 2452 2316 πῶς
2476 2251 2598 2322 οὐχὶ
2627 2253 2722 2304 καὶ
2752 2251 2850 2304 σὺν
2885 2252 3034 2324 αὖτῷ
3065 2253 3132 2306 τὰ
3162 2253 3342 2307 πάντα
3370 2255 3500 2323 ἡμῖν
3537 2254 3902 2323 χαρίσεται;’»

2331 2345 2396 2398 El
2421 2344 2511 2397 τὸν
2538 2344 2670 2398 ίδιον
2700 2345 2848 2409 Υίὸν,
2875 2345 3032 2415 δῆλον
3059 2345 3116 2399 δὲ
3147 2346 3228 2398 ὅτι
3253 2344 3346 2398 τὸν
3371 2346 3435 2398 ἐκ
3465 2346 3563 2415 τῆς
3592 2345 3784 2408 οὐσίας
3809 2346 3905 2399 αύ-

2329 2436 2447 2501 τοῦ,
2481 2436 2712 2490 δέδωκεν
2737 2437 2877 2508 ὑπὲρ
2906 2438 3064 2508 ήμῶν
3091 2437 3120 2489 6
3143 2437 3274 2498 Θεὸς
3305 2437 3400 2492 καὶ
3423 2439 3643 2509 Πατήρ·
3671 2435 3908 2490 πέπονθε

2329 2529 2388 2586 δὲ
2411 2530 2552 2585 κατὰ
2581 2530 2779 2601 σάρκα,
2806 2529 2900 2582 καὶ
2934 2529 2995 2582 ού
3030 2528 3190 2599 φύσει
3211 2527 3490 2601 θεότητοςο
3520 2529 3652 2582 ἴδιον
3696 2527 3804 2599 ἄρα
3840 2523 3906 2597 ἦν

2332 2620 2496 2676 αὐτοῦ
2517 2622 2579 2674 τὸ
2601 2620 2869 2684 πεπονθὸς
2893 2621 3071 2692 σῶμα,
3098 2622 3184 2675 ἴνα
3205 2623 3298 2675 καὶ
3324 2622 3487 2685 αὐτὸς
3505 2621 3699 2691 νοῆται
3723 2619 3906 2674 παθὼν

2329 2713 2711 2784 οἰκονομικῶς,
2737 2713 2766 2766 6
2795 2714 2988 2766 παθεῖν
3029 2713 3131 2767 οὐκ
3163 2713 3338 2778 εἰδώς.
3375 2715 3449 2768 Τὸ
3484 2713 3665 2768 τοίνυν
3703 2714 3905 2783 ἀπομε-

2335 2804 2506 2874 ρίζειν
2542 2806 2624 2869 είς
2651 2803 2744 2858 δύο
2765 2804 2857 2858 τὸν
2893 2805 3012 2872 ἕνα,
3041 2805 3334 2870 δυσσεδές·
3367 2807 3470 2860 οὐκ
3515 2806 3594 2859 ἔτι
3634 2805 3745 2876 γὰρ
3778 2805 3906 2858 τδιον

2330 2896 2461 2951 Υίὸν
2511 2897 2824 2969 εὑρίσκεται
2868 2897 2992 2962 δοὺς
3039 2898 3179 2967 ὑπὲρ
3225 2898 3387 2970 ήμῶν
3433 2901 3461 2952 6
3510 2898 3721 2967 Πατὴρ,
3752 2899 3906 2966 εἴπερ

2332 2987 2479 3041 ἐστὶν
2511 2987 2798 3060 ἄνθρωπος
2823 2989 3188 3061 διῃρημένως,
3223 2991 3317 3044 καὶ
3348 2990 3468 3060 οὐχὶ
3497 2989 3562 3062 δή
3603 2989 3801 3061 μᾶλλον
3831 2987 3906 3050 ὡς

2331 3081 2390 3135 ὲν
2426 3081 2730 3152 προσλήψει
2761 3082 2962 3153 σαρκὸς
2989 3084 3018 3137 6
3047 3084 3112 3136 ὲκ
3148 3083 3284 3137 Θεοῦ
3323 3084 3518 3153 Λόγος.

653 3169 698 3219 si
733 3177 816 3220 est
851 3167 1010 3220 homo
1041 3181 1136 3237 per
1161 3182 1221 3220 se
1242 3177 1295 3220 et
1329 3168 1628 3221 secundum
1660 3182 1719 3221 se
1755 3167 1992 3232 divisim,
2026 3177 2080 3222 et
2110 3185 2214 3223 non
2285 3171 2574 3241 ipsutnmet
2632 3172 2727 3229 Dei
2767 3172 3001 3229 Verbum
3068 3190 3235 3230 carne
3272 3175 3542 3242 indutum,
3575 3174 3738 3229 Pater
3776 3187 3903 3242 pro-

654 3259 831 3327 prium
862 3274 960 3328 pro
991 3260 1146 3314 nobis
1185 3258 1377 3326 Filium
1406 3261 1618 3314 dedisse
1647 3275 1750 3314 non
1786 3259 2074 3316 invenitur.

733 3371 752 3403 ι
792 3353 925 3418 Quis
953 3354 1236 3408 accusabit
1263 3355 1526 3407 adversus
1548 3353 1753 3408 electos
1785 3354 1919 3408 Dei?
1962 3354 2104 3410 Deus
2135 3357 2225 3430 qui

2409 3375 2431 3410 ι
2461 3358 2558 3422 Τίς
2592 3357 2882 3428 ἐγκαλέσει
2909 3359 3052 3414 κατὰ
3083 3359 3356 3414 ἐκλεκτῶν
3393 3358 3529 3413 Θεοῦ
3553 3375 3568 3423 ;
3598 3357 3731 3421 Θεὸς
3758 3356 3788 3410 6
3825 3355 3903 3411 δι-

649 3446 939 3514 justilicat,
963 3447 1087 3515 quis
1114 3453 1208 3499 est.
1239 3444 1330 3514 qui
1377 3443 1743 3500 condemnet?
1779 3446 2035 3504 Christus
2068 3447 2230 3505 Jesus

656 3536 750 3604 qui
782 3546 1025 3590 mortuus
1045 3543 1149 3600 est,
1185 3534 1296 3588 imo
1331 3534 1424 3602 qui
1457 3542 1512 3589 et
1547 3537 1870 3603 resurrexit,
1910 3539 2002 3608 qui
2035 3547 2118 3594 est
2159 3540 2228 3595 ad

659 3630 938 3682 dexteram
972 3626 1088 3688 Dei,
1120 3626 1209 3694 qui
1241 3626 1407 3680 etiam
1447 3625 1757 3696 interpellat
1785 3643 1884 3697 pro
1916 3629 2073 3688 nobis
2094 3632 2162 3685 “.
2204 3650 2224 3684 ι

661 3719 719 3772 Si
751 3719 1018 3772 Christus.
1043 3733 1140 3785 per
1172 3717 1332 3771 (idem
1359 3717 1648 3787 justilicat,
1689 3718 1839 3774 solus
1880 3730 2059 3775 autem
2086 3722 2230 3778 Dens

657 3821 742 3864 est
780 3813 870 3881 qui
914 3812 1144 3880 justitiae
1189 3811 1392 3865 donum
1436 3819 1660 3880 praestat
1711 3829 1738 3866 ε.
1767 3823 2110 3882 consequens
2167 3815 2228 3867 lit

657 3904 948 3966 Christum.
973 3918 1096 3964 esse
1121 3918 1310 3966 verum
1346 3903 1536 3964 Deum.
1585 3903 1822 3960 Rursum
1855 3905 1913 3959 si.
1934 3905 2005 3959 ad
2033 3907 2227 3961 dexte-

658 4011 772 4049 ram
814 3995 987 4050 Patris
1017 3996 1189 4062 sedet,
1223 3995 1523 4066 eademque
1549 4010 1670 4050 cum
1703 3995 1795 4052 illo
1828 3995 1998 4066 gloria
2023 4009 2078 4052 et
2107 4013 2226 4051 ma-

649 4087 849 4156 jestate
875 4088 1062 4156 pollet,
1091 4098 1146 4144 et
1168 4088 1389 4159 quidem
1423 4097 1674 4144 mortuus
1705 4097 1761 4144 et
1830 4089 2224 4155 resuscitatus;

655 4195 851 4250 corpus
882 4181 1064 4250 itaque
1085 4191 1425 4252 assumptum
1459 4179 1624 4236 Verbi
1650 4181 1926 4251 proprium
1957 4190 2060 4236 est.
2092 4181 2224 4237 Nam

2331 3449 2524 3516 καιῶν,
2548 3449 2632 3514 τίς
2656 3452 2685 3504 ὁ
2716 3451 3092 3522 κατακρίνων;
3125 3451 3362 3523 Χριστὸς
3406 3450 3615 3522 Ἰησοῦς
3647 3452 3675 3503 6
3695 3449 3903 3504 ἀποθα-

2331 3542 2462 3607 νὼν,
2482 3543 2680 3613 μᾶλλον
2704 3543 2761 3598 δὲ
2787 3543 3056 3613 ἐγερθεὶς,
3085 3545 3144 3608 ὅς
3178 3545 3328 3598 ἐστιν
3356 3545 3414 3598 ὲν
3450 3543 3601 3614 δεξιᾷ
3628 3541 3725 3594 τοῦ
3747 3539 3900 3603 Θεοῦ,

2331 3632 2386 3697 ὃς
2436 3635 2529 3688 καὶ
2551 3635 2868 3705 ἐντυγχάνει
2905 3635 3047 3705 ὑπὲρ
3069 3634 3248 3706 ήμῶν.
3281 3654 3300 3687 ι
3329 3636 3392 3688 Εἰ
3413 3635 3611 3688 δικαιοῖ
3634 3637 3702 3704 τῇ
3726 3634 3901 3686 πίστει

2331 3727 2587 3797 Χριστὸς,
2617 3726 2750 3790 Θεὸς
2776 3727 2832 3780 δέ
2862 3728 3010 3781 ἐστιν
3040 3728 3069 3779 6
3101 3727 3326 3781 δικαιῶν
3350 3745 3365 3758 ο
3406 3727 3538 3788 Θεὸς
3567 3726 3673 3796 ἄρα
3702 3723 3901 3793 ἀληθής

2332 3818 2361 3870 6
2391 3817 2648 3890 Χριστός.
2672 3818 2783 3870 Καὶ
2801 3818 2962 3889 εἴπερ
2991 3818 3139 3872 ἐστὶν
3167 3819 3226 3870 ὲν
3251 3816 3404 3889 δεξιᾷ
3428 3816 3523 3870 τοῦ
3547 3815 3705 3879 Θεοῦ,
3730 3815 3902 3868 καίτοι

2332 3906 2564 3972 τεθνεῲῧ
2586 3910 2682 3964 καὶ
2707 3909 3096 3981 ἐγηγερμένος.
3135 3910 3476 3981 συγκάθηται
3505 3909 3562 3963 δὲ
3589 3906 3667 3979 τῷ
3697 3905 3896 3976 Πατρί·

2332 4001 2472 4054 ῐδιον.
2488 3999 2595 4071 ἄρα
2627 3999 2720 4054 τοῦ
2749 4000 2926 4069 Λόγου
2962 4000 3024 4054 τὸ
3062 3999 3223 4071 σῶμά
3265 3999 3403 4053 ἐστι.
3448 3998 3768 4068 Συνεδρεύει
3796 3997 3901 4067 γὰρ

2331 4090 2475 4148 οὕτω
2505 4090 2588 4160 τῷ
2616 4091 2792 4161 Πατρὶ
2828 4090 2972 4161 μετὰ
2999 4090 3101 4161 τῆς
3133 4089 3540 4161 ἀναληφθείσης
3573 4087 3795 4157 σαρκὸς,
3829 4084 3904 4148 ὡς

2332 4183 2460 4246 Υἱὸς
2487 4184 2630 4238 κατὰ
2654 4182 2957 4252 φύσιν,,καὶ
2984 4183 3034 4236 ει
3058 4183 3250 4252 γέγονε
3279 4181 3418 4252 σὰρξ
3445 4182 3475 4233 6
3502 4180 3693 4249 Λόγος.

653 4274 759 4330 etsi
791 4273 996 4331 factum
1021 4284 1106 4331 est
1135 4289 1296 4340 caro,
1317 4274 1460 4330 haud
1489 4288 1653 4331 secus
1670 4283 1850 4330 tamen
1880 4275 1934 4338 iu
1967 4285 2214 4344 suscepta
2253 4290 2417 4330 carne
2461 4291 2585 4330 cum
2645 4274 2806 4330 Patre
2831 4275 2988 4342 reg-ni
3046 4275 3238 4332 solium
3260 4274 3490 4344 obtinet,
3525 4280 3584 4327 ut
3613 4285 3772 4325 verus
3801 4285 3898 4324 na-

659 4367 961 4436 turalisque
985 4366 1176 4427 Filius.

734 4476 754 4508 ι
781 4456 912 4523 Qua:
957 4468 1138 4518 autem
1169 4473 1246 4519 ex,
1283 4457 1387 4513 (ide
1417 4467 1500 4516 est
1539 4457 1774 4525 iustitia,
1808 4456 1888 4511 sic
1931 4456 2100 4512 dicit:
2144 4454 2223 4508 Ne

656 4549 861 4605 dixeris
896 4549 946 4602 in
980 4550 1144 4605 corde
1173 4559 1304 4605 tuo:
1345 4547 1477 4622 Quis
1516 4551 1776 4604 ascendet
1807 4548 1860 4602 in
1903 4548 2142 4602 coelum?
2169 4547 2221 4602 id

2409 4457 2515 4511 «Ἦ
2552 4456 2609 4510 δὲ
2651 4457 2717 4510 ὲκ
2760 4457 2996 4520 πίστεως
3045 4454 3357 4524 δικαιοσύνη
3403 4454 3545 4508 οὔτω
3587 4453 3772 4520 λέγει·
3815 4451 3907 4524 Μή

2335 4547 2498 4621 είπῃς
2522 4549 2581 4601 ὲν
2613 4550 2681 4619 τῇ
2711 4549 2908 4620 καρδίᾳ
2937 4565 3030 4601 σου
3051 4565 3066 4579 ·
3102 4547 3198 4610 Τίς
3229 4547 3562 4616 ἀναϐήσεται
3594 4547 3675 4609 είς
3698 4546 3790 4598 τὸν
3818 4545 3908 4598 οὐ-

655 4653 760 4710 εει,
785 4643 1059 4699 Christnm
1082 4641 1369 4697 deducere.
1392 4642 1499 4696 Aut
1519 4642 1640 4712 quis
1657 4639 1950 4696 descendet
1970 4638 2022 4692 iu
2054 4638 2225 4708 abys-

2335 4637 2526 4709 ρανόν;
2552 4637 2798 4690 τουτέστι
2831 4636 3061 4709 Χριστὸν
3081 4639 3436 4706 καταγαγείνο
3472 4637 3505 4708 ἢ
3539 4637 3636 4700 Τίς
3663 4636 3908 4706 καταϐή-

656 4735 814 4790 sum?
855 4736 956 4790 hoc
989 4745 1094 4800 εει,
1137 4733 1416 4790 Christum
1458 4748 1486 4787 a
1513 4733 1744 4787 mortuis
1787 4745 1845 4785 re
1863 4745 2080 4786 vocare.
2123 4728 2230 4785 Sed

655 4827 785 4896 quid
808 4825 940 4882 dicit
959 4829 982 4882 ?
1000 4827 1176 4897 Prope
1202 4836 1287 4882 est
1309 4825 1532 4880 verbum
1558 4825 1610 4878 in
1634 4838 1730 4880 ore
1757 4832 1871 4888 tuo,
1897 4829 1952 4878 et
1984 4823 2036 4876 iu
2068 4823 2232 4877 corde

659 4930 753 4972 tuo
782 4933 797 4971 :
829 4917 932 4973 hoc
958 4926 1044 4973 est
1073 4917 1313 4971 verbum.
1335 4915 1480 4974 ﬁdei.
1513 4916 1660 4988 quod
1692 4914 2072 4983 praedicamus.
2093 4912 2230 4979 Quia

658 5003 706 5060 si
741 5004 1018 5060 conﬁteris
1049 5005 1220 5065 inore
1253 5012 1344 5058 tuo
1363 5002 1651 5060 Dominum
1679 5002 1959 5068 Iesum,et
1991 5003 2043 5057 in
2065 5002 2231 5058 corde

658 5107 752 5149 tuo
786 5094 1084 5151 credideris
1125 5094 1268 5166 quod
1308 5093 1452 5153 Deus
1500 5094 1784 5149 suscitavit
1830 5095 1981 5151 iUum
2025 5111 2052 5146 a
2092 5109 2234 5148 mor-

658 5187 788 5251 tuis,
819 5187 1003 5242 salvus
1029 5186 1161 5243 eris.
1190 5185 1364 5241 Corde
1385 5185 1529 5243 enim
1560 5186 1801 5241 creditur
1823 5187 1888 5240 ad
1915 5185 2183 5252 justitiam
2212 5201 2227 5250 ;

660 5294 757 5335 ore
793 5288 974 5334 autem
1018 5279 1080 5332 lit
1110 5276 1394 5339 confessio.
1415 5278 1483 5332 ad
1516 5277 1746 5336 salutem
1769 5277 1836 5329 ν³.
1870 5295 1890 5329 ι
1933 5275 1991 5337 Si
2036 5289 2233 5330 secun-

608 5415 613 5419 .
659 5371 788 5422 dum
832 5366 1191 5435 quorumdam
1239 5366 1610 5435 opinationem
1651 5366 1900 5421 Christus
1939 5374 2025 5420 est
2067 5364 2231 5419 homo

657 5459 854 5523 deul‘er,
887 5459 1001 5513 sola
1049 5473 1406 5528 personarum
1443 5458 1635 5529 copula
1667 5457 1760 5512 Dei
1801 5457 1976 5513 Verbo
2000 5458 2231 5528 conjun-

657 5563 776 5605 t-Ius
807 5571 819 5606 :
854 5551 944 5620 qui
976 5551 1090 5605 ﬁeri
1130 5560 1332 5621 potest,
1357 5561 1414 5606 ut
1447 5551 1501 5606 iu
1536 5549 1686 5604 illum
1725 5559 1980 5618 tauquam
2026 5550 2079 5604 iu
2128 5552 2229 5604 Do-

658 5644 860 5696 minum
921 5642 1229 5708 credentes,
1271 5643 1512 5714 ejusdem
1553 5658 1620 5696 ex
1673 5642 1903 5696 mortuis
1977 5655 2227 5696 resurre-

2339 4747 2490 4782 σεται
2525 4730 2606 4793 είς
2633 4729 2733 4800 τὴν
2765 4729 3033 4793 ἄϐυσσον;
3067 4724 3316 4781 τουτέστι
3345 4727 3579 4800 Χριστὸν
3608 4729 3676 4781 ὲκ
3701 4727 3906 4798 νεκρῶν

2337 4823 2654 4891 ἀναγαγεῖν.
2674 4820 2906 4878 Ἀλλὰρτί
2929 4820 3106 4888 λέγεις
3155 4820 3353 4889 Ἐγγύς
3378 4837 3474 4873 σου
3496 4820 3557 4874 τὸ
3585 4820 3740 4891 ῥῆμά
3762 4821 3906 4873 ἐστιν

2338 4913 2398 4967 ἐν
2428 4912 2505 4981 τῷ
2541 4912 2768 4982 στόματί
2803 4928 2896 4964 σου
2929 4911 3026 4964 καὶ
3058 4911 3209 4980 ὲν,τῇ
3243 4911 3439 4982 καρδίᾳ
3467 4928 3558 4964 σου
3582 4928 3596 4943 ο
3641 4911 3901 4978 τουτέστι,

2335 5001 2399 5056 τὸ
2427 5001 2579 5073 ῥῆμα
2611 5003 2711 5072 τῆς
2741 5001 2998 5068 πίστεως,
3022 5001 3052 5054 ὃ
3073 5003 3573 5073 κηρύσσομεν.”οτι
3598 5003 3693 5057 ἐὰν
3718 5002 3904 5072 ὁμολο-

2339 5093 2514 5162 γήσῃς
2561 5093 2618 5145 ὲν
2663 5091 2744 5162 τῷ
2800 5091 3028 5162 στόματί
3073 5110 3168 5146 σου
3197 5093 3401 5165 Κύριον
3433 5093 3660 5165 Ἰησοῦν,
3693 5095 3787 5147 καὶ
3821 5112 3904 5146 πι-

2339 5182 2570 5255 στεύσῃς
2598 5183 2656 5236 ὲν
2694 5184 2774 5253 τῇ-
2792 5183 2988 5256 καρδίᾳ
3016 5182 3229 5238 σου“”οτι
3259 5188 3287 5238 6
3316 5184 3448 5248 Θεὸς
3485 5185 3647 5239 αὑτὸν
3688 5187 3903 5258 ἤγειρεν

2339 5274 2404 5326 ὲκ
2434 5271 2665 5343 νεκρῶν,
2701 5271 2925 5344 σωθήσῃ
2948 5289 2964 5304 ο
2999 5273 3196 5344 καρδίᾳ
3235 5273 3344 5342 γὰρ
3373 5274 3690 5328 πιστεύεται
3724 5275 3805 5336 είς
3824 5273 3906 5326 δι-

2341 5362 2652 5432 καιοσύνην,
2691 5363 2920 5434 στόματι
2966 5364 3023 5416 δὲ
3070 5365 3413 5434 ὁμολογεῖται
3444 5365 3524 5426 εἰς
3555 5363 3847 5435 σωτηρίαν.
3880 5380 3902 5414 ι

2337 5456 2399 5509 Εἰ
2432 5453 2573 5508 κατὰ
2594 5471 2658 5522 γε
2684 5455 2744 5507 τό
2773 5471 2882 5507 τισι
2907 5453 3120 5521 δοκοῦν,
3152 5455 3435 5527 ἄνθρωπος
3482 5454 3746 5525 θεοφόρος-
3769 5457 3908 5507 νοεῖ-

2333 5564 2424 5600 ται
2475 5545 2710 5616 Χριστός
2737 5584 2752 5609 ,
2801 5546 2896 5599 καὶ
2949 5545 3117 5617 μόνην
3167 5546 3305 5616 ἔχων
3347 5545 3444 5618 τήν
3491 5547 3548 5598 ὲν
3595 5545 3914 5616 προσώποις

2334 5639 2528 5692 ἕνωσιν
2555 5635 2692 5708 πρὸς
2715 5636 2808 5691 τὸν
2825 5635 2962 5691 Θεοῦ
2987 5637 3178 5706 Λόγον⁸
3209 5637 3352 5702 τίνος
3382 5637 3542 5692 ἕνεκα
3565 5636 3916 5700 πιστεύοντες

730 5800 773 5833 ’⁸
797 5800 953 5856 Rom.
974 5819 1066 5868 vn,
1095 5805 1146 5857 5.
1225 5804 1265 5835 ⁹¹
1295 5803 1421 5857 ibid.
1463 5801 1551 5867 51,
1585 5801 1671 5855 52.
1748 5803 1792 5833 ⁹²
1819 5799 1943 5856 ibid.
1977 5799 2065 5864 55,
2091 5797 2177 5852 53.

2330 5796 2478 5851 Rom.
2517 5811 2568 5862 κ,
2599 5794 2748 5848 6-10.
