4146 6496
324 409 451 465 1'30!

1414 418 1499 475 DE
1542 420 1767 478 RECTA
1807 422 1960 478 FIDE
1999 423 2090 480 AD
2130 424 2447 481 REGINAS.

3420 422 3557 479 1502

320 530 399 591 είς
434 526 598 582 αύτὸν
635 527 711 593 ὡς
757 531 837 594 εἰς
885 532 1108 605 Κύριον,
1142 536 1526 606 ὁμολογοῦντες
1574 539 1630 592 δέ
1676 541 1768 594 καὶ
1798 540 1895 613 τὴν

2000 545 2233 599 ctionem
2262 544 2577 614 protitentes
2626 543 2886 611 ejusmodi
2913 538 3016 599 ﬁde
3038 541 3434 612 justiﬁeemur?
3465 540 3556 597 Fi-
3582 535 3586 539 ’

318 619 383 670 ἐκ
423 618 633 688 νεκρῶν
679 620 973 675 ἀνάστασιν
1019 625 1204 689 αὑτοῦ,
1235 626 1589 697 δικαιούμεθα
1615 632 1681 701 τῇ
1712 630 1893 684 πίστει

318 711 384 779 τῇ
434 711 514 774 είς
560 710 753 777 αύτόν;
792 713 1095 784 Πράττεται
1142 717 1197 769 δὲ
1248 720 1281 790 ή
1332 720 1514 784 πίστις
1542 721 1618 786 ὡς
1645 724 1724 786 είς
1762 723 1893 777 Θεὸν

321 800 589 871 δηλονότι.
624 804 922 873 Ἀναγκαία
984 809 1273 881 τοιγαροῦν
1335 814 1368 881 ή
1433 813 1556 867 καθ’
1593 816 1891 869 ὑπόστασιν

319 891 513 953 ἐνωσις
539 892 633 945 τοῦ
664 894 796 947 Θεοῦ
822 896 997 965 Λόγου
1017 899 1154 970 πρὸς
1182 901 1242 954 τὸ
1264 902 1765 975 ἀνθρώπινον.”Ενα
1786 907 1894 979 γὰρ

318 981 465 1037 οῦτω
495 985 731 1056 Χριστὸν
756 986 831 1053 ὡς
864 988 1068 1061 Κύριον
1093 992 1234 1047 κατὰ
1271 994 1431 1063 φύσιν
1463 997 1890 1070 ὁμολογήσομεν,

321 1076 421 1128 καὶ
441 1076 540 1146 τῆς
559 1078 729 1132 αὐτοῦ
754 1082 956 1151 σαρκὸς
975 1083 1076 1155 τὴν
1101 1085 1395 1142 ἀνάστασιν
1415 1089 1890 1162 ἐπιγινώσκοντες,

320 1165 398 1230 ὡς
420 1168 501 1231 εἰς
527 1169 659 1225 Θεὸν
697 1172 1064 1239 πιστεύοντες,
1096 1175 1472 1249 δικαιούμεθα.
1878 1196 1881 1197 ⁷

402 1280 421 1312 ι
450 1262 639 1327 Οὐδεὶς
683 1263 793 1336 γὰρ
837 1266 997 1337 ήμῶν
1047 1270 1225 1341 ἐαυτῷ
1271 1269 1361 1343 ζῇ,
1389 1273 1483 1326 καὶ
1517 1273 1689 1339 οὐδεὶς
1718 1276 1894 1347 ἐαυτῷ

321 1351 691 1425 ἀποθνήσκειο
721 1356 816 1410 ἐάν
859 1375 919 1412 τε
962 1356 1053 1414 οῦν
1099 1360 1305 1433 ζῶμεν,
1340 1364 1416 1436 τῷ
1448 1366 1639 1437 Κυρίῳ
1671 1366 1852 1439 ζῶμεν
1874 1384 1890 1401 ο

322 1444 421 1499 ἐάν
464 1461 525 1498 τε
580 1446 1043 1520 ἀποθνήσκωμεν,
1093 1452 1170 1523 τῷ
1217 1455 1407 1526 Κυρίῳ
1455 1456 1891 1529 ἀποθνήσκομεν.

336 1536 463 1591 Ἐάν
502 1555 564 1592 τε
617 1538 820 1612 ζῶμεν,
872 1543 967 1597 ἐάν
1014 1560 1073 1597 τε
1120 1544 1714 1618 ἀποθνήσκωμεν,⁷τοῦ
1759 1549 1892 1603 Θεοῦ

320 1622 525 1712 ἐσμεν·
559 1633 641 1696 είς
673 1631 830 1687 τοῦτο
857 1633 966 1707 γάρ
996 1636 1231 1707 Χριστός
1268 1638 1509 1692 ἀπέθανε
1551 1641 1646 1693 καὶ
1679 1640 1890 1713 ἔζησεν,

324 1718 411 1773 ἶνα
456 1721 552 1776 καὶ
595 1724 804 1794 νεκρῶν
833 1726 926 1779 καὶ
954 1727 1176 1791 ζώντων
1200 1729 1481 1802 κυριεύσῃ.
1514 1750 1532 1783 ι
1567 1733 1895 1803 Προσπεφώ-

323 1811 459 1881 νηκέ
492 1830 595 1867 που
634 1817 748 1880 τοῖς
777 1816 835 1883 ἐξ
867 1816 1038 1872 ἐθνῶν
1063 1820 1092 1872 ὁ
1125 1821 1394 1891 μακάριος
1425 1822 1636 1887 Παῦλος
1656 1840 1671 1854 ο
1711 1842 1730 1875 ι
1757 1824 1893 1878 Νυνὶ

323 1901 382 1956 δὲ
432 1904 647 1972 γνόντες
693 1906 847 1972 Θεὸν,
887 1909 1086 1979 μᾶλλον
1117 1910 1173 1965 δὲ
1202 1913 1536 1981 γνωσθέντες
1584 1915 1689 1969 ὑπὸ
1731 1896 1891 1982 Θεοῦ,

326 1994 443 2059 πῶς
490 1997 847 2069 ἐπιστρέφετε
871 2000 965 2053 ἐπὶ
992 2001 1060 2055 τά
1087 2003 1284 2075 ἀσθενῆ
1316 2004 1410 2058 καὶ
1440 2006 1630 2077 πτωχὰ
1652 2010 1892 2078 στοιχεῖα

324 2084 419 2138 τοῦ
466 2087 694 2158 κόσμου,
725 2083 809 2153 οἷς
852 2090 1016 2146 πάλιν
1051 2093 1259 2147 ἀνωθεν
1292 2093 1565 2149 δουλεύειν
1614 2097 1828 2167 θέλετε;
1866 2117 1886 2151 ι

324 2177 725 2250 Λελυτρώμεθα
747 2181 926 2237 τοίνυν
947 2183 1035 2237 διὰ
1055 2187 1151 2255 τῆς
1172 2184 1409 2250 πίστεως
1432 2187 1534 2259 τῆς
1560 2189 1640 2252 είς
1659 2190 1893 2261 Χριστὸν

326 2271 392 2323 ἐκ
418 2270 518 2340 τῆς
546 2270 654 2325 τῶν
678 2273 956 2344 στοιχείων
987 2275 1250 2343 δουλείας,
1268 2278 1364 2331 καὶ
1391 2280 1702 2350 ὴνέχθημεν
1724 2282 1804 2346 είς
1831 2283 1894 2338 τὸ

323 2361 594 2417 δουλεύειν
622 2364 742 2434 Θεῷ
777 2364 1067 2430 ζῶντικαὶ
1093 2368 1354 2439 ἀληθινῷ.
1386 2370 1452 2425 El
1486 2371 1543 2424 δὲ
1574 2372 1845 2428 ἀπέθανεν
1864 2377 1894 2428 ὁ

323 2453 577 2522 Χριστὸς,
609 2455 698 2510 ἵνα
726 2457 819 2511 καὶ
847 2459 1056 2529 νεκρῶν
1076 2461 1178 2514 καὶ
1214 2459 1431 2526 ζώντων
1479 2464 1763 2539 κυριεύσῃ,
1799 2467 1894 2521 καὶ

324 2544 474 2615 αὐτῷ
515 2546 698 2616 ζῶμεν
742 2548 817 2612 ὡς
847 2550 967 2620 Θεῷ
989 2550 1151 2614 ζῶντι
1191 2554 1283 2607 καὶ
1311 2554 1587 2626 ἀληθινῷ⁸
1628 2557 1749 2621 πῶς
1792 2560 1893 2613 οὐκ

323 2636 597 2704 ἀναγκαία
647 2638 725 2709 τῷ
769 2641 928 2712 [νότῳ
974 2644 1007 2713 ή
1057 2644 1197 2716 πρὸς
1229 2645 1410 2715 σάρκα
1436 2647 1658 2716 γέγονεν
1698 2649 1892 2717 ἐνωσις

322 2724 562 2796 ἀληθής;
606 2726 694 2780 Ἐν
737 2729 875 2801 αὐτῇ
931 2731 1040 2802 γάρ
1083 2732 1753 2806 ἀποθανὼν,.κεκυρίευκε
1799 2742 1892 2794 καὶ

323 2813 541 2878 ζώντων
578 2817 685 2871 και
708 2819 957 2890 νεκρῶν..

547 3024 648 3080 Ἐκ
684 3025 796 3096 τῆς
832 3026 984 3097 πρὸς
1021 3033 1365 3099 Κορινθίους
1403 3035 1657 3105 πρώτης.

401 3139 656 3194 «Ἔπινον
690 3142 819 3213 γὰρ,
851 3142 1032 3212 φησὶν,
1066 3145 1131 3198 ἐκ
1163 3148 1543 3218 πνευματικῆς
1571 3148 1893 3204 ἀκολουθού-

326 3249 424 3302 σης
466 3233 691 3304 πέτρας·
719 3235 752 3304 ἡ
789 3233 846 3286 δέ
880 3234 1056 3305 πέτρα
1085 3230 1152 3306 ἦν
1176 3237 1204 3289 ὁ
1224 3237 1475 3307 Χριστός.
1498 3258 1516 3289 ι
1545 3240 1617 3292 Τὸ
1640 3240 1896 3308 Χριστὸς

322 3324 495 3395 ὄνομα
525 3324 760 3384 τέθειται
797 3324 875 3396 τῷ
907 3326 1275 3397 Ἐμμανουήλ,
1316 3329 1405 3381 ὅτε
1441 3330 1761 3401 γεγέννηται
1806 3332 1896 3386 διὰ

324 3415 439 3482 τῆς¹
474 3413 635 3482 ἁγίας
668 3415 971 3487 Παρθένου.
1003 3416 1126 3480 Πῶς
1155 3415 1249 3471 οὖν
1288 3420 1449 3482 αὐτὸς
1492 3416 1561 3490 ἦν
1593 3422 1626 3492 ἡ
1658 3423 1832 3493 πέτρα
1860 3423 1895 3494 ἡ

325 3505 621 3570 ποτίζουσα
651 3506 742 3561 τὸν
770 3506 1017 3578 Ἰσραήλ;
1052 3509 1191 3562 Ἀλλ’
1218 3510 1330 3563 ἔστι
1356 3512 1534 3581 δῆλον,
1557 3513 1638 3566 ὃτι
1662 3514 1896 3583 Χριστὸν

328 3597 423 3653 καὶ
449 3596 574 3650 Υίὸν
598 3591 738 3651 οἶδεν
753 3597 857 3657 ἕνα
892 3599 951 3652 τὸ
974 3600 1214 3670 Γράμμα
1237 3602 1297 3654 τὸ
1328 3604 1489 3673 ἱερόν.
1522 3604 1761 3672 Γεγονὼς
1788 3605 1896 3677 γὰρ

326 3686 357 3738 ὁ
385 3686 556 3755 Λργος
583 3688 736 3761 σὰρξ,
767 3689 930 3743 πάλιν
960 3690 1121 3754 αὑτός
1162 3693 1310 3745 ἐστιν
1350 3695 1381 3762 ἡ
1435 3696 1776 3765 πνευματικὴ
1798 3697 1897 3750 πέ-

328 3796 454 3848 τρα,
485 3780 584 3849 τῆς
614 3782 821 3845 οἰκείας
858 3782 1071 3851 φύσεως
1107 3783 1167 3837 τὸ
1202 3785 1575 3856 πρεσϐύτατον
1621 3788 1720 3841 οὐκ
1765 3790 1899 3843 ἀπο-

310 3870 505 3954 βαλὼν
541 3872 629 3927 διὰ
667 3872 729 3928 τὸ
771 3873 890 3928 νέον
910 3875 1012 3944 τῆς
1035 3876 1366 3947 οἰκονομίας.

540 4146 643 4202 Ἕκ
678 4147 790 4219 τῆς
827 4152 979 4219 πρὸς
1015 4155 1362 4223 Κορινθίους
1398 4158 1699 4229 δευτέρας.

355 4318 357 4321 ι
420 4274 435 4282 “
461 4257 624 4312 Ὥστε
662 4262 823 4331 ἡμεῖς
863 4262 971 4317 ἀπὸ
1013 4263 1105 4319 τοῦ
1131 4265 1227 4321 νῦν
1270 4268 1458 4322 οὐδένα
1488 4271 1711 4342 οἴδαμεν
1760 4276 1899 4330 κατά

332 4346 545 4418 σάρκα’
585 4351 634 4402 εἰ
679 4350 736 4403 δέ
780 4353 873 4405 καὶ
902 4352 1222 4426 ἐγνώκαμεν
1262 4358 1401 4411 κατὰ
1431 4358 1613 4430 σάρκα
1646 4363 1898 4433 Χριστὸν,

329 4438 468 4490 ἀλλά
519 4440 613 4493 νῦν
654 4442 837 4495 οὐκέτι
881 4443 1241 4516 γινώσκομεν.
1275 4464 1294 4497 ι
1347 4448 1412 4501 Τί
1445 4449 1507 4520 δή
1542 4451 1649 4522 ἀρα
1678 4455 1842 4525 φησιν
1872 4456 1901 4508 ὁ

331 4528 575 4595 Παῦλος;
606 4526 753 4602 *Αρα
784 4534 1017 4601 Χριστὸν
1049 4536 1289 4609 ἀρνεῖται
1334 4540 1476 4609 μετὰ
1518 4543 1617 4612 τὴν
1663 4545 1901 4599 ἀνάστα-

334 4635 450 4682 σιν;
483 4619 597 4673 Οὐκ
646 4617 787 4675 οἶδεν
832 4624 994 4677 αὐτὸν
1039 4627 1406 4699 ἐγηγερμένον
1469 4631 1528 4685 ἐν
1586 4636 1770 4707 σαρκὶ,
1808 4638 1902 4691 καὶ

330 4711 710 4781 ἀναληφθέντα
744 4715 862 4783 μετ’
886 4716 1056 4786 αὐτῆς
1095 4721 1177 4782 είς
1216 4720 1306 4774 τὸν
1348 4722 1603 4793 ούρανόν;
1633 4727 1743 4780 Καὶ
1768 4727 1851 4793 τίς
1874 4731 1903 4783 ὁ

332 4802 498 4871 φάναι
524 4805 681 4858 τοῦτο
700 4806 945 4875 τολμῶν;
972 4809 1127 4863 Οὕτω
1150 4811 1258 4883 γὰρ
1279 4811 1387 4867 οἶδε
1408 4817 1502 4869 καὶ
1523 4817 1902 4889 ἀναληφθέντα

332 4894 428 4947 κοιλ⁸
468 4894 667 4965 ἥξοντα
707 4898 849 4953 κατά
882 4901 1126 4971 καιροὺς,
1152 4902 1210 4957 ὃν
1238 4905 1439 4975 τρόπον
1460 4908 1798 4980 ἀναϐέϐηκεν
1825 4913 1904 4975 είς

335 4984 424 5037 τὸν
449 4989 695 5057 οὐρανόν.
734 4990 859 5053 Πῶς
902 4988 998 5044 οὖν
1032 4993 1133 5047 οὐκ
1157 4995 1358 5049 εἰδέναι
1389 4998 1525 5069 φησὶ
1555 5000 1696 5054 κατά
1725 5002 1903 5073 σάρκα

334 5076 495 5142 Υῐόν;
524 5080 648 5133 Ὅτι
678 5081 816 5151 μετὰ
842 5081 941 5154 τὴν
980 5084 1045 5136 ἐκ
1081 5086 1289 5157 νεκρῶν
1332 5089 1651 5159 ἀναϐίωσιν,
1698 5095 1812 5148 ούκτ
1842 5097 1905 5149 ἐκ

335 5166 441 5220 τῶν
472 5170 573 5240 τῆς
602 5173 803 5242 σαρκὸς
826 5172 906 5226 ἔτι
931 5174 1168 5246 μέτρων,
1200 5177 1314 5231 ἀλλ’
1344 5179 1421 5242 ὡς
1448 5181 1514 5235 ἐκ
1545 5181 1693 5246 θείας
1730 5185 1902 5254 ὑπερ-

334 5260 468 5329 οχῆς
490 5262 711 5331 ἄμεινον
735 5264 895 5318 αὐτὸν
924 5266 1121 5320 εἰδέναι
1144 5267 1238 5320 καὶ
1270 5268 1551 5339 ὁμολογεῖν
1571 5286 1585 5301 ο
1626 5271 1777 5329 οὔπω
1797 5273 1905 5343 γὰρ

337 5351 719 5426 πληρωθείσης
746 5356 845 5427 τῆς
871 5357 1205 5428 οἰκονομίας,
1234 5359 1564 5431 ἐκηρύττετο
1593 5362 1733 5416 κατά
1774 5362 1906 5435 σάρ-

335 5458 431 5506 κα,
455 5443 543 5497 ἴνα
575 5446 897 5517 πιστεύηται
926 5447 1169 5517 γεγονὼς
1193 5449 1476 5520 ἄνθρωπος
1496 5452 1530 5503 ὁ
1558 5452 1868 5523 Μονογενής
1887 5470 1902 5485 ·

338 5532 461 5586 ἐπεὶ
489 5533 545 5587 δὲ
576 5536 885 5592 τετέλεσται
929 5539 990 5592 τὸ
1026 5541 1344 5612 μυστήριον,
1380 5542 1472 5611 ἀφ’
1504 5535 1580 5595 ὧν
1621 5544 1737 5596 ἐστι
1771 5543 1905 5608 Θεὸς

338 5623 560 5695 ἄμεινον
609 5627 770 5682 αὐτὸν
805 5630 1105 5700 ὁμολογεῖν,
1147 5630 1180 5701 ἢ
1212 5631 1318 5686 ἀπό
1347 5648 1407 5700 γε
1441 5615 1533 5685 τοῦ
1570 5633 1900 5688 κεκενῶσθαι

414 5802 454 5833 ⁸⁸
483 5802 636 5859 Rom.
664 5820 774 5873 χεν,
812 5807 925 5863 7-9.
1004 5808 1048 5840 ⁸⁸
1074 5808 1245 5865 Galul.
1278 5827 1347 5879 tv,
1387 5814 1437 5868 9.
1518 5810 1598 5865 Μ1
1628 5810 1752 5870 Cor.
1782 5829 1834 5879 ι,
1870 5811 1923 5867 4.

1993 635 2091 690 des
2119 635 2260 688 enim
2290 633 2342 687 in
2378 647 2500 688 eum
2531 640 2782 699 tanquam
2812 631 2866 685 in
2896 632 3064 685 Deum
3116 628 3310 686 fertur.
3354 628 3555 684 Neces-

1994 729 2200 785 Sarium
2258 736 2341 783 est
2382 740 2511 796 ergo
2558 732 2617 779 ut.
2646 724 2741 781 Dei
2771 722 3005 779 Verbum
3052 724 3348 779 secundum
3387 723 3558 793 hypo-

1993 818 2165 873 stasin
2216 818 2465 871 humanre
2518 823 2724 870 natura:
2780 813 2989 869 unitum
3047 813 3419 882 proﬁteamu'r.
3475 810 3556 865 Ai

1995 912 2138 966 hunc
2161 910 2304 965 enim
2328 910 2545 964 modum
2586 922 2748 962 unum
2785 905 3060 961 Christum
3094 913 3349 973 tanquam
3403 912 3558 958 natu-

1996 1002 2163 1058 ralem
2191 1001 2473 1059 Dominum
2502 1000 2841 1065 conﬁtentes,
2886 1006 2941 1053 et
2986 997 3169 1053 carnis
3203 996 3322 1065 eius
3374 1012 3560 1050 resur-

1996 1093 2288 1148 rectionem
2319 1104 2695 1163 agnoscentes,
2734 1105 2798 1145 ac
2826 1088 2990 1144 veluti
3022 1089 3076 1143 iu
3118 1087 3287 1143 Deum
3330 1089 3558 1142 creden-

1996 1190 2095 1247 tes,
2127 1182 2529 1251 justilicationis
2561 1179 2883 1236 beneﬁcium
2931 1177 3341 1246 consequimur.

2070 1293 2089 1327 ι
2127 1272 2297 1329 Nemo
2336 1272 2479 1328 enim
2528 1280 2769 1331 nostrum
2816 1269 2918 1325 sibi
2962 1269 3119 1332 vivit.
3164 1278 3217 1322 et
3267 1280 3425 1321 nemo
3457 1264 3557 1318 sibi

1995 1366 2272 1421 moritur:
2315 1364 2431 1419 sive
2476 1364 2621 1419 enim
2666 1363 2918 1428 vivimus,
2951 1360 3108 1431 105
3160 1358 3390 1414 Domino
3416 1358 3556 1411 vivi-

1996 1473 2154 1523 mus;
2198 1456 2623 1519 sive,morimur,
2676 1455 2906 1509 Domino
2943 1454 3226 1507 morimur.
3267 1449 3394 1505 Sive
3428 1465 3558 1525 ergo

1995 1548 2384 1613 vivimus,,sive
2416 1546 2697 1608 morimur,
2718 1544 2927 1599 Domini
2959 1558 3165 1599 sumus.
3196 1540 3256 1597 In
3288 1541 3392 1595 hoc
3414 1541 3556 1595 enim

1994 1638 2243 1694 Christus
2271 1648 2526 1698 mortuus,
2542 1645 2623 1692 est
2654 1644 2707 1690 et
2731 1636 3050 1700 resurrexit,
3098 1642 3157 1686 ut
3190 1633 3432 1687 vivorum
3483 1633 3561 1685 si-

1996 1730 2106 1784 mul
2135 1739 2189 1784 et
2221 1737 2552 1789 mortuorum
2592 1725 2986 1783 dominetur".
3029 1744 3047 1778 ι
3087 1725 3231 1780 Idem
3270 1721 3560 1793 Apostolus

1995 1820 2118 1875 alibi
2152 1820 2272 1875 illos
2296 1821 2385 1893 qui
2422 1835 2485 1873 ex
2523 1819 2772 1887 gentibus
2803 1817 3049 1873 conversi
3086 1815 3323 1882 fuerant,
3364 1816 3437 1868 ita
3476 1814 3555 1868 al-

1923 1876 1966 1930 Β
1997 1899 2271 1981 ioquitur:
2310 1930 2327 1963 ι
2360 1889 2518 1965 Nunc
2575 1921 2753 1965 autem
2807 1926 2927 1965 cum
2974 1908 3335 1980 cognoveritis
3370 1906 3557 1971 Deum,

2000 2001 2110 2059 imo
2138 2000 2339 2071 cogniti
2367 2001 2487 2057 sitis
2523 2016 2551 2053 a
2586 2000 2737 2068 Deo;
2767 2001 3034 2070 quomodo
3084 1997 3278 2052 iterum
3330 2010 3560 2051 conver-

2002 2093 2176 2147 timini
2205 2093 2272 2148 ad
2303 2092 2513 2147 inﬁrma
2543 2103 2598 2148 et
2631 2108 2798 2163 egena
2837 2092 3102 2148 elementa
3128 2088 3339 2153 mundi,
3363 2086 3558 2157 quibus

1998 2183 2176 2238 denuo
2216 2182 2424 2239 servire
2454 2182 2614 2238 vultis
2633 2182 2716 2236 "‘3
2754 2200 2775 2233 ι
2808 2180 2910 2237 Per
2945 2180 3104 2236 ﬁdem
3134 2194 3262 2250 ergo
3313 2178 3367 2232 in
3413 2176 3564 2232 Cbri-

1999 2284 2141 2330 stum
2172 2276 2239 2329 ab
2271 2274 2659 2330 elementorum
2693 2274 2955 2329 servitute
2987 2272 3221 2337 liberati,
3250 2271 3305 2325 in
3335 2268 3429 2324 Dei
3453 2266 3559 2322 vivi

1999 2376 2056 2424 et
2075 2368 2190 2423 veri
2220 2366 2505 2423 servitium
2541 2365 2788 2421 translati
2811 2380 3021 2421 sumus.
3050 2364 3204 2431 Quod
3234 2364 3280 2419 si
3309 2361 3561 2419 Christus

1999 2469 2246 2515 mortuus
2286 2468 2392 2526 est,
2441 2468 2504 2514 ut
2544 2457 2791 2514 vivorum
2833 2466 2888 2513 et
2932 2468 3267 2513 mortuorum
3295 2471 3361 2512 ex
3411 2462 3564 2524 aequo

2000 2550 2329 2613 dominetur,
2360 2550 2571 2619 ipsique
2602 2558 2861 2619 tanquam
2890 2549 3013 2604 vivo
3038 2555 3093 2604 et
3112 2560 3243 2603 vero
3272 2546 3383 2601 Deo
3421 2544 3563 2600 vivi-

2000 2656 2142 2707 mus,
2172 2641 2439 2710 quomodo
2471 2640 2837 2696 necessarium
2877 2653 2985 2694 non
3036 2645 3154 2695 erat
3216 2646 3277 2693 ut
3323 2635 3561 2691 Verbum

1996 2747 2123 2789 cum
2144 2746 2311 2787 carne
2342 2746 2470 2787 vere
2500 2731 2787 2787 uniretur?
2817 2729 2877 2785 in
2915 2731 3031 2801 ipsa
3066 2742 3302 2800 namque
3331 2720 3565 2783 mortem

1997 2836 2340 2893 perpessum,
2376 2836 2499 2879 cum
2529 2823 2582 2877 in
2613 2823 2788 2887 vivos,
2826 2831 2935 2877 tum
2982 2822 3036 2877 in
3072 2831 3316 2876 mortuos
3348 2832 3564 2890 quoque

1999 2915 2290 2985 imperium
2321 2914 2581 2971 obtinuit.

2472 3045 2507 3083 ιο
2528 3028 2693 3098 priori
2718 3029 2786 3082 ad
2818 3026 3141 3081 Corinthios.

2078 3162 2096 3194 ι
2126 3140 2391 3196 Bibebant
2437 3141 2582 3196 enim
2632 3142 2698 3196 de
2740 3140 2995 3210 spiritali,
3048 3148 3410 3208 consequente
3468 3149 3566 3194 eos

1922 3218 1965 3277 C
1998 3240 2152 3303 petra
2179 3250 2193 3287 :
2231 3241 2381 3303 petra
2409 3240 2587 3286 autem
2620 3240 2738 3285 erat
2765 3231 3017 3286 Christus
3038 3230 3106 3285 θ’.
3135 3249 3154 3284 ι
3176 3229 3381 3285 Nomen
3407 3228 3567 3285 Chri-

2000 3327 2068 3381 sti
2101 3335 2229 3381 tunc
2275 3325 2489 3381 demum
2538 3323 2767 3379 inditum
2817 3330 2900 3378 est
2952 3321 3309 3387 Emmanueli,
3354 3320 3571 3389 quando

2002 3432 2068 3472 ex
2107 3432 2260 3472 sacra
2320 3416 2534 3485 Virgine
2583 3416 2851 3486 originem
2896 3415 3069 3469 duxit.
3117 3413 3396 3480 Quomodo
3441 3426 3570 3481 ergo

2000 3519 2155 3579 petra
2189 3521 2311 3562 esse
2359 3515 2593 3576 poterat,
2625 3520 2745 3575 qua:
2779 3505 3034 3575 populum
3077 3503 3432 3563 lsraeliticum
3472 3505 3572 3560 de-

2003 3608 2151 3652 serto
2184 3596 2439 3666 potarat?
2473 3597 2815 3665 Scripturam
2860 3608 3073 3654 sacram
3104 3608 3271 3647 unum
3305 3593 3573 3648 duntaxat

2006 3668 2224 3753 Filium,
2248 3700 2523 3754 unumque
2572 3684 2849 3739 Christum
2877 3698 3198 3753 agnoscere,
3230 3693 3386 3739 extra
3421 3697 3572 3753 qua:-

2003 3779 2233 3835 stionem
2260 3788 2361 3833 est.
2403 3776 2643 3831 Verbum
2698 3775 2923 3841 itaque,
2958 3783 3315 3844 posteaquam
3353 3788 3569 3829 carnem

2008 3869 2268 3939 suscepit,
2297 3867 2561 3939 spiritalis
2581 3867 2746 3923 etiam
2782 3875 2934 3936 petra
2966 3874 3073 3929 est,
3108 3872 3332 3934 propter
3352 3865 3573 3934 dispen-

2005 3960 2232 4016 sationis
2282 3959 2599 4025 novitatem,
2656 3960 2890 4030 proprite
2946 3968 3156 4012 naturae
3189 3956 3570 4025 antiquitatem

2006 4066 2112 4106 non
2140 4051 2420 4122 abjiciens.

2368 4164 2452 4218 Ex
2490 4168 2776 4233 posteriore
2802 4166 2872 4219 ad
2901 4164 3224 4220 Corinthios.

2083 4294 2103 4328 ι
2140 4276 2323 4345 Itaque
2364 4291 2463 4331 nos
2492 4290 2576 4329 ex
2621 4275 2723 4329 hoc
2769 4276 3039 4330 neminem
3089 4272 3339 4327 novimus
3378 4284 3575 4326 secun-

2008 4365 2134 4420 dum
2160 4379 2377 4420 carnem
2408 4384 2420 4421 :
2455 4374 2511 4419 et
2541 4365 2585 4419 si
2624 4364 2920 4420 secundum
2960 4378 3180 4419 carnem
3222 4360 3574 4432 cognovimus

2006 4454 2317 4521 Christum,
2363 4456 2458 4512 sed
2505 4471 2647 4510 nunc
2681 4455 2795 4526 jam
2841 4470 2944 4509 non
2997 4454 3244 4509 novimus
3268 4455 3336 4509 ’⁷.
3366 4457 3395 4506 ἰ
3436 4451 3573 4519 Quid

1935 4528 2112 4620 D'est,
2149 4532 2395 4611 obsedro,
2425 4545 2566 4616 quod
2599 4544 2798 4600 Paulus
2835 4544 2922 4600 hic
2968 4544 3088 4599 ait?
3123 4544 3372 4614 Nunquid
3415 4542 3574 4598 Chri—

2004 4647 2313 4708 stumpost
2355 4638 2806 4693 resurrectionem
2861 4637 3167 4693 inﬁciatur?
3208 4636 3397 4691 Nonne
3425 4635 3572 4690 illum

2004 4734 2300 4786 secundum
2350 4745 2567 4787 carnem
2615 4729 2995 4787 resuscitatum
3023 4769 3039 4795 ,
3083 4743 3317 4798 cumque
3386 4729 3576 4781 eadem

2004 4822 2093 4876 ilia
2120 4837 2285 4877 carne
2311 4822 2362 4877 in
2392 4822 2586 4877 coelum
2617 4822 2917 4892 profectum
2966 4821 3168 4876 norat?
3196 4820 3394 4890 Ecquis
3425 4822 3565 4877 istud

2006 4911 2191 4968 dicere
2244 4912 2469 4967 audeat?
2524 4911 2707 4967 Talem
2753 4928 2988 4981 namque
3054 4913 3106 4967 in
3154 4912 3350 4967 etclum
3390 4926 3574 4967 ascen.

2010 5001 2176 5065 disse,
2210 5015 2274 5055 ac
2308 5000 2436 5055 olim
2475 5001 2598 5055 inde
2626 5015 2837 5055 rursum
2861 5010 3149 5055 venturqu
3178 4999 3404 5064 sciebat,
3436 5016 3571 5071 qua-

2012 5092 2114 5146 lem
2173 5092 2420 5146 caelestia
2455 5092 2677 5160 petiisse
2724 5092 3036 5162 neutiquam
3090 5091 3393 5163 ignorabat.
3430 5092 3575 5160 Quo-

2011 5186 2172 5238 modo
2203 5184 2365 5252 igitur
2397 5182 2591 5238 Filium
2628 5185 2922 5239 secundum
2955 5198 3174 5239 carnem
3205 5198 3263 5238 se
3291 5197 3453 5239 nosse
3480 5198 3574 5240 ne—

2012 5272 2431 5344 gat?Quoniam
2470 5274 2632 5329 simul
2661 5283 2822 5342 atque
2865 5290 2931 5330 ex
2964 5274 3194 5331 mortuis
3232 5274 3452 5343 revixit,
3484 5290 3574 5330 sa~

2012 5364 2119 5419 tius
2153 5378 2219 5419 ex
2268 5364 2448 5419 divina
2495 5365 2653 5436 106
2698 5366 2991 5421 eminentia
3027 5365 3178 5421 illum
3216 5375 3272 5421 et
3315 5380 3478 5422 nosse
3523 5376 3577 5420 et

2009 5453 2443 5525 proﬁteri,quam
2467 5468 2533 5510 ex
2558 5456 2742 5510 carnis
2770 5471 3047 5511 mensura.
3083 5456 3331 5523 Etenim,
3360 5456 3575 5525 dispen-

2011 5544 2235 5600 sationis
2286 5546 2543 5615 mysterio
2573 5548 2804 5603 necdum
2836 5548 3074 5619 expleto,
3106 5547 3405 5603 secundum
3449 5560 3575 5603 car-

2008 5650 2130 5691 nem
2174 5636 2584 5707 praedicabatur,
2626 5654 2733 5711 quo
2773 5639 3025 5696 nimirum
3074 5637 3397 5711 Unigcnitus
3447 5653 3574 5696 cars

2005 5810 2093 5868 οτι
2126 5794 2251 5869 Cur.
2284 5827 2336 5880 v,
2374 5813 2449 5867 to.
