  <div class='ocr_page' id='page_1' title='image "/cluster/home/n/w/nwhite01/storage/ocr_20150623/76/hvd.32044019207943/661.png"; bbox 0 0 4132 6506; ppageno 0'>
   <div class='ocr_carea' id='block_1_1' title="bbox 541 396 681 451">
    <p class='ocr_par' dir='ltr' id='par_1_1' title="bbox 541 396 681 451">
     <span class='ocr_line' id='line_1_1' title="bbox 541 396 681 451; baseline -0.021 1"><span class='ocrx_word' id='word_1_1' title='bbox 541 396 681 451; x_wconf 76' lang='grc'><strong>1507</strong></span> 
     </span>
    </p>
   </div>
   <div class='ocr_carea' id='block_1_2' title="bbox 1520 387 2771 449">
    <p class='ocr_par' dir='ltr' id='par_1_2' title="bbox 1520 387 2771 449">
     <span class='ocr_line' id='line_1_2' title="bbox 1520 387 2771 449; baseline 0.002 -2"><span class='ocrx_word' id='word_1_2' title='bbox 1520 390 1580 447; x_wconf 82' lang='lat' dir='ltr'><strong>S.</strong></span> <span class='ocrx_word' id='word_1_3' title='bbox 1621 387 1899 449; x_wconf 75' lang='lat' dir='ltr'><strong>CYlllLLl</strong></span> <span class='ocrx_word' id='word_1_4' title='bbox 1938 390 2411 447; x_wconf 80' lang='lat' dir='ltr'><strong>ALEXANDRINI</strong></span> <span class='ocrx_word' id='word_1_5' title='bbox 2448 392 2771 449; x_wconf 80' lang='lat' dir='ltr'><strong>AllCHIEP.</strong></span> 
     </span>
    </p>
   </div>
   <div class='ocr_carea' id='block_1_3' title="bbox 3652 390 3781 445">
    <p class='ocr_par' dir='ltr' id='par_1_3' title="bbox 3652 390 3781 445">
     <span class='ocr_line' id='line_1_3' title="bbox 3652 390 3781 445; baseline 0 0"><span class='ocrx_word' id='word_1_6' title='bbox 3652 390 3781 445; x_wconf 77' lang='lat'><strong>1508</strong></span> 
     </span>
    </p>
   </div>
   <div class='ocr_carea' id='block_1_4' title="bbox 542 507 2140 583">
    <p class='ocr_par' dir='ltr' id='par_1_4' title="bbox 542 508 2140 583">
     <span class='ocr_line' id='line_1_4' title="bbox 542 508 2140 583; baseline 0.002 -19"><span class='ocrx_word' id='word_1_7' title='bbox 542 528 680 583; x_wconf 70' lang='lat' dir='ltr'><strong>genu</strong></span> <span class='ocrx_word' id='word_1_8' title='bbox 711 509 957 567; x_wconf 77' lang='lat' dir='ltr'><strong>flectatur</strong></span> <span class='ocrx_word' id='word_1_9' title='bbox 980 508 1303 576; x_wconf 82' lang='lat' dir='ltr'><strong>caelestium,</strong></span> <span class='ocrx_word' id='word_1_10' title='bbox 1332 517 1388 565; x_wconf 91' lang='lat' dir='ltr'><strong>et</strong></span> <span class='ocrx_word' id='word_1_11' title='bbox 1426 513 1790 579; x_wconf 88' lang='lat' dir='ltr'><strong>terrestrium,</strong></span> <span class='ocrx_word' id='word_1_12' title='bbox 1818 522 1873 568; x_wconf 91' lang='lat' dir='ltr'><strong>et</strong></span> <span class='ocrx_word' id='word_1_13' title='bbox 1926 510 2102 567; x_wconf 83' lang='lat' dir='ltr'><strong>infer—</strong></span> <span class='ocrx_word' id='word_1_14' title='bbox 2138 569 2140 576; x_wconf 32' lang='grc' dir='ltr'><strong><em>λ</em></strong></span> 
     </span>
    </p>
   </div>
   <div class='ocr_carea' id='block_1_5' title="bbox 2242 507 3785 583">
    <p class='ocr_par' dir='ltr' id='par_1_5' title="bbox 2246 507 3785 581">
     <span class='ocr_line' id='line_1_5' title="bbox 2246 507 3785 581; baseline 0.001 -18"><span class='ocrx_word' id='word_1_15' title='bbox 2246 510 2364 580; x_wconf 71' lang='grc' dir='ltr'><strong>ἔων,</strong></span> <span class='ocrx_word' id='word_1_16' title='bbox 2418 513 2515 566; x_wconf 79' lang='grc' dir='ltr'>καὶ</span> <span class='ocrx_word' id='word_1_17' title='bbox 2561 512 2839 581; x_wconf 81' lang='grc' dir='ltr'><strong>ἐπιγείων,</strong></span> <span class='ocrx_word' id='word_1_18' title='bbox 2893 509 2988 566; x_wconf 72' lang='grc' dir='ltr'><strong>καὶ</strong></span> <span class='ocrx_word' id='word_1_19' title='bbox 3034 507 3405 581; x_wconf 80' lang='grc' dir='ltr'><strong>καταχθονίων</strong></span> <span class='ocrx_word' id='word_1_20' title='bbox 3430 525 3444 539; x_wconf 87' lang='grc'><strong>·</strong></span> <span class='ocrx_word' id='word_1_21' title='bbox 3496 508 3592 562; x_wconf 79' lang='grc' dir='ltr'>καὶ</span> <span class='ocrx_word' id='word_1_22' title='bbox 3641 511 3785 564; x_wconf 75' lang='grc' dir='ltr'>πᾶσα</span> 
     </span>
    </p>
   </div>
   <div class='ocr_carea' id='block_1_6' title="bbox 543 597 2149 669">
    <p class='ocr_par' dir='ltr' id='par_1_6' title="bbox 543 597 2149 669">
     <span class='ocr_line' id='line_1_6' title="bbox 543 597 2149 669; baseline 0.001 -15"><span class='ocrx_word' id='word_1_23' title='bbox 543 616 772 666; x_wconf 87' lang='lat' dir='ltr'><strong>norum;</strong></span> <span class='ocrx_word' id='word_1_24' title='bbox 806 608 863 654; x_wconf 88' lang='lat' dir='ltr'><strong>et</strong></span> <span class='ocrx_word' id='word_1_25' title='bbox 891 598 1070 652; x_wconf 89' lang='lat' dir='ltr'><strong>omnis</strong></span> <span class='ocrx_word' id='word_1_26' title='bbox 1123 597 1302 666; x_wconf 83' lang='lat' dir='ltr'><strong>lingua</strong></span> <span class='ocrx_word' id='word_1_27' title='bbox 1332 599 1662 654; x_wconf 76' lang='lat' dir='ltr'><strong>confiteatur</strong></span> <span class='ocrx_word' id='word_1_28' title='bbox 1691 600 1817 669; x_wconf 87' lang='lat' dir='ltr'><strong>quia</strong></span> <span class='ocrx_word' id='word_1_29' title='bbox 1855 600 2115 655; x_wconf 86' lang='lat' dir='ltr'><strong>Dominus</strong></span> <span class='ocrx_word' id='word_1_30' title='bbox 2148 666 2149 669; x_wconf 21' lang='grc' dir='ltr'><strong>η</strong></span> 
     </span>
    </p>
   </div>
   <div class='ocr_carea' id='block_1_7' title="bbox 544 689 2113 760">
    <p class='ocr_par' dir='ltr' id='par_1_7' title="bbox 544 689 2113 760">
     <span class='ocr_line' id='line_1_7' title="bbox 544 689 2113 760; baseline 0.002 -14"><span class='ocrx_word' id='word_1_31' title='bbox 544 692 703 747; x_wconf 82' lang='lat' dir='ltr'><strong>Jesus</strong></span> <span class='ocrx_word' id='word_1_32' title='bbox 752 690 1004 746; x_wconf 77' lang='lat' dir='ltr'><strong>Christus</strong></span> <span class='ocrx_word' id='word_1_33' title='bbox 1047 689 1100 743; x_wconf 91' lang='lat' dir='ltr'><strong>in</strong></span> <span class='ocrx_word' id='word_1_34' title='bbox 1153 689 1323 760; x_wconf 70' lang='lat' dir='ltr'><strong>gloria</strong></span> <span class='ocrx_word' id='word_1_35' title='bbox 1354 698 1438 745; x_wconf 88' lang='lat' dir='ltr'><strong>est</strong></span> <span class='ocrx_word' id='word_1_36' title='bbox 1467 692 1561 746; x_wconf 88' lang='lat' dir='ltr'><strong>Dei</strong></span> <span class='ocrx_word' id='word_1_37' title='bbox 1594 691 1774 748; x_wconf 80' lang='lat' dir='ltr'><strong>Patris</strong></span> <span class='ocrx_word' id='word_1_38' title='bbox 1810 692 1854 746; x_wconf 82' lang='grc'><strong>⁸.</strong></span> <span class='ocrx_word' id='word_1_39' title='bbox 1887 711 1906 745; x_wconf 82' lang='grc'>›</span> <span class='ocrx_word' id='word_1_40' title='bbox 1945 693 2113 750; x_wconf 88' lang='lat' dir='ltr'><strong>Audis</strong></span> 
     </span>
    </p>
   </div>
   <div class='ocr_carea' id='block_1_8' title="bbox 549 780 2119 852">
    <p class='ocr_par' dir='ltr' id='par_1_8' title="bbox 549 780 2119 852">
     <span class='ocr_line' id='line_1_8' title="bbox 549 780 2119 852; baseline 0 -14"><span class='ocrx_word' id='word_1_41' title='bbox 549 786 652 839; x_wconf 82' lang='lat' dir='ltr'><strong>hoc</strong></span> <span class='ocrx_word' id='word_1_42' title='bbox 683 783 952 852; x_wconf 90' lang='lat' dir='ltr'><strong>quomodo</strong></span> <span class='ocrx_word' id='word_1_43' title='bbox 1001 780 1259 847; x_wconf 85' lang='lat' dir='ltr'><strong>Verbum,</strong></span> <span class='ocrx_word' id='word_1_44' title='bbox 1290 781 1432 851; x_wconf 89' lang='lat' dir='ltr'><strong>quod</strong></span> <span class='ocrx_word' id='word_1_45' title='bbox 1465 782 1517 837; x_wconf 87' lang='lat' dir='ltr'><strong>&#39;rn</strong></span> <span class='ocrx_word' id='word_1_46' title='bbox 1545 782 1637 837; x_wconf 85' lang='lat' dir='ltr'><strong>Dei</strong></span> <span class='ocrx_word' id='word_1_47' title='bbox 1682 783 1852 840; x_wconf 81' lang='lat' dir='ltr'><strong>forma</strong></span> <span class='ocrx_word' id='word_1_48' title='bbox 1887 784 2119 839; x_wconf 76' lang='lat' dir='ltr'><strong>exsiste-</strong></span> 
     </span>
    </p>
   </div>
   <div class='ocr_carea' id='block_1_9' title="bbox 548 873 2116 945">
    <p class='ocr_par' dir='ltr' id='par_1_9' title="bbox 548 873 2116 945">
     <span class='ocr_line' id='line_1_9' title="bbox 548 873 2116 945; baseline -0.001 -14"><span class='ocrx_word' id='word_1_49' title='bbox 548 877 659 943; x_wconf 89' lang='lat' dir='ltr'><strong>bat,</strong></span> <span class='ocrx_word' id='word_1_50' title='bbox 686 883 742 930; x_wconf 90' lang='lat' dir='ltr'><strong>et</strong></span> <span class='ocrx_word' id='word_1_51' title='bbox 793 873 935 928; x_wconf 88' lang='lat' dir='ltr'><strong>Deus</strong></span> <span class='ocrx_word' id='word_1_52' title='bbox 969 883 1110 939; x_wconf 86' lang='lat' dir='ltr'><strong>eral,</strong></span> <span class='ocrx_word' id='word_1_53' title='bbox 1162 875 1471 943; x_wconf 88' lang='lat' dir='ltr'><strong>neutiquam</strong></span> <span class='ocrx_word' id='word_1_54' title='bbox 1517 874 1758 945; x_wconf 82' lang='lat' dir='ltr'><strong>rapinam</strong></span> <span class='ocrx_word' id='word_1_55' title='bbox 1794 876 2116 931; x_wconf 87' lang='lat' dir='ltr'><strong>arbitratum</strong></span> 
     </span>
    </p>
   </div>
   <div class='ocr_carea' id='block_1_10' title="bbox 547 963 2116 1035">
    <p class='ocr_par' dir='ltr' id='par_1_10' title="bbox 547 963 2116 1035">
     <span class='ocr_line' id='line_1_10' title="bbox 547 963 2116 1035; baseline 0.001 -16"><span class='ocrx_word' id='word_1_56' title='bbox 547 966 693 1020; x_wconf 87' lang='lat' dir='ltr'><strong>dicat</strong></span> <span class='ocrx_word' id='word_1_57' title='bbox 724 978 846 1019; x_wconf 90' lang='lat' dir='ltr'><strong>esse</strong></span> <span class='ocrx_word' id='word_1_58' title='bbox 885 979 946 1018; x_wconf 91' lang='lat' dir='ltr'><strong>se</strong></span> <span class='ocrx_word' id='word_1_59' title='bbox 987 964 1248 1035; x_wconf 80' lang='lat' dir='ltr'><strong>aequalem</strong></span> <span class='ocrx_word' id='word_1_60' title='bbox 1310 965 1457 1019; x_wconf 89' lang='lat' dir='ltr'><strong>Deo?</strong></span> <span class='ocrx_word' id='word_1_61' title='bbox 1482 963 1761 1034; x_wconf 90' lang='lat' dir='ltr'><strong>Siquidem</strong></span> <span class='ocrx_word' id='word_1_62' title='bbox 1810 967 2116 1021; x_wconf 83' lang='lat' dir='ltr'><strong>naturalem</strong></span> 
     </span>
    </p>
   </div>
   <div class='ocr_carea' id='block_1_11' title="bbox 549 1062 2113 1132">
    <p class='ocr_par' dir='ltr' id='par_1_11' title="bbox 549 1062 2113 1132">
     <span class='ocr_line' id='line_1_11' title="bbox 549 1062 2113 1132; baseline -0.003 -13"><span class='ocrx_word' id='word_1_63' title='bbox 549 1080 671 1119; x_wconf 92' lang='lat' dir='ltr'><strong>cum</strong></span> <span class='ocrx_word' id='word_1_64' title='bbox 698 1064 807 1119; x_wconf 89' lang='lat' dir='ltr'><strong>Deo</strong></span> <span class='ocrx_word' id='word_1_65' title='bbox 852 1064 1010 1118; x_wconf 85' lang='lat' dir='ltr'><strong>Patre</strong></span> <span class='ocrx_word' id='word_1_66' title='bbox 1038 1063 1402 1132; x_wconf 69' lang='lat' dir='ltr'><strong>aequalitatem</strong></span> <span class='ocrx_word' id='word_1_67' title='bbox 1436 1063 1707 1128; x_wconf 87' lang='lat' dir='ltr'><strong>obtinens,</strong></span> <span class='ocrx_word' id='word_1_68' title='bbox 1736 1063 1880 1118; x_wconf 88' lang='lat' dir='ltr'><strong>servi</strong></span> <span class='ocrx_word' id='word_1_69' title='bbox 1914 1062 2113 1128; x_wconf 83' lang='lat' dir='ltr'><strong>forma,</strong></span> 
     </span>
    </p>
   </div>
   <div class='ocr_carea' id='block_1_12' title="bbox 551 1155 2120 1224">
    <p class='ocr_par' dir='ltr' id='par_1_12' title="bbox 551 1155 2120 1224">
     <span class='ocr_line' id='line_1_12' title="bbox 551 1155 2120 1224; baseline -0.001 -14"><span class='ocrx_word' id='word_1_70' title='bbox 551 1158 654 1210; x_wconf 87' lang='lat' dir='ltr'><strong>hoc</strong></span> <span class='ocrx_word' id='word_1_71' title='bbox 680 1166 785 1221; x_wconf 88' lang='lat' dir='ltr'><strong>est,</strong></span> <span class='ocrx_word' id='word_1_72' title='bbox 804 1156 1038 1211; x_wconf 85' lang='lat' dir='ltr'><strong>hominis</strong></span> <span class='ocrx_word' id='word_1_73' title='bbox 1063 1164 1253 1209; x_wconf 88' lang='lat' dir='ltr'><strong>natura</strong></span> <span class='ocrx_word' id='word_1_74' title='bbox 1276 1163 1543 1224; x_wconf 90' lang='lat' dir='ltr'><strong>suscepta,</strong></span> <span class='ocrx_word' id='word_1_75' title='bbox 1565 1155 1911 1224; x_wconf 83' lang='lat' dir='ltr'><strong>semetipsum</strong></span> <span class='ocrx_word' id='word_1_76' title='bbox 1932 1156 2120 1211; x_wconf 84' lang='lat' dir='ltr'><strong>exina-</strong></span> 
     </span>
    </p>
   </div>
   <div class='ocr_carea' id='block_1_13' title="bbox 551 1242 2117 1314">
    <p class='ocr_par' dir='ltr' id='par_1_13' title="bbox 551 1242 2117 1314">
     <span class='ocr_line' id='line_1_13' title="bbox 551 1242 2117 1314; baseline -0.001 -16"><span class='ocrx_word' id='word_1_77' title='bbox 551 1245 707 1312; x_wconf 85' lang='lat' dir='ltr'><strong>nivit,</strong></span> <span class='ocrx_word' id='word_1_78' title='bbox 760 1246 1050 1314; x_wconf 87' lang='lat' dir='ltr'><strong>specieque</strong></span> <span class='ocrx_word' id='word_1_79' title='bbox 1103 1254 1289 1298; x_wconf 90' lang='lat' dir='ltr'><strong>nostra</strong></span> <span class='ocrx_word' id='word_1_80' title='bbox 1336 1258 1401 1298; x_wconf 91' lang='lat' dir='ltr'><strong>ac</strong></span> <span class='ocrx_word' id='word_1_81' title='bbox 1455 1242 1812 1297; x_wconf 90' lang='lat' dir='ltr'><strong>similitudine</strong></span> <span class='ocrx_word' id='word_1_82' title='bbox 1872 1253 2117 1311; x_wconf 88' lang='lat' dir='ltr'><strong>accepta,</strong></span> 
     </span>
    </p>
   </div>
   <div class='ocr_carea' id='block_1_14' title="bbox 552 1333 2125 1403">
    <p class='ocr_par' dir='ltr' id='par_1_14' title="bbox 552 1333 2125 1403">
     <span class='ocr_line' id='line_1_14' title="bbox 552 1333 2125 1403; baseline -0.001 -15"><span class='ocrx_word' id='word_1_83' title='bbox 552 1334 787 1403; x_wconf 90' lang='lat' dir='ltr'><strong>seipsum</strong></span> <span class='ocrx_word' id='word_1_84' title='bbox 811 1335 1133 1388; x_wconf 89' lang='lat' dir='ltr'><strong>humiliavit.</strong></span> <span class='ocrx_word' id='word_1_85' title='bbox 1165 1333 1523 1403; x_wconf 84' lang='lat' dir='ltr'><strong>Posteaquam</strong></span> <span class='ocrx_word' id='word_1_86' title='bbox 1572 1348 1704 1388; x_wconf 86' lang='lat' dir='ltr'><strong>vero</strong></span> <span class='ocrx_word' id='word_1_87' title='bbox 1727 1347 1942 1389; x_wconf 86' lang='lat' dir='ltr'><strong>crucem</strong></span> <span class='ocrx_word' id='word_1_88' title='bbox 1960 1334 2125 1387; x_wconf 81' lang='lat' dir='ltr'><strong>susti-</strong></span> 
     </span>
    </p>
   </div>
   <div class='ocr_carea' id='block_1_15' title="bbox 556 1424 2121 1493">
    <p class='ocr_par' dir='ltr' id='par_1_15' title="bbox 556 1424 2121 1493">
     <span class='ocr_line' id='line_1_15' title="bbox 556 1424 2121 1493; baseline -0.001 -13"><span class='ocrx_word' id='word_1_89' title='bbox 556 1426 693 1491; x_wconf 87' lang='lat' dir='ltr'><strong>nuit,</strong></span> <span class='ocrx_word' id='word_1_90' title='bbox 724 1426 1020 1481; x_wconf 85' lang='lat' dir='ltr'><strong>exaltatum</strong></span> <span class='ocrx_word' id='word_1_91' title='bbox 1054 1425 1204 1491; x_wconf 88' lang='lat' dir='ltr'><strong>dicit,</strong></span> <span class='ocrx_word' id='word_1_92' title='bbox 1243 1426 1537 1493; x_wconf 91' lang='lat' dir='ltr'><strong>datumque</strong></span> <span class='ocrx_word' id='word_1_93' title='bbox 1592 1424 1682 1479; x_wconf 86' lang='lat' dir='ltr'><strong>illi</strong></span> <span class='ocrx_word' id='word_1_94' title='bbox 1726 1439 1920 1479; x_wconf 89' lang='lat' dir='ltr'><strong>nomen</strong></span> <span class='ocrx_word' id='word_1_95' title='bbox 1978 1425 2121 1493; x_wconf 87' lang='lat' dir='ltr'><strong>quod</strong></span> 
     </span>
    </p>
   </div>
   <div class='ocr_carea' id='block_1_16' title="bbox 554 1515 2121 1587">
    <p class='ocr_par' dir='ltr' id='par_1_16' title="bbox 554 1515 2121 1587">
     <span class='ocr_line' id='line_1_16' title="bbox 554 1515 2121 1587; baseline 0 -15"><span class='ocrx_word' id='word_1_96' title='bbox 554 1526 640 1573; x_wconf 87' lang='lat' dir='ltr'><strong>est</strong></span> <span class='ocrx_word' id='word_1_97' title='bbox 671 1532 834 1587; x_wconf 86' lang='lat' dir='ltr'><strong>super</strong></span> <span class='ocrx_word' id='word_1_98' title='bbox 860 1533 1019 1572; x_wconf 89' lang='lat' dir='ltr'><strong>omne</strong></span> <span class='ocrx_word' id='word_1_99' title='bbox 1048 1532 1244 1572; x_wconf 90' lang='lat' dir='ltr'><strong>nomen</strong></span> <span class='ocrx_word' id='word_1_100' title='bbox 1271 1536 1285 1585; x_wconf 90' lang='lat'><strong>;</strong></span> <span class='ocrx_word' id='word_1_101' title='bbox 1330 1518 1402 1571; x_wconf 91' lang='lat' dir='ltr'><strong>ita</strong></span> <span class='ocrx_word' id='word_1_102' title='bbox 1444 1529 1503 1571; x_wconf 87' lang='lat' dir='ltr'><strong>ut</strong></span> <span class='ocrx_word' id='word_1_103' title='bbox 1529 1531 1691 1571; x_wconf 90' lang='lat' dir='ltr'><strong>omne</strong></span> <span class='ocrx_word' id='word_1_104' title='bbox 1721 1531 1857 1586; x_wconf 86' lang='lat' dir='ltr'><strong>genu</strong></span> <span class='ocrx_word' id='word_1_105' title='bbox 1881 1515 1980 1585; x_wconf 88' lang='lat' dir='ltr'><strong>ipsi</strong></span> <span class='ocrx_word' id='word_1_106' title='bbox 2009 1516 2121 1584; x_wconf 78' lang='lat' dir='ltr'><strong>iam</strong></span> 
     </span>
    </p>
   </div>
   <div class='ocr_carea' id='block_1_17' title="bbox 558 1608 2120 1676">
    <p class='ocr_par' dir='ltr' id='par_1_17' title="bbox 558 1608 2120 1676">
     <span class='ocr_line' id='line_1_17' title="bbox 558 1608 2120 1676; baseline 0 -12"><span class='ocrx_word' id='word_1_107' title='bbox 558 1610 891 1676; x_wconf 89' lang='lat' dir='ltr'><strong>incurvetur,</strong></span> <span class='ocrx_word' id='word_1_108' title='bbox 928 1609 1211 1676; x_wconf 88' lang='lat' dir='ltr'><strong>omnisque</strong></span> <span class='ocrx_word' id='word_1_109' title='bbox 1256 1608 1437 1676; x_wconf 84' lang='lat' dir='ltr'><strong>lingua</strong></span> <span class='ocrx_word' id='word_1_110' title='bbox 1484 1610 1734 1662; x_wconf 90' lang='lat' dir='ltr'><strong>eumdem</strong></span> <span class='ocrx_word' id='word_1_111' title='bbox 1782 1608 2120 1664; x_wconf 81' lang='lat' dir='ltr'><strong>conﬁteatur.</strong></span> 
     </span>
    </p>
   </div>
   <div class='ocr_carea' id='block_1_18' title="bbox 560 1699 2126 1770">
    <p class='ocr_par' dir='ltr' id='par_1_18' title="bbox 560 1699 2126 1770">
     <span class='ocr_line' id='line_1_18' title="bbox 560 1699 2126 1770; baseline 0.001 -15"><span class='ocrx_word' id='word_1_112' title='bbox 560 1699 664 1755; x_wconf 86' lang='lat' dir='ltr'><strong>Sed</strong></span> <span class='ocrx_word' id='word_1_113' title='bbox 698 1716 823 1770; x_wconf 89' lang='lat' dir='ltr'><strong>qua,</strong></span> <span class='ocrx_word' id='word_1_114' title='bbox 857 1714 1062 1768; x_wconf 70' lang='lat' dir='ltr'><strong>quaeso,</strong></span> <span class='ocrx_word' id='word_1_115' title='bbox 1088 1700 1318 1765; x_wconf 82' lang='lat' dir='ltr'><strong>ratione,</strong></span> <span class='ocrx_word' id='word_1_116' title='bbox 1347 1701 1436 1770; x_wconf 88' lang='lat' dir='ltr'><strong>qui</strong></span> <span class='ocrx_word' id='word_1_117' title='bbox 1463 1699 1706 1755; x_wconf 79' lang='lat' dir='ltr'><strong>informa</strong></span> <span class='ocrx_word' id='word_1_118' title='bbox 1737 1710 1794 1756; x_wconf 77' lang='lat' dir='ltr'><strong>et</strong></span> <span class='ocrx_word' id='word_1_119' title='bbox 1819 1700 2126 1770; x_wconf 83' lang='lat' dir='ltr'><strong>:equalitate</strong></span> 
     </span>
    </p>
   </div>
   <div class='ocr_carea' id='block_1_19' title="bbox 560 1793 2129 1861">
    <p class='ocr_par' dir='ltr' id='par_1_19' title="bbox 560 1793 2129 1861">
     <span class='ocr_line' id='line_1_19' title="bbox 560 1793 2129 1861; baseline 0.003 -16"><span class='ocrx_word' id='word_1_120' title='bbox 560 1794 653 1848; x_wconf 86' lang='lat' dir='ltr'><strong>Dei</strong></span> <span class='ocrx_word' id='word_1_121' title='bbox 682 1793 1001 1859; x_wconf 74' lang='lat' dir='ltr'><strong>exsistebat,</strong></span> <span class='ocrx_word' id='word_1_122' title='bbox 1030 1795 1098 1848; x_wconf 84' lang='lat' dir='ltr'><strong>ad</strong></span> <span class='ocrx_word' id='word_1_123' title='bbox 1151 1793 1573 1849; x_wconf 78' lang='lat' dir='ltr'><strong>exinanitionem</strong></span> <span class='ocrx_word' id='word_1_124' title='bbox 1623 1808 1683 1849; x_wconf 89' lang='lat' dir='ltr'><strong>se</strong></span> <span class='ocrx_word' id='word_1_125' title='bbox 1736 1794 2040 1861; x_wconf 87' lang='lat' dir='ltr'><strong>demisisse,</strong></span> <span class='ocrx_word' id='word_1_126' title='bbox 2073 1805 2129 1849; x_wconf 89' lang='lat' dir='ltr'><strong>et</strong></span> 
     </span>
    </p>
   </div>
   <div class='ocr_carea' id='block_1_20' title="bbox 2214 596 3786 675">
    <p class='ocr_par' dir='ltr' id='par_1_20' title="bbox 2214 596 3786 675">
     <span class='ocr_line' id='line_1_20' title="bbox 2214 596 3786 675; baseline -0.003 -19"><span class='ocrx_word' id='word_1_127' title='bbox 2214 601 2435 672; x_wconf 85' lang='grc' dir='ltr'>γλῶσσα</span> <span class='ocrx_word' id='word_1_128' title='bbox 2453 596 2936 675; x_wconf 79' lang='grc' dir='ltr'>ἐξομολογήσηται,</span> <span class='ocrx_word' id='word_1_129' title='bbox 2961 603 3044 656; x_wconf 84' lang='grc' dir='ltr'><strong>ὅτι</strong></span> <span class='ocrx_word' id='word_1_130' title='bbox 3077 601 3282 671; x_wconf 84' lang='grc' dir='ltr'>Κύριος</span> <span class='ocrx_word' id='word_1_131' title='bbox 3314 598 3522 670; x_wconf 83' lang='grc' dir='ltr'>Ἰησοῦς</span> <span class='ocrx_word' id='word_1_132' title='bbox 3554 599 3786 670; x_wconf 73' lang='grc' dir='ltr'>Χριστος</span> 
     </span>
    </p>
   </div>
   <div class='ocr_carea' id='block_1_21' title="bbox 2216 692 3787 767">
    <p class='ocr_par' dir='ltr' id='par_1_21' title="bbox 2216 692 3787 767">
     <span class='ocr_line' id='line_1_21' title="bbox 2216 692 3787 767; baseline -0.001 -20"><span class='ocrx_word' id='word_1_133' title='bbox 2216 696 2297 758; x_wconf 77' lang='grc' dir='ltr'><strong>εἰς</strong></span> <span class='ocrx_word' id='word_1_134' title='bbox 2322 694 2478 760; x_wconf 84' lang='grc' dir='ltr'>δόξαν</span> <span class='ocrx_word' id='word_1_135' title='bbox 2522 696 2657 751; x_wconf 88' lang='grc' dir='ltr'>Θεοῦ</span> <span class='ocrx_word' id='word_1_136' title='bbox 2702 698 2935 767; x_wconf 83' lang='grc' dir='ltr'><strong>Πατρός.</strong></span> <span class='ocrx_word' id='word_1_137' title='bbox 2961 715 2979 748; x_wconf 77' lang='grc' dir='ltr'><strong>ι</strong></span> <span class='ocrx_word' id='word_1_138' title='bbox 3019 695 3184 758; x_wconf 81' lang='grc' dir='ltr'>Σύνες</span> <span class='ocrx_word' id='word_1_139' title='bbox 3214 696 3362 757; x_wconf 81' lang='grc' dir='ltr'>ὅπως</span> <span class='ocrx_word' id='word_1_140' title='bbox 3390 692 3483 747; x_wconf 78' lang='grc' dir='ltr'><strong>τὸν</strong></span> <span class='ocrx_word' id='word_1_141' title='bbox 3517 694 3577 745; x_wconf 80' lang='grc' dir='ltr'><strong>ὲν</strong></span> <span class='ocrx_word' id='word_1_142' title='bbox 3610 695 3787 763; x_wconf 73' lang='grc' dir='ltr'>μορφῇ</span> 
     </span>
    </p>
   </div>
   <div class='ocr_carea' id='block_1_22' title="bbox 2216 786 3790 860">
    <p class='ocr_par' dir='ltr' id='par_1_22' title="bbox 2216 786 3790 860">
     <span class='ocr_line' id='line_1_22' title="bbox 2216 786 3790 860; baseline -0.001 -20"><span class='ocrx_word' id='word_1_143' title='bbox 2216 787 2311 840; x_wconf 84' lang='grc' dir='ltr'><strong>τοῦ</strong></span> <span class='ocrx_word' id='word_1_144' title='bbox 2354 787 2491 841; x_wconf 88' lang='grc' dir='ltr'>Θεοῦ</span> <span class='ocrx_word' id='word_1_145' title='bbox 2542 790 2639 843; x_wconf 75' lang='grc' dir='ltr'>καὶ</span> <span class='ocrx_word' id='word_1_146' title='bbox 2669 789 2883 860; x_wconf 78' lang='grc' dir='ltr'><strong>Πατρδς</strong></span> <span class='ocrx_word' id='word_1_147' title='bbox 2930 788 3242 860; x_wconf 82' lang='grc' dir='ltr'>ὑπάρχοντα</span> <span class='ocrx_word' id='word_1_148' title='bbox 3291 786 3422 840; x_wconf 77' lang='grc' dir='ltr'>Θεὸν</span> <span class='ocrx_word' id='word_1_149' title='bbox 3467 786 3666 854; x_wconf 81' lang='grc' dir='ltr'><strong>Λόγον,</strong></span> <span class='ocrx_word' id='word_1_150' title='bbox 3696 786 3790 855; x_wconf 79' lang='grc' dir='ltr'><strong>οὐχ</strong></span> 
     </span>
    </p>
   </div>
   <div class='ocr_carea' id='block_1_23' title="bbox 2217 874 3791 951">
    <p class='ocr_par' dir='ltr' id='par_1_23' title="bbox 2217 874 3791 951">
     <span class='ocr_line' id='line_1_23' title="bbox 2217 874 3791 951; baseline -0.003 -19"><span class='ocrx_word' id='word_1_151' title='bbox 2217 878 2511 950; x_wconf 76' lang='grc' dir='ltr'>ἁρπαγμὸν</span> <span class='ocrx_word' id='word_1_152' title='bbox 2537 879 2844 951; x_wconf 75' lang='grc' dir='ltr'>ἡγήσασθαί</span> <span class='ocrx_word' id='word_1_153' title='bbox 2872 896 3003 950; x_wconf 84' lang='grc' dir='ltr'>φησι</span> <span class='ocrx_word' id='word_1_154' title='bbox 3035 878 3095 932; x_wconf 83' lang='grc' dir='ltr'>τὸ</span> <span class='ocrx_word' id='word_1_155' title='bbox 3124 874 3265 932; x_wconf 75' lang='grc' dir='ltr'>εἶναι</span> <span class='ocrx_word' id='word_1_156' title='bbox 3294 879 3387 932; x_wconf 77' lang='grc' dir='ltr'>ἴσα</span> <span class='ocrx_word' id='word_1_157' title='bbox 3423 876 3564 947; x_wconf 84' lang='grc' dir='ltr'>Θεῷ.</span> <span class='ocrx_word' id='word_1_158' title='bbox 3614 874 3791 946; x_wconf 81' lang='grc' dir='ltr'>Ἐχων</span> 
     </span>
    </p>
   </div>
   <div class='ocr_carea' id='block_1_24' title="bbox 2218 965 3794 1040">
    <p class='ocr_par' dir='ltr' id='par_1_24' title="bbox 2218 965 3794 1040">
     <span class='ocr_line' id='line_1_24' title="bbox 2218 965 3794 1040; baseline -0.003 -19"><span class='ocrx_word' id='word_1_159' title='bbox 2218 968 2326 1039; x_wconf 81' lang='grc' dir='ltr'>γάρ</span> <span class='ocrx_word' id='word_1_160' title='bbox 2354 966 2583 1023; x_wconf 83' lang='grc' dir='ltr'>τὸέἵναι</span> <span class='ocrx_word' id='word_1_161' title='bbox 2610 970 2752 1024; x_wconf 77' lang='grc' dir='ltr'>κατὰ</span> <span class='ocrx_word' id='word_1_162' title='bbox 2784 969 2944 1040; x_wconf 85' lang='grc' dir='ltr'>φύσιν</span> <span class='ocrx_word' id='word_1_163' title='bbox 2979 970 3037 1021; x_wconf 81' lang='grc' dir='ltr'>ὲν</span> <span class='ocrx_word' id='word_1_164' title='bbox 3068 968 3273 1039; x_wconf 78' lang='grc' dir='ltr'>ἰσότητι</span> <span class='ocrx_word' id='word_1_165' title='bbox 3302 968 3395 1021; x_wconf 87' lang='grc' dir='ltr'><strong>τοῦ</strong></span> <span class='ocrx_word' id='word_1_166' title='bbox 3443 965 3677 1037; x_wconf 74' lang='grc' dir='ltr'><strong>Πατρὸς,</strong></span> <span class='ocrx_word' id='word_1_167' title='bbox 3705 983 3794 1018; x_wconf 82' lang='grc' dir='ltr'>κε-</span> 
     </span>
    </p>
   </div>
   <div class='ocr_carea' id='block_1_25' title="bbox 2220 1056 3796 1130">
    <p class='ocr_par' dir='ltr' id='par_1_25' title="bbox 2220 1056 3796 1130">
     <span class='ocr_line' id='line_1_25' title="bbox 2220 1056 3796 1130; baseline -0.001 -21"><span class='ocrx_word' id='word_1_168' title='bbox 2220 1057 2455 1113; x_wconf 83' lang='grc' dir='ltr'>κένωκεν</span> <span class='ocrx_word' id='word_1_169' title='bbox 2480 1059 2691 1125; x_wconf 76' lang='grc' dir='ltr'>ἑαυτὸν,</span> <span class='ocrx_word' id='word_1_170' title='bbox 2715 1060 2810 1113; x_wconf 77' lang='grc' dir='ltr'><strong>καὶ</strong></span> <span class='ocrx_word' id='word_1_171' title='bbox 2841 1058 3053 1130; x_wconf 78' lang='grc' dir='ltr'>μορφὴν</span> <span class='ocrx_word' id='word_1_172' title='bbox 3074 1058 3262 1112; x_wconf 77' lang='grc' dir='ltr'>δούλου</span> <span class='ocrx_word' id='word_1_173' title='bbox 3292 1057 3490 1122; x_wconf 77' lang='grc' dir='ltr'><strong>λαϐὼν,</strong></span> <span class='ocrx_word' id='word_1_174' title='bbox 3516 1056 3796 1109; x_wconf 75' lang='grc' dir='ltr'>τουτέστιν</span> 
     </span>
    </p>
   </div>
   <div class='ocr_carea' id='block_1_26' title="bbox 2221 1145 3798 1220">
    <p class='ocr_par' dir='ltr' id='par_1_26' title="bbox 2221 1145 3798 1220">
     <span class='ocr_line' id='line_1_26' title="bbox 2221 1145 3798 1220; baseline -0.003 -17"><span class='ocrx_word' id='word_1_175' title='bbox 2221 1148 2507 1220; x_wconf 78' lang='grc' dir='ltr'>ἄνθρωπος</span> <span class='ocrx_word' id='word_1_176' title='bbox 2550 1149 2812 1218; x_wconf 78' lang='grc' dir='ltr'><strong>γεγονὼς,</strong></span> <span class='ocrx_word' id='word_1_177' title='bbox 2859 1149 2955 1202; x_wconf 71' lang='grc' dir='ltr'><strong>καὶ</strong></span> <span class='ocrx_word' id='word_1_178' title='bbox 2983 1145 3094 1202; x_wconf 72' lang='grc' dir='ltr'>οἷον</span> <span class='ocrx_word' id='word_1_179' title='bbox 3122 1150 3180 1202; x_wconf 82' lang='grc' dir='ltr'><strong>ὲν</strong></span> <span class='ocrx_word' id='word_1_180' title='bbox 3209 1147 3338 1201; x_wconf 75' lang='grc' dir='ltr'>εἴδει</span> <span class='ocrx_word' id='word_1_181' title='bbox 3381 1148 3461 1218; x_wconf 85' lang='grc' dir='ltr'>τῷ</span> <span class='ocrx_word' id='word_1_182' title='bbox 3492 1147 3615 1200; x_wconf 87' lang='grc' dir='ltr'>καθ’</span> <span class='ocrx_word' id='word_1_183' title='bbox 3654 1148 3798 1215; x_wconf 70' lang='grc' dir='ltr'><strong>ἡμᾶς</strong></span> 
     </span>
    </p>
   </div>
   <div class='ocr_carea' id='block_1_27' title="bbox 2222 1236 3795 1310">
    <p class='ocr_par' dir='ltr' id='par_1_27' title="bbox 2222 1236 3795 1310">
     <span class='ocr_line' id='line_1_27' title="bbox 2222 1236 3795 1310; baseline -0.002 -18"><span class='ocrx_word' id='word_1_184' title='bbox 2222 1239 2486 1310; x_wconf 75' lang='grc' dir='ltr'>εὑρεθεὶς,</span> <span class='ocrx_word' id='word_1_185' title='bbox 2514 1241 2909 1295; x_wconf 69' lang='grc' dir='ltr'>τεταπείνωκεν</span> <span class='ocrx_word' id='word_1_186' title='bbox 2950 1239 3140 1293; x_wconf 80' lang='grc' dir='ltr'>ἑαυτὸν</span> <span class='ocrx_word' id='word_1_187' title='bbox 3172 1240 3253 1302; x_wconf 80' lang='grc' dir='ltr'><strong>εἰς</strong></span> <span class='ocrx_word' id='word_1_188' title='bbox 3282 1240 3535 1292; x_wconf 80' lang='grc' dir='ltr'><strong>κένωσιν.</strong></span> <span class='ocrx_word' id='word_1_189' title='bbox 3577 1236 3795 1306; x_wconf 77' lang='grc' dir='ltr'>Ἐπειδὴ</span> 
     </span>
    </p>
   </div>
   <div class='ocr_carea' id='block_1_28' title="bbox 2224 1330 3843 1403">
    <p class='ocr_par' dir='ltr' id='par_1_28' title="bbox 2224 1330 3843 1403">
     <span class='ocr_line' id='line_1_28' title="bbox 2224 1330 3843 1403; baseline -0.002 -16"><span class='ocrx_word' id='word_1_190' title='bbox 2224 1333 2283 1387; x_wconf 80' lang='grc' dir='ltr'><strong>δὲ</strong></span> <span class='ocrx_word' id='word_1_191' title='bbox 2327 1332 2422 1385; x_wconf 72' lang='grc' dir='ltr'>καὶ</span> <span class='ocrx_word' id='word_1_192' title='bbox 2471 1332 2630 1387; x_wconf 75' lang='grc' dir='ltr'>αὑτὸν</span> <span class='ocrx_word' id='word_1_193' title='bbox 2679 1333 3066 1403; x_wconf 81' lang='grc' dir='ltr'>ὑπομεμένηκε</span> <span class='ocrx_word' id='word_1_194' title='bbox 3104 1333 3195 1387; x_wconf 81' lang='grc' dir='ltr'>τὸν</span> <span class='ocrx_word' id='word_1_195' title='bbox 3244 1332 3495 1397; x_wconf 82' lang='grc' dir='ltr'>σταυρὸν,</span> <span class='ocrx_word' id='word_1_196' title='bbox 3552 1330 3798 1401; x_wconf 74' lang='grc' dir='ltr'>ὕψῶσθαί</span> <span class='ocrx_word' id='word_1_197' title='bbox 3840 1370 3843 1371; x_wconf 48' lang='grc' dir='ltr'><strong>ν</strong></span> 
     </span>
    </p>
   </div>
   <div class='ocr_carea' id='block_1_29' title="bbox 2225 1423 3799 1495">
    <p class='ocr_par' dir='ltr' id='par_1_29' title="bbox 2225 1423 3799 1495">
     <span class='ocr_line' id='line_1_29' title="bbox 2225 1423 3799 1495; baseline 0.001 -20"><span class='ocrx_word' id='word_1_198' title='bbox 2225 1440 2388 1491; x_wconf 74' lang='grc' dir='ltr'>φησιν</span> <span class='ocrx_word' id='word_1_199' title='bbox 2416 1424 2598 1489; x_wconf 79' lang='grc' dir='ltr'>αὑτὸν,</span> <span class='ocrx_word' id='word_1_200' title='bbox 2623 1423 2866 1477; x_wconf 79' lang='grc' dir='ltr'><strong>δεδόσθαι</strong></span> <span class='ocrx_word' id='word_1_201' title='bbox 2896 1424 2952 1476; x_wconf 82' lang='grc' dir='ltr'>δὲ</span> <span class='ocrx_word' id='word_1_202' title='bbox 2984 1424 3131 1495; x_wconf 83' lang='grc' dir='ltr'><strong>αὐτῷ</strong></span> <span class='ocrx_word' id='word_1_203' title='bbox 3161 1425 3257 1478; x_wconf 72' lang='grc' dir='ltr'><strong>καὶ</strong></span> <span class='ocrx_word' id='word_1_204' title='bbox 3279 1424 3339 1477; x_wconf 85' lang='grc' dir='ltr'><strong>τὸ</strong></span> <span class='ocrx_word' id='word_1_205' title='bbox 3368 1424 3541 1493; x_wconf 72' lang='grc' dir='ltr'>ὄνομα</span> <span class='ocrx_word' id='word_1_206' title='bbox 3571 1423 3633 1476; x_wconf 73' lang='grc' dir='ltr'><strong>τὸ</strong></span> <span class='ocrx_word' id='word_1_207' title='bbox 3666 1423 3799 1492; x_wconf 83' lang='grc' dir='ltr'>ὑπὲρ</span> 
     </span>
    </p>
   </div>
   <div class='ocr_carea' id='block_1_30' title="bbox 2226 1513 3800 1585">
    <p class='ocr_par' dir='ltr' id='par_1_30' title="bbox 2226 1513 3800 1585">
     <span class='ocr_line' id='line_1_30' title="bbox 2226 1513 3800 1585; baseline 0.002 -20"><span class='ocrx_word' id='word_1_208' title='bbox 2226 1515 2335 1566; x_wconf 84' lang='grc' dir='ltr'>πᾶν</span> <span class='ocrx_word' id='word_1_209' title='bbox 2361 1513 2560 1585; x_wconf 69' lang='grc' dir='ltr'>όνομα·</span> <span class='ocrx_word' id='word_1_210' title='bbox 2596 1514 2737 1569; x_wconf 76' lang='grc' dir='ltr'>ὥστε</span> <span class='ocrx_word' id='word_1_211' title='bbox 2777 1516 2870 1570; x_wconf 73' lang='grc' dir='ltr'>καὶ</span> <span class='ocrx_word' id='word_1_212' title='bbox 2899 1516 3008 1569; x_wconf 78' lang='grc' dir='ltr'>πᾶν</span> <span class='ocrx_word' id='word_1_213' title='bbox 3036 1515 3165 1583; x_wconf 76' lang='grc' dir='ltr'>γόνυ</span> <span class='ocrx_word' id='word_1_214' title='bbox 3202 1515 3448 1584; x_wconf 67' lang='grc' dir='ltr'>κάμψαι,</span> <span class='ocrx_word' id='word_1_215' title='bbox 3486 1515 3583 1567; x_wconf 81' lang='grc' dir='ltr'><strong>καὶ</strong></span> <span class='ocrx_word' id='word_1_216' title='bbox 3620 1515 3800 1568; x_wconf 70' lang='grc' dir='ltr'>πᾶσαν</span> 
     </span>
    </p>
   </div>
   <div class='ocr_carea' id='block_1_31' title="bbox 2226 1599 3799 1676">
    <p class='ocr_par' dir='ltr' id='par_1_31' title="bbox 2226 1599 3799 1676">
     <span class='ocr_line' id='line_1_31' title="bbox 2226 1599 3799 1676; baseline 0.001 -20"><span class='ocrx_word' id='word_1_217' title='bbox 2226 1603 2375 1673; x_wconf 82' lang='grc' dir='ltr'>αὑτῷ</span> <span class='ocrx_word' id='word_1_218' title='bbox 2398 1604 2645 1673; x_wconf 83' lang='grc' dir='ltr'>γλῶτταν</span> <span class='ocrx_word' id='word_1_219' title='bbox 2674 1604 3196 1676; x_wconf 76' lang='grc' dir='ltr'>ἐξομολογήσασθαι.</span> <span class='ocrx_word' id='word_1_220' title='bbox 3223 1605 3346 1668; x_wconf 84' lang='grc' dir='ltr'><strong>Πῶς</strong></span> <span class='ocrx_word' id='word_1_221' title='bbox 3368 1599 3461 1657; x_wconf 78' lang='grc' dir='ltr'>οὖν</span> <span class='ocrx_word' id='word_1_222' title='bbox 3483 1606 3521 1658; x_wconf 79' lang='grc' dir='ltr'><strong>ό</strong></span> <span class='ocrx_word' id='word_1_223' title='bbox 3537 1605 3595 1656; x_wconf 84' lang='grc' dir='ltr'>ὲν</span> <span class='ocrx_word' id='word_1_224' title='bbox 3625 1605 3799 1673; x_wconf 68' lang='grc' dir='ltr'>μορφῇ</span> 
     </span>
    </p>
   </div>
   <div class='ocr_carea' id='block_1_32' title="bbox 2228 1695 3798 1768">
    <p class='ocr_par' dir='ltr' id='par_1_32' title="bbox 2228 1695 3798 1768">
     <span class='ocr_line' id='line_1_32' title="bbox 2228 1695 3798 1768; baseline -0.001 -19"><span class='ocrx_word' id='word_1_225' title='bbox 2228 1696 2321 1749; x_wconf 76' lang='grc' dir='ltr'>καὶ</span> <span class='ocrx_word' id='word_1_226' title='bbox 2355 1696 2557 1768; x_wconf 74' lang='grc' dir='ltr'>ἰσότητι</span> <span class='ocrx_word' id='word_1_227' title='bbox 2579 1697 2673 1751; x_wconf 83' lang='grc' dir='ltr'><strong>τοῦ</strong></span> <span class='ocrx_word' id='word_1_228' title='bbox 2701 1696 2845 1750; x_wconf 85' lang='grc' dir='ltr'>Θεοῦ</span> <span class='ocrx_word' id='word_1_229' title='bbox 2862 1697 3072 1767; x_wconf 81' lang='grc' dir='ltr'>καθῆκε</span> <span class='ocrx_word' id='word_1_230' title='bbox 3105 1696 3203 1767; x_wconf 82' lang='grc' dir='ltr'>μὲν</span> <span class='ocrx_word' id='word_1_231' title='bbox 3227 1696 3417 1749; x_wconf 78' lang='grc' dir='ltr'>ἑαυτὸν</span> <span class='ocrx_word' id='word_1_232' title='bbox 3440 1698 3522 1759; x_wconf 85' lang='grc' dir='ltr'><strong>εἰς</strong></span> <span class='ocrx_word' id='word_1_233' title='bbox 3550 1695 3798 1757; x_wconf 82' lang='grc' dir='ltr'>κένωσιν,</span> 
     </span>
    </p>
   </div>
   <div class='ocr_carea' id='block_1_33' title="bbox 2234 1783 3800 1860">
    <p class='ocr_par' dir='ltr' id='par_1_33' title="bbox 2234 1783 3800 1860">
     <span class='ocr_line' id='line_1_33' title="bbox 2234 1783 3800 1860; baseline -0.003 -18"><span class='ocrx_word' id='word_1_234' title='bbox 2234 1787 2480 1857; x_wconf 80' lang='grc' dir='ltr'>ὑψῶσθαι</span> <span class='ocrx_word' id='word_1_235' title='bbox 2511 1789 2569 1842; x_wconf 84' lang='grc' dir='ltr'><strong>δὲ</strong></span> <span class='ocrx_word' id='word_1_236' title='bbox 2608 1789 2748 1860; x_wconf 81' lang='grc' dir='ltr'>μετά</span> <span class='ocrx_word' id='word_1_237' title='bbox 2792 1788 2951 1843; x_wconf 90' lang='grc' dir='ltr'>τοῦτο</span> <span class='ocrx_word' id='word_1_238' title='bbox 2997 1788 3213 1858; x_wconf 83' lang='grc' dir='ltr'>λέγεται</span> <span class='ocrx_word' id='word_1_239' title='bbox 3236 1805 3252 1854; x_wconf 91' lang='grc'>;</span> <span class='ocrx_word' id='word_1_240' title='bbox 3279 1783 3407 1858; x_wconf 79' lang='lat' dir='ltr'><strong>&#39;Ap‘</strong></span> <span class='ocrx_word' id='word_1_241' title='bbox 3434 1786 3559 1857; x_wconf 79' lang='grc' dir='ltr'>οὐχὶ</span> <span class='ocrx_word' id='word_1_242' title='bbox 3600 1785 3800 1857; x_wconf 82' lang='grc' dir='ltr'>προδη-</span> 
     </span>
    </p>
   </div>
   <div class='ocr_carea' id='block_1_34' title="bbox 562 1866 2140 1954">
    <p class='ocr_par' dir='ltr' id='par_1_34' title="bbox 562 1884 2127 1953">
     <span class='ocr_line' id='line_1_34' title="bbox 562 1884 2127 1953; baseline 0.001 -14"><span class='ocrx_word' id='word_1_243' title='bbox 562 1893 745 1952; x_wconf 90' lang='lat' dir='ltr'><strong>postea</strong></span> <span class='ocrx_word' id='word_1_244' title='bbox 765 1885 1032 1939; x_wconf 78' lang='lat' dir='ltr'><strong>exaltatus</strong></span> <span class='ocrx_word' id='word_1_245' title='bbox 1057 1884 1411 1953; x_wconf 78' lang='lat' dir='ltr'><strong>perhibetur?</strong></span> <span class='ocrx_word' id='word_1_246' title='bbox 1447 1884 1640 1941; x_wconf 78' lang='lat' dir='ltr'><strong>Annon</strong></span> <span class='ocrx_word' id='word_1_247' title='bbox 1667 1885 2127 1941; x_wconf 83' lang='lat' dir='ltr'><strong>evidentissimum</strong></span> 
     </span>
    </p>
   </div>
   <div class='ocr_carea' id='block_1_35' title="bbox 2242 1866 3803 1954">
    <p class='ocr_par' dir='ltr' id='par_1_35' title="bbox 2242 1878 3803 1954">
     <span class='ocr_line' id='line_1_35' title="bbox 2242 1878 3803 1954; baseline -0.003 -18"><span class='ocrx_word' id='word_1_248' title='bbox 2242 1885 2452 1939; x_wconf 65' lang='lat' dir='ltr'><strong>ldtmov</strong></span> <span class='ocrx_word' id='word_1_249' title='bbox 2490 1883 2552 1937; x_wconf 82' lang='grc' dir='ltr'><strong>τὸ</strong></span> <span class='ocrx_word' id='word_1_250' title='bbox 2599 1882 2694 1937; x_wconf 85' lang='grc' dir='ltr'><strong>τοῦ</strong></span> <span class='ocrx_word' id='word_1_251' title='bbox 2741 1884 2978 1954; x_wconf 82' lang='grc' dir='ltr'>Χριστοῦ</span> <span class='ocrx_word' id='word_1_252' title='bbox 3020 1882 3357 1954; x_wconf 86' lang='grc' dir='ltr'>μυστήριον;</span> <span class='ocrx_word' id='word_1_253' title='bbox 3404 1880 3537 1943; x_wconf 79' lang='grc' dir='ltr'>Θεὸς</span> <span class='ocrx_word' id='word_1_254' title='bbox 3570 1879 3683 1949; x_wconf 81' lang='grc' dir='ltr'><strong>γάρ</strong></span> <span class='ocrx_word' id='word_1_255' title='bbox 3728 1878 3803 1931; x_wconf 77' lang='grc' dir='ltr'>ὢν</span> 
     </span>
    </p>
   </div>
   <div class='ocr_carea' id='block_1_36' title="bbox 560 1973 2132 2032">
    <p class='ocr_par' dir='ltr' id='par_1_36' title="bbox 560 1973 2132 2032">
     <span class='ocr_line' id='line_1_36' title="bbox 560 1973 2132 2032; baseline 0.002 -3"><span class='ocrx_word' id='word_1_256' title='bbox 560 1974 665 2029; x_wconf 86' lang='lat' dir='ltr'><strong>hoc</strong></span> <span class='ocrx_word' id='word_1_257' title='bbox 709 1974 911 2029; x_wconf 86' lang='lat' dir='ltr'><strong>Christi</strong></span> <span class='ocrx_word' id='word_1_258' title='bbox 957 1985 1354 2030; x_wconf 85' lang='lat' dir='ltr'><strong>sacramentum</strong></span> <span class='ocrx_word' id='word_1_259' title='bbox 1379 1975 1499 2030; x_wconf 89' lang='lat' dir='ltr'><strong>est?</strong></span> <span class='ocrx_word' id='word_1_260' title='bbox 1526 1973 1817 2030; x_wconf 85' lang='lat' dir='ltr'><strong>Enimvero</strong></span> <span class='ocrx_word' id='word_1_261' title='bbox 1869 1990 1989 2031; x_wconf 86' lang='lat' dir='ltr'><strong>cum</strong></span> <span class='ocrx_word' id='word_1_262' title='bbox 2044 1991 2132 2032; x_wconf 88' lang='lat' dir='ltr'><strong>sc-</strong></span> 
     </span>
    </p>
   </div>
   <div class='ocr_carea' id='block_1_37' title="bbox 560 2066 2131 2143">
    <p class='ocr_par' dir='ltr' id='par_1_37' title="bbox 560 2066 2131 2143">
     <span class='ocr_line' id='line_1_37' title="bbox 560 2066 2131 2143; baseline 0.003 -23"><span class='ocrx_word' id='word_1_263' title='bbox 560 2066 797 2121; x_wconf 91' lang='lat' dir='ltr'><strong>cundum</strong></span> <span class='ocrx_word' id='word_1_264' title='bbox 848 2074 1099 2121; x_wconf 89' lang='lat' dir='ltr'><strong>naturam</strong></span> <span class='ocrx_word' id='word_1_265' title='bbox 1134 2067 1276 2123; x_wconf 91' lang='lat' dir='ltr'><strong>Deus</strong></span> <span class='ocrx_word' id='word_1_266' title='bbox 1325 2078 1500 2143; x_wconf 86' lang='lat' dir='ltr'><strong>esset,</strong></span> <span class='ocrx_word' id='word_1_267' title='bbox 1528 2067 1705 2125; x_wconf 80' lang='lat' dir='ltr'><strong>factus</strong></span> <span class='ocrx_word' id='word_1_268' title='bbox 1729 2069 1910 2135; x_wconf 90' lang='lat' dir='ltr'><strong>homo,</strong></span> <span class='ocrx_word' id='word_1_269' title='bbox 1947 2070 2000 2123; x_wconf 91' lang='lat' dir='ltr'><strong>in</strong></span> <span class='ocrx_word' id='word_1_270' title='bbox 2029 2071 2131 2125; x_wconf 81' lang='lat' dir='ltr'><strong>hu-</strong></span> 
     </span>
    </p>
   </div>
   <div class='ocr_carea' id='block_1_38' title="bbox 562 2157 2130 2230">
    <p class='ocr_par' dir='ltr' id='par_1_38' title="bbox 562 2157 2130 2230">
     <span class='ocr_line' id='line_1_38' title="bbox 562 2157 2130 2230; baseline 0.004 -19"><span class='ocrx_word' id='word_1_271' title='bbox 562 2157 842 2211; x_wconf 67' lang='lat' dir='ltr'><strong>utilitatem</strong></span> <span class='ocrx_word' id='word_1_272' title='bbox 879 2158 1348 2230; x_wconf 83' lang='lat' dir='ltr'><strong>abjectionemque</strong></span> <span class='ocrx_word' id='word_1_273' title='bbox 1383 2160 1689 2217; x_wconf 87' lang='lat' dir='ltr'><strong>descendit.</strong></span> <span class='ocrx_word' id='word_1_274' title='bbox 1716 2160 1916 2217; x_wconf 79' lang='lat' dir='ltr'><strong>Factus</strong></span> <span class='ocrx_word' id='word_1_275' title='bbox 1950 2172 2130 2217; x_wconf 88' lang='lat' dir='ltr'><strong>autem</strong></span> 
     </span>
    </p>
   </div>
   <div class='ocr_carea' id='block_1_39' title="bbox 561 2250 2134 2322">
    <p class='ocr_par' dir='ltr' id='par_1_39' title="bbox 561 2250 2134 2322">
     <span class='ocr_line' id='line_1_39' title="bbox 561 2250 2134 2322; baseline 0.005 -19"><span class='ocrx_word' id='word_1_276' title='bbox 561 2250 732 2304; x_wconf 88' lang='lat' dir='ltr'><strong>nostri</strong></span> <span class='ocrx_word' id='word_1_277' title='bbox 757 2251 976 2317; x_wconf 89' lang='lat' dir='ltr'><strong>similis,</strong></span> <span class='ocrx_word' id='word_1_278' title='bbox 1006 2252 1165 2322; x_wconf 78' lang='lat'><strong>109</strong></span> <span class='ocrx_word' id='word_1_279' title='bbox 1185 2254 1347 2307; x_wconf 89' lang='lat' dir='ltr'><strong>etiam</strong></span> <span class='ocrx_word' id='word_1_280' title='bbox 1382 2269 1506 2309; x_wconf 92' lang='lat' dir='ltr'><strong>cum</strong></span> <span class='ocrx_word' id='word_1_281' title='bbox 1537 2269 1701 2311; x_wconf 85' lang='lat' dir='ltr'><strong>carne</strong></span> <span class='ocrx_word' id='word_1_282' title='bbox 1741 2271 1893 2311; x_wconf 89' lang='lat' dir='ltr'><strong>suam</strong></span> <span class='ocrx_word' id='word_1_283' title='bbox 1925 2258 2134 2314; x_wconf 89' lang='lat' dir='ltr'><strong>obtinet</strong></span> 
     </span>
    </p>
   </div>
   <div class='ocr_carea' id='block_1_40' title="bbox 560 2338 2134 2412">
    <p class='ocr_par' dir='ltr' id='par_1_40' title="bbox 560 2338 2134 2412">
     <span class='ocr_line' id='line_1_40' title="bbox 560 2338 2134 2412; baseline 0.006 -19"><span class='ocrx_word' id='word_1_284' title='bbox 560 2338 813 2409; x_wconf 78' lang='lat' dir='ltr'><strong>gloriam.</strong></span> <span class='ocrx_word' id='word_1_285' title='bbox 852 2340 917 2395; x_wconf 90' lang='lat' dir='ltr'><strong>Et</strong></span> <span class='ocrx_word' id='word_1_286' title='bbox 962 2343 1077 2412; x_wconf 90' lang='lat' dir='ltr'><strong>ipsa</strong></span> <span class='ocrx_word' id='word_1_287' title='bbox 1130 2342 1390 2399; x_wconf 76' lang='lat' dir='ltr'><strong>exultatio</strong></span> <span class='ocrx_word' id='word_1_288' title='bbox 1441 2359 1547 2399; x_wconf 88' lang='lat' dir='ltr'><strong>non</strong></span> <span class='ocrx_word' id='word_1_289' title='bbox 1597 2347 1853 2401; x_wconf 88' lang='lat' dir='ltr'><strong>convenit</strong></span> <span class='ocrx_word' id='word_1_290' title='bbox 1887 2347 1939 2402; x_wconf 91' lang='lat' dir='ltr'><strong>in</strong></span> <span class='ocrx_word' id='word_1_291' title='bbox 1972 2345 2134 2403; x_wconf 86' lang='lat' dir='ltr'><strong>Verbi</strong></span> 
     </span>
    </p>
   </div>
   <div class='ocr_carea' id='block_1_41' title="bbox 566 2432 2137 2506">
    <p class='ocr_par' dir='ltr' id='par_1_41' title="bbox 566 2432 2137 2506">
     <span class='ocr_line' id='line_1_41' title="bbox 566 2432 2137 2506; baseline 0.008 -24"><span class='ocrx_word' id='word_1_292' title='bbox 566 2438 835 2498; x_wconf 86' lang='lat' dir='ltr'><strong>naturam,</strong></span> <span class='ocrx_word' id='word_1_293' title='bbox 870 2433 962 2487; x_wconf 91' lang='lat' dir='ltr'><strong>sed</strong></span> <span class='ocrx_word' id='word_1_294' title='bbox 992 2432 1044 2486; x_wconf 94' lang='lat' dir='ltr'><strong>in</strong></span> <span class='ocrx_word' id='word_1_295' title='bbox 1067 2434 1238 2501; x_wconf 88' lang='lat' dir='ltr'><strong>ipsam</strong></span> <span class='ocrx_word' id='word_1_296' title='bbox 1263 2436 1443 2491; x_wconf 90' lang='lat' dir='ltr'><strong>carnis</strong></span> <span class='ocrx_word' id='word_1_297' title='bbox 1468 2435 1954 2506; x_wconf 88' lang='lat' dir='ltr'><strong>dispensationem.</strong></span> <span class='ocrx_word' id='word_1_298' title='bbox 1990 2438 2137 2495; x_wconf 90' lang='lat' dir='ltr'><strong>Unus</strong></span> 
     </span>
    </p>
   </div>
   <div class='ocr_carea' id='block_1_42' title="bbox 561 2522 2132 2596">
    <p class='ocr_par' dir='ltr' id='par_1_42' title="bbox 561 2522 2132 2596">
     <span class='ocr_line' id='line_1_42' title="bbox 561 2522 2132 2596; baseline 0.008 -23"><span class='ocrx_word' id='word_1_299' title='bbox 561 2530 647 2576; x_wconf 92' lang='lat' dir='ltr'><strong>cst</strong></span> <span class='ocrx_word' id='word_1_300' title='bbox 680 2522 862 2591; x_wconf 83' lang='lat' dir='ltr'><strong>itaque</strong></span> <span class='ocrx_word' id='word_1_301' title='bbox 891 2522 1137 2579; x_wconf 84' lang='lat' dir='ltr'><strong>Christus</strong></span> <span class='ocrx_word' id='word_1_302' title='bbox 1158 2523 1300 2580; x_wconf 86' lang='lat' dir='ltr'><strong>Deus</strong></span> <span class='ocrx_word' id='word_1_303' title='bbox 1330 2525 1383 2579; x_wconf 91' lang='lat' dir='ltr'><strong>in</strong></span> <span class='ocrx_word' id='word_1_304' title='bbox 1415 2536 1607 2581; x_wconf 88' lang='lat' dir='ltr'><strong>natura</strong></span> <span class='ocrx_word' id='word_1_305' title='bbox 1638 2528 1892 2596; x_wconf 89' lang='lat' dir='ltr'><strong>humana,</strong></span> <span class='ocrx_word' id='word_1_306' title='bbox 1921 2538 1977 2584; x_wconf 92' lang='lat' dir='ltr'><strong>et</strong></span> <span class='ocrx_word' id='word_1_307' title='bbox 2008 2544 2132 2586; x_wconf 91' lang='lat' dir='ltr'><strong>cum</strong></span> 
     </span>
    </p>
   </div>
   <div class='ocr_carea' id='block_1_43' title="bbox 566 2613 2139 2691">
    <p class='ocr_par' dir='ltr' id='par_1_43' title="bbox 566 2613 2139 2691">
     <span class='ocr_line' id='line_1_43' title="bbox 566 2613 2139 2691; baseline 0.008 -26"><span class='ocrx_word' id='word_1_308' title='bbox 566 2622 756 2667; x_wconf 89' lang='lat' dir='ltr'><strong>natura</strong></span> <span class='ocrx_word' id='word_1_309' title='bbox 816 2613 1081 2681; x_wconf 77' lang='lat' dir='ltr'><strong>humana,</strong></span> <span class='ocrx_word' id='word_1_310' title='bbox 1116 2616 1347 2687; x_wconf 85' lang='lat' dir='ltr'><strong>idipsum</strong></span> <span class='ocrx_word' id='word_1_311' title='bbox 1409 2618 1552 2686; x_wconf 91' lang='lat' dir='ltr'><strong>quod</strong></span> <span class='ocrx_word' id='word_1_312' title='bbox 1597 2627 1722 2674; x_wconf 88' lang='lat' dir='ltr'><strong>ante</strong></span> <span class='ocrx_word' id='word_1_313' title='bbox 1771 2629 1909 2687; x_wconf 86' lang='lat' dir='ltr'><strong>erat,</strong></span> <span class='ocrx_word' id='word_1_314' title='bbox 1967 2635 2139 2691; x_wconf 84' lang='lat' dir='ltr'><strong>usque</strong></span> 
     </span>
    </p>
   </div>
   <div class='ocr_carea' id='block_1_44' title="bbox 566 2718 910 2771">
    <p class='ocr_par' dir='ltr' id='par_1_44' title="bbox 566 2718 910 2771">
     <span class='ocr_line' id='line_1_44' title="bbox 566 2718 910 2771; baseline 0.015 -17"><span class='ocrx_word' id='word_1_315' title='bbox 566 2718 910 2771; x_wconf 88' lang='lat' dir='ltr'><strong>permanens.</strong></span> 
     </span>
    </p>
   </div>
   <div class='ocr_carea' id='block_1_45' title="bbox 940 2794 1762 2867">
    <p class='ocr_par' dir='ltr' id='par_1_45' title="bbox 940 2794 1762 2867">
     <span class='ocr_line' id='line_1_45' title="bbox 940 2794 1762 2867; baseline 0.01 -18"><span class='ocrx_word' id='word_1_316' title='bbox 940 2794 1025 2850; x_wconf 77' lang='lat' dir='ltr'><strong>Ex</strong></span> <span class='ocrx_word' id='word_1_317' title='bbox 1051 2796 1288 2867; x_wconf 76' lang='lat' dir='ltr'><strong>Epistola</strong></span> <span class='ocrx_word' id='word_1_318' title='bbox 1316 2800 1384 2852; x_wconf 86' lang='lat' dir='ltr'><strong>ad</strong></span> <span class='ocrx_word' id='word_1_319' title='bbox 1412 2799 1762 2857; x_wconf 69' lang='lat' dir='ltr'><strong>Colossenset.</strong></span> 
     </span>
    </p>
   </div>
   <div class='ocr_carea' id='block_1_46' title="bbox 641 2884 2143 2964">
    <p class='ocr_par' dir='ltr' id='par_1_46' title="bbox 641 2884 2143 2964">
     <span class='ocr_line' id='line_1_46' title="bbox 641 2884 2143 2964; baseline 0.008 -26"><span class='ocrx_word' id='word_1_320' title='bbox 641 2904 661 2938; x_wconf 74' lang='grc' dir='ltr'><strong>ι</strong></span> <span class='ocrx_word' id='word_1_321' title='bbox 684 2884 898 2942; x_wconf 86' lang='lat' dir='ltr'><strong>Gratias</strong></span> <span class='ocrx_word' id='word_1_322' title='bbox 954 2900 1195 2957; x_wconf 82' lang='lat' dir='ltr'><strong>agentes,</strong></span> <span class='ocrx_word' id='word_1_323' title='bbox 1234 2889 1428 2959; x_wconf 90' lang='lat' dir='ltr'><strong>inquit,</strong></span> <span class='ocrx_word' id='word_1_324' title='bbox 1459 2891 1569 2946; x_wconf 88' lang='lat' dir='ltr'><strong>Deo</strong></span> <span class='ocrx_word' id='word_1_325' title='bbox 1626 2890 1799 2957; x_wconf 86' lang='lat' dir='ltr'><strong>Patri,</strong></span> <span class='ocrx_word' id='word_1_326' title='bbox 1826 2892 1916 2963; x_wconf 87' lang='lat' dir='ltr'><strong>qui</strong></span> <span class='ocrx_word' id='word_1_327' title='bbox 1954 2893 2143 2964; x_wconf 81' lang='lat' dir='ltr'><strong>dignos</strong></span> 
     </span>
    </p>
   </div>
   <div class='ocr_carea' id='block_1_47' title="bbox 571 2979 2139 3050">
    <p class='ocr_par' dir='ltr' id='par_1_47' title="bbox 571 2979 2139 3050">
     <span class='ocr_line' id='line_1_47' title="bbox 571 2979 2139 3050; baseline 0.007 -20"><span class='ocrx_word' id='word_1_328' title='bbox 571 2993 668 3033; x_wconf 89' lang='lat' dir='ltr'><strong>nos</strong></span> <span class='ocrx_word' id='word_1_329' title='bbox 712 2979 838 3033; x_wconf 77' lang='lat' dir='ltr'><strong>fecit</strong></span> <span class='ocrx_word' id='word_1_330' title='bbox 891 2979 945 3033; x_wconf 91' lang='lat' dir='ltr'><strong>in</strong></span> <span class='ocrx_word' id='word_1_331' title='bbox 1001 2989 1208 3050; x_wconf 87' lang='lat' dir='ltr'><strong>partem</strong></span> <span class='ocrx_word' id='word_1_332' title='bbox 1263 2983 1428 3036; x_wconf 88' lang='lat' dir='ltr'><strong>sortis</strong></span> <span class='ocrx_word' id='word_1_333' title='bbox 1471 2992 1784 3040; x_wconf 88' lang='lat' dir='ltr'><strong>sanctorum</strong></span> <span class='ocrx_word' id='word_1_334' title='bbox 1818 2985 1871 3040; x_wconf 91' lang='lat' dir='ltr'><strong>in</strong></span> <span class='ocrx_word' id='word_1_335' title='bbox 1899 2986 2139 3041; x_wconf 87' lang='lat' dir='ltr'><strong>lumine:</strong></span> 
     </span>
    </p>
   </div>
   <div class='ocr_carea' id='block_1_48' title="bbox 569 3070 2135 3143">
    <p class='ocr_par' dir='ltr' id='par_1_48' title="bbox 569 3070 2135 3143">
     <span class='ocr_line' id='line_1_48' title="bbox 569 3070 2135 3143; baseline 0.007 -21"><span class='ocrx_word' id='word_1_336' title='bbox 569 3070 659 3137; x_wconf 85' lang='lat' dir='ltr'><strong>qui</strong></span> <span class='ocrx_word' id='word_1_337' title='bbox 681 3070 879 3140; x_wconf 83' lang='lat' dir='ltr'><strong>eripuit</strong></span> <span class='ocrx_word' id='word_1_338' title='bbox 914 3087 1012 3128; x_wconf 91' lang='lat' dir='ltr'><strong>nos</strong></span> <span class='ocrx_word' id='word_1_339' title='bbox 1039 3074 1104 3127; x_wconf 91' lang='lat' dir='ltr'><strong>de</strong></span> <span class='ocrx_word' id='word_1_340' title='bbox 1137 3083 1401 3143; x_wconf 88' lang='lat' dir='ltr'><strong>potestate</strong></span> <span class='ocrx_word' id='word_1_341' title='bbox 1425 3075 1870 3142; x_wconf 87' lang='lat' dir='ltr'><strong>tenebrarum,et</strong></span> <span class='ocrx_word' id='word_1_342' title='bbox 1903 3087 2135 3133; x_wconf 86' lang='lat' dir='ltr'><strong>transtu-</strong></span> 
     </span>
    </p>
   </div>
   <div class='ocr_carea' id='block_1_49' title="bbox 571 3162 2213 3257">
    <p class='ocr_par' dir='ltr' id='par_1_49' title="bbox 571 3162 2213 3257">
     <span class='ocr_line' id='line_1_49' title="bbox 571 3162 2213 3257; baseline 0.007 -43"><span class='ocrx_word' id='word_1_343' title='bbox 571 3162 717 3257; x_wconf 81' lang='lat' dir='ltr'><strong>litin</strong></span> <span class='ocrx_word' id='word_1_344' title='bbox 747 3178 971 3233; x_wconf 79' lang='lat' dir='ltr'><strong>regnum</strong></span> <span class='ocrx_word' id='word_1_345' title='bbox 1006 3165 1126 3220; x_wconf 84' lang='lat' dir='ltr'><strong>Filii</strong></span> <span class='ocrx_word' id='word_1_346' title='bbox 1160 3165 1471 3257; x_wconf 86' lang='lat' dir='ltr'><strong>dilectionis</strong></span> <span class='ocrx_word' id='word_1_347' title='bbox 1501 3181 1634 3231; x_wconf 84' lang='lat' dir='ltr'><strong>suae,</strong></span> <span class='ocrx_word' id='word_1_348' title='bbox 1663 3168 1718 3222; x_wconf 92' lang='lat' dir='ltr'><strong>in</strong></span> <span class='ocrx_word' id='word_1_349' title='bbox 1750 3183 1857 3236; x_wconf 82' lang='lat' dir='ltr'><strong>quo</strong></span> <span class='ocrx_word' id='word_1_350' title='bbox 1882 3169 2141 3224; x_wconf 81' lang='lat' dir='ltr'><strong>habemus</strong></span> <span class='ocrx_word' id='word_1_351' title='bbox 2170 3200 2213 3257; x_wconf 68' lang='grc' dir='ltr'>ο</span> 
     </span>
    </p>
   </div>
   <div class='ocr_carea' id='block_1_50' title="bbox 576 3253 2146 3327">
    <p class='ocr_par' dir='ltr' id='par_1_50' title="bbox 576 3253 2146 3327">
     <span class='ocr_line' id='line_1_50' title="bbox 576 3253 2146 3327; baseline 0.004 -20"><span class='ocrx_word' id='word_1_352' title='bbox 576 3253 1022 3325; x_wconf 74' lang='lat' dir='ltr'><strong>redemptionem,</strong></span> <span class='ocrx_word' id='word_1_353' title='bbox 1082 3256 1458 3310; x_wconf 90' lang='lat' dir='ltr'><strong>remissionem</strong></span> <span class='ocrx_word' id='word_1_354' title='bbox 1512 3268 1858 3324; x_wconf 88' lang='lat' dir='ltr'><strong>peccatorum</strong></span> <span class='ocrx_word' id='word_1_355' title='bbox 1895 3275 1909 3312; x_wconf 88' lang='lat'><strong>:</strong></span> <span class='ocrx_word' id='word_1_356' title='bbox 1944 3259 2146 3327; x_wconf 90' lang='lat' dir='ltr'><strong>quiest</strong></span> 
     </span>
    </p>
   </div>
   <div class='ocr_carea' id='block_1_51' title="bbox 576 3346 2141 3417">
    <p class='ocr_par' dir='ltr' id='par_1_51' title="bbox 576 3346 2141 3417">
     <span class='ocr_line' id='line_1_51' title="bbox 576 3346 2141 3417; baseline 0.004 -19"><span class='ocrx_word' id='word_1_357' title='bbox 576 3347 754 3414; x_wconf 81' lang='lat' dir='ltr'><strong>imago</strong></span> <span class='ocrx_word' id='word_1_358' title='bbox 785 3347 874 3400; x_wconf 89' lang='lat' dir='ltr'><strong>Dei</strong></span> <span class='ocrx_word' id='word_1_359' title='bbox 901 3346 1207 3409; x_wconf 88' lang='lat' dir='ltr'><strong>invisibilis,</strong></span> <span class='ocrx_word' id='word_1_360' title='bbox 1229 3347 1617 3417; x_wconf 81' lang='lat' dir='ltr'><strong>primogenitus</strong></span> <span class='ocrx_word' id='word_1_361' title='bbox 1638 3350 1817 3404; x_wconf 89' lang='lat' dir='ltr'><strong>omnis</strong></span> <span class='ocrx_word' id='word_1_362' title='bbox 1858 3360 2141 3405; x_wconf 80' lang='lat' dir='ltr'><strong>creaturae.</strong></span> 
     </span>
    </p>
   </div>
   <div class='ocr_carea' id='block_1_52' title="bbox 573 3437 2147 3506">
    <p class='ocr_par' dir='ltr' id='par_1_52' title="bbox 573 3437 2147 3506">
     <span class='ocr_line' id='line_1_52' title="bbox 573 3437 2147 3506; baseline 0.006 -16"><span class='ocrx_word' id='word_1_363' title='bbox 573 3438 838 3503; x_wconf 81' lang='lat' dir='ltr'><strong>Quoniam</strong></span> <span class='ocrx_word' id='word_1_364' title='bbox 892 3437 943 3490; x_wconf 94' lang='lat' dir='ltr'><strong>in</strong></span> <span class='ocrx_word' id='word_1_365' title='bbox 982 3438 1096 3506; x_wconf 83' lang='lat' dir='ltr'><strong>ipso</strong></span> <span class='ocrx_word' id='word_1_366' title='bbox 1154 3438 1367 3493; x_wconf 87' lang='lat' dir='ltr'><strong>condita</strong></span> <span class='ocrx_word' id='word_1_367' title='bbox 1403 3448 1528 3493; x_wconf 91' lang='lat' dir='ltr'><strong>sunt</strong></span> <span class='ocrx_word' id='word_1_368' title='bbox 1581 3441 1932 3505; x_wconf 79' lang='lat' dir='ltr'><strong>universa,in</strong></span> <span class='ocrx_word' id='word_1_369' title='bbox 1992 3442 2147 3499; x_wconf 71' lang='lat' dir='ltr'><strong>caelis</strong></span> 
     </span>
    </p>
   </div>
   <div class='ocr_carea' id='block_1_53' title="bbox 575 3526 2146 3595">
    <p class='ocr_par' dir='ltr' id='par_1_53' title="bbox 575 3526 2146 3595">
     <span class='ocr_line' id='line_1_53' title="bbox 575 3526 2146 3595; baseline 0.004 -15"><span class='ocrx_word' id='word_1_370' title='bbox 575 3536 631 3580; x_wconf 85' lang='lat' dir='ltr'><strong>et</strong></span> <span class='ocrx_word' id='word_1_371' title='bbox 654 3526 706 3579; x_wconf 92' lang='lat' dir='ltr'><strong>iu</strong></span> <span class='ocrx_word' id='word_1_372' title='bbox 733 3535 899 3592; x_wconf 86' lang='lat' dir='ltr'><strong>terra,</strong></span> <span class='ocrx_word' id='word_1_373' title='bbox 918 3527 1148 3581; x_wconf 76' lang='lat' dir='ltr'><strong>visibilia</strong></span> <span class='ocrx_word' id='word_1_374' title='bbox 1188 3538 1242 3582; x_wconf 92' lang='lat' dir='ltr'><strong>et</strong></span> <span class='ocrx_word' id='word_1_375' title='bbox 1270 3528 1583 3593; x_wconf 89' lang='lat' dir='ltr'><strong>invisibilia,</strong></span> <span class='ocrx_word' id='word_1_376' title='bbox 1609 3530 1724 3584; x_wconf 81' lang='lat' dir='ltr'><strong>sive</strong></span> <span class='ocrx_word' id='word_1_377' title='bbox 1774 3530 1998 3595; x_wconf 88' lang='lat' dir='ltr'><strong>Throni,</strong></span> <span class='ocrx_word' id='word_1_378' title='bbox 2034 3532 2146 3587; x_wconf 82' lang='lat' dir='ltr'><strong>sive</strong></span> 
     </span>
    </p>
   </div>
   <div class='ocr_carea' id='block_1_54' title="bbox 578 3618 2146 3691">
    <p class='ocr_par' dir='ltr' id='par_1_54' title="bbox 578 3618 2146 3691">
     <span class='ocr_line' id='line_1_54' title="bbox 578 3618 2146 3691; baseline 0.003 -19"><span class='ocrx_word' id='word_1_379' title='bbox 578 3618 1005 3683; x_wconf 71' lang='lat' dir='ltr'><strong>nominationes,</strong></span> <span class='ocrx_word' id='word_1_380' title='bbox 1056 3620 1172 3674; x_wconf 88' lang='lat' dir='ltr'><strong>sive</strong></span> <span class='ocrx_word' id='word_1_381' title='bbox 1225 3619 1588 3689; x_wconf 86' lang='lat' dir='ltr'><strong>Principatus,</strong></span> <span class='ocrx_word' id='word_1_382' title='bbox 1643 3622 1759 3676; x_wconf 89' lang='lat' dir='ltr'><strong>sive</strong></span> <span class='ocrx_word' id='word_1_383' title='bbox 1822 3621 2146 3691; x_wconf 79' lang='lat' dir='ltr'><strong>Potestates,</strong></span> 
     </span>
    </p>
   </div>
   <div class='ocr_carea' id='block_1_55' title="bbox 578 3712 2150 3787">
    <p class='ocr_par' dir='ltr' id='par_1_55' title="bbox 578 3712 2150 3787">
     <span class='ocr_line' id='line_1_55' title="bbox 578 3712 2150 3787; baseline 0.007 -24"><span class='ocrx_word' id='word_1_384' title='bbox 578 3712 756 3765; x_wconf 76' lang='lat' dir='ltr'><strong>omnia</strong></span> <span class='ocrx_word' id='word_1_385' title='bbox 786 3729 881 3782; x_wconf 85' lang='lat' dir='ltr'><strong>per</strong></span> <span class='ocrx_word' id='word_1_386' title='bbox 912 3714 1084 3783; x_wconf 89' lang='lat' dir='ltr'><strong>ipsum</strong></span> <span class='ocrx_word' id='word_1_387' title='bbox 1108 3724 1163 3770; x_wconf 89' lang='lat' dir='ltr'><strong>et</strong></span> <span class='ocrx_word' id='word_1_388' title='bbox 1191 3715 1245 3769; x_wconf 92' lang='lat' dir='ltr'><strong>in</strong></span> <span class='ocrx_word' id='word_1_389' title='bbox 1280 3716 1398 3783; x_wconf 87' lang='lat' dir='ltr'><strong>ipso</strong></span> <span class='ocrx_word' id='word_1_390' title='bbox 1423 3727 1606 3772; x_wconf 88' lang='lat' dir='ltr'><strong>creata</strong></span> <span class='ocrx_word' id='word_1_391' title='bbox 1631 3726 1759 3772; x_wconf 86' lang='lat' dir='ltr'><strong>sunt</strong></span> <span class='ocrx_word' id='word_1_392' title='bbox 1787 3734 1802 3772; x_wconf 88' lang='lat'><strong>:</strong></span> <span class='ocrx_word' id='word_1_393' title='bbox 1834 3729 1884 3773; x_wconf 87' lang='lat' dir='ltr'><strong>et</strong></span> <span class='ocrx_word' id='word_1_394' title='bbox 1925 3720 2038 3787; x_wconf 92' lang='lat' dir='ltr'><strong>ipse</strong></span> <span class='ocrx_word' id='word_1_395' title='bbox 2065 3729 2150 3774; x_wconf 86' lang='lat' dir='ltr'><strong>cst</strong></span> 
     </span>
    </p>
   </div>
   <div class='ocr_carea' id='block_1_56' title="bbox 579 3806 2151 3877">
    <p class='ocr_par' dir='ltr' id='par_1_56' title="bbox 579 3806 2151 3877">
     <span class='ocr_line' id='line_1_56' title="bbox 579 3806 2151 3877; baseline 0.006 -22"><span class='ocrx_word' id='word_1_396' title='bbox 579 3813 703 3855; x_wconf 84' lang='lat' dir='ltr'><strong>ante</strong></span> <span class='ocrx_word' id='word_1_397' title='bbox 725 3818 933 3859; x_wconf 80' lang='lat' dir='ltr'><strong>Omnes.</strong></span> <span class='ocrx_word' id='word_1_398' title='bbox 966 3814 1020 3859; x_wconf 88' lang='lat' dir='ltr'><strong>ct</strong></span> <span class='ocrx_word' id='word_1_399' title='bbox 1065 3806 1244 3860; x_wconf 84' lang='lat' dir='ltr'><strong>omnia</strong></span> <span class='ocrx_word' id='word_1_400' title='bbox 1289 3807 1344 3869; x_wconf 78' lang='lat' dir='ltr'><strong>in</strong></span> <span class='ocrx_word' id='word_1_401' title='bbox 1378 3807 1496 3877; x_wconf 90' lang='lat' dir='ltr'><strong>ipso</strong></span> <span class='ocrx_word' id='word_1_402' title='bbox 1536 3818 1803 3863; x_wconf 87' lang='lat' dir='ltr'><strong>constant.</strong></span> <span class='ocrx_word' id='word_1_403' title='bbox 1825 3809 1887 3863; x_wconf 89' lang='lat' dir='ltr'><strong>Et</strong></span> <span class='ocrx_word' id='word_1_404' title='bbox 1917 3810 2029 3876; x_wconf 91' lang='lat' dir='ltr'><strong>ipse</strong></span> <span class='ocrx_word' id='word_1_405' title='bbox 2067 3818 2151 3865; x_wconf 88' lang='lat' dir='ltr'><strong>est</strong></span> 
     </span>
    </p>
   </div>
   <div class='ocr_carea' id='block_1_57' title="bbox 579 3896 2151 3972">
    <p class='ocr_par' dir='ltr' id='par_1_57' title="bbox 579 3896 2151 3972">
     <span class='ocr_line' id='line_1_57' title="bbox 579 3896 2151 3972; baseline 0.005 -24"><span class='ocrx_word' id='word_1_406' title='bbox 579 3903 740 3961; x_wconf 76' lang='lat' dir='ltr'><strong>caput</strong></span> <span class='ocrx_word' id='word_1_407' title='bbox 767 3896 1006 3965; x_wconf 86' lang='lat' dir='ltr'><strong>corporis</strong></span> <span class='ocrx_word' id='word_1_408' title='bbox 1032 3896 1306 3963; x_wconf 68' lang='lat' dir='ltr'><strong>Ecclesiae,</strong></span> <span class='ocrx_word' id='word_1_409' title='bbox 1340 3900 1429 3967; x_wconf 88' lang='lat' dir='ltr'><strong>qui</strong></span> <span class='ocrx_word' id='word_1_410' title='bbox 1454 3908 1537 3954; x_wconf 87' lang='lat' dir='ltr'><strong>est</strong></span> <span class='ocrx_word' id='word_1_411' title='bbox 1576 3901 1921 3971; x_wconf 85' lang='lat' dir='ltr'><strong>principium,</strong></span> <span class='ocrx_word' id='word_1_412' title='bbox 1950 3902 2151 3972; x_wconf 87' lang='lat' dir='ltr'><strong>primo-</strong></span> 
     </span>
    </p>
   </div>
   <div class='ocr_carea' id='block_1_58' title="bbox 579 3988 2147 4062">
    <p class='ocr_par' dir='ltr' id='par_1_58' title="bbox 579 3988 2147 4062">
     <span class='ocr_line' id='line_1_58' title="bbox 579 3988 2147 4062; baseline 0.004 -22"><span class='ocrx_word' id='word_1_413' title='bbox 579 3988 794 4056; x_wconf 81' lang='lat' dir='ltr'><strong>genitus</strong></span> <span class='ocrx_word' id='word_1_414' title='bbox 820 4003 885 4040; x_wconf 87' lang='lat' dir='ltr'><strong>ex</strong></span> <span class='ocrx_word' id='word_1_415' title='bbox 923 3988 1187 4056; x_wconf 88' lang='lat' dir='ltr'><strong>mortuis;</strong></span> <span class='ocrx_word' id='word_1_416' title='bbox 1214 3999 1272 4043; x_wconf 92' lang='lat' dir='ltr'><strong>ut</strong></span> <span class='ocrx_word' id='word_1_417' title='bbox 1299 3992 1371 4045; x_wconf 88' lang='lat' dir='ltr'><strong>sit</strong></span> <span class='ocrx_word' id='word_1_418' title='bbox 1404 3991 1455 4044; x_wconf 93' lang='lat' dir='ltr'><strong>in</strong></span> <span class='ocrx_word' id='word_1_419' title='bbox 1485 3991 1737 4047; x_wconf 87' lang='lat' dir='ltr'><strong>omnibus</strong></span> <span class='ocrx_word' id='word_1_420' title='bbox 1799 3992 1914 4062; x_wconf 88' lang='lat' dir='ltr'><strong>ipse</strong></span> <span class='ocrx_word' id='word_1_421' title='bbox 1941 3993 2147 4061; x_wconf 87' lang='lat' dir='ltr'><strong>prima-</strong></span> 
     </span>
    </p>
   </div>
   <div class='ocr_carea' id='block_1_59' title="bbox 584 4078 2150 4153">
    <p class='ocr_par' dir='ltr' id='par_1_59' title="bbox 584 4078 2150 4153">
     <span class='ocr_line' id='line_1_59' title="bbox 584 4078 2150 4153; baseline 0.007 -26"><span class='ocrx_word' id='word_1_422' title='bbox 584 4090 692 4150; x_wconf 76' lang='lat' dir='ltr'><strong>tum</strong></span> <span class='ocrx_word' id='word_1_423' title='bbox 731 4088 962 4145; x_wconf 81' lang='lat' dir='ltr'><strong>tenens;</strong></span> <span class='ocrx_word' id='word_1_424' title='bbox 990 4078 1212 4146; x_wconf 81' lang='lat' dir='ltr'><strong>quia-in</strong></span> <span class='ocrx_word' id='word_1_425' title='bbox 1256 4078 1372 4149; x_wconf 90' lang='lat' dir='ltr'><strong>ipso</strong></span> <span class='ocrx_word' id='word_1_426' title='bbox 1407 4080 1738 4147; x_wconf 87' lang='lat' dir='ltr'><strong>complacuit</strong></span> <span class='ocrx_word' id='word_1_427' title='bbox 1784 4098 2001 4137; x_wconf 89' lang='lat' dir='ltr'><strong>onmem</strong></span> <span class='ocrx_word' id='word_1_428' title='bbox 2039 4083 2150 4153; x_wconf 89' lang='lat' dir='ltr'><strong>ple-</strong></span> 
     </span>
    </p>
   </div>
   <div class='ocr_carea' id='block_1_60' title="bbox 582 4169 2152 4240">
    <p class='ocr_par' dir='ltr' id='par_1_60' title="bbox 582 4169 2152 4240">
     <span class='ocr_line' id='line_1_60' title="bbox 582 4169 2152 4240; baseline 0.004 -18"><span class='ocrx_word' id='word_1_429' title='bbox 582 4169 879 4223; x_wconf 85' lang='lat' dir='ltr'><strong>nitudinem</strong></span> <span class='ocrx_word' id='word_1_430' title='bbox 901 4169 1296 4235; x_wconf 76' lang='lat' dir='ltr'><strong>inliahitare,et</strong></span> <span class='ocrx_word' id='word_1_431' title='bbox 1318 4185 1414 4240; x_wconf 89' lang='lat' dir='ltr'><strong>per</strong></span> <span class='ocrx_word' id='word_1_432' title='bbox 1444 4185 1567 4226; x_wconf 90' lang='lat' dir='ltr'><strong>eum</strong></span> <span class='ocrx_word' id='word_1_433' title='bbox 1597 4172 1952 4228; x_wconf 87' lang='lat' dir='ltr'><strong>reconciliare</strong></span> <span class='ocrx_word' id='word_1_434' title='bbox 1970 4174 2152 4229; x_wconf 88' lang='lat' dir='ltr'><strong>omnia</strong></span> 
     </span>
    </p>
   </div>
   <div class='ocr_carea' id='block_1_61' title="bbox 585 4260 2153 4334">
    <p class='ocr_par' dir='ltr' id='par_1_61' title="bbox 585 4260 2153 4334">
     <span class='ocr_line' id='line_1_61' title="bbox 585 4260 2153 4334; baseline 0.005 -21"><span class='ocrx_word' id='word_1_435' title='bbox 585 4261 638 4313; x_wconf 91' lang='lat' dir='ltr'><strong>in</strong></span> <span class='ocrx_word' id='word_1_436' title='bbox 668 4260 869 4329; x_wconf 90' lang='lat' dir='ltr'><strong>ipsum:</strong></span> <span class='ocrx_word' id='word_1_437' title='bbox 891 4261 1185 4330; x_wconf 80' lang='lat' dir='ltr'><strong>paciﬁcans</strong></span> <span class='ocrx_word' id='word_1_438' title='bbox 1210 4276 1306 4331; x_wconf 88' lang='lat' dir='ltr'><strong>per</strong></span> <span class='ocrx_word' id='word_1_439' title='bbox 1336 4264 1651 4329; x_wconf 79' lang='lat' dir='ltr'><strong>sanguinem</strong></span> <span class='ocrx_word' id='word_1_440' title='bbox 1675 4265 1855 4320; x_wconf 89' lang='lat' dir='ltr'><strong>crucis</strong></span> <span class='ocrx_word' id='word_1_441' title='bbox 1879 4264 2017 4334; x_wconf 85' lang='lat' dir='ltr'><strong>ejus,</strong></span> <span class='ocrx_word' id='word_1_442' title='bbox 2040 4268 2153 4322; x_wconf 86' lang='lat' dir='ltr'><strong>sive</strong></span> 
     </span>
    </p>
   </div>
   <div class='ocr_carea' id='block_1_62' title="bbox 584 4350 2154 4421">
    <p class='ocr_par' dir='ltr' id='par_1_62' title="bbox 584 4350 2154 4421">
     <span class='ocr_line' id='line_1_62' title="bbox 584 4350 2154 4421; baseline 0.007 -23"><span class='ocrx_word' id='word_1_443' title='bbox 584 4365 703 4416; x_wconf 66' lang='lat' dir='ltr'><strong>qum</strong></span> <span class='ocrx_word' id='word_1_444' title='bbox 752 4350 805 4403; x_wconf 91' lang='lat' dir='ltr'><strong>in</strong></span> <span class='ocrx_word' id='word_1_445' title='bbox 862 4350 1042 4413; x_wconf 85' lang='lat' dir='ltr'><strong>terris,</strong></span> <span class='ocrx_word' id='word_1_446' title='bbox 1095 4350 1210 4405; x_wconf 79' lang='lat' dir='ltr'><strong>sive</strong></span> <span class='ocrx_word' id='word_1_447' title='bbox 1258 4366 1380 4421; x_wconf 83' lang='lat' dir='ltr'><strong>quae</strong></span> <span class='ocrx_word' id='word_1_448' title='bbox 1433 4352 1487 4405; x_wconf 92' lang='lat' dir='ltr'><strong>in</strong></span> <span class='ocrx_word' id='word_1_449' title='bbox 1551 4353 1704 4409; x_wconf 78' lang='lat' dir='ltr'><strong>caelis</strong></span> <span class='ocrx_word' id='word_1_450' title='bbox 1732 4363 1859 4409; x_wconf 91' lang='lat' dir='ltr'><strong>sunt</strong></span> <span class='ocrx_word' id='word_1_451' title='bbox 1886 4354 1927 4409; x_wconf 81' lang='grc'><strong>⁸.</strong></span> <span class='ocrx_word' id='word_1_452' title='bbox 1959 4374 1977 4407; x_wconf 74' lang='grc' dir='ltr'><strong>ι</strong></span> <span class='ocrx_word' id='word_1_453' title='bbox 2017 4355 2154 4409; x_wconf 85' lang='lat' dir='ltr'><strong>Ecce</strong></span> 
     </span>
    </p>
   </div>
   <div class='ocr_carea' id='block_1_63' title="bbox 587 4442 2154 4515">
    <p class='ocr_par' dir='ltr' id='par_1_63' title="bbox 587 4442 2154 4515">
     <span class='ocr_line' id='line_1_63' title="bbox 587 4442 2154 4515; baseline 0.004 -20"><span class='ocrx_word' id='word_1_454' title='bbox 587 4443 676 4495; x_wconf 82' lang='lat' dir='ltr'><strong>hic</strong></span> <span class='ocrx_word' id='word_1_455' title='bbox 704 4442 852 4495; x_wconf 87' lang='lat' dir='ltr'><strong>illum</strong></span> <span class='ocrx_word' id='word_1_456' title='bbox 894 4458 1081 4498; x_wconf 87' lang='lat' dir='ltr'><strong>rursus</strong></span> <span class='ocrx_word' id='word_1_457' title='bbox 1115 4444 1518 4511; x_wconf 85' lang='lat' dir='ltr'><strong>inaspectahilis</strong></span> <span class='ocrx_word' id='word_1_458' title='bbox 1546 4444 1637 4499; x_wconf 90' lang='lat' dir='ltr'><strong>Dei</strong></span> <span class='ocrx_word' id='word_1_459' title='bbox 1663 4446 1951 4515; x_wconf 75' lang='lat' dir='ltr'><strong>imaginem</strong></span> <span class='ocrx_word' id='word_1_460' title='bbox 1973 4446 2154 4515; x_wconf 88' lang='lat' dir='ltr'><strong>appel-</strong></span> 
     </span>
    </p>
   </div>
   <div class='ocr_carea' id='block_1_64' title="bbox 2232 1971 3802 2047">
    <p class='ocr_par' dir='ltr' id='par_1_64' title="bbox 2232 1971 3802 2047">
     <span class='ocr_line' id='line_1_64' title="bbox 2232 1971 3802 2047; baseline -0.001 -19"><span class='ocrx_word' id='word_1_461' title='bbox 2232 1974 2417 2046; x_wconf 85' lang='grc' dir='ltr'>φύσει,</span> <span class='ocrx_word' id='word_1_462' title='bbox 2449 1975 2673 2044; x_wconf 82' lang='grc' dir='ltr'><strong>γέγονεν</strong></span> <span class='ocrx_word' id='word_1_463' title='bbox 2700 1976 2985 2047; x_wconf 78' lang='grc' dir='ltr'>ἄνθρωπος</span> <span class='ocrx_word' id='word_1_464' title='bbox 3011 1976 3069 2027; x_wconf 67' lang='grc' dir='ltr'><strong>ἐν</strong></span> <span class='ocrx_word' id='word_1_465' title='bbox 3107 1971 3547 2029; x_wconf 79' lang='grc' dir='ltr'>ταπεινώσεικαὶ</span> <span class='ocrx_word' id='word_1_466' title='bbox 3578 1988 3802 2040; x_wconf 70' lang='grc' dir='ltr'>σμικροτ</span> 
     </span>
    </p>
   </div>
   <div class='ocr_carea' id='block_1_65' title="bbox 2232 2061 3806 2139">
    <p class='ocr_par' dir='ltr' id='par_1_65' title="bbox 2232 2061 3806 2139">
     <span class='ocr_line' id='line_1_65' title="bbox 2232 2061 3806 2139; baseline -0.004 -19"><span class='ocrx_word' id='word_1_467' title='bbox 2232 2068 2495 2139; x_wconf 78' lang='grc' dir='ltr'>πρεπειᾳ.</span> <span class='ocrx_word' id='word_1_468' title='bbox 2530 2066 2774 2136; x_wconf 85' lang='grc' dir='ltr'>Γεγονὼς</span> <span class='ocrx_word' id='word_1_469' title='bbox 2806 2067 2864 2121; x_wconf 86' lang='grc' dir='ltr'><strong>δὲ</strong></span> <span class='ocrx_word' id='word_1_470' title='bbox 2893 2066 3017 2121; x_wconf 88' lang='grc' dir='ltr'>καθ’</span> <span class='ocrx_word' id='word_1_471' title='bbox 3044 2067 3219 2137; x_wconf 83' lang='grc' dir='ltr'><strong>ἡμᾶς,</strong></span> <span class='ocrx_word' id='word_1_472' title='bbox 3252 2065 3333 2128; x_wconf 72' lang='grc' dir='ltr'>εἰς</span> <span class='ocrx_word' id='word_1_473' title='bbox 3362 2064 3460 2135; x_wconf 78' lang='grc' dir='ltr'>τὴν</span> <span class='ocrx_word' id='word_1_474' title='bbox 3498 2061 3693 2116; x_wconf 56' lang='grc' dir='ltr'>ἑαυτοῦ</span> <span class='ocrx_word' id='word_1_475' title='bbox 3724 2061 3806 2115; x_wconf 74' lang='grc' dir='ltr'><strong>δό-</strong></span> 
     </span>
    </p>
   </div>
   <div class='ocr_carea' id='block_1_66' title="bbox 2235 2150 3807 2230">
    <p class='ocr_par' dir='ltr' id='par_1_66' title="bbox 2235 2150 3807 2230">
     <span class='ocr_line' id='line_1_66' title="bbox 2235 2150 3807 2230; baseline -0.004 -18"><span class='ocrx_word' id='word_1_476' title='bbox 2235 2158 2330 2224; x_wconf 80' lang='grc' dir='ltr'>ξαν</span> <span class='ocrx_word' id='word_1_477' title='bbox 2372 2159 2639 2230; x_wconf 80' lang='grc' dir='ltr'>άναφοιτᾷ</span> <span class='ocrx_word' id='word_1_478' title='bbox 2682 2158 2778 2212; x_wconf 77' lang='grc' dir='ltr'><strong>καὶ</strong></span> <span class='ocrx_word' id='word_1_479' title='bbox 2812 2156 2952 2226; x_wconf 77' lang='grc' dir='ltr'>μετὰ</span> <span class='ocrx_word' id='word_1_480' title='bbox 2985 2150 3226 2226; x_wconf 76' lang='grc' dir='ltr'><strong>σαρκός.’</strong></span> <span class='ocrx_word' id='word_1_481' title='bbox 3254 2154 3365 2209; x_wconf 62' lang='grc' dir='ltr'><strong>Καὶ¹</strong></span> <span class='ocrx_word' id='word_1_482' title='bbox 3403 2152 3704 2225; x_wconf 71' lang='grc' dir='ltr'>πρέποιᾶν</span> <span class='ocrx_word' id='word_1_483' title='bbox 3747 2151 3807 2205; x_wconf 75' lang='grc' dir='ltr'><strong>τὸ</strong></span> 
     </span>
    </p>
   </div>
   <div class='ocr_carea' id='block_1_67' title="bbox 2236 2244 3812 2320">
    <p class='ocr_par' dir='ltr' id='par_1_67' title="bbox 2236 2244 3812 2320">
     <span class='ocr_line' id='line_1_67' title="bbox 2236 2244 3812 2320; baseline -0.006 -17"><span class='ocrx_word' id='word_1_484' title='bbox 2236 2248 2502 2317; x_wconf 81' lang='grc' dir='ltr'>ὑψοῦσθαι</span> <span class='ocrx_word' id='word_1_485' title='bbox 2532 2252 2598 2320; x_wconf 79' lang='grc' dir='ltr'>τῇ</span> <span class='ocrx_word' id='word_1_486' title='bbox 2632 2248 2936 2320; x_wconf 78' lang='grc' dir='ltr'>οἰκονομίᾳ,</span> <span class='ocrx_word' id='word_1_487' title='bbox 2981 2247 3077 2303; x_wconf 74' lang='grc' dir='ltr'>καὶ</span> <span class='ocrx_word' id='word_1_488' title='bbox 3122 2248 3182 2301; x_wconf 83' lang='grc' dir='ltr'><strong>οὐ</strong></span> <span class='ocrx_word' id='word_1_489' title='bbox 3213 2246 3278 2317; x_wconf 86' lang='grc' dir='ltr'>δὴ</span> <span class='ocrx_word' id='word_1_490' title='bbox 3321 2245 3520 2316; x_wconf 81' lang='grc' dir='ltr'>μᾶλλον</span> <span class='ocrx_word' id='word_1_491' title='bbox 3565 2244 3706 2313; x_wconf 76' lang='grc' dir='ltr'>αὐτῇ</span> <span class='ocrx_word' id='word_1_492' title='bbox 3739 2245 3812 2313; x_wconf 71' lang='grc' dir='ltr'>τῇ</span> 
     </span>
    </p>
   </div>
   <div class='ocr_carea' id='block_1_68' title="bbox 2236 2333 3809 2411">
    <p class='ocr_par' dir='ltr' id='par_1_68' title="bbox 2236 2333 3809 2411">
     <span class='ocr_line' id='line_1_68' title="bbox 2236 2333 3809 2411; baseline -0.005 -17"><span class='ocrx_word' id='word_1_493' title='bbox 2236 2340 2396 2411; x_wconf 79' lang='grc' dir='ltr'>φύσει</span> <span class='ocrx_word' id='word_1_494' title='bbox 2424 2339 2520 2394; x_wconf 87' lang='grc' dir='ltr'><strong>τοῦ</strong></span> <span class='ocrx_word' id='word_1_495' title='bbox 2552 2340 2735 2409; x_wconf 82' lang='grc' dir='ltr'>λόγου.</span> <span class='ocrx_word' id='word_1_496' title='bbox 2767 2333 2990 2404; x_wconf 79' lang='grc' dir='ltr'>Εἷςόῦν</span> <span class='ocrx_word' id='word_1_497' title='bbox 3028 2338 3150 2409; x_wconf 80' lang='grc' dir='ltr'><strong>ἄρα.</strong></span> <span class='ocrx_word' id='word_1_498' title='bbox 3170 2337 3421 2408; x_wconf 70' lang='grc' dir='ltr'>Χριστὸς,</span> <span class='ocrx_word' id='word_1_499' title='bbox 3451 2334 3584 2398; x_wconf 80' lang='grc' dir='ltr'>Θεὸς</span> <span class='ocrx_word' id='word_1_500' title='bbox 3626 2335 3684 2385; x_wconf 75' lang='grc' dir='ltr'>ἐν</span> <span class='ocrx_word' id='word_1_501' title='bbox 3713 2334 3809 2386; x_wconf 54' lang='grc' dir='ltr'><strong>ἀνρ</strong></span> 
     </span>
    </p>
   </div>
   <div class='ocr_carea' id='block_1_69' title="bbox 2238 2426 3809 2504">
    <p class='ocr_par' dir='ltr' id='par_1_69' title="bbox 2238 2426 3809 2504">
     <span class='ocr_line' id='line_1_69' title="bbox 2238 2426 3809 2504; baseline -0.004 -17"><span class='ocrx_word' id='word_1_502' title='bbox 2238 2432 2579 2504; x_wconf 83' lang='grc' dir='ltr'>θρωπότητι,</span> <span class='ocrx_word' id='word_1_503' title='bbox 2624 2432 2722 2486; x_wconf 68' lang='grc' dir='ltr'><strong>καὶ</strong></span> <span class='ocrx_word' id='word_1_504' title='bbox 2770 2431 2912 2504; x_wconf 82' lang='grc' dir='ltr'>μετὰ</span> <span class='ocrx_word' id='word_1_505' title='bbox 2948 2431 3046 2503; x_wconf 80' lang='grc' dir='ltr'><strong>τῆς</strong></span> <span class='ocrx_word' id='word_1_506' title='bbox 3087 2429 3506 2500; x_wconf 82' lang='grc' dir='ltr'>ἀνθρωπότητος</span> <span class='ocrx_word' id='word_1_507' title='bbox 3549 2426 3809 2498; x_wconf 77' lang='grc' dir='ltr'><strong>ὑπάρχων</strong></span> 
     </span>
    </p>
   </div>
   <div class='ocr_carea' id='block_1_70' title="bbox 2236 2519 2386 2596">
    <p class='ocr_par' dir='ltr' id='par_1_70' title="bbox 2236 2519 2386 2596">
     <span class='ocr_line' id='line_1_70' title="bbox 2236 2519 2386 2596; baseline 0.02 -18"><span class='ocrx_word' id='word_1_508' title='bbox 2236 2524 2265 2578; x_wconf 75' lang='grc' dir='ltr'>δ</span> <span class='ocrx_word' id='word_1_509' title='bbox 2296 2519 2386 2596; x_wconf 73' lang='grc' dir='ltr'><strong>ἦν.</strong></span> 
     </span>
    </p>
   </div>
   <div class='ocr_carea' id='block_1_71' title="bbox 2603 2799 3457 2873">
    <p class='ocr_par' dir='ltr' id='par_1_71' title="bbox 2603 2799 3457 2873">
     <span class='ocr_line' id='line_1_71' title="bbox 2603 2799 3457 2873; baseline -0.008 -14"><span class='ocrx_word' id='word_1_510' title='bbox 2603 2805 2701 2859; x_wconf 80' lang='grc' dir='ltr'><strong>Ἐκ</strong></span> <span class='ocrx_word' id='word_1_511' title='bbox 2730 2803 2842 2873; x_wconf 82' lang='grc' dir='ltr'><strong>τῆς</strong></span> <span class='ocrx_word' id='word_1_512' title='bbox 2875 2803 3027 2873; x_wconf 83' lang='grc' dir='ltr'><strong>πρὸς</strong></span> <span class='ocrx_word' id='word_1_513' title='bbox 3060 2799 3457 2866; x_wconf 78' lang='grc' dir='ltr'>Κολασσαεῖς.</span> 
     </span>
    </p>
   </div>
   <div class='ocr_carea' id='block_1_72' title="bbox 2317 2890 3817 2970">
    <p class='ocr_par' dir='ltr' id='par_1_72' title="bbox 2317 2890 3817 2970">
     <span class='ocr_line' id='line_1_72' title="bbox 2317 2890 3817 2970; baseline -0.005 -17"><span class='ocrx_word' id='word_1_514' title='bbox 2317 2917 2337 2952; x_wconf 76' lang='grc' dir='ltr'><strong>ι</strong></span> <span class='ocrx_word' id='word_1_515' title='bbox 2368 2898 2855 2970; x_wconf 80' lang='grc' dir='ltr'>Εὑχαριστοῦντες,</span> <span class='ocrx_word' id='word_1_516' title='bbox 2882 2896 3035 2966; x_wconf 80' lang='grc' dir='ltr'>φησὶ,</span> <span class='ocrx_word' id='word_1_517' title='bbox 3068 2894 3147 2966; x_wconf 82' lang='grc' dir='ltr'>τῷ</span> <span class='ocrx_word' id='word_1_518' title='bbox 3176 2892 3354 2965; x_wconf 74' lang='grc' dir='ltr'>Πατρὶ</span> <span class='ocrx_word' id='word_1_519' title='bbox 3381 2891 3458 2962; x_wconf 82' lang='grc' dir='ltr'>τῷ</span> <span class='ocrx_word' id='word_1_520' title='bbox 3487 2890 3817 2945; x_wconf 72' lang='grc' dir='ltr'><strong>ἱκανώσαντι</strong></span> 
     </span>
    </p>
   </div>
   <div class='ocr_carea' id='block_1_73' title="bbox 2242 2983 3817 3063">
    <p class='ocr_par' dir='ltr' id='par_1_73' title="bbox 2242 2983 3817 3063">
     <span class='ocr_line' id='line_1_73' title="bbox 2242 2983 3817 3063; baseline -0.008 -16"><span class='ocrx_word' id='word_1_521' title='bbox 2242 2994 2391 3063; x_wconf 75' lang='grc' dir='ltr'><strong>ἡμᾶς</strong></span> <span class='ocrx_word' id='word_1_522' title='bbox 2434 2993 2515 3055; x_wconf 78' lang='grc' dir='ltr'>εἰς</span> <span class='ocrx_word' id='word_1_523' title='bbox 2558 2990 2657 3059; x_wconf 85' lang='grc' dir='ltr'>τὴν</span> <span class='ocrx_word' id='word_1_524' title='bbox 2694 2989 2886 3060; x_wconf 79' lang='grc' dir='ltr'>μερίδα</span> <span class='ocrx_word' id='word_1_525' title='bbox 2916 2986 3012 3041; x_wconf 92' lang='grc' dir='ltr'><strong>τοῦ</strong></span> <span class='ocrx_word' id='word_1_526' title='bbox 3044 2987 3248 3058; x_wconf 82' lang='grc' dir='ltr'>κλήρου</span> <span class='ocrx_word' id='word_1_527' title='bbox 3290 2985 3400 3041; x_wconf 85' lang='grc' dir='ltr'>τῶν</span> <span class='ocrx_word' id='word_1_528' title='bbox 3430 2985 3605 3053; x_wconf 79' lang='grc' dir='ltr'><strong>ἁγίων</strong></span> <span class='ocrx_word' id='word_1_529' title='bbox 3648 2984 3707 3036; x_wconf 84' lang='grc' dir='ltr'><strong>ὲν</strong></span> <span class='ocrx_word' id='word_1_530' title='bbox 3735 2983 3817 3052; x_wconf 83' lang='grc' dir='ltr'><strong>τῷ</strong></span> 
     </span>
    </p>
   </div>
   <div class='ocr_carea' id='block_1_74' title="bbox 2244 3072 3815 3151">
    <p class='ocr_par' dir='ltr' id='par_1_74' title="bbox 2244 3072 3815 3151">
     <span class='ocr_line' id='line_1_74' title="bbox 2244 3072 3815 3151; baseline -0.006 -17"><span class='ocrx_word' id='word_1_531' title='bbox 2244 3080 2418 3150; x_wconf 73' lang='grc' dir='ltr'>φωτιο</span> <span class='ocrx_word' id='word_1_532' title='bbox 2455 3080 2515 3145; x_wconf 83' lang='grc' dir='ltr'><strong>ὃς</strong></span> <span class='ocrx_word' id='word_1_533' title='bbox 2547 3078 2814 3151; x_wconf 77' lang='grc' dir='ltr'>ὲρῤύσατο</span> <span class='ocrx_word' id='word_1_534' title='bbox 2841 3079 2987 3148; x_wconf 80' lang='grc' dir='ltr'><strong>ἡμᾶς</strong></span> <span class='ocrx_word' id='word_1_535' title='bbox 3016 3079 3081 3130; x_wconf 84' lang='grc' dir='ltr'><strong>ὲκ</strong></span> <span class='ocrx_word' id='word_1_536' title='bbox 3120 3076 3219 3146; x_wconf 78' lang='grc' dir='ltr'><strong>τῆς</strong></span> <span class='ocrx_word' id='word_1_537' title='bbox 3274 3075 3524 3140; x_wconf 75' lang='grc' dir='ltr'>ἐξουσίας</span> <span class='ocrx_word' id='word_1_538' title='bbox 3558 3073 3653 3127; x_wconf 89' lang='grc' dir='ltr'><strong>τοῦ</strong></span> <span class='ocrx_word' id='word_1_539' title='bbox 3688 3072 3815 3126; x_wconf 68' lang='grc' dir='ltr'>σκόν</span> 
     </span>
    </p>
   </div>
   <div class='ocr_carea' id='block_1_75' title="bbox 2244 3162 3819 3242">
    <p class='ocr_par' dir='ltr' id='par_1_75' title="bbox 2244 3162 3819 3242">
     <span class='ocr_line' id='line_1_75' title="bbox 2244 3162 3819 3242; baseline -0.007 -16"><span class='ocrx_word' id='word_1_540' title='bbox 2244 3172 2498 3237; x_wconf 71' lang='grc' dir='ltr'>τους,καὶ</span> <span class='ocrx_word' id='word_1_541' title='bbox 2534 3169 2864 3242; x_wconf 80' lang='grc' dir='ltr'>μετέστησεν</span> <span class='ocrx_word' id='word_1_542' title='bbox 2890 3170 2970 3233; x_wconf 79' lang='grc' dir='ltr'>εἰς</span> <span class='ocrx_word' id='word_1_543' title='bbox 2996 3167 3095 3239; x_wconf 82' lang='grc' dir='ltr'><strong>τὴν</strong></span> <span class='ocrx_word' id='word_1_544' title='bbox 3131 3166 3407 3237; x_wconf 81' lang='grc' dir='ltr'>βασιλείαν</span> <span class='ocrx_word' id='word_1_545' title='bbox 3434 3164 3528 3217; x_wconf 90' lang='grc' dir='ltr'><strong>τοῦ</strong></span> <span class='ocrx_word' id='word_1_546' title='bbox 3556 3162 3688 3217; x_wconf 78' lang='grc' dir='ltr'>Υἱοῦ</span> <span class='ocrx_word' id='word_1_547' title='bbox 3720 3163 3819 3233; x_wconf 84' lang='grc' dir='ltr'>τῆς</span> 
     </span>
    </p>
   </div>
   <div class='ocr_carea' id='block_1_76' title="bbox 2246 3251 3825 3332">
    <p class='ocr_par' dir='ltr' id='par_1_76' title="bbox 2246 3251 3825 3332">
     <span class='ocr_line' id='line_1_76' title="bbox 2246 3251 3825 3332; baseline -0.008 -15"><span class='ocrx_word' id='word_1_548' title='bbox 2246 3263 2469 3332; x_wconf 82' lang='grc' dir='ltr'><strong>ἀγάπης</strong></span> <span class='ocrx_word' id='word_1_549' title='bbox 2513 3260 2706 3325; x_wconf 84' lang='grc' dir='ltr'>αὑτοῦ,</span> <span class='ocrx_word' id='word_1_550' title='bbox 2755 3261 2813 3312; x_wconf 85' lang='grc' dir='ltr'><strong>ὲν</strong></span> <span class='ocrx_word' id='word_1_551' title='bbox 2842 3251 2887 3327; x_wconf 80' lang='grc' dir='ltr'>ᾧ</span> <span class='ocrx_word' id='word_1_552' title='bbox 2929 3257 3124 3328; x_wconf 79' lang='grc' dir='ltr'>ἔχομεν</span> <span class='ocrx_word' id='word_1_553' title='bbox 3164 3257 3263 3327; x_wconf 82' lang='grc' dir='ltr'><strong>τὴν</strong></span> <span class='ocrx_word' id='word_1_554' title='bbox 3292 3254 3694 3325; x_wconf 69' lang='grc' dir='ltr'><strong>ἀπολύτρωσιν,</strong></span> <span class='ocrx_word' id='word_1_555' title='bbox 3723 3251 3825 3322; x_wconf 68' lang='grc' dir='ltr'>τὴν</span> 
     </span>
    </p>
   </div>
   <div class='ocr_carea' id='block_1_77' title="bbox 2246 3343 3821 3431">
    <p class='ocr_par' dir='ltr' id='par_1_77' title="bbox 2246 3343 3821 3431">
     <span class='ocr_line' id='line_1_77' title="bbox 2246 3343 3821 3431; baseline -0.008 -22"><span class='ocrx_word' id='word_1_556' title='bbox 2246 3352 2587 3431; x_wconf 32' lang='grc' dir='ltr'>άφεσινιτῶν</span> <span class='ocrx_word' id='word_1_557' title='bbox 2623 3351 2906 3424; x_wconf 85' lang='grc' dir='ltr'>ἁμαρτιῶν</span> <span class='ocrx_word' id='word_1_558' title='bbox 2925 3367 2938 3382; x_wconf 81' lang='grc'><strong><em>⁸</em></strong></span> <span class='ocrx_word' id='word_1_559' title='bbox 2969 3352 3029 3415; x_wconf 84' lang='grc' dir='ltr'><strong>ὃς</strong></span> <span class='ocrx_word' id='word_1_560' title='bbox 3059 3352 3208 3404; x_wconf 80' lang='grc' dir='ltr'>ἐστιν</span> <span class='ocrx_word' id='word_1_561' title='bbox 3242 3347 3407 3403; x_wconf 78' lang='grc' dir='ltr'>εἰκὼν</span> <span class='ocrx_word' id='word_1_562' title='bbox 3433 3347 3528 3400; x_wconf 86' lang='grc' dir='ltr'><strong>τοῦ</strong></span> <span class='ocrx_word' id='word_1_563' title='bbox 3559 3345 3696 3400; x_wconf 86' lang='grc' dir='ltr'>Θεοῦ</span> <span class='ocrx_word' id='word_1_564' title='bbox 3725 3343 3821 3398; x_wconf 86' lang='grc' dir='ltr'><strong>τοῦ</strong></span> 
     </span>
    </p>
   </div>
   <div class='ocr_carea' id='block_1_78' title="bbox 2246 3437 3822 3518">
    <p class='ocr_par' dir='ltr' id='par_1_78' title="bbox 2246 3437 3822 3518">
     <span class='ocr_line' id='line_1_78' title="bbox 2246 3437 3822 3518; baseline -0.006 -18"><span class='ocrx_word' id='word_1_565' title='bbox 2246 3447 2504 3518; x_wconf 83' lang='grc' dir='ltr'>ἀοράτου,</span> <span class='ocrx_word' id='word_1_566' title='bbox 2545 3444 2891 3516; x_wconf 85' lang='grc' dir='ltr'>πρωτότοκος</span> <span class='ocrx_word' id='word_1_567' title='bbox 2927 3442 3108 3511; x_wconf 84' lang='grc' dir='ltr'>πάσης</span> <span class='ocrx_word' id='word_1_568' title='bbox 3139 3441 3389 3504; x_wconf 78' lang='grc' dir='ltr'>κτίσεως.</span> <span class='ocrx_word' id='word_1_569' title='bbox 3417 3440 3539 3492; x_wconf 88' lang='grc' dir='ltr'>Ὅτι</span> <span class='ocrx_word' id='word_1_570' title='bbox 3570 3439 3629 3491; x_wconf 79' lang='grc' dir='ltr'>ὲν</span> <span class='ocrx_word' id='word_1_571' title='bbox 3675 3437 3822 3506; x_wconf 74' lang='grc' dir='ltr'>αὐτῷ</span> 
     </span>
    </p>
   </div>
   <div class='ocr_carea' id='block_1_79' title="bbox 2248 3528 3822 3608">
    <p class='ocr_par' dir='ltr' id='par_1_79' title="bbox 2248 3528 3822 3608">
     <span class='ocr_line' id='line_1_79' title="bbox 2248 3528 3822 3608; baseline -0.007 -17"><span class='ocrx_word' id='word_1_572' title='bbox 2248 3537 2471 3608; x_wconf 76' lang='grc' dir='ltr'><strong>ἐκτίσθη</strong></span> <span class='ocrx_word' id='word_1_573' title='bbox 2501 3536 2571 3589; x_wconf 82' lang='grc' dir='ltr'><strong>τά</strong></span> <span class='ocrx_word' id='word_1_574' title='bbox 2599 3534 2777 3589; x_wconf 84' lang='grc' dir='ltr'>πάντα</span> <span class='ocrx_word' id='word_1_575' title='bbox 2806 3535 2866 3587; x_wconf 84' lang='grc' dir='ltr'><strong>ὲν</strong></span> <span class='ocrx_word' id='word_1_576' title='bbox 2892 3533 2970 3605; x_wconf 81' lang='grc' dir='ltr'>τῷ</span> <span class='ocrx_word' id='word_1_577' title='bbox 3001 3532 3214 3604; x_wconf 80' lang='grc' dir='ltr'>οὐρανῷ</span> <span class='ocrx_word' id='word_1_578' title='bbox 3243 3531 3340 3585; x_wconf 66' lang='grc' dir='ltr'><strong>καὶ</strong></span> <span class='ocrx_word' id='word_1_579' title='bbox 3366 3529 3459 3583; x_wconf 58' lang='lat' dir='ltr'><strong>Eni.</strong></span> <span class='ocrx_word' id='word_1_580' title='bbox 3481 3531 3581 3601; x_wconf 80' lang='grc' dir='ltr'><strong>τῆς</strong></span> <span class='ocrx_word' id='word_1_581' title='bbox 3606 3529 3730 3599; x_wconf 79' lang='grc' dir='ltr'><strong>γῆς,</strong></span> <span class='ocrx_word' id='word_1_582' title='bbox 3753 3528 3822 3581; x_wconf 69' lang='grc' dir='ltr'><strong>τά</strong></span> 
     </span>
    </p>
   </div>
   <div class='ocr_carea' id='block_1_80' title="bbox 2248 3621 3820 3700">
    <p class='ocr_par' dir='ltr' id='par_1_80' title="bbox 2248 3621 3820 3700">
     <span class='ocr_line' id='line_1_80' title="bbox 2248 3621 3820 3700; baseline -0.005 -18"><span class='ocrx_word' id='word_1_583' title='bbox 2248 3628 2421 3700; x_wconf 82' lang='grc' dir='ltr'>ὁρατὰ</span> <span class='ocrx_word' id='word_1_584' title='bbox 2449 3628 2545 3681; x_wconf 71' lang='grc' dir='ltr'><strong>καὶ</strong></span> <span class='ocrx_word' id='word_1_585' title='bbox 2573 3626 2645 3680; x_wconf 81' lang='grc' dir='ltr'>τὰ</span> <span class='ocrx_word' id='word_1_586' title='bbox 2670 3626 2897 3697; x_wconf 86' lang='grc' dir='ltr'>ἀόρατα,</span> <span class='ocrx_word' id='word_1_587' title='bbox 2927 3625 3036 3677; x_wconf 77' lang='grc' dir='ltr'>εἴτε</span> <span class='ocrx_word' id='word_1_588' title='bbox 3069 3623 3281 3694; x_wconf 84' lang='grc' dir='ltr'>Θρόνοι,</span> <span class='ocrx_word' id='word_1_589' title='bbox 3326 3624 3436 3676; x_wconf 81' lang='grc' dir='ltr'>εἴτε</span> <span class='ocrx_word' id='word_1_590' title='bbox 3460 3621 3820 3694; x_wconf 85' lang='grc' dir='ltr'>Κυριότητες.</span> 
     </span>
    </p>
   </div>
   <div class='ocr_carea' id='block_1_81' title="bbox 2248 3710 3823 3789">
    <p class='ocr_par' dir='ltr' id='par_1_81' title="bbox 2248 3710 3823 3789">
     <span class='ocr_line' id='line_1_81' title="bbox 2248 3710 3823 3789; baseline -0.008 -16"><span class='ocrx_word' id='word_1_591' title='bbox 2248 3720 2360 3774; x_wconf 70' lang='grc' dir='ltr'>εἴτε</span> <span class='ocrx_word' id='word_1_592' title='bbox 2395 3718 2605 3789; x_wconf 72' lang='grc' dir='ltr'><strong>Ἀρχαὶ,</strong></span> <span class='ocrx_word' id='word_1_593' title='bbox 2634 3717 2745 3770; x_wconf 76' lang='grc' dir='ltr'>εἴτε</span> <span class='ocrx_word' id='word_1_594' title='bbox 2788 3715 3058 3781; x_wconf 78' lang='grc' dir='ltr'>Ἐξουσίαι</span> <span class='ocrx_word' id='word_1_595' title='bbox 3079 3756 3093 3779; x_wconf 90' lang='grc'><em>,</em></span> <span class='ocrx_word' id='word_1_596' title='bbox 3122 3712 3191 3766; x_wconf 80' lang='grc' dir='ltr'>τὰ</span> <span class='ocrx_word' id='word_1_597' title='bbox 3224 3712 3404 3768; x_wconf 90' lang='grc' dir='ltr'>πάντα</span> <span class='ocrx_word' id='word_1_598' title='bbox 3432 3712 3500 3766; x_wconf 84' lang='grc' dir='ltr'><strong>δι’</strong></span> <span class='ocrx_word' id='word_1_599' title='bbox 3530 3710 3695 3766; x_wconf 67' lang='grc' dir='ltr'>αὑτοῦ</span> <span class='ocrx_word' id='word_1_600' title='bbox 3726 3712 3823 3763; x_wconf 74' lang='grc' dir='ltr'><strong>καὶ</strong></span> 
     </span>
    </p>
   </div>
   <div class='ocr_carea' id='block_1_82' title="bbox 2250 3801 3823 3875">
    <p class='ocr_par' dir='ltr' id='par_1_82' title="bbox 2250 3801 3823 3875">
     <span class='ocr_line' id='line_1_82' title="bbox 2250 3801 3823 3875; baseline -0.004 -11"><span class='ocrx_word' id='word_1_601' title='bbox 2250 3813 2329 3875; x_wconf 76' lang='grc' dir='ltr'>εἰς</span> <span class='ocrx_word' id='word_1_602' title='bbox 2355 3810 2516 3864; x_wconf 77' lang='grc' dir='ltr'>αὑτὸν</span> <span class='ocrx_word' id='word_1_603' title='bbox 2547 3808 2819 3863; x_wconf 78' lang='grc' dir='ltr'>ἐκτισται’</span> <span class='ocrx_word' id='word_1_604' title='bbox 2850 3807 2947 3861; x_wconf 69' lang='grc' dir='ltr'><strong>καὶ</strong></span> <span class='ocrx_word' id='word_1_605' title='bbox 2975 3805 3136 3870; x_wconf 81' lang='grc' dir='ltr'>αὐτός</span> <span class='ocrx_word' id='word_1_606' title='bbox 3167 3807 3285 3860; x_wconf 77' lang='grc' dir='ltr'>ἐστι</span> <span class='ocrx_word' id='word_1_607' title='bbox 3320 3805 3424 3875; x_wconf 85' lang='grc' dir='ltr'>πρὸ</span> <span class='ocrx_word' id='word_1_608' title='bbox 3460 3804 3704 3863; x_wconf 65' lang='grc' dir='ltr'><strong>’πάντων⁹</strong></span> <span class='ocrx_word' id='word_1_609' title='bbox 3730 3801 3823 3858; x_wconf 70' lang='grc' dir='ltr'><strong>καὶ</strong></span> 
     </span>
    </p>
   </div>
   <div class='ocr_carea' id='block_1_83' title="bbox 2250 3894 3823 3968">
    <p class='ocr_par' dir='ltr' id='par_1_83' title="bbox 2250 3894 3823 3968">
     <span class='ocr_line' id='line_1_83' title="bbox 2250 3894 3823 3968; baseline -0.008 -14"><span class='ocrx_word' id='word_1_610' title='bbox 2250 3903 2318 3956; x_wconf 69' lang='grc' dir='ltr'>τὰ</span> <span class='ocrx_word' id='word_1_611' title='bbox 2345 3901 2523 3955; x_wconf 82' lang='grc' dir='ltr'>πάντα</span> <span class='ocrx_word' id='word_1_612' title='bbox 2548 3901 2606 3953; x_wconf 81' lang='grc' dir='ltr'>ὲν</span> <span class='ocrx_word' id='word_1_613' title='bbox 2635 3898 2785 3968; x_wconf 83' lang='grc' dir='ltr'><strong>αὑτῷ</strong></span> <span class='ocrx_word' id='word_1_614' title='bbox 2815 3896 3113 3967; x_wconf 73' lang='grc' dir='ltr'>συνέστηκε</span> <span class='ocrx_word' id='word_1_615' title='bbox 3133 3913 3153 3929; x_wconf 74' lang='grc' dir='ltr'>ο·</span> <span class='ocrx_word' id='word_1_616' title='bbox 3175 3898 3271 3950; x_wconf 73' lang='grc' dir='ltr'>καὶ</span> <span class='ocrx_word' id='word_1_617' title='bbox 3302 3894 3462 3957; x_wconf 79' lang='grc' dir='ltr'>αὑτός</span> <span class='ocrx_word' id='word_1_618' title='bbox 3494 3896 3643 3946; x_wconf 77' lang='grc' dir='ltr'>ἐστιν</span> <span class='ocrx_word' id='word_1_619' title='bbox 3672 3894 3707 3961; x_wconf 75' lang='grc' dir='ltr'>ὴ</span> <span class='ocrx_word' id='word_1_620' title='bbox 3738 3906 3823 3945; x_wconf 27' lang='grc' dir='ltr'>κεν-</span> 
     </span>
    </p>
   </div>
   <div class='ocr_carea' id='block_1_84' title="bbox 2250 3981 3820 4063">
    <p class='ocr_par' dir='ltr' id='par_1_84' title="bbox 2250 3981 3820 4063">
     <span class='ocr_line' id='line_1_84' title="bbox 2250 3981 3820 4063; baseline 0 -19"><span class='ocrx_word' id='word_1_621' title='bbox 2250 3992 2394 4063; x_wconf 81' lang='grc' dir='ltr'>φαλὴ</span> <span class='ocrx_word' id='word_1_622' title='bbox 2430 3991 2523 4045; x_wconf 85' lang='grc' dir='ltr'><strong>τοῦ</strong></span> <span class='ocrx_word' id='word_1_623' title='bbox 2566 3988 2818 4059; x_wconf 82' lang='grc' dir='ltr'>σώματος</span> <span class='ocrx_word' id='word_1_624' title='bbox 2854 3988 2953 4058; x_wconf 84' lang='grc' dir='ltr'><strong>τῆς</strong></span> <span class='ocrx_word' id='word_1_625' title='bbox 2985 3987 3338 4060; x_wconf 82' lang='grc' dir='ltr'>Ἐκκλησίας.</span> <span class='ocrx_word' id='word_1_626' title='bbox 3374 3987 3617 4051; x_wconf 47' lang='grc' dir='ltr'><strong>ὃςίὲστιν</strong></span> <span class='ocrx_word' id='word_1_627' title='bbox 3649 3981 3820 4054; x_wconf 63' lang='grc' dir='ltr'>ἀρχὴν</span> 
     </span>
    </p>
   </div>
   <div class='ocr_carea' id='block_1_85' title="bbox 2252 4076 3824 4153">
    <p class='ocr_par' dir='ltr' id='par_1_85' title="bbox 2252 4076 3824 4153">
     <span class='ocr_line' id='line_1_85' title="bbox 2252 4076 3824 4153; baseline -0.004 -17"><span class='ocrx_word' id='word_1_628' title='bbox 2252 4081 2592 4153; x_wconf 83' lang='grc' dir='ltr'>πρωτότοκος</span> <span class='ocrx_word' id='word_1_629' title='bbox 2627 4082 2691 4134; x_wconf 83' lang='grc' dir='ltr'>ὲκ</span> <span class='ocrx_word' id='word_1_630' title='bbox 2735 4078 2844 4132; x_wconf 84' lang='grc' dir='ltr'>τῶν</span> <span class='ocrx_word' id='word_1_631' title='bbox 2874 4079 3119 4148; x_wconf 85' lang='grc' dir='ltr'><strong>νεκρῶν·</strong></span> <span class='ocrx_word' id='word_1_632' title='bbox 3160 4079 3247 4132; x_wconf 65' lang='grc' dir='ltr'>ἵνα</span> <span class='ocrx_word' id='word_1_633' title='bbox 3288 4077 3517 4148; x_wconf 82' lang='grc' dir='ltr'>γένηται</span> <span class='ocrx_word' id='word_1_634' title='bbox 3560 4076 3618 4128; x_wconf 83' lang='grc' dir='ltr'>ὲν</span> <span class='ocrx_word' id='word_1_635' title='bbox 3660 4076 3824 4130; x_wconf 80' lang='grc' dir='ltr'>πᾶσιν</span> 
     </span>
    </p>
   </div>
   <div class='ocr_carea' id='block_1_86' title="bbox 2252 4164 3825 4241">
    <p class='ocr_par' dir='ltr' id='par_1_86' title="bbox 2252 4164 3825 4241">
     <span class='ocr_line' id='line_1_86' title="bbox 2252 4164 3825 4241; baseline -0.006 -16"><span class='ocrx_word' id='word_1_636' title='bbox 2252 4171 2410 4235; x_wconf 70' lang='grc' dir='ltr'>αὐτὸς</span> <span class='ocrx_word' id='word_1_637' title='bbox 2438 4169 2760 4241; x_wconf 73' lang='grc' dir='ltr'>πρωτεύωνο</span> <span class='ocrx_word' id='word_1_638' title='bbox 2792 4169 2874 4223; x_wconf 84' lang='grc' dir='ltr'><strong>ὅτι</strong></span> <span class='ocrx_word' id='word_1_639' title='bbox 2903 4168 2961 4223; x_wconf 68' lang='grc' dir='ltr'>ὲν</span> <span class='ocrx_word' id='word_1_640' title='bbox 2992 4166 3139 4236; x_wconf 83' lang='grc' dir='ltr'><strong>αὐτῷ</strong></span> <span class='ocrx_word' id='word_1_641' title='bbox 3168 4166 3432 4237; x_wconf 74' lang='grc' dir='ltr'>ηὑδόκησε</span> <span class='ocrx_word' id='word_1_642' title='bbox 3464 4166 3573 4218; x_wconf 83' lang='grc' dir='ltr'>πᾶν</span> <span class='ocrx_word' id='word_1_643' title='bbox 3604 4164 3665 4217; x_wconf 76' lang='grc' dir='ltr'><strong>τὸ</strong></span> <span class='ocrx_word' id='word_1_644' title='bbox 3692 4165 3825 4233; x_wconf 79' lang='grc' dir='ltr'><strong>πλή-</strong></span> 
     </span>
    </p>
   </div>
   <div class='ocr_carea' id='block_1_87' title="bbox 2257 4255 3825 4333">
    <p class='ocr_par' dir='ltr' id='par_1_87' title="bbox 2257 4255 3825 4333">
     <span class='ocr_line' id='line_1_87' title="bbox 2257 4255 3825 4333; baseline -0.006 -17"><span class='ocrx_word' id='word_1_645' title='bbox 2257 4279 2415 4333; x_wconf 90' lang='grc' dir='ltr'>ρωμα</span> <span class='ocrx_word' id='word_1_646' title='bbox 2454 4259 2809 4329; x_wconf 76' lang='grc' dir='ltr'>κατοικῆσαιζ,</span> <span class='ocrx_word' id='word_1_647' title='bbox 2850 4258 3040 4312; x_wconf 58' lang='grc' dir='ltr'><strong>καὶιδι⁹</strong></span> <span class='ocrx_word' id='word_1_648' title='bbox 3077 4256 3238 4310; x_wconf 83' lang='grc' dir='ltr'>αὐτοῦ</span> <span class='ocrx_word' id='word_1_649' title='bbox 3272 4255 3717 4320; x_wconf 77' lang='grc' dir='ltr'>ἀποκαταλλάξαι</span> <span class='ocrx_word' id='word_1_650' title='bbox 3758 4256 3825 4309; x_wconf 72' lang='grc' dir='ltr'>τὰ</span> 
     </span>
    </p>
   </div>
   <div class='ocr_carea' id='block_1_88' title="bbox 2256 4345 3823 4421">
    <p class='ocr_par' dir='ltr' id='par_1_88' title="bbox 2256 4345 3823 4421">
     <span class='ocr_line' id='line_1_88' title="bbox 2256 4345 3823 4421; baseline -0.008 -12"><span class='ocrx_word' id='word_1_651' title='bbox 2256 4356 2436 4409; x_wconf 81' lang='grc' dir='ltr'>πάντα</span> <span class='ocrx_word' id='word_1_652' title='bbox 2462 4353 2541 4415; x_wconf 80' lang='grc' dir='ltr'><strong>εἰς</strong></span> <span class='ocrx_word' id='word_1_653' title='bbox 2569 4352 2735 4404; x_wconf 85' lang='grc' dir='ltr'>αὐτόν</span> <span class='ocrx_word' id='word_1_654' title='bbox 2753 4366 2768 4382; x_wconf 78' lang='grc' dir='ltr'><strong>ο</strong></span> <span class='ocrx_word' id='word_1_655' title='bbox 2795 4348 3214 4421; x_wconf 74' lang='grc' dir='ltr'>εἰρηνοποιήσας</span> <span class='ocrx_word' id='word_1_656' title='bbox 3241 4346 3329 4400; x_wconf 75' lang='grc' dir='ltr'>διὰ</span> <span class='ocrx_word' id='word_1_657' title='bbox 3356 4345 3450 4399; x_wconf 85' lang='grc' dir='ltr'><strong>τοῦ</strong></span> <span class='ocrx_word' id='word_1_658' title='bbox 3478 4346 3707 4416; x_wconf 81' lang='grc' dir='ltr'>αἵματος</span> <span class='ocrx_word' id='word_1_659' title='bbox 3729 4346 3823 4398; x_wconf 77' lang='grc' dir='ltr'><strong>τοῦ</strong></span> 
     </span>
    </p>
   </div>
   <div class='ocr_carea' id='block_1_89' title="bbox 2258 4437 3823 4516">
    <p class='ocr_par' dir='ltr' id='par_1_89' title="bbox 2258 4437 3823 4516">
     <span class='ocr_line' id='line_1_89' title="bbox 2258 4437 3823 4516; baseline -0.009 -16"><span class='ocrx_word' id='word_1_660' title='bbox 2258 4443 2496 4516; x_wconf 88' lang='grc' dir='ltr'>σταυροῦ</span> <span class='ocrx_word' id='word_1_661' title='bbox 2525 4443 2694 4497; x_wconf 84' lang='grc' dir='ltr'>αὑτοῦ</span> <span class='ocrx_word' id='word_1_662' title='bbox 2734 4442 2844 4495; x_wconf 79' lang='grc' dir='ltr'>εἴτε</span> <span class='ocrx_word' id='word_1_663' title='bbox 2873 4439 2943 4493; x_wconf 88' lang='grc' dir='ltr'><strong>τά</strong></span> <span class='ocrx_word' id='word_1_664' title='bbox 2981 4440 3074 4493; x_wconf 74' lang='grc' dir='ltr'><strong>ἐπὶ</strong></span> <span class='ocrx_word' id='word_1_665' title='bbox 3098 4439 3198 4509; x_wconf 81' lang='grc' dir='ltr'><strong>τῆς</strong></span> <span class='ocrx_word' id='word_1_666' title='bbox 3229 4438 3361 4509; x_wconf 54' lang='grc' dir='ltr'><strong>γῆς,</strong></span> <span class='ocrx_word' id='word_1_667' title='bbox 3386 4437 3496 4490; x_wconf 85' lang='grc' dir='ltr'>εἴτε</span> <span class='ocrx_word' id='word_1_668' title='bbox 3523 4437 3593 4489; x_wconf 80' lang='grc' dir='ltr'><strong>τά</strong></span> <span class='ocrx_word' id='word_1_669' title='bbox 3621 4437 3677 4488; x_wconf 79' lang='grc' dir='ltr'>ὲν</span> <span class='ocrx_word' id='word_1_670' title='bbox 3716 4438 3823 4497; x_wconf 79' lang='grc' dir='ltr'>τοῖς</span> 
     </span>
    </p>
   </div>
   <div class='ocr_carea' id='block_1_90' title="bbox 588 4527 2140 4610">
    <p class='ocr_par' dir='ltr' id='par_1_90' title="bbox 588 4532 2140 4603">
     <span class='ocr_line' id='line_1_90' title="bbox 588 4532 2140 4603; baseline 0.004 -17"><span class='ocrx_word' id='word_1_671' title='bbox 588 4534 696 4600; x_wconf 77' lang='lat' dir='ltr'><strong>lat;</strong></span> <span class='ocrx_word' id='word_1_672' title='bbox 731 4532 1105 4603; x_wconf 79' lang='lat' dir='ltr'><strong>Thronosquc,</strong></span> <span class='ocrx_word' id='word_1_673' title='bbox 1134 4534 1477 4603; x_wconf 73' lang='lat' dir='ltr'><strong>Principatus</strong></span> <span class='ocrx_word' id='word_1_674' title='bbox 1505 4546 1559 4590; x_wconf 92' lang='lat' dir='ltr'><strong>et</strong></span> <span class='ocrx_word' id='word_1_675' title='bbox 1590 4537 1993 4592; x_wconf 88' lang='lat' dir='ltr'><strong>Dominationes</strong></span> <span class='ocrx_word' id='word_1_676' title='bbox 2023 4553 2140 4592; x_wconf 88' lang='lat' dir='ltr'><strong>con-</strong></span> 
     </span>
    </p>
   </div>
   <div class='ocr_carea' id='block_1_91' title="bbox 2242 4527 3826 4610">
    <p class='ocr_par' dir='ltr' id='par_1_91' title="bbox 2261 4527 3826 4610">
     <span class='ocr_line' id='line_1_91' title="bbox 2261 4527 3826 4610; baseline -0.008 -19"><span class='ocrx_word' id='word_1_677' title='bbox 2261 4539 2527 4610; x_wconf 72' lang='grc' dir='ltr'>οὐρανοῖς.</span> <span class='ocrx_word' id='word_1_678' title='bbox 2555 4554 2573 4587; x_wconf 72' lang='grc' dir='ltr'><strong>ι</strong></span> <span class='ocrx_word' id='word_1_679' title='bbox 2614 4535 2745 4588; x_wconf 81' lang='grc' dir='ltr'>Ἰδοὺ</span> <span class='ocrx_word' id='word_1_680' title='bbox 2777 4534 2842 4604; x_wconf 83' lang='grc' dir='ltr'><strong>δὴ</strong></span> <span class='ocrx_word' id='word_1_681' title='bbox 2872 4533 3033 4587; x_wconf 83' lang='grc' dir='ltr'>πάλιν</span> <span class='ocrx_word' id='word_1_682' title='bbox 3064 4532 3247 4585; x_wconf 77' lang='grc' dir='ltr'>εἰκόνα</span> <span class='ocrx_word' id='word_1_683' title='bbox 3294 4532 3392 4601; x_wconf 83' lang='grc' dir='ltr'><strong>μὲν</strong></span> <span class='ocrx_word' id='word_1_684' title='bbox 3436 4529 3533 4585; x_wconf 87' lang='grc' dir='ltr'><strong>τοῦ</strong></span> <span class='ocrx_word' id='word_1_685' title='bbox 3563 4527 3697 4581; x_wconf 84' lang='grc' dir='ltr'>Θεοῦ</span> <span class='ocrx_word' id='word_1_686' title='bbox 3734 4527 3826 4579; x_wconf 78' lang='grc' dir='ltr'><strong>τοῦ</strong></span> 
     </span>
    </p>
   </div>
   <div class='ocr_carea' id='block_1_92' title="bbox 590 4626 2157 4697">
    <p class='ocr_par' dir='ltr' id='par_1_92' title="bbox 590 4626 2157 4697">
     <span class='ocr_line' id='line_1_92' title="bbox 590 4626 2157 4697; baseline 0.006 -22"><span class='ocrx_word' id='word_1_687' title='bbox 590 4627 811 4687; x_wconf 70' lang='grc' dir='ltr'>ιῑίιιίεεε,</span> <span class='ocrx_word' id='word_1_688' title='bbox 841 4626 1130 4695; x_wconf 83' lang='lat' dir='ltr'><strong>omniaque</strong></span> <span class='ocrx_word' id='word_1_689' title='bbox 1167 4627 1217 4678; x_wconf 92' lang='lat' dir='ltr'><strong>in</strong></span> <span class='ocrx_word' id='word_1_690' title='bbox 1256 4626 1375 4696; x_wconf 89' lang='lat' dir='ltr'><strong>ipso</strong></span> <span class='ocrx_word' id='word_1_691' title='bbox 1430 4635 1479 4681; x_wconf 88' lang='lat' dir='ltr'><strong>et</strong></span> <span class='ocrx_word' id='word_1_692' title='bbox 1535 4642 1630 4696; x_wconf 90' lang='lat' dir='ltr'><strong>per</strong></span> <span class='ocrx_word' id='word_1_693' title='bbox 1682 4628 1859 4697; x_wconf 91' lang='lat' dir='ltr'><strong>ipsum</strong></span> <span class='ocrx_word' id='word_1_694' title='bbox 1905 4640 2157 4684; x_wconf 83' lang='lat' dir='ltr'><strong>constare</strong></span> 
     </span>
    </p>
   </div>
   <div class='ocr_carea' id='block_1_93' title="bbox 589 4716 2159 4788">
    <p class='ocr_par' dir='ltr' id='par_1_93' title="bbox 589 4716 2159 4788">
     <span class='ocr_line' id='line_1_93' title="bbox 589 4716 2159 4788; baseline 0.004 -20"><span class='ocrx_word' id='word_1_695' title='bbox 589 4726 775 4785; x_wconf 81' lang='lat' dir='ltr'><strong>npcrlc</strong></span> <span class='ocrx_word' id='word_1_696' title='bbox 832 4716 1062 4771; x_wconf 79' lang='lat' dir='ltr'><strong>aﬂirmat</strong></span> <span class='ocrx_word' id='word_1_697' title='bbox 1096 4735 1119 4775; x_wconf 14' lang='lat'><strong>:7</strong></span> <span class='ocrx_word' id='word_1_698' title='bbox 1161 4725 1270 4771; x_wconf 93' lang='lat' dir='ltr'><strong>tum</strong></span> <span class='ocrx_word' id='word_1_699' title='bbox 1344 4720 1587 4788; x_wconf 90' lang='lat' dir='ltr'><strong>corporis</strong></span> <span class='ocrx_word' id='word_1_700' title='bbox 1629 4734 1842 4788; x_wconf 83' lang='lat' dir='ltr'><strong>quoque</strong></span> <span class='ocrx_word' id='word_1_701' title='bbox 1902 4719 2159 4775; x_wconf 76' lang='lat' dir='ltr'><strong>Ecclesiae</strong></span> 
     </span>
    </p>
   </div>
   <div class='ocr_carea' id='block_1_94' title="bbox 589 4808 2160 4881">
    <p class='ocr_par' dir='ltr' id='par_1_94' title="bbox 589 4808 2160 4881">
     <span class='ocr_line' id='line_1_94' title="bbox 589 4808 2160 4881; baseline 0.004 -22"><span class='ocrx_word' id='word_1_702' title='bbox 589 4817 774 4876; x_wconf 77' lang='lat' dir='ltr'><strong>caput,</strong></span> <span class='ocrx_word' id='word_1_703' title='bbox 805 4808 1334 4877; x_wconf 83' lang='lat' dir='ltr'><strong>primogenitumque</strong></span> <span class='ocrx_word' id='word_1_704' title='bbox 1355 4824 1422 4864; x_wconf 82' lang='lat' dir='ltr'><strong>ex</strong></span> <span class='ocrx_word' id='word_1_705' title='bbox 1469 4811 1694 4865; x_wconf 88' lang='lat' dir='ltr'><strong>mortuis</strong></span> <span class='ocrx_word' id='word_1_706' title='bbox 1744 4813 1991 4866; x_wconf 86' lang='lat' dir='ltr'><strong>eumdem</strong></span> <span class='ocrx_word' id='word_1_707' title='bbox 2024 4826 2160 4881; x_wconf 83' lang='lat' dir='ltr'><strong>prac-</strong></span> 
     </span>
    </p>
   </div>
   <div class='ocr_carea' id='block_1_95' title="bbox 589 4898 2159 4971">
    <p class='ocr_par' dir='ltr' id='par_1_95' title="bbox 589 4898 2159 4971">
     <span class='ocr_line' id='line_1_95' title="bbox 589 4898 2159 4971; baseline 0.003 -19"><span class='ocrx_word' id='word_1_708' title='bbox 589 4901 752 4954; x_wconf 79' lang='lat' dir='ltr'><strong>dicat.</strong></span> <span class='ocrx_word' id='word_1_709' title='bbox 788 4898 1005 4969; x_wconf 81' lang='lat' dir='ltr'><strong>Ecquis,</strong></span> <span class='ocrx_word' id='word_1_710' title='bbox 1034 4900 1249 4966; x_wconf 87' lang='lat' dir='ltr'><strong>amabo,</strong></span> <span class='ocrx_word' id='word_1_711' title='bbox 1292 4900 1471 4971; x_wconf 80' lang='lat' dir='ltr'><strong>imago</strong></span> <span class='ocrx_word' id='word_1_712' title='bbox 1524 4899 1639 4967; x_wconf 86' lang='lat' dir='ltr'><strong>Dei,</strong></span> <span class='ocrx_word' id='word_1_713' title='bbox 1670 4901 2159 4971; x_wconf 86' lang='lat' dir='ltr'><strong>universorumque</strong></span> 
     </span>
    </p>
   </div>
   <div class='ocr_carea' id='block_1_96' title="bbox 593 4992 2160 5063">
    <p class='ocr_par' dir='ltr' id='par_1_96' title="bbox 593 4992 2160 5063">
     <span class='ocr_line' id='line_1_96' title="bbox 593 4992 2160 5063; baseline 0.005 -20"><span class='ocrx_word' id='word_1_714' title='bbox 593 4992 843 5045; x_wconf 80' lang='lat' dir='ltr'><strong>conditor</strong></span> <span class='ocrx_word' id='word_1_715' title='bbox 895 5001 1000 5057; x_wconf 87' lang='lat' dir='ltr'><strong>est,</strong></span> <span class='ocrx_word' id='word_1_716' title='bbox 1035 4993 1135 5046; x_wconf 89' lang='lat' dir='ltr'><strong>nisi</strong></span> <span class='ocrx_word' id='word_1_717' title='bbox 1176 4993 1406 5063; x_wconf 88' lang='lat' dir='ltr'><strong>ipsemet</strong></span> <span class='ocrx_word' id='word_1_718' title='bbox 1452 4994 1760 5063; x_wconf 79' lang='lat' dir='ltr'><strong>unigenitus</strong></span> <span class='ocrx_word' id='word_1_719' title='bbox 1811 4994 1901 5049; x_wconf 88' lang='lat' dir='ltr'><strong>Dei</strong></span> <span class='ocrx_word' id='word_1_720' title='bbox 1952 4994 2160 5051; x_wconf 87' lang='lat' dir='ltr'><strong>Filius?</strong></span> 
     </span>
    </p>
   </div>
   <div class='ocr_carea' id='block_1_97' title="bbox 595 5084 2157 5158">
    <p class='ocr_par' dir='ltr' id='par_1_97' title="bbox 595 5084 2157 5158">
     <span class='ocr_line' id='line_1_97' title="bbox 595 5084 2157 5158; baseline 0.004 -25"><span class='ocrx_word' id='word_1_721' title='bbox 595 5084 683 5152; x_wconf 77' lang='lat' dir='ltr'><strong>qui</strong></span> <span class='ocrx_word' id='word_1_722' title='bbox 739 5085 903 5137; x_wconf 84' lang='lat' dir='ltr'><strong>ctiam</strong></span> <span class='ocrx_word' id='word_1_723' title='bbox 972 5084 1145 5140; x_wconf 75' lang='lat' dir='ltr'><strong>factus</strong></span> <span class='ocrx_word' id='word_1_724' title='bbox 1192 5095 1276 5140; x_wconf 88' lang='lat' dir='ltr'><strong>est</strong></span> <span class='ocrx_word' id='word_1_725' title='bbox 1332 5096 1669 5140; x_wconf 85' lang='lat' dir='ltr'><strong>mortuorum</strong></span> <span class='ocrx_word' id='word_1_726' title='bbox 1734 5087 2157 5158; x_wconf 77' lang='lat' dir='ltr'><strong>primogenitus;</strong></span> 
     </span>
    </p>
   </div>
   <div class='ocr_carea' id='block_1_98' title="bbox 598 5175 2163 5248">
    <p class='ocr_par' dir='ltr' id='par_1_98' title="bbox 598 5175 2163 5248">
     <span class='ocr_line' id='line_1_98' title="bbox 598 5175 2163 5248; baseline 0.006 -24"><span class='ocrx_word' id='word_1_727' title='bbox 598 5175 791 5245; x_wconf 74' lang='lat' dir='ltr'><strong>quippe</strong></span> <span class='ocrx_word' id='word_1_728' title='bbox 824 5176 914 5243; x_wconf 91' lang='lat' dir='ltr'><strong>qui</strong></span> <span class='ocrx_word' id='word_1_729' title='bbox 952 5176 1001 5227; x_wconf 88' lang='lat' dir='ltr'><strong>in</strong></span> <span class='ocrx_word' id='word_1_730' title='bbox 1036 5176 1341 5243; x_wconf 86' lang='lat' dir='ltr'><strong>snaipsius,</strong></span> <span class='ocrx_word' id='word_1_731' title='bbox 1370 5184 1425 5230; x_wconf 91' lang='lat' dir='ltr'><strong>et</strong></span> <span class='ocrx_word' id='word_1_732' title='bbox 1458 5192 1565 5232; x_wconf 92' lang='lat' dir='ltr'><strong>non</strong></span> <span class='ocrx_word' id='word_1_733' title='bbox 1622 5178 1678 5232; x_wconf 92' lang='lat' dir='ltr'><strong>in</strong></span> <span class='ocrx_word' id='word_1_734' title='bbox 1724 5178 1949 5235; x_wconf 82' lang='lat' dir='ltr'><strong>alterius</strong></span> <span class='ocrx_word' id='word_1_735' title='bbox 1982 5178 2163 5248; x_wconf 83' lang='lat' dir='ltr'><strong>cujus-</strong></span> 
     </span>
    </p>
   </div>
   <div class='ocr_carea' id='block_1_99' title="bbox 599 5268 2157 5335">
    <p class='ocr_par' dir='ltr' id='par_1_99' title="bbox 599 5268 2157 5335">
     <span class='ocr_line' id='line_1_99' title="bbox 599 5268 2157 5335; baseline 0.006 -20"><span class='ocrx_word' id='word_1_736' title='bbox 599 5268 736 5332; x_wconf 82' lang='lat' dir='ltr'><strong>piam</strong></span> <span class='ocrx_word' id='word_1_737' title='bbox 800 5281 963 5319; x_wconf 87' lang='lat' dir='ltr'><strong>carne</strong></span> <span class='ocrx_word' id='word_1_738' title='bbox 1020 5278 1246 5319; x_wconf 85' lang='lat' dir='ltr'><strong>mortem</strong></span> <span class='ocrx_word' id='word_1_739' title='bbox 1304 5268 1544 5335; x_wconf 83' lang='lat' dir='ltr'><strong>oppetiit.</strong></span> <span class='ocrx_word' id='word_1_740' title='bbox 1621 5269 1801 5335; x_wconf 85' lang='lat' dir='ltr'><strong>Quare</strong></span> <span class='ocrx_word' id='word_1_741' title='bbox 1869 5286 2005 5325; x_wconf 88' lang='lat' dir='ltr'><strong>unus</strong></span> <span class='ocrx_word' id='word_1_742' title='bbox 2071 5280 2157 5326; x_wconf 88' lang='lat' dir='ltr'><strong>cst</strong></span> 
     </span>
    </p>
   </div>
   <div class='ocr_carea' id='block_1_100' title="bbox 597 5357 1776 5423">
    <p class='ocr_par' dir='ltr' id='par_1_100' title="bbox 597 5357 1776 5423">
     <span class='ocr_line' id='line_1_100' title="bbox 597 5357 1776 5423; baseline 0.004 -13"><span class='ocrx_word' id='word_1_743' title='bbox 597 5358 844 5412; x_wconf 69' lang='lat' dir='ltr'><strong>Cluisms</strong></span> <span class='ocrx_word' id='word_1_744' title='bbox 869 5369 918 5411; x_wconf 88' lang='lat' dir='ltr'><strong>ct</strong></span> <span class='ocrx_word' id='word_1_745' title='bbox 950 5357 1137 5423; x_wconf 80' lang='lat' dir='ltr'><strong>Filius,</strong></span> <span class='ocrx_word' id='word_1_746' title='bbox 1159 5359 1300 5414; x_wconf 91' lang='lat' dir='ltr'><strong>Dcus</strong></span> <span class='ocrx_word' id='word_1_747' title='bbox 1323 5361 1488 5414; x_wconf 82' lang='lat' dir='ltr'><strong>simul</strong></span> <span class='ocrx_word' id='word_1_748' title='bbox 1511 5372 1565 5415; x_wconf 88' lang='lat' dir='ltr'><strong>et</strong></span> <span class='ocrx_word' id='word_1_749' title='bbox 1598 5362 1776 5416; x_wconf 88' lang='lat' dir='ltr'><strong>homo.</strong></span> 
     </span>
    </p>
   </div>
   <div class='ocr_carea' id='block_1_101' title="bbox 889 5541 1818 5612">
    <p class='ocr_par' dir='ltr' id='par_1_101' title="bbox 889 5541 1818 5612">
     <span class='ocr_line' id='line_1_101' title="bbox 889 5541 1818 5612; baseline 0.003 -15"><span class='ocrx_word' id='word_1_750' title='bbox 889 5543 1046 5611; x_wconf 85' lang='grc'><strong>110</strong></span> <span class='ocrx_word' id='word_1_751' title='bbox 1066 5541 1149 5595; x_wconf 68' lang='lat' dir='ltr'><strong>Ea:</strong></span> <span class='ocrx_word' id='word_1_752' title='bbox 1178 5542 1415 5612; x_wconf 78' lang='lat' dir='ltr'><strong>Epistola</strong></span> <span class='ocrx_word' id='word_1_753' title='bbox 1447 5548 1515 5599; x_wconf 81' lang='lat' dir='ltr'><strong>ad</strong></span> <span class='ocrx_word' id='word_1_754' title='bbox 1550 5546 1818 5600; x_wconf 75' lang='lat' dir='ltr'><strong>llebrmos.</strong></span> 
     </span>
    </p>
   </div>
   <div class='ocr_carea' id='block_1_102' title="bbox 680 5632 2136 5705">
    <p class='ocr_par' dir='ltr' id='par_1_102' title="bbox 680 5632 2136 5705">
     <span class='ocr_line' id='line_1_102' title="bbox 680 5632 2136 5705; baseline 0.009 -23"><span class='ocrx_word' id='word_1_755' title='bbox 680 5650 699 5682; x_wconf 74' lang='grc' dir='ltr'><strong>ι</strong></span> <span class='ocrx_word' id='word_1_756' title='bbox 758 5632 1102 5687; x_wconf 72' lang='lat' dir='ltr'><strong>lllultil&#39;ariam</strong></span> <span class='ocrx_word' id='word_1_757' title='bbox 1168 5636 1456 5705; x_wconf 86' lang='lat' dir='ltr'><strong>multisque</strong></span> <span class='ocrx_word' id='word_1_758' title='bbox 1491 5638 1663 5691; x_wconf 84' lang='lat' dir='ltr'><strong>modis</strong></span> <span class='ocrx_word' id='word_1_759' title='bbox 1723 5639 1850 5692; x_wconf 87' lang='lat' dir='ltr'><strong>olim</strong></span> <span class='ocrx_word' id='word_1_760' title='bbox 1902 5638 2039 5695; x_wconf 85' lang='lat' dir='ltr'><strong>Dens</strong></span> <span class='ocrx_word' id='word_1_761' title='bbox 2084 5638 2136 5694; x_wconf 85' lang='lat' dir='ltr'><strong>l&#39;o</strong></span> 
     </span>
    </p>
   </div>
   <div class='ocr_carea' id='block_1_103' title="bbox 683 5790 1773 5861">
    <p class='ocr_par' dir='ltr' id='par_1_103' title="bbox 683 5790 1773 5861">
     <span class='ocr_line' id='line_1_103' title="bbox 683 5790 1773 5861; baseline 0.005 -18"><span class='ocrx_word' id='word_1_762' title='bbox 683 5790 925 5861; x_wconf 75' lang='lat' dir='ltr'><strong>&#39;l‘liilpp.</strong></span> <span class='ocrx_word' id='word_1_763' title='bbox 964 5809 1020 5860; x_wconf 82' lang='grc' dir='ltr'>ιι,</span> <span class='ocrx_word' id='word_1_764' title='bbox 1047 5793 1195 5848; x_wconf 71' lang='lat' dir='ltr'><strong>S-ll.</strong></span> <span class='ocrx_word' id='word_1_765' title='bbox 1275 5796 1293 5826; x_wconf 79' lang='grc'>⁸</span> <span class='ocrx_word' id='word_1_766' title='bbox 1317 5794 1525 5849; x_wconf 80' lang='lat' dir='ltr'><strong>Coloss.</strong></span> <span class='ocrx_word' id='word_1_767' title='bbox 1560 5809 1656 5859; x_wconf 76' lang='lat' dir='ltr'><strong>xu,</strong></span> <span class='ocrx_word' id='word_1_768' title='bbox 1685 5796 1773 5848; x_wconf 72' lang='grc' dir='ltr'><strong>ΞΟ.</strong></span> 
     </span>
    </p>
   </div>
   <div class='ocr_carea' id='block_1_104' title="bbox 2263 4618 3825 4700">
    <p class='ocr_par' dir='ltr' id='par_1_104' title="bbox 2263 4618 3825 4700">
     <span class='ocr_line' id='line_1_104' title="bbox 2263 4618 3825 4700; baseline -0.01 -17"><span class='ocrx_word' id='word_1_769' title='bbox 2263 4630 2492 4700; x_wconf 85' lang='grc' dir='ltr'>ἀοράτου</span> <span class='ocrx_word' id='word_1_770' title='bbox 2531 4626 2695 4696; x_wconf 79' lang='grc' dir='ltr'>φησὶν</span> <span class='ocrx_word' id='word_1_771' title='bbox 2736 4624 2924 4679; x_wconf 77' lang='grc' dir='ltr'>αὐτόν’</span> <span class='ocrx_word' id='word_1_772' title='bbox 2973 4622 3221 4676; x_wconf 76' lang='grc' dir='ltr'>ἐκτίσθαι</span> <span class='ocrx_word' id='word_1_773' title='bbox 3248 4621 3316 4674; x_wconf 84' lang='grc' dir='ltr'><strong>δι’</strong></span> <span class='ocrx_word' id='word_1_774' title='bbox 3359 4620 3526 4674; x_wconf 76' lang='grc' dir='ltr'>αὑτοῦ</span> <span class='ocrx_word' id='word_1_775' title='bbox 3565 4618 3825 4689; x_wconf 72' lang='grc' dir='ltr'>Θρὸνους,</span> 
     </span>
    </p>
   </div>
   <div class='ocr_carea' id='block_1_105' title="bbox 2264 4708 3828 4792">
    <p class='ocr_par' dir='ltr' id='par_1_105' title="bbox 2264 4708 3828 4792">
     <span class='ocr_line' id='line_1_105' title="bbox 2264 4708 3828 4792; baseline -0.01 -17"><span class='ocrx_word' id='word_1_776' title='bbox 2264 4740 2355 4775; x_wconf 85' lang='grc' dir='ltr'>και</span> <span class='ocrx_word' id='word_1_777' title='bbox 2390 4719 2589 4792; x_wconf 83' lang='grc' dir='ltr'><strong>Ἀρχὰς</strong></span> <span class='ocrx_word' id='word_1_778' title='bbox 2607 4758 2623 4783; x_wconf 87' lang='grc'><em>,</em></span> <span class='ocrx_word' id='word_1_779' title='bbox 2652 4719 2746 4771; x_wconf 77' lang='lat' dir='ltr'><strong>xdl.</strong></span> <span class='ocrx_word' id='word_1_780' title='bbox 2776 4715 3115 4787; x_wconf 80' lang='grc' dir='ltr'>Κυριότητας</span> <span class='ocrx_word' id='word_1_781' title='bbox 3163 4710 3568 4766; x_wconf 80' lang='grc' dir='ltr'>διαὸεὸαιοῦται</span> <span class='ocrx_word' id='word_1_782' title='bbox 3603 4708 3786 4777; x_wconf 79' lang='grc' dir='ltr'>σαφῶς</span> <span class='ocrx_word' id='word_1_783' title='bbox 3813 4724 3828 4738; x_wconf 80' lang='lat'><strong><em>°</em></strong></span> 
     </span>
    </p>
   </div>
   <div class='ocr_carea' id='block_1_106' title="bbox 2268 4800 3831 4877">
    <p class='ocr_par' dir='ltr' id='par_1_106' title="bbox 2268 4800 3831 4877">
     <span class='ocr_line' id='line_1_106' title="bbox 2268 4800 3831 4877; baseline -0.009 -10"><span class='ocrx_word' id='word_1_784' title='bbox 2268 4813 2363 4867; x_wconf 70' lang='grc' dir='ltr'><strong>καὶ</strong></span> <span class='ocrx_word' id='word_1_785' title='bbox 2388 4813 2465 4877; x_wconf 76' lang='grc' dir='ltr'>εἰς</span> <span class='ocrx_word' id='word_1_786' title='bbox 2493 4811 2653 4865; x_wconf 77' lang='grc' dir='ltr'>αὑτὸν</span> <span class='ocrx_word' id='word_1_787' title='bbox 2690 4810 2762 4864; x_wconf 78' lang='grc' dir='ltr'><strong>τά</strong></span> <span class='ocrx_word' id='word_1_788' title='bbox 2807 4807 2985 4861; x_wconf 86' lang='grc' dir='ltr'>πάντα</span> <span class='ocrx_word' id='word_1_789' title='bbox 3009 4808 3103 4859; x_wconf 72' lang='grc' dir='ltr'>καὶ</span> <span class='ocrx_word' id='word_1_790' title='bbox 3133 4808 3191 4859; x_wconf 84' lang='grc' dir='ltr'><strong>ὲν</strong></span> <span class='ocrx_word' id='word_1_791' title='bbox 3220 4805 3373 4875; x_wconf 73' lang='grc' dir='ltr'>αὐτῷ</span> <span class='ocrx_word' id='word_1_792' title='bbox 3403 4803 3725 4857; x_wconf 76' lang='grc' dir='ltr'>συνεστάναι</span> <span class='ocrx_word' id='word_1_793' title='bbox 3750 4800 3831 4852; x_wconf 85' lang='grc' dir='ltr'><strong>λέ-</strong></span> 
     </span>
    </p>
   </div>
   <div class='ocr_carea' id='block_1_107' title="bbox 2265 4894 3831 4977">
    <p class='ocr_par' dir='ltr' id='par_1_107' title="bbox 2265 4894 3831 4977">
     <span class='ocr_line' id='line_1_107' title="bbox 2265 4894 3831 4977; baseline -0.008 -17"><span class='ocrx_word' id='word_1_794' title='bbox 2265 4925 2382 4977; x_wconf 78' lang='grc' dir='ltr'>γειο</span> <span class='ocrx_word' id='word_1_795' title='bbox 2416 4906 2511 4959; x_wconf 63' lang='grc' dir='ltr'><strong>κα)⁹</strong></span> <span class='ocrx_word' id='word_1_796' title='bbox 2549 4904 2711 4958; x_wconf 80' lang='grc' dir='ltr'>αὐτὸν</span> <span class='ocrx_word' id='word_1_797' title='bbox 2752 4898 2892 4956; x_wconf 76' lang='grc' dir='ltr'>εἶναι</span> <span class='ocrx_word' id='word_1_798' title='bbox 2930 4902 3029 4973; x_wconf 81' lang='grc' dir='ltr'><strong>τὴν</strong></span> <span class='ocrx_word' id='word_1_799' title='bbox 3058 4900 3301 4972; x_wconf 79' lang='grc' dir='ltr'>κεφαλὴν</span> <span class='ocrx_word' id='word_1_800' title='bbox 3328 4898 3422 4953; x_wconf 88' lang='grc' dir='ltr'><strong>τοῦ</strong></span> <span class='ocrx_word' id='word_1_801' title='bbox 3456 4897 3705 4968; x_wconf 80' lang='grc' dir='ltr'>σώματος</span> <span class='ocrx_word' id='word_1_802' title='bbox 3736 4894 3831 4964; x_wconf 79' lang='grc' dir='ltr'><strong>τῆς</strong></span> 
     </span>
    </p>
   </div>
   <div class='ocr_carea' id='block_1_108' title="bbox 2279 4981 3832 5069">
    <p class='ocr_par' dir='ltr' id='par_1_108' title="bbox 2279 4981 3832 5069">
     <span class='ocr_line' id='line_1_108' title="bbox 2279 4981 3832 5069; baseline -0.011 -16"><span class='ocrx_word' id='word_1_803' title='bbox 2279 4997 2625 5069; x_wconf 78' lang='grc' dir='ltr'><strong>Ἐκκλησίας,</strong></span> <span class='ocrx_word' id='word_1_804' title='bbox 2655 4995 2749 5049; x_wconf 74' lang='grc' dir='ltr'>καὶ</span> <span class='ocrx_word' id='word_1_805' title='bbox 2775 4994 3117 5063; x_wconf 84' lang='grc' dir='ltr'>πρωτότοκον</span> <span class='ocrx_word' id='word_1_806' title='bbox 3146 4993 3209 5045; x_wconf 83' lang='grc' dir='ltr'><strong>ὲκ</strong></span> <span class='ocrx_word' id='word_1_807' title='bbox 3232 4990 3340 5044; x_wconf 82' lang='grc' dir='ltr'><strong>τῶν</strong></span> <span class='ocrx_word' id='word_1_808' title='bbox 3364 4987 3592 5059; x_wconf 84' lang='grc' dir='ltr'>νεκρῶν.</span> <span class='ocrx_word' id='word_1_809' title='bbox 3623 4985 3719 5048; x_wconf 82' lang='grc' dir='ltr'><strong>τίς</strong></span> <span class='ocrx_word' id='word_1_810' title='bbox 3742 4981 3832 5037; x_wconf 76' lang='grc' dir='ltr'>οὖν</span> 
     </span>
    </p>
   </div>
   <div class='ocr_carea' id='block_1_109' title="bbox 2267 5077 3834 5164">
    <p class='ocr_par' dir='ltr' id='par_1_109' title="bbox 2267 5077 3834 5164">
     <span class='ocr_line' id='line_1_109' title="bbox 2267 5077 3834 5164; baseline -0.012 -18"><span class='ocrx_word' id='word_1_811' title='bbox 2267 5092 2377 5164; x_wconf 84' lang='grc' dir='ltr'><strong>ἄρα</strong></span> <span class='ocrx_word' id='word_1_812' title='bbox 2404 5093 2549 5145; x_wconf 73' lang='grc' dir='ltr'>ἐστὶν</span> <span class='ocrx_word' id='word_1_813' title='bbox 2575 5092 2608 5161; x_wconf 83' lang='grc' dir='ltr'>ἡ</span> <span class='ocrx_word' id='word_1_814' title='bbox 2640 5088 2802 5142; x_wconf 75' lang='grc' dir='ltr'>εἰκὼν</span> <span class='ocrx_word' id='word_1_815' title='bbox 2840 5088 2932 5140; x_wconf 81' lang='grc' dir='ltr'><strong>τοῦ</strong></span> <span class='ocrx_word' id='word_1_816' title='bbox 2964 5084 3118 5149; x_wconf 83' lang='grc' dir='ltr'>Θεοῦ,</span> <span class='ocrx_word' id='word_1_817' title='bbox 3150 5085 3177 5135; x_wconf 83' lang='grc' dir='ltr'><strong>ὁ</strong></span> <span class='ocrx_word' id='word_1_818' title='bbox 3206 5082 3433 5155; x_wconf 73' lang='grc' dir='ltr'>κτίστης</span> <span class='ocrx_word' id='word_1_819' title='bbox 3464 5079 3571 5132; x_wconf 84' lang='grc' dir='ltr'>τῶν</span> <span class='ocrx_word' id='word_1_820' title='bbox 3600 5079 3757 5135; x_wconf 79' lang='grc' dir='ltr'>ὅλων.</span> <span class='ocrx_word' id='word_1_821' title='bbox 3786 5077 3834 5128; x_wconf 83' lang='grc' dir='ltr'>εἰ</span> 
     </span>
    </p>
   </div>
   <div class='ocr_carea' id='block_1_110' title="bbox 2271 5168 3833 5256">
    <p class='ocr_par' dir='ltr' id='par_1_110' title="bbox 2271 5168 3833 5256">
     <span class='ocr_line' id='line_1_110' title="bbox 2271 5168 3833 5256; baseline -0.013 -19"><span class='ocrx_word' id='word_1_822' title='bbox 2271 5184 2347 5256; x_wconf 82' lang='grc' dir='ltr'>μὴ</span> <span class='ocrx_word' id='word_1_823' title='bbox 2381 5182 2539 5245; x_wconf 53' lang='grc' dir='ltr'>αὐτὸς</span> <span class='ocrx_word' id='word_1_824' title='bbox 2565 5183 2591 5234; x_wconf 86' lang='grc' dir='ltr'><strong>ὁ</strong></span> <span class='ocrx_word' id='word_1_825' title='bbox 2628 5180 2919 5251; x_wconf 78' lang='grc' dir='ltr'>μονογενὴς</span> <span class='ocrx_word' id='word_1_826' title='bbox 2944 5176 3039 5230; x_wconf 87' lang='grc' dir='ltr'><strong>τοῦ</strong></span> <span class='ocrx_word' id='word_1_827' title='bbox 3068 5174 3201 5229; x_wconf 84' lang='grc' dir='ltr'>Θεοῦ</span> <span class='ocrx_word' id='word_1_828' title='bbox 3234 5172 3392 5236; x_wconf 80' lang='grc' dir='ltr'>Υἱός;</span> <span class='ocrx_word' id='word_1_829' title='bbox 3426 5171 3486 5234; x_wconf 82' lang='grc' dir='ltr'><strong>ὃς</strong></span> <span class='ocrx_word' id='word_1_830' title='bbox 3513 5170 3608 5222; x_wconf 73' lang='grc' dir='ltr'>καὶ</span> <span class='ocrx_word' id='word_1_831' title='bbox 3646 5168 3833 5237; x_wconf 73' lang='grc' dir='ltr'>γέγονε</span> 
     </span>
    </p>
   </div>
   <div class='ocr_carea' id='block_1_111' title="bbox 2269 5259 3834 5345">
    <p class='ocr_par' dir='ltr' id='par_1_111' title="bbox 2269 5259 3834 5345">
     <span class='ocr_line' id='line_1_111' title="bbox 2269 5259 3834 5345; baseline -0.012 -18"><span class='ocrx_word' id='word_1_832' title='bbox 2269 5272 2611 5345; x_wconf 85' lang='grc' dir='ltr'>πρωτότοκος</span> <span class='ocrx_word' id='word_1_833' title='bbox 2657 5272 2721 5323; x_wconf 80' lang='grc' dir='ltr'><strong>ὲκ</strong></span> <span class='ocrx_word' id='word_1_834' title='bbox 2751 5266 3094 5340; x_wconf 39' lang='grc' dir='ltr'>νεκρῶνιὼς</span> <span class='ocrx_word' id='word_1_835' title='bbox 3135 5261 3419 5324; x_wconf 81' lang='grc' dir='ltr'>ἀποθανὼν</span> <span class='ocrx_word' id='word_1_836' title='bbox 3457 5263 3524 5332; x_wconf 77' lang='grc' dir='ltr'>τῇ</span> <span class='ocrx_word' id='word_1_837' title='bbox 3567 5260 3731 5329; x_wconf 77' lang='grc' dir='ltr'>σαρκὶ</span> 
     </span>
    </p>
   </div>
   <div class='ocr_carea' id='block_1_112' title="bbox 2275 5344 3837 5433">
    <p class='ocr_par' dir='ltr' id='par_1_112' title="bbox 2275 5344 3837 5433">
     <span class='ocr_line' id='line_1_112' title="bbox 2275 5344 3837 5433; baseline -0.01 -17"><span class='ocrx_word' id='word_1_838' title='bbox 2275 5344 2401 5433; x_wconf 71' lang='grc' dir='ltr'><strong>ἰδίᾳ,</strong></span> <span class='ocrx_word' id='word_1_839' title='bbox 2434 5362 2529 5415; x_wconf 77' lang='grc' dir='ltr'>καὶ</span> <span class='ocrx_word' id='word_1_840' title='bbox 2572 5360 2692 5431; x_wconf 73' lang='grc' dir='ltr'>οὐχὶ</span> <span class='ocrx_word' id='word_1_841' title='bbox 2740 5361 2805 5431; x_wconf 82' lang='grc' dir='ltr'><strong>δὴ</strong></span> <span class='ocrx_word' id='word_1_842' title='bbox 2840 5360 3039 5429; x_wconf 84' lang='grc' dir='ltr'>μᾶλλον</span> <span class='ocrx_word' id='word_1_843' title='bbox 3078 5359 3142 5427; x_wconf 78' lang='grc' dir='ltr'>τῇ</span> <span class='ocrx_word' id='word_1_844' title='bbox 3185 5372 3327 5417; x_wconf 81' lang='grc' dir='ltr'>τινος</span> <span class='ocrx_word' id='word_1_845' title='bbox 3368 5352 3575 5424; x_wconf 79' lang='grc' dir='ltr'>ἑτέρου.</span> <span class='ocrx_word' id='word_1_846' title='bbox 3618 5345 3711 5413; x_wconf 71' lang='grc' dir='ltr'><strong>Εἷς</strong></span> <span class='ocrx_word' id='word_1_847' title='bbox 3748 5344 3837 5402; x_wconf 74' lang='grc' dir='ltr'><strong>οὖν</strong></span> 
     </span>
    </p>
   </div>
   <div class='ocr_carea' id='block_1_113' title="bbox 2272 5435 3664 5527">
    <p class='ocr_par' dir='ltr' id='par_1_113' title="bbox 2272 5435 3664 5527">
     <span class='ocr_line' id='line_1_113' title="bbox 2272 5435 3664 5527; baseline -0.011 -18"><span class='ocrx_word' id='word_1_848' title='bbox 2272 5453 2505 5527; x_wconf 73' lang='grc' dir='ltr'>Χριστος</span> <span class='ocrx_word' id='word_1_849' title='bbox 2533 5453 2628 5506; x_wconf 75' lang='grc' dir='ltr'><strong>καὶ</strong></span> <span class='ocrx_word' id='word_1_850' title='bbox 2654 5452 2801 5516; x_wconf 70' lang='grc' dir='ltr'>Υἱὸς,</span> <span class='ocrx_word' id='word_1_851' title='bbox 2828 5450 2961 5512; x_wconf 79' lang='grc' dir='ltr'>Θεός</span> <span class='ocrx_word' id='word_1_852' title='bbox 2987 5466 3045 5500; x_wconf 88' lang='grc' dir='ltr'><strong>τε</strong></span> <span class='ocrx_word' id='word_1_853' title='bbox 3074 5435 3207 5517; x_wconf 81' lang='grc' dir='ltr'>ὁμοῦ</span> <span class='ocrx_word' id='word_1_854' title='bbox 3235 5446 3329 5498; x_wconf 73' lang='grc' dir='ltr'><strong>καὶ</strong></span> <span class='ocrx_word' id='word_1_855' title='bbox 3356 5444 3664 5514; x_wconf 81' lang='grc' dir='ltr'>ἄνθρωπος.</span> 
     </span>
    </p>
   </div>
   <div class='ocr_carea' id='block_1_114' title="bbox 2664 5533 3452 5607">
    <p class='ocr_par' dir='ltr' id='par_1_114' title="bbox 2664 5533 3452 5607">
     <span class='ocr_line' id='line_1_114' title="bbox 2664 5533 3452 5607; baseline -0.01 -13"><span class='ocrx_word' id='word_1_856' title='bbox 2664 5542 2760 5593; x_wconf 83' lang='grc' dir='ltr'><strong>Ἐκ</strong></span> <span class='ocrx_word' id='word_1_857' title='bbox 2792 5538 2903 5607; x_wconf 81' lang='grc' dir='ltr'><strong>τῆς</strong></span> <span class='ocrx_word' id='word_1_858' title='bbox 2939 5537 3088 5605; x_wconf 79' lang='grc' dir='ltr'><strong>πρὸς</strong></span> <span class='ocrx_word' id='word_1_859' title='bbox 3132 5533 3452 5602; x_wconf 72' lang='grc' dir='ltr'><strong>Ἑϐραίους.</strong></span> 
     </span>
    </p>
   </div>
   <div class='ocr_carea' id='block_1_115' title="bbox 2356 5617 3838 5705">
    <p class='ocr_par' dir='ltr' id='par_1_115' title="bbox 2356 5617 3838 5705">
     <span class='ocr_line' id='line_1_115' title="bbox 2356 5617 3838 5705; baseline -0.016 -15"><span class='ocrx_word' id='word_1_860' title='bbox 2356 5655 2374 5689; x_wconf 76' lang='grc' dir='ltr'><strong>ι</strong></span> <span class='ocrx_word' id='word_1_861' title='bbox 2403 5631 2743 5705; x_wconf 60' lang='grc' dir='ltr'>Πολυμερῶςη</span> <span class='ocrx_word' id='word_1_862' title='bbox 2770 5630 2864 5685; x_wconf 69' lang='grc' dir='ltr'>καὶ</span> <span class='ocrx_word' id='word_1_863' title='bbox 2912 5626 3267 5698; x_wconf 80' lang='grc' dir='ltr'>πολυτρόπως</span> <span class='ocrx_word' id='word_1_864' title='bbox 3314 5623 3480 5678; x_wconf 83' lang='grc' dir='ltr'>πάλαι</span> <span class='ocrx_word' id='word_1_865' title='bbox 3508 5622 3537 5674; x_wconf 88' lang='grc' dir='ltr'>ὁ</span> <span class='ocrx_word' id='word_1_866' title='bbox 3569 5619 3700 5681; x_wconf 76' lang='grc' dir='ltr'>Θεὸς</span> <span class='ocrx_word' id='word_1_867' title='bbox 3742 5617 3838 5670; x_wconf 85' lang='grc' dir='ltr'><strong>λ;.-</strong></span> 
     </span>
    </p>
   </div>
  </div>
