4058 6512
539 421 675 481 15η

1561 428 1620 483 8.
1661 425 1940 485 CYRILLI
1975 422 2442 484 ALEXANDRINI
2478 414 2799 481 ARCHIEP.

3723 404 3871 465 ιεη

537 534 697 589 litant
724 534 815 607 qui
847 536 915 591 ad
955 535 1249 593 sacerdotii
1294 536 1626 596 iunctionem
1675 542 2003 611 seliguntur,
2019 538 2116 596 sed

2224 537 2310 591 καὶ
2355 536 2547 601 θυσίας
2597 532 3121 608 παραλαμϐάνεται,
3171 530 3272 605 οὐχ
3322 528 3567 593 ἑαυτοῖς
3622 523 3868 579 τελοῦσι

538 626 674 693 Deo,
695 628 781 682 cui
821 629 892 683 ab
939 628 1193 684 universa
1234 642 1484 685 creatura
1528 631 1705 688 cultus
1735 633 2118 701 veneratioque

538 716 872 772 debeturzat
899 718 991 789 qui
1045 719 1155 776 Deo
1192 720 1524 788 ministrant,
1552 739 1657 779 non
1706 724 1948 794 ejusdem
1994 739 2115 779 cum

537 809 650 864 Deo
677 811 887 867 ordinis
927 820 1109 877 erunt,
1142 827 1317 884 neque
1362 815 1589 884 gloriam
1620 818 2025 886 eamdetn,qua2
2062 815 2116 871 itt

536 901 713 969 ipsum
742 902 914 956 solum
930 904 1204 971 convenit,
1236 906 1570 974 sortientur;
1600 922 1770 977 ecquo
1798 923 1928 976 ergo
1958 907 2118 963 modo

536 992 806 1061 Christus,
828 1003 1012 1050 noster
1024 996 1265 1066 pontifex
1287 997 1534 1063 eﬂ‘ectus,
1556 1000 1608 1054 in
1630 999 1852 1056 dextera
1869 1001 1962 1056 Dei
1983 1002 2121 1056 assi-

538 1080 649 1146 det,
678 1083 1354 1159 thronumqremajesltatis
1382 1090 1433 1144 in
1452 1090 1607 1146 cmlis
1635 1091 1865 1158 obtinet,
1898 1090 2119 1147 sancto-

539 1186 770 1243 rumque
795 1192 859 1231 ac
885 1179 1102 1247 superni
1123 1189 1177 1234 et
1208 1180 1321 1235 veri
1341 1180 1484 1237 illius
1502 1182 2117 1239 tabernaculisacerdos

538 1267 879 1353 constitutus
898 1281 1021 1336 est;
1052 1282 1104 1324 et
1138 1270 1282 1326 Patri
1312 1282 1366 1327 et
1405 1272 1596 1345 sibipsi
1627 1290 1845 1345 quoque
1876 1277 2135 1332 omnium.

539 1371 733 1427 preces
761 1360 1045 1426 oﬂerens?;
1072 1363 1225 1418 Unus
1254 1364 1419 1435 igitur
1448 1379 1530 1421 est
1563 1367 1819 1422 Christus
1847 1366 2116 1433 etEilius,

541 1451 635 1518 qui
659 1451 874 1519 quidem
912 1463 969 1509 ut
1003 1456 1237 1518 Deus,in
1264 1456 1571 1513 divinitatis
1605 1472 1716 1512 sua:
1750 1459 1944 1513 throno
1990 1473 2124 1513 con-

542 1540 721 1609 sidet;
751 1551 807 1596 ttt
832 1560 962 1599 vero
992 1545 1171 1600 divina
1207 1545 1614 1615 dispensatione
1636 1547 1886 1602 humanae
1913 1557 2122 1602 naturae

542 1633 815 1700 particeps
845 1634 1349 1702 ell'ectus,_ministri
1386 1638 1764 1708 pontiﬁcisaue
1809 1638 1985 1700 locum
2025 1655 2125 1695 no-

542 1738 777 1792 menque
801 1728 1025 1783 sortitus
1064 1738 1168 1784 est.

618 1834 639 1869 ι
667 1815 901 1889 Ideoque
922 1830 976 1875 et
1006 1837 1106 1877 nos
1139 1830 1343 1878 tantam
1376 1822 1640 1880 habentes
1692 1824 2001 1895 impositam
2026 1840 2126 1885 nu-

2215 629 2317 695 τὰς
2354 629 2613 702 λατρείας
2640 630 2687 683 οἱ
2719 625 3043 698 καλούμενοι
3073 624 3210 698 πρὸς
3243 622 3600 697 ἱερωσύνην,
3635 616 3778 688 θεῷ
3807 617 3868 671 δὲ

2220 723 2438 795 μᾶλλον,
2463 715 2508 791 ᾧ
2538 721 2597 775 τὸ
2629 718 2783 791 παρὰ
2810 717 2993 788 πάσης
3029 716 3261 781 κτίσεως
3296 715 3609 786 ὀφείλεται
3644 710 3867 773 σέϐας·

2217 818 2245 869 6
2272 814 2329 868 δὲ
2371 813 2491 884 Θεῷ
2526 810 2879 885 λειτουργῶν,
2925 812 3028 866 οὐκ
3071 812 3130 864 ὲν
3175 811 3279 880 ἴσῳ
3324 808 3525 879 μέτρῳ
3586 803 3870 855 κείσεται

2217 906 2375 972 Θεοῦ,
2418 905 2541 960 οῦτε
2584 906 2690 977 μὴν
2720 903 2818 973 τὴν
2847 902 2997 975 αύτῷ
3036 903 3131 957 καὶ
3162 902 3309 973 μόνῳ
3350 899 3728 969 πρέπουσαν
3760 911 3868 963 φο-

2222 996 2369 1068 ρέσει
2413 994 2593 1061 δόξαν.
2638 990 2781 1055 Εἶτα,
2800 992 2920 1057 πῶς
2963 991 3255 1063 ἀρχιερεὺς
3302 988 3463 1059 ἡμῶν
3510 982 3808 1054 γεγονὼς
3840 983 3870 1031 ὁ
3936 1060 3943 1065 ι

2219 1086 2475 1160 Χριστὸς,
2506 1086 2564 1139 ὲν
2594 1084 3017 1156 δεξιᾷτκάθηται
3043 1081 3139 1135 τοῦ
3175 1079 3331 1145 Θεοῦ,
3362 1080 3459 1133 καὶ
3494 1077 3614 1131 τὸν
3656 1073 3869 1146 θρόνον

2221 1178 2478 1251 ἑχειητῆς
2527 1175 2920 1250 μεγαλωσύνης
2969 1176 3027 1228 ὲν
3067 1175 3180 1237 τοῖς
3219 1172 3514 1245 οὐρανοῖς,
3573 1168 3695 1221 καὶ
3745 1165 3866 1218 τῶν

2224 1271 2391 1339 ἁγίων
2430 1270 2549 1323 ἐστὶ
2581 1268 2918 1340 λειτουργὸς,
2949 1267 3044 1321 καὶ
3076 1267 3175 1338 τῆς
3209 1265 3417 1337 σκηνῆς
3440 1264 3558 1335 τῆς
3591 1262 3730 1317 ἄνω
3762 1260 3865 1313 καὶ

2223 1361 2504 1433 ἀληθινῆς,
2531 1359 2710 1432 ἐαυτῷ
2742 1377 2801 1413 τε
2833 1360 2928 1414 καὶ
2956 1358 3033 1431 τῷ
3069 1358 3247 1430 Πατρὶ
3278 1356 3708 1428 προσκομίζων
3752 1354 3862 1413 τὰς

2224 1454 2375 1527 παρὰ
2417 1454 2636 1509 πάντων
2668 1452 2961 1522 λατρείαςς
3003 1446 3098 1515 Εἷς
3136 1451 3243 1522 ἄρα
3274 1450 3393 1502 ἐστὶ
3438 1447 3720 1520 Χριστὸς
3761 1445 3864 1499 καὶ

2228 1547 2374 1612 Υἱὸς,
2411 1544 2721 1617 καθήμενος
2750 1543 2847 1614 μὲν
2876 1542 3073 1607 θεῖκῶς
3104 1545 3161 1596 ὲν
3196 1542 3275 1612 τῷ
3312 1541 3414 1611 τῆς
3442 1539 3598 1597 ιδίας
3647 1537 3863 1605 0661:;-

2224 1657 2317 1704 τος
2362 1638 2558 1709 θρόνῳ,
2606 1635 3031 1708 κεχρηματικὼς
3058 1635 3117 1688 δὲ
3152 1635 3333 1705 ἱερεὺς
3369 1632 3463 1685 καὶ
3496 1628 3860 1700 λειτουργὸς

2227 1728 2585 1801 οἰκονομικῶς
2608 1728 2697 1785 διὰ
2722 1729 2785 1783 τὸ
2813 1726 3173 1799 ἀνθρώπινον.

2306 1843 2325 1876 t
2354 1821 2663 1894 τοιγαροῦν
2693 1822 2788 1875 καὶ
2820 1822 2984 1892 ἡμεῖς
3027 1818 3283 1876 τοσοῦτον
3315 1816 3529 1887 ἔχοντες
3569 1811 3853 1885 περικεέ-

542 1908 665 1963 hem
689 1911 932 1974 testium,
963 1914 1292 1984 deponentes
1322 1930 1499 1984 _omne
1544 1916 1753 1986 pondus
1782 1926 1837 1973 et
1886 1917 2119 1973 circum-

2230 1931 2390 1986 μενον
2451 1914 2585 1985 ἡμῖν
2648 1913 2813 1982 νέφος
2883 1910 3207 1983 μαρτύρων,
3257 1909 3421 1975 ὄγκον
3481 1906 3855 1975 ἀποθέμενοι

541 2010 692 2056 stans
743 2018 843 2058 nos
878 2016 1186 2073 peccatum,
1224 2021 1321 2077 per
1364 2006 1698 2078 patientiam.
1739 2023 2025 2064 curramus
2055 2008 2123 2064 ad

541 2092 878 2159 propositum
901 2095 1058 2149 nobis
1087 2107 1386 2161 certamen,
1408 2097 1747 2168 aspicientes
1773 2099 1825 2153 in
1845 2107 2122 2153 auctorem

540 2176 666 2233 ﬁdei
726 2189 783 2235 et
845 2193 1337 2240 consummatorem
1413 2185 1597 2242 Jesum
1652 2186 1979 2253 Christum,
2030 2189 2121 2257 qui

538 2270 951 2338 proposito.sihi
993 2274 1191 2343 gaudio
1224 2275 1486 2330 sustinuit
1530 2292 1771 2342 crucem,
1803 2276 2125 2333 confusione

538 2370 873 2432 contempta,
901 2373 1064 2434 atque
1107 2367 1159 2421 in
1200 2370 1424 2423 dextera
1483 2369 1629 2424 sedis
1678 2367 1773 2423 Dei
1816 2370 1970 2424 sedet
2003 2369 2066 2423 ¹¹;
2100 2388 2119 2421 ι

539 2451 597 2506 Si
629 2450 882 2510 Christus
913 2465 994 2511 est
1027 2467 1232 2513 tantum
1274 2460 1459 2528 homo,
1490 2469 1545 2516 et
1591 2475 1695 2515 non
1749 2460 1890 2515 Deus
1939 2469 2123 2516 nostra

538 2557 704 2598 carne
732 2559 860 2605 vere
890 2546 1133 2613 indutus,
1158 2550 1431 2619 quodnam
1492 2550 1746 2621 gaudium
1787 2552 1889 2622 ipsi
1925 2567 2125 2623 propo-

535 2635 701 2691 situm
731 2636 867 2692 dicit
889 2654 904 2703 ;
929 2652 1018 2693 aut
1033 2642 1303 2710 quomodo
1325 2641 1392 2696 ad
1423 2642 1618 2697 divina:
1633 2643 1929 2713 majestatis
1944 2643 2126 2699 dexte-

537 2741 653 2799 ram
687 2730 969 2785 consedit?
990 2731 1153 2802 Atqui
1187 2735 1437 2803 gaudium
1462 2741 1579 2788 erat
1611 2735 1685 2789 illi
1724 2737 2060 2806 propositum
2091 2752 2108 2790 :

535 2820 803 2892 3iquidem
827 2838 1083 2894 suprema
1122 2826 1195 2879 illi
1229 2836 1420 2880 natura
1486 2826 1537 2879 in
1601 2828 1880 2896 perpetuis
1915 2828 2125 2884 deliciis

538 2926 712 2984 usque
728 2922 1008 2970 versatur:
1034 2923 1087 2970 et
1118 2930 1367 2985 corpore,
1388 2919 1529 2985 quod
1561 2916 1807 2987 crucifigi
1837 2917 1995 2987 112
2020 2933 2121 2989 po-

541 3016 702 3074 terat,
727 3018 1026 3077 assumpto.
1058 3024 1277 3065 crucem
1303 3009 1582 3076 sustinuit,
1605 3010 1891 3079 crucisque
1915 3010 2122 3079 suppli-

538 3099 682 3155 cium
717 3116 1028 3171 perpessus,
1054 3103 1163 3157 Deo
1179 3113 1232 3157 ct
1262 3102 1411 3157 Patri
1462 3104 1681 3158 dextera
1718 3104 1939 3158 assedit.
1975 3103 2123 3160 Unus

538 3192 767 3260 proinde
818 3195 1081 3249 Dominus
1123 3194 1284 3250 Jesns
1332 3194 1605 3257 Christus.
1644 3195 1941 3250 crucifixus
1998 3195 2119 3265 qui-

2226 2009 2403 2065 πάντα
2453 2008 2550 2063 καὶ
2593 2007 2692 2079 τὴν
2722 2004 3115 2077 εὐπερίστατον
3159 2000 3461 2072 ἁμαρτίαν,
3503 1999 3573 2053 δι’
3610 2000 3847 2067 ὑπομο-

2224 2099 2321 2170 νῆς
2365 2098 2651 2170 τρέχωμεν
2684 2096 2776 2149 τὸν
2809 2092 3170 2165 προκείμενον
3220 2092 3353 2161 ἡμῖν
3416 2091 3655 2158 ἀγῶνα,
3724 2092 3847 2155 ἀφ-.

2224 2188 2457 2258 ορῶντες
2488 2189 2568 2252 είς
2600 2188 2692 2241 τὸν
2708 2186 2810 2257 τῆς
2835 2186 3075 2247 πίστεως
3108 2182 3354 2254 ἀρχηγὸν
3386 2183 3479 2234 καὶ
3519 2181 3843 2250 τελειωτὴν

2237 2279 2446 2350 Ἰησοῦν
2496 2278 2764 2351 Χριστόν·
2805 2277 2864 2339 ὃς
2916 2276 3040 2330 ἀντὶ
3086 2274 3187 2345 τῆς
3238 2273 3615 2346 προκειμένης
3674 2273 3835 2341 αὖτῴ

2225 2375 2401 2446 χαρᾶς
2451 2373 2715 2443 ὑπέμεινε
2756 2370 3010 2443 σταυρὸν,
3046 2368 3324 2439 αἰσχύνης
3358 2369 3829 2436 καταφρονήσας,

2227 2469 2322 2522 καὶ
2359 2469 2419 2521 ὲν
2449 2464 2602 2538 δεξιᾷ
2652 2464 2747 2520 τοῦ
2783 2464 2975 2536 θρόνου
3012 2460 3107 2516 τοῦ
3158 2460 3295 2515 Θεοῦ
3342 2460 3667 2515 κεκάθικεν.
3694 2478 3729 2509 ι
3764 2460 3826 2511 ΚΞ

2226 2558 2405 2622 κοινὸς
2436 2558 2722 2629 ἄνθρωπος
2746 2558 2775 2609 6
2807 2554 3064 2628 Χριστὸς,
3101 2554 3195 2607 καὶ
3225 2553 3287 2606 ού
3318 2552 3453 2615 Θεὸς
3482 2550 3733 2622 ἀληθῶς,
3771 2552 3828 2601 ἒν

2228 2650 2393 2722 σαρκί
2435 2666 2496 2703 τε
2547 2647 2877 2719 καθ’ἡμᾶς,
2915 2645 3073 2699 ποίαν
3112 2645 3261 2716 αύτῷ
3314 2642 3641 2715 προκεῖσθαί
3687 2657 3824 2710 φησι

2225 2741 2325 2813 τὴν
2367 2740 2577 2811 χαράν;
2616 2739 2650 2809 ἢ
2693 2738 2813 2802 πῶς
2855 2737 3152 2792 κεκάθικεν
3190 2738 3249 2789 ὲν
3289 2735 3441 2805 δεξιᾷ
3482 2733 3576 2786 τοῦ
3619 2732 3826 2803 θρόνου

2222 2832 2318 2887 τοῦ
2352 2833 2523 2899 Θεοῦ;
2559 2829 2724 2885 Ἀλλὰ
2758 2830 2865 2902 μὴν
2904 2828 3198 2900 προῦκειτό
3230 2846 3290 2882 τε
3321 2826 3472 2897 αύτῷ
3498 2826 3638 2897 χαρὰ
3702 2823 3833 2893 (καὶ

2224 2926 2334 2997 γάρ
2380 2926 2527 2978 ἔστιν
2588 2924 2648 2977 ὲν
2695 2921 3099 2993 ἀκαταλήκτοις
3141 2917 3434 2991 θυμηδίαις
3471 2919 3505 2988 ἡ
3552 2915 3822 2970 ἀνωτάτω

2226 3015 2433 3089 φύσις),
2460 3016 2720 3087 ὑπέμεινε
2748 3014 2806 3068 δὲ
2842 3011 3097 3086 σταυρὸν,
3126 3011 3189 3065 τὸ
3232 3008 3607 3081 σταυρωθῆναι
3648 3004 3811 3059 δυνάο

2228 3122 2386 3177 μενον
2424 3104 2553 3158 ἴδιον
2590 3102 2959 3175 ποιησάμενος
3004 3100 3191 3171 σῶμα·
3224 3099 3317 3153 καὶ
3348 3096 3513 3159 αὐτὸς
3543 3096 3573 3148 6
3611 3097 3810 3148 ἐσταυ-

2228 3197 2474 3270 ρωμένος
2514 3195 2807 3250 κεκάθικεν
2837 3196 2896 3248 ὲν
2934 3192 3085 3265 δεξιᾷ
3110 3190 3203 3246 τοῦ
3242 3189 3379 3244 Θεοῦ
3410 3188 3507 3244 καὶ
3548 3186 3764 3259 Πατρός
3784 3226 3801 3242 .

540 3282 663 3336 dem
731 3293 791 3338 ut
866 3285 1051 3349 homo,
1119 3300 1241 3339 cum
1319 3283 1483 3342 Patre
1558 3300 1688 3340 vero
1756 3300 1991 3356 regnans
2064 3294 2119 3342 ut

2229 3265 2325 3353 Εἷς
2370 3288 2481 3358 ἄρα
2526 3287 2734 3359 Κύριος
2770 3285 2981 3356 Ἰησοῦς
3022 3283 3289 3356 Χριστὸς,
3341 3280 3673 3352 σταυρωθεὶς
3714 3278 3811 3349 μὲν

542 3371 708 3428 Deus.

844 3466 1016 3557 Quod
1058 3504 1192 3550 unus
1235 3485 1411 3543 Filius
1449 3498 1497 3543 et
1539 3487 1816 3547 Dominus.

777 3593 864 3654 Ea:
902 3598 1189 3669 Evangelia
1226 3602 1514 3655 secundum
1557 3600 1893 3656 Matt/tarum.

614 3728 639 3767 ι
672 3708 866 3793 omnia
898 3713 1027 3767 tnihi
1060 3713 1253 3770 tradita
1287 3723 1413 3769 sunt
1438 3731 1467 3769 a
1496 3712 1659 3768 Patre
1688 3729 1851 3770 meo:
1882 3723 1937 3770 et
1965 3730 2144 3771 nemo.

543 3805 692 3859 novit
720 3803 943 3868 Eilium,
971 3804 1071 3863 nisi
1100 3805 1260 3860 Pater
1289 3816 1303 3860 :
1335 3821 1510 3871 neque
1539 3805 1756 3861 Patrem
1787 3807 1910 3877 quis
1940 3807 2121 3871 novit,

540 3892 645 3945 nisi
670 3889 858 3958 Filius,
883 3900 938 3946 et
965 3893 1050 3947 cui
1072 3892 1304 3949 voluerit
1331 3892 1501 3949 Filius
1532 3895 1794 3951 revelare.
1824 3915 1843 3947 ν
1876 3894 1935 3951 Si
1964 3912 2123 3953 nemo

539 3979 737 4038 Filium
773 3983 953 4052 novit,
992 3984 1096 4040 nisi
1132 3984 1281 4040 solus
1315 3985 1517 4052 Pater;
1554 3987 1826 4057 quomodo
1862 3999 1991 4044 sunt
2029 3991 2120 4059 qui

539 4073 720 4130 Patris
750 4076 1119 4131 testimonium
1150 4077 1312 4132 veluti
1347 4077 1619 4133 inﬁrmum
1654 4079 2119 4147 repudiant?»Os-

540 4166 711 4220 tendit
752 4168 1013 4227 is‘atttem
1054 4167 1251 4231 [filium
1293 4185 1451 4224 suum
1494 4170 1546 4225 itt
1583 4169 1821 4231 Iordane
1858 4172 1960 4227 hac
1993 4188 2120 4228 ora-

538 4257 688 4313 tione
725 4274 741 4313 :
786 4276 805 4309 ι
848 4258 975 4324 llic,
1013 4260 1219 4330 inqttit,
1256 4272 1340 4316 est
1376 4260 1549 4318 Filius
1580 4278 1731 4318 meus
1769 4263 2029 4329 dilectus,
2066 4265 2118 4318 in

537 4363 655 4417 quot
686 4350 818 4409 mihi
862 4352 1001 4406 bene
1044 4353 1437 4424 complacui“.
1485 4372 1506 4406 ι
1554 4354 1717 4425 Atqui
1760 4371 1867 4409 non
1912 4356 2117 4411 nudum

538 4440 777 4497 Verbum
819 4444 889 4496 oh
931 4444 1120 4501 oculos
1164 4446 1320 4501 nobis
1362 4449 1574 4516 posuit,
1619 4447 1712 4502 scd
1756 4447 2116 4502 incarnattnn.

534 4530 723 4604 Neque
749 4532 885 4590 dixit
917 4534 1015 4595 :ln
1049 4535 1152 4592 hoc
1181 4545 1263 4591 est
1296 4536 1467 4595 Filius
1497 4553 1649 4595 meus
1680 4538 1940 4605 dilectus;
1972 4541 2066 4594 sed
2100 4559 2113 4593 :

2228 3383 2609 3454 ἀνθρωπίνως,
2637 3379 2973 3451 συνεδρεύων
2998 3378 3057 3431 δὲ
3088 3375 3283 3438 θεῐκῶς
3310 3374 3391 3446 τῷ
3420 3373 3613 3443 Πατρὶ.

2607 3494 2730 3547 Ὅτι
2757 3488 2845 3556 εἷς
2882 3491 3015 3555 Υἱὸς
3048 3489 3147 3543 καὶ
3191 3489 3431 3557 Κύριος.
3514 3544 3519 3551 _

2620 3608 2723 3660 Ἐκ
2763 3603 2872 3658 τοῦ
2909 3601 3063 3657 κατὰ
3096 3599 3422 3655 Ματθαῖον.

2303 3736 2338 3771 ι.
2367 3718 2552 3773 Πάντα
2585 3733 2677 3787 μοι
2705 3714 2980 3787 παρεδόθη
3023 3711 3129 3767 ύπδ
3154 3711 3251 3766 τοῦ
3284 3710 3500 3781 Πατρός
3536 3727 3635 3781 μου
3660 3724 3677 3741 ⁸
3712 3708 3804 3761 καὶ

2224 3811 2399 3875 οὐδεὶς
2431 3808 2689 3880 γινώσκει
2727 3807 2819 3868 τὸν
2855 3806 3004 3871 Υἱδν,
3038 3806 3087 3858 εί
3119 3804 3195 3876 μὴ
3225 3805 3254 3857 6
3282 3803 3509 3872 Πατήρο
3544 3801 3662 3855 οὐδὲ
3704 3801 3788 3852 τὸν

2225 3901 2446 3970 Πατέρα
2476 3916 2562 3963 τις
2583 3896 2868 3968 γινώσκει,
2897 3896 2947 3948 εί
2981 3895 3055 3967 μὴ
3085 3894 3115 3946 6
3141 3892 3291 3957 Υἱὸς,
3322 3894 3419 3947 καὶ
3442 3886 3488 3960 ᾧ
3526 3892 3592 3946 ἂν
3620 3890 3801 3962 βούλη-

2223 4012 2313 4048 ται
2345 3995 2375 4047 6
2413 3993 2543 4055 Υἱὸς
2585 3989 2957 4060 ἀποκαλύψαι.
2999 4006 3019 4043 ι
3054 3987 3281 4051 Οὐδενὸς
3328 3984 3688 4054 γινώσκοντος
3715 3982 3811 4035 τὸν

2222 4084 2374 4149 Υίὸν,
2406 4084 2453 4136 εί
2487 4082 2561 4153 μὴ
2604 4082 2770 4152 μόνου
2802 4078 2899 4133 τοῦ
2938 4077 3175 4149 Πατρδς,
3221 4076 3338 4140 πῶς
3369 4075 3623 4130 ἀθετοῦσί
3664 4092 3797 4136 τινες

2221 4177 2323 4246 τὴν
2358 4174 2452 4229 τοῦ
2480 4173 2696 4244 Πατιρδς
2724 4169 3063 4243 μαρτυρίαν;
3108 4167 3387 4234 ’Υπέδειξε
3415 4166 3525 4239 γὰρ
3557 4167 3651 4220 τὸν
3678 4166 3798 4220 ίδιον

2222 4265 2354 4319 Υἰὸν
2406 4265 2465 4317 ὲν
2496 4262 2574 4334 τῷ
2618 4262 2885 4333 Ἰορδάνῃ,
2915 4259 3091 4329 λέγων
3112 4275 3128 4291 ο
3161 4277 3181 4310 ι
3217 4253 3387 4321 Οὗτός
3420 4258 3569 4311 ἐστιν
3615 4258 3645 4312 6
3681 4257 3795 4320 Υἱός

2224 4375 2325 4427 μου
2358 4358 2389 4411 6
2416 4354 2721 4425 ἀγαπητὸς,
2761 4352 2821 4404 ὲν
2850 4344 2895 4420 ᾧ
2940 4350 3243 4422 ηὐδόκησα.
3275 4368 3293 4402 ι
3348 4349 3492 4403 Ἀλλ’
3511 4350 3572 4404 οὐ
3602 4349 3795 4421 γυμνὸν

2221 4449 2358 4515 ἡμῖν
2387 4441 2678 4516 παρέδειξε
2703 4443 2794 4497 τὸν
2819 4443 2952 4496 ἴδιον
2972 4441 3167 4510 Λόγον,
3192 4441 3306 4495 ἀλλ’
3330 4440 3599 4495 ἑνωθέντα
3622 4441 3791 4512 σαρκί.

2220 4538 2333 4591 Καὶ
2383 4537 2484 4589 οὐκ
2530 4534 2777 4605 εἴρηκεν,
2805 4534 2887 4587 ὅτι
2920 4533 3009 4586 Ἐν
3045 4530 3403 4603 τούτῳέστὶν
3426 4534 3474 4599 εδ
3508 4532 3640 4595 Υἱός
3666 4550 3811 4603 μου,

534 4620 659 4690 Hic,
685 4640 844 4693 quem
874 4640 1057 4683 coram
1085 4627 1309 4682 cernitis
1337 4627 1387 4681 in
1415 4643 1603 4697 carne,
1630 4640 1713 4685 est
1745 4629 1913 4686 Filius
1944 4646 2116 4687 mens.

2224 4627 2363 4693 ἀλλ’,
2404 4645 2422 4677 ι
2460 4601 2851 4690 Οὗτός-ἑστιν,
2873 4624 2951 4679 ›.ὀ
2980 4623 3121 4694 μετὰ
3169 4601 3396 4693 σαρκός.
3428 4617 3525 4687 Εἷς
3558 4601 3677 4693 ἄρα
3710 4624 3795 4685 καὶ

537 4710 688 4771 Unus
719 4716 901 4787 itaque
931 4726 1013 4773 est
1045 4715 1305 4773 Dominus
1335 4727 1389 4773 et
1418 4716 1610 4774 Filius.

796 4829 888 4886 Eas
916 4831 1207 4903 Evangelia
1237 4836 1523 4893 secundum
1549 4835 1839 4891 Joannem.

608 4959 629 4994 ι
665 4940 796 4997 Erat
828 4941 921 4997 lux
948 4958 1097 5009 vera,
1130 4960 1255 5015 qua:
1282 4944 1553 5001 illuminat
1585 4961 1801 5002 onmem
1837 4946 2138 5009 hominem,

528 5033 841 5091 venientem
890 5035 943 5090 in
997 5037 1141 5092 hunc
1188 5038 1481 5092 mundum;
1514 5037 1575 5092 In
1627 5037 1829 5093 mundo
1874 5047 2013 5106 erat,
2057 5047 2116 5094 et

531 5129 763 5182 mundus
798 5143 897 5198 per
930 5128 1104 5199 ipsum
1141 5129 1314 5185 factus
1345 5138 1449 5195 est,
1484 5139 1543 5186 et
1575 5131 1809 5186 mundus
1842 5144 1967 5186 eum
2004 5146 2112 5187 non

528 5219 800 5287 cognovit.
839 5221 897 5275 ln
932 5221 1147 5292 prOpria
1180 5223 1348 5289 venit,
1380 5233 1434 5278 et
1470 5224 1553 5277 sui
1588 5237 1713 5279 eum
1745 5238 1863 5280 non
1888 5239 2113 5295 recepe-

531 5324 657 5364 rnnt
688 5314 703 5343 ί
736 5350 750 5365 .
776 5331 797 5364 ι
826 5311 967 5369 Ecce
1000 5325 1257 5371 accurate
1277 5317 1346 5372 de
1367 5317 1562 5372 divinis
1595 5316 1891 5381 disserens,
1927 5325 2113 5386 etper

530 5400 699 5453 lucem
726 5416 910 5456 veram
939 5402 1229 5460 illuminari
1256 5420 1469 5461 omnem
1498 5407 1774 5463 hominem
1800 5406 2106 5463 venientem

526 5491 579 5545 in
607 5492 748 5545 hunc
771 5495 1025 5548 mundum
1049 5494 1344 5563 allirmans,
1368 5497 1651 5568 ipsumque
1668 5510 1808 5564 esse,
1832 5512 1929 5569 per
1947 5511 2106 5569 quem

531 5584 763 5637 mundus
791 5594 876 5638 est
904 5587 1174 5651 conditus,
1223 5588 1366 5643 hunc
1392 5590 1642 5643 eumdem
1673 5590 1727 5644 in
1759 5588 1977 5660 propria
2009 5604 2103 5643 ve-

528 5673 675 5729 nisse
704 5677 979 5745 praedicat.
1003 5677 1159 5734 Venit
1189 5690 1369 5735 autem
1401 5679 1721 5751 Unigenitus
1747 5681 1922 5736 lactus
1948 5680 2109 5735 homo

2223 4718 2429 4791 Κύριος
2459 4717 2553 4773 καὶ
2580 4716 2733 4781 Υἱός.

2434 4830 2672 4889 Ἐκτοῦ
2698 4827 2851 4883 κατὰ
2892 4826 3171 4895 Ἰωάννην
3204 4827 3599 4897 Εὐαγγαιιόυ.

2297 4938 2459 5004 ‹,Ἦν
2499 4942 2561 4996 τὸ
2590 4941 2707 5012 φῶς
2738 4940 2800 4995 τὸ
2845 4938 3119 5010 ἀληθινὸν,
3163 4938 3194 4992 ὃ
3222 4938 3450 5009 φωτίζει
3490 4941 3674 4995 πάντα
3711 4942 3789 4996 ἆν-

2219 5039 2437 5111 θρώπον
2472 5036 2769 5108 ἐρχόμενον
2796 5036 2876 5099 είς
2896 5034 2988 5088 τὸν
3012 5034 3240 5106 κόσμον.
3282 5034 3371 5088 Ἐν
3396 5031 3475 5104 τῷ
3502 5034 3697 5105 κόσμῳ
3714 5030 3789 5105 ἦν,

2218 5131 2313 5185 καὶ
2340 5132 2369 5183 6
2392 5127 2596 5200 κόσμος
2616 5127 2683 5181 δι’
2713 5124 2881 5189 αὐτοῦ
2900 5186 2903 5188 η
2923 5125 3160 5194 ἐγένετο,
3186 5125 3281 5179 καὶ
3321 5126 3351 5179 6
3394 5126 3601 5196 κόσμος
3641 5127 3791 5179 αὐτὸν

2217 5222 2317 5276 οὐκ
2345 5220 2507 5288 ἔγνω.
2532 5220 2627 5282 Et;
2646 5218 2714 5272 τὰ
2738 5218 2845 5273 ἴδια
2866 5212 3020 5289 ἦλθε,
3040 5218 3199 5271 καὶοὶ
3223 5217 3344 5270 ἴδιοι
3372 5215 3536 5270 αὑτὸν
3565 5217 3627 5270 ού
3658 5234 3789 5288 παρ·
3852 5224 3860 5235 ’

2220 5314 2430 5379 έλαὸον.
2467 5331 2487 5366 ι
2546 5312 2891 5380 Θεολογήσας
2912 5310 3251 5381 ἀρκούντως,
3275 5309 3368 5363 καὶ
3389 5308 3478 5362 διὰ
3506 5308 3601 5362 τοῦ
3629 5309 3790 5379 φωτὸς

2215 5402 2310 5466 τοῦ
2341 5401 2597 5474 ἀληθινοῦ
2620 5400 2961 5471 πεφωτίσθαι
2990 5400 3169 5454 πάντα
3201 5399 3487 5470 ἄνθρωπον
3510 5400 3790 5471 ἐρχόμενον

2218 5500 2297 5561 εἰς
2325 5494 2418 5548 τὸν
2459 5494 2669 5564 κόσμον
2694 5492 2883 5557 εἰπὼν,
2918 5491 3109 5556 καὶδι⁹
3153 5490 3317 5545 αὐτοῦ
3358 5490 3521 5544 αὐτὸν
3571 5490 3788 5561 πεποιῆ-

2220 5584 2344 5637 σθαι
2395 5582 2489 5636 τὸν
2515 5582 2858 5653 κόσμονκεὶς
2906 5582 2977 5635 τὰ
3023 5582 3131 5635 ἴδιά
3169 5598 3334 5651 φησιν
3381 5580 3546 5633 αὑτὸν
3603 5578 3782 5632 ἐλθεῖν.

2217 5674 2389 5729 Ἦλθε
2424 5674 2483 5728 δὲ
2521 5674 2761 5744 γεγονὼς
2802 5674 3087 5745 ἄνθρωπος
3131 5676 3159 5727 ό
3204 5670 3514 5743 Μονογενὴς
3538 5670 3787 5742 ηώςπβ

603 5835 646 5865 ⁸³
668 5833 834 5888 Hebr.
866 5847 966 5902 xu,
1002 5835 1050 5900 l,
1079 5832 1133 5889 ει..
1213 5836 1255 5868 ⁸³
1280 5836 1475 5893 Matth.
1509 5853 1591 5906 χι,
1616 5837 1707 5892 27.
1789 5839 1830 5869 “
1859 5835 2048 5893 Matth.
2074 5835 2119 5899 ὖ]

2230 5873 2242 5887 .
2326 5833 2541 5889 "Juau.
2583 5834 2696 5899 1,9,
2738 5833 2820 5887 10.
