  <div class='ocr_page' id='page_1' title='image "/cluster/home/n/w/nwhite01/storage/ocr_20150623/76/hvd.32044019207943/664.png"; bbox 0 0 4058 6484; ppageno 0'>
   <div class='ocr_carea' id='block_1_1' title="bbox 192 403 1822 479">
    <p class='ocr_par' dir='ltr' id='par_1_1' title="bbox 192 403 1822 465">
     <span class='ocr_line' id='line_1_1' title="bbox 192 403 1822 465; baseline 0.004 -6"><span class='ocrx_word' id='word_1_1' title='bbox 192 403 374 463; x_wconf 71' lang='grc'><strong>1315</strong></span> <span class='ocrx_word' id='word_1_2' title='bbox 1327 410 1416 465; x_wconf 82' lang='lat' dir='ltr'><strong>DE</strong></span> <span class='ocrx_word' id='word_1_3' title='bbox 1452 405 1680 465; x_wconf 76' lang='lat' dir='ltr'><strong>RECTA</strong></span> <span class='ocrx_word' id='word_1_4' title='bbox 1722 409 1822 465; x_wconf 80' lang='lat' dir='ltr'><strong>FID</strong></span> 
     </span>
    </p>
   </div>
   <div class='ocr_carea' id='block_1_2' title="bbox 1926 403 3511 479">
    <p class='ocr_par' dir='ltr' id='par_1_2' title="bbox 1926 409 3511 479">
     <span class='ocr_line' id='line_1_2' title="bbox 1926 409 3511 479; baseline 0.008 -12"><span class='ocrx_word' id='word_1_5' title='bbox 1926 409 2006 467; x_wconf 72' lang='lat' dir='ltr'><strong>AD</strong></span> <span class='ocrx_word' id='word_1_6' title='bbox 2046 411 2366 467; x_wconf 74' lang='lat' dir='ltr'><strong>REGINAS.</strong></span> <span class='ocrx_word' id='word_1_7' title='bbox 3371 423 3511 479; x_wconf 73' lang='grc'><strong>1514</strong></span> 
     </span>
    </p>
   </div>
   <div class='ocr_carea' id='block_1_3' title="bbox 193 523 1822 610">
    <p class='ocr_par' dir='ltr' id='par_1_3' title="bbox 193 523 1817 599">
     <span class='ocr_line' id='line_1_3' title="bbox 193 523 1817 599; baseline 0.002 -23"><span class='ocrx_word' id='word_1_8' title='bbox 193 523 419 587; x_wconf 59' lang='lat' dir='ltr'><strong>{aio-4;,</strong></span> <span class='ocrx_word' id='word_1_9' title='bbox 474 525 568 579; x_wconf 69' lang='grc' dir='ltr'><strong>καὶ</strong></span> <span class='ocrx_word' id='word_1_10' title='bbox 626 526 733 599; x_wconf 78' lang='grc' dir='ltr'><strong>πρό</strong></span> <span class='ocrx_word' id='word_1_11' title='bbox 795 546 853 598; x_wconf 85' lang='grc' dir='ltr'><strong>γε</strong></span> <span class='ocrx_word' id='word_1_12' title='bbox 914 529 1022 583; x_wconf 81' lang='grc' dir='ltr'><strong>τῶν</strong></span> <span class='ocrx_word' id='word_1_13' title='bbox 1079 525 1253 582; x_wconf 78' lang='grc' dir='ltr'><strong>ἄλλων</strong></span> <span class='ocrx_word' id='word_1_14' title='bbox 1292 526 1417 590; x_wconf 76' lang='grc' dir='ltr'><strong>τοὺς</strong></span> <span class='ocrx_word' id='word_1_15' title='bbox 1471 525 1529 594; x_wconf 77' lang='grc' dir='ltr'>ἐξ</span> <span class='ocrx_word' id='word_1_16' title='bbox 1584 526 1817 597; x_wconf 76' lang='grc' dir='ltr'><strong>αἵματος</strong></span> 
     </span>
    </p>
   </div>
   <div class='ocr_carea' id='block_1_4' title="bbox 1926 523 3507 610">
    <p class='ocr_par' dir='ltr' id='par_1_4' title="bbox 1926 526 3507 610">
     <span class='ocr_line' id='line_1_4' title="bbox 1926 526 3507 610; baseline 0.009 -30"><span class='ocrx_word' id='word_1_17' title='bbox 1926 535 2182 598; x_wconf 85' lang='lat' dir='ltr'><strong>tanquam</strong></span> <span class='ocrx_word' id='word_1_18' title='bbox 2214 526 2283 583; x_wconf 88' lang='lat' dir='ltr'><strong>ad</strong></span> <span class='ocrx_word' id='word_1_19' title='bbox 2312 542 2465 596; x_wconf 88' lang='lat' dir='ltr'><strong>suos,</strong></span> <span class='ocrx_word' id='word_1_20' title='bbox 2492 538 2547 585; x_wconf 89' lang='lat' dir='ltr'><strong>et</strong></span> <span class='ocrx_word' id='word_1_21' title='bbox 2576 531 2846 601; x_wconf 69' lang='lat' dir='ltr'><strong>praecipue</strong></span> <span class='ocrx_word' id='word_1_22' title='bbox 2876 533 2944 589; x_wconf 88' lang='lat' dir='ltr'><strong>ad</strong></span> <span class='ocrx_word' id='word_1_23' title='bbox 2976 534 3258 592; x_wconf 85' lang='lat' dir='ltr'><strong>lsraelitici</strong></span> <span class='ocrx_word' id='word_1_24' title='bbox 3290 544 3507 610; x_wconf 76' lang='lat' dir='ltr'><strong>sangui-</strong></span> 
     </span>
    </p>
   </div>
   <div class='ocr_carea' id='block_1_5' title="bbox 204 614 1822 700">
    <p class='ocr_par' dir='ltr' id='par_1_5' title="bbox 204 614 1816 690">
     <span class='ocr_line' id='line_1_5' title="bbox 204 614 1816 690; baseline 0.003 -24"><span class='ocrx_word' id='word_1_25' title='bbox 204 614 255 666; x_wconf 84' lang='lat' dir='ltr'><strong>&#39;l</strong></span> <span class='ocrx_word' id='word_1_26' title='bbox 284 615 484 687; x_wconf 72' lang='grc' dir='ltr'><strong>τραήλ.</strong></span> <span class='ocrx_word' id='word_1_27' title='bbox 518 618 648 671; x_wconf 84' lang='grc' dir='ltr'><strong>Ὅτε</strong></span> <span class='ocrx_word' id='word_1_28' title='bbox 682 618 863 673; x_wconf 82' lang='grc' dir='ltr'><strong>τοίνυν</strong></span> <span class='ocrx_word' id='word_1_29' title='bbox 888 621 1049 685; x_wconf 77' lang='grc' dir='ltr'><strong>αὐτός</strong></span> <span class='ocrx_word' id='word_1_30' title='bbox 1075 620 1192 673; x_wconf 74' lang='grc' dir='ltr'><strong>ἐστι</strong></span> <span class='ocrx_word' id='word_1_31' title='bbox 1223 619 1285 672; x_wconf 83' lang='grc' dir='ltr'><strong>τὸ</strong></span> <span class='ocrx_word' id='word_1_32' title='bbox 1308 618 1423 687; x_wconf 77' lang='grc' dir='ltr'><strong>φῶς</strong></span> <span class='ocrx_word' id='word_1_33' title='bbox 1453 618 1515 672; x_wconf 73' lang='grc' dir='ltr'><strong>τὸ</strong></span> <span class='ocrx_word' id='word_1_34' title='bbox 1538 618 1816 690; x_wconf 83' lang='grc' dir='ltr'><strong>ἀληθινὸν,</strong></span> 
     </span>
    </p>
   </div>
   <div class='ocr_carea' id='block_1_6' title="bbox 1926 614 3510 700">
    <p class='ocr_par' dir='ltr' id='par_1_6' title="bbox 1926 618 3510 700">
     <span class='ocr_line' id='line_1_6' title="bbox 1926 618 3510 700; baseline 0.007 -27"><span class='ocrx_word' id='word_1_35' title='bbox 1926 620 2009 675; x_wconf 90' lang='lat' dir='ltr'><strong>nis</strong></span> <span class='ocrx_word' id='word_1_36' title='bbox 2047 618 2314 676; x_wconf 82' lang='lat' dir='ltr'><strong>homines.</strong></span> <span class='ocrx_word' id='word_1_37' title='bbox 2350 619 2489 678; x_wconf 73' lang='lat' dir='ltr'><strong>Cum</strong></span> <span class='ocrx_word' id='word_1_38' title='bbox 2534 635 2664 692; x_wconf 78' lang='lat' dir='ltr'><strong>ergo</strong></span> <span class='ocrx_word' id='word_1_39' title='bbox 2705 625 2819 693; x_wconf 88' lang='lat' dir='ltr'><strong>ipse</strong></span> <span class='ocrx_word' id='word_1_40' title='bbox 2857 629 2928 680; x_wconf 89' lang='lat' dir='ltr'><strong>sit</strong></span> <span class='ocrx_word' id='word_1_41' title='bbox 2971 626 3059 682; x_wconf 82' lang='lat' dir='ltr'><strong>lux</strong></span> <span class='ocrx_word' id='word_1_42' title='bbox 3101 628 3189 684; x_wconf 82' lang='lat' dir='ltr'><strong>illa</strong></span> <span class='ocrx_word' id='word_1_43' title='bbox 3226 645 3377 699; x_wconf 82' lang='lat' dir='ltr'><strong>vera,</strong></span> <span class='ocrx_word' id='word_1_44' title='bbox 3414 648 3510 700; x_wconf 85' lang='lat' dir='ltr'><strong>per</strong></span> 
     </span>
    </p>
   </div>
   <div class='ocr_carea' id='block_1_7' title="bbox 193 701 1822 792">
    <p class='ocr_par' dir='ltr' id='par_1_7' title="bbox 193 701 1820 782">
     <span class='ocr_line' id='line_1_7' title="bbox 193 701 1820 782; baseline 0.004 -26"><span class='ocrx_word' id='word_1_45' title='bbox 193 703 233 755; x_wconf 83' lang='lat'><strong>6</strong></span> <span class='ocrx_word' id='word_1_46' title='bbox 280 704 364 758; x_wconf 75' lang='grc' dir='ltr'><strong>δι’</strong></span> <span class='ocrx_word' id='word_1_47' title='bbox 392 701 456 760; x_wconf 78' lang='grc' dir='ltr'><strong>οὗ</strong></span> <span class='ocrx_word' id='word_1_48' title='bbox 487 707 553 761; x_wconf 71' lang='grc' dir='ltr'><strong>τὰ</strong></span> <span class='ocrx_word' id='word_1_49' title='bbox 601 709 779 763; x_wconf 82' lang='grc' dir='ltr'><strong>πάντα</strong></span> <span class='ocrx_word' id='word_1_50' title='bbox 822 710 939 782; x_wconf 71' lang='grc' dir='ltr'><strong>(καὶ</strong></span> <span class='ocrx_word' id='word_1_51' title='bbox 972 710 1133 773; x_wconf 82' lang='grc' dir='ltr'><strong>αὐτός</strong></span> <span class='ocrx_word' id='word_1_52' title='bbox 1177 709 1324 762; x_wconf 77' lang='grc' dir='ltr'><strong>ἐστιν</strong></span> <span class='ocrx_word' id='word_1_53' title='bbox 1371 709 1400 761; x_wconf 98' lang='lat'><strong>6</strong></span> <span class='ocrx_word' id='word_1_54' title='bbox 1436 708 1577 779; x_wconf 77' lang='grc' dir='ltr'><strong>μετὰ</strong></span> <span class='ocrx_word' id='word_1_55' title='bbox 1617 708 1820 781; x_wconf 75' lang='grc' dir='ltr'><strong>σαρκὸς</strong></span> 
     </span>
    </p>
   </div>
   <div class='ocr_carea' id='block_1_8' title="bbox 1926 701 3512 792">
    <p class='ocr_par' dir='ltr' id='par_1_8' title="bbox 1926 712 3512 792">
     <span class='ocr_line' id='line_1_8' title="bbox 1926 712 3512 792; baseline 0.008 -28"><span class='ocrx_word' id='word_1_56' title='bbox 1926 724 2080 781; x_wconf 82' lang='lat' dir='ltr'><strong>quem</strong></span> <span class='ocrx_word' id='word_1_57' title='bbox 2103 712 2283 766; x_wconf 83' lang='lat' dir='ltr'><strong>omnia</strong></span> <span class='ocrx_word' id='word_1_58' title='bbox 2310 722 2436 767; x_wconf 88' lang='lat' dir='ltr'><strong>sunt</strong></span> <span class='ocrx_word' id='word_1_59' title='bbox 2458 715 2711 781; x_wconf 85' lang='lat' dir='ltr'><strong>condita;</strong></span> <span class='ocrx_word' id='word_1_60' title='bbox 2736 732 2969 788; x_wconf 72' lang='lat' dir='ltr'><strong>cumque</strong></span> <span class='ocrx_word' id='word_1_61' title='bbox 2993 719 3083 775; x_wconf 74' lang='lat' dir='ltr'><strong>iiie</strong></span> <span class='ocrx_word' id='word_1_62' title='bbox 3106 721 3198 785; x_wconf 89' lang='lat' dir='ltr'><strong>sit,</strong></span> <span class='ocrx_word' id='word_1_63' title='bbox 3222 724 3313 792; x_wconf 87' lang='lat' dir='ltr'><strong>qui</strong></span> <span class='ocrx_word' id='word_1_64' title='bbox 3345 738 3512 777; x_wconf 85' lang='lat' dir='ltr'><strong>carne</strong></span> 
     </span>
    </p>
   </div>
   <div class='ocr_carea' id='block_1_9' title="bbox 186 795 1822 882">
    <p class='ocr_par' dir='ltr' id='par_1_9' title="bbox 186 795 1819 869">
     <span class='ocr_line' id='line_1_9' title="bbox 186 795 1819 869; baseline 0.004 -22"><span class='ocrx_word' id='word_1_65' title='bbox 186 795 397 849; x_wconf 75' lang='grc' dir='ltr'><strong>ἐλθὼν</strong></span> <span class='ocrx_word' id='word_1_66' title='bbox 438 800 518 863; x_wconf 85' lang='grc' dir='ltr'><strong>είς</strong></span> <span class='ocrx_word' id='word_1_67' title='bbox 555 800 627 852; x_wconf 71' lang='grc' dir='ltr'><strong>τὰ</strong></span> <span class='ocrx_word' id='word_1_68' title='bbox 657 799 793 854; x_wconf 80' lang='grc' dir='ltr'><strong>ἴδια’</strong></span> <span class='ocrx_word' id='word_1_69' title='bbox 824 802 941 865; x_wconf 80' lang='grc' dir='ltr'><strong>πῶς</strong></span> <span class='ocrx_word' id='word_1_70' title='bbox 984 801 1084 855; x_wconf 76' lang='grc' dir='ltr'><strong>οὐκ</strong></span> <span class='ocrx_word' id='word_1_71' title='bbox 1116 800 1414 869; x_wconf 75' lang='grc' dir='ltr'><strong>ἀναγκαῖον</strong></span> <span class='ocrx_word' id='word_1_72' title='bbox 1456 799 1553 852; x_wconf 75' lang='grc' dir='ltr'><strong>ἕνα</strong></span> <span class='ocrx_word' id='word_1_73' title='bbox 1582 798 1819 869; x_wconf 81' lang='grc' dir='ltr'><strong>Χριστὸν</strong></span> 
     </span>
    </p>
   </div>
   <div class='ocr_carea' id='block_1_10' title="bbox 1926 795 3506 882">
    <p class='ocr_par' dir='ltr' id='par_1_10' title="bbox 1926 800 3506 882">
     <span class='ocr_line' id='line_1_10' title="bbox 1926 800 3506 882; baseline 0.008 -27"><span class='ocrx_word' id='word_1_74' title='bbox 1926 800 2141 855; x_wconf 84' lang='lat' dir='ltr'><strong>indutus</strong></span> <span class='ocrx_word' id='word_1_75' title='bbox 2168 802 2318 857; x_wconf 80' lang='lat' dir='ltr'><strong>venit</strong></span> <span class='ocrx_word' id='word_1_76' title='bbox 2348 803 2399 858; x_wconf 91' lang='lat' dir='ltr'><strong>in</strong></span> <span class='ocrx_word' id='word_1_77' title='bbox 2434 807 2650 875; x_wconf 88' lang='lat' dir='ltr'><strong>propria</strong></span> <span class='ocrx_word' id='word_1_78' title='bbox 2684 824 2697 861; x_wconf 90' lang='lat'>:</span> <span class='ocrx_word' id='word_1_79' title='bbox 2729 810 2998 876; x_wconf 90' lang='lat' dir='ltr'><strong>quomodo</strong></span> <span class='ocrx_word' id='word_1_80' title='bbox 3024 826 3364 882; x_wconf 87' lang='lat' dir='ltr'><strong>consequens</strong></span> <span class='ocrx_word' id='word_1_81' title='bbox 3399 829 3506 868; x_wconf 90' lang='lat' dir='ltr'><strong>non</strong></span> 
     </span>
    </p>
   </div>
   <div class='ocr_carea' id='block_1_11' title="bbox 193 890 1822 962">
    <p class='ocr_par' dir='ltr' id='par_1_11' title="bbox 193 890 837 962">
     <span class='ocr_line' id='line_1_11' title="bbox 193 890 837 962; baseline 0.005 -20"><span class='ocrx_word' id='word_1_82' title='bbox 193 891 318 942; x_wconf 65' lang='lat' dir='ltr'><strong>xxi.</strong></span> <span class='ocrx_word' id='word_1_83' title='bbox 350 890 485 944; x_wconf 77' lang='grc' dir='ltr'><strong>Υἰδν</strong></span> <span class='ocrx_word' id='word_1_84' title='bbox 513 891 800 962; x_wconf 74' lang='grc' dir='ltr'><strong>ὁμολογεῖν</strong></span> <span class='ocrx_word' id='word_1_85' title='bbox 823 909 837 957; x_wconf 91' lang='grc'><strong>;</strong></span> 
     </span>
    </p>
   </div>
   <div class='ocr_carea' id='block_1_12' title="bbox 1926 890 3368 962">
    <p class='ocr_par' dir='ltr' id='par_1_12' title="bbox 1926 893 3368 957">
     <span class='ocr_line' id='line_1_12' title="bbox 1926 893 3368 957; baseline 0.006 -10"><span class='ocrx_word' id='word_1_86' title='bbox 1926 902 2034 957; x_wconf 85' lang='lat' dir='ltr'><strong>est,</strong></span> <span class='ocrx_word' id='word_1_87' title='bbox 2064 900 2122 946; x_wconf 90' lang='lat' dir='ltr'><strong>ut</strong></span> <span class='ocrx_word' id='word_1_88' title='bbox 2151 908 2314 948; x_wconf 90' lang='lat' dir='ltr'><strong>unum</strong></span> <span class='ocrx_word' id='word_1_89' title='bbox 2344 893 2620 950; x_wconf 75' lang='lat' dir='ltr'><strong>Christum</strong></span> <span class='ocrx_word' id='word_1_90' title='bbox 2654 909 2705 952; x_wconf 89' lang='lat' dir='ltr'><strong>et</strong></span> <span class='ocrx_word' id='word_1_91' title='bbox 2738 897 2942 953; x_wconf 78' lang='lat' dir='ltr'><strong>Filium</strong></span> <span class='ocrx_word' id='word_1_92' title='bbox 2972 902 3368 957; x_wconf 76' lang='lat' dir='ltr'><strong>conﬁteantur?</strong></span> 
     </span>
    </p>
   </div>
   <div class='ocr_carea' id='block_1_13' title="bbox 295 979 1822 1059">
    <p class='ocr_par' dir='ltr' id='par_1_13' title="bbox 295 979 1819 1054">
     <span class='ocr_line' id='line_1_13' title="bbox 295 979 1819 1054; baseline 0.001 -20"><span class='ocrx_word' id='word_1_93' title='bbox 295 1000 319 1033; x_wconf 73' lang='grc' dir='ltr'><strong>ι</strong></span> <span class='ocrx_word' id='word_1_94' title='bbox 373 985 491 1037; x_wconf 78' lang='grc' dir='ltr'><strong>Καὶ</strong></span> <span class='ocrx_word' id='word_1_95' title='bbox 530 986 558 1037; x_wconf 91' lang='lat'><strong>6</strong></span> <span class='ocrx_word' id='word_1_96' title='bbox 582 985 756 1053; x_wconf 81' lang='grc' dir='ltr'><strong>Λόγος</strong></span> <span class='ocrx_word' id='word_1_97' title='bbox 803 982 941 1052; x_wconf 76' lang='grc' dir='ltr'><strong>σὰρξ</strong></span> <span class='ocrx_word' id='word_1_98' title='bbox 991 984 1232 1053; x_wconf 78' lang='grc' dir='ltr'><strong>ἐγένετο,</strong></span> <span class='ocrx_word' id='word_1_99' title='bbox 1273 982 1371 1036; x_wconf 79' lang='grc' dir='ltr'><strong>καὶ</strong></span> <span class='ocrx_word' id='word_1_100' title='bbox 1414 982 1725 1054; x_wconf 71' lang='grc' dir='ltr'><strong>ἐσκήνωσεν</strong></span> <span class='ocrx_word' id='word_1_101' title='bbox 1754 979 1819 1036; x_wconf 71' lang='grc' dir='ltr'>ἒν</span> 
     </span>
    </p>
   </div>
   <div class='ocr_carea' id='block_1_14' title="bbox 1926 979 3511 1059">
    <p class='ocr_par' dir='ltr' id='par_1_14' title="bbox 1998 982 3511 1059">
     <span class='ocr_line' id='line_1_14' title="bbox 1998 982 3511 1059; baseline 0.01 -24"><span class='ocrx_word' id='word_1_102' title='bbox 1998 1002 2016 1035; x_wconf 78' lang='grc' dir='ltr'><strong>ι</strong></span> <span class='ocrx_word' id='word_1_103' title='bbox 2056 982 2120 1039; x_wconf 82' lang='lat' dir='ltr'><strong>Et</strong></span> <span class='ocrx_word' id='word_1_104' title='bbox 2138 982 2374 1038; x_wconf 70' lang='lat' dir='ltr'><strong>Verbum</strong></span> <span class='ocrx_word' id='word_1_105' title='bbox 2403 1001 2532 1041; x_wconf 85' lang='lat' dir='ltr'><strong>caro</strong></span> <span class='ocrx_word' id='word_1_106' title='bbox 2563 988 2765 1042; x_wconf 79' lang='lat' dir='ltr'><strong>factum</strong></span> <span class='ocrx_word' id='word_1_107' title='bbox 2798 999 2910 1059; x_wconf 80' lang='lat' dir='ltr'><strong>est,</strong></span> <span class='ocrx_word' id='word_1_108' title='bbox 2941 1000 2995 1046; x_wconf 85' lang='lat' dir='ltr'><strong>et</strong></span> <span class='ocrx_word' id='word_1_109' title='bbox 3021 991 3293 1045; x_wconf 86' lang='lat' dir='ltr'><strong>habitavit</strong></span> <span class='ocrx_word' id='word_1_110' title='bbox 3324 993 3376 1047; x_wconf 91' lang='lat' dir='ltr'><strong>in</strong></span> <span class='ocrx_word' id='word_1_111' title='bbox 3409 1010 3511 1049; x_wconf 90' lang='lat' dir='ltr'><strong>no-</strong></span> 
     </span>
    </p>
   </div>
   <div class='ocr_carea' id='block_1_15' title="bbox 200 1074 1822 1154">
    <p class='ocr_par' dir='ltr' id='par_1_15' title="bbox 200 1074 1818 1148">
     <span class='ocr_line' id='line_1_15' title="bbox 200 1074 1818 1148; baseline 0.001 -21"><span class='ocrx_word' id='word_1_112' title='bbox 200 1076 388 1146; x_wconf 68' lang='grc' dir='ltr'><strong>ήμῖν,</strong></span> <span class='ocrx_word' id='word_1_113' title='bbox 436 1078 531 1131; x_wconf 74' lang='grc' dir='ltr'><strong>καὶ</strong></span> <span class='ocrx_word' id='word_1_114' title='bbox 563 1076 911 1148; x_wconf 72' lang='grc' dir='ltr'><strong>ἐθεασάμεθα</strong></span> <span class='ocrx_word' id='word_1_115' title='bbox 947 1075 1047 1148; x_wconf 71' lang='grc' dir='ltr'><strong>τὴν</strong></span> <span class='ocrx_word' id='word_1_116' title='bbox 1099 1076 1257 1142; x_wconf 81' lang='grc' dir='ltr'><strong>δόξαν</strong></span> <span class='ocrx_word' id='word_1_117' title='bbox 1310 1074 1499 1139; x_wconf 76' lang='grc' dir='ltr'><strong>αὐτοῦ,</strong></span> <span class='ocrx_word' id='word_1_118' title='bbox 1540 1074 1697 1140; x_wconf 82' lang='grc' dir='ltr'><strong>δόξαν</strong></span> <span class='ocrx_word' id='word_1_119' title='bbox 1738 1074 1818 1139; x_wconf 87' lang='grc' dir='ltr'><strong>ώς</strong></span> 
     </span>
    </p>
   </div>
   <div class='ocr_carea' id='block_1_16' title="bbox 1926 1074 3509 1154">
    <p class='ocr_par' dir='ltr' id='par_1_16' title="bbox 1926 1076 3509 1154">
     <span class='ocr_line' id='line_1_16' title="bbox 1926 1076 3509 1154; baseline 0.005 -23"><span class='ocrx_word' id='word_1_120' title='bbox 1926 1076 2029 1143; x_wconf 68' lang='lat' dir='ltr'><strong>bis,</strong></span> <span class='ocrx_word' id='word_1_121' title='bbox 2059 1087 2112 1131; x_wconf 87' lang='lat' dir='ltr'><strong>ct</strong></span> <span class='ocrx_word' id='word_1_122' title='bbox 2137 1078 2371 1133; x_wconf 81' lang='lat' dir='ltr'><strong>vidimus</strong></span> <span class='ocrx_word' id='word_1_123' title='bbox 2388 1080 2614 1148; x_wconf 72' lang='lat' dir='ltr'><strong>gloriam</strong></span> <span class='ocrx_word' id='word_1_124' title='bbox 2634 1080 2774 1147; x_wconf 82' lang='lat' dir='ltr'><strong>ejus,</strong></span> <span class='ocrx_word' id='word_1_125' title='bbox 2800 1082 3026 1151; x_wconf 76' lang='lat' dir='ltr'><strong>gloriam</strong></span> <span class='ocrx_word' id='word_1_126' title='bbox 3054 1084 3209 1153; x_wconf 82' lang='lat' dir='ltr'><strong>quasi</strong></span> <span class='ocrx_word' id='word_1_127' title='bbox 3243 1082 3509 1154; x_wconf 79' lang='lat' dir='ltr'><strong>Unigeuiti</strong></span> 
     </span>
    </p>
   </div>
   <div class='ocr_carea' id='block_1_17' title="bbox 201 1166 1822 1241">
    <p class='ocr_par' dir='ltr' id='par_1_17' title="bbox 201 1166 1819 1241">
     <span class='ocr_line' id='line_1_17' title="bbox 201 1166 1819 1241; baseline -0.001 -21"><span class='ocrx_word' id='word_1_128' title='bbox 201 1167 577 1235; x_wconf 77' lang='grc' dir='ltr'><strong>Μονογενοῦς</strong></span> <span class='ocrx_word' id='word_1_129' title='bbox 605 1168 756 1239; x_wconf 79' lang='grc' dir='ltr'><strong>παρὰ</strong></span> <span class='ocrx_word' id='word_1_130' title='bbox 793 1167 1031 1240; x_wconf 76' lang='grc' dir='ltr'><strong>Πατρδς)</strong></span> <span class='ocrx_word' id='word_1_131' title='bbox 1067 1168 1281 1241; x_wconf 72' lang='grc' dir='ltr'><strong>πλήρης</strong></span> <span class='ocrx_word' id='word_1_132' title='bbox 1307 1167 1533 1240; x_wconf 77' lang='grc' dir='ltr'><strong>χάριτος</strong></span> <span class='ocrx_word' id='word_1_133' title='bbox 1558 1167 1653 1220; x_wconf 68' lang='grc' dir='ltr'><strong>καὶ</strong></span> <span class='ocrx_word' id='word_1_134' title='bbox 1685 1166 1819 1238; x_wconf 78' lang='grc' dir='ltr'><strong>ἀλη-</strong></span> 
     </span>
    </p>
   </div>
   <div class='ocr_carea' id='block_1_18' title="bbox 1926 1166 3511 1241">
    <p class='ocr_par' dir='ltr' id='par_1_18' title="bbox 1926 1168 3511 1239">
     <span class='ocr_line' id='line_1_18' title="bbox 1926 1168 3511 1239; baseline 0.003 -16"><span class='ocrx_word' id='word_1_135' title='bbox 1926 1183 1951 1223; x_wconf 84' lang='lat' dir='ltr'><strong>a</strong></span> <span class='ocrx_word' id='word_1_136' title='bbox 1987 1168 2173 1235; x_wconf 82' lang='lat' dir='ltr'><strong>Patre,</strong></span> <span class='ocrx_word' id='word_1_137' title='bbox 2220 1170 2434 1239; x_wconf 86' lang='lat' dir='ltr'><strong>plenum</strong></span> <span class='ocrx_word' id='word_1_138' title='bbox 2465 1174 2657 1239; x_wconf 75' lang='lat' dir='ltr'><strong>gratia:</strong></span> <span class='ocrx_word' id='word_1_139' title='bbox 2690 1182 2745 1226; x_wconf 85' lang='lat' dir='ltr'><strong>et</strong></span> <span class='ocrx_word' id='word_1_140' title='bbox 2776 1173 3019 1228; x_wconf 73' lang='lat' dir='ltr'><strong>veritatis</strong></span> <span class='ocrx_word' id='word_1_141' title='bbox 3041 1173 3107 1225; x_wconf 83' lang='lat'><strong>&quot;.</strong></span> <span class='ocrx_word' id='word_1_142' title='bbox 3132 1191 3152 1225; x_wconf 72' lang='grc' dir='ltr'><strong>ι</strong></span> <span class='ocrx_word' id='word_1_143' title='bbox 3191 1174 3247 1227; x_wconf 87' lang='lat' dir='ltr'><strong>Si</strong></span> <span class='ocrx_word' id='word_1_144' title='bbox 3274 1172 3511 1228; x_wconf 80' lang='lat' dir='ltr'><strong>Verbum</strong></span> 
     </span>
    </p>
   </div>
   <div class='ocr_carea' id='block_1_19' title="bbox 195 1256 1822 1336">
    <p class='ocr_par' dir='ltr' id='par_1_19' title="bbox 195 1256 1817 1331">
     <span class='ocr_line' id='line_1_19' title="bbox 195 1256 1817 1331; baseline 0.001 -24"><span class='ocrx_word' id='word_1_145' title='bbox 195 1256 397 1321; x_wconf 79' lang='grc' dir='ltr'><strong>Θείας.</strong></span> <span class='ocrx_word' id='word_1_146' title='bbox 442 1277 460 1310; x_wconf 71' lang='grc' dir='ltr'><strong>ι</strong></span> <span class='ocrx_word' id='word_1_147' title='bbox 500 1259 561 1312; x_wconf 84' lang='grc' dir='ltr'>Εἰ</span> <span class='ocrx_word' id='word_1_148' title='bbox 593 1259 788 1327; x_wconf 82' lang='grc' dir='ltr'><strong>γέγονε</strong></span> <span class='ocrx_word' id='word_1_149' title='bbox 819 1259 956 1331; x_wconf 81' lang='grc' dir='ltr'><strong>σὰρξ</strong></span> <span class='ocrx_word' id='word_1_150' title='bbox 978 1259 1006 1311; x_wconf 89' lang='lat'><strong>6</strong></span> <span class='ocrx_word' id='word_1_151' title='bbox 1036 1260 1228 1329; x_wconf 83' lang='grc' dir='ltr'><strong>Λόγος,</strong></span> <span class='ocrx_word' id='word_1_152' title='bbox 1252 1260 1500 1313; x_wconf 79' lang='grc' dir='ltr'><strong>τουτέστι</strong></span> <span class='ocrx_word' id='word_1_153' title='bbox 1522 1258 1817 1329; x_wconf 81' lang='grc' dir='ltr'><strong>παραπλη-</strong></span> 
     </span>
    </p>
   </div>
   <div class='ocr_carea' id='block_1_20' title="bbox 1926 1256 3514 1336">
    <p class='ocr_par' dir='ltr' id='par_1_20' title="bbox 1926 1263 3514 1336">
     <span class='ocr_line' id='line_1_20' title="bbox 1926 1263 3514 1336; baseline 0.002 -20"><span class='ocrx_word' id='word_1_154' title='bbox 1926 1263 2121 1316; x_wconf 79' lang='lat' dir='ltr'><strong>factum</strong></span> <span class='ocrx_word' id='word_1_155' title='bbox 2157 1271 2243 1317; x_wconf 92' lang='lat' dir='ltr'><strong>est</strong></span> <span class='ocrx_word' id='word_1_156' title='bbox 2277 1277 2427 1328; x_wconf 84' lang='lat' dir='ltr'><strong>caro,</strong></span> <span class='ocrx_word' id='word_1_157' title='bbox 2459 1264 2728 1333; x_wconf 74' lang='lat' dir='ltr'><strong>cari-tique</strong></span> <span class='ocrx_word' id='word_1_158' title='bbox 2759 1276 2813 1320; x_wconf 92' lang='lat' dir='ltr'><strong>et</strong></span> <span class='ocrx_word' id='word_1_159' title='bbox 2846 1266 3097 1336; x_wconf 74' lang='lat' dir='ltr'><strong>sanguini</strong></span> <span class='ocrx_word' id='word_1_160' title='bbox 3128 1281 3281 1333; x_wconf 71' lang='lat' dir='ltr'><strong>aeque</strong></span> <span class='ocrx_word' id='word_1_161' title='bbox 3316 1280 3380 1320; x_wconf 90' lang='lat' dir='ltr'><strong>ac</strong></span> <span class='ocrx_word' id='word_1_162' title='bbox 3413 1279 3514 1319; x_wconf 84' lang='lat' dir='ltr'><strong>nos</strong></span> 
     </span>
    </p>
   </div>
   <div class='ocr_carea' id='block_1_21' title="bbox 198 1349 1822 1429">
    <p class='ocr_par' dir='ltr' id='par_1_21' title="bbox 198 1349 1821 1423">
     <span class='ocr_line' id='line_1_21' title="bbox 198 1349 1821 1423; baseline 0.001 -21"><span class='ocrx_word' id='word_1_163' title='bbox 198 1349 355 1412; x_wconf 77' lang='grc' dir='ltr'><strong>σίως</strong></span> <span class='ocrx_word' id='word_1_164' title='bbox 388 1351 524 1421; x_wconf 73' lang='grc' dir='ltr'><strong>ἡμῖν</strong></span> <span class='ocrx_word' id='word_1_165' title='bbox 568 1350 831 1421; x_wconf 78' lang='grc' dir='ltr'><strong>μετέσχεν</strong></span> <span class='ocrx_word' id='word_1_166' title='bbox 869 1351 1103 1422; x_wconf 85' lang='grc' dir='ltr'><strong>αἵματος</strong></span> <span class='ocrx_word' id='word_1_167' title='bbox 1131 1352 1226 1405; x_wconf 72' lang='grc' dir='ltr'><strong>καὶ</strong></span> <span class='ocrx_word' id='word_1_168' title='bbox 1274 1352 1497 1423; x_wconf 81' lang='grc' dir='ltr'><strong>σαρκὸς,</strong></span> <span class='ocrx_word' id='word_1_169' title='bbox 1526 1351 1619 1405; x_wconf 81' lang='grc' dir='ltr'><strong>καὶ</strong></span> <span class='ocrx_word' id='word_1_170' title='bbox 1654 1353 1821 1422; x_wconf 70' lang='grc' dir='ltr'><strong>σίτέρ⁴</strong></span> 
     </span>
    </p>
   </div>
   <div class='ocr_carea' id='block_1_22' title="bbox 1926 1349 3513 1429">
    <p class='ocr_par' dir='ltr' id='par_1_22' title="bbox 1926 1354 3513 1429">
     <span class='ocr_line' id='line_1_22' title="bbox 1926 1354 3513 1429; baseline 0.003 -23"><span class='ocrx_word' id='word_1_171' title='bbox 1926 1354 2364 1415; x_wconf 65' lang='lat' dir='ltr'><strong>conminuit-am.</strong></span> <span class='ocrx_word' id='word_1_172' title='bbox 2408 1356 2565 1425; x_wconf 77' lang='lat'><strong>113</strong></span> <span class='ocrx_word' id='word_1_173' title='bbox 2607 1371 2672 1409; x_wconf 88' lang='lat' dir='ltr'><strong>ac</strong></span> <span class='ocrx_word' id='word_1_174' title='bbox 2706 1371 2896 1411; x_wconf 86' lang='lat' dir='ltr'><strong>semen</strong></span> <span class='ocrx_word' id='word_1_175' title='bbox 2934 1358 3168 1412; x_wconf 69' lang='lat' dir='ltr'><strong>Abrahae</strong></span> <span class='ocrx_word' id='word_1_176' title='bbox 3207 1358 3513 1429; x_wconf 85' lang='lat' dir='ltr'><strong>apprehen-</strong></span> 
     </span>
    </p>
   </div>
   <div class='ocr_carea' id='block_1_23' title="bbox 202 1441 1822 1514">
    <p class='ocr_par' dir='ltr' id='par_1_23' title="bbox 202 1441 1820 1514">
     <span class='ocr_line' id='line_1_23' title="bbox 202 1441 1820 1514; baseline 0.002 -22"><span class='ocrx_word' id='word_1_177' title='bbox 202 1458 402 1511; x_wconf 81' lang='grc' dir='ltr'><strong>ματος</strong></span> <span class='ocrx_word' id='word_1_178' title='bbox 435 1441 686 1514; x_wconf 75' lang='grc' dir='ltr'><strong>Ἀϐραὰμ</strong></span> <span class='ocrx_word' id='word_1_179' title='bbox 710 1441 1035 1507; x_wconf 77' lang='grc' dir='ltr'><strong>ὲπελὰὅετο,</strong></span> <span class='ocrx_word' id='word_1_180' title='bbox 1059 1443 1146 1497; x_wconf 77' lang='grc' dir='ltr'><strong>ἵνα</strong></span> <span class='ocrx_word' id='word_1_181' title='bbox 1168 1442 1312 1497; x_wconf 82' lang='grc' dir='ltr'><strong>κατὰ</strong></span> <span class='ocrx_word' id='word_1_182' title='bbox 1336 1442 1517 1498; x_wconf 81' lang='grc' dir='ltr'><strong>πάντα</strong></span> <span class='ocrx_word' id='word_1_183' title='bbox 1532 1446 1652 1507; x_wconf 70' lang='grc' dir='ltr'><strong>ταῖς</strong></span> <span class='ocrx_word' id='word_1_184' title='bbox 1674 1443 1820 1497; x_wconf 79' lang='grc' dir='ltr'><strong>ἀδελ-</strong></span> 
     </span>
    </p>
   </div>
   <div class='ocr_carea' id='block_1_24' title="bbox 1926 1441 3513 1514">
    <p class='ocr_par' dir='ltr' id='par_1_24' title="bbox 1926 1445 3513 1514">
     <span class='ocr_line' id='line_1_24' title="bbox 1926 1445 3513 1514; baseline 0.003 -16"><span class='ocrx_word' id='word_1_185' title='bbox 1926 1445 2021 1507; x_wconf 88' lang='lat' dir='ltr'><strong>dit,</strong></span> <span class='ocrx_word' id='word_1_186' title='bbox 2055 1460 2161 1514; x_wconf 85' lang='lat' dir='ltr'><strong>quo</strong></span> <span class='ocrx_word' id='word_1_187' title='bbox 2198 1446 2455 1500; x_wconf 71' lang='lat' dir='ltr'><strong>nimir‘um</strong></span> <span class='ocrx_word' id='word_1_188' title='bbox 2495 1463 2590 1514; x_wconf 90' lang='lat' dir='ltr'><strong>per</strong></span> <span class='ocrx_word' id='word_1_189' title='bbox 2622 1450 2807 1503; x_wconf 81' lang='lat' dir='ltr'><strong>omnia</strong></span> <span class='ocrx_word' id='word_1_190' title='bbox 2838 1449 3108 1505; x_wconf 72' lang='lat' dir='ltr'><strong>fratribus</strong></span> <span class='ocrx_word' id='word_1_191' title='bbox 3144 1451 3259 1505; x_wconf 84' lang='lat' dir='ltr'><strong>suis</strong></span> <span class='ocrx_word' id='word_1_192' title='bbox 3294 1448 3513 1504; x_wconf 87' lang='lat' dir='ltr'><strong>assimi-</strong></span> 
     </span>
    </p>
   </div>
   <div class='ocr_carea' id='block_1_25' title="bbox 202 1532 1822 1608">
    <p class='ocr_par' dir='ltr' id='par_1_25' title="bbox 202 1533 1819 1606">
     <span class='ocr_line' id='line_1_25' title="bbox 202 1533 1819 1606; baseline 0.001 -21"><span class='ocrx_word' id='word_1_193' title='bbox 202 1537 344 1602; x_wconf 63' lang='grc' dir='ltr'><strong>φοῖς</strong></span> <span class='ocrx_word' id='word_1_194' title='bbox 393 1534 634 1605; x_wconf 79' lang='grc' dir='ltr'><strong>ὀμοιωθῇ</strong></span> <span class='ocrx_word' id='word_1_195' title='bbox 656 1549 670 1564; x_wconf 88' lang='grc'><strong>·</strong></span> <span class='ocrx_word' id='word_1_196' title='bbox 706 1534 824 1598; x_wconf 84' lang='grc' dir='ltr'><strong>πῶς</strong></span> <span class='ocrx_word' id='word_1_197' title='bbox 857 1533 924 1588; x_wconf 82' lang='grc' dir='ltr'>ἂν</span> <span class='ocrx_word' id='word_1_198' title='bbox 969 1534 1263 1589; x_wconf 74' lang='grc' dir='ltr'><strong>ἐνδοιάσειέ</strong></span> <span class='ocrx_word' id='word_1_199' title='bbox 1293 1552 1379 1599; x_wconf 88' lang='grc' dir='ltr'><strong>τις</strong></span> <span class='ocrx_word' id='word_1_200' title='bbox 1424 1535 1509 1588; x_wconf 85' lang='grc' dir='ltr'><strong>ὃτι</strong></span> <span class='ocrx_word' id='word_1_201' title='bbox 1538 1535 1819 1606; x_wconf 75' lang='grc' dir='ltr'><strong>μεμένηκε</strong></span> 
     </span>
    </p>
   </div>
   <div class='ocr_carea' id='block_1_26' title="bbox 1926 1532 3518 1608">
    <p class='ocr_par' dir='ltr' id='par_1_26' title="bbox 1926 1532 3518 1608">
     <span class='ocr_line' id='line_1_26' title="bbox 1926 1532 3518 1608; baseline 0.004 -22"><span class='ocrx_word' id='word_1_202' title='bbox 1926 1532 2129 1589; x_wconf 73' lang='lat' dir='ltr'><strong>laretnr</strong></span> <span class='ocrx_word' id='word_1_203' title='bbox 2154 1536 2233 1599; x_wconf 73' lang='grc'><strong>⁸⁷,</strong></span> <span class='ocrx_word' id='word_1_204' title='bbox 2266 1536 2388 1605; x_wconf 82' lang='lat' dir='ltr'><strong>quis</strong></span> <span class='ocrx_word' id='word_1_205' title='bbox 2421 1536 2633 1590; x_wconf 86' lang='lat' dir='ltr'><strong>dubitet</strong></span> <span class='ocrx_word' id='word_1_206' title='bbox 2676 1538 2806 1606; x_wconf 90' lang='lat' dir='ltr'><strong>quin</strong></span> <span class='ocrx_word' id='word_1_207' title='bbox 2874 1538 2926 1592; x_wconf 88' lang='lat' dir='ltr'><strong>id</strong></span> <span class='ocrx_word' id='word_1_208' title='bbox 2965 1539 3126 1607; x_wconf 90' lang='lat' dir='ltr'><strong>plane</strong></span> <span class='ocrx_word' id='word_1_209' title='bbox 3158 1539 3518 1608; x_wconf 79' lang='lat' dir='ltr'><strong>permanserit</strong></span> 
     </span>
    </p>
   </div>
   <div class='ocr_carea' id='block_1_27' title="bbox 199 1624 1822 1701">
    <p class='ocr_par' dir='ltr' id='par_1_27' title="bbox 199 1624 1818 1699">
     <span class='ocr_line' id='line_1_27' title="bbox 199 1624 1818 1699; baseline 0.001 -19"><span class='ocrx_word' id='word_1_210' title='bbox 199 1626 423 1694; x_wconf 76' lang='grc' dir='ltr'><strong>Λόγος,</strong></span> <span class='ocrx_word' id='word_1_211' title='bbox 451 1624 548 1678; x_wconf 74' lang='grc' dir='ltr'><strong>καὶ</strong></span> <span class='ocrx_word' id='word_1_212' title='bbox 583 1626 720 1697; x_wconf 82' lang='grc' dir='ltr'><strong>σὰρξ</strong></span> <span class='ocrx_word' id='word_1_213' title='bbox 752 1625 1025 1695; x_wconf 84' lang='grc' dir='ltr'><strong>γεγονώς;</strong></span> <span class='ocrx_word' id='word_1_214' title='bbox 1061 1628 1366 1699; x_wconf 77' lang='grc' dir='ltr'><strong>’Δτρεπτος</strong></span> <span class='ocrx_word' id='word_1_215' title='bbox 1386 1625 1498 1699; x_wconf 83' lang='grc' dir='ltr'><strong>γὰρ</strong></span> <span class='ocrx_word' id='word_1_216' title='bbox 1521 1628 1556 1696; x_wconf 82' lang='grc' dir='ltr'>ἠ</span> <span class='ocrx_word' id='word_1_217' title='bbox 1584 1627 1679 1681; x_wconf 80' lang='grc' dir='ltr'><strong>τοῦ</strong></span> <span class='ocrx_word' id='word_1_218' title='bbox 1713 1626 1818 1681; x_wconf 83' lang='grc' dir='ltr'><strong>Λό-</strong></span> 
     </span>
    </p>
   </div>
   <div class='ocr_carea' id='block_1_28' title="bbox 1926 1624 3507 1701">
    <p class='ocr_par' dir='ltr' id='par_1_28' title="bbox 1926 1628 3507 1701">
     <span class='ocr_line' id='line_1_28' title="bbox 1926 1628 3507 1701; baseline 0.005 -25"><span class='ocrx_word' id='word_1_219' title='bbox 1926 1628 2064 1696; x_wconf 83' lang='lat' dir='ltr'><strong>qnud</strong></span> <span class='ocrx_word' id='word_1_220' title='bbox 2095 1638 2238 1689; x_wconf 80' lang='lat' dir='ltr'><strong>erat,</strong></span> <span class='ocrx_word' id='word_1_221' title='bbox 2273 1628 2486 1682; x_wconf 81' lang='lat' dir='ltr'><strong>etiamsi</strong></span> <span class='ocrx_word' id='word_1_222' title='bbox 2520 1629 2880 1684; x_wconf 67' lang='lat' dir='ltr'><strong>caro&#39;factum</strong></span> <span class='ocrx_word' id='word_1_223' title='bbox 2914 1631 3019 1685; x_wconf 76' lang='lat' dir='ltr'><strong>sit?</strong></span> <span class='ocrx_word' id='word_1_224' title='bbox 3048 1630 3327 1701; x_wconf 77' lang='lat' dir='ltr'><strong>Siquidem</strong></span> <span class='ocrx_word' id='word_1_225' title='bbox 3363 1631 3507 1685; x_wconf 87' lang='lat' dir='ltr'><strong>nulla</strong></span> 
     </span>
    </p>
   </div>
   <div class='ocr_carea' id='block_1_29' title="bbox 201 1717 1822 1790">
    <p class='ocr_par' dir='ltr' id='par_1_29' title="bbox 201 1717 1821 1790">
     <span class='ocr_line' id='line_1_29' title="bbox 201 1717 1821 1790; baseline 0.002 -22"><span class='ocrx_word' id='word_1_226' title='bbox 201 1734 321 1785; x_wconf 82' lang='grc' dir='ltr'><strong>γου</strong></span> <span class='ocrx_word' id='word_1_227' title='bbox 351 1717 542 1785; x_wconf 71' lang='grc' dir='ltr'><strong>φύσις.</strong></span> <span class='ocrx_word' id='word_1_228' title='bbox 574 1719 683 1772; x_wconf 73' lang='lat' dir='ltr'><strong>Kal.</strong></span> <span class='ocrx_word' id='word_1_229' title='bbox 718 1720 766 1770; x_wconf 82' lang='grc' dir='ltr'><strong>εἰ</strong></span> <span class='ocrx_word' id='word_1_230' title='bbox 798 1717 1211 1790; x_wconf 72' lang='grc' dir='ltr'><strong>κεχρημάτικεν</strong></span> <span class='ocrx_word' id='word_1_231' title='bbox 1241 1718 1399 1789; x_wconf 81' lang='grc' dir='ltr'><strong>ἡμῶν</strong></span> <span class='ocrx_word' id='word_1_232' title='bbox 1427 1718 1676 1788; x_wconf 70' lang='grc' dir='ltr'><strong>ἀδελφὸς,</strong></span> <span class='ocrx_word' id='word_1_233' title='bbox 1703 1717 1821 1783; x_wconf 84' lang='grc' dir='ltr'><strong>πῶς</strong></span> 
     </span>
    </p>
   </div>
   <div class='ocr_carea' id='block_1_30' title="bbox 1926 1717 3517 1790">
    <p class='ocr_par' dir='ltr' id='par_1_30' title="bbox 1926 1719 3517 1789">
     <span class='ocr_line' id='line_1_30' title="bbox 1926 1719 3517 1789; baseline 0.003 -16"><span class='ocrx_word' id='word_1_234' title='bbox 1926 1719 1976 1773; x_wconf 91' lang='lat' dir='ltr'><strong>in</strong></span> <span class='ocrx_word' id='word_1_235' title='bbox 1998 1719 2157 1774; x_wconf 83' lang='lat' dir='ltr'><strong>Verbi</strong></span> <span class='ocrx_word' id='word_1_236' title='bbox 2188 1731 2441 1773; x_wconf 80' lang='lat' dir='ltr'><strong>naturam</strong></span> <span class='ocrx_word' id='word_1_237' title='bbox 2471 1720 2666 1774; x_wconf 80' lang='lat' dir='ltr'><strong>cadere</strong></span> <span class='ocrx_word' id='word_1_238' title='bbox 2691 1730 2871 1789; x_wconf 86' lang='lat' dir='ltr'><strong>potest</strong></span> <span class='ocrx_word' id='word_1_239' title='bbox 2897 1723 3153 1777; x_wconf 78' lang='lat' dir='ltr'><strong>mutatio.</strong></span> <span class='ocrx_word' id='word_1_240' title='bbox 3175 1722 3261 1787; x_wconf 86' lang='lat' dir='ltr'><strong>Et,</strong></span> <span class='ocrx_word' id='word_1_241' title='bbox 3285 1724 3328 1776; x_wconf 91' lang='lat' dir='ltr'><strong>si</strong></span> <span class='ocrx_word' id='word_1_242' title='bbox 3350 1722 3517 1777; x_wconf 80' lang='lat' dir='ltr'><strong>frater</strong></span> 
     </span>
    </p>
   </div>
   <div class='ocr_carea' id='block_1_31' title="bbox 200 1809 1822 1883">
    <p class='ocr_par' dir='ltr' id='par_1_31' title="bbox 200 1809 1817 1881">
     <span class='ocr_line' id='line_1_31' title="bbox 200 1809 1817 1881; baseline 0.001 -18"><span class='ocrx_word' id='word_1_243' title='bbox 200 1809 571 1877; x_wconf 83' lang='grc' dir='ltr'><strong>Μονογενοῦς</strong></span> <span class='ocrx_word' id='word_1_244' title='bbox 601 1809 714 1881; x_wconf 80' lang='grc' dir='ltr'><strong>ἔχει</strong></span> <span class='ocrx_word' id='word_1_245' title='bbox 750 1809 944 1877; x_wconf 73' lang='grc' dir='ltr'><strong>δόξανς</strong></span> <span class='ocrx_word' id='word_1_246' title='bbox 981 1810 1191 1863; x_wconf 78' lang='grc' dir='ltr'><strong>Οὐκοῦν</strong></span> <span class='ocrx_word' id='word_1_247' title='bbox 1213 1809 1315 1864; x_wconf 81' lang='grc' dir='ltr'>κᾶν</span> <span class='ocrx_word' id='word_1_248' title='bbox 1351 1811 1400 1864; x_wconf 84' lang='grc' dir='ltr'><strong>εί</strong></span> <span class='ocrx_word' id='word_1_249' title='bbox 1432 1810 1624 1879; x_wconf 73' lang='grc' dir='ltr'><strong>γέγονε</strong></span> <span class='ocrx_word' id='word_1_250' title='bbox 1660 1810 1817 1880; x_wconf 74' lang='grc' dir='ltr'><strong>σὰρξ,</strong></span> 
     </span>
    </p>
   </div>
   <div class='ocr_carea' id='block_1_32' title="bbox 1926 1809 3516 1883">
    <p class='ocr_par' dir='ltr' id='par_1_32' title="bbox 1926 1809 3516 1883">
     <span class='ocr_line' id='line_1_32' title="bbox 1926 1809 3516 1883; baseline 0.002 -18"><span class='ocrx_word' id='word_1_251' title='bbox 1926 1822 2109 1865; x_wconf 87' lang='lat' dir='ltr'><strong>noster</strong></span> <span class='ocrx_word' id='word_1_252' title='bbox 2134 1822 2237 1876; x_wconf 88' lang='lat' dir='ltr'><strong>est,</strong></span> <span class='ocrx_word' id='word_1_253' title='bbox 2268 1809 2845 1883; x_wconf 47' lang='lat' dir='ltr'><strong>quoinodo‘Unigeniti</strong></span> <span class='ocrx_word' id='word_1_254' title='bbox 2878 1814 3106 1883; x_wconf 78' lang='lat' dir='ltr'><strong>gloriam</strong></span> <span class='ocrx_word' id='word_1_255' title='bbox 3138 1814 3340 1869; x_wconf 84' lang='lat' dir='ltr'><strong>habet?</strong></span> <span class='ocrx_word' id='word_1_256' title='bbox 3370 1813 3516 1868; x_wconf 84' lang='lat' dir='ltr'><strong>Sane</strong></span> 
     </span>
    </p>
   </div>
   <div class='ocr_carea' id='block_1_33' title="bbox 201 1896 1822 1974">
    <p class='ocr_par' dir='ltr' id='par_1_33' title="bbox 201 1896 1820 1974">
     <span class='ocr_line' id='line_1_33' title="bbox 201 1896 1820 1974; baseline 0.002 -22"><span class='ocrx_word' id='word_1_257' title='bbox 201 1900 377 1953; x_wconf 68' lang='grc' dir='ltr'><strong>οὐδὲν</strong></span> <span class='ocrx_word' id='word_1_258' title='bbox 409 1896 575 1972; x_wconf 72' lang='grc' dir='ltr'><strong>ἧττόν</strong></span> <span class='ocrx_word' id='word_1_259' title='bbox 609 1904 724 1955; x_wconf 74' lang='grc' dir='ltr'><strong>ἐστι</strong></span> <span class='ocrx_word' id='word_1_260' title='bbox 758 1901 893 1967; x_wconf 89' lang='grc' dir='ltr'><strong>Θεός</strong></span> <span class='ocrx_word' id='word_1_261' title='bbox 912 1919 927 1935; x_wconf 80' lang='grc' dir='ltr'><strong>ο</strong></span> <span class='ocrx_word' id='word_1_262' title='bbox 956 1902 1052 1955; x_wconf 74' lang='grc' dir='ltr'><strong>καὶ</strong></span> <span class='ocrx_word' id='word_1_263' title='bbox 1073 1901 1389 1974; x_wconf 70' lang='grc' dir='ltr'><strong>Μονοτενὴς</strong></span> <span class='ocrx_word' id='word_1_264' title='bbox 1421 1902 1520 1974; x_wconf 76' lang='grc' dir='ltr'><strong>μὲν</strong></span> <span class='ocrx_word' id='word_1_265' title='bbox 1557 1902 1638 1966; x_wconf 72' lang='grc' dir='ltr'><strong>ὡς</strong></span> <span class='ocrx_word' id='word_1_266' title='bbox 1664 1902 1820 1969; x_wconf 78' lang='grc' dir='ltr'><strong>Θεὸς,</strong></span> 
     </span>
    </p>
   </div>
   <div class='ocr_carea' id='block_1_34' title="bbox 1926 1896 3513 1974">
    <p class='ocr_par' dir='ltr' id='par_1_34' title="bbox 1928 1901 3513 1967">
     <span class='ocr_line' id='line_1_34' title="bbox 1928 1901 3513 1967; baseline 0.004 -13"><span class='ocrx_word' id='word_1_267' title='bbox 1928 1902 2050 1956; x_wconf 87' lang='lat' dir='ltr'><strong>licet</strong></span> <span class='ocrx_word' id='word_1_268' title='bbox 2090 1901 2288 1956; x_wconf 79' lang='lat' dir='ltr'><strong>factum</strong></span> <span class='ocrx_word' id='word_1_269' title='bbox 2331 1904 2403 1957; x_wconf 90' lang='lat' dir='ltr'><strong>sit</strong></span> <span class='ocrx_word' id='word_1_270' title='bbox 2443 1918 2595 1967; x_wconf 88' lang='lat' dir='ltr'><strong>caro,</strong></span> <span class='ocrx_word' id='word_1_271' title='bbox 2633 1902 2775 1959; x_wconf 89' lang='lat' dir='ltr'><strong>Deus</strong></span> <span class='ocrx_word' id='word_1_272' title='bbox 2810 1914 2987 1961; x_wconf 87' lang='lat' dir='ltr'><strong>tamen</strong></span> <span class='ocrx_word' id='word_1_273' title='bbox 3025 1921 3144 1961; x_wconf 84' lang='lat' dir='ltr'><strong>esse</strong></span> <span class='ocrx_word' id='word_1_274' title='bbox 3185 1921 3291 1960; x_wconf 90' lang='lat' dir='ltr'><strong>non</strong></span> <span class='ocrx_word' id='word_1_275' title='bbox 3332 1905 3513 1960; x_wconf 83' lang='lat' dir='ltr'><strong>desiit.</strong></span> 
     </span>
    </p>
   </div>
   <div class='ocr_carea' id='block_1_35' title="bbox 203 1990 1822 2069">
    <p class='ocr_par' dir='ltr' id='par_1_35' title="bbox 203 1992 1551 2066">
     <span class='ocr_line' id='line_1_35' title="bbox 203 1992 1551 2066; baseline 0.001 -21"><span class='ocrx_word' id='word_1_276' title='bbox 203 1992 575 2066; x_wconf 78' lang='grc' dir='ltr'><strong>πρωτότοκος</strong></span> <span class='ocrx_word' id='word_1_277' title='bbox 603 1993 659 2045; x_wconf 79' lang='grc' dir='ltr'><strong>δὲ</strong></span> <span class='ocrx_word' id='word_1_278' title='bbox 688 1993 777 2047; x_wconf 75' lang='grc' dir='ltr'><strong>διὰ</strong></span> <span class='ocrx_word' id='word_1_279' title='bbox 802 1992 893 2046; x_wconf 80' lang='grc' dir='ltr'><strong>τὸν</strong></span> <span class='ocrx_word' id='word_1_280' title='bbox 924 1992 1268 2066; x_wconf 82' lang='grc' dir='ltr'><strong>ἀνθρώπινον</strong></span> <span class='ocrx_word' id='word_1_281' title='bbox 1293 1994 1551 2065; x_wconf 87' lang='grc' dir='ltr'><strong>σταυρόν.</strong></span> 
     </span>
    </p>
   </div>
   <div class='ocr_carea' id='block_1_36' title="bbox 1926 1990 3512 2069">
    <p class='ocr_par' dir='ltr' id='par_1_36' title="bbox 1926 1990 3512 2069">
     <span class='ocr_line' id='line_1_36' title="bbox 1926 1990 3512 2069; baseline 0.001 -20"><span class='ocrx_word' id='word_1_282' title='bbox 1926 1990 2250 2060; x_wconf 76' lang='lat' dir='ltr'><strong>Uuigenitus</strong></span> <span class='ocrx_word' id='word_1_283' title='bbox 2280 1995 2507 2063; x_wconf 87' lang='lat' dir='ltr'><strong>proinde</strong></span> <span class='ocrx_word' id='word_1_284' title='bbox 2539 2004 2624 2049; x_wconf 89' lang='lat' dir='ltr'><strong>est</strong></span> <span class='ocrx_word' id='word_1_285' title='bbox 2654 2004 2713 2049; x_wconf 93' lang='lat' dir='ltr'><strong>ut</strong></span> <span class='ocrx_word' id='word_1_286' title='bbox 2743 1994 2924 2062; x_wconf 80' lang='lat' dir='ltr'><strong>Dens;</strong></span> <span class='ocrx_word' id='word_1_287' title='bbox 2958 1996 3351 2069; x_wconf 72' lang='lat' dir='ltr'><strong>primogenitus</strong></span> <span class='ocrx_word' id='word_1_288' title='bbox 3382 2012 3512 2052; x_wconf 87' lang='lat' dir='ltr'><strong>vero</strong></span> 
     </span>
    </p>
   </div>
   <div class='ocr_carea' id='block_1_37' title="bbox 301 2166 1821 2244">
    <p class='ocr_par' dir='ltr' id='par_1_37' title="bbox 301 2166 1821 2244">
     <span class='ocr_line' id='line_1_37' title="bbox 301 2166 1821 2244; baseline 0.002 -22"><span class='ocrx_word' id='word_1_289' title='bbox 301 2168 567 2242; x_wconf 68' lang='grc' dir='ltr'><strong>Ἰωάννης</strong></span> <span class='ocrx_word' id='word_1_290' title='bbox 595 2173 869 2243; x_wconf 85' lang='grc' dir='ltr'><strong>μαρτυρεῖ</strong></span> <span class='ocrx_word' id='word_1_291' title='bbox 913 2171 1043 2244; x_wconf 73' lang='grc' dir='ltr'><strong>περὶ</strong></span> <span class='ocrx_word' id='word_1_292' title='bbox 1087 2172 1277 2235; x_wconf 74' lang='grc' dir='ltr'><strong>αὐτοῦ,</strong></span> <span class='ocrx_word' id='word_1_293' title='bbox 1320 2166 1417 2226; x_wconf 57' lang='grc' dir='ltr'><strong>καὶ</strong></span> <span class='ocrx_word' id='word_1_294' title='bbox 1462 2172 1703 2243; x_wconf 74' lang='grc' dir='ltr'><strong>κέκραγε</strong></span> <span class='ocrx_word' id='word_1_295' title='bbox 1726 2172 1821 2225; x_wconf 55' lang='grc' dir='ltr'><strong>κλέ-</strong></span> 
     </span>
    </p>
   </div>
   <div class='ocr_carea' id='block_1_38' title="bbox 209 2256 1825 2335">
    <p class='ocr_par' dir='ltr' id='par_1_38' title="bbox 209 2256 1825 2335">
     <span class='ocr_line' id='line_1_38' title="bbox 209 2256 1825 2335; baseline 0 -20"><span class='ocrx_word' id='word_1_296' title='bbox 209 2278 340 2330; x_wconf 85' lang='grc' dir='ltr'><strong>γων</strong></span> <span class='ocrx_word' id='word_1_297' title='bbox 362 2279 377 2292; x_wconf 73' lang='grc' dir='ltr'><strong>ο</strong></span> <span class='ocrx_word' id='word_1_298' title='bbox 418 2280 440 2314; x_wconf 71' lang='grc' dir='ltr'><strong>ε</strong></span> <span class='ocrx_word' id='word_1_299' title='bbox 477 2256 647 2328; x_wconf 70' lang='grc' dir='ltr'><strong>Οὗτος</strong></span> <span class='ocrx_word' id='word_1_300' title='bbox 683 2259 774 2334; x_wconf 79' lang='grc' dir='ltr'><strong>ἦν,</strong></span> <span class='ocrx_word' id='word_1_301' title='bbox 804 2263 865 2317; x_wconf 82' lang='grc' dir='ltr'><strong>δν</strong></span> <span class='ocrx_word' id='word_1_302' title='bbox 911 2258 1066 2317; x_wconf 73' lang='grc' dir='ltr'><strong>εἷπον</strong></span> <span class='ocrx_word' id='word_1_303' title='bbox 1090 2280 1105 2297; x_wconf 77' lang='grc' dir='ltr'><strong><em>ο</em></strong></span> <span class='ocrx_word' id='word_1_304' title='bbox 1149 2263 1209 2316; x_wconf 88' lang='lat'><strong>&#39;0</strong></span> <span class='ocrx_word' id='word_1_305' title='bbox 1229 2264 1405 2317; x_wconf 84' lang='grc' dir='ltr'>ὀπίσω</span> <span class='ocrx_word' id='word_1_306' title='bbox 1452 2280 1555 2334; x_wconf 90' lang='grc' dir='ltr'><strong>μου</strong></span> <span class='ocrx_word' id='word_1_307' title='bbox 1592 2263 1825 2335; x_wconf 76' lang='grc' dir='ltr'><strong>ἐρχόμε-</strong></span> 
     </span>
    </p>
   </div>
   <div class='ocr_carea' id='block_1_39' title="bbox 214 2350 1823 2427">
    <p class='ocr_par' dir='ltr' id='par_1_39' title="bbox 214 2350 1823 2427">
     <span class='ocr_line' id='line_1_39' title="bbox 214 2350 1823 2427; baseline 0.001 -21"><span class='ocrx_word' id='word_1_308' title='bbox 214 2370 344 2419; x_wconf 86' lang='grc' dir='ltr'><strong>νος,</strong></span> <span class='ocrx_word' id='word_1_309' title='bbox 380 2354 692 2427; x_wconf 75' lang='grc' dir='ltr'><strong>ἔμπροσθέν</strong></span> <span class='ocrx_word' id='word_1_310' title='bbox 725 2373 826 2427; x_wconf 90' lang='grc' dir='ltr'><strong>μου</strong></span> <span class='ocrx_word' id='word_1_311' title='bbox 855 2355 1099 2426; x_wconf 80' lang='grc' dir='ltr'><strong>γέγονεν,</strong></span> <span class='ocrx_word' id='word_1_312' title='bbox 1122 2356 1205 2410; x_wconf 85' lang='grc' dir='ltr'><strong>δτι</strong></span> <span class='ocrx_word' id='word_1_313' title='bbox 1233 2355 1450 2426; x_wconf 82' lang='grc' dir='ltr'><strong>πρῶτός</strong></span> <span class='ocrx_word' id='word_1_314' title='bbox 1476 2372 1581 2426; x_wconf 89' lang='grc' dir='ltr'><strong>μου</strong></span> <span class='ocrx_word' id='word_1_315' title='bbox 1610 2350 1679 2426; x_wconf 78' lang='grc' dir='ltr'><strong>ἦν</strong></span> <span class='ocrx_word' id='word_1_316' title='bbox 1700 2371 1712 2383; x_wconf 93' lang='grc'><strong>·</strong></span> <span class='ocrx_word' id='word_1_317' title='bbox 1740 2356 1823 2408; x_wconf 83' lang='grc' dir='ltr'><strong>ὅτι</strong></span> 
     </span>
    </p>
   </div>
   <div class='ocr_carea' id='block_1_40' title="bbox 207 2446 1816 2520">
    <p class='ocr_par' dir='ltr' id='par_1_40' title="bbox 207 2446 1816 2520">
     <span class='ocr_line' id='line_1_40' title="bbox 207 2446 1816 2520; baseline -0.001 -20"><span class='ocrx_word' id='word_1_318' title='bbox 207 2449 283 2501; x_wconf 74' lang='grc' dir='ltr'><strong>ἐκ</strong></span> <span class='ocrx_word' id='word_1_319' title='bbox 316 2446 414 2501; x_wconf 84' lang='grc' dir='ltr'><strong>τοῦ</strong></span> <span class='ocrx_word' id='word_1_320' title='bbox 451 2447 826 2520; x_wconf 80' lang='grc' dir='ltr'><strong>πληρώματος</strong></span> <span class='ocrx_word' id='word_1_321' title='bbox 854 2447 1021 2501; x_wconf 80' lang='grc' dir='ltr'><strong>αὑτοῦ</strong></span> <span class='ocrx_word' id='word_1_322' title='bbox 1048 2449 1210 2519; x_wconf 75' lang='grc' dir='ltr'><strong>ἡμεῖς</strong></span> <span class='ocrx_word' id='word_1_323' title='bbox 1242 2448 1447 2511; x_wconf 81' lang='grc' dir='ltr'><strong>πάντες</strong></span> <span class='ocrx_word' id='word_1_324' title='bbox 1476 2446 1816 2517; x_wconf 56' lang='grc' dir='ltr'><strong>ὲλάϐομενωι</strong></span> 
     </span>
    </p>
   </div>
   <div class='ocr_carea' id='block_1_41' title="bbox 156 2525 1821 2617">
    <p class='ocr_par' dir='ltr' id='par_1_41' title="bbox 156 2525 1821 2617">
     <span class='ocr_line' id='line_1_41' title="bbox 156 2525 1821 2617; baseline 0 -23"><span class='ocrx_word' id='word_1_325' title='bbox 156 2525 161 2529; x_wconf 49' lang='grc'><strong>’</strong></span> <span class='ocrx_word' id='word_1_326' title='bbox 219 2541 491 2613; x_wconf 74' lang='grc' dir='ltr'><strong>Ἰωάννης</strong></span> <span class='ocrx_word' id='word_1_327' title='bbox 525 2540 660 2609; x_wconf 75' lang='grc' dir='ltr'><strong>φησι</strong></span> <span class='ocrx_word' id='word_1_328' title='bbox 694 2540 823 2612; x_wconf 77' lang='grc' dir='ltr'><strong>περὶ</strong></span> <span class='ocrx_word' id='word_1_329' title='bbox 874 2539 969 2593; x_wconf 86' lang='grc' dir='ltr'><strong>τοῦ</strong></span> <span class='ocrx_word' id='word_1_330' title='bbox 1011 2537 1281 2609; x_wconf 76' lang='grc' dir='ltr'><strong>Χριστοῦ·</strong></span> <span class='ocrx_word' id='word_1_331' title='bbox 1320 2557 1339 2617; x_wconf 72' lang='grc' dir='ltr'><strong>ι</strong></span> <span class='ocrx_word' id='word_1_332' title='bbox 1389 2539 1447 2592; x_wconf 86' lang='grc' dir='ltr'><strong>’θ</strong></span> <span class='ocrx_word' id='word_1_333' title='bbox 1497 2539 1678 2592; x_wconf 82' lang='grc' dir='ltr'><strong>ὀπίσω</strong></span> <span class='ocrx_word' id='word_1_334' title='bbox 1716 2556 1821 2611; x_wconf 82' lang='grc' dir='ltr'><strong>μου</strong></span> 
     </span>
    </p>
   </div>
   <div class='ocr_carea' id='block_1_42' title="bbox 210 2625 1824 2699">
    <p class='ocr_par' dir='ltr' id='par_1_42' title="bbox 210 2625 1824 2699">
     <span class='ocr_line' id='line_1_42' title="bbox 210 2625 1824 2699; baseline -0.001 -19"><span class='ocrx_word' id='word_1_335' title='bbox 210 2628 528 2699; x_wconf 73' lang='grc' dir='ltr'><strong>ἐρχόμενος</strong></span> <span class='ocrx_word' id='word_1_336' title='bbox 577 2647 595 2681; x_wconf 77' lang='grc' dir='ltr'><strong>ι</strong></span> <span class='ocrx_word' id='word_1_337' title='bbox 638 2628 960 2699; x_wconf 82' lang='grc' dir='ltr'><strong>(τουτέστιν,</strong></span> <span class='ocrx_word' id='word_1_338' title='bbox 999 2627 1058 2681; x_wconf 87' lang='lat'><strong>&#39;0</strong></span> <span class='ocrx_word' id='word_1_339' title='bbox 1089 2627 1210 2698; x_wconf 83' lang='grc' dir='ltr'><strong>μετ’</strong></span> <span class='ocrx_word' id='word_1_340' title='bbox 1239 2625 1340 2697; x_wconf 77' lang='grc' dir='ltr'><strong>ἐμὲ</strong></span> <span class='ocrx_word' id='word_1_341' title='bbox 1379 2626 1785 2698; x_wconf 67' lang='grc' dir='ltr'><strong>φανερούμενος</strong></span> <span class='ocrx_word' id='word_1_342' title='bbox 1810 2643 1824 2657; x_wconf 74' lang='grc' dir='ltr'>ο</span> 
     </span>
    </p>
   </div>
   <div class='ocr_carea' id='block_1_43' title="bbox 210 2714 1815 2789">
    <p class='ocr_par' dir='ltr' id='par_1_43' title="bbox 210 2714 1815 2789">
     <span class='ocr_line' id='line_1_43' title="bbox 210 2714 1815 2789; baseline -0.001 -19"><span class='ocrx_word' id='word_1_343' title='bbox 210 2718 277 2770; x_wconf 79' lang='grc' dir='ltr'><strong>δν</strong></span> <span class='ocrx_word' id='word_1_344' title='bbox 296 2717 462 2780; x_wconf 75' lang='grc' dir='ltr'><strong>αὐτὸς</strong></span> <span class='ocrx_word' id='word_1_345' title='bbox 485 2717 721 2789; x_wconf 73' lang='grc' dir='ltr'><strong>ἐκήρυξε</strong></span> <span class='ocrx_word' id='word_1_346' title='bbox 747 2717 1012 2785; x_wconf 80' lang='grc' dir='ltr'><strong>δηλονότι,</strong></span> <span class='ocrx_word' id='word_1_347' title='bbox 1032 2735 1048 2768; x_wconf 82' lang='grc' dir='ltr'><strong>ι</strong></span> <span class='ocrx_word' id='word_1_348' title='bbox 1077 2714 1389 2786; x_wconf 74' lang='grc' dir='ltr'><strong>ἔμπροσθέν</strong></span> <span class='ocrx_word' id='word_1_349' title='bbox 1408 2732 1512 2785; x_wconf 86' lang='grc' dir='ltr'><strong>μου</strong></span> <span class='ocrx_word' id='word_1_350' title='bbox 1530 2714 1770 2787; x_wconf 81' lang='grc' dir='ltr'><strong>γέγονε),</strong></span> <span class='ocrx_word' id='word_1_351' title='bbox 1790 2735 1815 2769; x_wconf 64' lang='grc' dir='ltr'>ν</span> 
     </span>
    </p>
   </div>
   <div class='ocr_carea' id='block_1_44' title="bbox 206 2804 1823 2881">
    <p class='ocr_par' dir='ltr' id='par_1_44' title="bbox 206 2804 1823 2881">
     <span class='ocr_line' id='line_1_44' title="bbox 206 2804 1823 2881; baseline 0.001 -20"><span class='ocrx_word' id='word_1_352' title='bbox 206 2810 473 2863; x_wconf 78' lang='grc' dir='ltr'><strong>τουτέστι</strong></span> <span class='ocrx_word' id='word_1_353' title='bbox 505 2808 805 2881; x_wconf 79' lang='grc' dir='ltr'><strong>πρωτεύων</strong></span> <span class='ocrx_word' id='word_1_354' title='bbox 837 2807 981 2862; x_wconf 79' lang='grc' dir='ltr'><strong>κατὰ</strong></span> <span class='ocrx_word' id='word_1_355' title='bbox 1003 2808 1103 2880; x_wconf 78' lang='grc' dir='ltr'><strong>τὴν</strong></span> <span class='ocrx_word' id='word_1_356' title='bbox 1136 2806 1326 2874; x_wconf 70' lang='grc' dir='ltr'><strong>δόξαν*</strong></span> <span class='ocrx_word' id='word_1_357' title='bbox 1361 2807 1456 2860; x_wconf 73' lang='grc' dir='ltr'><strong>καὶ</strong></span> <span class='ocrx_word' id='word_1_358' title='bbox 1483 2806 1594 2879; x_wconf 82' lang='grc' dir='ltr'><strong>γὰρ</strong></span> <span class='ocrx_word' id='word_1_359' title='bbox 1616 2804 1685 2879; x_wconf 79' lang='grc' dir='ltr'><strong>ἦν</strong></span> <span class='ocrx_word' id='word_1_360' title='bbox 1729 2810 1823 2863; x_wconf 77' lang='grc' dir='ltr'><strong>καὶ</strong></span> 
     </span>
    </p>
   </div>
   <div class='ocr_carea' id='block_1_45' title="bbox 208 2894 1823 2974">
    <p class='ocr_par' dir='ltr' id='par_1_45' title="bbox 208 2894 1823 2974">
     <span class='ocr_line' id='line_1_45' title="bbox 208 2894 1823 2974; baseline 0.001 -20"><span class='ocrx_word' id='word_1_361' title='bbox 208 2903 273 2954; x_wconf 84' lang='grc' dir='ltr'>ἐν</span> <span class='ocrx_word' id='word_1_362' title='bbox 296 2900 536 2972; x_wconf 77' lang='grc' dir='ltr'><strong>ὑπάρξει</strong></span> <span class='ocrx_word' id='word_1_363' title='bbox 566 2900 805 2972; x_wconf 84' lang='grc' dir='ltr'><strong>πρῶτος,</strong></span> <span class='ocrx_word' id='word_1_364' title='bbox 833 2899 910 2964; x_wconf 90' lang='grc' dir='ltr'><strong>ώς</strong></span> <span class='ocrx_word' id='word_1_365' title='bbox 935 2900 1087 2963; x_wconf 86' lang='grc' dir='ltr'><strong>Θεός.</strong></span> <span class='ocrx_word' id='word_1_366' title='bbox 1121 2900 1247 2964; x_wconf 84' lang='grc' dir='ltr'><strong>Πῶς</strong></span> <span class='ocrx_word' id='word_1_367' title='bbox 1272 2894 1366 2952; x_wconf 77' lang='grc' dir='ltr'><strong>οὖν</strong></span> <span class='ocrx_word' id='word_1_368' title='bbox 1391 2901 1510 2969; x_wconf 87' lang='grc' dir='ltr'><strong>μετ’</strong></span> <span class='ocrx_word' id='word_1_369' title='bbox 1555 2900 1719 2954; x_wconf 79' lang='grc' dir='ltr'><strong>αὐτὸν</strong></span> <span class='ocrx_word' id='word_1_370' title='bbox 1749 2900 1823 2974; x_wconf 86' lang='lat'><strong>[6]</strong></span> 
     </span>
    </p>
   </div>
   <div class='ocr_carea' id='block_1_46' title="bbox 211 2986 1825 3065">
    <p class='ocr_par' dir='ltr' id='par_1_46' title="bbox 211 2986 1825 3065">
     <span class='ocr_line' id='line_1_46' title="bbox 211 2986 1825 3065; baseline 0.002 -21"><span class='ocrx_word' id='word_1_371' title='bbox 211 2994 326 3065; x_wconf 77' lang='grc' dir='ltr'><strong>πρὸ</strong></span> <span class='ocrx_word' id='word_1_372' title='bbox 355 2991 528 3045; x_wconf 81' lang='grc' dir='ltr'><strong>αὐτοῦ</strong></span> <span class='ocrx_word' id='word_1_373' title='bbox 585 2995 731 3045; x_wconf 80' lang='grc' dir='ltr'><strong>κατὰ</strong></span> <span class='ocrx_word' id='word_1_374' title='bbox 764 2993 988 3064; x_wconf 76' lang='grc' dir='ltr'><strong>χρόνονς</strong></span> <span class='ocrx_word' id='word_1_375' title='bbox 1030 2992 1151 3045; x_wconf 78' lang='grc' dir='ltr'><strong>’Ὅτι</strong></span> <span class='ocrx_word' id='word_1_376' title='bbox 1181 2990 1313 3054; x_wconf 79' lang='grc' dir='ltr'><strong>Θεὸς</strong></span> <span class='ocrx_word' id='word_1_377' title='bbox 1342 2986 1411 3061; x_wconf 77' lang='grc' dir='ltr'>ἦν</span> <span class='ocrx_word' id='word_1_378' title='bbox 1435 2992 1464 3045; x_wconf 91' lang='lat'><strong>6</strong></span> <span class='ocrx_word' id='word_1_379' title='bbox 1501 2992 1697 3061; x_wconf 72' lang='grc' dir='ltr'><strong>Λόγος,</strong></span> <span class='ocrx_word' id='word_1_380' title='bbox 1727 2994 1825 3047; x_wconf 74' lang='grc' dir='ltr'><strong>καὶ</strong></span> 
     </span>
    </p>
   </div>
   <div class='ocr_carea' id='block_1_47' title="bbox 211 3081 1825 3153">
    <p class='ocr_par' dir='ltr' id='par_1_47' title="bbox 211 3081 1825 3153">
     <span class='ocr_line' id='line_1_47' title="bbox 211 3081 1825 3153; baseline 0.001 -18"><span class='ocrx_word' id='word_1_381' title='bbox 211 3083 416 3150; x_wconf 85' lang='grc' dir='ltr'><strong>γέγονε</strong></span> <span class='ocrx_word' id='word_1_382' title='bbox 470 3081 643 3153; x_wconf 79' lang='grc' dir='ltr'>σάρξ·</span> <span class='ocrx_word' id='word_1_383' title='bbox 693 3081 833 3152; x_wconf 73' lang='grc' dir='ltr'><strong>ἔχων</strong></span> <span class='ocrx_word' id='word_1_384' title='bbox 865 3081 965 3153; x_wconf 82' lang='grc' dir='ltr'><strong>μὲν</strong></span> <span class='ocrx_word' id='word_1_385' title='bbox 996 3082 1056 3135; x_wconf 86' lang='grc' dir='ltr'><strong>τὸ</strong></span> <span class='ocrx_word' id='word_1_386' title='bbox 1088 3081 1412 3153; x_wconf 80' lang='grc' dir='ltr'><strong>πρωτεύειν,</strong></span> <span class='ocrx_word' id='word_1_387' title='bbox 1465 3082 1603 3137; x_wconf 77' lang='grc' dir='ltr'><strong>καθὸ</strong></span> <span class='ocrx_word' id='word_1_388' title='bbox 1649 3085 1825 3153; x_wconf 86' lang='grc' dir='ltr'><strong>Λόγος</strong></span> 
     </span>
    </p>
   </div>
   <div class='ocr_carea' id='block_1_48' title="bbox 213 3172 1822 3245">
    <p class='ocr_par' dir='ltr' id='par_1_48' title="bbox 213 3172 1822 3245">
     <span class='ocr_line' id='line_1_48' title="bbox 213 3172 1822 3245; baseline 0.002 -19"><span class='ocrx_word' id='word_1_389' title='bbox 213 3174 337 3226; x_wconf 77' lang='grc' dir='ltr'><strong>ἐστί</strong></span> <span class='ocrx_word' id='word_1_390' title='bbox 357 3190 376 3205; x_wconf 87' lang='grc'><strong>·</strong></span> <span class='ocrx_word' id='word_1_391' title='bbox 428 3172 766 3245; x_wconf 77' lang='grc' dir='ltr'><strong>δευτερεύων</strong></span> <span class='ocrx_word' id='word_1_392' title='bbox 803 3173 861 3227; x_wconf 81' lang='grc' dir='ltr'><strong>δὲ</strong></span> <span class='ocrx_word' id='word_1_393' title='bbox 888 3173 1030 3228; x_wconf 81' lang='grc' dir='ltr'><strong>κατὰ</strong></span> <span class='ocrx_word' id='word_1_394' title='bbox 1077 3174 1180 3245; x_wconf 72' lang='grc' dir='ltr'><strong>τὴν</strong></span> <span class='ocrx_word' id='word_1_395' title='bbox 1208 3174 1409 3245; x_wconf 79' lang='grc' dir='ltr'><strong>σάρκα.</strong></span> <span class='ocrx_word' id='word_1_396' title='bbox 1444 3175 1508 3228; x_wconf 81' lang='lat' dir='ltr'><strong>Ei</strong></span> <span class='ocrx_word' id='word_1_397' title='bbox 1543 3175 1601 3228; x_wconf 77' lang='grc' dir='ltr'><strong>δὲ</strong></span> <span class='ocrx_word' id='word_1_398' title='bbox 1632 3176 1727 3230; x_wconf 77' lang='grc' dir='ltr'><strong>καὶ</strong></span> <span class='ocrx_word' id='word_1_399' title='bbox 1757 3178 1822 3230; x_wconf 73' lang='grc' dir='ltr'><strong>ἐκ</strong></span> 
     </span>
    </p>
   </div>
   <div class='ocr_carea' id='block_1_49' title="bbox 1925 2084 3112 2156">
    <p class='ocr_par' dir='ltr' id='par_1_49' title="bbox 1925 2084 3112 2156">
     <span class='ocr_line' id='line_1_49' title="bbox 1925 2084 3112 2156; baseline 0.007 -21"><span class='ocrx_word' id='word_1_400' title='bbox 1925 2091 2145 2154; x_wconf 83' lang='lat' dir='ltr'><strong>propter</strong></span> <span class='ocrx_word' id='word_1_401' title='bbox 2174 2100 2391 2139; x_wconf 88' lang='lat' dir='ltr'><strong>crucem</strong></span> <span class='ocrx_word' id='word_1_402' title='bbox 2425 2084 2745 2140; x_wconf 85' lang='lat' dir='ltr'><strong>humanitus</strong></span> <span class='ocrx_word' id='word_1_403' title='bbox 2777 2097 3112 2156; x_wconf 87' lang='lat' dir='ltr'><strong>susceptam.</strong></span> 
     </span>
    </p>
   </div>
   <div class='ocr_carea' id='block_1_50' title="bbox 1991 2175 3516 2249">
    <p class='ocr_par' dir='ltr' id='par_1_50' title="bbox 1991 2175 3516 2249">
     <span class='ocr_line' id='line_1_50' title="bbox 1991 2175 3516 2249; baseline 0.007 -18"><span class='ocrx_word' id='word_1_404' title='bbox 1991 2175 2233 2231; x_wconf 64' lang='lat' dir='ltr'><strong>ioannes</strong></span> <span class='ocrx_word' id='word_1_405' title='bbox 2271 2175 2641 2230; x_wconf 75' lang='lat' dir='ltr'><strong>tesdmonium</strong></span> <span class='ocrx_word' id='word_1_406' title='bbox 2667 2178 2927 2247; x_wconf 86' lang='lat' dir='ltr'><strong>perhibet</strong></span> <span class='ocrx_word' id='word_1_407' title='bbox 2960 2179 3024 2232; x_wconf 90' lang='lat' dir='ltr'><strong>de</strong></span> <span class='ocrx_word' id='word_1_408' title='bbox 3057 2178 3195 2249; x_wconf 82' lang='lat' dir='ltr'><strong>ipso,</strong></span> <span class='ocrx_word' id='word_1_409' title='bbox 3226 2192 3282 2237; x_wconf 89' lang='lat' dir='ltr'><strong>et</strong></span> <span class='ocrx_word' id='word_1_410' title='bbox 3314 2184 3516 2241; x_wconf 85' lang='lat' dir='ltr'><strong>clamat</strong></span> 
     </span>
    </p>
   </div>
   <div class='ocr_carea' id='block_1_51' title="bbox 1924 2265 3517 2340">
    <p class='ocr_par' dir='ltr' id='par_1_51' title="bbox 1924 2265 3517 2340">
     <span class='ocr_line' id='line_1_51' title="bbox 1924 2265 3517 2340; baseline 0.005 -18"><span class='ocrx_word' id='word_1_411' title='bbox 1924 2267 2110 2322; x_wconf 86' lang='lat' dir='ltr'><strong>dicens</strong></span> <span class='ocrx_word' id='word_1_412' title='bbox 2144 2285 2157 2322; x_wconf 91' lang='lat'><strong>:</strong></span> <span class='ocrx_word' id='word_1_413' title='bbox 2198 2284 2216 2318; x_wconf 84' lang='grc' dir='ltr'><strong>ι</strong></span> <span class='ocrx_word' id='word_1_414' title='bbox 2256 2265 2354 2322; x_wconf 83' lang='lat' dir='ltr'><strong>Dic</strong></span> <span class='ocrx_word' id='word_1_415' title='bbox 2387 2277 2508 2321; x_wconf 86' lang='lat' dir='ltr'><strong>erat</strong></span> <span class='ocrx_word' id='word_1_416' title='bbox 2538 2282 2699 2336; x_wconf 87' lang='lat' dir='ltr'><strong>quem</strong></span> <span class='ocrx_word' id='word_1_417' title='bbox 2731 2268 2841 2322; x_wconf 80' lang='lat' dir='ltr'><strong>dixi</strong></span> <span class='ocrx_word' id='word_1_418' title='bbox 2875 2288 2888 2324; x_wconf 91' lang='lat'><strong>:</strong></span> <span class='ocrx_word' id='word_1_419' title='bbox 2921 2267 3026 2336; x_wconf 74' lang='lat' dir='ltr'><strong>Qui</strong></span> <span class='ocrx_word' id='word_1_420' title='bbox 3054 2280 3181 2340; x_wconf 87' lang='lat' dir='ltr'><strong>post</strong></span> <span class='ocrx_word' id='word_1_421' title='bbox 3211 2288 3295 2329; x_wconf 92' lang='lat' dir='ltr'><strong>me</strong></span> <span class='ocrx_word' id='word_1_422' title='bbox 3321 2284 3517 2330; x_wconf 80' lang='lat' dir='ltr'><strong>ventu-</strong></span> 
     </span>
    </p>
   </div>
   <div class='ocr_carea' id='block_1_52' title="bbox 1926 2357 3514 2431">
    <p class='ocr_par' dir='ltr' id='par_1_52' title="bbox 1926 2357 3514 2431">
     <span class='ocr_line' id='line_1_52' title="bbox 1926 2357 3514 2431; baseline 0.004 -18"><span class='ocrx_word' id='word_1_423' title='bbox 1926 2372 2020 2413; x_wconf 92' lang='lat' dir='ltr'><strong>rus</strong></span> <span class='ocrx_word' id='word_1_424' title='bbox 2049 2366 2170 2424; x_wconf 88' lang='lat' dir='ltr'><strong>est,</strong></span> <span class='ocrx_word' id='word_1_425' title='bbox 2202 2368 2328 2412; x_wconf 81' lang='lat' dir='ltr'><strong>ante</strong></span> <span class='ocrx_word' id='word_1_426' title='bbox 2360 2374 2445 2411; x_wconf 89' lang='lat' dir='ltr'><strong>me</strong></span> <span class='ocrx_word' id='word_1_427' title='bbox 2476 2357 2652 2413; x_wconf 82' lang='lat' dir='ltr'><strong>factus</strong></span> <span class='ocrx_word' id='word_1_428' title='bbox 2683 2368 2799 2423; x_wconf 87' lang='lat' dir='ltr'><strong>est,</strong></span> <span class='ocrx_word' id='word_1_429' title='bbox 2829 2360 2954 2430; x_wconf 79' lang='lat' dir='ltr'><strong>quia</strong></span> <span class='ocrx_word' id='word_1_430' title='bbox 2984 2362 3135 2431; x_wconf 86' lang='lat' dir='ltr'><strong>prior</strong></span> <span class='ocrx_word' id='word_1_431' title='bbox 3160 2378 3247 2419; x_wconf 89' lang='lat' dir='ltr'><strong>me</strong></span> <span class='ocrx_word' id='word_1_432' title='bbox 3276 2376 3417 2422; x_wconf 88' lang='lat' dir='ltr'><strong>erat.</strong></span> <span class='ocrx_word' id='word_1_433' title='bbox 3444 2364 3514 2421; x_wconf 84' lang='lat' dir='ltr'><strong>Et</strong></span> 
     </span>
    </p>
   </div>
   <div class='ocr_carea' id='block_1_53' title="bbox 1923 2448 3515 2521">
    <p class='ocr_par' dir='ltr' id='par_1_53' title="bbox 1923 2448 3515 2521">
     <span class='ocr_line' id='line_1_53' title="bbox 1923 2448 3515 2521; baseline 0.005 -17"><span class='ocrx_word' id='word_1_434' title='bbox 1923 2449 1991 2504; x_wconf 84' lang='lat' dir='ltr'><strong>de</strong></span> <span class='ocrx_word' id='word_1_435' title='bbox 2009 2448 2474 2519; x_wconf 73' lang='lat' dir='ltr'><strong>plenitudiue&#39;ejus</strong></span> <span class='ocrx_word' id='word_1_436' title='bbox 2495 2466 2592 2504; x_wconf 93' lang='lat' dir='ltr'><strong>nos</strong></span> <span class='ocrx_word' id='word_1_437' title='bbox 2609 2464 2800 2504; x_wconf 90' lang='lat' dir='ltr'><strong>oumes</strong></span> <span class='ocrx_word' id='word_1_438' title='bbox 2816 2452 3211 2521; x_wconf 82' lang='lat' dir='ltr'><strong>accepimus“.</strong></span> <span class='ocrx_word' id='word_1_439' title='bbox 3238 2474 3255 2506; x_wconf 73' lang='grc' dir='ltr'><strong>ι</strong></span> <span class='ocrx_word' id='word_1_440' title='bbox 3278 2455 3515 2513; x_wconf 79' lang='lat' dir='ltr'><strong>Joannes</strong></span> 
     </span>
    </p>
   </div>
   <div class='ocr_carea' id='block_1_54' title="bbox 1922 2536 3514 2615">
    <p class='ocr_par' dir='ltr' id='par_1_54' title="bbox 1922 2536 3514 2615">
     <span class='ocr_line' id='line_1_54' title="bbox 1922 2536 3514 2615; baseline 0.005 -24"><span class='ocrx_word' id='word_1_441' title='bbox 1922 2536 1990 2591; x_wconf 86' lang='lat' dir='ltr'><strong>de</strong></span> <span class='ocrx_word' id='word_1_442' title='bbox 2014 2537 2231 2591; x_wconf 90' lang='lat' dir='ltr'><strong>Christo</strong></span> <span class='ocrx_word' id='word_1_443' title='bbox 2258 2536 2331 2590; x_wconf 90' lang='lat' dir='ltr'><strong>ait</strong></span> <span class='ocrx_word' id='word_1_444' title='bbox 2357 2551 2372 2590; x_wconf 92' lang='lat'><strong>:</strong></span> <span class='ocrx_word' id='word_1_445' title='bbox 2404 2555 2423 2588; x_wconf 79' lang='grc' dir='ltr'><strong>ι</strong></span> <span class='ocrx_word' id='word_1_446' title='bbox 2459 2538 2561 2603; x_wconf 87' lang='lat' dir='ltr'><strong>Qui</strong></span> <span class='ocrx_word' id='word_1_447' title='bbox 2592 2547 2711 2607; x_wconf 84' lang='lat' dir='ltr'><strong>post</strong></span> <span class='ocrx_word' id='word_1_448' title='bbox 2737 2553 2822 2592; x_wconf 88' lang='lat' dir='ltr'><strong>me</strong></span> <span class='ocrx_word' id='word_1_449' title='bbox 2846 2539 3027 2605; x_wconf 87' lang='lat' dir='ltr'><strong>venit,</strong></span> <span class='ocrx_word' id='word_1_450' title='bbox 3062 2559 3081 2593; x_wconf 72' lang='grc' dir='ltr'><strong>ι</strong></span> <span class='ocrx_word' id='word_1_451' title='bbox 3116 2541 3219 2597; x_wconf 87' lang='lat' dir='ltr'><strong>hoc</strong></span> <span class='ocrx_word' id='word_1_452' title='bbox 3247 2553 3361 2611; x_wconf 86' lang='lat' dir='ltr'><strong>est,</strong></span> <span class='ocrx_word' id='word_1_453' title='bbox 3390 2553 3514 2615; x_wconf 87' lang='lat' dir='ltr'><strong>post</strong></span> 
     </span>
    </p>
   </div>
   <div class='ocr_carea' id='block_1_55' title="bbox 1923 2622 3515 2699">
    <p class='ocr_par' dir='ltr' id='par_1_55' title="bbox 1923 2622 3515 2699">
     <span class='ocr_line' id='line_1_55' title="bbox 1923 2622 3515 2699; baseline 0.005 -18"><span class='ocrx_word' id='word_1_454' title='bbox 1923 2640 2012 2681; x_wconf 79' lang='lat' dir='ltr'><strong>nte</strong></span> <span class='ocrx_word' id='word_1_455' title='bbox 2042 2622 2437 2690; x_wconf 77' lang='lat' dir='ltr'><strong>manifestatus,</strong></span> <span class='ocrx_word' id='word_1_456' title='bbox 2466 2640 2625 2694; x_wconf 81' lang='lat' dir='ltr'><strong>quem</strong></span> <span class='ocrx_word' id='word_1_457' title='bbox 2654 2626 2865 2681; x_wconf 87' lang='lat' dir='ltr'><strong>scilicet</strong></span> <span class='ocrx_word' id='word_1_458' title='bbox 2888 2626 3008 2696; x_wconf 82' lang='lat' dir='ltr'><strong>ipse</strong></span> <span class='ocrx_word' id='word_1_459' title='bbox 3038 2630 3375 2699; x_wconf 69' lang='lat' dir='ltr'><strong>praedicavit,</strong></span> <span class='ocrx_word' id='word_1_460' title='bbox 3410 2651 3429 2686; x_wconf 79' lang='grc' dir='ltr'><strong>ι</strong></span> <span class='ocrx_word' id='word_1_461' title='bbox 3466 2633 3515 2689; x_wconf 92' lang='lat' dir='ltr'><strong>is</strong></span> 
     </span>
    </p>
   </div>
   <div class='ocr_carea' id='block_1_56' title="bbox 1923 2714 3514 2793">
    <p class='ocr_par' dir='ltr' id='par_1_56' title="bbox 1923 2714 3514 2793">
     <span class='ocr_line' id='line_1_56' title="bbox 1923 2714 3514 2793; baseline 0.006 -24"><span class='ocrx_word' id='word_1_462' title='bbox 1923 2714 2074 2785; x_wconf 83' lang='lat' dir='ltr'><strong>prior</strong></span> <span class='ocrx_word' id='word_1_463' title='bbox 2103 2728 2188 2770; x_wconf 82' lang='lat' dir='ltr'><strong>me</strong></span> <span class='ocrx_word' id='word_1_464' title='bbox 2217 2725 2319 2781; x_wconf 88' lang='lat' dir='ltr'><strong>est,</strong></span> <span class='ocrx_word' id='word_1_465' title='bbox 2364 2733 2382 2768; x_wconf 76' lang='grc' dir='ltr'><strong>ι</strong></span> <span class='ocrx_word' id='word_1_466' title='bbox 2419 2716 2520 2770; x_wconf 87' lang='lat' dir='ltr'><strong>hoc</strong></span> <span class='ocrx_word' id='word_1_467' title='bbox 2550 2725 2655 2781; x_wconf 87' lang='lat' dir='ltr'><strong>est,</strong></span> <span class='ocrx_word' id='word_1_468' title='bbox 2688 2716 2952 2786; x_wconf 82' lang='lat' dir='ltr'><strong>dignitate</strong></span> <span class='ocrx_word' id='word_1_469' title='bbox 2979 2730 3031 2774; x_wconf 92' lang='lat' dir='ltr'><strong>et</strong></span> <span class='ocrx_word' id='word_1_470' title='bbox 3061 2718 3232 2791; x_wconf 75' lang='lat' dir='ltr'><strong>gloria</strong></span> <span class='ocrx_word' id='word_1_471' title='bbox 3264 2737 3349 2777; x_wconf 88' lang='lat' dir='ltr'><strong>me</strong></span> <span class='ocrx_word' id='word_1_472' title='bbox 3376 2740 3514 2793; x_wconf 70' lang='lat' dir='ltr'><strong>prm-</strong></span> 
     </span>
    </p>
   </div>
   <div class='ocr_carea' id='block_1_57' title="bbox 1923 2807 3515 2877">
    <p class='ocr_par' dir='ltr' id='par_1_57' title="bbox 1923 2807 3515 2877">
     <span class='ocr_line' id='line_1_57' title="bbox 1923 2807 3515 2877; baseline 0.005 -16"><span class='ocrx_word' id='word_1_473' title='bbox 1923 2815 2031 2861; x_wconf 85' lang='lat' dir='ltr'><strong>stat</strong></span> <span class='ocrx_word' id='word_1_474' title='bbox 2073 2824 2086 2861; x_wconf 89' lang='lat'><strong>:</strong></span> <span class='ocrx_word' id='word_1_475' title='bbox 2131 2822 2256 2861; x_wconf 87' lang='lat' dir='ltr'><strong>nam</strong></span> <span class='ocrx_word' id='word_1_476' title='bbox 2302 2816 2359 2861; x_wconf 87' lang='lat' dir='ltr'><strong>et</strong></span> <span class='ocrx_word' id='word_1_477' title='bbox 2405 2807 2521 2877; x_wconf 89' lang='lat' dir='ltr'><strong>ipsa</strong></span> <span class='ocrx_word' id='word_1_478' title='bbox 2567 2822 2783 2877; x_wconf 85' lang='lat' dir='ltr'><strong>quoque</strong></span> <span class='ocrx_word' id='word_1_479' title='bbox 2831 2808 3130 2864; x_wconf 81' lang='lat' dir='ltr'><strong>exsistendi</strong></span> <span class='ocrx_word' id='word_1_480' title='bbox 3177 2813 3411 2877; x_wconf 87' lang='lat' dir='ltr'><strong>ratione,</strong></span> <span class='ocrx_word' id='word_1_481' title='bbox 3455 2824 3515 2868; x_wconf 89' lang='lat' dir='ltr'><strong>ut</strong></span> 
     </span>
    </p>
   </div>
   <div class='ocr_carea' id='block_1_58' title="bbox 1922 2894 3514 2973">
    <p class='ocr_par' dir='ltr' id='par_1_58' title="bbox 1922 2894 3514 2973">
     <span class='ocr_line' id='line_1_58' title="bbox 1922 2894 3514 2973; baseline 0.004 -24"><span class='ocrx_word' id='word_1_482' title='bbox 1922 2894 2086 2963; x_wconf 87' lang='lat' dir='ltr'><strong>Deus,</strong></span> <span class='ocrx_word' id='word_1_483' title='bbox 2118 2900 2265 2967; x_wconf 89' lang='lat' dir='ltr'><strong>prior</strong></span> <span class='ocrx_word' id='word_1_484' title='bbox 2289 2905 2428 2951; x_wconf 86' lang='lat' dir='ltr'><strong>erat.</strong></span> <span class='ocrx_word' id='word_1_485' title='bbox 2458 2896 2740 2964; x_wconf 84' lang='lat' dir='ltr'><strong>Quomodo</strong></span> <span class='ocrx_word' id='word_1_486' title='bbox 2768 2913 2896 2969; x_wconf 81' lang='lat' dir='ltr'><strong>ergo</strong></span> <span class='ocrx_word' id='word_1_487' title='bbox 2928 2899 3067 2954; x_wconf 90' lang='lat' dir='ltr'><strong>idem</strong></span> <span class='ocrx_word' id='word_1_488' title='bbox 3096 2897 3307 2959; x_wconf 80' lang='lat' dir='ltr'><strong>Joanne</strong></span> <span class='ocrx_word' id='word_1_489' title='bbox 3361 2905 3514 2973; x_wconf 88' lang='lat' dir='ltr'><strong>prior</strong></span> 
     </span>
    </p>
   </div>
   <div class='ocr_carea' id='block_1_59' title="bbox 1922 2988 3504 3060">
    <p class='ocr_par' dir='ltr' id='par_1_59' title="bbox 1922 2988 3504 3060">
     <span class='ocr_line' id='line_1_59' title="bbox 1922 2988 3504 3060; baseline 0.002 -16"><span class='ocrx_word' id='word_1_490' title='bbox 1922 3000 1976 3044; x_wconf 85' lang='lat' dir='ltr'><strong>et</strong></span> <span class='ocrx_word' id='word_1_491' title='bbox 2013 2989 2286 3058; x_wconf 87' lang='lat' dir='ltr'><strong>posterior</strong></span> <span class='ocrx_word' id='word_1_492' title='bbox 2319 2988 2617 3043; x_wconf 82' lang='lat' dir='ltr'><strong>secundum</strong></span> <span class='ocrx_word' id='word_1_493' title='bbox 2654 2998 2873 3058; x_wconf 74' lang='lat' dir='ltr'><strong>tempus</strong></span> <span class='ocrx_word' id='word_1_494' title='bbox 2912 2990 3157 3045; x_wconf 72' lang='lat' dir='ltr'><strong>exstitit?</strong></span> <span class='ocrx_word' id='word_1_495' title='bbox 3193 2991 3328 3060; x_wconf 86' lang='lat' dir='ltr'><strong>Quia</strong></span> <span class='ocrx_word' id='word_1_496' title='bbox 3361 2992 3504 3049; x_wconf 80' lang='lat' dir='ltr'><strong>Ver-</strong></span> 
     </span>
    </p>
   </div>
   <div class='ocr_carea' id='block_1_60' title="bbox 1922 3078 3512 3155">
    <p class='ocr_par' dir='ltr' id='par_1_60' title="bbox 1922 3078 3512 3155">
     <span class='ocr_line' id='line_1_60' title="bbox 1922 3078 3512 3155; baseline 0.002 -18"><span class='ocrx_word' id='word_1_497' title='bbox 1922 3082 2048 3137; x_wconf 89' lang='lat' dir='ltr'><strong>bum</strong></span> <span class='ocrx_word' id='word_1_498' title='bbox 2088 3079 2229 3135; x_wconf 82' lang='lat' dir='ltr'><strong>Deus</strong></span> <span class='ocrx_word' id='word_1_499' title='bbox 2265 3090 2404 3143; x_wconf 89' lang='lat' dir='ltr'><strong>erat,</strong></span> <span class='ocrx_word' id='word_1_500' title='bbox 2441 3089 2497 3134; x_wconf 91' lang='lat' dir='ltr'><strong>et</strong></span> <span class='ocrx_word' id='word_1_501' title='bbox 2540 3078 2738 3134; x_wconf 81' lang='lat' dir='ltr'><strong>factum</strong></span> <span class='ocrx_word' id='word_1_502' title='bbox 2778 3089 2863 3135; x_wconf 86' lang='lat' dir='ltr'><strong>est</strong></span> <span class='ocrx_word' id='word_1_503' title='bbox 2903 3097 3052 3136; x_wconf 85' lang='lat' dir='ltr'><strong>caro.</strong></span> <span class='ocrx_word' id='word_1_504' title='bbox 3090 3082 3251 3140; x_wconf 76' lang='lat' dir='ltr'><strong>Prius</strong></span> <span class='ocrx_word' id='word_1_505' title='bbox 3286 3087 3512 3155; x_wconf 78' lang='lat' dir='ltr'><strong>proinde</strong></span> 
     </span>
    </p>
   </div>
   <div class='ocr_carea' id='block_1_61' title="bbox 1923 3171 3511 3241">
    <p class='ocr_par' dir='ltr' id='par_1_61' title="bbox 1923 3171 3511 3241">
     <span class='ocr_line' id='line_1_61' title="bbox 1923 3171 3511 3241; baseline 0.002 -13"><span class='ocrx_word' id='word_1_506' title='bbox 1923 3183 2040 3228; x_wconf 77' lang='lat' dir='ltr'><strong>erat</strong></span> <span class='ocrx_word' id='word_1_507' title='bbox 2072 3171 2410 3236; x_wconf 83' lang='lat' dir='ltr'><strong>utVerhum,</strong></span> <span class='ocrx_word' id='word_1_508' title='bbox 2439 3171 2712 3240; x_wconf 88' lang='lat' dir='ltr'><strong>posterius</strong></span> <span class='ocrx_word' id='word_1_509' title='bbox 2740 3187 2868 3225; x_wconf 86' lang='lat' dir='ltr'><strong>vero</strong></span> <span class='ocrx_word' id='word_1_510' title='bbox 2898 3184 2954 3225; x_wconf 89' lang='lat' dir='ltr'><strong>ut</strong></span> <span class='ocrx_word' id='word_1_511' title='bbox 2985 3174 3167 3228; x_wconf 87' lang='lat' dir='ltr'><strong>homo.</strong></span> <span class='ocrx_word' id='word_1_512' title='bbox 3191 3174 3277 3241; x_wconf 86' lang='lat' dir='ltr'><strong>Et,</strong></span> <span class='ocrx_word' id='word_1_513' title='bbox 3314 3176 3356 3230; x_wconf 86' lang='lat' dir='ltr'><strong>si</strong></span> <span class='ocrx_word' id='word_1_514' title='bbox 3386 3192 3511 3231; x_wconf 86' lang='lat' dir='ltr'><strong>om-</strong></span> 
     </span>
    </p>
   </div>
   <div class='ocr_carea' id='block_1_62' title="bbox 213 3262 1822 3337">
    <p class='ocr_par' dir='ltr' id='par_1_62' title="bbox 213 3264 1820 3337">
     <span class='ocr_line' id='line_1_62' title="bbox 213 3264 1820 3337; baseline 0.002 -20"><span class='ocrx_word' id='word_1_515' title='bbox 213 3264 311 3317; x_wconf 79' lang='grc' dir='ltr'><strong>τοῦ</strong></span> <span class='ocrx_word' id='word_1_516' title='bbox 333 3264 706 3337; x_wconf 70' lang='grc' dir='ltr'><strong>πληρώματος</strong></span> <span class='ocrx_word' id='word_1_517' title='bbox 731 3264 896 3318; x_wconf 77' lang='grc' dir='ltr'><strong>αὐτοῦ</strong></span> <span class='ocrx_word' id='word_1_518' title='bbox 920 3264 1122 3328; x_wconf 69' lang='grc' dir='ltr'><strong>πάντες</strong></span> <span class='ocrx_word' id='word_1_519' title='bbox 1146 3266 1551 3337; x_wconf 83' lang='grc' dir='ltr'><strong>μετεσχήκασιν</strong></span> <span class='ocrx_word' id='word_1_520' title='bbox 1599 3268 1648 3319; x_wconf 78' lang='lat' dir='ltr'><strong>oi</strong></span> <span class='ocrx_word' id='word_1_521' title='bbox 1676 3268 1820 3335; x_wconf 79' lang='grc' dir='ltr'><strong>ἅγιοι</strong></span> 
     </span>
    </p>
   </div>
   <div class='ocr_carea' id='block_1_63' title="bbox 1926 3262 3511 3337">
    <p class='ocr_par' dir='ltr' id='par_1_63' title="bbox 1926 3262 3511 3336">
     <span class='ocr_line' id='line_1_63' title="bbox 1926 3262 3511 3336; baseline 0.001 -19"><span class='ocrx_word' id='word_1_522' title='bbox 1926 3279 2022 3318; x_wconf 85' lang='lat' dir='ltr'><strong>nes</strong></span> <span class='ocrx_word' id='word_1_523' title='bbox 2045 3263 2218 3317; x_wconf 80' lang='lat' dir='ltr'><strong>sancti</strong></span> <span class='ocrx_word' id='word_1_524' title='bbox 2241 3262 2309 3317; x_wconf 89' lang='lat' dir='ltr'><strong>de</strong></span> <span class='ocrx_word' id='word_1_525' title='bbox 2330 3263 2474 3316; x_wconf 90' lang='lat' dir='ltr'><strong>illius</strong></span> <span class='ocrx_word' id='word_1_526' title='bbox 2498 3263 2831 3330; x_wconf 88' lang='lat' dir='ltr'><strong>plenitudine</strong></span> <span class='ocrx_word' id='word_1_527' title='bbox 2854 3264 3185 3332; x_wconf 86' lang='lat' dir='ltr'><strong>hauserunt;</strong></span> <span class='ocrx_word' id='word_1_528' title='bbox 3211 3265 3322 3320; x_wconf 82' lang='lat' dir='ltr'><strong>sola</strong></span> <span class='ocrx_word' id='word_1_529' title='bbox 3348 3282 3511 3336; x_wconf 85' lang='lat' dir='ltr'><strong>porro</strong></span> 
     </span>
    </p>
   </div>
   <div class='ocr_carea' id='block_1_64' title="bbox 225 3355 1824 3429">
    <p class='ocr_par' dir='ltr' id='par_1_64' title="bbox 225 3355 1824 3429">
     <span class='ocr_line' id='line_1_64' title="bbox 225 3355 1824 3429; baseline 0.001 -18"><span class='ocrx_word' id='word_1_530' title='bbox 225 3356 468 3428; x_wconf 76' lang='grc' dir='ltr'><strong>(πλῆρες</strong></span> <span class='ocrx_word' id='word_1_531' title='bbox 491 3357 546 3409; x_wconf 84' lang='grc' dir='ltr'><strong>δὲ</strong></span> <span class='ocrx_word' id='word_1_532' title='bbox 583 3357 744 3428; x_wconf 90' lang='grc' dir='ltr'><strong>μόνον</strong></span> <span class='ocrx_word' id='word_1_533' title='bbox 775 3357 892 3410; x_wconf 79' lang='grc' dir='ltr'><strong>ἐστί</strong></span> <span class='ocrx_word' id='word_1_534' title='bbox 936 3356 998 3409; x_wconf 76' lang='grc' dir='ltr'><strong>τὸ</strong></span> <span class='ocrx_word' id='word_1_535' title='bbox 1024 3355 1201 3423; x_wconf 83' lang='grc' dir='ltr'><strong>Θεῖον,</strong></span> <span class='ocrx_word' id='word_1_536' title='bbox 1237 3357 1381 3411; x_wconf 81' lang='grc' dir='ltr'><strong>καθά</strong></span> <span class='ocrx_word' id='word_1_537' title='bbox 1409 3375 1574 3428; x_wconf 79' lang='grc' dir='ltr'><strong>φησιν</strong></span> <span class='ocrx_word' id='word_1_538' title='bbox 1589 3359 1688 3412; x_wconf 68' lang='grc' dir='ltr'><strong>διὰ</strong></span> <span class='ocrx_word' id='word_1_539' title='bbox 1724 3358 1824 3429; x_wconf 83' lang='grc' dir='ltr'><strong>τῆς</strong></span> 
     </span>
    </p>
   </div>
   <div class='ocr_carea' id='block_1_65' title="bbox 230 3448 1824 3524">
    <p class='ocr_par' dir='ltr' id='par_1_65' title="bbox 230 3448 1824 3524">
     <span class='ocr_line' id='line_1_65' title="bbox 230 3448 1824 3524; baseline 0.001 -21"><span class='ocrx_word' id='word_1_540' title='bbox 230 3448 463 3503; x_wconf 73' lang='grc' dir='ltr'><strong>Ἡσαΐου</strong></span> <span class='ocrx_word' id='word_1_541' title='bbox 494 3449 722 3522; x_wconf 75' lang='grc' dir='ltr'><strong>φωνῆς),</strong></span> <span class='ocrx_word' id='word_1_542' title='bbox 758 3449 962 3524; x_wconf 81' lang='grc' dir='ltr'><strong>πρέποι</strong></span> <span class='ocrx_word' id='word_1_543' title='bbox 993 3449 1060 3502; x_wconf 81' lang='grc' dir='ltr'>ἂν</span> <span class='ocrx_word' id='word_1_544' title='bbox 1086 3449 1236 3521; x_wconf 81' lang='grc' dir='ltr'><strong>αὐτῷ</strong></span> <span class='ocrx_word' id='word_1_545' title='bbox 1256 3466 1315 3502; x_wconf 90' lang='grc' dir='ltr'><strong>τε</strong></span> <span class='ocrx_word' id='word_1_546' title='bbox 1346 3452 1439 3504; x_wconf 80' lang='grc' dir='ltr'><strong>καὶ</strong></span> <span class='ocrx_word' id='word_1_547' title='bbox 1468 3450 1615 3523; x_wconf 82' lang='grc' dir='ltr'><strong>μόνῳ</strong></span> <span class='ocrx_word' id='word_1_548' title='bbox 1637 3450 1719 3514; x_wconf 81' lang='grc' dir='ltr'><strong>τὸ,</strong></span> <span class='ocrx_word' id='word_1_549' title='bbox 1748 3450 1824 3514; x_wconf 80' lang='grc' dir='ltr'><strong>ὡς</strong></span> 
     </span>
    </p>
   </div>
   <div class='ocr_carea' id='block_1_66' title="bbox 216 3540 1819 3615">
    <p class='ocr_par' dir='ltr' id='par_1_66' title="bbox 216 3540 1819 3615">
     <span class='ocr_line' id='line_1_66' title="bbox 216 3540 1819 3615; baseline 0.001 -21"><span class='ocrx_word' id='word_1_550' title='bbox 216 3540 279 3607; x_wconf 77' lang='grc' dir='ltr'><strong>ἐξ</strong></span> <span class='ocrx_word' id='word_1_551' title='bbox 306 3542 445 3595; x_wconf 78' lang='grc' dir='ltr'><strong>ἰδίου</strong></span> <span class='ocrx_word' id='word_1_552' title='bbox 473 3540 861 3613; x_wconf 81' lang='grc' dir='ltr'><strong>πληρώματος,</strong></span> <span class='ocrx_word' id='word_1_553' title='bbox 888 3540 1082 3594; x_wconf 76' lang='grc' dir='ltr'><strong>ἑαυτοῦ</strong></span> <span class='ocrx_word' id='word_1_554' title='bbox 1118 3542 1384 3614; x_wconf 84' lang='grc' dir='ltr'><strong>μετόχους</strong></span> <span class='ocrx_word' id='word_1_555' title='bbox 1408 3543 1765 3615; x_wconf 79' lang='grc' dir='ltr'><strong>ἀποπληροῦν</strong></span> <span class='ocrx_word' id='word_1_556' title='bbox 1791 3542 1819 3582; x_wconf 76' lang='grc' dir='ltr'>ἀ</span> 
     </span>
    </p>
   </div>
   <div class='ocr_carea' id='block_1_67' title="bbox 221 3629 1822 3705">
    <p class='ocr_par' dir='ltr' id='par_1_67' title="bbox 221 3629 1822 3705">
     <span class='ocr_line' id='line_1_67' title="bbox 221 3629 1822 3705; baseline 0.001 -20"><span class='ocrx_word' id='word_1_557' title='bbox 221 3634 470 3704; x_wconf 77' lang='grc' dir='ltr'><strong>ἑτέρους.</strong></span> <span class='ocrx_word' id='word_1_558' title='bbox 503 3632 765 3704; x_wconf 79' lang='grc' dir='ltr'><strong>Πέπραχε</strong></span> <span class='ocrx_word' id='word_1_559' title='bbox 792 3634 850 3686; x_wconf 79' lang='grc' dir='ltr'><strong>δὲ</strong></span> <span class='ocrx_word' id='word_1_560' title='bbox 874 3632 1034 3687; x_wconf 87' lang='grc' dir='ltr'><strong>τοῦτο</strong></span> <span class='ocrx_word' id='word_1_561' title='bbox 1061 3632 1323 3704; x_wconf 85' lang='grc' dir='ltr'><strong>Χριστός.</strong></span> <span class='ocrx_word' id='word_1_562' title='bbox 1377 3629 1474 3697; x_wconf 70' lang='grc' dir='ltr'><strong>Εἷς</strong></span> <span class='ocrx_word' id='word_1_563' title='bbox 1517 3633 1631 3705; x_wconf 70' lang='grc' dir='ltr'><strong>ἄρα</strong></span> <span class='ocrx_word' id='word_1_564' title='bbox 1673 3634 1822 3687; x_wconf 69' lang='grc' dir='ltr'><strong>ἐστὶν</strong></span> 
     </span>
    </p>
   </div>
   <div class='ocr_carea' id='block_1_68' title="bbox 220 3723 1817 3798">
    <p class='ocr_par' dir='ltr' id='par_1_68' title="bbox 220 3723 1817 3798">
     <span class='ocr_line' id='line_1_68' title="bbox 220 3723 1817 3798; baseline 0.001 -19"><span class='ocrx_word' id='word_1_565' title='bbox 220 3723 353 3789; x_wconf 74' lang='grc' dir='ltr'><strong>Υἱὸς</strong></span> <span class='ocrx_word' id='word_1_566' title='bbox 393 3725 492 3778; x_wconf 72' lang='grc' dir='ltr'><strong>καὶ</strong></span> <span class='ocrx_word' id='word_1_567' title='bbox 522 3724 723 3798; x_wconf 75' lang='grc' dir='ltr'><strong>Κύριος</strong></span> <span class='ocrx_word' id='word_1_568' title='bbox 752 3726 781 3778; x_wconf 87' lang='lat'><strong>6</strong></span> <span class='ocrx_word' id='word_1_569' title='bbox 824 3728 889 3780; x_wconf 76' lang='lat' dir='ltr'><strong>bc</strong></span> <span class='ocrx_word' id='word_1_570' title='bbox 932 3724 1069 3778; x_wconf 89' lang='grc' dir='ltr'><strong>Θεοῦ</strong></span> <span class='ocrx_word' id='word_1_571' title='bbox 1106 3726 1282 3794; x_wconf 76' lang='grc' dir='ltr'><strong>Λόγος</strong></span> <span class='ocrx_word' id='word_1_572' title='bbox 1325 3726 1619 3797; x_wconf 83' lang='grc' dir='ltr'><strong>γενόμενος</strong></span> <span class='ocrx_word' id='word_1_573' title='bbox 1658 3725 1817 3798; x_wconf 80' lang='grc' dir='ltr'><strong>σὰρξ,</strong></span> 
     </span>
    </p>
   </div>
   <div class='ocr_carea' id='block_1_69' title="bbox 222 3816 1874 3889">
    <p class='ocr_par' dir='ltr' id='par_1_69' title="bbox 222 3816 1874 3889">
     <span class='ocr_line' id='line_1_69' title="bbox 222 3816 1874 3889; baseline -0.001 -18"><span class='ocrx_word' id='word_1_574' title='bbox 222 3817 389 3881; x_wconf 72' lang='grc' dir='ltr'><strong>αὐτὸς</strong></span> <span class='ocrx_word' id='word_1_575' title='bbox 417 3816 552 3881; x_wconf 84' lang='grc' dir='ltr'><strong>Θεὸς</strong></span> <span class='ocrx_word' id='word_1_576' title='bbox 580 3833 639 3870; x_wconf 88' lang='grc' dir='ltr'><strong>τε</strong></span> <span class='ocrx_word' id='word_1_577' title='bbox 668 3816 803 3889; x_wconf 78' lang='grc' dir='ltr'><strong>ὁμοῦ</strong></span> <span class='ocrx_word' id='word_1_578' title='bbox 847 3817 941 3870; x_wconf 76' lang='grc' dir='ltr'><strong>καὶ</strong></span> <span class='ocrx_word' id='word_1_579' title='bbox 987 3817 1296 3889; x_wconf 76' lang='grc' dir='ltr'><strong>ἄνθρωπος.</strong></span> <span class='ocrx_word' id='word_1_580' title='bbox 1338 3818 1493 3887; x_wconf 80' lang='grc' dir='ltr'><strong>Ἐχοι</strong></span> <span class='ocrx_word' id='word_1_581' title='bbox 1532 3818 1578 3871; x_wconf 77' lang='grc' dir='ltr'><strong>δ’</strong></span> <span class='ocrx_word' id='word_1_582' title='bbox 1610 3818 1677 3872; x_wconf 87' lang='grc' dir='ltr'>ἂν</span> <span class='ocrx_word' id='word_1_583' title='bbox 1724 3817 1821 3887; x_wconf 79' lang='grc' dir='ltr'><strong>τὴν</strong></span> <span class='ocrx_word' id='word_1_584' title='bbox 1866 3878 1874 3886; x_wconf 19' lang='lat'><strong>7</strong></span> 
     </span>
    </p>
   </div>
   <div class='ocr_carea' id='block_1_70' title="bbox 221 3900 1820 3982">
    <p class='ocr_par' dir='ltr' id='par_1_70' title="bbox 221 3900 1820 3982">
     <span class='ocr_line' id='line_1_70' title="bbox 221 3900 1820 3982; baseline -0.001 -20"><span class='ocrx_word' id='word_1_585' title='bbox 221 3909 471 3963; x_wconf 69' lang='grc' dir='ltr'><strong>διάνοιαν</strong></span> <span class='ocrx_word' id='word_1_586' title='bbox 501 3910 562 3961; x_wconf 74' lang='grc' dir='ltr'><strong>τὸ</strong></span> <span class='ocrx_word' id='word_1_587' title='bbox 606 3908 807 3979; x_wconf 77' lang='grc' dir='ltr'><strong>ἑφεξῆς</strong></span> <span class='ocrx_word' id='word_1_588' title='bbox 857 3909 1058 3982; x_wconf 76' lang='grc' dir='ltr'><strong>ρητόνο</strong></span> <span class='ocrx_word' id='word_1_589' title='bbox 1116 3928 1137 3962; x_wconf 75' lang='grc' dir='ltr'><strong>ι</strong></span> <span class='ocrx_word' id='word_1_590' title='bbox 1181 3900 1353 3972; x_wconf 76' lang='grc' dir='ltr'><strong>Οὗτός</strong></span> <span class='ocrx_word' id='word_1_591' title='bbox 1404 3911 1540 3972; x_wconf 78' lang='grc' dir='ltr'><strong>ἐστι,</strong></span> <span class='ocrx_word' id='word_1_592' title='bbox 1577 3907 1708 3979; x_wconf 75' lang='grc' dir='ltr'><strong>περὶ</strong></span> <span class='ocrx_word' id='word_1_593' title='bbox 1757 3901 1820 3961; x_wconf 77' lang='grc' dir='ltr'>οὗ</span> 
     </span>
    </p>
   </div>
   <div class='ocr_carea' id='block_1_71' title="bbox 224 3997 1823 4074">
    <p class='ocr_par' dir='ltr' id='par_1_71' title="bbox 224 3997 1823 4074">
     <span class='ocr_line' id='line_1_71' title="bbox 224 3997 1823 4074; baseline -0.001 -21"><span class='ocrx_word' id='word_1_594' title='bbox 224 4000 341 4070; x_wconf 73' lang='grc' dir='ltr'><strong>ἐγὼ</strong></span> <span class='ocrx_word' id='word_1_595' title='bbox 378 3997 555 4053; x_wconf 77' lang='grc' dir='ltr'><strong>εἷπον·</strong></span> <span class='ocrx_word' id='word_1_596' title='bbox 595 4000 807 4054; x_wconf 74' lang='grc' dir='ltr'><strong>Ὁπίσω</strong></span> <span class='ocrx_word' id='word_1_597' title='bbox 840 4018 940 4072; x_wconf 90' lang='grc' dir='ltr'><strong>μου</strong></span> <span class='ocrx_word' id='word_1_598' title='bbox 975 4000 1193 4074; x_wconf 75' lang='grc' dir='ltr'><strong>ἔρχεται</strong></span> <span class='ocrx_word' id='word_1_599' title='bbox 1237 4000 1397 4071; x_wconf 81' lang='grc' dir='ltr'><strong>ἀνὴρ,</strong></span> <span class='ocrx_word' id='word_1_600' title='bbox 1429 4001 1487 4065; x_wconf 83' lang='grc' dir='ltr'><strong>ὃς</strong></span> <span class='ocrx_word' id='word_1_601' title='bbox 1513 3999 1823 4071; x_wconf 72' lang='grc' dir='ltr'><strong>ἔμπροσθέν</strong></span> 
     </span>
    </p>
   </div>
   <div class='ocr_carea' id='block_1_72' title="bbox 228 4087 1822 4164">
    <p class='ocr_par' dir='ltr' id='par_1_72' title="bbox 228 4087 1822 4164">
     <span class='ocr_line' id='line_1_72' title="bbox 228 4087 1822 4164; baseline 0 -20"><span class='ocrx_word' id='word_1_602' title='bbox 228 4110 335 4163; x_wconf 81' lang='grc' dir='ltr'><strong>μου</strong></span> <span class='ocrx_word' id='word_1_603' title='bbox 366 4092 612 4161; x_wconf 75' lang='grc' dir='ltr'><strong>γέγονεν,</strong></span> <span class='ocrx_word' id='word_1_604' title='bbox 640 4092 723 4145; x_wconf 84' lang='grc' dir='ltr'><strong>ὅτι</strong></span> <span class='ocrx_word' id='word_1_605' title='bbox 764 4092 980 4164; x_wconf 84' lang='grc' dir='ltr'><strong>πρῶτός</strong></span> <span class='ocrx_word' id='word_1_606' title='bbox 1020 4109 1123 4164; x_wconf 86' lang='grc' dir='ltr'><strong>μου</strong></span> <span class='ocrx_word' id='word_1_607' title='bbox 1150 4087 1237 4163; x_wconf 80' lang='grc' dir='ltr'><strong>ἦν.</strong></span> <span class='ocrx_word' id='word_1_608' title='bbox 1272 4109 1292 4143; x_wconf 71' lang='grc' dir='ltr'><strong>ι</strong></span> <span class='ocrx_word' id='word_1_609' title='bbox 1341 4091 1475 4144; x_wconf 76' lang='grc' dir='ltr'><strong>Ἰδοὺ</strong></span> <span class='ocrx_word' id='word_1_610' title='bbox 1505 4090 1613 4162; x_wconf 73' lang='grc' dir='ltr'><strong>γὰρ</strong></span> <span class='ocrx_word' id='word_1_611' title='bbox 1652 4090 1822 4157; x_wconf 77' lang='grc' dir='ltr'><strong>ἄνδρα</strong></span> 
     </span>
    </p>
   </div>
   <div class='ocr_carea' id='block_1_73' title="bbox 223 4176 1820 4252">
    <p class='ocr_par' dir='ltr' id='par_1_73' title="bbox 223 4176 1820 4252">
     <span class='ocr_line' id='line_1_73' title="bbox 223 4176 1820 4252; baseline -0.002 -18"><span class='ocrx_word' id='word_1_612' title='bbox 223 4179 407 4251; x_wconf 70' lang='grc' dir='ltr'><strong>λέγων</strong></span> <span class='ocrx_word' id='word_1_613' title='bbox 435 4181 618 4248; x_wconf 79' lang='grc' dir='ltr'><strong>αὑτὸν,</strong></span> <span class='ocrx_word' id='word_1_614' title='bbox 646 4182 740 4234; x_wconf 73' lang='grc' dir='ltr'><strong>καὶ</strong></span> <span class='ocrx_word' id='word_1_615' title='bbox 760 4182 1057 4252; x_wconf 74' lang='grc' dir='ltr'><strong>ἐρχόμενον</strong></span> <span class='ocrx_word' id='word_1_616' title='bbox 1083 4181 1282 4247; x_wconf 87' lang='grc' dir='ltr'><strong>ὀπίσω,</strong></span> <span class='ocrx_word' id='word_1_617' title='bbox 1307 4181 1521 4252; x_wconf 83' lang='grc' dir='ltr'><strong>πρῶτον</strong></span> <span class='ocrx_word' id='word_1_618' title='bbox 1550 4176 1690 4234; x_wconf 77' lang='grc' dir='ltr'><strong>εἷναί</strong></span> <span class='ocrx_word' id='word_1_619' title='bbox 1719 4196 1820 4250; x_wconf 66' lang='grc' dir='ltr'><strong>φης</strong></span> 
     </span>
    </p>
   </div>
   <div class='ocr_carea' id='block_1_74' title="bbox 227 4267 1821 4344">
    <p class='ocr_par' dir='ltr' id='par_1_74' title="bbox 227 4267 1821 4344">
     <span class='ocr_line' id='line_1_74' title="bbox 227 4267 1821 4344; baseline -0.001 -19"><span class='ocrx_word' id='word_1_620' title='bbox 227 4290 315 4325; x_wconf 91' lang='grc' dir='ltr'><strong>σιν</strong></span> <span class='ocrx_word' id='word_1_621' title='bbox 337 4272 420 4335; x_wconf 75' lang='grc' dir='ltr'><strong>ὥς</strong></span> <span class='ocrx_word' id='word_1_622' title='bbox 448 4271 586 4325; x_wconf 85' lang='grc' dir='ltr'><strong>Θεόν</strong></span> <span class='ocrx_word' id='word_1_623' title='bbox 605 4287 620 4303; x_wconf 88' lang='grc'><strong>·</strong></span> <span class='ocrx_word' id='word_1_624' title='bbox 658 4289 680 4324; x_wconf 73' lang='grc' dir='ltr'><strong>ι</strong></span> <span class='ocrx_word' id='word_1_625' title='bbox 728 4273 818 4327; x_wconf 84' lang='grc' dir='ltr'>Ἐν</span> <span class='ocrx_word' id='word_1_626' title='bbox 848 4272 990 4344; x_wconf 78' lang='grc' dir='ltr'><strong>ἀρχῇ</strong></span> <span class='ocrx_word' id='word_1_627' title='bbox 1021 4272 1131 4344; x_wconf 62' lang='grc' dir='ltr'><strong>γὰρ</strong></span> <span class='ocrx_word' id='word_1_628' title='bbox 1159 4267 1228 4344; x_wconf 81' lang='grc' dir='ltr'><strong>ἧν</strong></span> <span class='ocrx_word' id='word_1_629' title='bbox 1269 4273 1298 4325; x_wconf 74' lang='lat'><strong>6</strong></span> <span class='ocrx_word' id='word_1_630' title='bbox 1334 4272 1528 4341; x_wconf 77' lang='grc' dir='ltr'><strong>Λόγος,</strong></span> <span class='ocrx_word' id='word_1_631' title='bbox 1559 4272 1655 4325; x_wconf 71' lang='grc' dir='ltr'><strong>καὶ</strong></span> <span class='ocrx_word' id='word_1_632' title='bbox 1689 4270 1821 4334; x_wconf 85' lang='grc' dir='ltr'><strong>Θεὸς</strong></span> 
     </span>
    </p>
   </div>
   <div class='ocr_carea' id='block_1_75' title="bbox 225 4360 576 4438">
    <p class='ocr_par' dir='ltr' id='par_1_75' title="bbox 225 4360 576 4438">
     <span class='ocr_line' id='line_1_75' title="bbox 225 4360 576 4438; baseline -0.003 -19"><span class='ocrx_word' id='word_1_633' title='bbox 225 4360 296 4438; x_wconf 77' lang='grc' dir='ltr'><strong>ἦν</strong></span> <span class='ocrx_word' id='word_1_634' title='bbox 324 4364 358 4416; x_wconf 86' lang='lat'><strong>6</strong></span> <span class='ocrx_word' id='word_1_635' title='bbox 384 4363 576 4433; x_wconf 85' lang='grc' dir='ltr'><strong>Λόγος.</strong></span> 
     </span>
    </p>
   </div>
   <div class='ocr_carea' id='block_1_76' title="bbox 306 4451 1816 4527">
    <p class='ocr_par' dir='ltr' id='par_1_76' title="bbox 306 4451 1816 4527">
     <span class='ocr_line' id='line_1_76' title="bbox 306 4451 1816 4527; baseline -0.002 -20"><span class='ocrx_word' id='word_1_636' title='bbox 306 4474 327 4507; x_wconf 81' lang='grc' dir='ltr'><strong>ι</strong></span> <span class='ocrx_word' id='word_1_637' title='bbox 365 4455 477 4508; x_wconf 76' lang='grc' dir='ltr'><strong>Καὶ</strong></span> <span class='ocrx_word' id='word_1_638' title='bbox 520 4453 902 4527; x_wconf 75' lang='grc' dir='ltr'><strong>ἐμαρτύρησεν</strong></span> <span class='ocrx_word' id='word_1_639' title='bbox 942 4453 1199 4525; x_wconf 75' lang='grc' dir='ltr'><strong>Ἰωάννης</strong></span> <span class='ocrx_word' id='word_1_640' title='bbox 1247 4452 1445 4522; x_wconf 82' lang='grc' dir='ltr'><strong>λέγων,</strong></span> <span class='ocrx_word' id='word_1_641' title='bbox 1495 4453 1577 4507; x_wconf 85' lang='grc' dir='ltr'><strong>ὅτι</strong></span> <span class='ocrx_word' id='word_1_642' title='bbox 1616 4451 1816 4505; x_wconf 61' lang='grc' dir='ltr'><strong>Τεθέα.</strong></span> 
     </span>
    </p>
   </div>
   <div class='ocr_carea' id='block_1_77' title="bbox 1926 3353 3572 3426">
    <p class='ocr_par' dir='ltr' id='par_1_77' title="bbox 1926 3353 3572 3426">
     <span class='ocr_line' id='line_1_77' title="bbox 1926 3353 3572 3426; baseline 0.003 -19"><span class='ocrx_word' id='word_1_643' title='bbox 1926 3355 2211 3418; x_wconf 71' lang='lat' dir='ltr'><strong>divinitas,</strong></span> <span class='ocrx_word' id='word_1_644' title='bbox 2241 3354 2393 3423; x_wconf 80' lang='lat' dir='ltr'><strong>juxta</strong></span> <span class='ocrx_word' id='word_1_645' title='bbox 2427 3353 2578 3408; x_wconf 69' lang='lat' dir='ltr'><strong>Isaiae</strong></span> <span class='ocrx_word' id='word_1_646' title='bbox 2612 3370 2798 3409; x_wconf 88' lang='lat' dir='ltr'><strong>vocem</strong></span> <span class='ocrx_word' id='word_1_647' title='bbox 2830 3356 2897 3420; x_wconf 72' lang='grc' dir='ltr'><strong>ι’,</strong></span> <span class='ocrx_word' id='word_1_648' title='bbox 2929 3356 3176 3411; x_wconf 89' lang='lat' dir='ltr'><strong>absolute</strong></span> <span class='ocrx_word' id='word_1_649' title='bbox 3203 3358 3357 3426; x_wconf 85' lang='lat' dir='ltr'><strong>plena</strong></span> <span class='ocrx_word' id='word_1_650' title='bbox 3387 3368 3507 3423; x_wconf 90' lang='lat' dir='ltr'><strong>est;</strong></span> <span class='ocrx_word' id='word_1_651' title='bbox 3569 3371 3572 3375; x_wconf 77' lang='lat'>‘</span> 
     </span>
    </p>
   </div>
   <div class='ocr_carea' id='block_1_78' title="bbox 1926 3446 3506 3518">
    <p class='ocr_par' dir='ltr' id='par_1_78' title="bbox 1926 3446 3506 3518">
     <span class='ocr_line' id='line_1_78' title="bbox 1926 3446 3506 3518; baseline 0.001 -17"><span class='ocrx_word' id='word_1_652' title='bbox 1926 3446 2025 3518; x_wconf 85' lang='lat' dir='ltr'><strong>ipsi</strong></span> <span class='ocrx_word' id='word_1_653' title='bbox 2056 3446 2153 3501; x_wconf 92' lang='lat' dir='ltr'><strong>soli</strong></span> <span class='ocrx_word' id='word_1_654' title='bbox 2185 3447 2457 3509; x_wconf 60' lang='lat' dir='ltr'><strong>convenit,</strong></span> <span class='ocrx_word' id='word_1_655' title='bbox 2488 3457 2545 3498; x_wconf 92' lang='lat' dir='ltr'><strong>ut</strong></span> <span class='ocrx_word' id='word_1_656' title='bbox 2578 3462 2672 3498; x_wconf 86' lang='lat' dir='ltr'><strong>sua</strong></span> <span class='ocrx_word' id='word_1_657' title='bbox 2705 3446 2875 3515; x_wconf 84' lang='lat' dir='ltr'><strong>ipsius</strong></span> <span class='ocrx_word' id='word_1_658' title='bbox 2906 3447 3245 3515; x_wconf 88' lang='lat' dir='ltr'><strong>plenitudine</strong></span> <span class='ocrx_word' id='word_1_659' title='bbox 3274 3450 3506 3503; x_wconf 84' lang='lat' dir='ltr'><strong>aliorum</strong></span> 
     </span>
    </p>
   </div>
   <div class='ocr_carea' id='block_1_79' title="bbox 1927 3538 3505 3610">
    <p class='ocr_par' dir='ltr' id='par_1_79' title="bbox 1927 3538 3505 3610">
     <span class='ocr_line' id='line_1_79' title="bbox 1927 3538 3505 3610; baseline 0 -18"><span class='ocrx_word' id='word_1_660' title='bbox 1927 3538 2121 3607; x_wconf 67' lang='lat' dir='ltr'><strong>inopiae</strong></span> <span class='ocrx_word' id='word_1_661' title='bbox 2152 3538 2455 3594; x_wconf 83' lang='lat' dir='ltr'><strong>subveniat.</strong></span> <span class='ocrx_word' id='word_1_662' title='bbox 2492 3539 2747 3593; x_wconf 78' lang='lat' dir='ltr'><strong>Praestitit</strong></span> <span class='ocrx_word' id='word_1_663' title='bbox 2780 3548 2959 3592; x_wconf 89' lang='lat' dir='ltr'><strong>autem</strong></span> <span class='ocrx_word' id='word_1_664' title='bbox 2997 3543 3097 3594; x_wconf 87' lang='lat' dir='ltr'><strong>hoc</strong></span> <span class='ocrx_word' id='word_1_665' title='bbox 3130 3541 3304 3610; x_wconf 84' lang='lat' dir='ltr'><strong>ipsum</strong></span> <span class='ocrx_word' id='word_1_666' title='bbox 3339 3542 3505 3595; x_wconf 80' lang='lat' dir='ltr'><strong>Chri-</strong></span> 
     </span>
    </p>
   </div>
   <div class='ocr_carea' id='block_1_80' title="bbox 1924 3616 3511 3697">
    <p class='ocr_par' dir='ltr' id='par_1_80' title="bbox 1924 3616 3511 3697">
     <span class='ocr_line' id='line_1_80' title="bbox 1924 3616 3511 3697; baseline 0 -13"><span class='ocrx_word' id='word_1_667' title='bbox 1924 3640 2070 3697; x_wconf 69' lang='lat' dir='ltr'><strong>stus;</strong></span> <span class='ocrx_word' id='word_1_668' title='bbox 2109 3630 2448 3685; x_wconf 81' lang='lat' dir='ltr'><strong>incarnatum</strong></span> <span class='ocrx_word' id='word_1_669' title='bbox 2490 3629 2668 3697; x_wconf 78' lang='lat' dir='ltr'><strong>itaque</strong></span> <span class='ocrx_word' id='word_1_670' title='bbox 2709 3628 2798 3681; x_wconf 87' lang='lat' dir='ltr'><strong>Dei</strong></span> <span class='ocrx_word' id='word_1_671' title='bbox 2834 3628 3071 3683; x_wconf 80' lang='lat' dir='ltr'><strong>Verbum</strong></span> <span class='ocrx_word' id='word_1_672' title='bbox 3112 3646 3249 3685; x_wconf 83' lang='lat' dir='ltr'><strong>unus</strong></span> <span class='ocrx_word' id='word_1_673' title='bbox 3282 3640 3365 3685; x_wconf 88' lang='lat' dir='ltr'><strong>est</strong></span> <span class='ocrx_word' id='word_1_674' title='bbox 3402 3616 3511 3684; x_wconf 84' lang='lat' dir='ltr'><strong>Do-</strong></span> 
     </span>
    </p>
   </div>
   <div class='ocr_carea' id='block_1_81' title="bbox 1924 3717 3505 3789">
    <p class='ocr_par' dir='ltr' id='par_1_81' title="bbox 1924 3717 3505 3789">
     <span class='ocr_line' id='line_1_81' title="bbox 1924 3717 3505 3789; baseline -0.001 -14"><span class='ocrx_word' id='word_1_675' title='bbox 1924 3722 2103 3776; x_wconf 90' lang='lat' dir='ltr'><strong>minus</strong></span> <span class='ocrx_word' id='word_1_676' title='bbox 2148 3732 2200 3775; x_wconf 88' lang='lat' dir='ltr'><strong>et</strong></span> <span class='ocrx_word' id='word_1_677' title='bbox 2248 3719 2458 3785; x_wconf 81' lang='lat' dir='ltr'><strong>Filius,</strong></span> <span class='ocrx_word' id='word_1_678' title='bbox 2506 3720 2758 3789; x_wconf 72' lang='lat' dir='ltr'><strong>idemque</strong></span> <span class='ocrx_word' id='word_1_679' title='bbox 2810 3717 2949 3773; x_wconf 85' lang='lat' dir='ltr'><strong>Deus</strong></span> <span class='ocrx_word' id='word_1_680' title='bbox 2997 3719 3157 3773; x_wconf 85' lang='lat' dir='ltr'><strong>simul</strong></span> <span class='ocrx_word' id='word_1_681' title='bbox 3211 3731 3268 3775; x_wconf 90' lang='lat' dir='ltr'><strong>et</strong></span> <span class='ocrx_word' id='word_1_682' title='bbox 3317 3722 3505 3776; x_wconf 86' lang='lat' dir='ltr'><strong>homo.</strong></span> 
     </span>
    </p>
   </div>
   <div class='ocr_carea' id='block_1_82' title="bbox 1924 3810 3504 3882">
    <p class='ocr_par' dir='ltr' id='par_1_82' title="bbox 1924 3810 3504 3882">
     <span class='ocr_line' id='line_1_82' title="bbox 1924 3810 3504 3882; baseline 0.001 -16"><span class='ocrx_word' id='word_1_683' title='bbox 1924 3810 2180 3882; x_wconf 83' lang='lat' dir='ltr'><strong>Ejusdem</strong></span> <span class='ocrx_word' id='word_1_684' title='bbox 2226 3812 2511 3864; x_wconf 65' lang='lat' dir='ltr'><strong>sententiae</strong></span> <span class='ocrx_word' id='word_1_685' title='bbox 2560 3818 2673 3871; x_wconf 77' lang='lat' dir='ltr'><strong>est,</strong></span> <span class='ocrx_word' id='word_1_686' title='bbox 2724 3810 2866 3877; x_wconf 89' lang='lat' dir='ltr'><strong>quod</strong></span> <span class='ocrx_word' id='word_1_687' title='bbox 2917 3825 3041 3863; x_wconf 79' lang='lat' dir='ltr'><strong>tuox</strong></span> <span class='ocrx_word' id='word_1_688' title='bbox 3093 3811 3443 3881; x_wconf 81' lang='lat' dir='ltr'><strong>subjungitur</strong></span> <span class='ocrx_word' id='word_1_689' title='bbox 3489 3832 3504 3867; x_wconf 90' lang='lat'>:</span> 
     </span>
    </p>
   </div>
   <div class='ocr_carea' id='block_1_83' title="bbox 1930 3899 3503 3971">
    <p class='ocr_par' dir='ltr' id='par_1_83' title="bbox 1930 3899 3503 3971">
     <span class='ocr_line' id='line_1_83' title="bbox 1930 3899 3503 3971; baseline 0.002 -16"><span class='ocrx_word' id='word_1_690' title='bbox 1930 3921 1949 3955; x_wconf 82' lang='grc' dir='ltr'><strong>ι</strong></span> <span class='ocrx_word' id='word_1_691' title='bbox 1988 3902 2085 3957; x_wconf 78' lang='lat' dir='ltr'><strong>llic</strong></span> <span class='ocrx_word' id='word_1_692' title='bbox 2114 3910 2232 3963; x_wconf 80' lang='lat' dir='ltr'><strong>est,</strong></span> <span class='ocrx_word' id='word_1_693' title='bbox 2266 3901 2436 3971; x_wconf 84' lang='lat' dir='ltr'><strong>inquit</strong></span> <span class='ocrx_word' id='word_1_694' title='bbox 2459 3943 2473 3965; x_wconf 91' lang='lat'><strong>,</strong></span> <span class='ocrx_word' id='word_1_695' title='bbox 2508 3902 2573 3954; x_wconf 87' lang='lat' dir='ltr'><strong>de</strong></span> <span class='ocrx_word' id='word_1_696' title='bbox 2607 3915 2713 3968; x_wconf 90' lang='lat' dir='ltr'><strong>quo</strong></span> <span class='ocrx_word' id='word_1_697' title='bbox 2746 3900 2853 3953; x_wconf 65' lang='lat' dir='ltr'><strong>disi</strong></span> <span class='ocrx_word' id='word_1_698' title='bbox 2887 3918 2902 3954; x_wconf 88' lang='lat'>:</span> <span class='ocrx_word' id='word_1_699' title='bbox 2940 3899 3066 3955; x_wconf 84' lang='lat' dir='ltr'><strong>Post</strong></span> <span class='ocrx_word' id='word_1_700' title='bbox 3100 3917 3186 3956; x_wconf 87' lang='lat' dir='ltr'><strong>tne</strong></span> <span class='ocrx_word' id='word_1_701' title='bbox 3218 3903 3365 3957; x_wconf 87' lang='lat' dir='ltr'><strong>venit</strong></span> <span class='ocrx_word' id='word_1_702' title='bbox 3399 3904 3503 3969; x_wconf 88' lang='lat' dir='ltr'><strong>vir,</strong></span> 
     </span>
    </p>
   </div>
   <div class='ocr_carea' id='block_1_84' title="bbox 1920 3992 3508 4065">
    <p class='ocr_par' dir='ltr' id='par_1_84' title="bbox 1920 3992 3508 4065">
     <span class='ocr_line' id='line_1_84' title="bbox 1920 3992 3508 4065; baseline 0.003 -19"><span class='ocrx_word' id='word_1_703' title='bbox 1920 3995 2013 4065; x_wconf 90' lang='lat' dir='ltr'><strong>qui</strong></span> <span class='ocrx_word' id='word_1_704' title='bbox 2043 4003 2171 4048; x_wconf 81' lang='lat' dir='ltr'><strong>ante</strong></span> <span class='ocrx_word' id='word_1_705' title='bbox 2202 4008 2288 4047; x_wconf 85' lang='lat' dir='ltr'><strong>me</strong></span> <span class='ocrx_word' id='word_1_706' title='bbox 2317 3993 2495 4047; x_wconf 77' lang='lat' dir='ltr'><strong>factus</strong></span> <span class='ocrx_word' id='word_1_707' title='bbox 2521 4001 2633 4058; x_wconf 88' lang='lat' dir='ltr'><strong>est,</strong></span> <span class='ocrx_word' id='word_1_708' title='bbox 2670 3992 2794 4062; x_wconf 81' lang='lat' dir='ltr'><strong>quia</strong></span> <span class='ocrx_word' id='word_1_709' title='bbox 2826 3993 2978 4062; x_wconf 83' lang='lat' dir='ltr'><strong>prior</strong></span> <span class='ocrx_word' id='word_1_710' title='bbox 3004 4008 3089 4046; x_wconf 89' lang='lat' dir='ltr'><strong>me</strong></span> <span class='ocrx_word' id='word_1_711' title='bbox 3117 4001 3234 4047; x_wconf 87' lang='lat' dir='ltr'><strong>erat</strong></span> <span class='ocrx_word' id='word_1_712' title='bbox 3259 3994 3327 4049; x_wconf 81' lang='grc'><strong>⁸⁸.</strong></span> <span class='ocrx_word' id='word_1_713' title='bbox 3357 4014 3375 4047; x_wconf 70' lang='grc' dir='ltr'><strong>ι</strong></span> <span class='ocrx_word' id='word_1_714' title='bbox 3401 3994 3508 4064; x_wconf 84' lang='lat' dir='ltr'><strong>En,</strong></span> 
     </span>
    </p>
   </div>
   <div class='ocr_carea' id='block_1_85' title="bbox 1924 4081 3505 4152">
    <p class='ocr_par' dir='ltr' id='par_1_85' title="bbox 1924 4081 3505 4152">
     <span class='ocr_line' id='line_1_85' title="bbox 1924 4081 3505 4152; baseline 0.001 -15"><span class='ocrx_word' id='word_1_715' title='bbox 1924 4085 2047 4139; x_wconf 80' lang='lat' dir='ltr'><strong>licet</strong></span> <span class='ocrx_word' id='word_1_716' title='bbox 2086 4084 2258 4137; x_wconf 84' lang='lat' dir='ltr'><strong>virum</strong></span> <span class='ocrx_word' id='word_1_717' title='bbox 2299 4092 2488 4147; x_wconf 79' lang='lat' dir='ltr'><strong>vocet,</strong></span> <span class='ocrx_word' id='word_1_718' title='bbox 2525 4091 2576 4135; x_wconf 88' lang='lat' dir='ltr'><strong>et</strong></span> <span class='ocrx_word' id='word_1_719' title='bbox 2616 4090 2735 4151; x_wconf 86' lang='lat' dir='ltr'><strong>post</strong></span> <span class='ocrx_word' id='word_1_720' title='bbox 2773 4097 2833 4135; x_wconf 90' lang='lat' dir='ltr'><strong>se</strong></span> <span class='ocrx_word' id='word_1_721' title='bbox 2865 4081 3167 4136; x_wconf 88' lang='lat' dir='ltr'><strong>venientem</strong></span> <span class='ocrx_word' id='word_1_722' title='bbox 3208 4083 3505 4152; x_wconf 69' lang='lat' dir='ltr'><strong>praedicet,</strong></span> 
     </span>
    </p>
   </div>
   <div class='ocr_carea' id='block_1_86' title="bbox 1921 4172 3502 4244">
    <p class='ocr_par' dir='ltr' id='par_1_86' title="bbox 1921 4172 3502 4244">
     <span class='ocr_line' id='line_1_86' title="bbox 1921 4172 3502 4244; baseline 0.001 -14"><span class='ocrx_word' id='word_1_723' title='bbox 1921 4177 2219 4230; x_wconf 83' lang='lat' dir='ltr'><strong>secundum</strong></span> <span class='ocrx_word' id='word_1_724' title='bbox 2256 4174 2595 4229; x_wconf 81' lang='lat' dir='ltr'><strong>divinitatem</strong></span> <span class='ocrx_word' id='word_1_725' title='bbox 2630 4184 2811 4229; x_wconf 84' lang='lat' dir='ltr'><strong>tamen</strong></span> <span class='ocrx_word' id='word_1_726' title='bbox 2848 4188 2906 4228; x_wconf 89' lang='lat' dir='ltr'><strong>se</strong></span> <span class='ocrx_word' id='word_1_727' title='bbox 2940 4173 3177 4244; x_wconf 89' lang='lat' dir='ltr'><strong>priorem</strong></span> <span class='ocrx_word' id='word_1_728' title='bbox 3213 4172 3447 4230; x_wconf 79' lang='lat' dir='ltr'><strong>aﬂirmat</strong></span> <span class='ocrx_word' id='word_1_729' title='bbox 3482 4192 3502 4232; x_wconf 90' lang='lat'><strong>:</strong></span> 
     </span>
    </p>
   </div>
   <div class='ocr_carea' id='block_1_87' title="bbox 1924 4263 3510 4337">
    <p class='ocr_par' dir='ltr' id='par_1_87' title="bbox 1924 4263 3510 4337">
     <span class='ocr_line' id='line_1_87' title="bbox 1924 4263 3510 4337; baseline 0.002 -18"><span class='ocrx_word' id='word_1_730' title='bbox 1924 4284 1946 4319; x_wconf 77' lang='grc' dir='ltr'><strong>ι</strong></span> <span class='ocrx_word' id='word_1_731' title='bbox 1984 4265 2039 4320; x_wconf 78' lang='lat' dir='ltr'><strong>iu</strong></span> <span class='ocrx_word' id='word_1_732' title='bbox 2069 4266 2340 4337; x_wconf 79' lang='lat' dir='ltr'><strong>principio</strong></span> <span class='ocrx_word' id='word_1_733' title='bbox 2366 4265 2512 4319; x_wconf 88' lang='lat' dir='ltr'><strong>enim</strong></span> <span class='ocrx_word' id='word_1_734' title='bbox 2546 4275 2667 4319; x_wconf 89' lang='lat' dir='ltr'><strong>erat</strong></span> <span class='ocrx_word' id='word_1_735' title='bbox 2688 4263 2918 4320; x_wconf 80' lang='lat' dir='ltr'><strong>Verbum</strong></span> <span class='ocrx_word' id='word_1_736' title='bbox 2937 4301 2954 4329; x_wconf 92' lang='lat'><strong>,</strong></span> <span class='ocrx_word' id='word_1_737' title='bbox 2981 4276 3038 4319; x_wconf 88' lang='lat' dir='ltr'><strong>et</strong></span> <span class='ocrx_word' id='word_1_738' title='bbox 3065 4263 3208 4321; x_wconf 90' lang='lat' dir='ltr'><strong>Deus</strong></span> <span class='ocrx_word' id='word_1_739' title='bbox 3235 4272 3357 4321; x_wconf 84' lang='lat' dir='ltr'><strong>erat</strong></span> <span class='ocrx_word' id='word_1_740' title='bbox 3376 4266 3510 4323; x_wconf 83' lang='lat' dir='ltr'><strong>Ver-</strong></span> 
     </span>
    </p>
   </div>
   <div class='ocr_carea' id='block_1_88' title="bbox 1923 4359 2196 4413">
    <p class='ocr_par' dir='ltr' id='par_1_88' title="bbox 1923 4359 2196 4413">
     <span class='ocr_line' id='line_1_88' title="bbox 1923 4359 2196 4413; baseline -0.011 0"><span class='ocrx_word' id='word_1_741' title='bbox 1923 4360 2047 4413; x_wconf 85' lang='lat' dir='ltr'><strong>bum</strong></span> <span class='ocrx_word' id='word_1_742' title='bbox 2073 4359 2142 4412; x_wconf 77' lang='lat'><strong>“.</strong></span> <span class='ocrx_word' id='word_1_743' title='bbox 2179 4376 2196 4410; x_wconf 78' lang='grc' dir='ltr'><strong>ι</strong></span> 
     </span>
    </p>
   </div>
   <div class='ocr_carea' id='block_1_89' title="bbox 1994 4447 3506 4521">
    <p class='ocr_par' dir='ltr' id='par_1_89' title="bbox 1994 4447 3506 4521">
     <span class='ocr_line' id='line_1_89' title="bbox 1994 4447 3506 4521; baseline 0.004 -21"><span class='ocrx_word' id='word_1_744' title='bbox 1994 4467 2018 4500; x_wconf 67' lang='grc'><strong><em>4</em></strong></span> <span class='ocrx_word' id='word_1_745' title='bbox 2056 4448 2120 4503; x_wconf 87' lang='lat' dir='ltr'><strong>Et</strong></span> <span class='ocrx_word' id='word_1_746' title='bbox 2152 4448 2520 4503; x_wconf 84' lang='lat' dir='ltr'><strong>testimonium</strong></span> <span class='ocrx_word' id='word_1_747' title='bbox 2549 4448 2825 4516; x_wconf 89' lang='lat' dir='ltr'><strong>perhibuit</strong></span> <span class='ocrx_word' id='word_1_748' title='bbox 2847 4447 3090 4506; x_wconf 79' lang='lat' dir='ltr'><strong>Joannes</strong></span> <span class='ocrx_word' id='word_1_749' title='bbox 3115 4451 3303 4508; x_wconf 87' lang='lat' dir='ltr'><strong>dicens</strong></span> <span class='ocrx_word' id='word_1_750' title='bbox 3328 4470 3342 4506; x_wconf 91' lang='lat'><strong>:</strong></span> <span class='ocrx_word' id='word_1_751' title='bbox 3369 4451 3506 4521; x_wconf 87' lang='lat' dir='ltr'><strong>Quia</strong></span> 
     </span>
    </p>
   </div>
   <div class='ocr_carea' id='block_1_90' title="bbox 231 4539 1822 4618">
    <p class='ocr_par' dir='ltr' id='par_1_90' title="bbox 231 4543 1820 4618">
     <span class='ocr_line' id='line_1_90' title="bbox 231 4543 1820 4618; baseline -0.003 -17"><span class='ocrx_word' id='word_1_752' title='bbox 231 4565 335 4618; x_wconf 81' lang='grc' dir='ltr'><strong>μαι</strong></span> <span class='ocrx_word' id='word_1_753' title='bbox 362 4546 424 4600; x_wconf 79' lang='grc' dir='ltr'><strong>τὸ</strong></span> <span class='ocrx_word' id='word_1_754' title='bbox 449 4545 677 4616; x_wconf 81' lang='grc' dir='ltr'><strong>Πνεῦμα</strong></span> <span class='ocrx_word' id='word_1_755' title='bbox 728 4545 1064 4599; x_wconf 75' lang='grc' dir='ltr'><strong>καταϐαῖνον</strong></span> <span class='ocrx_word' id='word_1_756' title='bbox 1098 4546 1233 4598; x_wconf 83' lang='grc' dir='ltr'><strong>ώσεὶ</strong></span> <span class='ocrx_word' id='word_1_757' title='bbox 1276 4543 1609 4616; x_wconf 70' lang='grc' dir='ltr'><strong>περιστερὰν</strong></span> <span class='ocrx_word' id='word_1_758' title='bbox 1640 4543 1701 4608; x_wconf 71' lang='grc' dir='ltr'>ἐξ</span> <span class='ocrx_word' id='word_1_759' title='bbox 1726 4544 1820 4597; x_wconf 78' lang='grc' dir='ltr'><strong>ού-</strong></span> 
     </span>
    </p>
   </div>
   <div class='ocr_carea' id='block_1_91' title="bbox 1926 4539 3506 4618">
    <p class='ocr_par' dir='ltr' id='par_1_91' title="bbox 1926 4539 3506 4612">
     <span class='ocr_line' id='line_1_91' title="bbox 1926 4539 3506 4612; baseline 0.003 -19"><span class='ocrx_word' id='word_1_760' title='bbox 1926 4539 2029 4594; x_wconf 87' lang='lat' dir='ltr'><strong>vidi</strong></span> <span class='ocrx_word' id='word_1_761' title='bbox 2086 4539 2347 4609; x_wconf 84' lang='lat' dir='ltr'><strong>Spiritum</strong></span> <span class='ocrx_word' id='word_1_762' title='bbox 2396 4539 2818 4612; x_wconf 78' lang='lat' dir='ltr'><strong>descendentem</strong></span> <span class='ocrx_word' id='word_1_763' title='bbox 2871 4541 3027 4611; x_wconf 87' lang='lat' dir='ltr'><strong>quasi</strong></span> <span class='ocrx_word' id='word_1_764' title='bbox 3080 4542 3388 4599; x_wconf 84' lang='lat' dir='ltr'><strong>columbam</strong></span> <span class='ocrx_word' id='word_1_765' title='bbox 3437 4545 3506 4597; x_wconf 90' lang='lat' dir='ltr'><strong>de</strong></span> 
     </span>
    </p>
   </div>
   <div class='ocr_carea' id='block_1_92' title="bbox 228 4635 1819 4710">
    <p class='ocr_par' dir='ltr' id='par_1_92' title="bbox 228 4635 1819 4710">
     <span class='ocr_line' id='line_1_92' title="bbox 228 4635 1819 4710; baseline -0.003 -18"><span class='ocrx_word' id='word_1_766' title='bbox 228 4637 425 4710; x_wconf 80' lang='grc' dir='ltr'><strong>ρανοῦ,</strong></span> <span class='ocrx_word' id='word_1_767' title='bbox 456 4638 547 4691; x_wconf 75' lang='grc' dir='ltr'><strong>καὶ</strong></span> <span class='ocrx_word' id='word_1_768' title='bbox 585 4637 747 4708; x_wconf 82' lang='grc' dir='ltr'><strong>μένον</strong></span> <span class='ocrx_word' id='word_1_769' title='bbox 781 4637 868 4690; x_wconf 68' lang='grc' dir='ltr'><strong>ἐπ’</strong></span> <span class='ocrx_word' id='word_1_770' title='bbox 896 4636 1059 4691; x_wconf 81' lang='grc' dir='ltr'><strong>αὐτόν</strong></span> <span class='ocrx_word' id='word_1_771' title='bbox 1079 4652 1095 4669; x_wconf 74' lang='grc'><strong><em>⁸</em></strong></span> <span class='ocrx_word' id='word_1_772' title='bbox 1127 4636 1282 4705; x_wconf 79' lang='grc' dir='ltr'><strong>κάγὼ</strong></span> <span class='ocrx_word' id='word_1_773' title='bbox 1312 4636 1368 4689; x_wconf 85' lang='grc' dir='ltr'><strong>δὲ</strong></span> <span class='ocrx_word' id='word_1_774' title='bbox 1407 4636 1509 4689; x_wconf 78' lang='grc' dir='ltr'><strong>οὐκ</strong></span> <span class='ocrx_word' id='word_1_775' title='bbox 1538 4635 1685 4706; x_wconf 71' lang='grc' dir='ltr'><strong>ᾔδειν</strong></span> <span class='ocrx_word' id='word_1_776' title='bbox 1718 4636 1819 4687; x_wconf 83' lang='grc' dir='ltr'><strong>αὐ-</strong></span> 
     </span>
    </p>
   </div>
   <div class='ocr_carea' id='block_1_93' title="bbox 228 4726 1822 4798">
    <p class='ocr_par' dir='ltr' id='par_1_93' title="bbox 228 4726 1822 4798">
     <span class='ocr_line' id='line_1_93' title="bbox 228 4726 1822 4798; baseline -0.002 -14"><span class='ocrx_word' id='word_1_777' title='bbox 228 4731 359 4784; x_wconf 79' lang='grc' dir='ltr'><strong>τόν’</strong></span> <span class='ocrx_word' id='word_1_778' title='bbox 413 4727 525 4781; x_wconf 80' lang='grc' dir='ltr'><strong>ἀλλ’</strong></span> <span class='ocrx_word' id='word_1_779' title='bbox 558 4731 586 4782; x_wconf 84' lang='grc' dir='ltr'>ὁ</span> <span class='ocrx_word' id='word_1_780' title='bbox 614 4728 840 4798; x_wconf 73' lang='grc' dir='ltr'><strong>πέμψας</strong></span> <span class='ocrx_word' id='word_1_781' title='bbox 899 4745 965 4798; x_wconf 88' lang='grc' dir='ltr'><strong>με</strong></span> <span class='ocrx_word' id='word_1_782' title='bbox 1005 4727 1289 4798; x_wconf 74' lang='grc' dir='ltr'><strong>βαπτίζειν</strong></span> <span class='ocrx_word' id='word_1_783' title='bbox 1314 4728 1375 4781; x_wconf 80' lang='grc' dir='ltr'><strong>ὲν</strong></span> <span class='ocrx_word' id='word_1_784' title='bbox 1410 4726 1588 4791; x_wconf 68' lang='grc' dir='ltr'><strong>ὕδατι,</strong></span> <span class='ocrx_word' id='word_1_785' title='bbox 1612 4728 1822 4791; x_wconf 69' lang='grc' dir='ltr'><strong>ἐκεῖνός</strong></span> 
     </span>
    </p>
   </div>
   <div class='ocr_carea' id='block_1_94' title="bbox 232 4817 1817 4894">
    <p class='ocr_par' dir='ltr' id='par_1_94' title="bbox 232 4817 1817 4894">
     <span class='ocr_line' id='line_1_94' title="bbox 232 4817 1817 4894; baseline -0.003 -19"><span class='ocrx_word' id='word_1_786' title='bbox 232 4840 327 4894; x_wconf 85' lang='grc' dir='ltr'><strong>μοι</strong></span> <span class='ocrx_word' id='word_1_787' title='bbox 377 4817 561 4875; x_wconf 76' lang='grc' dir='ltr'><strong>εἶπενο</strong></span> <span class='ocrx_word' id='word_1_788' title='bbox 598 4819 715 4890; x_wconf 77' lang='grc' dir='ltr'><strong>Ἐφ’</strong></span> <span class='ocrx_word' id='word_1_789' title='bbox 740 4820 799 4874; x_wconf 80' lang='grc' dir='ltr'><strong>ὃν</strong></span> <span class='ocrx_word' id='word_1_790' title='bbox 840 4820 907 4874; x_wconf 82' lang='grc' dir='ltr'><strong>ἂν</strong></span> <span class='ocrx_word' id='word_1_791' title='bbox 932 4819 1049 4891; x_wconf 76' lang='grc' dir='ltr'><strong>ἴδῃς</strong></span> <span class='ocrx_word' id='word_1_792' title='bbox 1092 4818 1152 4872; x_wconf 82' lang='grc' dir='ltr'><strong>τὸ</strong></span> <span class='ocrx_word' id='word_1_793' title='bbox 1194 4818 1420 4889; x_wconf 83' lang='grc' dir='ltr'><strong>Πνεῦμα</strong></span> <span class='ocrx_word' id='word_1_794' title='bbox 1465 4817 1817 4880; x_wconf 75' lang='grc' dir='ltr'><strong>καταϐαῖνον,</strong></span> 
     </span>
    </p>
   </div>
   <div class='ocr_carea' id='block_1_95' title="bbox 230 4905 1818 4985">
    <p class='ocr_par' dir='ltr' id='par_1_95' title="bbox 230 4905 1818 4985">
     <span class='ocr_line' id='line_1_95' title="bbox 230 4905 1818 4985; baseline -0.003 -18"><span class='ocrx_word' id='word_1_795' title='bbox 230 4915 331 4968; x_wconf 63' lang='grc' dir='ltr'><strong>καὶ</strong></span> <span class='ocrx_word' id='word_1_796' title='bbox 362 4914 522 4985; x_wconf 79' lang='grc' dir='ltr'><strong>μένον</strong></span> <span class='ocrx_word' id='word_1_797' title='bbox 554 4912 641 4966; x_wconf 69' lang='grc' dir='ltr'><strong>ἔπ’</strong></span> <span class='ocrx_word' id='word_1_798' title='bbox 670 4911 852 4977; x_wconf 80' lang='grc' dir='ltr'><strong>αὑτὸν,</strong></span> <span class='ocrx_word' id='word_1_799' title='bbox 894 4905 1049 4972; x_wconf 65' lang='grc' dir='ltr'><strong>οὗτός</strong></span> <span class='ocrx_word' id='word_1_800' title='bbox 1093 4911 1240 4966; x_wconf 71' lang='grc' dir='ltr'><strong>ἐστιν</strong></span> <span class='ocrx_word' id='word_1_801' title='bbox 1268 4912 1296 4965; x_wconf 92' lang='lat'><strong>6</strong></span> <span class='ocrx_word' id='word_1_802' title='bbox 1329 4909 1608 4982; x_wconf 74' lang='grc' dir='ltr'><strong>βαπτίζων</strong></span> <span class='ocrx_word' id='word_1_803' title='bbox 1655 4910 1714 4963; x_wconf 79' lang='grc' dir='ltr'><strong>ὲν</strong></span> <span class='ocrx_word' id='word_1_804' title='bbox 1740 4908 1818 4980; x_wconf 81' lang='grc' dir='ltr'><strong>τῷ</strong></span> 
     </span>
    </p>
   </div>
   <div class='ocr_carea' id='block_1_96' title="bbox 231 5000 1822 5075">
    <p class='ocr_par' dir='ltr' id='par_1_96' title="bbox 231 5000 1822 5075">
     <span class='ocr_line' id='line_1_96' title="bbox 231 5000 1822 5075; baseline -0.003 -17"><span class='ocrx_word' id='word_1_805' title='bbox 231 5003 514 5074; x_wconf 83' lang='grc' dir='ltr'><strong>Πνεύματι</strong></span> <span class='ocrx_word' id='word_1_806' title='bbox 562 5002 850 5075; x_wconf 72' lang='grc' dir='ltr'><strong>τῷιὰγίῳ.</strong></span> <span class='ocrx_word' id='word_1_807' title='bbox 883 5002 1055 5071; x_wconf 81' lang='grc' dir='ltr'><strong>Κάγὼ</strong></span> <span class='ocrx_word' id='word_1_808' title='bbox 1105 5002 1347 5074; x_wconf 79' lang='grc' dir='ltr'><strong>ἑώρακα,</strong></span> <span class='ocrx_word' id='word_1_809' title='bbox 1392 5001 1489 5057; x_wconf 76' lang='grc' dir='ltr'><strong>καὶ</strong></span> <span class='ocrx_word' id='word_1_810' title='bbox 1538 5000 1822 5072; x_wconf 84' lang='grc' dir='ltr'><strong>μεμαρτύ-</strong></span> 
     </span>
    </p>
   </div>
   <div class='ocr_carea' id='block_1_97' title="bbox 233 5089 1822 5167">
    <p class='ocr_par' dir='ltr' id='par_1_97' title="bbox 233 5089 1822 5167">
     <span class='ocr_line' id='line_1_97' title="bbox 233 5089 1822 5167; baseline -0.003 -19"><span class='ocrx_word' id='word_1_811' title='bbox 233 5111 380 5167; x_wconf 84' lang='grc' dir='ltr'><strong>ρηκα</strong></span> <span class='ocrx_word' id='word_1_812' title='bbox 413 5096 496 5149; x_wconf 82' lang='grc' dir='ltr'><strong>ὅτι</strong></span> <span class='ocrx_word' id='word_1_813' title='bbox 523 5089 677 5156; x_wconf 74' lang='grc' dir='ltr'><strong>οὗτός</strong></span> <span class='ocrx_word' id='word_1_814' title='bbox 698 5095 846 5148; x_wconf 78' lang='grc' dir='ltr'><strong>ἐστιν</strong></span> <span class='ocrx_word' id='word_1_815' title='bbox 875 5095 902 5148; x_wconf 81' lang='lat'><strong>6</strong></span> <span class='ocrx_word' id='word_1_816' title='bbox 931 5093 1061 5157; x_wconf 74' lang='grc' dir='ltr'><strong>Υἱὸς</strong></span> <span class='ocrx_word' id='word_1_817' title='bbox 1088 5092 1183 5148; x_wconf 88' lang='grc' dir='ltr'><strong>τοῦ</strong></span> <span class='ocrx_word' id='word_1_818' title='bbox 1209 5092 1365 5148; x_wconf 82' lang='grc' dir='ltr'><strong>Θεοῦ.</strong></span> <span class='ocrx_word' id='word_1_819' title='bbox 1404 5111 1424 5145; x_wconf 81' lang='grc'><strong>›</strong></span> <span class='ocrx_word' id='word_1_820' title='bbox 1462 5092 1603 5163; x_wconf 79' lang='grc' dir='ltr'><strong>ὀρα</strong></span> <span class='ocrx_word' id='word_1_821' title='bbox 1633 5090 1822 5161; x_wconf 78' lang='grc' dir='ltr'><strong>σαφῶς</strong></span> 
     </span>
    </p>
   </div>
   <div class='ocr_carea' id='block_1_98' title="bbox 231 5184 1821 5257">
    <p class='ocr_par' dir='ltr' id='par_1_98' title="bbox 231 5184 1821 5257">
     <span class='ocr_line' id='line_1_98' title="bbox 231 5184 1821 5257; baseline -0.001 -18"><span class='ocrx_word' id='word_1_822' title='bbox 231 5204 294 5239; x_wconf 84' lang='grc' dir='ltr'><strong>τε</strong></span> <span class='ocrx_word' id='word_1_823' title='bbox 325 5186 419 5240; x_wconf 72' lang='grc' dir='ltr'><strong>καὶ</strong></span> <span class='ocrx_word' id='word_1_824' title='bbox 450 5187 697 5257; x_wconf 78' lang='grc' dir='ltr'><strong>ἐναργῶς</strong></span> <span class='ocrx_word' id='word_1_825' title='bbox 724 5188 783 5239; x_wconf 83' lang='grc' dir='ltr'><strong>ὲν</strong></span> <span class='ocrx_word' id='word_1_826' title='bbox 812 5187 1024 5249; x_wconf 87' lang='grc' dir='ltr'><strong>τούτοις</strong></span> <span class='ocrx_word' id='word_1_827' title='bbox 1051 5185 1146 5241; x_wconf 74' lang='grc' dir='ltr'><strong>τὸν</strong></span> <span class='ocrx_word' id='word_1_828' title='bbox 1174 5185 1380 5257; x_wconf 78' lang='grc' dir='ltr'><strong>Κύριον</strong></span> <span class='ocrx_word' id='word_1_829' title='bbox 1410 5184 1568 5256; x_wconf 80' lang='grc' dir='ltr'><strong>ήμῶν</strong></span> <span class='ocrx_word' id='word_1_830' title='bbox 1610 5185 1821 5256; x_wconf 83' lang='grc' dir='ltr'><strong>Ἰησοῦν</strong></span> 
     </span>
    </p>
   </div>
   <div class='ocr_carea' id='block_1_99' title="bbox 232 5274 1821 5349">
    <p class='ocr_par' dir='ltr' id='par_1_99' title="bbox 232 5274 1821 5349">
     <span class='ocr_line' id='line_1_99' title="bbox 232 5274 1821 5349; baseline 0 -19"><span class='ocrx_word' id='word_1_831' title='bbox 232 5276 325 5330; x_wconf 76' lang='grc' dir='ltr'><strong>τὸν</strong></span> <span class='ocrx_word' id='word_1_832' title='bbox 356 5277 612 5346; x_wconf 76' lang='grc' dir='ltr'><strong>Χριστὸν,</strong></span> <span class='ocrx_word' id='word_1_833' title='bbox 637 5276 926 5348; x_wconf 88' lang='grc' dir='ltr'><strong>δεχόμενον</strong></span> <span class='ocrx_word' id='word_1_834' title='bbox 959 5277 1057 5349; x_wconf 78' lang='grc' dir='ltr'><strong>μὲν</strong></span> <span class='ocrx_word' id='word_1_835' title='bbox 1100 5275 1463 5347; x_wconf 79' lang='grc' dir='ltr'><strong>ἀνθρωπίνως</strong></span> <span class='ocrx_word' id='word_1_836' title='bbox 1502 5275 1563 5328; x_wconf 82' lang='grc' dir='ltr'><strong>τὸ</strong></span> <span class='ocrx_word' id='word_1_837' title='bbox 1595 5274 1821 5346; x_wconf 80' lang='grc' dir='ltr'><strong>Πνεῦμα</strong></span> 
     </span>
    </p>
   </div>
   <div class='ocr_carea' id='block_1_100' title="bbox 233 5365 1814 5441">
    <p class='ocr_par' dir='ltr' id='par_1_100' title="bbox 233 5365 1814 5441">
     <span class='ocr_line' id='line_1_100' title="bbox 233 5365 1814 5441; baseline -0.003 -18"><span class='ocrx_word' id='word_1_838' title='bbox 233 5368 323 5424; x_wconf 78' lang='grc' dir='ltr'><strong>διὰ</strong></span> <span class='ocrx_word' id='word_1_839' title='bbox 350 5369 449 5440; x_wconf 78' lang='grc' dir='ltr'><strong>τὴν</strong></span> <span class='ocrx_word' id='word_1_840' title='bbox 482 5370 620 5440; x_wconf 81' lang='grc' dir='ltr'><strong>μετά</strong></span> <span class='ocrx_word' id='word_1_841' title='bbox 651 5368 852 5441; x_wconf 75' lang='grc' dir='ltr'><strong>σαρκὸς</strong></span> <span class='ocrx_word' id='word_1_842' title='bbox 892 5368 1205 5441; x_wconf 75' lang='grc' dir='ltr'><strong>οἰκονομίαν</strong></span> <span class='ocrx_word' id='word_1_843' title='bbox 1248 5367 1530 5440; x_wconf 84' lang='grc' dir='ltr'><strong>(πλούσιος</strong></span> <span class='ocrx_word' id='word_1_844' title='bbox 1577 5366 1687 5439; x_wconf 74' lang='grc' dir='ltr'><strong>γὰρ</strong></span> <span class='ocrx_word' id='word_1_845' title='bbox 1715 5365 1814 5432; x_wconf 84' lang='grc' dir='ltr'><strong>ὣν,</strong></span> 
     </span>
    </p>
   </div>
   <div class='ocr_carea' id='block_1_101' title="bbox 1927 4630 3507 4703">
    <p class='ocr_par' dir='ltr' id='par_1_101' title="bbox 1927 4630 3507 4703">
     <span class='ocr_line' id='line_1_101' title="bbox 1927 4630 3507 4703; baseline 0.001 -17"><span class='ocrx_word' id='word_1_846' title='bbox 1927 4631 2092 4697; x_wconf 66' lang='lat' dir='ltr'><strong>resin,</strong></span> <span class='ocrx_word' id='word_1_847' title='bbox 2135 4640 2190 4685; x_wconf 88' lang='lat' dir='ltr'><strong>et</strong></span> <span class='ocrx_word' id='word_1_848' title='bbox 2254 4630 2455 4684; x_wconf 82' lang='lat' dir='ltr'><strong>mansit</strong></span> <span class='ocrx_word' id='word_1_849' title='bbox 2514 4645 2679 4703; x_wconf 85' lang='lat' dir='ltr'><strong>super</strong></span> <span class='ocrx_word' id='word_1_850' title='bbox 2741 4647 2887 4686; x_wconf 91' lang='lat' dir='ltr'><strong>eum.</strong></span> <span class='ocrx_word' id='word_1_851' title='bbox 2947 4631 3014 4687; x_wconf 88' lang='lat' dir='ltr'><strong>Et</strong></span> <span class='ocrx_word' id='word_1_852' title='bbox 3058 4648 3159 4703; x_wconf 83' lang='lat' dir='ltr'><strong>ego</strong></span> <span class='ocrx_word' id='word_1_853' title='bbox 3202 4634 3507 4689; x_wconf 84' lang='lat' dir='ltr'><strong>nesciebam</strong></span> 
     </span>
    </p>
   </div>
   <div class='ocr_carea' id='block_1_102' title="bbox 1926 4724 3506 4795">
    <p class='ocr_par' dir='ltr' id='par_1_102' title="bbox 1926 4724 3506 4795">
     <span class='ocr_line' id='line_1_102' title="bbox 1926 4724 3506 4795; baseline 0.001 -15"><span class='ocrx_word' id='word_1_854' title='bbox 1926 4740 2048 4780; x_wconf 84' lang='lat' dir='ltr'><strong>eum</strong></span> <span class='ocrx_word' id='word_1_855' title='bbox 2079 4742 2093 4778; x_wconf 89' lang='lat'><strong>:</strong></span> <span class='ocrx_word' id='word_1_856' title='bbox 2121 4726 2215 4780; x_wconf 81' lang='lat' dir='ltr'><strong>sed</strong></span> <span class='ocrx_word' id='word_1_857' title='bbox 2246 4724 2341 4795; x_wconf 91' lang='lat' dir='ltr'><strong>qui</strong></span> <span class='ocrx_word' id='word_1_858' title='bbox 2375 4724 2528 4778; x_wconf 90' lang='lat' dir='ltr'><strong>misit</strong></span> <span class='ocrx_word' id='word_1_859' title='bbox 2559 4740 2645 4779; x_wconf 90' lang='lat' dir='ltr'><strong>me</strong></span> <span class='ocrx_word' id='word_1_860' title='bbox 2673 4726 2951 4794; x_wconf 83' lang='lat' dir='ltr'><strong>baptizare</strong></span> <span class='ocrx_word' id='word_1_861' title='bbox 2983 4726 3034 4780; x_wconf 90' lang='lat' dir='ltr'><strong>in</strong></span> <span class='ocrx_word' id='word_1_862' title='bbox 3064 4740 3229 4794; x_wconf 85' lang='lat' dir='ltr'><strong>aqua,</strong></span> <span class='ocrx_word' id='word_1_863' title='bbox 3257 4726 3347 4780; x_wconf 90' lang='lat' dir='ltr'><strong>ille</strong></span> <span class='ocrx_word' id='word_1_864' title='bbox 3376 4728 3506 4781; x_wconf 89' lang='lat' dir='ltr'><strong>mihi</strong></span> 
     </span>
    </p>
   </div>
   <div class='ocr_carea' id='block_1_103' title="bbox 1927 4811 3507 4885">
    <p class='ocr_par' dir='ltr' id='par_1_103' title="bbox 1927 4811 3507 4885">
     <span class='ocr_line' id='line_1_103' title="bbox 1927 4811 3507 4885; baseline -0.001 -14"><span class='ocrx_word' id='word_1_865' title='bbox 1927 4817 2063 4871; x_wconf 80' lang='lat' dir='ltr'><strong>dixit</strong></span> <span class='ocrx_word' id='word_1_866' title='bbox 2088 4834 2101 4870; x_wconf 91' lang='lat'><strong>:</strong></span> <span class='ocrx_word' id='word_1_867' title='bbox 2130 4816 2307 4885; x_wconf 88' lang='lat' dir='ltr'><strong>Super</strong></span> <span class='ocrx_word' id='word_1_868' title='bbox 2331 4831 2493 4883; x_wconf 88' lang='lat' dir='ltr'><strong>quem</strong></span> <span class='ocrx_word' id='word_1_869' title='bbox 2522 4811 2722 4871; x_wconf 78' lang='lat' dir='ltr'><strong>videris</strong></span> <span class='ocrx_word' id='word_1_870' title='bbox 2754 4816 3020 4885; x_wconf 90' lang='lat' dir='ltr'><strong>Spiritum</strong></span> <span class='ocrx_word' id='word_1_871' title='bbox 3051 4817 3472 4872; x_wconf 85' lang='lat' dir='ltr'><strong>descemleutem</strong></span> <span class='ocrx_word' id='word_1_872' title='bbox 3492 4860 3507 4881; x_wconf 86' lang='lat'><strong>,</strong></span> 
     </span>
    </p>
   </div>
   <div class='ocr_carea' id='block_1_104' title="bbox 1928 4907 3511 4977">
    <p class='ocr_par' dir='ltr' id='par_1_104' title="bbox 1928 4907 3511 4977">
     <span class='ocr_line' id='line_1_104' title="bbox 1928 4907 3511 4977; baseline -0.003 -12"><span class='ocrx_word' id='word_1_873' title='bbox 1928 4918 1983 4965; x_wconf 88' lang='lat' dir='ltr'><strong>et</strong></span> <span class='ocrx_word' id='word_1_874' title='bbox 2008 4916 2313 4964; x_wconf 87' lang='lat' dir='ltr'><strong>manentem</strong></span> <span class='ocrx_word' id='word_1_875' title='bbox 2341 4923 2508 4977; x_wconf 74' lang='lat' dir='ltr'><strong>super</strong></span> <span class='ocrx_word' id='word_1_876' title='bbox 2528 4922 2674 4974; x_wconf 89' lang='lat' dir='ltr'><strong>eum,</strong></span> <span class='ocrx_word' id='word_1_877' title='bbox 2700 4907 2789 4963; x_wconf 81' lang='lat' dir='ltr'><strong>hic</strong></span> <span class='ocrx_word' id='word_1_878' title='bbox 2812 4918 2895 4962; x_wconf 89' lang='lat' dir='ltr'><strong>est</strong></span> <span class='ocrx_word' id='word_1_879' title='bbox 2920 4908 3010 4977; x_wconf 88' lang='lat' dir='ltr'><strong>qui</strong></span> <span class='ocrx_word' id='word_1_880' title='bbox 3041 4908 3281 4977; x_wconf 86' lang='lat' dir='ltr'><strong>baptizat</strong></span> <span class='ocrx_word' id='word_1_881' title='bbox 3306 4909 3357 4962; x_wconf 90' lang='lat' dir='ltr'><strong>in</strong></span> <span class='ocrx_word' id='word_1_882' title='bbox 3386 4908 3511 4977; x_wconf 90' lang='lat' dir='ltr'><strong>Spi-</strong></span> 
     </span>
    </p>
   </div>
   <div class='ocr_carea' id='block_1_105' title="bbox 1928 4997 3507 5069">
    <p class='ocr_par' dir='ltr' id='par_1_105' title="bbox 1928 4997 3507 5069">
     <span class='ocr_line' id='line_1_105' title="bbox 1928 4997 3507 5069; baseline -0.002 -13"><span class='ocrx_word' id='word_1_883' title='bbox 1928 5001 2035 5056; x_wconf 90' lang='lat' dir='ltr'><strong>ritu</strong></span> <span class='ocrx_word' id='word_1_884' title='bbox 2074 5009 2284 5056; x_wconf 87' lang='lat' dir='ltr'><strong>sancto.</strong></span> <span class='ocrx_word' id='word_1_885' title='bbox 2324 5000 2390 5053; x_wconf 84' lang='lat' dir='ltr'><strong>Et</strong></span> <span class='ocrx_word' id='word_1_886' title='bbox 2427 5014 2526 5067; x_wconf 81' lang='lat' dir='ltr'><strong>ego</strong></span> <span class='ocrx_word' id='word_1_887' title='bbox 2562 4999 2707 5060; x_wconf 91' lang='lat' dir='ltr'><strong>vidi,</strong></span> <span class='ocrx_word' id='word_1_888' title='bbox 2745 5007 2802 5053; x_wconf 90' lang='lat' dir='ltr'><strong>et</strong></span> <span class='ocrx_word' id='word_1_889' title='bbox 2844 4997 3217 5054; x_wconf 89' lang='lat' dir='ltr'><strong>testimonium</strong></span> <span class='ocrx_word' id='word_1_890' title='bbox 3257 4999 3507 5069; x_wconf 89' lang='lat' dir='ltr'><strong>perhibui</strong></span> 
     </span>
    </p>
   </div>
   <div class='ocr_carea' id='block_1_106' title="bbox 1928 5087 3506 5163">
    <p class='ocr_par' dir='ltr' id='par_1_106' title="bbox 1928 5087 3506 5163">
     <span class='ocr_line' id='line_1_106' title="bbox 1928 5087 3506 5163; baseline -0.002 -17"><span class='ocrx_word' id='word_1_891' title='bbox 1928 5091 2058 5163; x_wconf 80' lang='lat' dir='ltr'><strong>quia</strong></span> <span class='ocrx_word' id='word_1_892' title='bbox 2088 5099 2170 5145; x_wconf 89' lang='lat' dir='ltr'><strong>est</strong></span> <span class='ocrx_word' id='word_1_893' title='bbox 2200 5089 2370 5144; x_wconf 87' lang='lat' dir='ltr'><strong>Filius</strong></span> <span class='ocrx_word' id='word_1_894' title='bbox 2402 5089 2494 5143; x_wconf 83' lang='lat' dir='ltr'><strong>Dei</strong></span> <span class='ocrx_word' id='word_1_895' title='bbox 2515 5091 2586 5143; x_wconf 84' lang='grc'><strong>²¹.</strong></span> <span class='ocrx_word' id='word_1_896' title='bbox 2623 5108 2643 5140; x_wconf 75' lang='grc' dir='ltr'><strong>ο</strong></span> <span class='ocrx_word' id='word_1_897' title='bbox 2676 5087 2753 5141; x_wconf 83' lang='grc' dir='ltr'><strong>Ειι</strong></span> <span class='ocrx_word' id='word_1_898' title='bbox 2786 5096 3077 5157; x_wconf 85' lang='lat' dir='ltr'><strong>utrumque</strong></span> <span class='ocrx_word' id='word_1_899' title='bbox 3106 5087 3253 5144; x_wconf 85' lang='lat' dir='ltr'><strong>clare</strong></span> <span class='ocrx_word' id='word_1_900' title='bbox 3282 5089 3506 5144; x_wconf 86' lang='lat' dir='ltr'><strong>eviden-</strong></span> 
     </span>
    </p>
   </div>
   <div class='ocr_carea' id='block_1_107' title="bbox 1926 5179 3507 5252">
    <p class='ocr_par' dir='ltr' id='par_1_107' title="bbox 1926 5179 3507 5252">
     <span class='ocr_line' id='line_1_107' title="bbox 1926 5179 3507 5252; baseline 0 -15"><span class='ocrx_word' id='word_1_901' title='bbox 1926 5191 2115 5252; x_wconf 89' lang='lat' dir='ltr'><strong>terque</strong></span> <span class='ocrx_word' id='word_1_902' title='bbox 2144 5192 2409 5236; x_wconf 88' lang='lat' dir='ltr'><strong>assertum</strong></span> <span class='ocrx_word' id='word_1_903' title='bbox 2442 5180 2529 5235; x_wconf 91' lang='lat' dir='ltr'><strong>hic</strong></span> <span class='ocrx_word' id='word_1_904' title='bbox 2558 5179 2758 5245; x_wconf 89' lang='lat' dir='ltr'><strong>habes;</strong></span> <span class='ocrx_word' id='word_1_905' title='bbox 2782 5194 2981 5251; x_wconf 89' lang='lat' dir='ltr'><strong>nempe</strong></span> <span class='ocrx_word' id='word_1_906' title='bbox 3010 5181 3295 5234; x_wconf 89' lang='lat' dir='ltr'><strong>Dominum</strong></span> <span class='ocrx_word' id='word_1_907' title='bbox 3318 5179 3507 5237; x_wconf 85' lang='lat' dir='ltr'><strong>.lesum</strong></span> 
     </span>
    </p>
   </div>
   <div class='ocr_carea' id='block_1_108' title="bbox 1923 5271 3507 5343">
    <p class='ocr_par' dir='ltr' id='par_1_108' title="bbox 1923 5271 3507 5343">
     <span class='ocr_line' id='line_1_108' title="bbox 1923 5271 3507 5343; baseline -0.001 -14"><span class='ocrx_word' id='word_1_908' title='bbox 1923 5274 2199 5329; x_wconf 86' lang='lat' dir='ltr'><strong>Christum</strong></span> <span class='ocrx_word' id='word_1_909' title='bbox 2248 5281 2467 5343; x_wconf 82' lang='lat' dir='ltr'><strong>propter</strong></span> <span class='ocrx_word' id='word_1_910' title='bbox 2511 5271 2692 5327; x_wconf 90' lang='lat' dir='ltr'><strong>carnis</strong></span> <span class='ocrx_word' id='word_1_911' title='bbox 2737 5271 2954 5342; x_wconf 88' lang='lat' dir='ltr'><strong>quidem</strong></span> <span class='ocrx_word' id='word_1_912' title='bbox 3003 5272 3393 5338; x_wconf 66' lang='lat' dir='ltr'><strong>oeconomiam,</strong></span> <span class='ocrx_word' id='word_1_913' title='bbox 3445 5282 3507 5328; x_wconf 85' lang='lat' dir='ltr'><strong>ut</strong></span> 
     </span>
    </p>
   </div>
   <div class='ocr_carea' id='block_1_109' title="bbox 1928 5362 3509 5437">
    <p class='ocr_par' dir='ltr' id='par_1_109' title="bbox 1928 5362 3509 5437">
     <span class='ocr_line' id='line_1_109' title="bbox 1928 5362 3509 5437; baseline -0.005 -13"><span class='ocrx_word' id='word_1_914' title='bbox 1928 5364 2088 5437; x_wconf 68' lang='grc'><strong>114</strong></span> <span class='ocrx_word' id='word_1_915' title='bbox 2120 5364 2396 5420; x_wconf 87' lang='lat' dir='ltr'><strong>hominem</strong></span> <span class='ocrx_word' id='word_1_916' title='bbox 2432 5362 2693 5431; x_wconf 84' lang='lat' dir='ltr'><strong>Spiritum</strong></span> <span class='ocrx_word' id='word_1_917' title='bbox 2730 5371 2979 5418; x_wconf 90' lang='lat' dir='ltr'><strong>sanctum</strong></span> <span class='ocrx_word' id='word_1_918' title='bbox 3014 5362 3293 5434; x_wconf 85' lang='lat' dir='ltr'><strong>accipere,</strong></span> <span class='ocrx_word' id='word_1_919' title='bbox 3328 5362 3509 5433; x_wconf 84' lang='lat' dir='ltr'><strong>siqui-</strong></span> 
     </span>
    </p>
   </div>
   <div class='ocr_carea' id='block_1_110' title="bbox 314 5518 1822 5599">
    <p class='ocr_par' dir='ltr' id='par_1_110' title="bbox 314 5523 1822 5599">
     <span class='ocr_line' id='line_1_110' title="bbox 314 5523 1822 5599; baseline -0.001 -19"><span class='ocrx_word' id='word_1_920' title='bbox 314 5527 359 5559; x_wconf 81' lang='lat'>“</span> <span class='ocrx_word' id='word_1_921' title='bbox 380 5525 572 5581; x_wconf 80' lang='lat' dir='ltr'><strong>Joau.i</strong></span> <span class='ocrx_word' id='word_1_922' title='bbox 602 5528 681 5582; x_wconf 68' lang='lat' dir='ltr'><strong>t4.</strong></span> <span class='ocrx_word' id='word_1_923' title='bbox 744 5529 785 5560; x_wconf 74' lang='lat'><strong>’7</strong></span> <span class='ocrx_word' id='word_1_924' title='bbox 812 5526 975 5586; x_wconf 76' lang='lat' dir='ltr'><strong>Hebr.</strong></span> <span class='ocrx_word' id='word_1_925' title='bbox 999 5525 1168 5599; x_wconf 67' lang='lat'><strong>&quot;,14.</strong></span> <span class='ocrx_word' id='word_1_926' title='bbox 1221 5525 1265 5559; x_wconf 81' lang='grc'>¹⁸</span> <span class='ocrx_word' id='word_1_927' title='bbox 1288 5523 1508 5594; x_wconf 80' lang='lat' dir='ltr'><strong>Joan.t,</strong></span> <span class='ocrx_word' id='word_1_928' title='bbox 1544 5525 1628 5589; x_wconf 78' lang='lat' dir='ltr'><strong>t5,</strong></span> <span class='ocrx_word' id='word_1_929' title='bbox 1666 5523 1751 5580; x_wconf 79' lang='grc'><strong>16.</strong></span> <span class='ocrx_word' id='word_1_930' title='bbox 1795 5524 1822 5555; x_wconf 80' lang='lat'>&quot;</span> 
     </span>
    </p>
   </div>
   <div class='ocr_carea' id='block_1_111' title="bbox 1926 5518 3505 5599">
    <p class='ocr_par' dir='ltr' id='par_1_111' title="bbox 1926 5518 3505 5591">
     <span class='ocr_line' id='line_1_111' title="bbox 1926 5518 3505 5591; baseline 0.001 -13"><span class='ocrx_word' id='word_1_931' title='bbox 1926 5539 1965 5578; x_wconf 73' lang='grc' dir='ltr'><strong>ι.</strong></span> <span class='ocrx_word' id='word_1_932' title='bbox 1995 5538 2068 5591; x_wconf 78' lang='lat' dir='ltr'><strong>vr,</strong></span> <span class='ocrx_word' id='word_1_933' title='bbox 2098 5523 2153 5578; x_wconf 78' lang='lat'><strong>3.</strong></span> <span class='ocrx_word' id='word_1_934' title='bbox 2207 5522 2253 5554; x_wconf 78' lang='grc' dir='ltr'><strong>⁸ο</strong></span> <span class='ocrx_word' id='word_1_935' title='bbox 2273 5519 2427 5579; x_wconf 81' lang='lat' dir='ltr'><strong>Joau.</strong></span> <span class='ocrx_word' id='word_1_936' title='bbox 2463 5536 2502 5589; x_wconf 87' lang='lat' dir='ltr'><strong>t,</strong></span> <span class='ocrx_word' id='word_1_937' title='bbox 2532 5518 2621 5578; x_wconf 81' lang='lat'><strong>50.</strong></span> <span class='ocrx_word' id='word_1_938' title='bbox 2657 5520 2701 5554; x_wconf 78' lang='grc' dir='ltr'><strong>’ί</strong></span> <span class='ocrx_word' id='word_1_939' title='bbox 2721 5518 2876 5579; x_wconf 83' lang='lat' dir='ltr'><strong>Joan.</strong></span> <span class='ocrx_word' id='word_1_940' title='bbox 2906 5537 2947 5590; x_wconf 87' lang='grc' dir='ltr'><strong>ι,</strong></span> <span class='ocrx_word' id='word_1_941' title='bbox 2977 5521 3029 5578; x_wconf 78' lang='grc'><strong>1.</strong></span> <span class='ocrx_word' id='word_1_942' title='bbox 3089 5523 3136 5557; x_wconf 75' lang='grc'>⁸⁸</span> <span class='ocrx_word' id='word_1_943' title='bbox 3160 5520 3290 5579; x_wconf 88' lang='lat' dir='ltr'><strong>ibid.</strong></span> <span class='ocrx_word' id='word_1_944' title='bbox 3318 5521 3505 5580; x_wconf 59' lang='grc' dir='ltr'><strong>δεδι.</strong></span> 
     </span>
    </p>
   </div>
   <div class='ocr_carea' id='block_1_112' title="bbox 1307 5679 2409 5751">
    <p class='ocr_par' dir='ltr' id='par_1_112' title="bbox 1307 5679 2409 5751">
     <span class='ocr_line' id='line_1_112' title="bbox 1307 5679 2409 5751; baseline -0.006 -12"><span class='ocrx_word' id='word_1_945' title='bbox 1307 5681 1485 5739; x_wconf 65' lang='lat' dir='ltr'><strong>Variae</strong></span> <span class='ocrx_word' id='word_1_946' title='bbox 1516 5681 1776 5739; x_wconf 85' lang='lat' dir='ltr'><strong>lectiones</strong></span> <span class='ocrx_word' id='word_1_947' title='bbox 1805 5679 2009 5738; x_wconf 85' lang='lat' dir='ltr'><strong>codicis</strong></span> <span class='ocrx_word' id='word_1_948' title='bbox 2044 5679 2409 5751; x_wconf 76' lang='lat' dir='ltr'><strong>Seguieriaui.</strong></span> 
     </span>
    </p>
   </div>
   <div class='ocr_carea' id='block_1_113' title="bbox 325 5812 690 5874">
    <p class='ocr_par' dir='ltr' id='par_1_113' title="bbox 325 5812 690 5874">
     <span class='ocr_line' id='line_1_113' title="bbox 325 5812 690 5874; baseline 0.011 -5"><span class='ocrx_word' id='word_1_949' title='bbox 325 5812 357 5857; x_wconf 74' lang='grc' dir='ltr'><strong>ιι</strong></span> <span class='ocrx_word' id='word_1_950' title='bbox 387 5816 690 5874; x_wconf 78' lang='grc' dir='ltr'><strong>ἀποτελεῖν.</strong></span> 
     </span>
    </p>
   </div>
  </div>
