4132 6472
572 370 707 428 1315

1596 376 1657 429 S.
1698 370 1968 429 CYRILLI
2010 369 2483 426 ALEXANDRINI
2525 368 2847 425 ARCIIIEP.

3686 371 3829 427 1316

569 486 687 541 dem
724 501 746 537 ι
779 498 901 539 eum
931 484 1081 540 dives
1106 492 1271 552 esset,
1302 485 1472 543 nostri
1502 500 1664 543 causa
1697 487 1873 543 factus
1901 496 1984 542 est
2009 502 2136 558 ege-

2246 483 2552 555 ὲπτὼχευσε
2585 485 2652 537 δι’
2696 484 2862 554 ἡμᾶς)
2886 523 2901 548 ,
2936 480 3265 553 βαπτίζοντα
3302 483 3358 536 δὲ
3405 482 3605 547 Θεῖκῶς
3644 484 3706 535 ὲν
3748 484 3831 554 τῷ

570 592 671 630 nus
691 576 739 609 ¹³
780 594 828 642 ›,
868 584 982 631 tum
1024 576 1276 632 eumdem
1316 592 1531 633 rursum
1577 589 1830 651 tanquam
1872 581 2038 634 Deum
2082 581 2137 635 in

569 665 777 736 Spiritu
806 678 997 723 sancto
1025 668 1293 738 baptisma
1325 670 1598 726 conferre.
1626 671 1697 725 At
1727 672 1779 724 in
1809 687 1969 740 quem
1993 712 2010 738 ,
2038 671 2138 726 ob—

568 773 744 825 secro,
772 759 1061 815 convenire
1088 769 1270 828 queat,
1301 762 1538 831 Spiritus
1567 763 1741 817 sancti
1773 765 2002 832 gratiam
2035 764 2140 817 im-

571 851 790 920 pertiri,
833 850 936 905 nisi
980 851 1033 904 in
1071 864 1258 905 verum
1299 862 1355 905 et
1399 852 1698 906 naturalem
1742 853 1949 907 Deum?
1989 853 2140 910 Unus

568 960 698 1013 ergo
725 954 806 999 est
837 943 1107 1008 Christus,
1138 958 1276 998 unus
1306 943 1499 1010 Filius,
1530 953 1589 999 ut
1618 944 1953 1014 evangelista
1985 945 2136 1001 testi-

571 1034 785 1090 ﬁcatur.

647 1144 666 1175 ι
706 1124 773 1179 Ει
805 1140 936 1195 ego,
975 1124 1178 1192 inquit,
1208 1124 1348 1189 vidi,
1385 1133 1440 1179 et
1478 1124 1847 1180 testimonium
1890 1112 2137 1194 perhibui

570 1215 694 1284 quia
733 1216 818 1269 hic
838 1224 917 1269 est
952 1213 1119 1267 Filius
1160 1214 1250 1268 Dei
1272 1215 1341 1267 ’⁸.
1372 1234 1390 1266 ι
1430 1215 2017 1284 Ecquisnamhicerat?
2050 1215 2141 1270 Ille

572 1307 685 1375 ipse
724 1306 930 1374 utique,
969 1319 1125 1373 quem
1171 1305 1385 1372 quidem
1435 1315 1492 1359 ut
1538 1306 1832 1373 hominem,
1877 1306 2138 1377 Spiritum

572 1404 815 1447 sanctum
846 1393 1057 1447 viderat
1084 1396 1421 1462 suscepisse;
1455 1402 1512 1448 ut
1546 1395 1709 1449 Deum
1738 1410 1901 1460 vero,
1934 1397 1984 1451 in
2017 1398 2141 1467 Spi—

573 1480 679 1535 ritu
739 1493 925 1534 sancto
962 1481 1238 1549 baptizare
1271 1482 1552 1537 didicerat.

650 1589 669 1621 ‹
705 1569 760 1624 Si
796 1582 1007 1626 terrena
1036 1572 1143 1627 dixi
1171 1573 1345 1635 vobis,
1377 1584 1431 1628 et
1458 1589 1563 1627 non
1596 1575 1840 1641 creditis,
1867 1579 2140 1645 quomodo

570 1662 614 1717 si
644 1661 833 1716 dixero
859 1664 1011 1716 vobis
1034 1664 1300 1729 cmlestia,
1328 1665 1593 1719 credetis?
1618 1666 1684 1718 Et
1713 1681 1871 1720 nemo
1898 1668 2140 1721 ascendit

572 1750 625 1804 in
652 1752 870 1817 coelum,
898 1754 997 1806 nisi
1028 1754 1117 1822 qui
1152 1755 1429 1809 descendit
1452 1755 1519 1809 de
1545 1756 1684 1810 coelo
1710 1756 1878 1812 Filius
1907 1757 2140 1812 hominis

572 1843 660 1911 qui
704 1850 787 1897 est
832 1843 883 1896 in
926 1844 1149 1899 caelo”.
1196 1864 1214 1896 ι
1263 1844 1542 1911 Quomodo
1584 1848 1863 1902 descendit
1903 1850 1968 1903 de
2005 1849 2143 1905 caalo
2173 1843 2214 1896 Β

570 1934 738 1988 Filius
768 1934 1025 2001 hominis,
1055 1935 1323 2004 siquidem
1356 1952 1509 1991 sacra
1547 1937 1634 1992 illa
1666 1954 1793 1993 caro
1820 1954 1889 1994 ex
1918 1940 2143 1996 muliere

573 2036 696 2079 nata
736 2027 848 2079 est?
884 2024 1013 2081 Erat
1053 2042 1182 2081 sane
1221 2043 1349 2082 caro
1379 2028 1541 2083 Verbi
1582 2032 1725 2099 quod
1769 2032 1835 2085 de
1876 2031 2012 2087 caalo
2049 2032 2145 2087 de-

571 2116 876 2181 scenderat,
909 2118 1123 2185 propria
1160 2134 1174 2172 :
1208 2133 1345 2173 unus
1379 2129 1463 2173 est
1497 2119 1663 2188 igitur
1692 2120 1939 2175 Christus
1970 2132 2024 2175 et
2055 2122 2144 2176 Fi-

562 2196 691 2259 lius.
716 2208 820 2271 Ita,
848 2222 965 2276 qua:
987 2208 1149 2263 Verbi
1179 2218 1326 2273 sunt,
1357 2212 1571 2280 pr0pria
1600 2212 1781 2267 carnis
1810 2212 1948 2267 facta
1976 2224 2101 2268 sunt
2126 2228 2142 2267 :

569 2310 691 2363 quae
712 2311 840 2350 vero
864 2298 1045 2351 carnis
1071 2306 1216 2364 sunt,
1249 2299 1466 2368 pr0pria
1492 2300 1653 2356 Verbi
1683 2312 2000 2370 evaserunt,
2028 2301 2142 2358 sola

570 2388 774 2454 peccati
806 2388 925 2442 labe
954 2399 1198 2467 cgcepta.

645 2586 663 2618 ι
699 2567 763 2620 Et
791 2571 927 2620 sicut
956 2566 1164 2637 Moyses
1191 2566 1453 2621 exallavit
1481 2576 1789 2636 serpentem
1819 2568 1874 2622 in
1902 2568 2143 2635 deserto,

572 2658 645 2711 ita
687 2657 912 2710 exaltari
951 2667 1163 2725 oportet
1203 2658 1401 2712 Filium
1440 2659 1707 2725 hominis;
1746 2669 1804 2712 ut
1839 2659 2016 2713 omnis
2053 2657 2145 2727 qui

570 2751 747 2803 credit
776 2750 828 2802 in
859 2750 1054 2816 ipsum,
1085 2764 1188 2803 non
1220 2759 1429 2817 pereat,
1459 2749 1551 2803 sed
1582 2750 1777 2804 habeat
1801 2750 1964 2803 vitam
1990 2757 2146 2804 aeter-

572 2858 694 2894 nam
715 2844 781 2894 ²⁶.
818 2861 835 2893 ›
867 2844 1159 2911 Serpentes
1185 2842 1237 2894 in
1268 2842 1483 2895 deserto
1512 2842 1782 2896 morsibus
1809 2841 1948 2896 ﬁlios
1975 2839 2146 2895 Israel

572 2933 898 2987 infestabant
927 2951 939 2985 :
968 2948 1087 2986 mox
1116 2934 1492 2988 universorum
1521 2933 1783 2988 Dominus
1811 2932 1980 3001 Moysi
2011 2948 2137 3001 prae-

570 3025 700 3089 cipit
735 3033 791 3074 ut
825 3039 1028 3076 aeneum
1067 3034 1369 3093 serpentem
1406 3024 1635 3079 sublime
1669 3028 1985 3096 suspendat.
2021 3044 2040 3077 ι
2082 3026 2148 3079 Et

571 3118 696 3179 erit,
729 3115 923 3183 inquit,
956 3116 1001 3168 si
1038 3116 1310 3169 hominem
1341 3132 1565 3185 serpens
1597 3119 1974 3183 momorderit,
2007 3126 2061 3172 et
2094 3118 2143 3171 in

571 3216 874 3275 serpentem
908 3209 1179 3276 respiciet,
1212 3218 1264 3261 et
1291 3183 1522 3265 vivet".
1556 3229 1575 3262 ι
1608 3210 1812 3280 Ecquid
1842 3212 1983 3266 istud
2014 3211 2144 3265 aetii-
2172 3183 2215 3242 Ο

572 3317 692 3367 ειιιε
722 3300 821 3353 sibi
853 3299 993 3351 vult?
1023 3299 1130 3352 Cur
1158 3301 1430 3353 sublatum
1462 3311 1770 3370 serpentem
1801 3302 2144 3372 conspicatus

571 3391 681 3442 vita
712 3391 975 3444 donatur?
1003 3389 1348 3457 Unigcnitum
1380 3392 1474 3447 Dei
1498 3392 1750 3459 Verbum,
1781 3394 1924 3463 quod
1953 3403 2144 3463 suapte

575 3493 766 3534 natura
796 3481 902 3535 vita
935 3492 1050 3545 est,
1086 3482 1247 3535 homo
1281 3481 1483 3536 factum
1516 3492 1599 3537 est
1629 3483 1733 3554 (est
1766 3493 1945 3538 autem
1980 3484 2142 3537 homo

572 3589 661 3627 res
685 3573 927 3642 quaedam
956 3578 1113 3629 noxia
1134 3615 1149 3637 ,
1176 3576 1413 3644 serpenti
1444 3590 1547 3627 non
1579 3574 1867 3646 absimilis)
1894 3592 1908 3628 :
1935 3584 1991 3628 at
2014 3590 2141 3629 vero

575 3666 701 3720 licet
740 3674 797 3719 ut
833 3666 994 3720 homo
1031 3668 1186 3721 nobis
1223 3667 1553 3721 assimilatus
1587 3666 1684 3732 sit,
1723 3668 1766 3722 si
1803 3666 1928 3736 quis
1963 3677 2141 3721 tamen

573 3758 629 3813 in
661 3757 809 3811 illum
841 3760 1133 3827 aspexerit,
1173 3772 1343 3813 morte
1374 3760 1619 3828 superior
1645 3758 1845 3814 evadit.
1878 3758 1985 3814 Sed
2014 3759 2143 3828 quid

573 3848 718 3903 aliud
750 3857 852 3916 est,
883 3849 1134 3915 obsecro,
1168 3851 1219 3903 in
1259 3850 1403 3903 illum
1442 3851 1664 3914 intueri,
1694 3865 1855 3919 quam
1892 3851 2143 3905 incarna-

574 3940 736 3993 tionis
779 3940 924 3994 illius
970 3940 1283 4011 mysterium
1330 3951 1522 3995 exacto
1565 3952 1926 4011 accurateque
1975 3940 2140 3994 animi

568 4029 772 4097 judicio
806 4031 1140 4098 expendere?
1176 4031 1286 4084 llac
1324 4046 1557 4099 namque
1590 4030 2054 4096 consideratione,
2089 4038 2143 4085 ct

573 4122 867 4199 malorum,
913 4122 1015 4175 hoc
1062 4131 1179 4186 cst,
1227 4123 1501 4175 hominum
1552 4122 1954 4175 similitudinem
2002 4122 2143 4176 obti-

574 4227 735 4277 nere,
771 4222 825 4266 et
856 4212 1100 4267 vivilicus
1136 4220 1345 4267 rursum
1368 4251 1383 4277 ,
1419 4213 1960 4282 serpentiuorumqne
1995 4229 2140 4266 mor-

572 4318 730 4356 cuum
766 4311 984 4357 curator
1014 4313 1067 4357 ct
1105 4302 1422 4372 proﬂigator
1454 4318 1573 4356 esse
1608 4302 2048 4370 deprehenditur,
2085 4312 2144 4356 ut

2243 576 2383 646 ἁγίῳ
2433 574 2732 644 Πνεῦματι.
2784 574 2903 626 Τίνι
2950 573 3059 644 γὰρ
3107 574 3174 626 ἂν
3220 572 3421 642 πρέποι
3456 572 3519 624 τὸ
3567 574 3828 642 χορηγεῖν

2241 666 2502 720 δύνασθαι
2548 664 2646 737 τὴν
2695 664 2790 718 τοῦ
2835 665 3151 739 Πνεῦματος
3202 664 3382 735 χάριν,
3421 663 3560 734 πλὴν
3616 664 3704 717 ὃτι
3748 662 3833 732 τῷ

2243 756 2401 827 φύσει
2447 774 2508 809 τε
2558 756 2652 809 καὶ
2680 756 2896 827 ἀληθῶς
2945 757 3059 809 ὄντι
3087 754 3240 826 Θεῷς
3285 749 3382 820 Εἷς
3409 751 3502 809 οὖν
3551 756 3660 827 ἄρα
3698 756 3831 825 Χρι-

2242 850 2365 912 στὸς
2392 849 2488 903 καὶ
2520 848 2678 912 Υἱόςο
2728 848 2824 901 καὶ
2874 849 3212 919 μαρτυρήσει
3256 847 3430 916 λέγων
3476 848 3504 899 6
3532 847 3829 916 εὐαγγελι-

2242 940 2395 1012 στής.

2316 1137 2336 1170 ι
2373 1117 2543 1186 Κάγὼ
2608 1118 2858 1189 ἑώρακα,
2906 1118 3001 1171 καὶ
3062 1118 3491 1190 μεμαρτύρηκα,
3527 1118 3631 1172 δτι
3671 1111 3829 1181 οὗτός

2242 1210 2575 1274 ὲστινὸΥἰὸς
2606 1210 2697 1263 τοῦ
2729 1211 2883 1266 Θεοῦ.
2924 1230 2942 1262 ι
2978 1204 3147 1273 Οὗτος
3175 1210 3256 1275 δὲ,
3290 1211 3474 1276 ποῖος;
3510 1211 3608 1263 Ὃν
3634 1209 3829 1261 τεθέα-

2240 1321 2331 1356 ται
2364 1304 2462 1372 μὲν
2510 1297 2866 1374 ἀνθρωπίνως
2915 1303 2975 1355 τὸ
3021 1302 3245 1372 Πνεῦμα
3284 1303 3597 1374 δεχόμενον,
3633 1296 3742 1353 οἶδε
3771 1299 3830 1350 δὲ

2244 1393 2574 1463 βαπτίζοντα
2607 1394 2806 1457 ϐεἷκῶς
2836 1396 2894 1447 ὲν
2923 1394 3002 1463 τῷ
3032 1394 3171 1465 ἁγίῳ
3200 1395 3500 1465 Πνεῦματι.

2319 1602 2337 1635 ι
2375 1583 2437 1636 Εἰ
2467 1580 2538 1634 τὰ
2564 1580 2782 1648 ἐπίγεια
2799 1574 2951 1633 εἶπον
2972 1579 3120 1651 ὑμῖν,
3154 1578 3249 1631 καὶ
3282 1579 3343 1632 οὐ
3374 1578 3678 1643 πιστεύετε,
3708 1581 3830 1643 πῶς

2242 1674 2337 1726 ἐὰν
2365 1674 2503 1725 εῐπω
2532 1672 2660 1741 ὑμῖν
2688 1669 2758 1723 τὰ
2787 1670 3106 1740 ἐπουράνια,
3130 1669 3484 1733 artaret-isses;
3514 1670 3625 1721 Kal.
3652 1670 3830 1733 οὐδεὶς

2245 1763 2587 1833 ἀναϐέϐηκεν
2616 1763 2697 1825 είς
2726 1762 2815 1815 τὸν
2844 1762 3094 1834 οὐρανὸν,
3126 1762 3174 1814 εί
3207 1761 3282 1831 μὴ
3311 1763 3340 1813 ό
3369 1761 3433 1814 ὲκ
3461 1760 3557 1813 τοῦ
3593 1760 3829 1832 οὐρανοῦ

2244 1853 2488 1918 καταϐὰς
2507 1894 2520 1916 ,
2553 1856 2581 1907 ὁ
2614 1853 2742 1917 Υἱὸς
2771 1852 2864 1906 τοῦ
2894 1851 3201 1924 ἀνθρώπου.
3244 1871 3262 1903 ι
3296 1852 3421 1915 Πῶς
3452 1853 3832 1921 καταϐέϐηκεν

2246 1948 2310 1999 ἐκ
2338 1946 2431 1999 τοῦ
2462 1945 2693 2017 οὐρανοῦ
2723 1946 2751 1998 6
2794 1944 2922 2008 Υἱὸς
2954 1944 3048 1997 τοῦ
3099 1943 3419 2015 ἀνθρώπου,
3483 1942 3663 1996 καίτοι
3726 1943 3831 2013 τῆς

2245 2039 2405 2108 ἁγίας
2437 2037 2642 2108 σαρκὸς
2689 2036 3047 2107 γεννηθείσης
3078 2037 3143 2088 ὲκ
3187 2034 3466 2103 γυναικός.
3500 2034 3641 2086 Ἀλλ’
3696 2034 3831 2088 ἴδιον

2243 2125 2312 2200 ἦν
2340 2129 2402 2181 τὸ
2439 2128 2598 2199 σῶμα
2627 2128 2721 2181 τοῦ
2753 2128 2810 2194 ἐξ
2841 2126 3071 2198 οὐρανοῦ
3101 2126 3603 2196 καταφοιτήσαντος
3625 2126 3829 2194 Λόγου,

2244 2220 2303 2285 ὃς
2334 2220 2427 2274 καὶ
2455 2219 2680 2288 γέγονεν
2710 2220 2837 2283 Υἱὸς
2864 2218 3175 2289 ἀνθρώπου.
3209 2213 3305 2280 Εἷς
3333 2213 3428 2271 οῦν
3457 2217 3564 2288 ἄρα
3592 2218 3831 2288 Χριστὸς

2245 2312 2341 2366 καὶ
2370 2312 2517 2375 Υἱός.
2552 2308 2738 2373 Οὕτως
2768 2311 2875 2364 ι’δια
2907 2311 3005 2381 μὲν
3044 2310 3144 2381 τῆς
3188 2308 3389 2379 σαρκὸς
3415 2308 3486 2363 τὰ
3525 2307 3621 2362 τοῦ
3651 2309 3830 2377 Λόγου

2244 2402 2487 2472 γέγονεν,
2520 2401 2626 2454 ῐδια
2654 2401 2712 2454 δὲ
2740 2400 2836 2454 τοῦ
2879 2400 3053 2469 Λόγου
3082 2400 3151 2453 τὰ
3180 2400 3280 2470 τῆς
3310 2399 3535 2470 σαρκὸς,
3563 2398 3690 2469 δίχα
3732 2400 3831 2469 p.6-

2247 2509 2345 2564 νης
2378 2492 2669 2563 ἁμαρτίας.

2322 2603 2343 2637 ι
2380 2584 2490 2637 Καὶ
2514 2581 2695 2646 καθὼς
2722 2582 2928 2649 Μωσῆς
2958 2581 3140 2651 ὖψωσε
3158 2582 3252 2635 τὸν
3280 2579 3406 2651 ὅφιν
3433 2583 3490 2637 ἐν
3514 2584 3583 2653 τῇ
3612 2582 3825 2653 ἐρήμῳ,

2245 2677 2418 2739 οὕτως
2441 2674 2724 2745 ὑψωθῆναι
2752 2674 2834 2727 δεῖ
2859 2675 2951 2728 τὸν
2972 2673 3100 2726 Υἰὸν
3129 2676 3223 2726 τοῦ
3252 2671 3542 2744 ἀνθρώπου
3567 2687 3583 2701 ’
3603 2672 3695 2726 ἶνα
3720 2674 3830 2735 πᾶς

2246 2766 2563 2820 ὀπιπεύων
2595 2766 2680 2818 ἐπ’
2719 2764 2881 2817 αὑτὸν
2916 2763 2997 2804 θλ
3031 2762 3129 2835 ἔχῃ
3164 2763 3307 2835 ζωὴν
3333 2762 3571 2816 αἰώνιον.
3612 2779 3632 2813 ι
3667 2761 3831 2815 Ἔδει-

2248 2872 2373 2908 κνον
2412 2857 2539 2918 τοὺς
2586 2854 2647 2919 ἐξ
2687 2855 2905 2926 Ἰσραὴλ
2945 2854 3086 2907 κατὰ
3132 2854 3231 2924 τὴν
3282 2854 3491 2923 ἔρημον
3539 2852 3590 2905 oi
3637 2851 3825 2920 δφεις·

2248 2944 2366 3001 εἶτα
2409 2947 2776 3018 προστέταχεν
2805 2948 2834 3000 6
2874 2947 2983 2999 τῶν
3012 2946 3148 2999 ὅλων
3190 2945 3323 3008 Θεὸς
3365 2943 3445 3015 τῷ
3486 2945 3658 3015 Μωσῇ
3703 2944 3827 3012 ὅφιν

2248 3038 2525 3093 ἀναθεῖναι
2554 3039 2808 3110 χαλκοῦν.
2850 3058 2869 3091 ι
2910 3039 3021 3092 Καὶ
3057 3038 3232 3101 ἔσται,
3281 3039 3466 3108 φησὶν,
3499 3038 3596 3091 ἐὰν
3631 3037 3772 3107 δάκῃ
3800 3038 3829 3089 6

2249 3131 2375 3200 ὄφις
2405 3130 2709 3202 ἄνθρωπον,
2742 3131 2836 3185 καὶ
2872 3130 3119 3202 ἐμϐλέψῃ
3147 3132 3228 3193 εἰς
3255 3129 3347 3182 τὸν
3376 3129 3521 3198 ὅφιν,
3554 3128 3649 3181 καὶ
3676 3128 3831 3198 ζήσε-

2247 3237 2358 3273 ται.
2400 3238 2418 3272 ι
2456 3220 2521 3272 Τί
2550 3220 2727 3274 τοίνυν
2757 3220 2873 3273 ἐστὶ
2899 3220 2962 3274 τὸ
2989 3221 3249 3290 αῐνιγμα;
3282 3219 3379 3273 Διὰ
3399 3219 3451 3273 τί
3481 3218 3539 3271 δὲ
3568 3219 3597 3271 6
3626 3217 3828 3289 ἐνορῶν

2247 3312 2339 3364 τὸν
2358 3311 2479 3380 ὅφιν
2512 3314 2537 3351 ε
2556 3310 2816 3380 σώζεται;
2843 3312 2964 3382 Ζωὴ
2991 3311 3279 3382 τοιγαροῦν
3295 3310 3438 3364 κατὰ
3458 3308 3620 3379 φύσιν
3651 3309 3829 3379 ὑπάρ-

2248 3421 2359 3475 χων
2388 3406 2416 3457 ὁ
2444 3404 2754 3474 Μονογενὴς
2782 3404 2876 3457 τοῦ
2906 3403 3042 3456 Θεοῦ
3073 3404 3266 3472 Λόγος,
3297 3403 3524 3472 γέγονεν
3545 3405 3604 3456 ἐν
3630 3401 3829 3473 ὁμοιὼ-

2250 3511 2382 3565 ματι
2411 3494 2488 3565 τῷ
2518 3494 2641 3548 καθ’
2684 3495 2853 3565 ἡμᾶς,
2895 3494 3174 3547 τουτέστιν
3221 3493 3507 3565 ἄνθρωπος
3571 3493 3827 3565 (πονηρὸν

2247 3585 2303 3637 δὲ
2333 3586 2361 3638 6
2389 3585 2695 3656 ἄνθρωπος,
2727 3584 2823 3637 καὶ
2868 3580 2979 3637 οἷον
3019 3586 3047 3637 6
3075 3582 3243 3655 δφις)·
3269 3583 3385 3636 ἀλλ’
3425 3583 3476 3636 εί
3516 3584 3610 3637 καὶ
3637 3585 3825 3651 γέγονε

2248 3674 2370 3728 καθ’
2398 3676 2567 3744 ἡμᾶς,
2606 3675 2660 3727 εἴ
2683 3692 2765 3737 τις
2793 3674 2874 3737 εἰς
2920 3672 3084 3726 αὑτὸν
3127 3674 3247 3738 ῐδοι,
3279 3674 3407 3744 νικᾷ
3452 3673 3545 3727 τὸν
3574 3672 3822 3727 θάνατον.

2248 3763 2314 3815 Τί
2345 3762 2401 3815 δέ
2431 3765 2546 3816 ἐστι
2576 3763 2636 3815 τὸ
2666 3764 2744 3826 είς
2773 3762 2938 3815 αὐτὸν
2971 3762 3120 3825 ἰδεῖν,
3153 3761 3187 3832 ἢ
3217 3762 3300 3815 ὅτι
3332 3762 3548 3825 πάντως
3590 3762 3652 3815 τὸ
3678 3762 3825 3833 ἀκρι-

2248 3854 2359 3918 ϐῶς
2402 3854 2738 3924 κατανοῆσαι
2780 3854 2841 3907 τὸ
2883 3855 2969 3907 ἐπ’
2998 3852 3146 3923 αὑτῷ
3192 3853 3523 3924 μυστήριον;
3556 3854 3691 3907 Τότε
3720 3853 3822 3925 γὰρ

2247 3941 2408 3996 αὑτὸν
2431 3941 2619 4011 ὄψεται
2646 3942 2705 3994 ἐν
2740 3940 3044 4012 ὁμοιώματι
3077 3941 3175 4011 μὲν
3195 3940 3304 3994 τῶν
3355 3940 3632 4012 πονηρῶν,
3675 3958 3822 3995 τουτ-

2243 4034 2391 4087 έστιν
2430 4032 2754 4103 ἀνθρώπων,
2803 4033 3066 4097 ζωοποιὸν
3092 4032 3148 4086 δὲ
3194 4032 3269 4096 ὡς
3301 4033 3453 4098 Θεὸν,
3488 4034 3582 4086 καὶ
3633 4035 3822 4101 ἀφανί-

2244 4125 2403 4191 ζοντα
2438 4126 2509 4180 τὰ
2528 4126 2635 4178 τῶν
2664 4124 2869 4194 νοητῶν
2897 4125 2926 4163 ιι
2953 4124 3128 4192 ὄφεων
3161 4123 3435 4196 δήγματα.
3471 4118 3565 4188 Εἷς
3600 4120 3694 4178 οὖν
3718 4126 3818 4193 ἄρα

2247 4214 2473 4285 Κύριος,
2503 4216 2596 4266 καὶ
2623 4214 2751 4275 Υἱὸς
2781 4214 2809 4265 6
2830 4210 3013 4276 αὐτὸς,
3040 4212 3135 4265 καὶ
3161 4211 3423 4277 ζωοποιὸς
3446 4214 3521 4278 ὠς
3544 4212 3697 4278 Θεὸς,
3731 4213 3819 4265 καὶ

2243 4306 2303 4358 ὲν
2335 4306 2465 4358 εἴδει
2493 4303 2570 4375 τῷ
2601 4304 2708 4357 τῶν
2734 4303 2984 4374 πονηρῶν
3016 4303 3082 4356 δι’
3105 4304 3438 4374 οἰκονομίαν.

572 4392 911 4472 υειιεηυιιυε
940 4393 1120 4461 itaque
1148 4404 1229 4446 est
1259 4393 1539 4455 Dominus,
1568 4403 1622 4445 ct
1656 4407 1796 4443 unus
1830 4391 2018 4455 Filius,
2047 4393 2136 4461 qui
2178 4394 2419 4465 quidem,
2463 4404 2523 4450 ut
2552 4393 2694 4449 Deus
2757 4403 2837 4449 est
2863 4433 2878 4459 ,
2907 4392 3154 4448 viviﬁcus
3181 4405 3290 4461 est;
3324 4395 3619 4450 secundum
3649 4396 3819 4451 carnis

570 4498 701 4538 vero
722 4484 1108 4546 oeconomiam,
1138 4482 1187 4535 in
1216 4482 1476 4534 malorutn
1505 4482 1687 4550 specie
1715 4481 2023 4551 spectabilis
2048 4494 2150 4537 cst.

651 4598 669 4629 ι
710 4578 905 4643 l‘neri,
946 4578 1158 4646 inquit,
1207 4576 1553 4630 llebra'oruin
1599 4578 1929 4646 accipientes
1970 4594 2148 4632 ramos

2327 4596 2347 4630 ι
2380 4578 2441 4631 Οί
2481 4578 2667 4641 παῖδες
2701 4576 2915 4647 ἔχοντες
2941 4575 3009 4629 τὰ
3040 4575 3167 4646 βαΐα
3194 4574 3304 4631 τῶν
3334 4578 3591 4645 φοινίκων
3610 4619 3626 4643 ,
3663 4578 3813 4647 ἐξῆλ-

574 4672 891 4740 palmarum,
928 4679 1305 4739 processerunt
1343 4670 1554 4723 obviam
1593 4673 1662 4733 ei,
1697 4681 1751 4723 ct
1785 4670 2091 4725 clamabant
2127 4688 2143 4726 :

573 4765 855 4826 llnsanna,
894 4763 1209 4817 benedictus
1244 4764 1332 4831 qui
1372 4763 1518 4816 venit
1555 4764 1605 4816 in
1643 4765 1859 4817 nomine
1898 4764 2141 4826 Domini,

576 4874 662 4909 rex
693 4854 935 4909 Israel”.
968 4872 985 4904 ι
1022 4852 1178 4923 115
1208 4854 1451 4918 Qualem,
1477 4869 1679 4922 qna-so,
1707 4855 1899 4907 divina:
1928 4852 2143 4905 Littera:

574 4950 625 5003 in
678 4949 892 5001 nurnine
940 4947 1151 4998 Domini
1200 4956 1483 4999 venturum
1532 4946 1865 5014 praedixere?
1912 4944 2045 4998 Nam
2098 4945 2142 4998 si

570 5055 690 5089 eum
723 5036 810 5106 qui
840 5052 903 5089 ex
938 5051 1090 5089 sacra
1114 5035 1335 5104 Virgine
1366 5045 1521 5088 ortus
1551 5045 1655 5100 est,
1685 5036 1955 5088 hominem
1988 5035 2146 5087 abso-

575 5131 702 5194 lute,
743 5130 832 5183 Dci
864 5129 1039 5185 Verbo
1079 5130 1371 5183 secundum
1418 5128 1734 5197 hypostasin
1780 5143 1884 5179 non
1931 5128 2141 5180 unitum

572 5222 805 5275 dixerint
847 5238 861 5274 :
903 5218 1144 5289 profecto
1186 5218 1575 5273 dominationis
1619 5232 1811 5271 nomen
1858 5230 2143 5271 commune

573 5313 670 5380 ipsi
712 5312 991 5367 nobiscum
1028 5312 1163 5377 erit;
1209 5325 1381 5379 neque
1419 5308 1708 5377 quidquam
1757 5305 1857 5361 liae
1897 5308 2141 5374 ratione,

639 5465 749 5527 “ll
778 5471 904 5527 Cor.
942 5486 1058 5536 \‘tll,
1082 5470 1137 5526 9.
1208 5466 1429 5521 "Joan.
1461 5483 1500 5534 ι,
1530 5466 1616 5519 54.
1697 5463 1913 5519 “Joan.
1944 5480 2034 5529 ιιι,
2070 5463 2154 5529 ιε,
2188 5464 2274 5519 15.

2254 4670 2345 4721 Οον
2373 4670 2452 4730 είς
2470 4668 2774 4737 ἀπάντησιν
2801 4666 2989 4731 αὐτοῦ,
3006 4668 3161 4738 φησὶ,
3186 4668 3280 4721 καὶ
3304 4667 3536 4739 ἔκραζον
3560 4670 3602 4709 ίο
3638 4669 3819 4720 Ὡσαν-

2255 4759 2342 4820 νὰ,
2405 4759 2770 4830 εὐλογημένος
2818 4760 2846 4812 ὁ
2893 4759 3187 4829 ἐρχόμενος
3231 4760 3291 4811 ἐν
3340 4760 3563 4830 ὀνόματι
3594 4760 3816 4831 Κυρίου,

2249 4851 2277 4902 6
2310 4850 2561 4920 βασιλεὺς
2582 4850 2675 4903 τοῦ
2708 4850 2947 4920 Ἰσραήλ.
2979 4868 2997 4901 ι
3034 4850 3160 4914 Πῶς
3191 4846 3284 4904 οὖν
3318 4869 3485 4923 φησιν
3519 4855 3578 4905 ὲν
3603 4851 3818 4922 ὀνόματι

2248 4941 2451 5012 Κυρίου
2488 4940 2933 5012 παραγενέσθαιὶ
2974 4942 3036 4995 τὸ
3062 4943 3301 5014 Γράμμα
3330 4944 3391 4997 τὸ
3422 4943 3596 5014 ίερόν;
3632 4945 3695 4997 Εἰ
3726 4944 3817 5014 μὲν

2250 5028 2343 5087 οὖν
2366 5032 2442 5095 ὡς
2469 5032 2754 5104 ἄνθρωπον
2789 5032 2970 5095 ίδικῶς
2994 5032 3084 5086 τὸν
3110 5035 3174 5085 ἐκ
3204 5034 3302 5105 τῆς
3333 5034 3493 5102 ἁγίας
3527 5033 3817 5106 Παρθένου,

2251 5124 2326 5195 μὴ
2350 5124 2638 5186 ὲνωθέντος
2667 5124 2815 5193 αὐτῷ
2849 5124 2970 5178 καθ’
2998 5123 3292 5179 ὑπόστασιν
3318 5125 3413 5178 τοῦ
3458 5124 3594 5178 Θεοῦ
3624 5125 3815 5192 Λόγου,

2249 5215 2428 5270 κοινὸν
2458 5214 2610 5268 ἔσται
2637 5215 2697 5268 τὸ
2724 5214 2823 5285 τῆς
2846 5215 3165 5286 κυριότητος
3194 5216 3363 5286 ὄνομα
3386 5216 3534 5287 αὐτῷ
3561 5218 3705 5272 καθὰ
3732 5218 3817 5271 καὶ

2246 5308 2399 5378 ἡμῖν,
2432 5308 2524 5360 καὶ
2557 5305 2707 5359 οὐδὲν
2739 5307 2833 5359 ἐπὶ
2870 5307 3108 5377 Χριστοῦ
3138 5307 3199 5360 τὸ
3233 5307 3406 5377 μέγα’
3437 5308 3486 5386 εί
3517 5308 3576 5361 δὲ
3607 5308 3683 5372 ὡς
3714 5308 3818 5363 Κύ-

2378 5462 2571 5517 “ibid.
2599 5460 2686 5515 14.
2778 5463 2822 5494 ’⁷
2847 5462 3006 5517 Num.
3040 5476 3153 5528 xxI,
3185 5463 3238 5517 8.
3356 5462 3401 5494 ³⁸
3423 5460 3582 5521 Joan.
3607 5463 3814 5533 xu,"l5.

1633 5617 1808 5671 Varia:
1843 5617 2097 5672 lectiones
2128 5616 2334 5672 codicis
2375 5614 2740 5687 chnieriani.

645 5763 727 5803 θεῖ
765 5765 839 5817 εἰς
863 5762 1045 5819 αὐτόν.
1082 5761 1211 5816 [Vell
1236 5763 1292 5815 ἐν
1323 5760 1490 5814 αὐτῶ.
1570 5762 1592 5797 ε
1621 5757 1696 5828 τῷ
1726 5757 1867 5827 ὄφει.
1944 5757 1968 5795 ¹ι
2002 5757 2272 5830 πονηρῶν.
2355 5757 2370 5795 ί
2412 5754 2766 5825 ἐκραύγαζον.
2850 5755 2862 5803 i
2904 5756 3395 5825 πτραγένὴσξσοαι.
