4058 6466
204 373 367 430 1517

1326 368 1415 424 DE
1453 365 1680 425 RECTA
1721 361 1879 421 FIDE
1918 362 2011 417 AD
2049 360 2370 419 REGINAS.

3344 366 3483 425 1518

209 503 349 555 pro;
375 484 593 557 ἀληθῶς
644 485 795 557 ἥξειν
836 483 1336 558 προαπηγγέλλετο,
1365 482 1502 553 ὅπερ
1546 479 1667 535 ἐστὶ
1718 479 1814 533 καὶ

1925 477 2063 547 quod
2091 478 2161 532 sit
2186 476 2469 543 ’eximium‘,
2498 476 2717 533 Christo
2744 478 3092 536 attribuetur.
3123 478 3181 534 Si
3208 493 3337 537 vero
3365 489 3486 536 tan-

206 574 434 644 ἀληθὲς
483 576 502 637 (
526 575 749 645 ἐλήλυθε
780 576 888 646 γὰρ
920 577 981 628 οὐ
1007 576 1131 645 δίχα
1162 572 1363 645 σαρκὸς
1411 572 1493 636 εἰς
1522 569 1672 623 τόνδε
1716 568 1811 622 τὸν

1925 582 2073 637 {nam
2100 581 2261 622 verus
2292 567 2551 622 Dominus
2572 578 2834 624 venturus
2860 570 3258 639 praenuntiatus
3288 579 3395 637 est,
3426 581 3488 624 ut

213 666 441 735 κόσμον
467 668 497 719 ὀ
522 667 855 736 Μονογενής)
880 684 893 696 ο
914 662 997 730 εἷς
1023 667 1131 737 ἄρα
1157 665 1273 718 ἐστὶ
1300 663 1461 734 φύσει
1480 662 1577 719 καὶ
1592 659 1811 733 ἀληθῶς

215 757 461 827 Κῦριος,
502 758 598 811 καὶ
629 757 886 828 Χριστὸς,
917 758 1011 811 καὶ
1040 756 1189 821 Υἱός.

313 1043 330 1073 ι
362 1022 473 1076 Καὶ
517 1021 656 1091 ὑπὲρ
690 1020 867 1075 αὐτῶν
900 1018 1012 1089 ἐγὼ
1057 1018 1271 1089 ἁγιάζω
1301 1020 1558 1090 ἐμαυτὸν,
1587 1020 1678 1073 ἵνα
1711 1011 1814 1071 ὦσι

221 1115 331 1165 καὶ
358 1112 516 1165 αὐτοὶ
547 1112 868 1183 ἡγιασμένοι
911 1113 971 1164 ὲν
1010 1112 1260 1183 ἀληθείᾳ.
1293 1130 1312 1163 ι
1346 1110 1570 1164 Ἑαυτὸν
1600 1110 1815 1178 ἁγιάζει

220 1197 624 1274 Χριστός.’Λρ’
653 1203 725 1264 ὡς
752 1201 1035 1273 ἄνθρωπος
1057 1240 1072 1266 ,
1112 1202 1144 1273 ἢ
1177 1202 1257 1255 ὅτι
1300 1202 1501 1271 μᾶλλον
1529 1201 1663 1264 Θεός
1699 1201 1816 1253 ἐστι

228 1292 382 1344 κατὰ
414 1291 597 1360 φύσιν,
636 1290 765 1344 ῐδιον
791 1291 929 1359 ἔχων
962 1290 1023 1343 τὸ
1074 1290 1295 1360 Πνεῦμα
1334 1290 1394 1343 τὸ
1421 1290 1605 1358 ἆγιον;
1639 1289 1816 1360 Ὅπερ

225 1384 356 1434 ἐστὶ
391 1384 487 1434 καὶ
512 1381 728 1450 ἀληθές.
777 1381 1002 1444 Οὐδενὸς
1036 1381 1324 1451 τοιγαροῦν
1353 1378 1655 1451 ἀνθρώπων
1687 1380 1816 1431 ἑαυ-

226 1476 329 1528 τὸν
381 1475 720 1542 ἀγιάξοντος.
758 1473 948 1526 ἑαυτὸν
997 1474 1212 1541 ἁγιάζει
1258 1474 1513 1543 Χριστός.
1562 1467 1657 1535 Εἷς
1709 1472 1817 1541 ἄρα

230 1565 390 1617 ἐστὶν
412 1564 538 1626 Υἱὸς
560 1565 653 1617 καὶ
676 1563 897 1633 Κύριος,
927 1565 1283 1634 ἁγιαζόμενος
1304 1564 1406 1634 μὲν
1438 1563 1816 1633 ἀνθρωπίνως.

231 1655 484 1723 ἁγιάζων
539 1656 595 1707 δὲ
648 1655 842 1718 θεῖκὼς
894 1654 972 1724 τῷ
1020 1655 1133 1726 ὶδίῳ
1183 1654 1459 1725 Πνεύματι
1500 1655 1592 1708 τὸν
1623 1652 1817 1708 ἑαυτοῦ

234 1745 388 1797 ναόν.

315 1855 334 1885 ι
371 1834 672 1904 Πολλᾶμὲν
704 1828 795 1886 οὖν
831 1835 922 1886 καὶ
956 1834 1090 1888 ἄλλα
1120 1836 1321 1904 σημεῖα
1352 1832 1609 1903 ἐποίησεν
1648 1832 1677 1885 ὁ
1712 1833 1817 1903 Ἰη-
1852 1830 1891 1883 Β

234 1926 368 1989 σοῦς
414 1927 644 1978 ἐνώπιον
689 1925 795 1981 τῶν
841 1925 1100 1997 μαθητῶν
1132 1925 1315 1987 αὑτοῦ,
1345 1923 1380 1978 ἃ
1419 1925 1518 1977 οῦκ
1560 1924 1674 1977 ἔστι.
1721 1941 1816 1993 γε-

233 2017 539 2087 γραμμένα
566 2017 624 2068 ἐν
655 2015 733 2085 τῷ
765 2016 950 2087 βιϐλίῳ
976 2014 1067 2067 τοῦ
1083 2034 1171 2084 τῳ.
1194 2006 1378 2067 Ταῦτα
1406 2015 1462 2067 δὲ
1490 2014 1817 2085 γέγραπται,

236 2106 329 2157 ἵνα
377 2104 705 2174 πιστεύσητε
754 2105 836 2157 ὅτι
869 2102 1076 2171 Ἰησοῦς
1109 2104 1257 2153 ἐστιν
1303 2102 1332 2153 ὁ
1367 2099 1600 2172 Χριστὸς
1634 2101 1661 2151 ὀ
1690 2099 1816 2162 Υἱὸς

236 2196 334 2249 τοῦ
380 2195 555 2249 Θεοῦ·
604 2196 697 2248 καὶ
752 2196 837 2247 ἵνα
885 2193 1251 2257 πιστεύοντες,
1277 2193 1421 2262 ζωὴν
1468 2191 1625 2262 ἔχητε
1656 2192 1715 2245 ὲν
1744 2191 1820 2262 τῷ

238 2290 465 2356 ὀνόματι
491 2288 672 2341 αὑτοῦ.
704 2308 723 2339 ι
742 2288 801 2340 '0
827 2289 890 2340 ἐκ
918 2289 1015 2356 τῆς
1042 2286 1202 2353 ἁγίας
1224 2278 1511 2356 Παρθένου
1558 2300 1817 2354 γεγεννη-

234 2383 406 2449 μένος
448 2379 814 2450 Ἐμμανουὴλ,
851 2379 937 2432 διὰ
965 2379 1064 2448 τῆς
1091 2378 1184 2431 τοῦ
1213 2376 1540 2445 Εὐαγγελίου
1564 2375 1589 2414 ¹ι
1638 2376 1820 2446 φωνῆς

255 2468 459 2536 Ἰησοῦς
492 2468 963 2538 ὼνόμασται.”οτε
997 2467 1178 2519 τοίνυν
1208 2466 1369 2528 αὐτός
1400 2466 1537 2529 ἐστι,
1588 2464 1681 2517 καὶ
1723 2464 1821 2534 οὐχ

242 2559 449 2628 ἕτερος,
488 2558 612 2620 Υἱὸς
659 2556 751 2610 τοῦ
798 2557 952 2622 Θεοῦ,
984 2557 1077 2609 καὶ
1123 2558 1151 2609 ό
1197 2554 1468 2608 πιστεύων
1511 2555 1625 2625 ἔχει
1676 2553 1820 2625 ζωὴν

244 2646 463 2699 αἰώνων
505 2647 561 2699 ἐν
593 2646 668 2715 τῷ
714 2646 937 2715 ὀνόματι
974 2643 1159 2697 αὑτοῦ·
1199 2646 1312 2707 πῶς
1341 2644 1401 2696 οῦ
1430 2646 1741 2715 μεμήνασιν
1770 2645 1820 2695 οἱ

242 2739 591 2808 διορίζοντες,
618 2738 710 2791 καὶ
746 2738 1066 2805 φάσκοντες,
1099 2738 1284 2807 ἕτερον
1307 2735 1433 2787 Υἱὸν
1457 2731 1597 2788 εἶναι
1625 2734 1715 2788 τὸν
1757 2736 1821 2787 ὲκ

246 2828 380 2881 Θεοῦ
438 2828 630 2896 Λόγον,
661 2828 753 2881 καὶ
796 2828 981 2897 ἓτερον
1024 2827 1114 2880 τὸν
1159 2829 1223 2879 ἐκ
1276 2826 1373 2895 τῆς
1415 2826 1573 2894 ἁγίας
1612 2824 1822 2897 Παρθέ-

245 2935 367 2985 νου;
402 2918 651 2972 Φαίνεται
684 2919 792 2989 γὰρ
838 2919 895 2971 ὲν
939 2919 1148 2980 τούτοις
1202 2918 1231 2969 ό
1284 2914 1673 2985 εῦαγγελιστὴς
1728 2914 1823 2968 καὶ

216 3016 392 3084 ,μάλα
423 3014 611 3084 σαφῶς
636 3015 731 3067 ἕνα
760 3014 856 3067 καὶ
889 3013 1048 3083 μόνον
1073 3012 1163 3064 τὸν
1196 3011 1253 3076 ἐξ
1301 3011 1503 3079 ἀμφοῖν
1535 3007 1691 3070 εἰδὼς
1730 3006 1823 3059 καὶ

246 3106 533 3177 κηρύττων
572 3105 777 3176 Ἰησοῦν
805 3104 1063 3175 Χριστὸν,
1089 3102 1335 3156 τουτέστι
1358 3102 1450 3154 τὸν
1478 3103 1542 3154 ἐκ
1563 3100 1697 3154 Θεοῦ
1720 3100 1824 3152 Πα-

1914 671 2099 712 revera
2137 658 2529 727 praenuntiatus
2560 667 2644 713 est
2676 660 2857 727 (venit
2887 661 3033 715 enim
3068 659 3397 732 Unigenitus
3427 662 3484 714 in

1914 747 2055 803 lmuc
2098 750 2355 802 mundum
2395 763 2499 802 nou
2538 748 2740 818 absque
2778 750 3000 820 carne);
3026 766 3165 806 unus
3200 766 3328 821 ergo
3368 767 3488 806 om-

1916 836 2043 889 nino
2076 846 2269 891 natura
2302 846 2356 891 et
2389 837 2616 892 veritate
2652 838 2930 904 Dominus,
2954 838 3294 906 cthristus,
3314 850 3368 895 et
3400 838 3489 894 Fi-

1915 926 2018 982 lius
2046 926 2170 981 erit.

1990 1038 2011 1071 ι
2054 1018 2119 1073 Ει
2160 1034 2257 1088 pro
2291 1019 2370 1073 cis
2405 1034 2503 1090 ego
2539 1020 2823 1075 sanctinco
2859 1022 3121 1091 meipsum
3145 1062 3159 1087 ,
3194 1033 3253 1078 ut
3288 1025 3398 1078 sint
3434 1032 3491 1077 et

1918 1110 2017 1179 ipsi
2050 1110 2371 1165 sanctiﬁcati
2406 1112 2457 1165 in
2490 1113 2716 1167 veritate
2736 1114 2805 1166 ".
2840 1132 2860 1164 ι
2894 1113 3150 1182 Seipsnm
3179 1114 3492 1168 sanctiﬁcat

1917 1199 2166 1253 Christus
2195 1217 2208 1252 :
2240 1200 2333 1254 sed
2367 1202 2606 1270 nunquid
2638 1212 2694 1255 ut
2726 1204 2919 1259 homo?
2947 1219 3013 1257 an
3045 1219 3174 1258 vero
3201 1214 3262 1257 ut
3290 1216 3483 1258 natura

1918 1288 2060 1344 Deus
2080 1289 2341 1359 Spiritum
2364 1302 2611 1345 sanctmn
2636 1302 2889 1361 tauquam
2909 1294 3185 1363 proprium
3205 1296 3492 1350 obtinens?

1918 1380 2080 1436 Certe
2103 1379 2345 1435 utDeus.
2372 1380 2529 1435 Nullo
2558 1385 2739 1453 itaque
2765 1384 3074 1438 mortalium
3100 1385 3338 1455 seipsum
3366 1400 3496 1441 san-

1920 1474 2210 1538 ctificante,
2262 1474 2408 1527 solus
2455 1473 2703 1528 Christus
2754 1476 3107 1544 semetipsum
3166 1476 3492 1531 sanctiﬁcat.

1920 1562 2072 1619 Unus
2098 1576 2182 1619 est
2208 1580 2338 1635 ergo
2370 1566 2628 1618 Dominus
2660 1564 2939 1632 etFilius;
2967 1566 3341 1621 sanctiﬁcatus
3370 1567 3492 1637 qui-

1920 1656 2040 1710 dem
2081 1667 2140 1709 ut
2182 1655 2364 1719 homo,
2401 1671 2556 1710 suum
2590 1671 2720 1711 vero
2761 1656 2930 1725 ipsius
2974 1658 3227 1726 templum
3272 1658 3493 1728 proprio

1922 1760 2018 1800 suo
2046 1744 2253 1812 Spiritu
2284 1745 2631 1800 sanctiﬁcans
2662 1757 2720 1799 ut
2750 1746 2910 1800 Deus.
3072 1734 3073 1737 V

1997 1854 2015 1885 ι
2056 1835 2223 1889 Multa
2258 1835 2473 1903 quidem
2510 1845 2565 1889 et
2600 1836 2705 1889 alia
2740 1836 2891 1906 signa
2930 1834 3057 1889 fecit
3086 1835 3241 1891 Iesus
3277 1838 3328 1891 in
3363 1851 3496 1892 con-

1920 1937 2101 1995 Spectu
2138 1926 2521 1995 discipulorum
2556 1941 2807 1991 suorum,
2847 1942 2965 1996 quae
3000 1943 3101 1981 non
3138 1938 3262 1982 sunt
3293 1929 3494 1997 scripta

1923 2018 1973 2071 iu
2015 2018 2151 2072 libro
2191 2019 2311 2072 hoc.
2352 2017 2475 2071 ilice
2513 2027 2693 2071 autem
2736 2018 2936 2087 scripta
2977 2028 3132 2084 sunt,
3170 2021 3495 2091 ut.credatis

1921 2109 2044 2177 quia
2078 2107 2234 2162 Jesus
2266 2118 2347 2162 est
2378 2107 2626 2162 Christus
2663 2108 2832 2162 Filius
2872 2109 2995 2175 Dei;
3032 2121 3085 2164 et
3120 2120 3175 2164 ut
3209 2113 3496 2166 credentes

1921 2200 2083 2251 vitam
2126 2198 2370 2253 habeatis
2412 2198 2465 2252 in
2510 2200 2726 2252 nomine
2765 2198 2881 2266 ejus
2904 2199 2971 2252 ³⁰.
3021 2218 3039 2251 ι
3085 2200 3185 2267 Qui
3231 2217 3297 2255 ex
3338 2216 3491 2256 sacra

1926 2284 2141 2356 Virgine
2189 2298 2347 2341 natus
2391 2296 2473 2340 est
2522 2286 2874 2348 Emmanuel.
2923 2289 2968 2342 is
3009 2304 3139 2343 voce
3187 2290 3495 2360 evangelica

1922 2376 2223 2444 appellatus
2251 2385 2333 2430 est
2361 2375 2517 2429 Jesus
2542 2375 2607 2427 ³¹.
2640 2376 2773 2429 Cum
2808 2376 2922 2443 ipse
2951 2391 3102 2457 ergo.
3136 2384 3190 2430 et
3220 2392 3324 2431 non
3360 2377 3499 2431 alius

1922 2468 2187 2538 quispiam
2220 2468 2290 2521 sit
2324 2468 2415 2521 Dei
2444 2466 2652 2531 Filius;
2684 2479 2736 2520 et
2766 2469 2855 2536 qui
2890 2468 2941 2520 in
2977 2467 3126 2520 illum
3161 2468 3369 2533 credit,
3402 2485 3499 2522 nu-

1923 2560 2067 2614 mine
2109 2556 2349 2627 ejusdem
2400 2558 2563 2610 vitam
2611 2564 2871 2610 aeternam
2919 2566 3324 2625 consequatur;
3367 2572 3500 2626 qun-

1923 2650 2080 2704 modo
2123 2665 2227 2703 non
2274 2648 2549 2705 insaniunt
2588 2650 2703 2717 qui,
2735 2648 2997 2703 divisione
3040 2650 3289 2713 inducta,
3335 2649 3497 2703 alium

1924 2742 2014 2796 Dei
2040 2742 2213 2796 Patris
2236 2740 2491 2805 Verbum,
2518 2741 2681 2793 alium
2712 2757 2926 2795 rursum
2955 2741 3101 2794 illum
3129 2742 3220 2811 qui
3250 2756 3316 2797 ex
3344 2756 3497 2796 sacra

1926 2833 2143 2904 Virgine
2177 2841 2354 2886 ortum
2392 2832 2571 2895 ducit,
2609 2831 2804 2885 Filiqu
2836 2847 2960 2885 esse
2997 2833 3288 2886 asserunt?
3322 2832 3376 2887 In
3415 2834 3500 2889 his

1923 2925 2065 2979 enim
2098 2922 2425 3003 evangelista
2458 2938 2622 2975 unum
2655 2922 2826 2976 solum
2857 2920 3039 2976 Jesnm
3073 2921 3370 2989 Christum,
3402 2922 3503 2977 hoc

1923 3024 2026 3077 est,
2050 3014 2142 3068 Dei
2175 3013 2352 3068 Patris
2369 3013 2631 3075 Verbum,
2654 3012 2837 3067 carnis
2865 3022 2918 3067 et
2947 3014 3230 3083 sanguinis
3256 3029 3409 3083 atque
3434 3029 3501 3069 ac

1928 3118 2025 3157 nos
2072 3102 2363 3158 secundum
2413 3100 2726 3171 Scripturas
2780 3102 3052 3170 particeps
3098 3101 3386 3168 effectum,
3433 3116 3503 3155 ex

400 3198 592 3266 Λόγον,
625 3166 981 3268 αἵματος-καὶ
1016 3166 1215 3268 σαρκὸς
1254 3196 1689 3267 κεκοινωνηκότα
1721 3212 1824 3248 πα-

1926 3205 2156 3264 ntroque
2192 3166 2553 3251 constitutum
2594 3166 2935 3264 apertissime
2975 3193 3221 3264 agnoscit
3262 3200 3318 3249 et
3356 3166 3499 3264 prte-

222 3348 228 3359 ,
244 3290 567 3364 ραπλησίως
592 3291 746 3360 ⁴ἡμῖν,
780 3289 921 3343 καθὰ
950 3290 1281 3361 γέγραπται.

444 3420 445 3423 ‘
478 3400 580 3456 Ἐκ
616 3402 723 3456 τοῦ
760 3402 911 3455 κατὰ
946 3400 1190 3456 Λουκᾶν
1221 3400 1611 3470 [εὐαγγελίου.

324 3533 347 3568 ι
368 3514 619 3583 Ἐγένετο
647 3516 704 3569 δὲ
733 3518 791 3568 ἐν
823 3514 901 3586 τῷ
925 3512 1065 3568 εἶναι
1091 3514 1288 3577 αὐτοὺς
1313 3515 1447 3578 ἐκεῖ,
1473 3512 1825 3583 ἐπλήσθησαν

248 3604 306 3658 αἱ
333 3603 538 3675 ἡμέραι
566 3603 660 3656 τοῦ
698 3605 879 3657 τεκεῖν
908 3603 1078 3674 αὐτήν
1096 3619 1109 3633 ο
1152 3603 1245 3656 καὶ
1271 3601 1423 3655 ἔτεκε
1452 3602 1543 3655 τὸν
1578 3602 1705 3655 Υἱὸν
1731 3602 1829 3654 αὖ·

1925 3288 2095 3342 dicat.

2211 3399 2297 3451 Ea:
2335 3397 2620 3467 Evangelia
2655 3397 2947 3450 secundum
2984 3395 3206 3452 Lucam.

1997 3528 2024 3561 s
2062 3508 2129 3563 Et
2156 3508 2353 3564 factum
2381 3518 2486 3574 est,
2512 3524 2635 3563 cum
2665 3516 2849 3563 essent
2874 3506 2972 3569 ibi,
3000 3506 3204 3577 impleti
3234 3514 3361 3561 sunt
3387 3506 3504 3563 dies

1929 3608 1987 3653 ut
2019 3608 2260 3669 pareret,
2294 3606 2347 3653 et
2381 3601 2591 3668 peperit
2623 3598 2819 3653 Filium
2857 3613 3013 3652 suum
3051 3598 3505 3667 primogenitum,

248 3694 349 3763 τῆς
396 3692 488 3743 τὸν
522 3691 881 3762 πρωτότοκον,
915 3693 1009 3744 καὶ⁹
1062 3690 1485 3761 ἐσπαργάνωσεν
1518 3690 1699 3753 αὐτὸν,
1732 3689 1824 3742 καὶ

1927 3699 1981 3744 et
2014 3690 2205 3759 pannis
2238 3705 2361 3744 eum
2402 3689 2657 3755 involvit,
2694 3700 2752 3744 et
2788 3688 3075 3743 reclinavit
3112 3689 3165 3742 in
3203 3690 3503 3759 przesepio,

250 3783 531 3837 ἀνέκλινεν
577 3784 738 3835 αὐτὸν
785 3786 842 3835 ὲν
888 3785 952 3853 τῇ
1006 3783 1201 3853 φάτνῃ,
1232 3782 1364 3834 διότι
1393 3782 1493 3835 οὐκ
1534 3778 1603 3852 ἦν
1646 3782 1827 3844 αὐτοῖς

251 3872 417 3935 τόπος
463 3874 520 3925 ὲν
569 3872 645 3943 τῷ
692 3872 1058 3942 καταλύματι.
1095 3874 1261 3926 »Ἕνα
1308 3872 1400 3926 καὶ
1438 3872 1597 3942 μόνον
1640 3872 1828 3926 ἔτεκεν

257 3962 384 4016 Υἱὸν
430 3963 521 4015 τὸν
561 3962 905 4034 Ἐμμανουὴλ
955 3965 989 4033 ἡ
1041 3963 1172 4031 ἁγία
1222 3963 1531 4032 Παρθένος·
1578 3961 1695 4024 πίίτ
1737 3958 1828 4015 οῦν

258 4070 444 4123 φησι,ι
472 4054 576 4106 Τὸν
600 4053 726 4105 Υἱὸν
745 4054 913 4122 αὐτῆς
942 4052 1032 4104 τὸν
1062 4052 1405 4123 πρωτότοκον
1427 4069 1442 4114 ς
1468 4070 1485 4101 ι
1520 4051 1580 4104 οῦ
1603 4051 1711 4122 γὰρ
1737 4069 1829 4120 γε·

259 4144 481 4211 γόνασιν
518 4144 694 4215 ἕτεροι
749 4145 865 4214 μετ’
894 4144 1076 4207 αὐτὸν,
1115 4144 1390 4214 μεμένηκε
1419 4142 1478 4196 δὲ
1541 4144 1827 4214 παρθένος.

271 4235 721 4306 Ἐπισημαίνεται
752 4236 933 4290 τοίνυν
961 4236 1037 4298 ὡς
1069 4238 1138 4289 ὲκ
1162 4237 1260 4306 τῆς
1304 4234 1661 4288 θεοπνεύστου
1692 4236 1830 4304 Γρα-

240 4327 397 4396 .φῆς·
429 4326 744 4396 ὠνόμασται
795 4326 905 4397 γὰρ
952 4326 1296 4398 πρωτότοκος
1332 4325 1361 4375 ό
1394 4325 1688 4394 μονογενὴς
1736 4325 1828 4377 τοῦ

259 4419 393 4472 Θεοῦ
422 4420 593 4487 Λόγος
614 4435 627 4448 ’
678 4418 1039 4489 κεκοινώνηκε
1070 4418 1176 4487 γὰρ
1227 4416 1455 4485 αἵματος
1486 4416 1578 4467 καὶ
1608 4416 1827 4486 σαρκὸς,

1929 3781 2053 3850 quia
2087 3797 2191 3834 non
2224 3790 2343 3836 erat
2372 3782 2458 3836 eis
2490 3780 2641 3835 locus
2673 3781 2727 3835 in
2760 3780 3059 3835 diversorio
3082 3781 3146 3834 ".
3187 3799 3207 3833 ι
3243 3779 3419 3835 Unum
3450 3790 3506 3836 et

1929 3871 2101 3925 solum
2145 3870 2339 3924 Filium
2391 3872 2599 3941 peperit
2641 3872 2803 3941 116
2842 3882 3029 3925 sancta
3065 3871 3262 3941 Virgo,
3308 3887 3502 3942 nempe

1931 3960 2334 4016 Emmanuelem
2374 3980 2387 4015 :
2424 3978 2521 4015 cur
2556 3962 2721 4029 igitur
2751 3962 2945 4016 Filium
2983 3961 3126 4017 illius
3159 3964 3502 4034 primogeni-

1933 4062 2044 4105 tum
2087 4052 2353 4120 appellat?
2397 4051 2579 4120 Neque
2622 4052 2765 4105 enim
2809 4052 2901 4106 ulli
2944 4051 3033 4105 alii
3080 4059 3203 4119 post
3246 4052 3396 4106 illum
3436 4070 3502 4111 ex

1932 4144 2045 4213 ipsa
2083 4145 2190 4197 nati
2228 4153 2355 4199 sunt
2390 4162 2405 4198 :
2443 4154 2707 4215 perpetuo
2741 4158 2972 4213 namque
3013 4144 3103 4198 illa
3137 4144 3503 4215 virginitatem

1931 4236 2294 4290 conservavit.
2341 4235 2690 4304 Signiﬁcatur
2731 4248 2890 4305 ergo,
2935 4249 2964 4287 a
3014 4249 3169 4288 sacra
3220 4236 3503 4305 Scriptura

1932 4327 2260 4395 unigenitum
2292 4327 2383 4381 Dei
2410 4325 2647 4383 Verbum
2680 4325 2750 4381 ob
2782 4326 2833 4380 id
2868 4326 3290 4397 primogenitum
3323 4330 3507 4399 appel-

1934 4418 2099 4471 latum
2126 4432 2274 4491 esse,
2309 4421 2435 4487 quia
2469 4419 2618 4471 carni
2655 4425 2708 4472 et
2743 4417 3013 4487 sanguini,
3049 4418 3370 4488 caelerisque
3405 4421 3505 4475 hu-

259 4510 355 4562 κα¹ι
409 4509 804 4579 παραπλησίως
855 4511 986 4579 ἡμῖν
1033 4509 1257 4578 μετέσχε
1291 4508 1397 4559 τῶν
1427 4506 1623 4559 αὐτῶν.
1677 4507 1824 4559 Οῦτω

1936 4510 2111 4563 mauis
2139 4524 2291 4577 aeque
2316 4524 2380 4563 ac
2408 4524 2506 4563 nos
2536 4510 2976 4577 communicatis,
3006 4510 3151 4565 inter
3178 4513 3371 4567 multos
3398 4513 3510 4569 fra—

256 4603 479 4670 γέγονεν
526 4604 584 4654 ὲν
636 4601 851 4662 πολλοῖς
896 4600 1147 4667 ἀδελφοῖς
1192 4598 1547 4669 πρωτότοκος.
1584 4596 1729 4666 Πλὴν
1757 4597 1831 4660 ὡς

256 4694 389 4755 Θεὸς
414 4694 797 4764 προσκυνεῖται
826 4691 978 4760 παρά
1006 4708 1063 4743 τε
1087 4691 1245 4762 ἡμῶν
1272 4690 1451 4745 αὐτῶν
1473 4688 1695 4742 καὶτῶν
1721 4688 1832 4743 ἄνω

257 4801 393 4837 πνευ
402 4784 611 4853 μάτων.

335 4892 355 4925 ι
382 4876 493 4927 Καὶ
540 4870 683 4938 εἷπε,
736 4875 890 4944 φησι,
935 4874 1072 4945 πρὸς
1113 4872 1279 4926 αὑτὸν
1330 4876 1362 4944 ἡ
1418 4875 1600 4945 μήτηρ
1645 4872 1832 4927 αὐτοῦ⁹

259 4966 482 5031 Τέκνον,
511 4966 563 5018 τί
588 4968 851 5035 ἐποίησας
877 4968 1013 5036 ἡμῖν
1048 4965 1254 5030 οῦτως;
1298 4964 1430 5018 Ἰδοὺ
1465 4968 1494 5019 ό
1526 4966 1707 5034 πατήρ
1739 4982 1832 5018 σου

258 5058 355 5110 καὶ
402 5055 514 5123 ὲγὼ
562 5055 888 5125 ὀδυνώμενοι
937 5054 1238 5126 ὲζητοῦμέν
1278 5070 1358 5107 σε.
1388 5054 1498 5108 Καὶ
1544 5050 1665 5107 εἷπε
1696 5056 1832 5125 πρὸς

258 5147 456 5209 αὐτούς
475 5164 489 5176 ο
518 5147 587 5199 Τί
620 5147 701 5199 ὅτι
729 5146 969 5216 ἐζητεῖτέ
1002 5163 1068 5217 με
1089 5164 1104 5212 ;
1129 5146 1228 5198 οῦκ
1259 5146 1434 5199 οἴδατε
1453 5143 1495 5209 1,
1524 5146 1606 5199 ὅτι
1638 5146 1695 5197 ὲν
1718 5148 1829 5209 τοῖς

256 5239 351 5295 τοῦ
384 5237 596 5307 Πατρός
628 5255 728 5308 μου
762 5237 841 5290 δεῖ
882 5234 1023 5291 εἶναι
1058 5252 1159 5307 με;
1202 5254 1221 5287 ι
1245 5235 1434 5307 ’Λθρει
1463 5236 1529 5308 δὴ
1562 5230 1654 5290 οὖν
1684 5236 1832 5299 ὅπως

1938 4610 2047 4653 tres
2063 4600 2108 4631 ³³
2130 4602 2415 4667 primatum
2440 4601 2687 4654 sortitum
2712 4610 2793 4655 est
2811 4600 2878 4655 “.
2902 4600 3034 4656 Cum
3061 4602 3160 4656 hoc
3184 4603 3302 4671 ipso
3328 4613 3506 4659 tamen

1936 4702 1991 4743 ct
2029 4707 2056 4744 a
2097 4693 2343 4759 superuis
2384 4693 2488 4746 illis
2529 4694 2831 4760 spiritibus,
2868 4703 2925 4749 et
2965 4694 3257 4762 nobisipsis
3291 4710 3510 4765 quoque

1943 4782 2217 4847 aduratur,
2251 4792 2305 4835 et
2336 4793 2395 4836 ut
2424 4782 2568 4837 Deus
2598 4784 2813 4837 colitur.

2020 4890 2038 4923 ι
2078 4870 2144 4925 Ει
2172 4873 2307 4925 dixit
2338 4882 2509 4927 mater
2534 4876 2651 4942 ejus
2680 4875 2746 4927 ad
2780 4873 2931 4927 illum
2963 4892 2977 4928 :
3007 4873 3144 4940 Fili,
3175 4874 3301 4943 quid
3333 4872 3509 4929 fecisti

1938 4964 2093 5017 nobis
2120 4964 2231 5017 sic?
2259 4964 2395 5019 Ecce
2425 4972 2578 5031 pater
2602 4970 2725 5019 tuus
2749 4972 2805 5019 et
2827 4978 2927 5034 ego
2951 4964 3198 5019 dolentes
3224 4965 3509 5035 quaereba-

1938 5068 2058 5108 mus
2097 5064 2168 5107 te.
2202 5053 2270 5107 Et
2304 5056 2379 5107 ait
2411 5056 2478 5107 ad
2514 5054 2634 5109 illos
2668 5072 2683 5110 :
2717 5054 2855 5119 Quid
2888 5064 2968 5111 est
3004 5056 3146 5123 quod
3181 5070 3267 5110 me
3298 5070 3510 5125 quaere-

1938 5146 2113 5201 batis?
2140 5144 2497 5208 Nesciebatis,
2523 5147 2648 5215 quia
2679 5145 2731 5199 in
2762 5145 2846 5200 his
2872 5161 2992 5215 qua:
3020 5144 3199 5201 Patris
3228 5148 3331 5201 mei
3359 5155 3505 5215 sunt,

1938 5245 2151 5306 oportet
2175 5250 2259 5290 me
2295 5251 2413 5291 esse
2432 5236 2513 5290 ‘l‘?
2539 5255 2557 5289 ι
2583 5237 2659 5291 En
2684 5237 2953 5307 quomodo
2975 5238 3247 5293 cmlestem
3272 5236 3509 5309 Patrem,

334 5395 379 5425 "
402 5391 556 5447 Jnan.
590 5392 816 5453 xvn,i9.
930 5392 973 5423 ³⁰
998 5390 1151 5445 Joau.
1179 5404 1272 5455 xx,
1296 5388 1387 5456 30,
1416 5389 1508 5445 5|.
1617 5390 1659 5421 ³⁸
1682 5389 1818 5447 Luc.

1928 5372 2032 5446 Ἦ.
2146 5390 2188 5422 ³³
2227 5356 2359 5445 Luc.
2394 5405 2454 5455 ιι,
2482 5388 2534 5456 ϐ,
2570 5390 2626 5446 7.
2734 5389 2779 5421 ⁸³
2804 5389 2968 5446 Hebr.
2995 5406 3054 5457 ιι,
3090 5390 3176 5445 14.
3278 5392 3324 5425 “
3346 5391 3508 5450 Rom.

259 5478 384 5529 vui,
422 5468 501 5518 t9.
581 5463 624 5494 ³⁸
653 5462 786 5519 Luc.
817 5477 878 5524 ιι,
906 5461 995 5527 49,
1031 5461 1120 5515 50.

1334 5617 1509 5674 Varia:
1544 5616 1801 5673 lectiones
1831 5615 2034 5672 codicis
2053 5617 2405 5687 Segnieriani.

339 5760 368 5800 κ
399 5760 563 5825 ἴσως,
594 5756 847 5827 ἀγγέλου.
927 5753 945 5791 ι
980 5753 1177 5825 ᾔδειτε.
