4066 6444
602 369 744 431 1519

1592 360 1651 417 S.
1691 359 1965 417 CYRILLI
2005 355 2471 412 ALEXANDRINI
2514 350 2837 411 ARClllEP.

3746 352 3885 408 ιετο

602 495 757 535 suum
788 478 958 550 ipsius
987 477 1267 549 proprium
1296 474 1509 532 Patrem
1539 476 1800 532 nominat.
1826 472 1894 528 At
1917 471 2176 542 siquidem

2287 471 2420 525 ῐδιον
2462 472 2657 526 ἑαυτοῦ
2690 470 2909 542 Πατέρα
2938 470 3031 524 τὸν
3074 470 3134 523 έν
3160 472 3271 533 τοῖς
3308 468 3558 541 ούρανοῖς
3586 467 3882 539 ὀνομάζει.

602 572 777 624 nudus
805 572 966 626 homo
990 577 1129 634 erat,
1160 567 1457 638 cuiusmodi
1486 581 1583 622 nos
1607 580 1814 631 sumus,
1841 574 1897 619 et
1922 562 2065 618 aliud
2094 561 2178 617 nl-

604 660 707 727 hil;
740 675 836 714 cur
862 674 965 714 non
998 659 1100 713 hac
1131 658 1310 728 potius
1336 658 1589 713 oratione
1619 671 1749 711 usus
1775 664 1860 710 est
1887 672 1902 708 :
1938 672 1958 705 ι
1990 651 2179 709 Nesci-

606 752 675 805 tis
706 751 847 820 quod
879 752 931 804 iu
963 750 1048 805 his
1073 765 1192 819 qua:
1218 748 1521 805 communis
1547 748 1789 803 omnium
1822 745 1999 801 Patris
2027 754 2176 808 sunt,

601 850 818 911 oportet
856 856 940 895 me
982 840 1139 896 esse?
1180 859 1199 892 ι
1237 836 1437 896 Verum
1474 840 1623 895 illum
1663 850 1721 892 ut
1756 838 2035 907 preprium
2075 836 2175 892 sibi

604 933 868 998 vindicat;
899 932 1024 1001 quia
1056 931 1204 986 solus
1232 933 1536 987 secundum
1567 924 1804 986 divinam
1836 938 2085 983 naturam
2111 944 2178 984 ex

606 1025 723 1091 ipso
761 1033 920 1077 natus
953 1032 1055 1077 est.
1091 1022 1350 1078 Eumdem
1388 1022 1745 1078 nihilominus
1779 1030 1835 1077 et
1871 1021 2034 1076 homo
2066 1018 2176 1088 jam

608 1112 780 1165 factus
809 1112 1083 1180 proprium
1117 1111 1289 1165 adhuc
1322 1112 1732 1181 naturalemque
1763 1112 1984 1166 retinet.

682 1221 701 1252 ι
741 1203 803 1255 Et
837 1200 1033 1256 factum
1064 1212 1148 1255 est
1169 1242 1183 1266 ,
1216 1202 1343 1255 dum
1379 1211 1523 1257 esset
1554 1201 1606 1255 in
1640 1218 1742 1256 una
1775 1201 2056 1255 civitatum
2079 1242 2094 1263 ,
2125 1211 2180 1255 et

606 1302 732 1341 ecce
755 1288 836 1340 vir
857 1288 1046 1357 plenus
1074 1288 1219 1355 lepra
1254 1306 1267 1343 :
1294 1298 1347 1343 et
1369 1290 1557 1343 videns
1582 1288 1788 1353 Jesum,
1816 1299 1869 1344 et
1892 1291 2180 1360 procldens

607 1381 658 1431 in
684 1376 899 1441 facient,
927 1378 1135 1447 rcgavit
1155 1394 1300 1445 eum,
1326 1380 1545 1435 dicens:
1569 1381 1811 1447 Domine,
1839 1382 1883 1436 si
1905 1385 2004 1450 vis,
2031 1394 2181 1453 potes

604 1483 691 1523 nte
721 1470 999 1524 mundare.
1032 1468 1097 1523 Et
1125 1472 1421 1527 extendens
1450 1488 1691 1539 manum,
1723 1474 1897 1545 tetigit
1924 1488 2069 1539 eum,
2099 1475 2181 1528 di-

603 1573 732 1613 cens
767 1575 781 1613 :
813 1556 969 1623 Volo,
1012 1562 1274 1615 mundare
1311 1561 1378 1613 ³⁸.
1413 1580 1433 1614 ι
1456 1560 1738 1617 Miraberis
1778 1565 1863 1618 hic
1902 1564 2178 1619 Christum

603 1650 781 1704 divina
816 1650 974 1704 simul
1007 1666 1073 1706 ac
1103 1665 1363 1722 corporea
1394 1651 1594 1708 virtute
1621 1668 1935 1724 operantem
1969 1672 1983 1710 :
2014 1656 2181 1726 siqui-

600 1742 720 1797 dem
750 1742 885 1797 velle
914 1752 1033 1797 erat
1061 1744 1323 1810 divinum,
1353 1745 1467 1815 ipsa
1496 1759 1624 1801 vero
1654 1760 1845 1801 manus
1876 1750 2177 1818 protensio,

2291 560 2433 615 Ἀλλ’
2462 563 2621 633 εἴπερ
2664 558 2735 634 ἦν
2786 562 3071 633 ἄνθρωπος
3119 562 3456 633 καταμόνας,
3486 563 3585 615 καὶ
3626 560 3777 615 αὐτὸ
3821 559 3884 629 δη

2276 654 2436 709 τοῦτο
2482 654 2773 726 νοούμενος
2822 653 2943 707 καθ’
2972 655 3144 725 ἡμᾶς,
3180 654 3299 717 πῶς
3354 653 3456 707 οὐκ
3505 652 3619 706 εδει
3676 651 3882 723 μᾶλλον

2283 746 2459 799 εἰπεῖν
2483 762 2497 776 ο
2527 746 2642 799 Ούκ
2676 745 2877 817 ᾔδειτε,
2911 746 2993 799 ὅτι
3040 746 3101 798 ὲν
3125 746 3238 808 τοῖς
3267 743 3363 798 τοῦ
3400 744 3626 797 πάντων
3660 740 3880 814 Πατρδς

2278 834 2420 892 εἶναι
2462 855 2530 909 με
2554 837 2671 903 δεῖς
2715 837 2856 891 Ἀλλ’
2883 838 3017 891 ωιον
3059 836 3229 891 αὐτοῦ
3259 838 3496 889 ποιεῖται
3516 850 3532 864 ⁸
3574 836 3750 904 μόνος
3774 831 3881 904 γὰρ

2278 930 2340 995 ἐξ
2369 931 2535 984 αὑτοῦ
2559 930 2883 1001 γεγέννηται
2906 930 3048 985 κατὰ
3080 929 3244 999 φύσιν
3273 927 3491 991 θεῖκῶς.
3509 928 3571 981 Ὀ
3600 928 3665 981 δὲ
3692 927 3879 989 αὐτὸς,

2246 1014 2259 1020 ”
2278 1023 2375 1077 καὶ
2407 1022 2691 1094 ἄνθρωπος
2720 1020 2983 1092 γεγονὼς,
3011 1021 3144 1076 ῐδιον
3184 1020 3297 1091 ἔχει
3328 1020 3423 1074 καὶ
3457 1017 3623 1089 φύσει
3655 1017 3879 1089 Πατέρα

2278 1114 2371 1168 τὸν
2396 1113 2559 1169 Θεόν.

2359 1230 2378 1263 ι
2406 1195 2510 1264 Καὶ
2563 1209 2783 1279 ἐγένετο
2819 1210 2876 1264 έν
2928 1207 3007 1278 τῷ
3044 1200 3184 1260 εἶναι
3213 1205 3376 1260 αύτδν
3405 1206 3463 1258 ὲν
3496 1206 3601 1275 μιᾷ
3636 1202 3755 1255 τῶν
3786 1200 3878 1255 πό-

2278 1296 2437 1363 λεων,
2468 1298 2564 1351 καὶ
2624 1297 2733 1350 ίδου
2778 1297 2920 1369 ἀνὴρ
2971 1296 3187 1367 πλήρης
3212 1296 3419 1365 λέπρας
3439 1308 3454 1323 ⁶
3502 1294 3601 1347 καὶ
3630 1292 3762 1345 ἰδὼν
3789 1290 3877 1344 τὸν

2291 1384 2521 1459 Ἰησοῦν,
2553 1388 2734 1442 πεσὼν
2768 1388 2862 1441 ἐπὶ
2892 1388 3204 1460 πρόσωπον,
3229 1385 3424 1457 ἐδεήθη
3449 1384 3646 1446 αὐτοῦ,
3666 1383 3873 1451 λέγων·

2280 1478 2473 1549 Κύριε,
2513 1476 2607 1530 ἐὰν
2641 1475 2822 1548 θέλῃς,
2850 1475 3075 1531 δύνασαί
3118 1492 3185 1546 με
3210 1476 3528 1545 καθαρίσαι.
3562 1473 3678 1527 Καὶ
3705 1470 3876 1523 ἐκτεί-

2278 1585 2375 1632 νας
2407 1568 2505 1635 τὴν
2532 1569 2689 1639 χεῖρα
2712 1606 2727 1629 ,
2755 1567 2934 1637 ἥψατο
2964 1568 3154 1631 αὐτοῦ,
3183 1567 3382 1633 λέγων·
3425 1564 3601 1631 Θέλω,
3636 1561 3873 1633 καθαρίο

2282 1660 2460 1730 σοητι.
2492 1678 2511 1712 ι
2550 1658 2871 1729 Θαυμάσεις
2919 1659 2978 1712 έν
3023 1658 3233 1721 τούτοις
3280 1656 3482 1720 θεῖκῶς
3513 1673 3579 1709 τε
3629 1654 3750 1724 ἅμα
3781 1653 3870 1706 καὶ

2283 1749 2611 1820 σωματικῶς
2660 1749 2990 1821 ἐνεργοῦντα
3023 1748 3290 1818 Χριστόν·
3335 1748 3516 1801 Θεῖκδν
3555 1748 3658 1817 μὲν
3690 1740 3787 1799 οῦν
3814 1743 3872 1796 τὸ

603 1836 922 1892 humanum.
954 1834 1104 1892 Unus
1133 1837 1317 1906 itaque
1343 1853 1412 1893 ex
1439 1850 1668 1909 utroque
1696 1839 1885 1895 Filius.
1914 1840 2044 1895 Nam
2075 1843 2176 1898 etsi

2284 1843 2478 1907 Θέλειν,
2506 1820 2847 1914 ἀνθρώπινον
2871 1842 2928 1895 δὲ
2956 1842 3016 1895 τὸ
3046 1843 3280 1894 ἐκτεῖναι
3309 1839 3407 1909 τὴν
3440 1841 3622 1910 χεῖρα.
3654 1833 3751 1901 Εἷς
3781 1831 3868 1892 οὖν

603 1925 837 1982 Verbum
866 1926 1029 1983 fuerit
1061 1929 1420 1996 iucarnatum,
1447 1930 1616 1985 nihilo
1644 1940 1820 1986 tamen
1850 1934 2022 1989 secius
2052 1949 2199 2014 cum.

603 2018 818 2087 propria
848 2033 1030 2085 carne,
1061 2019 1310 2074 virtutem
1340 2031 1395 2077 et
1426 2023 1537 2092 ipsa
1570 2033 1789 2094 propter
1814 2024 1943 2081 illud
1975 2027 2178 2081 haben-

604 2118 677 2171 te,
707 2117 961 2178 tauquam
993 2108 1135 2164 Deus
1175 2113 1525 2179 operabatur.

678 2214 698 2250 ι
731 2196 875 2253 Dixit
904 2209 1080 2255 autem
1106 2200 1171 2253 ad
1199 2200 1319 2256 illos
1345 2215 1361 2255 :
1386 2201 1668 2268 Quomodo
1693 2204 1878 2259 dicunt
1906 2203 2176 2261 Christum

603 2302 723 2343 csse
752 2288 917 2341 ﬁlium
954 2289 1157 2343 David?
1183 2299 1237 2345 et
1268 2290 1384 2359 ipse
1411 2290 1580 2347 David
1612 2293 1744 2349 dicit
1774 2295 1825 2350 in
1860 2296 1999 2349 libro
2025 2296 2177 2350 Psal-

603 2397 811 2437 morum
848 2405 860 2438 :
895 2382 1328 2441 Dixit‘Dorninus
1364 2384 1594 2441 Domino
1628 2403 1747 2442 meo
1776 2407 1788 2442 :
1823 2388 1961 2443 Sede
1991 2407 2018 2442 ιι
2043 2392 2177 2443 dex-

602 2472 705 2528 tris
734 2473 889 2537 meis,
917 2474 1089 2527 donec
1116 2489 1308 2544 ponam
1340 2476 1589 2531 inimicos
1616 2484 1737 2532 tuos
1763 2478 2054 2532 scabellqu
2085 2495 2178 2549 pe-

601 2564 730 2618 dum
762 2573 999 2617 tuorum.
1032 2564 1196 2619 David
1226 2579 1355 2635 ergo
1389 2567 1673 2622 Dominum
1705 2567 1851 2622 illum
1885 2578 2041 2623 vocat
2075 2587 2088 2623 :
2123 2578 2178 2624 et

601 2653 871 2722 quomodo
907 2655 1047 2707 ﬁlius
1079 2655 1198 2725 ejus
1230 2656 1410 2711 est"?
1447 2676 1467 2709 υ
1500 2658 1671 2713 Audis
1703 2674 1811 2728 quo
1845 2669 2001 2729 pacto
2037 2662 2178 2731 ipse—

604 2754 715 2797 met
751 2744 1001 2799 Christus
1041 2744 1278 2814 (tametsi
1317 2761 1381 2801 ex
1427 2748 1634 2803 semine
1673 2747 1844 2803 David
1883 2751 2175 2805 secundum

601 2850 819 2890 carnem
848 2836 1109 2906 originem
1144 2836 1342 2909 trahat)
1374 2839 1477 2894 hoc
1508 2839 1628 2895 loco
1658 2839 1849 2905 Deum,
1873 2850 1927 2895 et
1957 2841 2173 2909 Filium,

605 2924 763 2995 117
789 2935 843 2980 et
868 2927 1150 2981 Dominum
1176 2927 1472 2982 secundum
1500 2938 1747 2984 naturam
1773 2944 1833 2985 se
1856 2946 1977 2985 esse
2000 2940 2177 2986 osten-

601 3018 729 3070 dat?
764 3015 903 3071 Dicit
934 3019 1077 3071 enim
1113 3036 1127 3072 :
1169 3037 1186 3070 ι
1226 3018 1281 3072 Si
1318 3018 1538 3075 Davidis
1574 3021 1717 3077 ﬁlius
1749 3030 1854 3085 est,
1884 3038 1983 3076 cur
2013 3022 2176 3077 David

604 3107 885 3162 Dominum
916 3108 1065 3162 illum
1091 3110 1357 3179 appellat?
1387 3130 1407 3162 ο
1439 3110 1544 3165 Sed
1578 3126 1751 3182 neque
1778 3126 1956 3167 ortum
1983 3129 2176 3169 secun-

2285 1935 2344 2000 ἐξ
2377 1936 2578 2007 ἀμφοῖν
2622 1936 2768 1999 Υἱός.
2797 1935 2860 1989 Εί
2899 1933 3009 2006 γὰρ
3057 1932 3154 1987 καὶ
3200 1932 3389 2001 γέγονε
3423 1930 3564 2003 σὰρξ
3609 1931 3638 1983 6
3675 1929 3865 1997 Λόγος,

2283 2026 2397 2079 ἀλλ’
2425 2026 2499 2091 ὡς
2521 2026 2654 2090 Θεὸς
2678 2026 2891 2095 ἐνεργεῖ
2916 2023 3057 2095 μετὰ
3081 2026 3183 2095 τῆς
3206 2022 3343 2088 ἰδίας
3371 2022 3602 2094 σαρκὸς,
3637 2020 3867 2093 ἐχούσης

2283 2115 2452 2186 αὐτῆς
2477 2115 2545 2168 δι’
2572 2114 2733 2168 αὐτὸν
2763 2113 3015 2182 δύναμιν.

2361 2225 2381 2259 ι
2408 2202 2544 2260 Εἷπε
2576 2205 2632 2259 δὲ
2662 2204 2799 2276 πρὸς
2836 2203 3033 2268 αύτούς
3054 2217 3069 2232 ⁸
3100 2202 3226 2266 Πῶς
3255 2201 3475 2270 λέγουσι
3514 2198 3611 2253 τὸν
3635 2194 3863 2269 Χριστὸν

2284 2293 2425 2351 εἶναι
2468 2297 2583 2351 υἱὸν
2611 2294 2805 2361 Δαυῖδ;
2837 2292 2997 2357 αὐτὸς
3028 2292 3136 2365 γὰρ
3163 2294 3192 2345 6
3223 2289 3387 2345 Δαυῒδ
3414 2289 3565 2357 λέγει
3598 2288 3658 2340 ὲν
3682 2284 3864 2357 βιϐλίῳ

2284 2388 2529 2458 Ψαλμῶν
2548 2405 2561 2419 ·
2595 2383 2763 2440 Εἶπεν
2787 2387 2817 2440 6
2843 2384 3049 2456 Κύριος
3078 2382 3157 2454 τῷ
3188 2381 3380 2454 Κυρίῳ
3416 2394 3550 2452 μου’
3584 2378 3770 2432 Κάθου
3803 2377 3863 2428 ἐκ

2283 2479 2474 2545 δεξιῶν
2511 2495 2634 2549 μου,
2673 2477 2778 2541 ἓως
2812 2476 2879 2531 ἂν
2914 2476 2991 2529 θῶ
3026 2477 3153 2538 τοὺς
3181 2473 3408 2545 ἐχθρούς
3452 2489 3548 2524 σου
3580 2469 3862 2524 ὑποπόδιον

2284 2571 2393 2623 τῶν
2424 2568 2599 2624 ποδῶν
2639 2584 2755 2621 σου.
2793 2565 2956 2620 Δαυῒδ
2988 2564 3153 2619 αὐτὸν
3178 2562 3385 2635 Κύριον
3411 2561 3589 2625 καλεῖ,
3622 2559 3718 2613 καὶ
3754 2557 3863 2619 πῶς

2284 2661 2412 2724 Υἱὸς
2441 2657 2604 2714 αὐτοῦ
2635 2658 2814 2724 ὲστινς
2850 2674 2867 2708 ι
2908 2654 3154 2717 Ἀκούεις
3178 2654 3325 2716 ὅπως
3353 2654 3413 2705 ἐν
3438 2651 3650 2711 τούτοις
3680 2648 3857 2717 πειρᾶ-

2282 2771 2372 2807 ται
2404 2750 2667 2805 δεικνύειν
2702 2748 2865 2812 αὐτὸς
2888 2749 2918 2801 6
2946 2746 3203 2817 Χριστὸς,
3226 2745 3307 2798 ὅτι
3335 2743 3441 2797 κᾶν
3466 2744 3515 2796 εἰ
3539 2741 3766 2811 γέγονεν
3804 2739 3863 2791 ἐκ

2286 2845 2601 2915 σπέρματος
2630 2839 2793 2895 Δαυῒδ
2830 2840 2859 2892 6
2889 2837 3059 2906 Λόγος
3094 2835 3236 2889 κατὰ
3263 2834 3360 2907 την
3395 2833 3598 2905 σάρκα,
3625 2829 3745 2887 ἀλλ’
3773 2823 3862 2882 οὖν

2284 2938 2402 2989 ἐστι
2433 2935 2526 2988 καὶ
2552 2931 2693 2986 οὕτω
2726 2929 2869 2984 κατὰ
2900 2928 3063 2998 φύσιν
3084 2928 3310 2998 Κύριος,
3332 2927 3408 2989 ὡς
3434 2926 3565 2988 Υἱὸς
3583 2924 3676 2977 καὶ
3696 2921 3859 2985 Θιόςς

2292 3046 2310 3081 ι
2340 3024 2404 3080 Ei
2441 3026 2550 3095 γὰρ
2579 3023 2665 3095 δὴ,
2698 3025 2886 3094 φησιν,
2923 3020 3037 3084 υίὸς
3077 3018 3172 3073 τοῦ
3220 3018 3403 3084 Δαυῒδ,
3456 3016 3576 3080 πῶς
3624 3016 3785 3069 αὐτὸν
3832 3015 3861 3066 6

2285 3116 2449 3172 Δαυῒδ
2478 3116 2683 3189 Κύριον
2709 3112 3001 3184 ὀνομάζει;
3035 3131 3053 3164 ι
3076 3110 3215 3164 Ἀλλ’
3240 3109 3364 3163 οῦτε
3390 3108 3488 3180 τὴν
3516 3110 3583 3161 ὲκ
3614 3106 3859 3176 σπέρμα-

603 3199 729 3252 dum
764 3210 981 3254 carnem
1019 3200 1105 3255 hic
1138 3215 1204 3254 ex
1242 3199 1462 3257 Davidis
1496 3203 1704 3257 semine
1740 3203 1969 3271 refutat;
2006 3221 2176 3276 neque

2283 3228 2373 3274 τος
2401 3207 2563 3264 Δαυῖδ
2591 3206 2842 3277 γέννησιν
2878 3204 3018 3258 κατὰ
3055 3205 3236 3274 σάρκα
3259 3202 3317 3279 ἐν
3344 3199 3558 3263 τούτοις
3595 3199 3857 3269 ἀρνεῖται,

603 3288 840 3357 seipsum
878 3304 1091 3343 rursum
1127 3289 1421 3343 secundum
1458 3300 1706 3345 naturam
1742 3292 2026 3347 Dominum
2062 3310 2181 3357 esse

604 3389 783 3450 negat.
803 3380 998 3435 Verum
1028 3381 1153 3435 licet
1181 3395 1346 3434 unum
1376 3395 1441 3435 ex
1473 3391 1706 3452 utroque
1730 3394 1983 3440 constare
2014 3385 2181 3455 signi-

604 3471 820 3526 ﬁcatum
853 3472 1013 3538 velit,
1050 3483 1342 3542 utrumque
1376 3482 1556 3527 tamen
1594 3476 1782 3529 adesse
1814 3476 2176 3531 demonstrat.

603 3563 751 3619 Unus
781 3564 961 3633 itaque
989 3573 1074 3619 est
1102 3564 1375 3629 Christus,
1406 3574 1462 3619 et
1489 3579 1648 3619 verus
1677 3564 1866 3620 Filius.

683 3700 838 3768 Quod
867 3702 999 3771 ﬁdes
1034 3703 1089 3757 in
1122 3698 1390 3757 Christum
1426 3702 1495 3757 sit
1534 3712 1786 3774 tanquam
1819 3705 1873 3757 in
1907 3704 2097 3759 Dcum.

999 3815 1085 3873 Ex
1114 3814 1358 3885 Epistola
1387 3820 1456 3869 ad
1488 3815 1778 3874 Romanos.

674 3946 694 3979 ι
726 3925 828 3981 Per
849 3942 1010 3996 quem
1038 3929 1349 3997 accepimus
1378 3928 1609 3998 gratiam
1637 3939 1694 3983 et
1718 3930 2080 3999 apostolatum
2108 3931 2175 3986 ad

2281 3302 2404 3357 οὔτε
2454 3301 2560 3372 μὴν
2615 3298 2936 3367 ἀποπέμπει
2983 3296 3075 3350 τοῦ
3126 3290 3267 3348 εἶναι
3293 3292 3433 3346 κατὰ
3468 3289 3632 3360 φύσιν
3659 3287 3858 3359 Κύριον

2280 3393 2501 3447 ἑαυτόν·
2541 3393 2824 3463 προσεῖναι
2852 3388 2910 3442 δέ
2941 3404 3106 3458 φησιν
3135 3386 3461 3456 ἀμφότερον,
3489 3385 3539 3436 εί
3564 3383 3662 3436 καὶ
3679 3380 3736 3446 ὲξ
3755 3381 3856 3448 ἀμ-

2281 3486 2399 3553 φοῖν
2431 3481 2680 3552 βούλεται
2726 3480 2818 3532 τδν
2850 3478 2947 3531 Eva
2975 3472 3289 3547 δηλοῦσθαι.
3318 3467 3414 3536 Εἷς
3442 3466 3542 3526 οὖν
3575 3471 3685 3541 ἄρα
3726 3468 3852 3537 Χρι-

2282 3574 2425 3637 στὸς,
2458 3573 2552 3625 καὶ
2589 3571 2719 3633 Υἱὸς
2750 3568 2990 3640 ἀληθῶς.

2405 3706 2535 3759 Ὀτι
2570 3706 2659 3771 εὶς
2693 3702 2955 3773 Χριστὸν
2992 3702 3030 3770 ή
3070 3700 3278 3765 πίστις
3313 3698 3393 3763 ὡς
3430 3698 3520 3763 είς
3559 3696 3726 3750 Θεόν.

2666 3819 2767 3873 Ἐκ
2803 3816 2917 3887 τῆς
2952 3816 3101 3885 πρὸς
3143 3813 3487 3885 Ῥωμαίους.

2353 3954 2373 3987 ι
2401 3932 2477 3987 Δι’
2497 3923 2559 3986 οῦ
2586 3931 2851 4001 ἐλάϐομεν
2872 3929 3033 4001 χάριν
3057 3928 3151 3982 καὶ
3179 3925 3488 3998 ἀποστολὴν
3515 3926 3599 3988 είς
3617 3920 3847 3992 ὑπακοὴν

595 4019 955 4075 obediendum
993 4019 1113 4073 lidei
1158 4021 1209 4073 in
1254 4021 1510 4075 omnibus
1545 4014 1795 4090 gentibus
1829 4037 1927 4089 pro
1960 4024 2176 4077 nomine

2279 4027 2513 4088 πίστεως
2542 4026 2600 4077 ὲν
2635 4025 2768 4077 πᾶσι
2799 4024 2912 4085 τοῖς
2944 4021 3153 4075 ἔθνεσιν
3180 4020 3322 4089 ὑπὲρ
3348 4018 3441 4071 τοῦ
3466 4017 3734 4087 ὀνόματος
3755 4014 3844 4070 αύ-

599 4113 799 4179 ipsius;
829 4114 881 4165 in
908 4112 1103 4182 quibus
1125 4112 1259 4167 estis
1283 4123 1339 4167 et
1361 4126 1455 4167 vos
1480 4113 1656 4167 vocati
1679 4111 1807 4168 Iesu
1830 4114 2031 4169 Christi
2051 4114 2117 4169 ³⁸.
2152 4132 2171 4166 ι

2279 4116 2369 4172 τοῦ
2388 4133 2404 4149 ο
2438 4118 2496 4169 ὲν
2525 4110 2606 4178 οἷς
2630 4116 2752 4169 ἐστι
2796 4113 2892 4167 καὶ
2922 4113 3079 4183 ὑμεῖς
3114 4111 3304 4181 κλητοὶ
3339 4107 3514 4180 Ἰησοῦ
3546 4105 3797 4179 Χριστοῦ.
3824 4124 3842 4157 ι

597 4203 816 4258 Vocula:
847 4215 973 4258 sunt
1005 4215 1190 4272 gentes
1224 4220 1319 4271 per
1353 4205 1533 4259 ﬁdem.
1567 4204 1669 4271 Qui
1706 4214 1888 4260 autem
1924 4220 2020 4274 per
2046 4221 2176 4260 san-

2279 4209 2587 4279 Κέκληνται
2620 4206 2689 4260 τὰ
2714 4205 2841 4277 ἔθνη
2874 4204 2962 4258 διὰ
2993 4204 3093 4273 τῆς
3121 4202 3376 4265 πίστεως.
3405 4199 3519 4253 Καὶ
3556 4195 3625 4271 ἧν
3656 4202 3687 4253 6
3720 4199 3843 4269 Χρι-

597 4308 716 4349 rtos
743 4295 1015 4363 apostolos
1045 4295 1150 4347 illis
1180 4296 1623 4361 autmutiabatur,
1653 4294 1905 4349 Christus
1929 4304 2063 4350 erat.
2093 4295 2175 4349 Ab

2279 4301 2398 4365 στὸς
2421 4300 2509 4354 διὰ
2540 4299 2648 4353 τῶν
2680 4298 2851 4366 ἁγίων
2875 4296 3191 4351 ἀποστόλων
3222 4296 3251 4347 6
3283 4294 3413 4365 παρ’
3432 4293 3618 4356 αὐτοῖς
3650 4307 3844 4362 κηρυτ-

597 4387 665 4440 iis
693 4401 819 4437 vero
843 4386 933 4452 qui
966 4384 1090 4438 ﬁdei
1125 4386 1398 4455 mysteriis
1426 4375 1805 4450 iuitiahautnr,
1836 4386 1965 4441 ﬁdes
1992 4386 2175 4455 exige-

2279 4392 2529 4462 τόμενος·
2564 4389 2863 4460 ἐπράττετο
2888 4387 2944 4440 δὲ
2986 4386 3140 4457 παρὰ
3164 4384 3274 4437 τῶν
3306 4382 3843 4454 μυσταγωγουμίνων

597 4480 758 4529 batur
791 4477 843 4529 in
880 4475 1185 4539 Christum,
1223 4493 1326 4528 non
1365 4487 1617 4545 tanquam
1655 4476 1706 4530 in
1745 4477 2045 4544 hominem,
2077 4478 2170 4532 sed

2279 4485 2307 4553 ἡ
2339 4482 2521 4545 πίστις
2544 4481 2643 4550 ούχ
2670 4480 2753 4543 ὡς
2781 4480 2861 4542 είς
2888 4478 3192 4550 ἄνθρωπον,
3233 4473 3349 4529 ἀλλ’
3383 4475 3458 4536 ὡς
3484 4476 3563 4538 εἰς
3591 4472 3746 4526 Θεὸν.
3773 4470 3841 4575 Ού

596 4578 849 4635 tanquam
884 4568 936 4622 in
970 4567 1154 4621 Deum.
1190 4567 1371 4635 Neque
1400 4568 1544 4620 enim
1576 4568 1760 4621 dicere
1789 4568 1870 4621 fas
1899 4577 2003 4631 est,
2036 4584 2168 4637 gen-

596 4670 678 4711 tes
708 4674 825 4727 quze
853 4657 1012 4711 ﬁdem
1045 4659 1097 4710 iu
1126 4659 1398 4711 Christum
1429 4656 1945 4724 complectehantur,
1971 4673 2036 4713 ex
2065 4674 2172 4714 uno

595 4766 778 4802 errore
810 4750 862 4802 in
895 4750 1121 4803 alterum
1155 4748 1434 4801 transiisse
1464 4764 1477 4802 :
1508 4763 1695 4802 verum
1726 4766 1755 4801 ιι
1788 4747 1908 4803 falsi
1941 4749 2176 4803 nominis

597 4844 700 4895 diis
728 4842 1011 4903 abductas,
1043 4844 1110 4893 ad
1143 4840 1306 4894 Deum
1338 4840 1513 4894 vivum
1543 4854 1836 4895 conversas
1862 4854 2003 4895 esse.
2033 4839 2165 4895 Cum

597 4934 671 4987 illi
712 4947 843 5002 ergo
879 4934 946 4986 ad
986 4933 1347 4987 obediendum
1394 4930 1515 4985 ﬁdei
1564 4946 1661 5000 pro
1700 4931 1905 4987 Christi
1950 4932 2169 4987 nomine

595 5025 954 5092 apostolatum
1012 5039 1072 5079 se
1126 5025 1404 5092 accepisse
1461 5024 1837 5093 proﬁteantur,
1898 5024 2168 5093 quomodo

594 5116 843 5173 Christus
875 5129 980 5169 non
1006 5125 1091 5169 est
1124 5115 1294 5180 Deus,
1327 5130 1448 5169 eum
1481 5114 1612 5169 ﬁdes
1643 5115 1903 5170 habeatur
1933 5116 1987 5169 in
2017 5115 2166 5170 illum

595 5218 850 5276 tanquam
882 5207 936 5261 itt
966 5207 1166 5261 Deum?

671 5320 690 5353 ι
728 5299 906 5354 Testis
931 5308 1015 5353 est
1039 5300 1167 5354 mihi
1198 5299 1355 5363 Deus,
1388 5300 1471 5353 cui
1502 5299 1681 5354 servio
1712 5299 1764 5353 in
1804 5298 1995 5367 spiritu
2026 5313 2165 5366 meo,

596 5390 653 5445 in
698 5388 989 5459 Evangelia
1037 5387 1156 5443 Filii
1206 5389 1347 5459 ejus,
1400 5389 1543 5457 quod
1594 5390 1713 5443 sine
1767 5388 2169 5443 intermissione

596 5466 913 5535 memoriam
976 5480 1144 5535 vestri
1208 5480 1348 5534 facio
1415 5495 1630 5550 semper
1697 5481 1749 5533 iu
1829 5479 2171 5534 orationibus

600 5572 735 5626 meis
763 5571 831 5628 ³⁹.
872 5590 890 5623 ι
926 5571 1026 5638 Qui
1064 5573 1171 5625 Deo
1209 5571 1474 5635 serviunt,
1518 5586 1624 5627 non
1664 5573 1914 5627 serviunt
1942 5570 2169 5627 Christo

668 5747 716 5778 “
744 5747 880 5804 Luc.
916 5762 965 5813 v,
999 5748 1085 5811 l2,
1124 5748 1205 5801 l3.

1298 5748 1337 5779 ³⁷
1359 5745 1487 5801 Luc.
1521 5760 1609 5811 xx,
1652 5745 1837 5802 il-H.
1916 5747 1958 5779 ³⁸
1985 5746 2138 5805 Rom.
2173 5764 2210 5813 ι,

2271 4574 2381 4646 γάρ
2415 4572 2517 4626 πού
2557 4588 2737 4642 φαμεν
2765 4571 2829 4623 ὲκ
2861 4568 3067 4639 πλάνης
3103 4570 3185 4631 είς
3214 4566 3422 4637 πλάνην
3456 4562 3751 4634 κεκλῆσθαι
3779 4560 3842 4612 τὰ

2272 4668 2421 4735 έονη,
2448 4666 2547 4735 τὴν
2584 4665 2664 4726 εἰς
2699 4661 2935 4733 Χριστὸν
2972 4659 3154 4712 πίστιν
3197 4656 3653 4728 παραδεξάμεναο
3685 4668 3842 4707 κατα-

2274 4758 2557 4811 λελοιπὸτα
2598 4756 2654 4809 δὲ
2692 4754 2891 4826 μᾶλλον
2936 4748 3063 4814 τοὺς
3105 4750 3491 4820 ψευδωνύμως
3524 4747 3702 4810 Θεοὺς,
3735 4746 3841 4797 trs:-

2276 4848 2505 4920 στρέψαι
2529 4845 2718 4899 λοιπὸν
2752 4845 2846 4898 ἐπὶ
2873 4842 3005 4896 Θεὸν
3035 4842 3371 4906 ζῶντα.Ὄτε
3411 4838 3591 4893 τοίνυν
3620 4838 3839 4891 ἀποστο-

2272 4940 2370 5013 λὴν
2403 4936 2679 5009 εἰληφέναι
2715 4935 2882 5005 φασὶν
2912 4934 2963 4987 οἱ
2992 4931 3344 5003 μυσταγωγοὶ
3368 4932 3449 4992 είς
3484 4927 3735 4998 ὑπακοὴν
3762 4926 3839 4979 πίε

2278 5048 2448 5093 στεως
2479 5030 2621 5100 ὑπὲρ
2647 5027 2739 5081 τοῦ
2768 5027 3027 5097 ὀνόματος
3066 5023 3163 5078 τοῦ
3208 5022 3469 5092 Χριστοῦ,
3502 5022 3620 5085 πῶς
3652 5022 3751 5074 οὐκ
3782 5018 3839 5073 ἂν

2274 5122 2359 5194 εἴη
2389 5122 2539 5185 Θεὸς,
2564 5122 2721 5189 εἴπερ
2748 5120 2828 5181 είς
2864 5117 3022 5172 αὐτὸν
3052 5119 3085 5188 ἠ
3121 5116 3325 5179 πίστις,
3354 5114 3431 5178 ὼς
3462 5116 3542 5177 είς
3575 5113 3747 5178 Θεὸν;

2354 5321 2371 5353 ι
2398 5300 2627 5372 Μάρτυς
2654 5299 2763 5370 γάρ
2800 5317 2901 5370 μου
2926 5299 3073 5353 ἔστὶν
3096 5301 3126 5353 6
3154 5298 3308 5362 Θεὸς,
3331 5291 3378 5367 ᾧ
3407 5298 3657 5369 λατρεύω
3685 5300 3744 5351 ἐν
3770 5296 3838 5366 τῷ

2282 5392 2553 5463 πνεύματί
2580 5409 2704 5461 μου,
2732 5392 2791 5445 ὲν
2824 5390 2904 5462 τῷ
2932 5392 3248 5462 Εύαγγελίῳ
3277 5389 3371 5444 τοῦ
3402 5391 3532 5443 Υίοῦ
3561 5391 3752 5457 αὑτοῦ,
3773 5392 3838 5453 ὼς

2273 5481 2628 5545 ἀδιαλείπτως
2667 5481 2856 5551 μνείαν
2889 5481 3042 5551 ὑμῶν
3067 5478 3327 5551 ποιοῦμαι
3360 5481 3591 5535 πάντοτε
3623 5482 3715 5533 ἐπὶ
3744 5479 3837 5533 τῶν

2274 5572 2592 5645 προσευχῶν
2633 5589 2756 5644 μου.
2792 5592 2810 5626 ι
2855 5575 2919 5626 Οί
2946 5573 3065 5644 Θεῷ
3093 5570 3469 5645 λατρεύοντες,
3496 5572 3597 5643 ούχ
3623 5572 3698 5635 ὡς
3732 5568 3837 5640 Θεῷ

2241 5750 2295 5815 5,
2331 5749 2385 5807 6.
2463 5750 2508 5782 ³⁹
2533 5749 2682 5804 Rom.
2717 5768 2751 5817 I,
2790 5754 2841 5805 ll.
