4066 6496
674 388 811 448 1325

1664 381 1722 436 S.
1754 380 2034 436 CYIHLIJ
2078 376 2258 433 ALLX

2371 374 2544 429 UlilNl
2585 366 2906 429 sntztttnr.
3828 368 3967 420 ιῖξι

675 509 726 561 in
761 505 932 564 illum,
966 514 1071 554 non
1108 496 1471 552 confundetur
1496 498 1561 551 ³⁸.
1604 517 1622 549 ι
1668 498 1725 553 Si
1764 498 1967 553 Christi
2014 513 2241 568 persona

2380 485 2435 559 ἶς’
2462 496 2753 566 σωτηρίαν.
2777 494 2936 564 Λέγει
2973 494 3077 565 γὰρ
3105 496 3136 565 ὴ
3167 495 3356 565 Γραφή
3380 512 3391 526 υ
3430 515 3448 546 ι
3473 497 3636 558 Πᾶςό
3666 511 3965 547 πίστει-εει

646 618 647 621 η
674 595 940 648 universae
963 589 1103 643 fidei.
1123 599 1318 642 nostra!
1349 588 1631 653 terminus,
1661 599 1713 642 et
1744 589 2108 643 confessionis
2138 588 2249 642 vir-

675 699 759 741 tus
789 684 1102 754 prmfigitur,
1156 690 1495 748 mortemque
1533 681 1673 734 illius
1705 690 1761 735 et
1794 682 2248 735 resurrectionem

676 775 1017 837 confitentes,
1050 770 1216 826 veluti
1249 770 1301 823 in
1334 771 1501 824 Deum
1525 770 1833 834 credentes,
1855 771 2246 840 iustificamur:

675 871 799 937 quis
824 867 1008 922 dicere
1043 866 1265 928 audeat,
1290 861 1464 931 ipsum
1519 862 1741 917 deitatis
1778 872 2053 917 exsortem
2090 861 2251 917 esse?

676 960 945 1027 siquidem
997 966 1083 1012 est
1133 968 1344 1010 summa
1397 965 1452 1009 et
1498 966 1661 1024 caput
1712 955 1909 1010 salutis
1966 954 2251 1019 oumium,

675 1052 983 1120 ustiumque
1012 1056 1068 1103 et
1112 1046 1221 1113 via,
1270 1046 1393 1101 ﬁdei
1448 1047 1503 1101 in
1554 1047 1728 1117 ipsum
1796 1046 2090 1102 confessio.
2150 1044 2254 1102 Per

680 1147 852 1210 ipsum
880 1154 1111 1210 namque
1134 1147 1189 1195 et
1221 1138 1275 1194 in
1309 1138 1423 1209 ipso
1448 1138 1560 1208 ipse
1586 1152 1800 1210 quoque
1827 1136 1992 1194 Pater
2032 1152 2064 1192 a
2099 1136 2255 1193 nobis

678 1218 1044 1305 cognoscitur.

755 1450 775 1486 ι
814 1431 874 1488 Ei
905 1440 1084 1485 autem
1121 1427 1212 1497 qui
1244 1435 1436 1495 potens
1466 1432 1550 1479 est
1592 1423 1924 1481 conﬁrmare
1964 1437 2063 1477 vos
2101 1421 2256 1492 juxta

684 1521 1032 1591 Evangeliutn
1062 1534 1262 1582 meum,
1284 1526 1342 1572 et
1378 1518 1815 1583 prmdieationem
1862 1514 1986 1571 Iesu
2029 1512 2257 1577 Christi,

684 1615 978 1671 secundum
1016 1609 1404 1666 revelationem
1446 1607 1690 1679 mysterii
1728 1607 2063 1675 temporibus
2098 1614 2259 1659 :eter-

684 1709 769 1763 nis
797 1706 943 1761 taciti
978 1703 1143 1774 (quod
1177 1715 1320 1756 nunc
1355 1699 1683 1769 patefactum
1711 1708 1794 1752 est
1824 1713 1921 1767 per
1959 1697 2261 1766 scripturas

2354 590 2432 650 εἷς
2471 587 2652 651 αὑτὸν.
2682 589 2743 641 οὗ
2772 586 3318 658 καταισχυνθήσεται.
3352 605 3371 638 ι
3406 586 3484 639 -Εῐ
3533 586 3785 657 σύμπας
3835 585 3969 652 ἡμῖν,

2351 679 2380 729 6
2396 678 2494 748 τῆς
2524 677 2759 741 πίστεως
2779 677 3047 747 δροςηκαί
3075 677 3175 746 τῆς
3193 676 3488 747 ὁμολογίας
3511 678 3547 747 ἡ
3574 674 3858 744 δύναμις,
3890 676 3971 734 εἰς

2356 769 2418 822 τὸ
2456 770 2550 823 τοῦ
2598 768 2838 839 Χριστοῦ
2882 769 3233 840 περιίσταται
3261 767 3576 840 πρόσωπον,
3604 766 3705 820 καὶ
3752 762 3967 834 bimis-

2352 858 2576 929 γοῦντες
2600 859 2765 914 αὑτοῦ
2792 860 2885 913 τὸν
2910 860 3140 914 θάνατον
3168 858 3265 913 καὶ
3284 858 3386 931 τὴν
3411 858 3747 921 ἀνάστασιν,
3776 854 3866 917 ὡς
3889 856 3971 912 εἰς

2353 953 2487 1007 Θεὸν
2531 952 2958 1017 πεπιστευκότες
3003 951 3381 1023 δικαιούμεθαο
3408 950 3495 1014 τίς
3532 950 3564 1003 6
3597 949 3780 1019 φάναι
3826 945 3973 998 Θεὸν

2354 1043 2455 1097 οὐκ
2504 1036 2643 1097 εἰναι
2684 1042 2899 1112 τολμῶν
2936 1043 3121 1110 αὐτὸν,
3163 1042 3320 1113 εἰπερ
3349 1042 3468 1094 ἐστὶ
3502 1039 3822 1109 κεφάλαιον
3860 1035 3969 1104 τῆς

2357 1136 2613 1191 ἁπάντων
2640 1135 2935 1207 σωτηρίας,
2959 1133 3097 1204 θύρα
3138 1150 3198 1187 τε
3235 1133 3330 1187 καὶ
3360 1133 3499 1198 ὁδὸς,
3527 1132 3626 1201 τῆς
3657 1132 3749 1194 εἰς
3786 1126 3968 1180 αὐτὸν

2356 1227 2594 1290 πίστεως
2619 1228 2653 1298 ή
2689 1226 2982 1297 ὁμολογίας
3009 1226 3087 1279 Δι’
3115 1225 3279 1279 αὑτοῦ
3308 1225 3418 1296 γὰρ
3450 1223 3547 1277 καὶ
3575 1224 3634 1278 ἐν
3659 1220 3837 1292 αὐτῷ
3864 1221 3965 1273 καὶ

2358 1318 2523 1383 αὐτὸς
2549 1320 2578 1372 6
2611 1316 2803 1389 Πατὴρ
2830 1316 3250 1387 ἐπιγινώσκεται
3285 1316 3424 1387 πρὸς
3449 1315 3630 1386 ἡμῶν.

2432 1450 2451 1484 ι
2482 1430 2574 1502 Τῷ
2613 1430 2672 1484 δὲ
2701 1428 2989 1501 δυναμένῳ
3018 1429 3166 1500 ὑμᾶς
3206 1428 3456 1501 στηρίξαι
3483 1426 3626 1482 κατὰ.
3669 1427 3731 1479 τὸ
3764 1425 3961 1491 Εὐαγ-

2360 1522 2539 1592 γέλιόν
2583 1539 2685 1594 μου
2720 1522 2817 1576 καὶ
2864 1520 2921 1575 τὸ
2962 1522 3226 1593 κήρυγμα
3262 1520 3438 1592 Ἰησοῦ
3485 1517 3741 1591 Χριστοῦ,
3805 1517 3959 1569 κατὰ

2360 1615 2702 1685 ἀποκάλυψιν
2733 1612 3029 1686 μυστηρίου
3057 1612 3266 1684 χρόνοις
3292 1612 3533 1675 αἰωνίοις
3555 1609 3953 1679 σεσιγημένου.

2359 1705 2773 1778 Φανερωθέντος
2791 1704 2849 1758 δὲ
2868 1702 2963 1759 νῦν
2985 1704 3074 1760 διά
3101 1720 3160 1757 τε
3182 1701 3409 1775 γραφῶν
3427 1700 3787 1773 προφητικῶν
3812 1713 3926 1751 κατ
3942 1697 3958 1711 ⁸

682 1799 1093 1868 prophetarum,
1126 1791 1425 1849 secundum
1457 1798 1785 1860 pmceptum
1826 1788 2014 1842 aeterni
2038 1787 2153 1850 Dei,
2189 1784 2257 1839 ad

2371 1798 2629 1870 ἐπιταγὴν
2656 1797 2750 1851 τοῦ
2784 1796 3006 1850 αίωνίου
3045 1793 3202 1860 Θεοῦ,
3232 1795 3313 1859 εἰς
3342 1794 3641 1863 ὑπακοὴν1⁵
3674 1792 3951 1852 πίστεως,

686 1888 1049 1946 obeditionem
1081 1882 1250 1955 fidei),
1284 1884 1337 1938 in
1366 1882 1579 1938 cunctis
1616 1879 1869 1951 gentibus
1900 1877 2128 1949 cogniti,
2158 1875 2257 1932 soli

686 1979 913 2050 sapienti
950 1978 1091 2045 Deo,
1137 1990 1234 2046 per
1272 1971 1462 2031 Iesum
1497 1972 1818 2036 Christum;
1867 1970 1953 2025 cui
1998 1970 2170 2024 honor
2208 1977 2263 2023 ct

687 2074 858 2143 gloria
896 2072 951 2125 in
980 2068 1175 2124 saecula
1207 2066 1549 2123 saeculorum.
1585 2066 1758 2120 Amen
1787 2063 1875 2120 ⁸⁸⁸.
1907 2081 1925 2115 ι
1959 2062 2037 2116 En
2066 2061 2155 2115 hic
2183 2060 2262 2115 di-

686 2173 831 2219 serte
862 2161 1095 2216 allirmat
1118 2157 1494 2227 Evangelium,
1540 2155 1888 2226 ejusdemque
1922 2152 2264 2223 praedicatio-

690 2272 811 2312 nem
839 2257 905 2309 ad
947 2254 1119 2324 ipsum
1159 2251 1436 2306 Christum
1489 2249 1853 2319 pertinuisse:
1917 2258 2028 2302 tuin
2081 2246 2267 2301 occul-

691 2358 802 2400 tum
840 2343 966 2398 illud
997 2346 1063 2397 de
1106 2342 1225 2412 ipso
1273 2342 1464 2397 eodem
1499 2339 1817 2410 mysterium
1860 2337 2079 2394 aeternis
2130 2346 2266 2391 tem-

689 2434 911 2504 poribus
948 2433 1195 2494 tacitum,
1229 2444 1372 2485 nunc
1403 2430 1618 2485 demum
1649 2428 1714 2482 ad
1739 2427 1862 2482 lidei
1895 2427 2264 2484 obeditionem

692 2529 744 2580 iu
796 2525 1047 2595 omnibus
1090 2523 1343 2593 gentibus
1415 2520 1741 2590 patefactum
1802 2520 2081 2590 praedicat.
2131 2520 2265 2573 Nam

691 2629 876 2687 gentes
906 2616 1162 2671 falsorum
1212 2614 1435 2669 deorum
1468 2612 1619 2668 cultu
1670 2612 1931 2678 liberatae,
1975 2627 2268 2681 veramque

695 2708 806 2762 veri
858 2705 1232 2774 uaturalisque
1278 2703 1371 2759 Dei
1420 2702 1669 2758 notitiam
1700 2701 1942 2771 adeptae,
1995 2703 2060 2756 ad
2109 2700 2269 2756 Chri-

692 2814 833 2853 stum
860 2807 1309 2853 suutconversae.
1338 2793 1491 2862 Quod
1527 2795 1571 2850 si
1622 2809 1719 2863 per
1763 2791 1947 2848 Jesum
1991 2793 2267 2847 Christum

697 2895 835 2947 lieus
873 2890 1048 2960 palam
1094 2898 1177 2943 est
1227 2888 1467 2957 agnitus,
1500 2886 1773 2956 quomodo
1818 2884 2021 2940 Christi
2072 2892 2269 2954 myste-

698 2987 834 3036 rium
870 2996 975 3035 non
1005 2990 1089 3036 est
1118 2995 1370 3051 magnum
1393 2978 1417 3032 ?
1442 2977 1599 3043 Quod
1633 2977 1676 3032 si
1709 2977 1754 3032 is
1786 2976 1966 3031 animo
1994 2975 2269 3044 concipia-

696 3084 784 3127 tur
827 3083 882 3127 ιιι
918 3074 1084 3127 homo
1127 3072 1397 3141 quispiam
1432 3068 1575 3124 nulla
1606 3083 1670 3123 ex
1709 3078 1861 3137 parte
1903 3067 2071 3122 nostri
2108 3067 2269 3121 dissi-

695 3163 859 3228 milis,
896 3172 949 3217 ct
983 3178 1088 3216 non
1124 3172 1183 3216 ut
1223 3160 1367 3215 Deus
1410 3161 1574 3214 homo
1620 3158 1838 3225 factus;
1877 3158 2021 3213 haud
2062 3171 2270 3229 magna:
2296 3183 2341 3239 ρ

697 3267 827 3307 sme
860 3252 1143 3321 sapientia:
1175 3257 1581 3304 sacramentum
1614 3247 1744 3302 illud
1773 3246 1957 3303 fuerit.

771 3382 792 3416 ι
824 3363 954 3419 Dico
1002 3362 1146 3416 enim
1197 3360 1474 3415 Christum
1521 3358 1702 3414 Jcsum
1750 3359 2056 3415 ministrum
2104 3359 2273 3417 fuisse

697 3452 1130 3509 rircumeisionis
1176 3458 1398 3520 propter
1438 3450 1723 3503 veritatem
1781 3450 1899 3514 Dei,
1956 3451 2023 3505 ad
2071 3450 2274 3504 confir-

698 3547 925 3602 mandas
951 3544 1339 3615 promissioues
1371 3552 1587 3612 patrum
1616 3558 1630 3595 :
1668 3550 1858 3611 gentes
1900 3550 2078 3597 autem
2110 3557 2276 3611 super

701 3638 1075 3694 misericordia
1115 3636 1383 3689 honorare
1409 3632 1599 3688 Deum.
1639 3632 1912 3703 Scriptum
1955 3642 2041 3688 est
2083 3632 2225 3686 enim
2257 3672 2273 3688 .

698 3730 941 3785 Credidit
965 3727 1237 3783 Abraham
1270 3724 1404 3791 Deo,
1435 3732 1490 3781 et
1523 3733 1830 3794 reputatum
1856 3732 1938 3777 est
1963 3723 2038 3778 illi
2085 3723 2151 3776 ad
2189 3721 2276 3792 ju—

702 3826 905 3881 stitiam
933 3824 1001 3879 ".
1034 3842 1053 3876 ›
1084 3822 1293 3876 Dictum
1318 3829 1404 3875 est
1439 3834 1653 3873 rursum
1700 3820 1767 3871 ad
1803 3817 1991 3872 illum:
2042 3836 2060 3869 ι
2118 3814 2175 3869 lu
2226 3826 2277 3871 te

707 3915 1097 3969 benedicentur
1120 3925 1310 3965 omnes
1339 3908 1509 3963 tribus
1542 3918 1699 3962 terra:
1720 3906 1764 3938 ⁸⁸
1791 3923 1806 3971 ;
1837 3925 1855 3956 ι
1892 3906 1942 3959 id
1965 3905 2105 3974 quod
2138 3904 2278 3959 Pau-

704 4010 785 4062 lus
832 4006 933 4061 hac
964 4005 1120 4059 nobis
1165 4001 1431 4057 sententia
1481 4000 1747 4068 exponit:
1788 4015 1808 4049 ι
1847 3996 1961 4051 Non
2006 3997 2150 4051 enim
2183 4012 2281 4065 per

702 4098 897 4166 legem,
930 4095 1027 4158 ait,
1061 4093 1347 4163 promissio
1381 4089 1635 4152 Abrahae,
1676 4096 1735 4140 ut
1774 4086 1888 4157 ipse
1935 4086 2108 4141 haeres
2134 4095 2280 4139 esset

703 4186 911 4253 mundi,
956 4185 1049 4239 sed
1104 4198 1199 4254 per
1243 4182 1504 4248 justitiam
1561 4179 1685 4233 fidei
1707 4178 1794 4243 “;
1840 4197 1860 4231 ι
1915 4187 1969 4232 et
2019 4193 2277 4232 rursum:

688 4295 729 4327 ἰ
763 4275 931 4347 Igitur
959 4275 1049 4343 qui
1090 4289 1155 4327 ex
1201 4273 1304 4326 fide
1333 4280 1479 4335 sunt,
1524 4268 1686 4339 120
1732 4268 2121 4323 benedicentur
2157 4281 2279 4321 cum

708 4369 851 4423 lideli
878 4368 1152 4423 Abraham
1178 4366 1245 4419 ".
1278 4383 1297 4416 ι
1343 4364 1401 4419 Si
1444 4364 1536 4417 Dei
1573 4376 1704 4431 ergo
1750 4360 2138 4430 promissiones
2187 4373 2284 4428 per

2362 1896 2442 1957 εἰς
2473 1894 2653 1947 πάντα
2695 1892 2766 1945 τὰ
2808 1890 2936 1963 ἔθνη
2978 1888 3393 1962 γνωρισθέντος.
3420 1889 3583 1958 Μόνῳ
3616 1886 3759 1956 σοφῷ
3796 1885 3949 1954 Θεῷ,

2361 1982 2450 2035 διὰ
2482 1981 2656 2053 Ἰησοῦ
2686 1980 2946 2052 Χριστοῦ,
2971 1972 3016 2047 ᾧ
3043 1981 3078 2050 ἠ
3107 1977 3234 2044 δόξα
3257 1978 3355 2032 καὶ
3376 1977 3441 2031 τὸ
3468 1976 3669 2049 κράτος
3692 1978 3775 2039 είς
3817 1975 3954 2037 τοὺς

2363 2074 2567 2138 αἰῶνας
2590 2071 2701 2126 τῶν
2721 2071 2952 2127 αἰώνων.
2969 2071 3162 2143 Ἀμήν.
3193 2088 3212 2122 ι
3233 2070 3364 2124 Ἰδοὺ
3387 2068 3452 2139 δὴ
3474 2067 3659 2137 σαφῶς
3681 2066 3738 2120 τὸ
3761 2068 3952 2133 Εὐαγ-

2364 2165 2544 2234 γέλιον
2580 2165 2676 2218 καὶ
2706 2164 2766 2217 τὸ
2794 2165 3057 2236 κήρυγμα
3097 2159 3273 2233 Ἰησοῦ
3300 2158 3538 2231 Χριστοῦ
3568 2176 3728 2230 φησιν
3755 2155 3905 2211 εἶναι
3930 2173 3945 2185 ·

2365 2258 2461 2312 καὶ
2484 2255 2793 2327 κεκρύφθαι
2822 2254 2924 2327 μὲν
2951 2254 3012 2308 τὸ
3038 2253 3125 2307 ἐπ’
3152 2250 3303 2322 αξιτῷ
3331 2250 3653 2323 μυστήριον,
3676 2250 3765 2302 καὶ
3793 2266 3943 2301 σεσε-

2354 2346 2566 2421 “γῆσθαι
2598 2347 2823 2419 χρόνοις.
2849 2347 3110 2410 αἰωνίοις,
3147 2343 3602 2414 ἀποκαλυφθῆναι
3638 2341 3691 2394 δὲ
3718 2341 3815 2395 νῦν
3862 2342 3942 2401 εἰς

2368 2439 2614 2510 ὑπακοὴν
2644 2439 2881 2502 πίστεως
2906 2438 2987 2501 εἰς
3024 2436 3202 2491 πάντα
3244 2436 3313 2489 τὰ
3341 2433 3491 2505 ἔθνη.
3529 2432 3797 2503 Ἐστρὰφη
3831 2431 3941 2500 γὰρ

2368 2532 2447 2595 είς
2470 2528 2709 2602 Χριστὸν
2730 2527 2801 2581 τὰ
2824 2527 2950 2599 ἔθνη
2978 2526 3081 2597 τῆς
3101 2524 3452 2597 ψευδωνύμου
3479 2523 3729 2593 λατρείας
3744 2522 3943 2594 ἐξῃρη-

2348 2622 2532 2692 μένα,
2562 2619 2659 2673 καὶ
2691 2619 2769 2682 ὡς
2796 2617 2932 2671 Θεὸν
2958 2616 3120 2672 αὑτὸν
3149 2614 3503 2685 ἐπεγνωκότα
3531 2613 3624 2666 τὸν
3652 2613 3805 2683 φύσει
3846 2612 3941 2663 καί

2369 2710 2607 2782 ἀληθῶς,
2630 2709 2743 2765 Καὶ
2785 2710 2834 2762 εἰ
2874 2708 3065 2778 σαφῶς
3091 2706 3179 2760 διὰ
3215 2704 3391 2777 Ἰησοῦ
3420 2702 3656 2776 Χριστοῦ
3698 2701 3941 2773 ἐγνώσθη

2369 2802 2525 2868 Θεὸς,
2570 2801 2690 2866 πῶς
2734 2801 2794 2855 ού
2834 2801 2981 2871 μέγα
3011 2799 3073 2852 τὸ
3108 2796 3345 2868 Χριστοῦ
3397 2795 3731 2867 μυστήριον;
3779 2794 3843 2847 Εἰ
3885 2793 3940 2845 δὲ

2371 2895 2573 2947 νοεῖται
2629 2890 2755 2947 καθ’
2792 2892 2941 2962 ἡμᾶς
2992 2889 3284 2960 ἄνθρωπος
3338 2886 3548 2951 ἁπλῶς,
3598 2884 3690 2939 καὶ
3719 2883 3840 2954 οὐχὶ
3884 2882 3939 2934 δὲ

2375 2980 2576 3052 μᾶλλον
2606 2978 2741 3043 Θεὸς
2763 2976 3225 3051 ἐνηνθρωπηκὼς,
3255 2976 3441 3030 οὐκέτι
3470 2975 3634 3047 σοφὸν
3657 2975 3713 3027 τὸ
3734 2972 3941 3044 μυστή-

2377 3089 2511 3143 ριον.

2450 3383 2470 3418 ι
2501 3365 2658 3435 Λέγω
2691 3364 2801 3437 γὰρ
2829 3364 3067 3437 Χριστὸν
3089 3363 3337 3418 διάκονον
3379 3358 3707 3433 γεγενῆσθαι
3731 3376 3935 3432 περιτο-

2377 3458 2485 3530 μῆς
2516 3458 2657 3529 ὑπὲρ
2692 3457 2948 3528 ἀληθείας
2981 3456 3139 3521 Θεοῦ,
3172 3456 3253 3519 εἰς
3299 3454 3362 3508 τὸ
3410 3453 3706 3525 βεϐαιῶσαι
3729 3453 3821 3515 τὰς
3849 3453 3935 3503 ἐπ-

2375 3550 2636 3619 αγγελίας
2689 3549 2800 3602 τῶν
2848 3548 3131 3620 πατέρων’
3185 3547 3254 3601 τὰ
3302 3546 3360 3600 δὲ
3404 3546 3534 3617 ἔθνη
3582 3547 3718 3618 ὑπὲρ
3766 3545 3932 3604 ἐλέους

2374 3641 2597 3706 δοξάσαι
2623 3641 2716 3694 τὸν
2742 3640 2896 3695 Θεόν,
2934 3639 3250 3711 Γέγραπται
3283 3639 3416 3709 γὰρ,
3444 3640 3529 3692 ὅτι
3573 3656 3592 3689 ι
3640 3638 3928 3691 Ἑπίστευσε

2375 3732 2431 3786 δὲ
2465 3731 2719 3803 Ἀϐραὰμ
2748 3730 2826 3802 τῷ
2854 3730 2997 3801 Θεῷ,
3024 3730 3119 3784 καὶ
3154 3729 3412 3801 ἐλογίσθη
3451 3730 3602 3799 αὐτῷ
3642 3730 3722 3793 εἰς
3744 3728 3927 3781 δικαιοα

2379 3823 2562 3895 σύνην.
2599 3843 2619 3875 ι
2656 3824 2885 3895 Εἴρηται
2928 3823 2985 3877 δὲ
3034 3823 3173 3894 πρὸς
3203 3822 3386 3888 αὐτὸν,
3413 3823 3498 3876 ὅτι
3530 3842 3551 3876 ι
3575 3822 3928 3893 Ἐνευλογηθή-

2380 3933 2560 3971 σονται
2591 3917 2649 3971 ἐν
2680 3915 2765 3969 σοὶ
2799 3917 2972 3970 πᾶσαι
3005 3917 3062 3969 αἰ
3109 3916 3275 3986 φυλαὶ
3319 3915 3419 3985 τῆς
3466 3916 3591 3987 γῆς.
3626 3935 3643 3967 ι
3671 3917 3736 3970 ’0
3760 3916 3817 3988 δὴ
3848 3914 3924 3968 κατ

2381 4007 2549 4076 σαφὲς
2590 4009 2721 4081 ἡμῖν
2769 4008 2945 4061 ἐποίει
2992 4007 3168 4078 λέγων
3213 4009 3242 4061 6
3292 4006 3539 4071 Παῦλος·
3576 4024 3596 4059 ι
3628 4008 3703 4062 Οὐ
3734 4006 3833 4077 γὰρ
3856 4006 3928 4060 διὰ

2380 4100 2544 4170 νόμου
2572 4101 2605 4167 ἠ
2641 4098 2946 4169 ἐπαγγελία
2985 4097 3064 4169 τῷ
3097 4097 3368 4171 Ἀϐραὰμ,
3398 4100 3479 4163 είς
3523 4098 3587 4152 τὸ
3627 4098 3930 4169 κληρονόμον

2380 4191 2543 4247 αὑτὸν
2575 4187 2713 4247 εἶναι
2749 4192 2981 4263 κόσμου,
3010 4191 3149 4247 ἀλλὰ
3191 4191 3280 4246 διὰ
3327 4190 3681 4263 δικαιοσύνης
3732 4191 3818 4245 καὶ
3855 4189 3929 4240 πί·

2384 4294 2574 4342 στεως.
2603 4295 2623 4330 ι
2664 4277 2775 4331 Καὶ
2827 4278 3028 4333 πάλιν·
3079 4279 3275 4333 «Ὥστε
3319 4280 3369 4332 οἰ
3411 4280 3476 4333 ἐκ
3521 4279 3760 4343 πίστεως
3803 4278 3931 4331 εὐλο-

2382 4365 2604 4435 γοῦνται
2639 4368 2739 4422 σὺν
2765 4368 2845 4440 τῷ
2881 4368 3060 4440 πιστῷ
3093 4369 3364 4441 Ἀϐραάμ.
3395 4388 3416 4423 ι
3451 4369 3663 4424 Οὐκοῦν
3688 4372 3736 4423 εἰ
3774 4372 3832 4423 ἐκ
3855 4369 3929 4420 πί-

708 4461 865 4514 tidein
911 4451 1165 4528 patribus'
1191 4459 1547 4518 obvenerunt,
1573 4454 1825 4509 Christus
1862 4465 1994 4507 vero
2038 4451 2270 4506 minister

2387 4474 2556 4522 στεως
2602 4460 2657 4512 αἱ
2703 4458 3032 4529 ἐπαγγελίαι
3080 4459 3311 4515 δίδονται
3350 4463 3463 4525 τοῖς
3510 4462 3753 4532 πατράσι
3807 4459 3931 4531 παρὰ

708 4554 883 4606 factus
922 4559 1025 4615 est,
1062 4549 1163 4603 hoc
1187 4558 1271 4603 est
1295 4547 1583 4611 mediator,
1622 4545 1688 4598 ad
1722 4543 2020 4599 ﬁrmandus
2044 4542 2270 4614 promis-

2384 4548 2542 4614 Θεοῦ,
2582 4548 2772 4619 γέγονε
2826 4550 3006 4604 τοίνυν
3046 4550 3292 4617 διάκονος
3334 4552 3363 4605 ό
3412 4529 3673 4622 Χριστὸς,
3716 4529 3929 4607 τουτέστι

707 4645 888 4698 siones
913 4640 1159 4711 patrihus
1184 4655 1215 4695 a
1242 4641 1351 4695 Deo
1377 4638 1570 4703 factas,
1593 4652 1785 4707 nempe
1807 4636 2278 4706 justifieationem,

707 4748 826 4802 qnze
851 4748 946 4803 per
977 4734 1135 4789 iidem
1168 4732 1443 4787 obtinetur
1474 4731 1676 4801 (factus
1710 4738 1797 4786 est
1830 4739 2007 4784 autem
2031 4728 2282 4784 Christus

708 4826 975 4889 minister,
1005 4825 1108 4879 hoc
1139 4833 1224 4880 est
1246 4825 1535 4890 mediator,
1560 4838 1666 4878 non
1699 4831 1757 4877 ut
1781 4821 1939 4877 alteri
1971 4821 2128 4876 (idem
2153 4836 2283 4875 eon-

710 4918 940 4982 ciliaret,
977 4917 1071 4971 sed
1095 4925 1153 4971 ut
1184 4916 1285 4969 sibi
1322 4914 1423 4985 ipsi
1451 4926 1507 4970 et
1546 4914 1693 4969 Patri
1733 4928 1830 4984 per
1856 4912 2159 4983 seipsum):
2196 4912 2280 4967 cui

710 5009 928 5063 dubium
959 5024 1079 5063 esse
1104 5017 1302 5079 potest,
1329 5007 1459 5078 quin
1501 5022 1663 5062 verus
1706 5006 2003 5061 secundum
2034 5015 2282 5059 naturam

712 5097 854 5155 Deus
886 5100 1147 5155 exsistat?
1178 5098 1311 5153 Nam
1345 5108 1402 5154 ut
1429 5100 1618 5155 beatus
1641 5098 1911 5152 Abraham
1951 5094 2282 5167 justifieatns

711 5192 877 5246 estin
914 5192 1080 5246 Deum
1112 5194 1361 5259 credens,
1419 5192 1492 5245 ita
1538 5201 1725 5261 gentes
1769 5202 1986 5259 quoque
2020 5186 2285 5260 iustiﬁca-

782 5393 829 5425 “
853 5392 1010 5447 Rom.
1039 5408 1095 5457 χ,
1123 5390 1275 5445 6-H.
1365 5390 1431 5422 ⁸⁵·
1459 5388 1618 5456 Rom,
1669 5404 1781 5456 xw,
1815 5387 2007 5441 25-27.

715 5463 761 5494 ⁸³
785 5462 958 5517 Galat.
990 5477 1071 5529 ιιι,
1105 5463 1161 5517 9.

2119 5386 2161 5418 ⁴⁷
2190 5386 2347 5444 Rom.
2379 5402 2465 5451 xv,
2498 5386 2555 5453 8,
2597 5388 2666 5451 9;
2710 5402 2781 5451 tv,
2815 5388 2869 5442 5.
2947 5389 2991 5420 ⁸⁸
3015 5388 3152 5447 Gen.
3198 5407 3295 5458 xu,
3339 5391 3394 5447 3.

2389 4638 2636 4710 μεσίτης,
2670 4640 2750 4704 εἰς
2794 4638 2856 4693 τὸ
2897 4639 3192 4712 βεϐαιῶσαι
3232 4641 3333 4705 τὰς
3356 4642 3692 4713 ἐπαγγελίας
3726 4642 3817 4708 τὰς
3843 4644 3929 4702 τοῖς

2389 4731 2632 4802 πατράσι
2656 4730 2905 4797 δοθείσας
2934 4733 3086 4803 παρὰ
3112 4731 3271 4800 Θεοῦ,
3302 4733 3551 4789 τουτέστι
3601 4736 3702 4807 τὴν
3740 4736 3823 4789 διὰ
3860 4733 3929 4785 1:5-

2392 4841 2564 4888 στεως
2600 4823 2903 4881 δικαίωσιν.
2939 4825 3136 4894 Γέγονε
3175 4825 3355 4881 τοίνυν
3381 4824 3635 4890 διάκονος
3660 4828 3689 4879 6
3714 4826 3926 4896 Χριστὸς.

2390 4914 2638 4968 τουτέστι
2668 4914 2921 4985 μεσίτης,
2957 4915 3056 4986 οὐχ
3078 4915 3155 4980 ὡς
3180 4916 3353 4987 ἑτέρῳ
3373 4916 3475 4987 τὴν
3503 4916 3692 4970 πίστιν
3719 4932 3928 4986 πραγμαο

2390 5005 2703 5074 τευόμενος,
2731 5004 2848 5059 ἀλλ’
2874 5005 2949 5070 ὡς
2982 5005 3162 5078 ἑαυτῷ
3190 5006 3392 5077 μᾶλλον
3426 5007 3524 5060 καὶ
3568 5006 3639 5061 δι’
3670 5006 3847 5061 ἑαυτοῦ
3869 5003 3925 5072 τῷ

2393 5095 2587 5167 Πατρί.
2634 5095 2767 5160 Θεὸς
2796 5097 2905 5168 ἄρα
2935 5096 3081 5154 κατὰ
3117 5098 3279 5168 φύσιν
3298 5096 3439 5154 ἐστί.
3477 5097 3823 5154 Δεδικαίωται
3848 5097 3927 5165 γὰρ

2391 5188 2419 5238 6
2456 5187 2728 5260 μακάριος
2763 5188 3016 5261 Ἀϐραὰμ
3064 5189 3448 5256 πεπιστευκὼς
3485 5192 3568 5256 εἰς
3617 5190 3779 5245 Θεόψ
3822 5187 3929 5242 οὕτω

3492 5392 3539 5426 δ’
3563 5391 3721 5450 Rom.
3772 5408 3835 5461 tv,
3866 5388 3925 5444 l5.

1818 5615 1991 5671 Varia?
2015 5612 2280 5669 lectiones
2302 5613 2508 5669 codicis
2539 5612 2898 5682 Seguieriaui.

797 5806 836 5829 ι
872 5798 1168 5869 ὑποταγὴν.
