4132 6464
245 344 379 398 Ῑλὲὕ
1112 365 1116 368 ε
1326 346 1411 401 or.
1450 304 1675 403 auara
1716 348 1871 404 FIDE
1908 350 1999 405 AD
2038 349 2353 408 RECINAS.
3345 365 3480 419 meo

235 455 291 507 όὲ
321 456 416 508 καὶ
458 455 524 510 τὰ
551 454 676 528 ἔθνη
715 456 1050 513 δικαιωθεῖεν
1082 459 1147 515 ἂν
1179 461 1237 515 ἐν
1268 462 1435 533 αὐτῷ,
1464 466 1574 528 τοῖς
1610 465 1808 535 ἴχνεσιν
1838 475 1867 529 Α

1915 466 2114 521 buntur
2145 468 2199 523 in
2229 468 2366 538 ipso,
2397 469 2440 524 si
2469 472 2715 543 vestigiis
2748 474 2890 532 illius
2926 475 3145 543 innixae,
3181 476 3235 533 in
3275 479 3440 535 Deum
3527 480 3530 484 ⁴

236 547 402 601 αὐτοῦ
449 549 1016 622 κατακολουθήσαντα,
1052 554 1146 606 καὶ
1200 554 1257 605 ὲν
1300 554 1419 624 Θεῷ
1464 556 1805 619 πιστεύοντα,

1300 554 1419 624 Θεῷ
1464 556 1805 619 πιστεύοντα,
1914 557 2017 611 hoc
2048 567 2132 611 est
2164 560 2217 613 in
2245 560 2524 615 Christum
2546 565 2895 621 crediderim.

234 640 481 692 τουτέστι
516 641 758 711 Χριστῷ.

469 750 564 803 Ἐκ
601 751 713 821 τῆς
752 755 902 823 πρὸς
940 756 1289 826 Κορινθίους
1326 757 1588 827 πρώτης.

1437 759 1588 827 δτης.
2324 758 2407 813 Ea:
2437 762 2604 828 priori
2643 762 2712 816 ad
2747 763 3069 820 Corinthios.

310 882 328 914 ι
356 862 467 916 Καὶ
518 864 692 920 ταῦτά
744 883 887 932 τινες
933 864 1032 939 ἦτε
1056 884 1071 899 ⁸
1126 868 1243 924 ἀλλ’
1270 870 1662 936 ἀπελούσασθε,
1696 870 1807 924 ἀλλ’

1987 879 2005 911 ι
2035 859 2101 914 Ει
2152 862 2267 917 haec
2311 865 2527 934 quidam
2585 866 2809 924 fuistis:
2842 870 2936 925 sed
2984 872 3151 927 abluti
3197 877 3354 943 estis,
3387 881 3479 935 sed
3530 864 3532 869 ’

230 954 555 1025 ἡγιάσθητε,
585 957 702 1011 ἀλλ’
732 960 1089 1034 ἐδικαιώθητε
1132 964 1189 1016 ὲν
1217 962 1294 1035 τῷ
1321 964 1544 1035 ὀνόματι
1576 964 1669 1018 τοῦ
1704 966 1811 1019 Κυ-

1911 954 2793 1026 sanmiiicati1estis,sedjustilicati
2810 963 2945 1017 estis
2961 963 3013 1017 in
3036 964 3253 1021 nomine
3274 969 3479 1059 Domini

232 1045 351 1114 ρίου
385 1046 561 1117 Ἰησοῦ
591 1049 850 1120 Χριστοῦ,
883 1052 977 1105 καὶ
1022 1053 1080 1105 ὲν
1108 1051 1188 1123 τῷ
1217 1052 1494 1125 Πνεύματι
1538 1054 1632 1108 τοῦ
1674 1053 1809 1107 Θεοῦ

1911 1045 2079 1099 nostri
2108 1044 2232 1101 Jesu
2263 1045 2487 1117 Christi,
2521 1058 2576 1105 et
2601 1051 2653 1105 in
2671 1051 2872 1123 Spiritu
2898 1053 2993 1110 Dei
3021 1061 3186 1111 nostri
3216 1044 3479 1115 ".i'Cnm

228 1136 409 1207 ἡμῶν.
444 1157 461 1189 ι
506 1138 569 1192 El
594 1140 653 1193 ὲν
679 1139 759 1211 τῷ
785 1141 1010 1213 ὀνόματι
1040 1143 1135 1197 τοῦ
1163 1144 1400 1215 Χριστοῦ
1428 1144 1808 1217 δικαιούμεθα,

1911 1135 1964 1190 in
1989 1138 2208 1192 nomine
2227 1137 2430 1195 Christi
2452 1140 2827 1211 iustiﬁcemur,
2851 1158 3081 1215 eumque
3108 1146 3212 1202 [ide
3234 1160 3291 1202 ut
3316 1147 3478 1203 Deum

227 1228 306 1292 ὡς
331 1229 462 1283 Θεὸν
490 1234 558 1304 τῇ
588 1232 767 1287 πίστει
799 1236 1151 1305 τιμήσαντες,
1182 1237 1274 1290 καὶ
1300 1237 1362 1289 τὸ
1392 1237 1557 1292 αὐτοῦ
1583 1236 1808 1309 Πνεῦμα
1909 1241 2252 1298 Veneremur:
2283 1233 2634 1303 θιυεάθπιίιιιθ
2669 1234 2873 1305 spirit“
2909 1236 3323 1308 ιυευΡῙθίθηιυΓν
3355 1257 3483 1311 (Ιι¹⁰⁹

227 1321 530 1393 δεχόμενοι,
565 1324 683 1390 πῶς
712 1326 773 1379 οὐ
801 1326 936 1392 Θεὸς
962 1328 991 1381 6
1017 1329 1286 1400 Χριστόςς

1208 1330 1286 1395 5ςς
1911 1320 2069 1376 modo
2103 1336 2207 1378 non
2239 1324 2345 1378 erit
2381 1322 2524 1380 Deus
2547 1324 2840 1382 Christus?

558 1458 655 1513 Ἐκ
693 1459 805 1529 τῆς
840 1463 987 1530 πρὸς
1024 1465 1371 1531 Κορινθίους
1404 1464 1487 1527 β’.
1568 1515 1585 1527 ,
2067 1440 2073 1447 ’

1568 1515 1585 1527 _
2067 1440 2073 1447 ’
2268 1457 2353 1512 Ea:
2377 1461 2660 1529 posteriori
2686 1463 2755 1517 ad
2795 1461 3119 1521 Corinthios.

306 1608 325 1641 ι
355 1589 418 1642 Εἰ
445 1594 545 1659 μὲν
569 1590 679 1663 γάρ
696 1593 725 1646 6
752 1594 1047 1664 ἐρχόμενος
1065 1594 1251 1664 ἕτερον
1281 1595 1488 1666 Ἰησοῦν
1517 1596 1803 1668 κηρύσσει,

1985 1603 2003 1637 ι
2043 1585 2177 1641 Nam
2207 1587 2250 1643 si
2282 1587 2328 1644 is
2380 1589 2472 1659 qui
2521 1591 2687 1657 venit,
2737 1593 2903 1649 alium
2959 1595 3145 1652 Jesum
3196 1602 3475 1670 praedicat,

225 1679 292 1733 ὃν
332 1680 431 1734 οὐκ
480 1681 860 1754 ἐκηρύξαμεν,
911 1685 945 1755 ἢ
999 1686 1218 1758 πνεῦμα
1260 1687 1447 1758 ἕτερον
1479 1688 1805 1760 λαμϐάνετε,

1907 1691 2065 1746 quem
2092 1694 2196 1734 non
2228 1680 2677 1750 praedicavimus,
2710 1694 2802 1739 aut
2844 1686 3011 1742 alium
3044 1690 3291 1759 spiritum
3330 1696 3476 1750 acci-

231 1769 363 1839 παρ⁹
389 1769 418 1822 ὃ
451 1769 672 1825 ἐλάϐετε
696 1786 712 1803 °
744 1773 778 1845 ἢ
808 1775 1148 1844 Εὐαγγέλιον
1175 1777 1384 1850 ἓτερον,
1414 1781 1543 1850 παρ’
1570 1779 1599 1832 6
1623 1780 1806 1846 ἐδέξαο
1839 1828 1863 1855 π

1841 1828 1879 1855 n
1908 1768 2055 1837 pitis,
2089 1784 2249 1842 quem
2283 1787 2388 1826 non
2419 1774 2746 1845 accepistis:
2781 1786 2875 1831 aut
2916 1778 3059 1834 aliud
3105 1781 3473 1855 Evangelinm.

229 1828 346 1915 σθεο
372 1862 555 1926 καλῶς
602 1828 905 1936 ἀνείχεσθε.
1311 1828 1804 1945 τηςήξῦανθρωπή-
1839 1828 1861 1886 1

1847 1828 1882 1886 Β
1909 1862 2050 1931 quod
2100 1835 2212 1918 non.
2257 1863 2541 1935 recepistis
2573 1882 2589 1920 :
2618 1878 2763 1924 recte
2815 1828 3289 1939 pateremini".oi
3338 1880 3479 1935 Ante

231 1969 373 2016 σεως
395 1953 603 2026 καιρῶν
631 1956 806 2020 οὐδεὶς
833 1957 1108 2026 ὀνομάσας
1135 1960 1450 2033 εὑρίσκεται
1467 1962 1560 2019 τὸν
1581 1965 1646 2019 ἐκ
1668 1964 1803 2019 Θεοῦ

1912 1952 2003 2007 Dei
2037 1951 2270 2010 Verbum
2304 1955 2642 2014 incarnatum
2673 1961 2851 2017 nullus
2892 1975 3201 2033 compertus
3231 1980 3346 2034 est,
3386 1975 3478 2041 qni

229 2040 424 2110 Λόγον,
442 2044 648 2114 Ἰησοῦν
668 2046 701 2118 ἢ
720 2048 957 2119 Χριστόν
978 2065 994 2081 ’
1017 2051 1163 2124 εἰμὴ
1189 2052 1298 2123 άρα
1326 2054 1469 2109 κατὰ
1496 2056 1805 2128 πρόγνωσιν

1908 2054 2004 2099 aut
2056 2044 2263 2111 Jesum,
2313 2057 2407 2103 aut
2459 2047 2739 2107 Christum
2793 2051 2921 2107 illud
2979 2058 3323 2129 nominaret;
3376 2040 3478 2117 nisi

229 2133 735 2209 ὀνομασθησόμενον
761 2138 921 2195 τοῦτο
948 2141 1093 2197 κατά
1118 2148 1361 2216 καιροὺς,
1387 2148 1475 2201 ὅτε
1497 2150 1594 2204 καὶ
1611 2149 1804 2218 γέγονε

1910 2135 2179 2207 quispiam
2218 2138 2398 2195 forsan
2432 2141 2734 2197 futurorum
2758 2146 3012 2212 praescius
3054 2148 3203 2213 olim,
3233 2166 3356 2205 cum
3396 2155 3448 2207 ni

234 2220 608 2295 σάρξ.⁹ονομα
640 2226 820 2284 τοίνυν
856 2230 1042 2285 καινὸν
1074 2232 1224 2303 αὐτῷ
1252 2233 1331 2299 τὸ,
1348 2235 1575 2307 Ἰησοῦς,
1597 2238 1687 2292 ὅτε
1715 2240 1808 2309 γέ-

1914 2228 2109 2284 mirum
2138 2244 2267 2299 caro
2297 2231 2498 2287 factum
2535 2242 2699 2300 esset,
2740 2235 2842 2290 hoc
2888 2238 3105 2294 nomine
3153 2243 3474 2311 appellatum

232 2328 398 2402 yovevi
439 2316 903 2387 ἀνθρωτιος.Ἀλλ⁹
934 2325 983 2378 εί
1033 2324 1135 2394 μὲν
1164 2325 1241 2391 ὡς
1277 2327 1411 2393 Θεὸς
1446 2328 1802 2402 κηρύσσεται,

1914 2319 1979 2376 iri
2014 2323 2340 2391 praedixerit.
2368 2322 2579 2381 Nomen
2624 2326 2726 2381 hoc
2764 2327 2950 2398 itaque
2976 2327 3172 2395 Jesus,
3202 2334 3362 2388 simul
3394 2350 3476 2389 at-

234 2404 329 2457 κξιὶ
354 2401 436 2469 εἷς
463 2405 538 2460 ὢν
568 2407 651 2480 (οὐ
685 2410 793 2483 γὰρ
823 2411 1009 2485 ἕτερός
1037 2434 1122 2481 τις
1148 2420 1278 2491 παρ’
1307 2420 1490 2485 αὐτὸν,
1522 2421 1581 2475 ὃν
1611 2423 1805 2481 δύναν-

1913 2427 2017 2481 que
2044 2413 2240 2469 factum
2268 2424 2352 2471 est
2378 2416 2561 2483 homo,
2587 2433 2781 2473 novum
2813 2420 3123 2491 impositum
3154 2434 3236 2480 est
3269 2425 3365 2480 illi.
3411 2430 3482 2481 At

233 2514 324 2550 ται
354 2499 589 2570 κηρύξαι
626 2504 814 2574 τινὲς).
837 2501 896 2560 εὖ
921 2507 988 2561 ἂν
1020 2508 1155 2579 ἔχοι,
1181 2512 1277 2566 καὶ⁸
1305 2512 1424 2584 Θεῷ
1449 2513 1801 2587 λατρεύομεν.

1915 2519 2044 2565 vero
2078 2506 2123 2561 si
2154 2515 2214 2560 ut
2241 2506 2384 2565 Deus
2412 2509 2528 2563 orbi
2553 2512 2921 2578 annuntiatur,
2952 2523 3006 2569 et
3036 2530 3175 2571 unus
3206 2518 3479 2573 nihilomi-

240 2589 300 2640 Εί
334 2589 392 2642 δὲ
422 2591 623 2662 μέτρον
650 2593 797 2665 αὐτῷ
822 2596 882 2650 τὸ
902 2598 1001 2670 τῆς
1028 2600 1450 2675 ἀνθρωπότητός
1472 2606 1589 2659 ἐστι
1623 2607 1804 2677 μόνον,

1915 2611 2016 2651 nus
2039 2606 2126 2652 est
2155 2598 2355 2669 (neque
2383 2600 2526 2655 enim
2561 2612 2645 2656 est
2666 2601 2803 2658 alius
2833 2612 3025 2674 przeter
3048 2606 3220 2673 illum,
3260 2611 3351 2679 qui
3386 2627 3481 2668 an-

237 2679 331 2732 καὶ
375 2679 504 2752 ψιλῇ
550 2684 858 2752 προσώπων
902 2689 1095 2746 ὲνὼσει
1146 2694 1467 2766 τετίμηται·
1510 2698 1808 2754 κεκένωται

1912 2689 2147 2743 nuntiari
2186 2689 2399 2761 possit),
2434 2691 2571 2748 bene
2594 2708 2683 2749 res
2719 2693 2899 2751 habet.
2951 2697 3061 2753 Deo
3087 2701 3229 2755 enim
3274 2706 3479 2761 servire

362 2770 594 2837 πίστεως
614 2776 646 2845 ἡ
654 2774 770 2845 μῶν
792 2780 821 2832 6
846 2778 1300 2854 λόγος,ἁνθρώπῳ
1323 2786 1613 2857 προσάγων
1634 2789 1805 2858 ἡμᾶς’

1912 2780 2235 2837 invenimur.
2262 2783 2415 2849 Quod
2451 2783 2495 2837 si
2526 2798 2655 2840 vero
2679 2785 2807 2841 solis
2835 2788 3086 2845 humanae
3117 2804 3324 2848 natura:
3353 2809 3484 2850 con-

237 2856 329 2911 καὶ
354 2858 415 2912 οὐ
444 2859 581 2932 Θεῷ.
599 2864 759 2920 Ἀλλά
780 2867 937 2922 τοῦτο
966 2871 1243 2939 δυσσεϐὲς.
1272 2856 1403 2941 Θεὸς
1423 2876 1532 2947 ἄρα
1552 2856 1808 2948 Χριστὸς,

1912 2873 2145 2929 diliones
2183 2876 2235 2929 in
2265 2876 2413 2930 illum
2437 2876 2787 2944 conveniunt,
2822 2894 2919 2935 nec
2945 2880 3105 2936 aliam
3135 2884 3204 2937 ob
3234 2899 3480 2953 causam,

239 2949 334 3002 καὶ
362 2950 511 3016 Υἱὸς,
543 2956 621 3021 ὡς
647 2959 741 3013 τοῦ
768 2960 903 3023 Θεοῦ
939 2964 1116 3034 Λόγου
1150 2968 1353 3039 σαρκὸς
1382 2969 1689 3038 γεγονότος.

1912 2981 2074 3036 quam
2110 2976 2332 3038 propter
2368 2968 2565 3024 nudam
2591 2969 2738 3025 illam
2783 2971 3191 3045 simpliccmque
3226 2949 3482 3047 persona;

242 3056 359 3096 rum
399 3048 711 3107 societatem
755 3055 952 3113 colitur
988 3074 1003 3110 :
1052 3060 1228 3118 inanis
1270 3064 1511 3132 proiecto
1548 3073 1633 3121 est
1685 3064 1806 3120 tldei
1848 3076 2050 3119 nostra:
2094 3064 2254 3130 ratio,
2319 3073 2375 3119 ut
2421 3079 2541 3134 qua:
2577 3080 2682 3120 non
2714 3065 2823 3123 Deo
2859 3083 2956 3124 nos
3028 3070 3352 3141 coniungat,
3390 3078 3482 3130 scit

244 3141 467 3198 homini.
503 3145 664 3217 Atqui
704 3148 817 3206 haec
841 3152 1081 3211 doctrina
1121 3168 1205 3211 est
1269 3156 1429 3227 plane
1475 3158 1657 3229 impia.
1702 3158 1844 3216 Dens
1916 3159 2100 3228 itaque
2139 3156 2409 3217 Christus.
2450 3168 2505 3214 et
2548 3158 2749 3227 Filius;
2794 3176 2915 3219 cum
2960 3161 3195 3221 Verbum
3240 3168 3310 3222 sit
3357 3187 3485 3224 earn

241 3234 465 3291 factum.
2022 3264 2031 3270 ’

644 3352 745 3408 Ἐκ
781 3354 890 3425 τῆς
927 3359 1076 3427 πρὸς
1113 3362 1410 3430 Γαλάτας.
1840 3349 1881 3404 C
2145 3442 2167 3448 ν
2245 3363 2276 3432 Ῑ

1840 3349 1881 3404 C
2145 3442 2167 3448 ω
2245 3362 2398 3433 121
2438 3362 2521 3416 Ea:
2558 3362 2796 3431 Epistola
2827 3368 2896 3423 ad
2930 3367 3164 3427 Galatas.

320 3481 340 3514 ι
370 3463 665 3534 Θαυμάζω,
713 3468 794 3522 ὅτι
841 3469 984 3524 οὕτω
1031 3474 1241 3544 ταχέως
1300 3476 1657 3546 μετατίθεσθε
1705 3479 1816 3531 ἀπὸ

1992 3495 2009 3526 ι
2043 3474 2227 3541 Miror,
2267 3478 2407 3544 quod
2438 3478 2515 3532 sic
2553 3489 2660 3533 tam
2692 3480 2820 3541 ,cito
2872 3484 3260 3541 transferimini
3316 3489 3384 3544 ab
3420 3506 3486 3546 eo

239 3554 337 3608 τοῦ
376 3556 703 3621 καλέσαντος
731 3560 875 3632 ὑμᾶς
915 3564 973 3617 ὲν
1014 3564 1195 3636 χάριτι
1230 3567 1486 3638 Χριστοῦ,
1519 3571 1599 3632 είς
1628 3570 1812 3641 ἕτερον

1914 3568 2004 3636 qui
2032 3583 2126 3622 vos
2154 3570 2361 3623 vocavit
2412 3569 2462 3624 in
2502 3572 2730 3639 gratiam
2767 3571 2990 3639 Christi,
3031 3574 3097 3645 in
3126 3577 3270 3632 aliud
3308 3578 3484 3636 Evan-

242 3646 606 3716 Εὐαγγέλιοψ
649 3652 679 3705 6
706 3652 806 3706 οὐκ
839 3653 984 3709 ἔστιν
1023 3657 1153 3711 ἄλλο
1175 3675 1190 3690 ν
1220 3660 1270 3712 εἰ
1316 3660 1391 3730 μή
1422 3662 1567 3725 τινές
1595 3663 1732 3715 εἰσιν
1764 3665 1811 3715 οἱ

1915 3656 2151 3724 gt'lium:
2194 3659 2332 3726 quod
2383 3674 2485 3713 non
2533 3671 2615 3714 est
2664 3661 2831 3729 aliud,
2860 3663 2961 3719 nisi
3013 3676 3141 3721 sunt
3170 3668 3362 3740 aliqui,
3390 3676 3480 3742 qui

240 3736 606 3808 ταράσσοντες
655 3741 799 3811 ὑμᾶς
823 3783 838 3809 ,
883 3746 978 3800 καὶ
1027 3747 1273 3813 θέλοντες
1330 3752 1700 3823 μεταστρέψαι
1752 3755 1813 3806 τὸ

1915 3762 2009 3801 vos
2053 3748 2403 3814 perturbant,
2453 3760 2506 3805 et
2544 3762 2864 3810 convertere
2910 3756 3094 3811 volunt
3135 3758 3480 3831 Evangelium

241 3828 576 3897 Εὐαγγέλιον
604 3831 698 3885 τοῦ
725 3834 983 3906 Χριστοῦ.
1011 3838 1173 3893 Ἀλλά
1196 3840 1291 3893 καὶ
1320 3840 1416 3894 ὲάν
1444 3842 1624 3912 ἡμεῖς,
1650 3844 1683 3915 ἢ
1710 3844 1811 3913 ἄγη

1913 3837 2135 3892 Christi.
2165 3837 2268 3894 Sed
2300 3839 2427 3894 licet
2464 3855 2583 3906 nos,
2620 3852 2713 3897 aut
2746 3846 2974 3915 angelus
2997 3847 3065 3902 de
3088 3850 3226 3905 caelo
3253 3828 3483 3922 erange-

241 3917 400 3986 γελος
425 3919 485 3985 ἐξ
514 3920 744 3990 οὐρανοῦ
771 3925 1193 3999 εὐαγγελίσηται
1223 3930 1352 4000 ὑμῖν
1380 3934 1506 4003 παρ’
1528 3933 1557 3986 ὃ
1583 3934 1812 4003 εὐηγγε-

1914 3926 2040 3983 lizet
2063 3930 2213 3985 vobis
2242 3941 2596 4002 prmterqnam
2626 3938 2767 4004 quod
2796 3940 3283 4008 evangelizavimus
3309 3947 3479 4011 vobis.

240 4009 512 4081 λισάμεθα
552 4014 701 4084 ὑμῖν,
733 4016 980 4088 ἀνάθεμα
1009 4019 1170 4076 ἔστω.
1202 4042 1221 4074 r
1263 4024 1325 4076 Ei
1354 4024 1412 4077 ἒν
1437 4027 1585 4079 ἐστιν
1631 4027 1810 4095 Εὐαγ-

1913 4020 2199 4075 anathema
2229 4021 2299 4076 sit
2318 4023 2386 4077 ⁸³.
2426 4042 2444 4075 ι
2487 4023 2544 4079 Si
2573 4041 2736 4080 unum
2762 4036 2967 4084 tantum
3000 4042 3082 4086 est
3113 4009 3479 4102 Evangelinm,

240 4101 421 4169 γέλιον
461 4104 524 4157 τὸ
563 4104 789 4177 λαληθὲν
834 4110 1019 4183 ἁπάσῃ
1060 4115 1126 4185 τῇ
1171 4114 1262 4167 ὑπ’
1300 4116 1529 4186 οὐρανὸν
1569 4116 1655 4172 διὰ
1702 4120 1811 4174 τῶν

1916 4112 1965 4165 in
2001 4112 2254 4169 universo
2287 4124 2552 4171 terrarum
2587 4119 2718 4175 orbe
2743 4134 2840 4190 per
2882 4136 3069 4179 sacros
3104 4128 3480 4196 mysteriorum

241 4191 414 4259 άγίων
461 4198 858 4268 μυσταγωγῶν,
889 4200 1049 4256 τοῦτο
1098 4204 1157 4257 δέ
1202 4205 1411 4279 ἐστινὴ
1446 4208 1630 4272 πίστις
1663 4210 1695 4280 ἠ
1731 4212 1811 4273 είς

1913 4204 2161 4262 doctores
2207 4208 2623 4279 depracdicatum
2653 4250 2668 4278 ,
2719 4215 2821 4269 hoc
2866 4226 3045 4272 autem
3100 4228 3181 4272 est
3242 4220 3372 4274 tii'les
3432 4223 3482 4275 in

241 4282 497 4355 Χριστόνο
527 4286 644 4350 πῶς
686 4290 747 4342 οὐ
794 4290 925 4355 Θεὸς
968 4295 1051 4364 εἴη
1101 4294 1169 4349 ἂν
1199 4296 1424 4370 ἀληθὴς,
1456 4299 1615 4373 εἴπερ
1661 4302 1810 4356 ἐστὶν

1912 4292 2209 4365 Christum,
2257 4304 2526 4369 quomodo
2568 4304 2669 4360 hoc
2701 4320 2806 4360 non
2839 4316 2924 4361 est
2956 4322 3117 4363 verus
3164 4309 3350 4365 Dens?
3381 4313 3484 4367 Nc-

239 4371 534 4440 ἀναγκαῖον
559 4375 859 4446 ὁμολογεῖν,
889 4380 965 4445 ὡς
986 4383 1049 4437 ὲκ
1080 4383 1182 4454 τῆς
1209 4387 1443 4458 ἀρχαίας
1475 4371 1685 4464 πλάνης
1719 4410 1811 4447 κε-

1912 4388 2026 4456 gari
2057 4389 2201 4443 enim
2230 4392 2379 4447 nullo
2412 4396 2569 4450 modo
2609 4407 2803 4466 potest,
2842 4400 2910 4454 ab
2946 4401 3167 4470 antiquo
3206 4419 3391 4459 errore
3420 4411 3484 4458 ait

240 4460 490 4532 κλήμεθα
521 4466 655 4537 πρὸς
684 4469 978 4538 ἐπίγνωσιν
1003 4472 1097 4528 τοῦ
1125 4477 1266 4531 κατὰ
1288 4478 1450 4549 φύσιν
1471 4481 1623 4547 ὄντος
1639 4460 1807 4551 Θεοῦ;

1915 4480 2027 4532 veri
2079 4484 2450 4555 naturalisque
2505 4488 2597 4543 Dei
2650 4491 2979 4559 agnitionem
3033 4494 3326 4551 translatos
3390 4512 3486 4549 nos

238 4552 443 4624 Θαρσεϊ
468 4556 525 4609 δὲ
553 4558 806 4613 τοσοῦτον
836 4563 866 4614 6
900 4565 1169 4639 μακάριος
1202 4569 1435 4637 Παῦλος,
1469 4573 1544 4638 ὡς
1572 4576 1665 4630 καὶ
1709 4578 1809 4647 ἀγ-

1912 4584 2053 4625 esse.
2101 4571 2272 4629 Tanta
2307 4552 2489 4632 autem
2521 4589 2605 4635 est
2640 4580 2780 4635 beati
2810 4581 2958 4637 Pauli
2989 4583 3179 4640 ﬁducia
3200 4625 3216 4651 ,
3256 4598 3311 4640 ut
3341 4586 3485 4655 ipsos

238 4644 428 4712 γέλους
457 4646 895 4721 ἀναθεματίζειν,
921 4656 970 4708 εί
999 4656 1062 4728 δὴ
1094 4662 1526 4735 μεταστρέψειαν
1550 4667 1611 4721 τὸ
1629 4644 1808 4740 Εὐαγο
1839 4735 1870 4744 _

1851 4735 1876 4744 _
1911 4661 2076 4719 etiam
2104 4668 2324 4737 angelos
2354 4671 2684 4727 anathemati
2714 4675 2982 4744 subjicere
3029 4693 3132 4730 non
3173 4679 3400 4743 dubitet,
3441 4682 3483 4733 si

237 4736 416 4804 γέλιον
452 4738 546 4792 τοῦ
581 4741 837 4812 Χριστοῦ.
1756 4735 1767 4740 ⁷
1839 4735 1869 4790 ῙῙ

1756 4735 1767 4740 ⁷
1839 4735 1882 4790 Ῑ)
1912 4752 2051 4809 forte
2080 4735 2281 4813 Chr—isti
2316 4759 2661 4829 Evangelinm
2687 4735 2995 4833 pervertere
3031 4770 3376 4823 tentaveriut.

315 4826 473 4879 «Ὅτε
510 4827 566 4880 δὲ
600 4830 900 4903 ηὐδόκησεν
927 4835 956 4888 6
987 4836 1118 4901 Θεὸς
1151 4841 1180 4894 6
1213 4842 1481 4915 ἀφορίσας
1510 4865 1579 4918 με
1605 4848 1668 4902 ὲκ
1699 4867 1806 4904 κοι-

1993 4864 2012 4897 ι
2048 4848 2186 4903 Cum
2221 4860 2401 4907 autem
2435 4826 2635 4923 placuit
2666 4826 2764 4919 illi.
2807 4858 2898 4927 qui
2944 4874 3028 4919 me
3070 4862 3370 4929 segregavit
3416 4880 3480 4916 ex

236 4915 357 5018 λίας
389 4919 594 5018 μητρός
607 4938 740 5018 μου,
763 4925 1113 4999 ἀποκαλύψαι
1132 4933 1222 4987 τὸν
1245 4935 1371 4991 Υίὸν
1394 4915 1560 4994 αὐτοῦ
1584 4943 1643 4994 ὲν
1664 4942 1808 5013 ἐμοὶ,

1916 4947 2070 4992 utero
2098 4943 2289 4998 matris
2312 4960 2466 5011 meae,
2502 4957 2553 5001 ut
2594 4949 2859 5004 revelaret
2880 4947 3075 5004 Filium
3099 4967 3252 5005 suum
3289 4953 3341 5006 iu
3375 4972 3480 5018 mn,

237 5004 326 5059 ἵνα
365 5009 802 5083 εὐαγγελίζωμαι
833 5017 994 5072 αὐτὸν
1023 5022 1080 5074 ἐν
1110 5026 1223 5087 τοῖς
1260 5026 1487 5095 ἔθνεσιν,
1514 5004 1717 5097 εὐθέως
1749 5004 1810 5087 οὐ

1915 5036 1974 5081 ιιι
2004 5032 2431 5101 evangelizarem
2482 5036 2630 5091 illum
2675 5038 2726 5091 in
2768 5041 3035 5107 gentibus.
3068 5044 3325 5099 continuo
3378 5060 3481 5099 non

240 5098 660 5173 προσανεθέμην
695 5107 857 5177 σαρκὶ
904 5110 998 5162 καὶ
1032 5112 1244 5182 αἵματι,
1277 5118 1398 5171 οὐδὲ
1450 5121 1681 5192 ἀνῆλθον
1730 5125 1810 5189 είς

1914 5123 2157 5191 acquievi
2194 5127 2341 5181 carni
2374 5139 2427 5182 et
2469 5130 2716 5199 sanguini
2746 5148 2760 5184 :
2808 5146 2979 5201 neque
3018 5135 3137 5188 veni
3172 5132 3481 5207 Hierosoly-

252 5187 597 5262 Ἰεροσόλυμα
626 5196 762 5266 πρὸς
790 5199 914 5262 τούς
964 5202 1070 5272 πρὸ
1116 5205 1250 5275 ἐμοῦ
1281 5187 1632 5277 ἀποστόλδυς-
1669 5233 1687 5265 ³
1721 5187 1811 5287 Τῷ

1997 5187 2011 5191 _
2573 5187 2602 5199 .,
2892 5187 2908 5201 .
3065 5187 3097 5188 η
3226 5187 3233 5188 κ
3277 5187 3440 5207 μην

1915 5230 2057 5268 ιιειιιη
2107 5217 2173 5270 ad
2225 5229 2597 5276 antecessores
2638 5236 2784 5276 meos
2825 5225 3101 5290 apostolos
3136 5227 3202 5281 “.
3261 5247 3279 5279 ι
3339 5227 3480 5283 Sane

245 5282 353 5383 γὰρ
397 5281 550 5383 ἀπαξ
596 5284 694 5355 τὴν
743 5289 807 5339 ὲκ
860 5290 994 5344 Θεοῦ
1043 5294 1256 5366 λαχόντι
1289 5281 1809 5377 μυσταγωγίανικαλ⁵

1912 5304 2002 5372 qui
2044 5320 2073 5357 ιι
2130 5306 2238 5362 Deo
2289 5310 2590 5364 divinorum
2653 5314 3030 5383 mysteriorum
3080 5318 3379 5373 doctrinam
3428 5332 3482 5375 et

235 5369 600 5440 ἀποκάλυψιν,
623 5375 720 5426 οὐκ
743 5376 851 5430 ἔδει
876 5380 975 5450 τῆς
993 5381 1050 5446 ἐξ
1074 5384 1378 5456 ἀνθρώπων
1402 5369 1804 5464 παιδαγωγίας.

1917 5394 2297 5452 revelationem
2325 5401 2598 5465 hauserat,
2633 5402 2679 5457 is
2715 5403 2948 5459 humana
2990 5408 3327 5465 institutione
3354 5428 3482 5465 ιιθιιι

236 5460 383 5529 Πλὴν
428 5462 606 5515 ἐκεῖνό
647 5481 846 5534 φαμεν·
876 5470 1011 5525 Τίνα
1041 5473 1391 5547 ἀπεκάλυψεν
1436 5484 1465 5534 6
1498 5460 1686 5555 Πατὴρ
1729 5484 1808 5556 τῷ

1916 5492 2117 5561 tiqnam
2156 5495 2448 5566 indigebat.
2487 5498 2684 5555 Verum
2717 5505 2858 5556 istud
2890 5504 3102 5558 interitu
3139 5510 3481 5562 adversarios

236 5550 494 5622 μακαρίῳ
527 5553 743 5625 Παύλῳ,
767 5557 799 5628 ἢ
831 5559 954 5615 τίνα
976 5565 1344 5637 προστέταχεν
1377 5572 1435 5625 ἐν
1456 5577 1567 5637 τοῖς
1595 5576 1805 5630 ἔθνεσιν

1914 5583 2394 5655 intet'rngzn'erim,
2444 5592 2783 5660 qzialetnnatn
2824 5594 3059 5648 cmiestis
3110 5596 3267 5650 Pater
3327 5601 3484 5654 beato

308 5726 394 5781 "l
425 5726 551 5784 Cor.
586 5745 660 5797 Vl,
699 5733 783 5789 11.
857 5737 964 5790 “ll
990 5738 1115 5795 Cor.
1149 5759 1223 5807 τι,
1268 5750 1308 5799 ι.
1388 5751 1628 5807 "Galat.
1665 5769 1702 5819 ι,
1741 5754 1857 5809 6-8.
1935 5758 1976 5789 ⁵³
2007 5759 2133 5812 ihid.
2173 5761 2352 5815 lii-l7.
