4132 6454
691 355 829 409 1327

1666 353 1725 408 S.
1764 352 2034 414 ειιῐιιιιι
2074 350 2536 411 ALEXANDRINI
2576 355 2891 413 ARCIIIEP.

3802 353 3934 408 l5i3

684 473 854 535 Paulo
870 469 1204 540 patefecerit.
1221 468 1821 539 quamlentvegentibns
1835 469 2252 529 annuntiandnm

2364 474 2818 542 εὐαγγελίσασθαι
2837 492 2852 539 ;
2874 468 2984 542 ἆρα
3009 471 3141 525 Θεὸν
3162 469 3357 538 Λόγον,
3402 468 3495 523 καὶ
3514 468 3645 522 Υίὺν
3671 470 3933 539 μονογενῆ

691 560 1071 616 mandaverit?
1100 559 1348 628 Nunquid
1385 559 1476 614 Dei
1519 556 1753 619 Verbum
1802 560 1952 614 carni
1999 573 2105 613 non
2141 558 2257 610 uni-

692 666 803 707 tum
830 696 844 718 ,
872 662 964 706 aut
994 650 1351 720 unigenitum,
1385 650 1654 707 hominem
1687 650 1983 705 secundum
2019 649 2257 703 divinam

690 742 1145 815 dispensationem
1191 755 1296 804 non
1344 738 1590 805 factum?
1625 739 1780 805 Absit
1810 747 1868 793 ut
1914 738 2027 792 haec
2081 738 2152 790 ita
2201 750 2259 789 se

690 835 943 887 habeam.
990 830 1346 899 Attnuntiavi‘t
1397 830 1540 882 enint
1592 830 1835 883 eumdem
1890 827 2055 895 Deum
2100 825 2258 891 simul

687 934 743 979 et
784 924 1088 996 hominem,
1140 936 1341 991 vocans
1389 921 1580 985 Filium
1629 930 1682 974 et
1732 919 2013 981 Dominum
2073 917 2256 973 Jesum

689 1016 989 1075 Christum.

764 1122 783 1156 ι
826 1104 1075 1159 Scientes
1106 1112 1285 1158 autem
1324 1102 1463 1171 quod
1501 1115 1604 1165 non
1640 1100 1973 1168 justiﬁcatur
2000 1098 2159 1161 homo
2190 1111 2255 1151 ex

688 1176 940 1266 operibus
968 1194 1123 1265 legis,
1158 1194 1257 1253 nisi
1280 1207 1387 1265 per
1434 1192 1589 1243 tidem
1627 1190 1753 1249 Jesu
1782 1191 1985 1262 Christi
2020 1208 2032 1243 :
2060 1196 2128 1259 “et
2161 1202 2259 1243 nos

690 1290 742 1342 itt
774 1288 990 1342 Christo
1038 1286 1162 1349 lesu
1209 1285 1503 1348 credimus,
1558 1294 1614 1335 ut
1660 1281 2019 1349 jnstilicemur
2051 1294 2116 1334 ex
2152 1280 2257 1337 lide

686 1377 915 1443 Christi,
947 1385 1001 1431 et
1032 1391 1135 1429 non
1175 1389 1237 1427 ex
1283 1373 1539 1441 Operibus
1579 1370 1713 1439 legis
1739 1372 1806 1426 ³⁵⁵.
1843 1389 1862 1421 ι
1897 1371 1949 1425 Si
1993 1372 2043 1423 in
2090 1369 2256 1424 Deum

688 1470 930 1537 credere,
950 1466 1355 1534 justiﬁeationis
1387 1464 1634 1516 mercede
1667 1472 1923 1532 pensatur
1952 1463 2080 1532 (hac
2109 1461 2255 1516 enim

691 1558 773 1621 ria
823 1557 1060 1627 majores
1103 1556 1272 1609 nostri
1308 1554 1597 1623 justiticati
1647 1564 1818 1625 sunt:
1859 1553 2120 1621 scriptum
2172 1561 2257 1607 est

690 1662 922 1716 namque
948 1665 962 1701 :
999 1646 1269 1705 rCredidit
1295 1643 1565 1713 Abraham
1584 1642 1723 1713 Deo,
1742 1654 1795 1715 et
1816 1651 2067 1719 reputate
2098 1650 2181 1696 est
2204 1643 2256 1697 ei

690 1741 820 1792 fides
841 1741 904 1791 ad
919 1739 1184 1807 justitiam
1203 1737 1295 1806 ⁸⁸),
1310 1756 1327 1787 ι
1528 1732 2253 1807 ιἰιιοιιιοιιοΕιῐιῐηιήιυειιιοη

2361 563 2459 632 οὐχ
2493 563 2760 616 ὲνωθέντα
2794 564 2978 633 σαρκὶ,
3012 562 3106 613 καὶ
3141 560 3432 629 γενόμενον
3473 558 3769 629 ἄνθρωπον
3803 558 3936 610 obto—

2361 651 2637 720 νομικῶς;
2666 648 2797 704 Εἶτα
2823 651 2941 716 πῶς
2979 651 3139 704 τοῦτό
3165 651 3317 703 ἐστιν
3352 648 3587 719 ἀληθέςς
3638 648 3933 717 Διεκήρυξε

2361 744 2470 813 γὰρ
2503 743 2789 815 ἄνθρωπόν
2820 761 2881 796 τε
2908 743 3043 813 ὁμοῦ
3075 743 3172 798 καὶ
3197 739 3459 799 Esca-rev
3498 739 3665 793 αὑτὸν
3696 737 3793 793 καὶ
3819 739 3932 804 ἕνα,

2360 833 2534 902 λέγων
2569 834 2693 888 Υίὸν
2724 835 2818 895 καὶ
2846 834 3053 906 Κύριον
3088 832 3296 905 Ἰησοῦν
3314 831 3579 903 Χριστόν.

2428 1119 2454 1161 ,ι
2493 1100 2710 1164 Είδότες
2734 1099 2791 1154 δὲ
2814 1100 2897 1153 ὅτι
2920 1100 2983 1154 οὒ
3011 1096 3315 1157 δικαιοῦται
3338 1096 3642 1168 ,ἄνθρωπος
3668 1094 3731 1161 ἐξ
3765 1094 3933 1164 ἔργων

2364 1193 2551 1263 νόμου,
2572 1192 2666 1251 ἐὰν
2690 1192 2769 1263 μὴ
2792 1191 2882 1246 διὰ
2904 1190 3139 1254 πίστεως
3166 1188 3343 1263 Ἰησοῦ
3365 1186 3605 1259 Χριστοῦ
3623 1202 3635 1215 ⁸
3658 1187 3757 1239 καὶ
3779 1187 3933 1252 ipsi;

2360 1284 2439 1346 είς
2468 1282 2702 1354 Χριστὸν
2736 1280 2942 1353 Ἰησοῦν
2970 1281 3396 1350 ἐπιστεύσαμεν,
3428 1280 3517 1335 ἵνα
3552 1276 3933 1346 δικαιωθῶμεν

2358 1376 2423 1427 ὲκ
2451 1373 2686 1438 πίστεως
2712 1373 2970 1446 Χριστοῦ,
3005 1374 3100 1427 καὶ
3127 1374 3228 1427 οὐκ
3271 1371 3332 1437 ἐξ
3372 1371 3552 1443 ἔργων
3594 1371 3787 1437 νόμου.
3821 1386 3841 1419 ι
3876 1369 3935 1420 Εἰ

2357 1465 2419 1518 τὸ
2448 1466 2738 1520 πιστεῦσαι
2782 1465 2902 1537 Θεῷ
2952 1465 3143 1535 μισθὸν
3168 1464 3285 1535 ἔχει
3318 1463 3415 1534 τὴν
3449 1461 3740 1517 δικαίωσιν
3780 1460 3934 1529 (δεδι-

2356 1559 2618 1615 ,καίωνται
2640 1558 2749 1630 γὰρ
2774 1559 2918 1614 οὕτω
2933 1559 3029 1615 καὶ
3049 1560 3098 1612 οἱ
3127 1558 3235 1628 πρὸ
3256 1557 3412 1628 ημῶν
3431 1573 3443 1585 ’
3470 1556 3786 1625 γέγραπται
3808 1554 3935 1624 γὰρ.

2356 1650 2438 1705 ὅτι
2472 1669 2499 1709 ,ι
2553 1650 2901 1705 Ἐπίστευσεν
2940 1649 3192 1721 Ἀϐραὰμ
3240 1649 3317 1725 τῷ
3350 1647 3490 1725 Θεῷ,
3531 1648 3627 1707 καὶ
3686 1644 3937 1714 ἐλογίσθη

2358 1740 2506 1810 αύτῷ
2538 1742 2617 1805 είς
2641 1740 3043 1811 δικαιοσύνηνγή
3074 1740 3255 1807 πίστις
3284 1742 3352 1809 1)·
3380 1740 3503 1805 πῶς
3527 1738 3751 1800 οῦίΘεὸς
3770 1737 3937 1805 ὁἘμ-

686 1843 767 1893 est
793 1805 954 1895 Deus,
987 1831 1030 1887 si
1056 1805 1270 1899 quidem
1312 1805 1631 1901 V'eruttiest,
1664 1828 1807 1909 quod
1849 1828 1900 1883 itt
1934 1828 2107 1897 ipsum
2138 1840 2252 1883 cre-

2362 1805 2626 1909 μανουὴλ,
2659 1833 2818 1903 εἴπερ
2849 1805 3003 1901 ἐστὶν
3024 1805 3244 1903 ἀληθὲς,
3372 1832 3456 1894 εἰς
3473 1830 3638 1895 αὐτὸν
3658 1828 3937 1881 πιστεύον-

687 1927 873 1979 denles
898 1922 1305 1993 justiﬁeamur?

1073 2012 1157 2068 Ex
1189 2010 1430 2083 Epistula
1468 2012 1536 2064 ad
1574 2008 1850 2079 Ephesius.

762 2149 781 2182 ι
817 2130 872 2183 lu
901 2143 1007 2199 quo
1032 2137 1084 2183 et
1113 2142 1229 2190 vos,
1268 2140 1388 2187 cum
1422 2125 1710 2189 audissetis
1742 2127 1972 2187 .verbum
2016 2126 2259 2193 veritatis

687 2220 1043 2292 (evangelium
1073 2218 1263 2289 salutis
1298 2218 1525 2285 vestrm)
1555 2218 1604 2269 in
1644 2232 1749 2283 quo
1778 2227 1833 2270 et
1863 2218 2150 2273 credentes
2179 2218 2257 2274 si-

686 2315 832 2381 gnati
884 2314 1014 2366 estis
1048 2310 1249 2379 Spiritu
1312 2309 1691 2377 promissionis
1754 2319 1975 2372 saneto,
2026 2311 2117 2378 qui
2166 2320 2261 2365 .est

690 2413 882 2475 pignus
912 2402 1239 2467 Itaareditatis
1281 2410 1501 2467 nostrw,
1538 2402 1589 2454 itt
1623 2403 2042 2471 redemptionem
2074 2405 2259 2471 aequi-

689 2498 920 2561 sitionis,
951 2497 1001 2550 in
1033 2494 1246 2565 laudem
1294 2493 1479 2562 gloria:
1521 2493 1690 2561 ipsius
1717 2495 1783 2546 ⁵⁷.
1826 2514 1844 2545 ι
1886 2493 2051 2551 Plura
2097 2496 2257 2550 sinml

686 2590 765 2643 sic
791 2593 1176 2658 proponuntur,
1208 2599 1273 2639 ex
1301 2583 1499 2654 quibus
1538 2584 1790 2654 colligere
1829 2586 1952 2639 licet
1978 2584 2254 2641 Christum

689 2698 873 2743 rerum
921 2695 1042 2735 esse
1085 2680 1294 2746 Deum;
1348 2689 1509 2749 atque
1536 2682 1682 2737 adeo
1724 2684 1965 2741 omnium
2013 2682 2168 2739 ﬁdem
2202 2683 2254 2737 in

684 2777 858 2841 ipsum
894 2786 999 2827 non
1031 2770 1160 2826 ferri
1196 2779 1452 2842 tanquam
1488 2770 1540 2828 itt
1569 2771 1845 2833 hominem
1896 2773 2062 2829 nostri
2104 2772 2255 2827 simi-

685 2846 812 2927 h-m,
844 2861 941 2921 sed
980 2870 1233 2931 tauquam
1266 2859 1319 2913 in
1367 2875 1536 2914 unum
1576 2854 1902 2925 Dominum,
1939 2869 1995 2916 ct
2037 2861 2254 2929 Filium,

682 2965 734 3005 «ιι
768 2952 954 3010 Deum.
991 2950 1169 3004 Primo
1200 2964 1431 3017 namque
1466 2950 1580 3019 ipse
1609 2950 1801 3005 salutis
1845 2962 2045 3009 nostra:
2092 2966 2255 3007 evan-

684 3045 878 3113 gelium
902 3043 1138 3106 exsistit,
1170 3044 1221 3097 itt
1268 3057 1427 3110 quem
1461 3042 1691 3115 proinde
1732 3042 1864 3098 ﬁdes
1900 3052 2092 3109 nostra
2142 3054 2257 3097 teu-

2359 1941 2450 1988 τες
2485 1923 2869 1994 δικαιούμεθα;

2746 2016 2841 2069 Ἐκ
2881 2014 2990 2083 τῆς
3026 2015 3179 2084 πρὸς
3214 2012 3547 2083 Ἐφεσίους.

2435 2153 2454 2187 ι
2476 2133 2565 2202 Ἐν
2589 2126 2633 2201 ᾧ
2658 2131 2991 2195 ἀκούσαντες
3032 2131 3129 2185 καὶ
3172 2132 3332 2201 ὑμεῖς
3354 2132 3448 2185 τὸν
3471 2130 3630 2198 λόγον
3658 2130 3762 2201 τῆς
3803 2129 3935 2201 ἀλη-

2359 2223 2529 2287 θείας,
2560 2222 2621 2277 τὸ
2652 2222 2969 2291 εὐαγγέλιον
2999 2224 3099 2293 τῆς
3128 2220 3403 2293 σωτηρίας
3433 2220 3610 2292 ὑμῶν,
3650 2221 3719 2274 ἐν
3756 2215 3804 2288 ᾧ
3845 2222 3935 2274 καὶ

2358 2313 2748 2378 πιστεύσαντες
2776 2313 3181 2385 ἐσφραγίσθητε
3210 2312 3291 2383 τῷ
3319 2312 3599 2383 Πνεύματι
3628 2312 3731 2382 τῆς
3762 2314 3937 2379 ἐπαγο

2359 2405 2561 2472 γελίας,
2594 2405 2623 2459 ὃ
2653 2404 2760 2459 τῶν
2780 2404 2955 2473 ἁγίων
2966 2400 3412 2475 ἐστὶνάρραϐὼν
3440 2404 3540 2473 τῆς
3562 2401 3935 2472 κληρονομίας

2358 2496 2627 2567 ἡμῶν,είς
2649 2495 3028 2563 ἀπολύτρωσιν
3048 2494 3147 2565 τῆς
3169 2493 3692 2564 περιποιήσεως,είς
3714 2492 3937 2545 ἔπαινον

2358 2588 2518 2659 δόξης
2550 2586 2738 2643 αὑτοῦ.
2770 2606 2790 2639 ι
2829 2586 3008 2640 Πολλὰ
3053 2584 3194 2639 κατὰ
3234 2584 3402 2638 ταυτὸ
3430 2585 3491 2638 ὲν
3518 2585 3637 2646 ταῖς
3660 2583 3773 2636 τῶν
3801 2600 3937 2653 προς

2359 2680 2628 2749 κειμένων
2654 2678 2886 2743 ἐννοίαις
2906 2676 3113 2731 κατίδοι
3133 2693 3219 2741 τις
3242 2675 3330 2740 ἂν,
3356 2676 3424 2729 δι’
3443 2669 3517 2732 ὧν
3540 2674 3718 2728 ἔνεστι
3746 2674 3939 2745 μαθεῖν

2358 2768 2592 2833 ὅτιθεὸς
2620 2769 2827 2840 ἀληθὴς
2847 2770 2877 2822 ὁ
2894 2767 3146 2839 Χριστὸς,
3168 2766 3263 2821 καὶ
3285 2768 3319 2837 ἡ
3334 2765 3485 2836 παρὰ
3512 2766 3730 2823 πάντων
3754 2764 3940 2829 πίστις

2358 2863 2437 2923 είς
2465 2860 2627 2915 αὑτὸν
2658 2860 2758 2930 οὐχ
2778 2860 2853 2924 ὡς
2877 2861 2958 2923 είς
2984 2859 3081 2912 ἕνα
3114 2858 3223 2911 τῶν
3248 2858 3375 2911 καθ’
3399 2858 3547 2929 ἡμᾶς
3570 2856 3785 2922 ἁπλῶς,
3811 2855 3942 2909 ἀλλ’

2358 2954 2434 3016 ὠς
2467 2955 2547 3016 είς
2578 2952 2676 3007 ἕνα
2706 2951 2933 3024 Κύριον,
2962 2951 3058 3005 καὶ
3092 2950 3239 3015 Υίδν,
3267 2950 3364 3005 καὶ
3396 2950 3546 3003 Θεόν.
3576 2950 3805 3021 Πρῶτον
3842 2949 3944 3018 μὲν

2359 3044 2467 3115 γὰρ
2484 3044 2646 3107 αὑτός
2660 3045 2776 3097 ἐστι
2802 3042 2865 3096 τὸ
2894 3041 3215 3112 εὐαγγέλιον
3236 3043 3337 3110 τῆς
3363 3040 3663 3112 σωτηρίας,
3685 3040 3745 3092 ὲν
3775 3033 3825 3107 ᾧ
3848 3042 3944 3092 καὶ

684 3142 773 3189 dat
806 3144 1057 3203 tanquam
1088 3134 1139 3188 in
1168 3134 1342 3193 ιυειιιιι
1378 3150 1391 3186 :
1432 3132 1774 3207 subjuugitur
1808 3149 1930 3187 mox
1968 3134 2089 3195 lidei
2123 3150 2252 3205 qun-

2360 3137 2394 3205 ἠ
2422 3136 2627 3201 πίστις,
2658 3134 2734 3199 ὡς
2765 3135 2847 3199 είς
2877 3134 3008 3197 Θεὸν
3034 3132 3298 3204 δηλονότι.
3316 3130 3626 3185 Ἀκολουθεῖ
3661 3131 3719 3183 δὲ
3745 3130 3815 3183 τὸ
3843 3131 3943 3201 τῆς

684 3243 787 3293 que
814 3227 1114 3295 praemium,
1150 3236 1275 3294 puta
1322 3226 1697 3294 promissionis
1734 3224 1989 3293 Spiritus,
2028 3227 2119 3295 qui
2160 3242 2255 3283 no-

684 3334 809 3372 strae
847 3318 1173 3381 bacrcditatis
1219 3316 1455 3371 arrhabo
1502 3326 1616 3377 est:
1664 3317 1896 3386 denique
1936 3318 2001 3371 ad
2042 3318 2253 3374 laudum

685 3409 867 3474 gloriae
898 3406 1095 3461 Christi
1146 3406 1404 3477 redempti
1455 3406 1822 3477 perhibentur.
1865 3407 2114 3463 Redemit
2159 3426 2256 3463 an-

686 3514 792 3553 tem
828 3514 925 3554 nos
956 3514 1059 3552 non
1089 3508 1147 3551 ttt
1181 3498 1415 3569 vulgaris
1438 3500 1621 3563 homo,
1651 3499 1744 3553 sed
1793 3511 1851 3553 ut
1900 3500 2039 3554 Deus
2084 3502 2252 3555 nostri

682 3605 843 3645 rausa
879 3594 1212 3646 incarnatus.
1249 3591 1329 3643 Ad
1366 3590 1509 3645 hunc
1535 3591 1679 3645 enim
1711 3590 1927 3645 modum
1960 3592 2012 3644 itt
2042 3591 2250 3654 laudem

682 3685 863 3751 gloria:
897 3682 1040 3737 illius
1069 3682 1329 3737 cedimus.

758 3794 776 3827 ι
816 3773 983 3841 llujns
1034 3773 1109 3827 rei
1164 3774 1338 3844 gratia
1392 3786 1490 3842 ego
1539 3770 1736 3827 Paulus
1784 3773 2001 3828 vinetus
2051 3774 2252 3830 Christi

681 3866 805 3923 Jcsu
839 3880 936 3934 pro
961 3864 1114 3919 vobis
1140 3863 1411 3932 gentibus,
1448 3863 1491 3917 si
1545 3873 1721 3916 tamen
1766 3864 1995 3917 audistis
2033 3864 2252 3932 dispen-

680 3960 945 4011 sationem
978 3954 1162 4021 gratiae
1205 3952 1320 4017 Dei,
1350 3969 1470 4022 qua:
1516 3953 1639 4006 data
1674 3962 1758 4007 est
1792 3954 1921 4007 tnilti
1972 3954 2024 4007 itt
2060 3955 2251 4009 vobis:

680 4048 932 4116 quoniam
976 4046 1270 4099 secundum
1312 4045 1694 4101 revelationem
1751 4054 1936 4098 notum
1992 4044 2122 4099 tnilti
2168 4031 2249 4099 fit-

679 4151 825 4192 ι·ιιιηι
848 4147 930 4191 est
953 4145 1378 4200 sacramentum,
1400 4136 1545 4191 sicut
1571 4150 1734 4205 supra
1755 4134 1949 4205 scripsi
1981 4134 2034 4189 itt
2061 4138 2209 4192 brevi
2232 4178 2246 4202 ,

680 4238 839 4296 prout
863 4229 1089 4298 potestis
1114 4226 1354 4296 legentes
1376 4227 1674 4297 intelligere
1702 4228 2042 4298 prudentiam
2072 4244 2247 4284 meam

680 4324 729 4371 in
766 4319 1022 4390 mysterio
1062 4318 1261 4373 Christi
1280 4318 1347 4372 ⁸⁸.
1377 4337 1395 4370 ι
1432 4319 1546 4386 Qua
1588 4320 1871 4388 prudentia
1896 4359 1911 4385 ,
1946 4334 2122 4389 quave
2172 4320 2252 4373 di-

680 4414 802 4465 vina
832 4426 967 4480 opus
996 4420 1113 4465 erat
1132 4411 1495 4480 patefactione
1521 4412 1586 4465 ad
1610 4412 1924 4481 mysterium
1956 4411 2059 4467 hoc
2088 4412 2248 4468 Chri-

2357 3226 2593 3290 πίστεως
2621 3226 2813 3299 γέρας,
2843 3226 3091 3280 τουτέστι
3117 3224 3179 3278 τδ
3204 3224 3427 3293 Πνεῦμα
3451 3222 3550 3293 τῆς
3580 3221 3941 3290 ἐπαγγελίας,

2356 3317 2385 3369 ὁ
2412 3319 2509 3388 τῆς
2550 3318 2915 3389 κληρονομίας
2947 3317 3103 3389 ἡμῶν
3146 3314 3435 3389 ἀρραϐών·
3482 3313 3941 3384 έκλελυτρὼμεθα

2356 3410 2465 3479 γὰρ
2495 3410 2574 3473 είς
2604 3409 2824 3463 ἔπαινον
2870 3409 3030 3481 δόξης
3070 3407 3328 3480 Χριστοῦ.
3363 3406 3580 3461 Σέσωκε
3628 3406 3737 3477 γὰρ
3792 3407 3942 3479 ἡμᾶς

2355 3502 2453 3572 οὐχ
2481 3502 2557 3565 ὡς
2594 3502 2878 3572 ἄνθρωπος
2924 3502 3122 3569 κοινὸς,
3148 3501 3264 3555 ἀλλ’
3292 3500 3369 3565 ὡς
3400 3500 3533 3564 Θεὸς
3563 3501 3621 3553 ἐν
3653 3499 3823 3570 σαρκὶ
3858 3516 3939 3567 γε·

2354 3592 2527 3669 γονὼς
2558 3592 2625 3647 δι’
2650 3595 2816 3665 ἡμᾶς.
2842 3592 2999 3648 Οῦτω
3030 3593 3141 3666 γὰρ
3184 3593 3265 3658 είς
3301 3592 3523 3645 ἔπαινον
3556 3588 3799 3659 ἐσόμεθα
3842 3589 3939 3658 τῆς

2356 3685 2514 3755 δόξης
2541 3685 2731 3741 αὑτοῦ.

2433 3795 2451 3829 ι
2480 3776 2686 3830 Τούτου
2720 3776 2881 3848 χάριν
2912 3775 3023 3844 ἐγὼ
3044 3774 3259 3838 Παῦλος
3279 3776 3308 3828 ὁ
3333 3773 3552 3844 δέσμιος
3579 3770 3669 3825 τοῦ
3696 3770 3937 3842 Χριστοῦ

2366 3865 2541 3938 Ἰησοῦ
2574 3867 2714 3936 ὑπὲρ
2748 3866 2901 3939 ὑμῶν
2934 3866 3043 3920 τῶν
3081 3865 3273 3929 ὲθνῶν,
3322 3864 3374 3917 εἴ
3420 3881 3485 3932 γε
3524 3863 3800 3933 ⁴ίλιιούσςιτε
3840 3863 3940 3934 τὴν

2353 3959 2667 4030 οἰκονομίαν
2699 3960 2801 4030 τῆς
2834 3960 3051 4031 χάριτος
3082 3957 3180 4012 τοῦ
3220 3956 3355 4011 Θεοῦ
3400 3957 3501 4026 τῆς
3543 3956 3798 4026 δοθείσης
3846 3974 3937 4025 μοι

2354 4051 2435 4113 είς
2483 4050 2648 4120 ὑμᾶς,
2682 4051 2762 4104 ὅτι
2812 4050 2953 4106 κατὰ
2995 4047 3337 4117 ἀποκάλυψιν
3384 4047 3691 4119 ἐγνωρίσθη
3744 4065 3843 4116 μοι
3880 4046 3942 4099 τὸ

2358 4142 2677 4213 μυστήριον,
2708 4141 2889 4205 καθὼς
2920 4139 3245 4212 προέγραψα
3271 4142 3329 4192 έν
3354 4139 3520 4209 ὀλίγῳ
3539 4154 3553 4168 °
3585 4138 3721 4208 πρὸς
3769 4139 3801 4190 ὃ
3846 4138 3939 4190 δύο

2354 4233 2517 4288 νασθε
2542 4232 3009 4303 ἀναγινώσκοντες
3038 4230 3231 4302 νὸἧσαι
3260 4230 3359 4302 τὴν
3392 4230 3608 4283 σύνεσίν
3637 4247 3737 4300 μου
3772 4230 3833 4281 ἑν
3861 4228 3940 4298 τῷ

2357 4327 2637 4398 μυστηρίῳ
2678 4325 2772 4379 τοῦ
2811 4322 3073 4393 Χριστοῦ.
3105 4342 3124 4375 ι
3162 4324 3297 4377 ΙΙοία
3329 4322 3597 4385 συνέσεως
3629 4321 3813 4392 χρεία,
3841 4321 3939 4372 καὶ

2353 4418 2745 4487 ἀποκαλύψεως
2766 4418 2865 4487 τῆς
2890 4417 3038 4488 παρὰ
3064 4416 3200 4469 Θεοῦ
3233 4415 3370 4486 πρὸς
3394 4416 3455 4467 τὸ
3484 4413 3857 4483 γνωρισθῆναι
3880 4412 3941 4464 τὸ

677 4507 744 4558 sli
776 4504 1239 4575 perspiciendum,
1268 4505 1312 4558 si
1344 4504 1562 4573 quidem
1603 4518 1700 4572 per
1742 4518 1803 4559 se
1840 4504 2003 4560 homo
2041 4512 2245 4563 tantum

2356 4509 2653 4591 μυστήριον
2686 4506 2779 4561 τοῦ
2820 4506 3083 4578 Χριστοῦ,
3121 4508 3280 4579 εἴπερ
3323 4506 3472 4571 ἐστὶν
3519 4504 3806 4574 ἄνθρωπος
3838 4503 3939 4559 ἰδι-

673 4606 776 4661 cst,
808 4612 837 4649 a
870 4596 965 4651 Dei
1002 4594 1176 4650 Verbo
1204 4595 1423 4650 omnino
1462 4593 1775 4661 seiunctus,
1808 4594 1950 4648 nuda
1992 4607 2250 4662 persona-

2352 4600 2483 4663 κῶς,
2524 4599 2618 4665 καὶ
2646 4598 2957 4669 ὀλοτρόπως
2986 4598 3394 4670 κεχωρισμένος
3431 4594 3525 4650 τοῦ
3558 4594 3693 4648 Θεοῦ
3730 4595 3935 4663 Λόγου,

679 4704 795 4742 ιυιιι
849 4688 1050 4742 unione
1092 4686 1519 4741 eoltoneSIatus?
1564 4685 1703 4752 Quid
1755 4686 1899 4749 enim
1940 4686 2246 4741 abstrusum

2356 4690 2475 4760 ζιιλῇ
2509 4688 2814 4762 προσώπων
2841 4688 3033 4743 ὲνώσει
3063 4688 3428 4759 τετιμημένος
3451 4704 3465 4752 ;
3492 4687 3558 4739 Τί
3587 4686 3696 4757 γὰρ
3727 4685 3846 4755 ἔχει
3877 4685 3936 4738 τὸ

679 4780 861 4843 habet,
895 4786 987 4834 aut
1019 4792 1139 4847 quae
1166 4776 1448 4832 dillieultas
1483 4786 1565 4833 est
1603 4778 1672 4831 de
1708 4777 1916 4847 vulgari
1958 4777 2247 4847 qquiaut,

680 4871 957 4940 nostrique
987 4869 1149 4924 simili
1182 4869 1401 4924 homine
1432 4869 1734 4940 intelligere
1761 4870 1902 4939 quod
1938 4870 2011 4925 sit
2047 4869 2246 4923 homo?

676 4965 744 5015 At
766 4976 893 5016 vere
926 4960 1271 5031 profundum,
1301 4962 1569 5031 planeque
1615 4977 1866 5031 maguum
1914 4971 1995 5017 est
2032 4962 2135 5027 hoc
2161 4977 2245 5016 sa.

675 5056 1035 5118 rramentu’m,
1073 5054 1117 5106 si
1157 5053 1297 5107 Deus
1335 5052 1567 5109 Verbum
1616 5054 1773 5117 nobis
1820 5053 1997 5109 simile
2044 5053 2243 5108 factum

675 5152 923 5212 ponatur.
978 5142 1114 5198 Cum
1165 5144 1330 5213 igitur
1383 5143 1582 5197 eximia
1643 5144 1839 5197 mentis
1892 5142 2245 5211 intelligentia

674 5235 871 5302 nrnati,
904 5234 1193 5303 divinaque
1241 5234 1571 5288 revelatione
1608 5232 1858 5287 illustrati
1883 5272 1898 5299 ,
1931 5234 2244 5304 mysterium

672 5327 871 5381 Christi
938 5326 1100 5381 veluti
1150 5326 1391 5379 divinum
1444 5325 1713 5393 quoddam
1780 5335 2043 5379 secretum
2094 5323 2247 5377 nobis

615 5441 619 5444 -
674 5418 1020 5480 tradiderint,
1080 5417 1318 5485 ﬁdesque
1376 5418 1428 5468 itt
1479 5415 1627 5467 illttttt
1666 5424 1919 5481 tanquam
1970 5414 2022 5466 itt
2077 5414 2243 5473 Deum

674 5512 875 5571 tendat,
912 5510 1181 5579 quomodo
1206 5490 1449 5563 Christus
1478 5522 1580 5561 non
1608 5517 1689 5562 est
1716 5506 1887 5562 Deus?

746 5602 901 5671 123
919 5602 1071 5655 Aliud
1104 5602 1226 5655 huic
1244 5600 1438 5662 simile,
1458 5611 1511 5652 et
1528 5600 1769 5655 eamdem
1794 5600 1998 5654 habens
2025 5609 2242 5653 senten-

742 5754 788 5781 ”
813 5754 984 5810 Galztt.
1018 5773 1074 5817 II,
1107 5755 1186 5808 lii.
1266 5755 1310 5785 ⁵⁸
1337 5754 1491 5806 ιὶοιιι.
1531 5768 1600 5815 tv,
1627 5754 1676 5806 5.

1753 5753 1795 5781 ⁵⁷
1822 5754 2015 5820 Ειιξιος.
2056 5770 2092 5815 t,
2131 5754 2212 5816 l5,
2256 5753 2334 5805 lvi.

2356 4780 2760 4852 κεκρυμμένον,
2792 4780 2825 4850 ἥ
2860 4783 3014 4845 ποῖον
3038 4780 3176 4843 ὅλως
3200 4781 3261 4833 τὸ
3308 4777 3591 4848 δυσχερὲς,
3625 4776 3689 4831 τὸ
3738 4779 3934 4847 νοῆσαι

2353 4872 2515 4941 τυχὸν
2547 4873 2677 4942 περὶ
2706 4870 2825 4934 ἐνὸς
2870 4871 2966 4925 τοῦ
3014 4871 3139 4925 καθ’
3170 4871 3320 4942 ἡμᾶς
3365 4867 3678 4940 ἀνθρώπου,
3710 4868 3795 4921 ὅτι
3848 4869 3935 4921 ἆν-

2354 4962 2569 5034 θρωπός
2593 4964 2742 5029 seu;
2768 4961 2914 5016 Βαοὺ
2940 4962 2997 5016 δὲ
3018 4962 3113 5015 καὶ
3140 4962 3282 5033 μέγα
3301 4961 3361 5013 τὸ
3389 4960 3715 5030 μυστήριον,
3736 4960 3787 5011 εί
3810 4958 3932 5011 καθ’

2352 5055 2497 5133 ἡμᾶς
2527 5053 2777 5122 γενέσθαι
2821 5052 3034 5121 λέγοιτο
3075 5053 3208 5117 Θεὸς
3251 5053 3512 5123 ὑπάρχων
3540 5052 3569 5104 ὁ
3597 5050 3932 5119 Λόγος.”οτε

2352 5148 2533 5211 τοίνυν
2566 5148 2615 5200 oi
2646 5146 2829 5215 βαθεῖς
2854 5147 2934 5209 εἰς
2962 5146 3200 5211 σύνεσιν,
3229 5144 3322 5197 καὶ
3356 5144 3454 5213 τὴν
3475 5140 3624 5195 θείαν
3650 5141 3930 5195 ἀποκάλυ-

2350 5238 2443 5308 ψιν
2479 5239 2792 5309 ἐσχηκότες,
2826 5237 2902 5301 ὡς
2934 5237 3077 5291 θεῖον
3104 5239 3236 5307 ἡμῖν
3268 5236 3569 5313 μυστήριον
3613 5232 3933 5304 παραδεδὼ-

2353 5347 2481 5384 κασι
2514 5330 2574 5382 τὸ
2606 5329 2843 5401 Χριστοῦ
2872 5331 3193 5401 μυστήριον,
3234 5327 3328 5381 καὶ
3360 5328 3440 5392 είς
3472 5326 3635 5393 αὑτὸν
3662 5327 3696 5395 ή
3723 5325 3930 5387 πίστις,

2352 5424 2425 5485 ὡς
2456 5424 2533 5486 εἰς
2561 5422 2693 5477 Θεὸν
2712 5422 2973 5491 δηλονότι’
3006 5422 3122 5485 πῶς
3151 5421 3249 5474 οὐκ
3283 5421 3348 5475 ἂν
3372 5422 3458 5489 εἴη
3481 5418 3646 5484 Θεόςς

2426 5599 2585 5651 ’Λλλο
2614 5600 2788 5670 τούτῳ
2817 5600 3152 5670 προσεοικὸς,
3191 5599 3282 5651 καὶ
3322 5598 3419 5668 τὴν
3465 5597 3633 5666 αὐτὴν
3659 5596 3779 5665 ἔχον
3808 5596 3924 5649 διὰ·

2420 5754 2462 5782 ⁵⁹
2487 5754 2682 5821 lit-ltus.
2723 5770 2801 5817 ιιι,
2836 5756 2945 5808 l-l.

3556 6448 3594 6454 ἡ
3692 6448 3712 6454 ἡ
3800 6446 3833 6449 ἡ
3904 6442 3949 6449 ——
4029 6441 4067 6447 —-
