4066 6450
682 352 805 407 ΙτδΙ

1672 356 1728 413 s.
1773 357 2050 414 CYRlLLl
2089 356 2559 417 ALEXANDRINI
2596 363 2916 420 ARCHIEP.
3000 322 3003 325 ί

3814 368 3938 423 133!

747 484 768 519 ι
811 467 875 522 Et
919 470 1205 525 manil'este
1246 485 1499 543 magnum
1537 485 1621 529 cst
1664 476 1883 545 pietatis
1940 492 2221 533 sacramen

2323 500 2339 537 .'
2434 500 2453 532 ι
2500 482 2610 536 Καὶ
2640 483 3087 554 ὁμολογουμένως
3126 486 3267 556 μέγα
3289 485 3407 538 ἐστὶ
3433 485 3494 537 τὸ
3519 484 3619 552 τῆς
3652 483 3938 548 εὐσεϐείας

675 574 813 623 tum,
845 558 989 627 quod
1024 559 1426 616 manifestatum
1452 573 1538 619 est
1569 564 1621 618 in
1661 578 1861 632 carne,
1888 565 2245 635 justiﬁcatum

671 656 756 701 est
794 648 848 701 in
893 646 1122 718 Spiritu,
1170 652 1423 721 apparuit
1468 654 1704 722 angelis,
1756 656 2104 725 prmdicatum
2163 666 2249 714 est

672 739 943 807 gentibus,
990 741 1254 797 creditum
1287 754 1372 799 est
1418 744 1470 799 in
1525 747 1756 813 mundo,
1792 759 2127 818 assumptum
2164 759 2250 806 est

676 826 728 880 in
768 828 940 899 gloria
973 830 1041 885 ⁸³.
1077 849 1099 883 ι
1129 831 1260 899 Quis
1292 834 1359 899 is,
1386 850 1594 903 quaso,
1617 846 1721 901 est,
1751 840 1843 908 qui
1868 840 1922 894 in
1950 854 2114 897 carne
2138 855 2248 896 ma-

677 910 962 977 nifestatus
989 922 1111 977 est?
1148 924 1336 978 Annon
1386 927 1559 983 modis
1602 929 1854 984 omnibus
1901 931 2243 1000 perspicuum

673 1019 778 1073 est,
814 1012 923 1066 non
972 1012 1135 1068 alium
1172 1029 1329 1080 esse,
1377 1032 1538 1087 quam
1595 1020 1883 1089 ipsummet
1926 1022 2022 1077 Dei
2069 1022 2246 1079 Patris

678 1093 948 1153 Verbum?
978 1097 1116 1156 Hinc
1143 1117 1375 1173 namque
1413 1120 1663 1176 magnum
1707 1107 1835 1163 illud
1879 1110 2098 1179 pietatis
2127 1127 2246 1181 my-

676 1186 902 1243 sterium
960 1193 1305 1260 perspicitur.
1352 1194 1451 1250 Hic
1495 1207 1673 1251 autem
1728 1198 1797 1252 ab
1846 1201 2052 1270 angelis
2097 1201 2243 1257 visus

673 1288 779 1342 est,
813 1293 931 1333 cum
963 1280 1017 1335 in
1052 1282 1247 1338 coelum
1277 1294 1564 1354 susceptus
1588 1296 1705 1353 est;
1734 1289 2053 1356 praedicatus
2082 1305 2243 1359 porro

672 1369 921 1433 gentibus
954 1381 1037 1427 est
1059 1388 1156 1443 per
1185 1385 1405 1433 sanctos
1437 1378 1709 1447 apostolos
1742 1401 1754 1436 :
1796 1382 2034 1438 creditus
2061 1393 2239 1439 autem

671 1467 755 1512 est
782 1459 833 1514 in
862 1464 1082 1518 mundo.
1120 1462 1227 1522 Sed
1267 1469 1508 1538 nunquid
1544 1469 1687 1527 istud
1716 1472 1865 1527 velut
1890 1472 2051 1531 homo
2080 1474 2239 1530 abso-

673 1551 780 1605 hue
813 1560 871 1605 ut
899 1554 1035 1608 nos?
1057 1553 1426 1627 Nequaquam,
1457 1574 1646 1616 verum
1675 1573 1734 1616 ut
1776 1563 1919 1619 Deus
1964 1566 2015 1619 in
2054 1581 2238 1632 carne,

672 1640 934 1711 nobisque
959 1644 1153 1702 similis
1178 1646 1427 1703 effectus.
1457 1650 1782 1721 Assumptus
1816 1654 2029 1709 tandem
2070 1666 2152 1710 est
2185 1657 2238 1711 in

669 1732 877 1803 gloria,
926 1751 1034 1806 quo
1082 1737 1250 1795 Deum
1294 1751 1351 1796 et
1407 1741 1623 1801 Patrem
1677 1747 1945 1803 dicentem
2004 1752 2235 1807 audiat:

674 1842 693 1873 ι
726 1810 865 1882 Sede
892 1843 924 1881 a
952 1828 1160 1886 dextris
1198 1833 1355 1899 meis,
1385 1835 1557 1892 donec
1596 1852 1790 1907 ponam
1841 1839 2088 1897 inimicos
2118 1853 2236 1899 tuos
2268 1818 2311 1872 Β

666 1915 959 1973 scabellum
983 1920 1182 1990 pedum
1217 1932 1432 1981 tuorum
1456 1928 1522 1981 “.
1559 1946 1579 1980 ι

1110 2057 1198 2113 Ea:
1232 2058 1476 2129 Epistola
1505 2065 1574 2118 ad
1604 2026 1799 2122 Titum.

737 2182 755 2214 ι
792 2163 994 2223 Fidelis
1015 2180 1194 2223 sermo
1215 2178 1301 2225 est
1324 2184 1341 2225 :
1367 2177 1422 2226 et
1446 2171 1514 2227 de
1538 2172 1623 2227 his
1646 2174 1766 2229 volo
1793 2185 1843 2230 te
1864 2178 2189 2235 conﬁrmare
2210 2198 2225 2247 ;

662 2263 717 2307 ut
777 2267 968 2312 curent
1020 2259 1175 2316 bonis
1241 2262 1497 2332 operibus
1561 2280 1795 2333 praeesse
1858 2270 1949 2336 qui
2005 2272 2234 2327 credunt

663 2343 770 2399 Deo
796 2345 860 2400 ⁸⁷.
895 2366 914 2399 ι
949 2346 1199 2421 Nunquid
1240 2353 1331 2422 qui
1379 2353 1432 2408 in
1480 2353 1646 2411 Deum
1679 2358 1930 2424 credunt,
1966 2360 2019 2415 in
2072 2362 2229 2417 Chri-

660 2444 798 2490 stum
845 2454 949 2493 non
999 2443 1267 2498 credunt?
1304 2445 1464 2513 Atqui
1494 2447 1685 2504 beatus
1728 2448 1960 2507 Joannes
2005 2455 2117 2509 haec
2164 2455 2230 2511 de

659 2525 749 2580 illo
800 2529 1000 2587 diserte
1043 2535 1303 2602 eXponit:
1336 2555 1355 2588 ι
1415 2536 1719 2608 Quotquot,
1762 2543 1966 2612 inquit,
2008 2560 2231 2617 recepe-

657 2627 777 2671 mnt
810 2636 954 2689 eum,
987 2624 1136 2680 dedit
1163 2627 1244 2681 eis
1286 2638 1608 2698 potestatem
1664 2633 1805 2690 ﬁlios
1836 2634 1929 2691 Dei
1970 2638 2107 2702 ﬁeri,
2142 2639 2227 2695 bis

654 2710 743 2775 qui
782 2711 938 2783 125
985 2719 1210 2771 credunt
1258 2720 1309 2774 in
1351 2722 1567 2778 nomine
1607 2723 1724 2793 ejus
1750 2725 1815 2782 ⁸⁸.
1856 2746 1874 2780 ι
1923 2728 2228 2786 Subscribit

656 2801 740 2853 his
766 2816 815 2855 et
845 2804 958 2872 ipse
981 2808 1169 2863 beatus
1188 2808 1387 2867 Paulus
1406 2829 1619 2883 quoque
1643 2833 1657 2870 :
1682 2816 1760 2871 ait
1784 2820 1924 2872 enim
1952 2836 1968 2873 :
1997 2838 2015 2871 ι
2038 2819 2225 2877 Scien-

654 2900 736 2945 tcs
769 2893 913 2961 quod
942 2910 1049 2949 non
1075 2895 1411 2964 justiﬁcatur
1446 2902 1605 2956 homo
1654 2919 1719 2958 ex
1760 2907 2013 2973 cpe-ribus
2050 2906 2182 2977 legis
2205 2949 2222 2976 ,

653 2980 755 3033 nisi
782 2996 880 3050 per
905 2983 1061 3037 ﬁdem
1093 2983 1218 3040 .lesu
1247 2987 1487 3056 Christi;
1523 3000 1576 3044 et
1615 3006 1712 3047 nos
1756 2992 1807 3047 in
1844 2993 2060 3050 Christo
2096 2993 2222 3051 Iesu

2352 573 2648 643 μυστήριον
2667 591 2683 605 ν
2727 572 2858 636 Θεὸς
2888 574 3203 645 ἐφανερώθη
3237 574 3297 627 ὲν
3326 574 3512 644 σαρκὶ,
3541 573 3857 641 ἐδικαιώθη
3889 577 3940 626 ἐν

2351 662 2647 732 Πνεύματι,
2665 662 2821 735 ὤφθη
2850 664 3125 732 ἀγγέλοις,
3152 664 3430 736 ἐκηρύχθη
3454 667 3515 718 ἐν
3544 664 3795 727 ἔθνεσιν,
3829 668 3937 718 ἐπε-

2350 752 2546 823 στεύθη
2571 754 2630 806 ἐν
2656 752 2864 822 κόσμῳ,
2894 754 3168 824 ἀνελήφθη
3196 756 3254 807 ἐν
3274 754 3424 825 δόξῃ.
3457 772 3476 804 ι
3502 753 3601 816 Τίς
3627 756 3660 807 ὁ
3692 755 3757 805 ἐν
3779 760 3934 820 σαρκὶ

2348 842 2719 913 φανερωθείς;
2749 844 2781 915 ἢ
2812 843 2971 914 δῆλον
2999 845 3081 897 ὅτι
3117 843 3295 913 πάντη
3325 860 3385 896 τε
3419 843 3515 896 καὶ
3546 844 3783 905 πάντως
3812 843 3843 894 ὁ
3876 846 3932 896 ἐκ

2345 932 2481 986 Θεοῦ
2516 932 2728 1004 Πατρδς
2759 934 2963 1002 Λόγος;
2995 932 3151 987 Οῦτω
3196 934 3305 1004 γὰρ
3346 933 3496 986 ἔσται
3546 933 3703 1003 μέγα
3734 931 3799 984 τὸ
3840 934 3930 1000 τῆς

2344 1024 2627 1089 εὐσεϐείας
2676 1025 2995 1097 μυστήριον.
3045 1024 3179 1088 Θεὸς
3238 1023 3559 1095 ἐφανερώθη
3616 1026 3683 1077 ἐν
3746 1026 3925 1093 σαρκὶ,

2344 1113 2502 1185 ὤφθη
2530 1115 2589 1169 δὲ
2622 1115 2876 1185 ἀγγέλοις
2905 1115 3215 1171 ἀναϐαίνων
3242 1117 3323 1180 είς
3364 1115 3628 1186 οὐρανούς
3648 1129 3665 1143 ·
3730 1114 3924 1183 ἐκηρύ-

2343 1204 2449 1275 χθη
2494 1205 2552 1258 ἐν
2578 1205 2757 1260 ἔθνεσι
2785 1205 2877 1259 διὰ
2908 1205 3018 1259 τῶν
3049 1204 3220 1275 ἁγίων
3246 1206 3583 1266 ἀποστόλων,
3625 1204 3923 1271 ἐπιστεύθη

2340 1297 2398 1351 δὲ
2441 1298 2500 1351 ἐν
2536 1298 2758 1369 κόσμῳ·
2810 1299 2906 1352 καὶ
2939 1296 3055 1351 οὔτι
3104 1297 3207 1351 πού
3252 1314 3455 1368 φαμεν,
3504 1297 3588 1350 ὅτι
3620 1296 3754 1349 καθ’
3784 1298 3919 1365 ἡμᾶς

2341 1387 2626 1460 ἄνθρωπος
2672 1388 2883 1452 ἁπλῶς,
2916 1388 3031 1442 ἀλλ’
3059 1388 3135 1452 ὡς
3176 1388 3311 1452 Θεὸς
3348 1388 3407 1439 ἐν
3450 1388 3621 1459 σαρκὶ
3669 1387 3778 1440 καὶ
3804 1388 3915 1441 καθ’

2339 1479 2489 1548 ἡμᾶς
2519 1478 2778 1547 γεγονώς.
2820 1478 3122 1551 Ἀνελήφθη
3169 1479 3227 1533 δὲ
3272 1480 3366 1533 καὶ
3414 1480 3474 1531 ἐν
3505 1479 3660 1551 δόξῃ.
3714 1479 3801 1531 ἵνα
3831 1480 3912 1529 λέ-

2339 1585 2529 1635 γοντος
2570 1568 2777 1640 ἀκούσῃ
2808 1568 2904 1623 τοῦ
2947 1568 3083 1623 Θεοῦ
3129 1568 3226 1623 καὶ
3260 1568 3502 1639 Πατρός’
3549 1589 3569 1621 ‹
3623 1568 3814 1622 Κάθου
3856 1570 3914 1620 ἐκ

2338 1658 2528 1724 δεξιῶν
2574 1676 2699 1730 μου,
2728 1660 2835 1723 ’ἐως
2861 1660 2930 1713 ἂν
2967 1658 3046 1715 θῶ
3072 1660 3199 1725 τοὺς
3240 1659 3466 1731 ἐχθρούς
3502 1676 3595 1713 σου
3627 1659 3911 1713 ὑποπόδιον

2338 1750 2446 1805 τῶν
2476 1750 2652 1806 ποδῶν
2681 1767 2797 1807 σου.
2845 1769 2865 1803 ι

2791 2055 2893 2110 Ἕκ
2940 2054 3052 2124 τῆς
3083 2055 3235 2125 πρὸς
3273 2056 3459 2112 Τίτον.

2411 2189 2429 2220 ‹
2476 2168 2674 2232 Πιστὸς
2715 2154 2743 2221 ό
2790 2167 2980 2237 λόγος*
3011 2168 3107 2221 καὶ
3134 2166 3262 2237 περὶ
3306 2165 3509 2221 τούτων
3542 2166 3805 2238 βούλομαί
3846 2186 3900 2221 σε

2330 2258 2795 2323 διαϐεϐαιοῦσθαι,
2843 2260 2932 2313 ἵνα
2962 2258 3290 2330 φροντίζωσι
3335 2258 3517 2312 καλῶν
3558 2261 3739 2330 ἔργων
3774 2278 3897 2328 προ-

2336 2351 2582 2405 ίστασθαι
2610 2352 2661 2404 οί
2681 2350 3106 2413 πεπιστευκότες
3127 2348 3205 2420 τῷ
3232 2349 3372 2420 Θεῷ.
3403 2368 3421 2401 ι
3449 2346 3574 2419 'Ap’
3595 2347 3692 2404 οῦν
3715 2352 3764 2404 oi
3791 2351 3899 2422 Θεῷ

2331 2443 2701 2505 πιστεύοντες,
2723 2442 2824 2494 οὐκ
2848 2443 2929 2504 είς
2961 2441 3196 2512 Χριστὸν
3228 2440 3663 2507 πεπιστεύκασις
3717 2443 3895 2496 Καίτοι

2329 2536 2503 2605 λέγων
2528 2538 2722 2608 ὁρᾶται
2758 2536 2992 2606 σαφῶςὸ
3027 2536 3297 2608 μακάριος
3338 2537 3600 2606 Ἰωάννης
3637 2538 3770 2608 περὶ
3811 2538 3899 2589 αύ-

2327 2629 2457 2684 τοῦο
2494 2649 2513 2681 ι
2549 2628 2703 2685 Ὅσοι
2739 2630 2799 2684 δὲ
2843 2629 3036 2683 ἔλαϐον
3072 2627 3259 2693 αὑτὸν,
3303 2628 3508 2681 ἔδωκεν
3532 2629 3721 2691 αὐτοῖς
3762 2628 3896 2694 ἐξου-

2328 2719 2451 2773 σίαν
2494 2720 2660 2774 τέκνα
2703 2719 2839 2774 Θεοῦ
2889 2718 3163 2788 γενέσθαι,
3198 2720 3313 2784 τοῖς
3352 2720 3709 2772 πιστεύουσιν
3742 2720 3819 2780 είς
3842 2719 3897 2769 τὸ

2326 2813 2497 2883 ὄνομα
2526 2811 2713 2866 αὑτοῦ.
2752 2829 2771 2863 ι
2810 2811 2923 2866 Καὶ
2947 2811 3055 2883 μὴν
3079 2810 3174 2864 καὶ
3207 2810 3368 2875 αὐτὸς
3398 2811 3428 2862 ὁ
3461 2810 3734 2881 μακάριος
3762 2809 3894 2864 Παῦ-

2324 2903 2450 2968 λοςο
2498 2921 2518 2955 ι
2554 2903 2769 2967 Είδότες
2812 2902 2871 2956 δὲ
2918 2903 3000 2956 ὅτι
3048 2902 3110 2957 οὐ
3160 2901 3470 2957 δικαιοῦται
3515 2901 3798 2971 ἄνθρωπος
3841 2899 3895 2964 ἐξ

2325 2994 2502 3068 ἔργων
2533 2995 2722 3065 νόμου,
2760 2994 2856 3047 ἐὰν
2897 2993 2974 3066 μὴ
3015 2994 3105 3048 διὰ
3140 2992 3377 3058 πίστεως
3417 2992 3596 3065 Ἰησοῦ
3627 2992 3890 3065 Χριστοῦο

650 3071 1003 3139 credidimus,
1034 3085 1092 3130 ut
1112 3076 1473 3146 justiﬁcemur
1504 3081 1557 3136 in
1588 3083 1705 3153 ipso
1734 3083 1797 3135 ".
1850 3102 1869 3135 ι
1900 3086 2032 3141 Cum
2061 3086 2224 3157 igitur

2326 3089 2420 3141 καὶ
2468 3090 2632 3158 ἡμεῖς
2679 3089 2759 3152 είς
2814 3087 3052 3159 Χριστὸν
3093 3086 3300 3158 Ἰησοῦν
3345 3085 3769 3158 ἐπιστεύσαμεν,
3811 3086 3890 3139 ἵνα

649 3164 740 3229 qni
779 3164 995 3221 Christo
1022 3167 1177 3223 ﬁdem
1212 3169 1465 3235 oﬁ‘erunt,
1507 3174 1559 3226 in
1594 3146 1759 3228 Deum
1787 3176 2030 3243 credant,
2077 3146 2217 3250 quo-

2324 3146 2705 3250 δικαιωθῶμεν
2730 3146 2790 3233 ἔν
2811 3146 2978 3249 αύτῷ.
3003 3197 3023 3230 ι
3049 3146 3178 3233 Ὅτε
3205 3178 3385 3233 τοίνυν
3406 3178 3525 3247 Θεῷ
3553 3146 3889 3231 πιστεύουσιν

651 3258 808 3312 modo
836 3258 1083 3315 Christus
1109 3277 1213 3317 non
1248 3272 1328 3319 est
1361 3279 1520 3320 verus
1554 3266 1734 3321 Deus?

1021 3460 1174 3525 Quod
1208 3463 1337 3529 ﬁdes
1363 3465 1431 3518 sit
1466 3464 1519 3518 in
1550 3464 1842 3521 Christum.

912 3570 996 3625 Ex
1031 3571 1315 3643 Evangelia
1346 3579 1630 3648 secundum
1660 3577 1944 3635 Joannem.

723 3700 742 3733 ι
779 3679 1051 3753 Quotquot
1079 3694 1258 3740 autem
1289 3696 1611 3758 receperunt
1638 3704 1785 3754 eum,
1820 3691 1966 3746 dedit
2008 3693 2088 3749 eis
2117 3708 2216 3763 po-

646 3781 895 3827 testatem
928 3773 1069 3829 ﬁlios
1100 3772 1194 3829 Dei
1234 3776 1374 3843 ﬁeri,
1412 3778 1497 3834 his
1532 3779 1623 3849 qui
1653 3780 1885 3835 credunt
1916 3782 1967 3836 in
2001 3785 2218 3841 nomine

642 3863 779 3930 ejus.
818 3882 838 3916 ι
876 3862 993 3919 Duo
1015 3882 1134 3935 qua:
1164 3866 1217 3921 in
1253 3866 1422 3923 Deum
1455 3871 1743 3939 quadrant,
1771 3871 2101 3941 coniunctim
2130 3876 2219 3931 hic

642 3952 790 4020 ponit
820 3970 835 4006 :
871 3970 976 4010 non
1007 3958 1150 4011 enim
1189 3958 1291 4014 alia
1335 3959 1548 4015 ratione
1594 3962 1869 4019 Christum
1903 3966 2216 4036 complecti-

644 4060 782 4111 mur,
809 4062 971 4110 quam
1000 4050 1141 4118 quod
1169 4050 1273 4106 ﬁde
1319 4051 1373 4106 in
1409 4052 1560 4107 illum
1595 4056 1888 4121 tendimus,
1939 4058 2041 4112 hoc
2084 4073 2216 4116 vero

640 4138 909 4207 declarat,
945 4140 1071 4196 dum
1109 4142 1230 4197 ait:
1288 4161 1309 4195 ι
1348 4141 1445 4200 His
1490 4147 1581 4216 qui
1629 4149 1855 4202 credunt
1900 4150 1951 4203 in
1996 4151 2215 4207 nomine

638 4229 753 4294 ejtts
782 4245 795 4280 :
830 4249 848 4282 ι
892 4233 1163 4289 credimus
1187 4243 1365 4288 autem
1398 4236 1448 4290 in
1478 4238 1696 4293 nomine
1719 4239 1856 4308 ejus.
1891 4257 1996 4295 non
2025 4241 2212 4312 vulga-

638 4333 773 4383 rem,
820 4322 1098 4389 nostrique
1138 4324 1370 4381 similem
1422 4328 1694 4384 hominem
1741 4332 1867 4395 rati,
1911 4333 2003 4387 sed
2041 4333 2208 4389 Deum

639 4411 997 4466 incarnatum.
1026 4412 1261 4470 Rursum
1294 4420 1436 4486 quod
1461 4430 1783 4489 potestatem
1819 4426 1912 4478 dat
1948 4425 2085 4481 ﬁlios
2110 4424 2204 4481 Dei

2321 3272 2373 3325 oi
2400 3270 2621 3342 Χριστῷ
2648 3269 2750 3341 τὴν
2776 3269 2958 3323 πίστιν
3002 3270 3393 3341 προσάγοντες,
3428 3268 3550 3334 πῶς
3576 3270 3677 3324 οὐκ
3720 3270 3784 3324 ἂν
3809 3270 3887 3339 εἴη

2320 3359 2453 3423 Θεὸς
2480 3358 2718 3430 ἀληθής;

2392 3488 2397 3494 ·
2674 3475 2803 3529 Ὅτι
2831 3477 2918 3542 εὶς
2945 3476 3205 3545 Χριστὸν
3242 3476 3282 3545 ἠ
3317 3480 3545 3545 πίστις.

2525 3586 2621 3638 Ἐκ
2660 3586 2766 3640 τοῦ
2800 3585 2951 3640 κατὰ
3001 3587 3278 3657 Ἰωάννην
3307 3590 3702 3660 Εὐαγτελίου.

2396 3716 2414 3748 ι
2449 3697 2604 3751 Ὅσοι
2654 3698 2712 3751 δὲ
2738 3697 2930 3752 ἔλαϐον
2958 3699 3141 3766 αὑτὸν,
3175 3699 3380 3756 ἔδωκεν
3422 3703 3611 3767 αὐτοῖς
3650 3704 3878 3770 ἐξουσίαν

2316 3788 2485 3842 τέκνα
2511 3788 2645 3842 Θεοῦ
2675 3790 2949 3856 γενέσθαι,
2980 3793 3094 3855 τοῖς
3137 3793 3486 3847 πιστεύουσιν
3527 3797 3610 3861 είς
3640 3797 3700 3850 τὸ
3724 3797 3876 3864 ὄνομα

2317 3879 2502 3934 αὐτοῦ.
2546 3899 2564 3930 ι
2595 3880 2701 3933 Δύο
2731 3880 2873 3934 κατὰ
2918 3881 3115 3935 ταυτὸν
3144 3882 3325 3952 τίθησι
3369 3885 3685 3956 θεοπρεπῆ·
3723 3902 3875 3954 παρα-

2316 3970 2651 4038 λαμδάνεται
2700 3971 2807 4041 γὰρ
2837 3970 2938 4042 οὐχ
2977 3971 3183 4043 ἑτέρως
3227 3976 3358 4045 παρ’
3393 3974 3553 4045 ἡμῶν
3582 3978 3613 4030 ὁ
3642 3974 3871 4046 Χριστός

2316 4062 2456 4132 πλὴν
2480 4063 2563 4115 ὅτι
2588 4062 2645 4115 δὲ
2673 4063 2754 4126 είς
2781 4062 2944 4116 αὐτὸν
2974 4062 3174 4129 πίστις,
3224 4068 3479 4136 σαφηνιεῖ
3505 4066 3566 4120 τὸ
3596 4066 3873 4138 προκείμε-

2313 4169 2435 4207 νον·
2484 4172 2502 4205 ι
2556 4154 2681 4219 Τοῖς
2717 4154 2825 4226 γὰρ
2869 4156 3206 4222 πιστεύουσι,
3254 4157 3438 4227 φησιν,
3490 4160 3571 4222 είς
3624 4160 3687 4212 τὺ
3722 4160 3871 4227 ὄνομα

2312 4245 2501 4301 αὐτοῦ.
2540 4265 2558 4297 ι
2598 4246 2938 4318 Πιστεύομεν
2965 4248 3021 4302 δέ
3053 4249 3133 4312 είς
3157 4249 3218 4302 τὸ
3260 4249 3432 4319 ὄνομα
3461 4250 3654 4314 αὐτοῦ,
3682 4252 3773 4305 ούκ
3792 4251 3871 4305 ἄν-

2314 4336 2531 4405 θρωπον
2560 4331 2701 4390 εἶναι
2720 4338 2899 4392 κοινὸν
2922 4339 3017 4392 καὶ
3039 4339 3137 4392 Eva.
3156 4339 3264 4393 τῶν
3287 4339 3410 4393 καθ’
3434 4340 3587 4410 ἡμᾶς
3615 4340 3869 4394 πιστεύον-

2310 4442 2421 4490 τες,
2446 4426 2584 4480 and:
2625 4427 2758 4482 Θεὸν
2784 4428 3264 4501 ἐνηνθρωπηκότα.
3296 4430 3412 4483 υύκ
3444 4430 3779 4501 ἀνθρώπινον
3818 4429 3867 4483 δὲ

636 4498 775 4561 ﬁeri,
809 4515 914 4554 non
949 4502 1312 4559 humanarum
1346 4508 1539 4562 virium
1569 4518 1671 4573 est,
1701 4514 1795 4566 sed
1826 4514 2018 4570 divina:
2050 4527 2205 4571 natu-

2323 4518 2370 4571 ιδ
2400 4518 2651 4583 ἐξουσίαν
2691 4498 2891 4575 διδόναι
2922 4498 3252 4577 τέκνα-Θεοῦ
3282 4498 3563 4591 γενέσθαι,
3591 4521 3867 4594 θεοπρεπὲς

632 4601 705 4639 ne
735 4602 896 4655 opus,
931 4588 1298 4661 quiddamque
1322 4595 1574 4651 universa
1605 4610 1852 4653 creatura
1890 4603 2198 4660 sublimius.

629 4674 763 4727 Cum
797 4674 930 4730 ﬁdes
950 4690 1080 4745 ergo
1116 4678 1169 4732 in
1197 4680 1372 4749 ipsum
1408 4682 1683 4741 Christum
1721 4691 1923 4757 tendat,
1956 4693 2204 4762 idemque

627 4766 719 4818 det
748 4767 979 4834 gratiam
1012 4777 1071 4823 ut
1102 4769 1195 4824 lilii
1224 4772 1317 4827 Dei
1350 4772 1667 4843 ciliciamur,
1701 4785 1969 4849 quomodo
1991 4800 2097 4839 non
2120 4797 2205 4842 est

629 4855 765 4909 Dens
781 4857 805 4911 ?

702 4966 720 4998 ι
754 4946 865 5003 Hoc
894 4950 1020 5005 fecit
1047 4954 1255 5008 initium
1280 4957 1554 5025 signorum
1583 4961 1741 5018 Jesus
1782 4964 1833 5018 in
1870 4967 2013 5022 Cana
2051 4968 2195 5024 Gali-

624 5036 754 5101 lgrte,
786 5047 839 5093 et
870 5040 1238 5097 manifestavit
1268 5046 1494 5114 gloriam
1532 5066 1684 5105 suam
1712 5070 1725 5105 :
1763 5065 1815 5108 et
1847 5058 2195 5114 crediderunt

622 5133 671 5180 in
695 5143 818 5183 eum
847 5130 1093 5202 discipuli
1123 5136 1241 5206 ejus
1267 5138 1334 5191 "°.
1369 5158 1388 5191 ι
1422 5138 1589 5211 Signo
1616 5159 1855 5213 peracto,
1884 5150 2193 5221 Christique

616 5218 784 5288 gloria
829 5221 1197 5290 manifestata,
1234 5226 1285 5279 in
1319 5242 1501 5294 quem,
1530 5245 1734 5299 quaeso,
1765 5234 1904 5289 benti
1936 5237 2008 5290 illi
2041 5218 2193 5291 disci-

618 5298 725 5377 puli
754 5313 1149 5369 crediderunt?
1179 5320 1422 5387 nunquid
1454 5320 1508 5375 in
1556 5323 1828 5378 hominem
1874 5328 2191 5397 simpliciter

614 5406 909 5459 sanctum?
946 5406 1106 5476 Atqui
1134 5418 1261 5464 ante
1298 5414 1508 5481 signum
1551 5415 1752 5468 editum
1809 5418 1956 5471 illum
1996 5436 2187 5489 seque-

614 5498 809 5550 bantur
842 5507 1099 5568 tanquam
1134 5503 1309 5559 virum
1341 5515 1587 5559 sanctum
1624 5508 1892 5564 admirati.
1930 5512 2002 5566 Ex
2038 5514 2189 5581 signo

615 5598 793 5655 usque
851 5601 1171 5658 potestatem
1234 5596 1469 5651 humana
1530 5598 1786 5668 majorem
1855 5604 1928 5657 illi
2000 5606 2188 5668 adesse

650 5743 690 5773 “
725 5743 741 5795 l
783 5744 922 5802 Tim.
967 5762 1048 5813 ιι,
1086 5748 1173 5805 lC.
1266 5752 1307 5782 ⁶⁶
1338 5752 1479 5809 Ρεειι,
1520 5769 1631 5822 urx,
1675 5758 1717 5809 i.

1800 5759 1839 5787 ⁵⁷
1873 5758 1975 5812 Tit.
2012 5775 2091 5829 ιιι,
2126 5764 2176 5816 8.
2260 5763 2476 5820 "Joan.
2517 5782 2553 5833 ι,
2598 5768 2682 5823 12,

2303 4608 2357 4661 δὲ
2395 4611 2595 4680 μᾶλλον
2625 4611 2720 4665 καὶ
2748 4611 2887 4683 ὑπὲρ
2916 4612 3013 4683 τὴν
3042 4613 3241 4666 κτίσιν.
3266 4614 3394 4668 Ὅτε
3420 4614 3606 4669 τοίνυν
3626 4617 3705 4679 είς
3724 4612 3864 4667 αὐτὸν

2296 4703 2338 4770 ’ὴ
2369 4702 2570 4766 πίστις,
2608 4703 2699 4755 καὶ
2732 4702 2895 4766 αὐτὸς
2923 4704 3106 4758 δίδωσι
3133 4705 3234 4776 τῆς
3268 4704 3539 4789 υἱοθεσίας
3567 4708 3674 4778 τὴν
3702 4708 3859 4777 χάριν·

2303 4794 2420 4857 πῶς
2448 4795 2509 4846 οὐ
2538 4794 2668 4857 Θεὸς
2700 4797 2729 4849 ὁ
2754 4795 3022 4866 Χριστός;

2382 4994 2398 5023 ι
2448 4971 2662 5042 Ταύτην
2698 4975 2954 5043 ἐποίησεν
2983 4975 3158 5047 ἀρχὴν
3184 4975 3290 5029 τῶν
3316 4976 3559 5047 σημείων
3604 4979 3636 5030 ὁ
3681 4977 3856 5050 Ἰησοῦς

2304 5065 2361 5116 ἐν
2394 5066 2546 5136 Κανᾷ
2584 5065 2681 5134 τῆς
2728 5066 3039 5130 Γαλιλαίας,
3090 5068 3185 5122 καὶ
3225 5068 3537 5140 ἐφανέρωσε
3575 5071 3684 5141 τὴν
3727 5070 3859 5134 δόξαν

2302 5155 2466 5207 αὑτοῦ
2485 5173 2500 5187 ο
2532 5156 2622 5209 καὶ
2644 5156 2971 5213 ἐπίστευσαν
2991 5160 3073 5222 εἰς
3102 5160 3265 5213 αὐτὸν
3283 5161 3332 5213 οἱ
3364 5160 3610 5231 μαθηταὶ
3636 5164 3809 5216 αὐτοῦ.
3840 5180 3854 5211 ι

2301 5246 2590 5313 Γεγονὸτος
2638 5247 2746 5318 ἄρα
2776 5249 2870 5302 τοῦ
2902 5251 3152 5321 σημείου,
3200 5251 3296 5305 καὶ
3336 5253 3757 5323 φανερώσαντος
3784 5253 3858 5305 τοῦ

2297 5337 2533 5405 Χριστοῦ
2557 5339 2655 5409 τὴν
2681 5338 2839 5403 δόξαν
2873 5341 3058 5405 αὐτοῦ,
3084 5341 3160 5405 ὡς
3192 5344 3271 5405 είς
3299 5343 3419 5395 τίνα
3446 5345 3856 5398 πεπιστεύκασιν

2294 5430 2342 5481 οἱ
2399 5431 2659 5500 μακάριοι
2719 5432 2991 5503 μαθηταί;
3054 5431 3163 5506 ἄρα
3219 5437 3301 5497 εἰς
3364 5434 3656 5503 ἄνθρωπον
3726 5437 3855 5505 ἅγιον

2295 5519 2512 5585 ἀπλώς;
2539 5522 2728 5575 Καίτοι
2763 5524 2868 5594 πρὸ
2892 5524 2983 5576 τοῦ
3015 5525 3246 5594 σημείου
3291 5525 3673 5594 ἠκολούθησαν
3704 5526 3851 5593 αύτῷ.

2292 5610 2694 5681 τεθαυμακότες
2721 5614 2795 5679 ὡς
2848 5616 3023 5684 ἅγιον·
3051 5615 3186 5670 ἀλλὰ
3218 5617 3503 5671 τεθέανται
3534 5618 3624 5672 διὰ
3650 5620 3742 5673 τοῦ
3780 5636 3852 5687 ση-

2787 5770 2830 5803 ”
2861 5770 3038 5826 Calai.
3072 5789 3126 5841 ιι,
3176 5773 3261 5832 l6.
3341 5775 3384 5805 ⁷ο
3415 5772 3573 5831 Joan.
3612 5792 3673 5843 ιι,
3717 5777 3795 5831 ll.
