4132 6472
226 380 373 436 1355

1321 386 1408 442 DE
1448 386 1673 444 RECTA
1714 388 1872 445 FIDE
1907 390 2002 444 AD
2040 387 2358 446 REGINAS.

3349 384 3488 438 i334

226 498 385 568 μείου
417 500 516 571 τὴν
545 501 687 572 ὑπὲρ
716 502 1004 575 ἄνθρωπον
1048 505 1278 579 δύναμίν
1313 526 1371 562 τε
1420 509 1516 562 καὶ
1556 509 1806 575 ἐξουσίαν

1919 509 2411 565 animadverterunt
2437 523 2452 561 :
2479 520 2648 576 quare
2670 504 2726 560 in
2758 502 2905 560 illum
2941 512 3195 573 tanquam
3234 500 3286 555 in
3316 500 3485 554 Deum
3564 507 3568 511 ’

223 590 441 662 ἔχοντα.
477 591 686 647 Οὐκοῦν
713 596 1144 653 πεπιστεύκασιν
1184 599 1261 663 ὡς
1298 601 1379 664 είς
1418 599 1573 655 Θεόν.
1611 600 1806 653 Ἰστὲον

222 680 306 745 δὲ,
334 683 416 735 ὅτι
449 682 635 737 πολλοὶ
654 684 766 739 τῶν
793 687 968 756 ἁγίων
1009 688 1182 743 πολλὰ
1217 691 1550 761 πεποιήκασι
1582 691 1675 744 καὶ
1703 708 1807 743 πα-

227 772 461 841 ράδοξα’
510 774 608 828 καὶ
651 775 1076 848 ἐθαυμάσθησαν
1126 780 1244 851 μὲν,
1290 781 1582 835 ἐπίστευσε
1625 781 1683 835 δὲ
1726 784 1805 847 είς

226 866 431 931 αὐτοὺς
458 867 654 933 οὐδείς.
691 870 845 940 Ἔχοι
871 871 917 925 δ’
958 872 1026 926 ἂν
1050 872 1149 943 τὴν
1188 874 1310 943 ίσην
1347 872 1618 929 διάνοιαν*
1652 891 1672 925 ι
1720 874 1807 937 Ὠς

225 958 283 1012 δὲ
313 954 382 1029 ἦν
404 961 465 1013 ἐν
482 963 595 1026 τοῖς
628 962 1021 1034 Ἰεροσολύμοις
1050 964 1110 1018 ἐν
1134 964 1212 1036 τῷ
1242 966 1433 1037 Πάσχα
1452 966 1512 1019 ἐν
1535 967 1601 1035 τῇ
1621 966 1806 1036 ἑορτῇ,

227 1048 418 1125 πολλοὶ
463 1049 789 1105 ἐπίστευσαν
817 1054 898 1117 είς
941 1053 1004 1106 τὸ
1040 1055 1211 1125 ὸνομα
1261 1054 1446 1119 αὑτοῦ,
1479 1054 1811 1126 Θεωροῦντες

228 1136 395 1191 αὐτοῦ
428 1139 496 1193 τὰ
525 1143 748 1213 σημεῖα,
776 1139 815 1196 ἂ
852 1142 1049 1198 ἐποίει.
1095 1162 1121 1196 ι

310 1268 330 1302 ι
358 1251 433 1305 Οὐ
463 1252 572 1324 γὰρ
595 1252 915 1308 ἀπέστειλεν
937 1256 967 1309 6
989 1255 1121 1321 Θεὸς
1145 1259 1237 1311 τὸν
1262 1258 1393 1314 Υίὸν
1420 1260 1586 1314 αὑτοῦ
1614 1262 1696 1324 είς
1718 1259 1810 1314 τὸν

232 1340 461 1413 κόσμον,
511 1343 599 1397 ἴνα
650 1343 813 1417 κρίνῃ
867 1345 959 1402 τὸν
1006 1347 1244 1419 κόσμον,
1293 1349 1412 1404 ἀλλ’
1445 1351 1534 1404 ἵνα
1586 1351 1732 1423 σωθῇ
1782 1352 1811 1404 6

235 1432 438 1503 κόσμος
466 1432 534 1487 δι’
550 1434 739 1493 αὐτοῦ.
758 1436 816 1490 '0
843 1438 1117 1493 πιστεύων
1139 1441 1220 1504 είς
1244 1441 1428 1508 αὐτὸν,
1454 1442 1515 1495 ού
1542 1442 1807 1513 κρίνεταιο

233 1524 262 1574 ὁ
287 1523 344 1577 δὲ
380 1525 455 1595 μὴ
485 1524 779 1594 πιστεύων,
811 1528 911 1600 ήδη
943 1529 1216 1601 κέκριταισ
1245 1530 1327 1585 ὅτι
1349 1531 1424 1603 μὴ
1451 1531 1813 1585 πεπίστευκεν

236 1617 318 1678 είς
359 1615 422 1667 τὸ
471 1614 645 1686 ὄνομα
681 1616 778 1672 τοῦ
830 1620 1149 1690 μονογενοῦς
1195 1622 1327 1677 Υίοῦ
1357 1622 1453 1677 τοῦ
1500 1624 1659 1679 Θεοῦ.
1697 1643 1715 1677 ι
1751 1623 1812 1676 El

239 1704 513 1775 σωτηρίας
541 1706 660 1771 ὁδός
681 1709 879 1780 ἐστινὴ
906 1709 1090 1774 πίστις
1113 1712 1148 1783 ὴ
1171 1712 1252 1776 είς
1279 1712 1371 1767 τὸν
1393 1713 1542 1779 Υίὸν,
1571 1714 1689 1780 πῶς
1706 1716 1814 1787 ἄρα

1910 602 2278 655 crediderunt.
2315 598 2541 654 Constat
2573 612 2668 668 per
2699 594 2897 651 multos
2931 604 3149 651 sanctos
3177 593 3345 647 multa
3374 600 3486 645 stu-

1908 692 2080 761 penda
2109 690 2368 756 edidisse,
2395 698 2617 758 propter
2644 701 2765 758 qua:
2794 686 2957 742 etiam
2989 686 3042 740 in
3072 699 3266 755 magna
3306 683 3483 738 admi-

1910 783 2119 837 ratione
2146 790 2305 838 erant
2334 799 2349 836 :
2377 789 2435 837 at
2482 779 2661 835 nullus
2708 777 2923 832 interim
2974 786 3220 846 repertus
3252 786 3339 830 est
3392 774 3485 844 qui

1909 874 1965 928 in
2002 873 2123 929 illos
2146 873 2415 929 crederet.
2440 871 2696 942 Ejusdem
2738 883 2876 939 pene
2912 870 3193 923 sententia:
3224 876 3307 923 est
3333 878 3388 921 et
3419 867 3486 920 il-

1910 965 2000 1020 lud
2028 978 2287 1035 quoque:
2324 983 2344 1017 ι
2383 963 2520 1019 Cum
2570 971 2751 1017 autem
2800 969 2948 1017 esset
2991 957 3381 1029 Hierosolymis
3430 958 3483 1012 in

1910 1056 2119 1112 Pascha
2151 1056 2206 1111 in
2244 1056 2334 1112 die
2375 1054 2538 1120 festo,
2570 1053 2724 1109 multi
2768 1051 3117 1108 crediderunt
3166 1050 3219 1104 in
3272 1050 3491 1103 ιιοιιιίιιο

1911 1147 2053 1218 ejus,
2090 1147 2337 1205 videntes
2364 1148 2518 1218 signa
2544 1146 2663 1216 ejus
2687 1161 2808 1218 quae
2830 1142 3062 1202 faciebat
3090 1144 3161 1200 “.
3202 1163 3222 1197 ι

1988 1281 2009 1316 ι
2041 1260 2162 1317 Non
2210 1260 2357 1316 enim
2403 1260 2553 1316 misit
2593 1259 2735 1316 Deus
2779 1259 2977 1315 Filium
3018 1272 3173 1313 suum
3228 1254 3388 1325 126
3437 1254 3490 1308 in

1914 1355 2175 1412 mundum
2206 1362 2266 1409 ut
2287 1352 2494 1425 iudicet
2526 1353 2785 1408 mundum
2805 1392 2822 1418 ,
2852 1354 2946 1406 sed
2974 1360 3035 1405 ut
3062 1349 3302 1405 salvetur
3328 1362 3493 1400 mun-

1914 1450 2014 1505 dns
2039 1462 2137 1518 per
2156 1446 2352 1519 ipsum.
2380 1445 2483 1514 Qui
2523 1446 2698 1501 credit
2742 1446 2797 1499 in
2837 1458 2983 1508 eum,
3029 1455 3135 1496 non
3172 1439 3446 1508 iudicatur
3477 1453 3491 1489 :

1914 1540 2004 1609 qui
2037 1548 2218 1595 autem
2249 1553 2355 1594 non
2384 1538 2579 1603 credit,
2605 1537 2715 1608 jam
2749 1535 3023 1607 judicatus
3067 1543 3182 1597 est;
3218 1531 3345 1601 quia
3374 1544 3490 1607 non

1916 1627 2147 1684 credidit
2195 1626 2247 1682 in
2283 1625 2502 1681 nomine
2534 1624 2801 1697 unigeniti
2849 1622 2971 1679 Filii
3012 1619 3107 1679 Dei
3138 1623 3206 1677 ".
3252 1638 3272 1672 ι
3311 1618 3367 1675 Si
3407 1619 3491 1671 via

1916 1718 1984 1773 ad
2015 1717 2247 1773 salutem
2274 1725 2358 1772 est
2390 1716 2525 1771 fides
2561 1717 2613 1772 in
2660 1715 2881 1778 Filium.
2924 1713 3197 1785 quomodo
3227 1711 3281 1766 in
3313 1711 3492 1779 ipsum

239 1800 565 1905 πιστεύομεν
597 1802 678 1866 είς
718 1801 911 1868 αὑτόν;
952 1804 985 1875 ἢ
1030 1804 1147 1869 πῶς
1183 1805 1285 1878 τὴν
1314 1808 1379 1861 ἐκ
1411 1806 1504 1861 τοῦ
1532 1808 1811 1879 κρίνεσθαι

1919 1810 2223 1867 credimus?
2249 1810 2360 1880 [aut
2400 1810 2672 1880 quomodo
2720 1811 2773 1864 ln
2814 1808 2988 1879 ipsum
3039 1806 3321 1861 credentes
3359 1818 3493 1857 con-

235 1892 635 1965 διαφευξόμεθα
664 1894 852 1966 δίκην;
889 1892 1000 1971 ἆρα
1023 1898 1133 1968 γὰρ
1156 1898 1232 1963 ὡς
1271 1899 1558 1971 ἄνθρωπον
1583 1901 1812 1956 καταδε-

238 1982 481 2053 ξάμενοι,
504 1987 599 2039 καὶ
627 1986 814 2058 ἕτερον
844 1989 995 2061 παρὰ
1020 1986 1179 2043 τοῦτο
1193 1988 1380 2058 ούδέν;
1410 1988 1543 2045 Εἶτα
1565 1990 1683 2056 πῶς
1711 1993 1812 2046 οὐκ

236 2075 511 2149 ἀνθρώπῳ
533 2078 920 2152 λατρεύσομεν.
958 2081 1097 2135 Ἀλλ’
1116 2082 1193 2147 ὡς
1215 2084 1295 2147 είς
1318 2082 1471 2137 Θεόν·
1506 2084 1665 2138 τοῦτο
1704 2085 1813 2156 γὰρ

237 2170 454 2241 ἀληθές.
482 2173 580 2237 Τίς
610 2171 704 2228 οὖν
735 2177 765 2229 6
788 2175 954 2245 φάναι
975 2176 1189 2247 τολμῶν
1214 2177 1317 2231 οὐκ
1340 2173 1478 2233 εἶναι
1507 2178 1650 2233 κατὰ
1682 2179 1814 2250 ἀλή-

237 2261 387 2316 Θειαν
410 2261 564 2330 Θεὸν,
589 2258 652 2318 οὗ
677 2263 1027 2319 δεόικαίωκεν
1051 2266 1085 2336 ἠ
1112 2264 1293 2329 πίστις
1317 2265 1524 2336 τὴνύπ’
1544 2266 1774 2338 οὐρανόν
1796 2285 1812 2334 ;

1919 1900 2283 1957 demnationis
2305 1899 2632 1958 sententiam
2679 1897 3009 1955 evademus?
3054 1895 3305 1966 Nunquid
3345 1893 3493 1948 illum

1920 1992 2025 2047 fide
2059 1999 2118 2046 ut
2154 1990 2429 2046 hominem
2458 1990 2868 2061 complectimur
2888 2033 2905 2057 ,
2936 2002 3036 2045 nec
3066 1988 3358 2057 quidquam
3380 1999 3496 2037 om-

1920 2084 2047 2139 nino
2078 2083 2182 2139 nisi
2234 2084 2528 2138 humanum
2578 2084 2644 2140 de
2692 2082 2783 2138 illo
2838 2082 3215 2151 concipimus?
3271 2082 3341 2134 At
3388 2094 3495 2147 quo

1920 2185 2077 2244 pacto
2101 2175 2145 2231 si
2181 2175 2283 2231 hoc
2317 2175 2627 2240 fecerimus,
2654 2175 2893 2231 divinum
2925 2173 3129 2230 cultum
3163 2171 3365 2226 homini
3395 2171 3495 2224 im-

1920 2267 2176 2338 pendisse
2206 2283 2311 2323 non
2346 2267 2673 2338 arguemur?
2705 2268 2908 2323 Fidene
2938 2281 3068 2333 ergo
3098 2264 3152 2320 in
3183 2264 3331 2318 illum
3362 2261 3493 2319 feri-

238 2370 360 2411 mur
392 2366 646 2428 tanquam
682 2360 734 2414 in
763 2360 1148 2416 Deum?Sane.
1191 2362 1323 2428 Quis
1395 2361 1545 2417 illum
1605 2377 1755 2432 ergo,
1784 2361 1937 2432 cujus
1973 2362 2107 2421 fides
2158 2373 2430 2421 terrarum
2479 2365 2667 2421 orbem
2745 2362 3038 2432 iustificat,
3090 2373 3279 2415 verum
3328 2356 3495 2412 Deum

237 2464 359 2506 csse
387 2451 617 2507 inficlari
641 2455 875 2511 audeat?
904 2478 909 2483 ί
1010 2503 1020 2513 .

312 2563 333 2598 ι
382 2543 563 2613 Ἔγνω
594 2540 689 2599 οῦν
730 2548 759 2601 6
788 2545 970 2618 πατὴρ
995 2547 1077 2601 ὅτι
1106 2547 1165 2600 ἐν
1206 2547 1389 2619 ἐκείνῃ
1419 2549 1486 2619 τῇ
1518 2548 1658 2619 ὥρᾳ,
1689 2548 1749 2602 ὲν

235 2631 388 2689 εἶπεν
431 2634 617 2706 αὐτῷ’
662 2634 722 2689 '0
766 2636 880 2699 υίός
934 2654 1028 2690 σου
1076 2636 1181 2709 ζῇ·
1226 2638 1323 2692 καὶ
1365 2638 1688 2694 ἐπίστευσεν
1736 2639 1816 2702 είς

237 2726 401 2781 αὐτὸν
430 2725 611 2791 αὐτὸς,
654 2725 750 2782 καὶ
793 2729 827 2798 ἠ
874 2728 1020 2781 οἰκία
1054 2727 1221 2782 αὐτοῦ
1255 2727 1372 2799 ὅλη.
1415 2748 1436 2782 ι
1468 2729 1811 2799 ’Ἄνέστησεν

236 2821 301 2871 ἐκ
326 2817 538 2889 νεκρῶν
568 2816 664 2871 τοῦ
688 2817 967 2889 βασιλικοῦ
994 2819 1085 2873 τὸν
1103 2819 1218 2873 υἱὸν
1240 2823 1269 2873 6
1295 2821 1550 2891 Χριστὸς,
1577 2819 1816 2893 εἰρηκὼς

236 2906 418 2978 αὐτῷ·
455 2925 475 2959 t
508 2906 770 2979 Πορεύου,
800 2909 830 2961 6
857 2908 971 2973 υίός
999 2925 1092 2962 σου
1131 2908 1221 2980 ζῇ.
1261 2928 1280 2961 ι
1319 2906 1453 2965 Εἶτα
1482 2911 1815 2965 πεπίστευκε

235 2996 475 3053 πανοικί.
509 2993 638 3068 Ἆρ’
669 2993 764 3053 οὖν
808 2998 899 3053 διὰ
944 2999 1045 3070 τῆς
1086 2999 1230 3053 οὕτω
1272 3001 1514 3072 μεγάλης
1550 3000 1643 3055 καὶ
1696 3001 1813 3054 θεο-

1991 2568 2011 2602 ι
2048 2548 2315 2619 Cognovit
2342 2563 2473 2620 ergo
2504 2559 2656 2621 pater
2678 2547 2802 2618 quia
2833 2547 2923 2602 illa
2955 2546 3088 2601 hora
3124 2552 3280 2608 erat,
3313 2530 3366 2598 in
3393 2558 3496 2611 qua

1917 2643 2053 2700 dixit
2084 2644 2159 2699 illi
2189 2643 2386 2702 Jesus:
2419 2645 2590 2700 Filius
2627 2654 2751 2701 tuus
2781 2644 2912 2700 vivit
2941 2662 2955 2699 :
2988 2652 3043 2699 et
3084 2641 3313 2698 credidit
3361 2640 3495 2710 ipse,

1917 2744 1974 2792 et
2013 2738 2206 2793 domus
2249 2736 2366 2805 eius
2416 2746 2529 2793 tota
2557 2737 2624 2790 ⁷³.
2658 2756 2678 2790 ι
2739 2737 2980 2791 Revocat
3028 2732 3201 2806 reguli
3247 2731 3415 2786 filium
3469 2748 3497 2782 ιι

1920 2829 2111 2885 mortis
2134 2829 2400 2885 vestibulo
2414 2829 2684 2896 Christus,
2703 2826 3005 2896 aﬂatusque
3032 2833 3241 2897 patrem
3264 2822 3497 2883 :«Vade,

1923 2923 2123 2993 inquit,
2159 2922 2303 2980 ﬁlius
2329 2932 2452 2978 tuus
2485 2923 2639 2977 vivit.
2672 2939 2690 2974 ι
2724 2920 2967 2976 Credidit
3005 2933 3131 2974 mox
3162 2918 3272 2983 ille,
3305 2926 3359 2972 et
3387 2926 3498 2972 tcta

1923 3016 2128 3070 familia
2160 3030 2284 3070 cum
2330 3015 2444 3070 illo.
2486 3014 2592 3069 Sed
2631 3013 2870 3083 nunquid
2909 3014 2979 3069 ob
3022 3013 3289 3083 insignem
3336 3011 3498 3073 hanc,

237 3091 484 3164 πρεποῦς
532 3092 776 3157 ἐξουσίας
806 3092 884 3157 ὡς
914 3094 996 3156 είς
1040 3091 1328 3164 ἄνθρωπον
1377 3093 1744 3147 πεπίστευκεν
1787 3095 1815 3146 6

1921 3108 2165 3178 adeoque
2196 3107 2434 3162 divinam
2464 3094 3012 3177 potentiam'regnlns
3041 3105 3095 3159 in
3130 3104 3281 3159 illum
3317 3102 3495 3159 credi-

239 3183 549 3253 βασιλικός;
583 3183 617 3254 ἢ
649 3183 783 3237 Θεὸν
811 3183 952 3253 ἔγνω
986 3182 1130 3239 κατὰ
1157 3183 1321 3253 φύσιν
1353 3183 1481 3237 ὄντα
1514 3184 1695 3249 αὐτὸν,
1725 3186 1820 3238 καὶ

237 3275 609 3338 ζωοποιοῦντα
644 3275 763 3347 μετ’
795 3275 1042 3341 ἐξουσίας
1078 3274 1172 3340 οῦς
1206 3276 1273 3330 ἂν
1307 3276 1480 3329 ἕλοιτο
1528 3276 1621 3329 καὶ
1673 3277 1820 3346 μόνῳ

242 3370 485 3439 ρήματις
534 3367 672 3421 Ἀλλ’
704 3367 823 3422 ἐστι
857 3368 1017 3440 δῆλον
1044 3368 1127 3422 ὅτι
1172 3366 1538 3421 πεπίστευκεν
1570 3367 1647 3432 ὡς
1677 3367 1819 3439 Θεῷ.

322 3689 343 3725 ι
397 3670 593 3742 Ἀμὴν,
644 3671 793 3745 ἀμὴν
828 3672 973 3742 λέγω
1024 3674 1174 3745 ὑμῖν,
1206 3672 1289 3727 ὅτι
1335 3674 1364 3726 6
1400 3673 1493 3729 τὸν
1533 3675 1690 3745 λόγον
1721 3693 1822 3746 μου

240 3762 476 3827 ἀκούων,
517 3763 609 3818 καὶ
641 3764 914 3818 πιστεύων
959 3765 1039 3836 τῷ
1070 3765 1350 3838 πέμψαντί
1386 3784 1475 3838 με,
1520 3760 1635 3838 ἔχει
1677 3768 1825 3839 ζωὴν

240 3854 479 3909 αἰώνιον.
518 3876 535 3905 ι
585 3857 882 3929 Πέπομφεν
931 3860 1063 3929 ἡμῖν
1095 3858 1157 3924 ἐξ
1192 3860 1440 3932 οὐρανῶν
1487 3861 1516 3912 6
1566 3860 1700 3925 Θεὸς
1730 3862 1825 3915 καὶ

242 3949 436 4020 Πατὴρ
461 3948 551 4003 τὸν
582 3949 714 4003 ἴδιον
748 3950 928 4013 Υίόν,‹
957 3952 1044 4006 ἵνα
1072 3953 1183 4016 πᾶς
1210 3955 1239 4007 6
1267 3953 1540 4007 πιστεύων
1557 3954 1636 4017 είς
1660 3954 1825 4008 αὑτὸν

245 4041 320 4111 μὴ
353 4039 641 4111 ἀπόληται,
687 4040 803 4094 ἀλλ’
829 4038 927 4112 ἔχῃ
951 4041 1097 4113 ζωὴν
1125 4040 1367 4097 αἰώνιον.
1423 4062 1441 4093 ι
1475 4041 1601 4105 Πῶς
1632 4037 1728 4095 οὖν
1767 4042 1827 4094 ὲν

240 4132 452 4197 τούτοις
483 4134 637 4205 φησι,
668 4131 813 4204 ζωὴν
842 4132 1060 4188 αίώνιον
1092 4133 1237 4205 ἔχειν
1266 4134 1359 4188 τὸν
1390 4134 1715 4188 πιστεύοντα
1748 4132 1825 4204 τῷ

242 4221 522 4292 πέμψαντι
552 4222 748 4289 αύτόν;
782 4223 876 4284 Εἰς
906 4223 1027 4277 τίνα
1058 4223 1245 4278 λοιπὸν
1270 4226 1303 4296 ἡ
1335 4224 1551 4291 πίστις;
1581 4219 1693 4297 ἄρα
1749 4224 1825 4287 ὼς

241 4313 323 4375 εἰς
350 4311 444 4366 δύο
467 4313 647 4380 θεοὺς,
675 4313 768 4366 τὸν
795 4313 1016 4385 Πατέρα
1057 4314 1264 4369 καὶτὸν
1288 4313 1447 4381 Υίόν;
1471 4313 1565 4385 Μὴ
1590 4314 1820 4383 γένοιτο·

1924 3201 2003 3255 dit
2025 3210 2282 3270 tanquam
2328 3199 2383 3254 in
2432 3197 2739 3254 hominem?
2773 3213 2840 3252 an
2882 3212 3013 3253 vero
3055 3212 3243 3252 verum
3278 3203 3515 3264 natura-'

1922 3292 2135 3364 lemque
2158 3293 2324 3348 Deum
2353 3306 2477 3347 esse
2528 3291 2765 3361 agnovit,
2790 3290 2881 3360 qui
2914 3290 2989 3343 uti
3039 3288 3297 3343 Dominus
3340 3302 3501 3355 quos»

1921 3396 2135 3451 cunque
2175 3380 2279 3437 sibi
2320 3380 2494 3435 visum
2518 3388 2681 3447 esset,
2704 3378 2786 3434 vel
2815 3378 2931 3433 solo
2961 3378 3127 3432 verbo
3178 3376 3304 3430 vitae
3346 3383 3503 3429 νθειιο

1924 3485 2077 3529 tuere
2108 3473 2333 3543 posset?
2363 3471 2468 3527 Sed
2498 3472 2788 3527 obscurum
2827 3486 2934 3525 non
2964 3478 3046 3524 est
3081 3470 3221 3525 haud
3253 3466 3413 3521 aliter
3446 3465 3499 3517 in

1924 3582 2046 3621 enm
2072 3565 2391 3629 credidisse,
2424 3578 2588 3631 quam
2622 3563 2675 3616 in
2701 3577 2890 3617 verum
2928 3562 3118 3616 Deum.

2002 3698 2020 3728 ι
2060 3678 2252 3741 Amen,
2280 3691 2434 3731 amen
2464 3676 2585 3731 dico
2616 3675 2788 3739 vobis,
2807 3674 2934 3745 quia
2954 3674 3046 3742 qni
3070 3675 3291 3728 verbum
3320 3688 3498 3727 meum

1925 3773 2096 3835 audit,
2130 3781 2183 3824 et
2210 3769 2388 3825 credit
2421 3769 2469 3823 ei
2495 3768 2585 3836 qni
2621 3767 2768 3821 misit
2794 3780 2900 3832 me,
2927 3766 3090 3821 habet
3129 3765 3296 3821 vitam
3335 3775 3493 3819 :eter-

1926 3878 2048 3918 nam
2075 3861 2221 3915 73-“.

1924 3955 2099 4021 cmlis,
2137 3971 2156 4004 ι
2197 3963 2256 4007 ιιι
2283 3951 2461 4006 omnis
2490 3949 2581 4019 qni
2607 3947 2780 4003 credit
2814 3950 2866 4002 in
2915 3947 3088 4007 illum.
3139 3963 3244 4002 non
3292 3959 3497 4015 pereat.

1926 4048 2020 4102 sed
2048 4047 2242 4100 habeat
2272 4044 2437 4098 vitam
2466 4050 2723 4097 aeternam
2750 4041 2817 4095 ⁸⁸.
2854 4060 2873 4092 ›
2903 4040 3011 4096 Cur
3035 4040 3121 4095 hic
3150 4055 3279 4108 ergo
3298 4048 3498 4094 aeterna

1923 4140 2033 4195 vita
2064 4140 2131 4194 iis
2164 4135 2519 4208 promittitur,
2544 4134 2635 4203 qui
2670 4134 2897 4189 credunt
2923 4133 2983 4208 _ei
3028 4132 3120 4201 qui
3165 4131 3391 4188 miserat
3433 4132 3498 4185 il-

1924 4230 2081 4285 lum?
2125 4201 2181 4283 1ιί
2218 4242 2377 4297 quem
2419 4201 2634 4281 tandem
2683 4222 2857 4279 fertur
2906 4201 3078 4278 fides?
3129 4220 3382 4291 Nunquid
3444 4223 3497 4276 in

1923 4321 2140 4376 Patrem
2171 4330 2225 4373 et
2254 4316 2529 4373 Christum
2564 4324 2821 4384 tanquam
2857 4313 2908 4368 in
2939 4312 3074 4367 duos
3118 4313 3291 4368 deos?
3320 4312 3497 4369 Absit.

2259 3879 2276 3913 ι
2309 3858 2450 3914 Deus
2470 3859 2629 3913 Pater
2663 3858 2855 3912 Filium
2891 3872 3047 3912 suum
3078 3857 3224 3911 misit
3252 3857 3407 3911 nobis
3434 3857 3501 3911 de
3614 3882 3615 3885 η

248 4405 364 4459 ἀλλ’
392 4404 468 4468 ὡς
516 4405 597 4469 είς
648 4402 747 4458 ἕνα
771 4404 906 4459 Θεὸν
954 4407 1047 4460 καλ⁸
1080 4406 1353 4477 ἀληθινόν.
1403 4404 1613 4460 Οὐκοῦν
1646 4407 1700 4460 εἴ
1739 4424 1815 4469 τις

1925 4412 2210 4469 Credimus
2244 4410 2389 4465 enim
2431 4417 2683 4477 tanquam
2742 4405 2793 4459 in
2842 4420 3008 4459 unum
3064 4419 3253 4459 verum
3304 4402 3496 4459 Deum.

240 4495 585 4550 πιστεύσειεν
612 4497 691 4559 εἰς
719 4495 977 4568 Χριστὸν,
1010 4496 1376 4549 πεπίστευκεν
1408 4497 1488 4559 είς
1516 4495 1650 4549 Θεόν
1670 4510 1683 4524 ο
1717 4495 1815 4548 κᾶν

1927 4500 2287 4571 Quamobrem
2322 4499 2368 4554 si
2398 4498 2518 4568 quis
2538 4474 2722 4552 credit
2749 4495 2801 4548 in
2832 4494 3130 4558 Christum,
3164 4495 3337 4549 credit
3360 4494 3498 4548 idem

242 4589 290 4642 εί
322 4585 666 4641 πιστεύσειεν
690 4586 769 4648 εἰς
809 4585 941 4640 Θεὸν
971 4585 1213 4656 Πατέρα,
1264 4584 1644 4649 πεπιστευκὼς
1669 4584 1815 4640 ἐσται

1927 4598 1981 4652 in
2016 4595 2182 4650 Deum
2206 4592 2419 4647 Patrem
2453 4604 2666 4661 quoque
2699 4606 2712 4644 ε
2744 4597 2798 4643 et
2826 4597 3035 4655 contra,
3060 4588 3102 4642 si
3135 4587 3225 4656 qui
3256 4587 3307 4641 in
3333 4586 3497 4639 Deum

240 4681 337 4735 καὶ
367 4682 447 4744 είς
480 4679 571 4734 τὸν
602 4680 699 4734 ἕνα
731 4679 937 4750 Κύριον
980 4677 1187 4749 Ἰησοῦν
1218 4677 1309 4731 τὸν
1342 4678 1599 4748 Χριστόν.

296 4906 338 4941 ιι
394 4886 692 4959 ’Δπεκρίθη
737 4886 768 4941 6
808 4884 1035 4958 Ἰησοῦς,
1077 4884 1176 4939 καὶ
1212 4878 1367 4938 εἶπεν
1403 4883 1609 4948 αὐτοῖς·
1646 4882 1819 4937 Τοῦτό

239 4980 359 5033 ἐστι
389 4977 450 5033 τὸ
486 4977 648 5049 ἔργον
680 4974 775 5030 τοῦ
803 4974 963 5041 Θεοῦ,
989 4975 1078 5029 ἵνα
1136 4972 1467 5044 πιστεύσητε
1502 4976 1582 5038 είς
1613 4974 1672 5027 ὃν
1715 4975 1820 5028 ἁπ-

244 5069 482 5125 ἐττειλεν
509 5070 739 5133 ἐκεῖνος.
773 5086 792 5119 ι
820 5066 885 5121 El
911 5066 974 5120 τὸ
998 5065 1078 5137 τῷ
1102 5064 1222 5136 Θεῷ
1245 5064 1437 5119 δοκοῦν
1462 5065 1817 5136 ἐπιτελοῦμεν

242 5161 589 5225 πιστεύοντες
632 5161 714 5224 είς
763 5159 998 5233 Χριστὸν
1047 5157 1234 5229 (αὐτὸν
1292 5159 1401 5228 γὰρ
1457 5157 1673 5229 ἀληθῶς
1715 5160 1819 5213 ἀπ-

242 5254 480 5307 έστειλεν
496 5255 525 5307 6
546 5253 736 5325 Πατὴρ
766 5253 846 5318 είς
867 5253 959 5307 τὸν
987 5254 1214 5323 κόσμον,
1240 5253 1328 5306 ὅτε
1356 5252 1577 5321 γέγονεν
1610 5253 1818 5323 ἄνθρω-

244 5364 344 5409 πος
374 5343 497 5398 καθ’
525 5345 719 5416 ἡμᾶς),
751 5345 868 5408 πῶς
901 5346 1002 5398 οὐκ
1047 5343 1114 5399 ἂν
1147 5343 1233 5414 εἴη
1270 5344 1403 5407 Θεὸς
1426 5344 1707 5414 ἀληθινός;
1742 5345 1816 5398 Οὐ

246 5440 355 5511 γὰρ
389 5437 457 5493 ἂν
493 5433 562 5510 ἦν
603 5438 762 5508 ἔργον
786 5437 922 5491 Θεοῦ
952 5437 1013 5491 τὸ
1048 5436 1324 5491 πιστεύειν
1367 5438 1445 5499 είς
1474 5436 1656 5491 αὐτόν.

324 5574 343 5606 ι
402 5552 609 5623 Ἰησοῦς
637 5552 693 5604 δὲ
727 5550 944 5622 ἕκραξε,
986 5552 1078 5605 καὶ
1108 5549 1291 5604 εἶπεν
1340 5550 1397 5603 'U
1430 5548 1696 5603 πιστεύων
1739 5552 1817 5612 είς

246 5645 367 5715 ἐμὲ,
396 5645 455 5698 ού
484 5642 725 5696 πιστεύει
755 5644 830 5705 εἰς
858 5643 978 5713 ἐμὲ,
1016 5642 1150 5697 ἀλλὰ
1180 5643 1258 5706 είς
1285 5642 1373 5695 τὸν
1410 5640 1699 5713 πέμψαντά
1726 5660 1812 5712 με.

1926 4687 2138 4741 Patrem
2177 4686 2438 4748 credunt,
2480 4682 2639 4737 iidem
2680 4690 2735 4733 et
2784 4680 2835 4733 in
2878 4694 3042 4733 unum
3082 4676 3368 4732 Dominum
3404 4690 3498 4729 no~

1927 4791 2099 4833 strum
2129 4777 2309 4832 Jesum
2340 4775 2611 4830 Christum
2641 4786 2858 4843 quoque
2888 4770 3145 4827 credunt.

2002 4910 2021 4944 ι
2062 4890 2361 4959 Respondit
2396 4887 2575 4953 Jesus,
2623 4898 2678 4942 et
2710 4886 2845 4942 dixit
2888 4884 3041 4939 illis:
3087 4881 3200 4937 Hoc
3244 4891 3329 4938 est
3362 4897 3498 4951 opus

1926 4984 2045 5047 Dei,
2082 4995 2142 5036 ut
2166 4979 2403 5036 credatis
2436 4979 2490 5033 in
2515 4994 2637 5033 eum
2664 4991 2823 5046 quem
2852 4974 3000 5029 misit
3046 4973 3133 5028 ille
3159 4972 3228 5030 “.
3267 4992 3285 5024 ι
3319 4972 3375 5027 Si
3404 4973 3495 5027 Dei

1923 5075 2258 5131 voluntatem
2282 5069 2593 5141 perficimus
2637 5082 2760 5122 cum
2815 5066 2869 5120 in
2912 5064 3187 5120 Christum
3223 5064 3497 5118 credimus

1925 5168 2090 5238 (lntnc
2124 5164 2269 5220 enim
2307 5162 2469 5217 Pater
2508 5173 2636 5215 vere
2685 5158 2832 5213 misit
2871 5156 2923 5211 in
2967 5155 3247 5223 mundum,
3284 5156 3499 5223 quando

1925 5256 2094 5313 nostri
2112 5253 2305 5310 similis
2327 5253 2501 5307 factus
2518 5260 2601 5306 est
2625 5250 2828 5320 homu),
2851 5246 3119 5318 quomodo
3143 5262 3249 5301 non
3269 5253 3351 5301 est
3370 5260 3500 5300 vere

1928 5347 2115 5404 Deus?
2146 5346 2329 5415 Neque
2359 5344 2502 5399 enim
2532 5358 2667 5413 opus
2698 5342 2791 5397 Dei
2827 5349 2973 5397 esset
3000 5339 3221 5395 credere
3262 5338 3317 5393 in
3351 5352 3493 5393 eum.

1998 5548 2154 5617 127
2189 5565 2207 5597 ι
2230 5544 2386 5599 Jcsus
2404 5556 2581 5598 autem
2610 5543 2881 5606 rlatnavit,
2916 5552 2967 5595 et
2994 5541 3130 5595 dixit
3160 5540 3294 5604 :Qni
3324 5539 3496 5592 credit

1919 5659 1977 5703 ιιι
2004 5657 2110 5704 tuo,
2140 5655 2247 5693 non
2279 5637 2449 5692 credit
2479 5637 2532 5690 in
2569 5652 2671 5700 me,
2706 5636 2796 5689 sed
2830 5637 2881 5686 in
2921 5650 3041 5687 eum
3089 5633 3179 5700 qui
3212 5631 3355 5683 misit
3388 5619 3489 5682 inc.

320 5826 363 5857 ”
396 5824 550 5881 Jahn.
582 5841 640 5891 ιι,
665 5824 752 5878 ἳῦ.
798 5822 1014 5877 "Joun.
1046 5837 1129 5889 ιιι,
1172 5822 1252 5891 l7,
1294 5823 1373 5878 l8.
1417 5822 1461 5853 ⁷³
1492 5819 1644 5875 Joun.
1673 5834 1747 5886 tv,
1780 5818 1870 5875 53.
1927 5817 2051 5859 7U“
2083 5817 2235 5871 ιῐυίιιι.
2265 5833 2314 5879 v,
2339 5816 2425 5868 Ἡ,
2492 5813 2532 5839 ν
2561 5812 2712 5866 Junn.
2754 5827 2831 5875 tu,
2873 5810 2951 5863 l6;
3014 5810 3055 5837 δ”
3086 5810 3240 5864 Juau.
3286 5820 3358 5871 Vt,
3399 5802 3490 5857 ‘29.
