4066 6464
538 374 671 430 Ιῖὖθ

1514 368 1573 427 S.
1615 369 1888 426 CYRILLI
1930 366 2399 425 ALEXANDBINI
2435 364 2758 424 ARCIIIEP.

3660 364 3815 418 I350

538 495 713 560 Puer,
746 511 809 546 ex
842 509 948 561 quo
975 492 1152 546 omnia
1186 515 1198 546 :
1232 491 1303 545 ita
1336 507 1502 545 unum
1530 507 1745 561 quoque
1773 507 1892 546 esse
1924 492 2101 546 Domi-

2209 490 2419 553 ἐννοίας
2464 487 2841 550 καταδεικνῦς,
2873 486 2976 550 ὅτι,
3018 503 3037 536 ι
3071 485 3260 556 ὥσπερ
3285 484 3433 538 ἐστὶν
3454 478 3536 548 εἷς
3578 484 3731 547 Θεὸς
3780 486 3811 536 ό

538 604 663 640 nmn
697 598 938 641 nostrum
968 585 1150 641 Jesum
1193 582 1503 646 Christum,
1546 597 1642 651 per
1683 598 1840 651 quem
1878 583 2101 638 omnia:

539 695 675 732 lllltls
730 678 951 731 omnino
998 684 1084 731 est
1134 674 1368 745 Spiritus
1421 684 1661 737 sanctus,
1714 675 1766 726 in
1827 690 1936 740 quo
1985 690 2102 728 om-

538 771 623 821 nia
649 769 714 821 “.
756 788 773 820 ι
810 767 909 834 Qui
940 777 1120 821 autem
1152 781 1317 819 unum
1346 764 1623 818 Christum
1653 772 1706 819 et
1737 765 2021 819 Dominum
2051 776 2108 819 ct

540 858 730 912 Filium
776 859 828 911 in
878 859 1013 912 duos
1062 856 1203 911 ﬁlios
1242 854 1532 920 divelluut,
1579 870 1675 909 nos
1720 866 1866 911 recte
1916 870 2107 924 sapere

536 948 735 1015 edocti,
791 948 910 1003 illos
963 947 1273 1016 neutiquam
1328 946 1732 1000 sustinebimus.
1791 945 1906 1001 Non
1962 945 2106 1000 enim

539 1043 701 1096 alimn
726 1056 848 1097 esse
876 1040 1113 1094 dicimus
1141 1038 1337 1093 Filiqu
1372 1051 1496 1092 eum
1526 1038 1616 1105 qui
1650 1048 1775 1092 ante
1803 1038 1982 1093 omnia
2014 1054 2111 1092 sce-

538 1134 659 1187 cula
689 1149 754 1187 ex
790 1131 882 1187 Dei
909 1130 1085 1186 Patris
1114 1129 1420 1185 substantia
1460 1129 1674 1199 genitus
1702 1138 1808 1193 est.
1846 1141 1903 1186 et
1940 1131 2107 1184 alium

543 1239 779 1289 rursum,
810 1223 901 1292 qui
934 1221 1243 1277 novissimis
1290 1220 1622 1291 temporibus
1650 1236 1716 1275 ex
1756 1222 1981 1276 muliere
2014 1238 2107 1275 ua-

542 1324 651 1378 tus,
679 1322 733 1370 et
780 1313 881 1381 legi
925 1312 1191 1367 obnoxius
1229 1310 1403 1366 lactus
1442 1320 1565 1375 est;
1611 1311 1705 1366 scd
1755 1327 1917 1365 unum
1956 1326 2108 1365 eum-

542 1406 771 1473 demque
803 1413 908 1457 tam
940 1413 1066 1458 ante
1097 1417 1280 1457 veram
1327 1400 1470 1455 illam
1502 1399 1663 1456 Verbi
1708 1415 1830 1457 cum
1873 1403 2107 1457 humana

542 1513 706 1552 carne
746 1495 1200 1564 conjunctionem,
1247 1509 1410 1563 quam
1452 1502 1573 1561 post
1610 1496 1903 1548 eamdem:
1935 1511 2110 1564 quan-

543 1588 827 1658 doquidem
860 1587 1046 1653 Filius,
1079 1586 1173 1655 qui
1208 1586 1531 1641 naturaliter
1557 1600 1625 1641 ex
1656 1586 1766 1641 Deo
1796 1585 1953 1641 Patre
1977 1602 2107 1657 pro-

544 1680 705 1741 redit,
736 1693 967 1747 corpore
996 1678 1253 1743 animato,
1284 1686 1341 1732 et
1368 1687 1552 1733 mente
1581 1677 1856 1747 perfecto,
1886 1693 1953 1732 ex
1986 1677 2111 1731 Dei-

544 1785 671 1839 para
704 1769 922 1839 Virgine
949 1767 1116 1823 Maria
1145 1778 1447 1839 assumpto,
1477 1778 1635 1825 natus
1680 1778 1766 1825 est
1810 1770 2107 1825 secundum

543 1876 785 1926 carnem,
818 1860 961 1915 nullo
991 1871 1171 1915 autem
1212 1862 1371 1915 modo
1412 1875 1600 1916 versus
1641 1869 1724 1916 est
1756 1861 1809 1915 in
1841 1875 2058 1916 carnem
2090 1878 2106 1915 :
2140 1836 2183 1891 Β

543 1952 706 2007 absit.
739 1951 1015 2021 Siquidem
1048 1951 1189 2005 illam
1220 1951 1293 2006 ita
1324 1952 1652 2022 assumpsit,
1684 1961 1743 2007 ut
1772 1952 2105 2008 divinitatem

543 2060 696 2101 suam
727 2045 868 2100 nulla
897 2060 962 2101 ev
997 2054 1150 2115 parte
1179 2044 1416 2110 laeserit;
1449 2047 1653 2102 mansit
1672 2060 1907 2118 namque
1934 2049 2111 2105 ethoc

542 2149 759 2206 quoque
788 2137 952 2191 modo
982 2136 1361 2192 universorum
1394 2137 1672 2194 Dominus.

616 2227 774 2298 13o
795 2226 881 2282 111.
921 2228 989 2283 Et
1021 2229 1134 2283 haec
1174 2228 1390 2297 quidem
1435 2230 1637 2285 sentire
1680 2231 1856 2287 edocti
1894 2249 2107 2289 sumus.

543 2322 806 2387 Quoniam
842 2331 1152 2377 sanctorum
1176 2320 1398 2375 Patrum
1430 2337 1731 2387 sermones,
1764 2327 2108 2381 eorumdem-

540 2430 645 2482 que
676 2415 986 2471 sanctiones
1010 2414 1285 2486 sapienter
1307 2416 1618 2485 admonent,
1636 2427 1693 2470 ut
1716 2433 1912 2487 magno
1932 2420 2111 2473 studio

543 2506 938 2575 diligenterque
971 2507 1345 2572 observemus,
1396 2506 1526 2577 quid
1576 2507 1776 2564 divina:
1816 2497 2132 2581 Scripturm'

541 2612 705 2666 quam
752 2597 985 2652 maxime
1017 2608 1439 2653 consentaneum
1474 2600 1567 2665 sit,
1609 2601 1901 2669 subtilique
1940 2616 2109 2656 sensu

544 2691 609 2741 ad
641 2704 703 2743 ea
734 2702 859 2757 qua:
889 2688 956 2742 de
984 2688 1204 2743 Christo
1236 2688 1482 2759 exposita
1507 2699 1632 2743 sunt
1661 2690 1926 2757 adhibito,
1964 2693 2110 2747 veri-

545 2792 706 2835 tatem
736 2780 1040 2835 divinorum
1072 2780 1382 2851 dogmatum
1420 2782 1847 2852 contemplemur
1875 2800 1889 2836 :
1970 2784 2108 2838 Cou-

541 2874 659 2927 silia
688 2882 1016 2935 evertentes,
1051 2882 1107 2927 et
1136 2887 1354 2928 omnem
1385 2872 1727 2930 altitudinem
1760 2876 2109 2931 extollentem

543 2982 601 3022 se
633 2967 894 3020 adversus
944 2965 1307 3035 cognitionem
1343 2965 1472 3034 Dei;
1520 2975 1576 3021 et
1623 2967 1958 3036 captivantes
1993 2983 2113 3023 om-

544 3074 663 3111 uettt
689 3056 1018 3111 intellectum
1045 3056 1095 3110 in
1120 3055 1487 3112 obedientiam
1514 3058 1633 3128 ejus
1656 3057 1724 3112 “.
1754 3078 1773 3111 ι
1801 3058 1937 3114 Cum
1965 3061 2110 3115 enim

545 3159 913 3217 congruenter
942 3163 1051 3202 uno
1088 3163 1354 3205 consensu
1390 3150 1666 3206 fateantur
1706 3167 1916 3216 omnes.
1949 3164 2111 3207 natu-

543 3240 657 3294 rale
686 3239 778 3294 Dei
810 3239 989 3293 Patris
1015 3237 1274 3304 Verbum,
1303 3241 1447 3309 quod
1477 3241 1531 3293 in
1556 3240 1793 3308 ejusdem
1822 3242 1914 3297 Dei
1936 3244 2107 3299 l’orma

541 3343 591 3384 et
610 3330 917 3398 aequalitate
938 3330 1176 3397 exsistit,
1193 3349 1213 3382 ι
1229 3347 1334 3386 non
1366 3332 1610 3399 rapinam
1638 3333 1963 3388 arbitratum
1990 3350 2111 3391 esse

541 3437 597 3474 se
639 3420 896 3489 a'qualem
932 3420 1078 3485 Deo;
1113 3421 1208 3477 sed
1235 3420 1406 3476 forma
1444 3422 1584 3478 servi
1633 3436 1850 3494 accepta
1899 3439 2110 3482 semet-

545 3516 719 3582 ipsum
750 3512 1140 3579 exinanivisse,
1172 3526 1237 3566 ae
1274 3512 1327 3567 in
1368 3513 1780 3569 similitudinem
1829 3517 2109 3572 hominum

543 3606 768 3670 factum,
796 3604 851 3659 in
902 3605 1249 3675 humanoque
1294 3606 1479 3661 habitu
1528 3606 1805 3663 inventum
1841 3624 1899 3664 se
1930 3610 2108 3664 humi-

542 3696 721 3761 liasse,
765 3710 831 3750 ac
867 3696 933 3750 ad
972 3706 1204 3752 mortem
1248 3697 1467 3752 tandem
1512 3714 1684 3767 usque
1726 3702 1986 3756 obediens
2029 3703 2109 3754 fa-

546 3800 691 3843 ctum
711 3788 1141 3859 crucisjmortem
1163 3790 1398 3845 subiisse
1421 3790 1468 3821 ⁷⁸
1498 3794 1925 3855 “necessarium
1954 3792 2112 3862 plane

538 3892 623 3935 est
667 3896 792 3936 eum
826 3881 916 3951 qui
962 3895 1150 3936 eorum
1194 3882 1325 3948 vint,
1364 3896 1483 3950 qua:
1529 3884 1593 3937 de
1642 3881 1862 3938 Cbristn
1908 3885 2107 3951 scripta

539 3982 772 4038 exstant,
814 3982 963 4027 recte
994 3972 1294 4041 diiudicare
1325 3974 1462 4038 vult,
1498 3983 1687 4044 pectus
1719 3977 1942 4044 optimis
1982 3992 2110 4032 sen-

542 4065 727 4119 tentiis
783 4064 1112 4119 instructutn
1170 4065 1408 4131 habere;
1463 4076 1521 4120 ut
1573 4068 1852 4137 percipere
1906 4070 2108 4136 valeat,

2208 582 2419 650 Πατὴρ,
2450 581 2509 647 ἐξ
2534 576 2596 632 οῦ
2628 579 2697 631 τὰ
2742 578 2919 632 πάντα
2940 593 2955 609 ⁸
3008 577 3151 630 οῦτω
3198 578 3291 630 καὶ
3324 575 3406 640 εἷς
3443 576 3657 647 Κύριος
3706 577 3809 645 ’1η-

2208 672 2335 737 σοῦς
2368 673 2625 743 Χριστὸς,
2648 672 2716 725 δι’
2746 664 2807 725 οὗ
2835 672 2904 724 τὰ
2935 669 3143 724 πάνταο
3179 669 3239 723 ἓν
3264 670 3321 722 δὲ
3363 670 3536 740 δήπου
3567 669 3808 731 nim»;

2207 761 2380 817 καὶτὸ
2406 761 2631 831 Πνεῦμα
2653 760 2714 813 τὸ
2740 761 3068 829 ἂγιον.›1(αὶ
3090 760 3198 812 τῶν
3223 762 3303 823 εἰς
3330 759 3425 813 δύο
3450 759 3807 831 μεριζόντων

2206 853 2356 916 υἱοὺς
2388 852 2479 907 τὸν
2528 852 2623 905 ἕνα
2670 850 2905 923 Χριστὸν
2953 850 3048 903 καὶ
3081 849 3208 903 Υίὸν
3250 851 3345 903 καὶ
3384 850 3617 917 Κύριον,
3658 849 3805 919 ὀρθά

2164 1002 2167 1003 ν
2207 945 2422 1014 φρονεῖν
2450 941 2749 1010 ἐγνωκότες
2788 941 2888 995 οὐκ
2938 940 3260 1010 ἀνεξόμεθα.
3319 940 3393 993 Οῦ
3444 940 3554 1013 γάρ
3598 941 3806 1011 ἕτερον

2207 1031 2345 1087 εἶναι
2380 1051 2558 1103 φαμεν
2592 1033 2720 1085 Υίὸν
2752 1033 2847 1085 τὸν
2896 1032 3004 1102 πρὸ
3036 1031 3237 1095 παντὸς
3286 1032 3482 1095 αἰῶνος
3530 1048 3806 1101 γεγεννηο

2210 1126 2369 1195 μένον
2395 1126 2462 1178 ἐκ
2485 1125 2583 1193 τῆς
2610 1124 2796 1188 οὐσίας
2833 1123 2928 1177 τοῦ
2955 1124 3089 1177 Θεοῦ
3120 1125 3217 1177 καὶ
3247 1124 3485 1195 Πατρὸς,
3517 1125 3717 1194 ἓτερον
3744 1124 3801 1176 δὲ

2206 1214 2298 1268 τὸν
2326 1216 2385 1268 ἐν
2411 1214 2660 1284 ἐσχάτοις
2694 1217 2905 1285 καιροῖς
2948 1215 3242 1283 γενόμενον
3271 1217 3336 1268 ἐκ
3368 1215 3655 1283 γυναικὸς,
3702 1231 3799 1279 γε-

2208 1306 2431 1375 νόμενον
2475 1306 2583 1359 ὑπὸ
2610 1305 2775 1377 νόμον
2794 1325 2806 1337 ·
2835 1306 2950 1360 ἀλλ’
2976 1307 3072 1360 ἕνα
3102 1307 3199 1360 καὶ
3236 1306 3327 1359 τὸν
3368 1306 3534 1360 αὑτὸν
3563 1306 3663 1359 καὶ
3691 1306 3802 1375 πρὸ

2207 1396 2309 1467 τῆς
2354 1396 2489 1468 πρὸς
2528 1397 2707 1468 σάρκα
2737 1397 2954 1450 συνόδου
2986 1397 3080 1450 καὶ
3118 1395 3363 1459 ἐνιίισεως
3402 1396 3666 1466 ἀληθοῦς,
3702 1398 3801 1449 καὶ

2212 1486 2351 1556 μετὰ
2380 1488 2537 1541 τοῦτο
2561 1485 2663 1541 ἔτι.
2704 1486 2763 1541 '0
2793 1488 2903 1559 γὰρ
2936 1489 3001 1541 ἐκ
3025 1486 3161 1541 Θεοῦ
3209 1488 3425 1558 Πατρὸς
3454 1486 3598 1541 κατὰ
3629 1486 3799 1556 φύσιν

2210 1576 2357 1640 Υἱὸς,
2387 1576 2633 1648 ἔμψυχόν
2658 1594 2718 1630 τε
2748 1576 2842 1629 καὶ
2867 1577 3051 1630 ἔννουν
3077 1578 3254 1647 ἐαυτῷ
3282 1578 3441 1647 σῶμα
3470 1575 3680 1640 λαϐὼν,
3704 1592 3799 1644 γε-

2210 1668 2465 1740 γέννηται
2526 1669 2803 1741 σαρκικῶς
2856 1669 2947 1723 διὰ
2999 1669 3100 1740 τῆς
3154 1670 3318 1739 ἁγίας
3372 1669 3655 1739 Παρθένου
3704 1668 3800 1720 καὶ

2210 1761 2473 1814 Θεοτόκου
2514 1762 2752 1835 Μαρίας,
2790 1762 2885 1816 καὶ
2912 1763 3013 1816 οὐκ
3056 1764 3137 1825 εις
3182 1762 3361 1833 σάρκα
3409 1762 3647 1833 τραπεὶς
3695 1758 3799 1828 (μὴ

2210 1846 2417 1916 γένοιτο
2440 1850 2502 1917 1),
2542 1848 2864 1920 προσλαϐὼν
2899 1851 2955 1904 δὲ
2994 1851 3194 1921 μᾶλλον
3242 1851 3437 1922 αὐτὴν,
3468 1851 3564 1904 καὶ
3598 1850 3697 1901 τοῦ
3719 1845 3796 1901 εἷ-

2209 1950 2297 1985 ναι
2321 1933 2451 1997 Θεὸς
2485 1935 2583 1987 οὐκ
2612 1934 2926 2006 ἡμεληκὼςο
2959 1938 3239 2010 μεμένηκε
3267 1939 3375 2011 γὰρ
3404 1940 3501 1995 καὶ
3516 1938 3660 1993 οὕτω
3683 1938 3800 1992 τῶν

2210 2022 2345 2076 ὃλων
2371 2025 2667 2096 Δεσπότης.

2283 2227 2354 2283 l".
2398 2229 2582 2284 Ταῦτα
2608 2234 2824 2302 φρονεῖν
2854 2233 3234 2304 δεδιδάγμεθα.
3279 2235 3474 2304 Σοφοῖς
3506 2234 3613 2306 γάρ
3641 2237 3793 2304 ἡμᾶς

2212 2321 2666 2392 παραγγέλμασιν
2717 2326 2766 2378 oi
2821 2325 2931 2378 τῶν
2985 2325 3158 2394 ἁγίων
3195 2326 3595 2395 ἁποκομίζουσι
3643 2326 3795 2393 λόγοι

2212 2410 2344 2479 πρός
2373 2429 2437 2480 γε
2467 2412 2528 2466 τὸ
2559 2414 2757 2485 χρῆναι
2791 2417 3101 2487 φιλοτηρεῖν
3130 2418 3191 2470 τὸ
3238 2420 3347 2482 τοῖς
3380 2419 3547 2487 ἱεροῖς
3605 2418 3794 2487 Γρὰμ-

2214 2518 2377 2570 μασιν
2412 2502 2488 2557 ὅτι
2543 2505 2779 2573 μάλιστα
2828 2506 3039 2573 δοκοῦν,
3078 2509 3174 2562 καὶ
3219 2508 3316 2579 τὴν
3366 2510 3427 2561 ἐν
3465 2511 3575 2571 τοῖς
3625 2508 3792 2568 θείοις

2210 2592 2475 2662 δόγμασιν
2502 2596 2765 2667 ἀλήθειαν
2798 2600 3293 2665 κατασκέπτεσθαι,
3322 2601 3522 2657 λεπτὸν
3553 2603 3793 2663 ἐνιέντας

2210 2683 2321 2744 τοῖς
2374 2684 2502 2752 περὶ
2543 2685 2780 2755 Χριστοῦ
2838 2687 3190 2759 λαλουμένοις
3228 2689 3318 2742 τὸν
3372 2690 3531 2743 νοῦν·
3575 2710 3593 2741 ι
3640 2691 3791 2743 Καθ-

2211 2773 2492 2843 αιροῦντες
2528 2776 2627 2846 μὲν
2650 2777 2964 2849 λογισμοὺς,
3004 2781 3099 2833 καὶ
3125 2782 3233 2834 πᾶν
3269 2780 3469 2851 ὕψωμα
3492 2782 3792 2853 ἐπαιρόμε-

2211 2880 2301 2916 νον
2332 2865 2476 2918 κατά
2498 2867 2595 2936 τῆς
2627 2870 2882 2936 γνώσεως
2911 2869 3005 2922 τοῦ
3032 2868 3189 2933 Θεοῦ,
3224 2871 3317 2924 καὶ
3356 2871 3788 2942 αἰχμαλωτίζονο

2211 2973 2303 3020 τες
2337 2958 2445 3010 πᾶν
2476 2958 2652 3029 νόημα
2698 2962 2780 3024 είς
2815 2960 2915 3032 τὴν
2948 2962 3198 3033 ὑπακοὴν
3245 2962 3433 3017 αὑτοῦ.
3477 2982 3497 3014 ι
3538 2962 3792 3033 Ἐχοντος

2213 3048 2322 3118 γὰρ
2350 3049 2656 3121 ἀραρότως,
2696 3052 2793 3107 καὶ
2833 3053 3273 3125 ὁμολογουμένου
3314 3056 3466 3127 παρὰ
3499 3058 3683 3118 πᾶσιν,
3709 3057 3791 3109 ὅτι

2215 3144 2310 3195 καὶ
2355 3144 2412 3196 ἐν
2466 3149 2649 3217 μορφῇ
2704 3147 2801 3201 καὶ
2843 3148 3049 3218 ἰσότητι
3098 3148 3193 3202 τοῦ
3246 3149 3381 3203 Θεοῦ
3439 3150 3539 3204 καὶ
3586 3149 3790 3221 Πατρὸς

2213 3235 2473 3306 ὑπάρχων
2504 3238 2533 3289 ὁ
2564 3237 2623 3301 ἐξ
2650 3237 2815 3292 αὐτοῦ
2849 3239 2991 3293 κατὰ
3013 3240 3177 3309 φύσιν
3214 3241 3403 3309 Λόγος,
3443 3260 3462 3293 ι
3495 3243 3593 3311 οὐχ
3614 3243 3788 3315 ἁρπα-

2210 3326 2351 3396 γμὸν
2422 3328 2669 3396 ἡγήσατο
2718 3329 2780 3383 τὸ
2833 3326 2974 3385 εἶναι
3044 3333 3135 3386 ῐσα
3211 3332 3329 3403 Θεῷ
3366 3351 3380 3364 ·
3432 3334 3549 3387 ἀλλ’
3605 3334 3790 3387 ἐαυτὸν

2210 3417 2465 3481 ἐκένωσε,
2489 3419 2704 3489 μορφὴν
2723 3420 2911 3475 δούλου
2932 3423 3134 3478 λαϐὼν·
3160 3426 3220 3479 ἐν
3240 3427 3552 3497 ὁμοιώματι
3583 3428 3787 3498 ἀνθρώ-

2210 3525 2328 3562 πων
2356 3508 2667 3579 γενόμενος,
2696 3514 2790 3565 καὶ
2827 3514 3069 3585 σχήματι
3102 3516 3345 3587 εὑρεθεὶς
3372 3518 3447 3581 ὼς
3488 3519 3785 3591 ἄνθρωπος.

2210 3603 2574 3656 ἐταπείνωσεν
2607 3605 2819 3671 ἑαυτὸν,
2856 3606 3148 3677 γενόμενος
3199 3610 3441 3679 ὑπήκοος
3486 3612 3647 3683 μέχρι
3692 3612 3784 3665 θα-

2210 3693 2393 3757 νάτου,
2425 3692 2654 3748 Θανάτου
2684 3695 2741 3747 δὲ
2774 3697 3068 3769 σταυροῦί
3108 3700 3260 3753 πᾶσά
3280 3718 3401 3764 πως
3434 3702 3651 3773 ἀνάγκη
3679 3703 3791 3756 θεοο

2212 3783 2399 3849 φιλοῦς
2447 3786 2694 3850 ἐπινοίας
2749 3795 2773 3823 ο
2825 3790 3122 3860 ἐπίμεστον
3175 3792 3323 3862 ἔχειν
3368 3793 3463 3845 τὸν
3515 3794 3665 3857 νοῦν,
3702 3794 3787 3845 τὶν

2209 3869 2363 3946 ᾧπερ
2406 3876 2471 3929 ἂν
2523 3880 2732 3945 γένοιτο
2783 3881 2984 3946 σκοπὸς
3025 3883 3325 3955 διακρίνειν
3382 3881 3441 3939 εῦ
3496 3887 3644 3954 μάλα
3687 3886 3789 3937 τῶν

2211 3970 2341 4041 περὶ
2365 3969 2532 4022 αὑτοῦ
2581 3973 2985 4043 γεγραμμένων
3008 3975 3106 4045 τὴν
3133 3974 3383 4047 δύναμιν·
3418 3977 3509 4029 ἵνα
3536 3979 3595 4029 ἐν
3616 3976 3788 4044 ταυτῷ

2210 4060 2342 4124 Θεός
2371 4077 2431 4113 τε
2454 4061 2592 4132 ὁμοῦ
2628 4064 2721 4116 καὶ
2750 4064 3036 4135 ἅνθρωπος
3076 4067 3105 4119 ό
3128 4067 3291 4132 αὐτὸς
3326 4068 3592 4140 ὑπάρχων
3620 4071 3789 4135 ἐπιγι-

539 4156 810 4225 quomodo
847 4156 987 4211 Deus
1021 4156 1181 4211 simul
1226 4167 1283 4211 et
1326 4157 1488 4211 homo
1534 4158 1672 4212 idem
1706 4160 1821 4227 ipse
1863 4159 2109 4215 Christus

2209 4151 2509 4221 νώσκηται,
2568 4154 2664 4207 καὶ
2704 4155 2766 4208 τὸ
2804 4150 2944 4209 εἶναι
2989 4156 3123 4221 Θεὸς
3179 4157 3617 4231 ἀπαραποιήτως
3664 4158 3789 4229 ἔχων

537 4250 784 4309 exsistat,
821 4256 879 4301 et
903 4247 1043 4301 Deus
1070 4260 1192 4301 csse
1225 4246 1344 4302 sine
1376 4247 1483 4301 ulla
1514 4248 1833 4303 alteratione
1863 4260 1956 4303 aut
1987 4266 2109 4304 tnu-

2212 4244 2509 4314 (ἄτρεπτος
2538 4245 2646 4317 γὰρ
2672 4248 2704 4314 ἡ
2730 4246 2824 4299 τοῦ
2857 4247 3033 4315 Λόγου
3063 4248 3268 4318 φύσις),
3290 4250 3385 4303 καὶ
3414 4250 3476 4303 τὸ
3502 4250 3606 4319 τῆς
3634 4249 3787 4305 κενώ-

540 4338 739 4391 talione
795 4347 1107 4407 perseveret
1165 4338 1545 4408 (immutabilis
1609 4340 1754 4395 enim
1808 4350 1895 4396 est
1944 4342 2105 4398 Verbi

2212 4353 2351 4399 σεως
2404 4337 2603 4407 μέτρον
2648 4338 2709 4391 οὐ
2762 4340 3217 4412 παραιτούμενος.
3288 4341 3628 4415 Ἐπερυθριᾷ
3691 4342 3787 4411 γὰρ

540 4429 773 4495 natura),
806 4437 861 4483 et
905 4427 1298 4483 exinanitionis
1327 4429 1685 4484 humilitatem
1708 4445 1812 4485 non
1846 4444 2107 4501 respuat:

2209 4428 2462 4498 οὐδαμῶς
2511 4432 2625 4493 τοῖς
2677 4430 2828 4495 ἰδίοις
2862 4432 3204 4503 σκέμμασιν,
3227 4435 3256 4486 ό
3290 4432 3520 4488 κένωσιν
3551 4434 3655 4505 τὴν
3684 4435 3785 4487 ἐθε-

538 4534 712 4587 neqne
744 4520 890 4573 enim
926 4520 1019 4589 qui
1052 4520 1447 4590 dispensatoria
1496 4522 1706 4578 ratione
1750 4524 2106 4578 voluntariam

2213 4521 2425 4575 λούσιον
2457 4522 2815 4591 οἰκονομικῶς
2850 4524 2918 4577 δι’
2947 4527 3095 4595 ἡμᾶς
3127 4526 3446 4596 ὑπομείνας.
3495 4527 3589 4580 Δεῖ
3619 4528 3785 4581 τοίνυν

538 4611 707 4664 nostri
739 4625 903 4664 causa
953 4611 1385 4667 humiliationem
1418 4612 1695 4677 sustinuit,
1725 4614 1790 4668 de
1832 4615 1946 4669 suis
1975 4630 2108 4667 cou-

2216 4614 2379 4667 αὺτὸν
2427 4614 2520 4666 καὶ
2579 4617 2691 4678 τοῖς
2740 4616 2837 4684 τῆς
2891 4614 3143 4686 θεότητος
3202 4617 3510 4688 ἀξιώμασιν
3564 4619 3785 4689 ὁρᾶσθαι

538 4702 672 4756 siliis
700 4702 992 4757 erubescit.
1039 4702 1268 4772 Oportet
1308 4704 1491 4773 itaque
1530 4705 1679 4758 illunt
1717 4715 1773 4761 et
1807 4705 2108 4761 divinitatis

538 4792 817 4861 titajestate
857 4793 1211 4863 conspicuum
1239 4793 1433 4860 videri,
1477 4804 1533 4849 et
1579 4809 1607 4847 a
1656 4804 1859 4850 nostra:
1891 4812 2106 4851 rursum

538 4884 856 4938 humilitatis
892 4885 1227 4949 conditione,
1270 4895 1493 4954 propter
1537 4896 1874 4955 assumptam
1912 4887 2104 4941 Imma-

538 4977 783 5040 nitatem,
823 4990 929 5029 non
974 4990 1198 5045 prorsus
1226 4977 1463 5031 alienant
1497 4991 1619 5032 esse
1676 4977 1929 5033 arbitrari
1959 4999 1972 5032 :
2001 4981 2101 5034 hoc

534 5067 677 5121 enim
719 5068 1138 5136 dispensationis
1188 5070 1326 5124 ratio
1369 5070 1621 5139 postulat.
1662 5070 1719 5125 Si
1769 5073 1913 5126 enim
1962 5073 2103 5127 Deus

538 5157 769 5211 Verbum
827 5158 1027 5213 factum
1078 5168 1161 5214 est
1201 5176 1363 5225 caro,
1419 5164 1521 5217 hoc
1578 5174 1661 5218 est
1705 5164 1900 5225 homo,
1949 5164 2105 5229 juxta

537 5250 701 5305 illud:
734 5269 752 5301 ι
784 5250 1064 5304 Eliuudam
1086 5252 1153 5305 de
1185 5252 1389 5321 Spiritu
1426 5268 1544 5308 meo
1563 5270 1724 5325 super
1745 5271 1959 5311 omnem
1982 5272 2104 5311 car-

534 5355 655 5392 nom
679 5340 757 5407 7‘;
787 5359 806 5392 ι
841 5341 1113 5395 neminem
1135 5341 1256 5410 jure
1288 5345 1508 5399 turbare
1531 5346 1708 5411 debet,
1743 5347 1787 5401 si
1815 5362 1921 5415 qua
1964 5363 2099 5400 nun-

2214 4707 2511 4778 διαπρεπῆ,
2563 4708 2656 4760 καὶ
2684 4708 2783 4777 τῆς
2824 4708 2946 4762 καθ’
2997 4711 3148 4779 ἡμᾶς
3189 4712 3671 4781 σμικροπρεπείσος
3697 4711 3787 4763 οὐκ

2214 4801 2293 4863 είς
2342 4799 2489 4852 ἅπαν
2537 4798 2959 4869 ἀπηλλαγμένον
3006 4800 3095 4853 διά
3131 4800 3192 4853 τὸ
3230 4800 3596 4871 ἀνθρώπινον,
3634 4803 3785 4855 άπαι-

2214 4890 2412 4961 τούσης
2460 4891 2619 4943 τοῦτο
2662 4892 2758 4960 τῆς
2800 4891 3134 4961 οἰκονομίας.
3184 4894 3247 4945 Ei
3306 4895 3417 4965 γὰρ
3459 4894 3595 4957 Θεὸς
3654 4894 3726 4947 ὢν
3763 4895 3790 4945 ὁ

2209 4982 2382 5046 Λόγος
2411 4982 2599 5049 γέγονε
2630 4982 2788 5052 σὰρξ,
2814 4982 3092 5036 τουτέστιν
3114 4983 3416 5054 ἄνθρωπος.
3441 4986 3587 5038 κατά
3610 5003 3672 5053 γε
3698 4986 3778 5048 τὸ,

2218 5093 2235 5126 ι
2276 5074 2485 5143 Ἐκχεῶ
2505 5074 2613 5127 ἀπὸ
2636 5074 2731 5126 τοῦ
2758 5074 3072 5144 Πνεῦματός
3096 5092 3196 5145 μου
3219 5077 3313 5128 ἐπὶ
3342 5079 3521 5129 πᾶσαν
3552 5077 3784 5146 σάρκα·ι

2212 5164 2511 5236 θορυὸείτω
2563 5166 2786 5236 μηδένα,
2839 5166 2942 5220 κᾶν
2993 5168 3041 5219 εἰ
3092 5167 3303 5235 λέγοιτὸ
3347 5184 3402 5219 τι
3453 5169 3584 5237 περὶ
3631 5165 3787 5219 αὑτοῦ

2211 5258 2361 5328 παρὰ
2393 5258 2495 5327 τῆς
2545 5257 2899 5311 θεοπνεύστου
2940 5259 3181 5329 Γραφῆς,
3214 5258 3320 5312 τῶν
3368 5260 3469 5313 ὅσα
3517 5261 3668 5312 ἐστὶν
3703 5260 3788 5311 ἁν-

2210 5348 2606 5420 θρωποπρεπῆ.
2631 5349 2998 5421 Περιαθρείτω
3018 5349 3072 5403 δὲ
3097 5350 3297 5421 μᾶλλον
3320 5348 3485 5405 αὑτοῦ
3510 5351 3611 5422 τὴν
3635 5353 3790 5419 ὑπερ-

606 5496 649 5523 ⁶⁸
684 5495 695 5546 Ι
730 5498 851 5551 (Zur.
884 5514 956 5564 Vl,
996 5500 1045 5553 8.
1127 5501 1170 5531 ⁸⁸
1207 5499 1245 5554 ΙΙ
1276 5501 1398 5557 Cor.
1430 5518 1481 5570 Χ,
1520 5503 1570 5557 5.
1652 5504 1696 5533 ⁷⁰
1731 5502 1962 5570 Philipp.
2008 5519 2068 5567 ll,
2106 5518 2109 5547 ι

2210 5547 2222 5557 .
2302 5508 2344 5536 ⁷¹
2382 5505 2496 5560 Jucl
2536 5523 2595 5570 ιι,
2628 5506 2719 5561 ‘28.

1662 5657 1830 5712 Vult?
1868 5658 2351 5713 hwdioneSttuihﬁh
2386 5659 2741 5730 Seguicrkuﬁ.

616 5793 639 5822 ο
674 5790 965 5855 ;ὺτεχνεας.
