4132 6514
356 410 497 467 1⁵512
1176 423 1270 477 AD
1309 418 1604 479 REGINAS
1645 424 1731 480 DE
1773 425 2015 517 RECTAV
2040 430 2195 489 FIDE
2237 433 2500 493 ORATIO
2541 438 2843 497 ALTERA.
3499 450 3638 507 l3-i2

347 534 591 605 κόσμιον
636 534 793 602 δόξαν
824 537 887 591 ἐκ
920 538 1200 611 δυνάμεως
1249 546 1340 597 καὶ
1371 545 1645 618 ὑπεροχῆς
1685 549 1784 619 τῆς
1830 550 1918 604 θεο

2056 573 2330 626 nunquam
2383 559 2630 623 humilia,
2673 562 2850 630 qualia
2887 563 3137 619 homines
3177 565 3396 632 decent,
3440 569 3638 625 divinae

352 624 611 694 πρεποῦς
657 643 716 679 τε
751 627 845 681 καὶ
882 630 1165 686 ἀνωτάτω.

433 930 504 976 Δ’.
518 925 587 977 ’Λ
601 924 658 979 δὲ
677 919 746 996 ἦν
770 926 1002 996 μάλιστα
1018 926 1314 998 παραλύειν
1347 928 1488 991 εἰκὸς
1505 930 1596 983 τὸν
1616 928 1723 984 τῶν
1746 931 1944 1013 ἁπλου-

2051 644 2271 701 Litterze
2292 647 2359 700 de
2395 648 2487 702 illo
2511 650 2764 718 prodant.
2793 650 3011 721 Speetet
3043 662 3223 707 autem
3254 656 3434 721 potius
3463 657 3630 712 ρατιο-

2051 748 2186 791 stem
2224 738 2366 793 illius
2395 739 2619 808 gloriam
2648 749 2702 794 et
2742 741 3081 810 majestatem
3122 758 3188 798 ex
3218 744 3401 800 divina
3430 763 3622 818 supre-

2050 845 2246 897 maque
2270 832 2508 897 ejusdem
2540 833 2740 888 virtute
2774 843 2828 888 et
2856 835 3197 890 excellentia.

2121 919 2210 976 IV.
2253 922 2417 993 Igitur
2450 938 2571 993 qua:
2606 924 3004 993 simpliciorum
3038 925 3250 983 animos
3279 943 3391 998 prie
3416 932 3629 988 caeteris

354 1015 569 1086 στέρων
602 1015 859 1070 δύνασθαι
886 1016 1031 1083 νοῦν,
1066 1016 1238 1070 ταῦτα
1278 1017 1363 1089 δὴ,
1391 1021 1535 1073 κατά
1564 1038 1628 1089 γε
1679 1020 1741 1074 τὸ
1771 1012 1924 1093 ἕγχω

2049 1013 2269 1067 turbare
2312 1029 2471 1083 posse
2512 1014 2787 1082 videntur,
2832 1016 3219 1086 perspicuitate
3265 1030 3466 1089 quanta
3516 1022 3630 1077 ﬁeri

354 1106 510 1178 ροῦν,
558 1109 652 1161 καὶ
703 1106 779 1172 ὡς
832 1107 913 1162 ἔνι
966 1108 1168 1173 καλῶς,
1219 1109 1537 1180 διατρανοῦν
1585 1114 1915 1185 πειράσομαι

2048 1105 2246 1175 poterit
2273 1105 2507 1160 maxima
2540 1122 2689 1175 usus,
2724 1123 2788 1162 ea
2820 1123 2917 1177 pro
2948 1109 3153 1165 viribus
3192 1111 3493 1180 explanare
3537 1132 3629 1170 co-

355 1198 680 1270 παρατιθεὶς
726 1200 943 1272 ἑκάστῳ
990 1200 1140 1273 ρητῷ
1168 1201 1268 1274 τὴν
1298 1204 1628 1275 ἀποχρῶσαν
1674 1205 1828 1260 λύσιν
1861 1208 1924 1270 εἰς

2048 1195 2243 1260 nabor,
2274 1194 2499 1265 majoris
2522 1195 2660 1252 lucis
2695 1212 2859 1251 causa
2890 1198 3083 1254 idonea
3109 1198 3381 1258 solutione
3416 1203 3622 1258 unicui-

352 1290 703 1359 διασάφησιν,
733 1290 867 1344 Θεοῦ
909 1291 1071 1346 πάλιν
1112 1293 1246 1362 ἡμῖν
1273 1293 1693 1360 κατευθύνοντος
1722 1296 1818 1351 καὶ
1845 1298 1924 1371 τὴς

2045 1301 2150 1355 que
2194 1287 2476 1343 sententia:
2504 1288 2784 1359 apposita;
2820 1289 2929 1343 Deo
2978 1305 3165 1346 rursus
3194 1291 3333 1345 viam
3390 1305 3629 1349 nostram

354 1381 439 1442 εἰς
472 1377 630 1433 τοῦτο
668 1379 874 1451 τρίϐον.
913 1398 932 1432 t
967 1381 1163 1436 Δίδωσι
1190 1382 1300 1455 γάρ
1334 1384 1488 1455 ῥῆμα
1518 1388 1630 1451 τοῖς
1659 1388 1924 1457 εύαγγελι·

2048 1380 2102 1433 in
2134 1380 2236 1435 hoc
2268 1380 2430 1435 etiam
2463 1381 2743 1435 curriculo
2784 1382 3122 1439 moderante.
3164 1401 3185 1435 ι
3216 1384 3317 1439 Dat
3355 1386 3499 1441 enim
3543 1387 3631 1442 ille

356 1470 607 1541 ζομένοις
637 1471 863 1542 δυνάμει
902 1472 1092 1545 πολλῇ,
1128 1492 1147 1525 ι
1181 1474 1326 1529 καθά
1362 1493 1528 1547 φησιν
1579 1480 1608 1532 ό
1653 1477 1924 1543 Θεσπέσιος

2045 1472 2266 1526 verbum
2317 1471 2819 1543 evangelizantibus
2876 1472 3032 1543 131
3089 1475 3290 1532 virtute
3338 1476 3547 1543 multa,
3604 1497 3622 1529 ι

356 1563 633 1633 Μελῳδός.
681 1564 768 1617 Ἐν
796 1563 897 1635 μὲν
935 1559 1027 1619 οῦν
1060 1564 1138 1636 τῷ
1182 1565 1330 1637 λόγῳ
1359 1566 1440 1639 τῷ
1482 1568 1619 1641 πρὸς
1661 1570 1819 1641 ὴμῶν
1848 1589 1924 1640 γε·

2044 1563 2498 1632 quemadmodum
2546 1562 2771 1619 divinus
2800 1562 3014 1621 Psaltes
3059 1568 3207 1622 canit
3232 1568 3299 1622 ".
3333 1567 3505 1624 Porro
3533 1585 3629 1623 au-

355 1655 537 1722 γονότι
569 1657 703 1725 πρὸς
732 1654 833 1719 τάς
861 1654 1023 1725 ἁγίας
1057 1656 1387 1728 παρθένους,
1416 1658 1526 1713 τῶν
1579 1662 1924 1734 έτοιμοτέρωη

2047 1664 2165 1731 temp
2196 1654 2251 1709 in
2292 1668 2359 1709 eo
2386 1657 2802 1722 commentario,
2841 1670 3001 1726 quem
3048 1659 3114 1713 ad
3161 1673 3348 1717 sacras
3389 1662 3628 1733 virgines

359 1746 561 1817 ῥητῶν,
585 1747 681 1800 καὶ
707 1746 859 1801 οὐδὲν
881 1748 1117 1819 ἐχόντων
1136 1749 1197 1802 τὸ
1217 1749 1478 1823 δυσχερὲς
1504 1752 1584 1815 είς
1609 1753 1924 1824 κατάληψιν1

2046 1744 2414 1810 exaravimus,
2458 1745 2547 1800 illa
2588 1747 2804 1803 abunde
2831 1749 3250 1817 edisseruimus,
3294 1768 3416 1822 quae
3452 1756 3627 1825 magis

357 1839 617 1912 πλείστην
660 1840 793 1911 ὅσην
828 1841 1176 1913 πεποιήμεθα
1204 1842 1301 1913 τὴν
1336 1843 1670 1914 παράθεσιν
1704 1845 1763 1897 ὲν
1789 1845 1849 1899 δέ
1872 1864 1924 1916 γε

2041 1834 2219 1902 obvia,
2270 1834 2658 1907 intellectuque
2702 1836 2955 1894 faciliora
3004 1841 3371 1898 videbantur:
3409 1844 3460 1897 in
3516 1844 3619 1899 hoc

355 1932 436 2003 τῷ
463 1931 832 2003 προκειμένῳ,
860 1932 970 1987 τῶν
1000 1933 1390 2005 ἀσαφεστέρων
1427 1935 1775 2008 πεποιήμεθα
1802 1939 1924 2009 μνή-

2041 1926 2296 1996 pra’senti
2326 1941 2457 1982 vero
2490 1926 2545 1983 in
2585 1926 2964 1986 obscuriorum
2988 1931 3347 2003 explicatione
3374 1936 3622 1990 versabi-

358 2039 502 2094 μην·
545 2024 651 2078 ἔδει
680 2024 809 2097 γάρ,
864 2024 975 2080 ἔδει
1017 2026 1078 2081 τὸ
1124 2026 1370 2099 θεοφιλὲς
1416 2030 1571 2100 ὑμῶν
1609 2029 1810 2101 κράτος
1843 2033 1924 2085 καῖ

2042 2034 2181 2072 mur.
2210 2016 2317 2072 Par
2344 2026 2429 2074 est
2458 2019 2627 2089 enim,
2666 2030 2727 2076 ut
2754 2020 3011 2092 religiosa
3058 2034 3235 2080 vestra
3266 2024 3522 2093 maiestas
3568 2034 3623 2080 et

352 2114 527 2169 ταῦτα
557 2116 775 2183 εἰδέναι,
808 2118 1041 2173 κάκεῖνα
1068 2118 1145 2191 μὴ
1173 2119 1413 2190 ἀγνοεῖν,
1442 2120 1519 2185 ὼς
1546 2121 1613 2176 ἂν
1639 2120 1707 2175 δι’
1732 2122 1939 2193 ἀμφοῖν

351 2206 415 2258 τὸ
442 2207 645 2277 ἀρτίως
688 2206 813 2279 ἔχον
861 2209 943 2274 είς
988 2209 1212 2280 γνῶσιν,
1266 2211 1518 2283 καθάπερ
1550 2230 1603 2266 τι
1632 2213 1769 2283 φῶς,
1816 2216 1936 2278 ταῖς

352 2300 748 2369 εὐαγεστάταις
776 2302 933 2373 ὑμῶν
968 2303 1310 2369 είσοικίζοιτο
1337 2306 1617 2370 διανοίαις.
1644 2307 1853 2372 Σκοπὸς
1876 2308 1934 2362 δέ

356 2408 448 2459 μοι
493 2390 562 2444 τά
612 2391 701 2460 ἐφ’
732 2392 948 2463 ἑκάστῳ
991 2392 1399 2466 διερμηνεύοντι
1453 2396 1811 2468 βραχυλογεῖν
1858 2397 1932 2460 ὡς

351 2479 464 2535 οἷόν
508 2500 566 2537 τε
588 2500 604 2514 ο
645 2484 1034 2555 πρπετάξεται
1084 2486 1142 2540 δὲ
1188 2486 1296 2540 τῶν
1349 2486 1524 2541 ἀλλων
1572 2488 1601 2539 ό
1651 2490 1779 2554 περὶ
1832 2489 1933 2560 τῆς

352 2574 636 2639 κενώσεως
662 2577 854 2644 Λόγος.
895 2576 1095 2631 ’ἰστέον
1137 2577 1183 2630 δ’
1219 2574 1312 2632 οὖν
1358 2579 1507 2649 ὅμως
1549 2581 1727 2633 έκεῖνο
1750 2597 1765 2612 ⁸
1800 2581 1932 2634 ὅταν

348 2669 457 2736 γὰρ
486 2668 617 2737 ἡμῖν
649 2666 983 2739 ὀνομάζηται
1016 2668 1253 2739 Χριστὸς
1298 2669 1526 2742 Ἰησοῦς,
1576 2671 1929 2741 ὲνανθρωπή-

350 2774 519 2811 σαντα
559 2757 654 2811 καὶ
679 2758 1095 2830 σεσαρκωμένον
1126 2761 1394 2832 προσήκει
1419 2764 1560 2815 νοεῖν
1584 2761 1675 2815 τὸν
1704 2762 1770 2815 ὲκ
1793 2760 1930 2815 Θεοῦ

348 2848 561 2917 Πατρὸς
587 2850 782 2919 Λόγον.

420 3054 494 3109 E'.
541 3071 562 3106 ι
600 3053 750 3108 Θέλω
776 3053 886 3125 γάρ
924 3054 1069 3126 ὑμᾶς
1111 3055 1333 3117 εἰδέναι,
1365 3054 1449 3108 ὅτι
1496 3052 1698 3117 παντὸς
1736 3052 1929 3125 ἀνδρὸς

348 3145 554 3216 κεφαλὴ
584 3147 613 3198 ό
636 3147 869 3217 Χριστός
893 3147 1039 3199 ἐστι’
1069 3145 1281 3215 κεφαλὴ
1299 3145 1357 3199 δὲ
1385 3143 1666 3214 γυναικὸς,
1701 3145 1730 3197 ὁ
1754 3145 1924 3215 ἀνήρ·

347 3236 557 3307 κεφαλὴ
588 3235 645 3289 δὲ
685 3235 780 3290 τοῦ
814 3234 1074 3307 Χριστοῦ,
1110 3238 1139 3289 ό
1171 3235 1323 3299 Θεός.
1354 3235 1414 3287 '0
1455 3233 1671 3303 πρῶτος
1711 3234 1925 3305 ἀνθρω-

348 3343 446 3388 πος
478 3327 544 3379 ὲκ
570 3325 671 3394 γῆς
720 3324 902 3394 χοῖκὸς
928 3324 1225 3395 (τουτέστιν
1269 3321 1459 3395 Ἀδάμ)
1483 3339 1497 3352 °
1528 3325 1557 3376 ό
1589 3322 1839 3395 δεύτερος
1864 3322 1925 3389 ἐξ

344 3417 573 3487 ούρανοῦ
606 3417 783 3487 (δῆλον
813 3417 871 3470 δὲ
914 3417 997 3470 ὅτι
1024 3418 1054 3469 ό
1084 3415 1345 3488 Χριστός)
1370 3431 1384 3446 ο
1434 3415 1550 3469 ἀλλ’
1579 3414 1768 3483 ὥσπερ
1797 3415 1918 3482 ὲφο·

349 3510 585 3580 ρέσαμεν
614 3508 715 3579 τὴν
751 3506 936 3561 εἰκόνα
974 3505 1070 3559 τοῦ
1101 3506 1311 3577 χοϊκοῦ,
1343 3505 1666 3576 φορέσωμεν
1698 3505 1794 3558 καὶ
1824 3504 1923 3575 τὴν

346 3601 532 3655 εἰκόνα
550 3599 644 3653 τοῦ
673 3599 1021 3672 ἐπουρανίου,
1042 3597 1185 3652 κατά
1206 3596 1270 3650 τὸ
1298 3596 1703 3668 γεγραμμένον.
1736 3614 1755 3647 ι
1780 3596 1923 3649 Οὐκ-

344 3688 441 3739 οῦν
477 3686 668 3759 πρώτη
715 3687 937 3756 γέγονεν
966 3687 1099 3757 ἡμῖν
1130 3684 1341 3756 κεφαλὴ
1369 3683 1461 3738 τοῦ
1508 3686 1719 3753 γένους,
1768 3702 1923 3737 τουτ-

344 3779 492 3831 έστιν
529 3778 692 3849 ἀρχὴ,
719 3779 749 3831 ό
780 3779 846 3832 ὲκ
871 3778 977 3848 γῆς
1008 3794 1069 3830 τε
1096 3778 1191 3832 καὶ
1222 3776 1424 3847 χοϊκός.
1475 3776 1691 3846 Ἐπειδὴ
1718 3776 1774 3829 δὲ
1802 3776 1922 3829 δεύ-

340 3888 500 3944 τερος
540 3871 710 3942 Ἀδάμ
749 3870 1168 3941 κατωνόμασται
1198 3868 1455 3940 Χριστὸς,
1502 3868 1713 3940 κεφαλὴ
1749 3867 1922 3921 τέθει-

341 3984 464 4031 ται,
520 3966 796 4020 τουτέστιν
854 3965 998 4036 ἀρχὴ
1058 3964 1166 4017 τῶν
1221 3964 1292 4017 δι’
1346 3961 1508 4016 αὑτοῦ
1564 3962 1700 4034 πρὸς
1759 3962 1921 4016 αὐτὸν

339 4055 843 4128 ἀναμορφουμένων
907 4057 987 4119 εἰς
1038 4054 1350 4127 ἀφθαρσίαν
1410 4053 1480 4106 δι’
1542 4050 1812 4123 ἀγιασμοῦ
1863 4054 1923 4107 ὲν

342 4146 645 4218 Ιινεύματιο
686 4145 884 4201 οὐκοῦν
930 4144 1093 4208 αὐτὸς
1142 4145 1240 4216 μὲν
1270 4145 1430 4216 ήμῶν
1459 4144 1624 4216 ἀρχὴ,
1675 4146 1922 4211 τουτέστι

341 4239 572 4310 κεφαλὴ,
604 4238 739 4292 καθὸ
774 4236 1018 4308 πέφηνεν
1054 4235 1360 4307 ἄνθρωπος.
1395 4237 1547 4307 Ἔχει
1597 4254 1661 4305 γε
1695 4237 1812 4307 pip),
1831 4252 1921 4290 κεο

340 4327 515 4399 φαλὴν
540 4327 724 4393 αὐτὸς,
769 4327 844 4391 ώς
877 4327 1038 4397 φύσει
1083 4324 1236 4393 Θεὸς,
1281 4327 1373 4380 τὸν
1420 4329 1481 4380 ὲν
1521 4330 1635 4390 τοῖς
1672 4327 1922 4398 οὐρανοῖς

342 4420 560 4491 Πατέρα
589 4435 601 4448 ’
634 4419 957 4491 γεγέννηται
993 4416 1103 4489 γὰρ
1132 4416 1191 4481 ἐξ
1223 4416 1387 4472 αὑτοῦ
1425 4418 1566 4471 κατά
1594 4417 1754 4486 φύσιν
1789 4418 1921 4480 Θεὸς

340 4506 415 4560 ῶν
444 4509 474 4560 ό
503 4504 696 4574 Λόγος.
720 4505 844 4559 Ὅτι
872 4504 931 4558 δὲ
961 4505 995 4575 ἡ
1029 4504 1241 4574 κεφαλὴ
1274 4506 1528 4576 σημαίνει
1590 4505 1688 4576 τὴν
1718 4506 1917 4576 ἀρχὴν,

2038 2108 2154 2164 haec
2198 2110 2359 2178 sciat,
2403 2118 2460 2165 et
2511 2109 2601 2166 illa
2643 2125 2867 2182 quoque
2902 2126 3011 2167 non
3069 2111 3313 2183 ignoret;
3369 2130 3477 2184 quo
3528 2131 3622 2184 per

2038 2210 2270 2271 utraque
2314 2200 2559 2271 perfecta
2617 2202 2855 2275 cognitio
2900 2203 3066 2259 veluti
3124 2204 3299 2260 lumen
3350 2206 3617 2274 quoddam

2036 2294 2400 2351 sanctissimis
2447 2294 2651 2351 vestris
2706 2296 2980 2351 mentibus
3024 2297 3313 2351 inhabitet.
3362 2295 3619 2368 Proposi-

2038 2396 2149 2443 tum
2176 2397 2261 2444 est
2288 2396 2468 2443 autem
2505 2388 2577 2442 ita
2609 2388 2823 2461 singula
2848 2389 3219 2459 interpretari,
3250 2398 3310 2444 ut
3348 2406 3615 2446 summam

2036 2478 2236 2547 liliich
2269 2477 2591 2533 brevitatem
2630 2487 3030 2546 consectemur.
3064 2478 3332 2535 Caeterum
3372 2481 3614 2551 disputa-

2037 2570 2200 2626 tionis
2248 2568 2408 2638 hujus
2457 2568 2739 2624 exordium
2791 2570 2861 2625 ab
2905 2570 2974 2626 iis
3015 2572 3323 2640 praecipue,
3376 2589 3497 2643 qua:
3545 2575 3613 2627 ad

2035 2660 2199 2716 Verbi
2244 2658 2676 2713 exinanitionem
2722 2658 3017 2727 pertinent,
3066 2658 3245 2715 facere
3292 2660 3454 2728 libet;
3508 2678 3617 2716 uno

2033 2752 2138 2807 hoc
2182 2749 2397 2803 interim
2434 2750 2736 2817 praemisso,
2788 2765 2911 2805 cum
2955 2748 3112 2806 Jesus
3158 2751 3407 2807 Christus
3440 2748 3615 2807 nomi-

2031 2854 2213 2907 natur,
2250 2857 2356 2897 non
2397 2842 2566 2895 alium
2608 2856 2770 2910 quam
2806 2840 2899 2896 Dei
2947 2840 3130 2898 Patris
3162 2840 3399 2898 Verbum
3434 2844 3612 2900 incar-

2032 2945 2241 3001 uatum,
2290 2935 2635 2991 bominemve
2671 2934 2895 3002 factum,
2946 2949 3011 2991 eo
3052 2937 3272 2991 nomine
3311 2936 3609 3007 designari.

2101 3048 2166 3105 V.
2218 3068 2237 3102 ι
2269 3048 2407 3106 Volo
2454 3060 2634 3106 autem
2694 3064 2791 3106 vos
2849 3049 3026 3116 scire,
3086 3050 3232 3119 quod
3283 3050 3463 3105 onmis
3508 3051 3612 3105 viri

2028 3151 2214 3212 caput,
2264 3141 2514 3197 Christus
2566 3148 2683 3210 est;
2736 3150 2899 3211 caput
2944 3152 3125 3195 autem
3179 3140 3445 3205 mulieris,
3489 3143 3611 3209 vir;

2029 3246 2193 3302 caput
2235 3249 2365 3289 vero
2402 3232 2626 3299 Christi,
2668 3232 2813 3289 Deus
2835 3232 2905 3286 ⁷³.
2932 3231 3243 3287 —Primus
3282 3234 3444 3287 homo
3484 3235 3609 3302 (huc

2027 3336 2113 3380 est
2144 3324 2363 3397 Adam),
2409 3326 2477 3380 de
2523 3336 2670 3381 terra
2719 3335 2965 3380 terrenus
2998 3342 3013 3379 :
3042 3324 3316 3380 secundus
3354 3325 3483 3396 (hoc
3523 3336 3610 3380 est

2025 3417 2322 3487 Christus),
2352 3417 2419 3473 de
2435 3418 2585 3473 cmlo
2612 3418 2874 3473 caelestis.
2908 3417 3077 3487 Igitur
3101 3417 3242 3472 sicut
3269 3419 3610 3484 portavimus

2026 3509 2318 3578 imaginem
2348 3508 2578 3576 terreni,
2610 3518 2892 3576 portemus
2926 3517 2983 3563 et
3026 3508 3315 3579 imaginem
3346 3508 3605 3573 cmlcstis,

2024 3596 2169 3652 sicut
2212 3595 2474 3665 scriptum
2513 3606 2600 3651 est
2618 3597 2689 3651 ⁷⁸.
2719 3616 2738 3648 ι
2765 3595 3006 3650 Primum
3044 3595 3210 3664 igitur
3252 3597 3468 3666 generis
3520 3614 3609 3650 nu-

2022 3687 2125 3743 stri
2167 3696 2352 3756 caput,
2391 3688 2498 3743 hoc
2545 3698 2633 3742 est
2676 3687 3054 3757 primordium,
3106 3688 3301 3754 Adam,
3342 3690 3409 3743 de
3462 3698 3603 3743 terra

2026 3788 2276 3834 terrenus
2328 3788 2453 3833 erat
2502 3793 2518 3833 :
2564 3778 2822 3847 quoniam
2868 3792 2999 3833 vero
3062 3779 3315 3835 Christus
3379 3781 3602 3833 secundi

2021 3868 2215 3924 Adami
2244 3878 2663 3939 cognomentum
2685 3868 2913 3925 sortitus
2935 3880 3040 3933 est,
3072 3884 3262 3923 eorum
3294 3880 3477 3937 caput,
3503 3870 3606 3923 hoc

2022 3969 2106 4015 est
2133 3960 2480 4030 principium,
2525 3961 2617 4029 qui
2645 3959 3104 4015 sanctiﬁcationis
3149 3960 3356 4027 Spiritu
3409 3963 3473 4012 ad
3521 3961 3603 4012 in-

2021 4051 2427 4120 corruptionem
2466 4053 2762 4106 secundum
2807 4051 2951 4105 illius
2974 4051 3264 4121 imaginem
3301 4066 3396 4119 per
3425 4052 3602 4119 ipsum

2024 4143 2412 4207 reformantur,
2457 4145 2786 4199 constitutus
2837 4153 2941 4199 est.
2986 4144 3080 4197 Est
3121 4145 3305 4211 itaque
3355 4154 3600 4198 nostrum

2022 4236 2111 4291 ille
2148 4236 2499 4306 principium,
2546 4236 2648 4291 hoc
2679 4246 2761 4292 est
2793 4245 2977 4306 caput,
3021 4244 3293 4303 quatenus
3328 4235 3488 4288 homo
3516 4251 3603 4302 ap-

2022 4327 2203 4397 paruit
2236 4345 2250 4380 :
2285 4327 2450 4381 habet
2478 4326 2829 4381 nihilominus
2857 4336 2912 4380 et
2934 4326 3050 4395 ipse
3072 4341 3286 4392 quoque
3315 4335 3501 4393 caput,
3545 4335 3602 4377 ut

2025 4428 2223 4473 natura
2259 4418 2398 4473 Deus
2443 4427 2548 4482 est,
2594 4432 2792 4487 nempe
2826 4417 3101 4471 caelestem
3132 4414 3350 4471 Patrem
3386 4431 3494 4469 :ex
3535 4429 3601 4469 eo

2022 4524 2261 4579 namque
2300 4510 2538 4566 Verbqu
2579 4512 2718 4566 Deus
2742 4511 3039 4577 exsistens,
3087 4509 3412 4564 naturaliter
3455 4509 3601 4579 geni-

340 4598 565 4666 ὲμπεδοῖ
598 4596 699 4667 τὴν
739 4594 996 4667 ἀλήθειαν
1032 4596 1142 4649 τῶν
1168 4596 1545 4662 ὲνδοιαζόντων
1568 4596 1658 4649 τὸν
1686 4597 1811 4649 νοῦν
1834 4597 1916 4659 τὸ,

2027 4612 2137 4656 tum
2163 4613 2266 4658 est.
2300 4604 2453 4670 Quod
2491 4612 2670 4657 autem
2702 4604 2840 4658 idem
2871 4605 2942 4661 sit
2974 4613 3157 4674 caput,
3186 4603 3327 4671 quod
3363 4603 3597 4665 initium,

342 4686 583 4757 κεφαλὴν
614 4685 869 4754 λέγεσθαι
897 4686 989 4740 τὸν
1023 4686 1193 4757 ἀνδρα
1237 4686 1335 4757 τῆς
1379 4687 1665 4755 γυναικός
1709 4688 1918 4759 ἐλήφθη

342 4781 448 4847 γὰρ
476 4777 536 4843 ὲξ
558 4777 743 4833 αὐτοῦ.
771 4773 866 4841 Εἷς
894 4779 1004 4848 ἀρα
1034 4778 1269 4849 Χριστὸς
1301 4779 1394 4832 καὶ
1416 4778 1541 4841 Υἱὸς
1568 4779 1662 4831 καὶ
1691 4779 1916 4848 Κύριος,

340 4873 367 4921 ὁ
401 4869 641 4940 κεφαλὴν
680 4868 939 4940 ἔχων,ὡς
988 4869 1120 4933 Θεὸς
1167 4868 1306 4923 κατά
1351 4868 1532 4938 φύσιν,
1576 4869 1669 4922 τὸν
1705 4870 1764 4921 ἐν
1806 4872 1919 4931 τοῖς

339 4960 587 5030 οὖρανοῖς
619 4958 860 5031 Πατέρα,
888 4958 1127 5027 γεγονὼς
1156 4959 1215 5013 δὲ
1244 4961 1375 5029 ἡμῖν
1405 4959 1610 5032 κεφαλὴ
1640 4959 1726 5014 διά
1749 4976 1829 5013 τοι
1858 4957 1921 5011 τὸ

340 5051 480 5105 κατὰ
508 5052 687 5123 σάρκα
718 5048 997 5119 συγγενές.

414 5349 437 5387 ι
481 5335 572 5401 ς’.
613 5333 915 5387 Γινώσκετε
946 5333 1054 5403 γὰρ
1084 5333 1179 5403 τὴν
1213 5334 1370 5403 χάριν
1398 5332 1490 5386 τοῦ
1521 5336 1726 5405 Κυρίου
1756 5336 1911 5405 ἡμῶν

352 5423 524 5495 Ἰησοῦ
578 5423 835 5493 Χριστοῦ,
868 5424 950 5475 ὅτι
990 5422 1058 5475 δι’
1088 5424 1231 5493 ὑμεῖς
1272 5425 1607 5496 ἐπτώχευσε,
1656 5424 1908 5490 πλούσιος

337 5513 431 5575 ῶν,
485 5515 573 5567 ἵνα
621 5516 779 5584 ὑμεῖς
824 5516 890 5584 τῇ
934 5513 1143 5567 ἐκείνου
1194 5514 1436 5586 πτωχείᾳ
1478 5516 1833 5587 πλουτήσητε.
1883 5538 1901 5570 ι

343 5605 531 5676 Ἃθρει
553 5605 615 5675 δή
643 5621 734 5675 μοι
762 5604 856 5657 καὶ
889 5604 1034 5674 μάλα
1067 5605 1252 5674 σαφῶς
1274 5606 1330 5661 ἕν
1351 5624 1413 5672 γε
1436 5609 1668 5661 τουτοισὶ
1700 5609 1907 5678 καὶτῆς

337 5697 485 5761 θείας
511 5715 570 5751 τε
600 5698 692 5751 καὶ
710 5697 987 5770 ἀκηράτου
1012 5696 1221 5768 φύσεως
1244 5699 1342 5772 τὴν
1364 5701 1653 5772 ὑπεροχὴν,
1687 5702 1779 5755 καὶ
1801 5702 1906 5756 τῶν

407 5875 451 5907 τ’
480 5874 624 5931 Psal.
660 5890 827 5944 van,
867 5877 954 5936 12.
1026 5878 1070 5910 ⁷³
1102 5876 1273 5950 l_Cor.
1313 5896 1390 5947 xi,
1416 5880 1468 5948 5,
1546 5882 1585 5914 τε
1614 5881 1780 5939 lCur.
1818 5882 2009 5953 “,47.

2021 4694 2106 4748 vel
2131 4710 2294 4748 unum
2326 4695 2427 4749 hoc
2451 4694 2829 4748 ﬂuctuantium
2860 4697 3071 4749 animus
3096 4696 3181 4749 hic
3203 4694 3394 4749 sedare
3414 4705 3594 4763 queat,

2018 4786 2162 4855 quod
2195 4785 2279 4838 vir
2327 4785 2573 4840 mulieris
2621 4797 2784 4855 caput
2817 4802 2937 4842 esse
2990 4786 3342 4855 perhibeatur
3373 4804 3386 4840 :
3421 4802 3489 4841 ex
3530 4800 3598 4840 eo

2016 4878 2161 4933 enim
2205 4889 2418 4946 sumpta
2454 4886 2539 4932 est
2576 4877 2688 4932 illa.
2729 4878 2884 4934 Unus
2930 4879 3112 4947 itaque
3148 4888 3234 4931 est
3263 4877 3513 4932 Christus
3543 4886 3598 4931 et

2017 4970 2188 5025 Filius
2234 4980 2290 5025 et
2334 4971 2596 5026 Dominus
2625 4988 2639 5024 :
2668 4970 2759 5040 qui
2802 4970 3021 5039 quidem
3075 4979 3131 5023 ut
3179 4980 3372 5024 natura
3433 4970 3591 5032 Dens,

2023 5071 2185 5130 caput
2227 5062 2391 5117 habet
2433 5062 2650 5117 Patrem
2697 5062 2792 5131 qui
2840 5072 2925 5117 est
2973 5062 3026 5115 in
3074 5062 3475 5118 caelis:faetus
3514 5072 3595 5116 est

2023 5162 2203 5207 autem
2239 5154 2395 5209 nobis
2423 5164 2586 5225 caput
2619 5163 2840 5225 promer
2865 5164 3159 5225 assumpta:
3183 5154 3367 5209 carnis
3393 5168 3593 5222 cogna-

2022 5245 2242 5298 tionem.

2092 5334 2183 5390 Vl.
2231 5354 2249 5387 ι
2282 5335 2445 5391 Scitis
2493 5337 2636 5391 enim
2693 5338 2923 5407 gratiam
2983 5339 3192 5394 Domini
3249 5338 3418 5392 nostri
3463 5336 3590 5391 Jesu

2018 5427 2258 5494 Christi;
2309 5428 2567 5496 quoniam
2617 5439 2837 5498 propter
2880 5444 2976 5484 vos
3020 5446 3223 5499 egenus
3265 5429 3439 5485 factus
3483 5439 3588 5493 est,

2016 5534 2138 5573 cum
2185 5529 2330 5573 esset
2377 5519 2550 5583 dives,
2589 5530 2648 5572 ut
2682 5520 2823 5573 illius
2862 5520 3037 5588 inopia
3083 5537 3176 5574 vos
3208 5520 3404 5573 divites
3441 5535 3588 5573 essc-

2017 5612 2169 5666 tis".
2203 5630 2222 5664 ι
2257 5611 2493 5667 Observa
2528 5614 2614 5666 hic
2645 5613 2789 5667 clare
2817 5614 2972 5683 132
3000 5625 3054 5668 et
3085 5615 3279 5669 divina:
3310 5616 3586 5668 inmmrta-

2018 5705 2192 5775 lisque
2220 5717 2425 5760 natura:
2460 5708 2826 5772 eminentiam,
2858 5718 2909 5762 et
2935 5708 3189 5761 humilem
3235 5723 3448 5763 rursum
3484 5708 3585 5762 hu-

2090 5884 2131 5913 ⁷⁸
2170 5882 2213 5937 ll
2246 5885 2369 5942 Cur.
2400 5900 2510 5951 vni,
2537 5886 2591 5938 tl.
