4132 6476
364 374 500 436 ΓΖίὸ
1176 384 1266 438 At)
1306 383 1606 440 REGINAS
1648 385 1731 439 DE
1774 382 2000 440 RECTA
2044 381 2196 437 FIDE
2233 381 2494 437 ORATIO
2534 382 2833 440 ALTERA.

3482 385 3618 439 i356

362 500 573 562 πολλοῖς
601 498 869 570 ἀδελφοῖς,
899 502 1016 555 τότε
1047 504 1137 556 καὶ
1159 504 1567 576 εἰσκεκομίσθαι
1592 506 1755 576 φησιν
1779 505 1937 559 αὐτὸν

2049 518 2230 557 rarum
2280 517 2494 573 quoque
2549 505 2736 557 orbem
2804 502 3146 558 introductus
3213 502 3412 559 dicitur
3467 505 3617 571 (nam

358 592 438 653 είς
470 590 922 665 τὴνοίκουμένην
944 611 956 623 ·
998 594 1110 659 ἔξω
1140 595 1248 666 γάρ
1277 591 1366 665 ἦν,
1401 596 1544 649 κατά
1582 596 1742 665 φύσιν
1778 597 1937 659 ἰδίαν,

358 679 457 747 τῆς
491 680 740 743 κτίσεως,
776 680 868 744 ,ὡς
913 680 1076 744 Θεός·
1110 682 1233 734 τότε
1277 683 1370 735 καὶ
1400 682 1742 752 ὴλαττῶσθαί
1776 701 1938 755 φησιν

356 771 520 824 αὐτὸν
566 771 722 841 ποιρά
768 773 897 836 τοὺς
944 773 1227 847 ἀγγέλους,
1273 774 1489 831 καίτοι
1539 774 1937 848 διαφορώτερον

357 863 488 931 παρ’
522 861 722 924 αὐτοὺς
764 863 997 932 λαχόντα
1024 863 1092 915 τὸ
1131 864 1322 934 ὄνομα,
1370 864 1445 917 Τὸ
1509 865 1608 935 μὲν
1655 867 1786 936 γάρ,
1834 867 1935 935 ἇγ·

359 954 533 1021 γελος,
583 953 923 1025 λειτουργίας
968 954 1086 1007 ἐστὶ
1136 955 1488 1024 σημαντικὸν,
1529 958 1624 1010 καὶ⁴
1652 937 1939 1013 ὀἰκετικὸν

350 1048 488 1116 ,ἡμῖν
514 1047 851 1117 ὑπεμφαίνει
888 1048 1119 1118 μέτρον)
1158 1067 1180 1100 η(
1233 1049 1676 1104 ’Λποστὲλλονται
1707 1052 1816 1123 γὰρ
1859 1054 1938 1116 είς

357 1136 631 1201 διακονίαν
679 1137 765 1193 διὰ
823 1140 951 1202 τοὺς
988 1138 1295 1210 μέλλοντας
1344 1141 1704 1214 κληρονομεῖν
1763 1162 1937 1215 σωτη-

348 1227 503 1298 ρίαν.
537 1247 563 1281 ,ι
609 1229 667 1283 '0
692 1229 751 1282 δέ
796 1246 865 1301 «γε
905 1218 1041 1293 Υἱὸς
1077 1231 1175 1300 τήν
1221 1233 1285 1284 ὲκ
1322 1232 1542 1304 Πατρὸς
1585 1234 1819 1305 ὓπαρξιν
1850 1236 1939 1288 ού·

360 1317 525 1388 σιώδη
572 1335 631 1371 τε
666 1320 765 1383 καί
813 1318 1047 1391 φυσικήν
1089 1324 1526 1394 κατασημήνειεν
1572 1324 1661 1390 ἂν,
1712 1326 1795 1378 ὅτι
1844 1325 1940 1379 καὶ

358 1410 574 1480 ἀληθῶς
617 1412 718 1482 τὴν
762 1412 1017 1484 γέννησιν
1052 1414 1367 1485 πεπρᾶχθαι
1416 1403 1765 1487 πιστεύομεν.
1808 1418 1938 1481 ’Πῶς

358 1500 667 1569 ἠλάττωται
692 1503 848 1575 παρὰ
875 1505 1000 1568 τοὺς
1026 1505 1296 1574 ἀγγέλους
1326 1508 1354 1560 ὁ
1397 1509 1529 1577 παρ’
1561 1509 1740 1571 αὐτῶν
1772 1526 1938 1580 προσ-

359 1588 707 1665 κυνούμενος,
735 1594 764 1644 ὁ
792 1592 1047 1664 σύνεδρος
1078 1594 1155 1664 τῷ
1182 1596 1367 1666 πατρί
1383 1612 1398 1659 ;
1440 1596 1721 1651 Ἀλλ”ἒστι
1763 1600 1938 1676 σαφὴς

359 1680 392 1748 ἡ
425 1680 715 1749 πρόφασις.
742 1681 1029 1736 τΚαθίκετο
1062 1683 1175 1755 γὰρ
1206 1685 1421 1749 ι’ὲνιτοῖς
1452 1686 1551 1757 τῆς
1593 1688 1939 1759 ἀνθρωπότη-

358 1787 447 1833 τος
468 1771 723 1842 μέτροις,
756 1773 853 1827 καὶ
879 1773 941 1827 τὸ
970 1774 1339 1846 ἀποθνήσκειν
1383 1778 1625 1847 πεφυκὸς
1655 1779 1814 1850 σῶμα
1843 1779 1936 1834 λα-

2042 594 2339 649 sccundum
2373 593 2648 662 pr0priam
2681 601 2928 648 naturam
2956 604 3110 648 extra
3137 608 3353 649 omnem
3395 603 3618 648 creatu-

2043 700 2159 739 ram
2197 683 2430 752 degebat
2480 694 2539 738 ιιι
2574 682 2738 752 Deus)
2770 701 2781 737 :
2819 692 2946 737 tune
2985 696 3042 738 et
3074 684 3283 754 angelis
3331 683 3509 739 ntinor
3540 683 3619 737 fa-

2042 785 2161 830 ctus
2213 775 2501 837 asseritur,
2559 775 2724 829 etiam
2777 774 2821 829 si
2880 775 3251 843 praestantius,
3308 789 3468 844 quam
3520 773 3618 839 illi,

2042 880 2241 922 nomen
2302 865 2375 921 sit
2427 864 2652 919 sortitus
2692 864 3008 934 :siquidem
3062 880 3163 918 vox
3220 866 3355 930 haec,
3413 865 3617 933 angeli,

2043 959 2319 1013 notionem
2357 956 2645 1011 ministerii
2679 971 2789 1025 prae
2824 972 2884 1011 se
2940 956 3044 1010 fert
3089 956 3451 1027 servilemque
3485 972 3621 1011 con-

2043 1050 2305 1107 ditionem
2354 1050 2641 1104 insinuat:
2680 1067 2698 1100 ι
2734 1048 3025 1103 Mittuntur
3063 1053 3297 1116 na‘tnque
3356 1048 3408 1102 in
3457 1048 3619 1102 mini-

2044 1142 2269 1197 sterium
2303 1152 2524 1212 propter
2545 1156 2639 1197 eos
2666 1140 2757 1211 qui
2794 1140 2986 1195 salutis
3021 1139 3393 1193 hzereditatem
3426 1153 3619 1193 conse-

2042 1235 2219 1290 cuturi
2266 1243 2393 1290 sunt
2413 1234 2480 1288 ⁸¹.
2517 1252 2537 1287 ι
2568 1234 2640 1289 At
2672 1247 2804 1288 vero
2844 1232 2986 1287 illius
3057 1247 3180 1286 eum
3230 1231 3474 1293 denotat,
3525 1233 3618 1299 qui

2043 1328 2419 1383 exsistentiam
2451 1325 2860 1381 substantialem
2892 1323 3307 1391 naturalemque
3351 1336 3415 1376 ex
3448 1319 3619 1374 fratre

2045 1418 2206 1473 habet
2231 1433 2246 1483 ;
2276 1418 2550 1471 credimus
2577 1428 2811 1484 namque
2840 1413 2990 1468 illum
3030 1426 3158 1466 vere
3189 1425 3252 1465 ae
3300 1410 3621 1491 naturaliter

2041 1526 2114 1564 cx-
2162 1508 2323 1562 Patre
2374 1506 2613 1576 genitum
2662 1520 2807 1560 esse.
2853 1503 2923 1557 At
2967 1502 3239 1573 quomodo
3294 1500 3341 1556 is
3394 1486 3618 1573 (inquis)

2042 1600 2249 1667 angelis
2284 1600 2461 1654 minor
2482 1598 2678 1661 evasit,
2711 1597 2806 1666 qui
2840 1596 2909 1650 ab
2945 1595 3051 1650 illis
3091 1595 3370 1660 adoratur,
3403 1610 3620 1664 unaque

2042 1705 2167 1745 cum
2220 1688 2383 1742 Patre
2429 1687 2580 1759 regni
2626 1687 2821 1742 solium
2873 1683 3203 1739 obtinet?ln
3246 1693 3497 1755 promptu
3534 1695 3621 1742 est

2046 1779 2332 1847 responsio
2365 1796 2381 1835 :
2409 1794 2534 1833 nam
2563 1793 2791 1847 corpore
2823 1779 2967 1847 quod
3003 1778 3139 1832 mori
3172 1786 3377 1847 posset,
3404 1792 3619 1832 assum-

360 1861 492 1927 ϐὼν,
527 1862 658 1921 ίδιόν
688 1865 909 1927 τεηαύτὸ
950 1867 1341 1938 ποιησάμενος,
1376 1871 1436 1923 ὲν
1485 1869 1634 1941 αὑτῷ
1672 1870 1937 1926 πέπονθεν

2042 1881 2157 1943 pto,
2194 1870 2542 1924 adhumanze
2573 1881 2779 1923 natura:
2809 1868 3148 1923 infirmitates
3183 1868 3422 1945 seipsum
3450 1868 3620 1923 demi-

361 1954 521 2018 ἑκὼν,
542 1958 647 2023 ικαὶ
682 1961 810 2022 ταῖς
852 1959 1118 2013 ἀνωτάτω
1151 1961 1329 2026 δόξαις
1359 1962 1720 2032 στεφανοῦται
1748 1964 1837 2018 διὰ
1877 1966 1939 2018 τὸ

359 2049 657 2116 πάθος,.ὼς
690 2051 767 2117 δι’
794 2051 962 2113 αὐτοῦ
1009 2056 1366 2126 καταργήσας
1413 2054 1507 2108 τὸν
1546 2056 1793 2124 Θάνατον,
1843 2058 1939 2111 καὶ

358 2140 640 2212 ἄπρακτον
663 2144 952 2215 ἀποφήνας
981 2145 1079 2217 τὴν
1114 2145 1343 2221 φθορὰν,
1391 2146 1487 2201 ἆτε
1525 2147 1590 2219 δὴ
1633 2148 1727 2202 καὶ
1773 2149 1940 2221 ύπάρ·

359 2250 468 2302 χων
493 2232 776 2304 ἀφθαρσία
816 2240 912 2289 καὶ
939 2236 1075 2309 ζωή.
1109 2238 1274 2292 Ὅταν
1298 2236 1393 2293 οῦν
1430 2239 1636 2310 Ἰησοῦν
1658 2240 1935 2312 ὀνομάζει,

360 2322 455 2377 καὶ
498 2324 840 2393 ήλαττῶσθαι
886 2327 1037 2395 λέγει
1081 2328 1231 2398 παρά
1282 2330 1409 2392 τοὺς
1445 2329 1712 2398 ἀγγέλους
1754 2331 1935 2395 αὑτὸν,

356 2414 766 2487 οὺκξάγθρωπον
793 2417 897 2483 ᾀνά
924 2418 1090 2491 μέρος
1110 2420 1211 2479 καὶ
1242 2418 1446 2485 ίδικῶς,
1475 2418 1589 2475 ἀλλ’
1611 2421 1773 2473 αὐτὸν
1796 2420 1938 2495 νοοῦ-

361 2524 477 2580 μεν·
501 2508 592 2562 τὸν
635 2510 919 2580 Μονογενῆ
972 2511 1405 2583 παραχωροῦντα
1436 2510 1533 2573 τοῦ
1567 2511 1828 2583 προύχειν
1868 2515 1938 2565 οἰ-

358 2598 666 2677 κονομικῶς
691 2602 806 2664 τοῖς
834 2601 1014 2670 ἁγίοις
1053 2602 1307 2671 ἀγγέλοις
1331 2619 1345 2633 ·
1396 2604 1476 2656 ὅτι
1522 2604 1751 2677 ἀληθείᾳ
1787 2604 1940 2674 γέγο-

357 2704 446 2743 νεν
462 2689 756 2760 ,ἄνθρωπος
774 2691 805 2743 ό
828 2692 925 2763 τῆς
948 2694 1176 2751 ἐκείνων
1198 2695 1474 2766 ὑπεροχῆς
1499 2696 1828 2767 ἡττώμενος.
1856 2696 1938 2750 Τά

358 2774 413 2827 δὲ
446 2776 546 2846 τῆς
576 2777 852 2849 ὑπεροχῆς
890 2782 1002 2845 τοῖς
1042 2781 1222 2850 ἁγίοις
1254 2783 1528 2852 ἀγγέλοις,
1572 2786 1656 2838 ὅτι
1700 2787 1793 2839 καὶ
1832 2786 1938 2851 ἔξω

359 2866 580 2937 σαρκὸς,
625 2870 720 2929 καὶ
756 2870 850 2923 τοῦ
896 2872 1146 2928 τεθνάναι
1174 2877 1455 2945 κρείττους
1487 2878 1617 2929 εἰσί·
1652 2878 1936 2946 γεγονότος

358 2958 415 3015 ἐν
437 2956 646 3023 τούτοις
668 2958 765 3012 τοῦ
795 2960 926 3015 Υίοῦ
954 2963 1045 3016 διά
1077 2965 1177 3033 τὴν
1207 2965 1456 3026 ἑκούσιον
1487 2967 1739 3021 κένωσιν.
1796 2966 1934 3021 Ἀλλ’

358 3049 384 3103 ὁ
423 3046 596 3125 βραχὺ
630 3052 761 3121 παρ’
805 3052 1072 3122 ἀγγέλους
1111 3055 1495 3127 ἠλαττωμένος
1518 3058 1610 3112 διά
1657 3075 1719 3126 γε
1747 3059 1806 3113 τὸ
1836 3059 1935 3130 τῆς

357 3138 774 3213 ἁνθρωπότητος
828 3144 1061 3254 μέτρον,
1112 3147 1172 3199 ἐν
1219 3148 1459 3221 ὑπεροχῇ
1518 3150 1771 3221 θεότητος
1815 3151 1892 3203 ὣν
1918 3191 1932 3216 ν
1963 3198 2005 3254 C

358 3238 742 3301 προσκυνεῖται
770 3236 900 3307 παρ’
929 3237 1128 3301 αὐτῶν,
1160 3239 1254 3293 καὶ
1291 3240 1560 3312 ἐνίδρυται
1599 3241 1816 3310 θώκοις,
1843 3242 1938 3307 οὓς

358 3328 703 3396 περιιστᾶσιν
753 3329 949 3383 ἐκεῖνοι
978 3328 1383 3397 δοξολογοῦντες
1410 3333 1518 3399 ἀεὶ,
1547 3334 1642 3388 καὶ
1660 3334 1769 3389 τῶν
1785 3335 1941 3389 δυνά-

360 3434 506 3488 μεων
542 3418 705 3481 αὑτὸν
731 3420 1087 3489 ὀνομάζοντες
1123 3422 1349 3492 Κύριον.

2042 1965 2134 2028 sit,
2189 1963 2242 2016 in
2291 1975 2466 2030 eoque
2510 1960 2673 2015 veluti
2728 1960 2950 2030 proprio
2993 1969 3347 2029 spontaneam
3387 1970 3616 2015 mortem

2042 2052 2322 2117 sustinuit,
2373 2050 2454 2106 οι)
2503 2065 2624 2105 eam
2667 2065 2833 2120 porro
2884 2059 3116 2116 mortem
3165 2059 3221 2106 et
3270 2052 3616 2119 passionem,

2041 2161 2269 2202 summae
2329 2144 2514 2215 gloria:
2563 2159 2817 2198 coronam
2880 2143 3217 2213 promeruit;
3280 2144 3478 2214 quippe
3525 2146 3617 2212 qui

2044 2240 2175 2308 ipse,
2217 2249 2403 2308 utpote
2430 2237 2538 2290 vita
2583 2227 2645 2291 et
2689 2236 3025 2306 incorruptio
3056 2235 3348 2302 exsistcns,
3379 2246 3434 2290 et
3470 2252 3618 2291 mor-

2043 2340 2268 2400 temper
2299 2330 2442 2384 illam
2475 2328 2798 2394 aboleverit,
2833 2336 2888 2381 et
2919 2327 3322 2398 corruptionem
3351 2326 3615 2381 nullarum

2041 2424 2238 2478 virium
2290 2437 2416 2476 esse
2457 2421 2840 2476 declaraverit.
2878 2418 3014 2475 Cum
3045 2418 3227 2473 Jesum
3276 2433 3404 2489 ergo
3444 2421 3621 2473 nomi-

2042 2526 2153 2583 nat,
2190 2524 2245 2571 et
2281 2514 2487 2583 angelis
2529 2514 2794 2567 minorem
2834 2512 3115 2581 praedicat,
3152 2528 3256 2566 non
3288 2513 3489 2567 nudum
3523 2529 3620 2567 nos

2042 2610 2339 2672 hominem,
2383 2620 2741 2675 seorsumque
2791 2620 2858 2660 ac
2898 2620 2995 2675 per
3048 2620 3107 2661 se
3147 2605 3385 2675 positum
3440 2617 3620 2661 mente

2042 2699 2414 2768 concipimus;
2445 2698 2538 2752 sed
2572 2697 2870 2766 ipsummet
2906 2696 3252 2765 Unigenitum
3281 2706 3502 2767 propter
3535 2698 3618 2750 iu-

2041 2790 2382 2853 carnationis
2425 2788 2673 2843 ordinem
2715 2790 2955 2858 potiores
3001 2798 3187 2859 partes
3225 2788 3434 2858 angelis
3467 2789 3618 2843 del'c-

2040 2891 2269 2935 reutem.
2304 2877 2437 2933 Nam
2475 2879 2568 2948 qui
2610 2878 2945 2933 excellentia:
2991 2878 3204 2933 illorum
3246 2879 3440 2933 cedere
3481 2893 3617 2948 prm-

2040 2970 2281 3036 dicatur,
2311 2972 2358 3026 is
2387 2985 2510 3025 vere
2536 2969 2697 3025 homo
2726 2968 2899 3024 factus
2926 2969 3281 3039 dignoscitur.
3308 2968 3399 3023 llla
3432 2978 3614 3025 autem

2041 3067 2354 3114 sanctorum
2398 3058 2711 3127 angelorum
2746 3059 3037 3113 eminentia
3080 3060 3131 3113 in
3172 3059 3274 3115 hoc
3307 3060 3478 3131 posita
3510 3074 3614 3124 esu

2039 3161 2096 3207 et
2124 3153 2325 3222 quod_a
2359 3165 2525 3206 carne
2551 3160 2677 3205 sunt
2703 3151 2995 3215 immunes,
3019 3160 3072 3205 et
3095 3150 3239 3221 quod
3271 3163 3445 3207 morte
3472 3154 3619 3206 exsi-

2042 3252 2192 3298 stunt
2226 3242 2539 3311 superiores
2571 3263 2582 3299 :
2615 3243 2859 3311 utrisque
2891 3251 3071 3299 autetn
3102 3251 3339 3313 propter
3368 3243 3618 3299 volunta-

2043 3336 2179 3389 riam
2231 3334 2657 3389 exinanitionem
2718 3333 2993 3400 subjectus
3044 3333 3142 3397 fttit
3182 3333 3373 3393 Filius.
3418 3334 3615 3392 Verum

2041 3424 2321 3478 enimvero
2355 3424 2446 3491 qui
2479 3433 2699 3493 propter
2725 3424 2976 3477 humanae
3012 3433 3221 3479 natura:
3249 3425 3619 3491 conditionem

358 3507 637 3576 paululum
667 3511 735 3566 ab
760 3510 925 3582 134
952 3511 1160 3581 angelis
1192 3514 1495 3571 minoratus
1538 3515 1760 3581 dicitur,
1791 3515 1838 3570 is
1880 3514 1932 3569 in
1973 3514 2192 3568 deitatis
2257 3513 2581 3571 excellentia
2649 3514 2917 3567 exsistens
2948 3515 3014 3568 ab
3044 3514 3149 3567 illis
3178 3515 3453 3581 aduratur,
3482 3531 3615 3572 con-

359 3602 605 3673 sidetque
648 3604 701 3658 in
740 3604 805 3659 iis
851 3606 1153 3675 maiestatis
1224 3607 1459 3670 thronis,
1528 3620 1666 3675 quos
1716 3606 1791 3660 illi
1864 3606 2224 3675 undequaque
2258 3605 2504 3673 cingunt,
2550 3604 2823 3659 indefesso
2861 3604 3079 3667 lantiunt
3149 3606 3424 3675 praeconio
3470 3607 3615 3666 illum

357 3696 699 3757 extollentes,
754 3712 819 3752 ac
862 3698 1124 3754 virtutum
1171 3698 1460 3756 Dominum
1503 3698 1838 3768 appellantes
1863 3696 1933 3752 3’.

424 3787 505 3847 θ.
551 3804 569 3839 t
627 3788 780 3843 Ἐπεὶ
812 3784 906 3843 οῦν
940 3789 1009 3843 τά
1053 3790 1240 3845 παιδία
1260 3789 1667 3860 κεκοινώνηκεν
1705 3789 1937 3860 αἵματος

359 3883 450 3937 καὶ
499 3882 731 3953 σαρκὸς,
774 3884 873 3937 καὶ
912 3884 1076 3948 αὐτὸς
1109 3884 1507 3955 παραπλησίως
1555 3884 1781 3955 μετέσχε
1826 3883 1935 3936 τῶν

357 3974 559 4039 αὐτῶν,
594 3975 681 4031 ἵνα
705 3975 796 4029 διὰ
820 3975 917 4029 τοῦ
965 3975 1198 4030 θανάτου
1225 3978 1550 4050 καταργήσῃ
1578 3975 1669 4029 τὸν
1701 3975 1763 4029 τὸ
1805 3977 1935 4047 κρά-

355 4083 448 4131 τος
483 4066 674 4137 ἔχοντα
705 4067 798 4121 τοῦ
842 4067 1097 4133 θανάτου,
1131 4070 1376 4123 τουτέστι
1406 4069 1497 4123 τὸν
1533 4069 1810 4125 διάϐολον·
1839 4070 1935 4125 καὶ

356 4157 645 4231 ἀπαλλάξῃ
667 4158 912 4224 τούτους,
931 4161 1047 4213 ὅσοι
1072 4160 1221 4231 φόϐῳ
1241 4160 1474 4216 θανάτου
1500 4161 1599 4233 μὲν
1621 4162 1825 4226 παντὸς
1842 4161 1935 4216 τοῦ

358 4248 460 4319 ζῇν
476 4248 648 4319 ἔνοχοι
669 4245 809 4321 ἦσαν
824 4250 1088 4315 δουλείας.
1100 4270 1121 4303 ο
1138 4253 1220 4305 Τὰ
1242 4252 1431 4308 παιδία
1448 4253 1613 4322 φησὶν
1635 4253 1693 4304 ὲν
1704 4251 1933 4315 τούτοις,

357 4339 505 4408 ἡμᾶς
534 4339 777 4409 δηλονότι
824 4341 951 4404 τοὺς
980 4340 1139 4405 ὄντας
1167 4342 1261 4403 ἐπὶ
1290 4343 1398 4413 τῆς
1429 4343 1549 4412 γῆς,
1597 4342 1741 4398 κατὰ
1771 4359 1834 4411 γε
1874 4343 1936 4395 τὸ

2122 3789 2211 3845 ΙΧ.
2262 3809 2281 3842 ι
2313 3789 2449 3856 Quia
2496 3804 2626 3859 ergo
2676 3789 2829 3859 pueri
2883 3791 3421 3847 communicaverunt
3465 3796 3615 3854 carni

2043 3890 2098 3937 et
2141 3881 2410 3951 sanguini,
2449 3890 2504 3935 et
2548 3881 2663 3958 ipse
2690 3882 2943 3935 similiter
2983 3882 3329 3953 participavit
3379 3885 3611 3940 iisdem:

2044 3984 2101 4029 ut
2132 3988 2229 4042 per
2266 3984 2495 4028 mortent
2527 3976 2833 4029 destrueret
2855 3988 3001 4038 eum,
3033 3976 3123 4044 qui
3160 3976 3386 4031 habebat
3426 3980 3620 4035 mortis

2043 4066 2350 4135 imperium,
2394 4067 2496 4120 hoc
2526 4075 2608 4121 est
2653 4065 2964 4133 diabolum;
2996 4077 3050 4122 et
3082 4068 3335 4123 liberaret
3372 4084 3486 4135 eos,
3526 4072 3622 4140 qui

2044 4158 2238 4210 timore
2275 4161 2463 4211 mortis
2498 4172 2596 4226 per
2628 4166 2795 4210 totam
2826 4158 2991 4212 vitam
3014 4160 3233 4213 obnoxii
3265 4170 3418 4214 erant
3447 4163 3618 4215 servi-

2047 4247 2166 4307 tuti,
2189 4246 2235 4277 ⁸³
2270 4264 2288 4297 ›
2330 4244 2536 4300 Pueros
2565 4244 2666 4300 hoc
2696 4246 2811 4302 loco
2835 4262 2936 4301 nos
2965 4248 3221 4318 appellat,
3253 4250 3341 4319 qui
3376 4250 3428 4304 itt
3461 4252 3627 4313 terris,

2046 4341 2211 4392 vitam
2254 4338 2523 4407 degimus,
2552 4336 2709 4406 juxta
2754 4340 2882 4394 illud
2933 4339 3238 4396 Psalinistte
3283 4345 3334 4397 in
3387 4358 3625 4413 persona,

355 4429 416 4479 ὲν
466 4428 716 4498 Ψαλμοῖς
775 4428 1111 4503 ὑμνούμενον
1167 4430 1243 4494 ὡς
1286 4432 1352 4487 ὲκ
1415 4431 1708 4501 προσώπου
1761 4431 1937 4485 Θεοῦ·

2046 4427 2139 4482 Dei
2168 4432 2513 4482 deeautatum
2550 4447 2564 4481 :
2602 4446 2621 4479 ι
2650 4429 2782 4499 Ego,
2832 4430 3026 4502 inquit,
3070 4432 3179 4487 dixi
3208 4449 3227 4497 τι
3264 4431 3345 4488 Dii
3374 4435 3532 4500 estis,
3566 4445 3624 4499 et.

361 4537 381 4569 ι
431 4518 573 4588 Ἐγὼ
602 4514 767 4575 εἶπαν
818 4520 946 4583 Θεοί
1000 4522 1164 4581 ἐστε,
1218 4521 1313 4579 καὶ
1356 4522 1463 4583 uici.
1497 4521 1755 4591 Ὑψίστου
1802 4523 1936 4576 πάνρ

354 4628 465 4673 τες.
507 4630 525 4662 ι
564 4612 730 4677 Ὅσον
760 4611 869 4683 γάρ
924 4607 1060 4684 ἧκεν
1089 4614 1170 4677 εἰς
1215 4613 1277 4666 τὸ
1304 4612 1383 4683 τῷ
1428 4614 1555 4683 Θεῷ
1583 4614 1795 4679 δοκοῦν,
1839 4615 1935 4668 καὶ

356 4707 434 4767 εἰς
463 4704 560 4775 τὴν
591 4704 814 4758 ὲνοῦσαν
834 4706 1152 4777 ἡμερότητα
1180 4705 1322 4759 κατά
1352 4705 1513 4774 φύσιν
1543 4705 1711 4775 αὐτῷ,
1733 4707 1933 4770 πάντες

355 4796 421 4849 ἂν
453 4792 596 4867 ἦμεν
624 4798 809 4863 τέκνα,
843 4798 938 4861 καὶ
986 4797 1295 4855 άπώλισθεν
1353 4798 1420 4851 ἂν
1449 4798 1624 4861 οὐδεὶς
1652 4799 1749 4869 τῆς
1798 4799 1931 4870 πρὸς

357 4886 518 4945 αὐτὸν
547 4888 897 4958 οἰκειότητος.
931 4889 1071 4941 Ἀλλ’
1167 4906 1331 4960 φησιν
1359 4891 1387 4943 ὀ
1415 4889 1599 4953 Δαυῒδ,
1627 4889 1703 4953 ὡς
1732 4889 1935 4962 ἄνθρω-

358 4996 447 5032 ποι
477 4979 915 5048 ἀποθνήσκομεν,
949 4980 1041 5032 καὶ
1068 4979 1143 5043 ὡς
1173 4974 1255 5044 εἷς
1298 4980 1406 5033 τῶν
1435 4980 1711 5051 ἀρχόντων
1739 4980 1936 5041 πίπτοι

360 5088 479 5140 μεν,
501 5073 613 5135 τοῖς
641 5070 739 5141 τῆς
765 5070 965 5141 σαρκὸς
993 5071 1194 5124 πάθεσι
1223 5071 1315 5124 τὸν
1343 5074 1542 5125 οἰκεῖον
1572 5071 1938 5142 ὑποφέροντες

356 5166 500 5221 νοῦν.
556 5165 684 5230 Πῶς
737 5161 832 5219 οὖν
878 5164 989 5236 ἄρα
1032 5165 1512 5233 κεκοινωνήκαμεν
1554 5164 1788 5234 αἵματος
1842 5164 1938 5217 καὶ

360 5261 588 5332 σαρκός;
606 5260 767 5330 Ψυχὴ
796 5259 906 5330 γάρ
935 5259 968 5329 ἡ
996 5257 1312 5328 ἀνθρωπίνη
1336 5258 1496 5327 φύσιν
1514 5256 1708 5328 ἑτέραν
1738 5256 1937 5327 ἔχουσα

355 5349 506 5420 ἰταρά
544 5349 643 5419 τὴν
687 5349 885 5420 σάρκα,
916 5351 982 5420 τῇ
1014 5348 1149 5419 πρὸς
1184 5347 1352 5418 αὐτὴν
1383 5346 1532 5399 θέσει
1563 5346 1684 5399 καθ’
1715 5346 1930 5410 ἕνωσιν,

354 5442 415 5494 τδ
457 5440 516 5493 ἓν
554 5458 612 5494 τε
664 5443 757 5495 καὶ
799 5441 1013 5510 λογικὸν
1049 5439 1341 5495 ἀπετέλεσε
1381 5437 1538 5503 ζῶον,
1568 5439 1812 5494 τουτέστι
1838 5438 1932 5491 τὸν

353 5533 659 5604 ἁθρωπον.
699 5532 856 5587 Οὕτω
884 5532 1175 5603 τοιγαροῦν
1214 5532 1307 5584 καὶ
1361 5532 1390 5583 ὀ
1417 5529 1511 5582 τοῦ
1554 5528 1694 5583 Θεοῦ
1734 5530 1926 5599 Λόγος,

352 5624 723 5695 ἐμψυχωμένῃ
754 5624 937 5695 σαρκὶ,
966 5624 1060 5676 καὶ
1090 5622 1189 5675 οὐκ
1219 5619 1411 5691 ἀψύχῳ
1441 5618 1583 5674 κατά
1610 5635 1781 5685 τινας,
1811 5619 1931 5673 ἑαυ-

2043 4521 2136 4574 lilii
2166 4521 2381 4576 ‘Execlsi
2412 4536 2603 4575 omnes
2623 4520 2691 4576 ⁸⁵.
2724 4539 2743 4574 ι
2798 4520 2931 4577 Nam
2974 4525 3116 4593 quod
3170 4525 3366 4579 attinet
3411 4526 3478 4580 ad
3525 4526 3626 4587 Dei.

2042 4617 2415 4680 voluntatem,
2485 4617 3069 4692 mansuetudinemque
3134 4619 3455 4675 naturaliter
3514 4620 3619 4689 ipsi

2039 4709 2282 4771 insitam,
2316 4708 2383 4761 ad
2408 4722 2571 4761 unum
2610 4722 2802 4765 omnes
2838 4724 3086 4766 essemus
3114 4710 3231 4775 filii,
3272 4725 3447 4782 neque
3470 4713 3621 4781 quis-

2042 4815 2202 4869 quam
2250 4800 2492 4853 omnium
2538 4801 2605 4853 ab
2658 4801 2805 4857 illius
2864 4801 3231 4857 familiaritate
3276 4814 3331 4858 et
3377 4805 3622 4865 amicitia

2042 4892 2251 4946 alienus
2288 4890 2426 4946 foret
2462 4910 2476 4945 :
2514 4908 2703 4951 verum
2747 4895 2892 4962 quod
2947 4904 3183 4949 mentem
3228 4895 3625 4964 cupiditatibus

2043 4992 2098 5037 et
2125 4983 2369 5051 corporis
2394 4983 2896 5051 perturbationibus
2928 4983 3071 5039 ultro
3097 4984 3501 5055 submittamus,
3532 4988 3610 5050 fit,

2041 5083 2335 5129 attestante
2371 5075 2593 5138 Davide,
2633 5083 2690 5127 ut
2724 5072 2889 5127 veluti
2932 5073 3180 5131 homines
3212 5074 3530 5144 moriamur,
3563 5088 3620 5135 et

2039 5165 2182 5220 sicut
2235 5182 2373 5222 unus
2425 5169 2491 5224 de
2535 5164 2875 5236 principibus
2919 5166 3176 5222 cadatnus
3202 5166 3269 5221 ⁸⁸.
3323 5166 3428 5223 Sed
3479 5183 3617 5238 quo.-

2041 5254 2200 5310 modo
2233 5254 2384 5313 carui
2431 5266 2487 5310 et
2528 5252 2776 5323 sanguini
2810 5253 3373 5308 communicat-imus?
3417 5254 3619 5311 Anima

2040 5348 2273 5401 humana
2320 5348 2588 5401 diversam
2637 5363 2664 5400 a
2712 5361 2872 5401 carne
2916 5347 3104 5406 sortita
3154 5358 3426 5413 naturain,
3462 5348 3619 5406 carni

2041 5439 2217 5502 unita,
2249 5455 2437 5504 unum,
2478 5447 2535 5493 et
2572 5439 2699 5492 illud
2730 5438 2948 5507 quidem
2982 5455 3076 5509 per
3097 5440 3178 5494 sui
3211 5439 3614 5512 adjunctiouetn

2041 5530 2249 5583 ratione
2296 5531 2580 5599 pr.editum
2635 5532 2836 5586 animal
2882 5532 3132 5598 absolvit,
3182 5532 3281 5586 hoc
3326 5541 3409 5587 est
3449 5532 3615 5587 homi-

2037 5636 2182 5675 nem.
2230 5621 2310 5675 Ad
2355 5636 2477 5677 eum
2514 5624 2696 5693 itaque
2734 5625 2948 5681 modum
3004 5636 3056 5680 et
3087 5623 3179 5680 Dei
3215 5623 3443 5681 Verbum
3477 5638 3612 5697 quo-

419 5778 660 5853 "Hebr.
698 5794 737 5844 ι,
759 5777 849 5832 (24.
926 5781 971 5810 ⁸⁸
1003 5780 1099 5834 Isa.
1136 5795 1206 5840 vi,
1242 5779 1294 5831 3.
1370 5776 1416 5808 ⁸³
1450 5774 1611 5831 llebl‘.
1645 5790 1702 5842 ll,
1731 5774 1817 5841 H,
1850 5774 1935 5829 15.

2042 5777 2056 5807 ⁵
2089 5774 2232 5831 Psal.
2268 5792 2453 5841 mm,
2494 5778 2545 5830 G.
2624 5780 2668 5811 ⁸⁸
2697 5778 2827 5833 ibid.
2866 5780 2915 5833 7.
