4132 6506
547 383 681 437 ιδῃ

1526 374 1584 431 S.
1626 373 1901 436 CYlllLLl
1942 371 2411 428 ALEXANDRINI
2452 371 2767 427 ARCBIEP.

3644 354 3790 430 ista

542 514 647 567 que
702 510 811 551 non
855 492 1123 557 inanime,
1177 500 1235 545 ut
1286 492 1501 560 quidam
1549 494 1753 561 Opinati
1806 503 1967 553 sunt,
2014 493 2107 545 sed

2245 492 2304 545 ὸν
2334 492 2661 562 ἀπορῤήτως
2698 491 2922 554 ὲνὼσας,
2960 491 3221 560 μετέσχεν
3259 491 3489 562 αἵματος
3534 492 3629 546 καὶ
3659 510 3791 562 σαρ-

543 589 793 643 animatte
824 586 998 647 carni,
1032 581 1190 637 modo
1224 599 1383 650 quem
1425 584 1658 635 lnnnana
1693 599 1844 637 meus
1885 600 1989 636 non
2023 600 2108 636 ca-

544 680 643 748 pit,
670 678 909 745 seipsum
943 674 1155 738 unicus,
1200 683 1492 741 ortumque
1519 688 1583 725 ex
1620 673 1848 726 muliere
1882 673 2107 736 ducens,

541 768 690 823 rarui
732 776 786 822 et
827 765 1074 835 sanguini
1107 765 1328 835 perinde
1376 780 1438 817 ac
1475 780 1613 818 unus
1663 780 1727 818 ex
1772 765 1925 818 nobis
1964 780 2109 817 com-

546 858 860 914 municavit.
898 860 1074 927 Atque
1123 856 1195 910 ita
1248 870 1388 909 unus
1430 856 1693 907 duntaxat
1738 864 1823 908 est
1853 854 2112 909 Dominus

541 949 704 1007 Jesus
747 949 1016 1005 Christus.
1070 946 1203 1001 Nam
1254 950 1356 1001 etsi
1406 947 1497 1000 Dei
1544 944 1776 1000 Verbum
1822 946 2110 999 humanam

546 1050 791 1097 naturam
819 1040 919 1095 sibi
952 1038 1231 1102 asciverit,
1268 1039 1435 1092 nihilo
1472 1046 1650 1092 tamen
1689 1039 1868 1093 secius
1898 1038 1949 1091 id
1971 1038 2112 1107 quod

544 1142 665 1187 erat
692 1130 1015 1200 permansit.
1044 1130 1196 1197 Quod
1221 1130 1266 1183 si
1301 1130 1490 1184 mortis
1522 1130 1807 1197 imperium
1835 1141 1892 1182 ut
1929 1129 2033 1182 vita
2062 1138 2116 1183 et

550 1224 689 1278 Deus
720 1222 978 1286 abolevit,
1014 1220 1381 1275 necessarium
1411 1229 1514 1283 est,
1548 1230 1607 1273 ut
1639 1219 1690 1274 id
1711 1220 1851 1287 quod
1887 1229 2114 1272 mortem

549 1316 790 1386 pertulit,
834 1315 1004 1385 ipsius
1031 1314 1311 1383 proprium
1367 1312 1639 1365 exstiterit
1669 1328 1682 1365 :
1715 1325 1823 1380 quo
1862 1311 2114 1363 nimirum

553 1407 690 1460 idem
719 1406 834 1474 ipse
862 1421 928 1459 ex
958 1405 1191 1458 mortuis
1230 1405 1298 1457 ad
1344 1403 1510 1456 vitam
1543 1402 1780 1466 rediens,
1813 1401 2119 1468 corruptio-

551 1510 672 1550 nem
714 1510 744 1549 e
773 1495 952 1548 medio
999 1494 1307 1554 sustulisse,
1354 1492 1880 1562 iucorruptiouisque
1919 1491 2122 1545 benefl-

550 1587 690 1641 cium
750 1587 804 1641 iu
861 1595 1029 1640 totum
1077 1600 1247 1655 genus
1304 1593 1551 1639 nostrum
1594 1582 1961 1638 transmisisse
2016 1581 2120 1639 diri

552 1688 737 1747 queat.
778 1702 794 1727 ο
830 1678 1002 1731 Sicuti
1043 1677 1187 1730 enim
1228 1676 1281 1730 in
1313 1675 1484 1729 Adam
1513 1689 1703 1729 omnes
1740 1674 2019 1739 morimur,
2049 1676 2120 1727 ita

550 1781 738 1821 omnes
790 1767 844 1820 in
893 1765 1110 1821 Christo
1160 1763 1646 1819 vivificahimur".
1680 1782 1698 1815 ›
1760 1762 1827 1816 Et
1876 1764 2119 1817 iterum:

2213 585 2307 647 κὸς
2354 585 2749 655 παραπλησίως
2786 587 2938 654 ἡμῖν,
2980 585 3068 637 διά
3109 587 3412 653 γεννήσεως
3448 586 3505 639 δὲ
3551 586 3791 655 δηλονότι

2214 673 2311 741 τῆς
2342 675 2406 725 ἐκ
2454 674 2733 741 γυναικός.
2780 669 2873 739 Εἷς
2903 671 2997 729 οὖν
3026 674 3135 745 ἄρα
3165 674 3369 746 Κύριος
3409 674 3617 745 Ἰησοῦς
3656 677 3789 747 Χρι-

2216 758 2359 821 στὸς.
2391 760 2467 825 ὡς
2512 759 2812 825 ἐνώσαντος
2845 764 2941 832 μὲν
2971 762 3149 832 ἑαυτῷ
3202 761 3299 815 τοῦ
3346 763 3483 816 Θεοῦ
3530 764 3707 832 Λόγου
3736 766 3796 817 τὸ

2213 849 2572 919 ἀνθρώπινον,
2622 851 2993 922 μεμενηκότος
3020 852 3077 905 δὲ
3106 852 3201 905 καὶ
3244 852 3418 916 οὕτως
3445 854 3583 925 ὅπερ
3612 850 3702 922 ἦν.
3734 856 3795 907 Ei

2214 938 2269 992 δὲ
2296 937 2805 1012 αὑτὸς⁹κατήργηκε
2833 941 2928 995 τοῦ
2959 942 3192 997 Θανάτου
3222 944 3285 996 τὸ
3323 943 3546 1015 κράτος,
3577 946 3654 1008 ὡς
3684 944 3797 1015 ζωῇ

2220 1030 2313 1081 καί
2350 1028 2503 1094 Θεὸς,
2537 1030 2667 1083 ἴδιον
2708 1030 2875 1084 αὑτοῦ
2916 1032 3155 1084 νοεῖσθαι
3186 1032 3387 1102 πρέπει
3429 1030 3491 1084 τὸ
3532 1031 3801 1094 πεπονθὶς

2216 1120 2307 1173 τὸν
2352 1120 2598 1174 θάνατον·
2632 1121 2719 1174 ἵνα
2759 1122 2835 1185 ὡς
2872 1121 3037 1185 αὐτὸς
3079 1121 3317 1185 ἀναστὰς
3346 1122 3690 1193 καταργῆσαι
3719 1121 3801 1172 λέ-

2217 1228 2367 1280 γοιτο
2402 1212 2501 1283 τὴν
2542 1212 2771 1285 φθορὰν,
2802 1213 2899 1267 καὶ
2936 1214 3017 1276 είς
3056 1213 3202 1266 ἅπαν
3242 1213 3402 1284 ἡμῶν
3440 1212 3803 1283 παραπέμψαι

2218 1303 2281 1355 τὸ
2299 1302 2456 1370 γένος
2476 1304 2573 1374 τῆς
2594 1302 2904 1376 ἀφθαρσίας
2932 1303 3031 1375 τὴν
3059 1304 3492 1376 χάριν.‹⁶Ὠσπερ
3515 1304 3625 1375 γὰρ
3652 1305 3709 1356 ἐν
3730 1305 3807 1372 τῷ

2234 1391 2406 1461 Ἀδὰμ
2428 1390 2626 1456 πάντες
2657 1392 3097 1464 ἀποθνήσκομεν,
3116 1393 3262 1446 οὓτω
3287 1394 3382 1447 καὶ
3401 1394 3460 1447 ἐν
3486 1393 3567 1463 τῷ
3586 1394 3807 1463 Χριστῷ

2224 1487 2425 1549 πάντες
2455 1485 3056 1559 ζωοποιη[θη]σόμεθα.
3108 1507 3127 1541 ι
3150 1488 3260 1542 Καὶ
3299 1487 3497 1543 πάλιν*
3533 1506 3553 1539 ι
3600 1488 3807 1556 Ὥσπερ

2222 1575 2333 1649 γὰρ
2370 1577 2439 1630 δι’
2477 1577 2766 1650 ἀνθρώπου
2807 1580 3056 1646 θάνατος,
3095 1581 3238 1635 οὕτω
3283 1581 3377 1635 καὶ
3416 1581 3484 1634 δι’
3520 1580 3807 1651 ἀνθρώπου

2226 1669 2526 1734 ἀνάστασις
2578 1670 2807 1742 νεκρῶν.
2849 1689 2867 1722 υ
2914 1671 3134 1740 Ἐπειδὴ
3161 1670 3219 1724 δέ
3248 1671 3365 1723 ἐστι
3393 1670 3502 1724 τῶν
3544 1670 3647 1741 τῆς
3685 1670 3810 1724 καθ’

2226 1761 2375 1833 ἡμᾶς
2401 1761 2697 1832 νοουμένης
2724 1761 3149 1833 ἀνθρωπότητος
3188 1762 3449 1816 ἐπέκεινα
3489 1762 3706 1832 μέτρων
3752 1762 3813 1815 τὸ

558 1878 575 1909 t
605 1855 741 1911 Nam
794 1864 855 1910 ut
906 1871 1004 1927 per
1054 1855 1331 1910 hominem
1380 1869 1549 1919 mors,
1592 1853 1664 1907 ita
1715 1867 1810 1921 per
1853 1852 2123 1906 hominem

2245 1852 2476 1924 πατῆσαι
2510 1851 2759 1919 θάνατον,
2785 1853 2976 1907 ἐνώσει
3006 1854 3207 1924 φαμὲν,
3244 1854 3411 1925 ήγουν
3438 1856 3717 1925 κοινωνίᾳ,
3747 1858 3813 1925 τῇ

555 1965 769 2003 rursum
824 1958 907 2003 est
970 1947 1295 2002 resurrectio
1361 1956 1697 2002 mortuorum
1735 1945 1804 1998 ⁸⁷.
1851 1963 1870 1997 ι
1932 1944 2126 1998 Verum

552 2038 695 2107 quod
748 2048 974 2092 mortem
1024 2048 1321 2107 proterere,
1366 2052 1454 2091 res
1504 2046 1586 2090 est
1626 2036 1878 2090 humanae
1924 2042 2129 2088 natura:

559 2129 863 2183 facultatem
910 2129 1203 2193 excedens,
1238 2127 1394 2199 135
1422 2137 1709 2196 propterea
1754 2125 1845 2180 Dei
1892 2124 2126 2180 Verbum

2237 1943 2377 2016 πρὸς
2419 1946 2598 2015 σάρκα
2624 1961 2685 1997 τε
2725 1944 2818 1999 καὶ
2857 1940 3000 2015 αἷμα
3027 1945 3121 1999 τὸν
3162 1944 3258 1999 τοῦ
3296 1945 3431 1999 Θεοῦ
3460 1946 3637 2015 Λόγον
3663 1947 3816 2015 γενέ-

2237 2035 2361 2090 σθαι
2402 2036 2524 2090 καθ’
2563 2037 2713 2106 ἡμᾶς
2740 2035 3061 2107 ἄνθρωπον
3108 2037 3596 2110 ἀπομεμενηκέναι
3634 2037 3694 2091 δὲ
3722 2039 3821 2090 καὶ

2235 2128 2378 2182 οὕτω
2406 2127 2638 2183 Θανάτου
2668 2129 2974 2201 κρείττονα⁶
3010 2128 3143 2193 Θεὸς
3169 2129 3279 2201 γὰρ
3305 2125 3373 2201 ἦν
3402 2131 3460 2183 ἐν
3490 2131 3677 2200 σαρκί.

557 2225 774 2289 unione,
814 2224 914 2279 hoc
945 2235 1050 2287 est,
1116 2239 1238 2277 cum
1306 2238 1472 2279 carne
1509 2233 1565 2278 et
1631 2222 1899 2292 sanguine
1962 2223 2476 2289 communicatione,
2527 2224 2690 2280 homo
2744 2224 2901 2279 nobis
2942 2224 3139 2279 similis
3183 2207 3436 2280 enectum
3483 2234 3565 2278 est
3593 2240 3609 2277 :
3640 2222 3719 2278 ita
3766 2222 3820 2277 id

559 2335 761 2386 tamen,
807 2330 866 2373 ut
917 2331 1093 2375 morte
1136 2321 1384 2390 superior
1422 2320 1783 2384 remanserit;
1827 2327 1947 2372 erat
1975 2318 2122 2373 enim
2158 2321 2296 2374 Deus
2333 2318 2387 2373 in
2423 2334 2608 2374 carne.

634 2412 703 2466 Χ.
757 2406 1097 2482 «Nusquam
1146 2411 1289 2465 enim
1330 2411 1550 2481 angelos
1599 2411 1976 2481 apprehendit,
2036 2410 2131 2465 sed

559 2518 741 2557 semen
772 2502 1005 2557 Abraha:
1034 2500 1407 2570 apprehendit.
1484 2499 1637 2554 Unde
1663 2499 1851 2554 debuit
1883 2513 1978 2567 per
2008 2513 2130 2552 om-

562 2598 648 2650 nia
677 2594 909 2649 fatribus
938 2593 1229 2648 assimilari
1255 2609 1270 2658 ;
1300 2602 1358 2647 ut
1385 2591 1698 2653 misericors
1729 2590 1884 2646 fieret
1917 2601 1970 2645 et
1998 2590 2132 2645 fide-

564 2690 629 2741 lis
660 2684 900 2755 pontifex
935 2683 1002 2739 ad
1033 2687 1222 2748 Deum,
1275 2694 1335 2739 ut
1366 2682 1749 2753 repmpitiaret
1794 2683 1990 2738 delicta
2038 2698 2134 2751 pa—

565 2779 696 2847 puli.
717 2776 773 2832 In
800 2792 910 2847 quo
931 2777 1076 2832 enim
1107 2790 1299 2846 passus
1323 2783 1407 2830 est
1432 2775 1547 2845 ipse
1570 2785 1623 2830 et
1647 2782 1906 2832 tentatus.
1944 2786 2138 2842 potens

561 2876 645 2920 est
675 2877 726 2921 et
752 2866 833 2922 eis
867 2867 958 2934 qui
984 2874 1285 2931 tentantur,
1318 2863 1571 2919 auxiliari
1592 2864 1661 2918 ⁸⁸.
1704 2883 1723 2916 ι
1764 2863 1858 2919 Dei
1904 2863 2137 2918 Verbum

567 2959 798 3013 Abrahae
827 2972 1011 3013 semen
1041 2957 1466 3027 apprehendisse
1516 2956 1836 3012 asserimus.
1900 2955 2032 3010 Nam
2054 2971 2141 3011 se-

573 3050 807 3104 cundum
836 3064 1055 3105 carnem
1088 3063 1156 3104 ex
1179 3047 1381 3103 Judaeis
1414 3056 1592 3103 ortum
1635 3056 1738 3110 est,
1779 3057 1834 3102 et
1885 3046 2142 3102 fratribus

2311 2411 2366 2464 I'.
2408 2430 2426 2462 ι
2452 2411 2529 2464 Οὐ
2558 2411 2668 2481 γὰρ
2699 2411 2871 2482 δήπου
2900 2410 3149 2480 ἀγγέλων
3193 2407 3650 2479 ἐπιλαμϐάνεται,
3680 2405 3821 2461 ἀλλά

2244 2502 2559 2573 σπέρματος
2614 2502 2868 2574 Ἀϐραὰμ
2913 2502 3371 2574 ἐπιλαμϐάνεται.
3401 2501 3564 2556 Ὅθεν
3615 2499 3820 2569 ὤφειλε

2240 2594 2382 2648 κατά
2426 2596 2605 2649 πάντα
2631 2598 2744 2659 τοῖς
2777 2595 3024 2664 ἀδελφοῖς
3050 2595 3405 2667 ὁμοιωθῆναι·
3445 2596 3532 2648 ἵνα
3568 2594 3822 2665 ἐλεήμων

2240 2685 2465 2758 γένηται
2491 2688 2585 2740 καὶ
2617 2687 2806 2751 πιστὸς
2832 2688 3123 2760 ἀρχιερεὺς
3157 2688 3228 2741 τὰ
3266 2687 3403 2759 πρὸς
3434 2687 3524 2740 τὸν
3555 2686 3711 2750 Θεὸν,
3741 2688 3822 2749 είς

2238 2773 2300 2827 τὸ
2329 2773 2644 2829 ἱλάσκεσθαι
2687 2777 2807 2839 ταῖς
2837 2777 3132 2847 ἁμαρτίαις
3172 2776 3353 2847 ήμῶν.
3388 2776 3478 2830 Ἐν
3503 2769 3547 2844 ᾧ
3575 2775 3685 2846 γὰρ
3722 2776 3822 2828 πέ-

2241 2865 2439 2921 πονθεν
2473 2864 2636 2929 αὐτὸς
2676 2866 3025 2937 πειρασθεὶς,
3075 2866 3299 2921 δύναται
3332 2868 3447 2930 τοῖς
3488 2866 3825 2936 πειραζομέ-

2242 2973 2354 3020 νοις
2401 2955 2684 3027 βοηθῆσαι.
2713 2975 2732 3010 ι
2783 2957 3104 3027 Σπέρματος
3152 2956 3404 3029 Ἀϐραὰμ
3451 2956 3821 3027 ἐπιλαμϐάνει-

2244 3044 2368 3099 σθαί
2398 3064 2576 3117 φαμεν
2603 3047 2694 3101 τὸν
2720 3046 2817 3101 τοῦ
2856 3047 2990 3101 Θεοῦ
3021 3046 3223 3117 Λόγον·
3254 3050 3423 3117 ἀνέφυ
3453 3048 3563 3120 γὰρ
3587 3047 3646 3113 ἐξ
3690 3049 3824 3101 ’1ου-

570 3158 666 3210 per
720 3141 901 3197 omnia
956 3140 1346 3201 assimilatum;
1398 3140 1500 3194 hoc
1545 3149 1665 3205 est,
1711 3138 1892 3193 servili
1937 3137 2139 3201 forma,

2247 3137 2412 3191 δαίων
2436 3139 2497 3193 τὸ
2521 3139 2661 3193 κατά
2690 3138 2889 3210 σάρκα,
2916 3141 3013 3193 καί
3036 3139 3295 3211 ὡμοιώθη
3326 3141 3466 3195 κατά
3498 3142 3675 3196 πάντα
3709 3143 3825 3203 τοῖς

565 3238 715 3302 juxta
748 3232 988 3303 Apostoli
1019 3231 1320 3289 doctrinam
1344 3231 1411 3297 ⁸⁸,
1438 3240 1679 3301 sumpta,
1704 3229 1930 3285 aliorum
1963 3229 2141 3285 horni-

580 3320 903 3380 num'more
932 3324 1083 3379 nasci
1117 3324 1462 3391 dedignatum
1494 3338 1600 3378 non
1633 3330 1737 3378 est.
1782 3322 1894 3377 Hac
1913 3322 2058 3376 etaim
2083 3321 2149 3377 de

579 3432 744 3471 causa
774 3424 827 3471 et
856 3415 1026 3472 Filius
1074 3414 1313 3470 hominis
1352 3413 1588 3481 exstitit,
1619 3423 1677 3469 et
1718 3427 1905 3470 eorum
1935 3414 2027 3485 qui
2077 3427 2144 3468 ex

571 3509 783 3566 semine
832 3508 1066 3564 Abrahae
1113 3506 1451 3578 prodierant,
1483 3510 1586 3562 hoc
1635 3515 1740 3571 est,
1799 3520 1867 3561 ex
1897 3520 2065 3561 carne
2092 3514 2147 3560 et

573 3602 838 3671 sanguine
862 3600 1307 3663 constitutorum,
1333 3598 1501 3652 frater
1518 3597 1768 3654 effectum
1801 3606 1905 3653 est.
1927 3596 2150 3666 Ecqua!-

576 3712 699 3750 uam
734 3695 931 3750 horum
976 3708 1143 3749 causa
1169 3692 1415 3747 exstitit?
1462 3690 1578 3746 Non
1613 3690 1718 3744 alia
1753 3688 2018 3759 profecto,
2051 3688 2150 3755 ait,

574 3802 737 3857 quam
783 3795 874 3841 «ut
910 3785 1224 3841 misericors
1263 3784 1545 3854 tidelisque
1566 3782 1810 3853 pontifex
1850 3782 1907 3836 in
1932 3782 2000 3835 iis
2027 3793 2151 3849 qua:

576 3887 702 3933 sunt
728 3876 793 3931 ad
815 3877 1000 3944 Detltll,
1034 3875 1237 3929 fieret.»
1279 3874 1528 3930 Christus
1562 3886 1797 3941 namque
1826 3870 2140 3940 pontificem

577 3985 739 4037 supra
774 3970 988 4021 modum
1025 3968 1316 4033 benignum
1359 3976 1414 4022 et
1449 3965 1863 4020 misericordem
1906 3976 1966 4017 se
1993 3960 2154 4016 nobis

577 4063 846 4117 οιιιὶιηιὶι.
882 4061 1092 4117 Etenim
1146 4076 1271 4116 cum
1311 4059 1446 4130 legis
1480 4058 1657 4113 littera
1686 4050 1924 4125 peccatis
1945 4055 2153 4111 obstri-

580 4161 694 4204 «tos
729 4134 1076 4216 cundemnet,
1101 4149 1542 4221 gravissimaque
1578 4160 1737 4216 paena
1760 4146 1905 4201 .illos
1931 4145 2023 4214 qui
2059 4145 2154 4199 Dei

584 4241 903 4296 mandatum
931 4240 1248 4305 violassent,
1276 4240 1590 4309 plectendos
1622 4238 1882 4292 decernat
1912 4253 1926 4287 :
1967 4253 1986 4286 ι
2029 4234 2157 4289 Irri-

587 4348 696 4387 tam
728 4334 872 4389 enim
899 4333 1022 4402 quis
1047 4332 1251 4388 faciens
1283 4332 1458 4402 legem
1492 4329 1721 4401 Moysis,
1752 4330 1872 4384 sine
1920 4327 2025 4381 ulla
2052 4327 2154 4380 mi-

585 4427 883 4490 seratione,
915 4424 1127 4478 duobus
1157 4422 1241 4477 vel
1282 4421 1460 4476 tribus
1490 4421 1719 4475 testibus
1748 4418 1980 4472 moritur
2007 4417 2054 4448 ὀ
2081 4435 2095 4472 :
2134 4435 2152 4468 ι

2248 3230 2517 3299 ἀδελφοῖς,
2545 3231 2686 3286 κατά
2712 3248 2775 3300 γε
2802 3232 2863 3284 τὸ
2888 3231 3221 3303 ἀνασχέσθαι
3243 3230 3428 3285 λαϐεῖν
3449 3232 3551 3302 τὴν
3580 3232 3675 3285 τοῦ
3706 3231 3828 3285 δοῦ-

2249 3321 2343 3376 λου
2378 3322 2609 3393 μορφὴν,
2643 3324 2737 3376 καὶ
2774 3323 2833 3377 ἐν
2858 3322 3164 3394 ὁμοιώματι
3201 3322 3503 3394 ἀνθρώπων
3538 3323 3825 3391 γενέσθαι.

2252 3414 2397 3471 καθά
2434 3432 2600 3486 φησιν
2627 3416 2656 3469 ό
2697 3414 2969 3487 μακάριος
3007 3413 3235 3478 Παῦλος.
3281 3416 3666 3486 Κεχρημάτικε
3716 3415 3829 3485 γὰρ

2251 3507 2395 3561 οὕτω
2440 3508 2570 3572 Υἱὸς
2618 3506 2931 3579 ἀνθρώπου,
2962 3506 3058 3560 καὶ
3088 3506 3312 3575 γέγονεν
3338 3506 3563 3575 ἀδελφὸς
3608 3508 3723 3568 τοῖς
3766 3508 3829 3558 ἐκ

2252 3599 2565 3670 σπέρματος
2598 3596 2867 3668 Ἀϐραὰμ,
2895 3597 3062 3667 ήγουν
3085 3599 3197 3659 τοῖς
3221 3597 3278 3648 ἐν
3300 3595 3493 3667 αἵματι
3519 3596 3612 3649 καὶ
3638 3595 3827 3666 σαρκί.

2253 3693 2350 3755 Τίς
2377 3688 2472 3746 οὖν
2502 3691 2611 3762 ἀρα
2632 3690 2779 3744 ἐστὶν
2800 3690 2834 3760 ή
2859 3688 3012 3743 τοῦδε
3043 3688 3351 3760 πρόφασις;
3379 3689 3525 3741 «Ἵνα
3557 3687 3832 3757 ἐλεήμων,

2254 3783 2410 3854 φησὶ,
2458 3783 2705 3855 γένηται,
2750 3782 2846 3836 καὶ
2893 3780 3082 3845 πιστὸς
3125 3782 3419 3854 ἀρχιερεὺς
3455 3780 3523 3834 τὰ
3565 3780 3703 3851 πρὸς
3737 3780 3832 3834 τὸν

2255 3875 2409 3929 Θεόν.
2440 3893 2461 3928 ι
2483 3874 2762 3945 Ἐλεήμων
2793 3872 2893 3944 μὲν
2924 3872 3034 3944 γὰρ
3069 3871 3360 3944 ἀρχιερεὺς
3391 3872 3471 3934 εἰς
3502 3872 3652 3942 ἡμᾶς
3673 3870 3833 3938 γέγο-

2256 3983 2346 4020 νεν
2369 3966 2398 4018 ὁ
2424 3966 2681 4038 Χριστὸς,
2711 3966 2788 4029 ὡς
2822 3963 2918 4018 τοῦ
2947 3963 3174 4035 νομικοῦ
3205 3963 3534 4035 γράμματος
3563 3962 3832 4032 κατακρί-

2259 4074 2438 4121 νοντος
2453 4058 2578 4121 τοὺς
2598 4056 3005 4129 ἡμαρτηκότας,
3025 4055 3121 4109 καὶ
3135 4055 3236 4127 τὴν
3253 4053 3347 4107 τοῦ
3382 4053 3709 4117 κολάζεσθαι
3726 4053 3835 4106 δεῖν

2258 4150 2611 4221 ἐπιφέροντος
2652 4148 2831 4219 ψῆφον
2867 4152 2981 4211 τοῖς
3019 4146 3118 4219 τὴν
3156 4147 3304 4201 θείαν
3343 4146 3706 4218 ἀτιμάζουσιν
3748 4146 3834 4197 ἐν-

2259 4242 2442 4314 τολήν.
2489 4261 2507 4294 ι
2550 4241 2847 4311 Ἀθετήσας
2885 4240 2992 4311 γάρ
3026 4256 3112 4303 τις
3154 4239 3316 4309 νόμον
3358 4238 3633 4302 Μωσέως,
3667 4242 3839 4309 χωρὶς

2260 4332 2562 4405 οἰκτιρμῶν
2589 4332 2682 4386 ἐπὶ
2709 4331 2861 4387 δυσὶν
2889 4332 2924 4403 ἢ
2954 4330 3103 4402 τρισὶ
3131 4331 3398 4401 μάρτυσιν
3421 4329 3755 4399 ἀποθνήσκει
3772 4346 3787 4359 ⁸
3811 4346 3831 4380 ι

2260 4425 2462 4479 δικαιοῖ
2498 4442 2562 4492 γε
2608 4424 2716 4495 μὴν
2744 4423 2803 4477 ἐν
2833 4422 3016 4477 πίστει
3041 4420 3296 4494 Χριστὸς,
3326 4421 3421 4474 καὶ
3450 4420 3559 4474 τῶν
3591 4420 3839 4490 ἀρχαίων

583 4516 834 4569 Christus
898 4528 994 4584 per
1058 4513 1217 4569 fidem
1275 4511 1816 4582 iustificat,_eosque
1872 4510 1962 4579 qui
2020 4508 2135 4578 laps

2266 4494 2617 4588 αἰτιαμάτων
2639 4494 2825 4587 ἀνίησι
2855 4514 2983 4578 τοὺς
3014 4512 3404 4585 ἠσθενηκότας.
3432 4512 3632 4581 Γέγονε
3662 4512 3839 4565 τοίνυν

585 4616 732 4673 sunt,
761 4621 791 4659 a
828 4606 1101 4660 veteribus
1130 4605 1305 4675 culpis
1333 4603 1588 4660 absolvit.
1622 4602 1824 4657 Factus
1848 4609 1933 4656 est
1977 4601 2163 4669 itaque

593 4698 905 4751 misericors
930 4696 1196 4768 pontifex,
1226 4706 1412 4765 utpote
1448 4694 1676 4764 legalem
1708 4694 1856 4749 illam
1885 4693 2160 4749 severita-

589 4801 693 4843 tem
715 4789 918 4844 diutius
936 4788 1117 4843 valere
1139 4804 1246 4844 non
1271 4788 1477 4843 sinetis.

660 4880 749 4936 XI.
793 4880 994 4935 Fidelis
1045 4893 1175 4933 vero
1224 4878 1501 4948 pontifex;
1559 4877 1816 4948 quoniam
1874 4886 2167 4946 perpetuus

590 4989 653 5028 ac
687 4980 965 5033 constans,
1000 4968 1463 5037 dignissitnusque
1519 4967 1677 5037 cujus
1722 4966 2006 5037 promissis
2037 4966 2168 5020 ﬁdes

594 5062 874 5116 habeatur.
939 5060 1013 5112 De
1043 5058 1310 5127 legalibus
1360 5067 1539 5112 autem
1585 5056 1960 5112 sacerdotibus
2011 5057 2169 5123 longe

593 5153 773 5216 aliter,
797 5149 1058 5218 Apostolo
1112 5160 1276 5215 teste,
1336 5164 1424 5203 res
1456 5149 1640 5204 habet.
1684 5168 1701 5200 ι
1749 5148 1818 5203 Et
1843 5149 1934 5203 alii
1969 5148 2167 5219 (inquit

596 5245 660 5314 is)
694 5243 881 5312 plures
921 5241 1047 5296 lacti
1082 5252 1209 5296 sunt
1238 5242 1573 5307 sacerdotes,
1604 5241 1806 5295 idcirco
1845 5242 1987 5311 quod
2023 5256 2167 5294 mor-

595 5346 646 5390 te
682 5334 1102 5403 prohiberentur
1163 5348 1521 5403 permanere:
1576 5334 1663 5389 hic
1710 5344 1888 5388 autem
1929 5347 1994 5387 eo
2025 5333 2167 5401 quod

560 5486 563 5489 _
597 5434 810 5477 maneat
852 5423 1208 5486 inmternum,
1244 5423 1632 5491 sempiternum
1692 5423 1854 5476 habet
1907 5424 2166 5477 sacerdo-

596 5518 754 5569 tium.
779 5513 934 5569 Unde
960 5514 1172 5569 salvarc
1196 5516 1248 5569 in
1275 5525 1589 5585 perpetuum
1623 5524 1800 5583 potest
1847 5514 2171 5568 accedentes

598 5622 695 5675 pur
724 5606 896 5676 ipsum
924 5608 989 5659 ad
1016 5605 1225 5670 Deum;
1284 5621 1500 5675 semper
1553 5606 1742 5660 vivens
1796 5607 1864 5661 ad
1910 5607 2172 5677 interpel-

666 5780 715 5813 ⁸⁸
742 5780 763 5836 ι
786 5782 914 5838 Cor.
944 5798 1030 5849 xv,
1054 5781 1143 5835 22.
1225 5783 1267 5813 ⁸⁷
1305 5781 1435 5835 ibid.
1460 5781 1545 5835 “ll.
1629 5782 1673 5813 ⁸⁸
1711 5782 1874 5839 Hebr.
1908 5797 1969 5847 ll,
2008 5780 2191 5836 lii-18.

2268 4610 2515 4680 ἐλεήμων
2553 4608 2872 4679 ἀρχιερεὺς,
2900 4605 3084 4660 οὐκέτι
3128 4604 3226 4669 τάς
3270 4603 3503 4675 νομικὰς
3536 4603 3841 4674 ἀποτομίας

2270 4704 2494 4775 κρατεῖν
2524 4701 2854 4773 ἐπιτρέπων.

2333 4882 2438 4935 lA'.
2477 4880 2675 4944 Πιστὸς
2714 4880 2807 4946 δὲ,
2854 4881 2937 4935 ὅτι
2977 4880 3224 4952 μόνιμος,
3287 4882 3380 4935 καὶ
3424 4879 3714 4951 διηνεκὴς,
3752 4880 3843 4932 καὶ

2266 4972 2563 5044 ἀξιόχρεως
2589 4973 2669 5034 εἰς
2697 4971 2881 5025 πίστιν
2905 4972 3013 5024 τῶν
3040 4970 3484 5042 ἐπηγγελμένων.
3501 4971 3590 5033 Ὦς
3618 4971 3727 5040 γὰρ
3754 4970 3845 5022 αὑ-

2267 5064 2358 5127 τός
2392 5081 2497 5117 που
2534 5062 2698 5116 πάλιν
2733 5062 2899 5133 φησὶν
2939 5064 2967 5115 ὁ
2997 5062 3285 5127 θεσπέσιος
3324 5061 3537 5124 Παῦλος
3570 5062 3701 5132 περὶ
3735 5061 3840 5112 τῶν

2274 5154 2416 5209 κατά
2461 5155 2660 5224 νόμους
2706 5154 2934 5224 ἱερέων,
2983 5171 3003 5204 ι
3036 5153 3147 5206 Καὶ
3178 5154 3229 5205 οἱ
3268 5151 3367 5223 μὲν
3416 5150 3657 5213 πλείονες
3710 5151 3847 5203 εῖσὶν

2279 5247 2443 5317 ἱερεῖς
2479 5246 2783 5315 γεγονότες,
2819 5245 2906 5298 διὰ
2934 5245 2995 5297 τὸ
3027 5243 3105 5315 τῷ
3148 5243 3365 5314 θανάτῳ
3397 5241 3707 5296 κωλύεσθαι
3743 5259 3847 5293 παο

2282 5337 2537 5410 ραμένειν
2556 5352 2570 5366 ⁸
2600 5339 2629 5391 ό
2658 5337 2716 5390 δὲ
2747 5336 2835 5390 διὰ
2880 5337 2941 5390 τὸ
2970 5337 3151 5404 μένειν
3179 5336 3342 5390 αὐτὸν
3384 5336 3464 5399 εἰς
3512 5336 3603 5389 τὸν
3647 5336 3848 5397 αἰῶνα,

2279 5430 2634 5500 ἀπαράϐατον
2672 5429 2786 5499 ἔχει
2834 5430 2934 5499 τὴν
2975 5428 3307 5500 ἱερωσύνην
3354 5428 3478 5482 ὅθεν
3517 5429 3612 5482 καὶ
3661 5428 3851 5483 σώζειν

2282 5521 2361 5581 είς
2385 5518 2446 5572 τὸ
2475 5519 2734 5582 παντελὲς
2763 5516 2983 5572 δύναται
3010 5517 3134 5581 τοὺς
3164 5518 3638 5590 προσερχομένους
3668 5518 3735 5570 δι’
3762 5518 3852 5570 α)-

2280 5609 2376 5662 τοῦ
2419 5610 2497 5679 τῷ
2526 5609 2666 5679 Θεῷ,
2699 5609 2928 5664 πάντοτε
2967 5608 3076 5671 ζῶν
3105 5611 3187 5672 είς
3227 5610 3290 5662 τὸ
3330 5609 3680 5679 ἐντυγχάνειν
3720 5608 3852 5676 ὑπῖῖρ

2269 5783 2316 5814 ⁸⁸
2346 5781 2575 5853 Philipp.
2615 5801 2674 5847 tt,
2713 5788 2760 5837 7.
2840 5786 2887 5816 ⁹⁰
2922 5786 3083 5839 ιιυιιτ.
3119 5802 3170 5849 π,
3194 5786 3281 5840 ‘28.
