4132 6448
330 341 350 388 ¹Ι
362 336 466 389 249

1134 334 1224 386 AD
1264 329 1563 386 IiliGLNAS
1602 327 1688 381 DE
1727 323 1957 380 IIEC'I‘A
1994 320 2149 376 FIDE
2185 318 2440 375 ORATIO
2480 317 2773 373 ALTERA.

3431 312 3570 369 1550

330 455 525 508 αὐτῶν.
557 474 574 506 ι
614 454 801 524 Ἅθρει
842 455 925 520 δὲ,
958 454 1103 517 ὅπως
1155 454 1252 506 οὑκ
1292 454 1370 514 είς
1420 451 1741 521 κατάκρισιν
1791 446 1901 500 τῶν
1933 494 1937 510 ί

2026 445 2223 499 andum
2262 457 2359 513 pro
2387 442 2466 496 eis
2498 442 2565 495 ".
2597 459 2615 491 ι
2663 438 2903 494 Observa
2934 437 3042 501 hic,
3068 436 3340 506 quomodo
3366 451 3472 492 non
3493 436 3561 489 ad

330 544 727 617 ἡμαρτηκότων
773 545 993 613 γέγονεν
1038 545 1347 615 ἀρχιερεὺς,
1377 545 1455 606 είς
1482 542 1544 595 τὸ
1584 539 1931 595 ίλάσκεσθαι’

328 637 383 688 δὲ
412 636 615 706 μᾶλλον
650 639 767 699 ταῖς
810 636 1106 707 ἁμαρτίαις
1136 635 1333 689 αὑτῶν.
1372 635 1431 688 '0
1462 633 1519 687 δέ
1556 649 1618 701 γε
1651 632 1743 685 τοῦ
1776 648 1897 684 πει-

333 726 545 796 ρασμοῦ
576 726 671 779 καὶ
701 726 801 796 τῆς
832 726 1022 790 Θυσίας
1059 728 1241 789 ὁποῖος
1278 726 1345 778 ἂν
1373 725 1460 794 εἴη
1489 723 1716 794 τρόπος;
1755 740 1774 775 t
1815 722 1901 774 'Ev

329 811 397 885 ᾧ,
442 817 607 886 φησὶ,
653 817 920 871 πέπονθεν
951 816 1113 879 αὐτὸς
1157 815 1498 887 πειρασθείς,
1531 814 1751 868 δύναται
1791 813 1903 874 τοῖς

335 907 753 979 πειραζομένοις
818 908 912 961 καὶ
958 906 1288 979 βοηθῆσαι.»
1339 906 1737 978 Διεκαρτέρησε
1793 903 1903 974 γὰρ

333 999 751 1071 πειραζόμενος,
783 1000 877 1053 καὶ
910 998 1448 1070 ὑπέμεινεσταυρόν.
1482 998 1628 1068 Πλὴν
1658 995 1851 1050 ἑαυτὸν
1875 994 1904 1046 ό

334 1091 463 1154 Υἱὸς
502 1090 577 1155 ὡς
607 1090 838 1161 ἄμωμον
872 1092 1065 1159 ἱερεῖον
1094 1089 1501 1162 προσκεκόμικε
1537 1087 1616 1157 τῷ
1648 1085 1767 1157 Θεῷ
1812 1085 1905 1139 καὶ

336 1183 533 1253 Πατρὶ,
579 1183 664 1235 ἵνα
689 1181 777 1235 διὰ
809 1181 909 1250 τῆς
939 1182 1134 1236 ἑαυτοῦ
1165 1181 1367 1252 σαρκὸς
1398 1180 1639 1251 βοηθήσῃ
1668 1181 1781 1242 τοῖς
1807 1178 1905 1231 κά-

338 1289 531 1344 μνουσι
569 1273 663 1326 καὶ
696 1272 1134 1343 πειραζομένοις.
1170 1293 1189 1325 ι
1218 1275 1335 1344 Μιᾷ
1362 1273 1471 1344 γὰρ
1496 1270 1782 1342 προσφορᾷ
1820 1285 1908 1322 τε-

334 1365 621 1418 τελείωκεν
662 1364 744 1428 είς
782 1364 842 1417 τὸ
872 1364 1118 1436 διηνεκὲς
1144 1367 1272 1429 τοὺς
1303 1363 1721 1435 ἁγιαζομένους.
1746 1381 1765 1411 ι
1798 1361 1907 1414 Αὑ-

334 1456 425 1516 τδς
451 1451 545 1510 οὖν
568 1456 677 1527 ἆρα
704 1455 924 1523 γέγονεν
950 1458 1238 1528 ἀρχιερεὺς
1265 1456 1406 1510 κατὰ
1433 1456 1495 1509 τὸ
1546 1453 1906 1524 ἀνθρώπινον,

337 1547 512 1601 καίτοι
551 1547 704 1618 παρά
762 1546 981 1601 πάντων
1018 1546 1117 1611 τὰς
1151 1546 1343 1612 θυσίας
1377 1546 1661 1616 δεχόμενος
1688 1542 1903 1607 θεῖκῶς.

335 1638 508 1701 Λὺτὸς
534 1638 594 1691 τὸ
630 1638 776 1707 θῦμα
804 1637 947 1690 κατά
969 1636 1070 1708 τὴν
1099 1638 1297 1709 σάρκα.
1325 1637 1495 1701 Αὑτὺς
1523 1638 1553 1690 ό
1586 1636 1705 1699 ταῖς
1731 1634 1911 1704 ἁμαρ-

336 1732 478 1793 τίαις
516 1728 676 1800 ἡμῶν
721 1728 1070 1798 ἱλασκόμενος
1102 1728 1244 1783 κατά
1272 1746 1336 1799 γε
1368 1730 1468 1800 τὴν
1525 1727 1778 1797 θεότητος
1813 1723 1907 1778 δύ-

338 1839 502 1891 ναμιν
527 1831 574 1875 ι).
607 1816 701 1883 Εἷς
730 1814 824 1872 οὖν
863 1818 972 1889 ἄρα
1006 1818 1211 1891 Κύριος
1248 1818 1452 1890 Ἰησοῦς
1476 1817 1732 1891 Χριστός.

2002 551 2188 591 eorum
2217 535 2307 603 qui
2333 532 2567 603 peccatis
2597 546 2657 585 se
2713 530 3117 584 obstrinxerant
3169 527 3572 582 condemnatio-

2006 641 2127 681 nem
2155 624 2396 695 pontifex
2440 622 2613 677 factus
2645 622 2739 688 sit,
2771 623 2864 677 sed
2926 621 3104 690 potius
3140 620 3207 673 ad
3249 619 3568 673 delictormn

2005 718 2316 772 eorumdem
2370 714 2742 783 purgationem
2795 726 2860 765 ac
2903 711 3357 782 propitiationem.
3413 707 3573 778 136

2005 809 2115 864 Sed
2149 806 2351 878 qualis,
2378 820 2581 874 quaeso,
2636 818 2759 858 cum
2790 803 3127 865 tentationis,
3165 810 3277 855 tum
3308 801 3568 856 sacriﬁcii

2004 915 2219 970 quoque
2255 899 2399 953 illius
2442 897 2631 952 modus
2681 895 2939 950 exstitit?
2995 895 3086 947 Ait
3121 908 3387 963 namque:
3440 911 3460 946 ι
3513 891 3570 946 Id

2005 1006 2113 1062 quo
2136 1005 2327 1060 passus
2344 998 2424 1043 est
2444 991 2557 1057 ipse
2581 1000 2631 1042 et
2664 998 2921 1048 tentatus,
2957 995 3147 1055 potens
3171 995 3254 1042 est
3284 996 3338 1041 et
3356 986 3439 1041 eis
3477 986 3572 1056 qui

2006 1092 2303 1145 tentantur,
2330 1079 2592 1134 tauxiliari
2623 1080 2692 1132 ".
2734 1096 2754 1131 ι
2809 1078 2955 1132 Sane
3013 1085 3252 1131 tentatus
3303 1076 3563 1146 perstitit,

2006 1183 2061 1228 et
2093 1171 2272 1228 erucis
2305 1169 2628 1239 supplicium
2674 1167 2944 1237 patienter
2987 1166 3268 1222 sustinuit.
3303 1165 3571 1221 Czeterum

2007 1262 2178 1317 Filius
2209 1260 2318 1315 Deo
2348 1268 2405 1313 et
2438 1259 2583 1313 Patri
2628 1256 2962 1327 impollutum
3011 1256 3342 1312 sacrificium
3378 1264 3576 1312 semet—

2009 1353 2185 1422 ipsum
2236 1351 2466 1416 obtulit;
2516 1364 2706 1419 nempe
2751 1363 2858 1417 quo
2906 1362 3005 1419 per
3033 1348 3305 1418 propriam
3355 1362 3575 1404 carnem

2010 1459 2166 1513 opem
2203 1443 2310 1497 illis
2342 1441 2487 1495 ferre
2516 1448 2721 1508 posset,
2751 1440 2842 1508 qui
2871 1452 2994 1493 cum
3025 1437 3286 1494 molestiis
3313 1449 3366 1492 et
3394 1445 3574 1494 tenta-

2012 1535 2250 1589 tionibus
2273 1532 2673 1587 conflictantur.
2711 1547 2731 1581 ι
2784 1528 2902 1584 Una
2944 1529 3088 1583 enim
3125 1528 3396 1585 oblatione
3441 1544 3576 1585 con-

2012 1625 2304 1681 summavit
2354 1625 2408 1677 in
2441 1622 2830 1691 sempiternum
2874 1619 3243 1677 sanctificatos
3261 1622 3327 1676 ”.
3368 1639 3388 1675 ι
3452 1620 3573 1692 Ipse

2012 1716 2239 1788 proinde
2288 1714 2586 1771 secundmn
2652 1713 2945 1767 humanam
2996 1723 3241 1768 naturam
3294 1713 3468 1769 factus
3494 1722 3581 1769 est

1939 1786 1982 1840 Β
2012 1786 2275 1882 pontifex,
2310 1822 2641 1878 quanquam,
2697 1816 2756 1862 ut
2798 1809 2937 1862 Deus
2968 1814 3078 1871 est,
3108 1807 3175 1860 ab
3209 1806 3462 1862 omnibus
3500 1806 3579 1861 illi

340 1918 699 1973 sacriﬁcetur.
723 1915 839 1983 Ipse
902 1924 1005 1981 est,
1058 1917 1150 1984 qui
1210 1918 1505 1971 secundum
1537 1927 1757 1970 carnem
1809 1910 1984 1966 factus
2019 1916 2104 1963 est
2131 1905 2375 1962 victima.
2408 1904 2527 1973 Ipse
2568 1905 2706 1958 idem
2759 1917 2974 1958 rursum
2999 1912 3106 1968 est,
3133 1902 3225 1971 qui
3284 1903 3578 1957 secundum

339 2009 638 2065 divinitatis
675 2007 1079 2077 auctoritatem,
1110 2011 1352 2080 peccatis
1385 2010 1585 2065 nostris
1626 2006 1890 2079 propitius
1926 2019 1989 2060 ac
2014 2003 2255 2059 clemens
2283 2009 2387 2057 est.
2418 1999 2568 2055 Unus
2601 2007 2686 2053 est
2741 2011 2869 2068 ergo
2928 1996 3189 2052 Dominus
3242 1995 3400 2052 Jesus
3422 1997 3585 2052 Chri—

339 2116 477 2159 SIIIS.

413 2198 512 2252 IB'.
562 2216 597 2251 ιη
621 2199 814 2270 Ὑμεῖς
871 2198 1228 2270 προσκυνεῖτε
1275 2195 1335 2248 ὃν
1363 2195 1464 2248 οὑκ
1505 2193 1719 2247 οἴδατε·
1748 2192 1912 2262 ἡμεῖς

342 2290 754 2362 προσκυνοῦμεν
797 2290 857 2345 ὃν
894 2290 1119 2361 οἴδαμεν
1143 2305 1159 2322 ο
1210 2288 1293 2340 ὅτι
1340 2286 1375 2356 ἡ
1415 2284 1659 2355 σωτηρία
1704 2285 1768 2337 ὲκ
1805 2282 1913 2335 τῶν

358 2382 625 2436 Ἰουδαίων
654 2382 824 2435 ἐστί.»
855 2381 994 2451 Φαίη
1017 2396 1102 2442 τις
1127 2378 1195 2432 ἂν
1224 2377 1376 2442 ἴσως,
1402 2376 1745 2446 ἀνάρμοστον
1774 2368 1911 2426 εἷναι

342 2475 411 2544 τῇ
445 2472 564 2543 θείᾳ
594 2473 687 2526 καὶ
718 2471 979 2525 ἀνωτάτω
1005 2469 1099 2523 τοῦ
1139 2469 1315 2537 Λόγου
1360 2466 1520 2536 φύσει
1561 2464 1622 2517 τὸ
1666 2479 1911 2534 προσκυο

344 2567 475 2618 νεῖν.
503 2560 638 2618 Εἶτα
676 2563 816 2626 πῶς,
844 2563 1002 2632 εῖπερ
1029 2561 1148 2614 ἐστὶ
1174 2559 1306 2622 Θεὸς
1347 2556 1563 2629 ἀληθῶς
1597 2558 1627 2609 ό
1657 2554 1915 2625 Χριστὸς,

344 2654 536 2709 ἐαυτὸν
563 2656 676 2717 τοῖς
724 2653 1002 2723 ὀφείλουσι
1048 2652 1377 2723 προσκυνεῖν
1415 2650 1609 2721 ὁρᾶται
1656 2664 1915 2701 συντετα-

346 2746 493 2817 χώςς
528 2744 594 2797 Τί
641 2743 735 2798 οὖν
766 2743 875 2815 ἄρα
903 2742 1039 2815 πρὸς
1068 2742 1227 2795 τοῦτό
1253 2758 1432 2809 φαμεν
1457 2740 1567 2807 ;,Εί
1607 2738 1706 2809 μὲν
1735 2740 1914 2808 γυμνῇ

345 2840 413 2908 τῇ
454 2836 667 2907 θεότητι
719 2836 812 2889 τὸν
857 2836 924 2888 ὲκ
977 2832 1113 2887 Θεοῦ
1160 2830 1375 2903 Πατρδς
1422 2829 1701 2900 πεφηνότα
1746 2828 1917 2895 Λόγον

348 2926 574 2998 ἀφῖχθαι
606 2925 936 2996 πιστεύομεν
982 2925 1064 2987 είς
1106 2922 1258 2977 τόνδε
1285 2921 1377 2975 τὸν
1415 2920 1639 2991 κόσμον,
1669 2918 1917 2991 ἀνάρμο-

351 3036 473 3072 στον
508 3017 700 3088 κομιδῇ
739 3017 801 3070 τὸ
829 3016 1017 3087 χρῆμα
1053 3012 1228 3083 αὑτῷ·
1259 3014 1645 3084 προσκυνεῖται
1679 3010 1737 3063 δὲ
1778 3009 1917 3080 μᾶλ-

2089 2186 2187 2242 XII
2220 2205 2238 2239 ι
2282 2187 2388 2241 Vos
2423 2184 2663 2239 adoratis
2689 2198 2847 2254 quem
2885 2181 3139 2248 nescitis;
3165 2196 3265 2238 nos
3296 2183 3585 2239 adoramus

2018 2296 2178 2352 quem
2210 2281 2440 2344 scimus;
2475 2278 2599 2346 quia
2642 2277 2789 2331 salus
2819 2290 2885 2331 ex
2911 2274 3109 2330 Judmis
3136 2286 3218 2331 est
3246 2276 3313 2329 “.
3347 2297 3366 2329 ι
3418 2276 3581 2347 Obje-

2018 2372 2155 2427 cerit
2193 2371 2440 2425 fortassis
2490 2370 2576 2423 hic
2632 2366 2919 2437 quispiam,
2970 2365 3197 2420 alterum
3239 2368 3466 2425 adorare
3526 2370 3582 2424 iu

2017 2477 2323 2532 supremam
2382 2461 2525 2514 illam
2555 2459 2901 2525 divinamque
2952 2456 3111 2512 Verbi
3145 2467 3389 2512 naturam
3420 2460 3583 2515 mini-

2019 2568 2107 2608 me
2156 2553 2467 2607 convenire.
2502 2550 2558 2604 Si
2610 2563 2739 2618 ergo
2793 2548 3044 2604 Christus
3085 2564 3247 2604 verus
3292 2548 3431 2605 Deus
3480 2561 3583 2617 est,

2018 2647 2290 2717 quomodo
2336 2645 2477 2698 inter
2523 2659 2615 2697 eos
2662 2657 2782 2697 sese
2812 2651 3190 2706 connumerat,
3228 2642 3329 2710 qui
3355 2644 3584 2697 adorare

2021 2738 2252 2794 debent?
2281 2737 2669 2805 Quid,qu:eso,
2705 2736 2770 2789 ad
2804 2734 2944 2788 istud
2979 2733 3457 2803 respondebimus?
3522 2733 3585 2791 Si

2018 2829 2164 2883 enim
2202 2828 2293 2882 Dei
2320 2827 2498 2881 Patris
2530 2825 2763 2880 Verlmm
2789 2839 2910 2878 cum
2947 2824 3086 2876 nuda
3128 2824 3349 2892 solaque
3381 2824 3579 2878 divini-

2017 2927 2131 2974 tate
2163 2918 2216 2971 in
2251 2917 2509 2971 mundum
2552 2915 2875 2984 apparuisse
2906 2912 3200 2977 credimus,
3247 2913 3393 2965 nullo
3424 2915 3583 2967 modo

2021 3012 2249 3066 alterum
2284 3010 2512 3064 adorare
2559 3007 2633 3061 illi
2674 3006 2986 3062 conveniet.
3020 3004 3200 3075 Ipsum
3233 3020 3462 3073 namque
3489 3008 3586 3059 ad-

350 3110 461 3173 λον,
487 3086 632 3181 ἥπερ
656 3086 1015 3179 αήὺτδςὲτέρῳ
1056 3106 1363 3178 προσκυνεῖ.
1391 3105 1454 3157 Et
1476 3103 1533 3157 δὲ
1563 3101 1777 3173 μορφὴν
1801 3100 1920 3154 δού-

2021 3107 2210 3152 oratur
2260 3096 2462 3159 verius,
2531 3109 2691 3164 quam
2730 3093 2894 3147 alium
2953 3107 3327 3162 quemcunque
3375 3086 3584 3149 adorat.

352 3202 444 3254 λου
477 3200 676 3265 λαϐὼν,
709 3200 801 3254 καὶ
844 3199 946 3268 τῆς
973 3196 1385 3267 προσκυνούσης
1417 3192 1831 3263 ἀνθρωπότητος
1856 3190 1919 3244 τὸ

356 3296 552 3366 μέτρον
582 3294 682 3347 οὑκ
717 3292 1011 3362 ἀτιμάσας,
1038 3288 1441 3361 κεχρημάτικεν
1470 3286 1583 3349 υίὸς
1607 3282 1915 3353 ἀνθρώπου·

354 3388 388 3456 ἡ
421 3383 788 3456 προσκύνησις
826 3382 977 3434 ἐσται
1008 3380 1108 3449 τῆς
1138 3377 1478 3448 οἰκονομίας,
1508 3374 1601 3427 καὶ
1638 3373 1923 3444 πρέπουσα

359 3477 557 3547 μᾶλλον
595 3476 707 3537 τοῖς
737 3475 838 3543 τῆς
875 3469 1157 3532 κενώσεως
1202 3468 1442 3539 μέτροις,
1467 3467 1566 3519 οὑκ
1602 3465 1737 3534 αὑτῇ
1782 3461 1924 3516 κατὰ

358 3569 526 3638 μόνας
560 3568 629 3636 τῇ
670 3564 830 3633 φύσει
858 3561 961 3616 τοῦ·
981 3562 1176 3629 Λόγου.
1217 3560 1370 3612 Ἐπεὶ
1407 3557 1525 3621 πῶς
1558 3558 1622 3610 ὲκ
1647 3552 1756 3608 τῶν
1788 3555 1922 3606 Ἰου-

355 3658 517 3712 δαίων
558 3657 708 3710 ἐστὶν
751 3656 788 3726 ἡ
825 3653 1095 3725 σωτηρία;
1124 3650 1352 3721 Οὑγάρ
1392 3666 1497 3702 που
1529 3647 1663 3717 φαίη
1700 3661 1784 3708 τις
1831 3642 1922 3706 ἂν,

359 3747 493 3802 καθὸ
520 3748 721 3802 νοεῖται
759 3745 855 3799 καὶ
898 3742 1013 3796 ἐστι
1041 3740 1232 3809 Λόγος,
1267 3738 1329 3803 ἐξ
1359 3736 1628 3790 Ἰουδαίων
1662 3734 1925 3805 ὑπάρχειν

358 3841 518 3895 αὑτόν
538 3856 553 3870 ο
589 3837 725 3893 ἀλλά
764 3835 1005 3906 καθάπερ
1036 3832 1153 3886 ἐστὶ
1183 3834 1297 3895 τοῖς
1328 3832 1386 3885 ἐν
1420 3829 1584 3900 σαρκὶ
1612 3828 1707 3882 καὶ
1733 3826 1927 3896 αἵματι

359 3932 595 4000 γεγονὼς
632 3926 877 3995 ἀδελφὸς,
903 3924 993 3978 διά
1027 3940 1111 3975 τοι
1141 3920 1200 3975 τὸ
1228 3916 1578 3973 ἐπιλαϐέσθαι
1619 3914 1926 3986 σπέρματος

373 4022 644 4094 Ἀϐραάμ.
672 4014 767 4082 Εἷς
796 4014 893 4075 οὖν
921 4017 1031 4087 ἄρα
1062 4011 1317 4085 Χριστὸς,
1349 4009 1456 4064 κᾶν
1490 4008 1812 4078 προσκυνεῖν
1839 4003 1926 4056 Λέ-

360 4133 521 4186 γηται
546 4113 634 4168 διὰ
663 4122 693 4163 τι
721 4110 782 4165 τὸ
805 4107 1168 4179 ἀνθρώπινον,
1208 4101 1388 4156 καίτοι
1417 4100 1569 4171 παρά
1605 4097 1789 4168 πάσης
1828 4094 1929 4165 τῆς

326 4192 329 4197 ί
362 4209 588 4269 κτίσεως
624 4199 1094 4275 προσκυνούμενος
1119 4195 1195 4260 ὼς
1219 4193 1369 4258 Θεός.

433 4386 533 4441 ῙΓ’.
556 4403 575 4437 t
598 4382 719 4435 Ἔτι
733 4358 927 4452 μικρὸν
943 4374 1131 4448 χρόνον
1151 4372 1270 4444 μεθ’
1291 4370 1443 4441 ὑμῶν
1461 4368 1596 4437 εἰμι,
1618 4364 1713 4419 καὶ
1733 4361 1929 4431 ὑπάγω

2021 3188 2170 3254 Quod
2238 3186 2282 3240 si
2352 3185 2540 3239 formae
2577 3200 2737 3254 quam
2796 3190 3132 3253 susceperat,
3196 3183 3582 3252 humilitatem,

2020 3277 2403 3344 adnrantisque
2431 3286 2637 3328 natura:
2691 3272 3030 3328 conditiones
3086 3288 3192 3327 non
3240 3284 3574 3338 aversatum,

2024 3367 2258 3421 hominis
2280 3365 2419 3419 filius
2447 3363 2695 3419 effectum
2745 3371 2849 3429 est,
2882 3362 2990 3433 iam
3018 3378 3149 3417 sane
3195 3364 3438 3417 adoratio
3484 3364 3591 3418 dis-

2022 3456 2355 3528 pensationis
2383 3456 2582 3520 ordini,
2616 3454 3107 3522 exinanitionisque
3134 3454 3433 3507 conditioni
3454 3468 3588 3508 con-

2022 3559 2213 3620 gruet;
2254 3548 2408 3602 Verbi
2437 3557 2616 3601 autem
2647 3555 2853 3600 natura:
2875 3557 3120 3599 seorsum
3165 3558 3262 3612 per
3300 3559 3360 3599 se
3406 3545 3589 3598 consi-

2024 3641 2247 3705 derata‘,
2289 3652 2651 3708 nequaquam.
2685 3635 2817 3689 Nam
2850 3637 2954 3690 nisi
2983 3636 3085 3690 hoc
3134 3644 3425 3699 statuatur,
3453 3650 3591 3704 quo-

2027 3732 2186 3784 modo
2212 3728 2358 3784 salus
2384 3742 2448 3783 ex
2479 3726 2677 3782 Iudaeis
2717 3740 2840 3781 esse
2869 3725 3091 3793 intelligi
3149 3726 3359 3793 potest?
3390 3723 3579 3794 Neque

2025 3821 2167 3873 enim
2194 3820 2375 3873 dicere
2394 3818 2477 3872 fas
2506 3826 2608 3879 est,
2640 3816 2876 3870 Verbum
2908 3816 3205 3870 secundum
3233 3813 3374 3881 quod
3402 3829 3499 3883 per
3522 3829 3589 3869 se

2026 3904 2424 3966 consideratur,
2443 3917 2510 3957 ex
2537 3900 2737 3979 Iudaeis
2779 3914 2948 3955 esse:
3004 3908 3089 3953 est
3139 3909 3318 3953 autem
3358 3914 3423 3952 ex
3460 3898 3589 3965 illis,

2026 4006 2294 4067 quatenus
2327 4009 2513 4050 eorum
2571 3994 2662 4065 qui
2699 4006 2863 4047 carne
2911 4000 2965 4046 et
3004 3990 3268 4061 sanguine
3312 3998 3585 4055 constant,

2031 4090 2201 4144 frater
2223 4086 2473 4141 effectum
2503 4094 2605 4145 est,
2632 4083 2971 4153 Abrahmque
3002 4082 3195 4136 semini
3221 4082 3592 4150 coniunctum.

2029 4180 2184 4235 Unus
2220 4179 2400 4247 itaque
2421 4187 2503 4232 est
2530 4175 2801 4238 Christus,
2830 4173 2922 4242 qui
2950 4173 3165 4241 quidem
3195 4180 3252 4225 ut
3300 4172 3460 4225 homo
3500 4172 3595 4223 ad-

2029 4279 2184 4335 orat;
2210 4279 2270 4323 ut
2288 4276 2466 4322 autem
2487 4266 2648 4331 Deus,
2674 4264 2742 4318 ab
2762 4262 3010 4317 universa
3037 4270 3285 4314 creatura
3315 4261 3592 4313 aduratur.

2099 4359 2237 4413 XIII.
2285 4375 2305 4409 ι
2344 4356 2536 4413 Adhuc
2557 4354 2828 4409 modicum
2869 4364 3080 4419 tempus
3121 4351 3400 4405 vobiscum
3452 4366 3594 4415 sum,

363 4479 498 4550 πρὸς
533 4477 625 4529 τὸν
654 4443 1081 4543 πέμψαντάωμε.
1106 4485 1124 4517 ι
1155 4443 1273 4518 Ποῦ
1304 4462 1412 4532 γὰρ
1439 4460 1539 4512 οὑκ
1586 4456 1737 4509 ἔστιν
1777 4455 1806 4506 ὁ
1836 4452 1928 4506 τοῦ

2032 4463 2087 4509 ει
2122 4452 2257 4506 vado
2284 4451 2350 4505 ad
2379 4464 2502 4504 eum
2536 4448 2627 4517 qui
2656 4445 2801 4501 misit
2831 4445 3004 4499 me".
3039 4463 3057 4495 ι
3089 4444 3146 4498 Si
3180 4443 3478 4497 divinitatis
3501 4457 3598 4495 na-

363 4543 499 4621 Θεοῦ
529 4566 734 4633 Λόγος,
778 4562 827 4614 εί
873 4558 1073 4628 πληροῖ
1116 4554 1185 4608 τὰ
1225 4553 1403 4606 πάντα
1440 4550 1507 4620 τῇ
1539 4546 1639 4616 τῆς
1682 4543 1931 4612 θεότητος

365 4659 559 4729 φύσει;
590 4655 712 4718 Πῶς
757 4650 850 4707 οῦν
892 4650 1170 4721 πέμπεται
1213 4643 1367 4715 παρὰ
1394 4640 1489 4694 τοῦ
1530 4637 1778 4710 Πατρός;
1814 4634 1934 4697 πῶς

364 4753 421 4804 δὲ
467 4750 561 4804 καὶ
608 4746 807 4815 ὑπάγει
858 4743 995 4815 πρὸς
1027 4738 1221 4804 αὑτόν;
1262 4734 1469 4790 Οὐκοῦν
1506 4732 1782 4801 πέμπεται
1832 4726 1932 4798 μὲν

366 4841 723 4914 ἀνθρωπίνως
749 4836 892 4891 κατά
918 4850 983 4903 γε
1009 4833 1101 4886 τὸν
1129 4830 1230 4899 τῆς
1252 4823 1555 4894 ἀποστολῆς
1590 4821 1791 4893 τρόπον
1823 4818 1933 4914 *καὶ

366 4910 542 5005 λόγον,
574 4935 660 4987 ἵνα
695 4929 907 5001 κηρύξῃ
952 4924 1050 4995 μὲν
1083 4917 1446 4992 αἰχμαλώτοις
1475 4914 1687 4984 ἄφεσιν,
1715 4910 1934 4981 τυφλοῖς

365 5031 423 5085 δὲ
440 5002 758 5095 ἀνάϐλεψιν.
784 5019 1013 5086 ’Υπάγει
1039 5033 1102 5084 γε
1131 5015 1236 5085 μὴν
1261 5012 1397 5083 πρὸς
1420 5009 1512 5063 τὸν
1535 5005 1755 5076 Πατέρα
1778 5002 1931 5065 Θεὸν,

368 5122 469 5173 οὑκ
494 5121 575 5172 ἔτι
610 5115 753 5171 κατὰ
776 5111 864 5165 τὸν
892 5109 1005 5161 ῐσον
1035 5105 1255 5177 τρόπον,
1290 5102 1404 5156 ἀλλ’
1437 5095 1547 5153 οἷον
1573 5099 1631 5151 ἐν
1670 5095 1881 5165 σώματι
1906 5102 1929 5131 ι’

369 5212 733 5282 ἁναφοιτήσας
766 5207 847 5271 εἰς
871 5200 1121 5276 οὐρανὸν,
1150 5197 1238 5251 ἵνα
1266 5193 1407 5265 ὑπὲρ
1435 5192 1590 5263 ἡμῶν
1616 5186 1809 5243 ἑαυτὸν
1835 5186 1933 5256 ὲμ-

442 5368 486 5398 “
520 5362 683 5424 Ilebr.
726 5375 799 5425 vl,
826 5355 1021 5413 25-25.
1098 5352 1143 5384 "
1174 5350 1338 5405 IIebr.
1375 5362 1434 5413 ll,
1470 5345 1557 5399 18.
1633 5341 1679 5375 ’³
1712 5338 1874 5419 Ichr.
1903 5353 1933 5391 χ

2021 5345 2073 5390 4.
2165 5337 2212 5366 ⁸⁸
2236 5332 2394 5388 Joan.
2432 5346 2505 5397 tv,
2536 5330 2627 5385 22.
2702 5329 2747 5361 ”
2780 5327 2935 5383 Joan.
2967 5340 3064 5389 vn,
3086 5324 3176 5378 55.

373 5439 436 5503 I;
466 5435 596 5488 Luc.
642 5447 715 5496 tv,
752 5431 838 5486 I9.

2035 4555 2151 4599 tura
2184 4541 2368 4597 omnia
2400 4538 2611 4610 implet,
2650 4536 2763 4603 ubi,
2811 4551 3021 4607 quzeso,
3056 4535 3152 4589 Dei
3207 4532 3441 4588 Verbum
3492 4547 3597 4585 neu

2034 4633 2294 4690 exsistit?
2322 4632 2438 4700 Qua
2489 4630 2652 4701 igitur
2702 4629 2914 4684 ratione
2942 4628 3229 4681 mittitura
3268 4622 3466 4678 Patre?
3490 4623 3600 4677 Aut

2034 4740 2142 4796 quo
2166 4738 2379 4780 rursum
2413 4722 2576 4777 modo
2599 4720 2665 4775 ad
2688 4734 2810 4776 eum
2831 4716 3162 4774 revertitur?
3208 4715 3438 4769 Mittitur
3487 4714 3594 4767 ita-

2037 4831 2143 4885 que
2173 4813 2468 4869 secundum
2497 4810 2789 4866 humanam
2815 4817 3087 4869 naturam,
3118 4803 3412 4874 praedicare
3429 4803 3601 4872 capti-

2042 4907 2122 4961 vis
2149 4904 2546 4966 remissionem,
2573 4901 2728 4971 137
2761 4907 2818 4953 et
2860 4897 3021 4952 caacis
3073 4894 3464 4950 restitutionem
3516 4894 3600 4948 vi-

2040 5012 2133 5052 sus
2162 4996 2210 5028 ⁹⁶
2240 5013 2255 5051 :
2286 4995 2387 5050 hoc
2409 4994 2553 5048 enim
2611 4990 2889 5045 missionis
2946 4987 3091 5042 illius
3153 4985 3289 5039 ratio
3314 4996 3368 5038 et
3413 4984 3602 5039 modus

2039 5087 2311 5159 exigebat.
2345 5084 2450 5139 Sed
2482 5092 2539 5137 et
2567 5083 2708 5137 idem
2748 5093 2962 5149 quoque
2992 5076 3138 5130 vadit
3193 5074 3257 5127 ad
3305 5076 3468 5128 Deum
3497 5074 3599 5127 Pa-

2032 5192 2215 5243 trem:
2248 5190 2435 5232 verum
2467 5188 2575 5230 non
2597 5173 2712 5244 pari
2740 5170 2961 5226 omnino
3007 5168 3184 5222 modo.
3239 5164 3401 5220 Vadit
3456 5166 3601 5219 enim

3284 5322 3329 5370 ’β
3356 5320 3460 5377 Isa.
3492 5335 3604 5385 ut,

1467 5565 1637 5620 ιλιι-ιω
1669 5565 1924 5620 lectiones
1950 5560 2154 5617 codicis
2182 5554 2542 5628 Seguieriani.

448 5735 476 5775 ι)
505 5720 771 5789 ἐξουσίαν.
847 5727 874 5766 (ι
905 5714 1065 5767 κατά.
1146 5720 1167 5749 τ
1200 5711 1260 5762 ἐκ
1290 5706 1558 5777 σώματος.
