4132 6480
314 399 457 459 1555

1133 399 1224 455 ΑΙ)
1262 396 1563 456 REGINAS
1603 396 1688 451 DE
1727 395 1956 451 RECTA
1994 394 2150 451 FIDE
2188 395 2448 452 ORATIO
2487 395 2784 451 ALTERA.

3430 392 3567 450 1554

315 510 604 587 μαρτυρεῖ,
638 509 767 581 περὶ
798 507 953 581 ἐμοῦ.
981 527 999 562 ›
1034 510 1099 563 Τί
1137 511 1200 582 δὴ
1230 512 1336 582 ἄρα
1381 511 1488 565 κάν
1517 508 1692 580 τούτῳ
1723 508 1889 579 φασὶν

2001 506 2285 575 perhibent
2312 506 2379 561 de
2410 522 2497 561 me
2524 507 2570 561 '.
2614 525 2631 557 ι
2666 505 2870 573 Ecquid
2925 505 3033 567 hic,
3067 519 3288 573 qumso,
3358 506 3563 572 dicunt,

310 609 361 661 οἱ
399 603 726 678 διορίζοντες
766 602 994 673 ἀμαθῶς
1029 605 1108 666 είς
1147 603 1279 657 υίῶν
1317 603 1509 665 δυάδα,
1542 602 1637 655 καὶ
1680 603 1761 664 εἰς
1796 599 1891 654 δύο

310 699 618 769 Χριστοὺς,
662 697 753 750 τὸν
800 695 897 750 ἓνα
938 695 1141 769 Κύριον
1178 696 1385 766 Ἰησοῦν
1430 695 1705 767 Χριστόν;
1754 694 1892 765 Περὶ

310 791 455 852 τίνος
485 789 721 857 ἔφασκον
742 788 791 841 οἱ
824 788 1098 842 Ἰουδαῖοι·
1131 808 1148 839 ι
1174 790 1236 841 Εἰ
1266 790 1329 842 σὺ
1358 782 1410 841 εἴ
1434 792 1462 843 6
1486 789 1740 859 Χριστὸς,
1768 787 1889 841 είπὲ

311 882 446 951 ἡμῖν
476 879 797 951 παρρησίας
830 897 848 931 ι
880 880 976 942 Τίς
1000 878 1057 932 δὲ
1080 882 1107 933 6
1132 879 1338 948 λέγων’
1372 900 1390 932 ι
1419 881 1500 933 Τὰ
1537 880 1692 949 ἔργα,
1722 877 1756 933 ἃ
1783 876 1894 945 ἐγὼ

313 970 454 1023 ποιῶ
490 971 546 1023 ὲν
578 969 657 1038 τῷ
699 969 920 1040 ὀνόματι
953 969 1045 1023 τοῦ
1100 971 1310 1042 Πατρός
1360 988 1485 1041 μου,
1529 968 1701 1023 ταῦτα
1750 986 1893 1040 μαρ-

312 1063 470 1133 τυρεῖ
506 1061 635 1132 περὶ
676 1060 845 1131 ὲμοῦ;
879 1081 896 1111 ι
932 1061 1091 1126 Τίνος
1124 1059 1261 1116 εἶναί
1299 1081 1483 1134 φαμεν
1515 1062 1645 1116 ίδιον
1672 1061 1892 1130 Πατέρα

311 1154 407 1206 τὸν
443 1152 610 1220 Θεόν;
658 1147 768 1222 ἆρα
817 1153 910 1206 τοῦ
947 1155 1009 1206 ἐκ
1043 1155 1301 1221 γυναικὸς
1348 1154 1452 1208 ἀνὰ
1506 1155 1672 1226 μέρος
1704 1172 1763 1207 τε
1802 1156 1894 1207 καὶ

314 1246 501 1309 ίδικῶς
539 1245 832 1316 νοουμένου
852 1285 866 1310 ,
895 1247 928 1318 ἦ
960 1246 1052 1300 τοῦ
1093 1245 1464 1316 Μονογενοῦςς
1498 1247 1690 1302 Καίτοι
1722 1248 1783 1300 τὸ
1812 1247 1897 1300 δύ-

311 1338 508 1392 νασθαι
542 1337 842 1409 κατορθοῦν
879 1337 948 1391 τὰ
980 1338 1078 1407 τῆς
1113 1339 1366 1410 θεότητος
1399 1339 1557 1411 ἔργα,
1600 1339 1798 1409 πρέποι
1827 1337 1895 1391 ἂν
1928 1358 1931 1361 η

311 1430 413 1482 ούκ
437 1428 754 1501 ἀνθρωπεία
778 1428 937 1496 φύσει
971 1430 1164 1484 ποθέν·
1193 1432 1388 1485 πολ),οῦ
1415 1450 1479 1501 γε
1518 1433 1645 1488 δεῖν.
1676 1430 1893 1503 Ἐπειδὴ

310 1521 370 1574 δὲ
401 1520 639 1592 ἐπλήρου
683 1521 916 1591 Χριστὸς
944 1522 1014 1575 τὰ
1044 1521 1181 1593 ἔργα
1221 1523 1319 1576 τοῦ
1370 1524 1616 1596 Πατρὸς,
1660 1526 1762 1578 ούκ
1800 1526 1891 1579 ἄνα

313 1610 532 1680 θρωπος
567 1608 633 1663 ἂν
667 1612 840 1662 νοοῖτο
882 1610 1066 1679 ψιλὸς,
1106 1610 1237 1674 Θεὸς
1270 1611 1327 1664 δὲ
1366 1613 1567 1682 μᾶλλον
1608 1614 1666 1665 ὲν
1699 1614 1895 1684 αἵματι

313 1700 409 1755 καὶ
440 1699 621 1771 σαρκὶ,
660 1699 986 1770 μεμενηκὼς
1016 1702 1154 1773 ὅπερ
1178 1698 1267 1774 ἦν.
1303 1704 1641 1775 Ἰσουργήσει
1672 1705 1779 1775 γὰρ
1806 1705 1898 1758 οῦ-

312 1810 421 1856 τως
468 1790 604 1859 ἔχων
632 1791 712 1860 τῷ
763 1791 878 1862 ίδίῳ
911 1793 1201 1865 Γεννήτορι
1226 1809 1241 1826 ο
1282 1796 1375 1847 καὶ
1408 1794 1498 1848 τὸν
1538 1795 1632 1849 τοῦ
1686 1814 1894 1867 μυστη-

1993 599 2086 667 qtti
2137 613 2304 651 unum
2341 597 2629 651 Dominum
2682 610 2924 649 nostrum
2967 594 3150 649 Jesnm
3205 594 3480 669 Christum
3514 598 3565 649 in

1992 690 2126 745 duos
2159 688 2320 754 tilios,
2350 688 2682 756 totidemque
2740 685 2991 739 Christos
3047 686 3207 739 stulte
3272 685 3569 739 divellunt?

1994 780 2069 835 De
2096 789 2220 835 utro
2239 779 2407 835 Judaei
2451 779 2700 834 aiebant:
2764 795 2782 827 ι
2819 776 2874 830 Si
2936 785 2988 828 tu
3040 791 3098 830 es
3146 775 3415 839 Christus,
3477 776 3569 831 dic

1995 871 2149 925 nobis
2185 871 2394 939 palam?
2419 890 2437 922 ι
2508 868 2640 924 liter
2675 882 2890 921 rursum
2955 865 3170 919 illorum
3201 864 3565 933 praedicabat:

1998 981 2018 1015 ι
2054 961 2231 1033 Opera
2260 977 2382 1033 qua:
2419 976 2519 1031 ego
2551 959 2694 1015 facio
2726 959 2801 1039 _in
2834 956 3055 1011 nomine
3084 956 3263 1011 Patris
3297 959 3420 1022 mei,
3478 958 3566 1011 illa

1994 1053 2367 1108 testimonium
2396 1050 2685 1120 perhibent
2712 1048 2776 1103 de
2812 1047 2932 1101 me?
2958 1066 2975 1098 ι
3014 1044 3200 1101 Utrius
3228 1048 3440 1099 tandem
3473 1046 3572 1100 Pa-

1996 1150 2131 1195 trem
2156 1141 2321 1196 Deum
2352 1155 2474 1196 esse
2520 1137 2860 1195 statuemus?
2890 1137 3078 1206 ejusne
3114 1137 3205 1206 qui
3238 1151 3304 1190 ex
3346 1136 3572 1190 muliere

1994 1245 2172 1288 ortum
2205 1234 2373 1296 ducit,
2430 1242 2489 1286 ut
2523 1247 2768 1288 seorsum
2804 1245 2901 1299 per
2929 1246 2988 1286 se
3020 1229 3204 1285 animo
3230 1227 3570 1296 concipitur,

1996 1342 2065 1381 an
2120 1342 2251 1381 vero
2305 1326 2476 1396 ipsius
2504 1324 2822 1394 Unigeniti‘l
2868 1324 3029 1393 Atqui
3071 1322 3253 1377 divina
3299 1335 3463 1391 opera
3519 1321 3569 1374 vi

1996 1418 2210 1487 propria
2247 1426 2484 1486 patrare,
2514 1432 2601 1472 res
2626 1426 2847 1485 estquae
2869 1416 3119 1469 humanae
3155 1424 3365 1467 natura:
3402 1411 3569 1477 vires,

1996 1509 2347 1578 ejusdemque
2394 1508 2711 1563 facultatem
2777 1506 2932 1576 longe
2984 1506 3320 1574 multumque
3382 1502 3569 1557 vincit.

1998 1601 2133 1667 Quia
2154 1616 2282 1671 ergo
2306 1600 2553 1655 Christus
2582 1601 2768 1656 eadem
2795 1614 2914 1669 quae
2938 1597 3103 1653 Pater
3132 1612 3294 1666 Opera
3325 1595 3577 1664 perﬁcie-

1999 1697 2125 1760 bat,
2162 1696 2349 1763 utique
2380 1709 2486 1749 non
2510 1703 2627 1749 erat
2646 1709 2813 1764 purus
2860 1693 3047 1757 homo,
3104 1691 3198 1745 sed
3230 1690 3371 1743 Deus
3416 1703 3579 1743 carne

2000 1785 2335 1855 etsanguine
2362 1785 2612 1851 vestitus,
2641 1794 2702 1838 ut
2731 1784 2976 1854 profecto
3004 1789 3247 1835 maneret
3267 1780 3410 1848 quod
3433 1789 3577 1832 erat.

318 1885 435 1956 ρίου
483 1880 639 1950 λόγον
678 1862 1161 1956 καταμωμήσαιτο*
1196 1884 1263 1939 ἂν
1292 1887 1468 1950 οὐδεὶς
1508 1887 1617 1940 τῶν
1658 1862 1717 1941 εύ
1766 1862 1899 1960 φρο-

2001 1877 2081 1932 Ad
2115 1880 2259 1932 hunc
2282 1891 2414 1946 ergo
2439 1876 2656 1932 modum
2707 1874 2958 1938 aftectus,
3010 1873 3159 1942 paria
3188 1887 3311 1926 eum
3344 1886 3443 1925 suo
3473 1870 3579 1925 Ge-

315 1976 572 2036 νούντων.

386 2242 503 2309 ις’.
528 2258 546 2291 ι
568 2239 643 2292 Τὸ
664 2238 722 2292 δὲ
748 2238 962 2293 παιδίον
988 2236 1210 2309 ηὔξανε,
1239 2237 1334 2290 καὶ
1362 2235 1719 2308 ἐκραταιοῦτο
1736 2236 1900 2289 πνεύ-

318 2350 447 2403 ματι
470 2373 483 2397 ,
534 2329 908 2401 πληρούμενον
944 2329 1135 2399 σοφίας
1158 2346 1173 2361 ⁸
1207 2330 1300 2382 καὶ
1337 2328 1497 2400 χάρις
1538 2328 1671 2381 Θεοῦ
1703 2324 1769 2399 ἦν
1812 2329 1899 2380 ἐπ’

313 2424 517 2495 αύτῷ.»
552 2424 661 2478 Καὶ
690 2423 884 2477 πάλιν·
918 2441 937 2473 ‹
967 2422 1173 2492 Ἰησοῦς
1211 2421 1549 2493 προέκοπτεν
1583 2421 1772 2493 ἡλικίᾳ
1808 2420 1901 2473 καὶ

316 2518 479 2588 σοφίᾳ
501 2517 596 2571 καὶ
620 2516 800 2587 χάριτι
828 2514 981 2587 παρὰ
1002 2514 1122 2585 Θεῴ
1148 2515 1243 2568 καὶ
1268 2513 1624 2583 ἀνθρώποις.»
1655 2514 1790 2567 "Eva
1816 2514 1898 2566 λέ-

312 2627 499 2679 γοντες
529 2609 619 2662 τὸν
651 2608 853 2680 Κύριον
880 2607 1039 2679 ἡμῶν
1074 2606 1277 2677 Ἰησοῦν
1313 2607 1568 2679 Χριστὸν,
1612 2607 1706 2660 καὶ
1757 2606 1903 2676 αύτῷ

313 2700 711 2773 προσνέμοντες
752 2700 822 2752 τά
858 2716 919 2752 τε
958 2698 1273 2769 ἀνθρώπινα
1303 2701 1398 2752 καὶ
1449 2698 1759 2767 θεοπρεπῆ,
1792 2701 1903 2761 τοῖς

318 2792 419 2864 μὲν
463 2793 563 2863 τῆς
618 2791 900 2855 κενώσεως
949 2791 1168 2863 μέτροις
1196 2790 1429 2862 πρέπειν
1477 2791 1690 2862 ἀληθῶς
1721 2791 1901 2845 διαϐε-

316 2880 618 2952 ϐαιούμεθα
646 2882 704 2934 τό
728 2898 787 2933 τε
810 2880 908 2953 τὴν
938 2882 1255 2951 σωματικὴν
1277 2880 1503 2953 αῦξησιν
1533 2882 1900 2951 ἐπιδέχεσθαι,

314 2974 411 3027 καὶ
459 2971 564 3042 μὴν
619 2972 712 3025 καὶ
753 2972 817 3023 τὸ
866 2970 1290 3041 κραταιοῦσθαι,
1344 2973 1454 3024 τῶν
1506 2973 1600 3026 τοῦ
1652 2973 1903 3041 σώματος

315 3065 695 3138 ἁδρυνομένων
738 3066 942 3136 μορίων
983 3064 1127 3119 κατὰ
1188 3065 1361 3137 βραχύ
1388 3080 1401 3095 ·
1442 3067 1537 3120 καὶ
1571 3066 1703 3120 αὐτὸ
1741 3067 1797 3119 δὲ
1842 3067 1902 3120 τὸ

315 3158 491 3212 δοκεῖν
539 3157 879 3228 πληροῦσθαι
931 3157 1157 3227 σοφίας,
1215 3158 1303 3212 διά
1347 3174 1411 3227 γε
1443 3158 1506 3211 τὸ
1548 3158 1711 3211 οἱονεὶ
1762 3158 1899 3229 πρὸς
1927 3192 1971 3254 C

316 3255 554 3309 ἐπίδοσιν
587 3257 653 3326 τῇ
682 3254 775 3308 τοῦ
807 3253 1054 3324 σώματος
1087 3254 1276 3325 ἡλικίᾳ
1311 3253 1771 3325 πρεπωδεστάτην
1800 3254 1898 3325 τῆς

316 3349 545 3419 ὲνούσης
615 3347 763 3417 αὐτῷ
825 3347 1013 3415 σοφίας
1084 3347 1384 3417 ἀναφοιτᾷν
1438 3345 1534 3417 τὴν
1595 3345 1895 3413 ἐκφανσιν·

317 3443 413 3495 καὶ
442 3441 598 3494 ταυτὶ
636 3441 752 3510 μὲν,
784 3439 858 3501 ὡς
899 3439 1054 3509 ἔφην,
1085 3442 1151 3509 τῇ
1205 3438 1343 3509 μετὰ
1378 3438 1578 3508 σαρκὸς
1618 3438 1900 3508 οἰκονομίᾳ

318 3532 520 3601 πρέποι
557 3515 642 3596 διν,
675 3530 767 3583 καὶ
808 3532 920 3592 τοῖς
962 3530 1062 3599 τῆς
1092 3529 1340 3598 ύφέσεως
1370 3528 1609 3599 μέτροις.
1639 3529 1718 3599 Τῇ
1749 3528 1804 3580 δέ
1835 3545 1898 3596 γε

319 3623 475 3694 φύσει
498 3623 588 3677 τοῦ
605 3623 777 3691 Λόγου
803 3622 1003 3694 πρέποι
1027 3622 1092 3675 ἂν
1117 3622 1278 3675 πάλιν
1298 3621 1360 3674 τὸ
1381 3621 1468 3674 ἀεὶ
1489 3621 1709 3683 τελείως
1730 3620 1896 3691 ἔχειν,

318 3716 413 3771 καὶ
451 3717 589 3770 εἶναι
640 3707 850 3785 σοφίαν.
879 3713 1053 3767 Αὑτοῦ
1102 3711 1391 3784 τοιγαροῦν
1440 3713 1797 3783 ἀνθρωπίνως
1839 3713 1900 3765 τὸ

318 3808 394 3871 ὼς
426 3808 483 3860 ὲν
511 3805 735 3860 κενώσει
763 3806 923 3876 τυχὸν
957 3804 1275 3874 ύφειμένοψ
1309 3802 1474 3857 αὐτοῦ
1507 3803 1563 3856 δὲ
1597 3804 1799 3873 ὁμοίως
1833 3802 1901 3856 τὰ

319 3898 620 3968 θεοπρεπῆ,
651 3897 863 3961 θεῖκῶς.
891 3897 949 3951 Ὀ
979 3896 1087 3967 γάρ
1115 3914 1178 3949 το
1227 3896 1322 3967 τῆς
1362 3896 1498 3965 μετὰ
1521 3895 1723 3965 σαρκὸς
1756 3898 1900 3948 οἰκο-

319 3987 512 4059 νομίας
544 3987 745 4061 τρόπος
777 4004 836 4040 τε
882 3987 977 4041 καὶ
1021 3987 1176 4055 λόγος
1225 3983 1363 4039 οἶδεν
1397 3986 1526 4039 ὄντα
1573 3986 1735 4038 αὑτὸν
1777 3984 1897 4037 καθ’

316 4084 484 4155 ἡμᾶς,
516 4082 611 4135 καὶ
639 4081 778 4152 ὑπὲρ
811 4082 977 4151 ἡμᾶς.
996 4079 1362 4149 ’Υπερέχοντα
1396 4078 1495 4147 μὲν
1520 4077 1629 4129 τῶν
1658 4077 1753 4146 τῆς
1789 4077 1900 4128 κτί-

321 4190 458 4237 σεως
488 4173 700 4244 μέτρων
732 4171 807 4235 ὡς
835 4171 993 4223 Θεόψ
1026 4169 1219 4224 ἑαυτοῦ
1251 4169 1307 4223 δέ
1339 4187 1453 4233 πως
1490 4169 1772 4240 μονονουχὶ
1807 4169 1900 4221 καὶ

318 4264 653 4337 ἡττώμενον,
683 4264 820 4318 καθὸ
853 4263 1095 4335 πέφηνεν
1124 4262 1429 4335 ἄνθρωπος.
1458 4264 1568 4317 Ποῦ
1598 4263 1704 4335 γὰρ
1735 4265 1766 4333 ὴ
1802 4280 1897 4316 τα-

318 4357 597 4420 πείνωσις,
639 4356 709 4428 ἢν
754 4356 1043 4426 ὑπέμεινεν
1074 4354 1234 4419 ἑκὼν,
1266 4356 1315 4409 εί
1345 4358 1661 4426 παραιτοῖτο
1693 4354 1762 4407 τὰ
1802 4356 1898 4407 ἀν-

319 4448 605 4522 θρώπινας
650 4449 797 4518 Πλὴν
838 4448 938 4501 οὐκ
976 4448 1033 4500 ὲν
1072 4449 1253 4511 αὐτοῖς
1290 4448 1322 4518 ἡ
1374 4447 1467 4501 τοῦ
1501 4446 1661 4515 λόγου
1698 4450 1897 4499 νοεῖται

2004 1970 2175 2020 nitore
2203 1968 2479 2036 praestabit
2511 1985 2525 2021 :
2569 1966 2920 2037 mysteriique
2943 1964 3103 2033 hujus
3127 1964 3266 2017 ratio
3303 1964 3372 2017 ita
3403 1963 3578 2032 expli-

2002 2066 2144 2125 cata,
2183 2060 2614 2128 reprehensione
2674 2059 2817 2129 apud
2879 2072 3026 2113 sana:
3086 2056 3284 2110 mentis
3332 2056 3582 2110 homines

1980 2162 2176 2206 ‘vaeat.

2072 2242 2213 2298 XVI.
2262 2263 2280 2295 ι
2327 2242 2468 2297 Puer
2491 2252 2672 2296 autem
2704 2226 3007 2305 crescebat,
3063 2248 3116 2293 et
3164 2239 3583 2294 contortabatur

2003 2337 2226 2402 spiritu,
2284 2336 2475 2404 plenus
2528 2333 2834 2403 sapientia;
2882 2341 2940 2387 et
2986 2332 3160 2401 gratia
3208 2330 3299 2385 Dei
3356 2340 3475 2385 erat
3525 2330 3579 2385 in

2007 2427 2169 2495 illo“;
2208 2446 2226 2479 ι
2263 2437 2319 2481 et
2356 2426 2495 2481 infra
2531 2444 2543 2480 :
2585 2444 2603 2477 ι
2638 2424 2796 2480 Jesus
2850 2424 3165 2494 proﬁciebat
3209 2424 3473 2491 sapientia
3522 2432 3579 2476 et

2005 2530 2165 2576 aetate
2193 2520 2437 2590 etgratia
2471 2519 2613 2588 apud
2648 2518 2814 2573 Deum
2843 2528 2898 2573 et
2928 2518 3175 2572 homines
3190 2517 3267 2570 ⁷.»
3296 2517 3581 2571 Dominum

2004 2622 2247 2668 nostrum
2273 2612 2455 2668 Jesum
2488 2611 2767 2667 Christum
2812 2624 2980 2664 unum
3034 2610 3257 2663 omnino
3289 2621 3409 2662 esse
3439 2605 3583 2659 aﬂir-

2005 2715 2236 2768 mantes,
2271 2706 2615 2773 humanaque
2640 2716 2704 2755 ae
2736 2702 2916 2755 divina
2948 2716 3013 2755 ex
3073 2716 3229 2769 aequo
3280 2698 3456 2753 eidem
3483 2696 3581 2752 tri-

2003 2794 2252 2860 buentes,
2283 2794 2643 2849 exinanitioni
2678 2792 2896 2863 quidem
2951 2806 3079 2845 vere
3108 2792 3400 2845 convenire
3431 2804 3582 2845 asse-

2004 2888 2175 2941 rimus
2198 2902 2319 2941 cum
2348 2887 2592 2956 corporei
2630 2885 2950 2940 incrementi
3003 2885 3427 2952 susceptionem,
3464 2893 3578 2935 tunt

2004 2980 2445 3048 eorpuleotarum
2470 2993 2685 3047 quoque
2713 2977 2948 3045 partium
2991 2976 3358 3030 suceessivam
3391 2989 3582 3028 conso-

2004 3072 2316 3126 lidationem
2343 3080 2398 3126 et
2433 3070 2936 3131 conﬁrmationem;
2961 3068 3092 3133 Itum
3127 3068 3227 3121 hoc
3277 3065 3451 3134 ipsum
3490 3064 3581 3119 de-

2006 3163 2188 3232 nique,
2224 3161 2365 3231 quod
2402 3161 2667 3229 sapientia
2717 3157 2926 3226 impleri
2981 3157 3294 3211 videretur:
3332 3155 3581 3225 quando-

2002 3256 2218 3324 quidem
2247 3267 2353 3307 una
2375 3268 2495 3307 cum
2523 3253 2858 3306 incremento
2885 3249 3131 3318 corporis
3155 3264 3251 3317 per
3275 3263 3582 3317 congruen-

2002 3355 2083 3402 tes
2106 3347 2271 3401 veluti
2317 3359 2657 3415 pregressus,
2704 3343 2964 3411 sapientia
3017 3341 3161 3395 illius
3199 3341 3441 3409 quotidie
3470 3355 3584 3393 tua-

2002 3440 2085 3510 gis
2130 3441 2411 3508 magisque
2444 3438 2574 3490 foris
2612 3450 2731 3490 sese
2756 3435 3038 3503 prodebat.
3073 3433 3137 3486 Et
3171 3434 3284 3487 luce
3333 3432 3583 3500 quidem,

2002 3543 2061 3585 ut
2095 3531 2226 3595 dixi,
2255 3530 2435 3584 carnis
2465 3530 2879 3598 dispensationi,
2925 3528 3085 3598 139
3145 3537 3198 3581 et
3256 3527 3584 3582 humiliatio-

2006 3626 2091 3678 nis
2143 3623 2439 3677 conditioni
2494 3622 2891 3689 competebant.
2942 3622 3011 3673 At
3080 3635 3209 3673 vero
3263 3630 3578 3686 perpetuam

2001 3725 2455 3784 constantetnque
2488 3714 2877 3782 perfectionem
2917 3712 3187 3776 obtinere,
3230 3728 3439 3767 necnon
3491 3728 3582 3767 sae

2003 3810 2258 3881 pientiam
2321 3822 2464 3873 esse,
2495 3808 2546 3861 id
2603 3809 2654 3859 in
2692 3807 2863 3876 ipsius
2912 3804 3075 3860 Verbi
3132 3818 3381 3859 naturam
3447 3821 3576 3875 qna-

2003 3907 2143 3958 drat.
2179 3900 2308 3955 Tam
2343 3916 2404 3956 ea
2442 3901 2609 3970 igitur
2641 3900 2784 3953 illius
2816 3909 2941 3954 sunt
2974 3913 3093 3969 qua:
3148 3901 3212 3952 ad
3248 3900 3578 3952 exinanitio-

2003 4011 2124 4049 nem
2160 3995 2449 4062 pertinent,
2477 4008 2639 4062 quam
2698 4007 2758 4044 ea
2829 4006 3070 4055 rursum,
3120 4006 3239 4060 quae
3278 3991 3342 4044 ad
3383 3991 3583 4046 divinae

2002 4098 2207 4143 natura)
2236 4087 2610 4141 excellentiam
2640 4095 2907 4155 spectant.
2943 4086 3153 4139 Etenim
3186 4087 3322 4139 ratio
3352 4088 3578 4141 modus-

2003 4197 2107 4251 que
2172 4179 2589 4250 dispensationis
2646 4194 2767 4233 eum
2817 4193 2981 4233 carne
3017 4180 3265 4233 etnndem
3321 4188 3374 4233 et
3423 4180 3578 4233 nobis

2002 4278 2256 4342 similem,
2314 4285 2368 4332 et
2423 4277 2576 4331 nobis
2636 4292 2851 4332 rursum
2918 4274 3251 4343 superiorem
3309 4276 3575 4341 agnoscit.

2001 4368 2628 4437 Quemadmodumenim
2664 4371 2839 4423 omnis
2879 4377 3142 4423 creaturzc
3209 4367 3575 4420 conditionem

2003 4460 2186 4514 multis
2229 4459 2475 4528 partibus
2520 4457 2734 4512 etcellit
2769 4465 2826 4511 ut
2862 4456 3036 4520 Deus;
3078 4456 3150 4510 ita
3181 4466 3239 4510 ut
3291 4458 3449 4510 homo
3486 4472 3577 4511 se.

319 4542 509 4611 φύσις,
552 4539 847 4594 οἰκειοῦται
886 4540 942 4592 δὲ
997 4538 1198 4609 μᾶλλον
1250 4540 1389 4593 αὐτὰ
1441 4541 1575 4609 μετᾶ
1610 4539 1708 4608 τῆς
1761 4540 1895 4601 ίδίας

2004 4552 2229 4620 metipso
2260 4551 2657 4620 quodammodo
2682 4549 3112 4604 minorexsistit.
3134 4546 3403 4613 Quorsum
3430 4549 3573 4601 enim

320 4631 549 4703 σαρκός·
580 4630 831 4701 καθάπερ
877 4629 1068 4695 ἀμέλει
1102 4630 1196 4683 καὶ
1237 4631 1297 4683 τὸ
1343 4634 1532 4701 πεινῇν
1582 4633 1675 4685 καὶ
1710 4630 1889 4701 διψῇν,

318 4723 424 4777 καὶ·
438 4722 497 4774 τὸ
527 4720 777 4789 λέγεσθαι
804 4724 1001 4790 καμεῖν
1032 4724 1096 4775 ὲκ
1123 4721 1223 4790 τῆς
1247 4722 1571 4794 ὁδοιπορίας.
1603 4724 1771 4775 Ὅταν
1802 4719 1895 4776 οὖν

322 4816 525 4889 ἀκούῃς
553 4832 565 4842 ’
604 4834 622 4867 ι
653 4815 726 4868 Τὸ
762 4814 819 4867 δὲ
868 4814 1078 4866 παιδίον
1126 4813 1360 4883 ηὔξανε,
1406 4815 1497 4868 καὶ
1539 4815 1897 4883 ἐκραταιοῦτο

320 4907 609 4978 πνεύματι,
642 4906 1016 4976 πληρούμενον
1046 4904 1265 4972 σοφίας·
1302 4924 1318 4952 ι
1353 4905 1505 4975 δέχου
1535 4907 1667 4976 πρὸς
1702 4905 1893 4959 ἀπολοο

319 5001 443 5070 γίαν
472 5001 570 5071 τῆς
603 4998 740 5069 μετὰ
770 4995 969 5067 σαρκὸς
992 4996 1306 5065 οἰκονομίας
1333 4999 1396 5050 τὸ
1424 4999 1739 5069 μυστήριον.
1769 4997 1893 5049 Ὅτι

319 5092 430 5163 γὰρ
457 5087 525 5163 ἦν
566 5090 699 5155 Θεὸς
736 5091 793 5142 ὲν
829 5089 1027 5160 σαρκὶ,
1064 5086 1396 5143 πιστώσεται
1443 5090 1614 5159 λέγων
1671 5089 1897 5163 αὐτὸς-ὁ

324 5109 430 5163 γαρ
457 5110 525 5163 ην
566 5109 699 5155 υεος
736 5109 793 5142 εν
829 5109 1027 5160 σαρκι,
1064 5109 1396 5143 πιστωσεται
1444 5109 1614 5159 ’.εγων
1671 5109 1802 5144 αυτο
1870 5109 1896 5143 ο

324 5186 590 5257 μακάριος
632 5182 1024 5252 εύαγγελιστὴς
1051 5200 1065 5215 ο
1110 5203 1127 5233 ι
1161 5183 1280 5235 Ὀτι
1331 5184 1487 5254 χάρις
1524 5184 1657 5238 Θεοῦ
1693 5181 1760 5256 ἦν
1792 5109 1896 5238 ἐπ’

321 5277 488 5347 αὐτῷ.
515 5296 532 5328 ι
562 5278 636 5329 Ού
665 5276 775 5349 γὰρ
800 5277 875 5339 ὡς
906 5277 1064 5345 χάριν
1093 5276 1212 5346 ἔχον
1239 5277 1368 5347 παρ’
1392 5276 1579 5347 ἑτέρου
1608 5277 1763 5341 Θεοῦ,
1798 5278 1897 5346 χά-

325 5387 407 5443 ριν
443 5369 587 5440 ἔχειν
616 5370 833 5437 λέγεται
867 5369 1024 5432 Θεοῦ,
1055 5368 1167 5421 ἁλλ’
1194 5370 1276 5422 ὅτι
1316 5370 1475 5439 χάριν
1520 5365 1631 5440 εἶχε
1672 5369 1732 5422 τὸ
1763 5387 1895 5423 παι-

320 5458 452 5523 δίον,
482 5460 627 5529 ἥπερ
656 5458 721 5511 ἂν
753 5458 938 5528 πρέπῃ
978 5458 1116 5528 Θεῷ.
1154 5458 1261 5510 Καὶ
1291 5459 1399 5527 γὰρ
1442 5453 1510 5527 ἦν
1544 5476 1599 5510 τε
1636 5460 1729 5511 καὶ
1777 5459 1891 5512 ἔστι

321 5550 448 5613 Θεὸς
474 5552 502 5603 ὁ
530 5550 722 5615 Λόγος,
757 5548 852 5602 καλ¹
880 5550 938 5601 ὲν
977 5550 1141 5621 σαρκὶ
1178 5548 1457 5619 πεφηνὼς,
1494 5550 1773 5603 τουτέστιν
1804 5552 1893 5605 ἄν-

322 5640 535 5716 ερωπος
570 5642 688 5695 καθ’
719 5642 885 5712 ἡμᾶς.
936 5642 997 5695 El
1045 5641 1099 5693 δὲ
1148 5641 1210 5713 δὴ
1259 5641 1469 5709 λέγοιτο
1520 5642 1678 5714 χάριν
1724 5643 1889 5713 ἔχειν,

394 5816 416 5850 ³
448 5816 605 5874 Joan.
656 5831 710 5881 ι,
763 5814 854 5879 5M,
902 5812 994 5867 25.
1070 5815 1090 5845 ⁸
1124 5816 1251 5872 Luc.
1285 5833 1343 5883 tt,
1386 5818 1474 5875 40.
1553 5820 1572 5851 '
1607 5819 1736 5875 ibid.
1792 5821 1881 5877 52.

636 5908 909 5973 PA'mon.
956 5912 1065 5972 Gn.
1114 5909 1365 5969 LXXVI.

2001 4644 2325 4708 humiliatio,
2358 4643 2410 4697 in
2448 4658 2608 4712 quam
2639 4643 2777 4697 ultro
2803 4657 2862 4697 se
2890 4644 3127 4708 demisit,
3163 4642 3205 4695 si
3241 4657 3359 4709 qua:
3389 4642 3579 4694 imma-

2001 4752 2082 4791 na:
2110 4746 2314 4791 naturae
2344 4746 2470 4791 sunt
2506 4736 2721 4805 propria
2750 4753 2854 4790 non
2898 4735 3181 4803 agnoscit?
3242 4734 3354 4787 Non
3399 4743 3577 4787 tamen

2001 4827 2545 4897 inipsisagnoscitur
2579 4826 2736 4882 Verbi
2790 4835 3020 4892 natura;
3088 4826 3180 4879 sed
3238 4825 3419 4893 potius
3471 4842 3574 4878 una

2000 4934 2122 4973 eum
2151 4920 2365 4989 pr0pria
2385 4934 2550 4974 carne
2584 4935 2644 4973 ea
2669 4920 2847 4973 omnia
2879 4919 2978 4973 sibi
3023 4918 3239 4980 ascivit,
3269 4917 3573 4987 cujusmodi

2006 5020 2152 5075 sunt,
2177 5012 2404 5076 esurire,
2441 5012 2614 5078 sitire,
2638 5021 2690 5066 et
2727 5010 2940 5065 itineris
2972 5010 3156 5064 labore
3192 5009 3392 5080 frangi.
3436 5010 3569 5063 C-nn

2008 5106 2170 5174 igitur
2203 5105 2359 5157 audis
2392 5126 2403 5159 :
2445 5123 2462 5156 t
2497 5105 2636 5158 Puer
2668 5114 2845 5159 autem
2878 5109 3182 5169 crescebat,
3212 5118 3259 5157 et
3293 5104 3573 5158 contorta-

2003 5194 2160 5249 batur
2216 5195 2428 5262 spiritu,
2495 5194 2684 5263 plenus
2731 5196 3030 5264 sapientia;
3086 5215 3103 5245 ι
3163 5197 3581 5264 dispensationis

2005 5298 2128 5338 cum
2176 5298 2341 5336 carne
2367 5284 2683 5352 mysterium
2712 5284 2762 5336 in
2797 5300 2969 5338 causa:
3019 5285 3383 5353 patrocinium
3419 5303 3578 5339 assu-

2006 5389 2110 5429 me.
2136 5372 2287 5439 Qnod
2316 5385 2494 5428 autem
2527 5375 2664 5428 Deus
2696 5385 2807 5430 erat
2836 5375 2888 5429 in
2916 5392 3101 5441 carne,
3161 5377 3209 5429 id
3242 5377 3575 5447 evangelista

2005 5466 2104 5519 liae
2137 5464 2344 5518 ratione
2379 5465 2665 5519 continuat
2695 5483 2709 5519 :
2757 5485 2774 5517 ι
2811 5467 3098 5533 QIOniatn,
3161 5467 3361 5535 inquit,
3393 5471 3567 5537 gratia

2004 5555 2098 5609 Dei
2131 5566 2245 5610 erat
2278 5556 2328 5608 in
2357 5556 2465 5612 illo.
2498 5575 2514 5607 ι
2556 5557 2664 5612 Nec.
2691 5559 2834 5613 enim
2860 5560 2946 5613 Dei
2983 5560 3211 5626 gratiam
3268 5560 3471 5614 habere
3494 5562 3578 5615 di-

2005 5648 2146 5702 citur
2174 5689 2187 5715 ,
2218 5650 2368 5720 quasi
2401 5650 2467 5703 ab
2487 5650 2591 5706 alio
2625 5650 2730 5707 Deo
2764 5651 2906 5705 illam
2944 5661 3219 5707 mutuatus
3272 5650 3455 5718 fuerit,
3483 5650 3579 5708 sed

3110 5919 3182 5981 43
