4132 6454
600 355 736 410 I555
1585 351 1643 406 S.
1689 348 1964 406 CYRILLI
2003 347 2160 404 ΑΒΕ)

2267 346 2470 402 lDRiNI
2508 345 2824 402 ARCIIIEP.
3713 351 3857 407 I356

593 474 759 542 quod,
796 486 915 525 cum
947 484 1078 541 puer
1101 479 1263 536 esset,
1288 469 1552 538 ejusmodi
1575 469 1750 540 gratia
1769 477 1995 523 ornatus
2025 477 2160 530 erat,

2267 468 2432 537 ήγουν
2479 467 2811 535 προκόπτειν
2856 468 2915 520 ἐν
2947 468 3127 539 χάριτι
3162 468 3314 540 παρὰ
3353 487 3414 522 τε
3447 469 3567 541 Θεῷ
3615 469 3710 523 καὶ
3743 471 3854 523 ἀν·-

592 579 696 632 qua
749 563 912 616 Deum
967 562 1233 615 decebat:
1275 559 1709 628 quandoquidem
1753 560 1894 613 Deus
1934 557 2160 612 Verbum

2277 555 2545 627 θρώποις,
2594 557 2654 609 τὸ
2699 558 2925 620 ἀπεικὸς
2955 558 3105 611 οὐδέν
3131 575 3144 591 ·
3178 561 3226 612 εί
3275 560 3368 614 καὶ
3410 560 3573 624 αὐτὸς
3600 560 3629 612 6
3665 561 3854 630 Πατήρ

592 664 730 717 t-rat,
759 664 811 707 et
846 662 950 715 est,
989 653 1203 706 etiamsi
1238 652 1290 704 in
1320 666 1485 706 carne
1515 651 1848 718 apparuerit,
1901 649 2160 717 nobisque

2271 645 2566 715 ἀπεδέχετο
2593 645 2692 716 τήν
2724 647 3061 716 οἰκονομίαν,
3093 650 3189 702 καὶ
3217 650 3382 703 αὐτὸν
3405 650 3462 703 δὲ
3497 650 3588 703 τὸν
3619 650 3748 704 Υίδν
3775 653 3854 703 ol-

591 743 787 796 similis
813 742 1037 796 cli‘eetus
1093 743 1182 796 sit.
1213 741 1354 794 Nihil
1390 740 1613 809 proinde
1639 741 1880 804 absurtli,
1909 747 2002 791 aut
2022 754 2049 789 a
2087 751 2160 788 ra-

2271 736 2587 805 κειούμενον
2615 735 2685 788 τὰ
2715 736 2975 806 σαρκικὰ,
3001 737 3093 792 διὰ
3121 739 3184 792 τὸ
3209 739 3288 809 τῷ
3319 740 3602 812 μυστηρίῳ
3638 741 3853 811 πρέπον

590 833 735 888 tione
764 833 998 886 alienum
1026 833 1312 896 asseritur,
1361 832 1407 886 si
1451 831 1617 886 etiam
1669 830 1902 900 gratiam
1948 829 2160 882 habere.

2271 842 2330 878 τε
2360 827 2496 896 ὁμοῦ
2529 828 2623 881 καὶ
2652 828 2714 878 τὸ
2746 830 3038 900 χρήσιμον.

589 927 687 980 hoc
719 936 802 982 est
837 927 1010 996 gratia
1039 928 1176 996 apud
1201 927 1364 980 Deum
1399 935 1452 980 et
1481 927 1725 980 homines
1785 924 2047 994 proiicere
2093 922 2338 976 dicatur:
2392 938 2513 976 nam
2556 925 2669 991 ipse
2707 923 2868 976 Pater
2935 933 3043 978 tam
3094 924 3268 993 ipsam
3323 927 3507 982 carnis
3563 928 3854 997 dispensa-

591 1019 996 1089 tinnem,quam
1027 1019 1202 1088 ipsum
1231 1019 1391 1072 etiam
1425 1017 1620 1072 Filium
1660 1033 1781 1086 quae
1832 1015 2015 1070 carnis
2082 1024 2206 1070 sunt
2243 1016 2484 1083 propria,
2516 1025 2736 1086 propter
2799 1016 3084 1070 utilitatem
3128 1019 3482 1088 mysteriique
3533 1022 3855 1074 convenien-

589 1115 717 1164 tiam
752 1113 851 1166 sibi
886 1113 1260 1177 asciscentetn,
1288 1120 1506 1180 accepta
1531 1112 1780 1166 habebat.

660 1201 818 1256 XVII.
849 1221 866 1254 ι
895 1203 968 1258 De
985 1205 1070 1257 die
1091 1213 1268 1257 autem
1292 1204 1380 1258 illa
1403 1214 1458 1260 et
1489 1206 1622 1261 hora
1654 1220 1812 1259 nemo
1839 1205 1961 1271 scit,
1981 1217 2158 1273 neque

589 1295 764 1362 angeli
800 1295 1083 1359 caelorum,
1113 1309 1286 1364 neque
1311 1295 1501 1362 Filius,
1533 1297 1635 1352 nisi
1673 1296 1822 1352 solus
1849 1295 2012 1350 Pater
2050 1296 2092 1349 ⁸.
2133 1314 2152 1348 ι

589 1387 646 1439 Si
679 1386 956 1440 Christum
993 1403 1155 1440 tumm
1191 1389 1483 1457 (objiciunt
1514 1390 1634 1458 illi),
1659 1391 1760 1445 hoc
1793 1400 1876 1444 est
1907 1390 1999 1444 Dei
2026 1388 2160 1443 Ver-

588 1479 714 1531 bum
775 1478 1142 1542 incarnatum,
1194 1480 1248 1532 id
1307 1491 1392 1534 est
1458 1481 1732 1534 hominem
1783 1479 1988 1534 factum
2039 1495 2162 1536 esse

588 1577 743 1622 certo
783 1570 1047 1636 statuitis,
1098 1570 1378 1639 quomodo
1412 1571 1456 1624 is
1488 1571 1985 1626 consummationis
2014 1572 2157 1626 diem

589 1660 908 1729 ignoravit?
965 1660 1378 1730 Respondemus
1446 1663 1754 1718 divinorum
1822 1674 2157 1718 secretorum

2341 1205 2438 1258 IZ’.
2480 1223 2501 1255 ι
2529 1204 2668 1274 Περὶ
2694 1204 2752 1256 δὲ
2777 1203 2876 1274 τῆς
2905 1202 3126 1274 ἡμέρας
3167 1202 3382 1273 ἐκείνης
3429 1203 3525 1256 καὶ
3568 1204 3669 1275 τῆς
3701 1204 3852 1276 ὧρας

2267 1295 2442 1358 οὐδεὶς
2487 1291 2647 1361 οἶδεν,
2690 1293 2813 1348 οῦτε
2857 1299 2907 1348 οἱ
2947 1295 3170 1364 ἄγγελοι
3211 1295 3321 1350 τῶν
3347 1295 3618 1369 οὐρανῶν,
3650 1296 3773 1350 οὔτε
3822 1300 3852 1349 6

2267 1387 2418 1451 Υἱὸς,
2453 1388 2500 1439 εἰ
2533 1387 2606 1457 μὴ
2637 1389 2664 1440 ὁ
2699 1388 2906 1458 Πατήρ,
2935 1405 2954 1438 t
2990 1389 3050 1440 El
3090 1387 3327 1458 Χριστὸν
3353 1387 3471 1452 ἕνα,
3506 1389 3849 1459 φασὶν,ὁμο-

2267 1479 2448 1547 λογεῖν
2505 1477 2784 1546 ἐγνώκατε
2837 1479 2930 1532 τὸν
2980 1479 3117 1532 Θεοῦ
3169 1479 3341 1548 Λόγον
3405 1482 3853 1551 σεσαρκωμένον,

2265 1572 2434 1641 ἤγουν
2481 1569 2965 1641 ἐνηνθρωπηκότα,
3003 1571 3120 1633 πῶς
3169 1571 3407 1640 ἠγνόησε
3438 1570 3536 1642 τήν
3583 1575 3683 1641 τῆς
3721 1589 3853 1625 συν-

2265 1659 2478 1723 τελείας
2506 1659 2755 1730 ήμέραν;
2788 1660 2971 1730 Φαμὲν
2999 1655 3114 1726 οὖν,
3158 1661 3240 1713 ὅτι
3270 1661 3330 1714 τὸ
3375 1663 3642 1732 ἀγνοῆσαι
3684 1663 3849 1731 τυχὸν

589 1753 982 1820 ignorationem
1052 1767 1225 1822 neque
1284 1756 1604 1822 probrosam
1668 1770 1792 1811 esse
1851 1765 2158 1823 creaturae,

2267 1751 2330 1804 τὰ
2358 1754 2415 1804 ἐν
2442 1751 2560 1821 Θεῷ
2606 1753 2900 1823 μυστήρια,
2937 1750 3060 1805 οὔτε
3095 1752 3364 1824 ἀσύνηθες
3388 1792 3402 1815 ,
3431 1752 3555 1806 οὔτε
3588 1756 3693 1824 μὴν
3723 1755 3848 1806 ἑτέρη

587 1857 763 1912 neque
814 1842 990 1896 eidem
1040 1858 1258 1912 quoque
1317 1845 1655 1900 inusitatam.
1729 1845 2004 1915 Scriptum
2076 1855 2160 1900 est

596 1931 778 1984 enim:
821 1949 838 1983 ι
877 1930 1009 1998 Quis
1049 1933 1197 1985 novit
1244 1943 1477 1988 mentem
1521 1933 1736 1990 Domini
1761 1936 1822 1989 οἳ
1858 1955 1878 1987 ι
1918 1935 1974 1989 Si
2031 1949 2160 2004 ergo

586 2020 779 2085 Filius,
817 2031 1088 2090 quatenus
1135 2023 1296 2078 homo
1327 2022 1504 2078 factus
1557 2034 1661 2094 est,
1712 2045 1730 2077 ι
1787 2026 2060 2096 paululum
2090 2026 2162 2078 ab

589 2114 791 2183 :=ngelis
825 2113 1126 2167 miuoratus
1171 2133 1190 2165 ι
1228 2113 1429 2169 dicitur
1456 2117 1498 2147 ¹⁰
1538 2116 1684 2188 (nam
1719 2129 1776 2172 ut
1813 2119 1993 2185 Deus,
2039 2118 2162 2172 uni-

587 2220 758 2260 versa:
787 2217 1050 2260 creatum
1089 2207 1358 2273 prrestat),
1391 2197 1529 2277 quid
1569 2211 1762 2263 mirum
1799 2221 1901 2272 est.
1931 2211 1972 2263 si
2010 2224 2162 2278 aeque

588 2306 754 2364 atque
806 2297 1004 2367 angeli,
1060 2298 1152 2352 Dei
1229 2309 1440 2354 secreta
1497 2300 1750 2370 ignorare
1793 2291 2158 2370 perhibetur;

586 2390 714 2442 licet
762 2390 808 2444 is
858 2390 948 2444 Dei
1003 2390 1181 2444 Patris
1229 2391 1494 2461 sapientia
1532 2403 1585 2446 et
1606 2394 1778 2447 virtus
1823 2395 1895 2448 sit
1935 2395 1974 2425 “
2008 2394 2030 2447 ?
2068 2393 2161 2448 Dei

585 2491 714 2530 vero
739 2475 919 2532 Patris
942 2480 1208 2547 sapientia
1243 2497 1346 2534 non
1387 2490 1566 2550 potest
1597 2497 1660 2536 ea
1698 2485 1933 2547 nescire,
1961 2500 2080 2554 quae
2104 2485 2156 2538 in

586 2571 704 2636 ipso
751 2569 932 2624 abdita
977 2570 1162 2625 latent.
1205 2571 1366 2642 140
1391 2571 1446 2625 Si
1483 2573 1626 2626 enim
1670 2571 1907 2642 Spiritus
1951 2577 2160 2640 omnia,

587 2661 754 2714 etiam
807 2660 1070 2730 profunda
1121 2661 1216 2716 Dei
1272 2672 1549 2716 scrutatur
1592 2662 1669 2727 ",
1716 2674 1771 2723 et
1815 2664 1902 2717 ille
1957 2665 2159 2720 Christi

588 2751 824 2820 Spiritus
875 2761 982 2816 est,
1031 2755 1305 2823 quomodo
1361 2755 1412 2807 id
1484 2755 1757 2821 nesciret,
1821 2758 1961 2825 quod
2018 2757 2163 2812 illius

590 2844 825 2913 Spiritus
884 2854 1077 2899 exacte
1124 2846 1325 2900 callet?
1359 2845 1539 2912 Quare
1598 2846 1725 2901 licet
1780 2857 1837 2901 ut
1871 2849 2031 2904 homo
2061 2850 2164 2903 ali-

587 2937 716 3005 quid
749 2933 1047 2991 nescivisse
1071 2938 1304 3001 dicatur,
1347 2951 1404 2990 ut
1444 2938 1582 2992 Deus
1618 2948 1796 2991 tamen
1835 2939 2018 2992 munia
2061 2954 2161 2994 no-

596 3038 701 3080 rat.
734 3027 847 3081 Etsi
879 3042 1008 3096 ergo
1037 3037 1096 3081 ut
1124 3027 1285 3082 homo
1309 3030 1701 3097 ignorationem
1735 3046 1844 3098 pra:
1871 3044 1930 3083 se
1974 3029 2160 3095 ferret,

585 3119 713 3173 dum
757 3119 824 3172 de
867 3117 1099 3183 Lazaro,
1150 3137 1169 3170 ι
1195 3119 1297 3174 Ubi
1340 3121 1594 3187 posuistis
1619 3136 1739 3174 eum
1770 3121 1852 3174 u?
1881 3139 1898 3171 ι
1939 3137 2164 3190 percon-

588 3220 817 3275 taretur,
869 3227 991 3264 mox
1027 3223 1228 3276 tamen,
1263 3213 1386 3265 dum
1427 3213 1628 3281 potenti
1679 3213 1878 3266 virtute
1909 3229 1975 3266 ex
2013 3230 2161 3268 mor-

591 3303 698 3356 tuis
752 3302 900 3354 illum
944 3302 1276 3365 exsuscitat,
1323 3303 1487 3356 Deum
1517 3318 1574 3357 se
1605 3319 1726 3357 esse
1764 3314 1949 3372 aperte
1980 3305 2159 3358 declao

589 3400 697 3444 rat.
747 3390 1069 3444 'I‘ribuentes
1112 3390 1274 3460 igitur
1320 3391 1716 3446 incarnationis
1763 3392 2157 3462 dispensationi

2265 1859 2373 1912 ρως
2401 1841 2651 1914 ἀπρεπὲς
2679 1843 2744 1896 ἂν
2779 1842 2865 1913 εἴη
2897 1845 2964 1914 τῇ
2990 1843 3186 1898 κτίσει.
3220 1862 3238 1894 ι
3275 1843 3371 1906 Τίς
3394 1845 3505 1915 γὰρ
3539 1844 3679 1912 ἔγνω
3712 1843 3842 1896 νοῦν

2261 1937 2504 2009 Κυρίου;
2551 1957 2568 1990 ι
2623 1937 2766 1991 κατὰ
2803 1937 2861 1989 τὸ
2912 1937 3318 2008 γεγραμμένον.
3373 1939 3481 1992 Καὶ
3528 1941 3577 1991 εἰ
3629 1938 3850 2004 λέγεται

2264 2028 2438 2100 βραχὺ
2469 2029 2598 2100 παρ’
2630 2029 2896 2097 ἀγγέλους
2925 2029 3277 2098 ήλαττῶσθαι
3312 2033 3340 2082 6
3377 2029 3536 2093 Υἱὸς,
3582 2031 3718 2083 καθδ
3757 2031 3851 2097 γέο

2261 2138 2419 2189 γονεν
2466 2120 2754 2191 ἄνθρωπος
2802 2120 3068 2191 δηλονότι,
3119 2121 3298 2173 καίτοι
3344 2122 3572 2185 κτίσεως
3621 2123 3845 2191 ἀπάσης

2263 2208 2342 2263 ὢν
2370 2211 2631 2263 ἐπέκεινα
2666 2209 2892 2272 θεῖκῶςο
2946 2210 2999 2261 τί
3047 2210 3108 2262 τὸ
3155 2209 3364 2278 θαῦμα,
3410 2210 3512 2263 κᾶν
3560 2212 3700 2280 ὁμοῦ
3730 2215 3845 2271 τοῖς

2264 2304 2519 2378 ἀγγέλοις
2543 2305 2754 2372 ἀγνοεῖν
2784 2303 3011 2373 λέγηται
3037 2303 3098 2354 τὺ
3127 2305 3187 2354 ἐν
3217 2301 3336 2371 Θεῷ
3367 2304 3690 2372 μυστήριον,
3711 2303 3852 2354 καί-

2267 2412 2350 2448 τοι
2385 2395 2548 2463 σοφία
2578 2395 2672 2447 καὶ
2693 2394 2921 2464 δύναμις
2949 2392 3208 2462 ὑπάρχων
3241 2394 3407 2446 αὑτοῦ
3432 2412 3446 2456 ;
3476 2389 3612 2447 Εἶτα
3641 2395 3758 2456 πῶς
3783 2395 3852 2447 ἂν

2265 2487 2539 2557 ἠγνόησεν
2579 2487 2612 2556 ή
2664 2485 2822 2554 σοφία
2850 2485 2946 2538 τοῦ
2995 2485 3204 2554 Πατρὸς
3233 2485 3303 2536 τὰ
3335 2487 3392 2537 ὲν
3422 2485 3572 2555 αὑτῷ
3605 2503 3854 2556 κεκρυμ-

2271 2581 2443 2649 μένας
2482 2580 2591 2632 Καὶ
2624 2580 2670 2632 εἰ
2709 2579 2771 2631 τὸ
2827 2577 3051 2647 Πνεῦμα
3100 2577 3320 2644 λέγεται
3373 2579 3550 2630 πάντα
3593 2580 3852 2648 ἐρευνᾷν,

2265 2670 2362 2723 καὶ
2383 2671 2452 2723 τὰ
2475 2670 2614 2739 βάθη
2636 2669 2729 2722 τοῦ
2761 2669 2918 2734 Θεοῦ,
2940 2668 3164 2737 Πνεῦμα
3189 2667 3243 2720 δέ
3272 2669 3388 2720 ἐστι
3419 2668 3512 2722 τοῦ
3544 2669 3780 2739 Χριστοῦ
3796 2682 3856 2732 υ,

2265 2761 2384 2824 πῶς
2431 2760 2496 2814 ἂν
2545 2761 2705 2823 αὐτὸς
2760 2761 3053 2828 ἠγνόησεν,
3097 2759 3238 2830 ἃπερ
3294 2756 3437 2812 οἶδεν
3495 2761 3741 2830 ἀκριόὡς
3787 2763 3854 2812 τὸ

2267 2851 2493 2921 Πνεῦμα
2524 2850 2719 2914 αῦτοῦ;
2749 2849 2958 2903 Οὐκοῦν
2991 2850 3090 2904 κᾶν
3120 2851 3334 2918 ἀγνοεῖν
3370 2851 3724 2919 ἀνθρωπίνως
3755 2852 3854 2904 λές

2266 2958 2451 3010 γηται,
2497 2939 2610 2993 ἀλλ’
2644 2935 2754 2991 οἶδε
2792 2938 3005 3002 θεῖκῶς.
3040 2939 3153 2992 Καὶ
3193 2938 3344 3007 γοῦν,
3406 2957 3424 2990 t
3467 2941 3576 2994 Ποῦ
3611 2941 3854 2995 τέθειται
3925 2997 3931 3001 _

2213 3086 2231 3099 η
2269 3031 2550 3098 Δάζαροςς
2581 3049 2599 3080 ι
2623 3029 2860 3101 ἐρωτῶν,
2883 3031 2958 3093 ὡς
2985 3029 3101 3093 ἐξὸν
3131 3030 3280 3100 αὐτῷ
3301 3031 3375 3101 μὴ
3402 3032 3595 3085 εἰδέναι
3623 3034 3762 3086 κατὰ
3785 3035 3852 3086 τὸ

2269 3121 2630 3192 ἀνθρώπινον,
2679 3123 2952 3192 ἐνήργηκε
2999 3122 3216 3186 θεῖκῶς,
3245 3123 3555 3194 ἀναστήσας
3587 3125 3751 3176 αὐτὴν
3781 3128 3854 3178 ἐκ

2272 3212 2505 3282 νεκρῶν.
2547 3213 2937 3276 Ἀπονέμοντες
2965 3212 3142 3265 τοίνυν
3175 3216 3240 3282 τῇ
3289 3214 3426 3284 μετὰ
3461 3216 3665 3285 σαρκὸς
3705 3218 3852 3269 οἰκο-

2269 3304 2433 3374 νομίᾳ.
2464 3303 2532 3356 τὰ
2562 3303 2881 3375 ἀνθρώπινα
2900 3342 2916 3368 ,
2945 3305 3276 3375 τηρήσωμεν
3303 3305 3544 3369 εὐσεϐῶς
3576 3310 3671 3359 καὶ
3722 3309 3854 3362 καθ’

2267 3395 2414 3463 ἡμᾶς
2445 3393 2688 3462 γεγονότι
2719 3393 2796 3464 τῷ
2825 3397 2890 3447 ἐκ
2915 3395 3052 3447 Θεοῦ
3091 3394 3253 3462 φύντι
3273 3396 3429 3466 Λόγῳ
3453 3397 3520 3450 τὰ
3544 3397 3846 3470 θεοπρεπῆ.

587 3500 650 3537 ea
683 3497 801 3552 quae
833 3482 1067 3537 hominis
1118 3491 1273 3547 sunt,
1323 3497 1603 3537 servemus
1667 3484 1855 3550 etiam,
1906 3500 2010 3553 qua
2049 3487 2203 3542 decet
2243 3487 2467 3557 pietate,
2518 3487 2592 3542 illi
2637 3487 2731 3558 qui
2790 3487 2964 3543 instar
3012 3489 3183 3542 nostri
3249 3488 3425 3543 factus
3453 3500 3536 3543 est
3569 3492 3850 3553 homo,ex

592 3575 702 3628 Deo
724 3574 904 3640 genito
935 3569 1136 3636 Verbo,
1169 3588 1288 3642 quae
1314 3572 1414 3640 ipsi
1450 3584 1506 3626 ut
1535 3573 1644 3629 Deo
1675 3576 2023 3630 conveniunt.

662 3662 849 3718 XVIII.
893 3682 911 3714 ι
963 3664 1227 3718 Clamavit
1277 3663 1436 3719 Jesus
1483 3681 1615 3720 voce
1659 3683 1882 3737 magna,
1914 3669 2106 3724 dicens
2146 3687 2160 3724 :

594 3753 738 3809 Deus
789 3769 979 3818 meus,
1031 3755 1171 3808 Deus
1231 3771 1417 3819 meus,
1488 3758 1678 3826 utquid
1723 3775 1808 3814 me
1861 3760 2157 3830 dereliqui-

591 3849 659 3901 sti
694 3845 776 3900 “7
809 3864 826 3897 ι
854 3846 1104 3914 Nunquid
1148 3847 1322 3913 ipsum
1359 3861 1575 3917 quoque
1612 3847 1869 3915 Verbum,
1915 3852 2058 3920 quod
2096 3867 2164 3906 ex

590 3939 702 3993 Deo
729 3937 888 3991 Patre
913 3946 1095 3990 natum
1136 3945 1239 4000 est,
1291 3937 1475 3993 divino
1509 3939 1711 3993 auxilio
1750 3940 2052 4010 indiguisse
2085 3943 2167 3996 di-

590 4030 818 4087 cemus?
853 4029 922 4083 At
951 4029 1077 4097 quid
1100 4043 1164 4082 eo
1190 4028 1294 4083 dici
1323 4037 1502 4099 potest
1532 4031 1785 4087 stultius?
1823 4034 2018 4088 Annon
2055 4050 2159 4088 una

590 4140 712 4178 eum
748 4123 857 4177 Deo
902 4121 1062 4176 Patre
1099 4123 1473 4176 universorum
1513 4122 1772 4177 Dominus
1804 4136 1918 4188 est,
1953 4142 2163 4196 suoque

591 4215 796 4286 Spiritu
829 4217 1023 4270 caelum
1059 4214 1261 4278 Iirmat,
1295 4229 1358 4270 ac
1389 4216 1652 4269 virtutum
1690 4217 1946 4272 Dominus
1979 4220 2163 4288 appel-

2340 3672 2448 3725 IH'.
2492 3691 2510 3722 ι
2558 3670 2783 3742 Ἐὁόησε
2817 3672 2876 3726 δὲ
2919 3675 3068 3744 φωνῇ
3118 3672 3332 3744 μεγάλῃ
3377 3675 3405 3726 6
3465 3673 3706 3742 Ἰησοῦςο
3747 3675 3849 3727 Θεέ

2274 3781 2398 3834 μου,
2431 3763 2530 3816 Θεέ
2565 3780 2690 3834 μου,
2727 3765 2817 3818 ἵνα
2864 3764 2917 3818 τί
2962 3781 3032 3836 με
3085 3766 3470 3834 ἐγκατέλιπες;
3509 3785 3528 3816 ›
3561 3761 3708 3836 *Δρα
3755 3763 3848 3819 οῦν

2270 3857 2364 3908 καὶ
2408 3855 2567 3908 αὐτὸν
2609 3856 2931 3928 ἐπικουρίας
2956 3857 3056 3926 τῆς
3085 3857 3292 3911 ἄνωθέν
3337 3874 3518 3926 φαμεν
3566 3857 3848 3927 δεδεῆσθαι

2268 3945 2360 3998 τὸν
2393 3948 2456 3998 ἐκ
2490 3944 2625 3999 Θεοῦ
2673 3943 2883 4018 Πάτρὸς
2913 3947 3122 4016 Λόγον;
3150 3948 3344 4002 Καίτοι
3377 3948 3490 4012 πῶς
3516 3947 3673 4002 τοῦτό
3700 3951 3848 4002 ἐστιν

2269 4038 2370 4090 οὐκ
2417 4036 2612 4109 εὔηθες
2658 4039 2886 4110 κομιδῆς
2918 4039 3297 4110 Συγκατάρχει
3328 4041 3434 4112 γὰρ
3462 4040 3572 4092 τῶν
3600 4039 3738 4093 ὅλων
3770 4040 3846 4109 τῷ

2271 4127 2390 4199 Θεῷ
2425 4129 2516 4181 καὶ
2548 4131 2725 4199 Πατρὶ
2750 4170 2764 4194 ,
2799 4131 2895 4183 καὶ
2941 4137 3153 4202 στερεοῖ
3188 4133 3284 4204 μὲν
3312 4132 3574 4203 οὐρανοὺς
3605 4131 3683 4201 τῷ
3734 4132 3848 4202 ἰδίῳ

2273 4219 2578 4289 Πνεῦματι,
2605 4220 2810 4291 Κύριος
2840 4221 2896 4275 δὲ
2924 4223 3033 4274 τῶν
3059 4223 3341 4294 δυνάμεων
3391 4223 3716 4294 ὀνομάζεται
3754 4225 3846 4276 καὶ

591 4307 755 4374 Iatnr,
789 4314 843 4361 et
869 4315 952 4360 est
980 4306 1083 4361 hoc
1117 4306 1296 4375 ipsum
1333 4319 1456 4362 rere
1485 4306 1573 4360 ’5?
1606 4305 1859 4376 Nunquid
1895 4323 2024 4380 ergo
2070 4313 2160 4364 ad-

2273 4308 2386 4362 ἐστι
2428 4311 2571 4364 κατὰ
2616 4312 2894 4383 ἀλήθειαν.
2941 4315 3082 4367 Ἀλλ’
3125 4316 3384 4388 ἠτὸνησεν
3431 4317 3537 4387 ἄρα
3581 4318 3718 4389 πρὸς
3747 4318 3845 4382 τὰς

589 4412 786 4452 versus
816 4396 1129 4451 Judasorum
1157 4398 1381 4454 insidias
1402 4398 1674 4470 elanguit?
1700 4398 1956 4470 Nunquid
1986 4402 2162 4457 cruci-

593 4488 873 4558 ﬁgentium
907 4503 1098 4542 manus
1121 4488 1392 4544 debellare
1422 4503 1527 4544 non
1561 4492 1732 4559 potuit
1753 4491 1777 4544 ?
1797 4494 1959 4561 Atqui
1988 4492 2153 4548 Isaias

589 4580 855 4649 propheta
886 4577 964 4633 sic
998 4578 1105 4632 ait:
1150 4596 1169 4630 ι
1209 4579 1264 4632 Si
1289 4595 1478 4634 onmes
1506 4592 1694 4650 gentes
1733 4585 1886 4652 quasi
1910 4584 2052 4638 stilla
2094 4585 2161 4640 de

590 4668 774 4732 situla,
817 4677 874 4722 et
912 4669 1066 4737 quasi
1098 4679 1431 4724 momentum
1463 4679 1682 4726 statera:
1708 4684 1973 4742 reputatae
2011 4685 2159 4742 sunt,

589 4769 646 4815 et
667 4760 820 4831 quasi
870 4760 1035 4833 saliva
1093 4761 1544 4832 reputabuntur:
1606 4765 1694 4819 cui
1742 4779 1872 4836 ergo
1927 4767 2160 4821 similem

592 4845 799 4900 fecistis
825 4845 992 4901 Deum
1009 4845 1035 4899 ?
1061 4856 1154 4901 aut
1181 4847 1269 4902 cui
1296 4847 1519 4916 imagini
1537 4849 1894 4918 comparastis
1913 4865 2034 4904 eum
2054 4851 2162 4905 "‘2;

2269 4398 2379 4452 τῶν
2419 4400 2689 4454 Ἰουδαίων
2740 4403 3053 4470 ἐπιϐουλὰς,
3087 4407 3181 4458 καὶ
3213 4407 3423 4476 ἄμαχος
3450 4403 3519 4478 ἦν
3548 4407 3700 4478 αὐτῷ
3736 4409 3844 4461 τῶν

2271 4489 2652 4559 σταυροῦντων
2704 4493 2738 4563 ή
2790 4493 2932 4565 χείρ.
3003 4495 3197 4549 Καίτοι
3257 4498 3422 4568 φησὶν
3481 4498 3509 4549 6
3563 4501 3844 4568 προφήτης

2280 4580 2510 4645 Ἡσαΐας
2532 4598 2546 4612 ο
2583 4602 2600 4634 ι
2639 4585 2701 4638 Εἰ
2746 4587 2922 4640 πάντα
2959 4587 3029 4640 τὰ
3055 4586 3182 4661 ἔθνη
3214 4587 3291 4652 ὼς
3324 4587 3538 4657 σταγὼν
3582 4589 3691 4642 ἀπὸ
3715 4590 3843 4643 κάδ-

2269 4671 2360 4726 δου
2381 4715 2394 4739 ,
2424 4676 2519 4728 καὶ
2543 4675 2617 4740 ὡς
2647 4676 2788 4747 ῥοπὴ
2822 4675 2988 4746 ζυγοῦ
3023 4677 3404 4750 ἐλογίσθησαν,
3445 4682 3537 4734 καὶ
3567 4682 3641 4745 ὡς
3671 4680 3844 4745 σίελος

2277 4763 2721 4836 λογισθήσονταιο
2755 4769 2862 4822 τίνι
2881 4770 3201 4840 ὼμοιώσατε
3225 4772 3317 4826 τὸν
3348 4773 3593 4844 Κύριον;
3628 4774 3722 4826 καὶ
3741 4773 3842 4827 τίνι

2279 4853 2920 4926 ὀμοιὼματιώμοιὼσατε
2937 4860 3098 4914 αὐτόν
3115 4878 3129 4925 ;
3145 4879 3163 4912 ι
3185 4863 3383 4916 ’ἰστέον
3403 4863 3478 4926 δὲ,
3494 4864 3576 4916 ὅτι
3594 4863 3843 4935 παρῆσαν
3877 4882 3881 4884 ·

591 4935 906 4993 Meminisse
964 4938 1066 4992 hoc
1117 4938 1239 4993 loco
1303 4948 1519 5008 oportet
1575 4937 1813 4995 Judaicae
1875 4939 2160 5014 Synagoga

2273 4943 2370 5012 μέν
2401 4945 2451 4996 οἱ
2479 4945 2578 5015 τῆς
2620 4945 2891 5002 Ἰουδαίων
2923 4949 3248 5025 συναγωγῆς
3277 4951 3569 5023 ὑπηρέται,
3607 4955 3706 5023 τὴν
3737 4953 3843 5006 τῶν

592 5027 942 5082 administros
983 5043 1106 5082 cum
1154 5028 1386 5082 militum
1417 5028 1676 5094 cohorte,
1711 5030 1844 5084 duce
1871 5032 2165 5098 proditore,

2271 5037 2624 5106 στρατιωτῶν
2650 5037 2865 5109 ἔχοντες
2900 5042 3150 5111 σπεῖραν,
3186 5041 3487 5112 ἡγούμενον
3515 5045 3571 5097 δέ
3598 5045 3691 5096 τὸν
3718 5062 3844 5116 προ-

592 5120 820 5176 irruisse
845 5119 1104 5175 inlesum
1138 5139 1152 5175 :
1189 5121 1386 5190 quibus
1407 5129 1601 5175 uteum
1643 5122 2160 5190 eomprehenderenl

2269 5125 2449 5197 δυθην.
2491 5127 2710 5200 Ἐπειδὴ
2744 5129 2800 5182 δέ
2831 5128 3059 5201 ἐζήτουν
3103 5132 3266 5186 αὑτὸν
3312 5135 3704 5199 συλλαϐέσθαι,
3741 5139 3842 5188 ἁπ-

592 5213 983 5281 ιιιιετειιιίὺυς,
1028 5211 1270 5266 occurrit
1309 5211 1420 5277 ille,
1477 5211 1704 5266 dicens:
1744 5229 1764 5263 ι
1803 5210 1970 5277 Quem
2024 5231 2171 5282 qtae-

663 5371 685 5403 ⁸
725 5368 912 5422 Matth.
946 5382 1092 5431 xxiv,
1124 5365 1213 5419 ’56.
1305 5367 1325 5395 θ
1367 5364 1469 5422 Isa.
1511 5383 1598 5430 XL,
1644 5365 1728 5419 l3.

1812 5365 1855 5437 ’ἒ
1897 5367 2060 5424 llelir.
2111 5385 2169 5437 ιι,
2208 5371 2256 5424 7.

2274 5221 2406 5288 ήντα
2444 5219 2644 5288 λέγων’
2681 5241 2700 5273 ι
2731 5222 2865 5275 Τίνα
2900 5222 3146 5294 Cmam;
3179 5226 3240 5278 Οἱ
3269 5225 3325 5278 δὲ
3360 5227 3496 5297 πρὸς
3525 5227 3682 5280 τοῦτο
3713 5228 3842 5294 ἓφαι

2361 5373 2603 5453 "deor.
2645 5376 2795 5442 κει.
2873 5362 3109 5436 "teo’r.
3139 5380 3314 5453 11,110.
3394 5381 3615 5439 "toan.
3660 5402 3720 5450 ιι.
3759 5387 3842 5441 εί.

534 5419 538 5424 ’
595 5419 1174 5505 ιδιιίιίιιιζὶιὲίωιδ.
1228 5419 1469 5508 ,ιδιιεὶίιζ
1508 5419 1676 5502 iii",
1708 5434 1761 5499 δ.
1796 5419 1904 5490 to.
1960 5419 2160 5494 una.“

2293 5443 2376 5506 ιε,
2407 5419 2492 5498 is:

1688 5593 1859 5650 Variae
1899 5595 2156 5650 lectiones
2186 5597 2389 5653 codicis
2419 5599 2776 5670 Seguieriani.

666 5762 694 5789 ιι
719 5752 877 5809 Θεοῦ.
