4132 6462
388 373 527 435 1557

1124 426 1137 439 Α
1196 377 1286 431 AD
1326 369 1627 429 REGlNAS
1666 371 1751 426 DE
1790 369 2021 425 RECTA
2065 369 2222 425 FIDE
2261 367 2517 425 ORATIO
2556 368 2854 424 ALTERA.

3492 371 3626 427 l558

386 505 525 553 σαν·
569 488 776 560 Ἰησοῦν
814 490 904 544 τὸν
951 491 1288 561 Ναζωραῖον.
1340 488 1471 543 Εἶτα
1516 489 1650 561 πρὸς
1694 489 1891 551 αὐτοὺς
1931 490 1959 541 6

2083 488 2223 543 'itis?
2272 487 2349 542 llli
2400 496 2581 540 autem
2649 487 2955 541 dixerunt:
3022 485 3207 542 Jesum
3264 488 3623 545 Nuzurcnuin.

389 582 613 652 Σωτήρ·
651 580 791 649 Ἐγώ
822 584 957 653 εἰμι.
1001 585 1111 636 Καὶ
1158 581 1397 651 ἀπῆλθον
1427 582 1504 643 είς
1540 581 1607 633 τὰ
1636 580 1830 644 ὀπίσω,
1864 580 1959 633 καὶ

389 672 582 724 ἔπεσον
625 672 819 742 χαμαί.
854 692 872 724 ι
908 669 1039 725 Εἶτα
1079 673 1196 735 πῶς
1232 673 1297 725 ἂν
1340 671 1603 741 ἠτόνησεν
1637 673 1664 723 ό
1697 672 1791 725 καὶ
1823 672 1958 741 μόνῃ

390 764 456 833 τῇ
476 764 625 832 φωνῇ
645 762 743 832 τὴν
771 762 877 814 τῶν
906 763 1365 816 ἐπιϐουλευόντων
1394 761 1619 829 ἐλέγξας
1644 761 1957 826 ἁσθένειαν;

392 851 457 904 Τί
499 847 591 906 οὖν
628 852 739 923 ἄρα
782 852 1029 921 βούλεται
1068 853 1275 920 λέγων·
1322 872 1339 904 ι
1376 853 1476 905 Θεέ
1518 869 1642 923 μου,
1686 852 1786 905 Θεέ
1834 867 1962 927 μου⁸

394 940 483 993 in.
507 941 558 993 τί
590 958 658 1011 με
686 941 1077 1009 ἐγκατέλιπεςς
1107 962 1125 993 ι
1158 943 1341 1013 Φαμὲν
1368 942 1569 1005 τοίνυν,
1601 943 1683 995 ὃτι
1709 942 1802 995 τοῦ
1832 959 1964 1011 προ-

396 1032 633 1103 πάτορος
670 1032 840 1103 Ἀδὰμ
874 1033 972 1103 τὴν
1021 1033 1270 1088 δοθεῖσαν
1301 1034 1449 1105 αὑτῷ
1494 1035 1837 1106 πατήσαντος
1876 1035 1963 1085 ἐν-

395 1122 575 1195 τολὴν,
617 1122 711 1177 καὶ
740 1122 833 1176 τοῦ
866 1123 1010 1178 θείου
1038 1125 1406 1196 ἁλογήσαντος
1452 1126 1640 1196 νόμου,
1671 1125 1966 1193 ἐγκαταλέ-

397 1212 613 1266 λειπταί
663 1230 777 1276 πως
820 1214 852 1284 ἡ
901 1214 1187 1285 ἀνθρώπου
1239 1215 1399 1285 φύσις
1453 1216 1606 1286 παρὰ
1649 1215 1743 1267 τοῦ
1793 1213 1961 1267 Θεοῦ·

398 1302 588 1370 γέγονε
615 1302 671 1355 δὲ
708 1304 981 1375 ἐπάρατος
1004 1304 1093 1358 διὰ
1132 1306 1309 1371 τοῦτο,
1341 1306 1436 1359 καὶ
1465 1302 1681 1376 θανάτῳ
1714 1305 1963 1376 κάτοχος.

411 1394 631 1466 Ἐπειδὴ
652 1394 709 1447 δέ
736 1395 796 1448 τὸ
829 1396 1090 1461 πεπονθὸς
1108 1407 1133 1435 ν
1165 1398 1628 1467 ἀναστοιχειώσων
1651 1400 1729 1462 είς
1757 1400 1968 1469 ἀφθαρ-

401 1487 520 1538 σίαν
544 1486 888 1557 ἐπεδήμησεν
917 1488 945 1539 6
978 1488 1269 1560 μονογενὴς
1295 1488 1387 1542 τοῦ
1414 1488 1549 1542 Θεοῦ
1568 1490 1758 1558 Λόγος,
1775 1488 1969 1543 ἐπελὰο

400 1574 523 1628 ϐετό
578 1591 637 1628 τε
702 1577 1014 1647 σπέρματος
1075 1578 1348 1650 Ἀϐραὰμ,
1402 1580 1498 1633 καὶ⁸
1550 1578 1807 1650 ὡμοιώθη
1861 1582 1971 1643 τοῖς

404 1663 653 1731 ἀδελφοῖς
675 1703 691 1726 ,
729 1663 837 1717 ἔδει
872 1665 1007 1734 μετὰ
1042 1666 1139 1735 τῆς
1184 1667 1418 1737 ἀρχαίας
1458 1667 1671 1737 ἐκείνης
1701 1668 1839 1738 ἀρᾶς
1878 1668 1972 1721 καὶ

398 1755 497 1825 τῆς
526 1755 853 1807 ἐπεισάκτου
879 1755 1083 1827 φθορᾶς
1111 1756 1410 1826 καταλῆξαι
1443 1755 1539 1828 τὴν
1564 1757 1968 1827 ἐγκατάλειψιν,

2063 580 2200 635 Dicit
2232 581 2311 635 eis
2344 577 2538 633 Jesus:
2575 578 2687 647 Ego
2720 592 2863 633 sum.
2898 577 2966 632 Et
3012 579 3264 634 abierunt
3308 593 3627 646 retrorsum,

2060 680 2115 725 et
2143 671 2452 724 ceciderunt
2473 671 2525 723 in
2552 680 2748 725 terram
2780 667 2918 724 ""3.
2958 688 2977 722 ι
3010 668 3125 724 Jam
3160 674 3430 740 quomodo
3470 675 3624 727 iulir-

2063 778 2182 815 mus
2206 762 2311 816 dici
2344 770 2538 830 potest,
2570 760 2658 830 qtti
2694 760 2776 814 vel
2813 759 2926 814 sola
2961 776 3089 815 voce
3127 762 3504 816 insultantiqu
3546 764 3629 816 in-

2065 853 2375 907 lirmitatem
2410 852 2696 907 ostendit?
2735 851 2937 922 Ecquid
2981 866 3113 920 ergo
3152 853 3255 905 sibi
3307 854 3417 906 vult
3491 858 3630 916 quod

2064 945 2161 1008 ait,
2194 963 2213 996 ι
2262 940 2406 999 Deus
2466 959 2635 1007 meus,
2681 946 2819 997 Deus
2864 958 3039 1006 meus,
3076 945 3262 1011 utquid
3295 946 3629 1015 dereliquiin

2064 1036 2196 1090 me?
2230 1055 2249 1089 ι
2286 1034 2525 1090 Dicimus
2580 1035 2764 1103 igitur,
2795 1049 2915 1086 cum
2966 1033 3171 1101 primus
3230 1048 3420 1100 parens
3452 1044 3634 1086 noster

2066 1126 2234 1181 Adam
2262 1125 2570 1180 mandatum
2613 1124 2752 1191 quod
2799 1133 3079 1193 acceperat
3128 1124 3506 1189 proculcasset,
3561 1125 3635 1177 ali-

2067 1218 2357 1284 vinamque
2404 1215 2572 1283 legem
2619 1214 2879 1283 ncglcctui
2921 1214 3203 1267 habuisset
3231 1214 3295 1275 ‘9,
3340 1214 3631 1267 humanam

2070 1317 2317 1362 naturam
2355 1305 2521 1359 fuisse
2586 1304 2978 1371 quodammodo
3014 1303 3345 1367 derelictam,
3394 1319 3637 1357 exsecra-

2070 1397 2340 1466 bilemque
2379 1403 2435 1447 et
2472 1394 2627 1448 morti
2686 1393 2971 1447 obnoxiam
3028 1378 3271 1448 éﬂ'ectam
3308 1411 3320 1447 :
3363 1400 3416 1445 at
3479 1392 3638 1447 simul

2072 1499 2234 1557 atque
2296 1487 2616 1556 Uuigenitus
2650 1484 2765 1550 Dei,
2808 1485 2859 1539 id
2892 1486 3033 1554 quod
3063 1485 3375 1553 prolapsum
3412 1496 3551 1549 erat,
3583 1484 3634 1537 in

2073 1580 2533 1647 incorruptionem
2572 1576 2977 1631 instauraturus
3016 1576 3273 1639 advenit,
3323 1576 3639 1643 setnincque

2072 1671 2303 1726 Abrahze
2358 1669 2728 1739 apprehenso,
2806 1666 3072 1721 fratribus
3128 1666 3242 1720 suis
3304 1666 3638 1719 assimilatus

2077 1760 2175 1815 fuit
2206 1759 2291 1825 ὐς
2325 1768 2452 1811 tunc
2498 1771 2603 1809 una
2652 1770 2773 1810 cum
2815 1753 3041 1822 antiquo
3076 1752 3167 1806 illo
3208 1747 3364 1822 141
3410 1749 3629 1804 maledi-

400 1846 465 1917 ἢν
500 1847 791 1916 ὑπέμεινεν
822 1848 880 1899 ἐν
905 1848 1102 1919 ἀρχαῖς
1142 1850 1175 1918 ὴ
1206 1847 1301 1901 τοῦ
1330 1848 1620 1918 ἀνθρώπου
1668 1849 1848 1919 φύσις.
1878 1851 1969 1911 Ὠς

2083 1859 2192 1915 clo,
2247 1849 2573 1915 inductaque
2620 1844 3010 1913 corruptione,
3060 1842 3425 1896 dcsertionem
3477 1856 3638 1909 quam

399 1934 492 1991 οὖν
524 1931 603 2001 εἷς
633 1938 890 2008 ὑπάρχων
937 1939 1046 1991 τῶν
1079 1937 1676 2009 ἐγκαταλελειμμένων,
1712 1938 1847 1994 καθὸ
1876 1942 1969 1993 καὶ

401 2028 561 2091 αὐτὸς
622 2028 1018 2100 παραπλησίως
1088 2030 1220 2098 ἡμῖν
1273 2030 1534 2099 μετέσχεν
1594 2030 1823 2101 αἵματος
1878 2032 1971 2084 καὶ

404 2120 639 2191 σαρκὸς,
684 2121 774 2185 τὸ,
825 2139 843 2172 ι
885 2121 1003 2174 "Iv:
1046 2121 1098 2172 τί
1150 2112 1217 2191 με
1257 2120 1647 2189 ἐγκατέλιπες;
1690 2140 1707 2172 ι
1758 2122 1923 2190 φησίν
1956 2138 1969 2152 ·

401 2213 538 2282 ὅπερ
565 2207 633 2282 ἧν
659 2209 874 2273 λύοντός
901 2211 1147 2282 ἐναργῶς
1176 2212 1274 2283 τὴν
1310 2212 1598 2282 συμϐᾶσαν
1641 2212 1773 2281 ἡμῖν
1804 2213 1973 2279 ἐγκα-

401 2301 669 2371 τάλειψιν,
738 2301 832 2355 καὶ
878 2299 987 2354 οἷον
1035 2302 1477 2364 ἐκδυσωποῦντος
1520 2301 1607 2370 ἐφ’
1661 2300 1838 2371 ἐαυτῷ
1885 2300 1975 2353 τὸν

405 2393 657 2463 Πατέρα,
690 2394 783 2444 καὶ
810 2391 1101 2454 καλοῦντος
1141 2392 1222 2455 εἰς
1269 2391 1556 2461 εὐμένειαν
1586 2390 1687 2459 τὴν
1725 2391 1811 2457 ἐφ’
1845 2390 1975 2458 ἡμῖν

404 2482 480 2544 ὼς
510 2485 593 2551 ἐφ’
624 2483 801 2552 ἐαυτῷ
828 2484 921 2535 καὶ¹
951 2480 1149 2554 πρώτῳ
1168 2498 1183 2513 ·
1214 2482 1413 2546 παντὸς
1456 2481 1565 2553 γὰρ
1599 2483 1729 2551 ἡμῖν
1756 2480 1976 2549 γέγονεν

402 2577 433 2627 6
460 2576 689 2644 Χριστὸς
719 2575 924 2643 ἀγαθοῦ
956 2576 1049 2629 καὶ¹
1080 2574 1221 2646 ἁρχὴ
1258 2576 1349 2627 καὶ
1380 2574 1657 2644 πρόξενος.
1682 2573 1845 2625 Ὥστε
1876 2572 1976 2624 κᾶν

406 2666 460 2717 εἰ
480 2682 531 2717 τι
561 2666 774 2734 λέγοιτο
804 2665 988 2718 λαϐεῖν
1015 2665 1369 2735 ἀνθρωπίνως
1410 2665 1562 2737 παρὰ
1604 2664 1696 2717 τοῦ
1742 2665 1974 2734 Πατρὸς,

406 2757 565 2809 τοῦτο
608 2760 673 2827 τῇ
719 2757 964 2827 ἡμετέρᾳ
998 2757 1332 2828 προὺξένησε
1374 2756 1561 2825 φύσει,
1611 2757 1979 2828 πλήρηςίὑπ-

408 2849 589 2919 ἅρχων
622 2822 856 2913 ὁῇαὺτὸς,
894 2822 993 2903 καὶ
1015 2822 1602 2921 ⁸οὐδενὸς-τοπαράπαν
1667 2822 1873 2918 ἐνὸε-ὴςι,
1904 2849 1979 2912 ώς

409 2940 562 3004 Θεός.

482 3201 581 3256 ΙΘ’.
620 3221 639 3253 ι
678 3200 847 3254 Τοῦτο
880 3200 1145 3272 φρονείτω
1189 3201 1420 3263 ἕκαστος
1465 3201 1523 3252 ἐν
1556 3200 1686 3268 ὑμῖν
1717 3199 1919 3261 αὐτοῖς,
1953 3197 1982 3249 ὃ
2010 3168 2051 3226 C

413 3293 509 3347 καὶ
536 3295 595 3346 ἐν
630 3294 851 3363 Χριστῷ
886 3291 1091 3362 Ἰησοῦ·
1123 3292 1181 3356 ὃς
1210 3292 1269 3344 ἐν
1301 3294 1483 3362 μορφῇ
1516 3290 1650 3344 Θεοῦ
1701 3290 1980 3360 ὑπάρχων,

414 3385 512 3455 οὐχ
542 3385 830 3455 ἁρπαγμὸν
863 3386 1103 3455 ἡγήσατο
1153 3382 1215 3436 τὸ
1244 3379 1383 3436 εἶναι
1418 3384 1506 3435 ἴσα
1536 3382 1683 3451 Θεῷ·
1713 3381 1826 3434 ἀλλ’
1859 3382 1987 3432 ἐαυ-

414 3475 504 3529 τὸν
543 3475 801 3541 ἐκένωσε,
857 3476 1069 3547 μορφὴν
1107 3474 1293 3549 δούλου
1338 3472 1549 3537 λαϐὼν,
1586 3476 1642 3525 ἐν
1678 3471 1986 3543 ὁμοιώματι

416 3566 718 3638 ἀνθρώπων
749 3569 1059 3638 γενόμενος,
1104 3566 1197 3619 καὶ
1229 3567 1469 3636 σχήματι
1518 3565 1761 3634 εὑρεθεὶς
1790 3566 1866 3627 ὡς
1895 3564 1987 3617 ἄν·

418 3658 670 3729 θρωπος·
717 3658 1079 3710 ἐταπείνωσεν
1133 3657 1355 3724 ἐαυτὸν,
1404 3656 1694 3727 γενόμενος
1749 3656 1986 3720 ὑπήκοος

422 3750 584 3820 μέχρι
623 3750 873 3812 θανάτου,
912 3748 1142 3802 θανάτου
1177 3748 1233 3800 δέ
1274 3746 1530 3818 σταυροῦ.
1563 3747 1652 3800 Διὸ
1678 3747 1769 3799 καὶ
1805 3747 1833 3797 6
1856 3745 1989 3807 Θεὸς

419 3841 580 3894 αὑτὸν
635 3840 984 3911 ὑπερύψωσε,
1040 3842 1134 3893 καὶ
1176 3839 1470 3910 ἐχαρίσατο
1514 3838 1663 3909 αὑτῷ
1711 3838 1883 3903 όνομα
1926 3838 1988 3891 τὸ

424 3932 563 4001 ὑπὲρ
610 3933 718 3986 πᾶν
768 3932 973 4001 δνομα·
1030 3932 1117 3984 ἵνα
1164 3933 1220 3983 ἐν
1262 3930 1341 4001 τῷ
1392 3931 1614 4001 ὀνόματι
1671 3929 1842 4000 Ἰησοῦ
1884 3931 1989 3983 πᾶν

421 4022 548 4090 γόνυ
600 4021 795 4091 κάμψῃ
842 4022 1196 4094 ἐπουρανίων,
1237 4023 1332 4074 καὶ
1378 4023 1657 4090 ἐπιγείων,
1698 4021 1793 4074 καὶ
1820 4036 1989 4073 καταο

421 4113 683 4183 χθονίων·
734 4112 832 4166 καὶ
887 4116 1037 4166 πᾶσα
1096 4113 1315 4182 γλῶσσα
1373 4112 1866 4183 ἐξομολογήσηται,
1907 4113 1990 4164 ὅτι

423 4204 627 4274 Κύριος
669 4204 874 4274 Ἰησοῦς
917 4204 1148 4275 Χριστὸς
1194 4206 1273 4266 εἰς
1305 4204 1463 4269 δόξαν
1506 4202 1642 4256 Θεοῦ
1689 4204 1920 4273 Πατρός.
1966 4222 1984 4253 ι

342 4280 355 4291 ’
436 4295 568 4348 Ἰδοὺ
613 4295 677 4366 δὴ
723 4296 909 4365 σαφῶς
940 4296 1029 4349 τὸν
1058 4299 1115 4350 ἐν
1144 4298 1323 4368 μορφῇ
1353 4296 1446 4350 καὶ
1484 4296 1688 4365 ἰσότητι
1727 4294 1822 4347 τοῦ
1855 4293 1990 4347 Θεοῦ

424 4388 520 4440 κα)⁸
567 4387 780 4459 Πατρὸς
821 4387 952 4440 Θεὸν
998 4389 1171 4455 Λόγον
1213 4389 1309 4457 οὑχ
1365 4388 1655 4457 ἁρπαγμὸν
1689 4385 1993 4457 ἡγήσασθαί

2075 1940 2311 1994 humana
2360 1945 2553 1989 natura
2596 1935 2647 1987 in
2684 1949 2781 1988 suo
2822 1933 3087 2002 principio
3138 1946 3392 2001 perpessa
3441 1930 3640 1996 fuerat,

2074 2030 2457 2100 conquiescere
2502 2026 2758 2096 oportuit.
2809 2024 2998 2092 itaque
3047 2024 3201 2092 quasi
3254 2022 3639 2077 derelictorum

2076 2136 2216 2175 unus
2235 2119 2527 2183 exsistens,
2558 2126 2825 2187 quatenus
2846 2123 2900 2169 et
2933 2117 3048 2184 ipse
3076 2113 3329 2169 similiter
3353 2111 3636 2169 nobiscum

2076 2213 2346 2286 particeps
2384 2209 2691 2263 fuitcarnis
2739 2216 2794 2262 ct
2834 2206 3114 2276 sanguinis
3164 2203 3232 2268 “,
3269 2204 3446 2259 dixit:
3485 2223 3505 2257 ι
3547 2200 3642 2259 Ut-

2077 2303 2205 2372 quid
2248 2299 2583 2369 dereliquisti
2636 2314 2722 2354 me
2750 2298 2773 2351 ?
2804 2317 2822 2351 ι
2876 2296 3007 2365 Quae
3035 2312 3167 2351 sane
3204 2312 3304 2351 vox
3340 2306 3458 2351 erat
3490 2310 3644 2351 ever-

2080 2394 2245 2450 tentis
2292 2392 2460 2457 illam,
2498 2406 2618 2461 qua:
2668 2390 2822 2445 nobis
2873 2389 3165 2453 acciderat,
3210 2389 3640 2449 derelictionem,

2080 2484 2401 2555 Patremque
2426 2486 2495 2538 ob
2520 2481 2792 2551 loquentis
2826 2480 3145 2550 dignitatem
3184 2480 3235 2533 in
3268 2495 3326 2534 se
3357 2478 3647 2541 ﬂectentis,

2081 2592 2290 2633 necnon
2325 2576 2389 2630 ad
2421 2572 2854 2629 benevolentiam
2899 2586 3028 2641 erga
3071 2586 3167 2624 nos
3206 2581 3462 2639 tanquam
3516 2586 3642 2638 erga

2081 2669 2317 2735 seipsqu
2369 2674 2424 2721 et
2466 2666 2697 2734 primum
2764 2662 3156 2731 provocantis:
3210 2661 3646 2731 quandoquidem

2083 2758 2335 2812 Christus
2365 2757 2609 2811 omnium
2648 2756 2911 2810 bonorum
2943 2754 3165 2821 largitor
3194 2762 3249 2807 et
3277 2762 3467 2807 auctor
3497 2752 3651 2805 nobis

2081 2850 2310 2903 exstitit.
2351 2847 2501 2902 Unde
2542 2847 2704 2902 etiam
2742 2848 2785 2901 si
2831 2846 3107 2914 quidpiam
3145 2853 3203 2896 ut
3238 2844 3397 2897 homo
3428 2857 3455 2895 a
3494 2838 3653 2896 Patre

2083 2941 2360 3008 accepisse
2397 2940 2616 3002 dicitur,
2661 2940 2762 2993 hoc
2794 2937 2966 3006 ipsum
3001 2944 3167 2989 totum
3204 2936 3257 2989 in
3288 2946 3527 2988 nostrain
3562 2952 3653 2987 ua-

2086 3040 2261 3083 turam
2292 3029 2570 3097 erogavit;
2618 3042 2740 3082 cum
2774 3028 2891 3097 ipse
2926 3034 2983 3080 ιιι
3017 3025 3159 3080 Deus
3196 3026 3409 3095 plenus,
3451 3026 3652 3078 nullius

2085 3121 2305 3176 omnino
2340 3120 2463 3174 boni
2495 3120 2750 3188 indigeat.

2158 3210 2301 3265 XIX.
2341 3229 2359 3263 ι
2407 3208 2520 3264 lloc
2547 3209 2693 3263 cnim
2756 3208 2953 3263 sentite
2996 3208 3049 3261 in
3098 3206 3272 3273 vobis,
3315 3207 3457 3278 quod
3508 3217 3560 3261 et
3604 3209 3655 3260 in

2088 3303 2314 3359 Christo
2365 3301 2530 3357 Jesu:
2584 3300 2826 3370 quicum
2876 3300 2931 3354 in
2978 3299 3157 3354 forma
3205 3298 3299 3353 Dei
3346 3308 3513 3363 esset,
3551 3314 3658 3353 non

2090 3396 2337 3465 rapinam
2372 3394 2672 3447 arbitratus
2699 3399 2784 3445 est
2831 3405 2955 3446 esse
2996 3406 3055 3447 se
3096 3390 3358 3460 aequalem
3389 3390 3520 3453 Deo,
3564 3391 3657 3444 sed

2089 3486 2444 3553 semetipsum
2486 3482 2810 3547 exinauivit,
2868 3482 3099 3535 formam
3148 3481 3291 3535 servi
3354 3480 3652 3550 accipiens,

2091 3576 2143 3629 in
2174 3572 2587 3630 similitudinem
2629 3571 2904 3626 hominum
2945 3570 3141 3634 factus,
3174 3579 3228 3623 et
3250 3568 3437 3623 habitu
3470 3570 3659 3622 iuven-

2090 3674 2175 3719 tus
2218 3673 2276 3717 ut
2309 3662 2490 3716 homo.
2550 3658 2872 3713 llumiliavit
2922 3656 3296 3726 semetipsum,
3329 3654 3505 3733 factus
3531 3656 3659 3709 obe-

2089 3756 2245 3811 diens
2287 3768 2457 3824 usque
2509 3752 2573 3806 ad
2625 3758 2878 3813 mortem,
2938 3757 3165 3803 mortem
3217 3756 3395 3801 autem
3455 3745 3655 3800 crucis.

2090 3848 2317 3917 Propter
2366 3843 2508 3913 quod
2550 3850 2605 3897 et
2653 3841 2794 3895 Deus
2830 3837 3089 3893 exaltavit
3134 3836 3311 3902 illum,
3358 3846 3412 3890 et
3440 3836 3661 3890 donavit

2091 3939 2170 3995 illi
2198 3951 2395 3993 nomen
2421 3936 2565 4005 quod
2597 3943 2681 3989 est
2714 3946 2890 4001 super
2919 3943 3079 3985 omne
3108 3943 3301 3982 nomen
3328 3944 3342 3980 :
3385 3937 3441 3981 ut
3473 3929 3524 3982 in
3566 3942 3661 3980 ηοο

2094 4034 2237 4089 mine
2272 4030 2398 4088 Jesu
2434 4044 2596 4085 omne
2626 4044 2765 4099 genu
2796 4024 3067 4088 ﬂectatur,
3120 4021 3444 4084 cmlestium,
3488 4031 3659 4075 terre-

2094 4124 2311 4184 strium.
2352 4131 2406 4178 et
2448 4119 2828 4183 infernarum;
2876 4124 2930 4171 et
2967 4113 3146 4169 omnis
3196 4112 3375 4181 lingua
3404 4110 3661 4166 conﬁteao

2096 4227 2207 4278 tur,
2270 4214 2397 4284 quia
2442 4212 2703 4267 Dominus
2750 4206 2907 4263 Jesus
2956 4204 3207 4261 Christus
3258 4204 3312 4257 in
3375 4201 3541 4273 gloria
3581 4211 3665 4256 est

2095 4306 2190 4362 Dei
2233 4304 2409 4360 Patris
2446 4305 2515 4355 ”.
2570 4320 2589 4353 ›
2640 4300 2717 4355 En
2767 4298 3002 4354 dilucide
3058 4298 3157 4351 hoc
3206 4295 3324 4349 loco
3370 4292 3665 4361 exponitur

2096 4398 2264 4452 Deum
2316 4395 2576 4456 Verbum,
2634 4390 2778 4461 quod
2826 4390 2879 4444 in
2933 4389 3106 4444 forma
3134 4397 3184 4442 et
3224 4384 3532 4456 aequalitate
3569 4384 3663 4437 Dei

426 4495 561 4549 φησι
588 4477 650 4532 τὸ
685 4474 823 4531 εἶναι
870 4479 959 4532 ἴσα
985 4479 1133 4550 Θεῷ·
1163 4479 1501 4532 κεκενῶσθαι
1529 4480 1585 4531 δὲ
1628 4479 1829 4547 μᾶλλον
1880 4479 1979 4531 ἐθε·

2095 4487 2277 4543 Patris
2307 4497 2446 4552 erat,
2505 4502 2609 4540 non
2662 4485 2909 4555 rapinam
2957 4482 3281 4536 arbitratum
3327 4479 3665 4550 aequiparare

424 4570 613 4641 λοντὴν
664 4570 875 4641 μορφὴν
909 4570 1096 4625 δούλου
1150 4571 1403 4632 λαϐόντα,
1458 4571 1552 4623 καὶ
1592 4571 1649 4621 ἐν
1682 4570 1987 4641 ὁμοιώματι

424 4661 726 4734 ἀνθρώπων
770 4665 1077 4734 γενόμενον.
1111 4663 1453 4732 Προσεπὰγει
1486 4662 1563 4720 δὲ.
1602 4663 1682 4714 ὅτι
1734 4661 1989 4715 τεταπεί-

426 4771 597 4807 νωκεν
650 4755 858 4820 ἐαυτὸν,
899 4756 1188 4823 γενόμενος
1238 4754 1473 4823 ὑπήκοος
1515 4754 1677 4824 μέχρι
1732 4752 1986 4818 Θανάτου,

428 4846 656 4899 θανάτου
691 4844 747 4898 δὲ
782 4845 1038 4916 σταυροῦ.
1078 4845 1246 4914 Εἴπερ
1295 4840 1386 4896 οὖν
1440 4843 1736 4913 διαιρετέον
1784 4845 1862 4906 είς
1900 4843 1992 4896 δύο

426 4938 693 5007 Χριστοὺς
719 4940 810 4990 καί
850 4938 1017 5002 υἱοὺς,
1060 4937 1151 4989 τὸν
1179 4937 1270 4989 ἕνα
1300 4937 1392 4989 καὶ
1424 4936 1583 5006 μόνον
1627 4936 1861 5005 Χριστὸν
1900 4936 1995 4989 καὶ

429 5030 651 5099 Κύριον,
680 5029 774 5082 καὶ
799 5029 939 5082 κατά
960 5046 1023 5098 γε
1051 5028 1112 5080 τό
1143 5046 1249 5082 τισι
1278 5028 1489 5093 δοκοῦν,
1520 5027 1611 5081 τὸν
1638 5029 1702 5081 ἐκ
1732 5028 1991 5095 γυναικὸς

428 5121 711 5191 ἄνθρωπον
740 5121 999 5191 τετίμηκε
1041 5120 1139 5189 μέν
1178 5121 1383 5188 ίσὸτητι
1416 5112 1525 5172 τῶν
1572 5120 1717 5173 ίδίων
1750 5119 1993 5191 ἀξιωμά-

429 5228 537 5266 των
564 5214 593 5264 6
620 5212 713 5264 τοῦ
741 5211 873 5266 Θεοῦ
904 5210 1094 5280 Λόγος,
1124 5212 1218 5265 καὶ
1249 5210 1483 5281 συνῆψεν
1515 5211 1693 5282 ἐαυτῴ
1726 5213 1866 5265 κατὰ
1905 5210 1996 5264 τὸν

506 5385 796 5442 11.18103".
850 5400 1007 5453 χνιιι,
1044 5384 1111 5457 ξὸ.
1190 5387 1231 5418 ¹⁹
1261 5384 1397 5440 Gen.
1428 5400 1511 5453 Ill,
1555 5385 1580 5439 1
1633 5399 1783 5454 80th.

1873 5385 1918 5416 ¹⁰
1944 5382 2109 5438 Hebr.
2158 5399 2215 5450 ιι,
2258 5384 2345 5449 l6,
2386 5385 2470 5439 l7.
2574 5387 2614 5418 ²¹

2098 4593 2156 4632 se
2182 4578 2291 4632 Deo
2316 4594 2329 4638 ;
2358 4576 2475 4640 sed,
2510 4572 2689 4630 servili
2720 4572 2892 4629 forma
2925 4580 3196 4640 suscepta,
3222 4570 3361 4624 ultro
3392 4583 3449 4622 se
3478 4568 3667 4622 exina-

2102 4669 2304 4724 nivisse
2372 4666 2760 4733 hominumque
2821 4663 3228 4717 similitudinem
3274 4661 3524 4717 subiisse.
3559 4658 3668 4712 Ad-

2100 4760 2178 4813 dit
2218 4767 2480 4827 praeterea
2524 4756 2760 4826 seipsum
2811 4754 3142 4815 humiliasse,
3188 4749 3666 4817 obedientianique

2107 4850 2173 4903 ad
2199 4858 2422 4903 mortem
2461 4862 2631 4916 usque
2672 4845 3012 4914 praestitisse,
3058 4850 3284 4896 mortem
3318 4850 3496 4891 autem
3538 4853 3665 4891 cru-

2105 4939 2205 4995 cis.
2239 4938 2297 4992 Si
2332 4953 2495 4992 untnn
2541 4950 2670 5006 ergo
2700 4944 2754 4990 et
2783 4934 2960 4988 solum
2988 4932 3264 4987 Christum
3292 4941 3345 4983 et
3378 4930 3665 4984 Dominum

2112 5030 2164 5084 iu
2216 5029 2351 5085 duos
2385 5028 2630 5083 Christos
2681 5036 2734 5081 et
2778 5025 2935 5090 lilios,
2992 5033 3047 5078 ut
3098 5021 3418 5092 quibusdam
3473 5021 3669 5088 placet,

2105 5120 2282 5175 divelli
2316 5127 2567 5188 oportet;
2614 5128 2775 5186 atque
2835 5116 2924 5169 Dei
2985 5113 3220 5169 Verbum
3276 5114 3549 5167 hominem
3594 5123 3662 5163 ex

2106 5212 2332 5267 muliere
2376 5221 2554 5266 ortum
2590 5212 2822 5280 propria:
2873 5208 3170 5277 maiestatis
3221 5206 3532 5276 aequalitate
3576 5203 3671 5257 de-

2674 5386 2802 5440 ibid.
2872 5386 2957 5441 tt.
3066 5386 3110 5417 ἰ
3148 5382 3374 5451 Philipp.
3411 5398 3469 5446 ιι,
3511 5379 3668 5433 5-H.

1522 5558 1695 5615 Varia:
1730 5560 2210 5631 lectionespodicis
2237 5561 2589 5631 Seguieriani.

508 5755 535 5785 ν
566 5743 868 5807 πεπτωκός.
