4132 6452
1594 296 1618 315 /

453 410 590 467 1359

1444 394 1500 449 S.
1542 390 1818 446 CYRILIJ
1862 380 2321 440 ALEXANDRlNI
2363 377 2681 434 ARCHIEP.

3598 372 3701 427 ὅθ’)

454 530 681 595 voravit,
704 537 758 580 et
788 527 941 593 juxta
987 518 1328 576 auctoritatis
1367 517 1631 571 rationem
1654 552 1672 578 ,
1712 510 2022 565 tiliatiouis—

2151 505 2225 573 ςῆς
2272 499 2559 562 αὑθεντίας
2605 499 2828 570 τρόπον,
2870 497 2965 551 καὶ
3009 495 3151 549 κατὰ
3187 494 3285 567 τὴν
3323 496 3423 565 τῆς
3454 494 3699 563 υίότητος

455 637 562 690 que
621 613 1079 672 comunmiouem,
1129 606 1230 661 sibi
1284 604 1438 674 quasi
1488 603 1741 663 alterum,
1804 599 1907 652 hoc
1942 605 2025 648 est

455 728 484 763 a
519 725 577 763 se
619 708 916 764 diversum,
942 698 1111 752 Filius
1172 694 1420 765 adjunxit
1449 711 1461 746 :
1509 692 1633 761 quis
1658 690 1746 743 ille
1780 702 1910 755 ergo
1945 693 2029 738 est

458 804 549 873 qui
586 796 938 865 semetipsum
967 790 1299 855 exiuauivit;
1333 795 1425 841 aut
1448 801 1552 853 qua
1584 783 1795 838 tandem
1817 779 2027 833 ratione

458 889 883 948 exinanitiOuem
909 884 1117 938 subiit?
1136 881 1266 935 Nam
1293 882 1365 943 si,
1398 889 1454 933 ut
1477 877 1553 931 illi
1577 882 1846 938 statuunt,
1868 873 2029 926 homo

461 1000 628 1054 purus
671 980 762 1049 qui
816 992 878 1029 ex
918 973 1143 1027 muliere
1189 971 1456 1038 prodiisse
1502 963 1847 1033 intelligitur,
1883 957 2027 1012 istud

461 1048 753 1145 perpessus
773 1079 883 1132 est,
945 1065 1102 1137 142
1137 1060 1429 1131 quomodo,
1466 1066 1558 1109 aut
1595 1069 1697 1123 qua
1728 1052 1935 1106 ratione
1975 1048 2028 1102 in

463 1161 890 1220 exinanitiouem
940 1156 1181 1222 dejectus
1237 1150 1358 1205 est?
1418 1145 1550 1201 Nam
1595 1142 1868 1213 quomodo
1899 1140 1945 1193 is
1977 1138 2029 1191 in

463 1243 1161 1311 humilitatem’descendit,
1214 1240 1304 1309 qui
1353 1247 1497 1290 tanta
1539 1250 1661 1287 eum
1707 1232 1801 1286 Dei
1854 1228 2035 1283 Verbo

465 1348 726 1403 societate
752 1354 805 1395 et
838 1338 1102 1393 atlinitate
1137 1332 1457 1399 coniunctus
1491 1336 1608 1391 est,
1638 1334 1697 1378 ut
1730 1322 1875 1392 paris
1911 1334 2034 1373 cum

469 1442 561 1496 illo
592 1434 878 1506 dignitatis
906 1439 958 1483 et
990 1425 1334 1482 auctoritatis
1364 1437 1484 1476 esse
1518 1415 1854 1475 censeatur?
1882 1412 2034 1479 Quod

467 1536 509 1589 si
543 1527 838 1586 exiuanitio
888 1523 975 1576 illa
1012 1520 1079 1574 de
1113 1518 1201 1573 Dei
1252 1515 1430 1570 Verbo
1476 1523 1535 1566 ut
1566 1524 1811 1565 seorsum
1856 1516 1910 1560 et
1945 1519 2040 1573 per

467 1639 524 1678 se
556 1620 827 1676 intellecto
878 1614 1017 1668 Filio
1060 1609 1408 1680 praedicetur,
1458 1604 1731 1672 quomodo
1772 1601 1819 1653 is
1853 1597 2040 1652 exina-

468 1716 612 1769 nitus
657 1718 761 1774 est,
808 1708 897 1777 qui
950 1705 1205 1765 alterum,
1243 1709 1301 1754 ut
1336 1698 1409 1752 illi
1439 1697 1612 1761 aiunt,
1666 1693 1871 1747 honore
1906 1688 2037 1742 atl'e-

466 1805 561 1868 cit,
595 1776 938 1871 propriisque
980 1792 1154 1847 titulis
1208 1799 1263 1843 et
1308 1787 1663 1858 dignitatibus
1714 1776 2039 1837 exornavit?

466 1870 746 1962 Quomodo
777 1888 866 1941 ille
902 1883 1215 1939 humiliatus
1265 1881 1367 1933 dici
1410 1887 1612 1948 potest,
1669 1875 1759 1944 qui
1806 1870 2037 1943 propria:

468 2002 578 2042 sua:
606 1982 794 2052 glorise
836 1977 1112 2045 fastigium
1163 1972 1321 2025 alteri
1380 1970 1479 2024 sibi
1540 1966 1812 2021 associato
1843 1963 2043 2031 imper-

470 2081 599 2132 titus
628 2074 751 2129 est?
778 2070 909 2125 Nam
957 2070 1002 2121 si
1049 2082 1173 2121 eum
1216 2060 1489 2118 humiliari
1521 2060 1607 2115 vel
1642 2055 1910 2112 exinaniri
1938 2063 2043 2109 sta-

470 2176 647 2231 tuant,
682 2164 824 2234 quod
871 2160 1101 2215 alterum
1148 2155 1315 2225 gloria
1366 2150 1551 2216 abicit,
1590 2149 1829 2221 profecto
1854 2147 2043 2201 absur-

469 2264 594 2315 dum
628 2272 733 2313 non
755 2256 862 2309 erit
886 2252 1047 2305 etiam
1080 2245 1385 2316 intelligere
1429 2243 1680 2313 injuriam
1716 2240 2041 2294 inferentem

468 2346 716 2405 exaltari.
750 2343 1114 2412 Quamobrem
1146 2352 1277 2391 vera
1307 2347 1360 2389 et
1398 2334 1709 2388 necessaria
1746 2328 1885 2384 ratio
1911 2344 2043 2383 sua-

468 2444 577 2505 det,
620 2447 675 2493 et
716 2442 921 2491 tantmn
968 2447 1073 2485 non
1123 2426 1426 2496 compellit,
1466 2425 1712 2492 utipsam
1751 2420 2045 2491 plenitudi-

469 2545 591 2585 nem
615 2525 1040 2582 exinanitionem
1076 2534 1320 2590 passam,
1360 2515 1489 2570 illud
1520 2529 1733 2568 rursum
1778 2527 1882 2566 non
1902 2511 2047 2580 quod

469 2631 661 2692 suapte
694 2626 887 2671 natura
918 2628 1133 2667 servum
1166 2619 1267 2673 est,
1305 2610 1413 2662 imo
1438 2621 1564 2662 vero
1594 2605 1740 2659 omni
1771 2602 2048 2658 servitutis

470 2713 781 2771 conditione
825 2706 1093 2777 superius,
1145 2701 1328 2758 servili
1361 2700 1533 2754 forma
1567 2714 1627 2752 se
1662 2698 1950 2761 restiisse;
1994 2704 2049 2747 et

471 2808 523 2860 in
548 2798 955 2859 similitudinem
983 2794 1260 2849 hominum
1288 2790 1435 2845 illum
1476 2787 1702 2855 factum,
1734 2787 1825 2856 qui
1854 2798 2045 2839 natura

470 2897 595 2951 talis
649 2908 757 2947 non
818 2897 971 2952 erat,
1022 2884 1335 2954 priusquam
1382 2881 1547 2935 homo
1613 2880 1767 2933 fieret
1802 2919 1817 2944 ,
1872 2879 2045 2946 ipsam

472 2988 703 3055 denique
740 2978 1084 3037 altitudinem
1136 2990 1195 3029 se
1228 2973 1547 3028 humiliasse
1576 2970 1953 3025 existimemus
1996 2976 2050 3021 rt

472 3077 849 3148 praedicemus.
888 3073 1070 3139 Ipsum
1120 3067 1305 3134 itaque
1337 3064 1430 3118 Dei
1467 3061 1704 3116 Verbum
1752 3060 2046 3114 secundum

475 3178 723 3223 naturam
761 3164 1055 3218 lmmanam
1105 3167 1297 3226 sponte
1348 3156 1414 3208 ad
1472 3154 1659 3207 isthmc
1695 3163 2051 3223 pr0pternos

476 3275 596 3316 sese
623 3255 928 3319 demisisse,
961 3253 1096 3313 et,in
1129 3248 1362 3318 propria:
1397 3245 1754 3300 nihilominus
1778 3245 2044 3299 excellen-

479 3354 565 3405 tia:
615 3347 851 3404 culmine
891 3347 1187 3399 secundum
1232 3340 1469 3393 divinam
1526 3346 1773 3391 naturatn
1808 3352 2054 3406 perman-

478 3445 618 3497 sisse
654 3438 947 3493 credimus.
985 3434 1096 3488 llac
1148 3431 1356 3485 ratione
1390 3438 1443 3483 et
1473 3428 1906 3499 superexaltatus
1937 3444 2057 3484 csse

479 3532 700 3594 dicitur,
730 3538 783 3583 et
810 3527 1087 3597 accepisse
1138 3538 1332 3577 nomen
1379 3521 1521 3591 quod
1569 3530 1652 3575 est
1685 3538 1849 3591 snper
1894 3536 2057 3577 omne

481 3640 699 3689 nomen,
736 3630 788 3676 et
814 3621 881 3674 ab
911 3618 1166 3672 omnibus
1201 3614 1440 3677 adorari,
1471 3622 1633 3683 atque
1667 3615 1718 3668 in
1751 3614 1841 3669 Dei
1876 3612 2055 3670 Patris

482 3716 708 3787 gloriam
769 3710 1025 3766 Dominus
1079 3705 1367 3760 nominari.
1405 3702 1540 3758 Nam
1600 3705 1703 3759 etsi
1767 3706 1820 3759 in
1879 3702 2055 3760 Patris

481 3806 771 3862 eminentia
826 3812 882 3857 et
941 3797 1306 3868 inexplicabili
1368 3796 1651 3865 majestate
1716 3798 2055 3854 constitutus

478 3908 646 3963 esset,
675 3896 761 3950 ubi
792 3904 973 3946 tamen
1006 3891 1073 3943 ad
1105 3887 1531 3943 exinanitioncm
1573 3903 1631 3941 se
1658 3888 1895 3952 demisit,
1934 3904 2055 3943 ser-

477 3991 680 4060 vilique
724 3987 895 4041 forma
945 3998 1005 4036 se
1056 3977 1369 4034 humiliatus
1426 3979 1622 4044 induit,
1662 3988 1714 4034 et
1750 3995 1939 4034 rursus
1967 3995 2059 4035 na-

480 4094 615 4138 turae
678 4078 780 4135 sibi
844 4076 1028 4139 uuitae,
1076 4074 1177 4127 hoc
1229 4082 1312 4125 cst
1368 4072 1643 4135 humanae,
1684 4083 2055 4142 paupertatem

482 4173 893 4233 transcenderis,
920 4169 983 4220 ad
1020 4165 1265 4237 proprias
1288 4164 1504 4218 divitias
1529 4167 1804 4220 ascendit:
1838 4166 1939 4221 hac
1972 4182 2059 4221 ra-

483 4268 628 4321 tione
667 4262 966 4318 sccuudum
1017 4269 1270 4313 naturam
1333 4256 1626 4311 humanam
1678 4256 1730 4313 id
1775 4259 2061 4329 accepisse

483 4359 700 4421 dicitur,
764 4353 910 4424 quod
980 4360 1241 4420 perpetuo
1287 4357 1714 4418 constanterque
1779 4352 1830 4404 in
1882 4352 2061 4421 seipso

487 4448 746 4517 possidet,
786 4458 983 4512 nempe
1044 4442 1210 4495 Deum
1247 4452 1299 4494 et
1348 4441 1727 4497 universorum
1771 4442 2061 4499 Dominum

2129 592 2469 663 ὁμωνυμίαν,
2498 590 2572 654 ὡς
2598 590 2787 661 ἕτερος
2835 587 2910 641 ὢν
2962 587 3146 651 ίδικῶς
3191 589 3321 658 παρ’
3346 586 3509 639 αὑτὸν
3538 584 3694 646 Υἱός*

2127 684 2208 748 τίς
2236 684 2344 752 ἄρα
2372 685 2399 735 ό
2423 680 2666 743 κενώσας
2693 680 2883 733 ἑαυτόν
2905 678 2971 749 ;ἢ
3002 680 3124 732 τίνα
3156 680 3454 732 κεκένωται
3475 676 3696 746 τρόπον;

2130 772 2192 829 Et
2229 775 2328 846 μὲν
2352 774 2483 844 γὰρ,
2519 774 2594 836 ὡς
2628 771 2782 825 αὑτοί
2813 788 2996 840 φασιν,
3042 773 3071 824 ό
3096 772 3174 823 ,ὲκ
3220 768 3477 838 γυναικὸς
3522 764 3701 828 ἱδικῶς

2130 866 2418 936 Ὼούμενος
2463 863 2746 935 ἄνθρωπος
2780 862 2937 915 τοῦτο
2982 862 3202 929 λέγεται
3249 860 3466 924 παθεῖν,
3510 857 3629 917 πῶς
3669 856 3702 926 ἤ

2129 960 2251 1012 τίνα
2290 958 2588 1011 κεκένωται
2618 956 2850 1026 τρόπον;
2884 953 3089 1023 κατέϐη
3120 953 3175 1005 δὲ
3208 953 3355 1015 ὅπως
3395 953 3477 1014 είς
3517 950 3704 1002 ταπεί-

2132 1068 2294 1103 νωσιν
2336 1053 2363 1102 ό
2414 1049 2475 1101 ἐν
2527 1047 2732 1116 ἰσότητι
2785 1044 3026 1113 γεγονὼς
3073 1047 3142 1115 τῇ
3189 1044 3324 1115 πρὸς
3368 1042 3503 1095 Θεδν
3539 1042 3707 1107 Λόγον

2132 1141 2277 1195 κατά
2326 1158 2389 1209 γε
2435 1140 2528 1193 τὸν
2567 1138 2668 1208 τῆς
2705 1138 2883 1203 ἀξίας,
2933 1137 3102 1207 ιἤγουν
3127 1136 3435 1200 αύθεντίας,
3488 1134 3707 1205 τρόπον,

2134 1242 2231 1295 καὶ
2272 1241 2475 1310 ταύτην
2513 1238 2651 1309 ἔχων
2686 1238 2824 1309 πρὸς
2857 1233 3019 1290 αὑτὸν
3050 1235 3150 1304 τὴν
3185 1232 3520 1297 συνάφειανς
3566 1228 3625 1278 Εἰ
3652 1226 3708 1277 δὲ

2136 1335 2221 1386 ἐπ’
2256 1332 2417 1385 αὑτοῦ
2451 1331 2545 1383 τοῦ
2581 1329 2715 1383 Θεοῦ
2760 1330 2959 1394 Λόγου,
2986 1321 3277 1397 νοουμένου
3322 1323 3485 1377 πάλιν
3527 1320 3707 1382 ἱδικῶς

2137 1428 2232 1481 καὶ
2284 1428 2387 1479 ἀνὰ
2437 1424 2603 1495 μέρος
2648 1422 2801 1488 Υίοῦ,
2835 1420 2897 1473 τὸ
2935 1418 3273 1474 κεκενῶσθαι
3317 1415 3558 1482 λέγοιτο,
3598 1411 3713 1473 πώς

2139 1518 2440 1572 κεκένωται
2465 1516 2709 1586 τιμήσας
2736 1514 2943 1584 ἕτερον,
2975 1509 3121 1563 καθά
3150 1526 3312 1577 φασιν
3359 1508 3581 1564 ἐκεῖνοι,
3620 1503 3714 1555 καὶ

2138 1612 2251 1664 τοῖς
2285 1608 2434 1670 ίδίοις
2474 1605 2635 1660 αὑτὸν
2686 1603 2960 1674 ἀξιώμασι
2995 1599 3341 1671 περιϐαλών;
3371 1596 3713 1674 Τεταπείνω-

2138 1719 2228 1755 ται
2274 1700 2329 1754 δὲ
2352 1699 2473 1752 τίνα
2515 1697 2714 1769 τρόπον
2743 1699 2771 1751 ὁ
2811 1696 2911 1765 τῆς
2954 1692 3117 1747 αὑτοῦ
3156 1692 3314 1761 δόξης
3338 1690 3399 1742 τὸ
3454 1687 3586 1755 Wo;
3637 1684 3717 1754 τῷ

2144 1791 2472 1861 συναφθέντι
2523 1789 2735 1854 διδούς;
2786 1788 2849 1840 El
2879 1787 2989 1856 γὰρ
3025 1785 3091 1857 δὴ
3140 1786 3316 1854 φαῖεν,
3352 1783 3434 1835 ὅτι
3481 1779 3716 1843 δοξάζων

2142 1884 2329 1955 ἕτερον
2385 1881 2547 1945 αὑτὸς
2578 1880 2843 1948 ὑπομένει
2887 1878 2986 1949 τὴν
3018 1876 3365 1940 ταπείνωσιν,
3415 1875 3583 1944 ἡγουν
3621 1868 3720 1939 τὴν

2141 1979 2391 2039 κένωσιν,
2441 1975 2612 2037 οὐδὲν,
2661 1973 2736 2037 ὡς
2770 1972 2935 2037 ἔοικε,
2973 1970 3082 2025 τῶν
3130 1969 3349 2022 ἀτόπων
3388 1966 3587 2019 ἐννοεῖν
3626 1964 3709 2016 ὃτι

2143 2071 2237 2124 καὶ
2268 2068 2506 2137 ὑϐρίζων
2548 2064 2799 2136 ὑψοῦται.
2850 2062 3178 2131 Ἀναγκαίου
3224 2057 3515 2128 τοιγαροῦν
3549 2056 3719 2125 ἡμᾶς.

2144 2161 2237 2215 καὶ⁹
2266 2160 2452 2231 μέντοι
2483 2158 2577 2210 καὶ
2601 2155 2833 2231 ἀληθοῦς
2854 2153 3137 2225 μονονουχὶ
3172 2150 3543 2212 συνωθοῦντος
3561 2148 3721 2216 λόγου

2145 2226 2282 2325 πρός
2309 2271 2372 2322 γε
2399 2252 2458 2305 τὸ
2490 2250 2698 2303 οἴεσθαι
2726 2226 2837 2302 δεῖν
2861 2248 2944 2301 ὅτι
2987 2244 3237 2300 κενοῦται
3266 2243 3329 2298 τὸ
3368 2243 3597 2314 πλῆρες,
3626 2242 3723 2293 καὶ

2144 2346 2202 2398 ὲν
2230 2342 2416 2397 δούλου
2463 2342 2642 2410 μορφῇ
2677 2338 2872 2406 γένοιτ“
2903 2336 2989 2396 ἂν,
3034 2335 3095 2387 ού
3122 2334 3184 2385 τδ
3212 2335 3278 2403 τῇ
3308 2331 3465 2401 φύσει
3513 2330 3723 2393 δοῦλον,

2147 2433 2285 2490 ἀλλὰ
2313 2433 2374 2485 τὸ
2400 2431 2509 2484 τών
2543 2433 2642 2499 τῆς
2676 2427 2920 2490 δουλείας
2950 2425 3207 2479 ἐπέκεινα
3244 2424 3478 2495 μέτρων.
3509 2421 3723 2474 Γίνεται

2146 2528 2203 2580 δὲ
2246 2527 2341 2580 καὶ
2371 2527 2427 2577 ὲν
2459 2521 2764 2593 ὁμοιώματι
2811 2516 3135 2588 ἀνθρώπων,
3173 2515 3236 2569 τὸ
3264 2515 3340 2585 μὴ
3373 2514 3550 2577 οὑτως
3598 2514 3719 2583 ἔχον

2145 2616 2288 2669 κατά
2332 2614 2493 2684 φύσιν
2540 2613 2670 2683 πρὶν
2721 2611 2970 2682 γένηται.
3016 2609 3127 2660 Καὶ
3159 2607 3241 2659 ὃτι
3276 2605 3627 2658 ταπεινοῦται
3662 2606 3724 2658 τὸ

2148 2708 2371 2779 ὑψηλὸν,
2404 2706 2566 2759 αὑτὸν
2610 2703 2939 2772 πιστεύομεν
2984 2700 3078 2754 τὸν
3123 2699 3218 2752 τοῦ
3255 2698 3390 2752 Θεοῦ
3430 2698 3602 2766 Λόγον
3631 2700 3727 2751 άν-

2149 2798 2436 2870 θρωπίνως
2466 2800 2524 2852 ἐν
2557 2795 2767 2857 τούτοις
2815 2792 3111 2861 γενέσθαι,
3149 2793 3273 2844 κατ’
3323 2790 3458 2843 ἰδίαν
3505 2788 3722 2859 Θέλησιν

2149 2891 2291 2961 ὑπὲρ
2342 2887 2531 2959 ἡμῶν·
2573 2885 2939 2956 μεμενηκέναι
2989 2884 3046 2937 δὲ
3100 2882 3300 2946 Θεῖκῶς
3345 2884 3403 2936 ὲν
3454 2884 3566 2943 tot;
3621 2880 3725 2949 τῆς

2154 2980 2291 3044 ἰδίας
2316 2978 2591 3049 ὑπεροχῆς
2622 2974 2899 3046 ὑψώμασι.
2914 2974 3100 3046 Ταύτῃ
3115 2991 3197 3026 τοι
3220 2974 3314 3026 καὶ
3337 2971 3726 3043 ὑπερυψῶσοαι

2151 3073 2394 3140 λέγεται,
2431 3070 2524 3123 καὶ
2564 3069 2749 3123 λαϐεῖν
2791 3069 2852 3121 τὸ
2894 3069 3064 3138 ὄνομα
3096 3067 3156 3120 τὸ
3199 3066 3339 3138 ὑπὲρ
3382 3067 3490 3119 πᾶν
3536 3065 3724 3133 ὄνομα,

2159 3162 2580 3237 προσκυνεῖσθαί
2608 3179 2667 3215 τε
2707 3161 2860 3232 παρὰ
2886 3161 3128 3223 πάντων,
3168 3158 3262 3211 καὶ
3298 3160 3377 3221 είς
3412 3156 3570 3221 δόξαν
3595 3155 3728 3208 Θεοῦ

2159 3256 2370 3326 Ηατρδς
2402 3252 2763 3325 ὀνομάζεσθαι
2784 3266 2809 3293 ι
2841 3251 3066 3322 Κύριος.
3098 3250 3291 3304 Καίτοι
3327 3250 3435 3319 γὰρ
3475 3248 3732 3318 ὑπάρχων

2157 3351 2216 3403 ὲν
2242 3352 2309 3420 τῇ
2337 3347 2431 3402 τοῦ
2468 3346 2683 3416 Πατρὸς
2715 3346 2982 3414 ὑπεροχῇ,
3006 3344 3100 3396 καὶ
3130 3344 3187 3395 ὲν
3216 3342 3479 3412 ἀρρήτοις
3510 3340 3734 3409 ὑψώμα-

2160 3458 2277 3494 σιν·
2321 3438 2508 3507 ἐπειδὴ
2551 3436 2792 3508 καθῆκεν
2831 3436 3024 3489 ἑαυτὸν
3056 3437 3136 3497 είς
3168 3434 3420 3497 κένωσιν,
3456 3434 3551 3486 καὶ
3582 3449 3735 3485 τετα-

2159 3529 2458 3583 πεινῶσθαι
2484 3528 2723 3596 λέγεται,
2762 3526 2976 3597 μορφὴν
3013 3526 3202 3579 δούλου
3234 3524 3448 3578 λαϐών·
3478 3524 3643 3593 ἀνέϐη
3678 3524 3735 3577 δὲ

2162 3622 2324 3677 πάλιν
2371 3624 2451 3685 είς
2499 3621 2590 3673 τὸν
2627 3619 2760 3673 ἴδιον
2816 3616 3063 3683 πλοῦτον,
3100 3618 3200 3688 τῆς
3250 3614 3545 3685 ἑνωθείσης
3591 3615 3737 3685 αὑτῷ

2164 3714 2401 3782 φύσεως,
2426 3711 2585 3781 δῆλον
2616 3710 2673 3764 δὲ
2702 3712 2784 3763 ὅτι
2817 3713 2915 3781 τῆς
2945 3708 3316 3780 ἀνθρωπίνης,
3334 3707 3433 3779 τὴν
3466 3705 3739 3777 πτωχείαν

2165 3803 2551 3877 ὑπερδραμὼν,
2584 3803 2756 3874 ταύτῃ
2799 3820 2882 3855 τοι
2916 3801 3099 3854 λαϐεῖν
3134 3800 3493 3871 ἀνθρωπίνως
3525 3799 3739 3867 λέγεται

2162 3898 2225 3951 τὸ
2248 3896 2334 3951 ἀεί
2361 3914 2421 3950 τε
2451 3898 2547 3950 καὶ
2577 3894 2968 3964 ἀναποϐλήτως
3017 3892 3324 3964 ἐνυπάρχον
3367 3891 3539 3962 αὑτῷ,
3584 3907 3739 3944 τουτ-

2166 3992 2282 4045 έστι
2313 3990 2375 4043 τὸ
2406 3984 2544 4043 εἶναι
2572 3988 2704 4052 Θεὸς
2734 3989 2827 4041 καὶ
2861 3987 2971 4040 τῶν
3011 3987 3148 4040 ὅλων
3179 3987 3405 4057 Κύριος.
3434 3986 3546 4039 Καὶ
3583 3986 3741 4055 ειπερ

2164 4082 2312 4136 ἐστὶν
2345 4080 2563 4143 εὑκλεὲς
2591 4078 2670 4149 τῷ
2715 4079 2890 4149 Πατρὶ
2929 4078 2989 4131 τὺ
3035 4076 3239 4150 Κύριον
3287 4077 3431 4147 ἔχειν
3468 4076 3577 4129 τῶν
3603 4075 3743 4129 ὅλων

2164 4175 2256 4228 τὸν
2293 4173 2424 4226 ίδιον
2446 4172 2594 4236 Υἰὸν,
2623 4171 2741 4233 πῶς
2760 4170 2861 4223 οὑκ
2890 4170 3088 4239 ἀληθὲς
3117 4171 3312 4235 εἰπεῖν,
3330 4170 3413 4222 ὅτι
3442 4168 3741 4237 τετήρηται

2164 4268 2327 4322 πάλιν
2363 4265 2535 4337 αὑτῷ,
2573 4266 2667 4319 καὶ
2693 4264 2792 4335 τὴν
2822 4262 2917 4316 τοῦ
2943 4263 3134 4317 δούλου
3167 4262 3389 4316 λαϐόντι
3422 4260 3656 4331 μορφὴν,
3680 4259 3743 4311 τὸ

2165 4359 2449 4429 ἐλεύθερον
2498 4356 2592 4409 καὶ
2624 4355 2722 4425 τῆς
2761 4355 2904 4407 κατὰ
2937 4356 3155 4409 πάντων
3204 4352 3526 4426 κυριότητός
3559 4368 3617 4405 τε
3647 4354 3742 4404 καὶ

2168 4450 2413 4516 ἔξουσίας
2436 4449 2497 4502 τὸ
2520 4446 2828 4517 ὑπερφερὲς
2863 4444 3076 4515 ἀξίωμα
3097 4462 3113 4513 ;

487 4558 627 4596 esse.
671 4539 911 4607 Denique
949 4537 991 4591 si
1042 4534 1184 4589 Patri
1219 4533 1571 4588 honorificum
1608 4545 1692 4590 est
1758 4536 1952 4593 Filium
2020 4538 2224 4598 habere
2286 4544 2379 4612 qui
2427 4542 2479 4597 in
2525 4554 2716 4595 omnes
2762 4550 2818 4594 et
2858 4538 3038 4593 omnia
3107 4539 3407 4594 dominium
3463 4542 3744 4606 obtineat;

487 4635 571 4688 ι·ύὶ
600 4634 819 4687 dubium
850 4645 970 4684 esse
1004 4635 1203 4698 potest,
1255 4627 1385 4695 quin
1448 4626 1523 4680 illi
1571 4626 1739 4681 etiam
1783 4640 1905 4698 post
1948 4632 2089 4686 servi
2134 4634 2362 4690 formam
2443 4641 2722 4702 acceptam
2773 4630 3021 4699 libertas,
3069 4631 3605 4702 supernaturalisque
3651 4648 3743 4703 po-

491 4726 703 4786 testatis
731 4735 784 4780 et
822 4716 1211 4777 douiiuationis
1253 4720 1305 4773 iu
1342 4734 1531 4775 omnes
1569 4722 1807 4792 dignitas
1848 4724 2063 4797 integra
2104 4727 2175 4782 sit
2202 4726 2524 4784 asservata?

558 4839 679 4894 XX.
709 4856 729 4891 ι
762 4836 979 4890 Gratias
1006 4844 1229 4905 agentes
1258 4832 1429 4897 Patri,
1465 4834 1557 4902 qui
1591 4836 1782 4906 dignos
1808 4854 1907 4895 nos
1935 4839 2048 4897 fecit

2239 4841 2325 4897 κ’.
2378 4859 2396 4892 α
2434 4837 2897 4910 Εὑχαριστοῦντες
2946 4838 3026 4909 τῷ
3072 4840 3247 4912 Πατρὶ
3286 4840 3364 4911 τῷ
3420 4842 3750 4897 ἱκανώσαντι

490 4935 543 4988 in
573 4940 782 5003 partem
830 4928 993 4982 sortis
1041 4925 1544 4997 sanctorum-153
1594 4928 1645 4981 iu
1686 4929 1932 4987 lumine:
1973 4934 2065 5002 qui

489 5020 691 5092 eripuit
719 5032 819 5073 nos
852 5019 918 5072 de
955 5024 1222 5085 potestate
1251 5016 1623 5081 tenebrarum,
1684 5030 1738 5074 et
1792 5023 2072 5077 ιηηειυιίι

492 5115 547 5167 in
572 5128 792 5182 regnum
845 5110 969 5165 Filii
1022 5110 1334 5167 dilectionis
1367 5128 1513 5178 suae;
1555 5114 1605 5167 iu
1658 5130 1767 5182 quo
1809 5115 2074 5172 trahemus

492 5206 960 5274 redemptionem,
1010 5213 1063 5258 et
1117 5205 1493 5259 remissionem
1532 5218 1928 5274 peccatorum:
1981 5207 2073 5276 qui

492 5304 577 5351 est
632 5296 808 5366 imago
872 5295 967 5350 Dei
1039 5294 1371 5361 invisibilis,
1434 5296 1829 5366 primogenitus
1899 5298 2075 5352 omnis

458 5458 459 5461 η
493 5399 758 5444 creatum
792 5405 805 5441 :
843 5387 1098 5458 quoniam
1140 5387 1193 5441 in
1219 5387 1334 5457 ipso
1387 5388 1602 5441 conditu
1655 5400 1781 5442 sunt
1823 5388 2074 5443 universa

497 5481 551 5537 in
598 5479 753 5537 cmlis
798 5489 853 5536 et
909 5480 963 5536 in
1015 5488 1187 5545 terra,
1222 5479 1453 5535 \‘isibilia
1507 5490 1561 5534 et
1611 5481 1924 5546 invisibilia,
1961 5483 2077 5538 sive

2176 4934 2323 5005 ἡμᾶς
2348 4934 2428 4996 εἰς
2455 4930 2555 5001 τὴν
2601 4930 2794 5001 μερίδα
2831 4930 2925 4983 τοῦ
2980 4931 3182 5002 κλήρου
3224 4933 3333 4986 τῶν
3365 4934 3533 5002 ἁγίων
3581 4938 3638 4987 ὲν
3672 4936 3751 5005 τῷ

2177 5024 2349 5095 φωτίο
2381 5023 2441 5087 ὃς
2479 5022 2751 5091 ἐρρύσατο
2776 5023 2924 5093 ἡμᾶς
2976 5023 3039 5076 ἐκ
3068 5023 3167 5093 τῆς
3208 5023 3451 5091 ἐξουσίας
3494 5024 3589 5078 τοῦ
3628 5027 3753 5079 axo-

2173 5132 2319 5179 τους,
2351 5116 2447 5168 καὶ
2477 5115 2807 5186 μετέστησεν
2840 5118 2919 5179 είς
2941 5115 3038 5187 τὴν
3071 5115 3349 5186 βασιλείαν
3377 5118 3472 5169 τοῦ
3504 5116 3631 5170 Υίοῦ
3652 5122 3755 5188 τῆς

2175 5208 2396 5277 ἀγάπης
2427 5206 2617 5270 αὑτοῦ,
2664 5207 2721 5258 ὲν
2768 5198 2812 5274 ᾧ
2844 5206 3041 5278 ἔχομεν
3081 5208 3180 5277 τὴν
3218 5208 3617 5279 ἀπολύτρωσιν,
3655 5211 3755 5281 τὴν

2180 5299 2377 5369 ἄφεσιν
2433 5297 2542 5352 τῶν
2580 5299 2866 5372 ἁμαρτιῶν
2884 5316 2897 5329 ·
2922 5300 2980 5363 ὃς
3013 5300 3162 5353 ἐστιν
3190 5298 3352 5353 εἰκὼν
3378 5299 3471 5352 τοῦ
3499 5299 3633 5352 Θεοῦ
3661 5302 3757 5353 τοῦ

2178 5392 2435 5463 ἀοράτου,
2478 5391 2825 5464 πρωτότοκος
2874 5392 3052 5462 πάσης
3098 5391 3361 5455 κτίσεως·
3391 5392 3473 5445 ὅτι
3511 5393 3569 5445 ὲν
3609 5392 3763 5462 αὐτῷ

2183 5484 2406 5555 ἐκτίσθη
2433 5484 2502 5538 τὰ
2532 5484 2710 5538 πάντα
2750 5485 2806 5538 ὲν
2841 5487 2951 5549 τοῖς
2987 5484 3233 5557 οὐρανοῖς
3266 5484 3361 5539 καὶ
3387 5485 3478 5540 ἐπὶ
3503 5485 3598 5555 τῆς
3630 5486 3761 5556 γῆς.

1593 5660 1767 5717 νοτία»
1792 5660 2051 5719 lectiones
2081 5662 2283 5719 codicis
2318 5662 2678 5734 Seguieriaui.

569 5828 602 5862 ι
634 5821 965 5892 ὠνομάσθαι.
