4132 6514
518 406 647 461 1361

1325 409 1416 465 AD
1455 410 1752 469 REGINAS
1794 411 1880 468 DE
1923 410 2147 468 RECTA
2188 407 2346 466 FIDE
2386 410 2647 466 ORATIO
2683 411 2984 468 ΑιΤΕιιΑ.

3626 408 3767 463 1552

509 524 577 578 τὰ
604 522 778 594 ὁρατά
820 523 915 579 καὶ
944 523 1014 579 τά
1055 525 1285 597 ἀόρατα,
1316 526 1427 580 εἴτε
1458 528 1648 599 Θρόνοι
1668 570 1683 595 ,
1732 530 1843 583 εἴτε
1876 529 2079 599 Κοριό-

2186 526 2392 583 Throni
2415 568 2430 589 .
2483 527 2599 583 sive
2631 526 3059 595 Dominationes,
3099 528 3215 584 sive
3249 526 3614 597 Principatus,
3646 526 3763 581 sive

505 630 689 684 τητες,
738 615 849 669 εἴτε
902 616 1114 688 ’Λρχαί,
1162 618 1269 671 εἴτε
1311 606 1615 683 Ἐξουσίαιο
1669 621 1739 675 τά
1787 621 1966 675 πάντα
2014 621 2081 673 δι’

508 705 674 759 αὐτοῦ
720 707 815 761 καὶ
864 707 945 771 εἰς
977 709 1139 763 αὑτὸν
1172 709 1443 765 ἔκτισται’
1476 713 1571 766 καί¹
1620 712 1783 776 αὐτός
1823 714 1939 766 ἐστι
1978 712 2084 784 πρὸ

508 798 751 862 πάντων,
797 798 895 852 καὶ
936 799 1007 853 τὰ
1064 799 1240 855 πάντα
1289 802 1348 854 ὲν
1394 802 1543 873 αὑτῷ
1597 804 1918 874 συνέστηκε.
1972 804 2086 859 Καὶ

508 889 669 952 αὑτός
704 890 852 943 ἐστιν
879 890 913 960 ἡ
946 889 1159 962 κεφαλὴ
1188 891 1281 945 τοῦ
1310 891 1562 964 σώματος
1594 894 1691 964 τῆς
1731 894 2082 965 Ἐκκλησίας,

506 982 566 1045 ὃς
596 981 747 1034 ἐστιν
778 981 943 1052 ἀρχὴ,
981 982 1326 1053 πρωτότοκος
1372 982 1438 1037 ὲκ
1464 983 1576 1038 τῶν
1597 983 1828 1055 νεκρῶν,
1863 984 1950 1037 ἴνα
1992 972 2086 1051 γέ-

506 1088 665 1144 νηται
696 1073 754 1126 ὲν
785 1075 952 1128 πᾶσιν
984 1074 1149 1139 αὐτὸς
1182 1074 1478 1147 πρωτεύων
1498 1092 1511 1106 ⁸
1553 1078 1637 1131 ὅτι
1666 1077 1723 1131 ὲν
1753 1075 1904 1147 αὐτῷ
1936 1075 2083 1130 εὑδόο

507 1177 644 1231 κησε
697 1163 807 1216 πᾶν
839 1162 902 1215 τὸ
949 1162 1227 1234 πλήρωμα
1269 1164 1615 1236 κατοικῆσαι,
1667 1166 1763 1220 καὶ
1802 1165 1874 1219 δι’
1919 1164 2083 1220 αὐτοῦ

507 1253 953 1320 ἀποκαταλλάξαι
995 1255 1063 1309 τά
1109 1257 1290 1310 πάντα
1320 1257 1401 1321 εἰς
1430 1256 1622 1312 αὐτόν’
1668 1258 2086 1330 εἰρηνοποιήσας

504 1342 593 1397 διὰ
618 1343 711 1397 τοῦ
731 1345 961 1415 αἵματος
991 1346 1086 1400 τοῦ
1119 1345 1357 1417 σταυροῦ
1387 1347 1575 1412 αὐτοῦ,
1616 1348 1726 1401 εἴτε
1757 1346 1828 1403 τά
1866 1349 1960 1401 ἐπὶ
1986 1348 2086 1418 τῆς

505 1435 628 1504 γῆς,
674 1436 784 1488 εῐτε
828 1438 897 1490 τὰ
932 1439 991 1491 ἐν
1036 1440 1150 1501 τοῖς
1190 1439 1460 1509 οὐρανοῖς.
1509 1457 1530 1492 ι
1572 1439 1771 1494 Εἰκόνα
1809 1440 1944 1512 φησί
1988 1440 2084 1494 τοῦ

505 1525 744 1597 ἀοράτου
776 1526 913 1581 Θεοῦ
948 1528 1038 1582 τὸν
1081 1529 1141 1593 ἐξ
1181 1528 1347 1584 αὑτοῦ
1380 1529 1708 1601 γεννηθέντα
1740 1530 1880 1586 κατά
1925 1530 2086 1599 φύσιν

505 1618 655 1686 Υἱὸν,
685 1621 933 1676 τουτέστι
963 1622 1057 1676 τὸν
1095 1622 1230 1676 Θεὸν
1259 1623 1433 1692 Λόγον
1452 1636 1467 1651 ⁶
1502 1623 1600 1677 καὶ
1647 1623 1753 1693 μὴν
1777 1624 1861 1677 ὅτι
1890 1622 1956 1677 δι’
1986 1625 2085 1678 αὑ-

503 1712 597 1765 τοῦ
631 1713 701 1767 τά
729 1714 909 1769 πάντα
940 1714 1196 1785 παρήχθη
1226 1714 1362 1786 πρὸς
1387 1714 1625 1784 γένεσιν,
1657 1714 1769 1768 εἴτε
1796 1714 1866 1768 τὰ
1891 1716 2084 1787 ὁρατὰ,

503 1803 614 1856 εἴτε
653 1804 722 1857 τά
751 1804 978 1877 ἀόρατα,
1016 1805 1074 1859 ἐν
1106 1824 1167 1860 τε
1196 1807 1413 1878 οὐρανῷ
1443 1809 1540 1862 καὶ
1564 1808 1657 1861 ἐπὶ
1691 1808 1794 1880 τῆς
1821 1807 1926 1878 γῆς
1948 1825 1962 1839 ·
1989 1810 2085 1863 καὶ

2185 616 2509 681 Potestates,
2538 616 2717 671 omnia
2743 633 2838 687 per
2863 618 3037 686 ipsum
3059 628 3112 673 et
3146 620 3200 673 in
3242 618 3360 689 ipso
3390 626 3574 671 creata
3593 626 3754 670 sunt:

2185 717 2238 763 et
2271 710 2387 777 ipse
2416 714 2499 762 est
2527 716 2652 762 ante
2678 722 2898 772 omnes,
2930 718 2987 763 et
3024 708 3202 765 omnia
3238 709 3289 762 in
3329 708 3447 777 ipso
3475 715 3754 762 constant.

2185 798 2253 855 Et
2286 800 2400 869 ipse
2429 808 2514 855 est
2537 808 2702 870 caput
2737 800 2982 868 corporis
3015 800 3294 868 Ecclesiae,
3349 800 3441 868 qui
3486 807 3570 853 est
3606 799 3759 866 prin-

2185 891 2412 960 cipium,
2447 890 2847 962 primogenitus
2889 906 2956 945 ex
3004 893 3261 957 mortuis,
3321 901 3380 946 ut
3431 892 3501 945 sit
3552 891 3665 959 ipse
3707 890 3760 943 in

2183 983 2435 1038 omnibus
2463 983 2765 1052 primatum
2812 990 3001 1036 tenens
3039 1000 3054 1036 :
3090 982 3218 1051 quia
3270 980 3324 1035 in
3367 982 3484 1051 ipso
3518 978 3760 1050 compla-

2185 1074 2301 1129 cuit
2324 1088 2542 1131 omnem
2598 1072 2989 1143 plenitudinem
3034 1073 3367 1138 inhabitare,
3416 1081 3470 1128 et
3515 1088 3609 1142 per
3634 1085 3759 1126 eum

2185 1167 2366 1223 omnia
2400 1167 2757 1224 reconciliare
2811 1168 2864 1222 in
2908 1167 3132 1237 ipsum:
3169 1164 3464 1234 paciﬁcans
3500 1179 3596 1234 per
3629 1178 3759 1217 san-

2187 1260 2403 1330 guinem
2448 1259 2629 1315 crucis
2664 1260 2782 1330 ejus
2818 1260 2934 1314 sive
2964 1273 3083 1327 quae
3114 1257 3166 1312 iu
3203 1257 3384 1321 terris,
3414 1258 3529 1310 sive
3554 1271 3673 1324 quae
3704 1256 3758 1309 in

2187 1350 2339 1407 ctelis
2375 1360 2500 1406 sunt
2525 1351 2592 1405 “.
2630 1370 2650 1404 ι
2684 1351 2915 1406 Docetur
2945 1349 3058 1414 hic,
3100 1349 3190 1404 Dei
3241 1348 3491 1411 Verbum,
3548 1348 3648 1403 hoc
3682 1355 3764 1402 est

2187 1440 2383 1495 Filium
2434 1441 2756 1496 naturaliter
2806 1456 2871 1494 ex
2924 1441 3016 1495 illo
3058 1450 3271 1502 natum,
3333 1439 3617 1494 invisibilis
3664 1436 3758 1491 Dei

2191 1531 2478 1601 imaginem
2505 1547 2667 1587 esse:
2710 1532 2895 1586 adhaec
2934 1531 3114 1585 omnia
3152 1530 3387 1585 visibilia
3419 1541 3473 1584 et
3512 1530 3758 1584 invisibi-

2189 1622 2284 1687 lia,
2314 1623 2429 1679 sive
2465 1623 2515 1678 in
2550 1623 2724 1688 caelis,
2756 1624 2870 1678 sive
2904 1623 2956 1677 in
2987 1622 3171 1686 terris,
3205 1637 3302 1691 per
3329 1621 3504 1690 ipsum
3536 1621 3757 1676 condita

2188 1728 2348 1770 esse:
2380 1714 2549 1783 ipsum
2585 1726 2845 1785 praeterea
2873 1716 3054 1770 omnia
3090 1714 3411 1769 antecedere
3443 1716 3489 1783 (ι
3521 1713 3577 1767 In
3606 1715 3758 1783 prin-

2189 1807 2331 1875 cipio
2354 1808 2497 1862 enim
2522 1821 2641 1862 erat
2664 1807 2896 1864 Verbum
2916 1808 3042 1877 ³³)),
3062 1807 3491 1876 smculonnnqne
3516 1807 3759 1861 rondito-

501 1896 586 1950 ὅτι
606 1897 713 1968 πρὸ
736 1868 1130 1953 πάντωννὲστὶν
1152 1868 1315 1963 αὐτὸς
1334 1868 1490 1970 (ι”Εν
1512 1900 1651 1972 ἀρχῇ
1981 1901 2075 1954 A6-

2190 1913 2301 1954 rem
2351 1913 2515 1955 esse:
2553 1899 2932 1955 exsisteutiam
2989 1908 3262 1970 postremo
3315 1900 3463 1954 omni
3520 1907 3761 1968 tempore

501 1992 677 2057 γοςι),
696 1991 790 2044 καὶ
815 1991 977 2054 αὑτός
1001 1994 1149 2046 ἐστιν
1177 1992 1206 2045 ό
1232 1991 1343 2045 τῶν
1376 1992 1589 2047 αἰώνων
1617 1994 1963 2065 δημιουργὸς,
1987 1994 2083 2049 καί.

505 2081 702 2149 χρόνου
770 2081 972 2145 παντὸς
1022 2082 1404 2155 πρεσϐυτέραν
1458 2084 1598 2154 ἔχων
1663 2085 1763 2155 τὴν
1824 2084 2078 2157 ὓπαρξιν.

516 2172 675 2226 ’Λὶῖλά
705 2173 796 2226 τὸν
822 2174 996 2237 οὕτως
1022 2174 1217 2245 ἔχοντα
1262 2175 1404 2230 κατά
1452 2178 1613 2246 φύσιν
1660 2177 1796 2231 ἰδίαν
1834 2176 2081 2232 δεδόσθαι

504 2264 638 2332 φησι
681 2265 833 2334 παρὰ
874 2265 970 2318 τοῦ
1016 2266 1230 2336 Πατρὸς
1266 2266 1512 2338 κεφαλὴν
1554 2265 1650 2320 τοῦ
1691 2266 1944 2338 σώματος
1981 2267 2081 2338 τῆς

515 2355 863 2426 Ἑκκλησίας,
910 2357 1072 2411 αὐτόν
1103 2374 1165 2411 τε
1208 2353 1348 2412 εἶναι
1378 2359 1469 2412 τὸν
1498 2359 1841 2431 πρωτότοκον
1869 2361 1935 2413 ὲκ
1971 2360 2081 2414 τῶν

504 2445 735 2517 νεκρῶν.
762 2442 898 2501 Εἶτα
919 2447 1038 2512 πῶς
1073 2449 1333 2520 ὑπάρχων
1363 2450 1451 2504 ἀεὶ
1476 2450 1611 2515 Θεὸς
1636 2451 1830 2520 Λόγος,
1862 2453 1920 2504 ὲν
1946 2444 1991 2519 ᾧ
2010 2452 2080 2506 τὰ

505 2541 680 2596 πάντα
714 2543 1033 2614 συνέστηκε,
1063 2546 1406 2615 πρωτότοκος
1434 2547 1544 2600 τῶν
1586 2547 1796 2620 νεκρῶν
1824 2548 2079 2617 γενέσθαι

502 2628 745 2698 λέγεται,
776 2632 872 2687 καὶ
902 2634 1125 2706 ἀπαρχὴ
1156 2634 1265 2688 τῶν
1299 2638 1738 2709 κεκοιμημένων,
1758 2641 1806 2692 εἰ
1832 2640 1905 2710 μή
1929 2641 2078 2693 ἐστιν

500 2721 668 2776 αὐτοῦ
695 2723 837 2777 κατά
862 2724 1122 2791 ἀλήθειαν
1158 2725 1287 2779 ἴδιον
1323 2727 1483 2797 σῶμα
1515 2728 1575 2781 τὸ
1600 2730 1731 2799 παρ’
1774 2729 1940 2783 αὐτοῦ
1984 2731 2079 2799 λη-

514 2812 667 2879 φθὲν,
700 2808 760 2867 οὗ
788 2815 1113 2880 πεπονθότος
1147 2817 1239 2870 τὸν
1281 2817 1533 2884 θάνατον,
1580 2821 1744 2886 αὐτὸς
1793 2822 1860 2876 ἂν
1908 2826 2079 2876 νοοῖτο

503 2905 729 2970 mnsit);
763 2906 862 2959 οὐκ
905 2907 1167 2963 ἀπίθανον
1191 2908 1407 2979 ἔχοντος
1445 2910 1604 2979 λόγον
1652 2913 1711 2965 ὲν
1766 2912 1946 2984 ἐαυτῷ
1980 2913 2076 2967 τοῦ

504 2993 949 3066 συμϐεϐηκότος’
983 2997 1219 3051 πέπονθε
1273 3000 1382 3072 γὰρ
1425 3000 1486 3053 τὸ
1532 3002 1662 3056 ἴδιον
1689 3002 1891 3057 αὐτοῦ’
1932 3004 2078 3060 οὕτω

500 3085 703 3138 νοεῖται
730 3084 1078 3156 πρωτότοκος
1115 3090 1180 3142 ὲκ
1216 3089 1326 3142 τῶν
1355 3091 1588 3162 νεκρῶν,
1619 3093 1796 3146 καίτοι
1830 3094 1930 3165 τὴν
1969 3094 2073 3164 φύ-

504 3190 591 3227 σιν
614 3173 883 3242 άθάνατος
919 3178 1019 3245 ὢν,
1059 3181 1151 3233 καὶ
1180 3182 1342 3245 αὐτὸς
1376 3184 1729 3255 χρηματίζων
1771 3184 1909 3257 ζωή.
1945 3187 2076 3241 Ὅτε

498 3267 681 3319 τοίνυν
708 3268 917 3323 δέδοται
949 3271 1157 3343 κεφαλὴ
1186 3271 1280 3326 τοῦ
1308 3273 1559 3345 σώματος
1583 3278 1681 3348 τῆς
1722 3277 2071 3350 Ἐκκλησίας,

500 3355 689 3418 καθεὶς
734 3357 926 3412 ἑαυτὸν
956 3362 1036 3422 είς
1064 3360 1316 3427 κένωσιν,
1349 3364 1469 3416 τότε
1498 3364 1713 3433 λέγεται
1744 3367 1840 3419 καὶ
1869 3368 2077 3421 ἀποθα-

502 3450 615 3501 νεῖν
645 3448 1003 3521 ἀνθρωπίνως
1029 3451 1168 3525 ὑπὲρ
1199 3454 1378 3525 ἡμῶν,
1399 3456 1428 3507 ὁ
1450 3457 1644 3512 παθεῖν
1672 3458 1773 3512 οὐκ
1802 3459 1959 3524 εἰδὼς
1985 3461 2077 3514 τὸν

502 3536 733 3599 θάνατον
762 3540 840 3606 ὡς
867 3542 1019 3608 Θεός.

571 3722 707 3780 KA'.
744 3723 1004 3796 Λέγοντος
1049 3726 1108 3781 δὲ
1158 3727 1253 3782 τοῦ
1306 3730 1574 3799 μακαρίου
1613 3731 1851 3797 Παύλου,
1897 3734 1980 3787 ὃτι
2017 3736 2077 3789 ἐν

499 3814 649 3885 αὖτῷ
676 3816 967 3889 κατῴκησεν
989 3821 1096 3873 πᾶν
1115 3821 1175 3873 τὸ
1204 3820 1498 3893 πλήρωμα,
1533 3826 1692 3892 φαῖεν
1724 3824 1790 3880 ἂν
1825 3826 1956 3890 ῐσως
1992 3845 2073 3880 τι·

499 3906 617 3970 νές·
658 3906 788 3961 Ἰδοὺ
819 3909 1053 3980 Χριστὸν
1084 3911 1168 3963 ἓτε
1180 3929 1270 3982 ρον
1299 3908 1439 3966 οἶδεν
1468 3914 1650 3978 ίδικῶς
1675 3914 1766 3970 τὸν
1792 3920 1856 3970 ἐκ
1883 3934 2075 3987 γυναι-

500 3996 596 4059 κὸς
622 3996 927 4067 ἄνθρωπον,
970 4001 1027 4053 ὲν
1052 3994 1096 4068 ᾧ
1130 4002 1453 4074 κατῴκησεν
1483 4004 1557 4068 ὡς
1587 4006 1775 4077 ἕτερος
1820 4012 1950 4079 παρ’
1978 4010 2075 4062 αὐ-

499 4086 591 4141 τὸν
632 4088 886 4159 Χριστὸς,
937 4092 1031 4144 καὶ
1082 4092 1265 4158 ίδικῶς
1302 4095 1330 4147 ὁ
1368 4095 1556 4163 Λόγος,
1592 4098 1712 4166 ἢτοι
1756 4100 1977 4169 Πνεῦμα
2015 4101 2076 4154 τὸ

501 4178 779 4251 πλήρωμα
821 4183 921 4251 τῆς
971 4181 1224 4255 θεότητος
1280 4188 1625 4257 σωματικῶς.
1685 4190 1830 4261 Πρὸς
1888 4192 1951 4263 δὴ
2005 4193 2075 4246 τὰ

498 4273 676 4327 τοιάδε
726 4275 925 4346 φαμὲν,
973 4276 1053 4329 ὅτι
1105 4276 1199 4330 δύο
1245 4278 1514 4348 Χριστοὺς
1561 4282 1590 4333 ό
1631 4284 2076 4354 πνευματοφόρος

500 4364 600 4417 οὐκ
633 4360 793 4428 οἶδεν,
827 4364 944 4419 ἀλλ’
995 4367 1093 4420 ἕνα
1120 4366 1399 4438 κηρύττει,
1451 4370 1705 4439 καθάπερ
1750 4372 1941 4442 ἀμέλει
1981 4376 2074 4429 καὶ

518 4460 599 4509 ’να
623 4457 870 4529 Πατέρα.
906 4476 925 4510 ι
967 4458 1129 4529 Ἡμῖν
1157 4460 1285 4531 γὰρ,
1317 4462 1499 4531 φησὶν,
1530 4456 1610 4526 εἷς
1637 4463 1770 4527 Θεὸς
1797 4464 1826 4515 ό
1860 4466 2072 4538 Πατὴρ,

2186 1992 2549 2061 antiquiorem
2599 1992 2817 2048 habere.
2880 1992 3154 2059 Ejusmodi
3220 2000 3403 2045 autem
3462 1991 3622 2044 bonis
3674 2005 3760 2044 se-

2183 2085 2423 2138 cundum
2477 2084 2752 2153 propriam
2805 2094 3055 2139 naturam
3101 2084 3458 2144 cumulatum,
3490 2083 3761 2152 primoge-

2185 2175 2355 2230 nitum
2394 2190 2460 2230 ex
2500 2177 2755 2240 mortuis,
2795 2184 2847 2230 et
2900 2184 3064 2245 caput
3115 2176 3361 2245 corporis
3412 2174 3671 2230 Ecclesia:
3725 2192 3757 2227 ο

2183 2268 2293 2323 Deo
2317 2265 2478 2322 Patre
2505 2268 2689 2321 datum
2736 2282 2855 2322 esse
2900 2268 3153 2321 allirmal.
3200 2266 3318 2321 Jam
3354 2267 3623 2335 quomodo
3666 2269 3765 2334 qui

2182 2358 2276 2413 Dei
2308 2357 2485 2413 Patris
2528 2356 2763 2412 Verbum
2808 2369 2915 2422 est,
2954 2374 3273 2428 semperque
3308 2359 3440 2421 fuit,
3471 2374 3567 2428 per
3596 2375 3757 2428 quem

2180 2447 2362 2502 o'mnia
2408 2456 2681 2513 constant,
2736 2449 3134 2517 primogenitus
3184 2465 3251 2503 ex
3308 2451 3559 2516 mortuis,
3627 2451 3756 2503 dor-

2180 2538 2571 2608 mientiumque
2622 2539 2876 2608 primitim
2919 2540 3240 2609 appellatur,
3291 2542 3333 2595 si
3372 2557 3572 2611 corpus
3614 2547 3771 2609 quod

2180 2629 2479 2697 assumpsit
2506 2644 2632 2682 vere
2664 2629 2807 2681 illius
2841 2630 3116 2698 proprium
3155 2647 3258 2685 non
3283 2642 3423 2694 erat,
3456 2648 3562 2698 quo
3594 2633 3753 2685 nimi-

2182 2736 2298 2775 rum
2347 2721 2439 2775 illo
2495 2730 2724 2775 mortem
2774 2721 3042 2777 subeunte
3086 2724 3201 2791 ipse
3253 2731 3481 2777 mortem
3517 2724 3754 2777 subiisse

2181 2812 2554 2882 intelligatur?
2603 2812 2791 2882 Neque
2852 2815 2997 2868 enim
3049 2815 3183 2868 citra
3217 2815 3419 2881 justam
3449 2831 3669 2869 causam
3704 2816 3753 2867 id

2179 2902 2258 2957 illi
2292 2903 2557 2958 accidisse
2597 2904 2820 2970 dicitur,
2872 2908 3012 2971 quod
3058 2909 3295 2974 corpori,
3342 2910 3486 2977 quod
3539 2924 3767 2976 passum.

2178 3005 2280 3057 est,
2307 3004 2363 3049 et
2384 2995 2527 3049 illius
2562 2997 2835 3066 proprium
2870 3006 3008 3061 erat,
3053 3000 3323 3053 accidisse
3357 3001 3626 3053 novimus.
3665 3002 3759 3053 Ad:

2178 3085 2322 3139 hunc
2374 3084 2555 3154 itaque
2612 3088 2826 3139 modum
2886 3088 3101 3142 etiamsi
3152 3091 3447 3145 secundum
3503 3105 3753 3144 naturam

2105 3211 2151 3273 ο
2184 3177 2531 3243 immortalis,
2566 3187 2622 3231 et
2647 3180 2753 3232 vita
2808 3195 2904 3248 per
2961 3182 3254 3235 essentiam
3304 3184 3556 3247 exsistat,
3607 3201 3753 3236 mor-

2182 3276 2396 3322 tuorum
2460 3270 2847 3338 primogenitus
2902 3286 3023 3324 esse
3084 3274 3457 3341 cognoscitur.
3525 3274 3762 3340 Quando

2179 3359 2346 3428 igitur
2375 3359 2533 3414 datus
2561 3369 2647 3414 est
2684 3371 2844 3430 caput
2878 3364 3123 3433 corporis
3163 3364 3420 3422 Ecclesiae
3452 3369 3754 3436 semetipso

2179 3450 2243 3503 ad
2297 3450 2722 3503 exinanitionem
2781 3453 3037 3517 demisso,
3091 3455 3260 3509 nostri
3314 3472 3473 3509 causa
3524 3470 3752 3512 mortem

2177 3541 2473 3595 secundum
2526 3551 2775 3595 naturam
2833 3544 3122 3598 humanam
3178 3549 3475 3616 oppetiisse
3527 3549 3747 3615 dicitur,

2176 3629 2267 3698 qui
2292 3638 2345 3681 ut
2382 3629 2523 3683 Deus
2555 3630 2743 3684 mortis
2775 3632 3001 3685 omnino
3033 3635 3256 3701 ignarus
3289 3644 3428 3688 erat.

2268 3720 2408 3775 XXI.
2457 3721 2725 3776 Catterum
2784 3724 2927 3792 quod
2998 3725 3189 3780 beatus
3266 3727 3465 3782 Paulus
3536 3746 3751 3784 omnem

2178 3814 2568 3883 plenitudinem
2604 3814 2654 3867 in
2681 3815 2795 3883 ipso
2830 3814 3167 3871 inhabitasse
3198 3828 3433 3884 asserat,
3462 3821 3621 3892 144
3645 3840 3759 3876 non

2177 3907 2405 3960 deerunt
2443 3906 2694 3962 fortassis
2741 3908 2833 3977 qui
2860 3909 2948 3963 hic
2996 3908 3070 3962 ita
3122 3911 3383 3979 objiciunt
3416 3914 3534 3968 :Eu
3574 3918 3749 3970 homi—

2177 4012 2299 4052 nem
2351 4013 2418 4053 ex
2462 3999 2689 4054 muliere
2738 4010 2942 4065 ortum,
2994 4002 3267 4057 Christum
3297 4002 3528 4058 alterum
3566 4022 3661 4073 per
3692 4024 3753 4062 se

2176 4100 2232 4144 et
2272 4089 2568 4144 secundum
2594 4105 2655 4145 se
2678 4092 2978 4158 exstitisse,
3011 4094 3232 4159 indicat,
3268 4094 3321 4149 in
3350 4110 3458 4164 quo
3494 4097 3757 4164 Verbum,

2180 4178 2281 4232 hoc
2304 4187 2391 4232 est
2433 4178 2693 4247 Spiritus,
2722 4181 3136 4251 divinitatisque
3169 4183 3468 4253 plenitudo,
3494 4196 3747 4258 laminam

2177 4270 2314 4323 alter
2344 4271 2561 4340 quidam
2593 4272 2842 4327 Christus
2874 4289 3119 4331 seorsum
3159 4280 3227 4334 ab
3268 4280 3440 4335 altero
3467 4282 3557 4336 illo
3582 4321 3596 4345 ,
3627 4298 3753 4335 eor-

2177 4360 2437 4428 poraliter
2488 4360 2822 4413 inhabitat-it.
2881 4363 2961 4417 Ad
3012 4367 3127 4421 haec
3178 4384 3311 4424 sane
3361 4372 3766 4439 respondemus.

2178 4453 2401 4509 Paulum
2434 4456 2522 4510 Dei
2558 4457 2763 4526 Spiritu
2792 4460 3027 4514 alllatum
3059 4463 3402 4531 nequaquam
3429 4464 3565 4519 duos
3594 4479 3757 4534 agno-

536 4547 560 4612 ξ
592 4542 652 4601 οὗ
681 4550 749 4602 τὰ
775 4549 1075 4614 πάντα,καὶ
1106 4553 1266 4622 ἡμεῖς
1299 4554 1377 4617 εἰς
1412 4554 1597 4610 αὐτόν.
1620 4556 1730 4610 Καὶ
1757 4550 1842 4620 εἷς
1868 4557 2072 4628 Κύριος

2180 4544 2322 4599 visse
2366 4545 2635 4614 Christos,
2699 4550 2793 4602 sed
2851 4565 3014 4604 unum
3072 4553 3466 4620 annnntiasse;
3519 4555 3661 4609 sicut
3703 4566 3759 4609 et

529 4639 720 4711 Ιησοῦς
751 4642 1006 4713 Χριστὸς,
1037 4643 1104 4695 δι’
1134 4636 1195 4697 οὗ
1230 4644 1298 4697 τὰ
1322 4644 1519 4708 πάντα,
1560 4649 1655 4700 καί⁸
1681 4649 1848 4719 ἡμεῖς
1871 4649 1939 4703 δι’
1972 4650 2072 4703 αὐ-

522 4730 615 4784 οὖ.
652 4749 669 4783 ι
721 4731 877 4785 Ἐπεὶ
910 4732 1065 4803 φέρε,
1112 4733 1533 4805 διασκεψώμεθα
1562 4738 1962 4806 παρατιθέντες
1991 4742 2073 4804 εἰς

500 4821 731 4892 βάσανον
760 4824 866 4877 τῶν
892 4825 1197 4896 εἰρημένων
1221 4827 1319 4899 τὴν
1347 4827 1594 4899 δύναμιν·
1623 4832 1735 4901 Τὴν
1764 4833 1949 4887 εἰκόνα
1978 4834 2072 4887 τοῦ

497 4914 630 4969 (ἰεοῦ
654 4915 747 4969 τοῦ
782 4917 1036 4986 ἀοράτου,
1066 4916 1156 4971 τὸν
1197 4918 1263 4971 δι’
1290 4913 1350 4974 οὗ
1381 4921 1475 4973 καὶ
1505 4922 1563 4976 ὲν
1595 4914 1638 4990 ᾧ
1660 4922 1727 4977 τά
1755 4924 1954 4986 πάντα,
1980 4926 2072 4979 τὸν

500 5007 822 5077 προαιὼνιον
852 5008 1002 5073 Υίὸν,
1046 5009 1146 5080 τὴν
1176 5011 1286 5064 τῶν
1320 5012 1454 5064 ὅλων
1489 5012 1771 5080 σύστασιν,
1823 5015 2071 5070 δεδόσθαι

507 5098 630 5166 ρησί
677 5100 741 5168 τῇ
795 5097 1091 5170 Ἐκκλησία
1126 5100 1402 5171 κεφαλὴν,
1442 5102 1536 5156 κιιί⁸
1582 5103 1688 5176 μὴν
1732 5104 1812 5158 ὅτι
1860 5106 2073 5174 γένοιτο

504 5190 842 5258 ’τρωτότοκος
884 5191 948 5244 ὲκ
992 5191 1218 5261 νεκρῶν.
1262 5193 1478 5267 Ἐπειδὴ
1506 5193 1563 5247 δέ
1610 5196 1726 5248 ἐστι
1767 5195 1866 5269 τὴν
1904 5197 2072 5266 φύσιν

521 5279 780 5343 ιθὰνατος,
818 5282 968 5335 πᾶσά
1002 5299 1119 5345 πως
1144 5282 1357 5351 ἀνάγκη
1386 5284 1523 5355 πρὸς
1557 5284 1751 5338 ἕνωσιν
1781 5287 2063 5359 οἰκονομι-

498 5371 601 5440 κήν
630 5386 688 5422 τε
718 5370 811 5423 καὶ
842 5370 1015 5442 ἀληθῆ
1060 5374 1127 5443 τῇ
1173 5373 1296 5426 καθ’
1337 5376 1485 5445 ἡμᾶς
1516 5376 1895 5449 ἀνθρωπότητι
1936 5395 2069 5430 συν-

499 5459 780 5530 ςνεχθῆναι
809 5460 987 5528 λέγειν
1015 5461 1106 5515 τὸν
1139 5463 1204 5516 ὲκ
1237 5463 1372 5518 Θεοῦ
1407 5466 1619 5537 Ιιατρὸς
1652 5466 1843 5536 Λόγον,
1873 5467 1968 5521 ἕνα
2006 5485 2069 5527 τε

520 5550 669 5615 νῦτως
697 5554 829 5623 ἡμῖν
858 5554 1239 5625 ἀναδειχθῆναι
1289 5558 1543 5629 Χριστὸν,
1599 5558 1691 5612 τὸν
1721 5560 1884 5615 αὑτὸν
1932 5563 2071 5632 όμοῦ

496 5643 627 5697 Θεὸν
667 5644 793 5697 ὄντα
822 5647 915 5698 καὶ
946 5647 1250 5718 ἄνθρωπον.
1293 5650 1381 5703 Ἑν
1410 5650 1514 5704 τίνι
1562 5650 1627 5723 δὴ
1654 5648 1746 5706 οὖν
1776 5652 2070 5725 κατῴκησε

2182 4652 2348 4691 unum
2393 4653 2608 4709 quoque
2654 4639 2914 4696 Patrem:
2963 4659 2982 4692 ι
3032 4640 3197 4698 Nobis
3240 4643 3437 4713 (inquit
3481 4644 3770 4714 ille)unus.

2179 4739 2266 4785 est
2301 4730 2446 4786 Deus
2491 4731 2673 4798 Pater,
2719 4749 2787 4788 ex
2828 4750 2935 4803 quo
2970 4736 3177 4799 omnia,
3221 4743 3274 4789 et
3322 4751 3419 4791 nos
3450 4737 3501 4791 in
3532 4738 3707 4807 ipsum
3737 4760 3750 4794 :

2180 4830 2236 4873 et
2273 4836 2411 4875 unus
2440 4820 2699 4877 Dominus
2726 4822 2884 4878 Jesus
2912 4824 3191 4889 Christus,
3226 4840 3322 4894 per
3352 4843 3512 4897 quem
3545 4832 3757 4899 omnia,

2182 4922 2236 4966 et
2267 4927 2363 4966 nos
2403 4928 2497 4982 per
2530 4915 2703 4984 ipsum
2737 4915 2806 4969 ²⁵.
2847 4934 2866 4967 ι
2904 4916 3010 4971 Sed
3061 4918 3287 4986 agedum
3330 4920 3619 4975 verborum
3666 4924 3761 4978 hic

2181 5006 2577 5074 propositorum
2611 5009 2715 5060 vim
2745 5006 2811 5062 ad
2829 5022 3037 5076 mquam
3064 5010 3319 5063 trutinam
3347 5015 3745 5082 expendamus.

2180 5095 2374 5150 Filium
2400 5108 2684 5164 aeternum,
2716 5098 2769 5153 in
2795 5113 2901 5167 quo
2918 5101 3123 5165 omnia,
3153 5111 3207 5154 et
3234 5117 3329 5169 per
3359 5120 3518 5173 quem
3543 5109 3747 5173 omnia,

2179 5188 2467 5244 invisibilis
2495 5190 2585 5244 Dei
2621 5189 2934 5256 imaginem,
2969 5192 3465 5263 universorumque
3504 5198 3753 5253 condito-

2181 5297 2295 5337 rem
2326 5297 2390 5337 ac
2416 5283 2837 5352 primogenitum
2883 5284 3026 5338 inter
3074 5296 3338 5348 mortuos,
3374 5286 3634 5343 Ecclesizr
3662 5305 3755 5344 ca-

2182 5385 2275 5445 put
2305 5375 2489 5429 datum
2517 5374 2793 5443 praedicat.
2817 5376 2952 5442 Quia
2993 5392 3122 5447 ergo
3153 5378 3243 5433 Dei
3295 5377 3527 5434 Verbum
3564 5393 3755 5450 suapte

2181 5476 2372 5520 natura
2401 5468 2590 5522 mortis
2620 5483 2812 5538 expers
2840 5478 2943 5532 est,
2981 5483 3086 5524 non
3138 5485 3421 5539 possumus
3463 5471 3589 5526 illud
3627 5488 3753 5527 vera

2182 5557 2531 5629 perfectaque
2572 5561 2771 5616 unione
2807 5577 2929 5619 cum
2985 5565 3219 5617 humana
3270 5573 3461 5619 natura
3516 5565 3751 5636 conjun-

2184 5662 2329 5708 ctum
2363 5652 2529 5711 fuisse
2552 5670 2657 5711 nou
2686 5670 2964 5723 asserere;
2993 5657 3235 5727 adeoque
3261 5673 3425 5712 unum
3453 5659 3752 5725 Christum,

569 5800 839 5857 "‘ioloss.
889 5820 927 5869 t,
978 5804 1165 5860 12-20.
1243 5805 1288 5837 "‘
1329 5805 1481 5861 Joau.
1531 5823 1565 5874 I,
1615 5807 1694 5863 Η.
1772 5807 1818 5840 ’⁸
1849 5807 1890 5862 ll
1931 5810 2055 5867 Cor.
2097 5826 2218 5876 'vlll,
2272 5810 2325 5869 6.
