4066 6474
495 394 634 449 1565

1411 392 1468 448 S.
1502 391 1778 448 CYRlLLl
1819 389 2287 445 ALEXANDRINI
2326 389 2653 447 ARCIIIEP.

3588 394 3746 447 1364

492 505 582 572 qui
618 504 758 559 idem
792 504 933 561 Deus
982 504 1143 560 slmul
1184 506 1257 562 sit
1285 517 1341 562 et
1385 509 1569 575 homo,
1609 510 1766 563 nobis
1793 523 1896 562 non
1927 523 2043 577 pro.

2161 511 2267 562 πᾶν
2292 508 2351 561 τὸ
2380 510 2654 580 πλήρωμα
2683 509 2781 579 τῆς
2823 508 3077 579 θεότητος
3122 508 3478 580 σωματικῶς;
3522 510 3746 571 Ίδικῶς

454 605 463 611 ·
488 608 713 663 ponere.
739 593 810 648 At
837 596 889 650 in
922 610 1031 665 quo
1071 597 1235 667 igitur
1255 599 1433 654 omnis
1454 600 1753 654 divinitatis
1776 599 2052 668 plenitudo

492 687 816 742 inhabitavit
847 689 1204 759 corporaliter
1238 689 1328 743 ³σῖ
1356 691 1498 747 Sane
1522 691 1774 746 arbitrari
1798 692 1852 746 in
1884 690 2049 746 Verbi

490 792 731 833 seorsum
761 793 858 848 per
882 795 940 834 se
985 780 1311 836 considerati
1357 791 1605 837 naturam
1637 783 1738 836 hoc
1766 782 2049 846 accidisse,

487 867 707 919 omnino
738 868 1129 936 perabsurdum
1170 868 1364 924 fuerit:
1406 870 1627 939 perinde
1658 884 1886 939 namque
1911 870 2055 924 istud

494 967 638 1012 esset
693 973 756 1013 ac
817 960 859 1013 si
908 960 1253 1029 Unigenitutn
1312 961 1368 1016 in
1437 962 1725 1032 semetipso
1779 962 2055 1016 habitasse

488 1050 809 1103 diceremus.
849 1050 1143 1106 Credentes
1192 1053 1374 1121 itaque
1418 1054 1901 1107 Verbum-carnem
1948 1067 2052 1107 non

485 1153 585 1206 per
616 1139 850 1207 aliquam
905 1141 984 1193 sui
1034 1142 1533 1196 transmutationem
1583 1151 1674 1195 aut
1730 1143 2052 1206 versionem,

487 1230 579 1282 sed
653 1246 751 1297 per
803 1246 982 1286 veram
1035 1233 1214 1303 templi
1271 1234 1497 1304 proprii,
1551 1234 1652 1288 hoc
1694 1245 1778 1289 est
1815 1234 2055 1303 corporis

489 1319 667 1373 anima
722 1321 955 1375 humana
1011 1323 1258 1392 perfecti,
1315 1326 1568 1380 unionem
1626 1325 1680 1378 in
1718 1324 2057 1380 nobishahi-

490 1420 652 1476 tasse,
692 1412 780 1481 pie
821 1424 1072 1485 recteque
1120 1430 1514 1481 asseveramus,
1557 1417 1682 1469 dum
1715 1431 1940 1483 magnus
1966 1415 2055 1469 ille

490 1500 686 1554 Paulus
726 1516 941 1555 omnem
1000 1504 1303 1558 divinitatis
1380 1505 1771 1573 plenitudinem
1829 1504 1883 1557 in
1940 1504 2055 1572 ipso

490 1589 822 1645 inhabitasse
870 1593 1083 1658 scribit,
1140 1608 1245 1648 non
1291 1594 1504 1663 quidem
1562 1610 1656 1664 per
1683 1593 2055 1663 participatio-

2160 600 2258 669 μὲν
2291 597 2384 653 οὖν
2412 602 2506 654 καὶ
2537 600 2678 654 κατά
2710 600 2875 670 μόνας
2903 601 2960 652 ὲν
2981 603 3047 671 τῇ
3073 604 3167 657 τοῦ
3192 601 3365 669 Λόγου
3387 600 3546 669 φύσει
3569 601 3747 653 τοῦτο

2157 690 2470 760 πεπρᾶχθαι
2492 691 2753 761 νομίζειν,
2784 689 2977 760 εὔηθες
3002 690 3195 761 κομιδῇ
3218 706 3230 719 ·
3259 690 3371 743 ἴσον
3396 691 3506 761 γὰρ
3528 692 3740 756 εἰπεῖν,

2157 780 2230 842 ὼς
2282 780 2444 843 αὐτὸς
2486 780 2545 833 ἑν
2589 779 2766 851 ἐαυτῷ
2813 779 3131 850 κατῴκησεν
3176 782 3205 833 6
3249 781 3584 851 Μονογενής.
3635 782 3744 833 Πι-

2161 870 2445 933 στεύοντας
2484 870 2540 923 δὲ
2590 872 2673 923 ὅτι
2724 872 2912 939 γέγονε
2967 870 3103 940 σὰρξ
3147 870 3175 921 6
3228 872 3422 938 Λόγος,
3473 872 3533 924 οὐ
3587 873 3742 924 κατὰ
3790 900 3829 913 κ

2161 962 2493 1031 μετάστασιν
2540 961 2573 1031 ἢ
2617 961 2827 1032 τροπὴν
2850 1003 2865 1027 ,
2919 961 3036 1015 ἀλλ’
3066 962 3149 1014 ὃτι
3185 961 3383 1030 μᾶλλον
3418 962 3740 1030 ἐσκήνωσεν

2156 1052 2213 1101 ὲν
2246 1052 2396 1121 ἡμῖν,
2442 1052 2535 1103 καὶ
2568 1050 2692 1104 ναὸν
2736 1049 2867 1103 ἴδιον
2906 1051 3200 1120 ἐποιήσατο
3238 1050 3299 1102 τὸ
3342 1050 3542 1102 ἐνωθὲν
3582 1048 3738 1118 αὑτῷ

2157 1143 2295 1196 κατά
2317 1142 2573 1214 ἀλήθειαν
2599 1143 2777 1212 σῶμα,
2811 1143 2988 1213 ψυχὴν
3017 1142 3139 1213 ἔχον
3164 1144 3259 1211 τὴν
3289 1141 3536 1212 λογικὴν,
3570 1143 3736 1194 εὐσε-

2157 1231 2247 1295 ϐὲς
2272 1236 2462 1285 εἰπεῖν·
2494 1235 2574 1287 ὃτι
2600 1232 2697 1303 τὴν
2724 1235 2783 1287 ὲν
2812 1236 2878 1303 τῇ
2904 1234 3036 1303 ἁγίᾳ
3065 1234 3230 1303 σαρκὶ
3258 1232 3353 1285 τοῦ
3383 1233 3560 1298 Λόγου
3586 1249 3731 1285 κατ-

2156 1321 2390 1391 οίκησιν,
2427 1322 2591 1391 ἤγουν
2623 1320 2821 1375 ἕνωσιν
2860 1320 3035 1391 ἀληθῆ
3067 1320 3497 1390 κατασημαίνων
3533 1323 3663 1390 ἡμῖν
3700 1320 3733 1373 6

2159 1411 2449 1474 Θεσπέσιος
2480 1412 2711 1476 Παῦλος,
2745 1413 2803 1464 ὲν
2832 1410 2983 1481 αὐτῷ
3011 1428 3145 1481 φησι
3176 1410 3497 1479 κατοικῆσαι
3532 1412 3640 1462 πᾶν
3667 1409 3732 1462 τὸ

2159 1503 2433 1575 πλήρωμα
2463 1503 2564 1573 τῆς
2589 1503 2862 1573 θεότητος,
2894 1503 2956 1555 οὐ
2986 1502 3261 1573 μεθεκτῶς
3286 1501 3510 1571 μᾶλλον,
3536 1502 3567 1569 ῆ
3603 1518 3731 1569 σχε-

2163 1592 2550 1663 τικῶς,ηῆγουν
2583 1592 2657 1656 ὡς
2687 1594 2745 1645 ὲν
2764 1592 2907 1645 δόσει
2941 1592 3182 1661 χάριτος,
3207 1591 3343 1645 ἀλλά
3374 1592 3725 1661 σωματικῶς,

489 1699 636 1747 nem,
679 1695 769 1736 ant
800 1683 1191 1747 habitudinem,
1247 1695 1339 1738 aut
1388 1685 1574 1754 gratia:
1613 1685 2055 1739 communicatio-

2160 1686 2187 1738 ὃ
2222 1686 2370 1738 ἐστιν
2398 1683 2703 1747 οὐσιωδῶςο
2729 1683 2805 1747 ὡς
2842 1684 2907 1737 ἂν
2930 1684 2976 1735 εί
3006 1682 3100 1734 καὶ
3131 1684 3188 1734 ὲν
3208 1681 3482 1753 ἀνθρώπῳ
3514 1680 3726 1748 λέγοιτο

491 1790 636 1838 nem,
678 1774 773 1828 sed
822 1774 1194 1842 corporaliter,
1247 1776 1349 1830 hoc
1405 1784 1487 1830 est
1534 1775 1915 1838 essentialiter,
1966 1790 2055 1844 per

2166 1774 2439 1827 κατοικεῖν
2482 1773 2544 1825 τὸ
2584 1771 2800 1842 πνεῦμα
2830 1771 3016 1836 αὐτοῦ,
3042 1770 3140 1839 οὐχ
3174 1769 3359 1839 ἕτερον
3384 1767 3444 1823 ὃν
3479 1768 3609 1837 παρ’
3637 1768 3731 1819 αὐ-

487 1865 934 1921 inhahitationem
978 1865 1123 1919 illam
1160 1866 1305 1919 aliud
1340 1867 1473 1920 nihil
1505 1867 1780 1921 insinuare
1801 1867 2055 1927 voluisse,

2160 1862 2268 1917 τόν.
2312 1862 2427 1932 Ἐφ’
2460 1863 2578 1925 ἑνὸς
2623 1863 2681 1914 δὲ
2729 1862 3021 1931 προσώπου
3072 1860 3328 1921 πολλάκις
3378 1857 3727 1928 διπρόσωπον

487 1970 649 2024 quam
673 1938 859 2008 veram
901 1953 1311 2022 naturalemque
1344 1953 1503 2008 Verbi
1546 1968 1668 2007 cum
1700 1967 1854 2007 sacra
1894 1967 2055 2007 carne

2160 1957 2289 2024 ἡμῖν
2328 1955 2635 2025 εἰσφέρεται
2672 1953 2831 2022 λόγου
2862 1952 3067 2022 σχῆμα,
3095 1950 3191 2003 καὶ
3240 1951 3361 2003 κατ’
3391 1948 3582 2001 οὐδένα
3604 1946 3728 2017 τρό-

490 2044 768 2097 unionem.
799 2042 1270 2109 Quemadmodum
1324 2043 1449 2098 licet
1487 2042 1721 2099 hominis
1749 2041 1971 2110 spiritus
2002 2041 2055 2094 in

489 2136 607 2205 ipso
638 2135 886 2189 habitare
917 2135 1152 2199 dicatur,
1184 2150 1290 2189 non
1329 2134 1468 2189 alius
1493 2142 1670 2189 tamen
1694 2142 1784 2188 aut
1808 2134 2053 2188 diversus

491 2228 557 2279 ab
592 2226 679 2278 illo
714 2225 1008 2294 iudicatur.
1043 2224 1130 2279 Fit
1177 2222 1343 2290 enim,
1392 2236 1450 2278 ut
1481 2224 1745 2279 orationis
1772 2224 2053 2280 schemate

490 2314 560 2366 de
586 2328 689 2365 una
727 2328 953 2380 persona
1005 2314 1235 2382 duplicis
1284 2314 1607 2383 quandoque
1642 2329 1885 2384 personae
1920 2315 2058 2368 ratio

492 2402 648 2457 nobis
679 2402 961 2467 offeratur,
999 2420 1174 2475 neque
1203 2405 1273 2459 ob
1318 2406 1369 2458 id
1402 2415 1579 2458 tamen
1618 2404 1821 2458 veritas
1860 2405 1970 2457 ulla'
1992 2419 2057 2458 ex

491 2504 643 2562 parte
691 2495 945 2550 lazditur:
1006 2506 1065 2550 ut
1118 2512 1276 2561 cum,
1329 2497 1558 2565 exempli
1606 2512 1803 2562 causa,
1868 2497 2047 2549 divina

493 2586 772 2655 Scriptura
805 2587 873 2641 de
914 2588 1023 2641 Deo
1056 2587 1354 2656 pra’dieat:
1401 2604 1421 2639 ι
1458 2587 1561 2651 Qui
1614 2587 1765 2655 tingit
1806 2587 2055 2655 spiritum

493 2674 732 2731 hominis
783 2676 837 2729 in
891 2677 1007 2746 ipso
1039 2677 1124 2740 ’7;
1164 2694 1183 2727 ι
1232 2676 1381 2742 atqui
1438 2676 1683 2743 spiritum
1736 2676 1969 2729 hominis
2005 2675 2056 2727 in

492 2768 611 2833 ipso
669 2765 954 2818 formatqu
1011 2770 1076 2819 ab
1123 2765 1240 2835 ipso
1292 2763 1448 2836 145
1494 2765 1713 2819 homine
1760 2765 1906 2817 aliud
1951 2780 2057 2818 non

490 2871 640 2920 esse,
673 2857 923 2910 omnibus
952 2858 1294 2926 perspicuum
1329 2868 1427 2911 est.
1463 2855 1581 2911 Huc
1609 2866 1662 2911 et
1690 2856 1820 2909 illud
1848 2871 2062 2924 quoque

491 2946 636 3000 beati
679 2945 852 2999 David
891 2949 1062 3002 tendit
1101 2965 1115 3001 :
1158 2966 1176 2998 ι
1208 2946 1381 3002 Nocte
1414 2964 1535 3001 cum
1566 2947 1728 3001 corde
1759 2962 1877 3001 meo
1905 2962 2061 3001 exer-

492 3039 719 3099 citabar,
763 3050 817 3092 et
873 3040 1138 3093 merebat
1186 3040 1418 3107 spiritus
1468 3054 1622 3093 meus
1668 3038 1734 3091 “.
1778 3056 1797 3089 ι
1842 3038 2059 3107 Ecquis,

494 3141 701 3195 quaeso,
731 3140 870 3196 erat,
910 3131 1002 3198 qui
1032 3144 1154 3184 cum
1187 3144 1287 3183 suo
1313 3129 1475 3184 corde
1508 3130 1890 3192 exercebatur,
1933 3145 2060 3197 pro-

2159 2062 2260 2099 πον
2287 2046 2459 2098 ἀδικεῖ
2491 2045 2587 2115 τὴν
2614 2044 2892 2116 ἀλήθειαν.
2930 2038 3053 2096 Οἴον
3079 2042 3211 2112 φέρε
3238 2042 3431 2104 εἰπεῖν,
3467 2038 3542 2100 ὡς
3568 2042 3614 2091 εἰ
3646 2037 3726 2089 λέ-

2156 2154 2306 2206 γοιτο
2353 2138 2482 2206 περὶ
2528 2135 2662 2190 Θεοῦ
2715 2135 2869 2207 παρὰ
2913 2134 3014 2204 τῆς
3063 2131 3421 2186 θεοπνεύστου
3472 2129 3725 2198 Γραφῆςο

2169 2247 2187 2281 ι
2237 2230 2295 2283 '0
2333 2229 2587 2283 πλάσσων
2620 2228 2837 2297 πνεῦμα
2862 2224 3152 2296 ἀνθρώπου
3176 2225 3234 2277 ὲν
3267 2222 3438 2293 αὐτῷ.
3476 2241 3496 2274 ι
3536 2220 3723 2273 Καίτοι

2160 2320 2277 2381 πῶς
2301 2321 2399 2389 οὐχ
2429 2320 2633 2373 ἅπασιν
2659 2319 2909 2389 ἐναργὲς,
2928 2317 3003 2380 ώς
3032 2317 3132 2369 οὐκ
3158 2315 3222 2369 ἂν
3242 2316 3412 2368 νοοῖτο
3444 2312 3572 2383 περὶ
3588 2320 3617 2360 ῐ
3636 2309 3726 2361 τὸν

2159 2411 2443 2481 ἄνθρωπον
2502 2410 2688 2481 ἕτερον
2762 2411 2818 2465 ὲν
2889 2407 3066 2477 ἑαυτῷ
3133 2405 3502 2474 πλαττόμενον
3564 2399 3724 2455 αὐτοῦ

2161 2497 2406 2568 πνεῦμα;
2431 2500 2569 2568 Φησὶ
2609 2498 2666 2553 δέ
2699 2514 2801 2551 που
2834 2497 2927 2550 καὶ
2960 2499 2987 2550 6
3016 2496 3281 2566 μακάριος
3309 2493 3477 2545 Δαυῖδ
3498 2509 3510 2521 ”
3558 2510 3575 2541 ι
3613 2490 3725 2543 Nu-

2158 2592 2285 2653 κτὸς
2314 2590 2451 2661 μετά
2491 2590 2591 2658 τῆς
2621 2589 2848 2658 καρδίας
2881 2587 3223 2657 ῆδολέσχουν,
3276 2585 3369 2640 καὶ
3401 2581 3632 2653 ῆσχαλλε
3665 2580 3726 2632 τὸ

2161 2682 2377 2751 πνεῦμά
2408 2698 2530 2752 μου.
2570 2699 2589 2732 ι
2621 2678 2755 2734 Εἶτα
2790 2680 2871 2742 τίς
2904 2675 2999 2751 οὖν
3029 2679 3057 2729 6
3089 2676 3224 2747 μετὰ
3255 2676 3352 2745 τῆς
3376 2673 3603 2747 καρδίας
3628 2670 3725 2725 αὖ·

2159 2773 2252 2828 τοῦ
2284 2771 2605 2841 ἀδολεσχῶν,
2641 2771 2736 2823 καὶ
2764 2770 2825 2822 τὸ
2858 2769 2988 2822 ῐδιον
3014 2766 3232 2836 πνεῦμα
3262 2762 3529 2835 ἀσχάλλον
3554 2762 3720 2831 ἐχων;

2158 2863 2279 2935 Χρὴ
2311 2865 2490 2919 τοίνυν
2533 2862 2603 2917 τὰ
2644 2863 2741 2932 μὲν
2776 2861 2885 2914 τῶν
2930 2860 3104 2928 λόγων
3136 2859 3385 2928 σχήματα
3421 2855 3496 2925 μὴ
3528 2852 3722 2923 σφόδρα

2161 2955 2511 3025 φιλοκρινεῖν,
2536 2954 2746 3024 ἀφορᾷν
2792 2952 2849 3005 δὲ
2886 2952 3087 3023 μᾶλλον
3119 2952 3197 3012 εἰς
3227 2948 3396 3010 αὐτὰς
3445 2948 3552 2999 τῶν
3588 2960 3723 3013 πραο

2162 3046 2388 3115 γμάτων
2418 3044 2517 3107 τὰς
2558 3044 2747 3113 φύσεις
2770 3083 2785 3106 ,
2814 3044 2908 3095 καὶ
2947 3042 3006 3106 ἐξ
3047 3041 3223 3094 αὐτῶν
3260 3039 3323 3107 δὴ
3356 3037 3555 3107 μᾶλλον
3599 3033 3719 3086 ποδ-

2165 3134 2501 3205 ηγουμένους
2528 3133 2613 3186 ἐπ’
2641 3133 2809 3203 αὐτὴν
2842 3133 2977 3186 ἱέναι
3002 3131 3097 3201 τὴν
3128 3130 3410 3200 ἀληθειαν.

493 3218 781 3288 priamique
820 3221 1069 3288 spiritum
1116 3228 1440 3274 maerentem
1488 3223 1769 3276 habebat?
1840 3221 2060 3291 Oportet
2105 3225 2287 3296 itaque
2348 3227 2681 3281 locutionum
2748 3226 3007 3280 formulas
3051 3240 3155 3277 non
3198 3238 3369 3290 usque
3400 3219 3538 3274 adeo
3568 3219 3719 3272 anxie

493 3402 645 3461 dere.

969 3542 1045 3596 De
1074 3541 1271 3597 Christi
1298 3545 1609 3600 obedientia.

570 3690 592 3727 ι
623 3675 789 3744 Igitur
829 3676 969 3728 sicut
1022 3690 1121 3745 per
1167 3676 1336 3730 unius
1377 3676 1630 3730 delictum
1659 3678 1710 3731 in
1740 3693 1925 3733 omnes
1968 3680 2062 3733 ho-

501 3767 680 3822 mines
726 3767 778 3819 in
822 3766 1339 3819 condemnationem
1370 3784 1383 3819 :
1425 3767 1502 3821 sic
1522 3779 1569 3821 et
1598 3783 1693 3837 per
1721 3769 1876 3822 unius
1900 3767 2061 3836 justi-

493 3859 622 3913 tiam
675 3859 726 3912 in
781 3872 973 3912 omnes
1016 3857 1264 3911 homines
1329 3858 1382 3911 in
1438 3858 1875 3928 justiﬁeationem
1919 3860 2059 3915 vitai.

494 3950 809 4006 Sicuteuim
858 3966 953 4020 per
993 3950 1423 4005 inobedientiam
1477 3952 1637 4007 unius
1676 3952 1909 4007 hominis
1941 3967 2063 4020 pec-

492 4052 709 4096 eatores
741 4042 1023 4097 constituti
1059 4052 1187 4095 sunt
1222 4041 1411 4107 multi;
1444 4041 1513 4095 ita
1541 4051 1594 4096 et
1623 4056 1719 4110 per
1743 4043 1903 4097 unius
1932 4042 2058 4097 obe-

491 4131 771 4195 ditiouem,
797 4132 925 4201 justi
958 4131 1384 4201 iconstituentur
1427 4131 1576 4185 multi
1615 4134 1683 4187 ".
1720 4148 1739 4183 ι
1778 4132 1909 4185 Cum
1962 4133 2060 4185 lut-

495 4239 653 4279 nuana
683 4233 873 4279 natura
913 4224 981 4279 ob
1022 4222 1345 4291 protoplasti
1400 4223 1823 4277 inobedientiam
1890 4223 2058 4279 male-

492 4317 637 4369 dicto
676 4317 978 4382 mortisque
1012 4315 1295 4370 sententiae
1320 4316 1581 4371 obstricta
1607 4315 1862 4381 haereret,
1899 4330 2059 4381 opor-

492 4404 596 4458 tuit
624 4408 693 4458 ad
721 4404 1000 4472 antiquum
1054 4414 1252 4458 statum
1317 4405 1461 4458 illam
1510 4405 1686 4459 denuo
1733 4404 1919 4459 reduci
1963 4420 2059 4474 per

492 4494 822 4562 inculpatam
892 4495 1210 4549 obedientizc
1284 4496 1829 4552 demonstrationem.
1890 4494 2055 4564 Atqui

492 4585 638 4641 istud
678 4586 930 4643 humanae
979 4595 1185 4640 natura:
1245 4586 1535 4643 facultates
1597 4587 1779 4642 multis
1815 4588 2059 4658 partibus

489 4678 787 4732 excedebat
824 4691 839 4729 :
891 4691 1063 4746 neque
1103 4678 1245 4731 enim
1295 4677 1433 4733 ullus
1480 4693 1509 4731 a
1546 4688 1768 4746 peccato
1804 4679 2058 4734 iunnunis

493 4778 633 4822 erat.
670 4767 805 4822 Nam
845 4784 964 4823 cum
997 4784 1060 4823 ea
1091 4768 1258 4823 semel
1292 4769 1342 4823 in
1375 4785 1570 4824 noxam
1597 4786 1950 4840 erroremque
1979 4775 2057 4825 in-

396 3318 397 3321 ‘
492 3322 768 3376 excutere,
814 3314 907 3367 sed
945 3312 1091 3382 ipsas
1134 3329 1314 3368 rerum
1344 3326 1571 3369 naturas
1609 3314 1790 3384 potius
1848 3319 2220 3389 contemplari,
2282 3334 2575 3389 earumque
2628 3322 2788 3376 ductu
2825 3320 2891 3374 ad
2944 3320 3113 3388 ipsam
3166 3316 3450 3371 veritatem
3500 3320 3719 3369 conten-

2433 3548 2574 3618 Περὶ
2603 3547 2709 3617 τῆς
2735 3545 3011 3614 ὑπακοῆς
3036 3544 3141 3599 τοῦ
3166 3540 3445 3612 Χριστοῦ.

2240 3702 2257 3735 ι
2298 3683 2415 3753 'Ap’
2446 3677 2538 3735 οὖν
2562 3680 2637 3741 ὡς
2682 3679 2749 3732 δι’
2797 3677 2913 3740 ἑνὸς
2955 3674 3352 3746 ἁμαρτήματος
3396 3671 3478 3734 είς
3523 3669 3722 3732 πάντας

2162 3772 2504 3842 ἀνθρώπους,
2559 3772 2639 3833 εἱς
2677 3768 3028 3837 κατάκριμα·
3070 3765 3213 3816 οὕτω
3242 3763 3336 3815 καὶ
3365 3760 3432 3812 δι’
3485 3759 3603 3822 ὲνδς
3651 3758 3721 3813 διο

2165 3864 2485 3934 καιώματος
2519 3863 2599 3925 είς
2649 3860 2856 3921 πάντας
2909 3854 3249 3926 ἀνθρώπους,
3284 3854 3364 3915 εἰς
3396 3850 3667 3920 δικαίωμα
3699 3857 3718 3885 ⁸

2162 3956 2327 4025 ζωῆς.
2375 3955 2584 4023 Ὥσπερ
2619 3952 2727 4034 γάρ
2757 3949 2846 4002 διὰ
2875 3948 2973 4017 τῆς
3021 3945 3302 4016 παρακοῆς
3341 3941 3434 3995 τοῦ
3478 3941 3597 4004 ἑνὸς
3621 3942 3721 4034 -ἀνο

2162 4047 2379 4118 θρώπου
2415 4029 2727 4115 ἁμαρτωλοὶ
2765 4039 3178 4108 κατεστάθημεν
3225 4038 3273 4088 οἱ
3324 4034 3537 4097 πολλοὶ,
3588 4029 3720 4084 οὕτω

2160 4138 2254 4191 καὶ
2285 4136 2373 4189 διὰ
2402 4134 2501 4203 τῆς
2527 4132 2773 4202 ὑπακοῆς
2802 4131 2895 4186 τοῦ
2936 4130 3053 4191 ἑνὸς
3080 4125 3365 4199 ἀνθρώπου
3405 4124 3605 4177 δίκαιοι
3627 4138 3719 4173 κα·

2158 4228 2518 4297 ταστήσονται
2567 4235 2593 4263 ³
2626 4224 2676 4276 οἱ
2719 4221 2921 4276 πολλοί.
2956 4239 2975 4272 ι
3013 4218 3124 4288 Τῆς
3170 4216 3458 4289 ἀνθρώπου
3513 4215 3721 4283 φύσεως

2159 4320 2270 4389 ἀρᾷ
2298 4318 2392 4371 καὶ
2426 4316 2549 4388 δίκῃ
2570 4314 2801 4371 θανάτου
2832 4310 3364 4382 καταδεδικασμὲνης
3393 4308 3482 4362 διὰ
3512 4307 3612 4377 τὴν
3632 4304 3719 4357 τοῦ

2165 4407 2592 4479 πρωτοπλάστου
2618 4404 2924 4475 παρακοὴν,
2947 4402 3055 4455 ἔδει
3080 4401 3241 4455 πάλιν
3262 4398 3571 4468 ἀνασφῆλαι
3593 4395 3733 4467 πρὸς

2158 4499 2219 4552 τὸ
2252 4501 2309 4552 ὲν
2357 4498 2552 4569 ἀρχαῖς
2595 4494 3211 4569 αὑτὴν-ἀνεπίπληκτον
3242 4491 3432 4561 κομιδῇ
3483 4490 3584 4558 τῆς
3627 4489 3720 4540 ὑπ-

2160 4588 2329 4657 ακοῆς
2359 4566 2690 4657 ποιουμένην
2841 4584 3086 4649 ἔνδειξιν.
3119 4582 3256 4636 Ἀλλ’
3274 4581 3373 4652 ήδη
3396 4579 3557 4632 τοῦτο
3592 4577 3718 4631 πολὺ

2160 4681 2256 4736 καὶ
2289 4679 2409 4731 λίαν
2457 4678 2715 4733 ἐπέκεινα
2744 4676 2854 4729 τῶν
2882 4676 2982 4745 τῆς
3018 4673 3437 4744 ἀνθρωπὸτητος
3471 4670 3680 4739 μέτρων
3703 4681 3717 4695 ο

2166 4770 2403 4842 καθαρὸς
2420 4769 2528 4839 γὰρ
2554 4768 2729 4831 οὐδεὶς
2751 4767 2857 4820 ἀπὸ
2882 4766 3188 4837 ἁμαρτιῶν.
3216 4762 3469 4817 Παθοῦσα
3500 4761 3555 4813 δὲ
3583 4758 3721 4823 ἂπαξ

486 4862 731 4925 cidisset,
774 4860 1151 4929 intestinisque
1180 4862 1584 4917 inﬁrmitatibus
1628 4864 1765 4916 victa
1808 4871 2053 4932 prostra-

2160 4862 2221 4914 τὸ
2263 4859 2606 4934 πλημμελὲς,
2638 4858 2731 4911 καὶ
2779 4860 2897 4921 ταῖς
2930 4856 3142 4910 οἴκοθεν
3191 4851 3497 4912 ἀσθενείαις
3529 4866 3722 4923 κεκρα-

486 4961 651 5018 taque
680 4951 909 5019 jaceret,
964 4960 1018 5006 et
1058 4952 1198 5006 intra
1245 4954 1518 5021 prapriam
1552 4967 1769 5006 carnem
1803 4953 2054 5020 nequitia:

487 5042 728 5098 radicem
776 5044 1021 5109 haberet,
1064 5059 1128 5099 ac
1163 5044 1428 5099 infrenem
1465 5044 1673 5112 peccati
1706 5044 1876 5110 legem
1912 5043 2055 5096 intra

488 5148 584 5187 sua
618 5135 823 5189 viscera
871 5145 1130 5204 perpetuo
1182 5145 1443 5205 gestaret,
1504 5137 1773 5203 quomodo
1836 5149 2053 5188 onmem

488 5225 709 5279 omnino
752 5225 954 5294 lapsum
986 5225 1276 5281 evaderet?
1307 5244 1326 5281 ι
1374 5225 1507 5280 Nam
1540 5226 1812 5296 sapientia
1846 5226 2047 5287 carnis,

493 5314 695 5383 inquit,
723 5318 945 5369 omnino
969 5315 1253 5372 inimicitia
1287 5326 1369 5371 est
1408 5316 1460 5369 in
1492 5315 1658 5389 Deum
1699 5333 1711 5371 :
1760 5315 1860 5383 legi
1905 5316 2048 5375 enim

560 5465 604 5495 ³⁸
636 5464 843 5519 Coloss.
887 5480 947 5529 ll,
978 5466 1032 5521 9.
1108 5465 1151 5495 "
1185 5464 1350 5527 Zach.
1387 5480 1480 5532 xtl,
1523 5464 1572 5517 l.

2161 4952 2391 5021 τημένη,
2428 4952 2522 5005 καὶ
2573 4953 2629 5003 ὲν
2676 4948 2781 5023 ἰδίᾳ
2817 4948 2982 5018 σαρκὶ
3020 4947 3118 5018 τὴν
3151 4946 3249 5014 τῆς
3280 4944 3611 5013 φαυλότητος
3640 4952 3723 4994 νον

2166 5042 2333 5096 σοῦσα
2366 5042 2581 5112 γένεσιν
2623 5040 2670 5103 b,
2706 5038 3057 5110 ἀγριαίνοντά
3101 5054 3161 5090 τε
3195 5036 3287 5088 τὸν
3328 5034 3423 5105 τῆς
3456 5032 3722 5102 ἁμαρτίας

2163 5129 2426 5182 ὠδίνουσα
2452 5128 2637 5199 νόμον,
2663 5129 2777 5191 πῶς
2809 5128 2873 5181 ἀν
2899 5127 3085 5198 διέδρα
3112 5123 3390 5186 παντελῶς
3412 5139 3426 5187 ;
3463 5140 3481 5173 ι
3523 5122 3596 5173 T6
3620 5121 3723 5189 γὰρ

2160 5222 2416 5296 φρόνημα
2457 5222 2556 5291 τῆς
2590 5219 2789 5290 σαρκὸς
2839 5219 3120 5282 παντελῶς
3170 5217 3371 5287 ἔχθρα,
3410 5215 3597 5283 φησὶν,
3648 5213 3723 5274 εἰς

2159 5314 2291 5369 Θεὸν
2317 5330 2328 5343 '
2365 5313 2443 5383 τῷ
2470 5313 2579 5386 γὰρ
2603 5312 2752 5383 νόμῳ
2774 5310 2867 5365 τοῦ
2895 5313 3028 5366 Θεοῦ
3055 5311 3150 5384 οὐχ
3183 5309 3550 5367 ὑποτάσσεται
3567 5323 3580 5336 ·
3610 5304 3726 5364 οὐδὲ

1647 5462 1692 5493 ’⁸
1734 5463 1873 5521 Psal.
1905 5464 2161 5530 uxv1,7.
2237 5465 2282 5495 ⁸³
2326 5462 2482 5516 Ront.
2531 5479 2585 5529 v,
2629 5462 2714 5529 IS,
2768 5463 2853 5519 19.

1578 5617 1752 5671 Variae
1781 5617 2037 5671 lectiones
2066 5598 2265 5673 codicis
2289 5618 2648 5689 Seguieriani.

558 5788 581 5835 ξ’
620 5779 783 5851 παρὰ,
867 5788 883 5813 ι
914 5776 1213 5831 ὀικαὲωσιν.
1292 5788 1313 5814 θ
1344 5773 1860 5844 καταεταθήσονται.

1939 5770 1966 5809 ἱ)
1995 5768 2224 5827 σύνεσιν.
