4132 6454
370 260 512 367 ηδε

1184 314 1276 371 AD
1316 315 1619 373 REGINAS
1658 315 1746 372 DE
1783 313 2014 371 RECTA
2054 312 2211 368 FIDE
2249 312 2504 369 ORATIO
2542 311 2838 369 ALTERA.

3478 306 3615 364 1566

368 428 480 498 γάρ
526 426 769 484 δύναται.
822 450 840 482 ι
886 433 1225 506 Εὐμηχάνως
1288 435 1580 508 τοιγαροῦν
1609 438 1638 491 6
1679 436 1810 499 Θεὸς
1850 434 1942 488 καὶ

2052 434 2143 489 Dei
2169 449 2276 490 non
2307 442 2391 489 est
2426 433 2707 503 subjecta;
2742 447 2841 487 nec
2870 431 3015 487 enim
3057 438 3236 501 potest
3266 430 3334 484 ".
3372 448 3390 480 ι
3426 429 3615 498 Itaque

371 518 568 589 Πατὴρ
596 521 1171 594 ἀνακεφαλαιούμενος
1198 526 1267 581 τὰ
1298 528 1475 581 πάντα
1503 530 1561 581 ἐν
1590 526 1668 597 τῷ
1694 526 1937 599 Χριστῷ,

369 613 463 664 καὶ
534 614 599 665 ἐκ
660 614 858 686 πολλῆς
918 614 1058 684 ἄγαν
1114 616 1450 687 ἡμερότητος
1511 620 1575 689 τῇ
1652 615 1940 689 ἀνθρώπου

368 705 897 775 πραγματευόμενος
934 704 1093 774 φύσει
1122 707 1223 775 τὴν
1268 708 1348 771 είς
1377 708 1515 779 ὅπερ
1550 704 1617 779 ἦν
1658 707 1938 772 ἐπάνοδον,

364 792 534 861 ἤγουν
582 794 936 867 ἀνακομιδὴν,
1001 814 1019 847 ι
1055 795 1403 860 ἐξαπέστειλε
1446 798 1539 851 τὸν
1578 797 1705 850 Υἱὸν
1738 795 1936 861 αὑτοῦ,

364 882 657 950 γενόμενον
688 884 751 937 ὲκ
790 884 1070 951 γυναικὸς,
1111 903 1130 937 ι
1165 884 1251 938 ἵνα
1286 885 1347 938 τὸ
1391 887 1576 957 ὅμοιον
1604 887 1734 957 ἡμῖν
1780 885 1939 957 σῶμα

362 968 565 1037 λαϐὼν,
616 973 710 1026 καὶ
743 973 876 1027 ῐδιον
910 974 1077 1028 αὑτοῦ
1124 975 1514 1046 ποιησάμενος,
1545 976 1622 1041 ὡς
1655 976 1939 1048 ἄνθρωπος

365 1060 462 1113 ἐπὶ
498 1062 599 1131 γῆς
630 1063 828 1135 εὑρεθῇ
859 1065 889 1118 6
943 1064 1018 1135 μὴ
1050 1064 1205 1129 εἰδὼς
1256 1066 1550 1138 ἁμαρτίαν,
1594 1066 1735 1121 οὕτω
1765 1084 1824 1120 τε
1859 1069 1938 1132 είς

362 1150 513 1203 ἅπαν
539 1152 811 1223 κατήκοος
838 1154 1079 1223 γεγονὼς
1099 1154 1176 1226 τῷ
1190 1154 1312 1226 Θεῷ
1332 1155 1424 1210 καὶ
1447 1156 1643 1228 Πατρὶ,
1670 1157 1933 1229 δικαιώσῃ

358 1238 461 1309 τὴν
494 1239 783 1310 ἀνθρώπου
826 1242 989 1310 φύσιν
1041 1245 1100 1298 ἐν
1134 1244 1333 1316 ἐαυτῷ,
1370 1246 1599 1300 καὶτῶν
1630 1246 1723 1300 τοῦ
1769 1247 1935 1302 θανά-

358 1346 454 1382 του
483 1330 705 1401 δεσμῷν
742 1332 1017 1402 ἐξέληται,
1051 1335 1271 1403 φύλλοις
1302 1348 1324 1376 ο
1353 1337 1774 1410 ἀναμαρτησίας
1815 1356 1934 1393 στε-

361 1420 701 1491 φανούμενος
734 1422 758 1462 δ
796 1424 947 1495 παρά
988 1427 1082 1480 τοῦ
1114 1428 1252 1482 Θεοῦ
1285 1429 1382 1483 καὶ
1422 1430 1655 1500 Πατρός.
1688 1430 1798 1483 Καὶ
1826 1430 1933 1501 γάρ

359 1512 478 1564 ἐστι
508 1511 617 1565 τῶν
666 1514 885 1568 ἀτόπων
907 1552 923 1578 ,
973 1515 1342 1588 κληρονόμους
1395 1518 1495 1588 μὲν
1530 1519 1676 1589 ἡμᾶς
1706 1517 1807 1588 τῆς
1841 1519 1932 1573 τοῦ

358 1602 574 1674 πρώτου
613 1604 867 1673 γενέσθαι
915 1608 1093 1679 δίκης,
1145 1609 1379 1673 ἐνιέντος
1405 1612 1473 1681 τῇ
1508 1609 1686 1682 φθορᾷ
1715 1609 1805 1665 διὰ
1832 1612 1932 1682 τῆς

359 1696 645 1766 παρακοῆς
665 1713 677 1728 ·
693 1698 790 1767 τῆς
812 1698 869 1751 δὲ
899 1699 990 1752 τοῦ
1015 1699 1271 1772 δευτέρου
1293 1701 1639 1772 δικαιοσύνης
1663 1701 1739 1773 μὴ
1762 1720 1931 1772 μεταο

2048 525 2193 580 Deus
2244 525 2405 580 Pater
2456 527 2591 578 mira
2635 525 2865 593 quadam
2915 523 3237 577 dexteritate
3279 521 3460 577 omnia
3516 536 3612 591 per

2044 613 2320 669 Christum
2370 612 2797 675 instauraturus,
2852 612 3206 681 humanaeque
3256 620 3462 665 natura:
3523 624 3612 664 re-

2044 719 2324 775 gressum,
2382 705 2486 759 hoc
2536 712 2618 758 est
2664 703 3177 772 redintegrationem
3229 703 3297 756 ad
3356 703 3408 757 id
3466 702 3607 770 quod

2042 795 2335 865 aliquando
2381 794 2552 849 fuerat
2576 833 2590 858 ,
2642 792 2883 847 maxima
2916 792 3245 863 benignitate
3278 792 3606 846 conciliatu-

2042 900 2158 951 rus,
2193 902 2213 937 ι
2250 885 2400 939 misit
2429 883 2622 938 Filium
2654 898 2810 938 suum
2853 882 3053 936 factum
3092 895 3156 935 ex
3191 881 3412 936 muliere
3445 880 3527 944 ³¹;
3584 899 3602 930 ι

2040 989 2148 1043 quo
2193 973 2451 1029 nimirum
2508 989 2703 1044 corpus
2750 982 2937 1028 nostro
2990 971 3188 1037 simile,
3234 972 3445 1041 sibique
3485 986 3609 1039 pro-

2038 1065 2215 1136 prium
2250 1065 2449 1120 factum
2497 1080 2803 1128 assumens,
2856 1076 3111 1133 tanquam
3161 1064 3324 1119 homo
3356 1066 3409 1118 in
3449 1065 3610 1118 terris

2040 1166 2325 1227 appareret
2372 1158 2464 1228 qui
2517 1165 2602 1213 est
2646 1158 2824 1213 omnis
2882 1156 3087 1227 peccati
3146 1157 3406 1227 ignarus;
3446 1166 3609 1224 atque

2039 1248 2110 1302 ita
2148 1250 2256 1304 Deo
2284 1249 2430 1304 Patri
2476 1264 2572 1319 per
2610 1249 2793 1303 omnia
2834 1249 3145 1311 obsecutus,
3181 1248 3475 1301 humanam
3506 1262 3606 1299 ua-

2039 1348 2214 1394 turam
2240 1340 2291 1393 in
2332 1340 2624 1408 semetipso
2659 1340 3006 1409 justiticaret,
3045 1340 3347 1408 mortisque
3378 1337 3607 1392 vinculis

2036 1430 2322 1495 eximeret,
2353 1430 2516 1501 146
2548 1430 2867 1485 innocentize
2897 1430 3032 1484 stola
3057 1447 3084 1483 a
3123 1430 3230 1485 Deo
3264 1430 3423 1484 Patre
3456 1443 3608 1484 coro-

2038 1523 2291 1576 nandam.
2344 1522 2558 1576 Etenim
2596 1521 2986 1591 perabsurdum
3029 1522 3210 1587 fuerit,
3270 1536 3366 1590 per
3422 1521 3609 1575 inobe-

2036 1612 2295 1668 die-tiam
2346 1614 2547 1684 prioris
2589 1614 2719 1668 Adae
2750 1614 2820 1668 ad
2853 1622 3081 1668 mortem
3108 1624 3161 1668 et
3194 1614 3603 1683 corruptionem

2034 1701 2443 1770 pracipitantis,
2480 1702 2847 1757 damnationis
2879 1704 3122 1758 haeredes
3152 1703 3477 1758 constitutos
3504 1716 3604 1758 nos

356 1786 563 1857 λαχεῖν,
609 1789 1033 1859 ἀνακομίζοντος
1082 1792 1165 1855 είς
1200 1792 1344 1864 ζωὴν
1387 1792 1617 1865 suam;
1665 1772 1744 1857 είς
1784 1793 1929 1849 ἅπαν

2032 1806 2194 1858 esse;
2240 1790 2464 1859 iustitia:
2499 1807 2629 1848 vero
2667 1793 2985 1862 posterioris
3032 1807 3128 1863 per
3166 1802 3602 1849 consummatam

356 1877 625 1947 ὑπακοῆς.
679 1880 847 1934 Ὅταν
876 1877 970 1935 οὖν
1008 1881 1141 1954 λέγῃ
1179 1883 1242 1936 τὸ
1283 1884 1522 1955 Γράμμα
1563 1884 1623 1937 τὸ
1645 1885 1818 1955 ἱερὸν,
1862 1885 1928 1938 δι’

358 1968 608 2040 ὑπακοῆς
640 1971 757 2035 ἐνὸς
793 1973 1179 2028 δεδικαιῶσθαι
1221 1975 1471 2041 πολλοὺς,
1514 1975 1615 2030 οὐκ
1643 1976 1929 2048 ἄνθρωπον

350 2059 539 2125 ἁπλῶς
584 2062 679 2115 ἕνα
714 2064 823 2117 τῶν
861 2064 984 2118 καθ’
1028 2068 1178 2136 ἡμᾶς
1212 2068 1291 2129 είς
1318 2067 1476 2120 τοῦτο
1507 2068 1928 2138 παραληφθῆναι

352 2168 558 2222 φαμεν,
600 2155 1066 2227 ἐνηνθρωπηκότα
1115 2157 1171 2211 δὲ
1224 2157 1427 2227 μᾶλλον
1470 2158 1561 2212 τὸν
1616 2160 1922 2229 Μονογενῆ,

350 2245 449 2298 καὶ
498 2245 738 2315 ὑπήκοον
772 2246 913 2318 ὑπὲρ
947 2247 1106 2318 ἡμῶν
1150 2248 1415 2316 γεγονότα
1452 2247 1531 2319 τῷ
1558 2249 1752 2319 Πατρί.
1790 2267 1809 2301 ι
1847 2250 1923 2301 Ού

349 2334 461 2407 γὰρ
495 2337 755 2408 ἐποίησεν
794 2341 1093 2409 ἁμαρτίαν,
1137 2340 1260 2393 οὐδὲ
1308 2340 1505 2413 εὑρέθη
1553 2341 1705 2405 δόλος
1755 2343 1814 2396 ἐν
1844 2340 1921 2412 τῷ

349 2427 576 2498 στόματι
610 2422 795 2497 αὐτοῦ,
842 2449 861 2483 ι
904 2430 1047 2486 καθά
1078 2432 1410 2504 γέγραπται.

414 2702 546 2758 Kl".
585 2722 604 2755 ι
660 2703 821 2772 Λέγω
869 2704 977 2775 γὰρ
1014 2704 1249 2775 Χριστὸν
1296 2704 1543 2759 διάκονον
1588 2707 1918 2778 γεγενῆσθαι

345 2796 647 2865 περιτομῆς
675 2795 817 2862 ὑπὲρ
844 2796 1103 2865 ἀληθείας
1119 2795 1277 2860 Θεοῦ,
1311 2797 1391 2859 είς
1416 2797 1477 2849 τὸ
1508 2796 1801 2867 βεϐαιῶσαι
1820 2799 1919 2863 τὰς

344 2886 679 2954 ἐπαγγελίας
709 2887 817 2939 τῶν
860 2889 1145 2960 πατέρων
1191 2890 1256 2943 τὰ
1302 2890 1361 2944 δὲ
1389 2890 1514 2961 ἔθνη
1569 2893 1708 2964 ὑπὲρ
1734 2893 1918 2956 ἐλέους

341 2976 564 3041 δοξάσαι
590 2975 684 3029 τὸν
715 2978 864 3030 Θεόν.
910 2998 926 3028 ι
972 2978 1237 3033 Ἰουδαίων
1284 2978 1421 3033 εἶναι
1448 2981 1547 3044 τὰς
1584 2982 1917 3050 ἐπαγγελίας

340 3066 439 3169 τὰς
471 3072 583 3131 τοῖς
609 3070 848 3139 πατράσι
870 3070 1251 3141 δεδωρημένας
1272 3074 1300 3125 6
1332 3074 1615 3139 θεσπέσιος
1644 3076 1745 3145 ἔφη
1768 3074 1908 3127 Παῦε
1939 3111 1982 3169 C

341 3153 456 3219 λος.
496 3158 1077 3229 Προανεκεκράγεισαν
1115 3161 1171 3214 δὲ
1204 3162 1297 3215 καὶ
1329 3164 1376 3215 οὶ
1404 3165 1660 3233 μακάριοι
1699 3165 1911 3235 προφῆ-

340 3263 433 3301 ται
458 3249 586 3319 περί⁵
616 3250 878 3319 Χριστοῦ,
909 3251 991 3303 ὅτι
1015 3250 1173 3314 αὐτὸς
1206 3252 1359 3304 ἔσται
1389 3254 1685 3323 προσδοκία
1722 3254 1907 3308 ἐθνῶν.

342 3337 553 3390 Οὐκοῦν
605 3340 632 3391 6
687 3340 892 3409 Κύριος
942 3342 1100 3411 ἡμῶν
1152 3343 1359 3412 Ἰησοῦς
1404 3344 1636 3414 Χριστὸς
1673 3348 1779 3408 τοῖς
1817 3344 1911 3398 τοῦ

342 3429 559 3501 Πατρὸς
590 3429 821 3499 νεύμασι
857 3432 1139 3497 συναινῶν,
1166 3433 1357 3500 γέγονε
1390 3434 1487 3503 μὲν
1513 3438 1578 3503 τῇ
1620 3438 1910 3505 περιτομῇ,

339 3522 587 3574 τουτέστι
613 3526 725 3585 τοῖς
750 3523 1047 3588 Ἰουδαίοις,
1079 3524 1346 3588 διάκονος,
1381 3526 1459 3587 εἰς
1492 3525 1781 3594 βεϐαίωσιν
1805 3527 1913 3579 τῶν

341 3611 399 3663 ἐν
430 3613 541 3675 τοῖς
584 3614 860 3684 Πατράσιν
900 3614 1358 3684 ἐπηγγελμένων·
1414 3596 1601 3685 εἴρητο
1642 3616 1781 3686 γὰρ,
1832 3617 1912 3669 ὅτι

345 3720 367 3753 ι
418 3702 475 3755 Ὀ
506 3702 715 3765 δίκαιος
750 3706 815 3756 ἐκ
850 3705 1085 3769 πίστεως
1122 3708 1376 3777 ζήσεται·
1429 3726 1446 3757 ι
1491 3709 1603 3769 τοῖς
1627 3723 1689 3773 γε
1718 3706 1826 3776 μὴν
1853 3707 1913 3770 ἐξ

340 3793 511 3847 ἐθνῶν
544 3795 767 3863 εὐλογία
815 3799 1159 3869 πνευματικὴ
1194 3800 1289 3851 καὶ
1320 3798 1600 3863 ζωοποιὸς,
1634 3798 1772 3851 ὥστε
1816 3797 1912 3851 καὶ

341 3883 542 3948 αὐτοὺς
597 3887 932 3957 ἡλεημένους
976 3890 1066 3943 διὰ
1111 3890 1210 3960 τῆς
1264 3890 1518 3953 πίστεως,
1563 3889 1911 3960 δοξολογῆσαι

336 3975 495 4029 Θεόν.
559 3977 694 4031 Ἀλλ’
750 3981 799 4032 εί
860 3982 955 4034 καὶ
1001 3980 1193 4051 γέγονε
1232 3982 1478 4045 διάκονος
1531 3982 1906 4054 ἀνθρωπίνως,

339 4065 453 4119 ἀλλ’
478 4063 575 4121 οὖν
609 4068 685 4132 ὠς
718 4069 852 4134 Θεὸς
884 4072 1215 4143 κηρύττεται
1251 4075 1368 4137 τοῖς
1400 4090 1458 4127 τε
1496 4074 1561 4126 ἐκ
1589 4074 1907 4143 περιτομῆς,

340 4156 436 4209 καὶ
468 4156 651 4225 μέντοι
680 4163 792 4223 τοῖς
825 4159 885 4225 ἐξ
922 4161 1121 4215 ἐθνῶνο
1167 4162 1461 4233 κέκληνται
1491 4162 1599 4233 γὰρ
1629 4166 1707 4225 είς
1737 4162 1905 4231 ζωὴν,

338 4247 439 4317 οὺχ
463 4246 539 4310 ὡς
564 4249 643 4311 εἰς
665 4249 762 4303 ἕνα
789 4250 897 4303 τῶν
922 4251 1046 4305 καθ’
1075 4254 1219 4323 ἡμᾶς
1243 4252 1529 4324 ἄνθρωπον
1562 4251 1766 4315 ἁπλῶς.
1793 4251 1907 4305 ἀλλ’

337 4336 415 4400 ὡς
443 4339 522 4401 είς
552 4338 683 4392 Θεὸν
719 4341 1111 4406 πιστεύσαντες
1140 4344 1220 4407 εἰς
1254 4344 1487 4415 Χριστόν
1509 4361 1522 4374 ·
1557 4344 1651 4396 καὶ
1680 4344 1778 4395 οὐκ
1805 4341 1908 4406 ἔξω

2032 1884 2176 1938 illam
2230 1884 2593 1939 obedientiam
2646 1884 2699 1939 in
2748 1886 2915 1939 vitam
2972 1886 3302 1951 reducentis,
3336 1893 3602 1947 fexsortes

2030 1991 2130 2030 nos
2161 1991 2402 2031 manere.
2460 1976 2594 2031 Cum
2645 1977 2827 2047 itaque
2868 1977 3051 2030 divina
3086 1977 3366 2046 Scriptura
3400 1975 3599 2029 multos

2026 2081 2124 2135 per
2174 2068 2334 2122 unius
2393 2068 2755 2123 obeditionem
2816 2068 3144 2135 justilicatos
3208 2068 3425 2131 asserit,
3491 2081 3595 2119 non

2026 2156 2325 2226 simplicem
2354 2157 2610 2227 aliquem,
2633 2168 2939 2227 nostraeque
2964 2156 3290 2212 conditionis
3323 2156 3593 2210 hominem

2026 2250 2092 2302 ad
2122 2250 2223 2304 hoc
2250 2258 2587 2318 assumptum
2633 2249 2874 2319 cogitare
2918 2249 3177 2304 debemus
3206 2264 3221 2313 ;
3252 2247 3345 2301 sed
3386 2247 3591 2315 ipsum-

2024 2348 2135 2395 met
2168 2340 2515 2411 Unigenitum
2546 2340 2819 2395 hominem
2852 2339 3076 2403 factum,
3108 2342 3196 2407 qui
3232 2338 3591 2393 obedientiam

2022 2433 2165 2488 Patri
2216 2450 2314 2503 pro
2358 2432 2611 2487 omnibus
2654 2433 2924 2501 praestitit.
2963 2432 3009 2486 Is
3038 2432 3179 2486 enim
3206 2439 3312 2496 est,
3353 2430 3467 2499 qui,
3512 2439 3595 2482 at-

2021 2534 2257 2579 teslaute
2306 2524 2607 2594 Scriptura,
2680 2541 2696 2573 ι
2747 2533 3026 2591 peceatum
3080 2539 3184 2575 nou
3234 2521 3383 2585 fecit,
3418 2535 3592 2588 neque

2018 2616 2174 2671 dolus
2200 2616 2451 2670 inventus
2478 2626 2559 2670 est
2589 2616 2640 2668 in
2671 2630 2765 2669 ore
2795 2615 2912 2681 ejus
2936 2615 3001 2667 3’.
3034 2634 3051 2666 ι

2091 2706 2279 2761 XXIII.
2318 2725 2336 2757 ι
2380 2706 2508 2759 Dico
2538 2706 2680 2759 enim
2715 2705 2994 2760 Christum
3046 2704 3230 2759 Iesum
3281 2706 3589 2762 ministrum

2018 2797 2187 2852 fuisse
2241 2797 2671 2851 circumcisiouis
2722 2807 2942 2866 propter
2996 2798 3277 2852 veritatem
3337 2800 3447 2861 Dei.
3511 2801 3578 2854 ad

2017 2888 2418 2943 contirmaudas
2470 2888 2858 2956 promissiones
2891 2900 3100 2957 patrum
3147 2906 3160 2943 :
3193 2900 3382 2959 gentes
3407 2899 3587 2945 autem

2016 2991 2176 3046 Super
2201 2978 2571 3030 misericordia
2607 2978 2876 3030 honorare
2905 2977 3068 3031 Deum
3108 2979 3171 3033 ³³.
3216 2997 3233 3029 ι
3265 2979 3587 3035 Promissio-

2017 3082 2109 3120 ncs
2148 3067 2392 3137 patribus
2443 3066 2610 3120 factas
2656 3067 2721 3119 ad
2774 3065 2987 3121 Judaeos
3028 3068 3301 3136 pertinere
3333 3071 3590 3138 praedicat

2021 3157 2236 3210 divinus
2290 3156 2506 3210 Paulus.
2556 3157 2623 3209 At
2673 3159 2948 3226 prophetae
3003 3159 3277 3213 Christum
3343 3162 3595 3228 gentium.

2018 3248 2476 3314 exspectationem
2506 3246 2641 3312 fore,
2671 3246 2782 3315 jam
2811 3246 3011 3300 dudum
3043 3257 3167 3302 ante
3190 3250 3577 3315 praedixerant.

2017 3339 2202 3408 Itaque
2233 3339 2489 3393 Dominus
2521 3348 2706 3392 noster
2739 3337 2900 3393 Iesus
2926 3337 3177 3393 Christus
3207 3339 3387 3394 Patris
3430 3342 3582 3394 nutui

2014 3445 2134 3485 sese
2157 3428 2522 3494 contormans,
2548 3428 3002 3495 circumcisiouis,
3024 3430 3124 3483 hoc
3150 3438 3251 3496 est,
3280 3429 3584 3484 .lmheorum

2014 3517 2261 3571 minister
2294 3516 2468 3570 factus
2496 3526 2600 3579 est,
2633 3516 2699 3569 ad
2726 3517 3142 3584 promissionum
3177 3533 3295 3586 qua:
3345 3520 3587 3588 patribus

2013 3608 2169 3663 factae.
2206 3608 2420 3663 fuerant
2452 3608 2977 3663 corroborationem.
3016 3608 3234 3663 Dictum
3292 3612 3435 3663 enim
3471 3610 3585 3662 fue-

2015 3710 2136 3754 rat:
2185 3718 2203 3751 ι
2240 3699 2429 3755 .lustus
2480 3713 2547 3753 ex
2589 3698 2692 3752 ﬁde
2729 3700 2874 3753 vivet
2898 3700 2943 3733 “
2977 3716 2991 3752 :
3029 3717 3047 3751 ι
3098 3701 3350 3771 gentibus
3401 3714 3580 3755 autem

2014 3792 2226 3845 viviﬁca
2273 3801 2325 3846 et
2356 3789 2619 3860 spiritalis
2652 3790 2979 3856 benedictio,
3011 3800 3069 3845 ut
3097 3804 3152 3847 et
3190 3792 3321 3861 ips-.e
3368 3809 3585 3864 quoque

2012 3898 2109 3951 per
2167 3882 2323 3937 ﬁdem
2374 3892 2603 3946 vocatte,
2662 3898 2725 3937 ac
2774 3883 3207 3938 misericordiam
3257 3896 3583 3950 consecutze,

2015 3974 2180 4026 Deum
2216 3972 2539 4042 gloriﬁcent.
2580 3970 3068 4027 Verumenimvero
3112 3973 3238 4028 licet
3283 3977 3582 4029 secundum

2013 4063 2302 4117 humanam
2354 4072 2606 4117 naturam
2658 4063 2835 4116 {actus
2892 4064 2963 4117 sit
3019 4063 3287 4129 minister,
3345 4075 3580 4119 attamen

2015 4165 2122 4208 tam
2165 4155 2229 4209 iis
2261 4154 2351 4224 qui
2386 4170 2452 4208 ex
2502 4154 2924 4209 circumcisione
2969 4164 3112 4221 sunt,
3166 4170 3326 4224 quam
3373 4157 3607 4212 eseteris.

2012 4261 2223 4314 quoque
2285 4246 2375 4314 qui
2454 4261 2519 4300 ex
2575 4246 2842 4313 gentibus,
2889 4246 3259 4301 annuntiatur
3306 4256 3363 4301 ut
3418 4247 3581 4303 Deus.

2016 4336 2238 4406 Utrique
2267 4336 2409 4390 enim
2444 4337 2496 4389 in
2545 4336 2819 4391 Christum
2855 4353 2961 4393 non
2991 4348 3243 4408 tanquam
3270 4340 3325 4393 in
3362 4355 3583 4408 purum,

339 4425 564 4495 σαρκὸς,
583 4428 749 4497 ἤγουν
775 4429 1318 4501 ἀνθρωπότητος,τὸν
1338 4432 1401 4484 ἐκ
1426 4430 1560 4484 θεοῦ
1586 4422 1754 4498 Λόγον
1776 4432 1907 4500 ὁμου

2023 4437 2321 4496 nostraeque
2354 4428 2517 4481 sortis
2546 4429 2842 4494 hominem,
2877 4430 2972 4484 sed
3006 4440 3261 4500 tanquam
3313 4431 3365 4483 in
3416 4431 3585 4493 Deum

337 4515 619 4586 λογοῦντες
654 4518 941 4590 ὑπάρχειν,
976 4523 1397 4593 σεσαρκωμένον
1418 4522 1473 4576 δὲ
1507 4521 1600 4579 καὶ
1635 4520 1909 4593 ἐνανθρω-

336 4609 585 4681 στήσαντα
610 4612 1038 4681 προσκυνοῦντες
1063 4613 1245 4669 αὐτόν.

408 4875 537 4933 KA'.
575 4896 597 4929 ι
632 4878 705 4931 Τὸ
732 4880 840 4950 γάρ
875 4896 956 4933 τοι
984 4878 1135 4949 ῥῆμα
1158 4877 1258 4947 τῆς
1284 4877 1540 4942 πίστεως,
1565 4876 1595 4931 ὃ
1635 4877 1905 4948 κηρύσσο-

341 4987 463 5041 μεν,
506 4969 781 5041 διατρανοῖ
810 4970 981 5038 λέγων
1019 4973 1047 5023 6
1078 4969 1345 5041 μακάριος
1385 4969 1616 5035 Παῦλος,
1649 4970 1773 5023 Ὀτι
1810 4970 1903 5023 ἐὰν

343 5064 503 5134 εῐπῃς
541 5066 597 5116 ἐν
629 5064 707 5133 τῷ
741 5064 968 5133 στόματί
1016 5080 1131 5126 σου,
1165 5062 1369 5132 Κύριος
1418 5061 1647 5133 Ἰησοῦς,
1691 5063 1784 5116 καὶ
1813 5080 1903 5115 πι-

345 5154 573 5226 στεύσῃς
612 5157 669 5208 ἐν
699 5158 765 5226 τῇ
806 5154 1002 5226 καρδία
1026 5171 1143 5219 σου,
1173 5154 1303 5207 ὃτιὸ
1331 5154 1461 5216 Θεὸς
1490 5153 1652 5207 αὑτὸν
1685 5154 1904 5224 ἤγειρεν

341 5248 407 5299 ἐκ
433 5247 663 5335 νεκρῶν,
688 5247 927 5319 σωθήσῃ.
964 5265 982 5298 ι
1016 5243 1149 5300 Εἶτα
1173 5246 1290 5309 πῶς
1317 5244 1382 5298 ἂν
1407 5246 1472 5299 ὲκ
1500 5245 1711 5316 νεκρῶν
1744 5247 1903 5313 ὲγερο

410 5383 456 5414 ³⁸
495 5382 651 5439 Rom.
687 5400 809 5450 vm,
834 5384 885 5439 7.
996 5386 1036 5417 ³⁸
1068 5384 1243 5439 Calat.
1272 5396 1350 5447 tv,
1388 5382 1444 5438 4.

342 5470 396 5520 x,
425 5453 480 5519 7,
522 5455 575 5507 8.

1552 5381 1639 5436 ³³1
1670 5380 1819 5436 Petr.
1846 5395 1906 5446 ιι,
1934 5378 2025 5433 22.
2102 5378 2149 5411 ³³
2178 5376 2335 5433 Rom.
2376 5394 2467 5443 xv,
2522 5381 2575 5448 8,
2610 5382 2662 5437 9.

2014 4520 2333 4584 credentes;
2385 4533 2556 4588 neque
2602 4518 2694 4572 Dei
2737 4520 2971 4575 Verbum
3007 4532 3160 4576 extra
3184 4537 3427 4585 carnem,
3480 4524 3584 4578 hoc

2013 4618 2097 4664 est
2152 4610 2445 4665 humanam
2494 4618 2768 4675 naturam,
2818 4612 3054 4681 positum
3107 4614 3458 4681 proﬁtentes,
3488 4616 3582 4667 sed

2015 4700 2372 4763 iucarnatum,
2432 4715 2668 4771 vereque
2723 4703 2993 4763 hominem
3037 4702 3240 4756 factum
3268 4706 3578 4767 adorantes,

2012 4791 2187 4846 vocati
2226 4800 2353 4848 sunt
2380 4793 2447 4846 ad
2472 4793 2659 4847 vitam.

2081 4880 2270 4936 XXIV.
2310 4900 2328 4933 ι
2368 4880 2599 4938 Verbum
2634 4892 2811 4937 autem
2862 4883 2985 4938 ﬁdei
3038 4885 3178 4952 quod
3224 4885 3581 4952 praedicamus

2012 4972 2313 5045 (inquiebat
2339 4972 2670 5043 Apostolus),
2710 4976 2809 5028 hoc
2846 4984 2927 5029 est
2958 4992 2971 5028 :
3017 4974 3151 5041 Quia
3187 4977 3228 5031 si
3271 4978 3581 5033 conﬁtearis

2012 5063 2063 5117 in
2081 5077 2174 5117 ore
2196 5073 2286 5117 tuo
2309 5064 2590 5118 Dominum
2608 5065 2814 5127 Jesum,
2837 5075 2889 5118 et
2908 5065 2960 5118 iu
2987 5068 3148 5120 corde
3168 5076 3260 5119 tuo
3284 5068 3579 5122 credideris

2008 5155 2148 5221 quod
2170 5154 2308 5208 Deus
2335 5153 2478 5207 illum
2509 5155 2789 5209 suscitavit
2806 5172 2833 5208 a
2852 5158 3098 5221 mortuis,
3123 5156 3302 5211 salvus
3332 5158 3440 5212 eris
3460 5158 3526 5211 ³⁸.
3553 5178 3571 5210 ι

2004 5242 2121 5299 Jam
2161 5257 2283 5298 cum
2325 5241 2464 5298 Deus
2499 5254 2684 5313 suapte
2713 5255 2901 5299 natura
2926 5248 2996 5300 sit
3034 5247 3372 5312 immortalis,
3432 5248 3577 5301 siin-

2778 5382 2823 5414 “
2854 5382 3016 5440 Ilebr.
3064 5401 3115 5448 Χ,
3170 5386 3259 5441 58.
3338 5386 3384 5418 ³⁸
3415 5385 3577 5448 Rom,

1431 5565 1603 5623 Variae
1630 5564 1888 5623 lectiones
1911 5562 2116 5622 codicis
2142 5563 2497 5635 Seguicriani.

344 5705 367 5734 ε
400 5692 599 5762 ἄθλοις,
633 5695 663 5765 ἦ
696 5695 924 5761 στολαῖς.
1002 5697 1024 5737 ἀ
1057 5697 1490 5772 στεφανουμένην
