4132 6490
548 352 573 409 1
584 353 689 408 367

1563 353 1618 407 S.
1646 352 1919 409 CYRILIJ
1956 350 2419 408 ALEXANDRINI
2459 352 2781 410 ARClllEP.

3660 356 3803 413 i368

544 469 879 525 carnationis
896 467 1200 523 doctrinam
1226 484 1329 523 non
1347 470 1700 536 admittimus,
1734 471 1889 543 147
1905 484 2114 537 corpus-

2228 468 2386 537 Θῆναι
2438 468 2671 537 λέγοιτο,
2719 469 2899 523 καίτοι
2945 468 3043 539 τὴν
3090 470 3252 539 φύσιν
3295 471 3561 534 ἀθάνατος
3608 471 3686 526 ὢν
3727 473 3805 536 ὡς

544 574 649 629 que
666 559 806 628 quod
837 558 971 613 mori
1010 567 1211 627 posset,
1237 559 1337 613 sibi
1367 561 1642 629 proprium
1680 561 1874 614 fecisse
1912 559 2120 613 inficia-

544 665 685 715 mnr,
713 651 983 720 quomodo
1014 665 1079 705 ex
1114 650 1343 704 mortuis
1382 651 1742 706 resurrexisse
1766 660 1914 706 recte
1937 652 2120 707 dicere

545 747 870 815 poterimus?
887 744 942 799 lu
963 748 1201 801 lnnnano
1221 748 1403 815 itaque
1420 760 1650 815 corpore
1663 746 1802 815 quod
1818 760 2123 815 assumpse-

547 847 891 904 rat,mortem
916 839 1196 893 sustinuit:
1216 838 1393 892 divina
1418 848 1597 894 autem
1618 841 1840 905 virtute,
1863 849 2117 909 tanquam

545 931 657 984 vita
687 940 740 983 et
771 930 1105 999 incorruptio
1124 931 1414 996 exsistens,
1447 945 1510 985 ex
1535 931 1764 986 mortuis
1797 935 2116 987 resurrexit.

620 1020 781 1076 XXV.
826 1041 843 1074 ι
883 1022 1016 1076 Nam
1047 1038 1197 1076 arma
1234 1022 1440 1078 militiae
1479 1032 1677 1077 nostra:
1718 1040 1824 1079 non
1874 1025 2116 1079 carnalia

544 1122 692 1177 sunt,
719 1115 811 1168 sed
843 1115 1081 1183 potentia
1134 1115 1268 1177 Deo,
1298 1115 1366 1167 ad
1408 1114 1833 1170 destructionem
1858 1117 2118 1171 munitio-

545 1219 695 1267 num,
741 1204 968 1258 consilia
1017 1214 1348 1268 evertentes,
1398 1213 1454 1258 et
1505 1220 1721 1260 omnem
1773 1206 2116 1261 altitudinem

544 1294 891 1349 extollentem
933 1310 992 1349 se
1024 1296 1287 1349 adversus
1310 1297 1674 1363 cognitionem
1708 1298 1833 1364 Dei;
1858 1309 1913 1353 et
1944 1301 2116 1368 capti-

541 1395 733 1440 vantes
781 1400 995 1440 omnem
1050 1385 1383 1441 intellectum
1430 1387 1484 1441 in
1539 1390 1902 1444 obedientiam
1952 1390 2115 1446 Chri-

543 1476 613 1529 sti
643 1474 707 1529 ³⁸.
751 1493 770 1528 ι
807 1473 1010 1530 Bellum
1040 1477 1181 1545 quod
1227 1478 1402 1531 sancti
1453 1490 1667 1548 gerunt,
1717 1496 1824 1534 non
1855 1491 1936 1537 est
1967 1497 2117 1536 cras-

543 1583 662 1622 smn
709 1578 802 1622 aut
855 1569 1138 1636 corporale
1171 1612 1185 1636 ,
1233 1571 1325 1624 sed
1371 1572 1570 1626 subtile
1623 1581 1677 1628 et
1732 1574 1994 1644 spiritale.
2037 1573 2115 1629 llli

543 1661 685 1714 enim
733 1662 1102 1716 commendari
1166 1663 1341 1717 solent
1392 1679 1456 1720 ac
1510 1665 1794 1733 celebrari,
1832 1684 1936 1723 non
1989 1669 2115 1737 quia

541 1751 840 1820 corporalia
868 1753 1084 1808 vibrent
1115 1769 1286 1817 arma,
1319 1766 1412 1809 aut
1443 1754 1755 1812 lancearum
1778 1760 2113 1828 cuspidibus,

544 1840 627 1895 vel
686 1842 914 1896 telorum
970 1843 1210 1913 jactibus
1266 1854 1392 1913 apte
1458 1856 1729 1903 utantur:
1786 1851 1878 1904 sed
1938 1852 2115 1919 potius

541 1932 665 2000 quia
701 1934 945 1990 veritatis
1007 1934 1172 1989 armis
1224 1936 1494 2004 instructi,
1530 1939 1852 2006 spiritaliter
1883 1941 2116 2011 intrepi-

544 2025 716 2094 deque
746 2025 811 2079 iis
846 2041 965 2081 sese
994 2028 1274 2096 obiiciant,
1319 2029 1409 2098 qui
1460 2029 1765 2085 divinorum
1804 2033 2111 2103 dogmatum

543 2117 927 2171 rectitudinem
956 2119 1287 2184 adulterare,
1331 2137 1392 2177 ac
1421 2123 1715 2178 temerario
1750 2139 1883 2178 ausu
1919 2126 1985 2180 ad
2018 2142 2111 2180 sua

542 2206 737 2276 placita
770 2220 1082 2278 pervertere
1116 2212 1356 2267 student.
1389 2213 1505 2267 Non
1528 2214 1692 2284 igitur
1718 2216 1957 2271 carnalia
1990 2228 2115 2272 sunt

543 2310 855 2354 sanctorum
903 2317 1089 2370 arma,
1142 2303 1235 2358 sed
1277 2302 1331 2357 in
1382 2305 1491 2361 Deo
1545 2315 1598 2361 et
1642 2322 1738 2376 pro
1770 2308 1881 2363 Deo
1916 2309 2112 2364 valida.

543 2390 920 2447 Demoliuutur
966 2395 1108 2448 enim
1167 2396 1444 2450 hominum
1495 2410 1824 2464 commenta,
1881 2417 2000 2471 quae
2059 2403 2113 2456 in

544 2483 836 2537 absurdum
863 2485 1096 2555 aliquem
1129 2501 1345 2541 sensum
1383 2490 1745 2557 abstrahunt;
1794 2507 1967 2562 neque
2012 2493 2116 2547 mi-

543 2576 661 2629 nori
696 2576 873 2631 studio
912 2592 973 2630 ea
1009 2591 1041 2632 e
1069 2577 1245 2632 medio
1280 2578 1470 2632 tollere
1509 2581 1774 2644 nituntur,
1806 2598 1966 2651 quam
1995 2584 2114 2637 exi-

545 2666 703 2722 tiales
739 2668 996 2736 quosdam
1029 2668 1313 2730 barbaros.
1340 2671 1432 2739 qui
1462 2673 1623 2741 regia:
1657 2674 1928 2742 majestati
1955 2688 2108 2744 aper-

545 2769 658 2815 tum
689 2760 885 2815 bellum
921 2761 1187 2815 indicunt.
1230 2761 1381 2827 Quod
1412 2764 1455 2816 si
1496 2764 1766 2833 quispiam
1799 2779 1865 2819 ex
1899 2764 2114 2819 illorum

543 2868 728 2923 grege,
778 2855 870 2923 qui
910 2855 1249 2923 iniquitatem
1292 2866 1482 2910 contra
1531 2858 1696 2911 Deum
1734 2857 1877 2926 loqui
1911 2860 2110 2923 solent,

543 2959 747 3002 cornua
791 2946 842 3000 in
892 2945 1061 3003 altum
1115 2948 1396 3002 sustulerit
1425 2948 1490 3014 ³⁷,
1531 2964 1653 3003 eum
1689 2950 1778 3005 ille
1805 2950 1972 3004 veluti
2008 2966 2115 3004 crc-

543 3041 734 3094 dentes
758 3048 918 3092 recta:
946 3038 1067 3093 fidei
1098 3040 1403 3104 sententiis,
1447 3048 1709 3094 retortum
1758 3042 1824 3096 ad
1868 3041 2117 3095 veritatis

543 3131 843 3187 doctrinam
878 3146 1002 3186 mox
1041 3131 1346 3183 traducunt.
1392 3129 1540 3200 Opus
1570 3132 1753 3201 itaque
1797 3143 2114 3185 sanctorum
2144 3157 2186 3215 ο

544 3221 811 3276 industria
847 3234 973 3275 vere
1004 3221 1247 3289 dignum,
1282 3219 1499 3287 Deoque
1528 3234 1649 3272 cum
1683 3220 1875 3288 primis
1904 3229 2115 3289 gratum

542 3310 728 3371 fuerit,
770 3325 834 3363 ea
880 3309 947 3363 ad
985 3308 1405 3377 dispensationis
1450 3323 1571 3361 cum
1624 3323 1789 3363 carne
1835 3311 2104 3365 rationem

545 3401 867 3463 transferre,
915 3414 1035 3467 qua:
1076 3413 1196 3451 cum
1241 3396 1442 3452 Christi
1478 3398 1646 3466 gloria
1676 3414 1781 3453 non
1821 3402 1953 3455 satis
1988 3416 2118 3456 con-

543 3489 729 3542 venire
769 3487 1040 3541 videntur.
1088 3483 1223 3539 Nam
1268 3500 1388 3541 Cum
1423 3485 1658 3542 Verbum
1696 3490 1835 3545 Deus
1867 3501 2033 3557 esset,
2063 3502 2113 3548 et

542 3580 596 3633 in
619 3588 842 3647 paterna
873 3577 1043 3630 forma
1096 3584 1151 3631 et
1188 3575 1498 3643 aqualitate
1548 3579 2111 3652 essisteret,seipsnm

542 3669 609 3722 ad
640 3668 1063 3722 exinanitionem
1095 3667 1327 3731 demisit,
1350 3678 1402 3721 et
1431 3669 1497 3721 ad
1530 3678 1755 3723 mortem
1787 3684 1958 3740 usque
1979 3672 2115 3728 obe-

542 3760 798 3815 dientiam
851 3759 1100 3829 praestitit
1129 3759 1195 3813 ³⁸.
1225 3758 1450 3813 Omnem
1499 3761 1728 3829 proinde
1785 3763 2112 3817 contrarium

542 3852 872 3908 intellectum
927 3852 1208 3905 commode
1252 3860 1515 3916 evertere,
1556 3861 1611 3907 et
1646 3855 1797 3922 quasi
1846 3856 2113 3924 captivum

542 3946 595 3999 in
650 3944 849 3999 Christi
911 3944 1272 3999 obedientiam
1327 3944 1543 3999 trahere
1584 3956 1813 4015 oportet.
1864 3946 2015 4014 Quod
2070 3948 2115 4004 si

540 4035 745 4106 aliquid
800 4035 1088 4089 humanam
1128 4035 1494 4090 infirmitatem
1525 4037 1743 4108 sapiens
1773 4040 1837 4092 de
1870 4055 1935 4094 eo
1970 4041 2116 4095 dica-

543 4140 663 4192 tur,
713 4127 763 4180 id
803 4126 961 4180 Verbi
1012 4137 1239 4191 naturaa,
1287 4128 1329 4181 si
1358 4128 1629 4183 hominem
1681 4131 1849 4185 nostri
1884 4134 2112 4189 similem

540 4218 744 4270 factum
780 4217 1086 4278 credamus,
1130 4217 1328 4270 nullam
1367 4218 1590 4272 omnino
1630 4230 1813 4274 notam
1841 4232 2110 4291 asperget.

541 4307 753 4365 Etenim
792 4306 914 4362 licet
952 4307 1239 4361 hmnanam
1288 4317 1535 4362 naturam
1564 4313 1938 4379 assumpserit,
1965 4324 2019 4368 et
2049 4316 2115 4369 ad

2220 558 2373 625 Θεὸς,
2410 560 2459 612 εί
2489 558 2565 631 μὴ
2600 560 3010 631 προειοδέξαιτό
3028 579 3113 625 τις
3140 564 3267 626 τοὺς
3298 564 3432 634 περὶ
3448 562 3805 635 ὲνανθρωπη-

2222 668 2360 714 σεως
2397 651 2619 719 λόγους,
2653 651 2928 723 διατεθείη
2954 671 3036 720 τε,
3072 654 3153 707 ὅτι
3180 654 3244 707 τὸ
3276 654 3523 723 πεφυκὸς
3547 652 3797 724 ἀποθνή-

2222 761 2371 797 σκειν
2419 743 2549 797 ἴδιον
2593 745 2892 815 ἐποιήσατο
2924 746 3122 816 σῶμα;
3170 747 3279 800 Καὶ
3316 747 3578 818 ὑπέμεινε
3620 747 3720 817 μὲν
3744 750 3803 801 ἐν

2220 833 2366 903 αὐτῷ
2387 833 2478 887 τὸν
2506 833 2732 888 θάνατον
2752 836 3126 908 ἀνθρωπίνως,
3158 837 3360 893 ἀνεὸίω
3387 838 3445 891 δὲ
3473 837 3699 903 θεῖκῶς,
3726 838 3802 902 ὡς

2219 927 2495 997 ἀφθαρσία
2526 929 2619 981 καὶ
2647 928 2782 999 ζωή.

2292 1019 2422 1073 KE'.
2464 1038 2483 1070 ι
2513 1020 2593 1071 Τὰ
2635 1020 2745 1089 γὰρ
2773 1019 2915 1074 ὅπλα
2941 1022 3040 1092 τῆς
3071 1021 3361 1093 στρατείας
3386 1020 3545 1092 ἡμῶν
3575 1022 3637 1075 οὐ
3667 1039 3802 1093 σαρ-

2219 1108 2371 1171 κικά,
2402 1108 2538 1162 ἀλλὰ
2577 1110 2779 1164 δυνατὰ
2819 1111 2898 1182 τῷ
2923 1111 3043 1182 Θεῷ
3076 1113 3213 1183 πρὸς
3241 1112 3561 1184 καθαίρεσιν
3591 1112 3801 1184 ὀχυρωο

2222 1200 2432 1269 μάτων,
2480 1199 2779 1272 λογισμοὺς
2844 1203 3238 1275 καθαιροῦντα,
3290 1206 3386 1258 καὶ
3434 1206 3545 1258 πᾶν
3599 1203 3799 1275 ὕψωμα

2218 1293 2579 1364 ἐπαιρόμενον
2611 1293 2753 1347 κατά
2789 1296 2888 1365 τῆς
2912 1294 3169 1363 γνώσεως
3197 1294 3291 1349 τοῦ
3315 1296 3450 1348 Θεοῦ
3472 1337 3488 1362 ,
3509 1294 3606 1349 καὶ
3630 1297 3797 1365 αἰχμ-

2216 1382 2550 1450 αλωτίζοντα
2572 1388 2679 1439 πᾶν
2695 1386 2873 1457 νόημα
2908 1389 2988 1450 είς
3004 1386 3103 1459 τὴν
3121 1388 3365 1458 ὑπακοὴν
3382 1388 3475 1441 τοῦ
3495 1388 3754 1459 Χριστοῦ.
3770 1407 3791 1439 ο

2216 1474 2292 1527 Οὐ
2322 1476 2496 1545 παχὺς
2526 1476 2622 1530 καὶ⁹
2654 1479 2989 1547 σωματικὸς,
3031 1477 3210 1548 ἰσχνὸς
3234 1480 3290 1532 δὲ
3324 1478 3525 1549 μᾶλλον
3562 1475 3657 1529 καὶ
3676 1493 3799 1547 νοη-

2216 1565 2307 1628 τὸς
2338 1565 2443 1619 τῶν
2485 1567 2653 1635 ἁγίων
2678 1570 2708 1620 ό
2753 1568 3011 1639 πόλεμος.
3050 1567 3289 1621 ensem
3325 1569 3431 1640 γάρ
3465 1568 3793 1637 εὐδοκιμεῖν,

2216 1657 2315 1727 οὐχ
2343 1657 2482 1710 ὅπλα
2518 1657 2796 1722 κινοῦντες
2842 1661 3105 1730 σαρκικὰ,
3138 1662 3235 1713 καὶ
3264 1664 3386 1723 ταῖς
3417 1660 3528 1713 τῶν
3553 1658 3799 1730 δοράτων

2218 1748 2443 1817 ἀκμαῖς,
2477 1750 2644 1820 ἤγουν
2667 1753 2785 1814 ταῖς
2804 1750 2914 1804 τῶν
2942 1751 3111 1822 βελῶν
3135 1753 3462 1823 εὐστοχίαις,
3496 1750 3795 1824 χρώμενοι,

2147 1814 2190 1869 Β
2220 1814 2355 1891 ἁλλά
2382 1814 2625 1910 τοῖς-τῆς
2655 1839 2915 1913 ἀληθείας
2942 1814 3131 1908 δπλοις
3174 1814 3593 1915 ἐνηρμοσμένοι,
3622 1814 3797 1896 *πνευέ

2220 1930 2463 2000 ματικῶς
2495 1932 2953 2004 ἀντανιστάμενοί
2989 1952 3049 1988 τε
3088 1936 3182 1988 καὶ
3216 1936 3363 2006 μάλα
3391 1934 3661 1997 νεανικῶς
3685 1936 3801 1996 τοῖς

2215 2024 2459 2077 ἐθέλουσι
2487 2041 2708 2095 παραση
2719 2026 2932 2095 μαίνειν
2951 2010 3144 2097 αὐτὴν,
3170 2029 3264 2082 καὶ
3283 2029 3389 2081 τῶν
3419 2028 3580 2081 θείων
3597 2026 3801 2095 δογμέμ

2214 2134 2321 2169 των
2354 2116 2451 2186 τὴν
2488 2116 2755 2188 ὀρθότητα
2793 2118 3237 2189 παρατρέπουσιν
3276 2119 3368 2172 ὲπί
3421 2135 3485 2187 γε
3525 2117 3587 2171 τὸ
3616 2117 3802 2179 αὐτοῖς

2215 2209 2636 2281 ἀπερισκέπτως
2684 2208 2893 2266 δοκοῦν.
2947 2210 3021 2263 Οὐ
3060 2212 3171 2282 γὰρ
3214 2210 3458 2283 σαρκικὰ
3507 2207 3801 2278 τοιγαροῦν

2214 2300 2322 2353 τῶν
2354 2301 2525 2368 ἁγίων
2548 2300 2617 2354 τὰ
2649 2300 2808 2366 ὅπλα,
2833 2300 3036 2354 δυνατά
3059 2301 3117 2355 δὲ
3151 2302 3352 2372 μᾶλλον
3375 2302 3454 2372 τῷ
3475 2302 3615 2371 Θεῷ.
3645 2297 3799 2352 Καθ-

2217 2393 2433 2465 αιροῦσι
2483 2392 2591 2464 γὰρ
2645 2392 2944 2463 λογισμοὺς
3006 2395 3135 2457 τοὺς
3180 2396 3260 2457 είς
3326 2395 3593 2455 ὲκτόπους
3648 2392 3802 2462 ἡμᾶς

2218 2488 2425 2548 ἑννοίας
2455 2484 2912 2555 ἀποκομίζοντας.
2950 2486 3062 2540 Καὶ
3082 2480 3171 2541 οἷά
3189 2502 3345 2549 τινας
3372 2485 3480 2539 τῶν
3500 2482 3802 2553 ἀλιτηρίων

2221 2578 2535 2650 βαρϐάρων,
2567 2581 2633 2649 τῇ
2664 2577 2927 2647 βασιλέως
2959 2578 3086 2650 δόξῃ
3109 2578 3433 2648 φιλονεικεῖν
3466 2577 3800 2644 ἐγνωκότας,

2218 2673 2282 2723 ἐκ
2312 2670 2478 2739 μέσου
2528 2671 2752 2739 ποιῆσαι
2790 2668 3179 2733 σπουδάζουσι’
3212 2669 3315 2723 κᾶν
3360 2672 3411 2723 εῖ
3436 2686 3519 2733 τις
3549 2669 3631 2730 εἰς
3666 2666 3803 2735 ὕψος

2218 2761 2437 2832 ὲπαίροι
2464 2760 2527 2813 τὸ
2568 2760 2736 2831 κέρας
2762 2760 2873 2813 τῶν
2904 2760 3175 2814 εἰωθότων
3202 2762 3383 2813 λαλεῖν
3420 2758 3633 2813 ἀδικίαν
3658 2757 3804 2810 κατά

2218 2854 2374 2919 Θεοῦ,
2415 2852 2605 2906 τοῦτον
2641 2851 2874 2914 ἐννοίαις
2916 2853 3038 2914 ταῖς
3085 2852 3166 2914 είς
3202 2850 3473 2923 ὀρθότητα
3513 2846 3805 2921 μονονουχὶ

2218 2945 2605 3008 καταπαίουσι,
2638 2940 3018 3012 μετατιθέντες
3045 2942 3128 3005 είς
3152 2941 3213 2994 τὸ
3245 2942 3396 3005 εὐθὺ,
3432 2943 3528 2994 καὶ
3558 2941 3673 2999 τοῖς
3700 2937 3805 3010 τῆς

2219 3037 2476 3103 ἀληθείας
2522 3033 2911 3105 ὲμόιόάζοντες
2963 3033 3161 3101 λόγοις.
3209 3033 3509 3103 Εὐτεχνίας
3551 3026 3645 3085 οὖν
3690 3030 3804 3101 ἄρα

2218 3130 2317 3198 τῆς
2363 3126 2580 3195 ἀληθῶς
2650 3122 3021 3195 ἁγιοπρεποῦς
3073 3123 3234 3195 ἔργον
3291 3122 3358 3177 ἂν
3410 3123 3643 3190 γένοιτο,
3706 3121 3803 3175 καὶ

2220 3220 2454 3292 ἀρέσκον
2477 3216 2619 3288 Θεῷ,
2649 3217 2711 3271 τὸ
2739 3219 2855 3279 τοῖς
2894 3216 2996 3286 τῆς
3029 3214 3346 3285 οἰκονομίας
3377 3214 3559 3283 λόγοις
3597 3211 3775 3281 ὑποφὲ

2225 3328 2337 3383 ρειν
2376 3311 2462 3363 ἀεὶ
2488 3310 2551 3362 τὸ
2585 3305 2968 3379 ἀντιτετάχθαι
3014 3305 3208 3367 δοκοῦν
3246 3308 3314 3377 τῇ
3356 3304 3483 3377 δόξῃ
3536 3301 3799 3377 Χριστοῦ.

2220 3404 2352 3466 Θεὸς
2385 3402 2494 3473 γὰρ
2524 3401 2599 3454 ὢν
2631 3402 2659 3454 ό
2679 3400 2873 3466 Λόγος,
2905 3398 2998 3452 καὶ
3031 3399 3089 3451 ὲν
3124 3401 3306 3469 μορφῇ
3340 3397 3433 3451 καὶ
3460 3396 3668 3465 ἰσότητι
3702 3394 3801 3448 τοῦ

2221 3493 2456 3564 ΙΙατρὸς,
2495 3492 2688 3545 ἑαυτὸν
2733 3490 2975 3559 καθῆκεν
3028 3491 3107 3552 είς
3144 3489 3395 3549 κένωσιν,
3438 3488 3535 3540 καὶ
3576 3485 3803 3555 γέγονεν

2222 3590 2462 3657 ὑπήκοος
2492 3587 2653 3657 μέχρι
2696 3585 2949 3638 θανάτου.
2972 3586 3064 3635 Δεῖ
3092 3583 3271 3636 τοίνυν
3301 3584 3409 3634 πᾶν
3439 3581 3618 3651 νόημα
3643 3594 3804 3648 περι-

2220 3681 2443 3752 τρέπειν
2487 3679 2740 3740 ἀστείως,
2808 3678 2904 3730 καὶ
2938 3671 3049 3729 οἷον
3101 3674 3526 3745 αίχμαλωτίζειν
3570 3674 3649 3735 είς
3699 3669 3804 3742 τὴν

2224 3767 2467 3839 ὑπακοὴν
2490 3766 2677 3822 αὐτοῦ.
2711 3766 2898 3837 Είγάρ
2927 3766 2990 3836 δή
3017 3782 3070 3817 τι
3102 3764 3314 3832 λέγοιτο
3340 3765 3435 3817 καὶ
3459 3764 3566 3816 τῶν
3589 3762 3802 3832 ἀνθρω⁴

2224 3859 2414 3925 πίνων,
2456 3859 2575 3911 κατ’
2629 3856 2823 3911 οὐδένα
2863 3856 3064 3925 τρόπον
3097 3855 3405 3924 ἀδικήσειεν
3454 3854 3519 3907 ἂν
3564 3853 3663 3923 τὴν
3703 3850 3799 3904 τοῦ

2225 3950 2399 4018 Λόγου
2451 3948 2613 4019 φύσιν
2642 3948 2703 4002 τὸ
2741 3950 2800 4001 ὲν
2835 3946 3217 4017 ἀνθρωπότητι
3266 3945 3700 4017 σμικροπρεπὲς,
3748 3944 3800 3997 εί

2219 4040 2527 4095 πιστεύοιτο
2548 4040 2673 4093 καθ’
2704 4040 2853 4110 ἡμᾶς
2877 4038 3165 4109 ἄνθρωπος
3188 4037 3458 4105 γεγονώς·
3493 4037 3587 4090 καὶ
3616 4035 3678 4089 οῦ
3715 4033 3800 4089 τοι

2220 4152 2323 4188 που
2354 4134 2415 4187 τὸ
2448 4129 2587 4185 εἶναι
2624 4131 2756 4195 Θεὸς
2796 4130 3212 4202 ἀποϐεϐληκὼς,
3241 4130 3374 4183 ἀλλά
3405 4128 3541 4201 μετὰ
3568 4129 3662 4182 τοῦ
3692 4130 3803 4198 μεῖ-

2219 4244 2306 4279 ναι
2336 4225 2492 4289 Θεὸς,
2528 4221 2851 4294 προσλαϐὼν
2889 4222 2951 4275 τὸ
2994 4220 3366 4293 ἀνθρώπινον,
3418 4222 3514 4274 καὶ
3556 4220 3799 4291 ὑπήκοος

2218 4318 2508 4387 γενόμενος
2544 4315 2703 4387 μέχρι
2736 4313 2965 4367 θανάτου
2998 4314 3141 4367 κατά
3178 4313 3276 4382 τὴν
3314 4312 3511 4381 σάρκα.

541 4409 771 4454 mortem
828 4414 1000 4467 usque
1035 4403 1330 4455 secundum
1383 4416 1602 4456 carnem
1656 4404 1728 4458 sit
1773 4404 1946 4461 factus
1976 4408 2256 4476 obediens,
2295 4408 2458 4481 148
2496 4408 2693 4462 nullam
2751 4417 2931 4462 tamen
3000 4406 3298 4461 divinitatis
3356 4419 3468 4459 sua:
3522 4404 3793 4474 iacturam

542 4494 708 4548 fecit:
749 4493 945 4547 mansit
975 4494 1117 4547 enim
1159 4494 1295 4549 Deus
1328 4502 1385 4548 ut
1409 4504 1545 4551 erat.

610 4585 802 4642 XXVI.
842 4604 861 4637 ι
904 4584 1077 4651 Unde,
1107 4583 1300 4640 fratres
1343 4588 1539 4649 sancti,
1598 4591 1897 4648 vocationis
1926 4610 2113 4664 super-

2287 4596 2432 4663 Κῷ.
2472 4614 2492 4647 ι
2533 4593 2718 4656 Ὅθεν,
2752 4591 2973 4661 ἀδελφοὶ
2994 4592 3163 4660 ἆγιοι,
3190 4589 3435 4661 κλήσεως
3468 4588 3794 4659 ἐπουρανίου

538 4680 777 4737 cmlestis
816 4677 1125 4749 participes,
1158 4678 1496 4733 considerate
1528 4682 1829 4748 apostolum
1874 4695 1929 4739 et
1974 4701 2109 4756 pon-

539 4772 737 4826 tificem
783 4766 1143 4823 confessionis
1186 4776 1383 4823 nostra:
1429 4767 1633 4836 Iesum,
1683 4772 1775 4841 qui
1818 4773 1991 4830 fidelis
2029 4787 2112 4831 est

538 4862 609 4926 ei,
648 4859 738 4930 qui
790 4859 919 4914 fecit
964 4858 1134 4925 illum,
1166 4859 1309 4914 sicut
1341 4868 1396 4914 et
1427 4859 1637 4931 Moyses
1672 4864 1723 4916 in
1752 4866 1895 4920 oumi
1950 4867 2112 4922 domo

537 4953 675 5021 ejus.
710 4950 1003 5021 Amplioris
1034 4951 1176 5004 enim
1207 4951 1392 5021 gloriae
1418 4954 1520 5008 iste
1561 4969 1670 5023 pra:
1702 4954 1885 5026 Moyse
1919 4959 2111 5027 dignus

536 5056 621 5100 est
666 5045 926 5110 habitus,
985 5053 1187 5113 quanto
1251 5043 1569 5113 ampliorem
1633 5045 1887 5100 honorem
1952 5050 2113 5104 habet

535 5140 721 5198 domo,
771 5136 861 5204 qui
898 5134 1183 5190 fabricavit
1216 5136 1384 5191 illaut.
1418 5135 1606 5193 Omnis
1654 5154 1886 5209 namque
1920 5143 2112 5196 domus

536 5227 834 5281 fabricatur
889 5228 957 5281 ab
1005 5227 1231 5295 aliquo:
1293 5227 1383 5297 qui
1442 5239 1621 5284 autem
1670 5232 1849 5286 omnia
1882 5233 2108 5299 ereavit,

534 5322 679 5376 Dens
731 5329 831 5374 est.
878 5320 942 5374 Et
999 5319 1213 5391 Moyses
1264 5322 1479 5390 quidem
1532 5322 1705 5378 fidelis
1753 5333 1871 5379 erat
1907 5325 1961 5379 in
1999 5334 2108 5379 tota

532 5416 695 5476 domo
725 5413 864 5481 ejus,
908 5421 1160 5481 tanquam
1212 5412 1468 5481 (annulus,
1527 5414 1579 5467 in
1612 5416 1975 5471 testimonium
2011 5431 2108 5471 eo-

538 5523 655 5559 rum
690 5522 811 5575 qua)
860 5507 1083 5562 dicenda
1135 5515 1334 5561 erant:
1377 5506 1627 5561 Christus
1671 5522 1801 5562 vero
1856 5518 2109 5575 tanquam

536 5596 786 5657 Filiusin
819 5596 980 5651 domo
1027 5611 1145 5663 sua,
1190 5611 1309 5666 quae
1359 5596 1552 5651 domus
1591 5612 1776 5651 sumus
1838 5614 1935 5653 nos
1974 5598 2041 5652 ’9.
2085 5617 2104 5650 ι

608 5754 653 5785 ³⁸
686 5752 873 5811 llCor.
912 5767 1074 5819 Lux,
1118 5753 1170 5820 4,
1226 5752 1278 5808 ὅ.
1354 5752 1396 5786 ⁸⁷
1436 5751 1576 5807 Ρδίιι,
1625 5768 1736 5819 xw,
1778 5751 1830 5808 6.

2224 4685 2465 4755 μέτοχοι,
2501 4687 2877 4755 κατανοήσατε
2914 4682 3005 4735 τὸν
3051 4681 3350 4735 ἀπόστολον
3394 4681 3488 4735 καὶ
3533 4679 3793 4750 ἀρχιερέα

2218 4776 2317 4845 τῆς
2355 4776 2649 4845 ὁμολογίας
2691 4774 2848 4845 ἡμῶν
2888 4773 3116 4844 Ἰησοῦν,
3154 4773 3345 4827 πιστὸν
3373 4773 3501 4825 ὄντα
3525 4772 3603 4842 τῷ
3633 4772 3795 4839 ποιή-

2221 4884 2372 4921 σαντι
2406 4867 2587 4928 αὑτὸν,
2621 4866 2697 4928 ὠς
2741 4867 2836 4920 καὶ
2869 4867 3073 4936 Μωσῆς
3118 4865 3177 4917 ὲν
3206 4864 3313 4934 ὅλῳ
3339 4864 3417 4933 τῷ
3437 4866 3569 4932 οίκῳ
3604 4862 3791 4915 αὑτοῦ.

2212 4958 2463 5021 Πλείονος
2505 4957 2614 5027 γάρ
2657 4950 2808 5019 οὗτος
2855 4956 3013 5027 δόξης
3060 4954 3211 5026 παρά
3256 4954 3497 5023 Μωῦσῆν
3538 4952 3791 5021 ἠξίωται,

2210 5049 2443 5106 καθόσον
2466 5035 2685 5102 πλείονα
2702 5047 2795 5101 τοῦ
2823 5048 2974 5101 οἴκου
2998 5048 3165 5118 τιμὴν
3191 5047 3301 5117 ἔχει
3320 5049 3347 5098 ὁ
3373 5047 3793 5109 κατασκευάσας

2212 5141 2391 5194 αὐτόν.
2422 5142 2541 5204 Πᾶς
2586 5141 2694 5212 γὰρ
2727 5135 2877 5203 οἶκος
2908 5139 3381 5203 κατασκευάζεται
3414 5139 3519 5192 ὑπό
3560 5155 3706 5201 τινος
3727 5156 3738 5166 ·
3766 5140 3793 5191 ό

2217 5232 2273 5286 δὲ
2318 5234 2385 5286 τὰ
2416 5233 2594 5287 πάντα
2634 5232 3075 5295 κατασκευάσας,
3122 5232 3272 5294 Θεός.
3307 5232 3417 5284 Καὶ
3449 5230 3657 5297 Μωσῆς
3694 5230 3789 5299 μὲν

2219 5325 2410 5389 πιστὸς
2440 5325 2516 5377 ὢν
2546 5324 2621 5387 ὡς
2656 5324 2932 5394 θεράπων,
2974 5326 3031 5377 ὲν
3072 5324 3179 5394 ὅλῳ
3208 5322 3288 5392 τῷ
3317 5323 3449 5391 οἴκῳ
3481 5321 3669 5384 αὑτοῦ,
3712 5323 3791 5384 είς

2220 5416 2520 5488 μαρτύριον
2546 5417 2654 5470 τῶν
2679 5415 3158 5487 λαληθησομένων·
3208 5412 3443 5485 Χριστὸς
3476 5414 3532 5466 δὲ
3563 5415 3636 5477 ὡς
3662 5413 3789 5476 Υἱὸς

2217 5509 2310 5561 ἐπὶ
2336 5510 2424 5562 τὸν
2469 5504 2616 5561 οἷκον
2649 5507 2837 5572 αὑτοῦ,
2869 5502 2930 5561 οὗ
2974 5502 3121 5568 οἶκός
3146 5507 3312 5575 ἐσμεν
3340 5506 3522 5575 ἡμεῖς.
3560 5525 3577 5556 ι
3624 5505 3785 5559 Ἀπό-

2219 5598 2402 5663 στολος
2434 5598 2527 5651 καὶ
2553 5597 2846 5668 ἀρχιερεὺς
2883 5597 2981 5667 τῆς
3006 5594 3298 5666 ὁμολογίας
3329 5593 3485 5668 ἡμῶν
3517 5593 3665 5665 παρά
3692 5590 3782 5645 τοῦ

1908 5755 1950 5785 ³⁸
1986 5753 2213 5825 Philipp.
2260 5770 2316 5819 ιι,
2360 5754 2474 5810 6-3.
2553 5753 2597 5785 ³⁹
2640 5750 2803 5807 Hebr.
2857 5768 2937 5818 ιιι,
2986 5751 3100 5807 l~6.
