  <div class='ocr_page' id='page_1' title='image "/cluster/home/n/w/nwhite01/storage/ocr_20150623/76/hvd.32044019207943/692.png"; bbox 0 0 4132 6454; ppageno 0'>
   <div class='ocr_carea' id='block_1_1' title="bbox 264 367 406 424">
    <p class='ocr_par' dir='ltr' id='par_1_1' title="bbox 264 367 406 424">
     <span class='ocr_line' id='line_1_1' title="bbox 264 367 406 424; baseline 0 -2"><span class='ocrx_word' id='word_1_1' title='bbox 264 367 406 424; x_wconf 70' lang='grc'>1569</span> 
     </span>
    </p>
   </div>
   <div class='ocr_carea' id='block_1_2' title="bbox 1073 354 2725 419">
    <p class='ocr_par' dir='ltr' id='par_1_2' title="bbox 1073 354 2725 419">
     <span class='ocr_line' id='line_1_2' title="bbox 1073 354 2725 419; baseline -0.005 0"><span class='ocrx_word' id='word_1_2' title='bbox 1073 367 1163 419; x_wconf 84' lang='lat' dir='ltr'><strong>AD</strong></span> <span class='ocrx_word' id='word_1_3' title='bbox 1203 360 1501 418; x_wconf 78' lang='lat' dir='ltr'><strong>llEGlNAS</strong></span> <span class='ocrx_word' id='word_1_4' title='bbox 1541 356 1629 412; x_wconf 81' lang='lat' dir='ltr'><strong>DE</strong></span> <span class='ocrx_word' id='word_1_5' title='bbox 1668 354 1895 410; x_wconf 79' lang='lat' dir='ltr'>RECTA</span> <span class='ocrx_word' id='word_1_6' title='bbox 1932 355 2086 411; x_wconf 85' lang='lat' dir='ltr'><strong>FIDE</strong></span> <span class='ocrx_word' id='word_1_7' title='bbox 2125 358 2384 413; x_wconf 79' lang='lat' dir='ltr'><strong>ORATIO</strong></span> <span class='ocrx_word' id='word_1_8' title='bbox 2425 355 2725 413; x_wconf 78' lang='lat' dir='ltr'><strong>ALTERA.</strong></span> 
     </span>
    </p>
   </div>
   <div class='ocr_carea' id='block_1_3' title="bbox 3373 351 3515 413">
    <p class='ocr_par' dir='ltr' id='par_1_3' title="bbox 3373 351 3515 413">
     <span class='ocr_line' id='line_1_3' title="bbox 3373 351 3515 413; baseline -0.014 -1"><span class='ocrx_word' id='word_1_9' title='bbox 3373 351 3515 413; x_wconf 64' lang='lat'><strong>£510</strong></span> 
     </span>
    </p>
   </div>
   <div class='ocr_carea' id='block_1_4' title="bbox 263 449 1874 551">
    <p class='ocr_par' dir='ltr' id='par_1_4' title="bbox 263 472 1874 551">
     <span class='ocr_line' id='line_1_4' title="bbox 263 472 1874 551; baseline -0.007 -17"><span class='ocrx_word' id='word_1_10' title='bbox 263 481 402 535; x_wconf 74' lang='grc' dir='ltr'>Θεοῦ</span> <span class='ocrx_word' id='word_1_11' title='bbox 443 480 537 533; x_wconf 72' lang='grc' dir='ltr'><strong>καὶ</strong></span> <span class='ocrx_word' id='word_1_12' title='bbox 570 480 783 551; x_wconf 88' lang='grc' dir='ltr'>Πατρὸς</span> <span class='ocrx_word' id='word_1_13' title='bbox 812 480 1035 548; x_wconf 83' lang='grc' dir='ltr'>γέγονεν</span> <span class='ocrx_word' id='word_1_14' title='bbox 1072 478 1302 550; x_wconf 70' lang='grc' dir='ltr'>Ἰησοῦς,</span> <span class='ocrx_word' id='word_1_15' title='bbox 1328 475 1606 531; x_wconf 80' lang='grc' dir='ltr'><strong>τουτέστιν</strong></span> <span class='ocrx_word' id='word_1_16' title='bbox 1629 472 1840 542; x_wconf 87' lang='grc' dir='ltr'>ἀνθρω-</span> <span class='ocrx_word' id='word_1_17' title='bbox 1871 522 1874 531; x_wconf 45' lang='grc' dir='ltr'><strong><em>η</em></strong></span> 
     </span>
    </p>
   </div>
   <div class='ocr_carea' id='block_1_5' title="bbox 1961 449 3515 551">
    <p class='ocr_par' dir='ltr' id='par_1_5' title="bbox 1961 449 3515 539">
     <span class='ocr_line' id='line_1_5' title="bbox 1961 449 3515 539; baseline -0.005 -12"><span class='ocrx_word' id='word_1_18' title='bbox 1961 473 2312 530; x_wconf 76' lang='lat' dir='ltr'><strong>Jonfessionis</strong></span> <span class='ocrx_word' id='word_1_19' title='bbox 2364 483 2563 527; x_wconf 73' lang='lat' dir='ltr'><strong>nostra:</strong></span> <span class='ocrx_word' id='word_1_20' title='bbox 2620 468 2896 539; x_wconf 75' lang='lat' dir='ltr'><strong>apostolus</strong></span> <span class='ocrx_word' id='word_1_21' title='bbox 2944 474 3000 522; x_wconf 92' lang='lat' dir='ltr'><strong>et</strong></span> <span class='ocrx_word' id='word_1_22' title='bbox 3054 462 3297 535; x_wconf 77' lang='lat' dir='ltr'><strong>pontifex</strong></span> <span class='ocrx_word' id='word_1_23' title='bbox 3338 478 3369 517; x_wconf 91' lang='lat' dir='ltr'><strong>a</strong></span> <span class='ocrx_word' id='word_1_24' title='bbox 3402 449 3515 519; x_wconf 86' lang='lat' dir='ltr'><strong>Deo</strong></span> 
     </span>
    </p>
   </div>
   <div class='ocr_carea' id='block_1_6' title="bbox 264 565 1844 643">
    <p class='ocr_par' dir='ltr' id='par_1_6' title="bbox 264 565 1844 643">
     <span class='ocr_line' id='line_1_6' title="bbox 264 565 1844 643; baseline -0.008 -15"><span class='ocrx_word' id='word_1_25' title='bbox 264 591 369 636; x_wconf 76' lang='grc' dir='ltr'><strong>πὸς</strong></span> <span class='ocrx_word' id='word_1_26' title='bbox 400 569 659 643; x_wconf 83' lang='grc' dir='ltr'>πεφηνὼς</span> <span class='ocrx_word' id='word_1_27' title='bbox 688 573 717 623; x_wconf 86' lang='lat'><strong>6</strong></span> <span class='ocrx_word' id='word_1_28' title='bbox 749 572 814 624; x_wconf 80' lang='grc' dir='ltr'>ὲκ</span> <span class='ocrx_word' id='word_1_29' title='bbox 837 571 975 624; x_wconf 81' lang='grc' dir='ltr'>Θεοῦ</span> <span class='ocrx_word' id='word_1_30' title='bbox 1008 571 1182 640; x_wconf 82' lang='grc' dir='ltr'><strong>Λόγος</strong></span> <span class='ocrx_word' id='word_1_31' title='bbox 1206 588 1218 600; x_wconf 88' lang='grc'><strong>·</strong></span> <span class='ocrx_word' id='word_1_32' title='bbox 1244 570 1366 623; x_wconf 87' lang='grc' dir='ltr'>τότε</span> <span class='ocrx_word' id='word_1_33' title='bbox 1394 566 1503 637; x_wconf 83' lang='grc' dir='ltr'>γὰρ</span> <span class='ocrx_word' id='word_1_34' title='bbox 1528 565 1844 633; x_wconf 81' lang='grc' dir='ltr'>ὠνόμασται</span> 
     </span>
    </p>
   </div>
   <div class='ocr_carea' id='block_1_7' title="bbox 266 656 1846 735">
    <p class='ocr_par' dir='ltr' id='par_1_7' title="bbox 266 656 1846 735">
     <span class='ocr_line' id='line_1_7' title="bbox 266 656 1846 735; baseline -0.009 -14"><span class='ocrx_word' id='word_1_35' title='bbox 266 667 364 721; x_wconf 73' lang='grc' dir='ltr'><strong>καὶ</strong></span> <span class='ocrx_word' id='word_1_36' title='bbox 400 662 608 735; x_wconf 75' lang='grc' dir='ltr'>Ἰησοῦς</span> <span class='ocrx_word' id='word_1_37' title='bbox 632 664 721 717; x_wconf 82' lang='grc' dir='ltr'><strong>διὰ</strong></span> <span class='ocrx_word' id='word_1_38' title='bbox 746 667 845 735; x_wconf 80' lang='grc' dir='ltr'>τῆς</span> <span class='ocrx_word' id='word_1_39' title='bbox 875 664 971 717; x_wconf 82' lang='grc' dir='ltr'>τοῦ</span> <span class='ocrx_word' id='word_1_40' title='bbox 1012 663 1244 732; x_wconf 82' lang='grc' dir='ltr'><strong>ἀγγέλου</strong></span> <span class='ocrx_word' id='word_1_41' title='bbox 1280 662 1484 730; x_wconf 74' lang='grc' dir='ltr'>φωνῆς.</span> <span class='ocrx_word' id='word_1_42' title='bbox 1509 658 1620 712; x_wconf 79' lang='grc' dir='ltr'>Καὶ</span> <span class='ocrx_word' id='word_1_43' title='bbox 1650 656 1846 727; x_wconf 87' lang='grc' dir='ltr'>μικρὸν</span> 
     </span>
    </p>
   </div>
   <div class='ocr_carea' id='block_1_8' title="bbox 271 749 1842 829">
    <p class='ocr_par' dir='ltr' id='par_1_8' title="bbox 271 749 1842 829">
     <span class='ocr_line' id='line_1_8' title="bbox 271 749 1842 829; baseline -0.005 -19"><span class='ocrx_word' id='word_1_44' title='bbox 271 758 372 829; x_wconf 82' lang='grc' dir='ltr'>μὲν</span> <span class='ocrx_word' id='word_1_45' title='bbox 399 756 678 828; x_wconf 83' lang='grc' dir='ltr'>κομιδῇτῇ</span> <span class='ocrx_word' id='word_1_46' title='bbox 708 753 800 809; x_wconf 78' lang='grc' dir='ltr'><strong>τοῦ</strong></span> <span class='ocrx_word' id='word_1_47' title='bbox 830 756 1003 823; x_wconf 85' lang='grc' dir='ltr'><strong>Λόγου</strong></span> <span class='ocrx_word' id='word_1_48' title='bbox 1028 754 1188 822; x_wconf 85' lang='grc' dir='ltr'>φύσει</span> <span class='ocrx_word' id='word_1_49' title='bbox 1214 753 1276 805; x_wconf 86' lang='grc' dir='ltr'><strong>τό</strong></span> <span class='ocrx_word' id='word_1_50' title='bbox 1305 768 1365 804; x_wconf 87' lang='grc' dir='ltr'><strong>τε</strong></span> <span class='ocrx_word' id='word_1_51' title='bbox 1394 753 1493 820; x_wconf 83' lang='grc' dir='ltr'>τῆς</span> <span class='ocrx_word' id='word_1_52' title='bbox 1519 749 1842 822; x_wconf 82' lang='grc' dir='ltr'>ἱερωσύνης,</span> 
     </span>
    </p>
   </div>
   <div class='ocr_carea' id='block_1_9' title="bbox 269 842 1845 914">
    <p class='ocr_par' dir='ltr' id='par_1_9' title="bbox 269 842 1845 914">
     <span class='ocr_line' id='line_1_9' title="bbox 269 842 1845 914; baseline -0.006 -16"><span class='ocrx_word' id='word_1_53' title='bbox 269 847 363 899; x_wconf 75' lang='grc' dir='ltr'><strong>καὶ</strong></span> <span class='ocrx_word' id='word_1_54' title='bbox 393 844 453 897; x_wconf 87' lang='grc' dir='ltr'><strong>τὸ</strong></span> <span class='ocrx_word' id='word_1_55' title='bbox 487 845 588 914; x_wconf 85' lang='grc' dir='ltr'>τῆς</span> <span class='ocrx_word' id='word_1_56' title='bbox 619 844 923 913; x_wconf 75' lang='grc' dir='ltr'><strong>ἀποστολῆς</strong></span> <span class='ocrx_word' id='word_1_57' title='bbox 950 843 1121 913; x_wconf 75' lang='grc' dir='ltr'>ὄνομα</span> <span class='ocrx_word' id='word_1_58' title='bbox 1146 860 1205 895; x_wconf 91' lang='grc' dir='ltr'><strong>τε</strong></span> <span class='ocrx_word' id='word_1_59' title='bbox 1232 842 1328 896; x_wconf 71' lang='grc' dir='ltr'><strong>καὶ</strong></span> <span class='ocrx_word' id='word_1_60' title='bbox 1357 842 1549 911; x_wconf 78' lang='grc' dir='ltr'>χρῆμα</span> <span class='ocrx_word' id='word_1_61' title='bbox 1571 856 1583 868; x_wconf 85' lang='lat'><strong><em>°</em></strong></span> <span class='ocrx_word' id='word_1_62' title='bbox 1624 842 1733 901; x_wconf 86' lang='grc' dir='ltr'>τοῖς</span> <span class='ocrx_word' id='word_1_63' title='bbox 1779 854 1845 906; x_wconf 88' lang='grc' dir='ltr'><strong>γε</strong></span> 
     </span>
    </p>
   </div>
   <div class='ocr_carea' id='block_1_10' title="bbox 272 930 1849 1007">
    <p class='ocr_par' dir='ltr' id='par_1_10' title="bbox 272 930 1849 1007">
     <span class='ocr_line' id='line_1_10' title="bbox 272 930 1849 1007; baseline -0.019 1"><span class='ocrx_word' id='word_1_64' title='bbox 272 937 381 1007; x_wconf 74' lang='grc' dir='ltr'>μὴν</span> <span class='ocrx_word' id='word_1_65' title='bbox 412 936 511 1006; x_wconf 76' lang='grc' dir='ltr'><strong>τῆς</strong></span> <span class='ocrx_word' id='word_1_66' title='bbox 537 935 961 1006; x_wconf 79' lang='grc' dir='ltr'>ἀνθρωπότητος</span> <span class='ocrx_word' id='word_1_67' title='bbox 1005 934 1227 1005; x_wconf 81' lang='grc' dir='ltr'><strong>μέτροις</strong></span> <span class='ocrx_word' id='word_1_68' title='bbox 1255 934 1343 1003; x_wconf 81' lang='grc' dir='ltr'>εἴη</span> <span class='ocrx_word' id='word_1_69' title='bbox 1373 933 1438 987; x_wconf 85' lang='grc' dir='ltr'>ἂν</span> <span class='ocrx_word' id='word_1_70' title='bbox 1464 932 1565 985; x_wconf 78' lang='grc' dir='ltr'><strong>οὐκ</strong></span> <span class='ocrx_word' id='word_1_71' title='bbox 1607 930 1849 999; x_wconf 87' lang='grc' dir='ltr'>ἀνάρμο-</span> 
     </span>
    </p>
   </div>
   <div class='ocr_carea' id='block_1_11' title="bbox 270 1015 1847 1098">
    <p class='ocr_par' dir='ltr' id='par_1_11' title="bbox 270 1015 1847 1098">
     <span class='ocr_line' id='line_1_11' title="bbox 270 1015 1847 1098; baseline -0.006 -17"><span class='ocrx_word' id='word_1_72' title='bbox 270 1045 416 1081; x_wconf 88' lang='grc' dir='ltr'>στον.</span> <span class='ocrx_word' id='word_1_73' title='bbox 470 1028 559 1091; x_wconf 82' lang='grc' dir='ltr'>Ὡς</span> <span class='ocrx_word' id='word_1_74' title='bbox 584 1026 693 1098; x_wconf 80' lang='grc' dir='ltr'>γὰρ</span> <span class='ocrx_word' id='word_1_75' title='bbox 724 1027 886 1089; x_wconf 76' lang='grc' dir='ltr'>αὐτός</span> <span class='ocrx_word' id='word_1_76' title='bbox 917 1026 1020 1079; x_wconf 89' lang='grc' dir='ltr'><strong>πού</strong></span> <span class='ocrx_word' id='word_1_77' title='bbox 1063 1042 1247 1094; x_wconf 84' lang='grc' dir='ltr'>φησιν,</span> <span class='ocrx_word' id='word_1_78' title='bbox 1279 1044 1297 1076; x_wconf 73' lang='grc' dir='ltr'><strong>ι</strong></span> <span class='ocrx_word' id='word_1_79' title='bbox 1347 1025 1405 1077; x_wconf 88' lang='lat'><strong>&#39;0</strong></span> <span class='ocrx_word' id='word_1_80' title='bbox 1432 1022 1560 1086; x_wconf 88' lang='grc' dir='ltr'>Υἱὸς</span> <span class='ocrx_word' id='word_1_81' title='bbox 1592 1021 1693 1074; x_wconf 86' lang='grc' dir='ltr'><strong>οὐκ</strong></span> <span class='ocrx_word' id='word_1_82' title='bbox 1716 1015 1847 1090; x_wconf 80' lang='grc' dir='ltr'>ἦλθε</span> 
     </span>
    </p>
   </div>
   <div class='ocr_carea' id='block_1_12' title="bbox 268 1111 1848 1189">
    <p class='ocr_par' dir='ltr' id='par_1_12' title="bbox 268 1111 1848 1189">
     <span class='ocr_line' id='line_1_12' title="bbox 268 1111 1848 1189; baseline -0.006 -17"><span class='ocrx_word' id='word_1_83' title='bbox 268 1117 679 1189; x_wconf 79' lang='grc' dir='ltr'><strong>διακονηθῆναι,</strong></span> <span class='ocrx_word' id='word_1_84' title='bbox 700 1117 836 1170; x_wconf 85' lang='grc' dir='ltr'><strong>ἀλλά</strong></span> <span class='ocrx_word' id='word_1_85' title='bbox 861 1117 1199 1187; x_wconf 79' lang='grc' dir='ltr'>διακονῆσαι,</span> <span class='ocrx_word' id='word_1_86' title='bbox 1223 1116 1316 1170; x_wconf 75' lang='grc' dir='ltr'>καὶ</span> <span class='ocrx_word' id='word_1_87' title='bbox 1336 1115 1519 1169; x_wconf 79' lang='grc' dir='ltr'>δοῦναι</span> <span class='ocrx_word' id='word_1_88' title='bbox 1547 1114 1646 1185; x_wconf 85' lang='grc' dir='ltr'>τὴν</span> <span class='ocrx_word' id='word_1_89' title='bbox 1672 1111 1848 1182; x_wconf 73' lang='grc' dir='ltr'>ψυχὴν</span> 
     </span>
    </p>
   </div>
   <div class='ocr_carea' id='block_1_13' title="bbox 269 1205 1850 1278">
    <p class='ocr_par' dir='ltr' id='par_1_13' title="bbox 269 1205 1850 1278">
     <span class='ocr_line' id='line_1_13' title="bbox 269 1205 1850 1278; baseline -0.005 -14"><span class='ocrx_word' id='word_1_90' title='bbox 269 1210 433 1264; x_wconf 77' lang='grc' dir='ltr'>αὐτοῦ</span> <span class='ocrx_word' id='word_1_91' title='bbox 466 1210 784 1278; x_wconf 76' lang='grc' dir='ltr'>ἀντίλυτρον</span> <span class='ocrx_word' id='word_1_92' title='bbox 806 1210 946 1278; x_wconf 82' lang='grc' dir='ltr'>ὑπὲρ</span> <span class='ocrx_word' id='word_1_93' title='bbox 973 1209 1201 1262; x_wconf 85' lang='grc' dir='ltr'>πολλῶν.</span> <span class='ocrx_word' id='word_1_94' title='bbox 1247 1227 1266 1261; x_wconf 68' lang='grc' dir='ltr'><strong>ι</strong></span> <span class='ocrx_word' id='word_1_95' title='bbox 1296 1207 1369 1261; x_wconf 87' lang='grc' dir='ltr'><strong>Τὸ</strong></span> <span class='ocrx_word' id='word_1_96' title='bbox 1402 1207 1499 1278; x_wconf 83' lang='grc' dir='ltr'>μὲν</span> <span class='ocrx_word' id='word_1_97' title='bbox 1525 1205 1635 1276; x_wconf 85' lang='grc' dir='ltr'>γὰρ</span> <span class='ocrx_word' id='word_1_98' title='bbox 1662 1205 1850 1257; x_wconf 85' lang='grc' dir='ltr'>διακο-</span> 
     </span>
    </p>
   </div>
   <div class='ocr_carea' id='block_1_14' title="bbox 270 1296 1851 1373">
    <p class='ocr_par' dir='ltr' id='par_1_14' title="bbox 270 1296 1851 1373">
     <span class='ocr_line' id='line_1_14' title="bbox 270 1296 1851 1373; baseline -0.004 -17"><span class='ocrx_word' id='word_1_99' title='bbox 270 1304 478 1357; x_wconf 82' lang='grc' dir='ltr'>νεῖσθαι</span> <span class='ocrx_word' id='word_1_100' title='bbox 509 1302 663 1373; x_wconf 82' lang='grc' dir='ltr'>παρὰ</span> <span class='ocrx_word' id='word_1_101' title='bbox 684 1303 784 1373; x_wconf 81' lang='grc' dir='ltr'>τῆς</span> <span class='ocrx_word' id='word_1_102' title='bbox 816 1302 1067 1367; x_wconf 81' lang='grc' dir='ltr'><strong>κτίσεως,</strong></span> <span class='ocrx_word' id='word_1_103' title='bbox 1092 1301 1294 1371; x_wconf 82' lang='grc' dir='ltr'>πρέποι</span> <span class='ocrx_word' id='word_1_104' title='bbox 1319 1299 1384 1353; x_wconf 83' lang='grc' dir='ltr'>ἂν</span> <span class='ocrx_word' id='word_1_105' title='bbox 1414 1298 1562 1368; x_wconf 80' lang='grc' dir='ltr'>αὐτῷ</span> <span class='ocrx_word' id='word_1_106' title='bbox 1581 1298 1674 1352; x_wconf 70' lang='grc' dir='ltr'><strong>καὶ</strong></span> <span class='ocrx_word' id='word_1_107' title='bbox 1706 1296 1851 1367; x_wconf 87' lang='grc' dir='ltr'>μάλα</span> 
     </span>
    </p>
   </div>
   <div class='ocr_carea' id='block_1_15' title="bbox 271 1386 1851 1462">
    <p class='ocr_par' dir='ltr' id='par_1_15' title="bbox 271 1386 1851 1462">
     <span class='ocr_line' id='line_1_15' title="bbox 271 1386 1851 1462; baseline -0.006 -15"><span class='ocrx_word' id='word_1_108' title='bbox 271 1396 520 1456; x_wconf 85' lang='grc' dir='ltr'>εἰκότως,</span> <span class='ocrx_word' id='word_1_109' title='bbox 555 1392 745 1462; x_wconf 82' lang='grc' dir='ltr'>ὥσπερ</span> <span class='ocrx_word' id='word_1_110' title='bbox 795 1390 913 1461; x_wconf 84' lang='grc' dir='ltr'><strong>Θεῷ</strong></span> <span class='ocrx_word' id='word_1_111' title='bbox 959 1391 1055 1445; x_wconf 70' lang='grc' dir='ltr'>καὶ</span> <span class='ocrx_word' id='word_1_112' title='bbox 1085 1391 1349 1459; x_wconf 82' lang='grc' dir='ltr'>Δεσπότῃ,</span> <span class='ocrx_word' id='word_1_113' title='bbox 1388 1387 1480 1442; x_wconf 69' lang='grc' dir='ltr'>καὶ</span> <span class='ocrx_word' id='word_1_114' title='bbox 1526 1388 1632 1441; x_wconf 82' lang='grc' dir='ltr'><strong>ὑπὸ</strong></span> <span class='ocrx_word' id='word_1_115' title='bbox 1683 1386 1851 1449; x_wconf 84' lang='grc' dir='ltr'>πόδας</span> 
     </span>
    </p>
   </div>
   <div class='ocr_carea' id='block_1_16' title="bbox 273 1480 1848 1556">
    <p class='ocr_par' dir='ltr' id='par_1_16' title="bbox 273 1480 1848 1556">
     <span class='ocr_line' id='line_1_16' title="bbox 273 1480 1848 1556; baseline -0.004 -19"><span class='ocrx_word' id='word_1_116' title='bbox 273 1486 449 1556; x_wconf 75' lang='grc' dir='ltr'>ἔχοντι</span> <span class='ocrx_word' id='word_1_117' title='bbox 489 1485 599 1537; x_wconf 81' lang='grc' dir='ltr'><strong>πᾶν</strong></span> <span class='ocrx_word' id='word_1_118' title='bbox 650 1484 787 1554; x_wconf 83' lang='grc' dir='ltr'>ὅπερ</span> <span class='ocrx_word' id='word_1_119' title='bbox 824 1483 940 1537; x_wconf 77' lang='grc' dir='ltr'>ἐστὶ</span> <span class='ocrx_word' id='word_1_120' title='bbox 972 1483 1221 1552; x_wconf 89' lang='grc' dir='ltr'>γενητόν.</span> <span class='ocrx_word' id='word_1_121' title='bbox 1263 1481 1335 1533; x_wconf 90' lang='grc' dir='ltr'>Τὸ</span> <span class='ocrx_word' id='word_1_122' title='bbox 1373 1480 1431 1534; x_wconf 82' lang='grc' dir='ltr'>δέ</span> <span class='ocrx_word' id='word_1_123' title='bbox 1462 1497 1525 1549; x_wconf 89' lang='grc' dir='ltr'><strong>γε</strong></span> <span class='ocrx_word' id='word_1_124' title='bbox 1563 1480 1848 1541; x_wconf 84' lang='grc' dir='ltr'>διακονεῖν,</span> 
     </span>
    </p>
   </div>
   <div class='ocr_carea' id='block_1_17' title="bbox 271 1567 1852 1645">
    <p class='ocr_par' dir='ltr' id='par_1_17' title="bbox 271 1567 1852 1645">
     <span class='ocr_line' id='line_1_17' title="bbox 271 1567 1852 1645; baseline -0.003 -17"><span class='ocrx_word' id='word_1_125' title='bbox 271 1573 610 1645; x_wconf 85' lang='grc' dir='ltr'>ἀνθρώπινον</span> <span class='ocrx_word' id='word_1_126' title='bbox 647 1574 747 1644; x_wconf 86' lang='grc' dir='ltr'><strong>μέν</strong></span> <span class='ocrx_word' id='word_1_127' title='bbox 767 1587 781 1604; x_wconf 73' lang='grc'>⁸</span> <span class='ocrx_word' id='word_1_128' title='bbox 819 1573 959 1644; x_wconf 81' lang='grc' dir='ltr'>πλὴν</span> <span class='ocrx_word' id='word_1_129' title='bbox 991 1574 1117 1626; x_wconf 80' lang='grc' dir='ltr'>ὅσον</span> <span class='ocrx_word' id='word_1_130' title='bbox 1150 1567 1285 1642; x_wconf 75' lang='grc' dir='ltr'>ἧκεν</span> <span class='ocrx_word' id='word_1_131' title='bbox 1318 1573 1397 1634; x_wconf 85' lang='grc' dir='ltr'><strong>είς</strong></span> <span class='ocrx_word' id='word_1_132' title='bbox 1417 1572 1543 1633; x_wconf 81' lang='grc' dir='ltr'>τοὺς</span> <span class='ocrx_word' id='word_1_133' title='bbox 1572 1574 1672 1641; x_wconf 81' lang='grc' dir='ltr'>τῆς</span> <span class='ocrx_word' id='word_1_134' title='bbox 1715 1569 1852 1639; x_wconf 83' lang='grc' dir='ltr'><strong>μετά</strong></span> 
     </span>
    </p>
   </div>
   <div class='ocr_carea' id='block_1_18' title="bbox 278 1660 1852 1736">
    <p class='ocr_par' dir='ltr' id='par_1_18' title="bbox 278 1660 1852 1736">
     <span class='ocr_line' id='line_1_18' title="bbox 278 1660 1852 1736; baseline -0.004 -17"><span class='ocrx_word' id='word_1_135' title='bbox 278 1666 483 1736; x_wconf 85' lang='grc' dir='ltr'>σαρκὸς</span> <span class='ocrx_word' id='word_1_136' title='bbox 506 1665 820 1735; x_wconf 76' lang='grc' dir='ltr'>οἰκονομίας</span> <span class='ocrx_word' id='word_1_137' title='bbox 850 1665 1066 1733; x_wconf 85' lang='grc' dir='ltr'>λόγους,</span> <span class='ocrx_word' id='word_1_138' title='bbox 1106 1665 1207 1717; x_wconf 82' lang='grc' dir='ltr'><strong>οὐκ</strong></span> <span class='ocrx_word' id='word_1_139' title='bbox 1236 1662 1496 1725; x_wconf 86' lang='grc' dir='ltr'>ἀπεοικὸς</span> <span class='ocrx_word' id='word_1_140' title='bbox 1524 1660 1602 1732; x_wconf 82' lang='grc' dir='ltr'>τῷ</span> <span class='ocrx_word' id='word_1_141' title='bbox 1625 1679 1687 1730; x_wconf 81' lang='grc' dir='ltr'><strong>γε</strong></span> <span class='ocrx_word' id='word_1_142' title='bbox 1716 1662 1852 1723; x_wconf 79' lang='grc' dir='ltr'>ὅλως</span> 
     </span>
    </p>
   </div>
   <div class='ocr_carea' id='block_1_19' title="bbox 276 1752 1852 1827">
    <p class='ocr_par' dir='ltr' id='par_1_19' title="bbox 276 1752 1852 1827">
     <span class='ocr_line' id='line_1_19' title="bbox 276 1752 1852 1827; baseline -0.003 -18"><span class='ocrx_word' id='word_1_143' title='bbox 276 1756 471 1809; x_wconf 77' lang='grc' dir='ltr'>ἑαυτὸν</span> <span class='ocrx_word' id='word_1_144' title='bbox 495 1756 715 1810; x_wconf 78' lang='grc' dir='ltr'>καθέντι</span> <span class='ocrx_word' id='word_1_145' title='bbox 744 1756 883 1827; x_wconf 86' lang='grc' dir='ltr'>πρὸς</span> <span class='ocrx_word' id='word_1_146' title='bbox 919 1754 991 1807; x_wconf 86' lang='grc' dir='ltr'>τὰ</span> <span class='ocrx_word' id='word_1_147' title='bbox 1018 1753 1358 1825; x_wconf 83' lang='grc' dir='ltr'>ἀνθρώπινα.</span> <span class='ocrx_word' id='word_1_148' title='bbox 1395 1752 1585 1825; x_wconf 78' lang='grc' dir='ltr'>Ἀθρει</span> <span class='ocrx_word' id='word_1_149' title='bbox 1606 1753 1662 1806; x_wconf 83' lang='grc' dir='ltr'>δὲ</span> <span class='ocrx_word' id='word_1_150' title='bbox 1704 1754 1852 1816; x_wconf 75' lang='grc' dir='ltr'>ὅπως</span> 
     </span>
    </p>
   </div>
   <div class='ocr_carea' id='block_1_20' title="bbox 277 1844 1848 1918">
    <p class='ocr_par' dir='ltr' id='par_1_20' title="bbox 277 1844 1848 1918">
     <span class='ocr_line' id='line_1_20' title="bbox 277 1844 1848 1918; baseline 0 -21"><span class='ocrx_word' id='word_1_151' title='bbox 277 1845 545 1918; x_wconf 89' lang='grc' dir='ltr'>ίερατεύει</span> <span class='ocrx_word' id='word_1_152' title='bbox 580 1847 678 1916; x_wconf 83' lang='grc' dir='ltr'><strong>μὲν</strong></span> <span class='ocrx_word' id='word_1_153' title='bbox 706 1845 1083 1917; x_wconf 87' lang='grc' dir='ltr'>ἀνθρωπίνως,</span> <span class='ocrx_word' id='word_1_154' title='bbox 1106 1846 1199 1899; x_wconf 74' lang='grc' dir='ltr'><strong>καὶ</strong></span> <span class='ocrx_word' id='word_1_155' title='bbox 1218 1844 1446 1916; x_wconf 76' lang='grc' dir='ltr'>μεσίτης</span> <span class='ocrx_word' id='word_1_156' title='bbox 1466 1845 1697 1898; x_wconf 82' lang='grc' dir='ltr'>τέθειται</span> <span class='ocrx_word' id='word_1_157' title='bbox 1713 1844 1848 1898; x_wconf 83' lang='grc' dir='ltr'>Θεοῦ</span> 
     </span>
    </p>
   </div>
   <div class='ocr_carea' id='block_1_21' title="bbox 274 1932 1850 2007">
    <p class='ocr_par' dir='ltr' id='par_1_21' title="bbox 274 1932 1850 2007">
     <span class='ocr_line' id='line_1_21' title="bbox 274 1932 1850 2007; baseline -0.002 -19"><span class='ocrx_word' id='word_1_158' title='bbox 274 1935 370 1989; x_wconf 74' lang='grc' dir='ltr'><strong>καὶ</strong></span> <span class='ocrx_word' id='word_1_159' title='bbox 402 1934 733 2005; x_wconf 59' lang='grc' dir='ltr'>ἀνθρώπων</span> <span class='ocrx_word' id='word_1_160' title='bbox 776 1936 1057 2007; x_wconf 86' lang='grc' dir='ltr'>μεσιτεύει</span> <span class='ocrx_word' id='word_1_161' title='bbox 1106 1934 1215 2005; x_wconf 81' lang='grc' dir='ltr'>γὰρ</span> <span class='ocrx_word' id='word_1_162' title='bbox 1261 1936 1369 1997; x_wconf 80' lang='grc' dir='ltr'><strong>πᾶς</strong></span> <span class='ocrx_word' id='word_1_163' title='bbox 1422 1933 1631 2005; x_wconf 78' lang='grc' dir='ltr'>ἱερεύς·</span> <span class='ocrx_word' id='word_1_164' title='bbox 1668 1933 1758 1986; x_wconf 87' lang='grc' dir='ltr'><strong>τὸν</strong></span> <span class='ocrx_word' id='word_1_165' title='bbox 1792 1932 1850 1986; x_wconf 78' lang='grc' dir='ltr'><strong>δὲ</strong></span> 
     </span>
    </p>
   </div>
   <div class='ocr_carea' id='block_1_22' title="bbox 276 2025 1850 2098">
    <p class='ocr_par' dir='ltr' id='par_1_22' title="bbox 276 2025 1850 2098">
     <span class='ocr_line' id='line_1_22' title="bbox 276 2025 1850 2098; baseline 0 -20"><span class='ocrx_word' id='word_1_166' title='bbox 276 2026 377 2095; x_wconf 82' lang='grc' dir='ltr'>τῆς</span> <span class='ocrx_word' id='word_1_167' title='bbox 425 2025 617 2089; x_wconf 87' lang='grc' dir='ltr'>θυσίας</span> <span class='ocrx_word' id='word_1_168' title='bbox 645 2026 845 2098; x_wconf 85' lang='grc' dir='ltr'>τρόπον</span> <span class='ocrx_word' id='word_1_169' title='bbox 875 2028 977 2080; x_wconf 86' lang='grc' dir='ltr'><strong>οὐκ</strong></span> <span class='ocrx_word' id='word_1_170' title='bbox 1017 2027 1098 2079; x_wconf 77' lang='grc' dir='ltr'>ἔτι</span> <span class='ocrx_word' id='word_1_171' title='bbox 1126 2026 1248 2080; x_wconf 80' lang='grc' dir='ltr'>καθ’</span> <span class='ocrx_word' id='word_1_172' title='bbox 1280 2026 1379 2080; x_wconf 71' lang='grc' dir='ltr'><strong>ἕνα</strong></span> <span class='ocrx_word' id='word_1_173' title='bbox 1416 2027 1525 2079; x_wconf 86' lang='grc' dir='ltr'><strong>τῶν</strong></span> <span class='ocrx_word' id='word_1_174' title='bbox 1554 2026 1675 2079; x_wconf 86' lang='grc' dir='ltr'>καθ’</span> <span class='ocrx_word' id='word_1_175' title='bbox 1702 2026 1850 2095; x_wconf 81' lang='grc' dir='ltr'>ἡμᾶς</span> 
     </span>
    </p>
   </div>
   <div class='ocr_carea' id='block_1_23' title="bbox 279 2104 1849 2189">
    <p class='ocr_par' dir='ltr' id='par_1_23' title="bbox 279 2104 1849 2189">
     <span class='ocr_line' id='line_1_23' title="bbox 279 2104 1849 2189; baseline -0.001 -19"><span class='ocrx_word' id='word_1_176' title='bbox 279 2118 469 2188; x_wconf 80' lang='grc' dir='ltr'>ἱερέων</span> <span class='ocrx_word' id='word_1_177' title='bbox 503 2118 865 2189; x_wconf 77' lang='grc' dir='ltr'>προσκομίζει</span> <span class='ocrx_word' id='word_1_178' title='bbox 907 2118 1311 2188; x_wconf 83' lang='grc' dir='ltr'>δουλοπρεπῶς,</span> <span class='ocrx_word' id='word_1_179' title='bbox 1346 2117 1496 2170; x_wconf 83' lang='grc' dir='ltr'>οὐδὲν</span> <span class='ocrx_word' id='word_1_180' title='bbox 1534 2116 1695 2180; x_wconf 79' lang='grc' dir='ltr'>αὐτὸς</span> <span class='ocrx_word' id='word_1_181' title='bbox 1729 2104 1849 2169; x_wconf 75' lang='grc' dir='ltr'>ἐπι-</span> 
     </span>
    </p>
   </div>
   <div class='ocr_carea' id='block_1_24' title="bbox 278 2208 1849 2280">
    <p class='ocr_par' dir='ltr' id='par_1_24' title="bbox 278 2208 1849 2280">
     <span class='ocr_line' id='line_1_24' title="bbox 278 2208 1849 2280; baseline -0.001 -17"><span class='ocrx_word' id='word_1_182' title='bbox 278 2210 553 2263; x_wconf 85' lang='grc' dir='ltr'>κοινωνῶν</span> <span class='ocrx_word' id='word_1_183' title='bbox 584 2212 664 2272; x_wconf 86' lang='grc' dir='ltr'><strong>είς</strong></span> <span class='ocrx_word' id='word_1_184' title='bbox 687 2210 749 2262; x_wconf 86' lang='grc' dir='ltr'><strong>τὸ</strong></span> <span class='ocrx_word' id='word_1_185' title='bbox 788 2209 976 2262; x_wconf 83' lang='grc' dir='ltr'>λαϐεῖν</span> <span class='ocrx_word' id='word_1_186' title='bbox 999 2210 1168 2280; x_wconf 81' lang='grc' dir='ltr'>αὑτήν</span> <span class='ocrx_word' id='word_1_187' title='bbox 1189 2226 1201 2238; x_wconf 72' lang='grc' dir='ltr'><strong>ο</strong></span> <span class='ocrx_word' id='word_1_188' title='bbox 1231 2208 1346 2262; x_wconf 87' lang='grc' dir='ltr'>ἀλλ’</span> <span class='ocrx_word' id='word_1_189' title='bbox 1386 2208 1561 2279; x_wconf 79' lang='grc' dir='ltr'>ἐαυτῷ</span> <span class='ocrx_word' id='word_1_190' title='bbox 1588 2225 1849 2278; x_wconf 85' lang='grc' dir='ltr'>πραγμα-</span> 
     </span>
    </p>
   </div>
   <div class='ocr_carea' id='block_1_25' title="bbox 277 2300 1847 2371">
    <p class='ocr_par' dir='ltr' id='par_1_25' title="bbox 277 2300 1847 2371">
     <span class='ocr_line' id='line_1_25' title="bbox 277 2300 1847 2371; baseline 0.001 -18"><span class='ocrx_word' id='word_1_191' title='bbox 277 2300 514 2365; x_wconf 82' lang='grc' dir='ltr'>τεύεται,</span> <span class='ocrx_word' id='word_1_192' title='bbox 549 2302 644 2354; x_wconf 67' lang='grc' dir='ltr'>καὶ</span> <span class='ocrx_word' id='word_1_193' title='bbox 677 2300 745 2353; x_wconf 84' lang='grc' dir='ltr'><strong>δι’</strong></span> <span class='ocrx_word' id='word_1_194' title='bbox 790 2301 959 2355; x_wconf 78' lang='grc' dir='ltr'>αὑτοῦ</span> <span class='ocrx_word' id='word_1_195' title='bbox 1003 2319 1060 2354; x_wconf 90' lang='grc' dir='ltr'><strong>τε</strong></span> <span class='ocrx_word' id='word_1_196' title='bbox 1097 2302 1192 2354; x_wconf 76' lang='grc' dir='ltr'>καὶ</span> <span class='ocrx_word' id='word_1_197' title='bbox 1239 2302 1299 2353; x_wconf 85' lang='grc' dir='ltr'><strong>ἐν</strong></span> <span class='ocrx_word' id='word_1_198' title='bbox 1348 2300 1497 2370; x_wconf 85' lang='grc' dir='ltr'>αύτῷ</span> <span class='ocrx_word' id='word_1_199' title='bbox 1528 2300 1606 2371; x_wconf 85' lang='grc' dir='ltr'>τῷ</span> <span class='ocrx_word' id='word_1_200' title='bbox 1652 2300 1847 2370; x_wconf 80' lang='grc' dir='ltr'>Πατρί.</span> 
     </span>
    </p>
   </div>
   <div class='ocr_carea' id='block_1_26' title="bbox 288 2391 1851 2465">
    <p class='ocr_par' dir='ltr' id='par_1_26' title="bbox 288 2391 1851 2465">
     <span class='ocr_line' id='line_1_26' title="bbox 288 2391 1851 2465; baseline 0.001 -20"><span class='ocrx_word' id='word_1_201' title='bbox 288 2392 583 2465; x_wconf 83' lang='grc' dir='ltr'>Ἱερουργεῖ</span> <span class='ocrx_word' id='word_1_202' title='bbox 626 2394 736 2464; x_wconf 87' lang='grc' dir='ltr'>γὰρ</span> <span class='ocrx_word' id='word_1_203' title='bbox 775 2392 935 2463; x_wconf 76' lang='grc' dir='ltr'>ἡμῶν</span> <span class='ocrx_word' id='word_1_204' title='bbox 985 2391 1083 2463; x_wconf 80' lang='grc' dir='ltr'><strong>τὴν</strong></span> <span class='ocrx_word' id='word_1_205' title='bbox 1112 2392 1423 2463; x_wconf 79' lang='grc' dir='ltr'>ὁμολογίαν,</span> <span class='ocrx_word' id='word_1_206' title='bbox 1469 2393 1717 2446; x_wconf 83' lang='grc' dir='ltr'>τουτέστι</span> <span class='ocrx_word' id='word_1_207' title='bbox 1752 2392 1851 2463; x_wconf 84' lang='grc' dir='ltr'>τὴν</span> 
     </span>
    </p>
   </div>
   <div class='ocr_carea' id='block_1_27' title="bbox 279 2483 1849 2555">
    <p class='ocr_par' dir='ltr' id='par_1_27' title="bbox 279 2483 1849 2555">
     <span class='ocr_line' id='line_1_27' title="bbox 279 2483 1849 2555; baseline -0.002 -17"><span class='ocrx_word' id='word_1_208' title='bbox 279 2485 482 2549; x_wconf 84' lang='grc' dir='ltr'>πίστιν,</span> <span class='ocrx_word' id='word_1_209' title='bbox 532 2484 599 2555; x_wconf 79' lang='grc' dir='ltr'><strong>ῆν</strong></span> <span class='ocrx_word' id='word_1_210' title='bbox 648 2485 742 2536; x_wconf 79' lang='grc' dir='ltr'>καὶ</span> <span class='ocrx_word' id='word_1_211' title='bbox 791 2483 967 2555; x_wconf 79' lang='grc' dir='ltr'>ὀρθῶς</span> <span class='ocrx_word' id='word_1_212' title='bbox 998 2484 1387 2554; x_wconf 84' lang='grc' dir='ltr'>κατειθίσμεθα</span> <span class='ocrx_word' id='word_1_213' title='bbox 1433 2483 1721 2545; x_wconf 86' lang='grc' dir='ltr'>ποιεῖσθαι,</span> <span class='ocrx_word' id='word_1_214' title='bbox 1760 2483 1849 2536; x_wconf 85' lang='grc' dir='ltr'>λέ-</span> 
     </span>
    </p>
   </div>
   <div class='ocr_carea' id='block_1_28' title="bbox 281 2571 1850 2644">
    <p class='ocr_par' dir='ltr' id='par_1_28' title="bbox 281 2571 1850 2644">
     <span class='ocr_line' id='line_1_28' title="bbox 281 2571 1850 2644; baseline -0.001 -18"><span class='ocrx_word' id='word_1_215' title='bbox 281 2590 504 2644; x_wconf 70' lang='grc' dir='ltr'>γοντες*</span> <span class='ocrx_word' id='word_1_216' title='bbox 545 2594 562 2625; x_wconf 76' lang='grc' dir='ltr'><strong>ι</strong></span> <span class='ocrx_word' id='word_1_217' title='bbox 597 2571 933 2643; x_wconf 85' lang='grc' dir='ltr'>Πιστεύομεν</span> <span class='ocrx_word' id='word_1_218' title='bbox 970 2574 1050 2636; x_wconf 88' lang='grc' dir='ltr'><strong>είς</strong></span> <span class='ocrx_word' id='word_1_219' title='bbox 1092 2573 1186 2626; x_wconf 73' lang='grc' dir='ltr'>ἕνα</span> <span class='ocrx_word' id='word_1_220' title='bbox 1217 2572 1348 2625; x_wconf 87' lang='grc' dir='ltr'>Θεὸν</span> <span class='ocrx_word' id='word_1_221' title='bbox 1388 2572 1610 2643; x_wconf 83' lang='grc' dir='ltr'>Πατέρα</span> <span class='ocrx_word' id='word_1_222' title='bbox 1647 2589 1850 2625; x_wconf 86' lang='grc' dir='ltr'>παντο-</span> 
     </span>
    </p>
   </div>
   <div class='ocr_carea' id='block_1_29' title="bbox 282 2662 1852 2737">
    <p class='ocr_par' dir='ltr' id='par_1_29' title="bbox 282 2662 1852 2737">
     <span class='ocr_line' id='line_1_29' title="bbox 282 2662 1852 2737; baseline -0.002 -19"><span class='ocrx_word' id='word_1_223' title='bbox 282 2665 528 2737; x_wconf 83' lang='grc' dir='ltr'>κράτορα</span> <span class='ocrx_word' id='word_1_224' title='bbox 556 2680 571 2697; x_wconf 88' lang='grc'><strong>·</strong></span> <span class='ocrx_word' id='word_1_225' title='bbox 606 2664 703 2717; x_wconf 74' lang='grc' dir='ltr'>καὶ</span> <span class='ocrx_word' id='word_1_226' title='bbox 733 2666 812 2727; x_wconf 87' lang='grc' dir='ltr'><strong>είς</strong></span> <span class='ocrx_word' id='word_1_227' title='bbox 845 2664 943 2715; x_wconf 74' lang='grc' dir='ltr'>ἕνα</span> <span class='ocrx_word' id='word_1_228' title='bbox 982 2662 1189 2734; x_wconf 84' lang='grc' dir='ltr'>Κύριον</span> <span class='ocrx_word' id='word_1_229' title='bbox 1232 2664 1438 2732; x_wconf 74' lang='grc' dir='ltr'>Ἰησοῦν</span> <span class='ocrx_word' id='word_1_230' title='bbox 1475 2664 1707 2734; x_wconf 85' lang='grc' dir='ltr'>Χριστὸν</span> <span class='ocrx_word' id='word_1_231' title='bbox 1761 2663 1852 2715; x_wconf 83' lang='grc' dir='ltr'><strong>τὸν</strong></span> 
     </span>
    </p>
   </div>
   <div class='ocr_carea' id='block_1_30' title="bbox 279 2752 1849 2824">
    <p class='ocr_par' dir='ltr' id='par_1_30' title="bbox 279 2752 1849 2824">
     <span class='ocr_line' id='line_1_30' title="bbox 279 2752 1849 2824; baseline -0.004 -15"><span class='ocrx_word' id='word_1_232' title='bbox 279 2757 408 2810; x_wconf 81' lang='grc' dir='ltr'>Υἱὸν</span> <span class='ocrx_word' id='word_1_233' title='bbox 440 2754 635 2809; x_wconf 74' lang='grc' dir='ltr'>αὐτοῦ·</span> <span class='ocrx_word' id='word_1_234' title='bbox 668 2755 761 2808; x_wconf 80' lang='grc' dir='ltr'>καὶ</span> <span class='ocrx_word' id='word_1_235' title='bbox 792 2756 873 2817; x_wconf 88' lang='grc' dir='ltr'><strong>είς</strong></span> <span class='ocrx_word' id='word_1_236' title='bbox 902 2753 964 2806; x_wconf 84' lang='grc' dir='ltr'><strong>τὸ</strong></span> <span class='ocrx_word' id='word_1_237' title='bbox 996 2753 1220 2824; x_wconf 83' lang='grc' dir='ltr'>Πνεῦμα</span> <span class='ocrx_word' id='word_1_238' title='bbox 1259 2753 1320 2805; x_wconf 81' lang='grc' dir='ltr'><strong>τὸ</strong></span> <span class='ocrx_word' id='word_1_239' title='bbox 1355 2754 1531 2821; x_wconf 81' lang='grc' dir='ltr'>ἆγιον.</span> <span class='ocrx_word' id='word_1_240' title='bbox 1570 2772 1586 2803; x_wconf 77' lang='grc' dir='ltr'><strong>ι</strong></span> <span class='ocrx_word' id='word_1_241' title='bbox 1621 2752 1849 2818; x_wconf 78' lang='grc' dir='ltr'>Οὐκοῦν,</span> 
     </span>
    </p>
   </div>
   <div class='ocr_carea' id='block_1_31' title="bbox 278 2844 1851 2917">
    <p class='ocr_par' dir='ltr' id='par_1_31' title="bbox 278 2844 1851 2917">
     <span class='ocr_line' id='line_1_31' title="bbox 278 2844 1851 2917; baseline -0.003 -16"><span class='ocrx_word' id='word_1_242' title='bbox 278 2848 384 2902; x_wconf 69' lang='grc' dir='ltr'>κᾶν</span> <span class='ocrx_word' id='word_1_243' title='bbox 432 2845 733 2917; x_wconf 81' lang='grc' dir='ltr'>ἱερατεύειν</span> <span class='ocrx_word' id='word_1_244' title='bbox 768 2845 1125 2915; x_wconf 85' lang='grc' dir='ltr'>ἀνθρωπίνως</span> <span class='ocrx_word' id='word_1_245' title='bbox 1168 2844 1417 2913; x_wconf 85' lang='grc' dir='ltr'>λέγηται,</span> <span class='ocrx_word' id='word_1_246' title='bbox 1464 2844 1600 2898; x_wconf 79' lang='grc' dir='ltr'>ἀλλὰ</span> <span class='ocrx_word' id='word_1_247' title='bbox 1638 2844 1851 2913; x_wconf 85' lang='grc' dir='ltr'>δέχεται</span> 
     </span>
    </p>
   </div>
   <div class='ocr_carea' id='block_1_32' title="bbox 277 2934 1853 3009">
    <p class='ocr_par' dir='ltr' id='par_1_32' title="bbox 277 2934 1853 3009">
     <span class='ocr_line' id='line_1_32' title="bbox 277 2934 1853 3009; baseline -0.004 -17"><span class='ocrx_word' id='word_1_248' title='bbox 277 2941 377 3009; x_wconf 81' lang='grc' dir='ltr'><strong>τὴν</strong></span> <span class='ocrx_word' id='word_1_249' title='bbox 413 2938 603 2991; x_wconf 86' lang='grc' dir='ltr'>θυσίαν</span> <span class='ocrx_word' id='word_1_250' title='bbox 633 2936 795 3000; x_wconf 80' lang='grc' dir='ltr'>αὐτὸς</span> <span class='ocrx_word' id='word_1_251' title='bbox 833 2934 1050 2999; x_wconf 85' lang='grc' dir='ltr'>θεῖκῶς,</span> <span class='ocrx_word' id='word_1_252' title='bbox 1072 2937 1099 2988; x_wconf 97' lang='lat'><strong>6</strong></span> <span class='ocrx_word' id='word_1_253' title='bbox 1129 2935 1291 2998; x_wconf 80' lang='grc' dir='ltr'>αὐτὸς</span> <span class='ocrx_word' id='word_1_254' title='bbox 1323 2934 1398 2987; x_wconf 82' lang='grc' dir='ltr'><strong>ὢν</strong></span> <span class='ocrx_word' id='word_1_255' title='bbox 1426 2935 1560 3005; x_wconf 88' lang='grc' dir='ltr'>ὁμοῦ</span> <span class='ocrx_word' id='word_1_256' title='bbox 1594 2935 1725 2998; x_wconf 87' lang='grc' dir='ltr'>Θεὸς</span> <span class='ocrx_word' id='word_1_257' title='bbox 1760 2934 1853 2988; x_wconf 73' lang='grc' dir='ltr'>καὶ</span> 
     </span>
    </p>
   </div>
   <div class='ocr_carea' id='block_1_33' title="bbox 277 3023 1855 3099">
    <p class='ocr_par' dir='ltr' id='par_1_33' title="bbox 277 3023 1855 3099">
     <span class='ocr_line' id='line_1_33' title="bbox 277 3023 1855 3099; baseline -0.004 -16"><span class='ocrx_word' id='word_1_258' title='bbox 277 3029 586 3099; x_wconf 83' lang='grc' dir='ltr'>ἄνθρωπος.</span> <span class='ocrx_word' id='word_1_259' title='bbox 613 3028 844 3098; x_wconf 76' lang='grc' dir='ltr'>Εἴρηται</span> <span class='ocrx_word' id='word_1_260' title='bbox 873 3026 929 3078; x_wconf 82' lang='grc' dir='ltr'>δὲ</span> <span class='ocrx_word' id='word_1_261' title='bbox 960 3026 1169 3088; x_wconf 88' lang='grc' dir='ltr'>πιστὸς,</span> <span class='ocrx_word' id='word_1_262' title='bbox 1206 3024 1293 3077; x_wconf 83' lang='grc' dir='ltr'><strong>διὰ</strong></span> <span class='ocrx_word' id='word_1_263' title='bbox 1325 3024 1385 3076; x_wconf 86' lang='grc' dir='ltr'><strong>τὸ</strong></span> <span class='ocrx_word' id='word_1_264' title='bbox 1418 3025 1504 3078; x_wconf 84' lang='grc' dir='ltr'>ἀεὶ</span> <span class='ocrx_word' id='word_1_265' title='bbox 1551 3023 1742 3088; x_wconf 79' lang='grc' dir='ltr'>σώζειν</span> <span class='ocrx_word' id='word_1_266' title='bbox 1765 3023 1855 3077; x_wconf 85' lang='grc' dir='ltr'><strong>δύ-</strong></span> 
     </span>
    </p>
   </div>
   <div class='ocr_carea' id='block_1_34' title="bbox 279 3115 1854 3188">
    <p class='ocr_par' dir='ltr' id='par_1_34' title="bbox 279 3115 1854 3188">
     <span class='ocr_line' id='line_1_34' title="bbox 279 3115 1854 3188; baseline -0.004 -15"><span class='ocrx_word' id='word_1_267' title='bbox 279 3120 477 3174; x_wconf 88' lang='grc' dir='ltr'>νασθαι</span> <span class='ocrx_word' id='word_1_268' title='bbox 499 3119 625 3182; x_wconf 81' lang='grc' dir='ltr'>τοὺς</span> <span class='ocrx_word' id='word_1_269' title='bbox 644 3116 1117 3188; x_wconf 81' lang='grc' dir='ltr'>προσερχομένους</span> <span class='ocrx_word' id='word_1_270' title='bbox 1134 3116 1200 3168; x_wconf 87' lang='grc' dir='ltr'><strong>δι’</strong></span> <span class='ocrx_word' id='word_1_271' title='bbox 1219 3116 1383 3169; x_wconf 80' lang='grc' dir='ltr'>αὑτοῦ</span> <span class='ocrx_word' id='word_1_272' title='bbox 1402 3115 1477 3186; x_wconf 83' lang='grc' dir='ltr'><strong>τῷ</strong></span> <span class='ocrx_word' id='word_1_273' title='bbox 1493 3116 1630 3186; x_wconf 83' lang='grc' dir='ltr'>Θεῷ.</span> <span class='ocrx_word' id='word_1_274' title='bbox 1659 3116 1854 3179; x_wconf 78' lang='grc' dir='ltr'>Πιστὸς</span> 
     </span>
    </p>
   </div>
   <div class='ocr_carea' id='block_1_35' title="bbox 278 3206 1852 3281">
    <p class='ocr_par' dir='ltr' id='par_1_35' title="bbox 278 3206 1852 3281">
     <span class='ocr_line' id='line_1_35' title="bbox 278 3206 1852 3281; baseline -0.004 -16"><span class='ocrx_word' id='word_1_275' title='bbox 278 3211 339 3265; x_wconf 75' lang='grc' dir='ltr'><strong>δὲ</strong></span> <span class='ocrx_word' id='word_1_276' title='bbox 370 3212 685 3281; x_wconf 85' lang='grc' dir='ltr'>ὠνόμασται</span> <span class='ocrx_word' id='word_1_277' title='bbox 721 3209 816 3263; x_wconf 78' lang='grc' dir='ltr'><strong>καὶ</strong></span> <span class='ocrx_word' id='word_1_278' title='bbox 842 3208 1003 3270; x_wconf 84' lang='grc' dir='ltr'>αὐτὸς</span> <span class='ocrx_word' id='word_1_279' title='bbox 1030 3208 1057 3260; x_wconf 88' lang='grc' dir='ltr'>ὁ</span> <span class='ocrx_word' id='word_1_280' title='bbox 1091 3208 1303 3277; x_wconf 89' lang='grc' dir='ltr'>Πατήρ.</span> <span class='ocrx_word' id='word_1_281' title='bbox 1338 3207 1770 3277; x_wconf 86' lang='grc' dir='ltr'>Συγκρινόμενος</span> <span class='ocrx_word' id='word_1_282' title='bbox 1796 3206 1852 3259; x_wconf 86' lang='grc' dir='ltr'><em>δέ</em></span> 
     </span>
    </p>
   </div>
   <div class='ocr_carea' id='block_1_36' title="bbox 280 3297 1854 3373">
    <p class='ocr_par' dir='ltr' id='par_1_36' title="bbox 280 3297 1854 3373">
     <span class='ocr_line' id='line_1_36' title="bbox 280 3297 1854 3373; baseline -0.003 -17"><span class='ocrx_word' id='word_1_283' title='bbox 280 3319 403 3367; x_wconf 87' lang='grc' dir='ltr'><strong>πως</strong></span> <span class='ocrx_word' id='word_1_284' title='bbox 430 3306 495 3373; x_wconf 80' lang='grc' dir='ltr'>τῇ</span> <span class='ocrx_word' id='word_1_285' title='bbox 530 3303 775 3364; x_wconf 84' lang='grc' dir='ltr'>Μωσέως</span> <span class='ocrx_word' id='word_1_286' title='bbox 801 3298 1047 3369; x_wconf 79' lang='grc' dir='ltr'>διακονίᾳ</span> <span class='ocrx_word' id='word_1_287' title='bbox 1075 3298 1220 3351; x_wconf 85' lang='grc' dir='ltr'>κατὰ</span> <span class='ocrx_word' id='word_1_288' title='bbox 1241 3298 1301 3351; x_wconf 88' lang='grc' dir='ltr'><strong>τὸ</strong></span> <span class='ocrx_word' id='word_1_289' title='bbox 1327 3297 1688 3368; x_wconf 84' lang='grc' dir='ltr'>ἀνθρώπινον,</span> <span class='ocrx_word' id='word_1_290' title='bbox 1722 3299 1854 3366; x_wconf 84' lang='grc' dir='ltr'>ὅσην</span> 
     </span>
    </p>
   </div>
   <div class='ocr_carea' id='block_1_37' title="bbox 282 3386 1857 3466">
    <p class='ocr_par' dir='ltr' id='par_1_37' title="bbox 282 3386 1857 3466">
     <span class='ocr_line' id='line_1_37' title="bbox 282 3386 1857 3466; baseline -0.004 -18"><span class='ocrx_word' id='word_1_291' title='bbox 282 3396 397 3465; x_wconf 71' lang='grc' dir='ltr'>ἔχει</span> <span class='ocrx_word' id='word_1_292' title='bbox 422 3394 519 3466; x_wconf 72' lang='grc' dir='ltr'>τὴν</span> <span class='ocrx_word' id='word_1_293' title='bbox 554 3392 825 3466; x_wconf 80' lang='grc' dir='ltr'>ὑπεροχὴν</span> <span class='ocrx_word' id='word_1_294' title='bbox 859 3392 1002 3445; x_wconf 82' lang='grc' dir='ltr'>κατά</span> <span class='ocrx_word' id='word_1_295' title='bbox 1026 3407 1088 3458; x_wconf 89' lang='grc' dir='ltr'><strong>γε</strong></span> <span class='ocrx_word' id='word_1_296' title='bbox 1120 3390 1181 3442; x_wconf 87' lang='grc' dir='ltr'><strong>τὸ</strong></span> <span class='ocrx_word' id='word_1_297' title='bbox 1214 3386 1353 3442; x_wconf 76' lang='grc' dir='ltr'>εἶναι</span> <span class='ocrx_word' id='word_1_298' title='bbox 1389 3390 1543 3452; x_wconf 89' lang='grc' dir='ltr'>Θεὸς,</span> <span class='ocrx_word' id='word_1_299' title='bbox 1584 3390 1857 3460; x_wconf 83' lang='grc' dir='ltr'>ἀναμάθοι</span> 
     </span>
    </p>
   </div>
   <div class='ocr_carea' id='block_1_38' title="bbox 280 3479 1859 3552">
    <p class='ocr_par' dir='ltr' id='par_1_38' title="bbox 280 3479 1859 3552">
     <span class='ocr_line' id='line_1_38' title="bbox 280 3479 1859 3552; baseline -0.006 -11"><span class='ocrx_word' id='word_1_300' title='bbox 280 3505 368 3551; x_wconf 79' lang='grc' dir='ltr'><strong>τις</strong></span> <span class='ocrx_word' id='word_1_301' title='bbox 405 3490 491 3549; x_wconf 84' lang='grc' dir='ltr'>ἂν,</span> <span class='ocrx_word' id='word_1_302' title='bbox 530 3487 624 3541; x_wconf 75' lang='grc' dir='ltr'><strong>καὶ</strong></span> <span class='ocrx_word' id='word_1_303' title='bbox 656 3487 714 3539; x_wconf 77' lang='grc' dir='ltr'><strong>ού</strong></span> <span class='ocrx_word' id='word_1_304' title='bbox 744 3487 839 3538; x_wconf 77' lang='grc' dir='ltr'><strong>σὺν</strong></span> <span class='ocrx_word' id='word_1_305' title='bbox 869 3482 1053 3552; x_wconf 84' lang='grc' dir='ltr'>ἱδρῶτι</span> <span class='ocrx_word' id='word_1_306' title='bbox 1083 3480 1300 3551; x_wconf 80' lang='grc' dir='ltr'>μακρῷ,</span> <span class='ocrx_word' id='word_1_307' title='bbox 1336 3479 1553 3545; x_wconf 79' lang='grc' dir='ltr'>ἐννοῶν,</span> <span class='ocrx_word' id='word_1_308' title='bbox 1580 3481 1661 3532; x_wconf 83' lang='grc' dir='ltr'><strong>ὅτι</strong></span> <span class='ocrx_word' id='word_1_309' title='bbox 1693 3482 1721 3532; x_wconf 89' lang='lat'><strong>6</strong></span> <span class='ocrx_word' id='word_1_310' title='bbox 1760 3479 1859 3549; x_wconf 86' lang='grc' dir='ltr'>μὲν</span> 
     </span>
    </p>
   </div>
   <div class='ocr_carea' id='block_1_39' title="bbox 283 3569 1861 3647">
    <p class='ocr_par' dir='ltr' id='par_1_39' title="bbox 283 3569 1861 3647">
     <span class='ocr_line' id='line_1_39' title="bbox 283 3569 1861 3647; baseline -0.007 -15"><span class='ocrx_word' id='word_1_311' title='bbox 283 3580 360 3643; x_wconf 77' lang='grc' dir='ltr'><strong>ὡς</strong></span> <span class='ocrx_word' id='word_1_312' title='bbox 381 3579 596 3647; x_wconf 83' lang='grc' dir='ltr'>οἰκέτης</span> <span class='ocrx_word' id='word_1_313' title='bbox 627 3579 685 3630; x_wconf 81' lang='grc' dir='ltr'><strong>ἐν</strong></span> <span class='ocrx_word' id='word_1_314' title='bbox 716 3575 793 3647; x_wconf 84' lang='grc' dir='ltr'>τῷ</span> <span class='ocrx_word' id='word_1_315' title='bbox 823 3578 955 3646; x_wconf 76' lang='grc' dir='ltr'>οἴκῳ</span> <span class='ocrx_word' id='word_1_316' title='bbox 988 3574 1195 3635; x_wconf 80' lang='grc' dir='ltr'>πιστὸς,</span> <span class='ocrx_word' id='word_1_317' title='bbox 1220 3574 1248 3624; x_wconf 90' lang='lat'><strong>6</strong></span> <span class='ocrx_word' id='word_1_318' title='bbox 1281 3571 1337 3623; x_wconf 80' lang='grc' dir='ltr'><strong>δὲ</strong></span> <span class='ocrx_word' id='word_1_319' title='bbox 1367 3569 1442 3633; x_wconf 82' lang='grc' dir='ltr'>ὡς</span> <span class='ocrx_word' id='word_1_320' title='bbox 1459 3570 1737 3639; x_wconf 86' lang='grc' dir='ltr'>Δεσπότης</span> <span class='ocrx_word' id='word_1_321' title='bbox 1766 3570 1861 3622; x_wconf 76' lang='grc' dir='ltr'><strong>ἐπὶ</strong></span> 
     </span>
    </p>
   </div>
   <div class='ocr_carea' id='block_1_40' title="bbox 285 3661 1862 3730">
    <p class='ocr_par' dir='ltr' id='par_1_40' title="bbox 285 3661 1862 3730">
     <span class='ocr_line' id='line_1_40' title="bbox 285 3661 1862 3730; baseline -0.009 -5"><span class='ocrx_word' id='word_1_322' title='bbox 285 3673 382 3725; x_wconf 84' lang='grc' dir='ltr'><strong>τὸν</strong></span> <span class='ocrx_word' id='word_1_323' title='bbox 419 3669 568 3724; x_wconf 84' lang='grc' dir='ltr'>οἷκον</span> <span class='ocrx_word' id='word_1_324' title='bbox 613 3669 800 3726; x_wconf 77' lang='grc' dir='ltr'>αὐτοῦ.</span> <span class='ocrx_word' id='word_1_325' title='bbox 834 3669 945 3723; x_wconf 79' lang='lat' dir='ltr'><strong>Kal.</strong></span> <span class='ocrx_word' id='word_1_326' title='bbox 969 3669 1051 3721; x_wconf 83' lang='grc' dir='ltr'>ὅτι</span> <span class='ocrx_word' id='word_1_327' title='bbox 1078 3664 1173 3718; x_wconf 79' lang='grc' dir='ltr'>τοῦ</span> <span class='ocrx_word' id='word_1_328' title='bbox 1216 3661 1367 3715; x_wconf 78' lang='grc' dir='ltr'>οἴκου</span> <span class='ocrx_word' id='word_1_329' title='bbox 1412 3661 1862 3730; x_wconf 81' lang='grc' dir='ltr'>κατασκευαστὴς</span> 
     </span>
    </p>
   </div>
   <div class='ocr_carea' id='block_1_41' title="bbox 288 3746 1857 3834">
    <p class='ocr_par' dir='ltr' id='par_1_41' title="bbox 288 3746 1857 3834">
     <span class='ocr_line' id='line_1_41' title="bbox 288 3746 1857 3834; baseline -0.008 -17"><span class='ocrx_word' id='word_1_330' title='bbox 288 3767 384 3818; x_wconf 57' lang='grc' dir='ltr'>γα).</span> <span class='ocrx_word' id='word_1_331' title='bbox 404 3762 730 3834; x_wconf 81' lang='grc' dir='ltr'>δημιουργὸς</span> <span class='ocrx_word' id='word_1_332' title='bbox 751 3766 778 3815; x_wconf 88' lang='lat'><strong>6</strong></span> <span class='ocrx_word' id='word_1_333' title='bbox 810 3758 1166 3831; x_wconf 79' lang='grc' dir='ltr'>Ἐμμανουήλ</span> <span class='ocrx_word' id='word_1_334' title='bbox 1184 3773 1197 3785; x_wconf 73' lang='grc' dir='ltr'><strong>ο</strong></span> <span class='ocrx_word' id='word_1_335' title='bbox 1225 3746 1285 3808; x_wconf 66' lang='grc' dir='ltr'>οὗ</span> <span class='ocrx_word' id='word_1_336' title='bbox 1313 3749 1461 3816; x_wconf 77' lang='grc' dir='ltr'>οἶκός</span> <span class='ocrx_word' id='word_1_337' title='bbox 1487 3754 1653 3822; x_wconf 77' lang='grc' dir='ltr'>ἐσμεν</span> <span class='ocrx_word' id='word_1_338' title='bbox 1678 3754 1857 3823; x_wconf 83' lang='grc' dir='ltr'>ἡμεῖς.</span> 
     </span>
    </p>
   </div>
   <div class='ocr_carea' id='block_1_42' title="bbox 303 3844 1859 3926">
    <p class='ocr_par' dir='ltr' id='par_1_42' title="bbox 303 3844 1859 3926">
     <span class='ocr_line' id='line_1_42' title="bbox 303 3844 1859 3926; baseline -0.008 -18"><span class='ocrx_word' id='word_1_339' title='bbox 303 3856 658 3926; x_wconf 80' lang='grc' dir='ltr'>Ἀσύγκριτος</span> <span class='ocrx_word' id='word_1_340' title='bbox 680 3854 735 3907; x_wconf 84' lang='grc' dir='ltr'><strong>δὲ</strong></span> <span class='ocrx_word' id='word_1_341' title='bbox 763 3851 995 3922; x_wconf 81' lang='grc' dir='ltr'>Ποιητοῦ</span> <span class='ocrx_word' id='word_1_342' title='bbox 1025 3849 1163 3921; x_wconf 88' lang='grc' dir='ltr'>πρὸς</span> <span class='ocrx_word' id='word_1_343' title='bbox 1192 3851 1253 3903; x_wconf 85' lang='grc' dir='ltr'><strong>τὸ</strong></span> <span class='ocrx_word' id='word_1_344' title='bbox 1284 3846 1507 3916; x_wconf 81' lang='grc' dir='ltr'>ποιηθὲν</span> <span class='ocrx_word' id='word_1_345' title='bbox 1541 3846 1575 3915; x_wconf 80' lang='grc' dir='ltr'>ἡ</span> <span class='ocrx_word' id='word_1_346' title='bbox 1605 3844 1859 3914; x_wconf 83' lang='grc' dir='ltr'>διαφορὰ,</span> 
     </span>
    </p>
   </div>
   <div class='ocr_carea' id='block_1_43' title="bbox 289 3934 1864 4013">
    <p class='ocr_par' dir='ltr' id='par_1_43' title="bbox 289 3934 1864 4013">
     <span class='ocr_line' id='line_1_43' title="bbox 289 3934 1864 4013; baseline -0.01 -13"><span class='ocrx_word' id='word_1_347' title='bbox 289 3948 387 4002; x_wconf 69' lang='grc' dir='ltr'><strong>καὶ</strong></span> <span class='ocrx_word' id='word_1_348' title='bbox 422 3946 516 3999; x_wconf 83' lang='grc' dir='ltr'><strong>τοῦ</strong></span> <span class='ocrx_word' id='word_1_349' title='bbox 546 3946 689 4000; x_wconf 84' lang='grc' dir='ltr'>κατὰ</span> <span class='ocrx_word' id='word_1_350' title='bbox 718 3944 879 4013; x_wconf 79' lang='grc' dir='ltr'>φύσιν</span> <span class='ocrx_word' id='word_1_351' title='bbox 906 3942 1176 3996; x_wconf 88' lang='grc' dir='ltr'>Δεσπότου</span> <span class='ocrx_word' id='word_1_352' title='bbox 1206 3940 1345 4012; x_wconf 86' lang='grc' dir='ltr'>πρὸς</span> <span class='ocrx_word' id='word_1_353' title='bbox 1372 3937 1434 3991; x_wconf 91' lang='grc' dir='ltr'><strong>τὸ</strong></span> <span class='ocrx_word' id='word_1_354' title='bbox 1462 3935 1648 3989; x_wconf 80' lang='grc' dir='ltr'>δοῦλον</span> <span class='ocrx_word' id='word_1_355' title='bbox 1673 3946 1695 3973; x_wconf 76' lang='grc' dir='ltr'>θ</span> <span class='ocrx_word' id='word_1_356' title='bbox 1731 3934 1864 4006; x_wconf 85' lang='grc' dir='ltr'>ἀλη-</span> 
     </span>
    </p>
   </div>
   <div class='ocr_carea' id='block_1_44' title="bbox 293 4034 1172 4106">
    <p class='ocr_par' dir='ltr' id='par_1_44' title="bbox 293 4034 1172 4106">
     <span class='ocr_line' id='line_1_44' title="bbox 293 4034 1172 4106; baseline -0.006 -14"><span class='ocrx_word' id='word_1_357' title='bbox 293 4039 401 4102; x_wconf 83' lang='grc' dir='ltr'>θῶς</span> <span class='ocrx_word' id='word_1_358' title='bbox 429 4038 518 4092; x_wconf 67' lang='grc' dir='ltr'><strong>καὶ</strong></span> <span class='ocrx_word' id='word_1_359' title='bbox 552 4039 609 4090; x_wconf 84' lang='grc' dir='ltr'>ὲν</span> <span class='ocrx_word' id='word_1_360' title='bbox 646 4037 831 4106; x_wconf 81' lang='grc' dir='ltr'>ὑφέσει</span> <span class='ocrx_word' id='word_1_361' title='bbox 862 4034 1172 4105; x_wconf 88' lang='grc' dir='ltr'>νοούμενον.</span> 
     </span>
    </p>
   </div>
   <div class='ocr_carea' id='block_1_45' title="bbox 1944 554 3516 625">
    <p class='ocr_par' dir='ltr' id='par_1_45' title="bbox 1944 554 3516 625">
     <span class='ocr_line' id='line_1_45' title="bbox 1944 554 3516 625; baseline -0.006 -7"><span class='ocrx_word' id='word_1_362' title='bbox 1944 565 2105 620; x_wconf 85' lang='lat' dir='ltr'><strong>Patre</strong></span> <span class='ocrx_word' id='word_1_363' title='bbox 2152 565 2428 619; x_wconf 87' lang='lat' dir='ltr'><strong>institutus</strong></span> <span class='ocrx_word' id='word_1_364' title='bbox 2474 575 2559 617; x_wconf 89' lang='lat' dir='ltr'><strong>est</strong></span> <span class='ocrx_word' id='word_1_365' title='bbox 2614 561 2789 625; x_wconf 67' lang='lat' dir='ltr'><strong>Iesus,</strong></span> <span class='ocrx_word' id='word_1_366' title='bbox 2841 560 2941 614; x_wconf 91' lang='lat' dir='ltr'><strong>hoc</strong></span> <span class='ocrx_word' id='word_1_367' title='bbox 2999 567 3084 613; x_wconf 90' lang='lat' dir='ltr'><strong>est</strong></span> <span class='ocrx_word' id='word_1_368' title='bbox 3142 557 3237 613; x_wconf 88' lang='lat' dir='ltr'><strong>Dei</strong></span> <span class='ocrx_word' id='word_1_369' title='bbox 3278 554 3516 612; x_wconf 85' lang='lat' dir='ltr'><strong>Verbum</strong></span> 
     </span>
    </p>
   </div>
   <div class='ocr_carea' id='block_1_46' title="bbox 1947 647 3515 718">
    <p class='ocr_par' dir='ltr' id='par_1_46' title="bbox 1947 647 3515 718">
     <span class='ocr_line' id='line_1_46' title="bbox 1947 647 3515 718; baseline -0.007 -8"><span class='ocrx_word' id='word_1_370' title='bbox 1947 658 2308 711; x_wconf 87' lang='lat' dir='ltr'><strong>incarnatum.</strong></span> <span class='ocrx_word' id='word_1_371' title='bbox 2362 656 2514 711; x_wconf 87' lang='lat' dir='ltr'><strong>Tunc</strong></span> <span class='ocrx_word' id='word_1_372' title='bbox 2556 654 2699 709; x_wconf 87' lang='lat' dir='ltr'><strong>enim</strong></span> <span class='ocrx_word' id='word_1_373' title='bbox 2730 652 2855 706; x_wconf 86' lang='lat' dir='ltr'><strong>Jesu</strong></span> <span class='ocrx_word' id='word_1_374' title='bbox 2897 652 3113 704; x_wconf 88' lang='lat' dir='ltr'><strong>nomine</strong></span> <span class='ocrx_word' id='word_1_375' title='bbox 3138 664 3236 718; x_wconf 90' lang='lat' dir='ltr'><strong>per</strong></span> <span class='ocrx_word' id='word_1_376' title='bbox 3263 647 3515 717; x_wconf 79' lang='lat' dir='ltr'><strong>angelum</strong></span> 
     </span>
    </p>
   </div>
   <div class='ocr_carea' id='block_1_47' title="bbox 1946 736 3518 816">
    <p class='ocr_par' dir='ltr' id='par_1_47' title="bbox 1946 736 3518 816">
     <span class='ocr_line' id='line_1_47' title="bbox 1946 736 3518 816; baseline -0.008 -15"><span class='ocrx_word' id='word_1_377' title='bbox 1946 747 2268 816; x_wconf 88' lang='lat' dir='ltr'><strong>appellatmn</strong></span> <span class='ocrx_word' id='word_1_378' title='bbox 2298 756 2402 801; x_wconf 87' lang='lat' dir='ltr'><strong>est.</strong></span> <span class='ocrx_word' id='word_1_379' title='bbox 2458 746 2524 799; x_wconf 83' lang='lat' dir='ltr'><strong>Et</strong></span> <span class='ocrx_word' id='word_1_380' title='bbox 2573 743 2790 812; x_wconf 86' lang='lat' dir='ltr'><strong>quidem</strong></span> <span class='ocrx_word' id='word_1_381' title='bbox 2842 740 3131 795; x_wconf 86' lang='lat' dir='ltr'><strong>sacerdotii</strong></span> <span class='ocrx_word' id='word_1_382' title='bbox 3158 749 3213 791; x_wconf 91' lang='lat' dir='ltr'><strong>et</strong></span> <span class='ocrx_word' id='word_1_383' title='bbox 3248 736 3518 805; x_wconf 89' lang='lat' dir='ltr'><strong>apostola-</strong></span> 
     </span>
    </p>
   </div>
   <div class='ocr_carea' id='block_1_48' title="bbox 1949 829 3521 904">
    <p class='ocr_par' dir='ltr' id='par_1_48' title="bbox 1949 829 3521 904">
     <span class='ocr_line' id='line_1_48' title="bbox 1949 829 3521 904; baseline -0.01 -11"><span class='ocrx_word' id='word_1_384' title='bbox 1949 851 2034 894; x_wconf 93' lang='lat' dir='ltr'><strong>tus</strong></span> <span class='ocrx_word' id='word_1_385' title='bbox 2083 854 2274 892; x_wconf 85' lang='lat' dir='ltr'><strong>nomen</strong></span> <span class='ocrx_word' id='word_1_386' title='bbox 2303 847 2357 892; x_wconf 90' lang='lat' dir='ltr'><strong>et</strong></span> <span class='ocrx_word' id='word_1_387' title='bbox 2393 852 2504 901; x_wconf 91' lang='lat' dir='ltr'><strong>res,</strong></span> <span class='ocrx_word' id='word_1_388' title='bbox 2540 833 2833 904; x_wconf 79' lang='lat' dir='ltr'><strong>perexigua</strong></span> <span class='ocrx_word' id='word_1_389' title='bbox 2864 839 3011 894; x_wconf 87' lang='lat' dir='ltr'><strong>sunt,</strong></span> <span class='ocrx_word' id='word_1_390' title='bbox 3041 829 3087 884; x_wconf 88' lang='lat' dir='ltr'><strong>si</strong></span> <span class='ocrx_word' id='word_1_391' title='bbox 3119 829 3282 882; x_wconf 82' lang='lat' dir='ltr'><strong>Verbi</strong></span> <span class='ocrx_word' id='word_1_392' title='bbox 3313 835 3521 881; x_wconf 73' lang='lat' dir='ltr'><strong>natura:</strong></span> 
     </span>
    </p>
   </div>
   <div class='ocr_carea' id='block_1_49' title="bbox 1948 916 3520 992">
    <p class='ocr_par' dir='ltr' id='par_1_49' title="bbox 1948 916 3520 992">
     <span class='ocr_line' id='line_1_49' title="bbox 1948 916 3520 992; baseline -0.01 -7"><span class='ocrx_word' id='word_1_393' title='bbox 1948 931 2334 992; x_wconf 86' lang='lat' dir='ltr'><strong>attribuantur,</strong></span> <span class='ocrx_word' id='word_1_394' title='bbox 2362 938 2735 982; x_wconf 73' lang='lat' dir='ltr'><strong>verumtamen</strong></span> <span class='ocrx_word' id='word_1_395' title='bbox 2773 924 3025 977; x_wconf 76' lang='lat' dir='ltr'><strong>humana:</strong></span> <span class='ocrx_word' id='word_1_396' title='bbox 3066 928 3270 973; x_wconf 66' lang='lat' dir='ltr'><strong>natura!</strong></span> <span class='ocrx_word' id='word_1_397' title='bbox 3301 916 3520 971; x_wconf 88' lang='lat' dir='ltr'><strong>modulo</strong></span> 
     </span>
    </p>
   </div>
   <div class='ocr_carea' id='block_1_50' title="bbox 1948 1006 3520 1090">
    <p class='ocr_par' dir='ltr' id='par_1_50' title="bbox 1948 1006 3520 1090">
     <span class='ocr_line' id='line_1_50' title="bbox 1948 1006 3520 1090; baseline -0.011 -13"><span class='ocrx_word' id='word_1_398' title='bbox 1948 1038 2053 1077; x_wconf 89' lang='lat' dir='ltr'><strong>non</strong></span> <span class='ocrx_word' id='word_1_399' title='bbox 2081 1022 2377 1090; x_wconf 71' lang='lat' dir='ltr'><strong>incongrue</strong></span> <span class='ocrx_word' id='word_1_400' title='bbox 2403 1020 2779 1086; x_wconf 74' lang='lat' dir='ltr'><strong>adaptantum</strong></span> <span class='ocrx_word' id='word_1_401' title='bbox 2812 1012 2943 1067; x_wconf 81' lang='lat' dir='ltr'><strong>Nam</strong></span> <span class='ocrx_word' id='word_1_402' title='bbox 2974 1009 3144 1065; x_wconf 87' lang='lat' dir='ltr'><strong>Filius</strong></span> <span class='ocrx_word' id='word_1_403' title='bbox 3169 1011 3253 1079; x_wconf 92' lang='lat' dir='ltr'><strong>(ut</strong></span> <span class='ocrx_word' id='word_1_404' title='bbox 3286 1009 3399 1076; x_wconf 91' lang='lat' dir='ltr'><strong>ipse</strong></span> <span class='ocrx_word' id='word_1_405' title='bbox 3417 1006 3520 1060; x_wconf 89' lang='lat' dir='ltr'><strong>ali-</strong></span> 
     </span>
    </p>
   </div>
   <div class='ocr_carea' id='block_1_51' title="bbox 1951 1099 3522 1181">
    <p class='ocr_par' dir='ltr' id='par_1_51' title="bbox 1951 1099 3522 1181">
     <span class='ocr_line' id='line_1_51' title="bbox 1951 1099 3522 1181; baseline -0.012 -12"><span class='ocrx_word' id='word_1_406' title='bbox 1951 1114 2071 1169; x_wconf 91' lang='lat' dir='ltr'><strong>cubi</strong></span> <span class='ocrx_word' id='word_1_407' title='bbox 2095 1114 2343 1181; x_wconf 80' lang='lat' dir='ltr'><strong>testatur)</strong></span> <span class='ocrx_word' id='word_1_408' title='bbox 2370 1127 2473 1165; x_wconf 93' lang='lat' dir='ltr'><strong>non</strong></span> <span class='ocrx_word' id='word_1_409' title='bbox 2490 1118 2712 1164; x_wconf 78' lang='lat' dir='ltr'><strong>venerat</strong></span> <span class='ocrx_word' id='word_1_410' title='bbox 2732 1104 3051 1167; x_wconf 81' lang='lat' dir='ltr'><strong>ministrari,</strong></span> <span class='ocrx_word' id='word_1_411' title='bbox 3072 1103 3165 1156; x_wconf 85' lang='lat' dir='ltr'><strong>sed</strong></span> <span class='ocrx_word' id='word_1_412' title='bbox 3190 1099 3522 1161; x_wconf 88' lang='lat' dir='ltr'><strong>ministrare,</strong></span> 
     </span>
    </p>
   </div>
   <div class='ocr_carea' id='block_1_52' title="bbox 1949 1187 3517 1266">
    <p class='ocr_par' dir='ltr' id='par_1_52' title="bbox 1949 1187 3517 1266">
     <span class='ocr_line' id='line_1_52' title="bbox 1949 1187 3517 1266; baseline -0.016 -3"><span class='ocrx_word' id='word_1_413' title='bbox 1949 1219 2004 1263; x_wconf 90' lang='lat' dir='ltr'><strong>ct</strong></span> <span class='ocrx_word' id='word_1_414' title='bbox 2025 1209 2153 1262; x_wconf 85' lang='lat' dir='ltr'><strong>dare</strong></span> <span class='ocrx_word' id='word_1_415' title='bbox 2176 1206 2413 1259; x_wconf 85' lang='lat' dir='ltr'><strong>animam</strong></span> <span class='ocrx_word' id='word_1_416' title='bbox 2437 1216 2590 1257; x_wconf 89' lang='lat' dir='ltr'><strong>suam</strong></span> <span class='ocrx_word' id='word_1_417' title='bbox 2622 1197 3041 1266; x_wconf 85' lang='lat' dir='ltr'><strong>redemptionem</strong></span> <span class='ocrx_word' id='word_1_418' title='bbox 3086 1208 3184 1262; x_wconf 90' lang='lat' dir='ltr'><strong>pro</strong></span> <span class='ocrx_word' id='word_1_419' title='bbox 3213 1190 3393 1244; x_wconf 89' lang='lat' dir='ltr'><strong>multis</strong></span> <span class='ocrx_word' id='word_1_420' title='bbox 3415 1187 3517 1242; x_wconf 62' lang='lat' dir='ltr'><strong>“.a</strong></span> 
     </span>
    </p>
   </div>
   <div class='ocr_carea' id='block_1_53' title="bbox 1951 1278 3526 1367">
    <p class='ocr_par' dir='ltr' id='par_1_53' title="bbox 1951 1278 3526 1367">
     <span class='ocr_line' id='line_1_53' title="bbox 1951 1278 3526 1367; baseline -0.012 -14"><span class='ocrx_word' id='word_1_421' title='bbox 1951 1299 2105 1366; x_wconf 86' lang='lat' dir='ltr'><strong>Quod</strong></span> <span class='ocrx_word' id='word_1_422' title='bbox 2146 1297 2308 1367; x_wconf 79' lang='lat' dir='ltr'><strong>igitur</strong></span> <span class='ocrx_word' id='word_1_423' title='bbox 2339 1305 2709 1349; x_wconf 81' lang='lat' dir='ltr'><strong>creaturarum</strong></span> <span class='ocrx_word' id='word_1_424' title='bbox 2742 1288 2983 1343; x_wconf 91' lang='lat' dir='ltr'><strong>omnium</strong></span> <span class='ocrx_word' id='word_1_425' title='bbox 3049 1284 3351 1339; x_wconf 88' lang='lat' dir='ltr'><strong>ministerio</strong></span> <span class='ocrx_word' id='word_1_426' title='bbox 3401 1278 3526 1348; x_wconf 82' lang='lat' dir='ltr'><strong>jure</strong></span> 
     </span>
    </p>
   </div>
   <div class='ocr_carea' id='block_1_54' title="bbox 1951 1373 3524 1459">
    <p class='ocr_par' dir='ltr' id='par_1_54' title="bbox 1951 1373 3524 1459">
     <span class='ocr_line' id='line_1_54' title="bbox 1951 1373 3524 1459; baseline -0.013 -12"><span class='ocrx_word' id='word_1_427' title='bbox 1951 1391 2146 1447; x_wconf 89' lang='lat' dir='ltr'><strong>merito</strong></span> <span class='ocrx_word' id='word_1_428' title='bbox 2177 1388 2437 1459; x_wconf 88' lang='lat' dir='ltr'><strong>potiatur,</strong></span> <span class='ocrx_word' id='word_1_429' title='bbox 2458 1387 2561 1440; x_wconf 86' lang='lat' dir='ltr'><strong>hoc</strong></span> <span class='ocrx_word' id='word_1_430' title='bbox 2595 1384 2717 1437; x_wconf 91' lang='lat' dir='ltr'><strong>inde</strong></span> <span class='ocrx_word' id='word_1_431' title='bbox 2750 1382 2932 1447; x_wconf 83' lang='lat' dir='ltr'><strong>habet,</strong></span> <span class='ocrx_word' id='word_1_432' title='bbox 2962 1380 3088 1449; x_wconf 85' lang='lat' dir='ltr'><strong>quia</strong></span> <span class='ocrx_word' id='word_1_433' title='bbox 3114 1378 3255 1431; x_wconf 91' lang='lat' dir='ltr'><strong>Deus</strong></span> <span class='ocrx_word' id='word_1_434' title='bbox 3281 1384 3385 1439; x_wconf 88' lang='lat' dir='ltr'><strong>est,</strong></span> <span class='ocrx_word' id='word_1_435' title='bbox 3414 1373 3524 1428; x_wconf 88' lang='lat' dir='ltr'><strong>Do-</strong></span> 
     </span>
    </p>
   </div>
   <div class='ocr_carea' id='block_1_55' title="bbox 1952 1467 3525 1547">
    <p class='ocr_par' dir='ltr' id='par_1_55' title="bbox 1952 1467 3525 1547">
     <span class='ocr_line' id='line_1_55' title="bbox 1952 1467 3525 1547; baseline -0.013 -8"><span class='ocrx_word' id='word_1_436' title='bbox 1952 1485 2130 1539; x_wconf 91' lang='lat' dir='ltr'><strong>minus</strong></span> <span class='ocrx_word' id='word_1_437' title='bbox 2167 1490 2255 1537; x_wconf 89' lang='lat' dir='ltr'><strong>est</strong></span> <span class='ocrx_word' id='word_1_438' title='bbox 2284 1490 2560 1547; x_wconf 86' lang='lat' dir='ltr'><strong>totumque</strong></span> <span class='ocrx_word' id='word_1_439' title='bbox 2594 1475 2735 1543; x_wconf 86' lang='lat' dir='ltr'><strong>quod</strong></span> <span class='ocrx_word' id='word_1_440' title='bbox 2785 1483 2962 1528; x_wconf 91' lang='lat' dir='ltr'><strong>ortum</strong></span> <span class='ocrx_word' id='word_1_441' title='bbox 2998 1470 3187 1540; x_wconf 87' lang='lat' dir='ltr'><strong>quovis</strong></span> <span class='ocrx_word' id='word_1_442' title='bbox 3216 1467 3373 1522; x_wconf 89' lang='lat' dir='ltr'><strong>modo</strong></span> <span class='ocrx_word' id='word_1_443' title='bbox 3404 1481 3525 1521; x_wconf 87' lang='lat' dir='ltr'><strong>sor-</strong></span> 
     </span>
    </p>
   </div>
   <div class='ocr_carea' id='block_1_56' title="bbox 1953 1558 3527 1640">
    <p class='ocr_par' dir='ltr' id='par_1_56' title="bbox 1953 1558 3527 1640">
     <span class='ocr_line' id='line_1_56' title="bbox 1953 1558 3527 1640; baseline -0.014 -10"><span class='ocrx_word' id='word_1_444' title='bbox 1953 1576 2108 1631; x_wconf 87' lang='lat' dir='ltr'><strong>titum</strong></span> <span class='ocrx_word' id='word_1_445' title='bbox 2145 1582 2248 1635; x_wconf 88' lang='lat' dir='ltr'><strong>est,</strong></span> <span class='ocrx_word' id='word_1_446' title='bbox 2291 1570 2517 1640; x_wconf 82' lang='lat' dir='ltr'><strong>pedibus</strong></span> <span class='ocrx_word' id='word_1_447' title='bbox 2549 1567 2690 1621; x_wconf 89' lang='lat' dir='ltr'><strong>illius</strong></span> <span class='ocrx_word' id='word_1_448' title='bbox 2723 1565 3056 1620; x_wconf 88' lang='lat' dir='ltr'><strong>substratum</strong></span> <span class='ocrx_word' id='word_1_449' title='bbox 3088 1569 3175 1615; x_wconf 91' lang='lat' dir='ltr'><strong>est</strong></span> <span class='ocrx_word' id='word_1_450' title='bbox 3206 1577 3221 1613; x_wconf 92' lang='lat'><strong>:</strong></span> <span class='ocrx_word' id='word_1_451' title='bbox 3253 1558 3395 1627; x_wconf 89' lang='lat' dir='ltr'><strong>quod</strong></span> <span class='ocrx_word' id='word_1_452' title='bbox 3428 1570 3527 1609; x_wconf 89' lang='lat' dir='ltr'><strong>au-</strong></span> 
     </span>
    </p>
   </div>
   <div class='ocr_carea' id='block_1_57' title="bbox 1954 1646 3522 1725">
    <p class='ocr_par' dir='ltr' id='par_1_57' title="bbox 1954 1646 3522 1725">
     <span class='ocr_line' id='line_1_57' title="bbox 1954 1646 3522 1725; baseline -0.014 -5"><span class='ocrx_word' id='word_1_453' title='bbox 1954 1675 2061 1720; x_wconf 88' lang='lat' dir='ltr'><strong>tem</strong></span> <span class='ocrx_word' id='word_1_454' title='bbox 2098 1663 2391 1725; x_wconf 87' lang='lat' dir='ltr'><strong>ministrat,</strong></span> <span class='ocrx_word' id='word_1_455' title='bbox 2418 1660 2519 1713; x_wconf 87' lang='lat' dir='ltr'><strong>hoc</strong></span> <span class='ocrx_word' id='word_1_456' title='bbox 2544 1667 2749 1712; x_wconf 82' lang='lat' dir='ltr'><strong>naturae</strong></span> <span class='ocrx_word' id='word_1_457' title='bbox 2774 1656 3021 1708; x_wconf 80' lang='lat' dir='ltr'><strong>humanae</strong></span> <span class='ocrx_word' id='word_1_458' title='bbox 3047 1659 3151 1704; x_wconf 91' lang='lat' dir='ltr'><strong>est.</strong></span> <span class='ocrx_word' id='word_1_459' title='bbox 3178 1647 3365 1716; x_wconf 84' lang='lat' dir='ltr'><strong>Neque</strong></span> <span class='ocrx_word' id='word_1_460' title='bbox 3396 1646 3522 1721; x_wconf 75' lang='lat' dir='ltr'><strong>hpc,</strong></span> 
     </span>
    </p>
   </div>
   <div class='ocr_carea' id='block_1_58' title="bbox 1954 1733 3527 1823">
    <p class='ocr_par' dir='ltr' id='par_1_58' title="bbox 1954 1733 3527 1823">
     <span class='ocr_line' id='line_1_58' title="bbox 1954 1733 3527 1823; baseline -0.015 -14"><span class='ocrx_word' id='word_1_461' title='bbox 1954 1756 2000 1809; x_wconf 92' lang='lat' dir='ltr'><strong>si</strong></span> <span class='ocrx_word' id='word_1_462' title='bbox 2034 1752 2449 1823; x_wconf 80' lang='lat' dir='ltr'><strong>dispensationis</strong></span> <span class='ocrx_word' id='word_1_463' title='bbox 2489 1763 2610 1803; x_wconf 92' lang='lat' dir='ltr'><strong>cum</strong></span> <span class='ocrx_word' id='word_1_464' title='bbox 2663 1759 2829 1800; x_wconf 87' lang='lat' dir='ltr'><strong>carne</strong></span> <span class='ocrx_word' id='word_1_465' title='bbox 2882 1742 3147 1796; x_wconf 88' lang='lat' dir='ltr'><strong>rationem</strong></span> <span class='ocrx_word' id='word_1_466' title='bbox 3199 1746 3434 1807; x_wconf 84' lang='lat' dir='ltr'><strong>spectes,</strong></span> <span class='ocrx_word' id='word_1_467' title='bbox 3462 1733 3527 1787; x_wconf 89' lang='lat' dir='ltr'><strong>il-</strong></span> 
     </span>
    </p>
   </div>
   <div class='ocr_carea' id='block_1_59' title="bbox 1955 1826 3521 1910">
    <p class='ocr_par' dir='ltr' id='par_1_59' title="bbox 1955 1826 3521 1910">
     <span class='ocr_line' id='line_1_59' title="bbox 1955 1826 3521 1910; baseline -0.013 -10"><span class='ocrx_word' id='word_1_468' title='bbox 1955 1849 2064 1900; x_wconf 88' lang='lat' dir='ltr'><strong>lum</strong></span> <span class='ocrx_word' id='word_1_469' title='bbox 2118 1845 2367 1909; x_wconf 79' lang='lat' dir='ltr'><strong>dedecet,</strong></span> <span class='ocrx_word' id='word_1_470' title='bbox 2416 1842 2506 1910; x_wconf 88' lang='lat' dir='ltr'><strong>qui</strong></span> <span class='ocrx_word' id='word_1_471' title='bbox 2554 1855 2614 1894; x_wconf 90' lang='lat' dir='ltr'><strong>se</strong></span> <span class='ocrx_word' id='word_1_472' title='bbox 2664 1836 2831 1891; x_wconf 89' lang='lat' dir='ltr'><strong>semel</strong></span> <span class='ocrx_word' id='word_1_473' title='bbox 2891 1837 2956 1887; x_wconf 90' lang='lat' dir='ltr'><strong>ad</strong></span> <span class='ocrx_word' id='word_1_474' title='bbox 3014 1834 3248 1887; x_wconf 84' lang='lat' dir='ltr'><strong>humana</strong></span> <span class='ocrx_word' id='word_1_475' title='bbox 3284 1826 3521 1882; x_wconf 87' lang='lat' dir='ltr'><strong>demisit.</strong></span> 
     </span>
    </p>
   </div>
   <div class='ocr_carea' id='block_1_60' title="bbox 1956 1927 3526 2005">
    <p class='ocr_par' dir='ltr' id='par_1_60' title="bbox 1956 1927 3526 2005">
     <span class='ocr_line' id='line_1_60' title="bbox 1956 1927 3526 2005; baseline -0.015 -12"><span class='ocrx_word' id='word_1_476' title='bbox 1956 1936 2247 2005; x_wconf 81' lang='lat' dir='ltr'><strong>Videjam,</strong></span> <span class='ocrx_word' id='word_1_477' title='bbox 2279 1933 2550 2003; x_wconf 90' lang='lat' dir='ltr'><strong>quomodo</strong></span> <span class='ocrx_word' id='word_1_478' title='bbox 2583 1931 2878 1984; x_wconf 86' lang='lat' dir='ltr'><strong>secundum</strong></span> <span class='ocrx_word' id='word_1_479' title='bbox 2941 1927 3228 1977; x_wconf 82' lang='lat' dir='ltr'><strong>humanam</strong></span> <span class='ocrx_word' id='word_1_480' title='bbox 3274 1928 3526 1973; x_wconf 87' lang='lat' dir='ltr'><strong>naturam</strong></span> 
     </span>
    </p>
   </div>
   <div class='ocr_carea' id='block_1_61' title="bbox 1955 2011 3521 2086">
    <p class='ocr_par' dir='ltr' id='par_1_61' title="bbox 1955 2011 3521 2086">
     <span class='ocr_line' id='line_1_61' title="bbox 1955 2011 3521 2086; baseline -0.015 0"><span class='ocrx_word' id='word_1_481' title='bbox 1955 2029 2240 2086; x_wconf 83' lang='lat' dir='ltr'><strong>sacerdotii</strong></span> <span class='ocrx_word' id='word_1_482' title='bbox 2298 2041 2494 2081; x_wconf 89' lang='lat' dir='ltr'><strong>munus</strong></span> <span class='ocrx_word' id='word_1_483' title='bbox 2548 2022 2728 2085; x_wconf 87' lang='lat' dir='ltr'><strong>obeat,</strong></span> <span class='ocrx_word' id='word_1_484' title='bbox 2783 2019 3150 2085; x_wconf 89' lang='lat' dir='ltr'><strong>mediatorquc</strong></span> <span class='ocrx_word' id='word_1_485' title='bbox 3181 2015 3322 2069; x_wconf 89' lang='lat' dir='ltr'><strong>inter</strong></span> <span class='ocrx_word' id='word_1_486' title='bbox 3352 2011 3521 2064; x_wconf 87' lang='lat' dir='ltr'><strong>Deum</strong></span> 
     </span>
    </p>
   </div>
   <div class='ocr_carea' id='block_1_62' title="bbox 1955 2101 3526 2176">
    <p class='ocr_par' dir='ltr' id='par_1_62' title="bbox 1955 2101 3526 2176">
     <span class='ocr_line' id='line_1_62' title="bbox 1955 2101 3526 2176; baseline -0.015 0"><span class='ocrx_word' id='word_1_487' title='bbox 1955 2132 2009 2176; x_wconf 87' lang='lat' dir='ltr'><strong>et</strong></span> <span class='ocrx_word' id='word_1_488' title='bbox 2039 2121 2285 2175; x_wconf 88' lang='lat' dir='ltr'><strong>homines</strong></span> <span class='ocrx_word' id='word_1_489' title='bbox 2332 2117 2563 2171; x_wconf 81' lang='lat' dir='ltr'><strong>exsistat</strong></span> <span class='ocrx_word' id='word_1_490' title='bbox 2592 2131 2606 2167; x_wconf 88' lang='lat'><strong>:</strong></span> <span class='ocrx_word' id='word_1_491' title='bbox 2640 2111 2821 2167; x_wconf 88' lang='lat' dir='ltr'><strong>omnis</strong></span> <span class='ocrx_word' id='word_1_492' title='bbox 2851 2109 2996 2165; x_wconf 90' lang='lat' dir='ltr'><strong>enim</strong></span> <span class='ocrx_word' id='word_1_493' title='bbox 3028 2106 3286 2163; x_wconf 80' lang='lat' dir='ltr'><strong>sacerdos</strong></span> <span class='ocrx_word' id='word_1_494' title='bbox 3316 2101 3526 2157; x_wconf 86' lang='lat' dir='ltr'><strong>media-</strong></span> 
     </span>
    </p>
   </div>
   <div class='ocr_carea' id='block_1_63' title="bbox 1960 2194 3524 2278">
    <p class='ocr_par' dir='ltr' id='par_1_63' title="bbox 1960 2194 3524 2278">
     <span class='ocr_line' id='line_1_63' title="bbox 1960 2194 3524 2278; baseline -0.015 -10"><span class='ocrx_word' id='word_1_495' title='bbox 1960 2214 2091 2269; x_wconf 89' lang='lat' dir='ltr'><strong>toris</strong></span> <span class='ocrx_word' id='word_1_496' title='bbox 2125 2212 2298 2268; x_wconf 85' lang='lat' dir='ltr'><strong>oilicio</strong></span> <span class='ocrx_word' id='word_1_497' title='bbox 2332 2210 2573 2278; x_wconf 77' lang='lat' dir='ltr'><strong>futtgitur</strong></span> <span class='ocrx_word' id='word_1_498' title='bbox 2604 2225 2618 2272; x_wconf 91' lang='lat'><strong>;</strong></span> <span class='ocrx_word' id='word_1_499' title='bbox 2655 2215 3024 2260; x_wconf 74' lang='lat' dir='ltr'><strong>verumtamen</strong></span> <span class='ocrx_word' id='word_1_500' title='bbox 3064 2196 3319 2253; x_wconf 88' lang='lat' dir='ltr'><strong>sacriﬁcii</strong></span> <span class='ocrx_word' id='word_1_501' title='bbox 3359 2194 3524 2249; x_wconf 82' lang='lat' dir='ltr'><strong>ritum</strong></span> 
     </span>
    </p>
   </div>
   <div class='ocr_carea' id='block_1_64' title="bbox 1958 2289 3522 2361">
    <p class='ocr_par' dir='ltr' id='par_1_64' title="bbox 1958 2289 3522 2361">
     <span class='ocr_line' id='line_1_64' title="bbox 1958 2289 3522 2361; baseline -0.014 -1"><span class='ocrx_word' id='word_1_502' title='bbox 1958 2322 2064 2361; x_wconf 88' lang='lat' dir='ltr'><strong>non</strong></span> <span class='ocrx_word' id='word_1_503' title='bbox 2095 2304 2210 2361; x_wconf 89' lang='lat' dir='ltr'><strong>obit</strong></span> <span class='ocrx_word' id='word_1_504' title='bbox 2237 2301 2504 2357; x_wconf 83' lang='lat' dir='ltr'><strong>serviliter</strong></span> <span class='ocrx_word' id='word_1_505' title='bbox 2529 2298 2869 2353; x_wconf 83' lang='lat' dir='ltr'><strong>sacerdotum</strong></span> <span class='ocrx_word' id='word_1_506' title='bbox 2903 2292 3070 2349; x_wconf 89' lang='lat' dir='ltr'><strong>nostri</strong></span> <span class='ocrx_word' id='word_1_507' title='bbox 3105 2289 3315 2345; x_wconf 88' lang='lat' dir='ltr'><strong>ordinis</strong></span> <span class='ocrx_word' id='word_1_508' title='bbox 3347 2299 3522 2349; x_wconf 88' lang='lat' dir='ltr'><strong>more,</strong></span> 
     </span>
    </p>
   </div>
   <div class='ocr_carea' id='block_1_65' title="bbox 1955 2376 3524 2466">
    <p class='ocr_par' dir='ltr' id='par_1_65' title="bbox 1955 2376 3524 2466">
     <span class='ocr_line' id='line_1_65' title="bbox 1955 2376 3524 2466; baseline -0.013 -17"><span class='ocrx_word' id='word_1_509' title='bbox 1955 2395 2109 2466; x_wconf 80' lang='lat' dir='ltr'><strong>quasi</strong></span> <span class='ocrx_word' id='word_1_510' title='bbox 2145 2396 2259 2462; x_wconf 89' lang='lat' dir='ltr'><strong>ipse</strong></span> <span class='ocrx_word' id='word_1_511' title='bbox 2294 2409 2398 2447; x_wconf 90' lang='lat' dir='ltr'><strong>non</strong></span> <span class='ocrx_word' id='word_1_512' title='bbox 2433 2392 2506 2446; x_wconf 90' lang='lat' dir='ltr'><strong>sit</strong></span> <span class='ocrx_word' id='word_1_513' title='bbox 2540 2392 2623 2444; x_wconf 92' lang='lat' dir='ltr'><strong>cui</strong></span> <span class='ocrx_word' id='word_1_514' title='bbox 2656 2389 2819 2443; x_wconf 87' lang='lat' dir='ltr'><strong>etiam</strong></span> <span class='ocrx_word' id='word_1_515' title='bbox 2874 2384 3206 2440; x_wconf 87' lang='lat' dir='ltr'><strong>sacriﬁcium</strong></span> <span class='ocrx_word' id='word_1_516' title='bbox 3258 2376 3524 2433; x_wconf 73' lang='lat' dir='ltr'><strong>oll‘ertur:</strong></span> 
     </span>
    </p>
   </div>
   <div class='ocr_carea' id='block_1_66' title="bbox 1958 2472 3532 2554">
    <p class='ocr_par' dir='ltr' id='par_1_66' title="bbox 1958 2472 3532 2554">
     <span class='ocr_line' id='line_1_66' title="bbox 1958 2472 3532 2554; baseline -0.015 -12"><span class='ocrx_word' id='word_1_517' title='bbox 1958 2487 2053 2541; x_wconf 90' lang='lat' dir='ltr'><strong>sed</strong></span> <span class='ocrx_word' id='word_1_518' title='bbox 2105 2485 2291 2554; x_wconf 90' lang='lat' dir='ltr'><strong>sibipsi</strong></span> <span class='ocrx_word' id='word_1_519' title='bbox 2337 2497 2553 2552; x_wconf 86' lang='lat' dir='ltr'><strong>quoque</strong></span> <span class='ocrx_word' id='word_1_520' title='bbox 2602 2479 2910 2541; x_wconf 85' lang='lat' dir='ltr'><strong>sacriﬁcat,</strong></span> <span class='ocrx_word' id='word_1_521' title='bbox 2958 2484 3012 2530; x_wconf 89' lang='lat' dir='ltr'><strong>et</strong></span> <span class='ocrx_word' id='word_1_522' title='bbox 3039 2490 3136 2543; x_wconf 81' lang='lat' dir='ltr'><strong>per</strong></span> <span class='ocrx_word' id='word_1_523' title='bbox 3175 2472 3434 2539; x_wconf 87' lang='lat' dir='ltr'><strong>seipsum,</strong></span> <span class='ocrx_word' id='word_1_524' title='bbox 3473 2474 3532 2519; x_wconf 88' lang='lat' dir='ltr'><strong>et</strong></span> 
     </span>
    </p>
   </div>
   <div class='ocr_carea' id='block_1_67' title="bbox 1957 2567 3531 2639">
    <p class='ocr_par' dir='ltr' id='par_1_67' title="bbox 1957 2567 3531 2639">
     <span class='ocr_line' id='line_1_67' title="bbox 1957 2567 3531 2639; baseline -0.015 -9"><span class='ocrx_word' id='word_1_525' title='bbox 1957 2576 2011 2631; x_wconf 88' lang='lat' dir='ltr'><strong>in</strong></span> <span class='ocrx_word' id='word_1_526' title='bbox 2053 2574 2228 2639; x_wconf 88' lang='lat' dir='ltr'><strong>seipso</strong></span> <span class='ocrx_word' id='word_1_527' title='bbox 2269 2572 2376 2625; x_wconf 89' lang='lat' dir='ltr'><strong>Deo</strong></span> <span class='ocrx_word' id='word_1_528' title='bbox 2417 2571 2586 2625; x_wconf 77' lang='lat' dir='ltr'><strong>l‘atri.</strong></span> <span class='ocrx_word' id='word_1_529' title='bbox 2647 2567 2815 2622; x_wconf 74' lang='lat' dir='ltr'><strong>Oll‘ert</strong></span> <span class='ocrx_word' id='word_1_530' title='bbox 2876 2575 3054 2619; x_wconf 90' lang='lat' dir='ltr'><strong>autem</strong></span> <span class='ocrx_word' id='word_1_531' title='bbox 3108 2572 3348 2617; x_wconf 87' lang='lat' dir='ltr'><strong>nostram</strong></span> <span class='ocrx_word' id='word_1_532' title='bbox 3399 2570 3531 2610; x_wconf 82' lang='lat' dir='ltr'><strong>coa-</strong></span> 
     </span>
    </p>
   </div>
   <div class='ocr_carea' id='block_1_68' title="bbox 1959 2638 3530 2727">
    <p class='ocr_par' dir='ltr' id='par_1_68' title="bbox 1959 2638 3530 2727">
     <span class='ocr_line' id='line_1_68' title="bbox 1959 2638 3530 2727; baseline -0.014 -6"><span class='ocrx_word' id='word_1_533' title='bbox 1959 2667 2277 2727; x_wconf 80' lang='lat' dir='ltr'><strong>fessionem,</strong></span> <span class='ocrx_word' id='word_1_534' title='bbox 2320 2663 2425 2716; x_wconf 90' lang='lat' dir='ltr'><strong>hoc</strong></span> <span class='ocrx_word' id='word_1_535' title='bbox 2473 2673 2557 2716; x_wconf 88' lang='lat' dir='ltr'><strong>est</strong></span> <span class='ocrx_word' id='word_1_536' title='bbox 2601 2660 2757 2714; x_wconf 87' lang='lat' dir='ltr'><strong>ﬁdem</strong></span> <span class='ocrx_word' id='word_1_537' title='bbox 2788 2675 2803 2722; x_wconf 89' lang='lat'><strong>;</strong></span> <span class='ocrx_word' id='word_1_538' title='bbox 2834 2673 2995 2726; x_wconf 88' lang='lat' dir='ltr'><strong>quam</strong></span> <span class='ocrx_word' id='word_1_539' title='bbox 3038 2654 3138 2709; x_wconf 87' lang='lat' dir='ltr'><strong>rite</strong></span> <span class='ocrx_word' id='word_1_540' title='bbox 3188 2638 3530 2706; x_wconf 21' lang='lat' dir='ltr'><strong>facere&#39;con-</strong></span> 
     </span>
    </p>
   </div>
   <div class='ocr_carea' id='block_1_69' title="bbox 1960 2739 3528 2823">
    <p class='ocr_par' dir='ltr' id='par_1_69' title="bbox 1960 2739 3528 2823">
     <span class='ocr_line' id='line_1_69' title="bbox 1960 2739 3528 2823; baseline -0.017 -9"><span class='ocrx_word' id='word_1_541' title='bbox 1960 2757 2255 2823; x_wconf 87' lang='lat' dir='ltr'><strong>suevimus,</strong></span> <span class='ocrx_word' id='word_1_542' title='bbox 2311 2755 2555 2808; x_wconf 86' lang='lat' dir='ltr'><strong>dicentes</strong></span> <span class='ocrx_word' id='word_1_543' title='bbox 2587 2770 2603 2808; x_wconf 87' lang='lat'><strong>:</strong></span> <span class='ocrx_word' id='word_1_544' title='bbox 2633 2770 2651 2803; x_wconf 77' lang='grc' dir='ltr'><strong>ι</strong></span> <span class='ocrx_word' id='word_1_545' title='bbox 2687 2751 2973 2805; x_wconf 88' lang='lat' dir='ltr'><strong>Credimus</strong></span> <span class='ocrx_word' id='word_1_546' title='bbox 3019 2748 3071 2800; x_wconf 93' lang='lat' dir='ltr'><strong>in</strong></span> <span class='ocrx_word' id='word_1_547' title='bbox 3100 2745 3267 2797; x_wconf 87' lang='lat' dir='ltr'><strong>Deum</strong></span> <span class='ocrx_word' id='word_1_548' title='bbox 3313 2739 3528 2793; x_wconf 81' lang='lat' dir='ltr'><strong>Patrem</strong></span> 
     </span>
    </p>
   </div>
   <div class='ocr_carea' id='block_1_70' title="bbox 1959 2830 3531 2918">
    <p class='ocr_par' dir='ltr' id='par_1_70' title="bbox 1959 2830 3531 2918">
     <span class='ocr_line' id='line_1_70' title="bbox 1959 2830 3531 2918; baseline -0.015 -14"><span class='ocrx_word' id='word_1_549' title='bbox 1959 2850 2381 2918; x_wconf 86' lang='lat' dir='ltr'><strong>onmipoteutem</strong></span> <span class='ocrx_word' id='word_1_550' title='bbox 2410 2863 2424 2910; x_wconf 89' lang='lat'><strong>;</strong></span> <span class='ocrx_word' id='word_1_551' title='bbox 2456 2854 2509 2897; x_wconf 89' lang='lat' dir='ltr'><strong>et</strong></span> <span class='ocrx_word' id='word_1_552' title='bbox 2539 2845 2590 2897; x_wconf 91' lang='lat' dir='ltr'><strong>in</strong></span> <span class='ocrx_word' id='word_1_553' title='bbox 2627 2858 2791 2896; x_wconf 89' lang='lat' dir='ltr'><strong>unum</strong></span> <span class='ocrx_word' id='word_1_554' title='bbox 2842 2840 3128 2895; x_wconf 87' lang='lat' dir='ltr'><strong>Dominum</strong></span> <span class='ocrx_word' id='word_1_555' title='bbox 3156 2835 3341 2889; x_wconf 82' lang='lat' dir='ltr'><strong>Jesum</strong></span> <span class='ocrx_word' id='word_1_556' title='bbox 3370 2830 3531 2886; x_wconf 87' lang='lat' dir='ltr'><strong>Chri-</strong></span> 
     </span>
    </p>
   </div>
   <div class='ocr_carea' id='block_1_71' title="bbox 1961 2923 3533 3004">
    <p class='ocr_par' dir='ltr' id='par_1_71' title="bbox 1961 2923 3533 3004">
     <span class='ocr_line' id='line_1_71' title="bbox 1961 2923 3533 3004; baseline -0.013 -9"><span class='ocrx_word' id='word_1_557' title='bbox 1961 2949 2105 2996; x_wconf 89' lang='lat' dir='ltr'><strong>stum</strong></span> <span class='ocrx_word' id='word_1_558' title='bbox 2135 2940 2325 2993; x_wconf 89' lang='lat' dir='ltr'><strong>Filium</strong></span> <span class='ocrx_word' id='word_1_559' title='bbox 2360 2936 2496 3004; x_wconf 86' lang='lat' dir='ltr'><strong>ejus,</strong></span> <span class='ocrx_word' id='word_1_560' title='bbox 2527 2945 2579 2989; x_wconf 73' lang='lat' dir='ltr'><strong>et.</strong></span> <span class='ocrx_word' id='word_1_561' title='bbox 2609 2936 2659 2989; x_wconf 87' lang='lat' dir='ltr'><strong>in</strong></span> <span class='ocrx_word' id='word_1_562' title='bbox 2694 2933 2953 3004; x_wconf 82' lang='lat' dir='ltr'><strong>Spiritum</strong></span> <span class='ocrx_word' id='word_1_563' title='bbox 2991 2938 3261 2984; x_wconf 88' lang='lat' dir='ltr'><strong>sanctum.</strong></span> <span class='ocrx_word' id='word_1_564' title='bbox 3300 2943 3318 2975; x_wconf 70' lang='grc' dir='ltr'><strong>ι</strong></span> <span class='ocrx_word' id='word_1_565' title='bbox 3348 2923 3533 2990; x_wconf 80' lang='lat' dir='ltr'><strong>Itaque</strong></span> 
     </span>
    </p>
   </div>
   <div class='ocr_carea' id='block_1_72' title="bbox 1961 3021 3528 3095">
    <p class='ocr_par' dir='ltr' id='par_1_72' title="bbox 1961 3021 3528 3095">
     <span class='ocr_line' id='line_1_72' title="bbox 1961 3021 3528 3095; baseline -0.015 -9"><span class='ocrx_word' id='word_1_566' title='bbox 1961 3033 2062 3086; x_wconf 82' lang='lat' dir='ltr'><strong>etsi</strong></span> <span class='ocrx_word' id='word_1_567' title='bbox 2089 3030 2390 3085; x_wconf 82' lang='lat' dir='ltr'><strong>sacerdotio</strong></span> <span class='ocrx_word' id='word_1_568' title='bbox 2452 3027 2599 3095; x_wconf 70' lang='grc' dir='ltr'>ίιιιιεςὶ</span> <span class='ocrx_word' id='word_1_569' title='bbox 2666 3026 2864 3079; x_wconf 87' lang='lat' dir='ltr'><strong>dicitur</strong></span> <span class='ocrx_word' id='word_1_570' title='bbox 2921 3021 3214 3076; x_wconf 90' lang='lat' dir='ltr'><strong>secundum</strong></span> <span class='ocrx_word' id='word_1_571' title='bbox 3283 3023 3528 3069; x_wconf 88' lang='lat' dir='ltr'><strong>naturam</strong></span> 
     </span>
    </p>
   </div>
   <div class='ocr_carea' id='block_1_73' title="bbox 1965 3105 3531 3181">
    <p class='ocr_par' dir='ltr' id='par_1_73' title="bbox 1965 3105 3531 3181">
     <span class='ocr_line' id='line_1_73' title="bbox 1965 3105 3531 3181; baseline -0.015 -4"><span class='ocrx_word' id='word_1_572' title='bbox 1965 3125 2277 3181; x_wconf 80' lang='lat' dir='ltr'><strong>humanam,</strong></span> <span class='ocrx_word' id='word_1_573' title='bbox 2315 3117 2640 3173; x_wconf 86' lang='lat' dir='ltr'><strong>sacriﬁcium</strong></span> <span class='ocrx_word' id='word_1_574' title='bbox 2678 3126 2855 3169; x_wconf 89' lang='lat' dir='ltr'><strong>tamen</strong></span> <span class='ocrx_word' id='word_1_575' title='bbox 2882 3112 3121 3168; x_wconf 88' lang='lat' dir='ltr'><strong>oblatum</strong></span> <span class='ocrx_word' id='word_1_576' title='bbox 3160 3105 3409 3175; x_wconf 88' lang='lat' dir='ltr'><strong>suscipit,</strong></span> <span class='ocrx_word' id='word_1_577' title='bbox 3441 3118 3531 3156; x_wconf 91' lang='lat' dir='ltr'><strong>se-</strong></span> 
     </span>
    </p>
   </div>
   <div class='ocr_carea' id='block_1_74' title="bbox 1961 3194 3536 3269">
    <p class='ocr_par' dir='ltr' id='par_1_74' title="bbox 1961 3194 3536 3269">
     <span class='ocr_line' id='line_1_74' title="bbox 1961 3194 3536 3269; baseline -0.015 0"><span class='ocrx_word' id='word_1_578' title='bbox 1961 3216 2193 3269; x_wconf 82' lang='lat' dir='ltr'><strong>cundum</strong></span> <span class='ocrx_word' id='word_1_579' title='bbox 2246 3209 2524 3264; x_wconf 86' lang='lat' dir='ltr'><strong>divinam:</strong></span> <span class='ocrx_word' id='word_1_580' title='bbox 2572 3215 2660 3260; x_wconf 88' lang='lat' dir='ltr'><strong>est</strong></span> <span class='ocrx_word' id='word_1_581' title='bbox 2708 3206 2850 3258; x_wconf 90' lang='lat' dir='ltr'><strong>enim</strong></span> <span class='ocrx_word' id='word_1_582' title='bbox 2904 3204 3044 3257; x_wconf 90' lang='lat' dir='ltr'><strong>idem</strong></span> <span class='ocrx_word' id='word_1_583' title='bbox 3092 3201 3232 3253; x_wconf 86' lang='lat' dir='ltr'><strong>Deus</strong></span> <span class='ocrx_word' id='word_1_584' title='bbox 3277 3194 3440 3251; x_wconf 89' lang='lat' dir='ltr'><strong>simul</strong></span> <span class='ocrx_word' id='word_1_585' title='bbox 3479 3202 3536 3247; x_wconf 87' lang='lat' dir='ltr'><strong>et</strong></span> 
     </span>
    </p>
   </div>
   <div class='ocr_carea' id='block_1_75' title="bbox 1962 3285 3537 3372">
    <p class='ocr_par' dir='ltr' id='par_1_75' title="bbox 1962 3285 3537 3372">
     <span class='ocr_line' id='line_1_75' title="bbox 1962 3285 3537 3372; baseline -0.015 -11"><span class='ocrx_word' id='word_1_586' title='bbox 1962 3309 2145 3362; x_wconf 90' lang='lat' dir='ltr'><strong>homo.</strong></span> <span class='ocrx_word' id='word_1_587' title='bbox 2185 3302 2500 3372; x_wconf 85' lang='lat' dir='ltr'><strong>Appellatus</strong></span> <span class='ocrx_word' id='word_1_588' title='bbox 2528 3309 2610 3352; x_wconf 89' lang='lat' dir='ltr'><strong>est</strong></span> <span class='ocrx_word' id='word_1_589' title='bbox 2636 3306 2815 3351; x_wconf 88' lang='lat' dir='ltr'><strong>autem</strong></span> <span class='ocrx_word' id='word_1_590' title='bbox 2851 3294 3044 3357; x_wconf 88' lang='lat' dir='ltr'><strong>ﬁdelis,</strong></span> <span class='ocrx_word' id='word_1_591' title='bbox 3083 3300 3365 3360; x_wconf 82' lang='lat' dir='ltr'><strong>prOpterea</strong></span> <span class='ocrx_word' id='word_1_592' title='bbox 3392 3285 3537 3354; x_wconf 88' lang='lat' dir='ltr'><strong>quod</strong></span> 
     </span>
    </p>
   </div>
   <div class='ocr_carea' id='block_1_76' title="bbox 1965 3376 3533 3467">
    <p class='ocr_par' dir='ltr' id='par_1_76' title="bbox 1965 3376 3533 3467">
     <span class='ocr_line' id='line_1_76' title="bbox 1965 3376 3533 3467; baseline -0.017 -13"><span class='ocrx_word' id='word_1_593' title='bbox 1965 3412 2179 3467; x_wconf 85' lang='lat' dir='ltr'><strong>semper</strong></span> <span class='ocrx_word' id='word_1_594' title='bbox 2208 3396 2419 3449; x_wconf 82' lang='lat' dir='ltr'><strong>salvare</strong></span> <span class='ocrx_word' id='word_1_595' title='bbox 2448 3400 2608 3460; x_wconf 82' lang='lat' dir='ltr'><strong>queat</strong></span> <span class='ocrx_word' id='word_1_596' title='bbox 2644 3404 2757 3453; x_wconf 90' lang='lat' dir='ltr'><strong>eos,</strong></span> <span class='ocrx_word' id='word_1_597' title='bbox 2812 3385 2903 3457; x_wconf 85' lang='lat' dir='ltr'><strong>qui</strong></span> <span class='ocrx_word' id='word_1_598' title='bbox 2936 3400 3030 3454; x_wconf 90' lang='lat' dir='ltr'><strong>per</strong></span> <span class='ocrx_word' id='word_1_599' title='bbox 3063 3384 3235 3452; x_wconf 86' lang='lat' dir='ltr'><strong>ipsum</strong></span> <span class='ocrx_word' id='word_1_600' title='bbox 3265 3379 3330 3433; x_wconf 90' lang='lat' dir='ltr'><strong>ad</strong></span> <span class='ocrx_word' id='word_1_601' title='bbox 3361 3376 3533 3430; x_wconf 90' lang='lat' dir='ltr'><strong>Deum</strong></span> 
     </span>
    </p>
   </div>
   <div class='ocr_carea' id='block_1_77' title="bbox 1967 3465 3535 3552">
    <p class='ocr_par' dir='ltr' id='par_1_77' title="bbox 1967 3465 3535 3552">
     <span class='ocr_line' id='line_1_77' title="bbox 1967 3465 3535 3552; baseline -0.016 -8"><span class='ocrx_word' id='word_1_602' title='bbox 1967 3465 2252 3543; x_wconf 84' lang='lat' dir='ltr'><strong>accedunt.</strong></span> <span class='ocrx_word' id='word_1_603' title='bbox 2308 3482 2467 3552; x_wconf 66' lang='grc'><strong>149</strong></span> <span class='ocrx_word' id='word_1_604' title='bbox 2512 3481 2651 3546; x_wconf 87' lang='lat' dir='ltr'><strong>Quin</strong></span> <span class='ocrx_word' id='word_1_605' title='bbox 2697 3488 2752 3533; x_wconf 90' lang='lat' dir='ltr'><strong>et</strong></span> <span class='ocrx_word' id='word_1_606' title='bbox 2792 3479 2905 3546; x_wconf 89' lang='lat' dir='ltr'><strong>ipse</strong></span> <span class='ocrx_word' id='word_1_607' title='bbox 2930 3488 3144 3544; x_wconf 89' lang='lat' dir='ltr'><strong>quoque</strong></span> <span class='ocrx_word' id='word_1_608' title='bbox 3171 3470 3334 3524; x_wconf 87' lang='lat' dir='ltr'><strong>Pater</strong></span> <span class='ocrx_word' id='word_1_609' title='bbox 3360 3465 3535 3520; x_wconf 91' lang='lat' dir='ltr'><strong>ﬁdelis</strong></span> 
     </span>
    </p>
   </div>
   <div class='ocr_carea' id='block_1_78' title="bbox 1960 3554 3531 3635">
    <p class='ocr_par' dir='ltr' id='par_1_78' title="bbox 1960 3554 3531 3635">
     <span class='ocr_line' id='line_1_78' title="bbox 1960 3554 3531 3635; baseline -0.016 -3"><span class='ocrx_word' id='word_1_610' title='bbox 1960 3577 2230 3632; x_wconf 89' lang='lat' dir='ltr'><strong>interdum</strong></span> <span class='ocrx_word' id='word_1_611' title='bbox 2286 3585 2531 3626; x_wconf 85' lang='lat' dir='ltr'><strong>vocatur.</strong></span> <span class='ocrx_word' id='word_1_612' title='bbox 2594 3571 2805 3635; x_wconf 85' lang='lat' dir='ltr'><strong>Quanto</strong></span> <span class='ocrx_word' id='word_1_613' title='bbox 2834 3576 3015 3619; x_wconf 90' lang='lat' dir='ltr'><strong>autem</strong></span> <span class='ocrx_word' id='word_1_614' title='bbox 3049 3559 3339 3616; x_wconf 87' lang='lat' dir='ltr'><strong>intervallo</strong></span> <span class='ocrx_word' id='word_1_615' title='bbox 3370 3554 3531 3609; x_wconf 87' lang='lat' dir='ltr'><strong>mini-</strong></span> 
     </span>
    </p>
   </div>
   <div class='ocr_carea' id='block_1_79' title="bbox 1962 3647 3532 3721">
    <p class='ocr_par' dir='ltr' id='par_1_79' title="bbox 1962 3647 3532 3721">
     <span class='ocr_line' id='line_1_79' title="bbox 1962 3647 3532 3721; baseline -0.015 -1"><span class='ocrx_word' id='word_1_616' title='bbox 1962 3667 2188 3721; x_wconf 87' lang='lat' dir='ltr'><strong>sterium</strong></span> <span class='ocrx_word' id='word_1_617' title='bbox 2242 3663 2384 3717; x_wconf 87' lang='lat' dir='ltr'><strong>illius</strong></span> <span class='ocrx_word' id='word_1_618' title='bbox 2431 3671 2490 3715; x_wconf 92' lang='lat' dir='ltr'><strong>ut</strong></span> <span class='ocrx_word' id='word_1_619' title='bbox 2545 3658 2780 3714; x_wconf 89' lang='lat' dir='ltr'><strong>hominis</strong></span> <span class='ocrx_word' id='word_1_620' title='bbox 2827 3671 2949 3710; x_wconf 90' lang='lat' dir='ltr'><strong>cum</strong></span> <span class='ocrx_word' id='word_1_621' title='bbox 3010 3653 3246 3706; x_wconf 75' lang='lat' dir='ltr'><strong>lllosaico</strong></span> <span class='ocrx_word' id='word_1_622' title='bbox 3280 3647 3532 3701; x_wconf 83' lang='lat' dir='ltr'><strong>collatum</strong></span> 
     </span>
    </p>
   </div>
   <div class='ocr_carea' id='block_1_80' title="bbox 1962 3742 3537 3824">
    <p class='ocr_par' dir='ltr' id='par_1_80' title="bbox 1962 3742 3537 3824">
     <span class='ocr_line' id='line_1_80' title="bbox 1962 3742 3537 3824; baseline -0.015 -12"><span class='ocrx_word' id='word_1_623' title='bbox 1962 3759 2209 3821; x_wconf 78' lang='lat' dir='ltr'><strong>excedat,</strong></span> <span class='ocrx_word' id='word_1_624' title='bbox 2237 3767 2505 3824; x_wconf 86' lang='lat' dir='ltr'><strong>quatenus</strong></span> <span class='ocrx_word' id='word_1_625' title='bbox 2542 3752 2629 3805; x_wconf 88' lang='lat' dir='ltr'><strong>hic</strong></span> <span class='ocrx_word' id='word_1_626' title='bbox 2663 3751 2709 3805; x_wconf 87' lang='lat' dir='ltr'><strong>si</strong></span> <span class='ocrx_word' id='word_1_627' title='bbox 2750 3747 3126 3803; x_wconf 87' lang='lat' dir='ltr'><strong>consideretur</strong></span> <span class='ocrx_word' id='word_1_628' title='bbox 3153 3753 3211 3797; x_wconf 92' lang='lat' dir='ltr'><strong>ut</strong></span> <span class='ocrx_word' id='word_1_629' title='bbox 3245 3742 3385 3794; x_wconf 87' lang='lat' dir='ltr'><strong>Dens</strong></span> <span class='ocrx_word' id='word_1_630' title='bbox 3413 3753 3537 3807; x_wconf 90' lang='lat' dir='ltr'><strong>per-</strong></span> 
     </span>
    </p>
   </div>
   <div class='ocr_carea' id='block_1_81' title="bbox 1966 3836 3535 3915">
    <p class='ocr_par' dir='ltr' id='par_1_81' title="bbox 1966 3836 3535 3915">
     <span class='ocr_line' id='line_1_81' title="bbox 1966 3836 3535 3915; baseline -0.014 -14"><span class='ocrx_word' id='word_1_631' title='bbox 1966 3848 2108 3903; x_wconf 76' lang='lat' dir='ltr'><strong>facili</strong></span> <span class='ocrx_word' id='word_1_632' title='bbox 2141 3846 2355 3915; x_wconf 80' lang='lat' dir='ltr'><strong>negotio</strong></span> <span class='ocrx_word' id='word_1_633' title='bbox 2397 3844 2448 3897; x_wconf 90' lang='lat' dir='ltr'><strong>id</strong></span> <span class='ocrx_word' id='word_1_634' title='bbox 2490 3842 2666 3911; x_wconf 82' lang='lat' dir='ltr'><strong>quivis</strong></span> <span class='ocrx_word' id='word_1_635' title='bbox 2697 3839 2976 3907; x_wconf 81' lang='lat' dir='ltr'><strong>intelliget,</strong></span> <span class='ocrx_word' id='word_1_636' title='bbox 3012 3837 3054 3890; x_wconf 88' lang='lat' dir='ltr'><strong>si</strong></span> <span class='ocrx_word' id='word_1_637' title='bbox 3095 3848 3279 3889; x_wconf 88' lang='lat' dir='ltr'><strong>secum</strong></span> <span class='ocrx_word' id='word_1_638' title='bbox 3327 3836 3535 3898; x_wconf 79' lang='lat' dir='ltr'><strong>reputet</strong></span> 
     </span>
    </p>
   </div>
   <div class='ocr_carea' id='block_1_82' title="bbox 1969 3920 3535 4001">
    <p class='ocr_par' dir='ltr' id='par_1_82' title="bbox 1969 3920 3535 4001">
     <span class='ocr_line' id='line_1_82' title="bbox 1969 3920 3535 4001; baseline -0.016 -11"><span class='ocrx_word' id='word_1_639' title='bbox 1969 3937 2116 3990; x_wconf 88' lang='lat' dir='ltr'><strong>illum</strong></span> <span class='ocrx_word' id='word_1_640' title='bbox 2146 3933 2362 4001; x_wconf 80' lang='lat' dir='ltr'><strong>quidem</strong></span> <span class='ocrx_word' id='word_1_641' title='bbox 2392 3931 2553 3985; x_wconf 89' lang='lat' dir='ltr'><strong>veluti</strong></span> <span class='ocrx_word' id='word_1_642' title='bbox 2589 3928 2795 3983; x_wconf 89' lang='lat' dir='ltr'><strong>ﬁdelem</strong></span> <span class='ocrx_word' id='word_1_643' title='bbox 2834 3924 3094 3978; x_wconf 80' lang='lat' dir='ltr'><strong>famulum</strong></span> <span class='ocrx_word' id='word_1_644' title='bbox 3137 3923 3188 3975; x_wconf 91' lang='lat' dir='ltr'><strong>in</strong></span> <span class='ocrx_word' id='word_1_645' title='bbox 3217 3920 3375 3972; x_wconf 88' lang='lat' dir='ltr'><strong>domo</strong></span> <span class='ocrx_word' id='word_1_646' title='bbox 3411 3930 3535 3968; x_wconf 84' lang='lat' dir='ltr'><strong>ver-</strong></span> 
     </span>
    </p>
   </div>
   <div class='ocr_carea' id='block_1_83' title="bbox 1971 4003 3535 4084">
    <p class='ocr_par' dir='ltr' id='par_1_83' title="bbox 1971 4003 3535 4084">
     <span class='ocr_line' id='line_1_83' title="bbox 1971 4003 3535 4084; baseline -0.014 -6"><span class='ocrx_word' id='word_1_647' title='bbox 1971 4036 2145 4079; x_wconf 86' lang='lat' dir='ltr'><strong>satum</strong></span> <span class='ocrx_word' id='word_1_648' title='bbox 2177 4039 2331 4084; x_wconf 83' lang='lat' dir='ltr'><strong>esse;</strong></span> <span class='ocrx_word' id='word_1_649' title='bbox 2370 4023 2514 4075; x_wconf 90' lang='lat' dir='ltr'><strong>hunc</strong></span> <span class='ocrx_word' id='word_1_650' title='bbox 2542 4034 2691 4080; x_wconf 90' lang='lat' dir='ltr'><strong>vero,</strong></span> <span class='ocrx_word' id='word_1_651' title='bbox 2726 4018 2825 4071; x_wconf 90' lang='lat' dir='ltr'><strong>hoc</strong></span> <span class='ocrx_word' id='word_1_652' title='bbox 2850 4024 2934 4069; x_wconf 87' lang='lat' dir='ltr'><strong>est</strong></span> <span class='ocrx_word' id='word_1_653' title='bbox 2966 4011 3393 4073; x_wconf 80' lang='lat' dir='ltr'><strong>Emmanuclcm,</strong></span> <span class='ocrx_word' id='word_1_654' title='bbox 3437 4003 3535 4059; x_wconf 89' lang='lat' dir='ltr'><strong>toti</strong></span> 
     </span>
    </p>
   </div>
   <div class='ocr_carea' id='block_1_84' title="bbox 293 4103 3537 4197">
    <p class='ocr_par' dir='ltr' id='par_1_84' title="bbox 293 4103 3537 4197">
     <span class='ocr_line' id='line_1_84' title="bbox 293 4103 3537 4197; baseline -0.01 -14"><span class='ocrx_word' id='word_1_655' title='bbox 293 4130 473 4183; x_wconf 84' lang='lat' dir='ltr'><strong>domui</strong></span> <span class='ocrx_word' id='word_1_656' title='bbox 522 4142 776 4197; x_wconf 82' lang='lat' dir='ltr'><strong>tanquam</strong></span> <span class='ocrx_word' id='word_1_657' title='bbox 826 4127 1109 4182; x_wconf 86' lang='lat' dir='ltr'><strong>Dominum</strong></span> <span class='ocrx_word' id='word_1_658' title='bbox 1158 4124 1475 4196; x_wconf 66' lang='lat' dir='ltr'><strong>praefuisse,</strong></span> <span class='ocrx_word' id='word_1_659' title='bbox 1532 4121 1643 4175; x_wconf 89' lang='lat' dir='ltr'><strong>imo</strong></span> <span class='ocrx_word' id='word_1_660' title='bbox 1688 4120 1855 4188; x_wconf 91' lang='lat' dir='ltr'><strong>ipsius</strong></span> <span class='ocrx_word' id='word_1_661' title='bbox 1905 4118 2096 4173; x_wconf 90' lang='lat' dir='ltr'><strong>domus</strong></span> <span class='ocrx_word' id='word_1_662' title='bbox 2156 4117 2509 4172; x_wconf 87' lang='lat' dir='ltr'><strong>architectum</strong></span> <span class='ocrx_word' id='word_1_663' title='bbox 2562 4111 3008 4177; x_wconf 87' lang='lat' dir='ltr'><strong>conditoremque</strong></span> <span class='ocrx_word' id='word_1_664' title='bbox 3080 4103 3393 4166; x_wconf 81' lang='lat' dir='ltr'><strong>exstitisse;</strong></span> <span class='ocrx_word' id='word_1_665' title='bbox 3439 4115 3537 4153; x_wconf 85' lang='lat' dir='ltr'><strong>cu—</strong></span> 
     </span>
    </p>
   </div>
   <div class='ocr_carea' id='block_1_85' title="bbox 286 4195 3538 4290">
    <p class='ocr_par' dir='ltr' id='par_1_85' title="bbox 286 4195 3538 4290">
     <span class='ocr_line' id='line_1_85' title="bbox 286 4195 3538 4290; baseline -0.009 -16"><span class='ocrx_word' id='word_1_666' title='bbox 286 4221 375 4289; x_wconf 85' lang='lat' dir='ltr'><strong>jus</strong></span> <span class='ocrx_word' id='word_1_667' title='bbox 408 4220 623 4290; x_wconf 79' lang='lat' dir='ltr'><strong>quidem</strong></span> <span class='ocrx_word' id='word_1_668' title='bbox 672 4221 863 4273; x_wconf 90' lang='lat' dir='ltr'><strong>domus</strong></span> <span class='ocrx_word' id='word_1_669' title='bbox 902 4234 1000 4272; x_wconf 90' lang='lat' dir='ltr'><strong>nos</strong></span> <span class='ocrx_word' id='word_1_670' title='bbox 1040 4233 1251 4272; x_wconf 87' lang='lat' dir='ltr'><strong>sumus.</strong></span> <span class='ocrx_word' id='word_1_671' title='bbox 1300 4214 1457 4270; x_wconf 79' lang='lat' dir='ltr'><strong>Nulla</strong></span> <span class='ocrx_word' id='word_1_672' title='bbox 1525 4230 1653 4268; x_wconf 86' lang='lat' dir='ltr'><strong>vero</strong></span> <span class='ocrx_word' id='word_1_673' title='bbox 1687 4214 2019 4279; x_wconf 85' lang='lat' dir='ltr'><strong>comparatio</strong></span> <span class='ocrx_word' id='word_1_674' title='bbox 2089 4210 2386 4264; x_wconf 86' lang='lat' dir='ltr'><strong>intercedet</strong></span> <span class='ocrx_word' id='word_1_675' title='bbox 2454 4207 2594 4260; x_wconf 89' lang='lat' dir='ltr'><strong>inter</strong></span> <span class='ocrx_word' id='word_1_676' title='bbox 2640 4218 2726 4258; x_wconf 86' lang='lat' dir='ltr'><strong>res</strong></span> <span class='ocrx_word' id='word_1_677' title='bbox 2766 4202 3009 4257; x_wconf 88' lang='lat' dir='ltr'><strong>conditas</strong></span> <span class='ocrx_word' id='word_1_678' title='bbox 3052 4209 3107 4254; x_wconf 90' lang='lat' dir='ltr'><strong>et</strong></span> <span class='ocrx_word' id='word_1_679' title='bbox 3146 4195 3538 4274; x_wconf 63' lang='lat' dir='ltr'><strong>Conditorem:</strong></span> 
     </span>
    </p>
   </div>
   <div class='ocr_carea' id='block_1_86' title="bbox 296 4296 3018 4379">
    <p class='ocr_par' dir='ltr' id='par_1_86' title="bbox 296 4296 3018 4379">
     <span class='ocr_line' id='line_1_86' title="bbox 296 4296 3018 4379; baseline -0.007 -13"><span class='ocrx_word' id='word_1_680' title='bbox 296 4312 438 4366; x_wconf 86' lang='lat' dir='ltr'><strong>inter</strong></span> <span class='ocrx_word' id='word_1_681' title='bbox 462 4328 584 4367; x_wconf 91' lang='lat' dir='ltr'><strong>cum</strong></span> <span class='ocrx_word' id='word_1_682' title='bbox 620 4328 856 4373; x_wconf 89' lang='lat' dir='ltr'><strong>rursum,</strong></span> <span class='ocrx_word' id='word_1_683' title='bbox 893 4310 983 4379; x_wconf 89' lang='lat' dir='ltr'><strong>qui</strong></span> <span class='ocrx_word' id='word_1_684' title='bbox 1015 4318 1202 4379; x_wconf 88' lang='lat' dir='ltr'><strong>suapte</strong></span> <span class='ocrx_word' id='word_1_685' title='bbox 1242 4321 1432 4363; x_wconf 87' lang='lat' dir='ltr'><strong>natura</strong></span> <span class='ocrx_word' id='word_1_686' title='bbox 1460 4310 1717 4362; x_wconf 84' lang='lat' dir='ltr'><strong>Dominus</strong></span> <span class='ocrx_word' id='word_1_687' title='bbox 1742 4317 1848 4367; x_wconf 82' lang='lat' dir='ltr'><strong>est.</strong></span> <span class='ocrx_word' id='word_1_688' title='bbox 1892 4316 1946 4360; x_wconf 88' lang='lat' dir='ltr'><strong>et</strong></span> <span class='ocrx_word' id='word_1_689' title='bbox 1974 4321 2095 4360; x_wconf 90' lang='lat' dir='ltr'><strong>eum</strong></span> <span class='ocrx_word' id='word_1_690' title='bbox 2131 4304 2222 4372; x_wconf 88' lang='lat' dir='ltr'><strong>qui</strong></span> <span class='ocrx_word' id='word_1_691' title='bbox 2260 4317 2387 4357; x_wconf 83' lang='lat' dir='ltr'><strong>vere</strong></span> <span class='ocrx_word' id='word_1_692' title='bbox 2420 4315 2609 4354; x_wconf 88' lang='lat' dir='ltr'><strong>servus</strong></span> <span class='ocrx_word' id='word_1_693' title='bbox 2668 4308 2723 4351; x_wconf 93' lang='lat' dir='ltr'><strong>et</strong></span> <span class='ocrx_word' id='word_1_694' title='bbox 2748 4296 3018 4352; x_wconf 89' lang='lat' dir='ltr'><strong>subditus.</strong></span> 
     </span>
    </p>
   </div>
   <div class='ocr_carea' id='block_1_87' title="bbox 366 4381 1874 4475">
    <p class='ocr_par' dir='ltr' id='par_1_87' title="bbox 366 4399 1870 4475">
     <span class='ocr_line' id='line_1_87' title="bbox 366 4399 1870 4475; baseline -0.008 -12"><span class='ocrx_word' id='word_1_695' title='bbox 366 4407 492 4463; x_wconf 76' lang='lat' dir='ltr'><strong>KZ&#39;.</strong></span> <span class='ocrx_word' id='word_1_696' title='bbox 540 4426 558 4458; x_wconf 82' lang='grc' dir='ltr'><strong>ι</strong></span> <span class='ocrx_word' id='word_1_697' title='bbox 600 4407 723 4460; x_wconf 88' lang='grc' dir='ltr'>Ὅτι</span> <span class='ocrx_word' id='word_1_698' title='bbox 754 4404 1110 4475; x_wconf 84' lang='grc' dir='ltr'>καταϐέϐηκα</span> <span class='ocrx_word' id='word_1_699' title='bbox 1148 4405 1212 4456; x_wconf 84' lang='grc' dir='ltr'>ὲκ</span> <span class='ocrx_word' id='word_1_700' title='bbox 1242 4401 1337 4455; x_wconf 84' lang='grc' dir='ltr'>τοῦ</span> <span class='ocrx_word' id='word_1_701' title='bbox 1383 4399 1613 4472; x_wconf 77' lang='grc' dir='ltr'>ούρανοῦ</span> <span class='ocrx_word' id='word_1_702' title='bbox 1656 4400 1755 4470; x_wconf 81' lang='grc' dir='ltr'><strong>οὐχ</strong></span> <span class='ocrx_word' id='word_1_703' title='bbox 1785 4400 1870 4451; x_wconf 78' lang='grc' dir='ltr'><strong>ἵνα</strong></span> 
     </span>
    </p>
   </div>
   <div class='ocr_carea' id='block_1_88' title="bbox 1961 4381 3541 4475">
    <p class='ocr_par' dir='ltr' id='par_1_88' title="bbox 2047 4381 3541 4461">
     <span class='ocr_line' id='line_1_88' title="bbox 2047 4381 3541 4461; baseline -0.011 -11"><span class='ocrx_word' id='word_1_704' title='bbox 2047 4395 2256 4450; x_wconf 71' lang='lat' dir='ltr'><strong>XXVII.</strong></span> <span class='ocrx_word' id='word_1_705' title='bbox 2300 4414 2319 4445; x_wconf 74' lang='grc' dir='ltr'><strong>ι</strong></span> <span class='ocrx_word' id='word_1_706' title='bbox 2351 4395 2485 4461; x_wconf 84' lang='lat' dir='ltr'><strong>Quia</strong></span> <span class='ocrx_word' id='word_1_707' title='bbox 2516 4388 2771 4446; x_wconf 84' lang='lat' dir='ltr'><strong>descendi</strong></span> <span class='ocrx_word' id='word_1_708' title='bbox 2822 4388 2887 4441; x_wconf 89' lang='lat' dir='ltr'><strong>de</strong></span> <span class='ocrx_word' id='word_1_709' title='bbox 2932 4387 3094 4448; x_wconf 58' lang='lat' dir='ltr'><strong>coelo,</strong></span> <span class='ocrx_word' id='word_1_710' title='bbox 3127 4398 3229 4436; x_wconf 91' lang='lat' dir='ltr'><strong>non</strong></span> <span class='ocrx_word' id='word_1_711' title='bbox 3264 4392 3321 4434; x_wconf 88' lang='lat' dir='ltr'><strong>ut</strong></span> <span class='ocrx_word' id='word_1_712' title='bbox 3348 4381 3541 4435; x_wconf 76' lang='lat' dir='ltr'><strong>faciam</strong></span> 
     </span>
    </p>
   </div>
   <div class='ocr_carea' id='block_1_89' title="bbox 300 4490 1870 4569">
    <p class='ocr_par' dir='ltr' id='par_1_89' title="bbox 300 4490 1870 4569">
     <span class='ocr_line' id='line_1_89' title="bbox 300 4490 1870 4569; baseline -0.006 -17"><span class='ocrx_word' id='word_1_713' title='bbox 300 4499 439 4553; x_wconf 86' lang='grc' dir='ltr'>ποιῶ</span> <span class='ocrx_word' id='word_1_714' title='bbox 470 4498 530 4551; x_wconf 88' lang='grc' dir='ltr'><strong>τὸ</strong></span> <span class='ocrx_word' id='word_1_715' title='bbox 561 4497 771 4569; x_wconf 83' lang='grc' dir='ltr'>θέλημα</span> <span class='ocrx_word' id='word_1_716' title='bbox 800 4497 860 4550; x_wconf 81' lang='grc' dir='ltr'><strong>τὸ</strong></span> <span class='ocrx_word' id='word_1_717' title='bbox 892 4496 1045 4567; x_wconf 74' lang='grc' dir='ltr'>ἐμὸν,</span> <span class='ocrx_word' id='word_1_718' title='bbox 1084 4494 1220 4548; x_wconf 80' lang='grc' dir='ltr'>ἀλλὰ</span> <span class='ocrx_word' id='word_1_719' title='bbox 1259 4494 1320 4547; x_wconf 85' lang='grc' dir='ltr'><strong>τὸ</strong></span> <span class='ocrx_word' id='word_1_720' title='bbox 1365 4492 1574 4561; x_wconf 86' lang='grc' dir='ltr'>θέλημα</span> <span class='ocrx_word' id='word_1_721' title='bbox 1602 4490 1694 4543; x_wconf 80' lang='grc' dir='ltr'>τοῦ</span> <span class='ocrx_word' id='word_1_722' title='bbox 1730 4490 1870 4560; x_wconf 85' lang='grc' dir='ltr'>πέμ-</span> 
     </span>
    </p>
   </div>
   <div class='ocr_carea' id='block_1_90' title="bbox 297 4582 1869 4660">
    <p class='ocr_par' dir='ltr' id='par_1_90' title="bbox 297 4582 1869 4660">
     <span class='ocr_line' id='line_1_90' title="bbox 297 4582 1869 4660; baseline -0.006 -16"><span class='ocrx_word' id='word_1_723' title='bbox 297 4590 497 4660; x_wconf 79' lang='grc' dir='ltr'>ψαντός</span> <span class='ocrx_word' id='word_1_724' title='bbox 524 4607 612 4659; x_wconf 87' lang='grc' dir='ltr'><strong>με.</strong></span> <span class='ocrx_word' id='word_1_725' title='bbox 643 4588 812 4643; x_wconf 82' lang='grc' dir='ltr'>Τοῦτο</span> <span class='ocrx_word' id='word_1_726' title='bbox 856 4588 900 4641; x_wconf 76' lang='grc' dir='ltr'><strong>δ’</strong></span> <span class='ocrx_word' id='word_1_727' title='bbox 940 4587 1058 4640; x_wconf 73' lang='grc' dir='ltr'>ἐστὶ</span> <span class='ocrx_word' id='word_1_728' title='bbox 1097 4586 1158 4639; x_wconf 86' lang='grc' dir='ltr'><strong>τὸ</strong></span> <span class='ocrx_word' id='word_1_729' title='bbox 1187 4585 1398 4654; x_wconf 85' lang='grc' dir='ltr'>θέλημα</span> <span class='ocrx_word' id='word_1_730' title='bbox 1425 4582 1519 4636; x_wconf 81' lang='grc' dir='ltr'>τοῦ</span> <span class='ocrx_word' id='word_1_731' title='bbox 1555 4582 1869 4653; x_wconf 75' lang='grc' dir='ltr'>πέμψαντός</span> 
     </span>
    </p>
   </div>
   <div class='ocr_carea' id='block_1_91' title="bbox 302 4670 1868 4751">
    <p class='ocr_par' dir='ltr' id='par_1_91' title="bbox 302 4670 1868 4751">
     <span class='ocr_line' id='line_1_91' title="bbox 302 4670 1868 4751; baseline -0.006 -19"><span class='ocrx_word' id='word_1_732' title='bbox 302 4698 392 4751; x_wconf 84' lang='grc' dir='ltr'><strong>με,</strong></span> <span class='ocrx_word' id='word_1_733' title='bbox 433 4680 519 4732; x_wconf 81' lang='grc' dir='ltr'>ἴνα</span> <span class='ocrx_word' id='word_1_734' title='bbox 554 4681 661 4733; x_wconf 84' lang='grc' dir='ltr'><strong>πᾶν</strong></span> <span class='ocrx_word' id='word_1_735' title='bbox 698 4678 727 4731; x_wconf 84' lang='lat'><strong>6</strong></span> <span class='ocrx_word' id='word_1_736' title='bbox 772 4676 972 4732; x_wconf 82' lang='grc' dir='ltr'>δέδωκέ</span> <span class='ocrx_word' id='word_1_737' title='bbox 1014 4693 1125 4747; x_wconf 93' lang='grc' dir='ltr'>μοι,</span> <span class='ocrx_word' id='word_1_738' title='bbox 1172 4675 1244 4745; x_wconf 83' lang='grc' dir='ltr'>μὴ</span> <span class='ocrx_word' id='word_1_739' title='bbox 1287 4673 1537 4727; x_wconf 86' lang='grc' dir='ltr'>ἀπολέσω</span> <span class='ocrx_word' id='word_1_740' title='bbox 1579 4672 1637 4738; x_wconf 83' lang='grc' dir='ltr'>ἐξ</span> <span class='ocrx_word' id='word_1_741' title='bbox 1684 4670 1868 4735; x_wconf 80' lang='grc' dir='ltr'>αὐτοῦ,</span> 
     </span>
    </p>
   </div>
   <div class='ocr_carea' id='block_1_92' title="bbox 300 4764 1873 4841">
    <p class='ocr_par' dir='ltr' id='par_1_92' title="bbox 300 4764 1873 4841">
     <span class='ocr_line' id='line_1_92' title="bbox 300 4764 1873 4841; baseline -0.009 -14"><span class='ocrx_word' id='word_1_742' title='bbox 300 4774 438 4828; x_wconf 85' lang='grc' dir='ltr'><strong>ἀλλά</strong></span> <span class='ocrx_word' id='word_1_743' title='bbox 469 4771 762 4841; x_wconf 75' lang='grc' dir='ltr'>ἀναστήσω</span> <span class='ocrx_word' id='word_1_744' title='bbox 801 4768 932 4822; x_wconf 81' lang='grc' dir='ltr'>αὐτὸ</span> <span class='ocrx_word' id='word_1_745' title='bbox 958 4770 1015 4820; x_wconf 83' lang='grc' dir='ltr'>ὲν</span> <span class='ocrx_word' id='word_1_746' title='bbox 1044 4771 1109 4837; x_wconf 79' lang='grc' dir='ltr'>τῇ</span> <span class='ocrx_word' id='word_1_747' title='bbox 1138 4765 1340 4836; x_wconf 79' lang='grc' dir='ltr'>ἐσχάτῃ</span> <span class='ocrx_word' id='word_1_748' title='bbox 1377 4764 1579 4834; x_wconf 75' lang='grc' dir='ltr'>ἡμέρᾳ.</span> <span class='ocrx_word' id='word_1_749' title='bbox 1623 4782 1641 4815; x_wconf 77' lang='grc' dir='ltr'><strong>ι</strong></span> <span class='ocrx_word' id='word_1_750' title='bbox 1688 4764 1873 4815; x_wconf 83' lang='grc' dir='ltr'>Κατα-</span> 
     </span>
    </p>
   </div>
   <div class='ocr_carea' id='block_1_93' title="bbox 302 4853 1874 4933">
    <p class='ocr_par' dir='ltr' id='par_1_93' title="bbox 302 4853 1874 4933">
     <span class='ocr_line' id='line_1_93' title="bbox 302 4853 1874 4933; baseline -0.008 -16"><span class='ocrx_word' id='word_1_751' title='bbox 302 4863 464 4933; x_wconf 83' lang='grc' dir='ltr'>ϐἦναί</span> <span class='ocrx_word' id='word_1_752' title='bbox 501 4879 667 4932; x_wconf 81' lang='grc' dir='ltr'>φησιν</span> <span class='ocrx_word' id='word_1_753' title='bbox 692 4862 882 4914; x_wconf 78' lang='grc' dir='ltr'>ἑαυτὸν</span> <span class='ocrx_word' id='word_1_754' title='bbox 917 4860 976 4924; x_wconf 76' lang='grc' dir='ltr'><strong>ἐξ</strong></span> <span class='ocrx_word' id='word_1_755' title='bbox 998 4858 1248 4930; x_wconf 78' lang='grc' dir='ltr'>οὐρανοῦ,</span> <span class='ocrx_word' id='word_1_756' title='bbox 1277 4855 1615 4909; x_wconf 82' lang='grc' dir='ltr'>ἀπεστάλθαι</span> <span class='ocrx_word' id='word_1_757' title='bbox 1635 4871 1694 4906; x_wconf 89' lang='grc' dir='ltr'><strong>τε</strong></span> <span class='ocrx_word' id='word_1_758' title='bbox 1724 4853 1874 4924; x_wconf 86' lang='grc' dir='ltr'><strong>παρά</strong></span> 
     </span>
    </p>
   </div>
   <div class='ocr_carea' id='block_1_94' title="bbox 300 4945 1874 5021">
    <p class='ocr_par' dir='ltr' id='par_1_94' title="bbox 300 4945 1874 5021">
     <span class='ocr_line' id='line_1_94' title="bbox 300 4945 1874 5021; baseline -0.007 -13"><span class='ocrx_word' id='word_1_759' title='bbox 300 4955 397 5008; x_wconf 81' lang='grc' dir='ltr'>τοῦ</span> <span class='ocrx_word' id='word_1_760' title='bbox 445 4952 580 5007; x_wconf 78' lang='grc' dir='ltr'>Θεοῦ</span> <span class='ocrx_word' id='word_1_761' title='bbox 627 4953 722 5007; x_wconf 53' lang='grc' dir='ltr'><strong>καὶ⁸</strong></span> <span class='ocrx_word' id='word_1_762' title='bbox 761 4950 993 5021; x_wconf 77' lang='grc' dir='ltr'>Πατρὸς,</span> <span class='ocrx_word' id='word_1_763' title='bbox 1048 4950 1224 5003; x_wconf 88' lang='grc' dir='ltr'>καίτοι</span> <span class='ocrx_word' id='word_1_764' title='bbox 1269 4950 1338 5002; x_wconf 74' lang='grc' dir='ltr'>τὰ</span> <span class='ocrx_word' id='word_1_765' title='bbox 1386 4949 1562 5001; x_wconf 82' lang='grc' dir='ltr'>πάντα</span> <span class='ocrx_word' id='word_1_766' title='bbox 1617 4945 1874 5015; x_wconf 73' lang='grc' dir='ltr'>πληρῶνο</span> 
     </span>
    </p>
   </div>
   <div class='ocr_carea' id='block_1_95' title="bbox 304 5037 1880 5112">
    <p class='ocr_par' dir='ltr' id='par_1_95' title="bbox 304 5037 1880 5112">
     <span class='ocr_line' id='line_1_95' title="bbox 304 5037 1880 5112; baseline -0.004 -16"><span class='ocrx_word' id='word_1_767' title='bbox 304 5047 501 5109; x_wconf 77' lang='grc' dir='ltr'>ἐκεῖνο,</span> <span class='ocrx_word' id='word_1_768' title='bbox 541 5037 732 5112; x_wconf 74' lang='grc' dir='ltr'>οἶμαι,</span> <span class='ocrx_word' id='word_1_769' title='bbox 791 5039 1180 5103; x_wconf 81' lang='grc' dir='ltr'>καταδεικνὺς,</span> <span class='ocrx_word' id='word_1_770' title='bbox 1228 5039 1321 5091; x_wconf 62' lang='grc' dir='ltr'><strong>καὶ⁵</strong></span> <span class='ocrx_word' id='word_1_771' title='bbox 1363 5037 1623 5098; x_wconf 78' lang='grc' dir='ltr'>καθιστὰς</span> <span class='ocrx_word' id='word_1_772' title='bbox 1676 5038 1880 5090; x_wconf 75' lang='grc' dir='ltr'>ἅπασιν</span> 
     </span>
    </p>
   </div>
   <div class='ocr_carea' id='block_1_96' title="bbox 305 5118 1879 5205">
    <p class='ocr_par' dir='ltr' id='par_1_96' title="bbox 305 5118 1879 5205">
     <span class='ocr_line' id='line_1_96' title="bbox 305 5118 1879 5205; baseline -0.005 -18"><span class='ocrx_word' id='word_1_773' title='bbox 305 5135 554 5205; x_wconf 72' lang='grc' dir='ltr'>ἐναργὲς,</span> <span class='ocrx_word' id='word_1_774' title='bbox 592 5137 673 5187; x_wconf 82' lang='grc' dir='ltr'>ὃτι</span> <span class='ocrx_word' id='word_1_775' title='bbox 712 5132 846 5195; x_wconf 83' lang='grc' dir='ltr'>Θεὸς</span> <span class='ocrx_word' id='word_1_776' title='bbox 881 5131 956 5185; x_wconf 81' lang='grc' dir='ltr'><strong>ὢν</strong></span> <span class='ocrx_word' id='word_1_777' title='bbox 991 5135 1018 5184; x_wconf 91' lang='lat'><strong>6</strong></span> <span class='ocrx_word' id='word_1_778' title='bbox 1048 5131 1239 5197; x_wconf 84' lang='grc' dir='ltr'>Λόγος,</span> <span class='ocrx_word' id='word_1_779' title='bbox 1281 5118 1753 5204; x_wconf 64' lang='grc' dir='ltr'>καταπεφοίξτικεν</span> <span class='ocrx_word' id='word_1_780' title='bbox 1799 5127 1879 5179; x_wconf 74' lang='lat' dir='ltr'><strong>oi-</strong></span> 
     </span>
    </p>
   </div>
   <div class='ocr_carea' id='block_1_97' title="bbox 308 5216 1878 5296">
    <p class='ocr_par' dir='ltr' id='par_1_97' title="bbox 308 5216 1878 5296">
     <span class='ocr_line' id='line_1_97' title="bbox 308 5216 1878 5296; baseline -0.009 -16"><span class='ocrx_word' id='word_1_781' title='bbox 308 5223 620 5296; x_wconf 82' lang='grc' dir='ltr'>κονομικῶς</span> <span class='ocrx_word' id='word_1_782' title='bbox 657 5228 737 5287; x_wconf 85' lang='grc' dir='ltr'>εἰς</span> <span class='ocrx_word' id='word_1_783' title='bbox 762 5222 1161 5291; x_wconf 78' lang='grc' dir='ltr'>ἀνθρωπότητα</span> <span class='ocrx_word' id='word_1_784' title='bbox 1182 5220 1249 5273; x_wconf 80' lang='grc' dir='ltr'><strong>δι’</strong></span> <span class='ocrx_word' id='word_1_785' title='bbox 1274 5221 1438 5291; x_wconf 77' lang='grc' dir='ltr'>ἡμᾶς.</span> <span class='ocrx_word' id='word_1_786' title='bbox 1470 5220 1580 5272; x_wconf 78' lang='grc' dir='ltr'>Καὶ</span> <span class='ocrx_word' id='word_1_787' title='bbox 1609 5216 1668 5270; x_wconf 82' lang='grc' dir='ltr'><strong>ού</strong></span> <span class='ocrx_word' id='word_1_788' title='bbox 1696 5216 1747 5268; x_wconf 87' lang='grc' dir='ltr'><strong>τί</strong></span> <span class='ocrx_word' id='word_1_789' title='bbox 1777 5233 1878 5267; x_wconf 86' lang='grc' dir='ltr'><strong>που</strong></span> 
     </span>
    </p>
   </div>
   <div class='ocr_carea' id='block_1_98' title="bbox 309 5305 1882 5385">
    <p class='ocr_par' dir='ltr' id='par_1_98' title="bbox 309 5305 1882 5385">
     <span class='ocr_line' id='line_1_98' title="bbox 309 5305 1882 5385; baseline -0.01 -13"><span class='ocrx_word' id='word_1_790' title='bbox 309 5319 501 5383; x_wconf 77' lang='grc' dir='ltr'>μεθεὶς</span> <span class='ocrx_word' id='word_1_791' title='bbox 547 5318 613 5370; x_wconf 87' lang='grc' dir='ltr'><strong>τὸ</strong></span> <span class='ocrx_word' id='word_1_792' title='bbox 646 5312 786 5369; x_wconf 79' lang='grc' dir='ltr'>εἶναι</span> <span class='ocrx_word' id='word_1_793' title='bbox 821 5315 981 5385; x_wconf 79' lang='grc' dir='ltr'>φύσει</span> <span class='ocrx_word' id='word_1_794' title='bbox 1014 5313 1166 5379; x_wconf 78' lang='grc' dir='ltr'>Θεὸς,</span> <span class='ocrx_word' id='word_1_795' title='bbox 1216 5309 1539 5383; x_wconf 85' lang='grc' dir='ltr'>προσλαϐὼν</span> <span class='ocrx_word' id='word_1_796' title='bbox 1572 5308 1628 5361; x_wconf 79' lang='grc' dir='ltr'><strong>δὲ</strong></span> <span class='ocrx_word' id='word_1_797' title='bbox 1684 5305 1882 5376; x_wconf 78' lang='grc' dir='ltr'>μᾶλλον</span> 
     </span>
    </p>
   </div>
   <div class='ocr_carea' id='block_1_99' title="bbox 380 5461 1583 5537">
    <p class='ocr_par' dir='ltr' id='par_1_99' title="bbox 380 5461 1583 5537">
     <span class='ocr_line' id='line_1_99' title="bbox 380 5461 1583 5537; baseline -0.009 -11"><span class='ocrx_word' id='word_1_798' title='bbox 380 5472 427 5506; x_wconf 72' lang='grc' dir='ltr'><strong>⁵ο</strong></span> <span class='ocrx_word' id='word_1_799' title='bbox 459 5470 646 5525; x_wconf 81' lang='lat' dir='ltr'><strong>Matth.</strong></span> <span class='ocrx_word' id='word_1_800' title='bbox 680 5487 768 5537; x_wconf 72' lang='lat' dir='ltr'><strong>xx,</strong></span> <span class='ocrx_word' id='word_1_801' title='bbox 797 5468 884 5523; x_wconf 75' lang='lat'><strong>‘28.</strong></span> <span class='ocrx_word' id='word_1_802' title='bbox 963 5466 1001 5499; x_wconf 66' lang='grc' dir='ltr'><strong>δ’</strong></span> <span class='ocrx_word' id='word_1_803' title='bbox 1046 5466 1200 5522; x_wconf 80' lang='lat' dir='ltr'><strong>Jonu.</strong></span> <span class='ocrx_word' id='word_1_804' title='bbox 1250 5481 1323 5529; x_wconf 73' lang='lat' dir='ltr'><strong>vr,</strong></span> <span class='ocrx_word' id='word_1_805' title='bbox 1361 5464 1451 5526; x_wconf 80' lang='grc'><strong>58,</strong></span> <span class='ocrx_word' id='word_1_806' title='bbox 1495 5461 1583 5516; x_wconf 79' lang='lat'><strong>59.</strong></span> 
     </span>
    </p>
   </div>
   <div class='ocr_carea' id='block_1_100' title="bbox 1976 4472 3645 4544">
    <p class='ocr_par' dir='ltr' id='par_1_100' title="bbox 1976 4472 3645 4544">
     <span class='ocr_line' id='line_1_100' title="bbox 1976 4472 3645 4544; baseline -0.008 -3"><span class='ocrx_word' id='word_1_807' title='bbox 1976 4488 2305 4543; x_wconf 86' lang='lat' dir='ltr'><strong>voluntatem</strong></span> <span class='ocrx_word' id='word_1_808' title='bbox 2349 4500 2545 4544; x_wconf 87' lang='lat' dir='ltr'><strong>meam,</strong></span> <span class='ocrx_word' id='word_1_809' title='bbox 2593 4484 2686 4537; x_wconf 90' lang='lat' dir='ltr'><strong>sed</strong></span> <span class='ocrx_word' id='word_1_810' title='bbox 2740 4479 3073 4532; x_wconf 84' lang='lat' dir='ltr'><strong>voluntatem</strong></span> <span class='ocrx_word' id='word_1_811' title='bbox 3118 4474 3234 4544; x_wconf 84' lang='lat' dir='ltr'><strong>ejus</strong></span> <span class='ocrx_word' id='word_1_812' title='bbox 3276 4474 3365 4542; x_wconf 88' lang='lat' dir='ltr'><strong>qui</strong></span> <span class='ocrx_word' id='word_1_813' title='bbox 3398 4472 3545 4527; x_wconf 90' lang='lat' dir='ltr'><strong>tnisit</strong></span> <span class='ocrx_word' id='word_1_814' title='bbox 3642 4524 3645 4527; x_wconf 72' lang='grc'><strong>,</strong></span> 
     </span>
    </p>
   </div>
   <div class='ocr_carea' id='block_1_101' title="bbox 1976 4564 3545 4637">
    <p class='ocr_par' dir='ltr' id='par_1_101' title="bbox 1976 4564 3545 4637">
     <span class='ocr_line' id='line_1_101' title="bbox 1976 4564 3545 4637; baseline -0.011 -4"><span class='ocrx_word' id='word_1_815' title='bbox 1976 4596 2084 4633; x_wconf 87' lang='lat' dir='ltr'><strong>tne.</strong></span> <span class='ocrx_word' id='word_1_816' title='bbox 2118 4577 2240 4632; x_wconf 66' lang='lat' dir='ltr'><strong>llacc</strong></span> <span class='ocrx_word' id='word_1_817' title='bbox 2269 4586 2351 4631; x_wconf 91' lang='lat' dir='ltr'><strong>est</strong></span> <span class='ocrx_word' id='word_1_818' title='bbox 2380 4586 2561 4629; x_wconf 88' lang='lat' dir='ltr'><strong>autem</strong></span> <span class='ocrx_word' id='word_1_819' title='bbox 2605 4572 2855 4626; x_wconf 87' lang='lat' dir='ltr'><strong>voluntas</strong></span> <span class='ocrx_word' id='word_1_820' title='bbox 2885 4569 3001 4637; x_wconf 85' lang='lat' dir='ltr'><strong>ejus</strong></span> <span class='ocrx_word' id='word_1_821' title='bbox 3032 4567 3121 4637; x_wconf 91' lang='lat' dir='ltr'><strong>qui</strong></span> <span class='ocrx_word' id='word_1_822' title='bbox 3153 4567 3306 4619; x_wconf 86' lang='lat' dir='ltr'><strong>misit</strong></span> <span class='ocrx_word' id='word_1_823' title='bbox 3335 4580 3420 4618; x_wconf 89' lang='lat' dir='ltr'><strong>me</strong></span> <span class='ocrx_word' id='word_1_824' title='bbox 3443 4564 3545 4617; x_wconf 85' lang='lat' dir='ltr'><strong>Pa-</strong></span> 
     </span>
    </p>
   </div>
   <div class='ocr_carea' id='block_1_102' title="bbox 1980 4658 3545 4735">
    <p class='ocr_par' dir='ltr' id='par_1_102' title="bbox 1980 4658 3545 4735">
     <span class='ocr_line' id='line_1_102' title="bbox 1980 4658 3545 4735; baseline -0.01 -11"><span class='ocrx_word' id='word_1_825' title='bbox 1980 4671 2097 4734; x_wconf 89' lang='lat' dir='ltr'><strong>tris,</strong></span> <span class='ocrx_word' id='word_1_826' title='bbox 2139 4680 2199 4723; x_wconf 83' lang='lat' dir='ltr'><strong>ut</strong></span> <span class='ocrx_word' id='word_1_827' title='bbox 2233 4685 2392 4723; x_wconf 80' lang='lat' dir='ltr'><strong>ttllltle</strong></span> <span class='ocrx_word' id='word_1_828' title='bbox 2431 4666 2573 4735; x_wconf 89' lang='lat' dir='ltr'><strong>quod</strong></span> <span class='ocrx_word' id='word_1_829' title='bbox 2606 4664 2751 4720; x_wconf 91' lang='lat' dir='ltr'><strong>dedit</strong></span> <span class='ocrx_word' id='word_1_830' title='bbox 2782 4663 2936 4726; x_wconf 89' lang='lat' dir='ltr'><strong>tnihi,</strong></span> <span class='ocrx_word' id='word_1_831' title='bbox 2970 4677 3072 4714; x_wconf 91' lang='lat' dir='ltr'><strong>non</strong></span> <span class='ocrx_word' id='word_1_832' title='bbox 3110 4658 3330 4725; x_wconf 88' lang='lat' dir='ltr'><strong>perdam</strong></span> <span class='ocrx_word' id='word_1_833' title='bbox 3362 4672 3427 4709; x_wconf 84' lang='lat' dir='ltr'><strong>ex</strong></span> <span class='ocrx_word' id='word_1_834' title='bbox 3456 4670 3545 4719; x_wconf 84' lang='lat' dir='ltr'><strong>eo,</strong></span> 
     </span>
    </p>
   </div>
   <div class='ocr_carea' id='block_1_103' title="bbox 1978 4748 3546 4817">
    <p class='ocr_par' dir='ltr' id='par_1_103' title="bbox 1978 4748 3546 4817">
     <span class='ocr_line' id='line_1_103' title="bbox 1978 4748 3546 4817; baseline -0.01 0"><span class='ocrx_word' id='word_1_835' title='bbox 1978 4763 2069 4817; x_wconf 87' lang='lat' dir='ltr'><strong>sed</strong></span> <span class='ocrx_word' id='word_1_836' title='bbox 2095 4762 2409 4817; x_wconf 85' lang='lat' dir='ltr'><strong>resuscitem</strong></span> <span class='ocrx_word' id='word_1_837' title='bbox 2453 4760 2580 4815; x_wconf 91' lang='lat' dir='ltr'><strong>illud</strong></span> <span class='ocrx_word' id='word_1_838' title='bbox 2625 4758 2677 4811; x_wconf 90' lang='lat' dir='ltr'><strong>in</strong></span> <span class='ocrx_word' id='word_1_839' title='bbox 2720 4754 3012 4809; x_wconf 87' lang='lat' dir='ltr'><strong>novissimo</strong></span> <span class='ocrx_word' id='word_1_840' title='bbox 3046 4751 3133 4804; x_wconf 88' lang='lat' dir='ltr'><strong>die</strong></span> <span class='ocrx_word' id='word_1_841' title='bbox 3156 4749 3225 4803; x_wconf 64' lang='grc' dir='ltr'><strong>δι.</strong></span> <span class='ocrx_word' id='word_1_842' title='bbox 3259 4767 3277 4801; x_wconf 74' lang='grc' dir='ltr'><strong>ι</strong></span> <span class='ocrx_word' id='word_1_843' title='bbox 3318 4748 3546 4802; x_wconf 72' lang='lat' dir='ltr'><strong>Cwlitus</strong></span> 
     </span>
    </p>
   </div>
   <div class='ocr_carea' id='block_1_104' title="bbox 1980 4841 3547 4920">
    <p class='ocr_par' dir='ltr' id='par_1_104' title="bbox 1980 4841 3547 4920">
     <span class='ocr_line' id='line_1_104' title="bbox 1980 4841 3547 4920; baseline -0.01 -13"><span class='ocrx_word' id='word_1_844' title='bbox 1980 4869 2038 4907; x_wconf 87' lang='lat' dir='ltr'><strong>se</strong></span> <span class='ocrx_word' id='word_1_845' title='bbox 2063 4854 2429 4917; x_wconf 84' lang='lat' dir='ltr'><strong>descendisse,</strong></span> <span class='ocrx_word' id='word_1_846' title='bbox 2468 4861 2629 4920; x_wconf 87' lang='lat' dir='ltr'><strong>atque</strong></span> <span class='ocrx_word' id='word_1_847' title='bbox 2670 4865 2699 4901; x_wconf 70' lang='grc' dir='ltr'><strong>τι</strong></span> <span class='ocrx_word' id='word_1_848' title='bbox 2736 4848 2843 4900; x_wconf 90' lang='lat' dir='ltr'><strong>Deo</strong></span> <span class='ocrx_word' id='word_1_849' title='bbox 2883 4845 3045 4899; x_wconf 86' lang='lat' dir='ltr'><strong>l&#39;atre</strong></span> <span class='ocrx_word' id='word_1_850' title='bbox 3068 4857 3126 4895; x_wconf 87' lang='lat' dir='ltr'><strong>se</strong></span> <span class='ocrx_word' id='word_1_851' title='bbox 3151 4841 3372 4893; x_wconf 86' lang='lat' dir='ltr'><strong>missum</strong></span> <span class='ocrx_word' id='word_1_852' title='bbox 3398 4854 3547 4893; x_wconf 85' lang='lat' dir='ltr'><strong>asse-</strong></span> 
     </span>
    </p>
   </div>
   <div class='ocr_carea' id='block_1_105' title="bbox 1981 4929 3551 5009">
    <p class='ocr_par' dir='ltr' id='par_1_105' title="bbox 1981 4929 3551 5009">
     <span class='ocr_line' id='line_1_105' title="bbox 1981 4929 3551 5009; baseline -0.013 -8"><span class='ocrx_word' id='word_1_853' title='bbox 1981 4947 2075 5009; x_wconf 90' lang='lat' dir='ltr'><strong>rit,</strong></span> <span class='ocrx_word' id='word_1_854' title='bbox 2120 4944 2283 4999; x_wconf 88' lang='lat' dir='ltr'><strong>eliam</strong></span> <span class='ocrx_word' id='word_1_855' title='bbox 2328 4943 2375 4997; x_wconf 85' lang='lat' dir='ltr'><strong>si</strong></span> <span class='ocrx_word' id='word_1_856' title='bbox 2429 4940 2653 5009; x_wconf 84' lang='lat' dir='ltr'><strong>impleat</strong></span> <span class='ocrx_word' id='word_1_857' title='bbox 2692 4935 2872 4990; x_wconf 86' lang='lat' dir='ltr'><strong>onmia</strong></span> <span class='ocrx_word' id='word_1_858' title='bbox 2918 4951 2929 4985; x_wconf 93' lang='lat'><strong>:</strong></span> <span class='ocrx_word' id='word_1_859' title='bbox 2993 4932 3125 4986; x_wconf 86' lang='lat' dir='ltr'><strong>illud</strong></span> <span class='ocrx_word' id='word_1_860' title='bbox 3170 4929 3422 4984; x_wconf 89' lang='lat' dir='ltr'><strong>omnibus</strong></span> <span class='ocrx_word' id='word_1_861' title='bbox 3449 4967 3464 4992; x_wconf 91' lang='lat'><strong>,</strong></span> <span class='ocrx_word' id='word_1_862' title='bbox 3493 4938 3551 4981; x_wconf 95' lang='lat' dir='ltr'><strong>ut</strong></span> 
     </span>
    </p>
   </div>
   <div class='ocr_carea' id='block_1_106' title="bbox 1984 5022 3552 5108">
    <p class='ocr_par' dir='ltr' id='par_1_106' title="bbox 1984 5022 3552 5108">
     <span class='ocr_line' id='line_1_106' title="bbox 1984 5022 3552 5108; baseline -0.011 -18"><span class='ocrx_word' id='word_1_863' title='bbox 1984 5044 2137 5108; x_wconf 90' lang='lat' dir='ltr'><strong>puto,</strong></span> <span class='ocrx_word' id='word_1_864' title='bbox 2180 5035 2578 5094; x_wconf 69' lang='lat' dir='ltr'><strong>(lennonstrare,</strong></span> <span class='ocrx_word' id='word_1_865' title='bbox 2618 5029 2945 5100; x_wconf 86' lang='lat' dir='ltr'><strong>planumque</strong></span> <span class='ocrx_word' id='word_1_866' title='bbox 2976 5024 3154 5078; x_wconf 80' lang='lat' dir='ltr'><strong>facere</strong></span> <span class='ocrx_word' id='word_1_867' title='bbox 3179 5022 3383 5084; x_wconf 88' lang='lat' dir='ltr'><strong>volens,</strong></span> <span class='ocrx_word' id='word_1_868' title='bbox 3409 5022 3552 5088; x_wconf 90' lang='lat' dir='ltr'><strong>quod</strong></span> 
     </span>
    </p>
   </div>
   <div class='ocr_carea' id='block_1_107' title="bbox 1984 5111 3549 5185">
    <p class='ocr_par' dir='ltr' id='par_1_107' title="bbox 1984 5111 3549 5185">
     <span class='ocr_line' id='line_1_107' title="bbox 1984 5111 3549 5185; baseline -0.012 -4"><span class='ocrx_word' id='word_1_869' title='bbox 1984 5143 2106 5181; x_wconf 89' lang='lat' dir='ltr'><strong>cum</strong></span> <span class='ocrx_word' id='word_1_870' title='bbox 2144 5125 2371 5180; x_wconf 85' lang='lat' dir='ltr'><strong>Verbum</strong></span> <span class='ocrx_word' id='word_1_871' title='bbox 2430 5133 2575 5177; x_wconf 82' lang='lat' dir='ltr'><strong>esset</strong></span> <span class='ocrx_word' id='word_1_872' title='bbox 2622 5121 2784 5185; x_wconf 85' lang='lat' dir='ltr'><strong>Dens,</strong></span> <span class='ocrx_word' id='word_1_873' title='bbox 2829 5114 3224 5184; x_wconf 88' lang='lat' dir='ltr'><strong>dispensatoria</strong></span> <span class='ocrx_word' id='word_1_874' title='bbox 3259 5114 3469 5167; x_wconf 88' lang='lat' dir='ltr'><strong>ratione</strong></span> <span class='ocrx_word' id='word_1_875' title='bbox 3496 5111 3549 5164; x_wconf 87' lang='lat' dir='ltr'><strong>in</strong></span> 
     </span>
    </p>
   </div>
   <div class='ocr_carea' id='block_1_108' title="bbox 1990 5198 3550 5278">
    <p class='ocr_par' dir='ltr' id='par_1_108' title="bbox 1990 5198 3550 5278">
     <span class='ocr_line' id='line_1_108' title="bbox 1990 5198 3550 5278; baseline -0.012 -7"><span class='ocrx_word' id='word_1_876' title='bbox 1990 5218 2280 5271; x_wconf 88' lang='lat' dir='ltr'><strong>humanam</strong></span> <span class='ocrx_word' id='word_1_877' title='bbox 2338 5222 2582 5266; x_wconf 84' lang='lat' dir='ltr'><strong>naturam</strong></span> <span class='ocrx_word' id='word_1_878' title='bbox 2639 5218 2858 5278; x_wconf 82' lang='lat' dir='ltr'><strong>praptcr</strong></span> <span class='ocrx_word' id='word_1_879' title='bbox 2913 5222 3010 5260; x_wconf 90' lang='lat' dir='ltr'><strong>nos</strong></span> <span class='ocrx_word' id='word_1_880' title='bbox 3046 5221 3104 5259; x_wconf 91' lang='lat' dir='ltr'><strong>se</strong></span> <span class='ocrx_word' id='word_1_881' title='bbox 3147 5203 3381 5258; x_wconf 86' lang='lat' dir='ltr'><strong>demisit.</strong></span> <span class='ocrx_word' id='word_1_882' title='bbox 3431 5198 3550 5254; x_wconf 83' lang='lat' dir='ltr'><strong>Non</strong></span> 
     </span>
    </p>
   </div>
   <div class='ocr_carea' id='block_1_109' title="bbox 1987 5288 3554 5372">
    <p class='ocr_par' dir='ltr' id='par_1_109' title="bbox 1987 5288 3554 5372">
     <span class='ocr_line' id='line_1_109' title="bbox 1987 5288 3554 5372; baseline -0.008 -17"><span class='ocrx_word' id='word_1_883' title='bbox 1987 5303 2128 5372; x_wconf 85' lang='lat' dir='ltr'><strong>quod</strong></span> <span class='ocrx_word' id='word_1_884' title='bbox 2161 5316 2254 5371; x_wconf 87' lang='lat' dir='ltr'><strong>per</strong></span> <span class='ocrx_word' id='word_1_885' title='bbox 2276 5300 2377 5353; x_wconf 90' lang='lat' dir='ltr'><strong>hoc</strong></span> <span class='ocrx_word' id='word_1_886' title='bbox 2408 5299 2548 5353; x_wconf 85' lang='lat' dir='ltr'><strong>Dcus</strong></span> <span class='ocrx_word' id='word_1_887' title='bbox 2582 5307 2770 5351; x_wconf 88' lang='lat' dir='ltr'><strong>natura</strong></span> <span class='ocrx_word' id='word_1_888' title='bbox 2804 5310 2924 5351; x_wconf 79' lang='lat' dir='ltr'><strong>esse</strong></span> <span class='ocrx_word' id='word_1_889' title='bbox 2952 5294 3257 5361; x_wconf 82' lang='lat' dir='ltr'><strong>desisteret,</strong></span> <span class='ocrx_word' id='word_1_890' title='bbox 3288 5290 3381 5346; x_wconf 89' lang='lat' dir='ltr'><strong>sed</strong></span> <span class='ocrx_word' id='word_1_891' title='bbox 3409 5288 3554 5361; x_wconf 90' lang='lat' dir='ltr'><strong>quod</strong></span> 
     </span>
    </p>
   </div>
   <div class='ocr_carea' id='block_1_110' title="bbox 1399 5608 2468 5680">
    <p class='ocr_par' dir='ltr' id='par_1_110' title="bbox 1399 5608 2468 5680">
     <span class='ocr_line' id='line_1_110' title="bbox 1399 5608 2468 5680; baseline -0.009 -9"><span class='ocrx_word' id='word_1_892' title='bbox 1399 5615 1573 5671; x_wconf 69' lang='lat' dir='ltr'><strong>Varia:</strong></span> <span class='ocrx_word' id='word_1_893' title='bbox 1600 5614 1855 5670; x_wconf 72' lang='lat' dir='ltr'><strong>lectiones</strong></span> <span class='ocrx_word' id='word_1_894' title='bbox 1881 5610 2083 5669; x_wconf 87' lang='lat' dir='ltr'><strong>codicis</strong></span> <span class='ocrx_word' id='word_1_895' title='bbox 2113 5608 2468 5680; x_wconf 75' lang='lat' dir='ltr'><strong>Seguieriaui.</strong></span> 
     </span>
    </p>
   </div>
   <div class='ocr_carea' id='block_1_111' title="bbox 370 5762 745 5820">
    <p class='ocr_par' dir='ltr' id='par_1_111' title="bbox 370 5762 745 5820">
     <span class='ocr_line' id='line_1_111' title="bbox 370 5762 745 5820; baseline -0.016 1"><span class='ocrx_word' id='word_1_896' title='bbox 370 5772 396 5807; x_wconf 77' lang='grc' dir='ltr'><strong>ο</strong></span> <span class='ocrx_word' id='word_1_897' title='bbox 425 5762 513 5820; x_wconf 81' lang='grc' dir='ltr'><strong>τὸν</strong></span> <span class='ocrx_word' id='word_1_898' title='bbox 542 5762 745 5817; x_wconf 77' lang='grc' dir='ltr'>δοῦλον.</span> 
     </span>
    </p>
   </div>
  </div>
