4132 6474
651 356 782 414 1371

649 474 703 530 id
752 468 1128 539 assumpserit,
1173 462 1315 534 quod
1360 479 1463 517 non
1492 472 1609 515 erat
1660 481 1673 515 :

647 573 1039 632 assumpserat,
1085 557 1469 626 propriumque
1522 554 1625 608 sibi
1670 552 1890 619 fecerat,
1936 552 2098 605 morti
2155 553 2218 605 ad

648 664 859 723 tempus
892 650 1197 708 contradito
1218 689 1232 713 .
1270 648 1474 703 nullum
1504 662 1571 701 ex
1608 645 1711 699 illis
1740 659 1876 714 quos
1906 655 2215 713 acceperat,

650 745 987 814 deperderet,
1035 742 1129 797 sed
1184 749 1449 803 servaret,
1499 754 1561 793 ac
1615 738 1667 791 in
1716 737 2013 791 novissimo
2060 736 2147 790 die
2189 753 2217 791 a

1608 343 1667 399 δ.
1694 342 1971 398 CYRILLI
2007 340 2480 396 ALEXANDRINI
2520 341 2840 397 ARCHIEP.

1729 472 1785 514 ut
1824 475 2048 527 corpore
2080 460 2220 528 quod

2326 460 2461 529 ὅπερ
2496 460 2597 513 οὐκ
2617 454 2706 527 ἦν,
2738 458 2825 511 ἵνα
2859 458 2954 511 καὶ
2973 456 3096 518 δοὺς
3123 454 3200 526 τῷ
3237 453 3452 523 θανάτῳ
3476 449 3611 523 πρὸς
3644 450 3820 521 βραχῦ
3844 456 3897 502 τὸ

3750 334 3887 391 i372

2322 551 2518 605 ένωθὲν
2547 550 2696 620 αὐτῷ
2719 549 2878 620 σῶμα
2900 549 2995 602 καὶ
3014 549 3144 601 ἴδιον
3167 544 3355 610 αὑτοῦ,
3384 544 3585 615 μηδένα
3613 541 3856 610 ἀπολέσῃ
3877 540 3892 578 ι

2320 641 2428 695 τῶν
2462 642 2725 695 δοθέντων
2765 640 2935 710 αὐτῷ,
2976 638 3221 711 διασώσῃ
3261 637 3317 690 δὲ
3365 634 3588 706 μᾶλλον,
3620 633 3718 686 καὶ
3771 635 3895 685 ἀνα-

2323 735 2496 807 στήσῃ
2527 733 2725 796 αὐτοὺς
2759 736 2783 773 ⁸
2819 734 2876 785 ὲν
2909 734 2976 802 τῇ
3003 730 3209 800 ἐσχάτῃ
3232 728 3437 800 ἡμέρᾳ.
3478 728 3659 780 Ποιεῐν
3690 724 3792 793 μὲν
3814 718 3896 775 οὖν

647 837 879 890 mortuis
922 833 1293 888 resuscitaret.
1337 831 1471 887 Cum
1521 839 1698 883 autem
1742 844 1847 884 non
1889 843 2069 888 suam.
2127 829 2218 884 sed

2322 826 2495 892 λέγων
2528 826 2589 877 τὸ
2629 824 2842 894 θέλημα
2872 822 2967 877 τοῦ
3017 820 3252 892 Πατρδς,
3290 820 3386 873 καὶ
3424 817 3546 888 οὐχὶ
3580 817 3645 886 δὴ
3680 816 3897 870 πάντως

649 925 732 980 sui
758 924 938 979 Patris
958 924 1292 978 voluntatem
1334 938 1390 977 se
1420 921 1677 992 perlicere
1705 920 1876 983 addit,
1912 919 2219 973 Iudaeorum

2322 919 2380 970 τὸ
2405 916 2621 981 ἑαυτοῦ,
2652 916 2751 979 τὰς
2792 916 2900 969 τῶν
2938 914 3212 968 Ἰουδαίων
3248 910 3506 971 ἀπονοίας
3540 906 3773 976 ἐλέγχει,
3815 904 3899 957 καὶ

647 1013 929 1067 vesaniam
953 1030 1019 1067 ex
1045 1012 1265 1081 obliquo
1295 1010 1651 1081 perstringit;
1680 1016 1737 1061 ut
1768 1010 1859 1076 qui
1892 1024 2042 1062 suam
2078 1024 2223 1062 sem-

649 1117 747 1170 per
782 1102 1113 1157 voluntatem
1167 1103 1500 1154 constituere
1539 1108 1869 1167 satagentes,
1899 1098 2220 1166 divinasque

650 1191 796 1261 leges
850 1190 1288 1260 parvifacientes,
1328 1189 1393 1242 de
1433 1188 1638 1242 Domini
1685 1188 1767 1242 sui
1812 1188 2023 1257 placitis
2056 1189 2219 1256 perli-

648 1283 857 1338 ciendis
894 1282 1027 1336 nihil
1059 1282 1351 1351 quidquam
1388 1280 1539 1347 pensi
1575 1279 1879 1334 baberent:
1920 1280 2043 1333 dum
2074 1280 2219 1333 enint

648 1385 804 1425 suum
832 1371 933 1426 hoc
970 1371 1100 1439 gloco
1148 1381 1451 1442 promptum
1487 1371 1817 1439 obsequendi
1861 1371 2095 1425 studium
2129 1386 2221 1439 pa-

650 1462 756 1515 lam
799 1464 1161 1530 commendat,
1216 1462 1431 1517 illorum
1496 1462 1843 1516 rebellionem
1908 1462 2220 1531 neutiquam

648 1554 877 1609 obscure
924 1554 1153 1609 incusat.
1206 1553 1347 1621 Quin
1400 1564 1457 1609 et
1508 1555 1637 1609 alibi
1669 1569 1882 1624 quoque
1916 1570 1981 1609 eo
2008 1555 2223 1611 nomine

650 1644 769 1697 illos
801 1645 1099 1712 insimulat,
1141 1646 1286 1716 quod
1321 1646 1469 1709 odio,
1512 1646 1895 1714 insectatione,
1930 1648 2223 1717 iniquoque

648 1735 852 1802 judicio
900 1752 965 1791 ex
1010 1738 1257 1795 instituto
1301 1746 1495 1793 contra
1525 1753 1584 1794 se
1629 1740 1994 1794 deszevirent:
2038 1758 2057 1791 ι
2092 1737 2220 1803 Vos,

653 1826 850 1895 inquit,
869 1829 1163 1883 secundum
1190 1845 1406 1885 carnem
1426 1829 1715 1898 iudicatis;
1766 1844 1866 1901 ego
1906 1846 2009 1885 non
2037 1831 2222 1899 judico

651 1932 975 1988 quemquam
1007 1936 1021 1986 ;
1059 1929 1114 1975 et
1150 1921 1194 1976 si
1221 1920 1405 1989 judico
1437 1935 1567 1992 ego,
1600 1920 1864 1990 judicium
1916 1937 2092 1976 meum
2131 1936 2223 1977 ve-

651 2021 769 2060 rum
799 2018 883 2064 est
916 2027 928 2062 :
963 2011 1087 2080 quia
1144 2026 1247 2066 non
1299 2028 1482 2081 quaero
1521 2012 1851 2066 voluntatem
1894 2028 2092 2077 meam,
2129 2012 2222 2068 sed

651 2098 977 2156 voluntatem
1010 2104 1125 2173 ejus
1155 2106 1245 2174 qui
1278 2106 1423 2159 misit
1442 2104 1607 2159 me".
1635 2123 1652 2154 ›
1672 2104 1931 2173 Loquitur
1958 2120 2085 2176 ergo
2107 2106 2224 2161 haec

649 2193 947 2247 secundum
985 2196 1165 2251 carnis
1197 2197 1680 2267 dispensationem.

721 2281 953 2339 XXVIII.
1016 2285 1119 2342 Sed
1169 2302 1285 2357 age,
1342 2303 1485 2343 nunc
1535 2288 1763 2343 alterum
1820 2288 1950 2345 illud
2008 2304 2223 2360 quoque

647 2373 1039 2439 expendamus.
1094 2374 1226 2430 Cum
1284 2391 1315 2431 e
1368 2376 1507 2431 caalo
1549 2376 1915 2430 descendisset
1956 2385 2015 2430 ut
2059 2364 2218 2441 Dens,

648 2460 769 2517 illos
806 2478 836 2517 a
870 2465 1026 2519 Patre
1073 2466 1174 2520 sibi
1215 2467 1371 2521 datos
1409 2467 1661 2531 allirmat,
1691 2469 1783 2538 qui
1828 2469 1877 2521 in
1919 2468 2062 2522 illum
2100 2484 2218 2523 cre-

648 2555 881 2621 derent;
919 2572 1022 2610 non
1056 2558 1216 2628 150
1244 2568 1302 2613 ut
1333 2560 1453 2614 illos
1483 2561 1694 2627 perdat,
1736 2560 1829 2614 sed
1865 2570 1922 2613 ut
1948 2560 2001 2613 in
2034 2560 2221 2615 novis-

648 2646 792 2701 simo
848 2647 937 2702 die
984 2649 1049 2703 ad
1110 2651 1275 2704 vitam
1312 2651 1697 2705 exsuscitet".
1760 2650 1866 2705 Sed
1922 2665 2030 2719 quo
2062 2652 2221 2705 modo

606 2778 607 2781 η
644 2739 1117 2810 cxsnscitatinon
1149 2741 1253 2796 alio
1283 2757 1435 2805 sane,
1469 2756 1631 2811 quam
1666 2756 1763 2810 per
1791 2757 1944 2796 suam
1979 2756 2046 2794 ex
2078 2756 2223 2795 mor-

650 2830 758 2885 tuis
813 2834 1301 2891 resurrectionem.
1353 2833 1585 2902 Proprio
1639 2847 1871 2901 namque
1921 2833 2118 2900 templo
2165 2834 2219 2888 in

647 2922 808 2976 vitam
868 2926 1156 2990 restituto,
1224 2927 1523 2996 mortisque
1580 2927 1805 2996 imperio
1853 2941 1949 2995 per
1994 2928 2222 2996 propria:

647 3016 829 3069 carnis
863 3026 1091 3072 mortem
1118 3019 1397 3084 demolito,
1429 3020 1678 3073 humana:
1700 3028 1905 3072 natura:
1938 3017 2002 3071 ad
2041 3035 2223 3073 resur-

2322 1008 2654 1076 ὑποπλήττει
2690 1008 2955 1071 πλαγίως,
3001 1006 3077 1069 ὡς
3120 1003 3299 1058 ἀεὶτὸ
3339 1002 3470 1055 ἴδιον
3514 998 3780 1059 ἱστῶντας
3814 996 3897 1049 θέο

2321 1100 2491 1170 λημα,
2534 1101 2629 1153 καί
2666 1099 2776 1153 τῶν
2809 1099 2969 1152 θείων
3000 1096 3392 1168 ὑπερορῶντας
3422 1093 3623 1163 νόμων,
3652 1090 3749 1145 καὶ
3774 1089 3897 1158 παρ’

2322 1190 2472 1244 οὐδὲν
2517 1190 2787 1244 ποιεῖσθαι
2816 1207 2881 1260 με
2891 1187 3199 1260 μεληκότας
3221 1185 3283 1238 τὸ
3307 1184 3385 1255 τῷ
3406 1182 3653 1251 Δεσπότῃ
3674 1178 3865 1233 δοκοῦν
3880 1194 3896 1210 ο

2324 1283 2503 1353 ἑαυτῷ
2526 1283 2633 1353 γὰρ
2660 1285 2718 1336 ὲν
2747 1282 2959 1345 τούτοις
2979 1277 3424 1351 προσμαρτυρῶν
3456 1275 3517 1326 τὸ
3545 1274 3783 1342 εὐήνιον,
3806 1272 3898 1338 τῆς

2323 1374 2546 1429 ἐκείνων
2568 1372 2852 1436 ἀπειθείας
2882 1372 3199 1442 κατηγορεῖ.
3230 1369 3377 1437 Ἔφη
3406 1366 3515 1437 γάρ
3536 1381 3641 1417 που
3667 1363 3765 1416 καὶ
3793 1362 3899 1414 ἑτέ-

2326 1465 2459 1537 ρωθι
2495 1465 2632 1531 πρὸς
2662 1464 2881 1527 αὐτοὺς,
2924 1463 3000 1527 ὡς
3027 1462 3247 1515 διώκειν
3271 1459 3573 1520 ἐθέλοντας,
3607 1455 3705 1509 καὶ
3730 1454 3899 1522 μισεῖν
3974 1492 3977 1493 ν

2324 1556 2654 1628 ᾑρημένους.
2706 1555 2800 1608 καὶ
2829 1554 3013 1608 ἄδικον
3052 1553 3140 1606 ἐπ’
3180 1550 3331 1621 αὐτῷ
3358 1549 3456 1619 τὴν
3485 1549 3577 1602 ἐπὶ
3602 1546 3781 1614 τούτῳ
3802 1545 3902 1614 ιιῆ-

2326 1664 2427 1716 φον
2458 1645 2828 1717 ἐκφέρονταςο
2861 1665 2879 1696 ι
2930 1645 3120 1716 Ὑμεῖς
3152 1643 3293 1698 κατὰ
3330 1642 3427 1713 τὴν
3450 1641 3631 1712 σάρκα
3666 1639 3898 1708 κρίνετε,

2326 1737 2436 1805 ἐγὼ
2467 1738 2528 1790 οὐ
2552 1738 2720 1808 κρίνω
2738 1738 2959 1792 οὐδένα’
2990 1736 3084 1789 καὶ
3109 1734 3203 1788 ἐὰν
3224 1734 3396 1805 κρίνω
3411 1733 3466 1786 δὲ
3494 1730 3628 1799 ἐγὼ,
3661 1731 3695 1799 ἡ
3724 1727 3899 1797 κρίσις

2256 1801 2300 1857 Β
2326 1801 2496 1899 ή-ὲμὴ
2519 1801 2703 1883 δικαία
2736 1828 2910 1883 ἐστίν’
2943 1828 3025 1881 ὅτι
3055 1827 3117 1880 οὐ
3146 1801 3294 1896 ζητῶ
3326 1824 3386 1877 τὸ
3416 1822 3632 1891 θέλημα
3663 1819 3727 1873 τὸ
3752 1820 3901 1888 ἐμὸν,

2324 1921 2460 1975 ἀλλὰ
2488 1923 2547 1974 τὺ
2572 1921 2783 1992 θέλημα
2824 1918 2918 1973 τοῦ
2951 1917 3271 1989 πέμψαντός
3314 1933 3403 1986 με.
3440 1933 3459 1967 t
3506 1909 3718 1967 Οὐκοῦν
3758 1911 3905 1963 οἱκο-

2325 2011 2566 2081 νομικῶς
2592 2010 2661 2064 τὰ
2686 2010 2865 2064 τοιάδε
2897 2008 3057 2080 φησί.

2394 2296 2532 2350 κη’.
2571 2294 2721 2363 Πλὴν
2760 2293 2938 2345 ἐκεῖνο
2968 2290 3098 2362 φέρε
3129 2291 3215 2360 δὴ,
3250 2288 3384 2360 φέρε
3423 2286 3899 2358 καταθρήσωμενσ

2338 2387 2427 2453 Ἐξ
2447 2386 2679 2459 οὐρανοῦ
2704 2383 2944 2447 καταϐὰς
2968 2384 3044 2446 ὡς
3067 2381 3221 2446 Θεὸς,
3247 2380 3493 2436 δεδόσθαι
3525 2381 3693 2450 φησιν
3725 2375 3901 2444 ἑαυτῷ

2326 2478 2478 2550 παρά
2508 2476 2603 2530 τοῦ
2642 2477 2855 2547 Πατρδς
2888 2477 3014 2538 τοὺς
3048 2476 3129 2537 εἰς
3160 2473 3323 2527 αὑτὸν
3362 2471 3782 2533 πιστεύσαντας,
3816 2469 3901 2521 ἵνα

2328 2569 2403 2638 μὴ
2434 2567 2699 2638 ἀπολέσῃ,
2738 2565 2888 2636 σώσῃ
2921 2565 2976 2616 δὲ
3011 2562 3209 2633 μᾶλλον
3239 2561 3457 2625 αὐτοὺς,
3490 2560 3585 2613 καὶ
3620 2560 3900 2629 ἀναστήσῃ

2324 2661 2389 2730 τῇ
2431 2658 2637 2729 ἐσχάτῃ
2664 2657 2870 2728 ἡμέρᾳ.
2929 2655 3053 2718 Πῶς
3080 2650 3173 2707 οὖν
3203 2653 3502 2721 ἀνέστησεν
3523 2691 3538 2715 ,
3591 2652 3624 2719 ἦ
3657 2650 3900 2715 δηλονότι

2323 2748 2411 2801 διὰ
2434 2748 2535 2818 τῆς
2566 2747 2699 2810 ιδίας
2727 2746 3079 2808 ἀναστάσεως
3104 2744 3206 2812 τῆς
3237 2743 3301 2794 ὲκ
3336 2742 3543 2809 νεκρῶν
3569 2758 3584 2806 ;
3621 2740 3902 2807 Ζωοποιή-

2326 2858 2425 2903 σας
2457 2841 2565 2909 γὰρ
2623 2839 2716 2892 καὶ
2768 2837 2874 2906 πρό
2910 2854 2973 2904 γε
3022 2834 3129 2887 τῶν
3178 2834 3356 2886 ἄλλων
3389 2832 3481 2884 τὸν
3516 2830 3716 2884 ἑαυτοῦ
3751 2830 3900 2893 ναὸν,

2324 2932 2419 2985 καὶ
2455 2931 2516 2983 τὸ
2554 2928 2648 2982 τοῦ
2688 2929 2919 2981 θανάτου
2957 2924 3289 2985 κατασείσας
3324 2922 3525 2993 κράτος
3558 2921 3645 2974 διὰ
3675 2920 3771 2973 τοῦ
3806 2920 3906 2973 θα-

2323 3025 2483 3077 νάτου
2512 3023 2611 3092 τῆς
2645 3021 2780 3081 ἰδίας
2816 3018 3042 3088 σαρκὸς,
3077 3017 3194 3080 ὁδὸς
3240 3016 3430 3083 γέγονε
3472 3017 3536 3084 τῇ
3586 3012 3905 3084 ἀνθρωπεία

649 3108 968 3172 rectionem,
998 3126 1205 3165 necnon
1233 3113 1300 3165 ad
1334 3110 1682 3165 obtinendam
1711 3120 1898 3164 contra
1924 3112 2222 3179 corruptio-

2326 3116 2485 3185 φύσει
2512 3114 2648 3182 πρὸς
2688 3112 3006 3171 ἀνάστασιν,
3041 3110 3135 3161 καὶ
3166 3108 3302 3178 πρός
3331 3124 3395 3175 γε
3420 3107 3481 3159 τὸ
3506 3105 3764 3158 δύνασθαι
3797 3104 3908 3155 λοι-

647 3212 769 3250 nem
817 3200 1119 3264 victoriam,
1170 3203 1312 3256 viam
1364 3203 1612 3255 munivit.
1658 3200 1819 3256 Verbi
1872 3202 2055 3273 itaque
2104 3204 2219 3269 Dei,

648 3290 790 3357 quod
826 3306 856 3345 e
890 3293 1028 3347 coelo
1059 3295 1360 3359 descendit,
1399 3296 1452 3348 id
1490 3296 1767 3363 proprium
1806 3304 1909 3359 est,
1946 3310 2043 3363 per
2076 3297 2218 3364 quod

648 3379 1039 3448 primogenitus
1078 3397 1143 3438 ex
1197 3383 1491 3440 mortuis“
1540 3386 1738 3439 factum
1788 3387 1910 3440 est?
1938 3400 2044 3455 quo
2090 3387 2219 3442 illud

649 3470 928 3537 nimirum,
976 3476 1119 3543 quod
1175 3475 1273 3543 ipsi
1321 3479 1579 3530 donatum
1637 3484 1739 3538 est,
1800 3492 1906 3531 una
1950 3492 2072 3532 cum
2128 3479 2220 3533 illo

647 3563 1080 3632 exsuscitatum,
1134 3575 1356 3635 propter
1415 3568 1734 3637 protoplasti
1798 3569 2216 3624 inobedientiam

649 3669 754 3707 non
802 3655 1033 3725 amplius
1072 3668 1280 3727 pereat,
1321 3661 1414 3714 sed
1463 3669 1685 3730 propter
1713 3661 1911 3716 Christi
1963 3662 2222 3718 obedien-

648 3746 802 3810 tiam,
832 3747 1058 3803 salutem
1085 3759 1139 3804 et
1168 3750 1330 3805 vitam
1360 3759 1616 3806 aeternam
1654 3753 1915 3809 obtineat.
1949 3754 2217 3810 Cmterum

646 3847 707 3889 ut
737 3839 895 3893 homo
930 3837 1130 3895 factum
1166 3850 1272 3908 est,
1306 3857 1399 3897 eos
1433 3843 1534 3897 sibi
1571 3843 1727 3899 datos
1755 3845 1907 3910 dicit,
1938 3845 2028 3915 qui
2057 3844 2216 3901 fidem

646 3928 701 3981 in
738 3928 911 3998 ipsum
959 3933 1247 4001 recipiunt.
1292 3932 1428 3987 Nam
1477 3936 1658 3990 omnia
1684 3951 1803 4006 qua:
1836 3935 2013 3993 Patris
2068 3947 2215 4005 sunt,

646 4019 1133 4093 haereditariojure
1184 4026 1440 4094 possidet.
1474 4026 1770 4097 Postquam
1816 4043 1948 4083 vero
1974 4030 2055 4098 (ut
2080 4029 2215 4100 dixi)

644 4114 797 4167 carni
827 4122 881 4168 et
921 4119 1170 4185 sanguini
1201 4120 1626 4174 communicavit
1650 4121 1717 4187 δ’,
1744 4131 1799 4175 et
1828 4134 1925 4175 nos
1962 4120 2014 4174 in
2042 4120 2214 4189 ipsum

647 4213 708 4258 ut
737 4204 790 4258 in
819 4205 986 4261 Deum
1016 4208 1364 4274 credidimus,
1407 4210 1475 4265 ob
1505 4210 1561 4266 id
1595 4210 1798 4266 factum
1828 4220 1930 4276 est,
1963 4221 2018 4265 ut
2049 4212 2217 4265 dona-

649 4295 812 4351 tionis
846 4312 1039 4353 nomen
1070 4300 1117 4355 ei
1152 4300 1435 4358 tribuatur.
1468 4301 1602 4357 Nam
1635 4303 1725 4372 qui
1751 4312 1875 4357 ante
1909 4311 2215 4370 susceptam

645 4402 866 4443 carnem
901 4391 1221 4459 imperabat,
1262 4394 1308 4449 is
1341 4395 1507 4449 etiam
1540 4410 1705 4450 carne
1745 4395 1966 4449 indutus
1990 4409 2214 4462 regnum

2328 3209 2428 3261 πὸν
2458 3204 2930 3274 κατευμεγεθῆσαι
2964 3200 3354 3272 φθορᾶς.”1διον
3370 3195 3435 3269 ἦν
3471 3199 3579 3268 ἄρα
3608 3197 3703 3250 τοῦ
3734 3214 3908 3249 κατα-

2329 3300 2683 3369 φοιτήσαντος
2739 3294 2796 3359 ἐξ
2862 3290 3093 3362 οὐρανοῦ
3149 3289 3285 3343 Θεοῦ
3363 3290 3535 3356 Λόγου
3607 3288 3668 3340 τὸ
3728 3286 3798 3339 δι’
3846 3277 3908 3337 οὗ

2326 3390 2513 3459 γέγονε
2550 3386 2896 3458 πρωτότοκος
2926 3386 2989 3436 ἐκ
3018 3381 3248 3452 νεκρῶνο
3294 3381 3382 3433 ἵνα
3419 3380 3512 3433 καὶ
3546 3379 3909 3447 ὲγηγερμένῳ

2328 3477 2701 3549 κατακολουθῇ
2747 3476 2887 3547 πρὸς
2918 3474 3062 3545 ζωὴν
3113 3474 3174 3525 τὸ
3203 3473 3353 3526 δοθὲν
3390 3471 3563 3540 αὐτῷ,
3596 3471 3787 3523 οὐκέτι
3820 3469 3909 3522 διὰ

2326 3572 2425 3644 τὴν
2448 3570 2539 3624 τοῦ
2569 3566 2997 3640 πρωτοπ>.ἀστου
3029 3564 3343 3635 παράϐασιν
3377 3562 3777 3632 ἀπολλύμενον,
3807 3580 3909 3614 σω-

2327 3667 2553 3738 ζόμενον
2590 3665 2648 3719 δὲ
2697 3663 2898 3734 μᾶλλον
2936 3661 3026 3715 διὰ
3077 3660 3176 3731 τὴν
3224 3659 3472 3729 ὑπακοὴν
3510 3657 3607 3710 τοῦ
3641 3656 3904 3725 Χριστοῦ.

2326 3757 2582 3811 Δεδόσθαι
2615 3755 2671 3808 δέ
2704 3769 2869 3825 φησιν
2903 3751 3079 3821 ἑαυτῷ
3112 3750 3237 3812 τοὺς
3280 3748 3379 3819 τὴν
3415 3749 3495 3811 είς
3526 3748 3687 3801 αὐτὸν
3720 3748 3909 3800 πίστιν

2324 3847 2714 3920 προσιεμένους
2749 3844 2936 3909 πάλιν,
2967 3842 3042 3906 ὡς
3075 3840 3363 3911 ἄνθρωπος
3390 3840 3653 3908 γεγονώς.
3686 3839 3908 3909 Κλῆρος

2328 3940 2428 4009 μὲν
2455 3938 2563 4009 γὰρ
2600 3936 2731 4001 ῐδιος
2760 3934 2915 4006 αὐτῷ
2960 3934 3140 3988 πάντα
3174 3932 3243 3985 τὰ
3273 3932 3370 3985 τοῦ
3402 3932 3635 4002 Πατρός.
3682 3930 3908 3999 Ἐπειδὴ

2324 4027 2401 4092 δὲ,
2430 4027 2506 4090 ὡς
2534 4024 2691 4094 ἔφην,
2723 4024 2993 4096 μετέσχεν
3020 4023 3252 4093 αἵματος
3278 4022 3373 4076 καὶ
3408 4021 3633 4092 σαρκὸς,
3663 4016 3787 4074 εἶτα
3811 4038 3911 4073 περ

2325 4117 2700 4187 πιστεύκαμεν
2728 4115 2805 4179 ὡς
2828 4114 2967 4184 Θεῷ,
2998 4114 3170 4186 ταύτῃ
3192 4131 3273 4167 τοι
3290 4113 3352 4167 τὸ
3382 4113 3481 4181 τῆς
3504 4112 3706 4175 δόσεως
3730 4112 3912 4181 ὄνομα

2324 4206 2806 4281 παρεισκρίνεται·
2843 4204 3199 4275 βεὸασίλευκε
3248 4204 3356 4275 γὰρ
3413 4203 3573 4273 ἡμῶν
3619 4205 3715 4257 καὶ
3765 4206 3910 4274 μετὰ

2325 4300 2550 4371 σαρκὸς,
2588 4302 2616 4352 ό
2644 4300 2740 4353 καὶ
2773 4300 2881 4369 πρὸ
2913 4299 3084 4370 αὐτῆς
3114 4297 3385 4369 βασιλεύς.
3411 4297 3521 4351 Καὶ
3552 4296 3683 4364 γοῦν
3713 4297 3790 4359 ὡς
3823 4298 3911 4358 εἰς

2322 4392 2419 4463 τὴν
2452 4391 2543 4444 τοῦ
2575 4392 2773 4461 χρῆναι
2805 4390 3113 4461 βασιλεύειν
3162 4391 3337 4461 ἀρχὴν
3370 4389 3865 4459 εἰσκεκομισμένος
3887 4430 3905 4453 ,

644 4481 698 4535 in
732 4496 829 4536 nos
857 4482 1107 4538 obtinuit.
1137 4484 1209 4538 Ita
1254 4487 1342 4540 ubi
1386 4487 1616 4555 printttm
1644 4484 1880 4539 Verbum
1918 4485 2081 4538 homo
2118 4500 2215 4537 no-

2324 4484 2412 4536 ὅτε
2438 4482 2630 4550 γέγονε
2662 4481 2783 4535 καθ’
2820 4483 2987 4553 ἡμᾶς,
3036 4499 3055 4533 ε
3092 4479 3298 4551 Κύριος
3323 4521 3338 4545 ,
3377 4480 3565 4551 φησιν,
3604 4475 3727 4531 εἷπε
3766 4480 3909 4549 πρὸς

643 4568 744 4621 stri
773 4568 964 4625 similis
988 4570 1185 4625 factum
1213 4583 1316 4637 est,
1347 4586 1405 4627 ut
1435 4574 1797 4644 principatum
1834 4573 1887 4627 in
1934 4588 2031 4627 nos
2056 4588 2209 4642 gere-

645 4671 745 4725 ret,
781 4661 1158 4733 inauguratum
1197 4675 1277 4719 est
1311 4684 1324 4720 :
1364 4684 1381 4717 ι
1413 4666 1675 4720 Dontinus
1709 4666 1926 4735 (inquit)
1970 4664 2107 4720 dixit
2145 4664 2212 4717 ad

644 4769 728 4806 me
762 4771 773 4807 :
807 4754 972 4809 Filius
1015 4771 1166 4812 meus
1213 4773 1271 4813 es
1324 4768 1407 4833 tu;
1445 4773 1545 4827 ego
1587 4758 1747 4814 hodie
1803 4758 1966 4830 genui
2015 4769 2068 4813 te
2089 4758 2156 4812 “.
2189 4775 2207 4809 ι

2324 4590 2411 4642 με’
2445 4572 2573 4636 Υἱός
2609 4589 2711 4643 μου
2747 4569 2798 4625 εἶ
2832 4573 2920 4636 σὺ,
2956 4569 3068 4639 ἐγὼ
3103 4570 3345 4643 σήμερον
3389 4569 3700 4640 γεγέννηκά
3751 4585 3832 4621 σε.
3880 4587 3901 4619 ι

2318 4665 2540 4735 Δέχεται
2586 4664 2765 4717 τοίνυν
2798 4663 3151 4734 ἀνθρωπίνως
3182 4664 3254 4717 τὰ
3299 4661 3515 4733 ἑαυτοῦ,
3544 4662 3724 4715 καίτοι
3769 4678 3901 4714 κατ-

2318 4756 2646 4820 εξουσιάζων
2673 4756 2787 4809 τῶν
2816 4756 2954 4809 ὅλων
2984 4756 3059 4818 ὡς
3087 4755 3245 4819 Θεός.

641 4845 898 4911 Quamvis
939 4862 1070 4917 ergo
1108 4859 1163 4903 ut
1199 4851 1338 4905 Deus
1371 4851 1622 4906 omnibus
1690 4853 2033 4917 dominetur;
2101 4860 2278 4904 tamen
2320 4849 2617 4904 secundum
2669 4848 2962 4902 humanam
3013 4855 3285 4911 naturam,
3339 4861 3459 4916 qua:
3502 4860 3601 4902 sua
3655 4846 3903 4917 alioquin

641 4950 818 5007 erant,
852 4943 1129 5011 accepisse
1159 4943 1377 4999 dicitur.

817 5054 895 5108 De
942 5055 1139 5109 Christi
1180 5058 1634 5124 sanctiﬁcatione,
1692 5058 2031 5127 ejusdcmaue

1262 5130 1577 5182 sacerdotio.

716 5237 906 5292 XXIX.
954 5256 973 5289 ι
1011 5238 1244 5293 Decebat
1276 5239 1420 5294 enim
1467 5254 1611 5305 eum,
1640 5250 1861 5308 propter
1891 5254 2047 5309 quem
2094 5254 2210 5293 om-

715 5416 758 5449 "
799 5416 953 5474 Joan.
993 5433 1115 5483 vni,
1150 5418 1234 5483 I5,
1262 5417 1347 5473 I6.
1422 5417 1721 5483 “Joanm,
1757 5418 1846 5473 39.
1890 5418 1967 5450 '“
2005 5418 2209 5473 Coloss.
2241 5416 2277 5482 i,
2324 5415 2406 5471 18.

2318 5054 2459 5123 Περὶ
2497 5052 2602 5109 τοῦ
2640 5050 2921 5121 ἡγιάσθαι
2978 5050 3087 5123 τόν
3127 5051 3428 5123 Χριστὸν,
3460 5066 3557 5104 και
3607 5051 3721 5117 τῆς
3768 5051 3902 5104 κατ’

2633 5119 2821 5176 αὐτὸν
2843 5119 3181 5190 νοουμένης
3218 5121 3569 5188 ἱερωσύνης.

2388 5234 2515 5291 ΚΘ¹.
2560 5256 2578 5288 ι
2617 5237 2868 5306 Ἔπρεπε
2914 5234 3022 5305 γὰρ
3052 5232 3212 5287 αὑτὸν
3242 5234 3294 5299 h,
3346 5232 3417 5286 δι’
3465 5232 3525 5286 ὃν
3563 5232 3634 5285 τὰ
3672 5233 3860 5286 πάντα
3886 5272 3903 5297 ,

2508 5416 2552 5449 ⁸³
2583 5415 2744 5473 llebr.
2772 5432 2829 5484 Il,
2860 5414 2945 5471 Ii.
3019 5413 3066 5447 “
3096 5412 3235 5469 Psal.
3268 5428 3332 5481 tt,
3378 5411 3445 5479 7;
3494 5411 3658 5469 Hebr.
3688 5426 3731 5477 t,
3771 5410 3832 5466 5.

1735 5600 1904 5654 Varia:
1932 5600 2184 5657 lectiones
2206 5598 2407 5655 codicis
2439 5596 2795 5667 Seguieriani.

722 5758 740 5799 ί
782 5761 946 5830 μηόὲν
980 5762 1329 5833 ἀπολέσηται.
1408 5770 1433 5809 ι
1464 5760 1613 5815 αὑτό.
1691 5762 1715 5800 ιλ
1752 5760 1909 5832 abrip-
