  <div class='ocr_page' id='page_1' title='image "/cluster/home/n/w/nwhite01/storage/ocr_20150623/76/hvd.32044019207943/694.png"; bbox 0 0 4132 6492; ppageno 0'>
   <div class='ocr_carea' id='block_1_1' title="bbox 198 405 354 461">
    <p class='ocr_par' dir='ltr' id='par_1_1' title="bbox 198 405 354 461">
     <span class='ocr_line' id='line_1_1' title="bbox 198 405 354 461; baseline 0.013 -2"><span class='ocrx_word' id='word_1_1' title='bbox 198 405 226 459; x_wconf 72' lang='grc'><strong>1</strong></span> <span class='ocrx_word' id='word_1_2' title='bbox 237 405 354 461; x_wconf 75' lang='lat'><strong>373</strong></span> 
     </span>
    </p>
   </div>
   <div class='ocr_carea' id='block_1_2' title="bbox 1019 402 2676 478">
    <p class='ocr_par' dir='ltr' id='par_1_2' title="bbox 1019 402 2676 478">
     <span class='ocr_line' id='line_1_2' title="bbox 1019 402 2676 478; baseline 0.002 -18"><span class='ocrx_word' id='word_1_3' title='bbox 1019 404 1110 460; x_wconf 85' lang='lat' dir='ltr'><strong>AD</strong></span> <span class='ocrx_word' id='word_1_4' title='bbox 1150 403 1447 478; x_wconf 74' lang='lat' dir='ltr'><strong>REGlNAS</strong></span> <span class='ocrx_word' id='word_1_5' title='bbox 1486 404 1572 459; x_wconf 84' lang='lat' dir='ltr'><strong>DE</strong></span> <span class='ocrx_word' id='word_1_6' title='bbox 1612 402 1840 459; x_wconf 80' lang='lat' dir='ltr'><strong>RECTA</strong></span> <span class='ocrx_word' id='word_1_7' title='bbox 1882 404 2038 459; x_wconf 81' lang='lat' dir='ltr'><strong>FIDE</strong></span> <span class='ocrx_word' id='word_1_8' title='bbox 2077 403 2339 461; x_wconf 76' lang='lat' dir='ltr'><strong>ORATIO</strong></span> <span class='ocrx_word' id='word_1_9' title='bbox 2376 405 2676 463; x_wconf 76' lang='lat' dir='ltr'><strong>ALTERA.</strong></span> 
     </span>
    </p>
   </div>
   <div class='ocr_carea' id='block_1_3' title="bbox 3330 408 3476 468">
    <p class='ocr_par' dir='ltr' id='par_1_3' title="bbox 3330 408 3476 468">
     <span class='ocr_line' id='line_1_3' title="bbox 3330 408 3476 468; baseline 0.014 -2"><span class='ocrx_word' id='word_1_10' title='bbox 3330 408 3476 468; x_wconf 69' lang='grc'><strong>1574</strong></span> 
     </span>
    </p>
   </div>
   <div class='ocr_carea' id='block_1_4' title="bbox 190 512 1814 592">
    <p class='ocr_par' dir='ltr' id='par_1_4' title="bbox 190 512 1789 588">
     <span class='ocr_line' id='line_1_4' title="bbox 190 512 1789 588; baseline 0.004 -21"><span class='ocrx_word' id='word_1_11' title='bbox 190 517 308 570; x_wconf 74' lang='grc' dir='ltr'>καὶ</span> <span class='ocrx_word' id='word_1_12' title='bbox 352 517 418 572; x_wconf 84' lang='grc' dir='ltr'>δι’</span> <span class='ocrx_word' id='word_1_13' title='bbox 451 512 512 573; x_wconf 76' lang='grc' dir='ltr'>οὗ</span> <span class='ocrx_word' id='word_1_14' title='bbox 542 518 610 573; x_wconf 84' lang='grc' dir='ltr'>τὰ</span> <span class='ocrx_word' id='word_1_15' title='bbox 641 519 817 575; x_wconf 86' lang='grc' dir='ltr'>πάντα</span> <span class='ocrx_word' id='word_1_16' title='bbox 839 560 853 585; x_wconf 93' lang='grc'><strong>,</strong></span> <span class='ocrx_word' id='word_1_17' title='bbox 885 518 1115 584; x_wconf 82' lang='grc' dir='ltr'>πολλοὺς</span> <span class='ocrx_word' id='word_1_18' title='bbox 1146 521 1296 583; x_wconf 77' lang='grc' dir='ltr'>υἱοὺς</span> <span class='ocrx_word' id='word_1_19' title='bbox 1341 521 1421 583; x_wconf 80' lang='grc' dir='ltr'>εἰς</span> <span class='ocrx_word' id='word_1_20' title='bbox 1463 519 1622 584; x_wconf 79' lang='grc' dir='ltr'>δόξαν</span> <span class='ocrx_word' id='word_1_21' title='bbox 1654 520 1789 588; x_wconf 85' lang='grc' dir='ltr'>ἁγα-</span> 
     </span>
    </p>
   </div>
   <div class='ocr_carea' id='block_1_5' title="bbox 1900 512 3549 592">
    <p class='ocr_par' dir='ltr' id='par_1_5' title="bbox 1900 519 3549 592">
     <span class='ocr_line' id='line_1_5' title="bbox 1900 519 3549 592; baseline 0.002 -19"><span class='ocrx_word' id='word_1_22' title='bbox 1900 519 2005 583; x_wconf 86' lang='lat' dir='ltr'><strong>nia,</strong></span> <span class='ocrx_word' id='word_1_23' title='bbox 2048 529 2099 575; x_wconf 89' lang='lat' dir='ltr'><strong>et</strong></span> <span class='ocrx_word' id='word_1_24' title='bbox 2134 535 2231 590; x_wconf 91' lang='lat' dir='ltr'><strong>per</strong></span> <span class='ocrx_word' id='word_1_25' title='bbox 2259 536 2420 591; x_wconf 84' lang='lat' dir='ltr'><strong>quem</strong></span> <span class='ocrx_word' id='word_1_26' title='bbox 2467 522 2671 585; x_wconf 90' lang='lat' dir='ltr'><strong>omnia,</strong></span> <span class='ocrx_word' id='word_1_27' title='bbox 2700 521 2810 590; x_wconf 58' lang='lat' dir='ltr'><strong>;qui</strong></span> <span class='ocrx_word' id='word_1_28' title='bbox 2847 519 3043 578; x_wconf 92' lang='lat' dir='ltr'><strong>multos</strong></span> <span class='ocrx_word' id='word_1_29' title='bbox 3092 520 3230 577; x_wconf 89' lang='lat' dir='ltr'><strong>ﬁlios</strong></span> <span class='ocrx_word' id='word_1_30' title='bbox 3260 521 3311 577; x_wconf 93' lang='lat' dir='ltr'><strong>in</strong></span> <span class='ocrx_word' id='word_1_31' title='bbox 3356 523 3472 592; x_wconf 65' lang='grc' dir='ltr'>διο·</span> <span class='ocrx_word' id='word_1_32' title='bbox 3546 534 3549 537; x_wconf 89' lang='grc'>·</span> 
     </span>
    </p>
   </div>
   <div class='ocr_carea' id='block_1_6' title="bbox 191 609 1788 682">
    <p class='ocr_par' dir='ltr' id='par_1_6' title="bbox 191 609 1788 682">
     <span class='ocr_line' id='line_1_6' title="bbox 191 609 1788 682; baseline 0.003 -22"><span class='ocrx_word' id='word_1_33' title='bbox 191 609 377 673; x_wconf 78' lang='grc' dir='ltr'>γόντα</span> <span class='ocrx_word' id='word_1_34' title='bbox 404 611 449 674; x_wconf 79' lang='grc' dir='ltr'><strong>ί,</strong></span> <span class='ocrx_word' id='word_1_35' title='bbox 476 609 567 663; x_wconf 81' lang='grc' dir='ltr'><strong>τὸν</strong></span> <span class='ocrx_word' id='word_1_36' title='bbox 601 610 843 682; x_wconf 82' lang='grc' dir='ltr'>ἀρχηγὸν</span> <span class='ocrx_word' id='word_1_37' title='bbox 875 611 977 680; x_wconf 83' lang='grc' dir='ltr'>τῆς</span> <span class='ocrx_word' id='word_1_38' title='bbox 1008 612 1283 681; x_wconf 76' lang='grc' dir='ltr'><strong>σωτηρίας</strong></span> <span class='ocrx_word' id='word_1_39' title='bbox 1328 609 1509 663; x_wconf 80' lang='grc' dir='ltr'>αὐτῶν</span> <span class='ocrx_word' id='word_1_40' title='bbox 1556 610 1644 664; x_wconf 86' lang='grc' dir='ltr'>διὰ</span> <span class='ocrx_word' id='word_1_41' title='bbox 1683 628 1788 664; x_wconf 90' lang='grc' dir='ltr'>πα-</span> 
     </span>
    </p>
   </div>
   <div class='ocr_carea' id='block_1_7' title="bbox 194 698 1786 774">
    <p class='ocr_par' dir='ltr' id='par_1_7' title="bbox 194 698 1786 774">
     <span class='ocr_line' id='line_1_7' title="bbox 194 698 1786 774; baseline 0.004 -25"><span class='ocrx_word' id='word_1_42' title='bbox 194 698 475 769; x_wconf 77' lang='grc' dir='ltr'>θημάτων</span> <span class='ocrx_word' id='word_1_43' title='bbox 501 700 807 755; x_wconf 83' lang='grc' dir='ltr'><strong>τελειῶσαι.</strong></span> <span class='ocrx_word' id='word_1_44' title='bbox 839 701 906 755; x_wconf 86' lang='grc' dir='ltr'><strong>’Ὀ</strong></span> <span class='ocrx_word' id='word_1_45' title='bbox 926 719 985 755; x_wconf 92' lang='grc' dir='ltr'><strong>τε</strong></span> <span class='ocrx_word' id='word_1_46' title='bbox 1016 703 1122 774; x_wconf 74' lang='grc' dir='ltr'>γὰρ</span> <span class='ocrx_word' id='word_1_47' title='bbox 1153 702 1397 770; x_wconf 79' lang='grc' dir='ltr'><strong>ἁγιάζων</strong></span> <span class='ocrx_word' id='word_1_48' title='bbox 1427 704 1522 756; x_wconf 77' lang='grc' dir='ltr'>καὶ</span> <span class='ocrx_word' id='word_1_49' title='bbox 1551 704 1601 756; x_wconf 85' lang='lat' dir='ltr'><strong>oi</strong></span> <span class='ocrx_word' id='word_1_50' title='bbox 1629 702 1786 770; x_wconf 84' lang='grc' dir='ltr'>ἁγια-</span> 
     </span>
    </p>
   </div>
   <div class='ocr_carea' id='block_1_8' title="bbox 191 788 1787 864">
    <p class='ocr_par' dir='ltr' id='par_1_8' title="bbox 191 788 1787 864">
     <span class='ocr_line' id='line_1_8' title="bbox 191 788 1787 864; baseline 0.002 -22"><span class='ocrx_word' id='word_1_51' title='bbox 191 788 449 861; x_wconf 80' lang='grc' dir='ltr'>ζόμενοι,</span> <span class='ocrx_word' id='word_1_52' title='bbox 482 791 542 856; x_wconf 79' lang='grc' dir='ltr'>ἐξ</span> <span class='ocrx_word' id='word_1_53' title='bbox 569 792 687 856; x_wconf 82' lang='grc' dir='ltr'>ἑνὸς</span> <span class='ocrx_word' id='word_1_54' title='bbox 716 793 917 856; x_wconf 86' lang='grc' dir='ltr'>πάντες</span> <span class='ocrx_word' id='word_1_55' title='bbox 937 809 949 822; x_wconf 91' lang='grc'><strong>·</strong></span> <span class='ocrx_word' id='word_1_56' title='bbox 984 792 1051 846; x_wconf 82' lang='grc' dir='ltr'>δι’</span> <span class='ocrx_word' id='word_1_57' title='bbox 1086 793 1151 864; x_wconf 83' lang='grc' dir='ltr'>ἢν</span> <span class='ocrx_word' id='word_1_58' title='bbox 1180 792 1360 846; x_wconf 85' lang='grc' dir='ltr'><strong>αἰτίαν</strong></span> <span class='ocrx_word' id='word_1_59' title='bbox 1389 795 1488 847; x_wconf 88' lang='grc' dir='ltr'><strong>οὐκ</strong></span> <span class='ocrx_word' id='word_1_60' title='bbox 1523 792 1787 863; x_wconf 80' lang='grc' dir='ltr'>ἐπαισχύ-</span> 
     </span>
    </p>
   </div>
   <div class='ocr_carea' id='block_1_9' title="bbox 192 883 1788 954">
    <p class='ocr_par' dir='ltr' id='par_1_9' title="bbox 192 883 1788 954">
     <span class='ocr_line' id='line_1_9' title="bbox 192 883 1788 954; baseline 0.002 -22"><span class='ocrx_word' id='word_1_61' title='bbox 192 898 358 936; x_wconf 87' lang='grc' dir='ltr'>νεται</span> <span class='ocrx_word' id='word_1_62' title='bbox 401 883 665 952; x_wconf 78' lang='grc' dir='ltr'>ἀδελφοὺς</span> <span class='ocrx_word' id='word_1_63' title='bbox 711 885 907 949; x_wconf 77' lang='grc' dir='ltr'>αὐτοὺς</span> <span class='ocrx_word' id='word_1_64' title='bbox 953 885 1166 947; x_wconf 84' lang='grc' dir='ltr'><strong>καλεῖν,</strong></span> <span class='ocrx_word' id='word_1_65' title='bbox 1217 885 1412 954; x_wconf 84' lang='grc' dir='ltr'>λέγων·</span> <span class='ocrx_word' id='word_1_66' title='bbox 1464 883 1788 952; x_wconf 83' lang='grc' dir='ltr'><strong>Ἀπαγγελῶ</strong></span> 
     </span>
    </p>
   </div>
   <div class='ocr_carea' id='block_1_10' title="bbox 191 974 1788 1048">
    <p class='ocr_par' dir='ltr' id='par_1_10' title="bbox 191 974 1788 1048">
     <span class='ocr_line' id='line_1_10' title="bbox 191 974 1788 1048; baseline 0.002 -22"><span class='ocrx_word' id='word_1_67' title='bbox 191 974 267 1026; x_wconf 83' lang='grc' dir='ltr'>τὸ</span> <span class='ocrx_word' id='word_1_68' title='bbox 299 975 470 1046; x_wconf 73' lang='grc' dir='ltr'>ὄνομά</span> <span class='ocrx_word' id='word_1_69' title='bbox 501 993 595 1029; x_wconf 86' lang='grc' dir='ltr'><strong>σου</strong></span> <span class='ocrx_word' id='word_1_70' title='bbox 625 978 735 1040; x_wconf 89' lang='grc' dir='ltr'>τοῖς</span> <span class='ocrx_word' id='word_1_71' title='bbox 764 976 1014 1044; x_wconf 73' lang='grc' dir='ltr'><strong>ἀδελφοῖς</strong></span> <span class='ocrx_word' id='word_1_72' title='bbox 1045 994 1143 1047; x_wconf 81' lang='grc' dir='ltr'><strong>μου</strong></span> <span class='ocrx_word' id='word_1_73' title='bbox 1177 1017 1191 1039; x_wconf 89' lang='grc'><strong>,</strong></span> <span class='ocrx_word' id='word_1_74' title='bbox 1224 978 1280 1030; x_wconf 81' lang='grc' dir='ltr'>ὲν</span> <span class='ocrx_word' id='word_1_75' title='bbox 1309 978 1460 1048; x_wconf 84' lang='grc' dir='ltr'><strong>μέσῳ</strong></span> <span class='ocrx_word' id='word_1_76' title='bbox 1491 977 1788 1047; x_wconf 79' lang='grc' dir='ltr'><strong>ἐκκλησίας</strong></span> 
     </span>
    </p>
   </div>
   <div class='ocr_carea' id='block_1_11' title="bbox 193 1064 1787 1139">
    <p class='ocr_par' dir='ltr' id='par_1_11' title="bbox 193 1064 1787 1139">
     <span class='ocr_line' id='line_1_11' title="bbox 193 1064 1787 1139; baseline 0.004 -25"><span class='ocrx_word' id='word_1_77' title='bbox 193 1064 439 1134; x_wconf 81' lang='grc' dir='ltr'><strong>ὑμνήσω</strong></span> <span class='ocrx_word' id='word_1_78' title='bbox 487 1082 566 1118; x_wconf 93' lang='grc' dir='ltr'>σε.</span> <span class='ocrx_word' id='word_1_79' title='bbox 608 1084 626 1117; x_wconf 75' lang='grc' dir='ltr'><strong>ι</strong></span> <span class='ocrx_word' id='word_1_80' title='bbox 675 1066 889 1121; x_wconf 83' lang='grc' dir='ltr'>Οίονται</span> <span class='ocrx_word' id='word_1_81' title='bbox 936 1068 1078 1137; x_wconf 87' lang='grc' dir='ltr'>τάχα</span> <span class='ocrx_word' id='word_1_82' title='bbox 1108 1084 1209 1121; x_wconf 83' lang='grc' dir='ltr'><strong>που</strong></span> <span class='ocrx_word' id='word_1_83' title='bbox 1254 1068 1362 1122; x_wconf 87' lang='grc' dir='ltr'><strong>τῶν</strong></span> <span class='ocrx_word' id='word_1_84' title='bbox 1399 1067 1787 1139; x_wconf 79' lang='grc' dir='ltr'><strong>ἀμαθεστέρων</strong></span> 
     </span>
    </p>
   </div>
   <div class='ocr_carea' id='block_1_12' title="bbox 192 1153 1787 1225">
    <p class='ocr_par' dir='ltr' id='par_1_12' title="bbox 192 1153 1787 1225">
     <span class='ocr_line' id='line_1_12' title="bbox 192 1153 1787 1225; baseline 0 -20"><span class='ocrx_word' id='word_1_85' title='bbox 192 1154 387 1216; x_wconf 83' lang='grc' dir='ltr'>τινὲς,</span> <span class='ocrx_word' id='word_1_86' title='bbox 428 1154 524 1207; x_wconf 72' lang='grc' dir='ltr'>καὶ</span> <span class='ocrx_word' id='word_1_87' title='bbox 562 1153 791 1225; x_wconf 82' lang='grc' dir='ltr'>διαιρεῖν</span> <span class='ocrx_word' id='word_1_88' title='bbox 824 1154 1093 1208; x_wconf 76' lang='grc' dir='ltr'>εἰωθότων</span> <span class='ocrx_word' id='word_1_89' title='bbox 1137 1157 1216 1219; x_wconf 82' lang='grc' dir='ltr'>εἰς</span> <span class='ocrx_word' id='word_1_90' title='bbox 1255 1155 1347 1209; x_wconf 78' lang='grc' dir='ltr'><strong>δύο</strong></span> <span class='ocrx_word' id='word_1_91' title='bbox 1386 1155 1659 1225; x_wconf 78' lang='grc' dir='ltr'>Χριστοὺς</span> <span class='ocrx_word' id='word_1_92' title='bbox 1692 1154 1787 1205; x_wconf 72' lang='grc' dir='ltr'>καὶ</span> 
     </span>
    </p>
   </div>
   <div class='ocr_carea' id='block_1_13' title="bbox 195 1242 1788 1315">
    <p class='ocr_par' dir='ltr' id='par_1_13' title="bbox 195 1242 1788 1315">
     <span class='ocr_line' id='line_1_13' title="bbox 195 1242 1788 1315; baseline 0 -22"><span class='ocrx_word' id='word_1_93' title='bbox 195 1243 290 1305; x_wconf 80' lang='grc' dir='ltr'>εἰς</span> <span class='ocrx_word' id='word_1_94' title='bbox 310 1242 404 1296; x_wconf 84' lang='grc' dir='ltr'><strong>δύο</strong></span> <span class='ocrx_word' id='word_1_95' title='bbox 434 1244 586 1307; x_wconf 78' lang='grc' dir='ltr'>υἱοὺς</span> <span class='ocrx_word' id='word_1_96' title='bbox 619 1243 710 1297; x_wconf 81' lang='grc' dir='ltr'><strong>τὸν</strong></span> <span class='ocrx_word' id='word_1_97' title='bbox 743 1245 841 1299; x_wconf 81' lang='grc' dir='ltr'>’ἑνα</span> <span class='ocrx_word' id='word_1_98' title='bbox 876 1244 1076 1315; x_wconf 78' lang='grc' dir='ltr'>Κύριον</span> <span class='ocrx_word' id='word_1_99' title='bbox 1140 1243 1347 1314; x_wconf 81' lang='grc' dir='ltr'><strong>Ἰησοῦν</strong></span> <span class='ocrx_word' id='word_1_100' title='bbox 1393 1242 1627 1315; x_wconf 83' lang='grc' dir='ltr'>Χριστὸν</span> <span class='ocrx_word' id='word_1_101' title='bbox 1652 1281 1666 1305; x_wconf 96' lang='grc'><strong>,</strong></span> <span class='ocrx_word' id='word_1_102' title='bbox 1697 1257 1788 1294; x_wconf 87' lang='grc' dir='ltr'>τε-</span> 
     </span>
    </p>
   </div>
   <div class='ocr_carea' id='block_1_14' title="bbox 193 1331 1789 1407">
    <p class='ocr_par' dir='ltr' id='par_1_14' title="bbox 193 1331 1789 1407">
     <span class='ocr_line' id='line_1_14' title="bbox 193 1331 1789 1407; baseline -0.001 -20"><span class='ocrx_word' id='word_1_103' title='bbox 193 1333 498 1405; x_wconf 79' lang='grc' dir='ltr'>λειωθῆναι</span> <span class='ocrx_word' id='word_1_104' title='bbox 528 1334 782 1404; x_wconf 86' lang='grc' dir='ltr'>λέγεσθαι</span> <span class='ocrx_word' id='word_1_105' title='bbox 815 1335 903 1390; x_wconf 79' lang='grc' dir='ltr'>διὰ</span> <span class='ocrx_word' id='word_1_106' title='bbox 931 1335 1273 1407; x_wconf 84' lang='grc' dir='ltr'>παθημάτων</span> <span class='ocrx_word' id='word_1_107' title='bbox 1305 1336 1397 1388; x_wconf 85' lang='grc' dir='ltr'><strong>τὸν</strong></span> <span class='ocrx_word' id='word_1_108' title='bbox 1441 1336 1508 1388; x_wconf 84' lang='grc' dir='ltr'>ὲκ</span> <span class='ocrx_word' id='word_1_109' title='bbox 1532 1331 1789 1402; x_wconf 84' lang='grc' dir='ltr'>γυναικὸς</span> 
     </span>
    </p>
   </div>
   <div class='ocr_carea' id='block_1_15' title="bbox 194 1423 1785 1497">
    <p class='ocr_par' dir='ltr' id='par_1_15' title="bbox 194 1423 1785 1497">
     <span class='ocr_line' id='line_1_15' title="bbox 194 1423 1785 1497; baseline -0.003 -18"><span class='ocrx_word' id='word_1_110' title='bbox 194 1426 495 1496; x_wconf 79' lang='grc' dir='ltr'>ἄνθρωπον</span> <span class='ocrx_word' id='word_1_111' title='bbox 524 1425 628 1497; x_wconf 80' lang='grc' dir='ltr'>ἰδίᾳ</span> <span class='ocrx_word' id='word_1_112' title='bbox 652 1425 961 1496; x_wconf 78' lang='grc' dir='ltr'>νοούμενον,</span> <span class='ocrx_word' id='word_1_113' title='bbox 999 1430 1090 1479; x_wconf 73' lang='grc' dir='ltr'>καὶ</span> <span class='ocrx_word' id='word_1_114' title='bbox 1118 1426 1240 1497; x_wconf 85' lang='grc' dir='ltr'>δίχα</span> <span class='ocrx_word' id='word_1_115' title='bbox 1273 1425 1366 1479; x_wconf 88' lang='grc' dir='ltr'><strong>τοῦ</strong></span> <span class='ocrx_word' id='word_1_116' title='bbox 1397 1427 1461 1479; x_wconf 86' lang='grc' dir='ltr'>ὲκ</span> <span class='ocrx_word' id='word_1_117' title='bbox 1490 1423 1625 1478; x_wconf 82' lang='grc' dir='ltr'>Θεοῦ</span> <span class='ocrx_word' id='word_1_118' title='bbox 1670 1425 1785 1476; x_wconf 90' lang='grc' dir='ltr'>Πα-</span> 
     </span>
    </p>
   </div>
   <div class='ocr_carea' id='block_1_16' title="bbox 194 1514 1788 1586">
    <p class='ocr_par' dir='ltr' id='par_1_16' title="bbox 194 1514 1788 1586">
     <span class='ocr_line' id='line_1_16' title="bbox 194 1514 1788 1586; baseline 0 -19"><span class='ocrx_word' id='word_1_119' title='bbox 194 1516 335 1585; x_wconf 82' lang='grc' dir='ltr'>τρὸς</span> <span class='ocrx_word' id='word_1_120' title='bbox 364 1516 519 1578; x_wconf 77' lang='grc' dir='ltr'>ὄντος</span> <span class='ocrx_word' id='word_1_121' title='bbox 551 1518 726 1584; x_wconf 82' lang='grc' dir='ltr'>Λόγου</span> <span class='ocrx_word' id='word_1_122' title='bbox 753 1557 769 1583; x_wconf 88' lang='grc'><strong>,</strong></span> <span class='ocrx_word' id='word_1_123' title='bbox 791 1518 887 1570; x_wconf 76' lang='grc' dir='ltr'>καὶ</span> <span class='ocrx_word' id='word_1_124' title='bbox 914 1516 1077 1570; x_wconf 80' lang='grc' dir='ltr'>αὐτὸν</span> <span class='ocrx_word' id='word_1_125' title='bbox 1104 1516 1360 1586; x_wconf 84' lang='grc' dir='ltr'>λέγεσθαι</span> <span class='ocrx_word' id='word_1_126' title='bbox 1390 1514 1788 1586; x_wconf 81' lang='grc' dir='ltr'>τῆςσωτηρίας</span> 
     </span>
    </p>
   </div>
   <div class='ocr_carea' id='block_1_17' title="bbox 197 1605 1787 1678">
    <p class='ocr_par' dir='ltr' id='par_1_17' title="bbox 197 1605 1787 1678">
     <span class='ocr_line' id='line_1_17' title="bbox 197 1605 1787 1678; baseline 0 -20"><span class='ocrx_word' id='word_1_127' title='bbox 197 1607 367 1677; x_wconf 76' lang='grc' dir='ltr'>ἡμῶν</span> <span class='ocrx_word' id='word_1_128' title='bbox 389 1606 479 1659; x_wconf 73' lang='grc' dir='ltr'>τὸν</span> <span class='ocrx_word' id='word_1_129' title='bbox 510 1607 772 1678; x_wconf 87' lang='grc' dir='ltr'>ἀρχηγόν.</span> <span class='ocrx_word' id='word_1_130' title='bbox 815 1607 1206 1662; x_wconf 82' lang='grc' dir='ltr'>Τετελειῶσθαι</span> <span class='ocrx_word' id='word_1_131' title='bbox 1241 1608 1297 1661; x_wconf 82' lang='grc' dir='ltr'><strong>δὲ</strong></span> <span class='ocrx_word' id='word_1_132' title='bbox 1324 1610 1453 1678; x_wconf 87' lang='grc' dir='ltr'>παρ’</span> <span class='ocrx_word' id='word_1_133' title='bbox 1499 1606 1663 1661; x_wconf 71' lang='grc' dir='ltr'>αὑτοῦ</span> <span class='ocrx_word' id='word_1_134' title='bbox 1693 1605 1787 1659; x_wconf 89' lang='grc' dir='ltr'><strong>τοῦ</strong></span> 
     </span>
    </p>
   </div>
   <div class='ocr_carea' id='block_1_18' title="bbox 196 1696 1791 1771">
    <p class='ocr_par' dir='ltr' id='par_1_18' title="bbox 196 1696 1791 1771">
     <span class='ocr_line' id='line_1_18' title="bbox 196 1696 1791 1771; baseline 0.001 -23"><span class='ocrx_word' id='word_1_135' title='bbox 196 1696 344 1749; x_wconf 82' lang='grc' dir='ltr'>Θεοῦ</span> <span class='ocrx_word' id='word_1_136' title='bbox 371 1697 549 1765; x_wconf 85' lang='grc' dir='ltr'>Λόγου</span> <span class='ocrx_word' id='word_1_137' title='bbox 581 1698 805 1752; x_wconf 78' lang='grc' dir='ltr'>δοθέντα</span> <span class='ocrx_word' id='word_1_138' title='bbox 837 1700 973 1771; x_wconf 73' lang='grc' dir='ltr'>πρὸς</span> <span class='ocrx_word' id='word_1_139' title='bbox 1009 1699 1071 1753; x_wconf 83' lang='grc' dir='ltr'><strong>τὸ</strong></span> <span class='ocrx_word' id='word_1_140' title='bbox 1096 1700 1267 1762; x_wconf 83' lang='grc' dir='ltr'>πάθος</span> <span class='ocrx_word' id='word_1_141' title='bbox 1300 1697 1314 1749; x_wconf 81' lang='lat' dir='ltr'><strong>i</strong></span> <span class='ocrx_word' id='word_1_142' title='bbox 1369 1699 1444 1761; x_wconf 88' lang='grc' dir='ltr'>ὼς</span> <span class='ocrx_word' id='word_1_143' title='bbox 1480 1698 1661 1769; x_wconf 79' lang='grc' dir='ltr'>ἓτερον</span> <span class='ocrx_word' id='word_1_144' title='bbox 1695 1697 1791 1750; x_wconf 79' lang='grc' dir='ltr'>ἰδιο</span> 
     </span>
    </p>
   </div>
   <div class='ocr_carea' id='block_1_19' title="bbox 198 1788 1790 1865">
    <p class='ocr_par' dir='ltr' id='par_1_19' title="bbox 198 1788 1790 1865">
     <span class='ocr_line' id='line_1_19' title="bbox 198 1788 1790 1865; baseline 0.001 -24"><span class='ocrx_word' id='word_1_145' title='bbox 198 1788 342 1851; x_wconf 78' lang='grc' dir='ltr'>κῶς.</span> <span class='ocrx_word' id='word_1_146' title='bbox 386 1791 622 1860; x_wconf 88' lang='grc' dir='ltr'>Πρέπειν</span> <span class='ocrx_word' id='word_1_147' title='bbox 659 1791 769 1862; x_wconf 77' lang='grc' dir='ltr'>γὰρ</span> <span class='ocrx_word' id='word_1_148' title='bbox 807 1792 957 1863; x_wconf 79' lang='grc' dir='ltr'>αὐτῷ</span> <span class='ocrx_word' id='word_1_149' title='bbox 983 1792 1046 1865; x_wconf 83' lang='grc' dir='ltr'>δὴ</span> <span class='ocrx_word' id='word_1_150' title='bbox 1080 1791 1317 1863; x_wconf 87' lang='grc' dir='ltr'>μάλιστά</span> <span class='ocrx_word' id='word_1_151' title='bbox 1360 1808 1491 1861; x_wconf 83' lang='grc' dir='ltr'>φασι</span> <span class='ocrx_word' id='word_1_152' title='bbox 1527 1790 1605 1860; x_wconf 83' lang='grc' dir='ltr'><strong>τῷ</strong></span> <span class='ocrx_word' id='word_1_153' title='bbox 1638 1791 1704 1844; x_wconf 88' lang='grc' dir='ltr'>δι’</span> <span class='ocrx_word' id='word_1_154' title='bbox 1731 1789 1790 1844; x_wconf 79' lang='grc' dir='ltr'>ὃν</span> 
     </span>
    </p>
   </div>
   <div class='ocr_carea' id='block_1_20' title="bbox 1893 611 3468 685">
    <p class='ocr_par' dir='ltr' id='par_1_20' title="bbox 1893 611 3468 685">
     <span class='ocr_line' id='line_1_20' title="bbox 1893 611 3468 685; baseline 0.002 -20"><span class='ocrx_word' id='word_1_155' title='bbox 1893 611 2029 666; x_wconf 88' lang='lat' dir='ltr'><strong>riam</strong></span> <span class='ocrx_word' id='word_1_156' title='bbox 2074 612 2398 679; x_wconf 75' lang='lat' dir='ltr'><strong>adduxerat,</strong></span> <span class='ocrx_word' id='word_1_157' title='bbox 2438 622 2712 667; x_wconf 73' lang='lat' dir='ltr'><strong>auctorem</strong></span> <span class='ocrx_word' id='word_1_158' title='bbox 2752 613 2947 667; x_wconf 87' lang='lat' dir='ltr'><strong>salutis</strong></span> <span class='ocrx_word' id='word_1_159' title='bbox 2981 628 3167 668; x_wconf 88' lang='lat' dir='ltr'><strong>eorum</strong></span> <span class='ocrx_word' id='word_1_160' title='bbox 3214 629 3311 685; x_wconf 88' lang='lat' dir='ltr'><strong>per</strong></span> <span class='ocrx_word' id='word_1_161' title='bbox 3338 630 3468 683; x_wconf 87' lang='lat' dir='ltr'><strong>pas-</strong></span> 
     </span>
    </p>
   </div>
   <div class='ocr_carea' id='block_1_21' title="bbox 1891 703 3467 776">
    <p class='ocr_par' dir='ltr' id='par_1_21' title="bbox 1891 703 3467 776">
     <span class='ocr_line' id='line_1_21' title="bbox 1891 703 3467 776; baseline 0.001 -20"><span class='ocrx_word' id='word_1_162' title='bbox 1891 704 2072 758; x_wconf 85' lang='lat' dir='ltr'><strong>siones</strong></span> <span class='ocrx_word' id='word_1_163' title='bbox 2109 718 2511 759; x_wconf 85' lang='lat' dir='ltr'><strong>consummare.</strong></span> <span class='ocrx_word' id='word_1_164' title='bbox 2560 703 2661 770; x_wconf 83' lang='lat' dir='ltr'><strong>Qui</strong></span> <span class='ocrx_word' id='word_1_165' title='bbox 2713 704 2856 759; x_wconf 87' lang='lat' dir='ltr'><strong>enim</strong></span> <span class='ocrx_word' id='word_1_166' title='bbox 2904 705 3228 773; x_wconf 87' lang='lat' dir='ltr'><strong>sanctiﬁcat,</strong></span> <span class='ocrx_word' id='word_1_167' title='bbox 3282 716 3337 761; x_wconf 89' lang='lat' dir='ltr'><strong>et</strong></span> <span class='ocrx_word' id='word_1_168' title='bbox 3376 705 3467 776; x_wconf 85' lang='lat' dir='ltr'><strong>qui</strong></span> 
     </span>
    </p>
   </div>
   <div class='ocr_carea' id='block_1_22' title="bbox 1889 793 3464 865">
    <p class='ocr_par' dir='ltr' id='par_1_22' title="bbox 1889 793 3464 865">
     <span class='ocr_line' id='line_1_22' title="bbox 1889 793 3464 865; baseline 0.003 -18"><span class='ocrx_word' id='word_1_169' title='bbox 1889 793 2323 861; x_wconf 87' lang='lat' dir='ltr'><strong>sanctiﬁcantur,</strong></span> <span class='ocrx_word' id='word_1_170' title='bbox 2368 808 2433 848; x_wconf 81' lang='lat' dir='ltr'><strong>ex</strong></span> <span class='ocrx_word' id='word_1_171' title='bbox 2473 810 2581 848; x_wconf 93' lang='lat' dir='ltr'><strong>uno</strong></span> <span class='ocrx_word' id='word_1_172' title='bbox 2624 809 2833 849; x_wconf 88' lang='lat' dir='ltr'><strong>omnes.</strong></span> <span class='ocrx_word' id='word_1_173' title='bbox 2866 793 3092 862; x_wconf 79' lang='lat' dir='ltr'><strong>Propter</strong></span> <span class='ocrx_word' id='word_1_174' title='bbox 3131 812 3290 865; x_wconf 89' lang='lat' dir='ltr'><strong>quam</strong></span> <span class='ocrx_word' id='word_1_175' title='bbox 3334 814 3464 851; x_wconf 86' lang='lat' dir='ltr'><strong>cau-</strong></span> 
     </span>
    </p>
   </div>
   <div class='ocr_carea' id='block_1_23' title="bbox 1889 883 3463 952">
    <p class='ocr_par' dir='ltr' id='par_1_23' title="bbox 1889 883 3463 952">
     <span class='ocr_line' id='line_1_23' title="bbox 1889 883 3463 952; baseline 0.002 -15"><span class='ocrx_word' id='word_1_176' title='bbox 1889 897 2005 937; x_wconf 87' lang='lat' dir='ltr'><strong>sam</strong></span> <span class='ocrx_word' id='word_1_177' title='bbox 2060 899 2167 937; x_wconf 91' lang='lat' dir='ltr'><strong>non</strong></span> <span class='ocrx_word' id='word_1_178' title='bbox 2219 883 2566 939; x_wconf 86' lang='lat' dir='ltr'><strong>confunditur</strong></span> <span class='ocrx_word' id='word_1_179' title='bbox 2602 886 2798 939; x_wconf 81' lang='lat' dir='ltr'><strong>fratres</strong></span> <span class='ocrx_word' id='word_1_180' title='bbox 2846 898 2941 939; x_wconf 90' lang='lat' dir='ltr'><strong>eos</strong></span> <span class='ocrx_word' id='word_1_181' title='bbox 2987 900 3201 952; x_wconf 86' lang='lat' dir='ltr'><strong>vocare,</strong></span> <span class='ocrx_word' id='word_1_182' title='bbox 3235 887 3463 943; x_wconf 89' lang='lat' dir='ltr'><strong>dicens:</strong></span> 
     </span>
    </p>
   </div>
   <div class='ocr_carea' id='block_1_24' title="bbox 1890 975 3466 1043">
    <p class='ocr_par' dir='ltr' id='par_1_24' title="bbox 1890 975 3466 1043">
     <span class='ocr_line' id='line_1_24' title="bbox 1890 975 3466 1043; baseline 0.001 -13"><span class='ocrx_word' id='word_1_183' title='bbox 1890 976 2243 1030; x_wconf 85' lang='lat' dir='ltr'><strong>Annuntiabo</strong></span> <span class='ocrx_word' id='word_1_184' title='bbox 2275 991 2471 1031; x_wconf 85' lang='lat' dir='ltr'><strong>nomen</strong></span> <span class='ocrx_word' id='word_1_185' title='bbox 2518 985 2664 1029; x_wconf 91' lang='lat' dir='ltr'><strong>tuum</strong></span> <span class='ocrx_word' id='word_1_186' title='bbox 2707 975 2965 1030; x_wconf 80' lang='lat' dir='ltr'><strong>fratribus</strong></span> <span class='ocrx_word' id='word_1_187' title='bbox 3006 977 3159 1043; x_wconf 88' lang='lat' dir='ltr'><strong>meis,</strong></span> <span class='ocrx_word' id='word_1_188' title='bbox 3206 978 3258 1030; x_wconf 87' lang='lat' dir='ltr'><strong>in</strong></span> <span class='ocrx_word' id='word_1_189' title='bbox 3290 979 3466 1031; x_wconf 90' lang='lat' dir='ltr'><strong>medio</strong></span> 
     </span>
    </p>
   </div>
   <div class='ocr_carea' id='block_1_25' title="bbox 1890 1061 3464 1132">
    <p class='ocr_par' dir='ltr' id='par_1_25' title="bbox 1890 1061 3464 1132">
     <span class='ocr_line' id='line_1_25' title="bbox 1890 1061 3464 1132; baseline 0.001 -16"><span class='ocrx_word' id='word_1_190' title='bbox 1890 1061 2133 1116; x_wconf 70' lang='lat' dir='ltr'><strong>ecclesia:</strong></span> <span class='ocrx_word' id='word_1_191' title='bbox 2162 1062 2389 1116; x_wconf 88' lang='lat' dir='ltr'><strong>laudabo</strong></span> <span class='ocrx_word' id='word_1_192' title='bbox 2405 1071 2457 1117; x_wconf 89' lang='lat' dir='ltr'><strong>te</strong></span> <span class='ocrx_word' id='word_1_193' title='bbox 2480 1063 2546 1116; x_wconf 70' lang='grc'><strong>⁵⁷.</strong></span> <span class='ocrx_word' id='word_1_194' title='bbox 2580 1081 2598 1113; x_wconf 76' lang='grc' dir='ltr'><strong>ι</strong></span> <span class='ocrx_word' id='word_1_195' title='bbox 2636 1063 2925 1127; x_wconf 74' lang='lat' dir='ltr'><strong>ltudiores,</strong></span> <span class='ocrx_word' id='word_1_196' title='bbox 2954 1065 3044 1132; x_wconf 89' lang='lat' dir='ltr'><strong>qui</strong></span> <span class='ocrx_word' id='word_1_197' title='bbox 3065 1063 3346 1119; x_wconf 89' lang='lat' dir='ltr'><strong>Dominum</strong></span> <span class='ocrx_word' id='word_1_198' title='bbox 3370 1082 3464 1119; x_wconf 82' lang='lat' dir='ltr'><strong>no-</strong></span> 
     </span>
    </p>
   </div>
   <div class='ocr_carea' id='block_1_26' title="bbox 1888 1152 3464 1224">
    <p class='ocr_par' dir='ltr' id='par_1_26' title="bbox 1888 1152 3464 1224">
     <span class='ocr_line' id='line_1_26' title="bbox 1888 1152 3464 1224; baseline 0.003 -19"><span class='ocrx_word' id='word_1_199' title='bbox 1888 1162 2057 1206; x_wconf 87' lang='lat' dir='ltr'><strong>strutn</strong></span> <span class='ocrx_word' id='word_1_200' title='bbox 2081 1152 2265 1208; x_wconf 88' lang='lat' dir='ltr'><strong>Jesum</strong></span> <span class='ocrx_word' id='word_1_201' title='bbox 2302 1154 2579 1209; x_wconf 86' lang='lat' dir='ltr'><strong>Christum</strong></span> <span class='ocrx_word' id='word_1_202' title='bbox 2608 1154 2745 1209; x_wconf 87' lang='lat' dir='ltr'><strong>duos</strong></span> <span class='ocrx_word' id='word_1_203' title='bbox 2778 1154 3024 1209; x_wconf 79' lang='lat' dir='ltr'><strong>Christos</strong></span> <span class='ocrx_word' id='word_1_204' title='bbox 3057 1156 3385 1224; x_wconf 89' lang='lat' dir='ltr'><strong>totidemque</strong></span> <span class='ocrx_word' id='word_1_205' title='bbox 3409 1158 3464 1210; x_wconf 86' lang='lat' dir='ltr'><strong>ﬁ-</strong></span> 
     </span>
    </p>
   </div>
   <div class='ocr_carea' id='block_1_27' title="bbox 1890 1245 3461 1312">
    <p class='ocr_par' dir='ltr' id='par_1_27' title="bbox 1890 1245 3461 1312">
     <span class='ocr_line' id='line_1_27' title="bbox 1890 1245 3461 1312; baseline 0.004 -16"><span class='ocrx_word' id='word_1_206' title='bbox 1890 1245 1988 1299; x_wconf 92' lang='lat' dir='ltr'><strong>lios</strong></span> <span class='ocrx_word' id='word_1_207' title='bbox 2006 1260 2102 1300; x_wconf 92' lang='lat' dir='ltr'><strong>suo</strong></span> <span class='ocrx_word' id='word_1_208' title='bbox 2118 1260 2266 1299; x_wconf 92' lang='lat' dir='ltr'><strong>more</strong></span> <span class='ocrx_word' id='word_1_209' title='bbox 2284 1245 2551 1312; x_wconf 87' lang='lat' dir='ltr'><strong>dividunt,</strong></span> <span class='ocrx_word' id='word_1_210' title='bbox 2567 1248 2907 1301; x_wconf 83' lang='lat' dir='ltr'><strong>arbitrantur</strong></span> <span class='ocrx_word' id='word_1_211' title='bbox 2924 1246 3170 1302; x_wconf 84' lang='lat' dir='ltr'><strong>fortassis</strong></span> <span class='ocrx_word' id='word_1_212' title='bbox 3192 1249 3461 1303; x_wconf 84' lang='lat' dir='ltr'><strong>hominem</strong></span> 
     </span>
    </p>
   </div>
   <div class='ocr_carea' id='block_1_28' title="bbox 1889 1337 3463 1406">
    <p class='ocr_par' dir='ltr' id='par_1_28' title="bbox 1889 1337 3463 1406">
     <span class='ocr_line' id='line_1_28' title="bbox 1889 1337 3463 1406; baseline 0.001 -15"><span class='ocrx_word' id='word_1_213' title='bbox 1889 1352 1954 1391; x_wconf 80' lang='lat' dir='ltr'><strong>ex</strong></span> <span class='ocrx_word' id='word_1_214' title='bbox 1975 1337 2200 1392; x_wconf 87' lang='lat' dir='ltr'><strong>muliere</strong></span> <span class='ocrx_word' id='word_1_215' title='bbox 2224 1348 2432 1404; x_wconf 89' lang='lat' dir='ltr'><strong>natum,</strong></span> <span class='ocrx_word' id='word_1_216' title='bbox 2465 1352 2706 1393; x_wconf 83' lang='lat' dir='ltr'><strong>seorsum</strong></span> <span class='ocrx_word' id='word_1_217' title='bbox 2727 1354 2822 1406; x_wconf 89' lang='lat' dir='ltr'><strong>per</strong></span> <span class='ocrx_word' id='word_1_218' title='bbox 2844 1354 2923 1401; x_wconf 89' lang='lat' dir='ltr'><strong>se.</strong></span> <span class='ocrx_word' id='word_1_219' title='bbox 2949 1340 3049 1393; x_wconf 91' lang='lat' dir='ltr'><strong>hoc</strong></span> <span class='ocrx_word' id='word_1_220' title='bbox 3071 1348 3171 1401; x_wconf 84' lang='lat' dir='ltr'><strong>est,</strong></span> <span class='ocrx_word' id='word_1_221' title='bbox 3196 1356 3223 1392; x_wconf 88' lang='lat' dir='ltr'><strong>a</strong></span> <span class='ocrx_word' id='word_1_222' title='bbox 3247 1338 3336 1394; x_wconf 87' lang='lat' dir='ltr'><strong>Dei</strong></span> <span class='ocrx_word' id='word_1_223' title='bbox 3358 1340 3463 1395; x_wconf 87' lang='lat' dir='ltr'><strong>Pa-</strong></span> 
     </span>
    </p>
   </div>
   <div class='ocr_carea' id='block_1_29' title="bbox 1891 1427 3464 1498">
    <p class='ocr_par' dir='ltr' id='par_1_29' title="bbox 1891 1427 3464 1498">
     <span class='ocr_line' id='line_1_29' title="bbox 1891 1427 3464 1498; baseline 0 -15"><span class='ocrx_word' id='word_1_224' title='bbox 1891 1429 1990 1483; x_wconf 87' lang='lat' dir='ltr'><strong>tris</strong></span> <span class='ocrx_word' id='word_1_225' title='bbox 2022 1428 2201 1484; x_wconf 84' lang='lat' dir='ltr'><strong>Verbo</strong></span> <span class='ocrx_word' id='word_1_226' title='bbox 2230 1427 2555 1497; x_wconf 77' lang='lat' dir='ltr'><strong>seiunctum,</strong></span> <span class='ocrx_word' id='word_1_227' title='bbox 2591 1428 2744 1498; x_wconf 75' lang='lat'><strong>151</strong></span> <span class='ocrx_word' id='word_1_228' title='bbox 2776 1443 2869 1498; x_wconf 92' lang='lat' dir='ltr'><strong>per</strong></span> <span class='ocrx_word' id='word_1_229' title='bbox 2899 1430 3178 1498; x_wconf 89' lang='lat' dir='ltr'><strong>passiones</strong></span> <span class='ocrx_word' id='word_1_230' title='bbox 3210 1429 3298 1484; x_wconf 90' lang='lat' dir='ltr'><strong>hic</strong></span> <span class='ocrx_word' id='word_1_231' title='bbox 3329 1445 3464 1485; x_wconf 90' lang='lat' dir='ltr'><strong>con-</strong></span> 
     </span>
    </p>
   </div>
   <div class='ocr_carea' id='block_1_30' title="bbox 1890 1518 3463 1589">
    <p class='ocr_par' dir='ltr' id='par_1_30' title="bbox 1890 1518 3463 1589">
     <span class='ocr_line' id='line_1_30' title="bbox 1890 1518 3463 1589; baseline -0.001 -16"><span class='ocrx_word' id='word_1_232' title='bbox 1890 1529 2213 1574; x_wconf 86' lang='lat' dir='ltr'><strong>summatum</strong></span> <span class='ocrx_word' id='word_1_233' title='bbox 2259 1520 2565 1589; x_wconf 70' lang='lat' dir='ltr'><strong>praedicari,</strong></span> <span class='ocrx_word' id='word_1_234' title='bbox 2618 1520 2978 1587; x_wconf 91' lang='lat' dir='ltr'><strong>enmdemque</strong></span> <span class='ocrx_word' id='word_1_235' title='bbox 3027 1518 3217 1572; x_wconf 85' lang='lat' dir='ltr'><strong>salutis</strong></span> <span class='ocrx_word' id='word_1_236' title='bbox 3264 1528 3463 1572; x_wconf 75' lang='lat' dir='ltr'><strong>nostrze</strong></span> 
     </span>
    </p>
   </div>
   <div class='ocr_carea' id='block_1_31' title="bbox 1891 1607 3460 1677">
    <p class='ocr_par' dir='ltr' id='par_1_31' title="bbox 1891 1607 3460 1677">
     <span class='ocr_line' id='line_1_31' title="bbox 1891 1607 3460 1677; baseline -0.001 -16"><span class='ocrx_word' id='word_1_237' title='bbox 1891 1619 2166 1663; x_wconf 88' lang='lat' dir='ltr'><strong>auctorem</strong></span> <span class='ocrx_word' id='word_1_238' title='bbox 2197 1608 2299 1664; x_wconf 89' lang='lat' dir='ltr'><strong>hoc</strong></span> <span class='ocrx_word' id='word_1_239' title='bbox 2325 1608 2443 1663; x_wconf 90' lang='lat' dir='ltr'><strong>loco</strong></span> <span class='ocrx_word' id='word_1_240' title='bbox 2464 1607 2723 1677; x_wconf 91' lang='lat' dir='ltr'><strong>appellari</strong></span> <span class='ocrx_word' id='word_1_241' title='bbox 2746 1622 2761 1673; x_wconf 88' lang='lat'><strong>;</strong></span> <span class='ocrx_word' id='word_1_242' title='bbox 2788 1617 3226 1662; x_wconf 88' lang='lat' dir='ltr'><strong>consummatum</strong></span> <span class='ocrx_word' id='word_1_243' title='bbox 3253 1616 3460 1672; x_wconf 83' lang='lat' dir='ltr'><strong>autem,</strong></span> 
     </span>
    </p>
   </div>
   <div class='ocr_carea' id='block_1_32' title="bbox 1891 1689 3462 1768">
    <p class='ocr_par' dir='ltr' id='par_1_32' title="bbox 1891 1689 3462 1768">
     <span class='ocr_line' id='line_1_32' title="bbox 1891 1689 3462 1768; baseline 0 -15"><span class='ocrx_word' id='word_1_244' title='bbox 1891 1707 1947 1753; x_wconf 88' lang='lat' dir='ltr'><strong>et</strong></span> <span class='ocrx_word' id='word_1_245' title='bbox 1980 1700 2223 1767; x_wconf 84' lang='lat' dir='ltr'><strong>passioni</strong></span> <span class='ocrx_word' id='word_1_246' title='bbox 2252 1689 2417 1755; x_wconf 67' lang='lat' dir='ltr'><strong>veluti</strong></span> <span class='ocrx_word' id='word_1_247' title='bbox 2452 1698 2683 1753; x_wconf 89' lang='lat' dir='ltr'><strong>alterum</strong></span> <span class='ocrx_word' id='word_1_248' title='bbox 2715 1699 3023 1768; x_wconf 86' lang='lat' dir='ltr'><strong>quempiam</strong></span> <span class='ocrx_word' id='word_1_249' title='bbox 3059 1713 3088 1752; x_wconf 90' lang='lat' dir='ltr'><strong>a</strong></span> <span class='ocrx_word' id='word_1_250' title='bbox 3126 1713 3205 1766; x_wconf 86' lang='lat' dir='ltr'><strong>se,</strong></span> <span class='ocrx_word' id='word_1_251' title='bbox 3240 1699 3306 1751; x_wconf 90' lang='lat' dir='ltr'><strong>ab</strong></span> <span class='ocrx_word' id='word_1_252' title='bbox 3344 1698 3462 1768; x_wconf 82' lang='lat' dir='ltr'><strong>ipso</strong></span> 
     </span>
    </p>
   </div>
   <div class='ocr_carea' id='block_1_33' title="bbox 1892 1789 3463 1860">
    <p class='ocr_par' dir='ltr' id='par_1_33' title="bbox 1892 1789 3463 1860">
     <span class='ocr_line' id='line_1_33' title="bbox 1892 1789 3463 1860; baseline -0.001 -16"><span class='ocrx_word' id='word_1_253' title='bbox 1892 1789 2069 1846; x_wconf 82' lang='lat' dir='ltr'><strong>Verbo</strong></span> <span class='ocrx_word' id='word_1_254' title='bbox 2098 1790 2364 1859; x_wconf 85' lang='lat' dir='ltr'><strong>objeeturn</strong></span> <span class='ocrx_word' id='word_1_255' title='bbox 2388 1805 2528 1847; x_wconf 88' lang='lat' dir='ltr'><strong>esse.</strong></span> <span class='ocrx_word' id='word_1_256' title='bbox 2548 1789 2681 1844; x_wconf 81' lang='lat' dir='ltr'><strong>Nam</strong></span> <span class='ocrx_word' id='word_1_257' title='bbox 2707 1791 2857 1857; x_wconf 88' lang='lat' dir='ltr'><strong>illud,</strong></span> <span class='ocrx_word' id='word_1_258' title='bbox 2896 1808 2914 1841; x_wconf 75' lang='grc' dir='ltr'><strong>ι</strong></span> <span class='ocrx_word' id='word_1_259' title='bbox 2958 1800 3178 1860; x_wconf 86' lang='lat' dir='ltr'><strong>prepter</strong></span> <span class='ocrx_word' id='word_1_260' title='bbox 3217 1804 3376 1857; x_wconf 87' lang='lat' dir='ltr'><strong>quem</strong></span> <span class='ocrx_word' id='word_1_261' title='bbox 3409 1799 3463 1843; x_wconf 88' lang='lat' dir='ltr'><strong>et</strong></span> 
     </span>
    </p>
   </div>
   <div class='ocr_carea' id='block_1_34' title="bbox 197 1877 1814 1951">
    <p class='ocr_par' dir='ltr' id='par_1_34' title="bbox 197 1877 1789 1951">
     <span class='ocr_line' id='line_1_34' title="bbox 197 1877 1789 1951; baseline 0 -18"><span class='ocrx_word' id='word_1_262' title='bbox 197 1882 274 1933; x_wconf 73' lang='grc' dir='ltr'>τὰ</span> <span class='ocrx_word' id='word_1_263' title='bbox 311 1881 489 1934; x_wconf 85' lang='grc' dir='ltr'>πάντα</span> <span class='ocrx_word' id='word_1_264' title='bbox 520 1884 615 1936; x_wconf 78' lang='grc' dir='ltr'><strong>καὶ</strong></span> <span class='ocrx_word' id='word_1_265' title='bbox 643 1883 708 1935; x_wconf 87' lang='grc' dir='ltr'>δι’</span> <span class='ocrx_word' id='word_1_266' title='bbox 740 1877 800 1937; x_wconf 73' lang='grc' dir='ltr'>οὗ</span> <span class='ocrx_word' id='word_1_267' title='bbox 828 1884 895 1937; x_wconf 85' lang='grc' dir='ltr'>τὰ</span> <span class='ocrx_word' id='word_1_268' title='bbox 928 1883 1127 1949; x_wconf 88' lang='grc' dir='ltr'>πάντα,</span> <span class='ocrx_word' id='word_1_269' title='bbox 1162 1883 1252 1937; x_wconf 84' lang='grc' dir='ltr'><strong>διά</strong></span> <span class='ocrx_word' id='word_1_270' title='bbox 1277 1900 1359 1937; x_wconf 90' lang='grc' dir='ltr'><strong>τοι</strong></span> <span class='ocrx_word' id='word_1_271' title='bbox 1388 1883 1449 1935; x_wconf 84' lang='grc' dir='ltr'><strong>τὸ</strong></span> <span class='ocrx_word' id='word_1_272' title='bbox 1480 1882 1647 1951; x_wconf 83' lang='grc' dir='ltr'>φάναι</span> <span class='ocrx_word' id='word_1_273' title='bbox 1695 1882 1789 1935; x_wconf 77' lang='grc' dir='ltr'><strong>τὸν</strong></span> 
     </span>
    </p>
   </div>
   <div class='ocr_carea' id='block_1_35' title="bbox 1900 1877 3460 1951">
    <p class='ocr_par' dir='ltr' id='par_1_35' title="bbox 1900 1878 3460 1950">
     <span class='ocr_line' id='line_1_35' title="bbox 1900 1878 3460 1950; baseline -0.002 -15"><span class='ocrx_word' id='word_1_274' title='bbox 1900 1897 1987 1950; x_wconf 85' lang='lat' dir='ltr'><strong>per</strong></span> <span class='ocrx_word' id='word_1_275' title='bbox 2030 1895 2188 1950; x_wconf 87' lang='lat' dir='ltr'><strong>quem</strong></span> <span class='ocrx_word' id='word_1_276' title='bbox 2225 1881 2428 1945; x_wconf 89' lang='lat' dir='ltr'><strong>omnia,</strong></span> <span class='ocrx_word' id='word_1_277' title='bbox 2460 1900 2480 1931; x_wconf 80' lang='grc' dir='ltr'><strong>ι</strong></span> <span class='ocrx_word' id='word_1_278' title='bbox 2531 1880 2819 1950; x_wconf 89' lang='lat' dir='ltr'><strong>propriein</strong></span> <span class='ocrx_word' id='word_1_279' title='bbox 2849 1880 2974 1933; x_wconf 91' lang='lat' dir='ltr'><strong>illud</strong></span> <span class='ocrx_word' id='word_1_280' title='bbox 3002 1878 3312 1945; x_wconf 84' lang='lat' dir='ltr'><strong>convenire,</strong></span> <span class='ocrx_word' id='word_1_281' title='bbox 3357 1878 3460 1932; x_wconf 90' lang='lat' dir='ltr'><strong>hoc</strong></span> 
     </span>
    </p>
   </div>
   <div class='ocr_carea' id='block_1_36' title="bbox 202 1970 1781 2044">
    <p class='ocr_par' dir='ltr' id='par_1_36' title="bbox 202 1970 1781 2044">
     <span class='ocr_line' id='line_1_36' title="bbox 202 1970 1781 2044; baseline 0.003 -22"><span class='ocrx_word' id='word_1_282' title='bbox 202 1970 483 2041; x_wconf 84' lang='grc' dir='ltr'>μακάριον</span> <span class='ocrx_word' id='word_1_283' title='bbox 522 1971 937 2044; x_wconf 77' lang='grc' dir='ltr'>εὐαγγελιστὴνο</span> <span class='ocrx_word' id='word_1_284' title='bbox 972 1992 991 2025; x_wconf 75' lang='grc' dir='ltr'><strong>ι</strong></span> <span class='ocrx_word' id='word_1_285' title='bbox 1022 1975 1206 2028; x_wconf 85' lang='grc' dir='ltr'>Πάντα</span> <span class='ocrx_word' id='word_1_286' title='bbox 1242 1974 1310 2027; x_wconf 78' lang='grc' dir='ltr'>δι’</span> <span class='ocrx_word' id='word_1_287' title='bbox 1339 1974 1503 2027; x_wconf 77' lang='grc' dir='ltr'>αὐτοῦ</span> <span class='ocrx_word' id='word_1_288' title='bbox 1533 1975 1781 2041; x_wconf 83' lang='grc' dir='ltr'>ἐγένετο,</span> 
     </span>
    </p>
   </div>
   <div class='ocr_carea' id='block_1_37' title="bbox 199 2062 1786 2135">
    <p class='ocr_par' dir='ltr' id='par_1_37' title="bbox 199 2062 1786 2135">
     <span class='ocr_line' id='line_1_37' title="bbox 199 2062 1786 2135; baseline 0.003 -22"><span class='ocrx_word' id='word_1_289' title='bbox 199 2062 304 2114; x_wconf 77' lang='grc' dir='ltr'>καὶ</span> <span class='ocrx_word' id='word_1_290' title='bbox 354 2063 523 2134; x_wconf 77' lang='grc' dir='ltr'>χωρἰς</span> <span class='ocrx_word' id='word_1_291' title='bbox 567 2064 731 2117; x_wconf 85' lang='grc' dir='ltr'>αὐτοῦ</span> <span class='ocrx_word' id='word_1_292' title='bbox 778 2066 993 2133; x_wconf 75' lang='grc' dir='ltr'>ἐγένετο</span> <span class='ocrx_word' id='word_1_293' title='bbox 1019 2065 1141 2118; x_wconf 83' lang='grc' dir='ltr'>οὐδὲ</span> <span class='ocrx_word' id='word_1_294' title='bbox 1172 2066 1251 2121; x_wconf 72' lang='grc' dir='ltr'><strong>ἓν.</strong></span> <span class='ocrx_word' id='word_1_295' title='bbox 1290 2085 1307 2117; x_wconf 73' lang='grc' dir='ltr'><strong>ι</strong></span> <span class='ocrx_word' id='word_1_296' title='bbox 1355 2095 1427 2105; x_wconf 95' lang='lat'><strong><em>—</em></strong></span> <span class='ocrx_word' id='word_1_297' title='bbox 1477 2086 1495 2117; x_wconf 77' lang='grc' dir='ltr'><strong>ι</strong></span> <span class='ocrx_word' id='word_1_298' title='bbox 1537 2066 1786 2135; x_wconf 87' lang='grc' dir='ltr'>Ἔπρεπε</span> 
     </span>
    </p>
   </div>
   <div class='ocr_carea' id='block_1_38' title="bbox 198 2148 1788 2226">
    <p class='ocr_par' dir='ltr' id='par_1_38' title="bbox 198 2148 1788 2226">
     <span class='ocr_line' id='line_1_38' title="bbox 198 2148 1788 2226; baseline 0.004 -23"><span class='ocrx_word' id='word_1_299' title='bbox 198 2153 411 2217; x_wconf 78' lang='grc' dir='ltr'>τοίνυν,</span> <span class='ocrx_word' id='word_1_300' title='bbox 437 2154 571 2223; x_wconf 75' lang='grc' dir='ltr'>φασὶ</span> <span class='ocrx_word' id='word_1_301' title='bbox 596 2194 611 2219; x_wconf 93' lang='grc'><strong>,</strong></span> <span class='ocrx_word' id='word_1_302' title='bbox 648 2155 726 2226; x_wconf 82' lang='grc' dir='ltr'><strong>τῷ</strong></span> <span class='ocrx_word' id='word_1_303' title='bbox 771 2157 953 2226; x_wconf 85' lang='grc' dir='ltr'>Λόγῳ,</span> <span class='ocrx_word' id='word_1_304' title='bbox 986 2157 1052 2210; x_wconf 85' lang='grc' dir='ltr'>δι’</span> <span class='ocrx_word' id='word_1_305' title='bbox 1081 2156 1140 2210; x_wconf 88' lang='grc' dir='ltr'>ὂν</span> <span class='ocrx_word' id='word_1_306' title='bbox 1171 2156 1239 2209; x_wconf 85' lang='grc' dir='ltr'>τὰ</span> <span class='ocrx_word' id='word_1_307' title='bbox 1286 2157 1466 2211; x_wconf 89' lang='grc' dir='ltr'>πάντα</span> <span class='ocrx_word' id='word_1_308' title='bbox 1499 2156 1595 2209; x_wconf 74' lang='grc' dir='ltr'><strong>καὶ</strong></span> <span class='ocrx_word' id='word_1_309' title='bbox 1629 2155 1695 2208; x_wconf 84' lang='grc' dir='ltr'>δι’</span> <span class='ocrx_word' id='word_1_310' title='bbox 1728 2148 1788 2209; x_wconf 77' lang='grc' dir='ltr'>οὗ</span> 
     </span>
    </p>
   </div>
   <div class='ocr_carea' id='block_1_39' title="bbox 200 2246 1790 2319">
    <p class='ocr_par' dir='ltr' id='par_1_39' title="bbox 200 2246 1790 2319">
     <span class='ocr_line' id='line_1_39' title="bbox 200 2246 1790 2319; baseline 0.001 -20"><span class='ocrx_word' id='word_1_311' title='bbox 200 2247 277 2300; x_wconf 69' lang='grc' dir='ltr'>τὲ</span> <span class='ocrx_word' id='word_1_312' title='bbox 326 2246 541 2312; x_wconf 89' lang='grc' dir='ltr'>πάντα,</span> <span class='ocrx_word' id='word_1_313' title='bbox 571 2248 800 2312; x_wconf 83' lang='grc' dir='ltr'>πολλοὺς</span> <span class='ocrx_word' id='word_1_314' title='bbox 834 2251 994 2314; x_wconf 81' lang='grc' dir='ltr'>-υῖοὺς</span> <span class='ocrx_word' id='word_1_315' title='bbox 1025 2251 1104 2314; x_wconf 80' lang='grc' dir='ltr'><strong>εἰς</strong></span> <span class='ocrx_word' id='word_1_316' title='bbox 1153 2249 1309 2314; x_wconf 83' lang='grc' dir='ltr'>δόξαν</span> <span class='ocrx_word' id='word_1_317' title='bbox 1360 2250 1653 2319; x_wconf 80' lang='grc' dir='ltr'>ἀγαγόντι,</span> <span class='ocrx_word' id='word_1_318' title='bbox 1700 2248 1790 2301; x_wconf 85' lang='grc' dir='ltr'><strong>τὸν</strong></span> 
     </span>
    </p>
   </div>
   <div class='ocr_carea' id='block_1_40' title="bbox 207 2338 1791 2412">
    <p class='ocr_par' dir='ltr' id='par_1_40' title="bbox 207 2338 1791 2412">
     <span class='ocr_line' id='line_1_40' title="bbox 207 2338 1791 2412; baseline 0 -20"><span class='ocrx_word' id='word_1_319' title='bbox 207 2340 460 2409; x_wconf 81' lang='grc' dir='ltr'>ἀρχηγὸν</span> <span class='ocrx_word' id='word_1_320' title='bbox 484 2338 585 2409; x_wconf 82' lang='grc' dir='ltr'>τῆς</span> <span class='ocrx_word' id='word_1_321' title='bbox 617 2341 887 2412; x_wconf 86' lang='grc' dir='ltr'><strong>σωτηρίας</strong></span> <span class='ocrx_word' id='word_1_322' title='bbox 916 2341 1117 2409; x_wconf 80' lang='grc' dir='ltr'>αὐτῶν,</span> <span class='ocrx_word' id='word_1_323' title='bbox 1149 2362 1167 2393; x_wconf 79' lang='grc' dir='ltr'><strong>ι</strong></span> <span class='ocrx_word' id='word_1_324' title='bbox 1202 2341 1478 2395; x_wconf 83' lang='grc' dir='ltr'>τουτέστιν</span> <span class='ocrx_word' id='word_1_325' title='bbox 1503 2340 1791 2411; x_wconf 78' lang='grc' dir='ltr'>ἄνθρωπον</span> 
     </span>
    </p>
   </div>
   <div class='ocr_carea' id='block_1_41' title="bbox 210 2430 1793 2503">
    <p class='ocr_par' dir='ltr' id='par_1_41' title="bbox 210 2430 1793 2503">
     <span class='ocr_line' id='line_1_41' title="bbox 210 2430 1793 2503; baseline -0.002 -17"><span class='ocrx_word' id='word_1_326' title='bbox 210 2430 427 2493; x_wconf 84' lang='grc' dir='ltr'>ἁπλῶς,</span> <span class='ocrx_word' id='word_1_327' title='bbox 453 2432 543 2485; x_wconf 75' lang='grc' dir='ltr'>τὸν</span> <span class='ocrx_word' id='word_1_328' title='bbox 571 2431 658 2485; x_wconf 81' lang='grc' dir='ltr'>διὰ</span> <span class='ocrx_word' id='word_1_329' title='bbox 686 2432 785 2500; x_wconf 83' lang='grc' dir='ltr'>τῆς</span> <span class='ocrx_word' id='word_1_330' title='bbox 812 2433 972 2499; x_wconf 84' lang='grc' dir='ltr'>ἁγίας</span> <span class='ocrx_word' id='word_1_331' title='bbox 1004 2431 1303 2503; x_wconf 77' lang='grc' dir='ltr'>Παρθένου,</span> <span class='ocrx_word' id='word_1_332' title='bbox 1335 2451 1352 2482; x_wconf 71' lang='grc' dir='ltr'><strong>ι</strong></span> <span class='ocrx_word' id='word_1_333' title='bbox 1387 2431 1674 2484; x_wconf 82' lang='grc' dir='ltr'>τελειῶσαι</span> <span class='ocrx_word' id='word_1_334' title='bbox 1704 2430 1793 2483; x_wconf 83' lang='grc' dir='ltr'>διὰ</span> 
     </span>
    </p>
   </div>
   <div class='ocr_carea' id='block_1_42' title="bbox 209 2518 1790 2591">
    <p class='ocr_par' dir='ltr' id='par_1_42' title="bbox 209 2518 1790 2591">
     <span class='ocr_line' id='line_1_42' title="bbox 209 2518 1790 2591; baseline -0.001 -18"><span class='ocrx_word' id='word_1_335' title='bbox 209 2519 577 2590; x_wconf 81' lang='grc' dir='ltr'>παθημάτων.</span> <span class='ocrx_word' id='word_1_336' title='bbox 640 2540 657 2572; x_wconf 78' lang='grc' dir='ltr'><strong>ι</strong></span> <span class='ocrx_word' id='word_1_337' title='bbox 736 2523 858 2574; x_wconf 87' lang='grc' dir='ltr'><strong>Ὅτι</strong></span> <span class='ocrx_word' id='word_1_338' title='bbox 902 2522 960 2575; x_wconf 86' lang='grc' dir='ltr'><strong>δέ</strong></span> <span class='ocrx_word' id='word_1_339' title='bbox 1011 2524 1159 2575; x_wconf 73' lang='grc' dir='ltr'>ἐστιν</span> <span class='ocrx_word' id='word_1_340' title='bbox 1202 2518 1601 2591; x_wconf 75' lang='grc' dir='ltr'>ἐμϐροντησίας</span> <span class='ocrx_word' id='word_1_341' title='bbox 1657 2520 1790 2573; x_wconf 87' lang='grc' dir='ltr'>ἀνά-</span> 
     </span>
    </p>
   </div>
   <div class='ocr_carea' id='block_1_43' title="bbox 207 2608 1791 2681">
    <p class='ocr_par' dir='ltr' id='par_1_43' title="bbox 207 2608 1791 2681">
     <span class='ocr_line' id='line_1_43' title="bbox 207 2608 1791 2681; baseline -0.001 -17"><span class='ocrx_word' id='word_1_342' title='bbox 207 2612 394 2675; x_wconf 78' lang='grc' dir='ltr'>πλεως</span> <span class='ocrx_word' id='word_1_343' title='bbox 444 2613 472 2664; x_wconf 82' lang='grc' dir='ltr'><strong>ὁ</strong></span> <span class='ocrx_word' id='word_1_344' title='bbox 504 2612 662 2681; x_wconf 85' lang='grc' dir='ltr'>λόγος</span> <span class='ocrx_word' id='word_1_345' title='bbox 712 2612 894 2677; x_wconf 81' lang='grc' dir='ltr'>αὐτοῖς</span> <span class='ocrx_word' id='word_1_346' title='bbox 916 2653 932 2681; x_wconf 86' lang='grc'><strong>,</strong></span> <span class='ocrx_word' id='word_1_347' title='bbox 988 2610 1065 2675; x_wconf 86' lang='grc' dir='ltr'>ὡς</span> <span class='ocrx_word' id='word_1_348' title='bbox 1106 2610 1186 2665; x_wconf 74' lang='grc' dir='ltr'>ἔνι</span> <span class='ocrx_word' id='word_1_349' title='bbox 1217 2611 1314 2665; x_wconf 78' lang='grc' dir='ltr'>καὶ</span> <span class='ocrx_word' id='word_1_350' title='bbox 1348 2610 1444 2665; x_wconf 89' lang='grc' dir='ltr'><strong>νῦν</strong></span> <span class='ocrx_word' id='word_1_351' title='bbox 1475 2608 1791 2675; x_wconf 83' lang='grc' dir='ltr'>καταδεῖξαι</span> 
     </span>
    </p>
   </div>
   <div class='ocr_carea' id='block_1_44' title="bbox 181 2704 571 2774">
    <p class='ocr_par' dir='ltr' id='par_1_44' title="bbox 181 2704 571 2774">
     <span class='ocr_line' id='line_1_44' title="bbox 181 2704 571 2774; baseline 0.005 -19"><span class='ocrx_word' id='word_1_352' title='bbox 181 2733 193 2746; x_wconf 78' lang='grc' dir='ltr'><strong><em>ο</em></strong></span> <span class='ocrx_word' id='word_1_353' title='bbox 207 2704 571 2774; x_wconf 76' lang='grc' dir='ltr'>πειράσομαι.</span> 
     </span>
    </p>
   </div>
   <div class='ocr_carea' id='block_1_45' title="bbox 283 2878 1792 2956">
    <p class='ocr_par' dir='ltr' id='par_1_45' title="bbox 283 2878 1792 2956">
     <span class='ocr_line' id='line_1_45' title="bbox 283 2878 1792 2956; baseline -0.001 -21"><span class='ocrx_word' id='word_1_354' title='bbox 283 2884 363 2938; x_wconf 87' lang='grc' dir='ltr'><strong>Λ’.</strong></span> <span class='ocrx_word' id='word_1_355' title='bbox 406 2883 630 2956; x_wconf 85' lang='grc' dir='ltr'>Πρῶτον</span> <span class='ocrx_word' id='word_1_356' title='bbox 667 2884 767 2955; x_wconf 80' lang='grc' dir='ltr'><strong>μὲν</strong></span> <span class='ocrx_word' id='word_1_357' title='bbox 816 2885 927 2955; x_wconf 84' lang='grc' dir='ltr'>γὰρ</span> <span class='ocrx_word' id='word_1_358' title='bbox 975 2884 1034 2936; x_wconf 76' lang='grc' dir='ltr'>τὸ</span> <span class='ocrx_word' id='word_1_359' title='bbox 1059 2925 1073 2950; x_wconf 90' lang='grc'><strong>,</strong></span> <span class='ocrx_word' id='word_1_360' title='bbox 1105 2883 1179 2936; x_wconf 86' lang='grc' dir='ltr'>δι’</span> <span class='ocrx_word' id='word_1_361' title='bbox 1226 2878 1318 2949; x_wconf 86' lang='grc' dir='ltr'>οὗ,</span> <span class='ocrx_word' id='word_1_362' title='bbox 1358 2883 1453 2937; x_wconf 77' lang='grc' dir='ltr'>καὶ</span> <span class='ocrx_word' id='word_1_363' title='bbox 1498 2883 1584 2936; x_wconf 74' lang='grc' dir='ltr'><strong>ἐπ’</strong></span> <span class='ocrx_word' id='word_1_364' title='bbox 1626 2881 1792 2936; x_wconf 84' lang='grc' dir='ltr'>αὐτοῦ</span> 
     </span>
    </p>
   </div>
   <div class='ocr_carea' id='block_1_46' title="bbox 206 2975 1791 3048">
    <p class='ocr_par' dir='ltr' id='par_1_46' title="bbox 206 2975 1791 3048">
     <span class='ocr_line' id='line_1_46' title="bbox 206 2975 1791 3048; baseline -0.001 -20"><span class='ocrx_word' id='word_1_365' title='bbox 206 2976 450 3030; x_wconf 80' lang='grc' dir='ltr'>τέθειται</span> <span class='ocrx_word' id='word_1_366' title='bbox 484 2976 578 3029; x_wconf 86' lang='grc' dir='ltr'><strong>τοῦ</strong></span> <span class='ocrx_word' id='word_1_367' title='bbox 614 2976 848 3048; x_wconf 84' lang='grc' dir='ltr'>Πατρός.</span> <span class='ocrx_word' id='word_1_368' title='bbox 885 2978 995 3030; x_wconf 76' lang='grc' dir='ltr'><strong>Καὶ</strong></span> <span class='ocrx_word' id='word_1_369' title='bbox 1023 2975 1153 3045; x_wconf 89' lang='grc' dir='ltr'>γοῦν</span> <span class='ocrx_word' id='word_1_370' title='bbox 1191 2977 1219 3027; x_wconf 84' lang='grc' dir='ltr'>ὁ</span> <span class='ocrx_word' id='word_1_371' title='bbox 1255 2975 1525 3046; x_wconf 86' lang='grc' dir='ltr'>μακάριος</span> <span class='ocrx_word' id='word_1_372' title='bbox 1558 2975 1791 3041; x_wconf 78' lang='grc' dir='ltr'>Παῦλος,</span> 
     </span>
    </p>
   </div>
   <div class='ocr_carea' id='block_1_47' title="bbox 214 3062 1795 3139">
    <p class='ocr_par' dir='ltr' id='par_1_47' title="bbox 214 3062 1795 3139">
     <span class='ocr_line' id='line_1_47' title="bbox 214 3062 1795 3139; baseline -0.001 -19"><span class='ocrx_word' id='word_1_373' title='bbox 214 3086 236 3119; x_wconf 76' lang='grc' dir='ltr'><strong>ι</strong></span> <span class='ocrx_word' id='word_1_374' title='bbox 276 3068 494 3133; x_wconf 83' lang='grc' dir='ltr'>Πιστὸς,</span> <span class='ocrx_word' id='word_1_375' title='bbox 530 3069 716 3139; x_wconf 78' lang='grc' dir='ltr'>φησὶν,</span> <span class='ocrx_word' id='word_1_376' title='bbox 756 3070 784 3121; x_wconf 88' lang='grc' dir='ltr'>ὁ</span> <span class='ocrx_word' id='word_1_377' title='bbox 813 3069 979 3130; x_wconf 80' lang='grc' dir='ltr'>Θεὸς,</span> <span class='ocrx_word' id='word_1_378' title='bbox 1003 3069 1069 3121; x_wconf 86' lang='grc' dir='ltr'>δι’</span> <span class='ocrx_word' id='word_1_379' title='bbox 1106 3062 1167 3122; x_wconf 76' lang='grc' dir='ltr'>οὗ</span> <span class='ocrx_word' id='word_1_380' title='bbox 1197 3067 1463 3138; x_wconf 77' lang='grc' dir='ltr'>ἐκλήθητε</span> <span class='ocrx_word' id='word_1_381' title='bbox 1497 3069 1575 3131; x_wconf 85' lang='grc' dir='ltr'>εἰς</span> <span class='ocrx_word' id='word_1_382' title='bbox 1600 3085 1795 3122; x_wconf 85' lang='grc' dir='ltr'>κοινω-</span> 
     </span>
    </p>
   </div>
   <div class='ocr_carea' id='block_1_48' title="bbox 207 3159 1795 3223">
    <p class='ocr_par' dir='ltr' id='par_1_48' title="bbox 207 3159 1795 3223">
     <span class='ocr_line' id='line_1_48' title="bbox 207 3159 1795 3223; baseline -0.002 -9"><span class='ocrx_word' id='word_1_383' title='bbox 207 3161 335 3214; x_wconf 88' lang='grc' dir='ltr'>νίαν</span> <span class='ocrx_word' id='word_1_384' title='bbox 360 3159 452 3214; x_wconf 85' lang='grc' dir='ltr'><strong>τοῦ</strong></span> <span class='ocrx_word' id='word_1_385' title='bbox 484 3159 615 3214; x_wconf 84' lang='grc' dir='ltr'>Υῖοῦ</span> <span class='ocrx_word' id='word_1_386' title='bbox 660 3160 847 3214; x_wconf 85' lang='grc' dir='ltr'>αὐτοῦ.</span> <span class='ocrx_word' id='word_1_387' title='bbox 888 3179 907 3211; x_wconf 73' lang='grc' dir='ltr'><strong>ι</strong></span> <span class='ocrx_word' id='word_1_388' title='bbox 949 3160 1059 3214; x_wconf 77' lang='grc' dir='ltr'><strong>Καὶ</strong></span> <span class='ocrx_word' id='word_1_389' title='bbox 1093 3160 1253 3214; x_wconf 89' lang='grc' dir='ltr'>πάλιν</span> <span class='ocrx_word' id='word_1_390' title='bbox 1282 3162 1395 3223; x_wconf 90' lang='grc' dir='ltr'>τοῖς</span> <span class='ocrx_word' id='word_1_391' title='bbox 1441 3160 1528 3212; x_wconf 74' lang='grc' dir='ltr'>διὰ</span> <span class='ocrx_word' id='word_1_392' title='bbox 1559 3160 1795 3222; x_wconf 82' lang='grc' dir='ltr'>πίστεως</span> 
     </span>
    </p>
   </div>
   <div class='ocr_carea' id='block_1_49' title="bbox 1897 1969 3461 2043">
    <p class='ocr_par' dir='ltr' id='par_1_49' title="bbox 1897 1969 3461 2043">
     <span class='ocr_line' id='line_1_49' title="bbox 1897 1969 3461 2043; baseline -0.001 -20"><span class='ocrx_word' id='word_1_393' title='bbox 1897 1972 2172 2043; x_wconf 84' lang='lat' dir='ltr'><strong>(inquiunt</strong></span> <span class='ocrx_word' id='word_1_394' title='bbox 2200 1971 2295 2042; x_wconf 88' lang='lat' dir='ltr'><strong>illi)</strong></span> <span class='ocrx_word' id='word_1_395' title='bbox 2330 1986 2397 2027; x_wconf 81' lang='lat' dir='ltr'><strong>ex</strong></span> <span class='ocrx_word' id='word_1_396' title='bbox 2427 1971 2589 2027; x_wconf 86' lang='lat' dir='ltr'><strong>beato</strong></span> <span class='ocrx_word' id='word_1_397' title='bbox 2619 1972 2946 2042; x_wconf 76' lang='lat' dir='ltr'><strong>evangelista</strong></span> <span class='ocrx_word' id='word_1_398' title='bbox 2981 1971 3259 2025; x_wconf 76' lang='lat' dir='ltr'><strong>evidenter</strong></span> <span class='ocrx_word' id='word_1_399' title='bbox 3286 1969 3461 2039; x_wconf 75' lang='lat' dir='ltr'><strong>colligi</strong></span> 
     </span>
    </p>
   </div>
   <div class='ocr_carea' id='block_1_50' title="bbox 1894 2063 3465 2134">
    <p class='ocr_par' dir='ltr' id='par_1_50' title="bbox 1894 2063 3465 2134">
     <span class='ocr_line' id='line_1_50' title="bbox 1894 2063 3465 2134; baseline -0.002 -17"><span class='ocrx_word' id='word_1_400' title='bbox 1894 2074 2089 2134; x_wconf 87' lang='lat' dir='ltr'><strong>potest.</strong></span> <span class='ocrx_word' id='word_1_401' title='bbox 2122 2064 2209 2118; x_wconf 82' lang='lat' dir='ltr'><strong>Ait</strong></span> <span class='ocrx_word' id='word_1_402' title='bbox 2235 2066 2377 2119; x_wconf 89' lang='lat' dir='ltr'><strong>enim</strong></span> <span class='ocrx_word' id='word_1_403' title='bbox 2409 2082 2422 2118; x_wconf 91' lang='lat'><strong>:</strong></span> <span class='ocrx_word' id='word_1_404' title='bbox 2461 2085 2479 2117; x_wconf 76' lang='grc' dir='ltr'><strong>ι</strong></span> <span class='ocrx_word' id='word_1_405' title='bbox 2512 2064 2702 2121; x_wconf 88' lang='lat' dir='ltr'><strong>Omnia</strong></span> <span class='ocrx_word' id='word_1_406' title='bbox 2733 2080 2828 2134; x_wconf 89' lang='lat' dir='ltr'><strong>per</strong></span> <span class='ocrx_word' id='word_1_407' title='bbox 2862 2066 3035 2134; x_wconf 79' lang='lat' dir='ltr'><strong>ipsum</strong></span> <span class='ocrx_word' id='word_1_408' title='bbox 3068 2063 3205 2117; x_wconf 84' lang='lat' dir='ltr'><strong>facta</strong></span> <span class='ocrx_word' id='word_1_409' title='bbox 3234 2072 3381 2126; x_wconf 89' lang='lat' dir='ltr'><strong>sunt,</strong></span> <span class='ocrx_word' id='word_1_410' title='bbox 3411 2070 3465 2115; x_wconf 91' lang='lat' dir='ltr'><strong>et</strong></span> 
     </span>
    </p>
   </div>
   <div class='ocr_carea' id='block_1_51' title="bbox 1893 2156 3466 2226">
    <p class='ocr_par' dir='ltr' id='par_1_51' title="bbox 1893 2156 3466 2226">
     <span class='ocr_line' id='line_1_51' title="bbox 1893 2156 3466 2226; baseline -0.002 -15"><span class='ocrx_word' id='word_1_411' title='bbox 1893 2158 2010 2212; x_wconf 89' lang='lat' dir='ltr'><strong>sine</strong></span> <span class='ocrx_word' id='word_1_412' title='bbox 2045 2157 2161 2225; x_wconf 91' lang='lat' dir='ltr'><strong>ipso</strong></span> <span class='ocrx_word' id='word_1_413' title='bbox 2198 2156 2396 2212; x_wconf 84' lang='lat' dir='ltr'><strong>factum</strong></span> <span class='ocrx_word' id='word_1_414' title='bbox 2437 2167 2520 2212; x_wconf 91' lang='lat' dir='ltr'><strong>est</strong></span> <span class='ocrx_word' id='word_1_415' title='bbox 2558 2159 2689 2213; x_wconf 83' lang='lat' dir='ltr'><strong>nihil</strong></span> <span class='ocrx_word' id='word_1_416' title='bbox 2715 2158 2782 2210; x_wconf 77' lang='grc'><strong>⁸⁸.</strong></span> <span class='ocrx_word' id='word_1_417' title='bbox 2814 2177 2832 2209; x_wconf 74' lang='grc' dir='ltr'><strong>ι</strong></span> <span class='ocrx_word' id='word_1_418' title='bbox 2873 2186 2941 2198; x_wconf 91' lang='lat'><strong>—-</strong></span> <span class='ocrx_word' id='word_1_419' title='bbox 2978 2176 2995 2209; x_wconf 80' lang='grc' dir='ltr'><strong>ι</strong></span> <span class='ocrx_word' id='word_1_420' title='bbox 3028 2156 3260 2212; x_wconf 89' lang='lat' dir='ltr'><strong>Decebat</strong></span> <span class='ocrx_word' id='word_1_421' title='bbox 3305 2156 3466 2226; x_wconf 86' lang='lat' dir='ltr'><strong>igitur</strong></span> 
     </span>
    </p>
   </div>
   <div class='ocr_carea' id='block_1_52' title="bbox 1894 2246 3468 2319">
    <p class='ocr_par' dir='ltr' id='par_1_52' title="bbox 1894 2246 3468 2319">
     <span class='ocr_line' id='line_1_52' title="bbox 1894 2246 3468 2319; baseline -0.003 -16"><span class='ocrx_word' id='word_1_422' title='bbox 1894 2249 2059 2319; x_wconf 89' lang='lat' dir='ltr'><strong>(sicut</strong></span> <span class='ocrx_word' id='word_1_423' title='bbox 2090 2260 2340 2304; x_wconf 87' lang='lat' dir='ltr'><strong>asserunt</strong></span> <span class='ocrx_word' id='word_1_424' title='bbox 2384 2248 2482 2317; x_wconf 83' lang='lat' dir='ltr'><strong>illi)</strong></span> <span class='ocrx_word' id='word_1_425' title='bbox 2535 2259 2591 2303; x_wconf 91' lang='lat' dir='ltr'><strong>ut</strong></span> <span class='ocrx_word' id='word_1_426' title='bbox 2624 2249 2714 2303; x_wconf 89' lang='lat' dir='ltr'><strong>Dei</strong></span> <span class='ocrx_word' id='word_1_427' title='bbox 2749 2246 3010 2314; x_wconf 83' lang='lat' dir='ltr'><strong>Verbum,</strong></span> <span class='ocrx_word' id='word_1_428' title='bbox 3048 2263 3143 2317; x_wconf 90' lang='lat' dir='ltr'><strong>per</strong></span> <span class='ocrx_word' id='word_1_429' title='bbox 3173 2247 3311 2317; x_wconf 88' lang='lat' dir='ltr'><strong>qttod</strong></span> <span class='ocrx_word' id='word_1_430' title='bbox 3348 2260 3468 2300; x_wconf 87' lang='lat' dir='ltr'><strong>om-</strong></span> 
     </span>
    </p>
   </div>
   <div class='ocr_carea' id='block_1_53' title="bbox 1895 2337 3462 2411">
    <p class='ocr_par' dir='ltr' id='par_1_53' title="bbox 1895 2337 3462 2411">
     <span class='ocr_line' id='line_1_53' title="bbox 1895 2337 3462 2411; baseline -0.003 -16"><span class='ocrx_word' id='word_1_431' title='bbox 1895 2342 2005 2404; x_wconf 88' lang='lat' dir='ltr'><strong>nia,</strong></span> <span class='ocrx_word' id='word_1_432' title='bbox 2039 2351 2093 2395; x_wconf 92' lang='lat' dir='ltr'><strong>et</strong></span> <span class='ocrx_word' id='word_1_433' title='bbox 2124 2350 2344 2411; x_wconf 88' lang='lat' dir='ltr'><strong>propter</strong></span> <span class='ocrx_word' id='word_1_434' title='bbox 2378 2339 2519 2409; x_wconf 90' lang='lat' dir='ltr'><strong>quod</strong></span> <span class='ocrx_word' id='word_1_435' title='bbox 2562 2341 2764 2403; x_wconf 88' lang='lat' dir='ltr'><strong>omnia,</strong></span> <span class='ocrx_word' id='word_1_436' title='bbox 2808 2340 2950 2409; x_wconf 91' lang='lat' dir='ltr'><strong>quod</strong></span> <span class='ocrx_word' id='word_1_437' title='bbox 3001 2338 3196 2392; x_wconf 87' lang='lat' dir='ltr'><strong>multos</strong></span> <span class='ocrx_word' id='word_1_438' title='bbox 3244 2337 3378 2390; x_wconf 92' lang='lat' dir='ltr'><strong>ﬁlios</strong></span> <span class='ocrx_word' id='word_1_439' title='bbox 3411 2338 3462 2391; x_wconf 90' lang='lat' dir='ltr'><strong>in</strong></span> 
     </span>
    </p>
   </div>
   <div class='ocr_carea' id='block_1_54' title="bbox 1894 2423 3465 2501">
    <p class='ocr_par' dir='ltr' id='par_1_54' title="bbox 1894 2423 3465 2501">
     <span class='ocr_line' id='line_1_54' title="bbox 1894 2423 3465 2501; baseline 0.001 -20"><span class='ocrx_word' id='word_1_440' title='bbox 1894 2431 2060 2501; x_wconf 79' lang='lat' dir='ltr'><strong>gloria</strong></span> <span class='ocrx_word' id='word_1_441' title='bbox 2087 2423 2402 2495; x_wconf 77' lang='lat' dir='ltr'><strong>adduxerat,</strong></span> <span class='ocrx_word' id='word_1_442' title='bbox 2438 2431 2629 2486; x_wconf 86' lang='lat' dir='ltr'><strong>salutis</strong></span> <span class='ocrx_word' id='word_1_443' title='bbox 2664 2431 2875 2484; x_wconf 90' lang='lat' dir='ltr'><strong>illorum</strong></span> <span class='ocrx_word' id='word_1_444' title='bbox 2908 2440 3183 2484; x_wconf 85' lang='lat' dir='ltr'><strong>auctorem</strong></span> <span class='ocrx_word' id='word_1_445' title='bbox 3217 2429 3340 2500; x_wconf 90' lang='lat' dir='ltr'><strong>(hoc</strong></span> <span class='ocrx_word' id='word_1_446' title='bbox 3360 2438 3465 2492; x_wconf 89' lang='lat' dir='ltr'><strong>est,</strong></span> 
     </span>
    </p>
   </div>
   <div class='ocr_carea' id='block_1_55' title="bbox 1893 2520 3470 2592">
    <p class='ocr_par' dir='ltr' id='par_1_55' title="bbox 1893 2520 3470 2592">
     <span class='ocr_line' id='line_1_55' title="bbox 1893 2520 3470 2592; baseline -0.001 -17"><span class='ocrx_word' id='word_1_447' title='bbox 1893 2521 2167 2576; x_wconf 91' lang='lat' dir='ltr'><strong>hominem</strong></span> <span class='ocrx_word' id='word_1_448' title='bbox 2198 2538 2389 2591; x_wconf 87' lang='lat' dir='ltr'><strong>pttrum</strong></span> <span class='ocrx_word' id='word_1_449' title='bbox 2421 2537 2485 2577; x_wconf 79' lang='lat' dir='ltr'><strong>ex</strong></span> <span class='ocrx_word' id='word_1_450' title='bbox 2525 2537 2677 2577; x_wconf 84' lang='lat' dir='ltr'><strong>sacra</strong></span> <span class='ocrx_word' id='word_1_451' title='bbox 2712 2520 2931 2591; x_wconf 83' lang='lat' dir='ltr'><strong>Virgine</strong></span> <span class='ocrx_word' id='word_1_452' title='bbox 2966 2520 3187 2592; x_wconf 89' lang='lat' dir='ltr'><strong>ortum),</strong></span> <span class='ocrx_word' id='word_1_453' title='bbox 3220 2535 3316 2590; x_wconf 85' lang='lat' dir='ltr'><strong>per</strong></span> <span class='ocrx_word' id='word_1_454' title='bbox 3346 2535 3470 2588; x_wconf 80' lang='lat' dir='ltr'><strong>pas-</strong></span> 
     </span>
    </p>
   </div>
   <div class='ocr_carea' id='block_1_56' title="bbox 1894 2612 3467 2683">
    <p class='ocr_par' dir='ltr' id='par_1_56' title="bbox 1894 2612 3467 2683">
     <span class='ocr_line' id='line_1_56' title="bbox 1894 2612 3467 2683; baseline -0.004 -13"><span class='ocrx_word' id='word_1_455' title='bbox 1894 2615 2075 2670; x_wconf 86' lang='lat' dir='ltr'><strong>siones</strong></span> <span class='ocrx_word' id='word_1_456' title='bbox 2092 2615 2386 2683; x_wconf 90' lang='lat' dir='ltr'><strong>perfectum</strong></span> <span class='ocrx_word' id='word_1_457' title='bbox 2410 2622 2953 2682; x_wconf 87' lang='lat' dir='ltr'><strong>eonsummatumque</strong></span> <span class='ocrx_word' id='word_1_458' title='bbox 2975 2612 3245 2667; x_wconf 86' lang='lat' dir='ltr'><strong>redderet.</strong></span> <span class='ocrx_word' id='word_1_459' title='bbox 3269 2630 3288 2662; x_wconf 74' lang='grc' dir='ltr'><strong>ι</strong></span> <span class='ocrx_word' id='word_1_460' title='bbox 3316 2612 3467 2678; x_wconf 83' lang='lat' dir='ltr'><strong>Quod</strong></span> 
     </span>
    </p>
   </div>
   <div class='ocr_carea' id='block_1_57' title="bbox 1895 2706 3470 2772">
    <p class='ocr_par' dir='ltr' id='par_1_57' title="bbox 1895 2706 3470 2772">
     <span class='ocr_line' id='line_1_57' title="bbox 1895 2706 3470 2772; baseline -0.003 -11"><span class='ocrx_word' id='word_1_461' title='bbox 1895 2718 2076 2761; x_wconf 88' lang='lat' dir='ltr'><strong>autem</strong></span> <span class='ocrx_word' id='word_1_462' title='bbox 2121 2707 2208 2761; x_wconf 91' lang='lat' dir='ltr'><strong>hic</strong></span> <span class='ocrx_word' id='word_1_463' title='bbox 2253 2722 2441 2760; x_wconf 89' lang='lat' dir='ltr'><strong>eorum</strong></span> <span class='ocrx_word' id='word_1_464' title='bbox 2488 2722 2666 2762; x_wconf 90' lang='lat' dir='ltr'><strong>sermo</strong></span> <span class='ocrx_word' id='word_1_465' title='bbox 2716 2706 2953 2760; x_wconf 89' lang='lat' dir='ltr'><strong>amentia</strong></span> <span class='ocrx_word' id='word_1_466' title='bbox 2996 2714 3223 2771; x_wconf 89' lang='lat' dir='ltr'><strong>scateat,</strong></span> <span class='ocrx_word' id='word_1_467' title='bbox 3268 2712 3470 2772; x_wconf 89' lang='lat' dir='ltr'><strong>quanta</strong></span> 
     </span>
    </p>
   </div>
   <div class='ocr_carea' id='block_1_58' title="bbox 1902 2796 3469 2869">
    <p class='ocr_par' dir='ltr' id='par_1_58' title="bbox 1902 2796 3469 2869">
     <span class='ocr_line' id='line_1_58' title="bbox 1902 2796 3469 2869; baseline -0.001 -17"><span class='ocrx_word' id='word_1_468' title='bbox 1902 2799 2016 2854; x_wconf 90' lang='lat' dir='ltr'><strong>ﬁeri</strong></span> <span class='ocrx_word' id='word_1_469' title='bbox 2064 2800 2261 2868; x_wconf 82' lang='lat' dir='ltr'><strong>poterit</strong></span> <span class='ocrx_word' id='word_1_470' title='bbox 2291 2799 2675 2869; x_wconf 82' lang='lat' dir='ltr'><strong>perspicuitate</strong></span> <span class='ocrx_word' id='word_1_471' title='bbox 2706 2813 2849 2853; x_wconf 90' lang='lat' dir='ltr'><strong>nunc</strong></span> <span class='ocrx_word' id='word_1_472' title='bbox 2883 2798 3170 2853; x_wconf 87' lang='lat' dir='ltr'><strong>ostendere</strong></span> <span class='ocrx_word' id='word_1_473' title='bbox 3211 2796 3469 2851; x_wconf 89' lang='lat' dir='ltr'><strong>conabor.</strong></span> 
     </span>
    </p>
   </div>
   <div class='ocr_carea' id='block_1_59' title="bbox 1966 2886 3472 2961">
    <p class='ocr_par' dir='ltr' id='par_1_59' title="bbox 1966 2886 3472 2961">
     <span class='ocr_line' id='line_1_59' title="bbox 1966 2886 3472 2961; baseline -0.002 -18"><span class='ocrx_word' id='word_1_474' title='bbox 1966 2889 2135 2944; x_wconf 76' lang='lat' dir='ltr'><strong>XXX.</strong></span> <span class='ocrx_word' id='word_1_475' title='bbox 2178 2890 2233 2943; x_wconf 84' lang='lat' dir='ltr'><strong>In</strong></span> <span class='ocrx_word' id='word_1_476' title='bbox 2282 2891 2471 2960; x_wconf 91' lang='lat' dir='ltr'><strong>primis</strong></span> <span class='ocrx_word' id='word_1_477' title='bbox 2507 2891 2688 2961; x_wconf 88' lang='lat' dir='ltr'><strong>itaque</strong></span> <span class='ocrx_word' id='word_1_478' title='bbox 2723 2888 2874 2952; x_wconf 89' lang='lat' dir='ltr'><strong>illttd,</strong></span> <span class='ocrx_word' id='word_1_479' title='bbox 2907 2904 3001 2957; x_wconf 86' lang='lat' dir='ltr'><strong>per</strong></span> <span class='ocrx_word' id='word_1_480' title='bbox 3036 2903 3207 2957; x_wconf 85' lang='lat' dir='ltr'><strong>quem,</strong></span> <span class='ocrx_word' id='word_1_481' title='bbox 3249 2886 3317 2940; x_wconf 89' lang='lat' dir='ltr'><strong>de</strong></span> <span class='ocrx_word' id='word_1_482' title='bbox 3354 2886 3472 2955; x_wconf 88' lang='lat' dir='ltr'><strong>ipso</strong></span> 
     </span>
    </p>
   </div>
   <div class='ocr_carea' id='block_1_60' title="bbox 1897 2978 3469 3052">
    <p class='ocr_par' dir='ltr' id='par_1_60' title="bbox 1897 2978 3469 3052">
     <span class='ocr_line' id='line_1_60' title="bbox 1897 2978 3469 3052; baseline -0.003 -17"><span class='ocrx_word' id='word_1_483' title='bbox 1897 2997 2112 3052; x_wconf 86' lang='lat' dir='ltr'><strong>quoque</strong></span> <span class='ocrx_word' id='word_1_484' title='bbox 2167 2980 2329 3035; x_wconf 87' lang='lat' dir='ltr'><strong>Patre</strong></span> <span class='ocrx_word' id='word_1_485' title='bbox 2381 2981 2719 3034; x_wconf 89' lang='lat' dir='ltr'><strong>enuntiatum</strong></span> <span class='ocrx_word' id='word_1_486' title='bbox 2781 2981 3052 3033; x_wconf 85' lang='lat' dir='ltr'><strong>interdum</strong></span> <span class='ocrx_word' id='word_1_487' title='bbox 3116 2978 3469 3047; x_wconf 89' lang='lat' dir='ltr'><strong>comperitur.</strong></span> 
     </span>
    </p>
   </div>
   <div class='ocr_carea' id='block_1_61' title="bbox 1903 3069 3475 3141">
    <p class='ocr_par' dir='ltr' id='par_1_61' title="bbox 1903 3069 3475 3141">
     <span class='ocr_line' id='line_1_61' title="bbox 1903 3069 3475 3141; baseline -0.003 -15"><span class='ocrx_word' id='word_1_488' title='bbox 1903 3094 1920 3126; x_wconf 76' lang='grc' dir='ltr'><strong>ι</strong></span> <span class='ocrx_word' id='word_1_489' title='bbox 1953 3074 2154 3129; x_wconf 89' lang='lat' dir='ltr'><strong>Fidelis</strong></span> <span class='ocrx_word' id='word_1_490' title='bbox 2176 3072 2316 3127; x_wconf 91' lang='lat' dir='ltr'><strong>Deus</strong></span> <span class='ocrx_word' id='word_1_491' title='bbox 2353 3071 2563 3141; x_wconf 84' lang='lat' dir='ltr'><strong>(scribit</strong></span> <span class='ocrx_word' id='word_1_492' title='bbox 2592 3069 3040 3141; x_wconf 69' lang='lat' dir='ltr'><strong>beatusPaulus),</strong></span> <span class='ocrx_word' id='word_1_493' title='bbox 3064 3084 3159 3139; x_wconf 91' lang='lat' dir='ltr'><strong>per</strong></span> <span class='ocrx_word' id='word_1_494' title='bbox 3185 3085 3343 3137; x_wconf 91' lang='lat' dir='ltr'><strong>quem</strong></span> <span class='ocrx_word' id='word_1_495' title='bbox 3378 3084 3475 3121; x_wconf 85' lang='lat' dir='ltr'><strong>vo-</strong></span> 
     </span>
    </p>
   </div>
   <div class='ocr_carea' id='block_1_62' title="bbox 1899 3162 3476 3233">
    <p class='ocr_par' dir='ltr' id='par_1_62' title="bbox 1899 3162 3476 3233">
     <span class='ocr_line' id='line_1_62' title="bbox 1899 3162 3476 3233; baseline -0.006 -12"><span class='ocrx_word' id='word_1_496' title='bbox 1899 3166 2006 3222; x_wconf 87' lang='lat' dir='ltr'><strong>cati</strong></span> <span class='ocrx_word' id='word_1_497' title='bbox 2041 3167 2175 3220; x_wconf 87' lang='lat' dir='ltr'><strong>estis</strong></span> <span class='ocrx_word' id='word_1_498' title='bbox 2206 3165 2260 3219; x_wconf 91' lang='lat' dir='ltr'><strong>in</strong></span> <span class='ocrx_word' id='word_1_499' title='bbox 2290 3164 2605 3219; x_wconf 79' lang='lat' dir='ltr'><strong>societatem</strong></span> <span class='ocrx_word' id='word_1_500' title='bbox 2644 3163 2766 3217; x_wconf 87' lang='lat' dir='ltr'><strong>Filii</strong></span> <span class='ocrx_word' id='word_1_501' title='bbox 2800 3164 2915 3233; x_wconf 79' lang='lat' dir='ltr'><strong>ejus</strong></span> <span class='ocrx_word' id='word_1_502' title='bbox 2935 3163 3001 3216; x_wconf 58' lang='grc' dir='ltr'><strong>ιθ.</strong></span> <span class='ocrx_word' id='word_1_503' title='bbox 3034 3182 3052 3215; x_wconf 77' lang='grc' dir='ltr'><strong>ι</strong></span> <span class='ocrx_word' id='word_1_504' title='bbox 3087 3162 3166 3215; x_wconf 85' lang='lat' dir='ltr'><strong>Ad</strong></span> <span class='ocrx_word' id='word_1_505' title='bbox 3211 3162 3331 3216; x_wconf 88' lang='lat' dir='ltr'><strong>illos</strong></span> <span class='ocrx_word' id='word_1_506' title='bbox 3355 3176 3476 3214; x_wconf 83' lang='lat' dir='ltr'><strong>rur-</strong></span> 
     </span>
    </p>
   </div>
   <div class='ocr_carea' id='block_1_63' title="bbox 207 3241 1814 3331">
    <p class='ocr_par' dir='ltr' id='par_1_63' title="bbox 207 3250 1791 3322">
     <span class='ocr_line' id='line_1_63' title="bbox 207 3250 1791 3322; baseline -0.001 -18"><span class='ocrx_word' id='word_1_507' title='bbox 207 3253 297 3315; x_wconf 84' lang='grc' dir='ltr'><strong>εῖς</strong></span> <span class='ocrx_word' id='word_1_508' title='bbox 353 3250 631 3322; x_wconf 68' lang='grc' dir='ltr'>ἐλεύθερον</span> <span class='ocrx_word' id='word_1_509' title='bbox 654 3251 872 3320; x_wconf 76' lang='grc' dir='ltr'>ἀξίωμα</span> <span class='ocrx_word' id='word_1_510' title='bbox 923 3252 1314 3322; x_wconf 78' lang='grc' dir='ltr'>κεκλημένοις,</span> <span class='ocrx_word' id='word_1_511' title='bbox 1356 3270 1374 3301; x_wconf 76' lang='grc' dir='ltr'><strong>ι</strong></span> <span class='ocrx_word' id='word_1_512' title='bbox 1410 3251 1572 3320; x_wconf 81' lang='grc' dir='ltr'><strong>ΙἈρα,</strong></span> <span class='ocrx_word' id='word_1_513' title='bbox 1607 3250 1791 3319; x_wconf 75' lang='grc' dir='ltr'>φησὶν.</span> 
     </span>
    </p>
   </div>
   <div class='ocr_carea' id='block_1_64' title="bbox 1900 3241 3475 3331">
    <p class='ocr_par' dir='ltr' id='par_1_64' title="bbox 1900 3251 3475 3331">
     <span class='ocr_line' id='line_1_64' title="bbox 1900 3251 3475 3331; baseline -0.007 -15"><span class='ocrx_word' id='word_1_514' title='bbox 1900 3278 2037 3326; x_wconf 86' lang='lat' dir='ltr'><strong>sunt,</strong></span> <span class='ocrx_word' id='word_1_515' title='bbox 2066 3264 2156 3331; x_wconf 90' lang='lat' dir='ltr'><strong>qui</strong></span> <span class='ocrx_word' id='word_1_516' title='bbox 2190 3274 2283 3329; x_wconf 86' lang='lat' dir='ltr'><strong>per</strong></span> <span class='ocrx_word' id='word_1_517' title='bbox 2317 3258 2475 3311; x_wconf 90' lang='lat' dir='ltr'><strong>ﬁdem</strong></span> <span class='ocrx_word' id='word_1_518' title='bbox 2500 3257 2566 3309; x_wconf 90' lang='lat' dir='ltr'><strong>ad</strong></span> <span class='ocrx_word' id='word_1_519' title='bbox 2604 3255 2879 3309; x_wconf 88' lang='lat' dir='ltr'><strong>libertatis</strong></span> <span class='ocrx_word' id='word_1_520' title='bbox 2910 3254 3230 3324; x_wconf 82' lang='lat' dir='ltr'><strong>dignitatem</strong></span> <span class='ocrx_word' id='word_1_521' title='bbox 3266 3251 3475 3307; x_wconf 80' lang='lat' dir='ltr'><strong>evocati</strong></span> 
     </span>
    </p>
   </div>
   <div class='ocr_carea' id='block_1_65' title="bbox 208 3340 1795 3412">
    <p class='ocr_par' dir='ltr' id='par_1_65' title="bbox 208 3340 1795 3412">
     <span class='ocr_line' id='line_1_65' title="bbox 208 3340 1795 3412; baseline -0.001 -17"><span class='ocrx_word' id='word_1_522' title='bbox 208 3343 399 3400; x_wconf 79' lang='grc' dir='ltr'>οὐκέτι</span> <span class='ocrx_word' id='word_1_523' title='bbox 435 3340 484 3397; x_wconf 82' lang='grc' dir='ltr'>εἷ</span> <span class='ocrx_word' id='word_1_524' title='bbox 512 3344 695 3406; x_wconf 86' lang='grc' dir='ltr'>δοῦλος</span> <span class='ocrx_word' id='word_1_525' title='bbox 721 3382 737 3408; x_wconf 92' lang='grc'><strong>,</strong></span> <span class='ocrx_word' id='word_1_526' title='bbox 772 3344 907 3397; x_wconf 77' lang='grc' dir='ltr'>ἀλλὰ</span> <span class='ocrx_word' id='word_1_527' title='bbox 938 3345 1050 3405; x_wconf 74' lang='grc' dir='ltr'>υἱός</span> <span class='ocrx_word' id='word_1_528' title='bbox 1072 3359 1086 3373; x_wconf 79' lang='grc'><strong><em>⁸</em></strong></span> <span class='ocrx_word' id='word_1_529' title='bbox 1118 3346 1165 3396; x_wconf 84' lang='grc' dir='ltr'>εί</span> <span class='ocrx_word' id='word_1_530' title='bbox 1199 3343 1254 3396; x_wconf 79' lang='grc' dir='ltr'><strong>δὲ</strong></span> <span class='ocrx_word' id='word_1_531' title='bbox 1287 3343 1401 3406; x_wconf 81' lang='grc' dir='ltr'>υἱὸς</span> <span class='ocrx_word' id='word_1_532' title='bbox 1427 3383 1440 3403; x_wconf 91' lang='grc'><strong>,</strong></span> <span class='ocrx_word' id='word_1_533' title='bbox 1470 3344 1562 3395; x_wconf 74' lang='grc' dir='ltr'><strong>καὶ</strong></span> <span class='ocrx_word' id='word_1_534' title='bbox 1593 3343 1795 3412; x_wconf 83' lang='grc' dir='ltr'>κληρο-</span> 
     </span>
    </p>
   </div>
   <div class='ocr_carea' id='block_1_66' title="bbox 208 3433 1795 3508">
    <p class='ocr_par' dir='ltr' id='par_1_66' title="bbox 208 3433 1795 3508">
     <span class='ocr_line' id='line_1_66' title="bbox 208 3433 1795 3508; baseline -0.002 -20"><span class='ocrx_word' id='word_1_535' title='bbox 208 3435 380 3505; x_wconf 85' lang='grc' dir='ltr'>νόμος</span> <span class='ocrx_word' id='word_1_536' title='bbox 426 3434 514 3488; x_wconf 88' lang='grc' dir='ltr'><strong>διά</strong></span> <span class='ocrx_word' id='word_1_537' title='bbox 561 3436 717 3488; x_wconf 84' lang='grc' dir='ltr'>Θεοῦ.</span> <span class='ocrx_word' id='word_1_538' title='bbox 748 3455 778 3488; x_wconf 73' lang='grc' dir='ltr'>-ι</span> <span class='ocrx_word' id='word_1_539' title='bbox 830 3434 1255 3508; x_wconf 84' lang='grc' dir='ltr'>Ἀδιαφορούσης</span> <span class='ocrx_word' id='word_1_540' title='bbox 1301 3435 1482 3487; x_wconf 86' lang='grc' dir='ltr'>τοίνυν</span> <span class='ocrx_word' id='word_1_541' title='bbox 1529 3436 1626 3503; x_wconf 79' lang='grc' dir='ltr'>τῆς</span> <span class='ocrx_word' id='word_1_542' title='bbox 1676 3433 1795 3485; x_wconf 89' lang='grc' dir='ltr'>θεο-</span> 
     </span>
    </p>
   </div>
   <div class='ocr_carea' id='block_1_67' title="bbox 212 3524 1792 3598">
    <p class='ocr_par' dir='ltr' id='par_1_67' title="bbox 212 3524 1792 3598">
     <span class='ocr_line' id='line_1_67' title="bbox 212 3524 1792 3598; baseline -0.004 -16"><span class='ocrx_word' id='word_1_543' title='bbox 212 3527 486 3582; x_wconf 78' lang='grc' dir='ltr'>πνεύστου</span> <span class='ocrx_word' id='word_1_544' title='bbox 517 3528 740 3598; x_wconf 82' lang='grc' dir='ltr'>Γραφῆς</span> <span class='ocrx_word' id='word_1_545' title='bbox 779 3528 909 3598; x_wconf 72' lang='grc' dir='ltr'>περὶ</span> <span class='ocrx_word' id='word_1_546' title='bbox 946 3527 1045 3597; x_wconf 80' lang='grc' dir='ltr'>τὴν</span> <span class='ocrx_word' id='word_1_547' title='bbox 1071 3527 1171 3597; x_wconf 82' lang='grc' dir='ltr'>τῆς</span> <span class='ocrx_word' id='word_1_548' title='bbox 1221 3525 1420 3591; x_wconf 82' lang='grc' dir='ltr'>λέξεως</span> <span class='ocrx_word' id='word_1_549' title='bbox 1464 3524 1792 3594; x_wconf 80' lang='grc' dir='ltr'>ὲκφὼνησιν,</span> 
     </span>
    </p>
   </div>
   <div class='ocr_carea' id='block_1_68' title="bbox 210 3614 1796 3690">
    <p class='ocr_par' dir='ltr' id='par_1_68' title="bbox 210 3614 1796 3690">
     <span class='ocr_line' id='line_1_68' title="bbox 210 3614 1796 3690; baseline -0.007 -14"><span class='ocrx_word' id='word_1_550' title='bbox 210 3619 515 3690; x_wconf 83' lang='grc' dir='ltr'>δεχομένης</span> <span class='ocrx_word' id='word_1_551' title='bbox 558 3620 616 3672; x_wconf 85' lang='grc' dir='ltr'>δὲ</span> <span class='ocrx_word' id='word_1_552' title='bbox 656 3619 828 3689; x_wconf 81' lang='grc' dir='ltr'>αὐτὴν</span> <span class='ocrx_word' id='word_1_553' title='bbox 858 3620 953 3671; x_wconf 73' lang='grc' dir='ltr'><strong>καὶ</strong></span> <span class='ocrx_word' id='word_1_554' title='bbox 987 3619 1081 3670; x_wconf 70' lang='grc' dir='ltr'>ἐπὶ</span> <span class='ocrx_word' id='word_1_555' title='bbox 1125 3616 1221 3670; x_wconf 86' lang='grc' dir='ltr'><strong>τοῦ</strong></span> <span class='ocrx_word' id='word_1_556' title='bbox 1254 3616 1468 3686; x_wconf 75' lang='grc' dir='ltr'>Πατρὸς</span> <span class='ocrx_word' id='word_1_557' title='bbox 1489 3655 1503 3679; x_wconf 91' lang='grc'><strong>,</strong></span> <span class='ocrx_word' id='word_1_558' title='bbox 1534 3615 1686 3667; x_wconf 75' lang='grc' dir='ltr'>οὐδὲν</span> <span class='ocrx_word' id='word_1_559' title='bbox 1716 3614 1796 3667; x_wconf 75' lang='grc' dir='ltr'>ἔτι</span> 
     </span>
    </p>
   </div>
   <div class='ocr_carea' id='block_1_69' title="bbox 212 3704 1797 3779">
    <p class='ocr_par' dir='ltr' id='par_1_69' title="bbox 212 3704 1797 3779">
     <span class='ocr_line' id='line_1_69' title="bbox 212 3704 1797 3779; baseline -0.008 -12"><span class='ocrx_word' id='word_1_560' title='bbox 212 3710 277 3767; x_wconf 77' lang='grc' dir='ltr'>τὸ</span> <span class='ocrx_word' id='word_1_561' title='bbox 308 3708 577 3764; x_wconf 86' lang='grc' dir='ltr'>συνωθοῦν</span> <span class='ocrx_word' id='word_1_562' title='bbox 601 3710 860 3779; x_wconf 79' lang='grc' dir='ltr'>ήμᾶςείς</span> <span class='ocrx_word' id='word_1_563' title='bbox 892 3708 952 3760; x_wconf 81' lang='grc' dir='ltr'>τὸ</span> <span class='ocrx_word' id='word_1_564' title='bbox 981 3708 1074 3761; x_wconf 88' lang='grc' dir='ltr'><strong>τοῦ</strong></span> <span class='ocrx_word' id='word_1_565' title='bbox 1099 3707 1231 3760; x_wconf 87' lang='grc' dir='ltr'>Υίοῦ</span> <span class='ocrx_word' id='word_1_566' title='bbox 1254 3705 1605 3777; x_wconf 86' lang='grc' dir='ltr'>περιτρέπειν</span> <span class='ocrx_word' id='word_1_567' title='bbox 1628 3704 1797 3774; x_wconf 83' lang='grc' dir='ltr'>πρόσ-</span> 
     </span>
    </p>
   </div>
   <div class='ocr_carea' id='block_1_70' title="bbox 212 3793 1798 3870">
    <p class='ocr_par' dir='ltr' id='par_1_70' title="bbox 212 3793 1798 3870">
     <span class='ocr_line' id='line_1_70' title="bbox 212 3793 1798 3870; baseline -0.006 -14"><span class='ocrx_word' id='word_1_568' title='bbox 212 3820 367 3856; x_wconf 86' lang='grc' dir='ltr'>ωπον</span> <span class='ocrx_word' id='word_1_569' title='bbox 412 3801 486 3864; x_wconf 87' lang='grc' dir='ltr'>ὡς</span> <span class='ocrx_word' id='word_1_570' title='bbox 519 3802 576 3868; x_wconf 78' lang='grc' dir='ltr'><strong>ἐξ</strong></span> <span class='ocrx_word' id='word_1_571' title='bbox 606 3800 851 3870; x_wconf 77' lang='grc' dir='ltr'>ἀνάγκης</span> <span class='ocrx_word' id='word_1_572' title='bbox 882 3799 943 3851; x_wconf 84' lang='grc' dir='ltr'><strong>τὸ</strong></span> <span class='ocrx_word' id='word_1_573' title='bbox 967 3838 981 3863; x_wconf 96' lang='grc'><strong>,</strong></span> <span class='ocrx_word' id='word_1_574' title='bbox 1030 3798 1104 3852; x_wconf 80' lang='grc' dir='ltr'><strong>δί’</strong></span> <span class='ocrx_word' id='word_1_575' title='bbox 1142 3793 1239 3853; x_wconf 82' lang='grc' dir='ltr'><strong>οὗ.</strong></span> <span class='ocrx_word' id='word_1_576' title='bbox 1284 3796 1503 3867; x_wconf 81' lang='grc' dir='ltr'>Ἐπειδὴ</span> <span class='ocrx_word' id='word_1_577' title='bbox 1554 3794 1612 3848; x_wconf 81' lang='grc' dir='ltr'>δὲ</span> <span class='ocrx_word' id='word_1_578' title='bbox 1641 3795 1798 3848; x_wconf 85' lang='grc' dir='ltr'>τοῦτό</span> 
     </span>
    </p>
   </div>
   <div class='ocr_carea' id='block_1_71' title="bbox 215 3884 1800 3963">
    <p class='ocr_par' dir='ltr' id='par_1_71' title="bbox 215 3884 1800 3963">
     <span class='ocr_line' id='line_1_71' title="bbox 215 3884 1800 3963; baseline -0.008 -14"><span class='ocrx_word' id='word_1_579' title='bbox 215 3897 369 3951; x_wconf 79' lang='grc' dir='ltr'>ἐστιν</span> <span class='ocrx_word' id='word_1_580' title='bbox 403 3893 601 3963; x_wconf 82' lang='grc' dir='ltr'>ἀληθὲς</span> <span class='ocrx_word' id='word_1_581' title='bbox 621 3932 634 3955; x_wconf 92' lang='grc'><strong>,</strong></span> <span class='ocrx_word' id='word_1_582' title='bbox 667 3893 720 3944; x_wconf 89' lang='grc' dir='ltr'>τί</span> <span class='ocrx_word' id='word_1_583' title='bbox 747 3892 773 3931; x_wconf 68' lang='lat' dir='ltr'><strong>k</strong></span> <span class='ocrx_word' id='word_1_584' title='bbox 819 3891 893 3961; x_wconf 83' lang='grc' dir='ltr'>μὴ</span> <span class='ocrx_word' id='word_1_585' title='bbox 927 3889 1126 3961; x_wconf 81' lang='grc' dir='ltr'>μᾶλλον</span> <span class='ocrx_word' id='word_1_586' title='bbox 1155 3887 1386 3958; x_wconf 80' lang='grc' dir='ltr'>ἀφέντες</span> <span class='ocrx_word' id='word_1_587' title='bbox 1419 3887 1497 3948; x_wconf 86' lang='grc' dir='ltr'><strong>εἰς</strong></span> <span class='ocrx_word' id='word_1_588' title='bbox 1536 3884 1596 3937; x_wconf 82' lang='grc' dir='ltr'><strong>τὸ</strong></span> <span class='ocrx_word' id='word_1_589' title='bbox 1628 3885 1800 3955; x_wconf 76' lang='grc' dir='ltr'>παρὸν</span> 
     </span>
    </p>
   </div>
   <div class='ocr_carea' id='block_1_72' title="bbox 217 3974 1802 4053">
    <p class='ocr_par' dir='ltr' id='par_1_72' title="bbox 217 3974 1802 4053">
     <span class='ocr_line' id='line_1_72' title="bbox 217 3974 1802 4053; baseline -0.009 -15"><span class='ocrx_word' id='word_1_590' title='bbox 217 3986 282 4039; x_wconf 83' lang='grc' dir='ltr'><strong>τὸ</strong></span> <span class='ocrx_word' id='word_1_591' title='bbox 311 3983 475 4037; x_wconf 81' lang='grc' dir='ltr'>αὑτοῦ</span> <span class='ocrx_word' id='word_1_592' title='bbox 496 3984 810 4053; x_wconf 80' lang='grc' dir='ltr'>πρόσωπον,</span> <span class='ocrx_word' id='word_1_593' title='bbox 834 3975 953 4033; x_wconf 80' lang='grc' dir='ltr'>εἶτα</span> <span class='ocrx_word' id='word_1_594' title='bbox 974 3978 1052 4049; x_wconf 81' lang='grc' dir='ltr'><strong>τῷ</strong></span> <span class='ocrx_word' id='word_1_595' title='bbox 1079 3976 1265 4047; x_wconf 88' lang='grc' dir='ltr'>σκοπῷ</span> <span class='ocrx_word' id='word_1_596' title='bbox 1293 3974 1402 4030; x_wconf 86' lang='grc' dir='ltr'><strong>τῶν</strong></span> <span class='ocrx_word' id='word_1_597' title='bbox 1425 3974 1587 4048; x_wconf 80' lang='grc' dir='ltr'>ἱερῶν</span> <span class='ocrx_word' id='word_1_598' title='bbox 1618 3974 1802 4045; x_wconf 86' lang='grc' dir='ltr'>Γραμ-</span> 
     </span>
    </p>
   </div>
   <div class='ocr_carea' id='block_1_73' title="bbox 224 4065 1802 4148">
    <p class='ocr_par' dir='ltr' id='par_1_73' title="bbox 224 4065 1802 4148">
     <span class='ocr_line' id='line_1_73' title="bbox 224 4065 1802 4148; baseline -0.008 -19"><span class='ocrx_word' id='word_1_599' title='bbox 224 4076 414 4148; x_wconf 82' lang='grc' dir='ltr'>μάτων</span> <span class='ocrx_word' id='word_1_600' title='bbox 446 4074 732 4143; x_wconf 76' lang='grc' dir='ltr'>ἑπόμενοι,</span> <span class='ocrx_word' id='word_1_601' title='bbox 757 4073 824 4142; x_wconf 82' lang='grc' dir='ltr'>τῇ</span> <span class='ocrx_word' id='word_1_602' title='bbox 855 4070 994 4141; x_wconf 83' lang='grc' dir='ltr'><strong>μετά</strong></span> <span class='ocrx_word' id='word_1_603' title='bbox 1022 4069 1226 4139; x_wconf 75' lang='grc' dir='ltr'>σαρκὸς</span> <span class='ocrx_word' id='word_1_604' title='bbox 1255 4066 1535 4137; x_wconf 79' lang='grc' dir='ltr'>οἰκονομίᾳ</span> <span class='ocrx_word' id='word_1_605' title='bbox 1572 4065 1664 4118; x_wconf 89' lang='grc' dir='ltr'><strong>τοῦ</strong></span> <span class='ocrx_word' id='word_1_606' title='bbox 1693 4066 1802 4118; x_wconf 85' lang='grc' dir='ltr'><strong>Μο-</strong></span> 
     </span>
    </p>
   </div>
   <div class='ocr_carea' id='block_1_74' title="bbox 221 4157 1804 4236">
    <p class='ocr_par' dir='ltr' id='par_1_74' title="bbox 221 4157 1804 4236">
     <span class='ocr_line' id='line_1_74' title="bbox 221 4157 1804 4236; baseline -0.008 -14"><span class='ocrx_word' id='word_1_607' title='bbox 221 4167 478 4236; x_wconf 82' lang='grc' dir='ltr'>νογενοῦς</span> <span class='ocrx_word' id='word_1_608' title='bbox 521 4167 611 4218; x_wconf 87' lang='grc' dir='ltr'><strong>τὸν</strong></span> <span class='ocrx_word' id='word_1_609' title='bbox 658 4166 795 4234; x_wconf 81' lang='grc' dir='ltr'>αὐτῇ</span> <span class='ocrx_word' id='word_1_610' title='bbox 848 4163 1128 4234; x_wconf 84' lang='grc' dir='ltr'>πρέποντα</span> <span class='ocrx_word' id='word_1_611' title='bbox 1169 4161 1459 4233; x_wconf 82' lang='grc' dir='ltr'>τηροῦντες</span> <span class='ocrx_word' id='word_1_612' title='bbox 1489 4161 1665 4228; x_wconf 89' lang='grc' dir='ltr'>λόγον,</span> <span class='ocrx_word' id='word_1_613' title='bbox 1712 4157 1804 4211; x_wconf 80' lang='grc' dir='ltr'><strong>τὸν</strong></span> 
     </span>
    </p>
   </div>
   <div class='ocr_carea' id='block_1_75' title="bbox 222 4251 1805 4330">
    <p class='ocr_par' dir='ltr' id='par_1_75' title="bbox 222 4251 1805 4330">
     <span class='ocr_line' id='line_1_75' title="bbox 222 4251 1805 4330; baseline -0.005 -17"><span class='ocrx_word' id='word_1_614' title='bbox 222 4260 447 4330; x_wconf 78' lang='grc' dir='ltr'>Πατέρα</span> <span class='ocrx_word' id='word_1_615' title='bbox 493 4257 669 4327; x_wconf 85' lang='grc' dir='ltr'>φαμὲν</span> <span class='ocrx_word' id='word_1_616' title='bbox 716 4254 1001 4308; x_wconf 81' lang='grc' dir='ltr'>τελειῶσαι</span> <span class='ocrx_word' id='word_1_617' title='bbox 1030 4254 1119 4307; x_wconf 80' lang='grc' dir='ltr'><strong>διά</strong></span> <span class='ocrx_word' id='word_1_618' title='bbox 1162 4253 1502 4324; x_wconf 86' lang='grc' dir='ltr'>παθημάτων</span> <span class='ocrx_word' id='word_1_619' title='bbox 1533 4251 1805 4321; x_wconf 80' lang='grc' dir='ltr'>ὲνανθρω·</span> 
     </span>
    </p>
   </div>
   <div class='ocr_carea' id='block_1_76' title="bbox 224 4342 1807 4423">
    <p class='ocr_par' dir='ltr' id='par_1_76' title="bbox 224 4342 1807 4423">
     <span class='ocr_line' id='line_1_76' title="bbox 224 4342 1807 4423; baseline -0.005 -19"><span class='ocrx_word' id='word_1_620' title='bbox 224 4352 479 4423; x_wconf 71' lang='grc' dir='ltr'>στήσαντα</span> <span class='ocrx_word' id='word_1_621' title='bbox 509 4350 601 4402; x_wconf 82' lang='grc' dir='ltr'><strong>τὸν</strong></span> <span class='ocrx_word' id='word_1_622' title='bbox 637 4348 799 4415; x_wconf 81' lang='grc' dir='ltr'>Υίόν;</span> <span class='ocrx_word' id='word_1_623' title='bbox 830 4368 848 4399; x_wconf 74' lang='grc' dir='ltr'><strong>ι</strong></span> <span class='ocrx_word' id='word_1_624' title='bbox 883 4348 1176 4418; x_wconf 76' lang='grc' dir='ltr'>’Υπέμεινε</span> <span class='ocrx_word' id='word_1_625' title='bbox 1199 4346 1305 4417; x_wconf 85' lang='grc' dir='ltr'>γὰρ</span> <span class='ocrx_word' id='word_1_626' title='bbox 1339 4348 1592 4413; x_wconf 82' lang='grc' dir='ltr'>σταυρὸν,</span> <span class='ocrx_word' id='word_1_627' title='bbox 1615 4342 1807 4415; x_wconf 81' lang='grc' dir='ltr'>αἰσχύ-</span> 
     </span>
    </p>
   </div>
   <div class='ocr_carea' id='block_1_77' title="bbox 148 4433 1804 4514">
    <p class='ocr_par' dir='ltr' id='par_1_77' title="bbox 148 4433 1804 4514">
     <span class='ocr_line' id='line_1_77' title="bbox 148 4433 1804 4514; baseline -0.009 -13"><span class='ocrx_word' id='word_1_628' title='bbox 148 4486 153 4489; x_wconf 48' lang='grc' dir='ltr'>λ</span> <span class='ocrx_word' id='word_1_629' title='bbox 223 4462 326 4514; x_wconf 87' lang='grc' dir='ltr'><strong>νης</strong></span> <span class='ocrx_word' id='word_1_630' title='bbox 370 4441 825 4511; x_wconf 72' lang='grc' dir='ltr'>καταφρονήσας,</span> <span class='ocrx_word' id='word_1_631' title='bbox 878 4458 899 4491; x_wconf 71' lang='grc' dir='ltr'><strong>ι</strong></span> <span class='ocrx_word' id='word_1_632' title='bbox 944 4439 1002 4490; x_wconf 81' lang='grc' dir='ltr'>ὲν</span> <span class='ocrx_word' id='word_1_633' title='bbox 1045 4437 1263 4508; x_wconf 74' lang='grc' dir='ltr'>εὐδοκία</span> <span class='ocrx_word' id='word_1_634' title='bbox 1305 4454 1408 4490; x_wconf 88' lang='grc' dir='ltr'><strong>που</strong></span> <span class='ocrx_word' id='word_1_635' title='bbox 1453 4436 1670 4498; x_wconf 87' lang='grc' dir='ltr'>πάντως</span> <span class='ocrx_word' id='word_1_636' title='bbox 1710 4433 1804 4486; x_wconf 90' lang='grc' dir='ltr'><strong>τοῦ</strong></span> 
     </span>
    </p>
   </div>
   <div class='ocr_carea' id='block_1_78' title="bbox 1897 3344 3477 3418">
    <p class='ocr_par' dir='ltr' id='par_1_78' title="bbox 1897 3344 3477 3418">
     <span class='ocr_line' id='line_1_78' title="bbox 1897 3344 3477 3418; baseline -0.006 -11"><span class='ocrx_word' id='word_1_637' title='bbox 1897 3355 2146 3418; x_wconf 89' lang='lat' dir='ltr'><strong>fuerant,</strong></span> <span class='ocrx_word' id='word_1_638' title='bbox 2195 3353 2270 3406; x_wconf 86' lang='lat' dir='ltr'><strong>ita</strong></span> <span class='ocrx_word' id='word_1_639' title='bbox 2304 3351 2380 3404; x_wconf 86' lang='lat' dir='ltr'><strong>ait</strong></span> <span class='ocrx_word' id='word_1_640' title='bbox 2412 3368 2427 3406; x_wconf 92' lang='lat'><strong>:</strong></span> <span class='ocrx_word' id='word_1_641' title='bbox 2462 3369 2480 3401; x_wconf 74' lang='grc' dir='ltr'><strong>ι</strong></span> <span class='ocrx_word' id='word_1_642' title='bbox 2512 3347 2698 3417; x_wconf 89' lang='lat' dir='ltr'><strong>Itaque</strong></span> <span class='ocrx_word' id='word_1_643' title='bbox 2724 3347 2834 3416; x_wconf 91' lang='lat' dir='ltr'><strong>jam</strong></span> <span class='ocrx_word' id='word_1_644' title='bbox 2878 3362 2982 3401; x_wconf 90' lang='lat' dir='ltr'><strong>non</strong></span> <span class='ocrx_word' id='word_1_645' title='bbox 3029 3362 3087 3400; x_wconf 88' lang='lat' dir='ltr'><strong>es</strong></span> <span class='ocrx_word' id='word_1_646' title='bbox 3126 3360 3337 3407; x_wconf 76' lang='lat' dir='ltr'><strong>servus,</strong></span> <span class='ocrx_word' id='word_1_647' title='bbox 3383 3344 3477 3397; x_wconf 89' lang='lat' dir='ltr'><strong>sed</strong></span> 
     </span>
    </p>
   </div>
   <div class='ocr_carea' id='block_1_79' title="bbox 1900 3434 3476 3515">
    <p class='ocr_par' dir='ltr' id='par_1_79' title="bbox 1900 3434 3476 3515">
     <span class='ocr_line' id='line_1_79' title="bbox 1900 3434 3476 3515; baseline -0.01 -12"><span class='ocrx_word' id='word_1_648' title='bbox 1900 3449 2085 3504; x_wconf 88' lang='lat' dir='ltr'><strong>ﬁlius:</strong></span> <span class='ocrx_word' id='word_1_649' title='bbox 2116 3447 2257 3515; x_wconf 90' lang='lat' dir='ltr'><strong>quod</strong></span> <span class='ocrx_word' id='word_1_650' title='bbox 2297 3446 2341 3500; x_wconf 87' lang='lat' dir='ltr'><strong>si</strong></span> <span class='ocrx_word' id='word_1_651' title='bbox 2375 3445 2534 3508; x_wconf 89' lang='lat' dir='ltr'><strong>ﬁlius,</strong></span> <span class='ocrx_word' id='word_1_652' title='bbox 2573 3453 2627 3497; x_wconf 85' lang='lat' dir='ltr'><strong>et</strong></span> <span class='ocrx_word' id='word_1_653' title='bbox 2657 3443 2832 3496; x_wconf 68' lang='lat' dir='ltr'><strong>haeres</strong></span> <span class='ocrx_word' id='word_1_654' title='bbox 2862 3454 2957 3510; x_wconf 89' lang='lat' dir='ltr'><strong>per</strong></span> <span class='ocrx_word' id='word_1_655' title='bbox 2990 3439 3155 3493; x_wconf 89' lang='lat' dir='ltr'><strong>Deum</strong></span> <span class='ocrx_word' id='word_1_656' title='bbox 3178 3438 3247 3491; x_wconf 78' lang='grc' dir='ltr'><strong>⁸ο.</strong></span> <span class='ocrx_word' id='word_1_657' title='bbox 3286 3456 3303 3487; x_wconf 77' lang='grc' dir='ltr'><strong>ι</strong></span> <span class='ocrx_word' id='word_1_658' title='bbox 3340 3434 3476 3489; x_wconf 86' lang='lat' dir='ltr'><strong>Cum</strong></span> 
     </span>
    </p>
   </div>
   <div class='ocr_carea' id='block_1_80' title="bbox 1903 3529 3477 3608">
    <p class='ocr_par' dir='ltr' id='par_1_80' title="bbox 1903 3529 3477 3608">
     <span class='ocr_line' id='line_1_80' title="bbox 1903 3529 3477 3608; baseline -0.008 -15"><span class='ocrx_word' id='word_1_659' title='bbox 1903 3554 2032 3608; x_wconf 79' lang='lat' dir='ltr'><strong>ergo</strong></span> <span class='ocrx_word' id='word_1_660' title='bbox 2092 3538 2272 3591; x_wconf 87' lang='lat' dir='ltr'><strong>divina</strong></span> <span class='ocrx_word' id='word_1_661' title='bbox 2330 3536 2608 3603; x_wconf 89' lang='lat' dir='ltr'><strong>Scriptura</strong></span> <span class='ocrx_word' id='word_1_662' title='bbox 2666 3532 2973 3602; x_wconf 89' lang='lat' dir='ltr'><strong>promiscue</strong></span> <span class='ocrx_word' id='word_1_663' title='bbox 3031 3531 3175 3584; x_wconf 91' lang='lat' dir='ltr'><strong>hanc</strong></span> <span class='ocrx_word' id='word_1_664' title='bbox 3235 3529 3477 3597; x_wconf 87' lang='lat' dir='ltr'><strong>phrasim</strong></span> 
     </span>
    </p>
   </div>
   <div class='ocr_carea' id='block_1_81' title="bbox 1908 3619 3476 3695">
    <p class='ocr_par' dir='ltr' id='par_1_81' title="bbox 1908 3619 3476 3695">
     <span class='ocr_line' id='line_1_81' title="bbox 1908 3619 3476 3695; baseline -0.005 -16"><span class='ocrx_word' id='word_1_665' title='bbox 1908 3635 2152 3695; x_wconf 84' lang='lat' dir='ltr'><strong>usurpet,</strong></span> <span class='ocrx_word' id='word_1_666' title='bbox 2187 3634 2347 3693; x_wconf 90' lang='lat' dir='ltr'><strong>atque</strong></span> <span class='ocrx_word' id='word_1_667' title='bbox 2390 3624 2539 3690; x_wconf 85' lang='lat' dir='ltr'><strong>illud,</strong></span> <span class='ocrx_word' id='word_1_668' title='bbox 2570 3639 2662 3692; x_wconf 87' lang='lat' dir='ltr'><strong>per</strong></span> <span class='ocrx_word' id='word_1_669' title='bbox 2691 3638 2863 3691; x_wconf 83' lang='lat' dir='ltr'><strong>quem,</strong></span> <span class='ocrx_word' id='word_1_670' title='bbox 2895 3620 3098 3674; x_wconf 88' lang='lat' dir='ltr'><strong>tribuat</strong></span> <span class='ocrx_word' id='word_1_671' title='bbox 3130 3619 3230 3689; x_wconf 90' lang='lat' dir='ltr'><strong>ipsi</strong></span> <span class='ocrx_word' id='word_1_672' title='bbox 3262 3632 3476 3687; x_wconf 87' lang='lat' dir='ltr'><strong>quoque</strong></span> 
     </span>
    </p>
   </div>
   <div class='ocr_carea' id='block_1_82' title="bbox 1907 3707 3477 3782">
    <p class='ocr_par' dir='ltr' id='par_1_82' title="bbox 1907 3707 3477 3782">
     <span class='ocr_line' id='line_1_82' title="bbox 1907 3707 3477 3782; baseline -0.004 -14"><span class='ocrx_word' id='word_1_673' title='bbox 1907 3714 2089 3782; x_wconf 87' lang='lat' dir='ltr'><strong>Patri;</strong></span> <span class='ocrx_word' id='word_1_674' title='bbox 2147 3712 2275 3768; x_wconf 87' lang='lat' dir='ltr'><strong>nihil</strong></span> <span class='ocrx_word' id='word_1_675' title='bbox 2323 3724 2407 3768; x_wconf 89' lang='lat' dir='ltr'><strong>est</strong></span> <span class='ocrx_word' id='word_1_676' title='bbox 2453 3714 2597 3782; x_wconf 88' lang='lat' dir='ltr'><strong>quod</strong></span> <span class='ocrx_word' id='word_1_677' title='bbox 2647 3710 2767 3765; x_wconf 83' lang='lat' dir='ltr'><strong>Filii</strong></span> <span class='ocrx_word' id='word_1_678' title='bbox 2816 3718 3019 3763; x_wconf 91' lang='lat' dir='ltr'><strong>tantum</strong></span> <span class='ocrx_word' id='word_1_679' title='bbox 3057 3724 3299 3779; x_wconf 65' lang='lat' dir='ltr'><strong>personae</strong></span> <span class='ocrx_word' id='word_1_680' title='bbox 3348 3707 3477 3762; x_wconf 89' lang='lat' dir='ltr'><strong>illud</strong></span> 
     </span>
    </p>
   </div>
   <div class='ocr_carea' id='block_1_83' title="bbox 1904 3799 3481 3873">
    <p class='ocr_par' dir='ltr' id='par_1_83' title="bbox 1904 3799 3481 3873">
     <span class='ocr_line' id='line_1_83' title="bbox 1904 3799 3481 3873; baseline -0.006 -10"><span class='ocrx_word' id='word_1_681' title='bbox 1904 3823 2003 3863; x_wconf 88' lang='lat' dir='ltr'><strong>nos</strong></span> <span class='ocrx_word' id='word_1_682' title='bbox 2032 3805 2280 3861; x_wconf 88' lang='lat' dir='ltr'><strong>admetiri</strong></span> <span class='ocrx_word' id='word_1_683' title='bbox 2309 3804 2616 3860; x_wconf 87' lang='lat' dir='ltr'><strong>necessario</strong></span> <span class='ocrx_word' id='word_1_684' title='bbox 2643 3802 2954 3873; x_wconf 89' lang='lat' dir='ltr'><strong>compellat.</strong></span> <span class='ocrx_word' id='word_1_685' title='bbox 2990 3802 3125 3857; x_wconf 80' lang='lat' dir='ltr'><strong>Cum</strong></span> <span class='ocrx_word' id='word_1_686' title='bbox 3160 3802 3342 3869; x_wconf 85' lang='lat' dir='ltr'><strong>itaque</strong></span> <span class='ocrx_word' id='word_1_687' title='bbox 3366 3799 3481 3853; x_wconf 68' lang='lat' dir='ltr'><strong>haec</strong></span> 
     </span>
    </p>
   </div>
   <div class='ocr_carea' id='block_1_84' title="bbox 1904 3888 3478 3965">
    <p class='ocr_par' dir='ltr' id='par_1_84' title="bbox 1904 3888 3478 3965">
     <span class='ocr_line' id='line_1_84' title="bbox 1904 3888 3478 3965; baseline -0.006 -12"><span class='ocrx_word' id='word_1_688' title='bbox 1904 3898 1976 3953; x_wconf 90' lang='lat' dir='ltr'><strong>ita</strong></span> <span class='ocrx_word' id='word_1_689' title='bbox 2015 3913 2075 3953; x_wconf 92' lang='lat' dir='ltr'><strong>se</strong></span> <span class='ocrx_word' id='word_1_690' title='bbox 2129 3897 2382 3961; x_wconf 80' lang='lat' dir='ltr'><strong>habeant,</strong></span> <span class='ocrx_word' id='word_1_691' title='bbox 2432 3911 2532 3951; x_wconf 92' lang='lat' dir='ltr'><strong>cur</strong></span> <span class='ocrx_word' id='word_1_692' title='bbox 2584 3895 2762 3965; x_wconf 91' lang='lat' dir='ltr'><strong>potius</strong></span> <span class='ocrx_word' id='word_1_693' title='bbox 2804 3894 3023 3947; x_wconf 90' lang='lat' dir='ltr'><strong>minime</strong></span> <span class='ocrx_word' id='word_1_694' title='bbox 3073 3893 3177 3946; x_wconf 89' lang='lat' dir='ltr'><strong>hoc</strong></span> <span class='ocrx_word' id='word_1_695' title='bbox 3226 3893 3293 3945; x_wconf 91' lang='lat' dir='ltr'><strong>de</strong></span> <span class='ocrx_word' id='word_1_696' title='bbox 3340 3888 3478 3943; x_wconf 85' lang='lat' dir='ltr'><strong>Filio</strong></span> 
     </span>
    </p>
   </div>
   <div class='ocr_carea' id='block_1_85' title="bbox 1905 3980 3477 4057">
    <p class='ocr_par' dir='ltr' id='par_1_85' title="bbox 1905 3980 3477 4057">
     <span class='ocr_line' id='line_1_85' title="bbox 1905 3980 3477 4057; baseline -0.006 -15"><span class='ocrx_word' id='word_1_697' title='bbox 1905 3987 2294 4057; x_wconf 81' lang='lat' dir='ltr'><strong>intelligentes,</strong></span> <span class='ocrx_word' id='word_1_698' title='bbox 2333 3986 2427 4041; x_wconf 89' lang='lat' dir='ltr'><strong>sed</strong></span> <span class='ocrx_word' id='word_1_699' title='bbox 2475 3985 2882 4055; x_wconf 90' lang='lat' dir='ltr'><strong>Scripturarum</strong></span> <span class='ocrx_word' id='word_1_700' title='bbox 2919 3981 3230 4036; x_wconf 89' lang='lat' dir='ltr'><strong>auctoritati</strong></span> <span class='ocrx_word' id='word_1_701' title='bbox 3285 3980 3477 4043; x_wconf 78' lang='lat' dir='ltr'><strong>innixi,</strong></span> 
     </span>
    </p>
   </div>
   <div class='ocr_carea' id='block_1_86' title="bbox 1905 4072 3481 4149">
    <p class='ocr_par' dir='ltr' id='par_1_86' title="bbox 1905 4072 3481 4149">
     <span class='ocr_line' id='line_1_86' title="bbox 1905 4072 3481 4149; baseline -0.008 -13"><span class='ocrx_word' id='word_1_702' title='bbox 1905 4093 2317 4149; x_wconf 83' lang='lat' dir='ltr'><strong>sermonemque</strong></span> <span class='ocrx_word' id='word_1_703' title='bbox 2369 4077 2641 4132; x_wconf 90' lang='lat' dir='ltr'><strong>incarnati</strong></span> <span class='ocrx_word' id='word_1_704' title='bbox 2701 4076 2968 4147; x_wconf 77' lang='lat' dir='ltr'><strong>Unigeniti</strong></span> <span class='ocrx_word' id='word_1_705' title='bbox 3031 4072 3290 4145; x_wconf 87' lang='lat' dir='ltr'><strong>mysterio</strong></span> <span class='ocrx_word' id='word_1_706' title='bbox 3351 4087 3481 4126; x_wconf 85' lang='lat' dir='ltr'><strong>con—</strong></span> 
     </span>
    </p>
   </div>
   <div class='ocr_carea' id='block_1_87' title="bbox 1906 4161 3479 4242">
    <p class='ocr_par' dir='ltr' id='par_1_87' title="bbox 1906 4161 3479 4242">
     <span class='ocr_line' id='line_1_87' title="bbox 1906 4161 3479 4242; baseline -0.006 -16"><span class='ocrx_word' id='word_1_707' title='bbox 1906 4182 2185 4242; x_wconf 80' lang='lat' dir='ltr'><strong>gruentem</strong></span> <span class='ocrx_word' id='word_1_708' title='bbox 2220 4171 2462 4226; x_wconf 85' lang='lat' dir='ltr'><strong>studiose</strong></span> <span class='ocrx_word' id='word_1_709' title='bbox 2495 4161 2821 4232; x_wconf 78' lang='lat' dir='ltr'><strong>consectati,</strong></span> <span class='ocrx_word' id='word_1_710' title='bbox 2861 4182 2964 4221; x_wconf 91' lang='lat' dir='ltr'><strong>non</strong></span> <span class='ocrx_word' id='word_1_711' title='bbox 3000 4166 3229 4221; x_wconf 90' lang='lat' dir='ltr'><strong>dicimus</strong></span> <span class='ocrx_word' id='word_1_712' title='bbox 3265 4165 3479 4218; x_wconf 88' lang='lat' dir='ltr'><strong>Patrem</strong></span> 
     </span>
    </p>
   </div>
   <div class='ocr_carea' id='block_1_88' title="bbox 1907 4259 3483 4329">
    <p class='ocr_par' dir='ltr' id='par_1_88' title="bbox 1907 4259 3483 4329">
     <span class='ocr_line' id='line_1_88' title="bbox 1907 4259 3483 4329; baseline -0.007 -11"><span class='ocrx_word' id='word_1_713' title='bbox 1907 4264 2099 4319; x_wconf 83' lang='lat' dir='ltr'><strong>Filium</strong></span> <span class='ocrx_word' id='word_1_714' title='bbox 2150 4262 2428 4318; x_wconf 90' lang='lat' dir='ltr'><strong>hominem</strong></span> <span class='ocrx_word' id='word_1_715' title='bbox 2484 4261 2686 4316; x_wconf 83' lang='lat' dir='ltr'><strong>factum</strong></span> <span class='ocrx_word' id='word_1_716' title='bbox 2748 4273 2845 4329; x_wconf 91' lang='lat' dir='ltr'><strong>per</strong></span> <span class='ocrx_word' id='word_1_717' title='bbox 2900 4259 3177 4327; x_wconf 89' lang='lat' dir='ltr'><strong>passiones</strong></span> <span class='ocrx_word' id='word_1_718' title='bbox 3230 4271 3483 4311; x_wconf 86' lang='lat' dir='ltr'><strong>consum-</strong></span> 
     </span>
    </p>
   </div>
   <div class='ocr_carea' id='block_1_89' title="bbox 1910 4347 3482 4423">
    <p class='ocr_par' dir='ltr' id='par_1_89' title="bbox 1910 4347 3482 4423">
     <span class='ocr_line' id='line_1_89' title="bbox 1910 4347 3482 4423; baseline -0.007 -14"><span class='ocrx_word' id='word_1_719' title='bbox 1910 4354 2127 4409; x_wconf 72' lang='lat' dir='ltr'><strong>masse?</strong></span> <span class='ocrx_word' id='word_1_720' title='bbox 2166 4353 2601 4423; x_wconf 90' lang='lat' dir='ltr'><strong>quandoquidem</strong></span> <span class='ocrx_word' id='word_1_721' title='bbox 2655 4350 2722 4417; x_wconf 87' lang='lat' dir='ltr'><strong>is,</strong></span> <span class='ocrx_word' id='word_1_722' title='bbox 2772 4350 2881 4404; x_wconf 89' lang='lat' dir='ltr'><strong>Deo</strong></span> <span class='ocrx_word' id='word_1_723' title='bbox 2927 4349 3086 4404; x_wconf 90' lang='lat' dir='ltr'><strong>Patre</strong></span> <span class='ocrx_word' id='word_1_724' title='bbox 3131 4349 3210 4403; x_wconf 87' lang='lat' dir='ltr'><strong>sic</strong></span> <span class='ocrx_word' id='word_1_725' title='bbox 3247 4347 3482 4412; x_wconf 88' lang='lat' dir='ltr'><strong>volente,</strong></span> 
     </span>
    </p>
   </div>
   <div class='ocr_carea' id='block_1_90' title="bbox 1916 4441 3484 4514">
    <p class='ocr_par' dir='ltr' id='par_1_90' title="bbox 1916 4441 3484 4514">
     <span class='ocr_line' id='line_1_90' title="bbox 1916 4441 3484 4514; baseline -0.003 -17"><span class='ocrx_word' id='word_1_726' title='bbox 1916 4464 1934 4497; x_wconf 75' lang='grc' dir='ltr'><strong>ι</strong></span> <span class='ocrx_word' id='word_1_727' title='bbox 1968 4444 2265 4514; x_wconf 79' lang='lat' dir='ltr'><strong>Ignominia</strong></span> <span class='ocrx_word' id='word_1_728' title='bbox 2306 4453 2636 4513; x_wconf 88' lang='lat' dir='ltr'><strong>contempta.</strong></span> <span class='ocrx_word' id='word_1_729' title='bbox 2680 4456 2899 4498; x_wconf 90' lang='lat' dir='ltr'><strong>crucem</strong></span> <span class='ocrx_word' id='word_1_730' title='bbox 2940 4441 3283 4503; x_wconf 77' lang='lat' dir='ltr'><strong>sustinuit“,</strong></span> <span class='ocrx_word' id='word_1_731' title='bbox 3317 4459 3336 4491; x_wconf 86' lang='grc'><strong>›</strong></span> <span class='ocrx_word' id='word_1_732' title='bbox 3374 4453 3484 4508; x_wconf 90' lang='lat' dir='ltr'><strong>quo</strong></span> 
     </span>
    </p>
   </div>
   <div class='ocr_carea' id='block_1_91' title="bbox 224 4524 1814 4627">
    <p class='ocr_par' dir='ltr' id='par_1_91' title="bbox 224 4524 1805 4605">
     <span class='ocr_line' id='line_1_91' title="bbox 224 4524 1805 4605; baseline -0.009 -14"><span class='ocrx_word' id='word_1_733' title='bbox 224 4536 363 4591; x_wconf 85' lang='grc' dir='ltr'>Θεοῦ</span> <span class='ocrx_word' id='word_1_734' title='bbox 409 4536 504 4588; x_wconf 75' lang='grc' dir='ltr'><strong>καὶ</strong></span> <span class='ocrx_word' id='word_1_735' title='bbox 537 4532 765 4605; x_wconf 61' lang='grc' dir='ltr'>Πατρός</span> <span class='ocrx_word' id='word_1_736' title='bbox 805 4531 891 4584; x_wconf 78' lang='grc' dir='ltr'><strong>ἵνα</strong></span> <span class='ocrx_word' id='word_1_737' title='bbox 934 4532 1029 4583; x_wconf 73' lang='grc' dir='ltr'><strong>καὶ</strong></span> <span class='ocrx_word' id='word_1_738' title='bbox 1056 4531 1204 4600; x_wconf 76' lang='grc' dir='ltr'>ἡμᾶς</span> <span class='ocrx_word' id='word_1_739' title='bbox 1246 4530 1360 4591; x_wconf 83' lang='grc' dir='ltr'>τοῖς</span> <span class='ocrx_word' id='word_1_740' title='bbox 1389 4529 1592 4598; x_wconf 76' lang='grc' dir='ltr'>ἴχνεσιν</span> <span class='ocrx_word' id='word_1_741' title='bbox 1638 4524 1805 4578; x_wconf 85' lang='grc' dir='ltr'>αὑτοῦ</span> 
     </span>
    </p>
   </div>
   <div class='ocr_carea' id='block_1_92' title="bbox 1900 4524 3487 4627">
    <p class='ocr_par' dir='ltr' id='par_1_92' title="bbox 1912 4532 3487 4604">
     <span class='ocr_line' id='line_1_92' title="bbox 1912 4532 3487 4604; baseline -0.005 -13"><span class='ocrx_word' id='word_1_742' title='bbox 1912 4546 1967 4591; x_wconf 89' lang='lat' dir='ltr'><strong>et</strong></span> <span class='ocrx_word' id='word_1_743' title='bbox 2009 4551 2107 4591; x_wconf 91' lang='lat' dir='ltr'><strong>nos</strong></span> <span class='ocrx_word' id='word_1_744' title='bbox 2135 4550 2347 4604; x_wconf 90' lang='lat' dir='ltr'><strong>quoque</strong></span> <span class='ocrx_word' id='word_1_745' title='bbox 2387 4534 2631 4604; x_wconf 73' lang='lat' dir='ltr'><strong>vestigiis</strong></span> <span class='ocrx_word' id='word_1_746' title='bbox 2680 4532 2822 4586; x_wconf 90' lang='lat' dir='ltr'><strong>illius</strong></span> <span class='ocrx_word' id='word_1_747' title='bbox 2855 4532 3200 4596; x_wconf 70' lang='lat' dir='ltr'><strong>inhaerentes,</strong></span> <span class='ocrx_word' id='word_1_748' title='bbox 3233 4543 3487 4585; x_wconf 87' lang='lat' dir='ltr'><strong>strenuos</strong></span> 
     </span>
    </p>
   </div>
   <div class='ocr_carea' id='block_1_93' title="bbox 227 4619 1802 4709">
    <p class='ocr_par' dir='ltr' id='par_1_93' title="bbox 227 4619 1802 4709">
     <span class='ocr_line' id='line_1_93' title="bbox 227 4619 1802 4709; baseline -0.01 -26"><span class='ocrx_word' id='word_1_749' title='bbox 227 4626 651 4709; x_wconf 83' lang='grc' dir='ltr'>κατακολρυθεῖν</span> <span class='ocrx_word' id='word_1_750' title='bbox 686 4624 1024 4695; x_wconf 78' lang='grc' dir='ltr'>ᾑρημένους,</span> <span class='ocrx_word' id='word_1_751' title='bbox 1054 4621 1337 4684; x_wconf 80' lang='grc' dir='ltr'>νεανικοὺς</span> <span class='ocrx_word' id='word_1_752' title='bbox 1360 4619 1615 4689; x_wconf 74' lang='grc' dir='ltr'>ἀποφήνῃ</span> <span class='ocrx_word' id='word_1_753' title='bbox 1635 4658 1649 4683; x_wconf 92' lang='grc'><strong>,</strong></span> <span class='ocrx_word' id='word_1_754' title='bbox 1684 4634 1802 4669; x_wconf 73' lang='grc' dir='ltr'>πει-</span> 
     </span>
    </p>
   </div>
   <div class='ocr_carea' id='block_1_94' title="bbox 227 4713 1806 4794">
    <p class='ocr_par' dir='ltr' id='par_1_94' title="bbox 227 4713 1806 4794">
     <span class='ocr_line' id='line_1_94' title="bbox 227 4713 1806 4794; baseline -0.009 -18"><span class='ocrx_word' id='word_1_755' title='bbox 227 4724 493 4794; x_wconf 87' lang='grc' dir='ltr'>θομένους</span> <span class='ocrx_word' id='word_1_756' title='bbox 524 4720 739 4787; x_wconf 85' lang='grc' dir='ltr'>λέγοντι</span> <span class='ocrx_word' id='word_1_757' title='bbox 766 4734 782 4751; x_wconf 79' lang='grc'><strong><em>⁸</em></strong></span> <span class='ocrx_word' id='word_1_758' title='bbox 820 4737 836 4770; x_wconf 81' lang='grc' dir='ltr'><strong>ι</strong></span> <span class='ocrx_word' id='word_1_759' title='bbox 874 4719 964 4788; x_wconf 82' lang='grc' dir='ltr'><strong>Μὴ</strong></span> <span class='ocrx_word' id='word_1_760' title='bbox 991 4715 1243 4787; x_wconf 79' lang='grc' dir='ltr'>φοϐεῖσθε</span> <span class='ocrx_word' id='word_1_761' title='bbox 1271 4715 1378 4769; x_wconf 80' lang='grc' dir='ltr'><strong>ἀπὸ</strong></span> <span class='ocrx_word' id='word_1_762' title='bbox 1411 4713 1520 4767; x_wconf 88' lang='grc' dir='ltr'><strong>τῶν</strong></span> <span class='ocrx_word' id='word_1_763' title='bbox 1550 4713 1806 4765; x_wconf 78' lang='grc' dir='ltr'>ἀποκτει-</span> 
     </span>
    </p>
   </div>
   <div class='ocr_carea' id='block_1_95' title="bbox 227 4804 1808 4885">
    <p class='ocr_par' dir='ltr' id='par_1_95' title="bbox 227 4804 1808 4885">
     <span class='ocr_line' id='line_1_95' title="bbox 227 4804 1808 4885; baseline -0.009 -14"><span class='ocrx_word' id='word_1_764' title='bbox 227 4818 430 4871; x_wconf 83' lang='grc' dir='ltr'>νόντων</span> <span class='ocrx_word' id='word_1_765' title='bbox 464 4813 617 4885; x_wconf 80' lang='grc' dir='ltr'>ὑμῶν</span> <span class='ocrx_word' id='word_1_766' title='bbox 645 4813 706 4867; x_wconf 81' lang='grc' dir='ltr'><strong>τὸ</strong></span> <span class='ocrx_word' id='word_1_767' title='bbox 740 4813 899 4882; x_wconf 86' lang='grc' dir='ltr'>σῶμα</span> <span class='ocrx_word' id='word_1_768' title='bbox 918 4850 934 4875; x_wconf 89' lang='grc'><strong>,</strong></span> <span class='ocrx_word' id='word_1_769' title='bbox 962 4810 1060 4881; x_wconf 79' lang='grc' dir='ltr'>τὴν</span> <span class='ocrx_word' id='word_1_770' title='bbox 1092 4810 1148 4862; x_wconf 81' lang='grc' dir='ltr'>δὲ</span> <span class='ocrx_word' id='word_1_771' title='bbox 1178 4807 1355 4879; x_wconf 78' lang='grc' dir='ltr'>ψυχὴν</span> <span class='ocrx_word' id='word_1_772' title='bbox 1390 4807 1463 4877; x_wconf 86' lang='grc' dir='ltr'>μὴ</span> <span class='ocrx_word' id='word_1_773' title='bbox 1492 4804 1808 4875; x_wconf 85' lang='grc' dir='ltr'>δυναμένων</span> 
     </span>
    </p>
   </div>
   <div class='ocr_carea' id='block_1_96' title="bbox 230 4899 1810 4975">
    <p class='ocr_par' dir='ltr' id='par_1_96' title="bbox 230 4899 1810 4975">
     <span class='ocr_line' id='line_1_96' title="bbox 230 4899 1810 4975; baseline -0.009 -12"><span class='ocrx_word' id='word_1_774' title='bbox 230 4910 571 4964; x_wconf 86' lang='grc' dir='ltr'>ἀποκτεῖναι.</span> <span class='ocrx_word' id='word_1_775' title='bbox 611 4926 629 4958; x_wconf 71' lang='grc' dir='ltr'><strong>ι</strong></span> <span class='ocrx_word' id='word_1_776' title='bbox 687 4904 908 4975; x_wconf 74' lang='grc' dir='ltr'>Ἐπειδὴ</span> <span class='ocrx_word' id='word_1_777' title='bbox 944 4904 1052 4973; x_wconf 86' lang='grc' dir='ltr'>γὰρ</span> <span class='ocrx_word' id='word_1_778' title='bbox 1096 4902 1320 4973; x_wconf 76' lang='grc' dir='ltr'>ἔμελλον</span> <span class='ocrx_word' id='word_1_779' title='bbox 1364 4900 1542 4969; x_wconf 70' lang='grc' dir='ltr'>θλίψιν</span> <span class='ocrx_word' id='word_1_780' title='bbox 1574 4899 1718 4968; x_wconf 81' lang='grc' dir='ltr'>ἔχειν</span> <span class='ocrx_word' id='word_1_781' title='bbox 1752 4900 1810 4950; x_wconf 81' lang='grc' dir='ltr'>ὲν</span> 
     </span>
    </p>
   </div>
   <div class='ocr_carea' id='block_1_97' title="bbox 228 4988 1809 5069">
    <p class='ocr_par' dir='ltr' id='par_1_97' title="bbox 228 4988 1809 5069">
     <span class='ocr_line' id='line_1_97' title="bbox 228 4988 1809 5069; baseline -0.007 -17"><span class='ocrx_word' id='word_1_782' title='bbox 228 4999 310 5069; x_wconf 82' lang='grc' dir='ltr'><strong>τῷ</strong></span> <span class='ocrx_word' id='word_1_783' title='bbox 338 4999 526 5069; x_wconf 83' lang='grc' dir='ltr'>κόσμῳ</span> <span class='ocrx_word' id='word_1_784' title='bbox 546 5037 561 5062; x_wconf 88' lang='grc'><strong>,</strong></span> <span class='ocrx_word' id='word_1_785' title='bbox 592 4995 689 5051; x_wconf 76' lang='grc' dir='ltr'>καὶ</span> <span class='ocrx_word' id='word_1_786' title='bbox 716 4993 1008 5049; x_wconf 74' lang='grc' dir='ltr'>διώκεσθαι</span> <span class='ocrx_word' id='word_1_787' title='bbox 1034 4994 1163 5064; x_wconf 87' lang='grc' dir='ltr'>παρ’</span> <span class='ocrx_word' id='word_1_788' title='bbox 1194 4991 1425 5063; x_wconf 78' lang='grc' dir='ltr'>ἐχθρῶν,</span> <span class='ocrx_word' id='word_1_789' title='bbox 1457 4990 1551 5043; x_wconf 73' lang='grc' dir='ltr'><strong>καὶ</strong></span> <span class='ocrx_word' id='word_1_790' title='bbox 1575 4989 1683 5043; x_wconf 88' lang='grc' dir='ltr'><strong>τῶν</strong></span> <span class='ocrx_word' id='word_1_791' title='bbox 1711 4988 1809 5058; x_wconf 80' lang='grc' dir='ltr'>τῆς</span> 
     </span>
    </p>
   </div>
   <div class='ocr_carea' id='block_1_98' title="bbox 232 5083 1811 5161">
    <p class='ocr_par' dir='ltr' id='par_1_98' title="bbox 232 5083 1811 5161">
     <span class='ocr_line' id='line_1_98' title="bbox 232 5083 1811 5161; baseline -0.006 -17"><span class='ocrx_word' id='word_1_792' title='bbox 232 5090 494 5161; x_wconf 80' lang='grc' dir='ltr'>ἀληθείας</span> <span class='ocrx_word' id='word_1_793' title='bbox 526 5089 812 5159; x_wconf 85' lang='grc' dir='ltr'>δογμάτων</span> <span class='ocrx_word' id='word_1_794' title='bbox 858 5085 1202 5156; x_wconf 79' lang='grc' dir='ltr'>ὑπεραθλεῖν,</span> <span class='ocrx_word' id='word_1_795' title='bbox 1250 5083 1433 5155; x_wconf 81' lang='grc' dir='ltr'>ἱδρῶτί</span> <span class='ocrx_word' id='word_1_796' title='bbox 1474 5101 1533 5137; x_wconf 90' lang='grc' dir='ltr'><strong>τε</strong></span> <span class='ocrx_word' id='word_1_797' title='bbox 1580 5083 1675 5138; x_wconf 75' lang='grc' dir='ltr'>καὶ</span> <span class='ocrx_word' id='word_1_798' title='bbox 1712 5084 1811 5135; x_wconf 87' lang='grc' dir='ltr'>πό-</span> 
     </span>
    </p>
   </div>
   <div class='ocr_carea' id='block_1_99' title="bbox 232 5173 1812 5252">
    <p class='ocr_par' dir='ltr' id='par_1_99' title="bbox 232 5173 1812 5252">
     <span class='ocr_line' id='line_1_99' title="bbox 232 5173 1812 5252; baseline -0.006 -17"><span class='ocrx_word' id='word_1_799' title='bbox 232 5199 347 5245; x_wconf 88' lang='grc' dir='ltr'>νοις</span> <span class='ocrx_word' id='word_1_800' title='bbox 376 5179 676 5252; x_wconf 86' lang='grc' dir='ltr'>κατορθοῦν</span> <span class='ocrx_word' id='word_1_801' title='bbox 715 5177 775 5233; x_wconf 84' lang='grc' dir='ltr'><strong>εῦ</strong></span> <span class='ocrx_word' id='word_1_802' title='bbox 811 5177 955 5248; x_wconf 89' lang='grc' dir='ltr'>μαλα</span> <span class='ocrx_word' id='word_1_803' title='bbox 989 5178 1087 5246; x_wconf 77' lang='grc' dir='ltr'><strong>τὴν</strong></span> <span class='ocrx_word' id='word_1_804' title='bbox 1116 5175 1316 5246; x_wconf 82' lang='grc' dir='ltr'>ἀρετὴν</span> <span class='ocrx_word' id='word_1_805' title='bbox 1345 5176 1444 5227; x_wconf 75' lang='grc' dir='ltr'><strong>οὐκ</strong></span> <span class='ocrx_word' id='word_1_806' title='bbox 1478 5176 1542 5246; x_wconf 74' lang='grc' dir='ltr'><strong>ἐᾷ</strong></span> <span class='ocrx_word' id='word_1_807' title='bbox 1580 5173 1812 5245; x_wconf 82' lang='grc' dir='ltr'>θρύπτε-</span> 
     </span>
    </p>
   </div>
   <div class='ocr_carea' id='block_1_100' title="bbox 238 5266 1808 5343">
    <p class='ocr_par' dir='ltr' id='par_1_100' title="bbox 238 5266 1808 5343">
     <span class='ocr_line' id='line_1_100' title="bbox 238 5266 1808 5343; baseline -0.004 -18"><span class='ocrx_word' id='word_1_808' title='bbox 238 5272 361 5325; x_wconf 86' lang='grc' dir='ltr'>σθαι</span> <span class='ocrx_word' id='word_1_809' title='bbox 392 5273 523 5343; x_wconf 82' lang='grc' dir='ltr'>πρὸς</span> <span class='ocrx_word' id='word_1_810' title='bbox 558 5271 757 5334; x_wconf 80' lang='grc' dir='ltr'>δειλίας</span> <span class='ocrx_word' id='word_1_811' title='bbox 782 5311 796 5335; x_wconf 92' lang='grc'><strong>,</strong></span> <span class='ocrx_word' id='word_1_812' title='bbox 841 5269 1131 5339; x_wconf 82' lang='grc' dir='ltr'>ἀποφαίνει</span> <span class='ocrx_word' id='word_1_813' title='bbox 1164 5267 1220 5324; x_wconf 71' lang='grc' dir='ltr'><strong>δὲ</strong></span> <span class='ocrx_word' id='word_1_814' title='bbox 1254 5266 1452 5338; x_wconf 81' lang='grc' dir='ltr'>μᾶλλον</span> <span class='ocrx_word' id='word_1_815' title='bbox 1480 5266 1808 5335; x_wconf 78' lang='grc' dir='ltr'>εὐτολμοτά-</span> 
     </span>
    </p>
   </div>
   <div class='ocr_carea' id='block_1_101' title="bbox 238 5358 1813 5431">
    <p class='ocr_par' dir='ltr' id='par_1_101' title="bbox 238 5358 1813 5431">
     <span class='ocr_line' id='line_1_101' title="bbox 238 5358 1813 5431; baseline -0.004 -12"><span class='ocrx_word' id='word_1_816' title='bbox 238 5382 384 5427; x_wconf 79' lang='grc' dir='ltr'>τους,</span> <span class='ocrx_word' id='word_1_817' title='bbox 420 5363 619 5428; x_wconf 73' lang='grc' dir='ltr'>ἐλάσας</span> <span class='ocrx_word' id='word_1_818' title='bbox 662 5362 822 5426; x_wconf 79' lang='grc' dir='ltr'>αὐτὸς</span> <span class='ocrx_word' id='word_1_819' title='bbox 864 5362 952 5415; x_wconf 76' lang='grc' dir='ltr'><strong>διὰ</strong></span> <span class='ocrx_word' id='word_1_820' title='bbox 996 5360 1356 5431; x_wconf 86' lang='grc' dir='ltr'>παθημάτων,</span> <span class='ocrx_word' id='word_1_821' title='bbox 1404 5358 1491 5413; x_wconf 83' lang='grc' dir='ltr'><strong>ἵνα</strong></span> <span class='ocrx_word' id='word_1_822' title='bbox 1536 5360 1632 5413; x_wconf 76' lang='grc' dir='ltr'><strong>καὶ</strong></span> <span class='ocrx_word' id='word_1_823' title='bbox 1665 5361 1813 5430; x_wconf 79' lang='grc' dir='ltr'>ἡμᾶς</span> 
     </span>
    </p>
   </div>
   <div class='ocr_carea' id='block_1_102' title="bbox 1911 4622 3486 4695">
    <p class='ocr_par' dir='ltr' id='par_1_102' title="bbox 1911 4622 3486 4695">
     <span class='ocr_line' id='line_1_102' title="bbox 1911 4622 3486 4695; baseline -0.004 -13"><span class='ocrx_word' id='word_1_824' title='bbox 1911 4627 2166 4691; x_wconf 83' lang='lat' dir='ltr'><strong>eﬁiceret,</strong></span> <span class='ocrx_word' id='word_1_825' title='bbox 2203 4625 2532 4681; x_wconf 89' lang='lat' dir='ltr'><strong>conﬁdentes</strong></span> <span class='ocrx_word' id='word_1_826' title='bbox 2571 4624 2624 4679; x_wconf 89' lang='lat' dir='ltr'><strong>in</strong></span> <span class='ocrx_word' id='word_1_827' title='bbox 2675 4624 2767 4679; x_wconf 92' lang='lat' dir='ltr'><strong>illo</strong></span> <span class='ocrx_word' id='word_1_828' title='bbox 2803 4626 2893 4695; x_wconf 90' lang='lat' dir='ltr'><strong>qui</strong></span> <span class='ocrx_word' id='word_1_829' title='bbox 2939 4624 3070 4679; x_wconf 87' lang='lat' dir='ltr'><strong>dicit</strong></span> <span class='ocrx_word' id='word_1_830' title='bbox 3100 4641 3115 4678; x_wconf 89' lang='lat'><strong>:</strong></span> <span class='ocrx_word' id='word_1_831' title='bbox 3150 4643 3168 4676; x_wconf 76' lang='grc' dir='ltr'><strong>ι</strong></span> <span class='ocrx_word' id='word_1_832' title='bbox 3199 4622 3374 4677; x_wconf 85' lang='lat' dir='ltr'><strong>Nolite</strong></span> <span class='ocrx_word' id='word_1_833' title='bbox 3419 4622 3486 4676; x_wconf 87' lang='lat' dir='ltr'><strong>ti-</strong></span> 
     </span>
    </p>
   </div>
   <div class='ocr_carea' id='block_1_103' title="bbox 1914 4717 3486 4786">
    <p class='ocr_par' dir='ltr' id='par_1_103' title="bbox 1914 4717 3486 4786">
     <span class='ocr_line' id='line_1_103' title="bbox 1914 4717 3486 4786; baseline -0.003 -13"><span class='ocrx_word' id='word_1_834' title='bbox 1914 4733 2064 4773; x_wconf 85' lang='lat' dir='ltr'><strong>mere</strong></span> <span class='ocrx_word' id='word_1_835' title='bbox 2104 4733 2198 4773; x_wconf 91' lang='lat' dir='ltr'><strong>eos</strong></span> <span class='ocrx_word' id='word_1_836' title='bbox 2226 4718 2317 4786; x_wconf 88' lang='lat' dir='ltr'><strong>qui</strong></span> <span class='ocrx_word' id='word_1_837' title='bbox 2350 4718 2604 4771; x_wconf 90' lang='lat' dir='ltr'><strong>occidunt</strong></span> <span class='ocrx_word' id='word_1_838' title='bbox 2644 4732 2861 4786; x_wconf 82' lang='lat' dir='ltr'><strong>corpus,</strong></span> <span class='ocrx_word' id='word_1_839' title='bbox 2892 4717 3125 4770; x_wconf 86' lang='lat' dir='ltr'><strong>animam</strong></span> <span class='ocrx_word' id='word_1_840' title='bbox 3162 4724 3339 4768; x_wconf 92' lang='lat' dir='ltr'><strong>autem</strong></span> <span class='ocrx_word' id='word_1_841' title='bbox 3379 4730 3486 4768; x_wconf 92' lang='lat' dir='ltr'><strong>non</strong></span> 
     </span>
    </p>
   </div>
   <div class='ocr_carea' id='block_1_104' title="bbox 1914 4806 3487 4882">
    <p class='ocr_par' dir='ltr' id='par_1_104' title="bbox 1914 4806 3487 4882">
     <span class='ocr_line' id='line_1_104' title="bbox 1914 4806 3487 4882; baseline -0.004 -17"><span class='ocrx_word' id='word_1_842' title='bbox 1914 4821 2144 4882; x_wconf 81' lang='lat' dir='ltr'><strong>possunt</strong></span> <span class='ocrx_word' id='word_1_843' title='bbox 2200 4810 2447 4867; x_wconf 86' lang='lat' dir='ltr'><strong>occidere</strong></span> <span class='ocrx_word' id='word_1_844' title='bbox 2469 4813 2537 4865; x_wconf 78' lang='grc'><strong>⁵³.</strong></span> <span class='ocrx_word' id='word_1_845' title='bbox 2576 4829 2594 4861; x_wconf 76' lang='grc' dir='ltr'><strong>ι</strong></span> <span class='ocrx_word' id='word_1_846' title='bbox 2660 4810 2792 4864; x_wconf 85' lang='lat' dir='ltr'><strong>Nam</strong></span> <span class='ocrx_word' id='word_1_847' title='bbox 2842 4810 2985 4880; x_wconf 81' lang='lat' dir='ltr'><strong>quod</strong></span> <span class='ocrx_word' id='word_1_848' title='bbox 3039 4806 3381 4862; x_wconf 88' lang='lat' dir='ltr'><strong>aﬁlictionem</strong></span> <span class='ocrx_word' id='word_1_849' title='bbox 3435 4806 3487 4858; x_wconf 90' lang='lat' dir='ltr'><strong>in</strong></span> 
     </span>
    </p>
   </div>
   <div class='ocr_carea' id='block_1_105' title="bbox 1921 4896 3487 4973">
    <p class='ocr_par' dir='ltr' id='par_1_105' title="bbox 1921 4896 3487 4973">
     <span class='ocr_line' id='line_1_105' title="bbox 1921 4896 3487 4973; baseline -0.005 -15"><span class='ocrx_word' id='word_1_850' title='bbox 1921 4904 2142 4968; x_wconf 89' lang='lat' dir='ltr'><strong>mundo,</strong></span> <span class='ocrx_word' id='word_1_851' title='bbox 2185 4904 2726 4973; x_wconf 89' lang='lat' dir='ltr'><strong>persecutionemque</strong></span> <span class='ocrx_word' id='word_1_852' title='bbox 2774 4904 2841 4957; x_wconf 85' lang='lat' dir='ltr'><strong>ab</strong></span> <span class='ocrx_word' id='word_1_853' title='bbox 2889 4902 3133 4956; x_wconf 84' lang='lat' dir='ltr'><strong>hostibus</strong></span> <span class='ocrx_word' id='word_1_854' title='bbox 3179 4896 3487 4969; x_wconf 87' lang='lat' dir='ltr'><strong>perpessuri</strong></span> 
     </span>
    </p>
   </div>
   <div class='ocr_carea' id='block_1_106' title="bbox 1918 4982 3489 5063">
    <p class='ocr_par' dir='ltr' id='par_1_106' title="bbox 1918 4982 3489 5063">
     <span class='ocr_line' id='line_1_106' title="bbox 1918 4982 3489 5063; baseline -0.009 -14"><span class='ocrx_word' id='word_1_855' title='bbox 1918 5003 2125 5060; x_wconf 84' lang='lat' dir='ltr'><strong>essent,</strong></span> <span class='ocrx_word' id='word_1_856' title='bbox 2166 5003 2221 5046; x_wconf 91' lang='lat' dir='ltr'><strong>et</strong></span> <span class='ocrx_word' id='word_1_857' title='bbox 2265 4992 2449 5063; x_wconf 80' lang='lat' dir='ltr'><strong>gravia</strong></span> <span class='ocrx_word' id='word_1_858' title='bbox 2486 5007 2584 5061; x_wconf 87' lang='lat' dir='ltr'><strong>pro</strong></span> <span class='ocrx_word' id='word_1_859' title='bbox 2623 4989 2868 5044; x_wconf 88' lang='lat' dir='ltr'><strong>veritatis</strong></span> <span class='ocrx_word' id='word_1_860' title='bbox 2902 4989 3150 5058; x_wconf 81' lang='lat' dir='ltr'><strong>dogmate</strong></span> <span class='ocrx_word' id='word_1_861' title='bbox 3193 4982 3489 5039; x_wconf 84' lang='lat' dir='ltr'><strong>certamina</strong></span> 
     </span>
    </p>
   </div>
   <div class='ocr_carea' id='block_1_107' title="bbox 1918 5076 3493 5150">
    <p class='ocr_par' dir='ltr' id='par_1_107' title="bbox 1918 5076 3493 5150">
     <span class='ocr_line' id='line_1_107' title="bbox 1918 5076 3493 5150; baseline -0.008 -11"><span class='ocrx_word' id='word_1_862' title='bbox 1918 5084 2170 5150; x_wconf 89' lang='lat' dir='ltr'><strong>subituri,</strong></span> <span class='ocrx_word' id='word_1_863' title='bbox 2215 5093 2270 5138; x_wconf 86' lang='lat' dir='ltr'><strong>et</strong></span> <span class='ocrx_word' id='word_1_864' title='bbox 2310 5084 2527 5137; x_wconf 84' lang='lat' dir='ltr'><strong>virtutis</strong></span> <span class='ocrx_word' id='word_1_865' title='bbox 2569 5082 2800 5149; x_wconf 90' lang='lat' dir='ltr'><strong>denique</strong></span> <span class='ocrx_word' id='word_1_866' title='bbox 2849 5080 3080 5134; x_wconf 86' lang='lat' dir='ltr'><strong>stadium</strong></span> <span class='ocrx_word' id='word_1_867' title='bbox 3137 5093 3241 5131; x_wconf 92' lang='lat' dir='ltr'><strong>non</strong></span> <span class='ocrx_word' id='word_1_868' title='bbox 3288 5076 3493 5144; x_wconf 84' lang='lat' dir='ltr'><strong>absque</strong></span> 
     </span>
    </p>
   </div>
   <div class='ocr_carea' id='block_1_108' title="bbox 1919 5167 3493 5244">
    <p class='ocr_par' dir='ltr' id='par_1_108' title="bbox 1919 5167 3493 5244">
     <span class='ocr_line' id='line_1_108' title="bbox 1919 5167 3493 5244; baseline -0.006 -15"><span class='ocrx_word' id='word_1_869' title='bbox 1919 5190 2112 5244; x_wconf 85' lang='lat' dir='ltr'><strong>magno</strong></span> <span class='ocrx_word' id='word_1_870' title='bbox 2163 5176 2358 5229; x_wconf 90' lang='lat' dir='ltr'><strong>sudore</strong></span> <span class='ocrx_word' id='word_1_871' title='bbox 2397 5183 2451 5228; x_wconf 93' lang='lat' dir='ltr'><strong>et</strong></span> <span class='ocrx_word' id='word_1_872' title='bbox 2501 5172 2763 5228; x_wconf 85' lang='lat' dir='ltr'><strong>molestiis</strong></span> <span class='ocrx_word' id='word_1_873' title='bbox 2810 5170 3121 5235; x_wconf 83' lang='lat' dir='ltr'><strong>decursuri,</strong></span> <span class='ocrx_word' id='word_1_874' title='bbox 3178 5167 3349 5223; x_wconf 89' lang='lat' dir='ltr'><strong>noluit</strong></span> <span class='ocrx_word' id='word_1_875' title='bbox 3399 5180 3493 5220; x_wconf 88' lang='lat' dir='ltr'><strong>eos</strong></span> 
     </span>
    </p>
   </div>
   <div class='ocr_carea' id='block_1_109' title="bbox 1921 5263 3486 5336">
    <p class='ocr_par' dir='ltr' id='par_1_109' title="bbox 1921 5263 3486 5336">
     <span class='ocr_line' id='line_1_109' title="bbox 1921 5263 3486 5336; baseline -0.006 -16"><span class='ocrx_word' id='word_1_876' title='bbox 1921 5277 2065 5320; x_wconf 89' lang='lat' dir='ltr'><strong>metu</strong></span> <span class='ocrx_word' id='word_1_877' title='bbox 2114 5267 2308 5336; x_wconf 81' lang='lat' dir='ltr'><strong>frangi,</strong></span> <span class='ocrx_word' id='word_1_878' title='bbox 2359 5267 2451 5322; x_wconf 86' lang='lat' dir='ltr'><strong>sed</strong></span> <span class='ocrx_word' id='word_1_879' title='bbox 2495 5280 2589 5335; x_wconf 82' lang='lat' dir='ltr'><strong>per</strong></span> <span class='ocrx_word' id='word_1_880' title='bbox 2640 5279 2703 5317; x_wconf 91' lang='lat' dir='ltr'><strong>ea</strong></span> <span class='ocrx_word' id='word_1_881' title='bbox 2737 5278 2859 5332; x_wconf 67' lang='lat' dir='ltr'><strong>quae</strong></span> <span class='ocrx_word' id='word_1_882' title='bbox 2904 5263 3019 5331; x_wconf 90' lang='lat' dir='ltr'><strong>ipse</strong></span> <span class='ocrx_word' id='word_1_883' title='bbox 3055 5274 3341 5331; x_wconf 76' lang='lat' dir='ltr'><strong>perpessus</strong></span> <span class='ocrx_word' id='word_1_884' title='bbox 3381 5266 3486 5321; x_wconf 90' lang='lat' dir='ltr'><strong>est,</strong></span> 
     </span>
    </p>
   </div>
   <div class='ocr_carea' id='block_1_110' title="bbox 1922 5355 3493 5413">
    <p class='ocr_par' dir='ltr' id='par_1_110' title="bbox 1922 5355 3493 5413">
     <span class='ocr_line' id='line_1_110' title="bbox 1922 5355 3493 5413; baseline -0.007 -1"><span class='ocrx_word' id='word_1_885' title='bbox 1922 5358 2149 5413; x_wconf 86' lang='lat' dir='ltr'><strong>animari</strong></span> <span class='ocrx_word' id='word_1_886' title='bbox 2181 5377 2193 5412; x_wconf 91' lang='lat'><strong>:</strong></span> <span class='ocrx_word' id='word_1_887' title='bbox 2225 5368 2281 5411; x_wconf 84' lang='grc' dir='ltr'><strong>ιιι</strong></span> <span class='ocrx_word' id='word_1_888' title='bbox 2322 5373 2448 5412; x_wconf 86' lang='lat' dir='ltr'><strong>vero</strong></span> <span class='ocrx_word' id='word_1_889' title='bbox 2483 5372 2580 5410; x_wconf 90' lang='lat' dir='ltr'><strong>nos</strong></span> <span class='ocrx_word' id='word_1_890' title='bbox 2608 5356 2771 5409; x_wconf 87' lang='lat' dir='ltr'><strong>etiam</strong></span> <span class='ocrx_word' id='word_1_891' title='bbox 2815 5369 2875 5408; x_wconf 90' lang='lat' dir='ltr'><strong>ea</strong></span> <span class='ocrx_word' id='word_1_892' title='bbox 2911 5355 3210 5408; x_wconf 88' lang='lat' dir='ltr'><strong>detrectare</strong></span> <span class='ocrx_word' id='word_1_893' title='bbox 3250 5364 3356 5404; x_wconf 92' lang='lat' dir='ltr'><strong>non</strong></span> <span class='ocrx_word' id='word_1_894' title='bbox 3393 5363 3493 5402; x_wconf 87' lang='lat' dir='ltr'><strong>au-</strong></span> 
     </span>
    </p>
   </div>
   <div class='ocr_carea' id='block_1_111' title="bbox 275 5489 1814 5580">
    <p class='ocr_par' dir='ltr' id='par_1_111' title="bbox 275 5510 1805 5580">
     <span class='ocr_line' id='line_1_111' title="bbox 275 5510 1805 5580; baseline -0.001 -10"><span class='ocrx_word' id='word_1_895' title='bbox 275 5516 320 5548; x_wconf 77' lang='grc'><strong>⁴⁷</strong></span> <span class='ocrx_word' id='word_1_896' title='bbox 359 5515 522 5571; x_wconf 87' lang='lat' dir='ltr'><strong>llehr.</strong></span> <span class='ocrx_word' id='word_1_897' title='bbox 561 5531 623 5580; x_wconf 87' lang='lat' dir='ltr'><strong>tt,</strong></span> <span class='ocrx_word' id='word_1_898' title='bbox 666 5514 852 5571; x_wconf 59' lang='lat' dir='ltr'><strong>l0-l“2.</strong></span> <span class='ocrx_word' id='word_1_899' title='bbox 930 5514 974 5547; x_wconf 66' lang='grc'>³⁸</span> <span class='ocrx_word' id='word_1_900' title='bbox 1005 5511 1158 5568; x_wconf 84' lang='lat' dir='ltr'><strong>Joan.</strong></span> <span class='ocrx_word' id='word_1_901' title='bbox 1201 5527 1238 5578; x_wconf 86' lang='grc' dir='ltr'><strong>ι,</strong></span> <span class='ocrx_word' id='word_1_902' title='bbox 1279 5510 1331 5564; x_wconf 75' lang='lat'><strong>5.</strong></span> <span class='ocrx_word' id='word_1_903' title='bbox 1410 5511 1493 5565; x_wconf 74' lang='lat' dir='ltr'><strong>&quot;l</strong></span> <span class='ocrx_word' id='word_1_904' title='bbox 1525 5510 1651 5565; x_wconf 89' lang='lat' dir='ltr'><strong>Cor.</strong></span> <span class='ocrx_word' id='word_1_905' title='bbox 1684 5527 1722 5577; x_wconf 86' lang='grc' dir='ltr'><strong>ι,</strong></span> <span class='ocrx_word' id='word_1_906' title='bbox 1751 5512 1805 5568; x_wconf 88' lang='lat'><strong>9.</strong></span> 
     </span>
    </p>
   </div>
   <div class='ocr_carea' id='block_1_112' title="bbox 1900 5489 3489 5580">
    <p class='ocr_par' dir='ltr' id='par_1_112' title="bbox 1900 5489 3489 5577">
     <span class='ocr_line' id='line_1_112' title="bbox 1900 5489 3489 5577; baseline -0.001 -14"><span class='ocrx_word' id='word_1_907' title='bbox 1900 5510 1929 5541; x_wconf 78' lang='lat'><strong>‘°</strong></span> <span class='ocrx_word' id='word_1_908' title='bbox 1966 5508 2141 5563; x_wconf 80' lang='lat' dir='ltr'><strong>Gutat.</strong></span> <span class='ocrx_word' id='word_1_909' title='bbox 2185 5489 2258 5573; x_wconf 64' lang='lat' dir='ltr'><strong>tv;</strong></span> <span class='ocrx_word' id='word_1_910' title='bbox 2289 5508 2347 5562; x_wconf 85' lang='lat'><strong>7.</strong></span> <span class='ocrx_word' id='word_1_911' title='bbox 2438 5510 2482 5541; x_wconf 79' lang='grc'><strong>⁵³</strong></span> <span class='ocrx_word' id='word_1_912' title='bbox 2520 5508 2680 5564; x_wconf 84' lang='lat' dir='ltr'><strong>llcbr.</strong></span> <span class='ocrx_word' id='word_1_913' title='bbox 2725 5522 2823 5574; x_wconf 81' lang='lat' dir='ltr'><strong>xu,</strong></span> <span class='ocrx_word' id='word_1_914' title='bbox 2857 5507 2911 5560; x_wconf 71' lang='lat'><strong>2.</strong></span> <span class='ocrx_word' id='word_1_915' title='bbox 2990 5506 3036 5538; x_wconf 74' lang='grc' dir='ltr'>δ’</span> <span class='ocrx_word' id='word_1_916' title='bbox 3067 5502 3359 5577; x_wconf 56' lang='grc' dir='ltr'>Μίιιιιιςι,</span> <span class='ocrx_word' id='word_1_917' title='bbox 3392 5502 3489 5561; x_wconf 69' lang='grc'><strong>28.</strong></span> 
     </span>
    </p>
   </div>
   <div class='ocr_carea' id='block_1_113' title="bbox 1338 5662 2404 5734">
    <p class='ocr_par' dir='ltr' id='par_1_113' title="bbox 1338 5662 2404 5734">
     <span class='ocr_line' id='line_1_113' title="bbox 1338 5662 2404 5734; baseline -0.003 -14"><span class='ocrx_word' id='word_1_918' title='bbox 1338 5666 1509 5723; x_wconf 76' lang='lat' dir='ltr'><strong>Varia:</strong></span> <span class='ocrx_word' id='word_1_919' title='bbox 1537 5668 1795 5723; x_wconf 77' lang='lat' dir='ltr'><strong>lectiones</strong></span> <span class='ocrx_word' id='word_1_920' title='bbox 1820 5663 2022 5723; x_wconf 86' lang='lat' dir='ltr'><strong>codicis</strong></span> <span class='ocrx_word' id='word_1_921' title='bbox 2046 5662 2404 5734; x_wconf 74' lang='lat' dir='ltr'><strong>Seguicriani.</strong></span> 
     </span>
    </p>
   </div>
   <div class='ocr_carea' id='block_1_114' title="bbox 276 5802 1268 5875">
    <p class='ocr_par' dir='ltr' id='par_1_114' title="bbox 276 5802 1268 5875">
     <span class='ocr_line' id='line_1_114' title="bbox 276 5802 1268 5875; baseline -0.006 -13"><span class='ocrx_word' id='word_1_922' title='bbox 276 5803 301 5850; x_wconf 80' lang='grc' dir='ltr'>ί</span> <span class='ocrx_word' id='word_1_923' title='bbox 337 5806 613 5875; x_wconf 81' lang='grc' dir='ltr'>ἀγαγόντι.</span> <span class='ocrx_word' id='word_1_924' title='bbox 695 5806 708 5855; x_wconf 80' lang='lat' dir='ltr'><strong>l</strong></span> <span class='ocrx_word' id='word_1_925' title='bbox 751 5803 959 5859; x_wconf 68' lang='grc' dir='ltr'>παθεῖν.</span> <span class='ocrx_word' id='word_1_926' title='bbox 1041 5803 1064 5844; x_wconf 69' lang='grc' dir='ltr'>ιι</span> <span class='ocrx_word' id='word_1_927' title='bbox 1094 5802 1268 5856; x_wconf 75' lang='grc' dir='ltr'>τοῦτο,</span> 
     </span>
    </p>
   </div>
  </div>
