4066 6474
713 405 855 464 1375

1725 396 1784 451 S.
1822 395 2095 452 CYRILLI
2136 392 2606 449 ALEXANDRINI
2647 389 2970 448 AllCHIEP.

3860 388 3991 441 {576

718 522 989 584 deremus,
1018 516 1257 572 ostendit
1286 516 1472 571 dicens
1506 531 1520 569 :
1561 534 1578 566 ι
1606 513 1719 570 Νοιι
1763 525 1844 569 est
1877 514 2173 583 discipulus
2202 529 2293 567 su-

2415 511 2761 582 εκδυσωπήσῃ
2786 550 2801 573 ,
2830 509 3030 578 λέγων’
3080 527 3098 560 ι
3134 507 3247 560 Οὐκ
3280 508 3396 561 ἐστι
3430 504 3687 577 μαθητὴς
3721 504 3865 573 ὑπὲρ
3906 508 3987 556 τιν

715 627 814 684 per
845 611 1184 680 magistrum,
1219 624 1318 664 nec
1355 622 1546 664 servus
1580 623 1745 678 super
1772 608 2049 662 dominum
2093 622 2289 661 suum:

724 703 881 773 152
911 701 1111 757 suﬁicit
1141 702 1426 769 discipulo,
1464 709 1520 754 ut
1565 701 1634 754 sit
1676 702 1816 755 sicut
1862 701 2119 769 magister
2153 698 2291 767 ejus,

719 804 774 848 et
815 808 994 855 servo,
1039 794 1180 847 sicut
1218 791 1465 846 dominus
1505 792 1621 860 ejus
1642 791 1709 843 ⁸³.
1742 809 1761 842 ι
1795 820 1865 830 ——
1891 808 1910 841 ι
1943 787 1999 844 Si
2050 804 2136 844 me
2173 806 2295 860 per-

721 884 894 939 secuti
925 892 1069 948 sunt,
1101 890 1156 937 et
1185 897 1277 936 vos
1308 891 1703 952 persequentur
1723 881 1791 937 “.
1820 902 1840 933 ι

792 972 987 1027 XXXI.
1028 971 1236 1040 Scepus
1278 973 1463 1041 itaque
1492 972 1769 1040 unigenito
1804 970 1893 1025 Dei
1938 970 2075 1025 Filio
2103 985 2301 1041 propo-

725 1064 864 1119 situs
902 1064 1022 1130 fuit,
1057 1064 1109 1118 in
1148 1078 1311 1118 carne
1350 1077 1443 1117 sua
1477 1077 1575 1132 pro
1618 1062 1774 1116 nobis
1807 1062 1938 1130 pati.
1975 1060 2140 1130 Cujus
2176 1061 2301 1131 qui-

726 1158 849 1210 dem
902 1155 1162 1225 pr0positi
1211 1169 1430 1209 causam
1479 1155 1692 1209 divinus
1746 1153 1945 1209 Paulus
1990 1156 2074 1209 his
2119 1155 2302 1210 verbis

727 1247 1025 1315 explanat:
1060 1264 1080 1296 ι
1105 1245 1240 1312 Quia
1282 1242 1503 1315 (inquit)
1562 1244 1711 1313 pueri
1765 1244 2305 1299 communicaverunt

728 1336 877 1391 carui
931 1346 987 1389 et
1033 1335 1305 1406 sanguini,
1358 1344 1412 1390 et
1476 1336 1591 1405 ipse
1655 1335 1904 1390 similiter
1961 1335 2307 1405 participavit

727 1430 932 1483 eisdem
965 1446 977 1482 :
1008 1436 1065 1481 ut
1088 1442 1184 1497 per
1208 1435 1437 1481 mortem
1464 1427 1764 1482 destrueret
1782 1442 1926 1492 eum,
1955 1426 2049 1497 qui
2074 1426 2306 1481 habebat

730 1521 924 1574 mortis
953 1520 1263 1589 imperimn.
1297 1520 1347 1575 id
1381 1530 1465 1574 est
1493 1519 1806 1587 diabolum;
1836 1528 1887 1574 et
1918 1519 2177 1574 liberaret
2212 1532 2306 1573 eos

730 1611 821 1679 qui
865 1611 1057 1665 timore
1091 1612 1280 1667 mortis
1329 1627 1428 1682 per
1466 1619 1629 1666 totam
1674 1612 1837 1665 vitam
1879 1611 2099 1667 obnoxii
2148 1621 2306 1666 erant

730 1702 975 1755 servituti
1000 1702 1068 1758 ⁸⁵.
1105 1722 1123 1754 ι
1161 1702 1294 1756 Cum
1327 1717 1455 1769 ergo
1493 1703 1686 1757 mortis
1730 1703 2028 1758 destructio
2058 1702 2308 1756 humanre

731 1802 938 1848 naturae
966 1794 1277 1849 facultatem
1322 1805 1605 1864 superaret
1631 1796 1779 1866 (nam
1815 1811 1912 1865 per
1951 1807 2105 1851 vetus
2141 1795 2309 1849 male-

730 1884 933 1937 dictum
964 1884 1016 1938 in
1048 1900 1167 1939 eam
1206 1886 1435 1941 adducta
1474 1898 1589 1942 erat
1613 1887 2006 1953 calamitatem,
2039 1898 2095 1941 ut
2123 1903 2307 1941 neces-

732 1978 877 2030 sario
917 1978 1107 2035 mortis
1153 1977 1382 2047 imperio
1425 1979 1657 2034 obnoxia
1702 1984 2021 2049 teneretur),
2069 1980 2309 2050 oportuit

690 2122 697 2129 ,
732 2077 791 2120 ut
830 2068 1100 2123 viviﬁcum
1150 2069 1245 2124 Dei
1288 2069 1527 2126 Verbum
1578 2081 1775 2125 natura
1818 2073 1975 2125 morti
2021 2072 2305 2135 obstricta,

736 2160 837 2213 hoc
866 2170 948 2214 est
979 2170 1161 2215 nostra
1204 2162 1465 2228 humana,
1514 2175 1634 2217 sese
1680 2162 1964 2229 indueret;
2011 2176 2118 2230 quo
2163 2177 2309 2216 mors

734 2250 972 2306 eﬂ‘erata:
1010 2252 1289 2321 cujusdam
1336 2253 1527 2308 belluas
1576 2254 1746 2308 instar
1779 2254 2055 2324 propriam
2099 2267 2312 2322 quoque

734 2342 877 2397 illius
932 2359 1148 2399 carnem
1202 2346 1419 2408 adorsa,
1473 2360 1503 2400 a
1562 2345 1849 2417 tyrannide
1896 2363 2055 2417 quam
2109 2346 2161 2399 in
2210 2360 2312 2400 nos

732 2437 1045 2500 exercebat,
1080 2437 1228 2491 velut
1266 2453 1293 2491 a
1339 2439 1444 2492 Deo
1470 2437 1583 2507 jam
1626 2439 1909 2503 debellata,
1951 2440 2001 2492 in
2037 2449 2311 2505 posterum

735 2526 1042 2581 desisteret.
1080 2527 1198 2596 Ipse
1230 2529 1412 2597 itaque
1441 2537 1545 2593 est,
1586 2530 1678 2597 qui
1721 2531 1937 2598 quidem
1968 2538 2188 2599 propter
2216 2544 2314 2583 nos

738 2617 1034 2672 secundum
1088 2633 1342 2683 carnem,
1398 2620 1499 2674 hoc
1557 2628 1640 2673 est
1682 2619 1973 2673 humanam
2030 2629 2311 2682 naturam,

737 2709 1050 2777 perﬁcitur;
1112 2710 1409 2765 secundum
1454 2711 1690 2765 divinam
1739 2724 1868 2765 vero
1916 2709 2176 2763 virtutem
2226 2711 2313 2781 (eo

740 2801 1016 2868 nimirum,
1067 2803 1207 2871 quod
1259 2802 1455 2858 mortis
1510 2802 1770 2871 impetum
1815 2800 2165 2871 perfregerit)
2216 2816 2315 2854 nos

739 2890 972 2960 perﬁcit,
1006 2902 1473 2962 consummatque.
1520 2892 1716 2947 Deerat
1743 2894 1886 2945 enim
1932 2892 2179 2945 humana:
2220 2905 2317 2943 na-

738 2993 870 3037 tura:
902 3000 964 3039 ea
995 2984 1278 3053 integritas
1324 2994 1375 3039 et
1406 2984 1757 3054 incorruptio,
1787 2998 1948 3054 quam
1982 2984 2035 3038 in
2061 2992 2214 3036 ortus
2236 2983 2318 3036 sui

738 3075 1038 3143 primordio
1076 3075 1358 3130 obtinebat
1392 3093 1407 3129 :
1439 3094 1458 3127 ι
1490 3076 1631 3130 Dens
1665 3075 1808 3129 enim
1848 3084 2075 3128 mortem
2113 3088 2215 3127 non
2248 3073 2321 3127 fe-

2396 602 2735 665 διδάσκαλον,
2791 601 2913 653 οὐδὲ
2965 599 3149 662 δοῦλος
3192 600 3335 668 ὑπὲρ
3382 598 3475 651 τὸν
3524 597 3741 666 Κύριον
3792 594 3987 647 αὐτοῖο

2398 692 2630 764 ἀρκετὸν
2667 691 2746 763 τῷ
2793 691 3008 763 μαθητῇ
3060 691 3147 743 ἵνα
3193 689 3421 759 γένηται
3470 688 3547 751 ὡς
3598 687 3991 747 astus-ma;

2399 784 2582 847 αὐτοῦ,
2614 786 2708 838 καὶ
2746 784 2822 852 τῷ
2860 783 3053 853 δούλῳ,
3094 782 3170 845 ὠς
3211 783 3240 833 6
3286 781 3475 851 κύριος
3507 779 3701 833 αὑτοῦ.
3739 800 3758 830 ι
3784 779 3851 831 Ei

2399 875 2648 940 ἐδίωξαν,
2680 875 2777 929 καὶ
2808 876 2949 945 ὑμᾶς
2984 872 3255 938 διώξουσι.
3303 894 3323 924 ο

2472 969 2596 1020 ΛΑ’.
2640 965 2849 1028 Σκοπὸς
2876 962 2967 1017 οὖν
2998 964 3106 1034 ἄρα
3131 962 3211 1033 τῷ
3241 963 3537 1029 Μονογενεῖ
3574 962 3794 1029 γέγονε,
3830 962 3993 1030 σαρκὶ

2401 1062 2469 1131 τῇ
2509 1059 2613 1130 ἰδία
2645 1060 2840 1111 παθεῖν
2891 1058 3031 1128 ὑπὲρ
3084 1056 3259 1127 ήμῶν.
3304 1058 3413 1110 Καὶ
3458 1057 3589 1109 ποία
3634 1056 3723 1118 τις
3768 1058 3923 1106 ἐστιν
3960 1058 3987 1121 ﬁ

2402 1151 2556 1204 τοῦδε
2581 1150 2853 1222 πρόφασις
2878 1190 2892 1214 ,
2920 1149 3119 1215 διδάξει
3152 1148 3328 1216 λέγων
3352 1151 3380 1200 6
3410 1148 3696 1209 θεσπέσιος
3738 1146 3952 1205 Παῦλος
3975 1164 3986 1172 ·

2414 1263 2432 1297 ι
2481 1245 2700 1316 Ἐπειδὴ
2733 1244 2842 1315 γὰρ
2873 1244 2941 1296 τὰ
2972 1242 3161 1295 παιδία
3193 1240 3593 1311 κεκοινώνηκεν
3634 1240 3875 1309 αἵματος
3900 1240 3990 1290 xz".

2409 1339 2633 1409 σαρκὸς,
2658 1337 2754 1391 καὶ
2780 1337 2945 1399 αὐτὸς
2968 1336 3367 1407 παραπλησίως
3398 1336 3627 1405 μετέσχε
3644 1334 3757 1385 τῶν
3787 1333 3985 1386 αὐτῶν.

2408 1430 2496 1483 ἵνα
2525 1429 2614 1483 διὰ
2643 1428 2737 1481 τοῦ
2762 1428 2995 1481 Θανάτου
3018 1429 3341 1498 καταργήσῃ
3368 1428 3459 1479 τὸν
3484 1426 3545 1479 τδ
3571 1426 3769 1495 κράτος
3798 1424 3987 1491 ἔχοντα

2408 1520 2504 1575 τοῦ
2534 1521 2796 1583 θανάτου,
2852 1520 3102 1572 τουτέστι
3141 1519 3231 1572 τὸν
3276 1518 3543 1571 διάϐολον·
3583 1519 3675 1570 καὶ
3708 1516 3984 1582 ἀπαλλἀῇ

2408 1614 2663 1677 τούτους,
2719 1614 2831 1665 ὅσοι
2879 1611 3029 1682 φόόῳ
3087 1611 3316 1663 θανάτου
3361 1609 3449 1661 διὰ
3502 1608 3703 1671 παντὸς
3749 1607 3843 1659 τοῦ
3893 1605 3987 1674 ξῇι

2413 1706 2586 1775 ἔνοχοι
2615 1700 2756 1775 ἦσαν
2780 1702 3049 1765 δουλείας.
3086 1721 3103 1752 ι
3139 1700 3349 1754 Ούκοῦν
3379 1698 3676 1769 ἐπειδήπερ
3701 1698 3985 1766 ἀνέφικτον

2412 1792 2480 1868 ἦν
2508 1798 2573 1867 τῇ
2603 1795 2893 1865 ἀνθρώπου
2927 1793 3088 1864 φύσει
3123 1793 3184 1845 τὺ
3212 1793 3557 1862 καταργῆσαι
3588 1790 3813 1843 θάνατον
3844 1790 3987 1856 (ἐκεο

2412 1890 2652 1960 κράτητο
2681 1887 2791 1959 γὰρ
2828 1888 2919 1940 ὑπ’
2952 1884 3116 1940 αὐτοῦ
3139 1926 3152 1950 ,
3190 1881 3675 1953 κατακομιζούσης
3702 1882 3869 1947 adria
3913 1885 3983 1939 si;

2411 1981 2572 2034 τοῦτο
2603 1983 2701 2051 τῆς
2730 1980 2965 2050 ἀρχαίας
2992 1980 3132 2049 ἀρᾶς
3162 1978 3422 2046 ἐκείνης),
3464 1975 3781 2043 ἁναγκαέως
3801 1976 3831 2024 6
3863 1974 3985 2035 ζωο-

2412 2074 2562 2137 ποιὺς
2590 2072 2684 2125 τοῦ
2718 2072 2853 2125 Θεοῦ
2900 2072 3071 2139 Λόγος
3100 2068 3199 2140 τὴν
3239 2068 3457 2136 θανάτῳ
3501 2065 3518 2104 1
3564 2067 3787 2134 κάτοχον
3838 2067 3985 2131 ἡμπ-

2414 2166 2602 2237 έσχετο
2629 2165 2813 2236 φύσιν,
2842 2165 3084 2217 τουτέστι
3116 2163 3215 2232 τὴν
3243 2160 3366 2214 καθ’
3397 2160 3564 2229 ἡμᾶς,
3583 2159 3746 2228 ἦγουν
3770 2157 3873 2224 τὴν
3902 2158 3985 2207 ἁπέ-

2414 2259 2715 2333 θρωπίνην,
2744 2260 2830 2312 ἵνα
2858 2258 2954 2312 καὶ
2984 2260 3050 2328 τῇ
3096 2256 3261 2309 αὑτοῦ
3302 2254 3471 2325 σαρκὶ
3511 2252 3759 2323 καθάπερ
3786 2267 3841 2302 τι
3884 2248 3983 2301 τῶν

2414 2350 2721 2405 ἁτιθάσσων
2750 2348 2956 2419 θηρίων
2993 2346 3339 2417 ἐπιπηδήσας
3364 2347 3394 2397 ὁ
3427 2343 3656 2405 θάνατος
3676 2383 3689 2404 ,
3715 2340 3983 2407 παύσηται

2414 2448 2512 2513 τῆς
2543 2443 2666 2497 καθ’
2698 2442 2855 2513 ἡμῶν
2880 2439 3218 2511 τυραννίδος.
3244 2438 3319 2501 ὡς
3346 2437 3502 2508 παρὰ
3531 2434 3666 2488 Θεοῦ
3696 2430 3983 2502 καταργοῦο

2421 2553 2599 2607 μενος.
2632 2535 2804 2597 Δύτδς
2846 2529 2941 2586 οὖν
2966 2533 3075 2603 ἄρα
3107 2530 3257 2583 ἐστὶν
3286 2532 3314 2582 6
3341 2528 3507 2598 σαρκὶ
3533 2524 3902 2593 τελειούμενος
3922 2522 3981 2573 δι’

2417 2628 2563 2697 ἡμᾶς
2586 2624 2946 2696 ἀνθρωπίνως
2971 2663 2985 2686 ,
3031 2621 3253 2674 τελειῶν
3296 2619 3353 2671 δὲ
3382 2619 3531 2687 ἡμᾶς
3558 2615 3754 2677 θεῖκῶς
3778 2615 3865 2666 διὰ
3894 2612 3977 2663 τοῦ

2418 2717 2764 2788 καταργῆσαι
2787 2715 2880 2768 τοῦ
2916 2714 3146 2767 Θανάτου
3186 2710 3246 2762 τὸ
3290 2708 3514 2779 κράτος.
3546 2706 3765 2758 Ἔλειπε
3791 2705 3895 2773 γὰρ
3920 2706 3979 2771 τῇ

2418 2806 2705 2881 ἀνθρώπου
2734 2806 2892 2876 φύσει
2920 2804 2978 2857 τὸ
3019 2803 3315 2872 ἄφθαρτον,
3340 2799 3486 2852 οὕτω
3506 2798 3781 2869 γενομένῃ
3816 2798 3904 2848 καί
3932 2798 3979 2845 ἐν

2419 2904 2632 2974 ἀρχαῖς.
2687 2919 2704 2951 ι
2763 2900 2820 2951 '0
2851 2898 2961 2967 γὰρ
2990 2896 3125 2958 Θεὸς
3167 2894 3394 2947 θάνατον
3441 2893 3541 2944 οὒκ
3569 2891 3842 2959 ἐποίησεν,
3876 2888 3979 2939 οὑδὲ

2418 2994 2679 3063 τέρπεται
2710 2989 2794 3041 ἐπ’
2830 2984 3076 3055 ἀπωλείᾳ
3100 2984 3317 3048 ζωντων
3340 2998 3354 3011 ·
3392 2981 3574 3033 ἔκτισε
3598 2980 3705 3046 γὰρ
3738 2982 3816 3039 είς
3838 2979 3894 3028 τὸ
3917 2973 3979 3027 εἷ-

2422 3102 2510 3139 ναι
2530 3084 2598 3135 τὰ
2623 3082 2821 3136 πάντα·
2851 3098 2870 3130 ι
2906 3078 2999 3131 καὶ¹
3026 3076 3283 3146 σωτήριοι
3308 3074 3363 3125 αἱ
3387 3072 3632 3141 γενέσεις
3658 3069 3752 3122 τοῦ
3773 3071 3973 3137 κόσμοι,

736 3165 831 3228 cit,
886 3180 1062 3234 neque
1109 3166 1322 3220 laetatur
1360 3166 1412 3219 in
1446 3165 1750 3234 perditione
1792 3164 2060 3218 vivorum.
2105 3164 2311 3219 Creavil

2423 3176 2518 3229 καὶ
2544 3175 2644 3227 οὐκ
2691 3172 2837 3224 ἔστιν
2876 3170 2970 3221 καὶ
3013 3169 3070 3219 ὲν
3107 3166 3293 3228 αὐτοῖς
3322 3174 3363 3200 ιιι
3395 3163 3686 3234 φάρμακον
3738 3160 3974 3256 ὀλέθρου]

737 3258 905 3319 enim,
943 3265 1002 3309 ut
1045 3265 1247 3321 essent,
1286 3257 1471 3311 Omnia
1502 3257 1568 3317 ⁸⁸,
1602 3275 1620 3306 ι
1663 3265 2019 3325 spectantque
2071 3254 2137 3309 ad
2172 3254 2317 3308 salu-

740 3356 850 3400 tem
899 3347 1081 3400 mundi
1139 3346 1452 3413 primordia,
1512 3361 1612 3400 nec
1655 3356 1737 3400 est
1789 3347 1839 3398 in
1892 3346 1997 3399 illis
2043 3360 2312 3400 venemnn

738 3437 1077 3508 perditionis,
1110 3453 1210 3491 nec
1244 3437 1539 3491 inferorum
1576 3452 1798 3504 regnum
1835 3439 1886 3491 in
1931 3445 2071 3490 terra
2102 3454 2115 3490 :
2154 3454 2171 3487 ι
2207 3435 2314 3491 Sed

739 3529 1171 3592 diaboli,invidia
1219 3546 1365 3584 mors
1398 3530 1621 3585 intravit
1665 3530 1719 3583 in
1772 3531 2028 3584 mundum
2052 3529 2121 3581 ⁸⁷.
2159 3548 2178 3579 ι
2236 3529 2317 3582 Ad

738 3623 885 3679 hunc
930 3626 1112 3695 itaque
1158 3628 1375 3681 modum
1418 3642 1517 3682 nos
1564 3626 1874 3697 perﬁciens,
1924 3627 1990 3680 ad
2036 3627 2316 3681 ccelestem

739 3713 954 3769 Patrem
986 3715 1205 3771 aiebat:
1245 3736 1263 3769 ι
1296 3718 1408 3787 Ego
1439 3727 1489 3772 te
1534 3716 1831 3771 clariticavi
1875 3732 2038 3786 super
2067 3726 2268 3770 terram
2301 3734 2314 3769 :

738 3820 874 3873 opus
906 3808 1278 3862 consummavi
1313 3810 1455 3879 quod
1490 3809 1684 3863 dedisti
1717 3809 1847 3863 mihi
1889 3819 1945 3862 ut
1973 3808 2167 3863 faciam
2191 3808 2260 3863 ⁸⁸.
2292 3826 2311 3860 ι

740 3896 814 3951 En
870 3914 1101 3968 namque
1134 3914 1261 3954 vera
1308 3911 1393 3954 est
1438 3898 1530 3954 Dei
1576 3898 1756 3954 Patris
1794 3899 1989 3968 gloria,
2030 3900 2171 3968 quod
2219 3914 2320 3968 per

738 3988 934 4043 Filium
966 4005 1120 4043 suum
1162 3990 1451 4044 demolitus
1486 3998 1561 4044 est
1603 3999 1853 4044 mortem.
1895 3987 2003 4043 Per
2035 3989 2320 4057 passiones

740 4079 968 4149 proinde
1008 4081 1106 4149 ipsi
1141 4082 1357 4149 quidem
1385 4081 1801 4145 consummatio,
1850 4080 2009 4135 nobis
2041 4096 2167 4135 vero
2206 4080 2320 4149 ejus

742 4173 886 4239 quod
922 4174 1129 4237 deerat,
1182 4172 1417 4242 expletio
1446 4173 1658 4243 obtigit.
1699 4172 1803 4227 Per
1852 4171 2130 4227 Christum
2173 4174 2317 4227 enim

740 4273 795 4317 et
827 4264 878 4317 in
907 4265 1124 4319 Christo
1164 4280 1299 4318 nova
1342 4274 1591 4320 creatura
1623 4264 1797 4318 eﬂ‘ecti
1841 4257 2028 4318 su'mns
2052 4263 2121 4318 ⁸⁹.

815 4355 1029 4410 XXXII.
1071 4358 1225 4423 Quod
1288 4366 1466 4412 autem
1519 4371 1623 4411 non
1677 4357 1879 4411 nudum
1930 4357 2319 4425 vulgaremque

712 4446 1018 4502 hominem
1065 4464 1094 4501 a
1134 4449 1315 4504 Verbo
1360 4448 1690 4519 seiunctum,
1744 4448 1917 4503 nostri
1968 4463 2131 4503 causa
2185 4463 2319 4502 cou-

2419 3266 2538 3320 ούδὲ
2580 3263 2727 3315 ἔστιν
2772 3259 2899 3331 ᾇδου
2944 3256 3193 3328 βασιλεία
3233 3254 3325 3306 ἐπὶ
3367 3252 3467 3321 τῆς
3510 3252 3635 3320 γῆς.
3679 3270 3696 3301 ι
3741 3248 3975 3317 Φθὸνῳδὲ

2418 3355 2663 3411 διαϐόλου
2694 3353 2922 3415 Θάνατος
2944 3350 3025 3412 εἰς
3057 3347 3147 3401 τὸν
3178 3348 3383 3416 κόσμον
3424 3343 3693 3413 εἰσῆλθεν.
3749 3362 3766 3392 ι
3810 3340 3974 3402 Οὕτως

2418 3449 2568 3519 ἡμᾶς
2596 3444 2891 3506 τελειώσας
2941 3441 3147 3510 ἔφασκε
3193 3438 3329 3508 πρὸς
3377 3436 3469 3489 τὸν
3510 3437 3568 3488 ὲν
3605 3436 3845 3505 οὐρανοῖς
3882 3434 3975 3484 ll:-

2418 3539 2552 3611 τέρα
2589 3538 2682 3590 καὶ
2721 3534 2853 3588 Θεόν
2876 3551 2889 3564 ’
2925 3551 2944 3585 ι
2990 3529 3135 3599 Ἐγώ
3180 3546 3238 3581 σε
3271 3526 3501 3592 ἐδόξασα
3531 3527 3625 3578 ἐπὶ
3668 3526 3763 3594 τῆς
3793 3524 3903 3592 γῆς’
3929 3523 3977 3573 τὸ

2419 3631 2579 3704 ἔργον
2603 3627 2914 3688 ἐτελείωσα,
2946 3625 2974 3677 δ
2995 3622 3233 3681 δέδωκάς
3269 3638 3361 3690 μοι
3382 3662 3396 3685 ,
3430 3621 3522 3673 ἵνα
3557 3616 3925 3701 ποιήσωαῦτὸ.
3955 3632 3969 3661 ι

2420 3723 2558 3787 Δόξα
2601 3724 2709 3791 γὰρ
2740 3717 2956 3788 ἀληθῶς
2990 3715 3068 3787 τῷ
3094 3713 3214 3784 Θεῷ
3248 3714 3343 3766 καὶ
3374 3712 3581 3781 Πατρὶ,
3609 3710 3688 3780 τῷ
3721 3720 3747 3745 ιι
3778 3708 3857 3761 διὰ
3894 3706 3970 3756 τεῦ

2425 3814 2554 3865 ίδίου
2573 3811 2742 3881 Γεννή
2753 3825 2921 3880 ματος
2952 3805 3367 3876 καταργήσαντι
3395 3811 3419 3837 ο
3445 3802 3699 3855 θάνατον.
3730 3798 3917 3852 Οὐκοῦν
3943 3800 3968 3863 ἡ

2424 3906 2523 3977 μὲν
2548 3904 2827 3967 τελείωσις
2873 3900 3022 3971 αὐτῷ
3063 3899 3155 3952 διὰ
3185 3897 3550 3968 παθημάτων,
3580 3898 3716 3966 ἡμῖν
3753 3894 3805 3945 δὲ
3832 3907 3971 3963 προσ-ο

2421 3997 2563 4067 θήκη
2620 3992 2715 4047 τοῦ
2777 3992 3058 4052 λείποντος
3102 3988 3164 4041 τὸ
3218 3985 3619 4056 γεγενημένον’
3682 3982 3834 4052 καινὴ
3882 3981 3970 4046 γὰρ

2420 4086 2598 4149 κτίσις
2624 4084 2693 4138 τὰ
2726 4084 2784 4137 ἐν
2815 4080 3060 4154 Χριστῷ.

2492 4348 2615 4403 AB'.
2655 4346 2777 4399 Ὅτι
2799 4345 2855 4399 δὲ
2879 4347 2979 4398 οὐκ
3008 4342 3294 4415 ἄνθρωπον
3322 4341 3510 4405 ἁπλῶς
3544 4340 3872 4411 ἐξῃρημένον
3896 4336 3969 4389 τοῦ

2420 4440 2592 4508 Λόγου
2638 4436 3021 4491 τετελειῶσθαί
3055 4454 3220 4507 φησιν
3265 4435 3406 4505 ὑπὲρ
3441 4434 3624 4503 ἡμῶν,
3664 4434 3758 4485 καὶ
3806 4435 3858 4484 ἐν
3892 4433 3967 4483 ἀν-

745 4547 1071 4590 summatum
1122 4537 1288 4601 dicat,
1339 4538 1430 4592 sed
1472 4539 1763 4609 ipsummet
1805 4536 2156 4605 Unigenitum
2214 4537 2311 4590 huc

2421 4530 2667 4602 θρωπείᾳ
2691 4529 2749 4582 δὲ
2794 4528 2993 4599 μᾶλλον
3030 4529 3215 4598 μορφῇ
3254 4527 3541 4595 πεφηνότα
3572 4525 3665 4577 τὸν
3692 4522 3965 4590 Μονογενῆ.

744 4640 903 4680 mana
941 4627 1114 4681 forma
1163 4627 1429 4691 indutum,
1470 4630 1522 4683 id
1551 4628 1767 4684 divinus
1808 4627 2010 4682 Paulus
2056 4627 2157 4681 hac
2207 4643 2324 4680 rur-

745 4735 865 4773 sum
903 4719 1150 4774 oratione
1176 4720 1461 4775 conﬁrmat
1489 4737 1504 4777 :
1543 4739 1562 4773 ι
1590 4721 1689 4789 Qui
1743 4719 1959 4792 (inquit)
1988 4718 2317 4785 sanctiﬁcat,

750 4811 906 4883 153
927 4822 983 4867 et
1015 4815 1104 4882 qui
1146 4815 1576 4881 sanctilicantur,
1609 4830 1675 4868 ex
1704 4828 1812 4867 uno
1840 4827 2051 4866 omnes.
2091 4809 2322 4881 PrOpter

745 4922 906 4973 quam
940 4921 1158 4961 causam
1211 4922 1316 4961 non
1349 4906 1698 4960 confunditur
1733 4905 1933 4959 fratres
1977 4919 2070 4959 eos
2099 4918 2316 4966 vocare,

746 4997 965 5051 dicens:
987 4998 1333 5052 Annuntiabo
1359 5013 1553 5051 nomen
1579 5007 1725 5050 tuum
1752 4995 2014 5050 fratribus
2040 4995 2175 5049 meis
2190 4996 2258 5051 '°.
2291 5014 2309 5046 ι

745 5086 849 5141 Hie
877 5100 1055 5154 opera:
1105 5091 1334 5157 pretium
1379 5098 1465 5142 est
1495 5101 1843 5158 cognoscere,
1886 5086 2198 5154 ecquisnam
2233 5086 2322 5140 ille

746 5176 950 5245 sitqui
1007 5177 1341 5242 sanctiﬁcat;
1399 5187 1509 5232 tum
1558 5178 1778 5247 quinam
1832 5176 1908 5231 illi
1957 5192 2176 5231 rursum
2230 5178 2319 5243 qui

750 5269 1185 5335 sanctiﬁcantur;
1215 5280 1269 5325 et
1297 5286 1533 5339 quonam
1587 5271 1745 5325 modo
1784 5284 1849 5325 ex
1889 5285 1997 5323 uno
2025 5283 2234 5334 omnes,
2267 5279 2322 5321 et

812 5423 859 5455 ⁸³
894 5422 1079 5476 Matth.
1118 5439 1172 5488 π,
1213 5424 1304 5487 et,
1334 5425 1423 5477 23.

741 5509 880 5560 ιτιι,
915 5494 970 5548 4.
1046 5493 1091 5524 ³³
1121 5493 1162 5549 ll
1197 5496 1322 5549 Cor.
1360 5512 1411 5562 ν,
1440 5495 1527 5551 l7.

1535 5427 1579 5457 “
1617 5423 1773 5477 anttt.
1825 5441 1913 5483 xv,
1946 5422 2035 5476 ΞΟ.

1603 5497 1648 5526 ⁸ο
1680 5496 1840 5549 llebr.
1875 5511 1934 5558 ιι,
1972 5495 2055 5547 ll.

2130 5423 2175 5455 ⁸⁵
2211 5420 2372 5476 llebr.
2402 5437 2460 5487 ιι,
2492 5421 2575 5485 Η,
2615 5420 2698 5474 l5.

2428 4620 2762 4674 πιστώσεται
2798 4618 2957 4673 πάλιν
3001 4619 3030 4670 6
3064 4617 3349 4679 θεσπέσιος
3395 4615 3610 4678 Παῦλος
3661 4611 3963 4686 προστιθείς·

2434 4733 2453 4764 ι
2493 4712 2561 4765 Ὅ
2588 4729 2649 4764 τε
2677 4710 2785 4781 γὰρ
2818 4706 3084 4777 ἁγιάζων,
3128 4708 3225 4760 καὶ
3264 4708 3311 4759 οἱ
3357 4706 3749 4776 ἁγιαζόμενοι,
3785 4704 3840 4767 ἐξ
3874 4702 3967 4760 ἐνὸς

2427 4804 2655 4867 πάντες
2697 4803 2763 4856 δι’
2800 4803 2866 4873 ἢν
2917 4799 3094 4854 αἰτίαν
3141 4800 3243 4853 οὐκ
3293 4799 3694 4869 ἐπαισχύνεται
3743 4792 3963 4863 ἀδελφοὺς

2428 4896 2627 4958 αὐτοὺς
2654 4894 2861 4956 καλεῖν,
2890 4893 3086 4961 λέγων’
3126 4892 3455 4960 Ἀπαγγελῶ
3484 4891 3547 4943 τὸ
3578 4890 3751 4960 ὄνομά
3774 4904 3857 4940 σου
3881 4886 3965 4942 τοῖς

2425 4987 2670 5057 ἁδελῳοῖς
2701 5004 2823 5057 μου.
2866 5006 2883 5037 ι
2917 4985 3012 5047 Τίς
3047 4987 3075 5038 6
3121 4984 3383 5052 ἁγιάζων,
3416 4984 3511 5035 καὶ
3547 4982 3693 5044 τίνες
3716 4982 3779 5034 ἂν
3809 4975 3899 5031 εἷεν
3924 4974 3959 5027 οἱ

2423 5080 2792 5151 ἁγιαζόμενοιο
2827 5080 2923 5134 καὶ
2965 5077 3082 5141 πῶς
3121 5077 3181 5142 ἐξ
3229 5076 3347 5138 ἐνὸς
3378 5076 3615 5137 πάντες,
3653 5075 3686 5143 ἢ
3730 5075 3789 5125 ὲκ
3810 5070 3957 5128 τίνος.

2421 5175 2558 5237 ὅλως
2590 5173 2738 5239 ἄξιον
2778 5172 2927 5225 ἰδεῖν.
2964 5170 3170 5224 Οὐκοῦν
3202 5167 3417 5235 ἁγιάζει
3457 5170 3557 5236 μὲν
3587 5167 3615 5217 6
3657 5163 3812 5224 Υἱὸς.
3843 5160 3958 5225 61:0;

2423 5265 2499 5319 ὢν
2538 5265 2680 5318 κατὰ
2724 5264 2884 5334 φύσιν
2916 5263 2993 5326 ὡς
3032 5261 3182 5324 Θεός’
3220 5257 3539 5330 ἡγιάσμεθα
3569 5257 3625 5309 δὲ
3672 5256 3823 5325 ἡμεῖς
3861 5248 3957 5316 παρ’

2777 5420 2822 5450 ⁸⁸
2859 5419 2984 5488 Sap.
3019 5434 3054 5484 ι,
3105 5417 3185 5471 l5.
3264 5414 3307 5446 ⁸⁷
3343 5413 3450 5485 5η)
3506 5429 3568 5479 ιι,
3593 5413 3685 5468 26.
3760 5410 3800 5441 ⁵³
3834 5408 3952 5461 Joan.

1837 5649 2013 5706 Varim
2040 5651 2297 5705 lectiones
2324 5650 2526 5706 codicis
2550 5648 2909 5719 Seguicriani.

828 5772 1126 5841 ιθανάτοὺ.
1202 5797 1240 5826 m
1268 5787 1475 5851 αὑταῖς.
1561 5797 1585 5825 ιι
1622 5785 1699 5840 τό.
1782 5795 1803 5821 ο
1840 5787 2207 5851 ιιιιταργῗτιῖι.
