4132 6468
217 410 323 465 577

994 409 1085 462 AD
1124 404 1422 462 REGINAS
1463 404 1543 459 DE
1585 404 1806 459 RECTA
1846 403 2001 459 FIDE
2039 403 2297 462 ORATIO
2335 405 2630 461 ALTERA.

3299 412 3433 468 l578
3517 496 3520 500 γ

176 527 349 584 αὑτοῦ
375 526 464 581 διὰ
507 526 601 581 τοῦ
653 528 990 600 Πνεύματος.
1042 529 1168 593 Πῶς
1216 524 1310 581 οὖν
1360 530 1407 581 οί
1454 528 1654 591 πάντες
1701 527 1759 594 ἐξ

1866 543 1927 581 ex
1972 543 2079 597 quo
2113 527 2325 582 tandem
2381 528 2491 586 illo.
2544 530 2861 588 Sanctiﬁcat
2898 532 3065 602 igitur
3092 532 3284 596 Filius,
3338 549 3427 589 se-

178 623 340 686 ἑνόςς
386 622 473 685 Ὠς
496 619 727 691 Ποιητοῦ
753 622 849 675 καὶ
882 620 1249 692 Δημιουργοῦ·
1284 621 1424 673 ὥστε
1456 621 1552 673 καὶ
1584 622 1754 689 ἀναγ-

176 717 337 767 καῖον
364 712 612 765 ἐντεῦθεν
642 712 793 783 ἡμᾶς
841 712 977 782 πρὸς
1011 710 1275 782 ἀλλήλους
1304 711 1449 782 ἔχειν
1475 711 1572 782 τὴν
1608 711 1759 764 ἁδελ-

178 807 413 876 φὸτητα.
450 803 683 873 Γενητοῦ
704 813 732 853 P
754 803 862 875 γὰρ
884 804 1020 873 πρὸς
1048 805 1294 874 γενητὸν,
1327 804 1462 858 καθὸ
1485 804 1687 874 γενητὰ
1705 814 1754 867 q,

179 900 386 969 φυσική
416 915 498 961 τις
527 899 560 968 ἡ
597 896 914 966 ἀδελφότης.
948 896 1141 949 Καίτοι
1181 897 1278 967 τὴν
1306 896 1468 964 φύσιν
1494 896 1759 965 ἀγένητός

179 992 329 1042 ἐστιν
354 991 381 1041 6
413 989 573 1051 Υἱὸς,
602 988 697 1040 καὶ
725 989 826 1040 οὑκ
852 987 1075 1055 ἁδελφὸς
1105 990 1172 1058 τῇ
1208 988 1381 1041 κτίσει
1416 988 1558 1040 κατά
1599 1005 1664 1053 γε
1697 987 1758 1039 τὸ

178 1076 323 1132 εἶναι
354 1079 513 1148 φύσει
554 1078 717 1141 Θεός·
762 1078 881 1140 πῶς
911 1072 1003 1131 οὖν
1032 1080 1082 1131 οἱ
1126 1079 1326 1142 πάντες
1371 1079 1429 1143 ἐξ
1460 1078 1610 1142 ἐνὸς,
1642 1080 1670 1132 ὃ
1699 1096 1757 1131 τε

181 1174 428 1242 ἁγιάζων
459 1171 553 1226 καὶ
583 1172 634 1224 οἱ
674 1155 1060 1241 ἁγιαζόμενοι;
1097 1171 1305 1224 Οὐκοῦν
1337 1173 1635 1239 ἀναγκαῖος
1678 1174 1757 1236 εἰς

176 1266 278 1338 τὴν
311 1266 423 1320 τῶν
465 1264 843 1335 προκειμένων
883 1262 1210 1335 διασάφησιν
1238 1263 1336 1333 τῆς
1374 1264 1509 1333 μετὰ
1557 1263 1758 1333 σαρκὸς

177 1355 495 1427 οἰκονομίας
516 1359 544 1410 6
575 1355 755 1424 λόγος.
783 1355 913 1407 Ὀτε
943 1356 1056 1425 γὰρ
1081 1355 1271 1423 γέγονε
1295 1354 1417 1407 καθ’
1444 1356 1611 1425 ἡμᾶς,
1637 1355 1758 1407 τότε

178 1449 273 1501 καὶ
320 1447 485 1510 αὑτὸς
514 1446 631 1517 μεθ’
662 1445 817 1516 ἡμῶν
861 1444 923 1509 ἐξ
951 1445 1068 1509 ἐνὸς
1104 1444 1319 1514 λέγεται
1353 1447 1447 1498 καὶ
1478 1432 1759 1516 κεχρημά-

176 1557 299 1592 τικε
327 1541 440 1601 τοῖς
463 1537 758 1607 κτίσμασιν
781 1535 1009 1604 ἀδελφὸς
1031 1577 1045 1601 ,
1071 1535 1146 1599 ὡς
1170 1536 1489 1605 συγγένειαν
1512 1536 1760 1607 ἐσχηκὼς

175 1629 278 1699 τὴν
325 1630 461 1699 πρὸς
510 1631 657 1699 ἡμᾶς
685 1626 1057 1698 ἀνθρωπίνην.
1111 1626 1300 1700 Ταύτῃ
1328 1644 1410 1681 τοι
1464 1628 1558 1681 καὶ
1615 1629 1759 1697 μάλα

178 1722 404 1784 εἰκότως
450 1722 549 1773 οὑκ
597 1718 911 1790 αἰσχύνεται
953 1720 1102 1791 ἡμᾶς
1141 1718 1401 1787 ἀδελφοὺς
1445 1720 1756 1789 ὀνομάζειν,

176 1813 279 1864 οὑκ
315 1811 684 1881 ἀνασχόμενος
709 1850 724 1873 ,
752 1810 827 1875 ῶς
855 1811 917 1879 γέ
944 1827 1033 1881 μοι
1060 1810 1330 1879 φαίνεται,
1359 1813 1471 1873 τοῖς
1496 1810 1563 1863 δι’
1593 1810 1756 1863 αὑτοῦ

1860 620 2091 674 cundum
2148 629 2398 674 naturam
2439 632 2660 677 sanctus
2701 624 2991 688 exsisteus,
3028 635 3215 694 utpote
3246 624 3424 692 Deus;

1857 711 2263 766 sanctificatum
2299 722 2479 767 autem
2513 728 2612 767 nos
2643 715 2711 768 ab
2759 729 2825 769 eo
2856 730 2951 784 per
2997 713 3257 784 Spiritum
3302 731 3432 770 san-

1859 811 2027 856 ctum.
2069 802 2138 855 At
2179 803 2449 872 quomodo
2476 819 2539 857 ex
2590 820 2697 858 uno
2724 806 2954 859 omnes?
2984 805 3060 859 Ex
3096 820 3204 859 uno
3246 808 3433 876 utique

1857 908 2045 948 omnes
2067 895 2350 948 conditore
2379 904 2432 948 et
2456 896 2670 964 opiﬁce,
2702 898 2845 950 unde
2872 906 2927 950 et
2956 904 3195 950 mutuam
3220 913 3432 967 quoque

1859 983 2251 1039 fraternitatem
2294 987 2603 1042 necessario
2639 988 2764 1041 hinc
2792 989 3079 1043 trahimus.
3124 990 3257 1043 Nam
3292 990 3434 1044 inter

1859 1076 2100 1144 genitum
2130 1088 2186 1130 et
2221 1078 2484 1147 genitum,
2520 1088 2786 1148 quatenus
2814 1080 2993 1147 genita
3028 1090 3175 1147 sunt,
3212 1091 3433 1135 natura-

1861 1166 1926 1218 lis
1970 1167 2217 1235 quaedam
2262 1169 2590 1236 germanitas
2642 1169 2949 1224 intercedit.
2996 1169 3263 1226 Caeterum
3305 1186 3432 1226 cum

1861 1257 2032 1311 Filius
2064 1274 2168 1313 non
2207 1259 2279 1312 sit
2316 1271 2508 1313 natura
2544 1260 2741 1326 factus,
2791 1276 2965 1330 neque
3015 1262 3179 1316 ullam
3212 1263 3433 1318 omnino

1865 1358 1921 1402 ut
1971 1349 2115 1405 Deus
2162 1350 2560 1405 fraternitatem
2612 1367 2735 1407 cum
2774 1363 3024 1408 creatura
3070 1354 3207 1407 inire
3238 1360 3434 1422 queat;

1861 1442 1953 1510 qul
1981 1442 2092 1496 fieri
2138 1450 2315 1509 potest
2355 1453 2415 1496 ut
2454 1458 2665 1507 omnes,
2706 1454 2813 1498 tam
2852 1445 2923 1499 illi
2954 1446 3044 1513 qui
3084 1446 3436 1500 sanctiﬁcan-

1863 1540 1967 1590 tnr.
1996 1547 2157 1599 quam
2189 1533 2235 1586 is
2264 1547 2478 1603 quoque
2504 1534 2594 1600 qui
2628 1533 2953 1599 sanctificat,
2991 1532 3342 1604 proﬂuxerint
3368 1533 3441 1588 ab

1862 1623 2008 1676 uno?
2038 1623 2182 1677 Sane
2215 1623 2280 1676 ad
2316 1623 2603 1678 dilucidam
2653 1627 2941 1693 propositae
2983 1627 3058 1680 rei
3100 1627 3436 1693 explanatio-

1844 1728 2007 1776 ,nem,
2041 1713 2431 1767 incarnationis
2465 1715 2826 1769 oeconomiam
2870 1727 3118 1783 spectare
3148 1731 3247 1770 nos
3276 1731 3438 1785 opor-

1864 1812 1960 1859 tet.
1990 1804 2123 1861 Cum
2160 1805 2305 1859 enim
2332 1805 2489 1861 nobis
2521 1808 2818 1861 secundum
2849 1823 3067 1862 carnem
3107 1808 3436 1862 assimilatus

176 1902 460 1970 γεγονόσιν
506 1900 734 1969 ἁδελφὸς
777 1898 1181 1969 ὀνομάζεσθαι,
1226 1898 1274 1949 εί
1305 1897 1378 1968 μὴ
1407 1897 1596 1966 γέγονε
1634 1896 1753 1950 κατ’

1866 1906 1965 1963 est,
2009 1906 2136 1950 tunc
2183 1905 2237 1951 et
2281 1897 2396 1966 ipse
2428 1912 2642 1967 quoque
2695 1900 2918 1970 perinde
2956 1916 3019 1955 ac
3059 1916 3155 1955 nos
3215 1916 3278 1954 ex
3329 1914 3439 1956 uno

175 1992 400 2057 αὐτοὺς,
429 1990 570 2063 πλὴν
595 1992 655 2043 οὑ
684 1989 866 2060 μεθεὶς
893 1990 1029 2059 ὅπερ
1056 1983 1145 2059 ἦν.
1166 1989 1297 2042 Τότε
1323 1989 1430 2059 γάρ
1455 1987 1757 2058 ἀνεπιπλή-

1866 2003 1984 2043 esse
2010 1987 2188 2043 dictus
2224 1999 2331 2055 est,
2356 2002 2841 2061 creaturarumque
2866 1993 3172 2061 fraterjure
3196 1993 3436 2064 appella-

175 2100 327 2147 κτως
357 2084 449 2136 καὶ
479 2083 711 2153 ὑμνήσει
760 2080 880 2151 μεθ’
913 2081 1070 2152 ἡμῶν
1104 2080 1298 2145 αὑτὸς,
1330 2080 1388 2133 ὃν
1428 2080 1656 2150 ὑμνοῦσι
1687 2078 1757 2133 τά

1866 2088 1970 2144 tus,
2010 2090 2193 2147 utpote
2226 2096 2347 2133 cum
2379 2082 2612 2134 humana
2644 2093 2833 2135 natura
2864 2085 3237 2153 cognationem
3277 2085 3441 2138 sorti-

176 2176 495 2246 Σεραιρεὶμ,
524 2174 618 2230 καὶ
652 2174 914 2243 σύμπασα
944 2172 1123 2235 κτίσις
1153 2173 1467 2242 προσκυνεῖ.

1866 2181 1970 2224 tus.
2016 2171 2126 2226 llac
2170 2172 2333 2241 igitur
2376 2172 2585 2226 ratione
2633 2175 2767 2228 satis
2819 2189 3056 2244 congrue
3088 2174 3287 2229 fratres
3341 2189 3439 2228 nos

172 2266 453 2336 appellare
486 2268 793 2335 neutiquam
830 2266 1035 2318 veritus
1076 2275 1177 2319 est.
1213 2264 1324 2319 Nisi
1357 2266 1499 2317 enim
1547 2264 1632 2319 his
1662 2265 1752 2334 qui
1794 2279 1890 2332 per
1919 2266 2090 2333 ipsum
2123 2266 2323 2320 conditi
2352 2275 2499 2329 sunt,
2566 2268 2762 2322 similis
2820 2270 3079 2324 evasisset
3107 2270 3439 2339 (quanquam

174 2378 275 2431 per
309 2364 432 2426 hoc,
480 2362 533 2415 id
567 2363 708 2431 quod
755 2370 892 2424 erat,
963 2376 1066 2413 nun
1119 2360 1406 2430 amiserit),
1458 2375 1818 2429 nequaquam,
1861 2370 1917 2413 ut
1970 2362 2099 2415 mihi
2155 2362 2475 2432 persuadeo,
2529 2360 2715 2416 fratris
2760 2364 2977 2417 nomine
3029 2378 3089 2419 se
3129 2362 3440 2431 compellari

174 2474 371 2526 passus
414 2466 581 2512 esset.
628 2454 781 2511 Tunc
817 2456 960 2508 enim
1007 2465 1059 2509 et
1103 2457 1306 2524 alisque
1342 2455 1763 2524 reprehensione
1800 2454 1963 2509 etiam
2030 2456 2143 2525 ipse
2186 2456 2467 2511 nobiscum
2513 2454 2776 2523 laudabit,
2805 2471 2965 2524 quem
3032 2457 3255 2510 laudant
3281 2455 3443 2510 Sera-

174 2550 351 2621 phim,
383 2559 435 2602 et
466 2549 714 2601 universa
748 2556 997 2601 creatura
1028 2546 1237 2603 adorat.

249 2643 372 2696 AI".
427 2661 446 2693 ι
476 2642 589 2695 Καὶ
633 2639 1085 2711 ὁμολογουμένως
1115 2639 1260 2711 μέγα
1298 2640 1415 2693 ἐστὶ
1441 2641 1500 2694 τὸ
1537 2645 1637 2713 τῆς
1668 2643 1757 2695 εὑ·

174 2735 394 2800 σεϐείας
425 2736 729 2820 μυστήριον
757 2752 769 2764 ”
801 2734 934 2791 Θεὸς
980 2735 1299 2806 ἐφανερώθη
1334 2736 1393 2789 ἐν
1420 2738 1583 2808 σαρκὶ
1603 2778 1617 2801 ,
1650 2739 1757 2791 ἐδι-

172 2828 386 2901 καιώθη
434 2830 491 2883 ἐν
522 2828 833 2898 πνεύματι,
869 2826 1025 2897 ῶφθη
1071 2827 1356 2897 ἀγγέλοις,
1388 2828 1666 2901 ἐκηρύχθη
1700 2831 1757 2883 ἐν

173 2922 413 2989 ἔθνεσιν,
445 2917 739 2990 ἐπιστεύθη
782 2920 839 2971 ἐν
886 2918 1112 2989 κόσμῳ,
1149 2917 1426 2988 ἀνελήφθη
1470 2920 1529 2971 ἐν
1558 2917 1703 2990 δόξῃ,
1738 2938 1755 2969 ι

174 3016 240 3067 Εἰ
285 3013 417 3077 Θεὸς
460 3011 534 3064 ῶν
567 3013 596 3066 6
629 3011 801 3078 Λόγος
830 3008 1253 3080 ἐνανθρωπῆσαι
1280 3008 1525 3076 λέγοιτο,
1555 3010 1648 3062 καὶ
1696 3010 1758 3062 οὑ

174 3108 351 3176 δήπου
398 3104 583 3176 μεθεὶς
617 3101 676 3156 τὸ
709 3097 849 3155 εἶναι
883 3098 1045 3166 Θεὸς,
1073 3098 1189 3153 ἁλλ’
1230 3101 1288 3153 ἐν
1318 3096 1399 3162 οἷς
1428 3095 1495 3171 ἦν
1527 3100 1613 3153 ἀεὶ
1646 3100 1757 3153 δια-

179 3172 380 3270 μένων·
400 3172 555 3269 μέγα
577 3196 639 3268 δὴ
672 3196 793 3249 τότε
818 3236 832 3259 ,
861 3193 955 3248 καὶ
985 3192 1438 3264 ὁμολογουμένως
1466 3193 1609 3264 μέγα
1639 3192 1757 3245 ἐστι
1787 3172 1831 3231 c

175 3296 238 3345 τὸ
269 3292 368 3363 τῆς
407 3289 687 3352 εὑσεὸείας
724 3288 1043 3359 μυστήριον.
1074 3289 1137 3340 Εἰ
1161 3286 1217 3339 δὲ
1246 3285 1532 3356 ἄνθρωπος
1560 3287 1762 3338 νοεῖται

176 3384 361 3446 κοινὸς
404 3384 433 3435 6
470 3380 703 3451 Χριστὸς
726 3417 740 3442 ,
771 3378 846 3441 ὡς
881 3376 1021 3431 κατά
1063 3376 1231 3447 μόνην
1254 3374 1353 3446 τὴν
1405 3375 1628 3445 ἰσότητα
1664 3374 1763 3443 τῆς

175 3476 339 3542 ἀξίας
360 3515 373 3537 ,
403 3474 568 3544 ἤγουν
601 3470 912 3535 αὑθεντίας,
945 3468 1064 3539 Θεῷ
1097 3467 1442 3538 συνημμένος
1474 3466 1765 3537 (πεφρονή-

175 3584 313 3619 κασι
342 3565 451 3635 γὰρ
476 3564 544 3617 τὰ
576 3563 753 3617 τοιάδε
780 3561 923 3624 τινὲς
951 3560 1060 3613 τῶν
1084 3556 1523 3630 ἀμαθεστέρων),
1552 3558 1669 3629 πῶς
1704 3558 1761 3610 ἐν

176 3658 349 3729 σαρκὶ
372 3654 784 3725 πεφανέρωται;
812 3650 1011 3723 (καίτοι
1035 3650 1150 3714 πῶς
1168 3650 1265 3720 οὑχ
1287 3649 1489 3703 ἁπασιν
1513 3647 1760 3719 ἐναργὲς,

174 3752 265 3804 ὅτι
311 3750 418 3811 πᾶς
462 3746 751 3817 ἄνθρωπος
784 3746 842 3796 ἐν
898 3741 1062 3813 σαρκί
1108 3742 1171 3795 τέ
1219 3743 1371 3803 ἐστι,
1416 3739 1509 3792 καὶ
1552 3738 1651 3791 οὑκ
1697 3738 1763 3791 ἂν

178 3842 386 3913 ἑτέρως
436 3838 608 3910 ὁρῷτό
651 3840 817 3906 τισι;)
859 3836 963 3888 τίνι
1005 3835 1060 3888 δὲ
1089 3833 1277 3904 τρόπῳ
1308 3843 1329 3870 τ
1372 3826 1551 3901 ὦφθαι
1599 3848 1764 3901 φησιν

178 3934 349 3988 αὑτὸν
392 3932 631 3992 καὶτοῖς
676 3928 852 3997 ἁγίοις
898 3926 1185 3995 ἁγγέλοις;
1234 3925 1311 3989 ’Ἡ⁵
1336 3923 1442 3993 γὰρ
1483 3923 1576 3975 καὶ
1618 3923 1764 3992 ἡμᾶς

178 4027 383 4090 αὐτοὺς
428 4026 527 4093 οὑχ
569 4021 769 4093 ὁρῶσιν
822 4019 1080 4088 ἁγγελοι;
1113 4017 1177 4070 Τί
1210 4011 1301 4069 οὖν
1350 4018 1408 4069 ἐν
1441 4013 1663 4085 Χριστῷ
1703 4012 1765 4066 τὸ

179 4118 359 4184 ξένον,
398 4116 432 4187 ἢ
463 4115 515 4169 τί
559 4114 620 4167 τὸ
645 4110 967 4183 παράδοξον,
1003 4111 1051 4163 εί
1100 4109 1195 4163 καὶ
1232 4108 1355 4162 καθ’
1404 4109 1553 4178 ἡμᾶς
1600 4107 1762 4169 ὄντα,

179 4209 279 4265 καὶ
308 4208 497 4277 ἓτερον
524 4205 698 4267 οὐδὲν,
736 4201 1021 4256 τεθέανταί
1052 4217 1195 4263 τινες
1237 4199 1346 4253 τῶν
1394 4199 1565 4267 ἁγίων
1596 4197 1764 4267 ἀγγέ-

175 4305 321 4365 law;
353 4299 477 4362 Πῶς
504 4297 559 4351 δὲ
586 4296 679 4350 καὶ
700 4295 906 4349 ἔθνεσιν
924 4292 1203 4364 ἐκηρύχθη
1228 4308 1242 4357 ;
1266 4291 1361 4344 καὶ
1388 4290 1463 4353 ὡς
1483 4289 1566 4354 τίς
1585 4290 1764 4361 ὑπάρ-

177 4414 293 4465 χων
320 4402 341 4428 ⁸
376 4391 525 4462 παρὰ
564 4388 673 4442 τῶν
708 4390 767 4441 ἐν
804 4387 993 4457 κόσμῳ
1026 4374 1341 4437 πιστεύεται
1369 4400 1383 4449 ;
1414 4384 1477 4436 Εί
1523 4382 1622 4453 μὲν
1654 4383 1764 4453 γὰρ

178 4489 259 4550 ὼς
290 4487 386 4539 ἕνα
410 4482 519 4536 τῶν
544 4480 663 4535 καθ’
689 4480 838 4549 ἡμᾶς
868 4477 1152 4547 ἄνθρωπον
1185 4473 1402 4539 ἁπλῶς,
1430 4473 1523 4526 καὶ
1553 4473 1673 4543 οὑχὶ
1698 4472 1762 4544 δὴ
1796 4505 1839 4559 D

184 4573 393 4646 μᾶλλον
425 4570 557 4623 Θεὸν
584 4565 1047 4638 ἐνηνθρωπηκότα
1075 4562 1401 4635 διεκήρυξαν
1425 4564 1472 4615 οἱ
1502 4561 1761 4633 μαθηταὶ,

181 4664 283 4717 καὶ
310 4661 385 4725 ὡς
417 4658 578 4712 τοῦτο
601 4655 864 4725 ὑπάρχων
890 4651 1042 4722 παρὰ
1068 4650 1179 4705 τῶν
1206 4652 1262 4704 ἐν
1294 4652 1481 4722 κόσμῳ
1512 4649 1765 4703 πιστεύε-

181 4772 310 4819 ται,
344 4746 829 4823 ἀνθρωπολατρείᾳ
862 4741 1258 4814 κεκρατήμεθα
1279 4782 1293 4805 ,
1326 4742 1419 4795 καὶ
1454 4758 1765 4811 προσκεκυ-

184 4848 435 4919 νήκαμεν
482 4844 548 4911 τῇ
583 4839 796 4893 κτίσει·
836 4833 931 4887 καὶ
977 4832 1114 4905 πρός
1160 4849 1223 4901 γε
1262 4831 1418 4885 τοῦτο
1447 4834 1591 4903 ἡμᾶς
1630 4850 1764 4886 κατ-

188 4941 443 5009 εδόνησεν
470 4933 630 4995 αὑτὸς
657 4932 686 4984 6
709 4928 870 5000 φύσει
904 4944 963 4981 τε
984 4927 1077 4979 καὶ
1105 4924 1334 4997 ἀληθείᾳ
1364 4923 1458 4977 καὶ
1488 4923 1597 4977 τῶν
1628 4923 1764 4979 ὅλων

185 5028 342 5091 Θεός·
384 5026 548 5087 αὑτὸς
595 5022 704 5093 γὰρ
734 5022 867 5091 ἡμῖν
915 5018 1007 5071 τὸν
1054 5014 1162 5070 τῶν
1206 5014 1487 5087 θεηγόρων
1523 5014 1763 5082 ἀνέδειξε

186 5121 372 5193 χορόν.
402 5119 465 5171 Ei
494 5116 549 5171 δέ
585 5114 818 5185 Χριστὸς
847 5111 1092 5182 ἐγερθεὶς
1128 5112 1191 5163 ἐκ
1218 5109 1425 5180 νεκρῶν
1454 5110 1566 5174 τοῖς
1593 5109 1771 5177 ἁγίοις

187 5217 428 5283 ἔφασκεν
483 5207 834 5269 ἀποστόλοιςο
895 5223 913 5255 ι
974 5200 1342 5273 Πορευθέντες
1392 5201 1768 5273 μαθητεύσατε

188 5304 369 5358 πάντα
416 5300 484 5353 τὰ
527 5299 687 5366 ἔθνη,
740 5292 1093 5364 βαπτίζοντες
1145 5290 1341 5355 αὑτοὺς
1384 5293 1465 5355 εἰς
1501 5291 1562 5344 τὸ
1598 5292 1768 5361 ὄνομα

186 5395 283 5447 τοῦ
316 5395 549 5466 Πατρὸς,
592 5394 687 5447 καὶ
712 5391 805 5445 τοῦ
846 5393 1000 5457 Υἱοῦ,
1031 5392 1125 5446 καὶ
1168 5392 1262 5446 τοῦ
1304 5391 1460 5461 ἁγίου
1509 5389 1765 5462 Πνεύμα-

259 5571 302 5603 ⁸⁸
334 5570 347 5623 Ι
384 5570 620 5626 Tituoth.
656 5586 740 5636 ιιι,
772 5569 855 5625 16.

1937 2640 2181 2697 XXXIII.
2230 2660 2251 2693 ι
2288 2641 2353 2696 Et
2380 2641 2668 2697 manifeste
2699 2657 2951 2710 maguum
2978 2650 3060 2696 est
3099 2642 3319 2711 pietatis
3350 2658 3437 2697 sa-

1864 2743 2200 2787 cramentum
2233 2750 2246 2786 :
2276 2731 2419 2787 Deus
2456 2732 2830 2788 manifestatus
2868 2747 2950 2788 est
2991 2735 3041 2788 in
3071 2749 3257 2797 carne,
3282 2734 3441 2801 justi-

1868 2827 2057 2880 ticatus
2099 2835 2180 2878 est
2209 2826 2261 2879 in
2296 2825 2512 2892 Spiritu,
2544 2825 2693 2879 visus
2741 2836 2825 2879 est
2860 2825 3086 2895 angelis,
3118 2826 3443 2895 praedicatus

1866 2926 1948 2969 est
1983 2917 2035 2970 in
2073 2916 2347 2985 gentibus,
2383 2916 2622 2971 creditus
2670 2926 2748 2972 est
2784 2917 2836 2970 in
2885 2919 3102 2982 mundo,
3135 2926 3447 2987 assumptus

1867 3016 1949 3060 est
2003 3006 2058 3060 in
2106 3007 2274 3075 gloria
2302 3007 2367 3059 εί.
2404 3026 2422 3058 ι
2478 3007 2531 3062 Si
2581 3007 2721 3062 Deus
2756 3009 2979 3062 verbum
3027 3009 3285 3063 deitatem
3336 3024 3442 3062 non

1870 3098 2150 3161 amittens,
2184 3099 2276 3153 sed
2310 3099 2362 3153 in
2399 3100 2598 3169 quibus
2624 3109 2745 3154 erat
2784 3100 2942 3154 bonis
2976 3109 3294 3154 constanter
3320 3117 3445 3170 per-

1866 3188 2084 3252 sistens,
2122 3189 2284 3243 homo
2315 3187 2490 3244 factus
2523 3190 2869 3257 praedicatur,
2904 3207 3158 3261 magnum
3197 3192 3445 3261 profecto

1866 3279 2084 3347 pietatis
2123 3280 2439 3348 mysterium
2488 3264 2580 3334 hic
2613 3296 2671 3333 se
2713 3278 2889 3335 offert.
2937 3282 3001 3353 Si.
3037 3276 3164 3336 Vero
3197 3282 3446 3338 Christus

1866 3382 1948 3427 est
1994 3374 2155 3426 homo
2204 3380 2412 3426 tantum
2462 3375 2795 3439 communis,
2850 3374 2963 3428 sola
3019 3375 3300 3446 dignitatis
3359 3375 3442 3430 vel

1869 3466 2212 3519 auctoritatis
2244 3466 2504 3519 societate
2532 3463 2642 3518 Deo
2671 3465 2992 3533 conjunctus
3019 3467 3145 3535 (hoc
3178 3469 3320 3522 enim
3363 3468 3444 3522 in-

1867 3555 2010 3609 docti
2058 3555 2273 3623 quidam
2327 3553 2676 3625 defendunt),
2736 3557 3007 3625 quomodo
3066 3557 3447 3613 manifestatus

1866 3654 1949 3697 est
1994 3644 2046 3699 in
2098 3644 2304 3699 carne?
2362 3645 2444 3697 An
2513 3660 2617 3699 non
2666 3647 2916 3700 omnibus
2967 3649 3309 3718 perspicuum
3362 3661 3448 3706 est

1867 3734 2069 3789 nullum
2111 3751 2217 3788 non
2260 3734 2532 3789 hominem
2565 3750 2727 3789 carne
2762 3751 2882 3791 esse
2911 3736 3179 3803 indutum,
3214 3755 3312 3796 nec
3338 3739 3447 3798 alio

1868 3826 2027 3881 modo
2055 3841 2085 3879 a
2120 3841 2390 3895 quoquam
2430 3841 2589 3895 posse
2624 3827 2829 3881 videri?
2860 3828 3019 3900 151‘,
3048 3829 3159 3895 Qua
3187 3845 3317 3900 ergo
3353 3848 3444 3885 ra.

1869 3919 2013 3975 tione
2040 3936 2069 3973 a
2102 3921 2307 3973 sanctis
2335 3934 2551 3988 quoque
2577 3919 2784 3988 angelis
2812 3923 2959 3976 visus
2995 3922 3224 3976 dicitur?
3258 3922 3447 3978 Nonne

1867 4010 2043 4081 angeli
2082 4011 2332 4080 nosipsos
2368 4010 2789 4078 conspicantur?
2820 4011 2956 4078 Quid
3000 4012 3164 4081 igitur
3195 4014 3246 4067 in
3289 4014 3446 4070 Chri-

1868 4113 1952 4158 sto
1985 4112 2079 4157 aut
2110 4118 2328 4167 novum,
2369 4112 2461 4155 aut
2497 4103 2842 4170 inusitatum,
2876 4113 2929 4159 et
2969 4106 3330 4161 admiratione
3360 4109 3444 4161 di-

1868 4211 2028 4265 gnum
2078 4203 2182 4261 est,
2235 4194 2281 4249 si
2334 4193 2504 4248 solam
2545 4204 2750 4250 natura:
2792 4207 2993 4251 nostra;
3032 4198 3443 4253 similitudinem

1868 4304 2089 4359 gerens.
2128 4304 2156 4343 a
2193 4288 2515 4358 quibusdam
2542 4288 2746 4357 angelis
2781 4289 2929 4342 visus
2955 4288 3081 4343 est?
3109 4289 3293 4355 Qualis
3321 4307 3442 4344 rur-

1868 4394 1988 4435 sum
2026 4378 2275 4449 gentibus
2302 4376 2665 4446 praedicatus?
2695 4385 2785 4429 aut
2823 4378 2997 4445 qualis
3030 4381 3245 4433 tandem
3283 4381 3350 4434 ab
3379 4381 3446 4437 iis

1867 4471 1959 4540 qui
1998 4478 2125 4524 sunt
2158 4470 2210 4524 in
2248 4469 2471 4533 mundo,
2510 4468 2789 4522 creditur?
2828 4467 2960 4522 Nam
3006 4469 3052 4523 si
3098 4470 3243 4524 illum
3282 4473 3449 4527 disci—

1870 4562 1978 4632 puli
2012 4560 2209 4615 mundo
2247 4560 2610 4629 praadicarunt
2644 4568 2702 4613 ut
2739 4575 2931 4629 purutn
2973 4560 3207 4631 aliquem
3246 4574 3446 4619 nostra:

1871 4653 2200 4708 conditionis
2258 4654 2551 4715 hominem,
2601 4660 2654 4705 et
2695 4668 2802 4705 non
2850 4663 2908 4706 ut
2949 4653 3117 4707 Deum
3168 4654 3441 4709 hominem

1868 4746 2095 4810 factum,
2130 4746 2357 4814 talisque
2382 4744 2449 4797 ab
2483 4742 2549 4798 iis
2584 4745 2673 4812 qui
2711 4743 2766 4797 in
2796 4745 2998 4798 mundo
3026 4746 3229 4814 degunt
3266 4748 3445 4800 credi-

1873 4848 1993 4904 tur;
2044 4839 2110 4891 ad
2150 4852 2314 4891 unum
2362 4851 2551 4891 omnes
2600 4835 3041 4905 anthropolatriaa
3089 4837 3317 4891 crimine
3369 4838 3445 4892 rei

1876 4929 2198 4994 tenebimur,
2261 4940 2676 5000 creaturamque
2720 4929 2999 4987 Creatoris
3051 4933 3170 4986 loco
3223 4934 3449 4989 adorare

1875 5031 2060 5087 aperte
2087 5020 2522 5076 convincemur?
2554 5022 2714 5091 idque
2754 5021 2897 5077 illius
2938 5022 3190 5092 impulsu,
3221 5023 3310 5090 qui
3349 5040 3447 5075 na-

1876 5121 1996 5165 tura
2061 5122 2113 5166 et
2161 5113 2395 5168 veritate
2438 5112 2817 5167 universorum
2876 5112 3016 5167 Deus
3066 5123 3167 5167 est.
3218 5110 3452 5168 Constat

1876 5205 2018 5257 enim
2071 5203 2244 5271 ipsum
2310 5204 2376 5258 ad
2430 5219 2526 5258 nos
2580 5204 2792 5258 misisse
2846 5205 3133 5275 magistros
3188 5205 3279 5274 qui
3335 5205 3449 5259 haec

1874 5297 2149 5350 docerent.
2177 5296 2330 5362 Quod
2364 5296 2407 5350 si
2437 5296 2683 5351 Christus
2712 5312 2778 5350 ex
2808 5299 3034 5351 mortuis
3062 5298 3446 5362 cxsuscitatus,

1874 5372 2092 5444 sanctos
2136 5388 2407 5457 apostolos
2438 5388 2522 5444 his
2566 5388 2746 5444 verbis
2796 5387 2991 5445 affatur
3020 5408 3033 5444 ;
3069 5409 3086 5441 ι
3121 5390 3321 5445 Euutes
3356 5390 3451 5444 do-

1290 5704 1463 5760 Varia:
1496 5704 1753 5760 lectiones
1785 5706 1986 5760 codicis
2022 5704 2380 5775 Segniertaui.

264 5861 292 5901 ι)
322 5850 554 5921 γενητῷ.
630 5858 656 5897 ιι
687 5846 931 5916 γενητόν.
1012 5855 1033 5883 ι’
1067 5846 1187 5899 τίνα
1216 5846 1269 5899 δὲ
1298 5844 1518 5913 τρόπον.
1596 5848 1617 5877 ³
1650 5842 1735 5895 ἲσ.
1768 5842 1861 5894 καὶ
1901 5843 2049 5903 ὅστις
2076 5843 2353 5912 ὑπάρχων,
