4132 6454
708 378 844 435 1579

1687 370 1743 426 S.
1784 367 2057 427 CYRILLI
2100 360 2570 420 ALEXANDRINI
2609 360 2931 418 ARCHIEP.

3824 367 3846 419 1
3857 368 3952 421 58⁵]

646 483 648 485 ’
705 501 822 543 cete
868 500 1057 542 omnes
1092 494 1299 555 gentes,
1330 485 1675 556 baptizantes
1704 497 1799 537 eos
1834 482 1885 534 in
1932 480 2148 534 nomine
2183 478 2277 530 Pa-

2381 491 2501 538 τος·
2534 492 2552 525 ι
2586 470 2705 543 εἶτα
2738 473 3185 545 πεπιστεύκαμεν
3221 477 3300 539 είς
3326 476 3518 539 αὐτὸν,
3549 476 3954 548 βεὸαπτίσμεθὰ

707 582 829 645 tris,
857 591 910 634 et
937 579 1080 644 Filii,
1110 588 1163 633 et
1185 577 1425 647 Spiritus
1455 577 1629 631 sancti
1653 576 1729 640 ";
1759 593 1776 626 ι
1809 587 2016 641 nosque
2040 572 2092 625 in
2131 569 2275 623 illum

704 672 997 734 credimus,
1024 685 1086 724 ac
1113 678 1347 725 mortem
1380 668 1619 738 ejusdem
1654 664 2058 725 annuntiantes,
2093 676 2277 715 resur-

703 764 1108 830 rectionemque
1132 760 1474 822 confitentes,
1507 755 1763 826 baptizati
1791 770 1979 810 smnus
2007 770 2022 819 ;
2055 762 2109 808 et
2134 753 2277 807 istud

704 855 769 907 de
800 867 948 906 more
981 850 1294 905 factitantes
1329 862 1604 917 nunquam
1648 847 1909 901 hactenus
1931 845 2073 915 quod
2107 843 2278 898 homi-

702 956 825 996 nem
856 940 1118 1005 colamus,
1164 938 1464 993 insimulati
1498 936 1696 990 fuimus
1723 953 1737 988 :
1769 936 1892 1005 quis
1925 934 2145 988 dubium
2179 933 2276 985 ha-

701 1032 832 1087 bere
875 1040 1053 1102 potest
1112 1028 1387 1085 Christum
1456 1042 1561 1081 non
1609 1040 1728 1080 esse
1771 1040 1961 1093 purum
2007 1023 2277 1077 hominem

702 1129 845 1181 nuda
900 1135 1107 1180 tantum
1165 1120 1504 1189 simplicique
1559 1133 1682 1173 cum
1747 1116 1840 1169 Dei
1904 1113 2084 1169 Verbo
2151 1128 2279 1167 con—

703 1217 935 1269 nexione
964 1215 1317 1275 honoratum;
1362 1222 1548 1261 verum
1592 1205 1823 1261 naturali
1865 1204 2161 1258 secundum
2198 1202 2279 1255 di-

704 1306 1093 1376 spensatoriam
1135 1302 1391 1356 unionem
1441 1314 1564 1353 cum
1618 1298 1851 1353 humana
1900 1304 2097 1351 natura
2148 1310 2279 1349 con-

700 1397 977 1467 junctione
1029 1409 1194 1449 unum
1240 1406 1362 1447 esse
1419 1389 1616 1444 Filium
1662 1397 1717 1443 et
1766 1388 2074 1449 Dominmu,
2120 1394 2278 1453 atque

704 1488 826 1541 ideo
851 1500 1100 1553 magnum
1124 1483 1341 1555 pietatis
1362 1492 1761 1536 sacramentum
1788 1479 2021 1534 eluxisse
2043 1475 2279 1530 mundo?

701 1574 839 1629 Nam
884 1573 1025 1628 Deus
1065 1573 1299 1628 Verbum
1351 1571 1600 1640 apparuit
1638 1570 1689 1623 in
1738 1585 1921 1634 carne,
1953 1568 2279 1637 justiﬁeatus

705 1675 788 1721 est
818 1664 869 1719 in
898 1663 1105 1739 Spiritu
1134 1664 1359 1734 (nullum
1391 1664 1536 1717 enim
1575 1670 1854 1730 peccatum
1893 1658 2151 1713 Dominus
2184 1672 2280 1709 no-

703 1768 818 1813 ster
859 1756 1155 1827 designat),
1180 1757 1330 1811 visus
1365 1765 1447 1809 est
1475 1765 1529 1809 et
1552 1753 1777 1823 angelis,
1820 1762 1873 1806 ut
1902 1752 1990 1821 qui
2022 1750 2277 1805 nativita-
2324 1744 2325 1747 “

2376 581 2434 616 τε
2460 605 2474 628 ,
2510 564 2600 616 τὸν
2645 564 2874 617 θάνατον
2906 565 3072 618 αὑτοῦ
3110 565 3575 632 καταγγέλλοντες
3597 605 3613 629 ,
3643 569 3745 619 καὶ
3770 570 3952 636 ὁμολο-

2376 655 2601 723 γοῦντες
2641 658 2738 729 τὴν
2780 657 3110 711 ἀνάστασιν·
3151 657 3246 709 καὶ
3284 656 3442 710 τοῦτο
3483 658 3617 729 δρᾷν
3665 661 3947 725 εἰωθότες.

2376 750 2488 811 τοῖς
2516 748 3025 819 ἀνθρωπολατρείας
3052 747 3359 819 ἐγκλήμασι
3388 749 3510 801 κατ’
3537 746 3735 805 οὐδένα
3765 755 3949 822 τρόπον

2378 837 2734 908 ὲνισχήμεοα.
2762 837 2880 917 ¹Ούκ
2912 838 3019 909 ἄρα
3050 837 3180 907 ψιλῇ
3230 840 3496 910 συναφείᾳ
3538 844 3605 911 τῇ
3647 844 3789 914 πρὸς
3830 844 3951 897 Θεὸν

2378 928 2550 994 Λόγον
2588 929 2950 999 τετιμημένος
2973 930 3070 982 ἀνθ
3081 946 3263 1000 ρωπος
3281 930 3324 986 l6
3350 931 3585 1000 Χριστὸς
3606 972 3621 995 ,
3663 934 3867 1005 συνόδῳ
3897 937 3949 989 δὲ

2382 1019 2580 1088 μᾶλλον
2606 1023 2670 1090 τῇ
2710 1021 2845 1090 πρδς
2880 1021 2942 1072 τὸ
2972 1020 3310 1090 ἀνθρώπινον
3349 1021 3471 1074 καθ’
3515 1024 3715 1076 ἕνωσιν
3752 1026 3949 1079 οἰκονο-

2382 1109 2549 1178 μικὴν
2574 1109 2701 1171 Υἱὸς
2726 1104 2806 1173 εἷς
2855 1110 2949 1161 καὶ
2995 1110 3219 1181 Κύριος.
3267 1110 3424 1178 Μέγα
3458 1111 3569 1183 γὰρ
3600 1113 3723 1166 τότε
3757 1115 3819 1166 τὸ
3860 1116 3951 1184 τῆς

2378 1202 2659 1265 εὐσεϐείας
2707 1204 3036 1273 μυστήριον·
3088 1204 3473 1274 πεφανέρωται
3524 1204 3633 1276 γὰρ
3688 1207 3747 1257 ὲν
3797 1210 3951 1276 σαρκὶ

2377 1293 2508 1356 Θεὸς
2531 1292 2603 1346 ὢν
2628 1295 2655 1345 6
2684 1293 2883 1361 Λόγος,
2918 1292 3211 1363 ἐδικαιώθη
3237 1293 3294 1347 δὲ
3322 1293 3416 1347 καὶ
3444 1297 3503 1347 ἐν
3539 1296 3854 1365 Πνεύματι-
3894 1298 3949 1349 ού

2378 1384 2487 1454 γὰρ
2513 1384 2764 1453 ἐποίησεν
2794 1384 3066 1453 ἁμαρτίαν
3100 1387 3126 1438 6
3154 1384 3359 1456 Κύριος
3380 1384 3539 1457 ἡμῶν
3590 1388 3801 1457 Ἰησοῦς
3825 1390 3951 1459 Χριο

2381 1477 2535 1538 στός·
2580 1475 2734 1546 ὤφθη
2784 1475 2840 1527 δὲ
2880 1474 2974 1527 καὶ
3018 1475 3308 1544 ἀγγέλοις,
3356 1477 3406 1529 οἳ
3452 1477 3551 1548 τὴν
3609 1478 3953 1551 ἀνθρωπίνην

2380 1567 2546 1620 αὐτοῦ
2572 1567 2823 1639 γέννησιν
2865 1569 2964 1620 οὐκ
2990 1568 3321 1638 ἠγνοηκότες
3350 1569 3614 1638 ἔφασκονο
3674 1589 3691 1620 ι
3728 1573 3867 1636 Δόξα
3902 1578 3953 1625 ἐν

2380 1658 2624 1727 ὑψίστοις
2660 1659 2815 1729 Θεῷ,
2847 1659 2941 1712 καὶ
2984 1659 3079 1712 ἐπὶ
3119 1660 3223 1729 γῆς
3273 1660 3500 1731 εἰρήνη,
3542 1664 3601 1713 ὲν
3647 1662 3953 1732 ἀνθρώποις

2380 1749 2618 1802 εὐδοκία.
2652 1768 2670 1800 ι
2718 1749 3028 1820 Ἐκηρύχθη
3057 1750 3114 1802 δὲ
3138 1750 3233 1802 καὶ¹
3257 1752 3315 1803 ὲν
3339 1750 3519 1803 ἔθνεσι
3545 1769 3559 1782 ·
3587 1754 3683 1805 καὶ
3709 1754 3793 1805 ὅτι
3817 1756 3953 1806 κατᾶ

702 1856 809 1902 tem
847 1848 964 1912 ejus
992 1846 1287 1899 secundum
1317 1857 1533 1899 carnem
1567 1858 1671 1896 non
1704 1843 2015 1911 ignorantes
2044 1859 2057 1895 :
2089 1858 2107 1891 ι
2144 1840 2269 1893 Glo-

2378 1842 2630 1912 ἀλήθειάν
2673 1843 2819 1895 ἐστιν
2845 1845 2873 1895 6
2917 1842 3044 1905 Υἱὸς
3086 1841 3181 1895 τοῦ
3214 1842 3350 1895 Θεοῦ
3376 1843 3474 1896 καὶ
3499 1844 3743 1914 Πατρὸς,
3777 1847 3873 1897 καί
3902 1846 3956 1897 ὲν

700 1938 782 1991 ria
814 1937 864 1990 in
896 1937 1174 1991 altissimis
1205 1936 1335 1998 Deo,
1369 1944 1422 1988 et
1455 1936 1506 1988 in
1545 1943 1685 1988 terra
1721 1948 1845 2001 pax,
1874 1934 1927 1987 in
1964 1931 2269 1986 hominibus

2379 1934 2542 2004 σαρκὶ
2572 1932 2864 2004 πεφηνὼς,
2890 1932 3041 2004 παρά
3065 1935 3175 1997 τοῖς
3205 1935 3264 1988 ὲν
3293 1935 3483 2005 κόσμῳ
3514 1936 3856 1988 πιστεύεται.

699 2030 844 2087 bona
894 2030 1144 2085 voluntas
1168 2030 1244 2093 ⁸³,
1277 2047 1298 2080 ι
1345 2027 1755 2094 concinuerinl;
1818 2026 2144 2096 praedicatus
2193 2033 2277 2080 est
2313 2026 2437 2080 etin
2474 2027 2728 2095 gentibus
2784 2040 3050 2096 quoque:
3098 2025 3330 2094 denique
3384 2041 3573 2081 verum
3607 2014 3755 2080 illum
3809 2036 3958 2080 natu-

702 2119 982 2188 ralemque
1013 2117 1105 2172 Dei
1149 2116 1325 2171 Patris
1364 2115 1557 2170 Filium
1597 2130 1738 2181 esse,
1792 2116 1884 2184 qui
1953 2113 2323 2170 manifestatus
2361 2115 2433 2170 sit
2480 2117 2534 2170 in
2602 2132 2789 2184 carne,
2852 2116 3118 2172 creditum
3165 2123 3249 2169 est
3292 2115 3361 2170 ab
3406 2115 3491 2172 his
3544 2119 3633 2189 qui
3698 2119 3955 2172 mundum

702 2212 846 2265 hunc
878 2208 1138 2264 incolunt.

772 2298 1013 2354 XXXIV.
1081 2319 1099 2352 ι
1134 2300 1197 2353 Et
1256 2299 1623 2354 testimonium
1675 2298 1948 2368 perhibuit
2004 2297 2274 2366 Joannes,

703 2391 891 2448 dicens
921 2409 934 2445 :
965 2392 1099 2456 Quia
1140 2390 1245 2444 vidi
1278 2391 1536 2458 Spiritutn
1569 2389 1986 2444 descendentem
2010 2392 2162 2458 quasi
2190 2404 2279 2443 co-

703 2482 938 2537 lumbam
980 2483 1047 2536 de
1074 2481 1232 2544 emlo,
1256 2491 1310 2534 et
1352 2481 1550 2533 mansit
1588 2495 1750 2549 super
1775 2495 1920 2534 eum.
1963 2479 2029 2533 Et
2065 2495 2162 2550 ego
2191 2496 2279 2535 ne-

707 2571 945 2627 sciebam
976 2586 1121 2635 eum,
1158 2573 1253 2626 sed
1281 2571 1373 2640 qui
1406 2570 1555 2625 misit
1594 2584 1679 2624 me
1711 2572 1987 2638 baptizare
2024 2572 2073 2625 in
2111 2588 2274 2642 aqua,

705 2662 794 2718 ille
842 2663 971 2717 mihi
1020 2663 1157 2716 dixit
1185 2680 1199 2716 :
1226 2662 1400 2731 Super
1440 2675 1598 2730 quem
1632 2662 1829 2716 videris
1877 2663 2133 2731 Spiritum
2178 2664 2272 2717 de-

703 2754 1047 2810 sceudentem
1089 2763 1142 2807 et
1169 2762 1476 2808 manentem
1521 2767 1683 2820 super
1722 2766 1863 2817 eum,
1892 2752 2048 2823 155
2076 2754 2162 2807 hic
2192 2764 2275 2809 est

702 2846 793 2916 qui
828 2848 1064 2915 baptizat
1111 2846 1163 2898 in
1205 2845 1411 2914 Spiritu
1453 2844 1768 2923 salicto..Et
1806 2858 1905 2912 ego
1939 2847 2067 2910 vidi,
2112 2856 2164 2899 et
2194 2857 2274 2901 te-

702 2940 1018 2993 stimonium
1070 2938 1345 3007 perhibui,
1395 2937 1518 3007 quia
1574 2936 1660 2990 hic
1711 2945 1793 2990 est
1835 2937 2002 2990 Filius
2035 2936 2127 2990 Dei
2155 2938 2219 2991 “.
2249 2955 2270 2990 ι

2453 2302 2575 2356 ΛΔ’.
2622 2321 2639 2352 ι
2682 2300 2793 2354 Καὶ
2836 2301 3219 2371 ἐμαρτύρησεν
3276 2300 3528 2371 Ἰωάννης
3573 2300 3751 2367 λέγων
3778 2316 3792 2327 ’
3844 2302 3958 2352 Ὅτι

2381 2392 2645 2462 τεθέαμαι
2686 2391 2747 2444 τὸ
2794 2391 3020 2462 Πνεῦμα
3077 2391 3404 2446 καταϐαῖνον
3451 2392 3583 2444 ὡσεὶΙ
3626 2396 3957 2462 περιστεράν

2383 2485 2443 2549 ἐξ
2474 2483 2739 2554 ούρανοῦ,
2778 2484 2874 2536 καὶ
2917 2482 3129 2554 ἔμεινεν
3161 2484 3248 2536 ἐπ’
3290 2485 3471 2536 αὐτόν.
3527 2483 3671 2551 Ἐγὼ
3708 2484 3768 2535 δὲ
3800 2487 3817 2519 ι
3868 2485 3959 2535 οὐκ

2383 2575 2531 2646 ᾔδειν
2557 2574 2717 2627 αὐτόν
2738 2589 2752 2603 ·
2799 2573 2915 2626 ἀλλ’
2940 2575 2968 2626 6
3001 2573 3222 2643 πέμψας
3260 2590 3326 2643 με
3372 2572 3649 2642 βαπτίζειν
3682 2576 3742 2625 ὲν
3788 2574 3958 2635 ὕδατι,

2382 2668 2544 2730 αύτός
2574 2684 2662 2737 μοι
2704 2661 2856 2718 εἶπεν
2879 2682 2895 2697 ο
2954 2667 3068 2733 Ἐφ’
3097 2666 3156 2717 ὃν
3184 2665 3251 2717 ἂν
3289 2665 3403 2735 ἴδῃς
3426 2664 3488 2717 τὸ
3529 2665 3756 2735 Πνεῦμα
3796 2683 3961 2718 κατα-

2382 2758 2587 2822 6αῖνον,
2612 2758 2704 2811 καὶ
2740 2757 2898 2828 μένον
2936 2758 3022 2810 ἐπ’
3048 2758 3210 2811 αὑτὸν
3228 2798 3243 2820 ,
3273 2752 3426 2822 οὗτός
3453 2760 3598 2810 ἐστιν
3624 2758 3653 2809 6
3683 2758 3963 2826 βαπτίζων

2380 2849 2439 2900 ὲν
2467 2850 2743 2918 Πνεύματι
2770 2846 2843 2918 τῷ
2870 2848 3031 2918 ἁγίῳ.
3070 2847 3241 2915 Κάγὼ
3269 2847 3521 2919 ἑώρακα,
3550 2850 3646 2901 καὶ
3673 2850 3967 2918 μεμαρτίον

2385 2956 2528 3010 ρηκα
2549 2979 2563 3003 ,
2592 2940 2673 2991 ὅτι
2701 2934 2852 3002 οῦτός
2885 2941 3030 2992 ἐστιν
3070 2942 3097 2992 6
3136 2939 3261 3001 Υἱὸς
3299 2938 3393 2991 τοῦ
3424 2937 3583 2991 Θεοῦ.
3640 2959 3659 2989 ι
3699 2939 3837 2991 Ἕνα
3872 2938 3959 2991 λέ-

702 3030 834 3086 Cum
870 3047 1034 3085 unqu
1065 3032 1329 3085 duntaxat
1350 3028 1754 3083 Emmanueiem
1787 3029 2145 3097 assignemus,
2179 3044 2274 3085 ne-

2378 3047 2567 3099 γοντες
2610 3030 2703 3083 τὸν
2751 3030 3128 3101 Ἐμμανουὴλ,
3173 3030 3270 3082 καὶ
3311 3029 3417 3083 τῶν
3450 3031 3529 3091 είς
3572 3028 3665 3083 δύο
3688 3031 3963 3098 Χριστοὺς

705 3138 809 3193 que
855 3138 950 3176 eos
992 3122 1084 3192 qui
1138 3123 1356 3176 unicum
1402 3121 1679 3175 Christum
1729 3119 1781 3173 in
1831 3120 1965 3175 duos
1996 3121 2274 3188 divellunt,

704 3216 965 3278 feramus,
1007 3215 1135 3283 quid
1178 3215 1440 3276 dicemus,
1474 3228 1595 3265 cum
1651 3210 1917 3281 Spiritum
1957 3222 2203 3267 sanctum
2248 3231 2279 3269 e

705 3305 847 3361 caelo
877 3319 1040 3374 super
1084 3304 1233 3357 illthn
1276 3303 1645 3364 descendisse,
1690 3316 1899 3355 necnon
1940 3317 2103 3372 super
2131 3319 2281 3357 eum-

706 3397 827 3450 dem
854 3395 1120 3450 mansisse
1147 3393 1436 3447 audimus?
1458 3390 1937 3461 SuSpicabimurne
1971 3392 2063 3446 Dei
2101 3393 2278 3449 Patris

712 3487 946 3542 Verbum
1000 3486 1236 3555 Spiritus
1277 3485 1447 3540 sancti
1492 3484 1907 3554 participatione
1954 3484 2280 3555 indiguisse?

705 3580 775 3633 At
807 3580 934 3648 quid
982 3579 1085 3632 hoc
1129 3587 1221 3631 aut
1253 3576 1574 3646 excogitari,
1619 3588 1712 3630 aut
1760 3576 1864 3631 dici
1895 3586 2055 3646 queat
2084 3578 2277 3633 absur-

707 3670 862 3724 dius?
913 3668 1151 3737 Spiritus
1192 3667 1336 3722 enitn
1386 3682 1538 3735 aeque
1581 3667 1831 3736 proprius
1881 3676 1965 3721 est
2007 3667 2150 3721 illius
2196 3678 2276 3723 at.

713 3774 812 3832 lue
856 3760 947 3815 Dei
986 3759 1186 3814 Patris.
1218 3776 1236 3810 ι
1284 3756 1547 3824 Quoniam
1593 3759 1725 3812 estis
1780 3758 1873 3811 ﬁlii
1907 3758 2106 3827 (inquit
2150 3759 2277 3812 bea-

708 3862 794 3905 tus
822 3848 1065 3918 Paulus),
1104 3846 1414 3902 misitDeus
1447 3848 1705 3916 Spiritum
1738 3848 1858 3903 Filii
1897 3850 1979 3903 sui
2024 3850 2078 3902 in
2112 3851 2275 3903 corda

705 3954 887 3995 vestra
913 3939 1235 3994 clamantem
1261 3938 1469 4003 :Abba,
1492 3937 1651 3992 Pater
1670 3939 1736 3995 ⁸⁸.
1764 3958 1784 3990 ι
1806 3938 2032 4005 lmpium
2056 3940 2279 4008 proinde

706 4030 866 4087 fuerit
896 4031 977 4086 vel
1007 4031 1178 4086 solum
1214 4030 1475 4099 cOgitare,
1509 4032 1684 4100 ipsum
1722 4031 1815 4085 Dei
1842 4031 2018 4085 Patris
2042 4030 2276 4085 Verbum

707 4122 942 4190 Spiritus
998 4124 1169 4177 sancti
1232 4123 1724 4177 communicatione
1770 4124 2017 4194 eguisse;
2072 4126 2275 4177 fatuum

703 4229 854 4279 vero,
892 4215 942 4267 in
986 4229 1097 4267 rem
1135 4228 1304 4282 usque
1343 4214 1478 4267 adeo
1506 4213 1721 4281 planam
1752 4224 1805 4267 et
1847 4216 2153 4269 evidentem
2186 4231 2278 4268 cu-

703 4306 904 4360 riosius
939 4304 1073 4358 velle
1109 4304 1418 4373 inquirere.
1450 4306 1521 4358 At
1558 4307 1827 4373 quomodo
1860 4321 1990 4375 ergo
2036 4306 2273 4376 Spiritus

2378 3119 2828 3189 ἀποδιοριζόντων
2874 3121 2974 3173 ούκ
3011 3120 3357 3190 ἀνεχόμενοι,
3406 3120 3461 3172 τί
3506 3118 3573 3189 δὴ
3620 3115 3734 3190 ἆρά
3780 3137 3961 3189 φαμεν

2379 3211 2756 3273 καταπτάντος
2796 3211 2883 3261 ἐπ’
2925 3210 3089 3263 αὑτὸν
3130 3209 3189 3274 ὲξ
3212 3209 3443 3281 ούρανοῦ
3473 3209 3567 3262 τοῦ
3596 3211 3753 3276 ἁγίου
3788 3211 3960 3262 Πνεῦ-

2381 3319 2568 3371 ματος,
2604 3302 2699 3354 καὶ
2730 3302 3015 3372 μείναντος
3036 3302 3126 3353 ἐπ’
3162 3300 3326 3353 αύτόν
3353 3317 3367 3364 ;
3399 3296 3506 3370 ἆρα
3546 3300 3831 3370 δεδεῆσθαι
3866 3302 3959 3353 τοῦ

2381 3394 2704 3463 μεταλαχεῖν
2755 3394 2911 3461 ἁγίου
2966 3393 3285 3463 Πνεύματος
3326 3393 3417 3446 τὸν
3460 3395 3523 3445 ὲκ
3565 3393 3702 3445 Θεοῦ
3746 3395 3959 3463 Πατρὸς

2376 3484 2549 3553 Λόγον
2582 3484 3010 3555 ύποτοπάσωμεν
3035 3499 3049 3547 ;
3073 3483 3261 3536 Καίτοι
3302 3483 3418 3547 πῶς
3449 3483 3549 3535 ούκ
3590 3483 3657 3537 ἂν
3680 3485 3910 3554 αἰσχρὸν
3933 3494 3956 3519 ι

2377 3576 2593 3647 ἀληθῶς
2634 3576 2694 3628 τὸ
2728 3569 2832 3629 ὧδε
2857 3578 3093 3646 φρονεῖν,
3135 3574 3167 3644 ἢ
3206 3574 3427 3642 λέγειν;
3474 3575 3601 3628 ἴδιον
3642 3576 3753 3646 γὰρ
3795 3576 3955 3629 αὐτοῦ

2376 3667 2438 3720 τὸ
2472 3666 2695 3737 Πνεῦμά
2733 3668 2872 3729 ἐστι,
2907 3665 3156 3736 καθάπερ
3200 3666 3391 3737 ἀμέλει
3439 3667 3534 3719 καὶ
3568 3667 3662 3719 τοῦ
3685 3668 3823 3721 Θεοῦ
3867 3670 3958 3721 καὶ

2377 3758 2610 3829 Πατρός.
2642 3757 2751 3810 Καὶ
2775 3757 2903 3823 γοῦν
2935 3759 2962 3809 6
2988 3757 3254 3827 μακάριος
3284 3756 3510 3820 Παῦλος·
3555 3778 3573 3809 ‹
3604 3758 3728 3811 Ὅτι
3753 3758 3811 3810 δέ
3834 3761 3955 3811 ἐστε

2377 3850 2503 3913 υἱοὶ,
2526 3844 2605 3913 οἷς
2620 3846 2997 3912 ἐξαπέστειλεν
3019 3849 3046 3899 6
3062 3847 3193 3909 Θεὸς
3208 3848 3268 3900 τὸ
3288 3847 3504 3917 Πνεῦμα
3528 3850 3622 3900 τοῦ
3642 3848 3775 3901 Υἱοῦ
3792 3850 3954 3901 αὐτοῦ

2379 3942 2457 4003 εἰς
2494 3942 2593 4003 τὰς
2630 3940 2857 4009 καρδίας
2888 3939 3073 4007 ὑμῶν,
3104 3939 3337 4009 κράζον·
3392 3940 3592 4007 Ἀ66ἄ,
3620 3942 3649 3992 6
3675 3942 3891 4010 Πατήρ.
3934 3960 3950 3990 ι

2390 4032 2609 4095 Ἀσεϐὲς
2651 4029 2742 4085 οῦν
2784 4034 2890 4103 ἄρα
2924 4034 2982 4085 τὸ
3021 4032 3121 4085 κᾶν
3149 4032 3277 4100 γοῦν
3322 4033 3613 4102 ὑπονοῆσαι
3656 4032 3818 4102 μόνον
3856 4032 3955 4101 τῆς

2376 4123 2470 4177 τοῦ
2520 4123 2839 4194 Πνεύματος
2883 4124 3173 4195 μετουσίας
3209 4124 3487 4197 δεδεῆσθαι
3530 4126 3625 4178 καὶ
3661 4126 3824 4179 αὑτὸν
3866 4129 3955 4178 τὶν

2376 4217 2441 4269 ἐκ
2463 4216 2596 4269 Θεοῦ
2628 4216 2839 4286 Πατρὸς
2869 4217 3039 4285 Λόγον
3060 4232 3074 4244 ·
3113 4217 3209 4269 καὶ
3246 4217 3306 4270 τὸ
3341 4217 3484 4271 οὓτω
3510 4220 3655 4288 σαφῆ
3694 4218 3797 4287 τὴν
3825 4219 3955 4270 ἀπόο

2376 4306 2541 4372 δειξιν
2587 4306 2708 4378 ἕχον
2754 4307 3075 4378 περιεργίας
3117 4307 3320 4373 ἀξιοῦν,
3373 4305 3566 4376 εὔηθες
3603 4307 3696 4360 καὶ
3731 4308 3951 4377 κομιδῇ.

704 4408 929 4453 sanctus
985 4413 1147 4466 super
1201 4397 1349 4452 illum
1403 4398 1723 4453 descendit?
1774 4399 1984 4468 Accipit
2037 4416 2270 4470 namque

2378 4399 2503 4461 Πῶς
2540 4395 2632 4452 οὖν
2680 4399 2767 4451 ἐπ’
2818 4399 2976 4453 αύτὸν
3014 4399 3260 4468 κατέπτη
3308 4398 3370 4451 τὸ
3420 4400 3677 4468 Πνεῦμα;
3727 4398 3953 4467 Δέχεται

704 4488 997 4544 secundum
1038 4489 1333 4542 humanam
1383 4497 1657 4552 naturam,
1705 4489 2103 4558 dispensatione
2150 4506 2273 4544 eum

704 4596 867 4637 carne
907 4581 1190 4645 efﬁciente,
1240 4591 1298 4633 ut
1340 4581 1479 4635 citra
1531 4596 1746 4636 omnem
1801 4582 2271 4650 reprehensionem

704 4671 968 4739 Spiritum
1001 4670 1304 4740 acciperet;
1338 4671 1447 4725 imo
1477 4673 1785 4726 necessario
1813 4672 1880 4725 ad
1910 4673 2007 4725 hoc
2028 4674 2273 4725 ducente.

706 4764 945 4833 Suscipit
974 4772 1155 4818 autem
1187 4763 1341 4818 nobis
1374 4764 1556 4818 verius
1592 4778 1753 4833 quam
1799 4762 1901 4817 sibi
1935 4779 1948 4816 :
1981 4779 2086 4832 quo
2130 4763 2280 4817 nimi-

706 4870 844 4919 rum,
894 4865 1245 4924 posteaquam
1292 4854 1360 4908 ab
1407 4853 1737 4916 hominibus,
1777 4869 1840 4907 eo
1871 4854 2011 4923 quod
2058 4853 2274 4907 illorum

705 4961 856 5000 mens
880 4960 909 4999 a
943 4947 1227 5015 iuventute
1255 4947 1323 5000 ad
1351 4944 1616 4999 malitiam
1650 4959 1819 5014 prona
1850 4959 2068 5014 semper
2100 4946 2278 4999 inten-

707 5048 866 5106 taque
913 5048 1055 5091 esset
1078 5038 1148 5103 “,
1189 5037 1355 5093 semel
1401 5036 1669 5098 avolarat,
1718 5052 1860 5088 nunc
1896 5037 1949 5088 in
1994 5034 2269 5091 Christum

702 5128 864 5181 veluti
896 5129 945 5182 in
980 5131 1207 5183 alterum
1237 5129 1451 5201 generis
1493 5128 1665 5183 nostri
1694 5128 2020 5199 principium
2054 5128 2270 5181 descen-

702 5222 853 5283 dens,
887 5222 1179 5291 sedemque
1208 5224 1447 5291 capiens,
1491 5222 1689 5276 iterum
1734 5221 1787 5275 in
1831 5222 1986 5275 nobis
2018 5231 2269 5290 tanquam

703 5328 851 5368 reete
876 5314 984 5383 jam
1020 5314 1385 5383 aperantibus,
1435 5325 1490 5370 et
1536 5314 1701 5367 vitam
1747 5328 1776 5365 a
1812 5322 2055 5381 peccato,
2096 5313 2269 5366 omni-

789 5470 833 5500 “
871 5468 1058 5523 Matth.
1091 5483 1279 5532 xxvm,
1324 5468 1409 5523 19.
1489 5465 1533 5499 ⁸³
1562 5465 1693 5520 Luc.
1728 5481 1789 5530 tt,
1827 5467 1909 5520 Η.
1990 5468 2035 5499 ⁸⁵
2080 5465 2236 5520 Joan.
2270 5476 2277 5515 ι

2378 5460 2540 5518 ἱΞ-ὅί.
2613 5465 2656 5495 ⁸⁵
2697 5464 2871 5520 Galat.
2902 5479 2975 5528 IV,
3005 5462 3057 5517 6.

2380 4489 2486 4560 γὰρ
2519 4490 2892 4560 ἀνθρωπίνως,
2916 4490 3302 4543 ἀκαταιτίατον
3329 4487 3477 4558 αύτῷ
3510 4488 3571 4541 τὸ
3601 4487 3783 4541 λαϐεῖν
3814 4490 3952 4541 ἀποο

2380 4572 2676 4650 φαινούσης
2721 4576 2778 4634 εὖ
2832 4582 2977 4651 μάλα
3023 4582 3121 4652 τῆς
3172 4580 3311 4651 μετά
3366 4580 3565 4650 σαρκὸς
3614 4580 3947 4648 οἰκονομίας,

2379 4673 2577 4743 μᾶλλον
2611 4672 2665 4725 δὲ
2700 4672 2791 4725 καὶ
2817 4672 3126 4740 ἀναγκαίως
3158 4673 3237 4735 εἰς
3266 4671 3425 4724 τοῦτο
3455 4670 3749 4741 φερούσης.
3782 4668 3947 4739 Δξχε-

2376 4781 2463 4816 ται
2494 4762 2603 4833 γὰρ
2634 4762 2729 4832 οὐχ
2761 4760 2936 4831 ἑαυτῷ
2968 4761 3163 4831 μᾶλλον
3187 4801 3200 4825 ,
3232 4760 3349 4814 ἀλλ’
3385 4761 3545 4828 ἡμῖν·
3584 4760 3670 4811 ἵνα
3714 4759 3943 4829 ἐπείπερ

2375 4853 2590 4922 ἁπέπτη
2623 4853 2732 4904 τῶν
2761 4853 2851 4904 ἐπὶ
2878 4852 2977 4921 τῆς
2998 4853 3100 4921 γῆς
3120 4893 3134 4917 ,
3161 4852 3250 4904 διὰ
3275 4851 3336 4903 τὸ
3359 4844 3635 4920 ἐπιμελῶς
3666 4850 3945 4917 ἐγκεῖσθαι

2375 4945 2472 5016 τὴν
2502 4945 2740 4999 διάνοιαν
2762 4942 2855 4996 τοῦ
2888 4940 3172 5013 ἀνθρώπου
3207 4943 3299 4995 ἐπὶ
3330 4942 3397 4996 τὰ
3427 4940 3638 5011 πονηρά
3666 4942 3732 4992 ὲκ
3760 4941 3942 5009 νεότηι

2377 5054 2488 5101 τος,
2517 5038 2921 5105 καταφοιτῆσαν
2950 5034 3036 5086 ἐπ’
3068 5033 3248 5097 αὑτὸν,
3280 5034 3354 5098 ὡς
3384 5035 3443 5086 ὲν
3475 5035 3697 5102 ἀπαρχῇ
3724 5032 3819 5084 τοῦ
3855 5034 3942 5098 γὲ-

2376 5143 2499 5189 νους
2531 5126 2785 5197 δευτέρᾳ,
2829 5123 3106 5196 καταλύσῃ
3140 5126 3232 5177 καὶ
3263 5123 3643 5193 ἀναπαύσηται
3695 5122 3857 5175 πάλιν
3891 5124 3943 5173 ὲν

2376 5220 2524 5287 ἡμῖνι
2578 5217 2653 5281 ὡς
2701 5216 3122 5287 κατωρθωκόσιν
3193 5215 3291 5285 ἤδη
3344 5215 3405 5267 τὸ
3457 5215 3843 5284 ἀναμάρτητον
3891 5214 3944 5263 ἐν

2376 5310 2613 5380 Χριστῷ,
2643 5310 2734 5361 καὶ
2757 5310 2856 5380 τὴν
2875 5307 3053 5369 αἰτίας
3074 5307 3290 5377 ἀπάσης
3314 5305 3742 5377 ἀπηλλαγμένην
3765 5305 3946 5375 ἔχουσι

3140 5461 3183 5493 ⁸⁸
3214 5460 3350 5516 Gen.
3379 5476 3495 5522 wn,
3521 5458 3611 5515 21.

1776 5622 1946 5678 Varia:
1981 5622 2242 5676 lectiones
2275 5620 2477 5676 codicis
2510 5619 2868 5691 Seguic-riani.

774 5757 799 5799 »ι
827 5753 999 5821 κάγὼ.
1078 5767 1101 5793 ιι
1134 5754 1192 5806 ού
1231 5756 1578 5821 πάναισχρον,
1613 5754 1649 5821 ἢ
1683 5756 1788 5807 πᾶν
1820 5753 2057 5823 αἰσχρόν.
