4132 6468
292 389 422 447 1581

1101 385 1192 441 AD
1234 384 1534 442 REGINAS
1575 384 1661 439 DE
1702 385 1924 442 RECTA
1966 386 2123 443 FIDE
2160 385 2419 442 ORATIO
2459 386 2756 442 ALTERA.

3395 388 3537 446 1582

277 503 449 577 ζωήν.
490 505 636 576 Πλὴν
682 505 734 557 εί
771 505 865 557 καὶ
909 503 1265 574 ἀνθρωπίνως
1306 504 1518 574 δέχεται
1564 504 1630 557 δι’
1675 507 1855 575 ἡμᾶς,

1963 520 2069 575 que
2119 506 2347 561 crimine
2385 505 2679 559 immunem
2725 504 2778 557 in
2835 503 2952 575 ipso
3006 504 3354 572 ducentibus,
3403 506 3537 561 eon-

275 596 394 650 ὰλλ’
445 596 552 666 ,ὅρα
595 594 805 648 διδόντα
866 593 1082 657 ϐεῖᾶιῶς.
1140 612 1158 646 ι
1220 595 1335 663 Ἐφ’
1381 595 1440 647 ὃν
1492 594 1603 666 γὰρ
1660 596 1774 668 ἴδῃς
1801 598 1860 650 τὸ

276 684 506 756 Πνεῦμα
534 683 882 749 καταϐαῖνον,
915 682 1049 754 φησὶ
1073 723 1088 747 ,
1120 682 1214 736 καὶ
1250 683 1408 753 μένον
1441 684 1527 737 ἐπ’
1562 684 1741 751 αὐτὸν,
1768 678 1860 739 οῦ-

274 780 370 841 τός
398 780 545 831 ἐστιν
574 779 603 830 6
630 776 909 846 βαπτίζων
950 778 1008 829 ὲν
1042 775 1320 847 Πνεύματι
1342 776 1419 847 τῷ
1446 776 1608 845 ἁγίῳ.
1640 797 1659 827 ›
1694 777 1863 831 Τοῦτο

274 871 335 923 δέ
362 872 510 923 ἐστιν
538 869 819 941 ἐνέργημα
863 869 1040 923 θεῖκόν
1059 885 1072 899 -
1109 869 1289 939 ἐνίησι
1319 867 1426 939 γὰρ
1464 871 1576 932 τοῖς
1607 869 1864 939 βαπτιζο-

279 962 466 1030 μένοις
505 963 534 1014 6
584 961 787 1031 Κύριος
838 960 994 1031 ἡμῶν
1056 961 1263 1028 Ἰησοῦς
1310 961 1543 1032 Χριστὸς
1590 961 1668 1025 ὡς
1725 961 1854 1015 [διον

278 1053 504 1124 Πνεῦμα
553 1054 615 1107 τὸ
657 1053 751 1107 τοῦ
792 1052 1023 1125 Πατρός.
1069 1053 1178 1105 Καὶ
1229 1053 1365 1123 πρός
1408 1070 1472 1121 γε
1510 1053 1668 1106 τοῦτο
1709 1054 1857 1122 ἡμᾶς

276 1146 509 1218 ἑμπεδοῖ
542 1145 857 1219 γεγραφὼς
917 1147 947 1197 6
1004 1145 1291 1208 θεσπέσιος
1348 1145 1594 1209 Παῦλος·
1643 1164 1661 1197 ι
1696 1146 1758 1198 Οί
1800 1146 1857 1197 ὲν

279 1239 444 1310 σαρκὶ
490 1238 663 1301 ὄντες,
708 1237 828 1307 Θεῷ
888 1237 1083 1307 ἀρέσαι
1142 1239 1202 1289 06
1261 1234 1537 1291 δύνανται.
1579 1236 1768 1305 Ὑμεῖς
1799 1235 1857 1287 δὲ

274 1328 376 1380 οὐκ
411 1328 534 1381 ἐστὲ
559 1329 617 1380 ὲν
656 1327 855 1398 σαρκὶ,
893 1327 1006 1381 ἀλλ’
1035 1328 1091 1379 ὲν
1123 1327 1425 1398 πνεύματι,
1451 1326 1609 1398 εἴπερ
1635 1325 1858 1397 Πνεῦμα

274 1419 413 1472 Θεοῦ
443 1421 645 1472 ἐνοικεί
672 1422 729 1472 ὲν
758 1420 906 1489 ὑμῖν.
938 1419 1003 1473 Εἰ
1043 1418 1098 1473 δέ
1127 1437 1209 1484 τις
1242 1420 1466 1491 Πνεῦμα
1491 1420 1727 1492 Χριστοῦ
1756 1422 1857 1475 οὐκ

274 1509 412 1581 ἔχει,
448 1502 603 1573 οὗτος
645 1509 746 1562 οὐκ
784 1508 932 1562 ἔστιν
971 1508 1157 1564 αὑτοῦ.
1206 1528 1224 1560 ι
1270 1510 1717 1581 Μεμαρτύρηκεν
1762 1507 1855 1565 οὖν

286 1601 561 1673 Ἰωάννης,
590 1602 671 1655 ὅτι
708 1620 725 1652 ι
760 1593 931 1665 Οὗτός
957 1602 1102 1654 ἐστιν
1125 1606 1153 1654 6
1180 1601 1306 1665 Υίὸς
1340 1601 1436 1656 τοῦ
1460 1601 1619 1657 Θεοῦ.
1652 1621 1671 1653 ι

1959 600 2226 668 quiescat.
2279 597 2761 653 Verumenimvero
2789 596 2923 651 licet
2958 606 3014 651 ut
3070 598 3234 653 homo
3269 596 3533 666 Spiritum

1959 698 2206 744 sanetum
2256 698 2477 759 propter
2536 702 2633 743 nos
2691 687 2983 757 suscipiat;
3045 697 3107 743 ut
3150 687 3295 743 Deus
3352 697 3531 741 tamen

1960 782 2205 837 eumdem
2237 780 2501 850 impertiri
2529 782 2687 836 solet.
2724 799 2743 831 ι
2778 777 2952 848 Super
2984 795 3142 848 quem
3165 780 3362 850 (inquit
3390 780 3531 833 idem

1960 871 2068 945 ille)
2099 874 2297 929 videris
2331 874 2594 944 Spiritum
2627 872 3071 937 descendentem,
3112 882 3165 924 et
3200 855 3530 937 manentem,

1963 966 2052 1021 hic
2077 975 2157 1022 est
2185 968 2274 1036 qui
2301 967 2540 1036 baptizat
2570 965 2622 1019 in
2655 965 2863 1035 Spiritu
2898 974 3088 1018 sancto
3111 963 3176 1015 ⁸⁷.
3207 981 3225 1011 ι
3254 962 3535 1031 Baptizare

1964 1068 2143 1113 autem
2192 1059 2246 1112 in
2299 1058 2504 1128 Spiritu
2557 1068 2769 1122 sancto,
2819 1072 2956 1127 opus
2998 1056 3238 1109 divinum
3291 1055 3531 1109 exsistit.

1966 1149 2129 1218 Atqui
2157 1150 2419 1204 Dominus
2448 1159 2634 1204 noster
2658 1148 2815 1202 Jesus
2839 1147 3090 1203 Christus
3121 1146 3204 1200 his
3236 1145 3327 1215 qui
3360 1144 3535 1213 bapti-

1962 1249 2180 1307 zautur,
2213 1241 2473 1310 Spiritum
2500 1240 2675 1294 Patris
2713 1240 2787 1294 uti
2823 1238 3101 1309 proprium
3133 1234 3386 1291 infundit.
3426 1237 3529 1289 At-

1962 1347 2069 1402 que
2093 1333 2198 1389 huc
2234 1334 2403 1388 tendit
2430 1334 2643 1388 divinus
2666 1333 2883 1393 Paulus,
2913 1332 3040 1387 dum
3073 1330 3216 1385 inter
3241 1338 3432 1383 caetera
3461 1327 3534 1382 ita

1961 1425 2187 1479 scribit:
2220 1443 2237 1476 ι
2268 1425 2367 1491 Qui
2412 1426 2463 1478 in
2502 1440 2666 1479 carne
2696 1433 2841 1487 sunt,
2875 1424 2986 1477 Deo
3020 1421 3233 1493 placere
3264 1436 3368 1476 non
3416 1435 3536 1490 pos-

1959 1524 2103 1568 sunt.
2131 1515 2237 1570 Vos
2259 1526 2437 1569 autem
2457 1514 2511 1568 in
2534 1529 2697 1569 carne
2724 1528 2826 1574 non
2845 1512 2997 1576 estis,
3016 1513 3110 1566 sed
3144 1512 3196 1564 in
3226 1509 3418 1579 spiritu
3438 1548 3455 1573 ,
3485 1507 3531 1561 si

1963 1614 2142 1661 tamen
2174 1607 2408 1677 Spiritus
2439 1607 2533 1662 Dei
2564 1606 2768 1661 habitat
2819 1605 2869 1659 in
2900 1603 3070 1658 vobis.
3106 1602 3162 1657 Si
3196 1602 3316 1672 quis
3350 1612 3532 1656 autent

273 1693 533 1761 Spiritum
563 1693 761 1748 Christi
782 1710 886 1747 non
906 1694 1087 1758 habet,
1106 1694 1195 1775 hic
1214 1710 1319 1749 non
1341 1705 1421 1750 est
1443 1695 1561 1766 ejus
1582 1695 1648 1749 ⁸⁸.
1679 1715 1697 1747 ›
1732 1694 1884 1750 llunc
1909 1698 2091 1769 itaque
2120 1700 2212 1754 Dei
2245 1700 2438 1754 Filium
2468 1714 2610 1765 esse,
2635 1707 2824 1769 aperte
2847 1705 3097 1751 testatum
3128 1696 3254 1750 facit
3273 1693 3527 1749 Joannes.

346 1786 468 1838 AE'.
524 1784 921 1839 Ἀναπυθέσθαι
967 1785 1023 1838 δὲ
1072 1786 1234 1839 πάλιν
1279 1786 1606 1858 ἐθέλοιμ’,ἂν
1637 1789 1747 1842 τῶν
1777 1792 1857 1852 εἰς

2034 1792 2252 1849 XXXV.
2293 1795 2361 1847 At
2400 1793 2646 1848 lubenter
2678 1792 2923 1861 equidem
2966 1790 3054 1844 hic
3093 1789 3213 1844 illos
3243 1798 3530 1859 perconta-

273 1875 368 1928 δύο
396 1876 742 1947 διοριςόντων
775 1878 924 1941 υίοὺς
969 1877 1060 1931 τὸν
1107 1878 1203 1932 ἕνα
1232 1878 1439 1948 Κύριον
1469 1881 1679 1952 Ἰησοῦν
1721 1882 1854 1952 Χρι-

275 1967 401 2020 στὸν
445 1968 572 2037 (ἕνα
609 1968 846 2039 δέδειχεν
888 1970 917 2022 6
954 1969 1176 2041 Πατὴρ,
1225 1971 1319 2024 καὶ
1360 1972 1488 2042 περὶ
1537 1972 1655 2036 ἑνός
1690 1990 1854 2042 φησιν

270 2062 301 2113 6
336 2061 605 2132 μακάριος
634 2060 1026 2131 εὐαγγελιστής
1047 2077 1060 2091 ⁸
1100 2080 1118 2113 ι
1151 2056 1318 2127 Οὗτός
1353 2064 1497 2117 ἐστιν
1530 2066 1558 2118 6
1585 2064 1713 2128 Υἱὸς
1758 2065 1852 2118 τοῦ

273 2150 408 2204 Θεοῦ
436 2151 511 2222 ›)’
540 2146 667 2223 Ἀρ*
699 2147 792 2205 οὖν
823 2152 944 2205 εἰπέ
979 2170 1091 2223 μοι,
1120 2154 1250 2225 περὶ
1274 2154 1418 2218 τίνος
1442 2154 1592 2209 ἔσται
1619 2155 1680 2209 τὸ
1709 2157 1854 2227 εἰρη-

276 2245 470 2313 μένον;
507 2242 568 2295 Ei
600 2244 698 2314 μὲν
729 2240 823 2297 οὖν
852 2244 1035 2309 ίδικῶς
1064 2244 1157 2298 καὶ
1190 2247 1333 2298 κατὰ
1364 2247 1534 2315 μόνας
1561 2247 1654 2300 τοῦ
1678 2249 1852 2301 Μονο-

272 2335 486 2404 γενοῦς,
517 2336 763 2389 τουτέστι
794 2334 887 2389 τοῦ
918 2337 983 2388 ὲκ
1013 2336 1228 2406 Πατρὸς
1254 2336 1404 2401 ὄντος
1427 2338 1623 2406 Λόγου’
1657 2339 1773 2402 πῶς
1792 2339 1853 2391 τὸ

274 2429 500 2499 Πνεῦμα
543 2428 779 2498 δέχεται,
826 2428 1003 2481 καίτοι
1049 2428 1180 2491 Θεὸς
1241 2430 1315 2481 ὢν
1360 2430 1543 2498 φύσει,
1574 2433 1668 2483 καὶ
1723 2432 1851 2483 ἴδιον

269 2519 410 2588 ἔχων
443 2520 612 2584 αὑτό;
647 2520 709 2572 Εἰ
743 2519 799 2573 δὲ
824 2520 928 2573 ἀνα
957 2520 1121 2591 μέρος
1151 2522 1244 2574 καὶ
1276 2520 1479 2584 ίδικῶς,
1521 2523 1688 2592 ἤγουν
1711 2523 1851 2575 κατὰ

275 2610 465 2679 μόνας,
509 2609 601 2662 τὸν
650 2612 714 2663 ὲκ
768 2611 1025 2677 γυναικὸς
1059 2610 1346 2681 ἄνθρωπον
1394 2612 1676 2682 δεδεῆσθαι
1721 2629 1851 2681 φασι

268 2703 371 2771 τῆς
398 2702 493 2754 τοῦ
523 2702 842 2772 Πνεῦματος
879 2703 1131 2774 μετοχῆς·
1166 2703 1283 2766 πῶς
1310 2705 1471 2766 αὐτός
1497 2706 1644 2757 ἐστιν
1680 2708 1708 2758 6
1757 2705 1854 2774 βα-

271 2793 478 2857 πτίζων
508 2796 565 2846 ὲν
598 2794 766 2864 αὐτῷ,
794 2795 967 2847 καίτοι
1000 2796 1137 2868 μόνῃ
1162 2796 1464 2866 πρέποντος
1491 2799 1555 2866 τῇ
1592 2798 1852 2849 ἀνωτάτω

270 2884 433 2954 φύσει
477 2885 570 2939 τοῦ
624 2888 718 2937 καὶ
768 2886 1088 2955 ἀποφαίνειν
1139 2886 1396 2940 δύνασθαι
1447 2888 1851 2958 μετεσχηκότας

269 2976 365 3029 τοῦ
398 2976 713 3046 Πνεῦματος
742 2978 866 3040 τοὺς
897 2978 1221 3047 προσιόντας
1243 2980 1379 3049 αὐτῇ
1406 2995 1422 3046 ;
1462 2979 1523 3031 Ei
1550 2978 1608 3032 δὲ
1635 2978 1851 3047 δέχεται

271 3066 615 3141 καὶηδίδωσιν
644 3068 672 3120 6
703 3067 886 3129 αὐτὸς,
928 3068 1192 3139 πρόδηλον
1224 3070 1306 3122 ὅτι
1337 3068 1479 3121 κατά
1514 3086 1576 3136 γε
1601 3069 1726 3131 τοὺς
1752 3069 1852 3139 τῆς

276 3136 413 3230 μετα
445 3160 647 3230 σαρκὸς
679 3136 993 3232 οἰκονομίας
1035 3136 1246 3232 λόγους,
1278 3162 1370 3215 καὶ
1404 3162 1540 3216 καθὸ
1570 3162 1727 3231 φύσει
1759 3136 1853 3214 καὶ
1880 3136 1924 3195 C

271 3253 490 3323 ἀληθῶς
544 3257 660 3306 ἐστι
713 3253 866 3316 Θεός.
922 3254 1145 3324 Δέχεται
1200 3255 1298 3325 μὲν
1348 3255 1703 3326 ἀνθρωπίνως
1757 3255 1855 3324 οὐχ

272 3345 451 3415 ἑαυτῷ
505 3344 729 3415 μᾶλλον,
758 3346 893 3398 ἀλλὰ
947 3349 1014 3417 τῇ
1063 3346 1171 3399 τῶν
1222 3345 1524 3417 ἀνθρώπων
1579 3346 1736 3415 φύσει
1776 3346 1855 3398 δι’

274 3438 468 3490 ἑαυτοῦ
503 3439 597 3490 καὶ
620 3441 677 3490 ὲν
706 3439 885 3509 ἑαυτῷ
918 3438 994 3508 τῷ
1030 3438 1232 3509 πρώτῳ
1258 3437 1534 3509 προξενῶν
1562 3439 1693 3492 αὑτό
1718 3453 1731 3467 ·
1778 3438 1857 3491 δί-

272 3529 407 3581 δωσι
440 3528 497 3580 δὲ
541 3527 738 3591 θεϊκῶς
784 3527 844 3592 ἐξ
894 3528 1027 3590 ίδίας
1076 3525 1243 3579 αὑτοῦ
1287 3527 1519 3596 φύσεως,
1548 3528 1662 3589 τοῖς
1687 3526 1857 3590 ἀξίοις

272 3621 371 3676 τοῦ
413 3621 596 3675 λαϐεῖν
640 3617 939 3685 ἐνιείςίἯν
978 3621 1075 3691 μὲν
1108 3617 1201 3674 οὖν
1221 3620 1299 3691 τῷ
1332 3621 1679 3692 προκειμένῳ
1709 3620 1857 3692 ῥητῷ

274 3715 636 3787 προσεοικότα
670 3732 731 3767 τε
764 3715 858 3767 καὶ
888 3714 978 3767 τὸν
1019 3714 1133 3766 ἴσον
1163 3712 1356 3782 ἔχοντα
1384 3712 1510 3766 νοῦν
1532 3711 1857 3782 παραθεῖναι

275 3809 371 3861 καὶ
414 3808 611 3879 ἕτεραι
667 3808 728 3860 τὸ
758 3807 817 3860 δέ
856 3824 919 3876 γε
952 3808 1275 3861 ταυτοεπεῖν
1323 3804 1581 3876 φορτικὸν
1631 3805 1853 3872 εἰδότες,

276 3902 452 3954 ἐκεῖνό
487 3916 689 3971 φαμεν,
724 3900 800 3963 ὡς
837 3898 1049 3971 ἀπόχρη
1079 3902 1193 3963 τοῖς
1225 3898 1657 3969 νουνεχεστέροις
1687 3899 1858 3969 ήὲνὸς

276 3994 536 4064 ἐξήγησις
559 3994 639 4057 είς
665 3994 764 4065 τὴν
801 3993 908 4045 τῶν
939 3992 1140 4061 ὁμοίως
1166 3991 1400 4061 ἐχόντων
1436 3990 1640 4062 ἀκριϐῆ
1675 3991 1858 4044 διασά·

278 4102 461 4155 φησιν.
492 4084 701 4138 Οὐκοῦν
727 4084 918 4147 ὁσάκις
941 4083 1006 4137 ἂν
1040 4084 1249 4152 λέγοιτο
1272 4082 1507 4151 Χριστὸς
1536 4081 1859 4151 ἁγιάζεσθαι

279 4177 462 4249 τυχὸν,
501 4178 666 4248 ἤγουν
696 4176 756 4228 τὸ
783 4175 1007 4246 Πνεῦμα
1035 4176 1246 4239 λαϐεῖν,
1282 4174 1425 4228 κατὰ
1471 4173 1660 4228 τοῦτον
1696 4174 1861 4227 αὐτὸν

279 4273 373 4327 τὸν
422 4271 622 4343 τρόπον
668 4269 934 4341 προσήκει
980 4270 1138 4323 νοεῖν.
1180 4267 1437 4321 Εὑσεϐεἶν
1484 4267 1593 4339 γὰρ
1640 4268 1861 4338 ἄμεινον

282 4347 719 4433 περιτρέποντας
760 4357 998 4420 εὐσεϐῶς
1030 4359 1109 4423 είς
1139 4357 1198 4411 τὸ
1229 4358 1546 4429 ἀμωμήτως
1590 4357 1711 4429 ἔχον
1753 4358 1861 4411 τῶν

285 4456 447 4526 ἱερῶν
467 4453 810 4525 Γραμμὰτων
830 4452 919 4506 τὸν
941 4451 1086 4516 νοῦν,
1113 4451 1279 4521 ἤγουν
1301 4450 1436 4503 ἰέναι
1453 4450 1595 4504 κατὰ
1621 4450 1858 4521 πετρῶν,

285 4544 512 4607 ἀνοσίως
545 4540 971 4612 ὲπιτειχίζοντας
1014 4546 1081 4614 τῇ
1129 4540 1255 4613 δόξῃ
1290 4538 1526 4613 Χριστοῦ
1577 4539 1646 4594 τὰ
1687 4540 1864 4612 ὀρθῶς

284 4632 574 4704 εἰρημένα.

360 4910 500 4974 AG’.
549 4906 797 4978 «Ἰησοῦς
846 4906 903 4960 δὲ
955 4906 1165 4977 πλήρης
1215 4906 1529 4977 Πνεύματος
1574 4905 1729 4974 ἁγίου
1759 4905 1858 4958 ὑπ·

292 4999 552 5070 ἔστρεψεν
586 4998 693 5052 ἀπὸ
730 4997 1029 5069 Ἰορδάνου⁶
1068 4998 1164 5051 καὶ
1196 4998 1361 5068 ἤγετο
1393 4999 1453 5051 ὲν
1486 4996 1562 5069 τῷ
1588 4995 1867 5067 Πνεύματι

291 5092 374 5154 είς
400 5090 498 5161 τὴν
527 5090 732 5161 ἔρημον
765 5089 1172 5159 τεσσαράκοντα
1211 5090 1444 5161 ἡμέρας,
1475 5086 1868 5161 πειραζόμενος

293 5180 400 5234 ὑπὸ
443 5180 538 5232 τοῦ
576 5179 853 5232 διαϐόλου*
906 5178 999 5230 καὶ
1045 5178 1145 5230 οὐκ
1192 5177 1393 5247 ἔφαγεν
1444 5177 1596 5231 οὐδὲν
1647 5178 1705 5230 ὲν
1751 5178 1869 5239 ταῖς

294 5272 531 5343 ἡμέραις
563 5273 833 5335 ἐκείναις·
867 5272 960 5324 καὶ⁸
1008 5268 1462 5322 συντελεσθεισῶν
1498 5269 1697 5334 αὐτῶν,
1727 5269 1874 5321 ἐπεί-

294 5381 477 5419 νασεν.
515 5365 693 5418 ’Ἔδει
746 5364 799 5416 δὲ
849 5364 1011 5417 πάλιν
1051 5363 1190 5431 ὑπὲρ
1238 5361 1394 5431 ἡμῶν
1446 5360 1759 5431 ἁντιστῆναί
1788 5376 1868 5425 τε,

299 5458 579 5528 μονονουχὶ
598 5457 653 5509 δὲ
676 5457 768 5510 καὶ
795 5454 1265 5511 ἀνταποδύσασθαι
1293 5453 1372 5524 τῷ
1393 5454 1559 5507 πάλαι
1589 5455 1870 5523 νικήσαντι

295 5551 530 5620 Σατανᾷ,
562 5549 652 5602 τὸν
681 5549 768 5602 διὰ
801 5548 958 5602 τοῦτο
994 5546 1323 5617 καθιγμένον
1359 5548 1439 5609 εἰς
1488 5545 1734 5598 ἑκούσιον
1780 5544 1873 5598 κέ-

297 5659 480 5704 νωσιν,
523 5643 607 5695 ἵνα
657 5645 804 5712 ἡμᾶς
853 5643 1104 5712 ἀποφήνῃ
1152 5639 1553 5711 μετεσχηκότας
1594 5638 1687 5691 τοῦ
1741 5638 1870 5691 ἰδίου

1958 1899 2073 1949 rer,
2140 1886 2231 1953 qui
2298 1900 2462 1939 unum
2523 1883 2807 1937 Dominum
2857 1870 3019 1951 156
3056 1889 3296 1934 nostrum
3342 1878 3526 1933 Jesum

1953 1975 2229 2031 Christum
2262 1978 2312 2030 in
2340 1980 2476 2031 duos
2508 1975 2649 2031 ﬁlios
2671 1974 2933 2030 divellunt
2963 1979 3107 2043 (nam
3133 1988 3291 2026 unum
3320 1981 3526 2025 tantum

1956 2067 2117 2125 Pater
2159 2068 2582 2133 demonstravit;
2636 2075 2691 2121 et
2723 2067 2789 2119 de
2846 2080 2954 2119 uno
3010 2064 3181 2118 solum
3213 2081 3225 2116 :
3257 2081 3274 2114 ‹
3306 2061 3405 2116 llic
3445 2072 3531 2115 est

1954 2160 2122 2214 Filius
2151 2161 2241 2214 Dei
2266 2160 2335 2223 '9,
2368 2179 2385 2211 ι
2420 2160 2611 2214 beatus
2643 2159 2975 2228 evangelista
3014 2157 3248 2227 retulit),
3281 2157 3345 2209 de
3380 2165 3531 2209 utro-

1956 2268 2077 2306 nam
2131 2253 2367 2317 illorum,
2412 2253 2555 2322 quod
2603 2252 2895 2321 allegatum
2945 2260 3051 2316 est,
3084 2249 3255 2317 accipi
3293 2248 3529 2303 debeat?

1953 2339 2087 2394 Nam
2133 2340 2179 2396 si
2220 2356 2399 2396 sermo
2443 2352 2526 2396 est
2563 2342 2627 2396 de
2670 2338 2963 2410 Unigeuito
3001 2340 3089 2394 Dei
3142 2339 3317 2393 Patris
3348 2336 3529 2391 Verbo

1953 2448 2199 2487 seorsum
2249 2449 2344 2504 per
2373 2449 2432 2489 se
2466 2444 2704 2501 sumpto,
2746 2432 3017 2503 quomodo
3046 2431 3307 2500 Spiritum
3343 2444 3527 2484 susce-

1954 2524 2054 2591 pit,
2085 2539 2206 2578 cutn
2255 2525 2326 2579 sit
2364 2535 2558 2578 natura
2605 2523 2765 2589 Deus,
2798 2532 2852 2577 et
2886 2523 3057 2592 ipsum
3094 2520 3359 2589 Spiritum
3404 2533 3528 2588 pro-

1956 2616 2131 2683 prium
2162 2616 2394 2670 haheat?
2418 2616 2569 2683 Quod
2594 2616 2637 2669 si
2674 2614 2947 2668 hominem
2989 2628 3055 2665 ex
3085 2612 3314 2665 muliere
3349 2621 3527 2664 ortum

1955 2722 2197 2761 seorsum
2241 2722 2305 2761 ac
2334 2724 2431 2776 per
2460 2723 2517 2761 se
2551 2707 2786 2775 positum
2837 2704 3043 2772 Spiritu
3088 2713 3277 2757 sancto
3316 2694 3530 2772 eguisse

1956 2800 2212 2863 dixerint,
2247 2802 2516 2868 quomodo
2570 2799 2658 2852 hic
2715 2812 2928 2850 rursum
2982 2797 3034 2848 in
3082 2795 3285 2865 Spiritu
3341 2803 3531 2847 sancto

1954 2889 2230 2959 haptizat?
2277 2890 2716 2959 quandoquidem
2780 2887 3016 2955 Spiritus
3073 2888 3247 2940 sancti
3300 2886 3525 2956 gratiam

1954 2982 2340 3036 accedentibus
2393 2995 2552 3048 posse
2602 2978 2866 3047 dilargiri,
2914 2979 2964 3031 id
3012 2993 3138 3032 vere
3189 2988 3396 3031 naturae
3448 2988 3533 3030 est

1956 3074 2195 3127 ninnium
2234 3087 2501 3140 suprema:
2529 3086 2591 3124 ac
2615 3072 3098 3139 prmstautissimm.
3130 3070 3282 3135 Quod
3321 3070 3362 3123 si
3394 3084 3532 3123 unus

1958 3164 2207 3231 idemque
2245 3160 2406 3215 simul
2441 3162 2533 3215 dat
2571 3169 2623 3214 et
2675 3162 2891 3230 recipit,
2946 3159 3293 3213 manifestum
3349 3168 3432 3212 est
3480 3159 3532 3212 id

1959 3256 2245 3323 provenire
2302 3253 2513 3307 ratione
2573 3252 3000 3321 dispensationis
3057 3252 3355 3305 secundmu
3411 3265 3534 3305 ear-

1957 3362 2104 3413 nem,
2136 3355 2190 3401 et
2225 3358 2494 3415 quatenus
2527 3354 2717 3398 natura
2760 3352 2814 3397 et
2849 3358 2973 3397 vere
3002 3342 3143 3397 Deus
3165 3343 3401 3397 exsistit.
3432 3344 3537 3398 Ac-

1960 3439 2088 3506 cipit
2115 3438 2277 3507 igitur
2305 3447 2361 3491 ut
2397 3439 2577 3501 homo,
2610 3452 2715 3489 non
2752 3447 2859 3490 tam
2889 3437 2989 3489 sibi
3025 3450 3187 3505 quam
3222 3435 3315 3489 toti
3348 3436 3534 3504 generi

1959 3531 2196 3585 humano
2226 3544 2319 3598 per
2350 3531 2607 3598 seipsum,
2655 3538 2710 3581 et
2748 3529 2798 3581 in
2838 3528 3015 3595 seipso
3051 3528 3228 3595 primo
3258 3545 3271 3580 :
3301 3542 3365 3581 ex
3406 3542 3534 3594 pro-

1958 3621 2073 3689 pria
2108 3634 2236 3673 vero
2281 3619 2332 3672 vi
2381 3626 2437 3672 et
2480 3628 2671 3672 natura
2711 3627 2767 3670 ut
2816 3618 2957 3671 Deus
3005 3632 3109 3683 εει,
3158 3616 3262 3672 illis
3295 3619 3404 3680 dat.
3442 3618 3533 3687 qui

1960 3712 2131 3779 ipsum
2166 3710 2413 3780 accipere
2444 3710 2589 3780 digni
2623 3719 2770 3764 sunt.
2799 3708 3057 3763 Peterant
3099 3709 3202 3762 alia
3234 3724 3449 3778 quoque
3480 3711 3533 3763 in

1959 3805 2205 3857 eamdem
2246 3803 2576 3857 sententiam
2615 3816 2720 3855 non
2752 3815 2921 3869 pauca
2960 3799 3141 3854 afferri
3178 3801 3310 3854 :sed
3342 3815 3535 3870 super-

1962 3909 2260 3948 vacaneurn
2334 3892 2701 3962 judicavimus
2779 3890 2918 3944 idem
2974 3890 3171 3959 saepius
3222 3890 3532 3954 inculcare,

1962 3986 2200 4040 maxime
2225 3998 2352 4039 vero
2392 3999 2513 4037 cum
2561 3981 3015 4051 ingeniosioribus
3051 3982 3116 4033 ad
3150 3980 3405 4035 similium
3459 3982 3537 4036 lo-

1962 4092 2147 4131 eorum
2200 4077 2563 4146 cognitionem
2614 4076 2697 4129 vel
2742 4073 2903 4128 unius
2938 4074 3247 4143 explanatio
3290 4083 3377 4129 sat
3416 4090 3539 4130 esse

1963 4169 2154 4238 possit.
2189 4167 2551 4234 Quamobrem
2585 4165 3016 4235 quotiescunque
3050 4164 3301 4219 Christus
3338 4165 3537 4220 sancti-

1964 4258 2137 4322 ticari,
2186 4256 2291 4312 hoc
2326 4265 2408 4311 est
2442 4255 2702 4323 Spiritum
2741 4263 2991 4310 sanctum
3034 4255 3277 4323 accipere
3313 4254 3536 4319 dicitur,

1964 4363 2182 4419 semper
2227 4349 2372 4402 istud
2422 4349 2488 4401 ad
2535 4348 2677 4401 hunc
2720 4347 2940 4400 modum
2992 4346 3391 4414 intelligendum
3431 4358 3538 4402 est.

1970 4440 2155 4495 Satius
2183 4440 2328 4494 enim
2362 4447 2445 4494 est
2477 4438 2733 4508 pietatem
2772 4436 3046 4507 amplecti,
3078 4438 3203 4491 dum
3237 4439 3323 4507 pie
3359 4452 3540 4492 sacra-

1966 4546 2086 4586 rum
2136 4528 2465 4583 Litterarum
2511 4540 2732 4581 sensum
2789 4526 2853 4580 ad
2909 4537 3112 4580 rectam
3178 4528 3541 4595 pertrabimus

1966 4620 2485 4690 interpretationem,
2522 4633 2685 4688 quam
2728 4618 2893 4687 impie
2944 4617 3270 4687 deuegantes
3298 4634 3415 4686 qua:
3451 4634 3540 4671 re-

1964 4724 2052 4769 cte
2080 4713 2146 4767 de
2170 4710 2369 4765 Christi
2402 4710 2573 4780 gloria
2610 4709 2961 4780 prenuntiata
2996 4718 3147 4774 sunt,
3179 4709 3332 4762 abire
3357 4709 3545 4776 praeci-

1966 4806 2122 4874 pites.

2045 4894 2285 4950 XXXVI.
2335 4914 2352 4948 ι
2382 4894 2538 4951 Jesus
2573 4906 2751 4951 autem
2781 4898 2972 4964 plenus
2998 4892 3202 4961 Spiritu
3241 4903 3429 4948 sancto
3463 4910 3547 4948 rc-

1974 5003 2193 5060 gressus
2206 4998 2330 5043 esta
2349 4987 2616 5043 Jordaue:
2637 4997 2691 5041 et
2712 4987 2970 5058 agebatur
2988 4986 3039 5038 in
3062 4983 3263 5054 Spiritu
3288 4985 3339 5039 in
3362 4988 3546 5041 deser-

1976 5094 2088 5136 tum
2121 5081 2313 5136 diebus
2341 5079 2717 5150 quadraginta,
2750 5087 2804 5130 et
2834 5077 3145 5131 tentabatur
3170 5092 3198 5130 a
3231 5079 3464 5144 diabolo,
3495 5090 3549 5133 et

1981 5174 2114 5228 nihil
2159 5173 2500 5227 manducavit
2546 5171 2597 5225 iu
2649 5171 2837 5225 diebus
2877 5168 2984 5223 illis
3018 5187 3033 5224 :
3064 5179 3115 5223 et
3160 5173 3552 5226 censummatis

1981 5266 2111 5331 illis,
2156 5274 2340 5335 postea
2373 5264 2563 5318 esuriit
2584 5264 2651 5316 7°.
2682 5281 2700 5312 υ
2741 5261 2973 5316 Decebat
3001 5275 3155 5324 sane,
3182 5269 3239 5314 ut
3268 5262 3357 5315 ille
3381 5265 3551 5317 nostri

1982 5374 2145 5413 causa
2190 5358 2404 5412 Satanae
2438 5370 2496 5411 se
2545 5355 2865 5421 objectaret,
2914 5363 3238 5424 partamque
3274 5355 3384 5423 jam
3423 5356 3551 5409 olim

1981 5450 2214 5520 palmam
2248 5449 2349 5518 ipsi
2394 5449 2651 5517 eriperet,
2678 5446 2769 5516 qui
2805 5460 2867 5501 ea
2903 5447 2968 5499 de
3004 5460 3169 5499 causa
3204 5447 3255 5498 in
3301 5446 3552 5499 volunta-

1983 5546 2119 5598 riam
2163 5543 2593 5598 exiuanitionem
2640 5556 2762 5596 sese
2802 5538 3135 5604 demiserat,
3191 5546 3249 5591 ut
3298 5554 3409 5593 suae
3457 5554 3555 5593 nos

1983 5635 2336 5706 plenitudinis
2362 5635 2653 5705 participes
2680 5632 2949 5699 ediceret;
2985 5631 3299 5701 fractosque
3328 5644 3378 5690 et
3406 5633 3555 5689 debi-

368 5801 412 5832 ⁶⁷
446 5799 605 5855 Joan.
642 5816 678 5865 ι,
711 5800 796 5853 '53.
877 5800 921 5830 ⁸⁸
964 5798 1119 5853 Rum.
1158 5812 1273 5861 vni,
1316 5794 1369 5861 8,
1394 5798 1445 5852 9.
1521 5799 1565 5830 ⁵³
1602 5795 1754 5852 Juau.
1787 5813 1825 5862 t,
1857 5797 1877 5851 Ξ

2018 5796 2063 5825 ⁷⁰
2095 5794 2225 5849 Luc.
2262 5811 2334 5859 tv,
2368 5796 2419 5859 l,
2447 5795 2499 5851 2.
