4132 6450
593 367 730 429 I385

1584 361 1642 416 S.
1676 358 1959 415 CYRILLI
1998 356 2469 415 ALEXANDRlNl
2512 354 2838 410 ARClllEP.

3723 358 3855 415 1584

591 488 773 540 litatos
795 482 1067 553 quondam
1101 480 1154 534 in
1179 478 1408 541 Adamo,
1433 478 1679 548 spiritale
1702 478 1973 547 quoddam
2001 477 2169 532 robur

2277 472 2640 545 πληρώματος
2660 488 2673 502 ·
2706 473 2800 525 καὶ
2824 471 3231 543 ἁσθενήσαντας
3257 476 3315 527 ὲν
3345 472 3856 544 Ἀδάμάεὐρωστίαν

590 579 814 645 adeptos
840 572 1192 628 ostenderet:
1227 570 1666 639 quandoquidem
1710 580 1818 623 tam
1852 584 2167 639 corporum,

590 681 751 736 quam
770 666 1073 719 animorum
1086 663 1459 733 a'gritudines,
1483 662 1640 731 157
1667 661 1986 729 protoplasti
2012 662 2166 728 culpa

590 757 643 809 in
679 755 954 809 hominum
994 763 1244 807 naturam
1278 753 1527 817 invectae,
1572 767 1667 820 per
1691 750 1972 807 Christum
1997 766 2028 805 e
2059 767 2167 804 me-

589 847 679 899 dio
708 856 834 899 sunt
861 845 1105 900 sublatze.
1143 845 1299 899 Sicut
1330 844 1475 898 enim
1510 842 1670 910 hujus
1696 844 2004 898 obeditione
2027 841 2164 911 justi

590 939 973 994 constituimur
1020 937 1197 998 multi,
1242 936 1456 990 etiamsi
1519 943 1740 1003 propter
1802 934 1944 989 illius
1988 933 2174 988 inobe-

591 1030 847 1084 dientiam
875 1029 946 1090 7‘,
980 1029 1032 1081 in
1079 1027 1551 1082 condemuationis
1597 1027 1924 1080 sententiam
1965 1026 2172 1081 incide-

591 1125 799 1191 rimus;
843 1121 915 1175 ita
966 1136 1179 1174 rursum
1224 1118 1455 1187 spiritali
1511 1118 1707 1172 robore
1756 1132 1854 1186 per
1896 1119 2170 1172 Christum

593 1214 749 1268 nobis
790 1213 974 1275 allato,
1022 1226 1049 1264 a
1086 1222 1324 1264 veterum
1375 1209 1689 1263 morborum
1724 1210 2068 1264 detrimentis
2103 1210 2171 1263 li—

591 1305 846 1360 beramur
875 1322 889 1357 :
923 1313 976 1357 et
1024 1303 1111 1370 qui
1160 1303 1211 1355 iu
1253 1302 1422 1353 Adam
1462 1302 1589 1354 victi
1637 1303 2076 1366 concideramus,
2118 1304 2170 1354 in

593 1396 812 1451 Christo
834 1394 1115 1448 victoriam
1140 1392 1501 1445 obtinuimus.
1528 1390 1797 1460 Ohjieitur
1822 1392 2004 1459 itaque
2031 1391 2169 1444 hosti

594 1501 692 1554 pro
724 1484 877 1538 nobis
908 1492 965 1534 ut
1002 1482 1186 1543 homo,
1219 1480 1388 1534 vincit
1416 1489 1595 1532 autem
1626 1490 1683 1533 ut
1713 1481 1877 1535 Deus.
1908 1482 2175 1535 Tentatur

594 1590 834 1638 rursum,
891 1573 1091 1627 Satana
1142 1572 1368 1641 perinde
1421 1572 1494 1626 illi
1545 1573 1836 1627 insultante
1871 1589 1935 1625 ac
1980 1573 2071 1626 uni
2106 1589 2173 1627 ex

596 1666 775 1728 nobis,
806 1674 1065 1731 certoque
1094 1665 1196 1717 sibi
1237 1664 1526 1732 pollicente
1562 1663 1675 1718 fore
1717 1674 1773 1717 ut
1801 1666 1982 1719 carnis
2016 1675 2173 1734 petu-

595 1755 759 1808 lantia
805 1755 872 1807 ad
910 1754 1057 1806 illum
1088 1754 1536 1823 prosterneudum
1568 1755 1769 1808 sociam
1810 1769 1929 1809 sese
1974 1755 2170 1822 adjun-

2274 567 2497 637 ἔχοντας
2547 564 2802 637 ἀποδείξῃ
2852 568 3263 638 πνευματικήν·
3321 566 3597 619 πέπαυται
3648 564 3759 634 γὰρ
3802 566 3856 617 ὲν

2273 656 2495 729 Χριστῷ
2523 657 2590 709 τὰ
2624 659 2682 710 ὲν
2706 659 2785 728 τῷ
2815 658 3228 729 πρωτοπλάστῳ
3268 662 3333 730 τῇ
3367 657 3663 729 ἀνθρώπου
3705 657 3857 725 φύσει

2275 750 2659 819 συμϐεϐηκότα
2709 750 3002 821 σωματικά
3046 770 3107 805 τε
3143 752 3238 805 καὶ
3271 751 3481 822 ψυχικὰ
3524 749 3639 803 τῶν
3681 751 3859 821 ἀρρω-

2276 846 2570 915 στημάτων
2605 845 2801 915 ἐνεργή
2813 846 3202 915 ματα.“Ωσπερ
3230 846 3338 915 γὰρ
3365 845 3452 898 διὰ
3482 845 3585 913 τῆς
3614 844 3857 911 ὑπακοῆς

2274 935 2439 989 αὐτοῦ
2472 936 2671 989 δίκαιοι
2700 938 3043 1007 κατέστημεν
3075 940 3125 990 οἱ
3151 937 3356 1003 πολλοὶ,
3387 936 3566 989 καίτοι
3592 934 3855 987 πεπονθό-

2273 1044 2363 1091 τες
2398 1026 2486 1078 διὰ
2511 1027 2610 1096 τῆς
2642 1028 2852 1082 ἐκείνου
2882 1030 3172 1099 παρακοῆς
3197 1030 3295 1099 τὴν
3328 1029 3656 1099 κατάκρισιν
3676 1040 3691 1055 ·
3725 1027 3859 1080 οὕτω

2274 1117 2338 1187 δὴ
2379 1116 2542 1170 πάλιν
2574 1116 2662 1169 διὰ
2690 1119 2788 1189 τῆς
2833 1120 2890 1172 ἐν
2924 1120 3147 1191 Χριστῷ
3180 1120 3481 1189 νοουμένης
3528 1118 3855 1181 εὐσθενείας,

2274 1208 2431 1279 δῆλον
2452 1209 2509 1263 δὲ
2539 1210 2621 1262 ὅτι
2648 1210 3043 1279 πνευματικῆς,
3073 1208 3143 1261 τὰ
3165 1210 3261 1261 ἐπὶ
3280 1211 3402 1271 ταῖς
3429 1208 3675 1280 πρώταις
3708 1208 3861 1260 ἀσθεο

2274 1301 2446 1363 νείαις
2478 1300 2916 1371 διεκρουσάμεθα
2946 1300 3148 1370 βλάϐη·
3202 1302 3296 1353 καὶ
3341 1302 3391 1353 οί
3427 1300 3779 1363 πεπτωκότες
3804 1301 3859 1353 ὲν

2288 1392 2479 1463 ’Λδὰμ,
2510 1394 2875 1464 νενικήκαμεν
2904 1394 2963 1444 ὲν
2995 1392 3238 1464 Χριστῷ.
3256 1392 3657 1445 Ἀντιτάττεται
3687 1393 3859 1444 τοίνυν

2276 1483 2415 1553 ὑπὲρ
2454 1483 2611 1554 ἡμῶν
2650 1483 2725 1546 ὡς
2758 1483 3067 1553 ἄνθρωπος,
3099 1483 3194 1536 καὶ
3231 1486 3357 1555 νικᾷ
3384 1483 3580 1547 θεῖκῶς
3614 1486 3710 1537 καὶ
3742 1500 3857 1536 πει-

2279 1573 2503 1645 ράζεται
2533 1574 2651 1644 μὲν,
2684 1574 2760 1637 ὡς
2793 1576 2874 1629 ἐνὶ
2907 1575 3016 1627 τῶν
3045 1574 3169 1628 καθ’
3201 1575 3348 1645 ἡμᾶς
3375 1574 3749 1643 ὲπιπηδῶντος
3768 1573 3857 1627 τοῦ

2276 1667 2510 1730 Σατανᾶ,
2543 1666 2638 1718 καὶ
2689 1665 2983 1734 οἰηθέντος,
3017 1667 3099 1719 ὅτι
3141 1667 3208 1720 τὸ
3253 1665 3490 1736 ἀκρατὲς
3521 1665 3623 1735 τῆς
3665 1665 3862 1735 σαρκὸς

2279 1754 2806 1824 συνεκπολεμήσειεν
2868 1755 2935 1809 ἂν
2998 1754 3149 1826 αὐτῷ
3209 1755 3300 1808 τὸν
3366 1754 3859 1826 ὲκπειραζόμενον·

595 1856 745 1916 geret
775 1864 789 1900 :
821 1861 1008 1901 verum
1046 1845 1093 1899 is
1129 1845 1449 1912 pudefactus
1483 1847 1774 1911 abscessit,
1813 1862 1934 1901 cum
1972 1858 2166 1902 natura

2277 1849 2550 1917 ἀναχωρεῖ
2592 1848 2647 1900 δὲ
2695 1848 3189 1918 κατῃσχυμμένοςν
3224 1847 3656 1918 καινοτομούσης
3703 1846 3863 1900 αὑτὸν

596 1940 829 1991 humana
895 1952 1035 1990 novo
1088 1938 1321 2005 quodam
1393 1938 1555 1991 modo
1614 1937 1665 1991 in
1730 1937 1952 1991 Christo
2000 1938 2170 2008 legem

595 2029 834 2099 peccati,
885 2044 1003 2097 quae.
1051 2029 1258 2093 pridem
1314 2028 1366 2081 iu
1419 2030 1679 2084 membris
1723 2030 1907 2084 carnis
1940 2029 2171 2084 ferocie-

596 2121 800 2182 hat",
861 2120 1187 2174 exstinctam
1247 2118 1737 2187 tuortiticatamque
1801 2135 1920 2173 sese
1974 2121 2173 2175 habere

595 2215 909 2268 ostenderet
939 2230 955 2267 :
984 2212 1185 2267 abolita
1229 2221 1313 2266 est
1345 2213 1488 2266 enim
1545 2213 1625 2266 lex
1680 2213 1795 2268 lucc
1838 2214 1890 2266 in
1934 2214 2171 2268 Christo.

594 2302 766 2357 Porro
802 2314 981 2358 autem
1031 2319 1152 2357 cum
1214 2313 1476 2371 quantum
1511 2313 1598 2357 sat
1640 2313 1758 2357 erat
1790 2304 1901 2372 jam
1935 2303 2172 2373 ieiunas-

596 2407 700 2459 set,
736 2398 1027 2465 divinaque
1057 2397 1260 2451 virtute
1287 2396 1492 2465 absque
1528 2396 1652 2450 cibo
1681 2404 1736 2451 et
1768 2405 1894 2466 potu
1928 2396 2175 2450 incorruo

596 2498 741 2555 ptam
785 2502 1006 2541 carnem
1052 2498 1455 2551 conservasset,
1492 2490 1587 2540 vix
1622 2490 1862 2552 tandem,
1895 2502 2015 2556 qua:
2049 2503 2176 2555 pro-

596 2579 712 2647 pria
760 2578 906 2631 illius
956 2587 1121 2641 sunt,
1166 2579 1274 2647 pati
1320 2592 1439 2632 eam
1492 2579 1639 2632 sivit.
1703 2578 1973 2633 Esuriisse
2027 2580 2171 2633 enim

597 2670 800 2724 dicitur
827 2687 841 2723 :
869 2670 964 2724 sed
1000 2685 1160 2738 quam
1213 2670 1281 2723 ob
1323 2685 1572 2733 causam,
1621 2686 1824 2740 quaeso,
1865 2671 2070 2726 esurit?
2093 2670 2175 2726 Ob

596 2776 716 2816 eam
750 2762 1029 2827 nimirum,
1064 2776 1166 2829 qua
1203 2772 1325 2829 apte
1364 2778 1460 2829 per
1492 2773 1780 2831 utrumque
1812 2761 1980 2816 Deum
2010 2765 2173 2818 simul

596 2864 651 2907 et
687 2855 957 2907 hominem
1014 2867 1073 2907 se
1117 2868 1238 2908 esse
1267 2853 1596 2919 declararet,
1630 2871 1878 2924 unusque
1920 2865 1975 2911 et
2006 2856 2171 2917 idem,

596 2955 863 3013 quatenus
894 2941 1060 3003 Deus,
1097 2958 1257 3012 supra
1293 2960 1392 2997 nos
1424 2959 1581 3010 esse;
1611 2953 1665 2998 et
1694 2956 1959 3013 quatenus
1988 2947 2171 3010 homo,

596 3037 757 3089 nobis
801 3034 994 3089 similis
1031 3046 1444 3102 agnosceretur.
1492 3036 1701 3089 Virtute
1739 3053 1903 3105 porro
1935 3036 2173 3105 Spiritus

597 3132 651 3185 iu
676 3131 945 3184 desertum
976 3131 1058 3198 agi
1095 3130 1311 3192 dicitttr,
1344 3145 1447 3182 non
1474 3132 1614 3197 quod
1648 3131 1728 3199 agi
1761 3132 1901 3184 idem
1933 3132 2003 3183 sit
2030 3131 2169 3197 quod

598 3222 822 3281 deferri.
867 3222 959 3275 sed
997 3222 1162 3273 vitam
1215 3221 1518 3283 traducere,
1571 3235 1667 3273 svu
1708 3222 1905 3273 morari
1936 3238 1949 3273 :
1985 3237 2173 3289 quem-

599 3313 889 3367 admodum
947 3327 1046 3365 nos
1087 3326 1301 3380 quoque
1352 3312 1535 3364 dicere
1579 3311 1853 3364 interdum
1895 3311 2176 3365 consuevi-

601 3419 742 3467 mus,
767 3403 909 3456 hunc
941 3402 1018 3455 vel
1056 3402 1199 3454 illum
1233 3401 1398 3470 probe
1438 3401 1674 3467 seipsum
1708 3415 1891 3467 agerc,
1930 3400 2032 3454 hoc
2066 3410 2172 3462 est,

600 3494 928 3561 iuculpatam
988 3492 1151 3545 vitam
1221 3491 1458 3560 exigere.
1508 3490 1840 3544 Versabatur
1893 3491 2059 3559 igitur
2121 3492 2173 3544 iu

599 3582 836 3642 deserto,
881 3580 981 3632 hoc
1018 3587 1123 3641 est,
1159 3579 1323 3631 vitam
1362 3578 1472 3631 illic
1511 3579 1777 3647 agitabat,
1814 3595 1919 3633 non
1957 3581 2173 3649 quidem

602 3686 751 3723 more
802 3684 1064 3737 corporeo
1100 3687 1113 3722 :
1147 3684 1268 3722 nam
1322 3668 1529 3735 absque
1572 3670 1696 3723 cibo
1742 3678 1797 3723 et
1833 3682 1985 3737 potu,
2018 3671 2176 3723 rebus

600 3764 787 3831 utique
838 3764 1079 3817 lmmano
1129 3761 1344 3829 corpori
1410 3761 1774 3829 necessariis,
1821 3761 1893 3815 ibi
1947 3762 2177 3830 degebat

600 3854 839 3923 Spiritus
878 3852 1077 3906 virtute
1101 3860 1366 3916 armatus,
1409 3860 1465 3905 et
1494 3867 1661 3920 supra
1698 3853 1942 3906 humanae
1970 3863 2177 3908 natura:

599 3946 964 3999 comlitionem
994 3944 1047 3998 in
1080 3943 1337 3996 continuo
1362 3942 1569 4010 jejunio
1598 3944 1792 3997 ibidem
1826 3945 2174 4012 persistcbat.

597 4036 866 4090 Czeternm
898 4042 1157 4089 accurate
1193 4035 1591 4089 observandum
1617 4045 1699 4088 est
1719 4037 1862 4104 quod
1896 4038 1982 4090 hic
2010 4038 2178 4091 tradi-

600 4138 728 4180 tur:
760 4136 844 4179 est
892 4126 1037 4178 enim
1085 4123 1374 4193 ejusmodi,
1423 4126 1476 4178 in
1527 4140 1633 4193 quo
1663 4126 1895 4180 salubris
1930 4128 2174 4196 quwdam

598 4218 858 4273 doctrina:
891 4219 970 4270 vis
1006 4216 1191 4270 lateat.
1242 4214 1357 4270 Non
1388 4216 1532 4271 enim
1570 4227 1698 4272 ante
1724 4227 1969 4271 sanetum
2003 4219 2179 4288 bapti-

599 4326 715 4364 sma
780 4320 1090 4377 susceptum
1150 4308 1499 4375 tentabatur;
1572 4309 1666 4362 sed
1740 4323 1913 4375 neque
1970 4309 2175 4378 Spiritu

599 4414 816 4470 quoque
862 4400 913 4453 in
947 4400 1225 4453 desertum
1259 4398 1541 4468 agebatur.
1573 4400 1800 4470 Ecquid,
1844 4416 2051 4471 quaeso,
2090 4418 2176 4458 res

2273 1942 2372 2008 τῆς
2400 1937 2685 2008 ἀνθρώπου
2720 1939 2934 2008 φύσεως
2959 1941 3017 1993 ὲν
3045 1939 3288 2010 Χριστῷ,
3318 1940 3414 1993 καὶ
3459 1939 3863 2010 νενεκρωμένον

2273 2031 2503 2101 ἐχούσης
2540 2031 2641 2099 τῆς
2673 2031 2952 2102 ἁμαρτίας
2978 2031 3072 2084 τὸν
3102 2032 3288 2101 νόμον,
3318 2031 3410 2085 τὸν
3439 2032 3498 2084 ὲν
3527 2033 3642 2094 τοῖς
3677 2030 3863 2100 μέλεσι

2272 2124 2369 2194 τῆς
2401 2123 2602 2193 σαρκὸς
2623 2124 2974 2193 ἀγριαίνοντα
2992 2141 3005 2154 ·
3032 2124 3381 2194 κατήργηται
3402 2123 3509 2195 γὰρ
3540 2125 3597 2177 ἐν
3617 2123 3862 2194 Χριστῷ.

2273 2215 2676 2284 Νηστεύσας’γε
2711 2218 2818 2286 μὴν
2843 2214 3231 2285 ἀποχρώντως.
3257 2216 3353 2268 καὶ
3382 2216 3609 2286 δυνάμει
3636 2216 3863 2286 θεοπρε-

2274 2308 2366 2359 πεῖ
2393 2302 2555 2359 ποτοῦ
2591 2304 2685 2358 καὶ
2720 2305 2905 2357 σιτίων
2937 2304 3060 2375 δίχα
3087 2304 3185 2375 τὴν
3221 2305 3403 2375 σάρκα
3429 2307 3679 2376 τηρήσας
3708 2306 3864 2359 ἀδιά-

2274 2397 2493 2468 φθορον,
2528 2398 2714 2468 ἐφίησι
2751 2397 2903 2467 μόλις
2943 2397 3011 2450 τὰ
3056 2399 3232 2450 οἰκεῖα
3268 2397 3461 2451 παθεῖν
3518 2399 3681 2469 αὐτῇ.
3734 2399 3863 2452 Πει-

2274 2488 2434 2556 νῆσαι
2480 2486 2589 2557 γὰρ
2630 2486 2879 2554 λέγεται·
2922 2487 3019 2540 καὶ
3061 2487 3150 2541 διὰ
3188 2488 3348 2541 ποίαν
3388 2489 3604 2553 αίτίαν;
3641 2491 3760 2542 Ἵνα
3788 2490 3866 2543 δι’

2275 2577 2477 2646 ἀμφοῖν
2509 2577 2777 2647 εὐτέχνως
2803 2578 2936 2642 Θεὸς
2970 2596 3030 2632 τε
3060 2579 3197 2649 ὁμοῦ
3232 2580 3328 2633 καὶ
3373 2580 3659 2650 ἄνθρωπος
3690 2582 3866 2653 ὑπάρ-

2274 2685 2385 2738 χων
2435 2668 2862 2739 ὲπιγινώσκηται
2909 2666 2991 2732 εἷς
3039 2671 3133 2724 καὶ
3179 2671 3207 2722 6
3257 2672 3419 2735 αὐτὸς
3462 2672 3729 2741 δηλονότι,
3773 2673 3867 2728 καὶ

2276 2760 2472 2823 θεῖκῶς
2506 2760 2645 2832 ὑπὲρ
2669 2762 2838 2830 ἡμᾶς.
2868 2762 2961 2814 καὶ
2990 2761 3113 2814 καθ’
3142 2765 3174 2833 ἡ
3185 2764 3290 2833 μᾶς
3317 2763 3867 2833 ἁνθρωπίνως.Ἀγε-

2278 2853 2401 2907 σθαι
2432 2852 2488 2905 δὲ
2516 2852 2731 2917 λέγεται
2768 2856 2834 2923 τῇ
2871 2853 3102 2924 δυνάμει
3153 2854 3247 2907 τοῦ
3297 2854 3615 2924 Πνεύματος
3649 2858 3730 2919 είς
3769 2856 3865 2927 τὴν

2276 2942 2500 3013 ἔρημον,
2545 2943 2640 2996 τοῦ
2688 2942 2918 3012 ἄγεσθαι
2954 2942 3243 3013 δηλοῦντος
3275 2945 3335 2996 οὐ
3383 2944 3444 2995 τὸ
3487 2944 3865 3015 ἀποφέρεσθαι

2281 3035 2502 3104 μᾶλλον,
2535 3034 2671 3087 ἀλλά
2721 3034 2782 3088 τὸ
2829 3035 3055 3103 διάγειν,
3094 3035 3213 3105 ἦτοι
3268 3035 3561 3088 διατελεῖν·
3614 3035 3867 3104 καθάπερ

2281 3124 2470 3193 ἀμέλει
2520 3126 2613 3178 καὶ
2660 3126 2744 3193 ἐφ’
2777 3126 2934 3195 ἡμῶν
2977 3125 3194 3193 λέγεται
3242 3125 3592 3189 πλειστάκις·
3634 3128 3694 3180 '0
3720 3127 3866 3180 δεῖνα

2280 3214 2438 3283 τυχὸν
2491 3216 2681 3269 ἑαυτὸν
2728 3216 2904 3287 ὀρθῶς
2952 3217 3095 3285 ἄγει,
3131 3218 3410 3271 τουτέστιν
3463 3219 3772 3289 ἀμέμπτως
3797 3217 3864 3288 ζῇ

2279 3309 2373 3360 καὶ
2404 3306 2763 3363 πολιτεύεται.
2785 3309 3172 3380 Ἀνεστρέφετο
3197 3310 3378 3363 τοίνυν
3408 3310 3488 3372 εἰς
3513 3310 3865 3379 τὴνιὲρημον,

2279 3396 2445 3464 ἤγουν
2478 3399 2713 3450 ἐποιεῖτο
2740 3398 2835 3461 τὰς
2869 3400 3171 3471 διατριϐὰς,
3197 3401 3258 3454 οὐ
3300 3400 3627 3469 σωματικῶς
3649 3416 3665 3430 ·
3701 3400 3866 3454 ποτοῦ

2278 3486 2387 3555 γὰρ
2419 3487 2540 3557 δίχα
2571 3490 2664 3542 καὶ
2692 3490 2791 3559 τῆς
2817 3493 2927 3553 τοῖς
2960 3490 3209 3560 σώμασιν
3235 3492 3540 3560 ἀναγκαίας
3569 3492 3776 3561 τροφῆς
3809 3494 3869 3544 ἐν

2278 3576 2506 3647 δυνάμει
2554 3578 2869 3650 Πνεύματος
2915 3583 3055 3653 ὑπὲρ
3096 3583 3259 3651 φύσιν
3292 3585 3391 3655 τὴν
3442 3583 3564 3639 καθ’
3597 3586 3746 3654 ἡμᾶς
3788 3585 3869 3637 διο

2279 3670 2567 3740 εκαρτέρει
2612 3672 2749 3741 πρὸς
2782 3673 2882 3743 τὴν
2928 3674 3203 3744 νηστείαν.
3245 3676 3393 3746 Πλὴν
3440 3679 3617 3731 ἐκεῖνο
3665 3676 3860 3746 ἄθρει·

2279 3762 2699 3835 ὲπωφελεστάτη
2750 3765 2858 3837 γὰρ
2908 3766 3007 3837 τῆς
3054 3768 3263 3832 ἐννοίας
3293 3771 3327 3840 ἠ
3367 3770 3621 3841 δύναμις.
3651 3774 3728 3824 Οὐ
3760 3771 3867 3842 πρὸ

2278 3853 2371 3905 τοῦ
2413 3855 2567 3921 ἁγίου
2601 3855 2979 3928 βαπτίσματος
3009 3860 3350 3931 ὲπειράζετο,
3390 3861 3508 3914 ἀλλ’
3537 3862 3661 3915 οὐδὲ
3702 3864 3866 3933 ἤγετο

2278 3945 2356 4015 τῷ
2394 3946 2669 4017 Πνεύματι
2701 3950 2779 4012 εἰς
2809 3948 2907 4020 τὴν
2940 3950 3167 4021 ἔρημον,
3200 3953 3369 4006 τύπον
3402 3955 3536 4024 ἡμῖν
3580 3954 3644 4007 τὸ
3672 3955 3863 4025 χρῆμα

2277 4039 2480 4104 τιθείς·
2533 4041 2814 4112 ἀμήχανον
2859 4042 2967 4112 γὰρ
3012 4043 3137 4107 τοὺς
3172 4043 3323 4097 οὔπω
3372 4045 3860 4116 βεϐαπτισμένους.

2277 4130 2370 4184 τοῦ
2402 4132 2749 4202 πειράζοντος
2777 4134 2994 4187 Σατανᾶ
3023 4133 3302 4188 δύσοιστον
3331 4131 3498 4189 οὖσαν
3541 4136 3643 4209 τὴν
3689 4153 3863 4208 προσ-

2280 4222 2439 4294 ϐολὴν
2471 4224 2791 4292 ὑπενεγκεῖν
2826 4225 3087 4281 δύνασθαι
3115 4228 3396 4294 νεανικῶς,
3431 4229 3598 4299 ἧγουν
3627 4231 3860 4297 ἄγεσθαι

2279 4316 2665 4383 πνευματικῶς
2687 4334 2699 4346 ·
2749 4318 2940 4389 καιρὸς
2971 4318 3027 4371 δὲ
3069 4321 3098 4373 6
3132 4321 3359 4390 πρέπων
3395 4324 3512 4385 τοῖς
3551 4320 3695 4375 οὕτω
3724 4322 3860 4391 λαμο

2278 4408 2435 4477 προῖς
2483 4408 2577 4459 καὶ
2624 4406 2975 4476 ἀξιαγάστοις
3026 4410 3469 4481 κατορθώμασιν,
3522 4412 3551 4465 6
3610 4411 3748 4481 μετὰ
3795 4412 3860 4463 τὸ

600 4495 715 4547 lure
765 4491 919 4545 nobis
969 4491 1365 4546 adumbrabat?
1410 4492 1525 4546 Non
1574 4493 1718 4546 aliud
1760 4496 1964 4559 utique,
2012 4509 2172 4563 quam

2278 4499 2431 4567 ἅγιον
2475 4498 2790 4570 βάπτισμα·
2842 4501 3275 4571 κραταιωθέντες
3318 4501 3426 4574 γὰρ
3477 4502 3621 4557 οὕτω
3663 4506 3731 4574 τῇ
3760 4502 3858 4557 τοῦ

599 4586 714 4640 ﬁeri
752 4600 856 4638 non
890 4598 1072 4652 posse,
1106 4593 1164 4636 ut
1193 4583 1226 4636 ii
1256 4583 1348 4652 qui
1383 4584 1635 4651 baptismi
1667 4586 1898 4653 gratiam
1944 4587 2171 4639 necdum

598 4676 831 4731 assecuti
876 4687 1022 4740 sunt,
1060 4675 1404 4743 gravissimis
1441 4677 1700 4730 tentuntis
1739 4675 1956 4729 δαιδαλέη
1996 4676 2172 4731 insul-

600 4770 745 4823 tibus
772 4768 1002 4821 viriliter
1031 4767 1323 4832 ohsistant,
1348 4779 1440 4820 aut
1464 4768 1723 4835 spiritalis
1756 4769 1879 4823 vita:
1911 4769 2176 4823 rationem

601 4862 741 4916 inire
775 4872 996 4930 queant.
1040 4859 1277 4931 Tempus
1321 4871 1499 4914 autem
1535 4861 1840 4915 obtinendae
1874 4860 2037 4933 158
2064 4870 2173 4915 tam

602 4951 828 5005 illustris
852 4951 1092 5005 victoria:
1116 4962 1239 5021 post
1266 4967 1483 5007 sacrum
1512 4952 1780 5021 baptisma
1811 4962 2171 5022 opportunum

600 5050 706 5096 cst.
732 5039 807 5096 lta
834 5043 975 5096 enim
1006 5044 1243 5112 Spiritus
1264 5045 1437 5098 sancti
1468 5044 1883 5113 participatione
1910 5045 2171 5107 roborati,

600 5143 655 5187 ct
702 5150 933 5203 superna
980 5136 1154 5204 gratia
1212 5135 1280 5189 ad
1342 5136 1587 5206 spiritale
1624 5136 1788 5189 robur
1841 5134 2168 5199 continuati,

601 5226 817 5279 Sataua:
850 5227 1061 5281 insidiis
1104 5228 1224 5299 capi
1262 5245 1365 5283 non
1407 5229 1743 5297 poterimus;
1782 5229 1876 5281 sed
1917 5238 2172 5295 tanquam

600 5317 657 5371 in
718 5318 920 5372 virtute
971 5319 1204 5388 Spiritus
1258 5322 1521 5386 vivemus,
1574 5323 1727 5390 quasi
1789 5322 1841 5373 in
1898 5322 2173 5374 desertum

499 5400 503 5404 ”
598 5411 872 5479 quoddam
911 5414 1249 5478 secedentes,
1285 5415 1409 5468 dttm
1459 5415 1647 5483 procul
1702 5430 1730 5468 a
1782 5413 1967 5467 mundi
2014 5412 2175 5480 hujus

601 5502 921 5558 tumultibus
962 5505 1123 5557 vitam
1154 5505 1362 5573 placide
1399 5507 1768 5574 transigimus.
1813 5505 2171 5571 Quamobrem

600 5595 726 5649 licet
775 5596 1197 5664 cuuctipotcntis
1240 5595 1331 5651 Dei
1380 5597 1555 5650 Verbo
1586 5600 1788 5664 {parum
1829 5597 2051 5652 omnino
2101 5595 2173 5651 sit

673 5770 716 5800 "
746 5769 899 5824 ltozu.
936 5787 986 5833 v,
1018 5770 1105 5827 l9.
1175 5774 1222 5805 τ’
1258 5772 1414 5831 Rom.
1446 5788 1539 5839 vtt,
1574 5773 1656 5828 l5.

2282 4593 2437 4659 ἁγίου
2470 4590 2783 4661 Πνεύματος
2813 4596 3037 4663 μετοχῇ,
3070 4594 3164 4647 καὶ
3192 4597 3259 4664 τῇ
3285 4594 3490 4648 ἀνωθεν
3523 4596 3710 4666 χάριτι
3733 4613 3860 4649 κατε

2281 4682 2737 4751 εσφραγισμένοι,
2775 4681 2912 4755 πρὸς
2977 4683 3276 4753 εὐρωστίαν
3338 4684 3395 4737 δὲ
3452 4684 3693 4755 δηλονότι
3758 4686 3859 4755 τὴν

2283 4773 2675 4841 πνευματικὴν,
2725 4773 2987 4827 ἀνάλωτοί
3014 4791 3073 4826 τε
3108 4775 3345 4843 ἐσόμεθα
3373 4774 3451 4845 τῷ
3483 4776 3703 4845 Σατανᾷ
3722 4816 3735 4837 ,
3766 4778 3859 4828 καὶ

2282 4865 2355 4929 ὡς
2383 4865 2441 4918 ἐν
2465 4864 2694 4934 δυνάμει
2726 4864 3043 4935 Πνεῦματος
3066 4866 3415 4936 διαζήσομεν,
3444 4868 3649 4939 ἔρημον
3670 4868 3859 4941 ῶσπερ

2278 4957 2399 5010 τινὰ
2433 4956 2943 5026 καταλαμϐάνοντες
2964 4957 3139 5028 χῶρον
3164 4959 3225 5011 τὺ
3247 4958 3349 5024 ἔξω
3368 4958 3575 5029 τύρϐης
3602 4960 3859 5027 γενέσθαι

2281 5048 2823 5119 κοσμικῆς.Σμικρὸν
2850 5049 2947 5117 μὲν
2968 5046 3061 5102 οὖν
3090 5051 3283 5122 κομιδῇ
3313 5050 3389 5121 τῷ
3420 5052 3597 5105 πάντα
3622 5052 3857 5122 ἰσχύοντι

2281 5142 2441 5210 Λόγῳ
2472 5141 2534 5193 τὸ
2568 5145 2785 5210 νικῆσαι
2811 5143 2902 5195 τὸν
2932 5144 3198 5207 Σατανᾶν,
3242 5145 3384 5215 μέγα
3426 5145 3483 5197 δὲ
3518 5145 3682 5199 πάλιν
3729 5148 3859 5215 ἡμῖν

2280 5233 2339 5285 τὸ
2364 5233 2456 5287 καὶ
2489 5233 2676 5286 τούτου
2708 5237 2891 5303 τυχεῖν
2916 5235 3003 5288 διὰ
3042 5235 3139 5305 τῆς
3179 5235 3645 5307 ὲνανθρωπήσεως
3668 5237 3857 5301 αὐτοῦ,

2282 5325 2423 5379 καθά
2454 5327 2546 5379 καὶ
2573 5326 2632 5379 τὸ
2663 5327 3106 5399 ἀνακαινισθῆναι
3141 5328 3275 5398 πρὸς
3307 5328 3859 5399 ἀφθαρσίαν.Ὢσπερ

2283 5419 2391 5487 γὰρ
2415 5418 2500 5471 διὰ
2523 5420 2619 5489 τῆς
2648 5421 2712 5473 ἐκ
2736 5420 2942 5490 νεκρῶν
2984 5422 3331 5485 ἀναστάσεως
3367 5422 3534 5474 αὑτοῦ
3575 5424 3860 5493 κρείττους

2282 5511 2445 5580 ἡμεῖς
2490 5510 2794 5579 γεγόναμεν
2844 5513 2945 5581 τῆς
2979 5512 3203 5583 φθορᾶς,
3247 5511 3390 5566 οὕτω
3436 5513 3521 5565 διὰ
3556 5513 3657 5584 τῆς
3692 5516 3751 5568 ἐν
3784 5516 3861 5586 τῷ

2284 5600 2641 5671 πειράζεσθαι
2672 5602 2826 5674 νίκης
2854 5605 3011 5659 πάλιν
3042 5608 3202 5677 ἡμεῖς
3235 5606 3681 5678 κεκρατήκαμεν.
