4132 6462
303 230 447 295 I385
1114 226 1207 290 Ἀί)
1247 234 1545 292 REGINAS
1583 224 1672 290 DE
1706 224 1942 289 ’REC'I'A
1982 230 2139 287 FIDE
2176 230 2433 289 ORATIO
2473 230 2777 288 ALTERA.
3426 228 3563 290 1588

303 344 566 400 Satanam
598 345 886 411 devicisse,
950 335 1111 401 nobis
1179 356 1360 403 tamen
1422 362 1780 418 permagnum
1843 344 2116 414 quoddam
2164 353 2269 409 est,
2312 344 2456 415 quod
2503 360 2601 415 per
2646 343 2766 414 ejus
2810 342 3241 400 incarnationem
3287 340 3565 397 victoriam

301 436 559 493 adversus
587 436 737 493 illum
760 437 1155 494 obtinuerimus
1185 458 1199 495 :
1225 440 1365 495 sicut
1398 449 1453 495 et
1476 438 1606 493 illud
1632 452 1869 508 quoque,
1910 436 2053 507 quod
2089 453 2186 507 per
2242 436 2487 495 eamdem
2523 436 2588 490 ad
2633 437 3094 509 incorruptionem
3131 450 3229 489 uos
3290 434 3567 498 inetaura-

300 530 398 585 vit.
454 528 608 586 Sicut
687 527 831 583 enim
881 542 978 598 per
1026 528 1170 583 illius
1222 529 1674 584 resurrectionem
1755 525 2105 595 corruptione
2152 525 2466 593 superiores
2518 524 2833 589 evasimus,
2899 525 3009 588 ita,
3066 520 3295 583 victoria
3380 530 3569 578 contra

303 632 599 680 tentantcm
635 620 889 675 Satanam
930 636 1026 690 per
1052 620 1199 676 illum
1244 624 1489 689 obtenta,
1541 637 1640 679 nos
1667 635 1882 692 quoque
1919 620 2156 675 victores
2189 619 2387 675 reddit.

372 714 496 769 AZ'.
544 733 561 765 ι
598 713 855 784 Ἔχοντες
888 709 981 767 οῦν
1008 714 1273 788 ἀρχιερέα
1315 715 1488 785 μέγαν
1538 714 1885 781 διεληλυθότα

2059 711 2328 767 XXXVII.
2380 731 2398 764 ι
2433 712 2703 767 [labentes
2747 727 2879 782 ergo
2928 712 3237 779 pontiﬁcem
3292 725 3571 780 magnum,

302 805 427 870 τοὺς
458 794 971 875 οὐρανοὺς,Ἷησοῦν
998 804 1088 859 τὸν
1120 806 1246 858 Υίὺν
1272 805 1366 858 τοῦ
1392 804 1557 872 Θεοῦ,
1596 806 1887 875 κρατῶμεν

2013 807 2081 875 ιιιί
2123 804 2429 873 penetravit
2473 803 2665 868 cmlns,
2698 801 2881 860 Iesum
2912 801 3105 857 Filium
3148 803 3264 867 Dei,
3293 810 3573 858 teneamus

301 896 401 964 τῆς
430 893 740 964 ὁμολογίας.
774 893 847 946 Οὐ
883 895 992 964 γὰρ
1020 894 1218 964 ἔχομεν
1253 895 1513 965 ἀρχιερέα
1551 896 1624 966 μὴ
1663 895 1890 965 δυνάμει

2013 898 2411 950 :out‘essiouem.
2452 894 2568 948 Non
2619 894 2764 949 enim
2807 894 3069 949 habemus
3112 894 3445 963 pontiﬁcem,
3479 893 3575 963 qui

302 1001 391 1036 vov
420 982 777 1052 συμπαθῆσαι
803 984 923 1045 ταῖς
951 982 1257 1046 ἀσθενείαις
1280 983 1457 1054 ἡμῶν,
1489 984 1890 1054 πεπειραμένον

2013 1000 2097 1040 ton
2146 987 2317 1055 possit
2362 985 2604 1057 compati
2652 984 3062 1041 inﬁrmitatibus
3109 985 3314 1043 nostris
3342 1001 3362 1037 ι
3396 994 3576 1039 tenta-

301 1076 361 1129 δὲ
394 1074 535 1129 κατά
563 1072 739 1125 πάντα
776 1072 898 1125 καθ’
919 1076 1233 1144 ὁμοιότητα,
1270 1077 1437 1146 χωρίς
1469 1076 1763 1147 ἁμαρτίας.
1788 1096 1807 1128 ι
1827 1076 1891 1130 Ἦ

302 1166 406 1237 τῆς
434 1165 605 1236 ὀρθῆς
633 1164 869 1226 πίστεως
902 1165 1162 1235 ὁμολογία
1208 1166 1508 1237 πράττεται
1553 1167 1689 1236 πρκ
1737 1165 1893 1236 ἡμῶν

303 1258 385 1320 είς
410 1256 507 1310 ἕνα
536 1256 668 1309 Θεὸν
692 1254 913 1325 Πατέρα
942 1256 1360 1328 παντοκράτορα
1382 1299 1396 1323 ,
1423 1258 1519 1310 καὶ
1552 1260 1628 1321 εἰς
1656 1258 1751 1311 ἕνα
1778 1258 1893 1311 Κύ-

305 1362 424 1417 ριον
460 1343 670 1415 Ἰησοῦν
724 1345 963 1416 Χριστὸν
1009 1346 1101 1399 τὸν
1152 1346 1279 1398 Υίδν
1331 1346 1537 1413 αὑτοῦ,
1590 1348 1684 1401 καὶ
1720 1350 1803 1411 είς
1830 1348 1895 1401 ἓν

304 1439 460 1505 ἅγιον
491 1435 736 1506 Πνεῦμα.
757 1434 978 1507 Ταύτης
1004 1436 1153 1507 ἡμᾶς
1180 1437 1279 1507 τῆς
1301 1438 1590 1507 ὁμολογίας
1613 1438 1896 1510 ἐξέχεσθαι

302 1529 415 1582 δεῖν
457 1528 487 1580 6
534 1526 823 1589 θεσπέσιος
856 1530 1059 1599 γράφει
1096 1528 1336 1592 Παῦλος.
1372 1530 1590 1601 Ἐπειδὴ
1637 1530 1695 1583 δέ
1750 1533 1897 1586 ἐστιν

304 1620 755 1690 ὁμολογουμένως
780 1616 859 1684 είς
891 1621 1016 1683 Υἱὸς
1044 1619 1137 1674 τοῦ
1173 1621 1310 1675 Θεοῦ
1344 1623 1438 1675 καὶ
1467 1623 1703 1695 Πατρὸς,
1736 1622 1898 1694 δῆλον

305 1712 365 1764 δὲ
414 1712 496 1765 ὅτι
549 1713 786 1783 Χριστὸς
821 1711 1061 1782 Ἰησοῦς,
1111 1713 1141 1766 6
1200 1714 1557 1784 συμπαθῆσαι
1603 1715 1896 1785 δυνάμενος

309 1806 428 1867 ταῖς
474 1804 780 1870 ἀσθενείαις
810 1805 985 1875 ἡμῶν,
1016 1806 1279 1861 καὶκατὰ
1338 1807 1517 1861 πάντα
1568 1809 1900 1881 πεπειραμέ-

309 1911 399 1958 νος
445 1894 568 1948 καθ⁹
608 1895 924 1965 ὁμοιότητα,
975 1900 1146 1969 χωρίς
1194 1898 1503 1971 ἁμαρτίας*
1562 1901 1647 1964 τίς
1697 1902 1764 1955 ἂν
1811 1904 1898 1974 εἴη

308 1986 496 2040 λοιπὸν
528 1990 556 2041 6
590 1989 765 2057 μέγας
800 1988 958 2059 ἡμῶν
994 1991 1322 2062 ἀρχιερεύς;
1356 1988 1447 2064 ἆρ’
1470 1992 1567 2063 οὐχ
1600 1995 1628 2047 6
1658 1993 1899 2062 γεγονὼς

1995 1085 2109 1132 ιιιιιι
2166 1086 2349 1133 autem
2393 1091 2492 1149 per
2555 1076 2744 1133 omnia
2805 1076 3104 1134 secundum
3164 1075 3577 1131 similitudinem

1993 1167 2200 1239 absque
2234 1176 2462 1239 peccato
2489 1166 2558 1222 ⁷³.
2590 1185 2610 1218 ι
2647 1166 2733 1221 Fit
2762 1181 2791 1220 a
2819 1166 2981 1222 nobis
3013 1175 3180 1224 recta:
3210 1164 3331 1219 lidei
3364 1163 3580 1219 confes-

1996 1258 2100 1321 sio,
2138 1272 2331 1328 nempe
2377 1266 2442 1312 ut
2489 1258 2781 1315 credamus
2828 1256 2883 1312 in
2932 1271 3099 1311 unum
3145 1255 3312 1311 Deum
3358 1253 3577 1310 Patrem

1988 1349 2444 1419 omnipotentem,
2488 1357 2543 1407 et
2578 1349 2632 1404 in
2671 1362 2839 1403 unum
2868 1346 3154 1403 Dominum
3187 1342 3376 1402 Iesum
3419 1342 3579 1398 Chri-

1998 1451 2143 1499 stum
2180 1440 2376 1499 Filium
2408 1441 2552 1510 ejus,
2595 1448 2650 1494 et
2686 1440 2739 1494 in
2792 1454 2958 1494 unum
2994 1437 3259 1508 Spiritum
3306 1444 3577 1490 sanctum.

1998 1534 2173 1605 Hujus
2206 1544 2386 1589 autem
2436 1533 2557 1586 tidei
2609 1530 2943 1586 confessioni
2978 1529 3246 1585 inhaerere
3288 1542 3389 1582 nos
3414 1539 3580 1597 Opor—

2000 1637 2118 1683 tere
2153 1625 2369 1683 divinus
2392 1623 2596 1680 Paulus
2636 1624 2917 1677 admonet.
2962 1620 3229 1687 Quoniam
3260 1632 3394 1673 vero
3426 1627 3583 1673 certe

2000 1723 2218 1773 constat
2294 1732 2463 1770 unum
2510 1716 2775 1770 duntaxat
2821 1728 2943 1773 esse
2989 1711 3083 1767 Dei
3130 1710 3310 1769 Patris
3358 1706 3585 1773 Filium,

1998 1822 2196 1877 nempe
2236 1805 2516 1863 Christum
2552 1806 2764 1870 Iesum,
2795 1807 2888 1875 qui
2920 1816 2977 1861 et
3008 1803 3216 1859 nostris
3247 1800 3587 1858 inﬁrmitati-

2001 1899 2104 1953 bus
2133 1898 2373 1969 compati
2406 1906 2611 1968 potest,
2644 1907 2698 1951 et
2734 1912 2831 1967 per
2856 1896 3038 1951 omnia
3071 1895 3370 1951 secundum
3404 1891 3590 1948 simili»-

2004 1992 2245 2047 tudinem
2274 1991 2476 2060 absque
2504 1998 2729 2060 peccato
2765 1998 3007 2043 tentatus
3049 1997 3165 2053 est;
3196 1986 3318 2057 quis
3368 1986 3587 2041 tandem

312 2078 435 2131 καθ’
455 2079 626 2149 ἡμᾶς,
652 2074 827 2145 οὗτος,
856 2081 953 2133 καὶ
976 2081 1142 2152 σαρκὶ
1171 2081 1360 2136 παθὼν
1384 2083 1523 2154 ὑπὲρ
1549 2084 1738 2155 ήμῶν;
1767 2085 1901 2139 Τὸτε

2013 2097 2233 2153 magnus
2276 2082 2366 2138 ille
2388 2056 2638 2150 pontifex
2707 2088 2892 2135 noster
2936 2078 3056 2134 est?
3101 2056 3293 2134 Annon
3335 2084 3422 2133 est
3477 2074 3589 2141 hic,

312 2164 421 2237 γὰρ
446 2167 604 2238 ἡμῶν
626 2169 1037 2241 κεχρημάτικεν
1058 2170 1371 2241 ἀρχιερεὺς,
1398 2173 1495 2243 οὐχ
1517 2173 1593 2237 ὡς
1617 2174 1904 2243 ἀλλογενὲς

2013 2172 2098 2244 qui
2141 2172 2285 2229 sicut
2314 2182 2370 2229 et
2401 2186 2501 2227 nos
2533 2185 2661 2226 vere
2694 2171 2869 2226 factus
2919 2178 3027 2235 est,
3067 2178 3123 2225 ct
3164 2170 3217 2225 in
3258 2182 3426 2224 carne
3450 2182 3581 2237 pro-

314 2258 519 2313 ὁθνεῖόν
552 2276 613 2312 τε
657 2262 952 2331 προσάγων
980 2260 1132 2332 θῦμα
1165 2263 1307 2317 κατά
1350 2280 1414 2332 γε
1462 2264 1524 2317 τὸ
1556 2265 1744 2330 είωθὸς
1792 2269 1904 2332 τοῖς

2013 2274 2129 2335 pter
2158 2279 2259 2321 nos
2285 2265 2450 2319 etiam
2484 2264 2721 2334 passus?
2754 2262 2907 2317 Tune
2934 2263 3080 2317 enim
3112 2260 3385 2333 pontiﬁcis
3417 2260 3589 2315 nostri

317 2349 520 2415 ἄλλοις,
547 2349 663 2403 ἀλλ’
688 2349 763 2403 ὢν
791 2353 956 2417 αὐτὸς
980 2355 1008 2406 ὁ
1038 2355 1229 2424 ἀμνὸς,
1265 2357 1299 2424 ἠ
1332 2357 1672 2429 εὐοσμοτάτη
1719 2359 1901 2421 θυσία,

316 2441 379 2495 τὸ
422 2442 613 2511 νοητὸν
636 2438 1017 2515 ὁλοκαῦτωμα,
1050 2448 1081 2516 ἡ
1117 2446 1411 2519 λαλιστάτη
1451 2450 1690 2518 τρυγὼν,
1717 2454 1750 2521 ἡ
1780 2454 1905 2505 ἀκέ-

322 2549 475 2604 ραιος
521 2535 843 2605 περιστερὰ,
876 2537 903 2588 6
940 2535 1103 2606 ἄρτος
1133 2538 1161 2588 6
1194 2536 1323 2601 ζῶν,
1351 2540 1413 2591 τὸ
1443 2544 1679 2609 χρυσοῦν
1705 2540 1906 2611 θυμια-

317 2625 813 2697 τήριον.ιΧριστοῦ
840 2626 950 2698 γάρ
980 2630 1147 2698 ἐσμεν
1171 2629 1367 2682 εὐωδία
1392 2630 1657 2701 «esse,»
1682 2634 1822 2686 κατά
1847 2634 1907 2686 τὸ

324 2716 733 2787 γεγραμμένον.
759 2717 950 2789 Ἀθρει
972 2717 1029 2771 δέ
1057 2736 1147 2790 μοι
1168 2719 1275 2773 τῶν
1307 2721 1678 2776 ἀποστολικῶν
1693 2726 1907 2777 ἐννοιῶν

319 2806 381 2860 τὸ
410 2806 593 2877 βάθος.
622 2827 639 2860 ι
670 2809 787 2862 υύκ
811 2808 1029 2881 ἔχομεν,
1059 2812 1246 2882 φησιν,
1278 2815 1543 2886 ἀρχιερέα
1568 2816 1643 2887 μὴ
1673 2817 1907 2887 δυνάμε-

316 2916 414 2953 νον
436 2900 795 2972 συμπαθῆσαι
816 2904 938 2966 ταῖς
965 2902 1273 2969 ἀσθενείαις
1299 2906 1479 2976 ἡμῶν,
1504 2911 1907 2979 πεπειραμένον

320 2988 379 3043 δὲ
409 2990 551 3044 κατά
586 2990 764 3045 πάντα
800 2992 922 3045 καθ’
954 2994 1272 3065 ὁμοιότητα,
1300 2997 1471 3067 χωρὶς
1495 2998 1821 3067 ἁμαρτίας.»
1846 3001 1907 3054 El

323 3082 433 3153 γάρ
470 3085 636 3153 μήπω
667 3084 880 3152 γέγονε,
911 3085 1100 3155 φησιν,
1140 3086 1429 3156 ἄνθρωπος
1458 3090 1485 3141 6
1514 3089 1610 3142 τοῦ
1639 3090 1774 3143 Θεοῦ
1804 3092 1909 3145 Λό-

324 3191 441 3242 γος,
472 3174 588 3247 ᾔδει
616 3175 736 3246 μὲν,
762 3176 884 3247 ᾔδει
913 3177 1008 3229 καὶ
1040 3174 1185 3230 οὕτω
1227 3177 1324 3251 τὴν
1362 3180 1715 3253 ἀνθρωπίνην
1743 3184 1909 3237 ἀσθέ-

324 3282 475 3319 νειαν
512 3264 588 3328 ὡς
615 3266 960 3335 Δημιουργός
983 3282 997 3297 ο
1036 3287 1053 3317 ι
1084 3267 1253 3332 Αὐτὸς
1289 3268 1397 3337 γὰρ
1422 3268 1564 3337 έγνω
1596 3270 1656 3322 τὸ
1684 3270 1910 3340 πλάσμα

326 3356 505 3426 ἡμῶν,
538 3374 556 3407 ι
599 3356 738 3410 κατά
784 3357 842 3409 τὸ
875 3358 1284 3428 γεγραμμένον.
1318 3355 1459 3411 Ἀλῖ
1484 3360 1643 3432 εἴπερ
1698 3378 1750 3413 τι
1800 3362 1908 3413 τῶν

325 3447 681 3517 ἀνθρωπίνων
714 3448 808 3500 καὶ
855 3449 941 3500 ἐπ’
972 3448 1137 3501 αὑτοῦ
1187 3449 1354 3517 φάναι
1405 3449 1585 3521 θέμις,
1618 3450 1772 3504 οὔπω
1815 3454 1907 3507 καὶ

327 3537 409 3599 εἰς
434 3535 603 3606 αὐτὴν
629 3535 891 3605 ἐκέκλητο
920 3538 1117 3605 πεῖραν
1132 3536 1248 3589 ’τῶν
1275 3536 1561 3607 ἡμετέρων
1589 3537 1905 3592 ἀσθενειῶν.

342 3622 560 3693 Ἐπειδὴ
602 3622 658 3675 δὲ
692 3623 790 3694 τὴν
818 3622 975 3694 ἡμῶν
1001 3623 1319 3694 ἠμπέσχετο
1352 3625 1551 3696 σάρκα,
1583 3628 1909 3697 πεπείραται

330 3714 476 3767 κατά
505 3714 704 3767 πάντα.
725 3714 836 3768 Καὶ
863 3716 923 3767 οὐ
952 3717 1125 3786 δήπου
1155 3717 1333 3785 φαμὲν
1354 3715 1428 3781 ὡς
1458 3717 1764 3788 ἢγνοηκὼς,
1784 3719 1912 3772 ἀλλ’

322 3804 413 3859 δὸτι
448 3807 520 3876 τῇ
553 3804 749 3873 γνώσει
779 3809 844 3877 τῇ
872 3806 1069 3878 θεῖκῇν
1106 3809 1550 3881 προΰποκειμένῃ
1582 3810 1675 3864 καὶ
1725 3811 1786 3864 τὸ
1824 3812 1914 3866 διὰ

333 3894 529 3964 πείρας
577 3893 748 3963 αὐτῆς
797 3895 996 3965 συνέϐη
1036 3896 1249 3965 μαθεῖν.
1276 3898 1471 3966 Γέγονε
1518 3898 1576 3952 δὲ
1624 3901 1913 3973 συμπαθὴς

328 3987 434 4039 οὐκ
459 3987 567 4039 ἀπό
592 4003 657 4055 γε
683 3986 779 4040 τοῦ
812 3988 1183 4058 πεπειρᾶσθαί
1216 3988 1378 4041 ποθεν
1402 4006 1415 4020 ·
1447 3985 1515 4059 ἦν
1539 3990 1647 4062 γάρ
1669 3991 1916 4062 ἐλεήμων

335 4078 518 4146 φύσει,
552 4078 646 4130 καὶ
670 4076 840 4142 ἔστιν,
869 4078 944 4142 ὡς
972 4078 1106 4142 Θεός
1126 4094 1143 4111 ·
1174 4079 1361 4149 ἐπειδὴ
1385 4079 1442 4132 δὲ
1482 4080 1622 4149 μετά
1654 4079 1745 4133 τοῦ
1774 4077 1915 4137 εἶναι

332 4170 363 4223 ὃ
399 4170 537 4233 ἐστι,
569 4168 760 4236 γέγονε
807 4169 901 4221 καί⁸
948 4169 1071 4223 καθ’
1103 4171 1269 4239 ἡμᾶς,
1306 4171 1788 4241 ἀνθρωποπρεπῶς
1824 4173 1918 4226 καὶ

334 4259 508 4314 ταῦτα
562 4259 779 4327 λέγεται
829 4261 958 4331 περὶ
1003 4260 1189 4315 αὑτοῦ.
1220 4261 1480 4330 Διαϐἧναι
1522 4262 1581 4314 δέ
1614 4279 1748 4331 φησι
1791 4263 1919 4326 τοὺς

328 4352 596 4423 οὐρανοὺς
624 4352 787 4405 αὑτὸν
826 4352 1152 4423 σωματικῶς
1196 4369 1254 4404 τε
1300 4352 1418 4422 ἅμα
1452 4356 1545 4405 καὶ
1577 4353 1915 4422 θεοπρεπῶς.

342 4462 361 4494 ι
388 4443 577 4513 ’Δνέῦη
606 4444 704 4514 μὲν
737 4444 865 4513 γὰρ,
898 4445 973 4506 ὡς
1008 4446 1172 4507 αὐτὸς
1213 4444 1316 4497 πού
1349 4462 1512 4515 φησιν
1549 4446 1576 4496 6
1612 4445 1919 4514 σοφώτατος

338 4534 573 4600 Παῦλος,
603 4535 698 4589 νῦν
741 4537 1145 4608 ἐμφανισθῆναι
1189 4536 1268 4607 τῷ
1319 4537 1598 4609 προσώπῳ
1644 4538 1737 4591 τοῦ
1785 4538 1919 4591 Θεοῦ

339 4630 479 4704 ὑπὲρ
509 4630 686 4701 ἡμῶν.
720 4650 738 4681 ι
770 4628 941 4683 Δίεισί
972 4647 1036 4696 γε
1080 4628 1186 4701 μὴν
1216 4630 1309 4684 καὶ
1351 4630 1473 4682 καθ’
1505 4630 1691 4700 ἕτερον
1720 4630 1922 4701 τρόπον

2009 2355 2221 2413 titulum
2263 2356 2610 2425 assumpsit:
2645 2369 2749 2409 non
2798 2355 2870 2408 ita
2912 2363 3112 2418 tamen,
3144 2363 3201 2407 ut
3229 2353 3458 2407 aliorum
3500 2368 3593 2406 sa-

2006 2443 2287 2501 cerdotum
2324 2458 2494 2509 more,
2551 2454 2861 2509 externum,
2898 2444 2999 2497 hoc
3037 2451 3142 2506 est,
3189 2458 3218 2496 a
3263 2457 3323 2497 se
3357 2443 3593 2496 alienum

2009 2535 2337 2592 sacriﬁcium
2391 2534 2651 2590 obtulerit
2696 2537 2838 2590 :sed
2897 2536 3012 2605 ipse
3048 2536 3150 2589 fuit
3213 2549 3419 2604 agnus,
3480 2534 3598 2603 ipse

2012 2626 2447 2697 fragrantissimo
2491 2625 2581 2692 illa
2621 2626 2797 2682 hostia
2831 2638 2885 2681 et
2920 2627 3168 2697 spiritale
3194 2626 3593 2687 holocautoma,

2004 2729 2060 2771 et
2086 2719 2201 2789 ipse
2226 2726 2406 2771 turtur
2434 2717 2522 2772 ille
2550 2717 2946 2787 getttebundus,
2977 2727 3033 2773 et
3054 2717 3283 2787 simplex
3309 2717 3593 2781 columba;

2014 2811 2128 2880 ipse
2170 2809 2330 2879 panis
2376 2809 2553 2874 vivus,
2594 2818 2650 2863 et
2684 2808 3019 2866 thuribulum
3060 2825 3306 2864 aureum.
3341 2827 3362 2862 ι
3391 2808 3597 2865 Christi

2010 2901 2154 2956 enim
2198 2902 2370 2955 bonus
2416 2900 2552 2954 odor
2589 2913 2779 2955 sumus
2814 2898 2924 2955 Deo
2943 2900 3100 2964 7“",
3131 2918 3149 2953 ι
3180 2909 3241 2952 ιιι
3281 2899 3453 2954 sacris
3485 2898 3601 2955 Lit—

2014 2994 2145 3048 teris
2198 2993 2471 3064 proditum
2521 3002 2626 3045 cst.
2713 2989 2886 3047 Porro
2948 2991 3263 3061 apostolica:
3316 2991 3603 3049 sententia

2011 3082 2433 3157 profunditatem
2468 3083 2558 3137 hic
2598 3083 2889 3153 diligenter
2924 3083 3173 3138 observa.
3224 3101 3245 3135 ‹
3280 3082 3393 3138 Νοιι
3431 3082 3602 3139 habe-

2014 3191 2175 3239 mus,
2226 3174 2441 3243 inquit,
2488 3173 2800 3244 pontiﬁcem
2856 3175 2947 3241 qui
2988 3188 3099 3228 non
3142 3175 3321 3244 possit
3366 3175 3601 3244 compati

2013 3268 2421 3325 inﬁrmitatibus
2468 3265 2692 3328 nostris,
2732 3273 3001 3319 tentatum
3043 3274 3222 3317 autem
3279 3279 3378 3337 per
3418 3267 3603 3321 omnia

2013 3359 2313 3415 secundum
2370 3356 2782 3412 similitudinem
2835 3354 3041 3424 absque
3092 3364 3342 3425 peccato.
3379 3374 3399 3408 ι
3438 3355 3600 3431 159

2015 3444 2343 3512 Antequam,
2386 3441 2481 3505 ait,
2534 3441 2626 3494 Dei
2680 3437 2916 3492 Verbum
2968 3439 3132 3494 homo
3179 3438 3382 3495 factum
3431 3451 3599 3506 esset,

2019 3533 2272 3587 humana:
2298 3540 2484 3584 tamen
2511 3538 2714 3581 natura:
2740 3525 3107 3583 inﬁrmitatem
3136 3538 3387 3597 tanquam
3418 3546 3601 3588 rerum

2014 3622 2281 3679 Conditor
2327 3630 2520 3676 exacte
2565 3619 2901 3688 exploratam
2947 3620 3201 3679 habebat.
3236 3638 3256 3673 ι
3290 3622 3405 3694 Ipse
3434 3625 3603 3695 enim,

2022 3727 2080 3770 ut
2114 3713 2379 3785 scriptum
2412 3724 2516 3781 est,
2556 3714 2875 3783 ﬁgmentum
2916 3724 3159 3770 nostrum
3201 3716 3544 3788 cognovit".
3577 3738 3598 3771 ι

2022 3808 2376 3864 Verumenim
2416 3822 2563 3872 vero,
2631 3816 2691 3862 ut
2723 3807 2961 3864 maxime
3004 3818 3213 3877 nosset,
3254 3810 3490 3866 nondum
3520 3820 3606 3867 ta-

2024 3916 2146 3957 mcn
2196 3904 2279 3969 (ut
2327 3899 2536 3969 aliquid
2598 3901 2816 3959 interim
2877 3900 3174 3956 humanum
3220 3902 3380 3959 nobis
3430 3902 3497 3959 de
3538 3918 3606 3961 eo

2018 3995 2347 4063 depromere
2382 3990 2586 4060 liceat),
2622 3993 2882 4062 nondum,
2926 3994 3167 4066 inquam,
3209 4005 3425 4055 nostros
3456 4011 3607 4053 mor-

2024 4084 2126 4139 bos
2179 4085 2515 4155 esperientia
2562 4097 3022 4153 cognoverat:at
3068 4103 3197 4142 vero
3253 4098 3607 4160 posteaquam

2025 4190 2247 4232 carnem
2286 4184 2525 4230 nostram
2563 4176 2756 4242 induit,
2785 4178 2967 4239 omnia
3003 4190 3260 4250 expertus
3291 4191 3394 4236 est.
3420 4181 3609 4251 Neque

2030 4278 2209 4323 tamen
2261 4266 2495 4323 dicimus
2560 4278 2719 4323 antea
2770 4272 3065 4340 quidquam
3142 4273 3365 4329 omnino
3415 4289 3608 4329 eorum

2026 4359 2269 4415 omnium
2308 4358 2609 4431 ignorasse,
2640 4360 2734 4417 sed
2771 4361 3019 4418 scientiae
3055 4363 3252 4418 divina:
3284 4380 3443 4434 quam
3469 4367 3611 4420 obti-

2031 4452 2214 4515 nebat,
2240 4465 2364 4506 eam
2392 4464 2607 4521 quoque
2642 4451 2913 4518 notitiam,
2950 4470 3110 4523 quant
3140 4453 3293 4511 affert
3320 4458 3609 4528 experieuo

2032 4542 2128 4607 tia,
2183 4555 2507 4596 accessrsse.
2582 4541 2765 4612 Itaque
2818 4542 2910 4598 Dei
2974 4543 3211 4603 Verbum
3260 4546 3463 4601 factum
3527 4558 3614 4603 est

2031 4636 2407 4703 compatieus,
2469 4650 2573 4687 ttott
2612 4635 2755 4703 quod
2806 4649 2925 4690 eam
2974 4636 3337 4707 sympathiam
3384 4652 3451 4692 ex
3496 4637 3610 4707 ipsa

338 4723 464 4786 τοὺς
514 4708 817 4793 οὐρανοὺς(
844 4721 1173 4792 ἡττωμένων
1238 4720 1479 4792 δηλονότι
1537 4722 1631 4774 καὶ⁵
1694 4722 1908 4777 κατόπιι

2032 4730 2247 4783 detnum
2284 4729 2585 4783 tentatione
2611 4729 2693 4783 vel
2719 4729 3058 4799 experientia
3085 4730 3442 4799 assutnpserit
3469 4731 3613 4799 (erat

342 4815 529 4867 ἰόντων
575 4812 676 4883 τῆς
730 4812 890 4883 δόξης
946 4811 1113 4866 αὑτοῦ
1162 4812 1271 4864 τῶν
1320 4812 1608 4884 μακαρίων
1654 4813 1920 4881 ἀγγέλων.

344 4908 501 4960 Ἔστι
540 4906 671 4975 γὰρ,
709 4925 728 4957 ι
766 4905 915 4958 ἐστιν
946 4905 1018 4969 ὡς
1064 4905 1196 4968 Θεὸς
1221 4906 1476 4977 ὑπεράνω
1511 4906 1692 4975 πάσης
1724 4904 1925 4976 Ἀρχῆς

342 4999 437 5067 καὶ
469 4997 746 5063 Ἐξουσίας
772 5015 832 5052 τε
863 4997 959 5050 καὶ
983 4998 1338 5067 κυριότητος,
1370 5000 1465 5050 καὶ
1494 4997 1693 5061 παντὸς
1722 4996 1924 5067 ὀνόμα-

342 5066 429 5155 έος
457 5091 883 5163 ὀνομαζομένου,
914 5091 1024 5143 εἴτε
1061 5090 1119 5143 ὲν
1161 5090 1240 5159 τῷ
1286 5091 1441 5143 αἰῶνι
1483 5088 1679 5160 τούτῳ,
1722 5089 1830 5141 εἴτε
1865 5090 1922 5141 ὲν

342 5181 420 5253 ’τῷ
452 5184 718 5253 μέλλοντι.
752 5203 771 5235 ι
823 5181 1138 5254 Συνεδρεῦει
1173 5182 1281 5251 γὰρ
1308 5182 1383 5244 ὡς
1414 5182 1542 5245 Υἱὸς
1566 5181 1644 5251 τῷ
1669 5180 1783 5251 ἰδίῳ
1809 5181 1919 5233 Πα-

2030 4818 2176 4874 enim
2203 4818 2316 4889 jam
2369 4830 2495 4875 ante
2524 4829 2579 4874 et
2627 4828 2712 4875 est
2744 4830 2938 4889 suapte
2970 4828 3160 4875 natura
3204 4819 3517 4876 misericors
3554 4832 3613 4874 ut

2030 4908 2222 4980 Deus),
2256 4913 2350 4965 sed
2395 4913 2520 4982 quia
2550 4920 2905 4982 posteaquam
2946 4912 3047 4965 hoc
3074 4909 3250 4978 ipsum
3282 4910 3425 4981 quod
3465 4921 3609 4976 erat,

2030 5009 2349 5058 constanter
2382 5018 2630 5065 manens,
2672 5000 2876 5055 factum
2906 5011 2991 5055 est
3034 5001 3199 5059 etiam
3241 5001 3405 5060 homo
3434 5002 3607 5058 nostri

2030 5091 2249 5157 similis,
2288 5106 2353 5146 ea
2399 5104 2526 5163 apte
2571 5092 2739 5147 etiam
2776 5093 2842 5149 de
2877 5090 2965 5145 illo
3009 5089 3350 5145 amrtuantur
3395 5108 3514 5162 quze
3555 5093 3609 5145 in

2032 5190 2283 5238 naturam
2326 5184 2617 5240 humanam
2648 5186 2999 5241 conveniunt.
3042 5184 3250 5240 Dicitur
3278 5199 3403 5242 vero
3440 5184 3611 5241 cu;on

412 5336 461 5370 ⁷³
495 5336 656 5393 llebr.
685 5353 759 5401 tv,
799 5337 886 5403 li,
918 5335 1000 5391 l5.
1076 5336 1198 5367 “"5
1232 5336 1272 5389 ll
1301 5335 1425 5390 Cur.
1460 5351 1520 5399 ιι,
1546 5335 1632 5389 15.
1707 5334 1755 5366 ’³⁸
1795 5334 1938 5389 Psal.
1967 5351 2064 5402 cu,
2098 5337 2185 5393 N.

1454 5492 1628 5549 Varim
1661 5491 1925 5551 lectiones
1956 5495 2164 5551 codicrs
2196 5496 2560 5569 Seguieriani.

420 5641 449 5670 '
481 5634 797 5688 θεοποεπεῖ.

664 5727 936 5788 Ριιτιιοι.
986 5728 1102 5791 Gtt.
1165 5727 1421 5789 LXXVI.

3210 5730 3291 5796 44
