4132 6482
544 277 685 335 Ιδθῖ
1533 282 1588 337 S.
1636 279 1915 337 CYIIIIJJ
1958 274 2426 338 ALEXANDRINI
2468 280 2779 341 ARCIIIEP.

535 405 854 465 penetrasse
894 404 947 450 et
1002 395 1359 465 corporaliter
1401 394 1558 450 simul
1599 406 1654 449 ct
1697 397 1952 451 decenter
1985 396 2110 450 Deo.

2225 398 2336 467 τρὶ,
2370 399 2463 450 καὶ
2495 399 2542 450 εἱ
2574 399 2759 467 γέγονε
2794 395 2914 449 καθ’
2947 397 3092 467 ἡμᾶς
3116 396 3471 466 οἰκονομικῶς

535 484 672 539 Nam
706 484 1226 556 utsapientissimus
1249 483 1444 539 Paulus
1472 495 1673 547 monet,
1715 506 1732 536 ι
1763 487 2042 552 Ascendit,
2077 492 2135 539 ut
2170 498 2427 558 appareat
2493 505 2635 544 nunc
2655 490 2820 543 vultui
2851 489 2943 543 Dei
2984 504 3081 559 pro
3106 488 3261 543 nobis
3281 489 3348 542 τ’.
3385 507 3403 541 ι
3444 487 3583 557 Quin
3607 498 3663 545 et
3690 490 3797 543 alio

535 593 750 647 quoque
796 593 958 634 sensu
1019 578 1186 634 caelos
1239 580 1637 635 transcendisse
1681 581 1915 645 dicitur,
1966 582 2107 648 quod
2147 582 2429 637 beatorum
2475 585 2791 650 angelorum
2861 584 3088 653 gloriam
3141 582 3299 653 longo
3331 594 3457 653 post
3522 599 3583 639 se
3626 585 3768 639 inter

535 673 678 727 vallo
718 672 1002 743 reliqukse
1036 681 1187 727 certo
1235 673 1587 743 dignoscatur
1623 693 1635 728 :
1669 674 2104 743 quandoquidem
2146 686 2206 730 ut
2245 677 2387 732 Deus
2419 696 2438 729 ι
2469 679 2645 748 Super
2667 694 2881 734 onmem
2915 689 2997 735 est
3028 677 3399 748 Principatum
3469 688 3525 733 et
3550 676 3796 734 Potesta-

537 775 645 820 tem
678 775 732 818 et
760 764 1217 829 Dominationem,
1244 775 1298 820 et
1331 780 1494 820 omne
1561 780 1757 820 nomen
1800 767 1944 835 quod
1986 768 2295 824 nominatur
2364 786 2469 826 non
2514 771 2688 826 solum
2729 774 2781 827 in
2832 773 2936 827 hoc
3005 770 3225 836 saeculo,
3272 770 3366 825 sed
3412 769 3577 823 etiam
3625 770 3678 823 in
3712 768 3797 822 Iu-

3661 275 3796 339 1583

536 857 742 912 Iuro".
776 876 794 909 ι
856 856 988 910 Nam
1036 866 1095 910 ut
1136 856 1304 912 Filius
1340 868 1588 912 eamdem
1644 873 1767 912 cum
1812 858 1973 915 Patre
2018 875 2115 916 suo
2153 850 2384 932 gloriam
2440 874 2495 918 et
2563 854 2885 932 potestatem
2962 864 3191 927 obtinet,
3239 863 3453 918 etiamsi
3521 864 3799 933 dispensa.

534 950 674 1006 torie
706 950 879 1004 nostri
909 949 1102 1005 similis
1121 949 1312 1005 'Iactus
1345 951 1437 1005 sit.

601 1037 895 1094 XXXVIII.
941 1058 961 1092 ι
990 1038 1101 1095 Nec
1138 1041 1424 1109 quisquam
1474 1041 1640 1095 sumit
1680 1042 1783 1097 sibi
1828 1043 2113 1111 honorem,

532 1132 629 1187 sed
678 1132 771 1202 qui
828 1141 1056 1187 vocatur
1108 1148 1136 1185 a
1168 1130 1311 1198 ‘Deo,
1367 1140 1622 1201 tanquam
1672 1132 1878 1190 Aaron.
1926 1133 2017 1190 Sic
2060 1144 2115 1189 et

532 1225 786 1279 Christus
830 1238 935 1278 non
987 1222 1308 1277 clariﬁcavit
1351 1224 1703 1293 semetipsum
1758 1232 1817 1277 ut
1867 1224 2111 1294 pontifex

535 1316 712 1382 lieret,
746 1314 841 1370 sed
878 1314 969 1384 qui
1000 1314 1216 1369 locutus
1245 1320 1331 1369 est
1371 1313 1439 1370 ad
1467 1328 1589 1369 eum
1621 1332 1635 1369 :
1666 1313 1837 1370 Filius
1869 1331 2024 1370 meus
2052 1330 2113 1370 es

535 1414 614 1472 tu,
663 1420 762 1475 ego
803 1404 962 1460 hodie
990 1403 1149 1474 genui
1194 1412 1247 1458 te
1267 1404 1336 1458 ⁷⁸.
1358 1420 1387 1456 ι
1422 1404 1807 1475 ’ριιί,εθὶρειιιιι
1858 1404 2002 1460 ultro
2044 1408 2111 1459 ad

533 1495 955 1551 exinanitionem
995 1494 1309 1563 demiserat,
1356 1495 1403 1551 is
1440 1505 1722 1565 paternam
1768 1497 2111 1550 vocationem

533 1589 602 1643 ad
650 1587 903 1642 usitatam
959 1586 1315 1656 apprimeque
1357 1587 1774 1642 convenientem
1821 1585 2111 1642 sacerdotii

532 1679 870 1734 (unctionem
895 1677 1183 1734 ducentem
1222 1680 1539 1750 opperitur;
1574 1680 1990 1736 convenientem
2020 1695 2116 1734 au-
2147 1714 2188 1769 Β

534 1781 643 1826 tem
690 1787 797 1826 non
832 1786 944 1826 suae
978 1771 1149 1841 ipsius
1195 1781 1427 1839 natum,
1479 1774 1573 1828 sed
1620 1783 1841 1839 nostrae,
1895 1774 1998 1829 hoc
2031 1782 2116 1828 est

536 1862 809 1928 humanae,
847 1877 1010 1933 quam
1067 1864 1159 1919 ubi
1195 1864 1461 1931 integram
1510 1866 1826 1933 assumpsit,
1875 1880 1996 1935 quae
2039 1864 2113 1919 illi

533 1954 863 2008 conveniunt
894 1954 1157 2024 suscepit,
1180 1955 1387 2009 nullum
1426 1956 1645 2010 interim
1676 1957 1975 2012 secundum
2012 1950 2114 2010 na-

535 2054 712 2099 turam
758 2045 1032 2115 propriam
1081 2044 1467 2103 detrimentum
1503 2048 1796 2117 accipiens,
1857 2048 1953 2103 sed
2000 2048 2113 2101 dis-

531 2134 853 2206 pensatione
885 2138 1182 2192 secundum
1206 2151 1426 2192 carnem
1446 2138 1580 2193 scite
1621 2140 2117 2209 convenienterque

534 2238 714 2284 utens.
763 2228 835 2285 Ut
889 2228 943 2283 id
998 2229 1141 2283 enim
1185 2230 1326 2298 quod
1380 2237 1518 2295 erat,
1570 2230 1674 2284 hoc
1725 2239 1809 2285 est
1855 2230 2115 2285 Dominus

534 2321 830 2374 secundum
881 2328 1132 2375 naturam
1177 2322 1520 2390 permansit,
1580 2321 1797 2376 etiamsi
1858 2320 2114 2375 servilem

537 2408 766 2462 formam
823 2408 1226 2464 subiissetzila
1282 2412 1632 2480 quantumvis
1686 2412 2003 2465 innumeros
2060 2410 2114 2465 in

533 2500 674 2555 ctelo
703 2500 1134 2571 160ihabere‘t,
1158 2503 1249 2572 qui
1272 2505 1509 2572 hymnos
1528 2502 1855 2571 laudesque,
1882 2504 1985 2558 hoc
2008 2512 2113 2567 est,

533 2592 803 2660 spiritalia
846 2592 1237 2662 incruentaque
1285 2594 1553 2649 sacriﬁcia
1592 2594 1667 2648 illi
1702 2594 1982 2659 dﬂ‘errent,
2035 2595 2112 2648 ni-

534 2683 830 2737 hilominus
855 2699 976 2753 quaa
1014 2685 1265 2740 humanae
1294 2694 1502 2741 natura
1530 2689 1861 2740 conveniunt
1905 2684 2116 2740 eidem-

533 2792 640 2845 que
683 2788 1051 2832 consentanea
1104 2786 1253 2845 sunt,
1285 2794 1553 2849 nusquam
1592 2796 1698 2835 non
1734 2780 1948 2849 integre
1983 2794 2119 2834 con-

534 2880 784 2933 servans,
850 2867 1145 2921 humanum
1193 2882 1410 2939 quoque
1463 2868 1832 2925 sacerdotium
1880 2882 1986 2923 non
2035 2877 2119 2923 est

535 2969 882 3028 aspernatus.
937 2956 1177 3014 Vocatus
1222 2973 1307 3016 est
1356 2962 1542 3030 itaque
1591 2971 1651 3015 ut
1696 2960 1900 3025 Aaron,
1956 2961 2117 3014 modo

2288 1046 2421 1099 AH'.
2473 1064 2491 1097 ι
2522 1045 2634 1100 Καὶ
2665 1047 2763 1117 οὐχ
2802 1047 2979 1117 ἐαυτῷ
3026 1064 3109 1110 τις
3157 1046 3430 1116 λαμϐάνει.
3471 1046 3570 1116 τὴν
3611 1047 3796 1116 τιμὴν.

2216 1137 2334 1191 ἀλλ’
2370 1139 2399 1191 6
2426 1138 2759 1210 καλούμενος
2786 1141 2891 1193 ὑπὸ
2914 1141 3007 1193 τοῦ
3032 1139 3189 1202 Θεοῦ,
3221 1140 3412 1209 ὥσπερ
3441 1141 3536 1191 καὶ
3569 1140 3796 1209 Ἀαρών.

2218 1229 2374 1283 Οὕτω
2408 1231 2502 1283 καὶ
2552 1234 2580 1284 6
2632 1232 2868 1301 Χριστὸς
2899 1231 2995 1302 οὐχ
3028 1231 3220 1284 ἑαυτὸν
3262 1232 3479 1295 ὲδόξασε
3506 1232 3799 1300 γενηθῆναι

2216 1323 2506 1394 ἀρχιερεὺς
2526 1332 2574 1387 ι,
2608 1324 2723 1377 ἀλλ’
2752 1326 2781 1377 6
2828 1324 3067 1395 λαλήσας
3117 1324 3255 1395 πρὸς
3298 1323 3495 1375 αὐτόν’
3540 1323 3667 1385 Υἱός
3700 1340 3798 1389 μου

2216 1410 2270 1467 εἴ
2304 1418 2389 1477 σὺ,
2416 1415 2527 1484 ἐγὼ
2558 1417 2802 1487 σήμερον
2830 1415 3139 1486 γεγέννηκά
3169 1432 3249 1469 σε.
3272 1433 3291 1466 ι
3312 1415 3371 1467 Ὀ
3392 1414 3582 1478 καθεὶς
3611 1415 3800 1467 ἑαυτὸν

2217 1507 2297 1569 εἱς
2323 1504 2574 1569 κένωσιν,
2607 1507 2894 1578 περιμένει
2923 1507 3117 1578 κλῆσιν
3153 1509 3253 1577 τὴν
3276 1508 3341 1561 ὲκ
3368 1507 3584 1578 Πατρὸς
3614 1510 3797 1578 φέρουο

2220 1605 2366 1651 σανῖ
2413 1600 2491 1663 εἱς
2544 1598 2845 1669 ἱερωσύνην
2878 1599 2960 1653 ὅτι
3000 1600 3065 1670 δὴ
3117 1599 3351 1670 μάλιστα
3378 1600 3586 1671 συνήθη
3617 1617 3678 1653 τε
3710 1604 3802 1654 καὶ

2218 1689 2699 1761 πρεπωδεστάτην,
2724 1690 2785 1743 ού
2817 1693 2882 1762 τῇ
2920 1689 3087 1744 αὐτοῦ
3118 1690 3278 1761 φύσει
3308 1691 3531 1758 μᾶλλον,
3559 1691 3697 1746 ἀλλά
3737 1695 3803 1763 τῇ

2218 1779 2343 1833 καθ’
2376 1780 2544 1850 ἡμᾶς,
2572 1780 2819 1833 τουτέστι
2849 1783 2918 1852 τῇ
2949 1780 3300 1854 ἀνθρωπίνῃ·
3330 1774 3399 1852 ἧς
3428 1781 3663 1851 ἐπείπερ
3694 1782 3804 1844 [σος

2218 1872 2463 1940 γέγονεν,
2499 1870 2763 1942 ὑπομένει
2822 1871 2891 1925 τά
2936 1872 3131 1942 αὐτῆς,
3175 1871 3532 1943 ἀδικούμενος
3558 1871 3806 1927 ἐντεῦθεν

2218 1963 2278 2017 τδ
2317 1963 2539 2034 σύμπαν
2568 1964 2743 2027 οὐδὲν,
2785 1965 3055 2037 εὐτέχνως
3086 1963 3143 2017 δὲ
3178 1963 3376 2034 μᾶλλον
3403 1966 3470 2035 τῇ
3506 1964 3647 2035 μετά
3671 1980 3806 2034 σαρ-

2218 2054 2313 2115 κὸς
2331 2054 2615 2126 οἰκονομίᾳ
2640 2054 3166 2127 χρώμενος.”Ωσπερ
3184 2054 3294 2125 γὰρ
3318 2054 3412 2109 καὶ
3438 2054 3499 2107 τὸ
3522 2053 3625 2125 τὴν
3647 2053 3810 2123 φύσιν

2219 2143 2425 2215 Κύριος
2465 2144 2542 2200 ὣν
2586 2146 2908 2218 ,μεμένηκεν
2940 2145 3079 2217 ὅπερ
3112 2141 3204 2217 ἦν,
3246 2147 3341 2201 καὶ
3386 2148 3437 2199 εἰ
3482 2146 3707 2215 γέγονεν
3752 2144 3809 2197 ὲν

2217 2239 2284 2308 τῇ
2316 2237 2407 2289 τοῦ
2441 2237 2627 2291 δούλου
2659 2241 2843 2310 μορφῇ
2864 2256 2880 2271 ο
2902 2237 3045 2292 οὕτω
3077 2239 3257 2309 φαμὲν
3280 2240 3359 2291 ὅτι
3381 2239 3558 2292 καίτοι
3580 2237 3810 2309 μυρίους

2219 2328 2359 2399 ἔχων
2381 2331 2436 2382 ἐν
2462 2330 2677 2400 οὐρανῷ
2700 2331 2827 2393 τοὺς
2853 2330 3271 2401 ἱερουργοῦντας
3295 2330 3465 2400 αὐτῷ,
3485 2330 3587 2393 τὰς
3612 2328 3813 2399 νοητὰς

2218 2418 2462 2489 δηλονότι
2502 2420 2595 2472 καὶ
2623 2419 2995 2489 ἀναιμάκτους
3026 2419 3237 2483 θυσίας,
3271 2418 3475 2489 ὕμνους
3517 2419 3615 2471 καὶ
3658 2418 3811 2483 δοξο-

2219 2508 2427 2576 λογίας,
2448 2508 2543 2561 καὶ
2571 2508 2668 2579 τὴν
2694 2509 2815 2561 καθ’
2833 2510 2981 2579 ἡμᾶς
3005 2507 3307 2580 ἱερωσύνην
3334 2510 3561 2562 ποιεῖται
3587 2508 3809 2577 δεκτήν,

2219 2599 2520 2662 ἀποσώζων
2551 2599 2826 2670 πανταχοῦ
2855 2603 2969 2663 τοῖς
2996 2602 3093 2671 τῆς
3126 2602 3549 2671 ἀνθρωπότητος
3584 2600 3810 2671 μέτροις

2219 2686 2289 2740 τά
2334 2689 2619 2756 πρέποντά
2659 2705 2717 2740 τε
2753 2690 2846 2743 καὶ
2880 2690 3095 2743 ἐοικότα
3126 2691 3284 2761 αὐτῇ.
3316 2690 3593 2759 Κέκληται
3627 2689 3811 2741 τοίνυν

2221 2776 2363 2829 καθά
2385 2778 2478 2830 καὶ
2506 2776 2738 2848 Ἀαρὼν,
2759 2777 2897 2848 πλὴν
2922 2779 3022 2832 οὐκ
3051 2780 3109 2832 ἐν
3135 2779 3234 2849 ἱσῳ
3260 2780 3462 2850 τρόπῳ.
3479 2778 3540 2831 ’0
3573 2778 3673 2847 μὲν
3697 2778 3813 2848 γάρ

2221 2867 2434 2935 ἐχρίετο
2479 2867 2616 2938 πρὸς
2664 2868 2997 2938 ἱερουργίαν,
3030 2871 3125 2921 καὶ
3165 2865 3233 2939 ἦν
3283 2868 3532 2939 οἰκέτης·
3568 2868 3597 2919 6
3637 2868 3695 2921 δὲ
3734 2868 3813 2929 ὡς

2223 2959 2352 3021 Υἱὸς
2385 2958 2652 3025 καλεῖται,
2690 2960 2783 3012 καὶ
2820 2959 2961 3013 κατὰ
3009 2960 3107 3031 τὴν
3160 2960 3315 3026 τάξιν
3342 2959 3678 3029 Μελχισεδὲκ
3732 2960 3813 3011 ls-

538 3061 715 3105 tamen
748 3050 1017 3106 dissimili.
1052 3050 1314 3107 Ille'enim
1341 3061 1599 3123 tanquam
1625 3066 1817 3107 servus
1863 3052 2117 3106 inunctus

2225 3051 2447 3120 ρουργεί
2482 3048 2559 3119 τῷ
2608 3049 2802 3120 Πατρί.
2850 3052 2959 3102 Καὶ
2995 3051 3086 3103 τόν
3121 3067 3185 3116 γε
3218 3050 3318 3121 τῆς
3370 3050 3686 3122 ἱερουργίας
3725 3050 3816 3114 EE.

534 3157 620 3202 est
669 3148 734 3200 ad
785 3147 1189 3212 ministerium;
1229 3148 1316 3203 hic
1350 3162 1481 3205 vero
1525 3149 1824 3203 secundum
1870 3147 2119 3201 ordinem

536 3236 899 3291 Melchisedec
928 3248 1261 3305 assumptus,
1296 3246 1551 3305 tanquam
1580 3236 1752 3292 Filius
1775 3235 2124 3291 administrat

537 3327 705 3382 Patri.
740 3326 1110 3380 Saccrdotalis
1133 3340 1295 3395 porro
1330 3324 1626 3380 ministerii
1655 3325 1873 3378 modum
1906 3322 2121 3378 divinus

538 3417 768 3482 Paulus,
822 3417 888 3470 de
937 3416 1161 3472 Christo
1228 3416 1471 3471 omnium
1540 3424 1784 3471 nostrum
1834 3414 2122 3472 ‘Salvatore

542 3507 813 3569 scribens,
857 3506 1009 3560 hunc
1043 3506 1095 3559 in
1143 3506 1359 3561 modum
1401 3506 1667 3576 exponit:
1698 3522 1717 3555 ι
1742 3503 1843 3571 Qui
1885 3519 1992 3558 non
2034 3518 2122 3558 se-

539 3598 776 3652 cundum
827 3597 998 3669 legem
1078 3597 1320 3651 mandati
1366 3597 1602 3652 carnalis
1647 3596 1823 3652 factus
1866 3604 1976 3661 est,
2025 3595 2123 3652 sed

541 3692 838 3745 secundum
875 3690 1129 3743 virtutem
1163 3689 1284 3743 vita:
1326 3688 1720 3743 indissolubilis
1742 3686 1811 3740 ⁸ο.
1843 3707 1861 3740 ι
1895 3688 1990 3743 Est
2023 3688 2123 3741 ita-

538 3797 647 3852 que
698 3780 989 3837 sacerdotii
1026 3780 1170 3835 illius
1214 3779 1350 3834 ritus
1392 3779 1500 3833 ritu
1544 3779 1821 3833 Aaronico
1863 3777 1981 3833 sine
2012 3777 2122 3831 ulla

541 3874 952 3943 comparatione
987 3871 1351 3942 prmstantior.
1376 3869 1511 3925 Nam
1535 3870 1638 3925 etsi
1673 3870 1764 3925 ille
1784 3869 1849 3924 ad
1869 3869 2127 3924 sacerdo—‘

541 3966 679 4018 tium
711 3973 935 4018 vocatus
984 3973 1087 4027 est,
1124 3972 1387 4029 attamen,
1440 3971 1498 4015 ut
1542 3964 1702 4016 modo
1735 3962 1971 4026 aiebam,
2008 3970 2128 4015 erat

542 4072 778 4122 servus;
819 4056 907 4111 hic
950 4071 1080 4110 vero
1132 4055 1184 4110 in
1232 4069 1300 4111 eo
1344 4066 1561 4125 quOQue
1604 4064 1749 4110 statu
1804 4054 1896 4108 Dei
1936 4051 2127 4109 'Patris

546 4150 715 4203 Filius
752 4158 895 4214 erat,
930 4158 1124 4203 natura
1162 4148 1381 4218 quidem
1433 4157 1745 4216 aeternaque
1778 4145 2128 4217 generatione

544 4249 603 4296 nt
661 4241 804 4296 Deus
846 4251 901 4296 et
942 4239 1214 4307 Verbum;
1266 4248 1326 4293 ut
1370 4250 1571 4295 nostra:
1620 4248 1752 4293 vero
1798 4236 2126 4291 conditionis

544 4334 707 4387 homo
746 4331 1044 4387 secundum
1092 4330 1442 4386 novissimam
1501 4330 1554 4384 in
1607 4345 1775 4385 carne
1820 4328 2128 4400 generatio-

2222 3143 2439 3209 ηγεῖται
2471 3142 2671 3210 τρόπον
2713 3144 2741 3195 6
2785 3141 3071 3205 θεσπέσιος
3123 3142 3354 3207 Παῦλος,
3385 3142 3481 3195 ὡδὶ
3514 3142 3813 3213 γεγραφὼς

2226 3232 2353 3301 περὶ
2401 3230 2493 3284 τοῦ
2541 3233 2758 3286 πάντων
2803 3234 2960 3303 ἡμῶν
2992 3233 3244 3305 Σωτῆρος
3274 3233 3544 3304 Χριστοῦο
3582 3236 3718 3297 «⁸ος
3750 3234 3812 3287 ού

2227 3322 2373 3376 κατὰ
2422 3324 2586 3393 νόμον
2635 3324 2857 3394 ἐντολῆς
2906 3326 3168 3396 σαρκίνης
3220 3324 3462 3393 γέγονεν,
3493 3325 3632 3378 ἀλλά
3666 3326 3815 3380 κατὰ

2226 3413 2455 3484 δύναμιν
2507 3414 2654 3483 ζωῆς
2712 3416 3074 3479 ἀκαταλύτου.
3116 3436 3133 3467 ι
3195 3414 3407 3473 Οὐκοῦν
3463 3418 3814 3488 ἀσυγκρίτως

2227 3504 2467 3575 ἀμείνων
2508 3508 2536 3558 6
2581 3505 2682 3574 τῆς
2722 3506 3035 3577 ἱερουργίας
3073 3507 3294 3578 τρόπος.
3354 3510 3466 3562 Καὶ
3499 3511 3529 3562 6
3567 3510 3685 3579 μὲν,
3737 3509 3813 3570 ὡς

2227 3596 2385 3666 ἔφην,
2411 3596 2629 3667 οἰκέτης
2658 3592 2747 3667 ἦν,
2777 3598 2954 3650 καίτοι
2987 3598 3322 3669 κεκλημένος
3354 3601 3435 3663 εἱς
3475 3599 3810 3671 ἱερωσύνην⁹

2227 3689 2256 3740 6
2283 3687 2341 3740 δὲ
2373 3690 2467 3741 καὶ
2496 3686 2668 3750 οὕτως
2707 3686 2842 3751 Υἱὸς
2865 3687 2959 3741 τοῦ
3000 3687 3136 3741 Θεοῦ
3186 3688 3282 3742 καὶ
3319 3689 3555 3761 Πατρὸς,
3586 3689 3663 3752 ὡς
3711 3690 3816 3759 μὲν

2230 3779 2391 3849 φύσει
2420 3779 2553 3846 Θεὸς
2578 3783 2672 3836 καὶ
2698 3782 2871 3852 Λόγος
2901 3782 3040 3835 κατὰ
3068 3781 3168 3853 τὴν
3189 3781 3513 3852 προαιώνιον
3534 3781 3816 3851 γέννησιν⁹

2228 3867 2303 3933 ὡς
2342 3869 2398 3923 δὲ
2428 3870 2714 3940 ἄνθρωπος
2744 3871 2866 3925 καθ’
2895 3872 3045 3942 ἡμᾶς
3073 3870 3214 3923 κατὰ
3259 3870 3356 3941 τὴν
3401 3870 3679 3939 νεωτάτην
3718 3877 3815 3922 και

2231 3961 2515 4033 ἐνσαρκον,
2540 3958 2608 4034 ῆς
2639 3963 2807 4033 ἂνεῖη
2836 3963 3103 4017 δεικτικὸν
3141 3964 3235 4016 καὶ
3265 3963 3344 4028 τὸ,
3370 3962 3665 4031 σήμερον·
3696 3980 3815 4015 κω.-

2235 4052 2327 4123 ρδν
2375 4053 2484 4124 γὰρ
2533 4054 2665 4124 ἡμῖν
2713 4055 2968 4125 σημαίνει
2994 4056 3085 4108 τὸν
3119 4055 3471 4124 ἐνεστηκότα.
3501 4054 3815 4107 Οἱκειοῦται

2230 4145 2296 4217 δὴ
2337 4142 2432 4200 οὖν
2474 4148 2569 4201 καὶ
2616 4147 2714 4219 τὴν
2752 4149 3021 4219 σαρκικὴν
3051 4147 3218 4202 αὑτοῦ
3247 4148 3500 4217 γέννησιν
3525 4148 3553 4199 6
3581 4146 3773 4216 Πατήρ
3797 4161 3810 4175 ·

2232 4234 2338 4291 οἶδε
2370 4238 2499 4310 γὰρ,
2534 4236 2674 4293 οἶδεν
2712 4240 2840 4295 ίδιον
2869 4240 2996 4293 ὄντα
3031 4240 3155 4294 Υἱὸν
3173 4240 3265 4292 τὸν
3294 4239 3353 4303 ἐξ
3379 4236 3571 4292 ἑαυτοῦ
3594 4236 3812 4301 θείκῶς,

2233 4330 2329 4384 καὶ
2356 4330 2422 4384 ὲκ
2447 4314 2707 4400 γυναικὸς
2731 4332 3104 4404 ἀνθρωπίνως.

543 4441 690 4490 nem,
715 4440 835 4495 qua:
865 4439 961 4494 per
984 4423 1136 4488 illud,
1167 4424 1342 4490 hodie,
1370 4425 1512 4493 quod
1541 4423 1829 4494 praesentis
1864 4423 2121 4494 temporis
2161 4432 2286 4479 nota
2328 4424 2569 4487 exsistit,
2611 4424 2800 4480 .nobis
2865 4426 3241 4479 adumbratur.
3276 4421 3445 4492 Igitur
3473 4421 3636 4476 Pater
3673 4420 3816 4474 nali-

543 4515 767 4569 vitatem
818 4514 871 4569 in
919 4529 1083 4570 carne
1121 4516 1189 4570 ad
1234 4529 1294 4571 se
1343 4530 1561 4586 quoque
1618 4515 1906 4585 pertinere
1964 4516 2197 4587 ‘judicat,
2238 4527 2507 4586 quatenus
2559 4516 2706 4571 illum
2760 4533 2917 4572 suum
2975 4518 3223 4588 agnoscit
3266 4515 3463 4570 Filium
3513 4515 3812 4569 secundum

545 4604 1036 4676 divinam‘qnidem
1086 4613 1335 4661 naturam
1387 4621 1453 4662 ex
1502 4607 1642 4676 ipso,
1686 4608 1984 4662 secundum
2018 4607 2309 4662 humanam
2344 4622 2473 4661 vero
2513 4621 2578 4661 ex
2610 4607 2853 4661 muliere.

614 4697 838 4754 XXXIX
879 4716 896 4750 ι
934 4695 1036 4763 Qui
1073 4697 1126 4752 in
1172 4698 1363 4753 diebus
1406 4699 1588 4753 carnis
1636 4714 1746 4754 sua:
1779 4712 2122 4769 precessup-

2304 4698 2429 4751 ΛΘ’.
2467 4718 2485 4749 ι
2524 4699 2618 4762 Ὃς
2670 4700 2728 4753 ὲν
2776 4699 2896 4762 ταῖς
2934 4698 3177 4769 ἡμέραις
3222 4697 3324 4767 τῆς
3376 4695 3575 4767 σαρκὸς
3627 4693 3814 4754 αὖτοῦ,

547 4792 977 4860 plicationesque
1024 4788 1091 4844 ad
1147 4804 1294 4856 eum,
1346 4789 1435 4859 qui
1498 4790 1672 4860 possit
1726 4790 1872 4844 illum
1924 4791 2131 4844 salvum

550 4885 731 4939 facere
773 4898 803 4937 a
847 4893 1044 4948 morte,
1090 4898 1213 4937 cum
1264 4883 1503 4939 clamore
1553 4880 1841 4938 valido'et
1877 4883 2132 4954 Iacrymis

549 4975 806 5040 oﬂcrens,
831 4974 1119 5030 evauditns
1159 4984 1240 5029 est
1268 4991 1365 5046 pro
1416 4991 1512 5030 sua
1557 4976 1881 5030 reverentia.
1916 4975 1982 5028 Et
2013 4975 2134 5043 qui-

542 5070 674 5123 dem
710 5081 833 5121 cum
874 5074 1019 5120 esset
1058 5066 1250 5132 Filius,
1313 5068 1502 5123 didicit
1548 5083 1612 5123 ex
1664 5068 1732 5123 iis
1773 5081 1892 5136 quae
1938 5081 2133 5136 passus

550 5168 637 5211 est
668 5157 1028 5212 obedientiam
1078 5176 1091 5212 :
1133 5168 1188 5212 et
1220 5168 1632 5214 consummatus
1670 5158 1847 5213 Iactus
1901 5168 1987 5212 est
2018 5172 2136 5212 om-

554 5248 714 5303 nibus
758 5246 1259 5319 obtemperantibus
1292 5250 1396 5305 sibi
1442 5265 1607 5305 causa
1654 5249 1845 5305 salutis
1892 5258 2134 5312 aeterna;

549 5466 553 5469 _
625 5398 671 5432 "
707 5397 871 5457 Hebr.
910 5418 993 5468 lx,
1018 5401 1108 5456 24.
1186 5403 1230 5435 ⁷³
1260 5402 1456 5472 Epltes.
1489 5419 1526 5469 t,
1556 5401 1645 5457 21.

2242 4789 2455 4861 δεήσεις
2485 4808 2544 4844 τε
2575 4791 2668 4843 καὶ
2699 4791 2977 4861 ἱκετηρίας
3009 4790 3147 4861 πρὸς
3175 4789 3265 4842 τὸν
3294 4787 3590 4857 δυνάμενον
3623 4785 3817 4848 σώζειν

2243 4882 2405 4935 αὐτὸν
2438 4883 2502 4935 ὲκ
2550 4881 2806 4948 θανάτου,
2853 4882 2992 4953 μετά
3036 4881 3281 4953 κραυγῆς
3317 4880 3543 4949 ἱσχυρᾶς
3588 4880 3681 4934 καὶ
3723 4878 3818 4931 δα-

2241 4972 2425 5043 κρύων
2470 4972 2864 5042 προσενέγκας,
2902 4973 2995 5026 καὶ
3029 4968 3401 5037 εἰσακουσθεὶς
3448 4968 3559 5022 ἀπὸ
3591 4967 3692 5037 τῆς
3734 4967 3821 5020 είι⁸

2241 5064 2482 5127 λαϐείας,
2522 5063 2728 5135 καίπερ
2755 5062 2831 5117 ὢν
2852 5064 3001 5131 Υἱὸς,
3025 5063 3254 5135 ἔμαθεν,
3281 5061 3375 5131 ἀφ’
3406 5052 3481 5113 ὧν
3502 5058 3696 5124 ἔπαθε,
3724 5059 3821 5129 τὴν

2244 5156 2528 5227 ὑπακοήν·
2588 5158 2683 5209 καὶ
2731 5155 3041 5219 τελειωθεὶς
3092 5154 3312 5223 ἐγένετο
3373 5153 3507 5206 πᾶσι
3556 5156 3665 5214 τοῖς
3721 5152 3822 5203 ὑπ-

2244 5247 2530 5301 ακούουσιν
2564 5247 2715 5319 αὐτῷ
2751 5250 2923 5313 αἴτιος
2962 5248 3236 5319 σωτηρίας
3264 5246 3485 5301 αἰωνίου
3506 5263 3520 5276 ·
3547 5260 3822 5315 προσαγο-

1725 5400 1769 5433 "
1805 5400 1966 5458 llcbr.
1995 5416 2050 5471 ν,
2087 5400 2141 5465 4,
2178 5399 2231 5454 5.
2311 5400 2355 5432 ⁸ο
2386 5401 2548 5459 Ilebr.
2576 5418 2673 5465 vn,
2710 5403 2795 5458 l6.

1658 5560 1833 5616 Variae
1864 5560 2123 5617 lectiones
2154 5561 2357 5618 codicis
2393 5561 2749 5633 Segnieriani.

628 5703 661 5735 ι
688 5697 967 5768 ἀρχιερέα.
1051 5706 1076 5748 γ
1110 5698 1504 5770 ἀποφέρουσαν.
