4132 6500
374 272 521 330 ἰἔι89

1198 274 1288 325 Al)
1328 270 1629 326 REGINAS
1673 271 1757 324 DE
1798 268 2029 324 RECTA
2070 268 2231 323 FIDE
2267 268 2529 325 ORATIO
2567 269 2862 325 ALTERA.

3508 272 3531 325 ί
3542 272 3645 327 3‘40

376 394 597 467 pequ‘t;
647 394 750 447 ὑπὸ
806 393 898 446 τοῦ
937 392 1072 445 Θεοῦ
1121 395 1409 464 ἀρχιερεὺς
1462 393 1605 447 κατὰ
1660 393 1757 464 τὴν
1810 392 1960 455 τάξιν

2082 390 2369 459 appellatus
2400 406 2427 443 a
2467 391 2576 444 Deo
2624 390 2866 460 pontifex
2899 391 3197 447 secundum
3223 393 3470 450 ordinem
3512 395 3644 448 Mel-

381 484 731 555 Μελχισεδέχ,
775 503 793 535 ι
836 484 893 534 Ὀ
923 483 1194 550 πάνσοφος
1244 482 1453 544 Παῦλος
1485 480 1787 535 ἐπιστέλλει
1812 520 1827 542 ,
1868 478 1960 531 καί

381 595 516 648 φησι
542 579 650 640 τοῖς
676 578 733 629 ἐν
764 576 942 628 πίστει
991 574 1433 644 δεδικαιωμένοις
1455 588 1469 605 ο
1510 591 1529 623 ι
1566 573 1819 642 Μιμηταί
1858 588 1958 641 μου

380 667 622 737 γίνεσθε,
654 666 835 729 καθὼς
863 665 1017 734 κάγὼ
1046 662 1303 736 Χριστοῦ.
1343 683 1361 715 ι
1403 662 1513 715 Καὶ
1553 662 1656 733 μὴν
1692 662 1787 716 καὶ
1816 664 1843 713 ὁ
1875 660 1960 712 θε-

386 760 607 822 σπέσιος
628 758 831 830 Πέτρος
851 775 866 789 ο
906 779 925 809 ‹
950 760 1107 811 Ποῖον
1138 756 1248 825 γὰρ
1281 756 1457 819 κλέος,
1491 756 1676 824 φησιν,
1710 755 1758 805 εἰ
1787 754 1965 821 ἁμαρ-

383 852 639 914 τάνοντες
697 852 790 904 καὶ
834 849 1249 918 κολαφιζόμενοι
1299 849 1654 917 ὑπομενεῖτε;
1714 845 1858 898 Ἀλλ’
1919 846 1966 896 εἰ

384 941 844 1011 ἀγαθοποιοῦντες
892 943 983 994 καὶ
1033 941 1335 1010 πάσχοντες
1387 940 1749 1008 ὑπομενεῖτε,
1809 936 1967 1001 τοῦτο

382 1034 543 1103 χάρις
568 1033 718 1102 παρὰ
745 1032 884 1103 Θεῷ,
915 1033 1038 1085 Ὅτι
1064 1032 1298 1103 Χριστὸς
1328 1031 1598 1085 ἀπέθανεν
1622 1032 1763 1101 ὑπὲρ
1785 1033 1965 1101 ἡμῶν,

388 1125 519 1195 ὑμῖν
573 1125 969 1195 ἀπολιμπάνων
1018 1124 1406 1196 ὑπογραμμὸν,
1457 1125 1543 1176 ἵνα
1592 1122 1968 1193 ἐπακολουθή-

387 1233 519 1287 σητε
563 1219 675 1279 τοῖς
724 1218 926 1286 ἴχνεσιν
958 1214 1149 1269 αὑτοῦ.
1191 1234 1209 1265 ι
1246 1214 1474 1283 Γέγονεν
1507 1215 1615 1286 ἄρα
1656 1215 1856 1276 σκοπὸς
1894 1211 1969 1283 τῷ

388 1308 685 1375 Μονογενεί
726 1307 825 1375 τὴν
870 1306 1003 1377 πρὸς
1039 1307 1186 1375 ἡμᾶς
1225 1306 1487 1375 ὁμοίωσιν
1529 1306 1728 1375 ἔχοντι,
1779 1304 1970 1356 παθεῖν

382 1400 770 1471 ἀνθρωπίνοις,
804 1399 898 1452 καὶ
926 1398 1132 1463 διδάξαι
1161 1399 1262 1470 μὲν
1290 1399 1417 1461 τοὺς
1451 1396 1600 1467 αὑτῷ
1634 1398 1968 1469 γνωρίμους,

388 1489 511 1544 τίνα
542 1490 606 1560 δὴ
645 1491 847 1561 τρόπον
877 1493 995 1554 ταῖς
1024 1489 1134 1543 τῶν
1179 1490 1502 1561 πειρασμῶν
1546 1489 1755 1558 ἐφόδοις
1804 1506 1974 1561 προσ·

388 1584 647 1655 έρχεσθαι
675 1581 801 1655 χρὴ,
840 1582 937 1635 καὶ
964 1582 1181 1644 ὁποίους
1210 1577 1351 1635 εἶναι
1383 1582 1646 1652 προσήκει
1690 1581 1816 1642 τοὺς
1845 1580 1971 1633 διω-

392 1675 659 1745 κομένους
691 1675 792 1745 τῆς
822 1676 902 1737 εἰς
933 1673 1065 1727 Θεὸν
1120 1672 1402 1735 εὐσεϐείας
1448 1672 1630 1738 ἕνεκα,
1660 1671 1754 1722 καὶ
1791 1668 1974 1724 κινδὺ-

2066 480 2402 535 ehiscdec“.
2437 498 2454 530 ι
2477 479 2924 549 Sapientissimus
2953 481 3151 538 Paulus
3185 485 3252 538 ad
3286 500 3402 552 eos,
3425 486 3516 556 qui
3548 502 3645 556 per

2069 574 2228 627 fidem
2270 571 2559 642 justifienti
2614 572 2853 634 fuerant,
2891 573 2963 626 ita
3009 574 3243 630 scribit:
3286 596 3306 627 ι
3346 577 3651 634 ltuitatores

2073 666 2176 721 mei
2203 674 2395 727 estote,
2421 665 2563 718 sicut
2594 673 2649 718 et
2674 679 2773 733 ego
2800 664 3005 719 Christi
3029 667 3095 722 θ’.
3133 687 3151 719 ι
3188 668 3327 735 Quin
3354 680 3409 725 et
3436 670 3651 726 divinus

2071 771 2288 827 quoque
2337 756 2564 810 Petrus:
2608 774 2626 805 ι
2671 754 2819 821 Quas,
2863 756 3057 824 inquit,
3108 767 3191 813 est
3221 760 3412 828 gloria,
3445 761 3489 815 si
3521 775 3652 831 pec-

2068 859 2277 911 cautes,
2301 856 2357 901 et
2385 847 2706 915 colaphizati
2751 846 3024 902 sun‘ertis?
3059 848 3164 903 Sed
3196 852 3239 905 si
3274 852 3411 908 bene
3444 852 3653 909 facien-

2073 949 2176 1003 tes,
2204 939 2474 1007 patienter
2502 938 2803 1004 sustinetis,
2824 939 2941 992 haec
2967 950 3046 993 est
3069 941 3238 1008 gratia
3275 944 3411 1011 apud
3442 944 3607 998 Deum
3635 964 3653 999 :

2070 1032 2198 1097 quia
2237 1040 2293 1086 et
2321 1031 2569 1085 Christus
2617 1046 2807 1098 passus
2839 1039 2923 1085 cst
2963 1046 3060 1100 pro
3093 1033 3269 1097 nobis,
3302 1036 3455 1090 vobis
3484 1036 3654 1092 relin-

2073 1138 2246 1190 quens
2296 1122 2627 1192 exemplum,
2664 1132 2724 1176 ut
2748 1124 3059 1191 sequamini
3098 1129 3322 1196 vestigia
3361 1129 3476 1194 ejus
3512 1132 3580 1181 ³³.
3628 1150 3649 1183 ι

2074 1215 2284 1282 Scopus
2332 1230 2461 1283 ergo
2495 1215 2788 1284 Unigenito
2833 1227 3080 1271 nostram
3116 1220 3524 1277 similitudinem
3550 1226 3654 1279 ha-

2076 1306 2222 1359 benti
2284 1306 2409 1368 fuit.
2479 1310 2774 1359 secundum
2836 1309 3128 1363 humanam
3192 1321 3442 1366 naturam
3514 1317 3655 1384 pati,

2074 1410 2310 1464 suosque
2347 1395 2640 1450 familiares
2680 1398 2930 1462 educere,
2970 1402 3124 1471 161
3164 1417 3269 1471 qua
3299 1404 3509 1461 ratione
3542 1416 3660 1460 teu-

2078 1488 2350 1540 tationmn
2396 1488 2693 1543 insultibus
2735 1490 2951 1544 obviam
3004 1492 3083 1546 ire
3132 1504 3402 1563 oporteat,
3434 1496 3661 1564 quales-

2077 1592 2183 1646 que
2232 1577 2306 1632 illi
2363 1593 2485 1633 esse
2539 1580 2772 1636 debeant
2827 1582 2918 1650 qui
2974 1583 3171 1637 divinae
3224 1585 3443 1654 pietatis
3495 1604 3660 1645 causa

2081 1671 2487 1737 persecutiones
2566 1673 2879 1741 patiuntur,
2918 1672 3029 1737 ,νει
3081 1690 3201 1728 cum
3251 1677 3664 1749 quibuscunque

389 1737 504 1829 νοίς
530 1737 909 1837 ἐμϐεϐηκότας
933 1768 1046 1829 τοῖς
1064 1776 1087 1802 ῑ
1106 1766 1236 1836 περὶ
1259 1764 1435 1835 ψυχῆς
1463 1765 1555 1818 καὶ
1590 1764 1861 1834 σώματος’
1880 1764 1975 1815 καὶ

2082 1757 2244 1810 animi
2277 1760 2626 1830 corporisque
2650 1761 2903 1829 periculis
2931 1761 3314 1819 conﬂictantur
3342 1786 3353 1819 :
3387 1778 3496 1822 tum
3524 1737 3663 1840 prae-

397 1858 624 1929 προσέτι
655 1857 836 1927 τούτῳ
880 1857 1193 1921 καταδεῖξαι
1228 1856 1327 1925 τῆς
1354 1856 1612 1925 ,ὑπακοῆς
1647 1855 1868 1918 εὐκλεὲς
1914 1855 1975 1906 τὸ

392 1952 565 2017 τέλος,
598 1952 684 2005 ἴνα
711 1952 803 2004 καὶ
847 1952 1007 2021 ἡμεῖς
1031 1948 1242 2020 ἄριστοί
1272 1965 1333 2001 τε
1377 1948 1472 2000 καὶ
1507 1947 1661 2016 σοφοὶ
1689 1946 1799 2000 τῶν
1829 1943 1976 2015 αὐτῷ

394 2041 801 2112 πεπραγμένων
855 2038 1214 2109 οἰκονομικῶς
1263 2035 1650 2108 εὑρισκώμεθα
1712 2034 1974 2104 μιμηταὶ,

390 2134 506 2196 τοῖς
535 2149 593 2185 τε
625 2131 828 2202 ἴχνεσιν
879 2130 1044 2185 αὑτοῦ
1093 2127 1516 2184 κατακολουθεῖν
1560 2127 1974 2192 σπουδάζοντες,

391 2224 485 2277 τὸν
512 2225 798 2295 εὐδόκιμον
828 2224 1043 2294 ἀληθῶς
1084 2223 1432 2293 διαξῄσωμεν
1476 2221 1616 2291 βίον.
1646 2222 1767 2274 ’Ότι
1798 2223 1978 2275 τοίνυν

392 2315 696 2386 ἄθραυστον
729 2316 873 2387 ἔχειν
908 2316 1174 2386 προσήκει
1215 2315 1275 2367 τὸ
1323 2314 1578 2384 φρόνημα
1625 2313 1751 2375 τοὺς
1794 2307 1872 2376 οἷς
1910 2313 1977 2365 ἂν

393 2410 531 2473 ὅλως
566 2409 854 2480 προκέοιτο
888 2409 1080 2462 παθεῖν
1127 2407 1266 2477 ὑπέρ
1297 2423 1357 2473 γε
1393 2406 1491 2473 τῆς
1521 2407 1600 2467 εἰς
1646 2405 1808 2457 αὑτὸν
1842 2406 1979 2472 ἁγά-

397 2520 527 2573 πης,
557 2502 654 2553 καὶ
686 2502 778 2555 τὸν
817 2500 957 2570 ὑπὲρ
990 2500 1087 2569 τῆς
1136 2496 1419 2559 εὐσεϐείας
1453 2496 1696 2549 κίνδυνον
1723 2497 1977 2565 ἡγεῖσθαι

396 2593 564 2663 ζωὴν,
612 2593 673 2657 ἐξ
704 2585 779 2648 ὧν
816 2591 1112 2661 ὑπέμεινεν
1145 2589 1329 2652 αὐτὸς,
1364 2589 1621 2658 πέπραχὲ
1649 2606 1706 2640 τε
1734 2589 1801 2640 δι’
1829 2590 1979 2657 ἡμᾶς

397 2682 775 2754 ἀνθρωπίνως,
822 2682 1096 2735 διδάσκειν
1131 2680 1403 2750 βούλεται.
1454 2679 1603 2748 Πλὴν
1650 2680 1751 2731 οὐκ
1787 2680 1979 2749 ἀφίησι

396 2777 525 2840 τοὺς
556 2775 976 2846 ἁνδριζομένους
1002 2775 1132 2843 είκῆ
1183 2772 1590 2843 παραῤῥίπτειν
1630 2772 1728 2834 τὰς
1769 2772 1978 2824 ἑαυτῶν

395 2869 596 2940 ψυχὰς,
629 2867 752 2921 οὐδὲ
801 2861 912 2919 οἷον
965 2865 1232 2935 μεθέντας
1277 2863 1565 2933 ἀτημελῶς
1600 2864 1658 2915 τὸ
1707 2863 1980 2933 πρακτέον

400 2960 494 3013 κα)⁹
519 2959 588 3011 τὰ
616 2958 684 3011 δι’
714 2948 790 3010 ὧν
818 2950 885 3026 ἦν
930 2954 1078 3015 εἰκὸς
1109 2951 1396 3017 σώζεσθαι,
1431 2954 1560 3021 παρ’
1590 2951 1781 3004 ἐλπίδα
1818 2951 1981 3020 μόνον

400 3048 717 3120 ἐκδέχεσθαι
762 3047 824 3099 τὸ
857 3049 968 3108 τοῖς
1001 3042 1385 3097 ἐθελοκακοῦσι
1418 3040 1627 3094 δοκοῦν.
1648 3041 1982 3095 ’Λναπείθων

396 3141 457 3194 δὲ
486 3140 687 3211 μᾶλλον
713 3135 1081 3191 συντείνεσθαι
1111 3134 1440 3205 προσευχὰς,
1471 3133 1566 3185 καὶ
1598 3132 1977 3201 άκατάληκτον

401 3232 671 3283 ποιεῖσθαι
690 3228 788 3298 τὴν
809 3224 993 3299 [πρὸς]
1024 3224 1155 3277 Θεὸν
1190 3223 1425 3277 ἱκετείαν
1443 3236 1491 3289 ι,
1516 3223 1688 3276 ταῦτα
1714 3223 1976 3287 διδάσκει,

394 3324 609 3395 δεήσεις
639 3339 697 3373 τε
731 3322 824 3372 καὶ
846 3315 1128 3387 ἱκετηρίας
1157 3317 1215 3368 ὲν
1238 3317 1357 3378 ταῖς
1387 3314 1624 3384 ἡμέραις
1656 3314 1754 3383 τῆς
1781 3314 1981 3385 σαρκὸς

396 3412 566 3466 αὑτοῦ
596 3409 992 3481 προσαγηοχὼς
1022 3407 1155 3477 πρὸς
1199 3404 1289 3458 τὸν
1322 3405 1621 3475 δυνάμενον
1649 3403 1843 3466 σώζειν
1882 3403 1982 3455 αὑ-

396 3504 490 3557 τὸν
524 3503 586 3555 ἐκ
612 3501 864 3555 θανάτου.

464 3691 563 3746 Μ’.
605 3692 750 3761 Ὅρα
785 3689 841 3742 δὲ
880 3690 1027 3750 ὅπως
1065 3686 1159 3740 καὶ
1187 3681 1561 3753 ἁγιοπρεποῦς
1596 3679 1897 3742 ἐπιεικείας
1923 3678 1984 3731 τὸ

393 3784 592 3855 χρῆμα
642 3782 1012 3853 μεμέστωται.
1065 3778 1138 3831 Τὸ
1190 3778 1289 3848 μὲν
1328 3776 1437 3847 γὰρ
1473 3771 1985 3844 καταθρασὺνεσθαι

399 3877 510 3930 τῶν
540 3873 884 3946 πειρασμῶν,
923 3870 1147 3941 ἀνδρίας
1194 3869 1292 3940 μὲν
1339 3868 1452 3937 ἔχει
1503 3865 1681 3932 δόξαν,
1735 3864 1882 3917 δοκεῖ
1929 3862 1986 3914 δέ

400 3985 518 4031 πως
545 3965 846 4039 ὑπεροψίας
874 3966 976 4016 οὐκ
1004 3964 1082 4025 είς
1107 3961 1256 4014 ἅπαν
1280 3957 1649 4029 ὴμοιρηκέναι
1666 3972 1679 3984 ⁸
1700 3955 1762 4008 τό
1784 3971 1845 4023 γε
1881 3954 1985 4024 μὴν

398 4056 632 4110 δεδιέναι
669 4056 765 4125 μὲν
801 4055 897 4107 καὶ
945 4049 1368 4107 ὑποστέλλεσθαι
1402 4048 1598 4110 δοκεῖν,
1637 4046 1730 4099 καὶ
1776 4047 1986 4099 δεῖσθαι

399 4148 538 4203 Θεοῦ
589 4147 685 4200 τοῦ
740 4145 934 4210 σώζειν
997 4143 1313 4215 ἰσχύοντος,
1368 4140 1654 4203 εὐλαϐείας
1719 4138 1989 4209 ὑπόληψιν

398 4240 538 4311 ἔχει.
574 4238 728 4293 Ἐπεὶ
768 4237 857 4291 διὰ
885 4236 1043 4289 ποίαν
1074 4234 1252 4288 αἰτίαν
1285 4236 1398 4297 τοῖς
1431 4232 1609 4311 ᾁγίοις
1644 4232 1985 4304 προστέταχε

398 4333 708 4406 μαθηταῖς·
746 4350 764 4382 ι
799 4330 969 4383 Ὅταν
1016 4329 1072 4381 δὲ
1114 4327 1385 4381 διώκωσιν
1420 4326 1564 4396 ὑμᾶς
1604 4326 1669 4377 ὲν
1713 4327 1778 4394 τῇ
1836 4323 1985 4376 πόλει

2080 1849 2289 1902 clarum
2320 1865 2537 1920 quoque
2562 1852 2885 1906 obcdientiac
2919 1854 3080 1910 tinem
3108 1858 3177 1911 ob
3202 1858 3390 1914 oculos
3420 1875 3661 1930 ponere.

2078 1938 2186 2011 quo
2236 1952 2290 1994 et
2350 1956 2446 1996 nos
2507 1957 2723 2012 quoque
2769 1946 2974 1999 strenui
3032 1948 3435 2019 prudentesque
3476 1967 3662 2006 eorum

2078 2050 2202 2104 quae
2232 2035 2529 2090 secundum
2575 2038 2759 2091 carnis
2792 2038 3253 2106 dispensationem
3290 2043 3378 2098 ille
3409 2048 3661 2114 patravit,

2082 2126 2386 2180 imitatores
2441 2127 2667 2191 inventi,
2734 2130 3086 2200 vestigiisque
3133 2134 3371 2203 ejusdem
3426 2139 3668 2194 studiose

2082 2218 2416 2285 insistentes,
2461 2218 2624 2273 vitam
2658 2233 2783 2275 vere
2810 2222 3092 2291 probatam
3129 2227 3521 2295 transigamus.
3559 2229 3667 2285 Per

2079 2321 2142 2361 ea
2195 2308 2360 2377 igitur
2408 2323 2528 2377 quae
2582 2310 2696 2379 ipse
2744 2320 2803 2365 ut
2842 2314 3007 2368 homo
3041 2324 3266 2385 propter
3295 2332 3392 2373 nos
3420 2318 3552 2375 fecit
3605 2337 3671 2376 ac

2082 2402 2326 2470 pertulit,
2382 2404 2671 2459 ostendere
2742 2405 2911 2459 vo‘iuit
2992 2405 3135 2473 illos,
3199 2410 3394 2478 quibus
3451 2424 3672 2483 propter

2084 2492 2200 2561 ejus
2230 2492 2573 2547 dilectionem
2624 2496 2901 2564 quidpiam
2955 2496 3242 2553 adversum
3280 2501 3521 2569 perferre
3543 2492 3673 2573 pre-

2084 2584 2318 2651 pos'rtum
2359 2595 2465 2650 est,
2507 2597 2743 2639 mentem
2801 2586 3050 2643 obtinere
3091 2588 3289 2645 debere
3356 2594 3565 2649 ﬁrmam
3618 2606 3674 2648 et

2085 2674 2496 2740 inconcussam,
2554 2691 2618 2730 ac
2669 2678 2942 2745 pericula,
2996 2694 3115 2747 qua:
3177 2683 3456 2752 religionis
3506 2700 3670 2740 causa

2086 2767 2477 2834 suscipiuntur,
2532 2768 2696 2821 vitam
2746 2770 3037 2825 mstiiuare.
3109 2773 3491 2830 Verumtamen
3556 2794 3664 2831 non

2086 2858 2349 2926 permittit
2377 2858 2513 2912 virili
2553 2859 2747 2913 robore
2780 2863 3037 2929 przeditos
3064 2864 3277 2921 animas
3309 2883 3435 2922 suas
3466 2877 3670 2922 temere

2086 2949 2343 3017 abjicere,
2394 2961 2487 3003 aut
2532 2953 2675 3020 quod
2724 2954 2992 3023 agendum
3040 2956 3326 3022 incumbit,
3372 2975 3466 3029 per
3502 2962 3674 3031 negli-

2012 3071 2056 3131 ε
2087 3044 2324 3129 gentiam
2354 3045 2677 3113 omittendo,
2705 3056 2759 3099 et
2791 3061 2886 3115 per
2926 3063 3048 3118 qua:
3082 3050 3226 3105 salus
3270 3051 3551 3123 obtingere
3581 3069 3673 3123 po-

2090 3146 2228 3199 test,
2278 3148 2596 3206 exspectare
2628 3141 2801 3193 solum
2836 3151 3036 3208 praeter
3081 3156 3229 3210 spem
3283 3145 3425 3211 quod
3461 3145 3673 3199 libitum

2087 3229 2192 3282 erit
2222 3228 2454 3299 maligne
2481 3230 2786 3299 agentibus,
2842 3231 2936 3285 sed
2966 3233 3230 3286 hortando
3261 3236 3460 3301 potius.
3481 3246 3540 3289 ut
3566 3238 3673 3290 im-

2090 3319 2242 3388 pigre
2284 3319 2548 3389 precibus
2596 3321 2938 3386 incumbant,
2995 3323 3210 3393 Deoque
3242 3324 3361 3379 sine
3394 3326 3675 3382 intermis-

2087 3412 2243 3466 sione
2274 3412 2596 3481 supplicent,
2651 3414 2769 3467 htec
2797 3414 2972 3481 docet,
3006 3415 3131 3471 dunt
3171 3416 3222 3471 itt
3267 3416 3464 3473 diebus
3493 3421 3675 3475 carnis

2086 3516 2199 3555 suae
2244 3502 2311 3555 ad
2355 3516 2502 3569 eum,
2558 3505 2649 3572 qui
2696 3504 2913 3559 salvare
2947 3520 2975 3558 a
3014 3516 3186 3562 morte
3226 3507 3377 3563 illum
3436 3520 3673 3581 poterat,

2087 3606 2278 3662 preces
2312 3600 2366 3646 et
2403 3594 2827 3663 supplicationes
2864 3597 3103 3653 offerret.

2154 3682 2275 3738 XL.
2306 3683 2604 3739 Considera
2651 3701 2810 3753 porro
2843 3697 2900 3741 ut
2946 3700 3165 3745 sanctos
3194 3693 3527 3752 condecente
3558 3713 3675 3753 mo-

2090 3774 2263 3830 destia
2329 3775 2717 3831 documentum
2772 3778 2880 3834 hoc
2942 3791 3174 3837 scatent.
3256 3785 3673 3845 Tentationibus

2088 3868 2233 3922 enim
2281 3868 2567 3923 audentius
2614 3870 2826 3925 obviam
2869 3872 2972 3937 ire,
3013 3874 3344 3932 fortitudinis
3378 3888 3463 3934 est
3512 3897 3675 3953 argu-

2092 3966 2355 4020 mentum,
2405 3958 2670 4026 superbiae
2720 3967 2899 4015 tamen
2954 3963 3263 4032 suspicione
3306 3982 3411 4021 non
3452 3971 3674 4024 omnino

2092 4061 2282 4100 carere
2327 4046 2576 4113 videtur;
2628 4052 2720 4102 sed
2755 4065 2971 4119 pavere,
3017 4062 3068 4107 et
3107 4051 3395 4111 formidine
3426 4061 3675 4118 contrahi

2093 4139 2286 4202 videri,
2317 4147 2372 4193 et
2408 4154 2599 4208 preces
2648 4142 2715 4195 ad
2762 4158 2885 4195 eum
2936 4143 3161 4202 fundere
3209 4148 3299 4216 qui
3338 4148 3548 4205 salvare
3581 4166 3675 4220 po-

2094 4238 2217 4295 test,
2254 4231 2355 4285 hoc
2388 4229 2662 4300 religionis
2693 4241 2778 4287 est
2807 4248 2962 4302 opus.
2997 4235 3209 4307 Alioqui
3242 4240 3385 4293 enim
3417 4255 3515 4295 cur
3562 4242 3679 4313 ipse

2093 4320 2301 4375 sanctis
2343 4320 2605 4391 apostolis
2636 4324 2935 4391 praecepit:
2988 4343 3005 4377 ι
3039 4326 3171 4380 Cum
3205 4342 3299 4383 vos
3342 4343 3678 4400 persequen-

402 4425 602 4496 ταύτῃ,
630 4422 863 4494 φεύγετε
895 4421 975 4484 είς
1002 4419 1099 4490 τὴν
1127 4419 1355 4490 ἐτέραν;
1395 4436 1414 4468 ο
1455 4416 1578 4480 Πῶς
1615 4414 1672 4468 δὲ
1703 4416 1797 4468 καὶ
1823 4413 1985 4478 αὐτὸς

2097 4419 2182 4465 tur
2211 4411 2261 4463 in
2295 4426 2397 4464 una
2446 4412 2685 4476 civitate,
2739 4414 2905 4481 fugite
2949 4416 3000 4469 in
3049 4416 3207 4471 aliam
3242 4419 3329 4472 lu'i
3362 4440 3380 4471 ι
3424 4436 3520 4475 cur
3547 4424 3676 4479 item

400 4519 432 4571 ὁ
466 4518 740 4585 πάνσοφος
785 4514 1019 4577 Παῦλος,
1073 4512 1253 4567 καίτοι
1295 4510 1468 4579 λέγων
1516 4510 1646 4580 ἡμῖν
1696 4508 1981 4578 ἐναργῶςο

407 4629 430 4661 ι
469 4609 565 4673 Τίς
603 4608 752 4678 ἡμᾶς
787 4605 1014 4675 χωρίσει
1040 4604 1148 4658 ἀπὸ
1174 4604 1277 4670 τῆς
1320 4600 1541 4669 ἀγάπης
1572 4598 1666 4652 τοῦ
1704 4597 1981 4668 Χριστοῦ;

404 4701 606 4770 θλίψις,
658 4700 693 4771 ἢ
743 4697 1108 4768 στενοχωρία,
1158 4694 1189 4764 ἢ
1218 4693 1499 4765 διωγμὸς,
1536 4693 1567 4763 ἢ
1599 4691 1789 4761 λιμὸς,
1822 4691 1854 4761 ἢ
1889 4708 1979 4759 γυσ

404 4793 609 4864 μνότης
627 4833 642 4856 ,
672 4791 705 4861 ἢ
739 4789 980 4851 κίνδυνος
1001 4828 1015 4852 ,
1047 4787 1078 4857 ἢ
1110 4786 1356 4858 μάχαιρα
1377 4802 1391 4851 ;
1419 4806 1439 4838 ι
1460 4786 1550 4838 τὸν
1570 4784 1670 4854 τῆς
1687 4783 1983 4855 Δαμασκοῦ

401 4883 797 4953 διαδιδράσκων
843 4880 1168 4952 ἡγούμενον,
1221 4879 1310 4931 διὰ
1351 4879 1450 4950 τῆς
1494 4878 1708 4946 θυρίδος
1749 4878 1982 4947 ὲχαλᾶτο

401 4977 493 5031 διὰ
539 4975 635 5029 τοῦ
682 4973 925 5043 τείχους;
960 4971 1107 5025 Ἔδει
1141 4970 1321 5023 τοίνυν
1358 4968 1561 5033 παντὸς
1612 4968 1817 5038 ἀγαθοῦ
1852 4967 1987 5022 καθ-

404 5068 618 5139 ηγητὴν
650 5064 743 5121 καὶ
768 5063 1089 5117 διδάσκαλον
1117 5062 1280 5115 αὐτὸν
1303 5064 1435 5133 ἡμῖν
1468 5060 1867 5131 ἀναφανεῖσθαι
1897 5059 1985 5112 τὸν

405 5159 662 5231 Χριστόν.
715 5156 949 5228 Προσῂει
987 5155 1085 5224 μὲν
1123 5153 1232 5223 γὰρ
1268 5152 1407 5221 μετὰ
1452 5151 1705 5221 κραυγῆς
1759 5150 1984 5218 ἰσχυρᾶς

406 5252 502 5303 καὶ
534 5249 835 5319 ἱκετηρίας,
879 5245 955 5309 ὡς
985 5243 1106 5298 καθ’
1153 5244 1299 5313 ἡμᾶς
1348 5240 1618 5309 γεγονὼς·
1653 5239 1984 5309 εἰσηκούσθη

440 5407 487 5439 ⁸⁸
522 5403 687 5459 ilebr.
717 5419 772 5470 ν,
806 5402 925 5456 7-9.
1002 5400 1046 5432 δ’
1076 5398 1094 5452 l
1124 5397 1251 5454 Cor.
1284 5412 1358 5463 XI,
1389 5398 1441 5451 l.

1516 5397 1562 5427 ⁸³
1597 5395 1613 5450 Ι
1644 5396 1791 5451 Petr.
1833 5412 1893 5462 tt,
1924 5394 2012 5449 ΞΟ.

2094 4504 2527 4575 sapientissimus
2552 4502 2774 4570 Paulus,
2804 4506 2892 4574 qni
2922 4505 3125 4562 diserte
3159 4508 3290 4564 dicit
3317 4528 3329 4563 :
3366 4529 3384 4562 ‹
3420 4513 3554 4577 Quis
3582 4529 3680 4569 nos

2095 4598 2371 4667 separabit
2401 4612 2430 4649 a
2482 4597 2753 4650 cbaritate
2800 4598 3044 4652 Christi?
3097 4601 3412 4668 tribulatio,
3459 4620 3525 4659 an
3578 4621 3678 4659 an-

2094 4690 2306 4760 gustia,
2346 4705 2412 4743 an
2451 4690 2793 4760 persecutio,
2844 4706 2909 4745 au
2953 4690 3153 4759 fames,
3203 4709 3269 4747 an
3324 4694 3573 4762 nuditas,
3612 4714 3678 4752 an

2092 4782 2417 4853 periculum,
2458 4799 2524 4835 an
2557 4782 2769 4853 gladius
2793 4784 2881 4836 ⁸³⁸2
2916 4802 2933 4835 ›
2996 4785 3451 4840 Damascenorum
3498 4788 3681 4857 praefe-

2093 4885 2236 4929 ctum
2281 4874 2513 4943 fugiens,
2546 4889 2577 4930 e
2599 4891 2753 4929 muro
2779 4891 2872 4944 per
2902 4874 3194 4930 fenestram
3228 4893 3421 4947 passus
3449 4889 3530 4934 est
3561 4896 3681 4937 sese

2098 4966 2306 5020 demitti
2338 4964 2585 5021 °'?Cum
2618 4966 2781 5036 igitur
2820 4968 3184 5022 necessarium
3217 4980 3360 5024 esset
3411 4981 3469 5025 ut
3542 4972 3681 5042 ipse-

2100 5066 2211 5111 met
2241 5054 2490 5111 Christus
2525 5056 2590 5109 ad
2624 5056 2852 5124 quodvis
2881 5056 3076 5110 bonqu
3106 5073 3244 5127 opus
3273 5059 3460 5116 ducem
3490 5076 3550 5125 se
3579 5078 3679 5117 no-

2096 5144 2181 5199 bis
2213 5158 2717 5215 prmceptoremque
2765 5147 3069 5213 exhiberet,
3122 5149 3296 5205 valido
3340 5151 3576 5206 clamore
3627 5164 3684 5207 ct

2096 5239 2491 5309 supplicatione
2542 5248 2799 5308 tanquam
2839 5241 3001 5297 honto
3045 5242 3110 5297 ad
3143 5241 3311 5299 Deum
3344 5248 3608 5311 accessit,
3648 5262 3679 5300 ι

2089 5394 2136 5426 ⁸⁸
2169 5394 2359 5449 Matth.
2391 5410 2447 5459 x,
2478 5394 2570 5449 23.
2650 5396 2694 5428 ⁸³
2729 5395 2887 5451 Rom.
2927 5413 3048 5463 vnt,
3079 5398 3168 5453 55.
3251 5398 3445 5456 “Act.
3481 5417 3556 5469 ιιι,
3587 5403 3680 5462 ‘25.

1519 5530 1694 5587 Varia:
1732 5529 1995 5587 lectiones
2018 5530 2220 5587 codicis
2246 5528 2609 5597 Seguieriaui.

413 5681 440 5712 ³
475 5670 843 5734 ἐκδεδωκότας
876 5671 1101 5735 ἑαυτοὺς
1126 5672 1259 5733 τοῖς.
1336 5680 1362 5708 α
1395 5666 1556 5721 αὐτὸν
1584 5666 1812 5720 ίκεσίαν.
