4132 6452
553 264 682 319 1391

1514 264 1573 318 S.
1613 259 1895 319 CYRILLI
1935 263 2410 325 ALEXANDRINI
2447 266 2759 324 ARCIIIEP.

3682 270 3814 329 '39?

551 396 659 449 quo
705 380 866 434 etiam
921 391 1177 453 tanquam
1214 396 1372 437 verus
1416 384 1782 454 naturalisque
1815 386 2004 447 Filius.
2042 389 2125 457 qui

2238 388 2314 451 δὲ,
2366 390 2443 452 ὡς
2490 389 2647 458 φύσει
2678 391 2774 444 καὶ
2805 391 3021 461 ἀληθῶς
3056 392 3181 456 Υἱὸς
3233 394 3294 447 οὐ
3342 395 3812 465 παρακουόμενος.

550 474 821 541 repulsam
884 474 989 542 pati
1050 488 1154 528 non
1203 482 1412 543 posset,
1469 476 1753 531 exauditus
1805 487 1909 533 est.
1974 480 2133 550 162

557 584 575 615 ι
617 565 723 634 Ego
764 566 932 627 enim,
981 565 1176 632 inquit,
1217 565 1454 620 sciebam
1503 567 1627 635 quia
1675 582 1889 638 semper
1918 585 2004 623 me
2032 586 2131 622 au-

552 659 637 712 dis
668 658 736 710 “7.
772 676 790 709 ι
840 656 907 711 Ut
937 656 1079 711 enim
1130 667 1347 711 nostras
1378 671 1565 727 preces
1607 658 1716 714 Deo
1750 659 1997 715 redderet
2040 677 2133 717 ac-

551 760 755 819 ceptas,
795 750 907 819 ipse
934 749 1140 820 primus
1168 764 1277 802 rem
1304 763 1531 805 exorsus
1553 760 1655 819 est,
1686 760 1941 821 paternas
1970 767 2130 809 aures

553 850 654 907 hac
683 849 891 902 ratione
925 849 1176 901 humana:
1210 857 1419 902 naturae
1453 846 1851 916 quodammodo
1882 844 2130 914 aperiens

550 942 916 1012 dilatansque,
959 951 1011 995 et
1060 956 1249 995 eorum
1309 938 1471 1002 votis,
1513 938 1604 1007 qui
1649 936 1791 991 illius
1826 951 1985 990 causa
2030 935 2130 987 ali-

547 1034 762 1103 quando
818 1033 1276 1103 periclitarentur,
1326 1029 1514 1083 faciles
1572 1037 1958 1097 promptasque
2016 1025 2129 1080 clli-

546 1128 717 1195 eiens.
753 1124 861 1180 Nos
909 1125 1089 1193 itaque
1133 1124 1248 1192 ipso
1296 1119 1457 1174 veluti
1493 1120 1544 1173 in
1572 1118 1744 1172 altero
1790 1117 2003 1187 generis
2032 1131 2129 1169 no-

547 1220 643 1272 stri
698 1219 965 1286 principio
998 1230 1234 1274 eramus.
1279 1214 1368 1283 qui
1402 1212 1580 1265 valido
1609 1226 1731 1265 cum
1779 1210 2019 1266 clamore
2074 1218 2130 1264 et

551 1312 800 1381 lacrymis
824 1347 837 1372 ,
868 1320 923 1364 ut
958 1307 1146 1362 mortis
1178 1303 1462 1374 imperium
1493 1303 1547 1357 in
1577 1302 1731 1355 nobis
1776 1300 2086 1356 aboleretur
2108 1340 2125 1367 ,

548 1415 597 1457 ιιι
634 1406 737 1456 vita
775 1413 980 1457 naturae
1030 1411 1228 1453 nostra:
1256 1399 1526 1468 quondam
1567 1397 1764 1451 donata
1808 1396 1986 1450 denuo
2030 1394 2127 1450 lir-

550 1506 809 1556 nutretnr,
841 1493 1000 1546 enixe
1027 1491 1473 1562 elﬂagitahantus.

621 1581 752 1636 XLI.
789 1581 958 1634 Porro
996 1589 1196 1641 autem,
1238 1578 1381 1649 quod
1426 1578 1837 1649 obtemperandi
1870 1576 1978 1630 Deo
2013 1586 2127 1631 stu-

544 1676 688 1729 dium
758 1672 1017 1741 praeclara
1096 1673 1345 1727 mercede
1407 1680 1686 1740 peusetur,
1750 1672 2124 1740 illustremque

543 1766 745 1819 exitum
802 1762 1085 1827 sortiatur,
1139 1762 1242 1817 hoc
1278 1776 1343 1816 ex
1379 1762 1495 1830 ipso
1542 1763 1733 1818 eodem
1785 1776 2001 1817 rursum
2045 1760 2127 1815 di-

542 1871 694 1911 scere
724 1855 870 1909 licet.
920 1872 939 1905 ι
974 1853 1053 1908 Ex
1100 1853 1204 1920 bis,
1242 1854 1438 1923 inquit,
1472 1870 1592 1925 qua:
1620 1870 1816 1927 passus
1847 1865 1951 1919 est,
1984 1854 2126 1910 didi-

542 1950 613 2013 cit
640 1947 999 2002 obedientiam
1032 1946 1098 1998 ⁸⁸.
1140 1966 1159 1997 ›
1190 1945 1341 2012 Quod
1372 1947 1598 2015 perinde
1629 1959 1730 2013 est,
1764 1963 1828 2004 ac
1862 1949 1906 2004 si
1936 1948 2081 2002 dicat
2108 1965 2120 2001 :

549 2060 567 2093 ι
609 2039 925 2093 Huntiliavit
958 2038 1329 2108 semetipsum,
1362 2039 1535 2093 factus
1564 2040 1821 2094 obedieus
1856 2053 2025 2109 usque
2057 2022 2149 2093 adi

542 2137 795 2189 mortem,
846 2135 1072 2179 mortem
1119 2138 1298 2179 autem
1347 2128 1523 2181 crucis
1555 2126 1622 2182 ‘9.
1679 2148 1696 2180 ι
1738 2126 2123 2183 Verumtamen

541 2220 594 2273 in
627 2233 689 2272 ea
719 2218 1024 2286 abjectione
1056 2227 1109 2271 et
1144 2217 1452 2272 humilitate
1480 2234 1583 2271 non
1620 2221 1917 2288 permansit
1950 2238 1963 2275 :
1998 2235 2121 2274 nam

540 2310 976 2380 superexaltatus
1027 2321 1133 2375 (εει,
1176 2312 1414 2375 nomine,
1466 2311 1610 2379 quod
1646 2326 1809 2379 super
1843 2328 2002 2365 omne
2030 2328 2125 2365 no-

539 2418 686 2466 men,
738 2412 959 2472 accepto
985 2401 1053 2459 ‘°.
1088 2404 1332 2454 llutmtna
1374 2406 1591 2471 quidem
1622 2414 1705 2456 est
1736 2404 1894 2472 hujus
1936 2405 2127 2459 dictio-

540 2493 624 2547 nis
665 2492 831 2560 ligura
859 2510 871 2544 :
901 2508 1087 2545 verum
1117 2493 1328 2546 illuStre
1353 2494 1506 2545 nobis
1533 2492 1838 2561 exemplum
1874 2493 1960 2547 hic
1998 2510 2125 2563 pro-

539 2586 790 2656 ponitur;
832 2586 1138 2640 ostenditur
1168 2585 1310 2638 enint
1341 2585 1703 2639 obedientiam
1735 2595 1791 2640 et
1830 2586 2123 2655 gloriosam

538 2686 593 2730 et
615 2677 971 2730 admiratione
1004 2676 1219 2743 dignam
1276 2684 1328 2728 et
1364 2676 1627 2729 bonorum
1661 2676 1899 2729 omnium
1942 2676 2126 2730 conci-

538 2766 801 2819 liatricem
850 2780 991 2821 esse.
1021 2765 1173 2831 Quod
1207 2766 1371 2837 igitur
1400 2767 1715 2821 Emmanuel
1745 2784 1851 2823 non
1890 2779 2017 2823 ante
2046 2770 2127 2823 iu-

536 2858 932 2922 carnationem,
988 2860 1083 2911 sed
1133 2857 1186 2910 in
1243 2858 1431 2911 diebus
1474 2856 1655 2911 carnis
1714 2873 1823 2912 sua:
1869 2856 2126 2929 (quando

538 2949 818 3013 nimirum,
851 2951 986 3004 citra
1024 2950 1209 3015 ull.un_
1232 2961 1439 3014 notam,
1476 2949 1723 3020 citraque
1760 2966 1977 3006 omnem
2009 2968 2126 3005 om-

2244 500 2260 531 ι
2286 479 2428 549 Ἐγὼ
2458 480 2589 552 γὰρ,
2624 482 2808 552 φησὶν,
2841 481 2987 553 ᾔδειν
3018 485 3101 537 ὅτι
3140 485 3369 538 πάντοτέ
3400 504 3503 554 μου
3531 486 3807 549 ἀκούεις..

2237 572 2357 626 Ἵνα
2399 573 2508 644 γὰρ
2539 574 2632 627 καὶ
2676 575 2775 640 τὰς
2800 577 2832 645 ἡ
2844 575 2960 645 μῶν
2990 579 3299 647 προσευχὰς
3330 577 3525 640 δεκτάς
3560 578 3813 646 γενέσθαι

2234 667 2667 740 παρασκευάσῃ,
2703 666 2866 721 πάλιν
2902 666 3065 733 αὐτὸς
3096 670 3401 739 ἁπάρχεται
3426 671 3521 723 τοῦ
3550 673 3814 740 πράγμα-

2232 772 2345 819 τος,
2398 760 2682 828 μονονουχὶ
2713 760 3062 829 κατευρύνων
3090 763 3157 831 τῇ
3188 761 3477 831 ἀνθρώπου
3522 762 3684 832 φύσει
3715 763 3815 831 τὴν

2232 848 2328 901 τοῦ
2359 849 2569 919 Πατρδς
2604 851 2793 921 ἀκοὴν,
2828 849 2924 904 καὶ
2960 845 3072 904 οἷον
3098 853 3456 924 ἑτοιμοτάτην
3487 852 3813 924 παρατιθεὶς

2230 942 2352 1004 ταῖς
2394 940 2501 993 τῶν
2553 940 2622 994 δι’
2667 942 2832 996 αὑτὸν
2882 943 3303 999 κινδυνευόντων
3344 946 3552 1016 εὐχαῖς.
3603 946 3812 998 Οὐκοῦν

2231 1031 2394 1100 ἡμεῖς
2435 1027 2579 1102 ἦμεν
2624 1033 2682 1084 ὲν
2715 1026 2887 1104 αύτῷ,
2929 1034 3181 1107 καθάπερ
3224 1037 3282 1089 ἐν
3317 1037 3541 1107 ἀπαρχῇ
3580 1036 3809 1107 δευτέρᾳ

2228 1119 2326 1174 τοῦ
2368 1122 2579 1190 γένους,
2627 1124 2677 1177 οἱ
2706 1124 2845 1194 μετά
2880 1127 3129 1197 κραυγῆς
3161 1129 3387 1198 ίσχυρᾶς
3422 1129 3514 1181 καὶ
3545 1129 3647 1181 οὐκ
3680 1128 3809 1181 ἀδι-

2230 1214 2390 1285 κρυτὶ
2436 1215 2886 1287 προσευχόμενοι,
2936 1219 3031 1271 καὶ
3090 1218 3152 1271 τὸ
3184 1218 3279 1271 τοῦ
3328 1219 3563 1273 θανάτου
3611 1221 3809 1291 κράτος

2229 1306 2645 1379 καταργηοῆναι
2674 1309 3147 1380 παρακαλοῦντες,
3176 1313 3393 1383 ἰσχύσαι
3423 1314 3478 1366 δὲ
3514 1313 3612 1383 τὴν
3642 1312 3808 1383 ζωὴν,

2227 1401 2328 1472 τὴν
2356 1402 2452 1455 καὶ
2484 1402 2655 1457 πάλαι
2680 1407 2748 1475 τῇ
2790 1403 2949 1473 φύσει
2984 1403 3387 1477 δεδωρημένην.

2300 1575 2578 1630 ΜΑ’.”οτι
2604 1577 2660 1631 δὲ
2691 1576 2755 1629 τὸ
2790 1577 3101 1632 ὑπακοῦσαι
3130 1577 3250 1649 Θεῷ
3278 1580 3534 1651 λαμπρὸν
3564 1581 3657 1631 καί⁸
3687 1580 3812 1632 ἀπό-

2231 1666 2462 1722 δλεπιον
2507 1667 2617 1739 ἔχει
2663 1668 2723 1721 τὸ
2755 1669 2949 1740 πέρας,
2993 1670 3070 1734 ὡς
3112 1671 3170 1723 ἐν
3200 1671 3350 1742 αὐτῷ
3378 1671 3441 1742 δὴ
3479 1671 3638 1724 πάλιν
3682 1672 3808 1738 όψό⁴

2234 1761 2394 1832 μεθα.
2429 1780 2446 1813 ι
2491 1761 2607 1830 ’Δφ’
2640 1755 2717 1816 ὦν
2748 1761 2881 1832 γάρ,
2920 1762 3106 1833 φησὶν,
3134 1762 3354 1827 ἔπαθεν,
3376 1762 3545 1834 ἔμαθε
3578 1763 3679 1832 τὴν
3708 1765 3810 1815 ὕπο

2228 1854 2417 1923 ακοήν.
2452 1873 2470 1906 ι
2504 1853 2729 1922 Ὅμοιον
2769 1853 2876 1925 γὰρ
2903 1853 2980 1915 ὡς
3029 1855 3077 1906 εἰ
3104 1853 3251 1921 λέγοι
3281 1854 3473 1924 τυχόνο
3510 1874 3527 1904 ι
3551 1854 3812 1907 Τεταπεί-

2227 1963 2402 2000 νωκεν
2451 1944 2661 2008 ἑαυτὸν,
2711 1944 3006 2014 γενόμενος
3054 1946 3293 2015 ὑπήκοος
3342 1947 3501 2014 μέχρι
3548 1946 3809 2011 θανάτου,

2229 2035 2461 2090 Θανάτου
2490 2027 2548 2088 δὲ
2579 2032 2836 2105 σταυροῦ.
2876 2052 2895 2085 ι
2936 2035 3078 2087 Ἀλλ’
3108 2036 3170 2088 οὐ
3200 2035 3477 2105 μεμένηκε
3510 2036 3771 2099 ταπεινός
3794 2052 3809 2065 ο

2230 2126 2565 2199 ὑπερυψὼθη
2613 2126 2722 2197 γάρ
2760 2126 2944 2179 λαϐὼν
2978 2128 3149 2197 ὄνομα
3181 2128 3242 2179 τὸ
3281 2128 3417 2198 ὑπὲρ
3464 2128 3571 2181 πᾶν
3614 2128 3810 2197 δνομα.

2241 2214 2606 2289 Ἀνθρώπινον
2633 2218 2733 2289 μὲν
2753 2215 2846 2270 τοῦ
2871 2217 3030 2285 λόγου
3058 2217 3117 2270 τὸ
3145 2218 3346 2287 σχῆμα,
3374 2218 3594 2289 ἄριστός
3611 2234 3675 2286 γε
3705 2218 3812 2289 μὴν

2228 2310 2308 2372 εἰς
2356 2310 2503 2378 ἡμᾶς
2549 2310 2579 2361 6
2629 2306 2725 2360 τοῦ
2761 2306 3088 2378 πράγματος
3136 2308 3327 2371 τύπος,
3372 2308 3568 2361 εὐκλεᾶ
3614 2326 3674 2360 τε
3715 2310 3812 2361 καὶ

2228 2398 2562 2465 ἁξιὰγαστον
2593 2396 2913 2465 ἀποφαίνων
2947 2396 3044 2467 τὴν
3074 2398 3339 2468 ὑπακοὴν,
3366 2397 3573 2452 καὶτοῦ
3604 2400 3811 2459 παντὸς

2229 2491 2361 2559 ἡμῖν
2394 2490 2650 2559 πρόξενον
2681 2486 2908 2555 ἀγαθοῦ.
2943 2488 3125 2551 Τύπος
3141 2486 3234 2541 οὖν
3263 2490 3371 2559 ἄρα
3399 2491 3491 2542 καὶ
3517 2491 3810 2559 ὑπογραμ-

2232 2583 2331 2652 μὸς
2364 2582 2443 2642 εἰς
2471 2582 2620 2649 ἡμᾶς
2645 2580 2706 2632 τὸ
2740 2580 2879 2651 μετὰ
2913 2581 3159 2651 κραυγῆς
3191 2583 3417 2652 ἰσχυρᾶς
3438 2583 3534 2635 καὶ⁵
3559 2582 3813 2651 δακρύων

2230 2672 2625 2742 προσεύχεσθαι
2658 2670 3053 2741 πειραζόμενον
3082 2674 3173 2724 τδν
3215 2673 3584 2743 Ἐμμανουὴλ,
3616 2675 3677 2724 οὐ
3705 2672 3813 2742 πρὸ

2228 2769 2325 2836 τῆς
2360 2765 2855 2837 ὲνανθρωπήσεως,
2888 2766 3001 2818 ἀλλ’
3032 2767 3091 2818 ὲν
3122 2768 3244 2828 ταῖς
3280 2767 3518 2837 ἡμέραις
3546 2768 3646 2835 τῆς
3678 2783 3811 2836 σαρ-

2230 2861 2323 2923 κὸς
2353 2858 2543 2924 αὐτοῦ,
2568 2859 2653 2913 ὅτε
2682 2859 2778 2911 καὶ
2802 2857 2961 2911 τοῦτο
2991 2857 3125 2929 δρᾷν
3161 2859 3509 2929 ἀνεγκλήτως
3540 2860 3690 2930 ἐξῆν,
3717 2859 3809 2914 0-)-

2228 2954 2317 3006 δὲν
2343 2954 2424 3015 εἰς
2454 2954 2553 3023 τὴν
2581 2952 2681 3021 τῆς
2734 2949 2993 3021 θεότητος
3021 2950 3379 3019 ἀδικούμενον
3409 2949 3593 3016 δόξαν,
3628 2950 3803 3020 ἀφιείο

532 3040 670 3094 nino
704 3039 897 3092 divinm
934 3040 1118 3108 gloriae
1152 3052 1263 3093 sua}
1304 3039 1554 3109 injuriatn
1592 3038 1771 3095 facere
1806 3042 1857 3095 id
1893 3039 2123 3108 licebat;

2232 3063 2333 3115 σης
2367 3046 2423 3098 δὲ
2457 3044 2661 3115 μᾶλλον
2695 3043 2826 3097 αὖτό
2852 3042 3011 3095 τοῦτο
3042 3042 3175 3113 δρᾷν
3202 3043 3301 3109 τῆς
3332 3044 3472 3111 μετά
3503 3042 3704 3111 σαρκὸς
3730 3043 3809 3093 οξ-

538 3131 647 3184 imo
676 3145 801 3184 vero
829 3132 1046 3198 quando
1089 3131 1419 3199 dispensatio
1463 3146 1586 3185 cum
1620 3146 1788 3186 carne
1829 3132 1944 3187 lleri
1978 3128 2126 3187 istud

537 3221 922 3291 permittebat:
968 3218 1169 3289 alioqui
1211 3223 1354 3276 enim
1401 3223 1673 3290 quomodo
1725 3222 1836 3276 vita
1891 3234 2124 3278 mortem

540 3312 846 3365 timuisset?
894 3316 913 3380 )
964 3320 1205 3366 tentatus
1257 3312 1731 3383 impugnatusque,
1780 3314 1957 3370 valido
1997 3329 2121 3369 cum

538 3403 778 3457 clamore
801 3411 855 3456 et
901 3402 1153 3474 lacrymis
1187 3403 1363 3457 oravit
1398 3418 1414 3458 :
1448 3402 1499 3458 id
1530 3404 1685 3460 nobis
1719 3404 1787 3460 ad
1813 3406 2119 3475 exemplum

538 3497 681 3565 quod
726 3496 999 3549 imitemur
1029 3534 1046 3561 ,
1083 3495 1414 3565 propositum
1449 3510 1571 3552 esse
1603 3497 1921 3552 existimare
1959 3498 2123 3552 debe-

539 3605 680 3644 mus.
737 3586 871 3641 Nam
925 3602 1049 3642 cum
1098 3582 1217 3657 ipse
1262 3602 1359 3641 nos
1403 3586 1456 3641 iu
1514 3588 1770 3658 periculis
1817 3588 1948 3643 velit
2003 3604 2126 3643 esse

538 3694 699 3746 quant
729 3678 1177 3742 auintosissimos,
1206 3693 1503 3748 eorumque
1545 3677 1719 3733 minas
1750 3697 1768 3730 ι
1802 3680 1895 3750 qui
1925 3692 2126 3749 corpus

542 3782 749 3825 tantum
780 3766 1138 3837 occidunt”,
1166 3789 1185 3822 ι
1219 3780 1570 3825 contemnere
1592 3771 1781 3841 jubeat
1811 3788 1825 3824 :
1853 3769 2123 3841 quomodo

540 3863 908 3932 deprehensus
939 3874 1084 3919 esset
1118 3860 1255 3917 allici
1287 3863 1516 3919 timore?
1559 3872 1653 3917 aut
1687 3860 1957 3933 quomodo
1982 3862 2124 3916 vires

537 3970 645 4008 non
691 3956 972 4009 habuisset
1002 3962 1229 4009 mortem
1268 3970 1296 4007 a
1327 3954 1540 4024 propria
1577 3968 1741 4009 carne
1792 3952 2118 4023 depellendi,

2231 3137 2523 3206 κονομίας·
2576 3134 2699 3188 ἐπεὶ
2732 3135 2853 3187 τίνα
2885 3133 3085 3203 τρόπον
3118 3132 3462 3203 κατεπτοὴθη
3512 3132 3740 3186 θάνατον
3776 3135 3811 3202 ἡ

2228 3226 2380 3298 (cui);
2422 3226 2478 3277 '0
2507 3224 2563 3277 δὲ
2594 3222 2689 3277 καὶ
2719 3224 2865 3294 ἡμᾶς
2896 3222 3090 3284 αὐτοὺς
3120 3221 3442 3290 ἀποφαίνων
3483 3220 3809 3290 εὐτολμοτά-

2224 3330 2373 3381 τους,
2405 3317 2501 3369 καὶ
2530 3316 2735 3384 λέγων’
2774 3335 2790 3365 ι
2834 3316 2927 3385 Μὴ
2957 3314 3208 3384 φοϐεῖσθε
3240 3313 3348 3366 ἀπὸ
3394 3313 3504 3366 τῶν
3549 3314 3807 3366 ἀποκτει-

2231 3409 2433 3461 νόντων
2458 3407 2519 3460 τὸ
2546 3408 2705 3476 σῶμα
2723 3424 2736 3437 ·
2774 3428 2793 3456 ι
2835 3407 2952 3469 πῶς
2992 3407 3058 3459 ἂν
3089 3407 3204 3476 ἥλω
3230 3405 3419 3459 παθὼν
3450 3406 3548 3476 τὴν
3574 3404 3808 3468 δειλία-ις

2229 3498 2265 3567 ἢ
2297 3496 2416 3560 πῶς
2442 3497 2508 3551 ἂν
2537 3496 2768 3567 ὴτόνησε
2805 3497 2903 3566 τῆς
2945 3496 3082 3558 ἰδίας
3117 3495 3319 3568 σαρκὸς
3348 3495 3690 3565 ἀποσοϐῆσαι
3717 3496 3812 3547 τὸν

2232 3588 2484 3655 θάνατον,
2516 3590 2546 3642 6
2577 3588 2796 3643 πάντων
2826 3588 2991 3641 αὑτὸν
3022 3588 3286 3657 ἀφιστὰς,
3317 3590 3345 3640 6
3378 3590 3475 3657 μιᾷ
3506 3592 3657 3658 φωνῇ
3683 3590 3811 3650 τοὺς

2230 3683 2289 3735 ὲν
2325 3682 2441 3745 τοῖς
2493 3681 2781 3752 μνημείοις
2812 3680 3053 3749 ἐγείρειν
3085 3679 3537 3748 ὑπισχνούμενος,
3580 3681 3675 3732 καὶ
3708 3681 3811 3731 οὐκ

2226 3772 2521 3841 ἀνέφικτον
2571 3771 2721 3841 αὑτῷ
2771 3773 2830 3825 τὸ
2878 3771 3071 3842 χρῆμα
3108 3771 3404 3835 δεικνύων;
3454 3771 3809 3842 Προσεφώνει

2229 3864 2332 3934 μὲν
2379 3864 2487 3932 γὰρ
2534 3860 2776 3935 Λαζάρῳ
2845 3864 2978 3947 μένιο
3015 3882 3033 3913 ε
3063 3863 3233 3933 Δεῦρο
3268 3863 3402 3928 εξω-
3438 3882 3455 3913 .
3490 3862 3571 3933 τῷ
3616 3863 3673 3916 δὲ
3713 3863 3813 3932 τῆς

2225 3956 2403 4028 χήρας
2436 3956 2569 4029 υἱῷο
2604 3976 2622 4007 ι
2668 3956 2964 4022 Νεανίσκε,
2999 3957 3082 4011 σοὶ
3110 3957 3277 4026 λέγω,
3306 3957 3585 4028 ἐγέρθητι.
3626 3975 3648 4008 ι

536 4053 627 4121 qui
663 4050 732 4105 ab
776 4048 1030 4103 omnibus
1069 4047 1216 4101 illam
1263 4047 1538 4114 amolitur,
1575 4047 1667 4116 qui
1704 4047 1819 4101 sola
1862 4062 1996 4101 voce
2030 4060 2126 4101 eos
2162 4047 2255 4116 qui
2304 4048 2357 4103 in
2399 4050 2767 4103 monumentis
2807 4059 2956 4114 sunt,
3027 4064 3087 4103 se
3129 4048 3490 4103 excitaturum
3541 4046 3807 4116 promisit,

538 4153 593 4197 rt
620 4157 678 4197 re
724 4144 838 4211 ipsa
896 4141 946 4195 id
1000 4153 1060 4195 se
1108 4152 1273 4210 posse
1318 4137 1616 4193 declaravit
1661 4137 1749 4192 "‘1
1804 4138 2127 4193 Acciamans
2165 4139 2309 4193 enim
2366 4138 2622 4194 Lazaro:

2700 4159 2718 4191 ι
2750 4138 2887 4196 Vetti
2946 4141 3093 4195 foras
3118 4141 3205 4205 ";
3234 4159 3254 4191 ι
3306 4149 3361 4194 et
3410 4142 3584 4194 vidum
3656 4140 3765 4193 libo
3794 4177 3811 4190 .

544 4256 563 4287 ι
595 4235 951 4299 Adolescens,
988 4231 1086 4287 tibi
1119 4230 1261 4293 dico,
1298 4245 1460 4298 surge
1498 4229 1545 4261 "
1578 4248 1590 4283 :
1633 4248 1653 4281 ι
1696 4239 1989 4299 utrumque
2018 4230 2204 4285 statim
2238 4230 2292 4285 in
2330 4231 2497 4284 vitam
2546 4232 2849 4287 revocavit.

610 4318 771 4383 XLII.
816 4324 969 4392 Quod
995 4323 1041 4378 si
1091 4323 1183 4394 qui
1232 4331 1377 4385 sunt,
1423 4320 1513 4391 qui
1561 4330 1749 4375 contra
1786 4316 2123 4388 Scripturam

2303 4320 2439 4375 MB’.
2472 4321 2536 4373 El
2573 4320 2629 4374 δὲ
2660 4321 2724 4391 δή
2750 4339 2893 4386 τινες
2927 4314 3039 4375 εἷεν
3079 4323 3129 4376 οἱ
3171 4321 3475 4393 τολμῶντες
3505 4323 3705 4393 λέγειν,
3738 4325 3811 4391 ὡς

540 4417 848 4475 temeritate
901 4412 1134 4485 quadam
1193 4409 1349 4481 163
1402 4423 1569 4479 prave
1618 4408 1933 4475 sentientes,
1972 4406 2121 4460 illum

539 4526 638 4583 per
665 4524 724 4565 se
765 4506 1043 4577 vulgarent
1081 4514 1286 4559 tantum
1329 4503 1602 4558 hominem
1636 4500 1912 4556 exstitisse
1942 4499 2125 4555 dicere

541 4602 794 4664 audeant,
843 4597 933 4668 qui
981 4611 1046 4651 ex
1078 4608 1234 4651 sacra
1279 4592 1501 4664 Virgine
1543 4604 1695 4647 ortus
1724 4607 1845 4647 cum
1886 4592 2123 4645 clamore

539 4694 719 4749 valido
758 4700 815 4746 et
854 4690 1111 4762 lacrymis
1142 4702 1331 4758 preces
1371 4696 1425 4741 et
1452 4685 1877 4756 supplicationes
1928 4684 2123 4739 obtulit

506 4844 509 4845 ν
544 4787 618 4840 illi
658 4787 747 4855 qui
784 4800 906 4840 eum
938 4800 966 4838 a
1012 4790 1191 4836 morte
1249 4780 1478 4835 liberare
1532 4776 1777 4846 poterat,
1814 4792 1881 4832 ne
1930 4779 2122 4832 merito

541 4880 829 4948 quemdam
858 4892 922 4931 ex
956 4875 1161 4929 sanctis
1206 4872 1459 4942 apostolis
1494 4871 1605 4925 bzcc
1651 4871 1751 4925 sibi
1782 4869 2119 4925 occinentem

542 4969 843 5024 audiverint
898 4986 911 5022 :
953 4988 970 5019 ι
1020 4968 1084 5023 lli
1132 4978 1257 5023 sunt
1304 4967 1396 5034 qui
1453 4971 1737 5033 segregant
1778 4963 2124 5031 semetipsos,

543 5061 826 5124 animales,
863 5060 1110 5131 spiritum
1135 5076 1238 5114 non
1267 5058 1528 5112 habentes
1561 5056 1626 5107 ".
1665 5076 1682 5107 ι
1720 5055 1913 5122 Quaero
1943 5064 2122 5109 autem

542 5171 611 5209 ex
649 5155 775 5223 illis,
806 5156 895 5227 qui
944 5154 1057 5208 ι)ωο
1102 5152 1316 5207 eliutire
1382 5163 1490 5203 non
1540 5147 1888 5213 erubescunt,
1946 5157 2126 5200 utrum

546 5247 950 5305 Emmanuelem
982 5260 1172 5315 purum
1213 5253 1419 5297 tantum
1447 5242 1721 5297 hominem
1753 5256 1873 5295 esse
1903 5240 2129 5294 omnino

521 5342 801 5403 sentiant,
855 5338 944 5407 qui
991 5337 1062 5391 ob
1105 5337 1156 5390 id
1203 5352 1367 5389 uutnn
1414 5350 1599 5405 parcnt
1644 5350 1767 5389 cum
1819 5335 1925 5388 Deo
1957 5333 2123 5388 Verbi

545 5430 863 5496 dignitatem
907 5440 961 5483 et
1001 5428 1377 5484 auctoritatem
1433 5430 1660 5482 sortitus
1707 5427 1939 5489 dicatur,
1985 5425 2131 5480 (ιιιοὰ

615 5604 657 5633 ⁸⁷
694 5602 847 5657 Joan.
876 5619 951 5666 ιι,
980 5603 1071 5657 42.
1151 5605 1195 5634 ’⁸⁸
1224 5603 1388 5659 llehr.
1450 5616 1503 5661 ν,
1560 5602 1612 5656 8.

556 5670 606 5707 ⁸⁸
639 5671 792 5728 Joan.
828 5689 902 5737 χι,
935 5676 1022 5727 45.
1100 5675 1145 5707 ⁸³
1172 5674 1302 5727 Luc.
1333 5690 1430 5739 ut,
1466 5672 1553 5724 Η.
1630 5672 1671 5705 ³³³
1710 5671 1860 5727 ludat
1894 5670 2023 5743 19..

1718 5601 1761 5634 ⁸³
1801 5601 2031 5671 Philipp.
2081 5619 2139 5670 tt,
2182 5604 2237 5659 8.

2232 4412 2380 4466 ἔστιν
2421 4413 2707 4485 ἄνθρωπος
2758 4412 2939 4477 ίδικῶς
2982 4416 3011 4467 6
3052 4416 3118 4468 ὲκ
3160 4415 3258 4485 τῆς
3304 4416 3468 4483 ἀγίας
3510 4414 3807 4486 Παρθένου,

2232 4503 2447 4575 δεήσεις
2474 4522 2532 4557 τε
2559 4504 2654 4557 καὶ
2697 4506 2978 4577 ἱκετηρίας
3010 4508 3148 4577 μετά
3172 4504 3423 4577 κραυγῆς
3452 4508 3685 4577 ἰσχυρᾶς
3722 4510 3813 4563 καὶ

2232 4594 2487 4665 δακρύων
2532 4596 2907 4665 προσενέγκας
2955 4597 3090 4667 πρὸς
3133 4599 3224 4651 τὸν
3277 4598 3575 4669 δυνάμενον
3624 4598 3815 4662 σώζειν

2233 4687 2397 4741 αὑτὸν
2432 4688 2496 4741 ὲκ
2519 4688 2776 4751 Θανάτου,
2812 4688 3045 4758 μάλιστα
3076 4690 3173 4758 μὲν
3206 4692 3319 4753 τοῖς
3346 4691 3512 4761 ἱεροῖς
3542 4690 3813 4761 ἀπᾴδοντα

2231 4782 2525 4852 γράμμασι
2588 4780 2807 4849 φρονεῖν
2860 4781 3148 4851 ᾑρημένοι,
3207 4782 3434 4845 δικαίως
3484 4763 3814 4834 ἀκούσονται

2232 4871 2484 4941 λέγοντος
2512 4871 2695 4933 αὐτοῖς
2726 4872 2844 4935 ὲνδς
2881 4872 2992 4924 τῶν
3016 4872 3189 4940 ἁγίων
3221 4872 3571 4925 ἀποστόλων⁹
3598 4890 3624 4924 4
3647 4868 3814 4926 ὒῦτοί

2235 4955 2374 5017 εἶσιν
2399 4964 2447 5016 οἱ
2470 4963 2904 5035 ἀποδιορίζοντες
2932 4964 3173 5033 ψυχικοὶ,
3192 4965 3410 5035 πνεῦμα
3438 4963 3514 5035 μὴ
3542 4964 3810 5033 ἔχοντες.»

2234 5051 2369 5108 Εἶτα
2418 5057 2554 5126 πρὸς
2581 5055 2757 5127 τούτῳ
2806 5056 3120 5128 φραζόντων
3152 5060 3364 5110 ὲκεῖνσο
3416 5056 3649 5126 πότερόν
3683 5073 3813 5107 ποτε

2233 5145 2389 5215 ψιλὸν
2434 5146 2720 5216 ἄνθρωπον
2752 5141 2891 5200 εἷναί
2922 5166 3087 5217 φασιν
3121 5148 3304 5212 αὐτὸν,
3349 5148 3517 5218 ἤγουν
3566 5146 3817 5214 καθάπερ

2232 5244 2408 5294 εἰπεῖν
2442 5240 2870 5312 τεθαρῤήκασιν,
2895 5242 3038 5312 ἔχειν
3062 5241 3158 5313 τὴν
3184 5242 3401 5311 ἰσότητα
3428 5243 3525 5310 τῆς
3548 5237 3707 5304 ἀξίας
3722 5240 3818 5290 καὶ

2229 5334 2331 5403 τῆς
2366 5333 2671 5396 αὑθεντίας,
2706 5334 2807 5403 τῆς
2833 5334 2965 5404 πρός
2993 5351 3078 5403 γε.
3107 5335 3273 5402 φημὶ,
3301 5333 3392 5385 τὸν
3423 5334 3485 5385 ὲκ
3516 5330 3655 5382 Θεοῦ
3684 5330 3817 5382 Θεὸν

2233 5426 2429 5495 Λόγον,
2462 5426 2537 5490 ὡς
2566 5425 2712 5497 αὐτῷ
2741 5426 3119 5497 συνημμένον;
3155 5425 3217 5478 Εἰ
3259 5426 3353 5478 μὲν
3398 5420 3491 5478 οὖν
3533 5425 3817 5493 ἄνθρωπον

2339 5604 2387 5636 ’⁸
2414 5605 2542 5661 ibid.
2578 5605 2635 5661 9.
2742 5606 2809 5638 ⁹⁰⁶
2868 5604 3059 5662 Matih.
3096 5621 3150 5672 ι,
3186 5605 3275 5661 9.8.
3353 5606 3393 5637 ⁹¹
3428 5602 3587 5659 Juan.
3621 5619 3675 5669 ι’,
3720 5599 3815 5659 9.3.

2283 5744 2313 5762 Ι
