4066 6448
54 274 59 279 ο
74 264 165 281 ττ-σ
190 264 213 287 ς-
224 264 247 281 (ζ

132 432 133 435 η
162 412 197 437 τὲιὲ

220 488 366 543 i593

1040 489 1133 544 AD
1174 488 1478 545 REGINAS
1522 488 1608 543 DE
1650 487 1875 543 llECTA
1916 487 2073 547 FIDE
2114 486 2378 545 ORATIO
2417 485 2721 542 ALTERA.

3352 484 3488 542 {394

220 596 364 659 εἷναί
423 619 555 671 φασι
622 603 743 658 καθ’
793 604 942 675 ἡμᾶς
1009 604 1194 676 ψιλὸν,
1251 604 1799 677 ἁνθρωπολατροῦσιν

1916 604 2160 661 familiari
2204 603 2443 673 quodam
2490 602 2929 660 meetrssitudinis
2980 601 3195 657 vinculo
3231 601 3307 655 illi
3357 619 3490 661 con-

218 693 713 764 ὁμολογουμένως,
760 696 1195 767 προσκυνοῦντες
1256 697 1426 768 αὑτῷ.
1484 697 1801 768 Γέγραπται

1916 700 2122 761 iunctus
2164 696 2275 752 sit?
2306 696 2462 761 Quod
2519 696 2564 749 si
2610 708 2824 764 purum,
2870 694 3135 761 nobisqu
3178 707 3275 763 per
3303 693 3495 748 omnia

216 787 350 857 γὰρ,
385 787 467 839 ὅτι
508 805 527 838 ι
567 786 775 860 Κύριον
821 788 916 842 τὸν
945 789 1078 843 Θεόν
1109 802 1201 843 σου
1230 790 1666 861 προσκυνήσεις,
1706 788 1803 841 καὶ

216 876 371 948 αὑτῷ
396 878 545 949 μόνῳ
572 878 913 949 λατρεύσεις.
949 898 968 931 ι
990 881 1056 934 Εἰ
1083 881 1140 935 δέ
1170 881 1234 951 δὴ
1273 882 1452 949 φαῖεν,
1483 881 1566 934 δτι
1600 878 1802 949 κέκλη-

214 986 309 1025 ται
350 970 487 1039 πρὸς
539 970 765 1043 ἰσότητα
815 972 915 1044 τῆς
949 971 1128 1039 ἀξίας,
1175 974 1347 1045 ἡγουν
1378 972 1667 1036 αὑθεντίας
1703 971 1803 1041 τῆς

218 1060 359 1133 πρὸς
387 1061 523 1115 Θεὸν
570 1062 773 1131 Myer
822 1059 942 1117 εἶτα
972 1064 1223 1135 πρόσεισι
1251 1063 1329 1135 τῷ
1355 1063 1475 1136 Θεῷ
1505 1064 1600 1117 καὶ
1627 1063 1807 1134 Πατρὶ

219 1152 363 1222 μετὰ
388 1152 642 1223 κραυγῆς
678 1155 909 1226 ἰσχυρᾶς
932 1156 1025 1208 καὶ
1045 1153 1472 1226 δεδακρυμένος,
1499 1154 1595 1207 καὶ
1629 1153 1804 1206 δεῖται

218 1244 316 1297 τοῦ
352 1243 619 1309 σώζοντος
641 1261 655 1274 ’
684 1245 837 1300 οὐδέν
868 1248 984 1301 ἐστι
1017 1247 1077 1299 τὸ
1119 1247 1333 1301 κωλῦον
1377 1248 1473 1302 καὶ
1503 1245 1669 1303 αὑτοῦ
1705 1243 1807 1299 τοῦ

217 1334 397 1405 Λόγου
416 1335 476 1388 τὸ
494 1335 694 1407 μέτρον
709 1336 960 1392 τοσοῦτον
975 1338 1241 1411 ὑπάρχειν
1270 1340 1540 1402 ὑπονοεῖν,
1570 1339 1805 1409 ὅσονπερ

217 1426 286 1480 ἂν
340 1423 481 1483 εἶναι
536 1427 846 1484 πιστεύοιτο
895 1432 990 1485 καὶ
1036 1431 1097 1486 τὸ
1138 1432 1232 1487 τοῦ
1264 1431 1401 1503 πρὸς
1445 1430 1607 1487 αὑτὸν
1653 1430 1808 1501 ἔχον-

215 1534 313 1582 τος
357 1518 455 1590 τὴν
504 1520 730 1593 ἰσότητα
761 1521 861 1592 τῆς
898 1522 1078 1590 ἀξίας,
1127 1523 1295 1595 ἤγουν
1339 1522 1441 1591 τῆς
1492 1523 1805 1586 αὐθεντίας.

218 1610 433 1667 Οὐκοῦν
460 1611 660 1683 πρέποι
688 1612 754 1668 ἂν
788 1615 882 1667 καὶ
928 1614 1078 1685 αὐτῷ
1107 1614 1169 1669 τὸ
1200 1616 1433 1669 δεδιέναι
1462 1615 1718 1678 θάνατον,
1746 1614 1811 1668 τὸ

220 1700 469 1757 κίνδυνον
501 1702 829 1774 ὑφορᾶσθαι,
858 1707 918 1759 τὸ
951 1705 1164 1760 κλαίειν
1192 1707 1251 1759 ἐν
1290 1710 1641 1779 πειρασμοῖς.
1672 1706 1808 1761 καθι-

220 1792 446 1849 εστάναι
468 1793 527 1846 δὲ
558 1795 653 1849 καὶ
681 1796 741 1849 ἐν
766 1796 947 1868 ἐνδείᾳ
968 1797 1069 1868 τῆς
1103 1798 1236 1869 παρ’
1276 1798 1465 1871 ἐτέρου
1496 1797 1809 1869 χειρὸς,ῖνα

220 1884 320 1937 καὶ
342 1883 587 1959 σώζηται
607 1902 622 1916 ο
650 1886 744 1941 καὶ
773 1887 911 1958 πρὸς
929 1889 1141 1955 τούτοις
1166 1889 1245 1944 ἐτι
1275 1890 1369 1944 καὶ
1392 1890 1690 1961 μανθάνειν
1710 1888 1813 1961 τὴν

1904 788 2134 843 similem
2198 788 2472 842 hominem
2545 796 2753 843 tantum
2815 800 2939 842 esse
3006 786 3266 851 dixerint,
3339 794 3493 841 certe

1904 889 2096 946 aperto
2149 878 2598 949 anthmpolatrim
2645 877 2874 935 crimine
2924 879 3290 940 tenebuntur,
3338 877 3493 932 illum

1905 971 2212 1027 adorantes.
2233 968 2793 1041 Scriptumestenim:
2823 969 3137 1025 rDominunt
3165 971 3497 1025 Deumtuum

1906 1060 2179 1127 adorabis,
2211 1071 2267 1118 et
2304 1062 2378 1116 illi
2420 1062 2518 1117 soli
2549 1062 2757 1118 servies
2781 1062 2850 1116 ".
2896 1081 2915 1115 ι
2955 1060 3106 1129 Quod
3132 1060 3176 1115 si
3216 1061 3390 1129 ipsum
3420 1059 3493 1113 ad-

1905 1153 2268 1223 ;nqualitatem
2294 1153 2574 1224 dignitatis
2604 1162 2659 1209 et
2682 1153 3022 1209 auctoritatis
3044 1167 3163 1205 eum
3198 1150 3288 1205 Dei
3319 1148 3501 1203 Verbo

1906 1255 2153 1303 evectum
2203 1248 2582 1316 respondeant,
2637 1261 2736 1301 nee
2778 1245 2848 1299 ob
2890 1245 2940 1298 id
2985 1254 3163 1299 tamen
3215 1241 3497 1312 prohiberi

1907 1337 2197 1407 quominus
2247 1336 2462 1393 Patrem
2502 1337 2678 1391 valido
2707 1351 2830 1391 cum
2876 1335 3118 1389 clamore
3151 1345 3207 1387 et
3242 1332 3499 1402 laerymis

1908 1428 2089 1493 adeat,
2124 1428 2312 1497 illique
2364 1429 2455 1497 qui
2488 1430 2698 1483 salvare
2734 1435 2912 1497 potest
2945 1424 3169 1493 supplex
3201 1424 3324 1487 fiat;
3362 1419 3500 1475 nillil

1908 1522 2132 1579 Omnino
2189 1522 2427 1577 obstabit
2490 1520 2778 1589 quominus
2842 1517 3015 1587 ipsius
3068 1528 3282 1585 quoque
3335 1512 3501 1569 Verbi

1910 1614 2153 1672 conditio
2202 1620 2354 1667 tanta
2397 1611 2762 1673 existimetur,
2810 1618 3012 1678 quanta
3068 1604 3186 1673 ejus
3244 1604 3334 1672 qui
3372 1616 3499 1661 cum

1916 1706 2107 1777 Verbo,
2134 1705 2502 1776 aequalitatem
2543 1701 2825 1773 dignitatis
2873 1701 2989 1755 sive
3032 1698 3375 1753 auctoritatis
3402 1695 3499 1752 ba-

1912 1800 2023 1855 bet.
2065 1800 2244 1866 Quare
2275 1807 2328 1854 et
2358 1797 2435 1851 illi
2465 1810 2684 1867 quoque
2714 1793 3001 1851 conveniet
3031 1803 3257 1846 mortem
3294 1790 3499 1845 exhor-

1914 1906 2150 1956 rescere,
2180 1888 2479 1960 periculum
2511 1889 2723 1953 timere,
2756 1887 2808 1942 in
2843 1884 3234 1942 tentationibus
3260 1883 3500 1952 plorare,

222 1970 474 2041 ὑπακοήν
502 1972 570 2026 δι’
618 1966 696 2030 ὧν
739 1974 979 2030 πέπονθε
1022 1979 1362 2049 πειρασθείς.
1421 1978 1584 2047 Ἀλλ’,
1631 1976 1812 2052 οῑμαι,

1916 1983 2143 2043 alterius
2182 1996 2286 2051 ope
2318 1990 2377 2036 ut
2400 1987 2647 2034 servetur
2674 1977 2943 2047 indigere,
2973 1987 3230 2043 expressa
3266 1971 3501 2041 denique

219 2059 382 2119 τοῦτό
423 2063 627 2136 ἐστινῆ
659 2070 877 2137 φρονεῖν
900 2068 933 2139 ἢ
957 2068 1141 2137 λέγειν
1167 2070 1449 2143 ἀσύφηλον
1487 2072 1770 2136 παντελῶς
1789 2087 1807 2104 ο

222 2152 512 2222 παναλκής
539 2155 648 2227 γάρ
680 2157 828 2211 ἐστιν
854 2159 883 2211 ὁ
908 2157 1002 2212 τοῦ
1035 2158 1170 2213 Θεοῦ
1205 2161 1382 2230 Λόγος
1404 2203 1418 2227 ,
1451 2163 1548 2218 καὶ
1573 2163 1807 2219 θανάτου

222 2243 518 2313 κρείττων,
544 2247 638 2301 καὶ
671 2247 861 2302 παθῶν
891 2248 1178 2317 ἐπέκεινα,
1220 2254 1314 2306 καὶ
1358 2254 1563 2320 δειλίας
1593 2256 1808 2327 ἀνθρω-

222 2335 547 2410 ποπρεποῦς
577 2338 846 2410 ἀμέτοχος
880 2342 1185 2406 παντελῶς.
1212 2342 1376 2399 Ἀλλά
1407 2345 1516 2417 μὴν
1540 2346 1683 2401 οὕτω
1708 2349 1809 2418 μὲν

222 2424 441 2499 φύσεως
478 2425 638 2497 ἔχων,
686 2429 956 2485 πέπονθεν
1000 2432 1141 2506 ὑπὲρ
1189 2434 1370 2505 ἡμῶν.
1417 2436 1631 2491 Οὐκοῦν
1679 2438 1805 2495 οὕτε

221 2516 380 2587 ψιλὸς
422 2517 708 2591 ἄνθρωπος
751 2523 780 2575 ὀ
826 2523 1064 2592 Χριστὸς
1088 2562 1105 2589 ,
1142 2523 1268 2579 οὔτε
1317 2527 1561 2598 ἄσαρκος
1600 2531 1805 2599 Λόγος’

224 2609 447 2677 ἐνωθεὶς
477 2611 535 2665 δέ
569 2612 774 2681 μᾶλλον
802 2618 870 2688 τῇ
910 2617 1036 2672 καθ’
1070 2620 1221 2691 ἡμᾶς
1246 2621 1651 2695 ἀνθρωπότητι,
1700 2625 1807 2678 πάο

224 2701 308 2755 θοι
348 2700 414 2756 ἂν
441 2703 668 2768 ἀπαθῶς
699 2706 867 2778 σαρκὶ
899 2710 964 2780 τῇ
1002 2708 1110 2782 ίδίᾳ
1139 2711 1209 2766 τὰ
1241 2710 1581 2782 ἀνθρώπινα.
1612 2715 1809 2784 Γέγονε

223 2791 406 2845 τοίνυν
427 2795 507 2860 είς
538 2794 893 2877 ὑποτύπωσιν
923 2800 1004 2862 είς
1032 2800 1182 2871 ἡμᾶς
1212 2800 1570 2874 ἀνθρωπίνως
1600 2806 1807 2869 ἐκεῖνα,

224 2885 478 2959 καθάπερ
502 2887 640 2961 ἔφην
664 2890 723 2943 ἐν
747 2890 969 2961 ἀρχαῖς,
995 2892 1083 2946 ἵνα
1113 2896 1226 2955 τοῖς
1257 2893 1460 2966 ἴχνεσιν
1489 2897 1659 2951 αὑτοῦ
1709 2900 1809 2950 ἐπ-

222 2977 706 3051 ακολουθήσωμεν.
725 2981 896 3036 Τοῦτο
922 2984 1032 3055 γὰρ
1061 2984 1337 3056 ἐποίησεν,
1368 2987 1587 3057 ἐφάπαξ
1615 2989 1809 3042 ἑαυτὸν

223 3071 624 3141 προσενέγκας.
683 3073 742 3128 '0
793 3074 958 3145 νόμος
1004 3075 1115 3149 γὰρ
1160 3077 1487 3151 καθίστησιν
1534 3081 1809 3153 ἀρχιερεῖς

223 3162 453 3234 ἔχοντας
479 3163 799 3219 ἀσθένειανο
837 3168 867 3222 ὁ
906 3165 1064 3239 λόγος
1096 3168 1155 3227 δὲ
1182 3169 1283 3241 τῆς
1325 3170 1675 3242 ὁρκωμοσίας
1707 3174 1809 3245 τῆς

225 3253 374 3327 μετά
416 3253 507 3311 τὸν
545 3255 736 3329 νόμον,
770 3257 902 3315 Υίδν
934 3260 1016 3323 είς
1042 3260 1134 3315 τὸν
1163 3261 1337 3315 αίῶνα
1366 3262 1809 3335 τετελειωμένον,

224 3346 333 3424 μιᾷ
378 3347 479 3416 μὲν
519 3352 829 3422 προσφορᾷ,
874 3350 1031 3422 δῆλον
1077 3353 1133 3407 δὲ
1162 3354 1247 3408 ὅτι
1289 3355 1355 3426 τῇ
1396 3353 1487 3408 διὰ
1527 3355 1625 3410 τοῦ
1665 3357 1804 3411 ίδίου

225 3434 503 3507 σώματος,
619 3460 638 3491 ι
657 3441 1006 3498 τετελείωκεν
1024 3445 1100 3508 είς
1117 3444 1433 3518 τὸδιηνεκές
1446 3450 1574 3513 τοὺς
1589 3449 1812 3519 ἁγιαζο-

226 3528 465 3597 μένουςὸ
480 3529 683 3602 Κύριος
698 3531 855 3606 ἡμῶν
869 3534 1079 3609 Ἰησοῦς
1095 3537 1351 3607 Χριστός.
1367 3558 1488 3592 ι--ι
1499 3541 1813 3611 Προσκεκόο

226 3633 359 3687 μικε
390 3616 501 3689 γὰρ
532 3618 727 3679 ἐαυτὸν
758 3621 897 3692 ὑπὲρ
933 3622 1136 3692 ἡμῶνδ
1169 3625 1250 3688 είς
1278 3625 1457 3696 ὀσμὴν
1481 3626 1709 3689 εὐωδίας
1734 3625 1814 3699 τῷ

223 3703 348 3775 Θεῷ
370 3705 467 3759 καὶ
497 3706 724 3779 Πατρὶ,ι
744 3710 839 3763 καὶ
866 3710 1187 3766 τετελείωκε
1221 3714 1427 3784 νοητῶς
1455 3714 1548 3769 διὰ
1573 3716 1814 3780 πίστεως

225 3795 325 3849 καὶ
361 3795 663 3869 ἀγιασμοῦ,
688 3800 867 3854 καίτοι
890 3801 991 3873 τῆς
1021 3804 1251 3879 νομικῆς
1282 3806 1542 3880 λατρείας
1571 3808 1811 3863 τελειοῦ-

229 3904 332 3958 σης
364 3888 539 3944 οὐδέν.
585 3891 877 3965 Τοιγάρτοι
909 3894 1213 3966 κατέληξαν
1258 3898 1357 3969 μὲν
1398 3900 1449 3954 οἰ
1483 3898 1682 3967 τύποι,
1716 3899 1812 3956 καὶ

228 3980 510 4037 πέπαυται
559 3985 661 4055 τῆς
702 3985 955 4059 Λρχαίας
986 3987 1266 4060 Διαθήκης
1319 3989 1381 4045 τὸ
1436 3990 1695 4064 ἀνόνητον
1754 3995 1815 4051 ἐν

229 4074 449 4138 σκιαῖς’
494 4072 687 4144 γέγονε
716 4075 773 4129 δὲ
802 4079 1119 4148 ἀναγκαίως
1166 4082 1521 4156 ἐπεισαγωγὴ
1563 4087 1813 4157 κρείττο-

226 4179 322 4229 νος
347 4162 585 4229 ἐλπίδος,
625 4166 695 4221 δι’
722 4162 791 4241 ἦς
818 4170 1112 4242 ἐγγίζομεν
1142 4172 1222 4243 τῷ
1251 4174 1393 4245 Θεῷ,
1429 4178 1811 4247 μεσιτεύοντος

227 4253 326 4315 τοῦ
358 4254 634 4327 Χριστοῦ,
674 4259 769 4313 καὶ
816 4260 875 4319 ἐν
921 4261 1073 4328 τάξει
1118 4267 1405 4335 γεγονότος
1450 4268 1811 4345 ἀρχιερατικῇ

228 4345 322 4401 διά
351 4364 433 4401 τοι
455 4347 555 4418 τὴν
577 4349 715 4421 πρὸς
749 4351 897 4422 ἡμᾶς
925 4352 1207 4423 ὁμοίωσιν.

1919 2075 2219 2133 tentatione
2241 2072 2604 2128 obedientiam
2644 2070 2875 2125 discere.
2905 2065 3070 2135 Atqui
3113 2074 3374 2121 extrema:
3403 2076 3503 2116 ve-

1916 2167 2085 2225 saniae
2132 2165 2294 2225 fuerit
2346 2166 2462 2220 haec
2509 2162 2715 2219 sentire
2740 2161 2825 2216 vel
2857 2160 3079 2215 dicere:
3112 2166 3197 2213 est
3217 2156 3363 2210 enim
3403 2152 3500 2210 Dei

1917 2258 2155 2315 Verbum
2194 2255 2558 2325 onmipotens,
2601 2262 2778 2310 morte
2806 2250 3080 2321 superius,
3130 2248 3303 2318 majus
3345 2245 3502 2303 denis

1917 2366 2023 2421 que
2064 2364 2225 2419 quam
2274 2356 2333 2403 ut
2377 2346 2677 2417 perpessio,
2724 2352 2823 2399 aut
2870 2340 2977 2400 ulla
3006 2340 3232 2395 omnino
3266 2338 3519 2399 huiusne

1921 2442 2156 2498 formido
2205 2441 2257 2495 in
2310 2441 2482 2509 ipsum
2530 2438 2728 2493 cadere
2775 2434 2974 2493 valeat.
3010 2433 3209 2488 Verum
3252 2429 3377 2485 licet
3402 2443 3495 2483 sua

1920 2544 2113 2591 natura
2142 2531 2408 2602 ejusmodi
2438 2530 2532 2597 sit,
2561 2530 2737 2585 nostri
2766 2538 2943 2583 tamen
2977 2540 3140 2583 eausa
3170 2539 3266 2580 eas
3296 2521 3519 2593 pessius

1919 2642 2016 2683 nes
2046 2625 2321 2681 sustinuit.
2360 2622 2545 2691 Itaque
2576 2636 2750 2692 neque
2788 2634 2956 2689 purus
2991 2627 3202 2672 tantum
3230 2618 3395 2671 homo
3419 2622 3505 2670 est

1918 2718 2194 2782 Christus,
2230 2730 2406 2784 neque
2432 2712 2671 2768 Verbum
2705 2720 2910 2767 nostra:
2942 2710 3128 2766 carnis
3156 2723 3374 2778 expers,
3406 2704 3505 2763 sed

1920 2809 2157 2864 Verbum
2212 2816 2411 2861 nostra!
2458 2814 2666 2859 natura:
2697 2803 2930 2867 unitum,
2958 2800 3254 2856 secundum
3282 2813 3343 2854 se
3385 2795 3509 2867 qui—

1924 2902 2044 2956 dem
2116 2898 2436 2968 impatibile,
2500 2898 2733 2952 humana
2793 2906 2974 2951 autem
3025 2893 3237 2962 patiens
3298 2891 3352 2951 in
3406 2902 3508 2945 sua

1924 3006 2109 3047 carne.
2159 2992 2288 3056 Quae
2322 2991 2486 3058 igitur
2517 2998 2575 3043 ut
2621 2988 2783 3043 homo
2835 2985 3058 3056 pertulit
3107 3000 3170 3041 ea
3207 2983 3309 3054 (ut
3346 2980 3505 3051 paulo

1922 3094 2049 3140 ante
2086 3080 2447 3149 dicebamus),
2484 3079 2717 3135 nobisin
2765 3077 3068 3146 exemplum
3111 3083 3504 3146 proponuntur,

1920 3190 2033 3247 quo
2062 3175 2321 3232 nimirum
2364 3173 2609 3243 vestigiis
2658 3171 2803 3228 illius
2850 3171 3165 3231 insistemus
3191 3169 3306 3237 qui,
3341 3166 3507 3229 semel

1922 3282 1985 3324 se
2011 3266 2265 3331 oll'erens,
2296 3279 2411 3323 rem
2438 3273 2608 3319 totam
2636 3261 2893 3318 confecit.
2929 3262 3074 3315 Sane
3106 3259 3189 3314 lex
3225 3259 3509 3329 pontiﬁces

1911 3358 2220 3429 inﬁrmitati
2266 3357 2532 3413 obnoxios
2606 3354 2970 3421 instituebat,
3023 3366 3210 3406 verum
3279 3350 3505 3421 jurisjn-

1920 3452 2077 3508 randi
2107 3464 2291 3507 sermo
2330 3460 2454 3519 post
2501 3449 2675 3519 legem
2726 3449 2924 3510 editus,
2977 3444 3139 3516 164
3172 3443 3369 3498 Filium
3401 3459 3507 3507 una

1922 3542 2199 3600 oblatione
2229 3541 2281 3597 in
2314 3550 2577 3597 aeternum
2620 3546 3060 3595 consummatum
3090 3537 3410 3605 pronuntiat
3436 3535 3505 3601 ’σς

1918 3648 1985 3691 ea
2043 3634 2159 3703 ipsa
2223 3631 2495 3695 videlicet,
2547 3644 2653 3700 qua
2712 3647 2731 3682 ι
2794 3627 3056 3685 Dominus
3114 3635 3301 3681 noster
3350 3624 3507 3689 Jesus

1919 3724 2173 3781 Christus
2198 3723 2566 3781 sanetiticatos
2607 3734 2704 3792 per
2727 3720 3005 3791 proprium
3044 3733 3241 3787 corpus
3283 3717 3337 3770 iu
3364 3731 3507 3770 sem-

1920 3817 2193 3887 piternum
2233 3814 2632 3871 consummavit
2655 3812 2726 3868 ".
2774 3830 2796 3866 ι
2826 3839 2899 3854 -
2931 3828 2951 3863 ι
2989 3808 3192 3866 Obtulit
3220 3808 3366 3863 enim
3412 3823 3502 3861 sc-

1916 3909 2095 3979 ipsum
2112 3922 2210 3979 pro
2226 3906 2383 3969 nobis
2410 3906 2463 3961 in
2480 3906 2704 3976 odorem
2719 3904 3002 3965 suavitatis
3023 3904 3133 3958 Deo
3152 3911 3206 3959 et
3226 3902 3367 3958 Patri
3389 3901 3458 3967 ’⁸,
3481 3920 3500 3954 ι

1918 3999 2256 4070 perfecitque
2289 4013 2390 4056 nos
2422 4012 2518 4068 per
2550 3998 2710 4052 tidem
2752 4005 2809 4054 et
2858 3995 3159 4066 spiritalem
3194 3994 3507 4051 sanctiﬁca—

1924 4091 2148 4157 tiouem,
2192 4105 2313 4145 cum
2354 4088 2488 4161 legis
2526 4089 2765 4158 antiquae
2805 4087 2981 4144 cultus
3030 4086 3239 4145 nullum
3283 4087 3507 4141 omnino

1918 4180 1987 4237 ad
2020 4181 2409 4253 perfectionem
2448 4180 2744 4234 adduceret
2777 4179 2848 4233 ”.
2882 4176 3036 4233 Unde
3064 4185 3119 4230 et
3158 4176 3343 4246 figura
3371 4191 3508 4244 quo-

1919 4288 2028 4344 que
2052 4281 2359 4341 cessarunt,
2388 4280 2443 4326 et
2470 4270 2778 4326 umbratilis
2804 4268 2896 4326 illa
2931 4268 3144 4324 Veteris
3171 4266 3504 4327 Teatamenti

1922 4365 2263 4437 imperfectio
2303 4380 2335 4420 ο
2380 4364 2560 4431 medio
2607 4364 2820 4419 sublata
2857 4370 2960 4421 est.
2995 4361 3273 4417 Successit
3298 4370 3505 4425 autem,

228 4447 287 4495 et
311 4439 528 4504 quidem
558 4443 893 4507 necessario,
927 4435 1165 4503 melioris
1196 4449 1309 4520 spei
1367 4449 1717 4520 introductio,
1784 4469 1884 4526 per
1920 4435 2106 4528 quam,
2154 4443 2552 4515 interveniente
2602 4444 2828 4513 Christo
2871 4455 2964 4526 qui
3013 4464 3234 4525 propter
3296 4464 3506 4513 natura:

229 4532 641 4593 similitudinem
687 4536 742 4590 in
776 4537 1112 4613 pontiﬁcium
1164 4544 1410 4597 ordinem
1456 4555 1674 4601 evectus
1709 4558 1811 4617 est,
1852 4550 1961 4608 Deo
1991 4554 2510 4623 appropinquamus.

300 4627 436 4683 MF’.
477 4628 631 4699 Πλὴν
672 4629 849 4685 ἐκεῖνο
878 4631 1059 4703 ἄθρει·
1093 4634 1229 4706 Περὶ
1259 4636 1428 4693 αὑτοῦ
1465 4655 1631 4709 φησιν
1663 4641 1693 4692 ὁ
1732 4641 1820 4696 θε-

1994 4642 2181 4701 XLlll.
2218 4643 2699 4703 Verumenimvero
2754 4660 2876 4706 cum
2901 4644 3097 4701 Paulus
3129 4645 3276 4700 illum
3318 4660 3385 4700 ex
3419 4643 3505 4701 in-

232 4720 459 4782 σπέσιος
492 4721 743 4787 Παῦλος,
765 4723 846 4778 ὅτι
888 4725 1211 4798 ἐσταυρώθη
1245 4728 1304 4796 ἐξ
1336 4728 1643 4797 ἀσθενείας.
1679 4730 1815 4789 Εἶτα

231 4811 352 4875 πῶς
373 4814 402 4867 ὁ
424 4814 529 4887 μὲν
550 4814 715 4884 νόμος
745 4815 1067 4887 καθίστησιν
1092 4818 1372 4891 ἀρχιερεῖς
1405 4821 1631 4893 ἔχοντας
1648 4824 1812 4879 ἀσθέ.

228 4919 407 4970 νειαν,
444 4905 473 4958 6
496 4902 555 4967 δέ
588 4903 746 4975 λόγος
783 4906 884 4976 τῆς
911 4907 1257 4980 ὁρκωμοσίας
1298 4911 1398 4982 τῆς
1432 4913 1571 4983 μετὰ
1600 4914 1692 4968 τὸν
1730 4916 1815 4969 v6-

231 5014 357 5070 μον,
402 4998 531 5053 Υίὸν
584 5001 663 5064 είς
718 4999 810 5054 τὸν
856 5001 1032 5055 αἰῶνα
1083 5002 1529 5077 τετελειωμένον,
1586 5006 1662 5075 ὡς
1713 5007 1813 5061 οὐκ

230 5089 429 5161 ἔχοντα
458 5090 703 5160 δηλονότι
731 5091 795 5145 τὸ
808 5091 1055 5151 ἀσθενεῖν
1076 5110 1093 5161 ;
1114 5093 1287 5149 Τοῦτο
1318 5094 1448 5166 γάρ,
1482 5092 1658 5167 οἶμαι,
1690 5098 1813 5152 ἐστὶ¹

228 5180 298 5243 τὸ
326 5181 528 5252 ἀρτίως
556 5181 700 5253 ἔχω,
725 5182 894 5253 ἡγουν
915 5182 976 5235 τὸ
1000 5184 1057 5236 ἐν
1087 5186 1251 5245 παντὶ
1279 5185 1428 5257 καλῷ
1454 5188 1813 5259 τετελειωμέ-

230 5290 350 5329 ver
386 5275 469 5328 ὅτι
501 5275 575 5345 μὴ
608 5276 731 5329 κατ’
758 5275 1001 5341 ἐκείνους
1026 5278 1147 5335 ἐστὶ
1172 5279 1299 5342 τοὺς
1332 5280 1475 5337 κατά
1500 5280 1592 5334 τὸν
1622 5282 1809 5352 νόμον,

230 5363 315 5431 οἷς
343 5367 445 5421 οὐκ
475 5367 743 5441 ἀσύνηθες
783 5370 960 5429 εἰπεῖν
997 5370 1057 5424 τὸ
1088 5371 1182 5425 καὶ
1204 5382 1232 5413 α
1274 5370 1524 5429 ἀσθενεῖν
1556 5373 1670 5431 ἐσθ’
1694 5376 1807 5435 ὅτε.

302 5520 538 5602 ζδιροιιι.
568 5536 643 5584 vr,
675 5522 994 5602 _l.'5;_ll_attlt.
1030 5540 1101 5589 tv,
1138 5525 1226 5602 l9.
1299 5528 1345 5561 ⁵⁸
1378 5528 1544 5587 Hebr.
1583 5546 1681 5599 vrt,
1711 5531 1801 5590 28.
1879 5532 1924 5566 ⁸⁷
1954 5532 2118 5590 llebr.
2147 5548 2201 5602 Χ,
2234 5534 2321 5590 l4.

236 5591 253 5629 ι
291 5588 333 5645 ΙΙ
361 5592 485 5645 Cor.
515 5606 636 5655 xm,
664 5591 718 5645 4.
794 5595 814 5625 ¹
848 5593 1009 5649 llebr.
1040 5610 1135 5663 vtt,
1162 5597 1252 5655 28.

1921 4735 2176 4791 firmitate
2236 4736 2555 4797 crucifixum
2609 4737 2920 4806 pronuntiet
2952 4737 2993 4801 ⁸,
3049 4737 3321 4805 quomodo
3377 4735 3505 4803 (in-

1920 4827 2065 4898 quis)
2119 4828 2206 4883 lex
2248 4830 2560 4885 sacerdotes
2600 4828 2900 4891 mlirmitati
2927 4828 3219 4886 obstrictos
3259 4827 3501 4893 ordinat,

1913 4917 2293 4987 jusjurandum
2323 4934 2453 4977 vero
2477 4927 2599 4988 post
2627 4918 2800 4987 legem
2828 4918 3245 4989 promulgatum,
3278 4918 3501 4985 Filium,

1921 5010 2076 5081 quasi
2114 5009 2259 5071 nulla
2294 5010 2353 5065 in
2396 5010 2542 5069 illum
2588 5009 2878 5069 inﬁrmitas
2926 5013 3100 5075 cadat,
3136 5012 3189 5065 in
3239 5023 3502 5069 aeternum

1919 5107 2353 5156 consummatum
2384 5099 2795 5170 perfectumque
2816 5099 3047 5155 allii-mat
3082 5101 3143 5155 ’ἲ
3168 5099 3303 5158 Illud
3332 5102 3500 5169 enim,

1914 5192 2132 5262 opinor,
2169 5192 2466 5262 perfectum
2498 5193 2718 5257 dicitur,
2754 5193 2899 5262 quod
2941 5194 3091 5251 omni
3117 5195 3383 5253 bonorum
3410 5211 3503 5266 ge-

1918 5299 2050 5339 nere
2079 5284 2410 5341 cumulatum
2453 5295 2558 5341 est.
2600 5284 2869 5352 Quoniam
2896 5301 3003 5347 non
3028 5286 3153 5345 talis
3185 5297 3328 5352 erat,
3365 5303 3501 5357 qua-

1918 5376 1998 5437 les
2022 5377 2224 5434 veteris
2260 5377 2392 5449 legis
2423 5378 2763 5446 sacerdotes,
2791 5379 2995 5450 quibus
3035 5380 3350 5440 inusitatum
3394 5397 3499 5436 non

2433 5530 2479 5568 9'
2514 5533 2713 5606 Ephes.
2738 5551 2791 5604 v,
2821 5534 2875 5595 2.
2992 5538 3037 5572 ”
3077 5537 3246 5597 llebr.
3280 5553 3380 5605 vn,
3408 5539 3494 5594 lt).

1329 5755 1505 5814 Variae
1536 5757 1798 5817 lectiones
1824 5758 2026 5817 codicis
2050 5759 2407 5833 Seguieriani.

308 5885 337 5928 ιι
377 5882 575 5943 αὐτῶν.
657 5895 676 5924 ε
783 5883 991 5951 πάντως
1024 5890 1136 5943 καί.
