4132 6462
569 496 716 556 55θὲ

1603 496 1661 552 S.
1706 497 1986 555 CYRILLI
2026 502 2499 561 ALEX’ANDRINI
2543 506 2872 567 ARCHIEP.

3707 512 3846 570 ιδεε

567 627 707 684 erat,
749 617 802 671 in
831 614 1173 671 inﬁrmitates
1211 614 1537 683 quandoque
1580 616 1841 671 incidere.
1872 618 1976 672 Sed
2007 634 2145 685 quo-

2278 623 2379 685 Ῑῶς
2409 620 2503 676 οὖν
2536 625 2565 675 ὁ
2599 626 2760 688 αὐτὸς
2791 626 2885 678 καὶ
2923 625 3217 689 ἀσθενείας
3260 626 3526 696 κρείττων
3568 622 3718 680 εἶναι
3752 647 3849 681 πε-

566 710 728 764 modo
759 708 899 763 idem
928 716 984 761 et
1016 707 1336 761 inﬁrmitate
1364 708 1536 777 major
1556 710 1816 775 creditur,
1859 720 2043 778 utpote
2074 711 2158 763 Fi-

566 802 673 856 iius
711 799 951 856 numeris
989 800 1243 854 omnibus
1279 799 1549 869 perfectus
1572 840 1586 865 ,
1620 811 1674 853 et
1720 816 1788 854 ex
1834 802 2155 857 inﬁrmitate

566 906 786 945 rursum
832 889 1123 945 cruciﬁxus
1162 890 1425 945 docetur?
1473 890 1544 945 Ut
1588 906 1806 945 crucem
1855 895 2151 949 secundum

567 996 789 1039 carnem
832 982 1087 1045 sustinet,
1140 982 1336 1036 merito
1384 982 1632 1035 inﬁrmus
1670 984 2034 1051 praedicatur;
2093 995 2155 1041 ut

569 1083 750 1129 autem
800 1074 943 1129 Deus
982 1082 1089 1138 est,
1136 1074 1328 1142 quavis
1371 1073 1687 1127 inﬁrmitate
1730 1077 1977 1143 superior
2010 1086 2159 1132 recte

568 1164 869 1220 asseritur:
932 1182 954 1215 σ
981 1164 1217 1231 Spiritus
1253 1164 1397 1217 enim
1448 1175 1735 1233 promptus
1764 1176 1868 1231 est,
1899 1183 2028 1222 caro
2061 1183 2154 1221 au-

569 1266 679 1312 tem
726 1258 935 1311 inﬁrma
966 1256 1006 1309 ³.
1045 1275 1062 1306 ι
1100 1255 1253 1321 Quod
1290 1257 1333 1308 si
1373 1258 1463 1324 qui
1512 1267 1659 1323 sunt,
1701 1261 1792 1327 qui
1825 1259 2157 1315 inﬁrmitatis

570 1351 791 1403 nomine
839 1350 893 1403 id
942 1363 1103 1401 unum
1142 1349 1229 1402 hic
1275 1347 1542 1404 insinuari
1581 1352 1933 1413 contendunt,
1965 1367 2158 1419 nempe

570 1442 715 1510 quod
747 1440 943 1511 legales
975 1440 1207 1493 ministri
1242 1456 1348 1493 non
1378 1441 1495 1495 sine
1527 1443 1761 1509 peccatis
1788 1444 1951 1496 vitam
1978 1455 2157 1498 trans-

569 1533 818 1599 igebant:
875 1548 988 1586 non
1032 1547 1270 1602 repugno
1321 1533 1472 1603 (imo
1534 1535 1586 1586 iu
1648 1535 1786 1587 hanc
1830 1539 2162 1591 sententiam

570 1626 802 1680 libenter
846 1624 1129 1696 concedo)
1162 1635 1306 1680 recte
1359 1628 1460 1679 hoc
1501 1637 1661 1693 pacto
1697 1631 1899 1683 sentire
1926 1631 2158 1683 volenti-

569 1718 691 1773 bus.
732 1717 890 1786 chis
926 1718 1152 1787 proinde
1192 1718 1422 1771 ministri
1478 1734 1583 1772 non
1633 1736 1758 1785 uno,
1790 1724 1883 1778 sed
1918 1724 2159 1792 pbll'lblls

568 1810 856 1865 sacriﬁciis
884 1810 1220 1880 indigebant,
1248 1813 1458 1880 utiquos
1481 1814 1722 1879 quotidie
1752 1822 1859 1867 tam
1897 1832 1993 1885 pro
2018 1820 2155 1886 suis,

570 1917 733 1973 quam
780 1917 878 1972 pro
939 1903 1122 1972 pepuli
1181 1903 1501 1972 ignorantiis
1553 1904 1751 1960 oﬁ‘erre
1800 1918 2075 1974 oporteret
2111 1910 2158 1975 δ,

569 2001 862 2062 propterea
914 1995 1169 2047 nimirum
1219 1995 1364 2063 quod
1407 1994 1640 2049 subinde
1680 1996 1731 2048 in
1778 1997 1912 2052 alias
1945 2009 1997 2052 et
2026 2002 2161 2054 alias

571 2084 917 2139 inﬁrmitates
947 2085 1383 2153 prolaberentur,
1416 2101 1592 2156 eoque
1620 2089 1879 2156 languore
1913 2099 2162 2144 teneren-

573 2186 681 2239 tttr,
713 2179 801 2245 qui
830 2177 883 2230 in
920 2177 1198 2245 multiplex
1251 2186 1536 2244 peccatum
1580 2180 1817 2233 abducit.
1855 2180 1949 2234 llie
1983 2191 2160 2244 autem

572 2266 748 2335 major
773 2281 935 2337 quam
966 2268 1057 2336 qui
1102 2282 1329 2336 peccare
1366 2270 1557 2337 possit,
1605 2280 1793 2337 utpote
1826 2270 1991 2335 Deus,
2031 2289 2163 2341 pou-

571 2359 708 2414 tifex
739 2370 925 2415 noster
946 2358 1192 2423 effectus,
1237 2375 1301 2414 ac
1333 2361 1629 2415 secundum
1668 2363 1961 2416 humanam
2005 2373 2165 2416 natu-

572 2464 691 2501 rain
750 2448 1009 2503 sacerdos
1077 2449 1399 2519 appellatus,
1464 2449 1609 2503 Patri
1681 2465 1838 2503 suum
1889 2452 2163 2519 proprium

572 2555 777 2609 corpus
820 2540 1019 2594 obtulit
1060 2552 1117 2595 et
1165 2543 1528 2596 consecravit.
1562 2542 1871 2597 Secundum
1915 2551 2164 2597 naturam

574 2632 802 2699 proinde
854 2632 1095 2687 divinam
1124 2634 1180 2687 in
1226 2644 1506 2702 peccatum
1542 2634 1751 2703 prolabi
1788 2650 1894 2689 non
1930 2645 2166 2704 poterat,

574 2739 701 2777 cum
736 2738 842 2778 non
873 2734 1015 2779 esset
1048 2736 1267 2779 naturae
1292 2738 1508 2790 creatm,
1544 2743 1663 2795 quac
1709 2742 1805 2795 per
1842 2742 2034 2780 senon
2072 2729 2167 2781 hn-

2257 714 2547 769 πίστευται
2572 756 2587 780 ,
2620 719 2714 770 καὶ
2759 718 2835 780 ὡς
2864 718 2995 779 Υἱὸς
3032 716 3475 787 τετελειωμένος,
3510 718 3843 788 σταυροῦται

2255 806 2313 858 δὲ
2348 807 2441 859 καὶ
2478 807 2543 872 ἐξ
2584 808 2907 876 ἀσθενείας;
2940 809 3152 863 Οὐκοῦν
3179 809 3477 863 ἀκόλουθον
3504 811 3732 872 ἐννοεῖν,
3772 812 3849 874 ὥς

2256 897 2525 968 ἠσθένησε
2568 900 2688 969 μὲν,
2741 899 3024 972 πρκικῶς
3056 901 3290 970 σταυρὸν
3350 900 3685 972 ὑπομείνας·
3733 901 3846 955 ἐστι

2256 1005 2324 1055 γε
2363 990 2472 1060 μὴν
2518 991 2594 1053 ὡς
2636 992 2768 1056 Θεὸς
2812 992 2905 1045 τοῦ
2956 992 3207 1046 ἀσθενεῖν
3246 993 3529 1047 ἐπέκεινα⁶
3566 1012 3587 1045 ο
3629 994 3705 1047 Τὸ
3738 994 3848 1064 γάρ

2258 1081 2475 1151 πνεῦμα
2520 1083 2823 1153 πρόθυμον,
2856 1085 2890 1154 ή
2920 1084 2976 1137 δὲ
3013 1084 3152 1156 σὰρξ
3196 1082 3450 1155 ἀσθενής.
3485 1102 3504 1135 ι
3561 1084 3627 1137 El
3675 1085 3736 1138 δὲ
3782 1086 3849 1155 δῆ

2259 1173 2494 1241 λέγοιεν,
2547 1177 2649 1244 τὴν
2696 1175 2985 1230 ἀσθένειαν
3025 1179 3085 1230 ἐν
3118 1175 3294 1247 τούτῳ
3335 1176 3415 1245 τῷ
3448 1179 3504 1229 ἐν
3547 1176 3850 1247 ἁμαρτίαις

2259 1261 2397 1318 εἶναι
2447 1265 2641 1335 δηλοῦν
2672 1267 2800 1331 τοὺς
2849 1268 2995 1323 κατά
3044 1268 3210 1338 νόμον
3263 1269 3712 1341 ἱερατεύονταςά,
3750 1272 3849 1323 οὐκ

2258 1357 2647 1428 ἁντιτάξομαι“
2667 1358 2854 1429 σύμφη
2868 1377 2928 1429 μι
2954 1359 3011 1412 δέ
3040 1359 3242 1429 μᾶλλον
3266 1358 3403 1429 ὀρθά
3424 1362 3519 1412 καὶ
3540 1360 3685 1413 οὕτω
3706 1364 3851 1414 νοεῖν

2262 1450 2580 1519 ᾑρημένοις.
2611 1451 2821 1503 Οὐκοῦν
2849 1452 2908 1503 οξ
2938 1451 3040 1521 μὲν
3071 1453 3212 1504 κατὰ
3246 1453 3409 1521 νόμον
3440 1453 3719 1523 ἱερουργοὶ
3747 1453 3847 1505 θυ-

2262 1539 2383 1600 σίας
2414 1540 2655 1611 ἔχρῃζον
2687 1542 2748 1593 οὐ
2798 1543 2949 1611 μιᾶς,
2987 1541 3255 1595 πλειόνων
3280 1542 3338 1594 δὲ
3374 1542 3598 1611 μᾶλλον,
3647 1542 3745 1595 ἅτε
3782 1543 3850 1614 δὴ

2261 1630 2629 1699 προσάγοντες
2656 1631 2777 1685 καθ’
2803 1632 3018 1702 ἡμέραν
3038 1632 3179 1702 ὑπέρ
3204 1649 3265 1684 τε
3291 1632 3473 1685 αὐτῶν
3505 1634 3599 1685 καὶ
3621 1634 3732 1685 τῶν
3753 1633 3850 1685 τοῦ

2260 1720 2393 1771 λαοῦ
2442 1721 2831 1791 ἀγνοημάτων,
2882 1721 2969 1773 διὰ
3001 1721 3062 1772 τὸ
3091 1720 3409 1783 πλειστάκις,
3436 1719 3708 1783 ἀσθενεῖν,
3755 1721 3853 1772 καὶ

2262 1812 2553 1882 ὑπομένειν
2602 1813 2947 1884 μαλακισμδν
2989 1814 3085 1866 τὸν
3131 1815 3210 1876 εἰς
3271 1813 3610 1883 πολύτροπον
3665 1815 3851 1883 ἁμαρ·

2261 1904 2418 1955 τίανο
2463 1905 2492 1956 ὁ
2536 1903 2593 1956 δὲ
2643 1906 2910 1974 κρείττων
2945 1905 3220 1975 ἁμαρτίας
3268 1906 3554 1978 ὑπάρχων,
3587 1907 3851 1970 dig-656;,

2268 1997 2710 2066 προσκεκόμικεν
2726 1997 2951 2061 ἑαυτὸν,
2981 1998 3073 2050 καὶ
3097 1997 3322 2066 γέγονεν
3350 1997 3509 2067 ἡμῶν
3532 1998 3853 2068 ἀρχιερεὺς,

2269 2089 2630 2157 ἀνθρωπίνως
2666 2091 2765 2159 μὲν
2799 2089 3093 2159 λεγόμενος
3142 2089 3499 2159 λειτουργεῖν,
3552 2089 3863 2159 ἱερατεύων

2269 2182 2325 2233 δὲ
2358 2182 2437 2251 τῷ
2466 2183 2643 2247 ﬂat-pi.
2665 2183 2726 2234 τὸ
2754 2181 2884 2235 ἴδιον
2914 2182 3093 2251 σῶμα.
3124 2182 3458 2252 Θεοπρεπῶς
3483 2176 3583 2235 οὖν
3605 2183 3717 2253 ἄρα
3749 2200 3855 2236 πα-

2270 2262 2385 2325 θεῖν
2419 2275 2517 2327 οὐκ
2557 2275 2809 2344 ἀνέχεται
2844 2275 2943 2345 τὴν
2980 2275 3278 2345 ἁμαρτίαν,
3312 2275 3396 2327 ὅτι
3431 2274 3507 2345 μὴ
3537 2273 3756 2344 φύσεως
3786 2271 3868 2347 ἦν·

2271 2366 2530 2435 γενητῆς,
2562 2368 2665 2419 οὐκ
2696 2366 2929 2435 ἐχούσης
2956 2366 3231 2429 ούσιωδῶς
3262 2366 3322 2419 τὸ
3351 2366 3644 2437 ἄτρεπτον,
3669 2368 3767 2420 καὶ
3796 2369 3857 2420 τὸ

2271 2458 2348 2519 εἰς
2375 2457 2523 2510 ἁπαν
2542 2457 2937 2526 διαδιδράσκειν
2953 2458 3217 2511 δύνασθαι
3233 2458 3333 2528 τὴν
3359 2458 3657 2527 ἁμαρτίαν.
3678 2458 3811 2521 Θεὸς
3830 2470 3857 2498 ο

2270 2545 2363 2603 οὖν
2396 2550 2503 2620 ἄρα.
2550 2552 2665 2603 ἐστὶ
2702 2552 3041 2616 παντέλειος,
3068 2549 3501 2620 ἀνεπικούρητον
3531 2550 3672 2620 ἔχων
3721 2553 3853 2620 παρ’

2271 2643 2461 2712 ἐτέρου
2490 2644 2552 2696 τὸ
2582 2644 2919 2713 ἁκράδαντον
2954 2645 3034 2707 εἰς
3069 2643 3367 2712 ἁγιασμδν,
3398 2642 3613 2711 φύσεώς
3637 2660 3697 2696 τε
3726 2660 3859 2715 καρο

2273 2730 2375 2782 πὺν
2406 2731 2542 2794 ἰδίας
2568 2731 2707 2803 ἔχων
2732 2733 2791 2785 τὸ
2823 2733 3206 2803 ἀπλημμελές.

575 2818 669 2871 bet
716 2815 1235 2882 immutabilitatem,
1283 2831 1383 2869 nec:
1434 2832 1593 2885 posse
1640 2817 1860 2871 omnino
1894 2816 2051 2887 165
2090 2818 2264 2872 vitare
2332 2833 2635 2889 peccatum.
2682 2824 2821 2877 Deus
2868 2824 3053 2892 itaque
3119 2833 3205 2877 est
3267 2824 3497 2878 omniex
3531 2833 3687 2893 parte
3731 2839 3852 2894 per-

577 2910 775 2975 fectus,
808 2923 864 2965 et
903 2910 1054 2965 nullo
1087 2911 1341 2978 praesidio
1385 2911 1609 2981 indiget,
1655 2919 1714 2965 ut
1760 2911 1812 2963 in
1844 2925 1942 2964 sua
1966 2914 2256 2968 sanctitate
2289 2915 2479 2971 ﬁrmus
2548 2917 2826 2986 persistat,
2882 2933 3003 2973 cum
3077 2920 3153 2975 sit
3215 2928 3418 2974 natura:
3442 2917 3560 2987 ejus
3606 2919 3863 2987 proprius

577 3003 788 3059 fructus
819 3005 1263 3075 impeccabilitas.

653 3099 840 3155 XLIV.
898 3119 929 3153 ι·
968 3102 1274 3170 Capitulum
1324 3113 1503 3156 autem
1536 3118 1703 3172 super
1732 3119 1797 3157 ea
1834 3119 1954 3174 quae
1980 3105 2171 3159 dicun-

2350 3106 2482 3160 ΜΝ.
2536 3126 2553 3159 ι
2587 3106 2896 3176 Κεφάλαιον
2924 3107 2981 3159 δέ
3014 3106 3107 3159 ἐπὶ
3146 3107 3258 3169 τοῖς
3284 3104 3630 3173 λεγομένοις·
3662 3101 3854 3155 Τοιού-

584 3204 707 3249 tur:
762 3194 947 3248 Talem
981 3196 1241 3249 habemus
1295 3196 1627 3264 pontiﬁcem,
1677 3200 1769 3264 qui
1816 3200 2064 3252 consedit
2116 3197 2171 3251 in

584 3286 810 3340 dextera
840 3286 985 3341 sedis
1015 3288 1403 3355 magnitudinis
1439 3288 1492 3339 in
1519 3288 1694 3349 ccelis,
1723 3299 2033 3343 sanctorum
2071 3292 2177 3341 mi-

586 3380 780 3443 nister,
811 3389 866 3433 et
899 3378 1232 3433 tabernaculi
1277 3379 1413 3445 veri,
1463 3379 1606 3448 quod
1639 3379 1760 3433 ﬁxit
1808 3380 2087 3445 Dominus,
2124 3392 2179 3434 et

586 3486 695 3526 non
743 3473 909 3527 homo
943 3473 985 3525 ⁸.
1029 3490 1051 3521 ι
1106 3470 1275 3525 Vetus
1319 3470 1449 3523 illud
1500 3471 1913 3525 tabernaculum
1945 3487 2043 3540 per
2085 3486 2176 3525 sa-

587 3562 991 3631 pientissimum
1037 3562 1258 3633 Moysen
1304 3562 1598 3616 indescrto
1648 3564 2040 3617 exaediﬁcatum
2072 3572 2177 3626 est,

588 3654 754 3724 idque
787 3655 853 3709 ad
893 3655 1124 3708 formam
1176 3657 1230 3710 itt
1282 3666 1467 3710 monte
1515 3657 1605 3710 illi
1630 3657 2081 3709 demonstratam.
2114 3655 2180 3707 Et

590 3750 811 3819 quidem
848 3747 1063 3803 Veteris
1096 3748 1427 3801 Tcstamenti
1476 3748 1853 3801 sacerdotibus
1899 3755 2017 3801 crat
2049 3746 2179 3800 illud

591 3840 936 3909 aptissimum
972 3857 985 3893 :
1043 3849 1097 3893 at
1144 3853 1274 3893 vero
1313 3838 1683 3893 habitaculum
1730 3839 1951 3893 Christo
1981 3852 2178 3893 conve-

591 3933 750 3987 niens
785 3942 871 3987 est
913 3947 1147 4001 superna
1195 3932 1283 3986 illa
1328 3940 1669 4001 venustaque
1703 3933 1923 3993 civitas,
1959 3932 2063 3985 hoc
2098 3939 2183 3984 est

586 4025 815 4087 coelum,
848 4023 1088 4078 divinum
1126 4040 1257 4078 sane
1301 4040 1683 4095 suunnumque
1739 4023 2179 4087 tabernaculum,

596 4130 704 4171 non
749 4115 883 4171 artis
934 4118 1182 4170 humana:
1239 4116 1538 4182 inventum,
1586 4118 1681 4172 sed
1719 4127 1993 4181 sanctum,
2053 4126 2108 4169 et
2152 4133 2182 4169 a

595 4209 709 4264 Deo
749 4208 1143 4274 fabrefactum;
1197 4209 1253 4262 in
1293 4209 1438 4277 quod
1481 4208 1569 4263 ille
1622 4208 1825 4273 illatus,
1864 4224 1958 4264 eos
1994 4209 2084 4277 qui
2129 4210 2182 4262 in

595 4301 773 4369 ipsum
821 4299 1071 4362 credunt,
1120 4299 1719 4368 sanctiﬁcationemque
1772 4315 1866 4367 per
1918 4298 2184 4368 Spiritum

595 4391 875 4445 consecuti
916 4400 1060 4454 sunt,
1083 4390 1191 4445 Deo
1216 4391 1442 4445 et'Patri
1473 4390 1654 4443 oll'ert.
1691 4409 1709 4443 ι
1750 4390 1940 4456 Nemo,
1976 4391 2180 4460 inquit,

2277 3216 2369 3251 τον
2395 3200 2589 3269 ἔχομεν
2613 3200 2894 3272 ἀρχιερέα,
2923 3200 2981 3261 ὃς
3012 3198 3263 3251 ἐκάθισεν
3286 3198 3343 3248 ἐν
3370 3194 3520 3265 δεξιᾷ
3542 3194 3638 3246 τοῦ
3669 3193 3865 3264 θρόνου

2279 3289 2380 3357 τῆς
2410 3288 2800 3357 μεγαλωσύνης
2844 3290 2903 3339 ἐν
2947 3290 3062 3350 τοῖς
3091 3286 3359 3356 οὐρανοῖς,
3402 3284 3513 3336 τῶν
3546 3282 3717 3352 ἁγίων
3755 3282 3867 3334 λει-

2280 3378 2530 3449 τουργὸς,
2566 3380 2660 3431 καὶ
2694 3379 2794 3448 τῆς
2826 3378 3033 3449 σκηνῆς
3061 3378 3160 3447 τῆς
3185 3376 3473 3447 ἀληθινῆς,
3510 3376 3577 3445 ἢν
3609 3375 3807 3444 ἔπηξεν
3834 3376 3869 3425 ὁ

2282 3469 2508 3538 Κύριος,
2533 3470 2627 3521 καὶ
2654 3470 2752 3522 οὐκ
2771 3469 3077 3541 ἄνθρωπος.
3103 3488 3121 3519 ι
3144 3468 3442 3537 Ἐγήγερτο
3470 3466 3570 3536 μέν
3599 3467 3742 3518 κατά
3767 3466 3869 3535 τὴν

2282 3561 2542 3632 ἐρημονή
2582 3562 2785 3631 ἀρχαία
2812 3562 2987 3630 σκηνὴ
3013 3561 3102 3614 διὰ
3124 3559 3216 3613 τοῦ
3244 3558 3525 3627 πανσόφου
3564 3559 3865 3619 Μωῦσέως.

2282 3654 2582 3722 πεποίηται
2612 3655 2666 3705 δὲ
2699 3653 2843 3706 κατά
2872 3654 2963 3705 τὸν
2997 3653 3169 3704 τύπον
3195 3652 3287 3704 τδν
3325 3650 3609 3720 δειχθέντα
3634 3647 3781 3719 αὐτῷ
3810 3650 3873 3700 ἐν

2282 3744 2361 3813 τῷ
2390 3744 2506 3814 ὄρει
2532 3761 2546 3775 ⁸
2588 3746 2683 3798 καὶ
2721 3746 2833 3808 τοῖς
2864 3745 2963 3814 μὲν
2998 3742 3142 3797 κατὰ
3173 3744 3265 3796 τὸν
3296 3744 3459 3812 νόμον
3494 3740 3881 3811 ἱερατεύουσιψ

2284 3838 2469 3906 ἐκείνη
2519 3838 2985 3907 πρεπωδεστάτη·
3036 3836 3360 3906 ἐνδιαίτημα
3413 3835 3469 3888 δέ
3518 3834 3596 3901 τῷ
3649 3831 3875 3903 Χριστῷ

2286 3930 2496 3998 πρέπον
2527 3947 2585 3982 τε
2619 3930 2713 3982 καὶ
2744 3930 2919 3991 ἐοικὸς
2949 3932 2982 3998 ἡ
3016 3931 3126 3982 ἄνω
3166 3926 3503 3988 καλλίπολις,
3535 3924 3813 3977 τουτέστιν
3842 3924 3876 3973 ὁ

2285 4021 2536 4091 οὐρανὸς,
2571 4021 2605 4090 ἡ
2636 4020 2758 4073 θεία
2788 4038 2849 4072 τε
2890 4023 2981 4073 καὶ
3006 4021 3270 4072 ἀνωτάτω
3302 4017 3499 4087 σκηνὴ,
3527 4016 3623 4068 καὶ
3644 4016 3746 4067 οὐκ
3774 4014 3873 4065 ἀνο

2287 4112 2568 4183 θρωπίνης
2592 4112 2804 4182 εὕρεμα
2833 4112 3052 4181 τέχνης,
3086 4111 3205 4166 ἀλλ’
3233 4110 3353 4181 ἱερὰ
3386 4111 3481 4162 καὶ
3525 4108 3869 4166 θεότευκτος.

2301 4204 2450 4257 Ἐκεῖ
2475 4203 2715 4271 γεγονὼς
2742 4203 3106 4273 προσκομίζει
3150 4202 3230 4272 τῷ
3270 4200 3387 4270 Θεῷ
3419 4201 3513 4252 καὶ
3541 4199 3717 4267 Πατρὶ
3746 4197 3874 4257 τοὺς

2289 4297 2371 4355 εἰς
2396 4294 2559 4347 αὐτὸν
2607 4292 2986 4356 πιστεύοντας,
3027 4290 3395 4361 ήγιασμένους
3423 4289 3479 4341 δέ
3510 4287 3756 4357 δηλονότι
3783 4282 3877 4336 διὰ

2288 4384 2384 4437 τοῦ
2422 4384 2765 4452 Πνεύματος.
2800 4402 2818 4434 ι
2856 4382 3047 4443 Οὐδεὶς
3090 4380 3200 4451 γὰρ
3235 4381 3476 4448 ἔρχεται,
3524 4376 3694 4446 φησὶ,
3737 4372 3874 4441 πρὸς

597 4483 750 4537 venit
787 4482 852 4536 ad
890 4480 1127 4547 Patrem,
1170 4483 1274 4537 nisi
1320 4498 1418 4551 per
1448 4500 1532 4537 me
1563 4485 1606 4538 ‘.
1647 4502 1665 4535 ι
1700 4483 2003 4538 Istiusmodi
2053 4497 2172 4552 ergc

2293 4478 2385 4530 τὸν
2414 4476 2635 4546 Πατέρα
2664 4516 2678 4538 ,
2712 4476 2761 4526 εἰ
2794 4475 2867 4544 μὴ
2896 4474 2963 4526 δι’
3009 4473 3165 4543 ἐμοῦ.
3205 4492 3223 4523 ι
3260 4472 3371 4524 Καὶ
3402 4463 3557 4529 οὗτος
3591 4465 3739 4535 αὐτῷ
3774 4465 3877 4533 τῆς

599 4573 745 4627 illius
770 4582 854 4627 est
883 4572 1266 4637 ministerium,
1291 4574 1356 4629 de
1385 4588 1494 4642 quo
1525 4574 1612 4628 hic
1642 4573 1870 4642 agimus.
1908 4571 1972 4625 Et
2000 4587 2186 4641 quam-

592 4666 683 4720 vis
714 4680 803 4720 res
839 4664 952 4719 hac
978 4665 1199 4732 nostris,
1234 4667 1337 4720 hoc
1366 4675 1471 4730 est,
1508 4666 1758 4720 humanis
1789 4664 1970 4719 verbis
1998 4664 2182 4733 expri-

606 4767 815 4822 matur,
852 4767 936 4812 est
973 4766 1152 4812 tamen
1200 4758 1489 4813 admodum
1543 4758 1744 4812 divina.
1773 4758 1991 4837 ᾼηιιοιι,
2025 4756 2184 4810 obse-

600 4848 721 4917 c'ro,
763 4851 1008 4905 divinum
1049 4849 1304 4917 quiddam
1355 4860 1460 4916 est,
1486 4850 1769 4904 credentes
1799 4848 2020 4919 proprio
2062 4846 2188 4915 Spi-

605 4946 710 4996 ritu
755 4957 920 5011 posse
967 4943 1345 5006 sanctilicare;
1394 4940 1877 5008 misericordiaque
1918 4949 1973 4993 ct
2015 4938 2191 5007 gratia

602 5033 947 5101 iustiﬁcatos,
998 5035 1198 5087 mundo
1257 5042 1554 5093 emortuos,
1608 5030 1811 5098 Spiritu
1872 5030 2192 5093 viviﬁcatos,

608 5128 721 5178 vita
745 5124 967 5179 tandem
1020 5140 1340 5193 morumque
1374 5126 1656 5178 honestate
1685 5124 2009 5189 conspicuos
2083 5121 2194 5174 Deo

606 5215 827 5280 nitet-re,
880 5228 935 5271 et
956 5221 1109 5286 quasi
1141 5218 1504 5271 consecrare?
1542 5216 1694 5283 Quod
1735 5226 1917 5268 autem
1944 5215 2191 5284 (δείδω-

606 5312 652 5361 si
688 5308 1004 5363 ministrare
1048 5311 1301 5378 dicatur)
1344 5311 1504 5364 Patre
1548 5325 1721 5377 neque
1755 5310 1931 5362 minor
1962 5309 2055 5372 sit,
2094 5323 2189 5362 ne-

517 5417 522 5420 ·
609 5414 718 5468 que
756 5400 941 5470 gloria:
973 5400 1115 5454 illius
1145 5402 1249 5455 ulla
1281 5418 1347 5457 ex
1389 5410 1541 5469 parte
1575 5400 1753 5465 cedat,
1799 5400 1852 5454 id
1900 5401 2023 5454 inde
2050 5398 2195 5453 clare

611 5502 868 5547 constare
937 5501 1135 5560 potest,
1196 5492 1340 5561 quod
1395 5492 1588 5547 divinae
1642 5492 1940 5559 maiestatis
1997 5490 2193 5544 solium

688 5649 710 5681 ³
736 5649 927 5704 Matth.
960 5665 1109 5716 xxw,
1139 5652 1226 5705 lii.

1306 5650 1326 5681 ⁸
1354 5650 1517 5707 Hebr.
1546 5667 1644 5716 vn,
1671 5651 1764 5704 27.
1842 5651 1863 5682 ⁸
1904 5650 2070 5706 Hebr.
2098 5663 2219 5707 vm.
2254 5650 2302 5717 Ι,
2332 5645 2386 5700 2.

2296 4568 2488 4621 ἐνθάδε
2520 4567 2821 4637 λεγομένης
2854 4564 3200 4635 λειτουργίας
3233 4565 3261 4615 ό
3292 4561 3513 4630 τρόπος.
3560 4554 3874 4627 Θεοπρεπές

2294 4662 2353 4714 δὲ
2386 4660 2449 4712 τὸ
2478 4659 2695 4730 χρῆμα,
2740 4656 2840 4711 κᾶν
2870 4658 2918 4708 εἰ
2952 4659 3064 4718 τοῖς
3098 4654 3219 4708 καθ’
3252 4654 3420 4723 ἡμᾶς,
3451 4652 3621 4721 ἦγουν
3665 4648 3875 4717 ἀνθρωο

2299 4753 2475 4817 πίνοις
2511 4751 2832 4821 σημαίνοιτο
2860 4750 3060 4817 λόγοις.
3093 4748 3167 4799 Τὸ
3201 4746 3309 4815 γὰρ
3344 4744 3593 4812 ἁγιάζειν
3620 4737 3879 4793 δύνασθαι

2299 4845 2377 4917 τῷ
2415 4846 2530 4916 ἰδίῳ
2558 4843 2842 4911 Πνεύματι
2881 4840 3008 4901 τοὺς
3057 4836 3417 4897 πιστεύοντας
3442 4875 3455 4899 ,
3486 4832 3623 4901 ἐλέῳ
3650 4831 3747 4883 καὶ
3782 4828 3877 4897 χά-

2304 4957 2413 5008 ριτι
2444 4935 2901 5004 δεδικαιωμένους
2928 4971 2942 4995 ,
2997 4930 3091 4983 καὶ
3125 4925 3235 4980 οἷον
3269 4926 3574 4996 ἱερουργεῖν
3620 4921 3699 4989 τῷ
3739 4917 3877 4985 Θεῷ,

2302 5030 2496 5101 κόσμῳ
2526 5028 2625 5098 μὲν
2651 5026 3119 5094 ἀποθνήσκοντας,
3138 5017 3605 5087 ζωοποιουμένους
3630 5014 3687 5065 δὲ
3708 5010 3879 5066 ῐινεύ-

2309 5137 2459 5189 ματι,
2503 5118 2598 5171 καὶ
2624 5120 2704 5178 εἰς
2730 5116 3021 5183 εὐδόκιμον
3050 5110 3269 5181 ἀληθῶς
3293 5107 3721 5176 ἀναλάμποντας
3746 5102 3880 5171 βίον,

2303 5211 2419 5271 πῶς
2448 5211 2549 5263 οὐκ
2576 5208 2642 5262 ἂν
2670 5207 2756 5279 εἴη
2784 5204 3120 5277 θεοπρεπές;
3151 5204 3274 5257 ’Ὁτι
3294 5201 3373 5263 δέ,
3393 5198 3570 5252 καίτοι
3593 5195 3881 5263 λεγόμενος

2302 5304 2661 5373 λειτουργεῖν,
2713 5300 2774 5351 οὺ
2828 5299 2996 5368 μείων
3040 5296 3158 5349 ἐστὶ
3202 5294 3295 5347 τοῦ
3330 5290 3564 5361 Πατρός,
3612 5286 3737 5340 οὔτε
3778 5284 3883 5353 μὴν

2305 5396 2534 5449 κατόπιν
2561 5394 2781 5463 ἔρχεται
2823 5393 2921 5461 τῆς
2956 5390 3180 5457 ἐνούσης
3205 5385 3455 5446 εὐκλείας
3505 5380 3676 5449 αὐτῷ,
3719 5394 3886 5449 προεκ-

2306 5486 2691 5540 αποδεὶκνυσιν
2727 5481 2970 5553 ἐναργῶς
3001 5481 3062 5533 τὸ
3090 5481 3199 5541 τοῖς
3252 5475 3417 5537 θείοις
3457 5472 3620 5526 αὐτὸν
3670 5466 3889 5537 ἐνιδρύ-

2501 5645 2521 5676 ⁸
2556 5643 2710 5700 Joan.
2746 5659 2854 5711 xw,
2886 5643 2937 5697 6.

1703 5784 1880 5840 Variae
1903 5785 2164 5841 lectiones
2191 5782 2390 5840 codicis
2420 5780 2777 5852 Srguicriani.

700 5918 1187 5992 δῖεςεσςτσὲντας,
1228 5919 1361 5976 ῐνειι
1390 5919 1756 5991 Iamnam;
1840 5928 1860 5959 ε
1895 5918 2041 5979 Υἱός.
