4132 6444
347 423 482 480 ιιι-ι

1156 422 1248 477 ΔΙ)
1291 421 1592 480 ΒΕΟῘΝΑΞ
1630 420 1719 475 DE
1759 418 1987 476 RECTA
2028 416 2184 472 FIDE
2225 412 2486 473 ORATIO
2526 412 2824 469 ALTERA.

3451 397 3613 459 .1398

346 543 471 598 σθαι
500 541 698 605 θώκοις
723 582 739 607 ,
770 544 864 597 καὶ
897 543 955 597 ἐν
981 543 1131 615 δεξιᾷ
1162 544 1438 615 καθῆσθαι
1466 543 1559 597 τοῦ
1587 541 1921 613 Γεγεννηκό-
1948 550 1962 600 λ

2049 540 2285 604 ιὺιίιισιιι,
2337 549 2500 607 atque
2564 536 2700 589 adeo
2743 532 2843 603 ipsi
2886 529 3030 585 Patri
3078 528 3298 581 dextera
3348 518 3603 576 assideat.

343 654 457 699 τος.
492 636 553 687 Εἰ
587 635 697 705 γάρ
735 637 883 689 ἐστιν
917 635 1135 706 ἀληθὲς,
1187 638 1269 690 ὅτι
1313 638 1423 699 πᾶς
1472 636 1651 704 ἱερεὺς
1691 635 1923 705 ἕστηκεν

346 726 432 778 ἀεὶ
479 725 830 796 λειτουργῶν,
873 728 967 781 καλ⁸
1005 728 1108 781 οὑκ
1152 728 1219 781 ἂν
1264 728 1438 780 νοοῖτό
1487 745 1618 779 ποτε
1666 725 1925 795 σύνεδρός

343 833 403 868 τε
434 816 529 869 καὶ
563 817 812 888 ίσοκλεὴς
845 811 998 890 ᾧπερ
1026 818 1091 873 ἂν
1120 818 1438 891 λατρεύσειε
1470 818 1612 889 Θεῷ,
1667 817 1787 881 πῶς
1824 817 1927 870 οὑκ

347 908 634 979 ἀσυνήθης
680 909 965 980 ίερουργὸς
999 911 1027 962 6
1066 911 1325 980 Χριστὸς,
1361 912 1389 963 6
1432 910 1526 964 καὶ
1576 911 1634 962 ἐν
1672 911 1787 966 τοῖς
1829 908 1929 978 τῆς

349 1000 604 1068 θεότητος
668 1000 865 1066 θώκοις
917 1002 993 1065 ὡς
1047 1002 1219 1065 Θεὸς,
1285 1004 1379 1055 καὶ
1432 1001 1764 1073 λειτουργῶν
1832 1002 1928 1053 ἀν-

349 1092 673 1163 θρωπίνωςς
707 1094 771 1147 El
803 1094 858 1147 6‘s
888 1093 951 1165 δή
978 1111 1061 1158 τις
1090 1094 1238 1162 λέγοι
1285 1093 1639 1162 συκοφαντῶν
1669 1092 1766 1163 τὴν
1799 1092 1930 1163 ἁλή-

350 1181 524 1249 θειαν,
548 1184 631 1236 ὅτι
653 1184 763 1237 Ναὶ
784 1184 1079 1238 κεκάθικεν
1108 1187 1166 1237 ἐν
1192 1184 1345 1255 δεξιᾷ
1366 1183 1462 1237 τοῦ
1493 1184 1708 1255 Πατρὸς
1746 1183 1930 1246 ίδικῶς

351 1276 637 1348 ἄνθρωπος
682 1276 1032 1347 συνημμένος
1062 1276 1138 1348 τῷ
1168 1276 1286 1346 Θεῷ
1316 1277 1456 1330 κατὰ
1492 1278 1658 1347 μόνην
1691 1275 1790 1345 τὴν
1820 1276 1930 1328 ίσό-

351 1386 492 1437 τητα
518 1370 612 1439 τῆς
641 1369 796 1433 ἀξίας
820 1386 834 1400 ’
875 1371 1059 1423 οὐκέτι
1101 1371 1267 1440 μόνης
1302 1366 1443 1421 εἷναί
1473 1387 1605 1437 φησι
1633 1370 1732 1439 τῆς
1771 1368 1933 1435 ἁγίας

354 1456 587 1526 Τριάδος
633 1459 726 1511 τὸν
790 1459 1053 1513 ἀνωτάτω
1104 1459 1200 1512 καὶ
1258 1460 1396 1530 μόνῃ
1448 1460 1586 1529 αὑτῇ
1653 1459 1936 1530 πρέποντα

353 1550 564 1622 θρόνον,
591 1552 707 1604 ἀλλ’
733 1551 832 1622 ἥδη
866 1570 948 1615 τις
980 1553 1113 1622 ἡμῖν
1141 1552 1401 1622 τέταρτος
1428 1554 1629 1617 οὑτοσὶ,
1680 1553 1935 1623 πρόσφαα

352 1643 447 1706 τός
489 1660 549 1695 τε
589 1644 684 1695 καὶ
716 1645 941 1712 γενητὸς
993 1645 1402 1715 ἐπεισκρίνεται
1454 1646 1608 1708 Θεὸς,
1660 1645 1798 1715 μετά
1838 1645 1937 1716 τὴν

354 1734 640 1803 ὁμοούσιον
670 1733 763 1787 καὶ
797 1734 959 1802 ἁγίαν
987 1734 1214 1806 Τριάδα.

2028 630 2085 685 Si
2140 631 2284 684 enim
2332 642 2519 682 verum
2582 633 2666 678 est
2716 636 2930 675 omnem
2980 617 3202 674 omnino
3270 612 3605 667 sacerdotem

2027 730 2194 785 stare,
2238 728 2298 773 ut
2341 715 2670 772 sacriﬁcium
2709 710 2977 776 olierat";
3022 721 3194 776 neque
3245 703 3485 758 assidere
3515 708 3609 752 aut

2027 812 2176 883 paris
2205 824 2439 879 unquam
2473 806 2657 876 gloria:
2683 819 2805 859 cum
2840 801 2972 866 Deo,
3002 800 3085 854 cui
3116 796 3406 859 sacrificat,
3450 790 3609 846 intel-

2031 906 2120 975 ligi
2165 913 2336 973 potest
2364 919 2378 957 :
2411 916 2521 970 quo
2570 905 2728 968 pacto
2757 893 3007 950 Christus
3040 904 3181 943 novo
3231 888 3388 941 modo
3420 897 3607 938 sacer-

2022 996 2178 1050 dotio
2225 1009 2329 1046 non
2383 991 2641 1060 fungitur,
2682 986 2772 1056 qui
2817 985 2889 1038 ita
2921 993 2978 1036 ut
3021 982 3184 1036 homo
3213 977 3504 1037 ministrat,
3554 981 3613 1025 ut

2032 1099 2213 1143 tamen
2246 1086 2299 1140 in
2346 1082 2650 1138 divinitatis
2682 1079 2831 1135 soliis
2870 1071 3195 1131 consideat?
3227 1069 3381 1135 Quod
3410 1067 3453 1122 si
3490 1066 3611 1136 quis

2034 1181 2315 1251 improbus
2354 1176 2614 1231 adversus
2649 1171 2934 1227 veritatem
2970 1163 3304 1238 sycophanta
3340 1159 3615 1214 hominem

2033 1273 2330 1328 secundum
2382 1268 2554 1323 solam
2595 1262 2874 1336 dignitatis
2907 1258 3274 1330 arqualitatem
3323 1253 3432 1309 Deo
3478 1266 3615 1306 con-

2032 1364 2302 1432 junctum,
2337 1359 2404 1414 ad
2437 1357 2614 1411 Patris
2656 1356 2931 1410 dexteram
2966 1348 3250 1405 considere
3294 1342 3611 1403 contendat,

2039 1457 2084 1509 is
2113 1468 2245 1508 sane
2279 1460 2508 1513 asseret,
2549 1464 2655 1502 non
2704 1444 2936 1512 amplius
2975 1442 3141 1496 solius
3181 1446 3384 1491 sanctie
3429 1432 3616 1487 Trini-

2042 1547 2168 1599 tatis
2189 1559 2311 1598 esse
2333 1555 2643 1611 supremum
2668 1539 2837 1594 illum.
2857 1544 3020 1603 atque
3044 1531 3144 1600 ipsi
3164 1527 3262 1583 soli
3288 1526 3619 1580 convenien-

2042 1647 2148 1692 tem
2173 1636 2335 1707 166
2370 1636 2644 1688 thronum.
2667 1630 2773 1684 Sed
2797 1627 2907 1697 jam
2941 1633 3168 1695 quartus
3195 1620 3417 1689 quidam
3438 1615 3621 1681 nobis,

2042 1743 2231 1784 recens
2260 1738 2313 1782 et
2347 1724 2529 1779 factus
2551 1719 2913 1777 introducitur
2962 1717 3125 1779 Deus,
3154 1721 3351 1782 praeter
3383 1707 3621 1765 consub-

2043 1817 2353 1875 stantialem
2377 1825 2433 1871 et
2460 1821 2707 1870 sanctam
2735 1809 3083 1864 Trinitatem.

424 1911 559 1965 ME'.
608 1930 626 1962 ι
660 1911 895 1981 Χριστὸς
920 1913 976 1966 δὲ
1014 1914 1460 1983 παραγενόμενος
1495 1915 1787 1985 ἀρχιερεὺς
1825 1914 1934 1968 τῶν

2114 1908 2275 1966 XLV.
2326 1926 2346 1959 ι
2381 1906 2627 1962 Christus
2664 1912 2842 1957 autem
2900 1900 3162 1954 assistens
3208 1892 3445 1965 pontifex
3481 1899 3627 1943 tutn-

357 2001 663 2067 μελλόντων
696 2001 937 2067 ἀγαθῶν,
969 2002 1057 2056 διὰ
1084 2004 1182 2073 τῆς
1216 2004 1462 2074 μείζονος
1478 2006 1572 2058 καὶ
1593 2004 1936 2077 τελειοτέρας

356 2096 598 2162 σκηνῆς,
645 2094 706 2146 οὐ
747 2095 1153 2163 χειροποιήτου,
1187 2097 1464 2149 τουτέστιν
1499 2096 1561 2148 οὑ
1596 2096 1799 2167 ταύτης
1837 2096 1937 2165 τῆς

356 2186 611 2248 κτίσεως,
660 2185 781 2239 οὑδὲ
825 2186 892 2239 δι’
933 2188 1169 2256 αἵματος
1204 2188 1426 2257 τράγων
1460 2188 1552 2241 καὶ
1584 2188 1823 2257 μόσχων,
1849 2188 1938 2241 διά

353 2276 413 2331 δὲ
450 2277 546 2328 τού
577 2277 711 2331 ἰδίου
744 2278 976 2347 αἵματος
1006 2279 1257 2348 εἰσῆλθεν
1296 2280 1518 2349 ἐφάπαξ
1560 2282 1639 2343 είς
1680 2280 1749 2333 τά
1781 2280 1934 2349 am,

355 2368 580 2421 αἰωνίαν
615 2367 884 2438 λύτρωσιν
928 2369 1247 2441 εὑράμενος.
1293 2392 1310 2423 ι
1354 2371 1486 2424 Τίνα
1519 2370 1575 2424 δέ
1618 2372 1817 2441 τρόπον
1851 2372 1939 2425 διὰ

356 2458 455 2527 τῆς
515 2458 762 2528 μείζονος
798 2459 894 2513 καὶ
942 2460 1288 2531 τελειοτέρας
1324 2462 1528 2533 σκηνῆς
1579 2462 1804 2530 γέγονεν
1852 2464 1936 2532 ἐφ’

357 2550 506 2618 ἡμᾶς
549 2551 578 2602 6
626 2550 830 2621 Κύριος
875 2551 1032 2621 ἡμῶν
1091 2551 1297 2623 Ἰησοῦς
1346 2553 1580 2623 Χριστὸς
1625 2555 1937 2626 ἀρχιερεὺς,

357 2641 752 2713 προαπέδειξεν
802 2644 933 2714 ἡμῖν
991 2643 1192 2712 ἀρτίως
1240 2645 1268 2695 6
1315 2643 1498 2712 λόγος.
1555 2645 1679 2698 Ὅτι
1733 2645 1790 2699 δὲ
1842 2645 1940 2717 τῆς

282 2782 285 2783 ,
361 2732 674 2807 ἱερουργίας
705 2735 733 2785 6
764 2734 968 2803 τρόπος
986 2734 1160 2805 αὐτῷ,
1192 2736 1289 2787 καὶ
1323 2735 1568 2805 ἀμείνων
1594 2736 1941 2808 ἀσυγκρίτως

356 2824 459 2894 τῆς
495 2825 636 2878 κατὰ
669 2826 760 2877 τὸν
794 2824 980 2895 νόμον,
1040 2826 1135 2878 καὶ
1190 2825 1327 2879 πολὺ
1374 2825 1494 2879 λίαν
1546 2828 1942 2899 ὑπερκείμενος

358 2916 470 2970 τῶν
501 2916 577 2980 ὡς
615 2919 672 2970 ἐν
716 2915 872 2987 τύπῳ
905 2917 1002 2971 καὶ
1053 2919 1180 2987 σκιᾷ
1228 2917 1346 2989 (καὶ
1388 2919 1497 2988 γάρ
1536 2920 1685 2971 ἐστιν
1717 2920 1940 2991 αὑτὸςή

362 3004 589 3074 ἀλήθεια
624 3006 718 3059 καὶ
754 3005 814 3059 τὸ
844 3006 1074 3076 ἄμωμον
1111 3006 1352 3076 ἱερεῖον),
1394 3006 1717 3061 ἐνδοιάσειεν
1748 3008 1815 3062 ἂν
1848 3010 1943 3063 οὑ-

360 3095 493 3159 δείς.
546 3096 824 3167 Ἐπιτήρει
878 3096 969 3161 δὲ,
1031 3097 1179 3161 ὅπως
1220 3116 1237 3148 ι
1301 3097 1359 3149 Ὀ
1407 3095 1735 3165 ἀξιάγαστος
1784 3099 1943 3168 ἡμῶν

363 3186 679 3257 ἀρχιερεὺς,
713 3186 771 3250 ὃς
810 3186 1063 3242 ἐκάθισεν
1092 3190 1149 3241 ἐν
1182 3187 1333 3258 δεξιᾷ
1359 3186 1454 3241 τοῦ
1497 3187 1691 3259 θρόνου
1718 3188 1816 3259 τῆς
1851 3205 1945 3259 με·

364 3277 687 3350 γαλωσύνης
720 3280 778 3333 ἐν
812 3264 925 3343 τὸῖς
963 3280 1233 3351 οὐρανοῖς,
1273 3280 1363 3334 διὰ
1407 3280 1500 3334 τοῦ
1544 3281 1677 3335 ίδίου
1718 3282 1948 3351 αἵματος

2047 2018 2229 2060 rerum
2264 2002 2527 2057 bonorum
2552 2038 2565 2064 ,
2622 2010 2717 2065 per
2747 1992 2979 2063 amplius
3011 2000 3066 2045 et
3127 1987 3420 2058 perfectius
3453 1984 3628 2037 taber-

2049 2095 2296 2151 naculum
2336 2107 2441 2147 non
2476 2087 2841 2145 manufactum
2864 2125 2879 2150 ,
2916 2084 2967 2137 id
2999 2090 3115 2146 est,
3152 2096 3257 2134 non
3288 2078 3446 2148 hujus
3472 2089 3627 2130 crea-

2048 2188 2251 2253 tionis;
2291 2199 2465 2253 neque
2498 2197 2594 2251 per
2645 2177 2966 2247 sanguinein
3024 2173 3300 2227 hircorum
3339 2180 3395 2223 et
3434 2166 3629 2221 vitulo-

2049 2296 2166 2333 rum
2194 2320 2209 2344 ,
2239 2277 2332 2332 sed
2366 2290 2463 2346 per
2492 2271 2769 2344 proprium
2810 2265 3126 2337 sanguinem
3174 2261 3420 2318 introivit
3459 2256 3630 2315 semel

2050 2374 2103 2427 in
2171 2379 2402 2431 sancta,
2435 2376 2635 2421 :eterna
2698 2359 3069 2429 redemptione
3120 2355 3335 2409 inventa
3357 2353 3402 2406 ⁸.
3438 2369 3458 2404 ι
3512 2349 3631 2418 Qua

2051 2464 2259 2519 ratione
2308 2458 2565 2512 Dominus
2614 2462 2796 2509 noster
2846 2451 3006 2506 .lesus
3035 2447 3283 2503 Christus
3314 2459 3408 2516 per
3458 2441 3633 2513 maius

2047 2566 2102 2611 et
2148 2550 2443 2623 perfectius
2522 2543 2925 2603 tabernaculum
3002 2541 3322 2608 ingressus,
3386 2532 3632 2606 pontifex

2050 2655 2235 2699 noster
2256 2639 2561 2703 exstiterit,
2591 2637 2751 2690 verba
2785 2632 2942 2687 modo
2968 2630 3189 2684 recitata
3224 2626 3443 2697 planum
3476 2623 3632 2678 nobis

2052 2737 2276 2790 faciunt.
2324 2731 2475 2797 Quod
2535 2737 2716 2781 autem
2770 2720 3059 2778 sacerdotii
3115 2718 3258 2773 illius
3291 2717 3423 2771 ritus
3468 2712 3631 2783 legali

2052 2824 2356 2883 sacerdotio
2387 2821 2608 2876 omnino
2642 2813 2984 2887 praestiterit,
3017 2810 3418 2882 plurimumque
3449 2822 3511 2862 ea
3535 2820 3633 2859 ex-

2051 2915 2299 2969 celluerit
2346 2924 2468 2980 quae
2514 2916 2720 2962 tantum
2776 2906 2828 2959 in
2862 2902 3053 2957 umbra
3102 2908 3155 2956 et
3214 2899 3382 2969 figura
3412 2896 3635 2952 contin-

2053 3005 2249 3076 gebant
2292 3001 2448 3073 (ipse
2480 2998 2625 3054 enim
2684 3010 2779 3066 per
2829 3008 2889 3050 se
2926 3007 3056 3049 vera
3107 2991 3199 3045 illa
3252 2999 3315 3046 et
3354 2986 3634 3057 impolluta

2053 3098 2229 3153 lioStia
2257 3093 2536 3161 exstitit),
2569 3103 2728 3145 nemo
2755 3127 2771 3153 ,
2818 3088 3013 3157 opinor
3034 3124 3048 3147 ,
3085 3082 3293 3138 inficias
3325 3080 3502 3135 iverit.
3530 3078 3637 3135 0b-

2053 3203 2205 3243 serva
2242 3187 2327 3239 hic
2369 3193 2548 3237 autem
2604 3178 2924 3248 praeclarum
2979 3174 3127 3228 illum
3165 3182 3216 3226 et
3255 3168 3633 3225 admirabilem

2057 3300 2076 3332 ι
2123 3277 2440 3334 Pontificem
2489 3284 2735 3329 nostrum
2764 3309 2779 3335 ,
2814 3267 2904 3335 qui
2935 3266 2989 3320 in
3040 3265 3263 3320 dextera
3314 3261 3494 3316 throni
3524 3276 3639 3313 ma-

364 3368 618 3437 εἰσῆλθεν
652 3370 869 3439 ἐφάπαξ
916 3373 996 3440 είς
1040 3372 1109 3426 τὰ
1138 3370 1291 3441 ἂγια,
1335 3372 1607 3443 λύτρωσιν
1640 3374 1950 3445 εὑράμενος

2049 3371 2262 3440 iestatis
2293 3369 2384 3423 Dei
2413 3368 2562 3421 sedet
2599 3364 2653 3418 in
2696 3360 3033 3424 caelestibus,
3077 3371 3174 3427 per
3205 3355 3479 3426 proprium
3510 3368 3639 3405 san-

366 3461 615 3517 αίωνίαν.
660 3480 678 3512 ι
717 3460 841 3525 Πῶς
868 3458 960 3515 οὖν
993 3465 1020 3515 6
1051 3466 1108 3516 ἐν
1138 3463 1288 3534 δεξιᾷ
1316 3464 1409 3517 τοῦ
1436 3466 1653 3534 Πατρὸς
1690 3468 1768 3529 ὡς
1796 3464 1946 3529 Θεὸς,

370 3552 499 3607 ἴδιον
532 3552 678 3624 ἔχειν
711 3548 850 3624 αἷμα
884 3553 1081 3623 λέγοιτ’
1135 3556 1225 3618 ἂν,
1259 3557 1308 3608 εί
1359 3556 1434 3627 μὴ
1478 3557 1948 3628 πεπιστεύκαμεν,

368 3645 453 3698 ὄτι
481 3647 508 3699 6
538 3646 601 3698 ἐκ
630 3645 766 3699 Θεοῦ
798 3646 1012 3718 Πατρὸς
1042 3647 1185 3705 κατά
1225 3648 1387 3716 φύσιν
1414 3648 1540 3712 Υἱὸς
1571 3649 1950 3721 κεχρημάτικε

369 3737 467 3790 καὶ
498 3736 627 3800 Υἱὸς
650 3737 963 3809 ἀνθρώπου,
995 3740 1092 3793 καὶ
1120 3739 1183 3792 τὸ
1215 3740 1346 3793 ἴδιον
1385 3734 1525 3811 αἷμα
1562 3741 1661 3811 τῆς
1695 3741 1953 3795 ἁπάντων

370 3827 519 3898 ζωῆς
552 3827 911 3899 ἀντάλλαγμα
954 3829 1100 3894 δοὺς,
1144 3829 1350 3900 ταύτην
1394 3830 1595 3904 εὕρατο
1640 3830 1718 3903 τῷ
1761 3832 1953 3905 κόσμῳ

368 3919 468 3991 τὴν
496 3920 578 3984 εἰς
625 3919 800 3975 αἰῶνα
829 3919 1127 3992 λύτρωσινς
1175 3922 1249 3976 Οὑ
1279 3921 1390 3994 γάρ
1429 3940 1531 3977 που
1565 3924 1701 3995 φαίη
1730 3940 1821 3989 τις
1861 3925 1951 3992 ἂν,

368 4011 444 4076 ὡς
477 4007 545 4083 ἦν
576 4011 879 4067 ἀκόλουθόν.
910 4031 971 4067 τε
1000 4014 1096 4067 καὶ
1129 4014 1363 4086 πρέπον,
1419 4016 1671 4089 καθάπερ
1715 4018 1774 4071 ἐν
1804 4019 1955 4086 τάξει

370 4105 480 4158 τῶν
510 4103 720 4173 ἀλόγων
746 4104 902 4170 ζώων
931 4107 1233 4177 σφάζεσθαι
1265 4108 1585 4174 πλειστάκις
1614 4110 1707 4164 τὸν
1743 4110 1956 4183 Ἐμμα-

371 4195 557 4265 νουὴλ,
608 4196 963 4269 ἀποχρῶντος
1009 4200 1091 4262 είς
1140 4199 1413 4272 λύτρωσιν
1463 4200 1565 4271 τῆς
1610 4201 1703 4256 ὑπ’
1728 4204 1955 4276 οὐρανὸν

370 4289 471 4347 τοῦ
501 4289 596 4345 καὶ
620 4288 769 4355 ἅπαξ
789 4292 981 4343 παθεῖν
1002 4290 1186 4346 αὐτόν.
1212 4293 1275 4345 Ei
1300 4292 1377 4358 δὲ,
1411 4293 1554 4347 καθά
1578 4296 1956 4367 πεφρονήκασί

372 4398 542 4445 τινες,
576 4381 866 4455 ἄνθρωπος
907 4378 976 4453 ἦν
1023 4382 1230 4449 ίδικῶς,
1260 4385 1467 4456 ἰσότητι
1500 4386 1598 4457 μὲν
1643 4385 1745 4456 τῆς
1776 4388 1954 4455 ἀξίας,

373 4473 544 4546 ῆγουν
591 4472 901 4540 αὑθεντίας,
960 4474 1313 4546 συνημμένος
1347 4475 1488 4547 Θεῷ,
1534 4478 1866 4550 διῃρημένος
1899 4479 1956 4533 δὲ

2048 3464 2267 3534 guinem
2319 3457 2485 3514 semel
2539 3464 2750 3509 tantum
2802 3453 2854 3507 in
2890 3460 3077 3505 sancta
3128 3448 3381 3501 introisse
3415 3485 3429 3509 ,
3481 3454 3640 3498 aster-

2052 3566 2289 3623 namque
2336 3549 2762 3617 redemptionem
2798 3542 3089 3596 invenisse.
3127 3558 3145 3590 ι
3189 3541 3254 3592 At
3281 3536 3549 3606 quomodo
3572 3534 3638 3595 is,

2051 3643 2141 3711 qui
2178 3634 2239 3695 ut
2295 3638 2437 3694 Deus
2485 3634 2595 3690 Deo
2639 3632 2787 3688 Patri
2818 3631 2875 3685 in.
2937 3632 3159 3685 dextera
3218 3628 3460 3691 assidet,
3514 3639 3641 3692 pro-

2052 3736 2228 3805 prium
2257 3729 2578 3801 sanguinem
2628 3725 2826 3781 habere
2862 3730 3009 3778 recte
3055 3722 3157 3777 dici
3215 3727 3427 3788 potest,
3460 3717 3505 3773 si
3552 3731 3643 3770 na-

2053 3825 2282 3879 turalem
2338 3820 2434 3876 Dei
2472 3817 2689 3882 Filium,
2724 3814 2959 3870 hominis
3008 3825 3227 3882 quoque
3271 3808 3439 3863 filium
3471 3807 3642 3861 exsti-

2058 3917 2186 3973 tisse
2216 3957 2232 3983 ,
2282 3910 2671 3984 propriumque
2713 3903 3030 3976 sanguinem
3074 3901 3305 3973 pretium
3336 3915 3433 3970 pro
3459 3898 3644 3953 omni-

2054 4008 2154 4062 bus
2188 4001 2552 4074 impendisse,
2597 4007 2654 4054 et
2713 4004 2971 4052 aiternam
3028 3994 3131 4048 hac
3191 3991 3399 4047 ratione
3442 3987 3645 4043 mundo

2055 4100 2283 4154 salutem
2320 4094 2620 4166 reperisse,
2670 4099 2820 4147 certo
2852 4102 3173 4161 persuasum
3231 4099 3335 4139 non
3372 4080 3649 4138 habueri-

2058 4190 2213 4254 mus?
2272 4187 2461 4258 Neque
2505 4184 2649 4240 enim
2695 4181 2892 4238 dixerit
2938 4179 3202 4252 quispiam
3282 4176 3530 4231 decuisse
3584 4182 3645 4227 ut

2057 4280 2397 4347 Emmanuel,
2436 4288 2692 4349 tanquam
2762 4289 2926 4346 pecus
2995 4271 3242 4341 aliquod,
3275 4268 3477 4340 saepius
3530 4281 3646 4321 ma-

2059 4385 2298 4430 ctaretur
2325 4388 2342 4439 ;
2377 4371 2576 4444 quippe
2609 4384 2735 4423 cum
2774 4368 2841 4422 ad
2872 4376 3042 4422 totum
3075 4364 3265 4418 orbem
3303 4357 3647 4416 liberandum

2060 4466 2141 4521 vel
2176 4464 2345 4520 semei
2380 4464 2558 4535 ipsum
2597 4470 2826 4516 mortem
2883 4456 3119 4513 subiisse
3155 4454 3370 4510 abunde
3401 4459 3488 4509 sat
3517 4449 3641 4505 fue-

374 4565 497 4619 καθ’
532 4564 853 4630 ὑπόστασιν,
881 4566 977 4620 καὶ
1005 4566 1110 4621 ἀνά
1156 4567 1322 4638 μέρος
1349 4563 1490 4622 εἶναι
1526 4549 1916 4641 πιστευόμενος
1937 4614 1952 4637 ,

2060 4560 2153 4615 rit.
2211 4557 2365 4624 Quod
2423 4555 2511 4623 si,
2562 4561 2622 4610 ut
2675 4551 2917 4609 nonnulli
2991 4549 3267 4612 sentiunt,
3308 4560 3478 4616 purus
3547 4556 3648 4613 per

373 4655 476 4709 οὑκ
505 4649 575 4726 ἦν
615 4655 747 4709 ἴδιον
779 4649 919 4725 αἷμα
964 4653 1059 4710 τοῦ
1105 4656 1519 4727 συνεδρεύοντος
1553 4658 1632 4729 τῷ
1680 4659 1857 4733 Πατρὶ
1896 4659 1959 4713 τὸ

374 4749 458 4811 είς
484 4745 760 4818 λύτρωσιν
792 4746 887 4800 τοῦ
923 4748 1133 4819 κόσμου
1175 4749 1349 4816 δοθὲν,
1383 4749 1497 4803 ἀλλ’
1528 4749 1718 4822 ἐτέρου
1756 4751 1955 4821 μᾶλλον

378 4837 639 4908 σχετικὴν
664 4836 881 4906 ἔχοντος
904 4837 1041 4908 πρὸς
1065 4838 1228 4893 αὑτὸν
1256 4839 1355 4910 τὴν
1400 4839 1717 4909 συνάφειαν.
1747 4839 1956 4909 ’Ὠσπερ

377 4927 486 4998 γὰρ
522 4926 617 4980 δύο
645 4927 790 4991 τινὲς
819 4929 1077 4999 ἄρχοντες
1118 4932 1185 5002 τῇ
1221 4930 1331 4983 τῶν
1372 4930 1702 5002 ἀξιωμάτων
1752 4929 1959 4999 ίσότητι

377 5017 498 5071 κατ’
522 5016 674 5071 οὐδὲν
697 5016 940 5089 ἀλλήλων
956 5018 1325 5088 διενεγκόντες
1360 5019 1517 5084 ὅλως,
1538 5021 1635 5091 οὑχ
1662 5013 1743 5083 εἷς
1774 5019 1959 5073 νοοῦν-

375 5125 464 5164 ται
494 5112 514 5152 ε
550 5108 929 5179 μᾶλλον,ἀλλά
944 5109 1037 5163 δύο
1066 5110 1207 5164 κατά
1229 5111 1289 5164 τὸ
1316 5110 1535 5182 ἀληθέςο
1568 5111 1711 5165 οὑτω
1740 5111 1800 5164 τὸ
1830 5128 1958 5164 συν-

382 5200 629 5270 ημμένον
666 5199 772 5253 τινὶ
816 5202 956 5254 κατὰ
988 5200 1087 5272 τὴν
1115 5201 1291 5268 ἀξίαν,
1335 5202 1679 5275 διῃρημένων
1708 5201 1815 5255 τῶν
1861 5199 1959 5269 φύ-

381 5306 544 5349 σεων,
584 5291 752 5362 ἤγουν
782 5291 1155 5358 ὑποστάσεων,
1186 5294 1284 5363 οὑχ
1308 5286 1389 5356 εἷς
1416 5289 1526 5345 είεν
1554 5291 1641 5359 ἂν,
1673 5291 1808 5345 ἀλλὰ
1829 5291 1921 5344 δύο
1943 5308 1957 5323 ·

380 5381 476 5435 καὶ
507 5381 569 5435 τὸ
598 5382 717 5448 ἐνὸς
755 5380 896 5454 αἷμα
944 5383 1106 5455 τυχὸν
1143 5384 1309 5439 αὑτοῦ
1336 5384 1401 5455 δὴ
1444 5385 1662 5449 πάντως
1692 5386 1827 5453 ἐστὶ,
1870 5386 1962 5439 καὶ

453 5536 475 5568 ⁷
510 5535 676 5593 Hebr.
712 5539 904 5602 vrtt,5.
985 5542 1004 5569 "
1033 5539 1195 5596 Νοῦν.
1235 5558 1308 5608 ιχ,
1348 5541 1426 5605 ll,
1464 5540 1547 5595 19..

2065 4666 2126 4707 se
2161 4659 2367 4705 tantum
2406 4648 2568 4704 homo
2599 4656 2718 4703 erat
2746 4685 2761 4712 ,
2812 4645 2921 4700 Deo
2973 4642 3190 4712 quidem
3237 4637 3536 4693 secundum
3565 4635 3649 4688 di-

2066 4741 2287 4811 gnitatis
2340 4738 2424 4793 vel
2476 4737 2814 4793 auctoritatis
2867 4731 3227 4804 aequalitatem
3285 4726 3646 4796 conjunctus,

2061 4832 2360 4889 secundum
2412 4829 2743 4902 hypostasim
2781 4841 2909 4882 vero
2964 4824 3035 4878 ab
3073 4821 3261 4878 eodem
3335 4819 3645 4887 sejunctus,

2064 4937 2118 4982 et
2177 4939 2422 4981 seorsum
2483 4938 2578 4994 per
2640 4934 2701 4977 se
2752 4919 3006 4991 positus;
3060 4913 3300 4985 profecto
3373 4910 3596 4981 sanguis
3630 4949 3645 4973 ,

2064 5020 2155 5090 qui
2213 5021 2267 5073 in
2320 5016 2505 5073 mundi
2534 5012 2960 5082 redemptionem
3010 5006 3212 5063 effusus
3260 5014 3364 5070 est,
3397 5018 3503 5059 non
3528 5012 3649 5056 erat

2063 5110 2207 5166 illius
2250 5108 2345 5178 qui
2393 5106 2460 5163 ad
2489 5106 2765 5162 dexteram
2803 5101 2898 5157 Dei
2932 5098 3109 5153 Patris
3148 5096 3336 5161 sedet,
3382 5093 3478 5149 sed
3517 5090 3649 5147 alte-

2067 5202 2183 5256 rius
2248 5197 2589 5269 cujuspiam,
2641 5193 2735 5265 qui
2796 5190 3077 5248 relativani
3135 5186 3313 5258 potius
3370 5197 3493 5240 eum
3533 5181 3667 5250 ipse.

2071 5293 2234 5348 habet
2283 5288 2740 5359 coniunctionem.
2805 5281 3268 5353 Quemadmodum
3325 5276 3470 5333 enim
3542 5274 3669 5333 dum

2071 5384 2342 5454 principes
2381 5381 2568 5437 eadem
2622 5378 2947 5435 auctoritate
2994 5373 3214 5431 omnino
3268 5368 3475 5441 prazditi
3504 5379 3655 5431 ,non

1466 5697 1634 5752 le‘lll}
1670 5698 1924 5753 rectiones
1957 5695 2155 5752 codicis
2186 5693 2542 5765 Seguicriani.

473 5832 489 5870 ί
523 5831 579 5885 ἓν
615 5835 831 5887 νοεῖται.
