4132 6502
285 439 443 496 14οι
1128 438 1218 491 AD
1256 436 1555 493 REGINAS
1595 437 1681 491 DE
1709 438 1948 495 ‘RECTA
1986 440 2143 496 FIDE
2183 439 2443 498 ORATIO
2482 439 2761 494 ALTERA
3418 435 3561 495 “03

277 556 494 620 αὐτοῖς
522 553 735 619 δοκοῦν,
770 553 903 624 φέρε
936 552 1204 623 λέγωμεν,
1237 554 1360 607 τίνα
1389 553 1452 625 δὴ
1482 554 1681 624 τρόπον
1703 556 1730 607 6
1754 555 1846 608 Θεέ

1941 568 2240 626 loportet,
2319 573 2494 627 neque
2541 557 2609 611 ab
2648 572 2834 610 earum
2882 558 3111 612 decretis
3162 555 3245 611 vel
3279 550 3576 611 minimum

278 650 391 699 καὶ
439 647 632 718 Πατὴρ
657 645 787 715 δόξῃ
808 645 1028 713 λέγεται
1064 645 1363 712 στεφανοῦν
1382 645 1474 699 τὸν
1499 645 1645 701 Υίόν.
1670 645 1846 700 οὐκοῦ

1983 648 2260 703 discedere
2294 648 2450 702 nobis
2505 647 2662 712 licet;
2713 647 2937 717 agedum
3010 648 3231 717 paucis,
3290 647 3559 716 quomodo

274 738 475 801 αὐτός
534 737 637 789 πού
694 753 860 807 φησιν
913 738 944 791 6
1001 738 1271 806 μακάριος
1328 736 1538 800 Παῦλος
1588 737 1717 809 περὶ
1771 739 1846 792 τῶ

1985 736 2125 790 Dens
2168 734 2331 789 Pater
2370 735 2566 788 Filium
2609 748 2764 787 suum
2806 732 2972 802 gloria
3019 749 3306 788 coronasse
3326 734 3557 801 dicatur,

270 829 581 898 ἀρχόντων
605 827 701 881 τοῦ
736 828 933 891 αἰῶνος
956 829 1149 881 τούτου
1167 842 1185 862 ο
1219 848 1236 879 ι
1271 830 1335 882 Et
1363 830 1471 899 γὰρ
1490 828 1754 897 ἔγνωσαν,
1777 831 1846 884 ούῑ

1981 825 2199 894 planum
2252 825 2532 881 faciamus.
2592 822 2789 877 Beatus
2830 822 3026 879 Paulus
3069 825 3136 877 de
3182 823 3361 879 saeculi
3399 824 3558 894 hujus

272 919 353 970 ἂν
413 919 511 971 τὸν
552 917 759 989 Κύριον
803 918 902 989 τῆς
932 918 1090 987 δόξης
1132 918 1504 987 ἐσταύρωσαν.
1546 939 1566 973 ι
1606 919 1758 975 Οἶδεν
1784 919 1843 978 οῦ

1981 917 2317 986 principibus
2368 916 2601 985 quodam
2643 915 2694 968 in
2732 916 2849 970 loco
2892 915 2966 969 ila
2998 915 3186 970 scribit
3218 934 3233 970 :
3265 934 3284 965 ι
3328 914 3382 969 Si
3410 916 3554 969 enim

269 1007 401 1077 ἄρα
442 1010 534 1062 καὶ
563 1008 770 1081 Κύριον
802 1010 932 1063 ὄντα
962 1010 1064 1081 τῆς
1091 1010 1250 1081 δόξης
1295 1012 1387 1065 τὸν
1427 1013 1844 1085 ἐσταυρωμένον

1979 1008 2392 1077 cognovissent,
2454 1021 2731 1074 nunquam
2783 1005 3068 1061 Dominum
3124 1005 3309 1075 gloria:
3372 1005 3553 1062 cruci-

270 1100 409 1162 πῶς
448 1096 542 1154 οῦν
575 1101 788 1170 δέχεται
818 1100 977 1166 δόξαν
1015 1103 1171 1173 παρὰ
1196 1102 1289 1156 τοῦ
1316 1105 1531 1175 Πατρὸς
1550 1106 1578 1157 6
1600 1107 1699 1176 τῆς
1720 1107 1843 1177 δόξη

1982 1098 2358 1153 ﬁxissent“.t
2418 1096 2583 1151 Norat
2635 1097 2854 1165 itaque,
2901 1113 3024 1151 eum
3081 1098 3170 1166 qui
3217 1098 3393 1151 crucis
3422 1112 3552 1166 sup-

268 1191 533 1261 Κύριος;
574 1194 646 1246 Ἢ
677 1193 856 1263 δῆλον,
884 1194 968 1247 ὅτι
998 1194 1289 1263 πεποίηται
1322 1195 1488 1248 πάλιν
1515 1197 1846 1266 οίκονομικῶ

1977 1190 2191 1261 plicium
2260 1189 2540 1252 subierat,
2610 1189 2792 1257 gloriae
2875 1189 3166 1243 Dominum
3218 1202 3359 1246 esse.
3433 1187 3551 1241 Jam

265 1283 298 1333 6
319 1282 498 1351 λόγος
527 1283 704 1354 αύτῷ;
737 1285 963 1354 Δέχεται
1000 1285 1101 1355 μὲν
1123 1284 1232 1355 γὰρ
1262 1285 1639 1356 ἀνθρωπίνως,
1670 1286 1783 1340 ἐστι
1812 1288 1846 1341 δὶ

1975 1282 2242 1351 quomodo
2278 1282 2538 1336 Dominus
2562 1282 2747 1353 gloria:
2783 1281 3007 1353 gloriam
3045 1297 3071 1333 a
3104 1281 3261 1337 Patre
3313 1279 3553 1350 accipit?

266 1373 380 1425 καὶ
432 1374 576 1428 οὓτω
612 1375 709 1446 τῆς
748 1375 908 1445 δόξης
941 1376 1149 1447 Κύριος
1188 1376 1405 1440 θεῖκῶς.
1436 1378 1545 1431 Kal
1588 1378 1617 1431 6
1643 1379 1741 1449 μὲν
1772 1380 1846 1449 τῆ⁴

1977 1372 2141 1441 llujus
2192 1373 2510 1444 quarstiouis
2556 1374 2756 1428 nodum
2804 1373 3228 1437 dispensationis
3275 1373 3415 1429 ratio
3436 1374 3551 1427 dis-

268 1462 446 1528 θείας
479 1465 648 1520 αὐτοῦ
686 1466 903 1536 φύσεως
950 1467 1179 1531 πλοῦτος
1218 1467 1392 1539 ὁρῷτο
1428 1468 1495 1521 ἂν
1533 1468 1671 1540 πρὸς
1716 1469 1846 1539 quo

1972 1464 2153 1520 solvit.
2222 1463 2437 1532 Accipit
2520 1462 2663 1523 enim
2733 1462 2959 1531 gloriam
3039 1462 3332 1529 utltomc;
3374 1461 3550 1533 pergit

267 1554 336 1609 ἐν
367 1548 491 1619 τοῖς
528 1556 672 1627 ὑπὲρ
718 1558 899 1611 κτίσιν
957 1558 1433 1627 πλεονεκτήμασι·
1483 1557 1589 1626 τῆς
1642 1558 1699 1611 δὲ
1746 1558 1846 1613 καθ

1971 1565 2151 1611 autem
2199 1555 2383 1625 gloria:
2434 1554 2689 1607 Dominus
2733 1568 2855 1609 esse
2893 1562 2953 1606 nt
2992 1552 3156 1606 Deus.
3209 1552 3275 1606 Et
3325 1553 3544 1621 quidem

266 1646 439 1713 ἡμᾶς
471 1648 745 1717 πτωχείας
778 1648 839 1700 τὸ
883 1648 1084 1719 μέτρον
1117 1652 1177 1702 ὲν
1216 1650 1295 1720 τῷ
1345 1650 1601 1719 λέγεσθαι
1646 1649 1831 1705 λαϐεῖν

1968 1644 2163 1699 divina:
2209 1644 2350 1697 illius
2410 1651 2613 1697 natura:
2663 1657 2795 1712 opes
2845 1657 2912 1697 ex
2965 1642 3029 1696 iis
3093 1640 3462 1711 praerogativis
3511 1655 3561 1703 at

274 1756 297 1787 ε
338 1738 459 1791 Kal
488 1740 536 1790 εί
564 1738 817 1802 πλούσιος
855 1739 955 1803 ὢν,
983 1740 1051 1793 δι’
1074 1742 1223 1810 ἡμᾶς
1262 1740 1625 1811 ἐπτώχευσεν.
1663 1760 1681 1792 ι
1728 1740 1846 1794 ’Δλλ

1968 1736 2125 1792 nobis
2158 1735 2673 1803 deprehenduntur,
2739 1748 2860 1804 quae
2911 1741 3175 1788 creatura:
3230 1732 3542 1787 facultatem

262 1821 377 1879 οὖν
424 1828 661 1896 ἀγαθαῖς
703 1828 935 1892 ἐννοίαις
973 1829 1109 1899 πρὸς
1160 1830 1430 1900 ὀρθότητα
1484 1830 1840 1901 διοικούμενοι

1966 1835 2330 1897 exsuperant;
2375 1836 2433 1880 at
2471 1840 2600 1881 vero
2640 1825 2888 1881 humanae
2936 1826 3197 1895 egestatis
3221 1825 3455 1880 conditio
3476 1840 3543 1879 ex

261 1917 374 1968 καὶ
428 1918 500 1969 τὰ
530 1919 716 1971 εἰκότα
753 1922 972 1989 φρονεῖν
1003 1920 1090 1973 ἐπ’
1120 1921 1270 1991 αύτῷ
1313 1920 1725 1985 σπουδάζοντες,
1762 1922 1846 1973 oin.

1963 1936 2027 1976 eo
2063 1921 2219 1975 nobis
2254 1920 2313 1973 lit
2348 1920 2561 1989 palam,
2607 1918 2751 1988 quod
2815 1918 3061 1987 quadam
3112 1917 3388 1986 accepisse
3415 1932 3542 1985 per-

258 2006 623 2079 ἀγνοήσομεν
652 2011 812 2080 ἡμεῖς
851 2011 945 2064 τὸν
977 2013 1071 2066 καὶ
1091 2014 1150 2066 ὲν
1175 2016 1242 2084 τῇ
1284 2013 1407 2067 καθ’
1443 2015 1591 2085 ἡμᾶς
1620 2013 1846 2084 πτωχείς

1969 2012 2261 2068 hibeatur:
2306 2031 2324 2064 ι
2361 2010 2495 2067 Cum
2547 2010 2691 2064 enim
2729 2009 2879 2064 dives
2916 2017 3059 2064 esset
3098 2047 3117 2073 ,
3176 2018 3395 2078 propter
3442 2022 3543 2064 nos

257 2097 538 2152 πλούσιον
571 2099 648 2164 ὡς
674 2101 827 2154 θεόν.

1964 2103 2145 2159 factus
2193 2110 2277 2157 est
2320 2116 2524 2169 egenus
2562 2102 2624 2158 ιδ.
2656 2119 2675 2153 ι
2728 2100 2953 2155 Nostras
2990 2102 3213 2171 proinde
3262 2101 3544 2172 cogitatio-

255 2203 372 2246 nes
420 2192 487 2245 ad
540 2200 701 2246 recta:
739 2191 862 2246 lldei
894 2205 1138 2247 normam
1211 2192 1597 2258 instituentes,
1626 2200 1682 2248 et
1729 2206 1853 2262 quas
1922 2207 2023 2262 par
2079 2202 2165 2247 est
2215 2192 2281 2246 de
2334 2192 2453 2262 ipso
2500 2192 2703 2246 sentire
2749 2203 3098 2260 satagentes,
3163 2193 3237 2247 ita
3287 2193 3434 2246 illum
3484 2192 3537 2249 in

254 2293 519 2337 nostram
563 2293 939 2354 paupertatem
968 2299 1031 2339 se
1075 2285 1361 2341 demisisse
1415 2296 1751 2353 statuemus,
1787 2293 1849 2341 ut
1886 2293 2069 2340 tamen
2146 2291 2406 2353 tanquam
2460 2283 2628 2338 Deum
2670 2298 2946 2353 nunquam
3015 2284 3236 2339 divitem
3271 2301 3391 2339 esse
3442 2289 3538 2340 de-

252 2373 430 2429 siisse
486 2386 638 2430 certo
670 2375 829 2430 nobis
875 2378 1323 2445 persuadeamus.

330 2468 482 2522 κη’.
517 2488 536 2519 ι
580 2467 638 2522 ’0
673 2469 865 2539 Πατὴρ
894 2471 1085 2541 ἀγαπᾷ
1115 2471 1206 2523 τὸν
1235 2472 1385 2537 Υἰὸν,
1420 2472 1516 2526 καὶ
1544 2474 1723 2526 πάντα
1757 2471 1847 2525 δέ·

248 2558 446 2611 δωκεν
478 2560 535 2612 ὲν
563 2563 628 2631 τῇ
662 2560 807 2630 χειρὶ
833 2561 1020 2615 αὑτοῦ.
1057 2581 1074 2612 ι
1106 2562 1332 2631 Δέχεται
1352 2562 1515 2617 πάλιν
1544 2563 1619 2625 ὡς
1640 2561 1849 2633 ἄνθρωο

250 2665 368 2713 πος
399 2650 429 2703 6
464 2651 619 2714 Υίός⁶
656 2651 797 2721 πλὴν
855 2652 956 2704 οὐκ
999 2652 1105 2717 ἔξω
1138 2653 1302 2706 πάλιν
1337 2652 1548 2722 τίθησιν
1597 2653 1789 2707 ἑαυτὸν
1817 2655 1848 2707 6

2024 2470 2262 2527 XLVIII.
2289 2488 2309 2521 ι
2341 2470 2505 2526 Pater
2533 2471 2704 2542 diligit
2744 2471 2962 2540 Filium,
3009 2482 3065 2529 et
3091 2473 3272 2529 omnia
3310 2473 3456 2529 dedit
3484 2474 3537 2528 iu

1956 2577 2148 2617 manus
2197 2563 2433 2633 ejus‘h
2480 2562 2649 2617 Filius
2712 2563 2913 2632 accipit
2958 2574 3017 2617 ut
3066 2565 3269 2620 homo:
3319 2565 3537 2619 interim

1950 2649 2110 2705 Pater
2158 2666 2188 2705 a
2218 2652 2365 2707 nullo
2407 2666 2595 2706 eorum
2682 2668 2742 2708 se
2775 2656 3051 2719 excludit,
3081 2656 3209 2727 quin
3256 2657 3437 2711 omnia
3482 2657 3536 2711 in

249 2740 459 2810 Πατὴρ
485 2740 579 2793 τοῦ
610 2741 789 2794 πάντα
814 2741 958 2811 ἔχειν
988 2742 1080 2809 ὑφ’
1109 2743 1319 2813 ἑαυτῷ·
1360 2743 1537 2805 διδοὺς
1568 2745 1673 2814 γὰρ
1701 2743 1844 2797 αὐτὰ

246 2830 336 2901 τῷ
375 2830 515 2901 Υἰῷ,
553 2833 650 2885 σὺν
694 2831 843 2902 αύτῷ
895 2834 1163 2903 κατάρχει
1211 2833 1322 2886 τῶν
1366 2834 1533 2898 ὅλων,
1580 2837 1693 2897 τοῖς
1743 2835 1846 2905 τῆς

248 2919 517 2991 θεότητος
561 2923 868 2994 σκήπτροις
913 2924 1207 2995 ὑποφέρων
1238 2924 1310 2977 δι’
1344 2924 1508 2978 αὐτοῦ
1550 2941 1611 2978 τε
1660 2925 1755 2978 καὶ
1785 2926 1847 2979 ἑν

246 3012 414 3083 αὐτῷ
462 3013 527 3066 τὸ
572 3015 667 3067 ἐπὶ
716 3014 814 3083 τῆς
856 3015 962 3084 γῆς
1013 3014 1204 3084 γένος,
1258 3017 1436 3070 καίτοι
1505 3016 1846 3081 διανενευκδς

247 3105 533 3174 ἀχαλίνως
563 3106 645 3168 είς
688 3105 1011 3159 ἀπόστασιν.
1056 3107 1142 3171 Ὠς
1171 3106 1281 3178 γὰρ
1318 3108 1481 3172 αὐτός
1528 3108 1629 3161 πού
1678 3126 1848 3178 φησιν

1950 2750 2219 2808 potestate
2274 2742 2516 2796 habeat:
2560 2756 2622 2796 ea
2651 2744 2795 2797 enim
2841 2745 2975 2799 dans
3028 2744 3187 2811 Filio,
3249 2761 3353 2799 una
3412 2736 3535 2800 eum

1947 2831 2040 2885 illo
2092 2831 2345 2887 omnibus
2408 2832 2736 2887 dominatur.
2804 2832 2912 2889 Sed
2963 2845 3018 2890 et
3077 2835 3252 2907 ipsum
3322 2852 3536 2909 quoque

1908 2921 2261 2975 'mertalium
2300 2936 2469 2990 genus
2529 2926 2828 2977 secundum
2879 2938 2939 2981 se
2987 2924 3153 2993 aliqui
3186 2924 3433 2990 infrene,
3481 2936 3538 2981 ct

1947 3014 2011 3064 ad
2073 3012 2420 3067 rebellionem
2468 3027 2789 3082 propensum
2841 3015 3147 3072 divinitatis
3179 3019 3408 3089 sceptris
3438 3034 3534 3087 per

1948 3101 2099 3155 illum
2131 3102 2234 3156 sibi
2286 3102 2594 3158 submittit:
2621 3106 3057 3175 quandoquidem
3087 3145 3105 3172 ,
3157 3115 3215 3160 ut
3245 3108 3532 3177 sapientis-

244 3197 279 3249 6
313 3196 635 3266 σοφώτατος
665 3197 905 3264 Παῦλος,
943 3217 962 3250 ι
990 3199 1122 3264 Θεὸς
1159 3195 1227 3270 ἦν
1268 3202 1326 3253 ἐν
1364 3200 1604 3272 Χριστῷ,
1633 3203 1837 3272 κόσμον

1941 3191 2109 3247 simus
2137 3191 2333 3247 Paulus
2352 3194 2552 3249 alicubi
2578 3196 2834 3250 admonet
2859 3215 2874 3250 :
2917 3215 2936 3247 ι
2967 3198 3109 3252 Deus
3145 3207 3263 3252 erat
3293 3200 3344 3252 in
3370 3200 3531 3254 Clari-

248 3288 653 3348 καταλλάσσων
680 3290 878 3360 ἑαυτῷ.
917 3309 935 3341 ι
968 3292 1079 3345 Kal
1109 3292 1170 3344 ού
1200 3292 1261 3362 δή
1303 3292 1406 3346 πού
1438 3310 1641 3362 φαμεν,
1676 3292 1751 3357 ὡς
1778 3296 1837 3346 ἐν

1941 3294 2048 3347 sto,
2076 3284 2333 3338 mundum
2362 3286 2714 3339 reconcilians
2737 3286 2838 3340 sibi
2864 3287 2930 3342 ‘7.
2960 3305 2978 3340 ›
3002 3287 3099 3341 Ηίιι
3128 3298 3305 3344 autem
3327 3306 3532 3360 nequa-

243 3376 532 3448 ἀνθρώπῳ
553 3380 894 3448 κατοικήσας
922 3381 1155 3449 Χριστὸς
1182 3381 1368 3450 ἕτερος
1392 3400 1467 3436 πα
1478 3383 1545 3453 pa
1574 3400 1637 3450 γε
1659 3383 1750 3436 τὸν
1772 3385 1839 3437 ἐκ

1941 3390 2100 3442 quam
2148 3376 2468 3443 asserimus,
2508 3376 2559 3431 id
2590 3379 2733 3449 quod
2768 3379 3018 3435 rndiores
3055 3382 3273 3450 quidam
3302 3383 3532 3447 faciunt.

242 3467 358 3537 τῆς
399 3469 561 3537 ἁγίας
603 3470 879 3541 Παρθένου
938 3473 1359 3542 γεγεννημένον,
1412 3475 1616 3543 κόσμον
1656 3475 1835 3546 ἐαυτῷ

1941 3465 2100 3519 alium
2168 3467 2235 3519 ab
2287 3481 2354 3521 eo
2402 3483 2563 3537 quem
2606 3485 2760 3525 sacra
2803 3469 2980 3538 Virgo
3027 3474 3189 3545 169
3243 3476 3295 3528 in
3352 3476 3531 3533 lucem

244 3558 594 3628 κατήλλαττε
633 3560 911 3631 (φρονοῦσι
940 3561 1050 3631 γὰρ
1091 3556 1194 3615 ὧδὲ
1222 3580 1364 3627 τινες
1388 3565 1497 3617 τῶν
1525 3566 1831 3635 ἀμαθεστέο

1941 3556 2139 3621 edidit,
2170 3556 2444 3612 Christum
2496 3560 2548 3611 in
2584 3560 2804 3615 homine
2840 3563 3206 3631 inhabitasse,
3242 3570 3529 3622 unmdum-

244 3647 393 3719 ρων)
413 3663 428 3679 ⁸
468 3650 645 3705 ἐκεῖνο
666 3650 724 3704 δὲ
759 3650 982 3719 μᾶλλον,
1015 3652 1098 3704 ὅτι
1145 3651 1515 3723 κατήλλαττεν
1535 3654 1717 3725 ἑαυτῷ
1741 3656 1832 3709 τὸν

1941 3664 2043 3717 que
2096 3649 2199 3705 sibi
2240 3650 2667 3716 reconciliasse;
2711 3653 2806 3707 sed
2853 3653 3140 3722 ipsummet
3199 3657 3366 3714 Deum
3420 3660 3524 3712 Pa-

243 3738 461 3808 κόσμον
488 3740 516 3790 6
554 3739 687 3802 Θεὸς
729 3741 822 3793 καὶ
855 3740 1043 3810 Πατὴρ
1093 3742 1151 3793 ὲν
1212 3743 1462 3812 Χριστῷο
1503 3744 1695 3813 γέγονε
1723 3749 1834 3817 γὰρ

1941 3746 2070 3793 [rem
2102 3739 2154 3791 in
2216 3738 2432 3794 Christo
2483 3742 2740 3795 mundum
2782 3743 2887 3798 sibi
2920 3746 3383 3805 reconciliavisse.
3437 3751 3524 3806 Fi-

241 3830 411 3900 ἡμῶν
449 3830 678 3900 μεσίτης
724 3831 1156 3902 ἐνανορωπήσας
1188 3835 1216 3887 6
1240 3833 1387 3897 Υἱὸς,
1422 3836 1517 3889 καὶ
1538 3832 1651 3890 οἷον
1681 3838 1831 3891 διαλ-

1941 3830 2036 3885 lius
2077 3846 2308 3900 namque
2361 3843 2479 3901 post
2514 3835 2807 3889 humanam
2877 3848 3126 3893 naturam
3187 3851 3521 3912 assumptam

238 3918 455 3991 ὶακτὴς
478 3922 559 3984 είς
590 3922 840 3993 εἰρήνην,
873 3924 972 3993 οὐχ
998 3924 1171 3995 ἑτέρῳ
1218 3925 1497 3995 προξενῶν
1525 3928 1635 3980 τῶν
1663 3931 1721 3981 ὲν
1752 3929 1830 4000 τῷ

1941 3918 2108 3999 lactus
2168 3931 2252 3975 est
2318 3921 2624 3987 mediator,
2696 3932 2753 3977 et
2810 3926 2877 3979 ad
2907 3920 3096 3995 pacem
3170 3929 3521 3986 obtinendam

239 4014 444 4083 κόσμῳ
463 4011 563 4084 τὴν
597 4014 903 4085 ὑποταγὴν,
939 4015 1056 4068 ἀλλ’
1084 4016 1158 4080 ὡς
1183 4018 1241 4070 ὲν
1269 4016 1385 4086 ίδίῳ
1420 4020 1723 4090 προσώπῳ,
1751 4020 1831 4092 τῷ

1941 4011 2337 4080 quodammodo
2395 4015 2814 4080 reconciliator,
2850 4032 2958 4072 non
3009 4017 3171 4075 alteri
3202 4021 3436 4091 cuipiam
3464 4023 3518 4079 in

239 4104 373 4174 Θεῷ
396 4105 489 4158 καὶ
514 4105 710 4176 Πατρί.
744 4106 969 4177 Χριστῷ
999 4107 1110 4178 γὰρ
1138 4109 1597 4181 κατηλλαγμένοι,
1628 4114 1830 4184 κατηλ-

1941 4102 2132 4159 mundo
2173 4103 2539 4160 obedientiam
2576 4108 2904 4175 concilians,
2942 4112 3036 4166 sed
3070 4123 3129 4166 ut
3193 4113 3245 4167 in
3298 4116 3518 4184 propria

236 4195 496 4265 λάγμεθα
523 4196 591 4248 δι’
629 4196 793 4250 αὐτοῦ
824 4214 882 4249 τε
919 4199 1015 4252 καὶ
1041 4200 1099 4252 ὲν
1130 4198 1280 4269 αὐτῷ
1310 4200 1389 4270 τῷ
1420 4202 1637 4255 πάντων
1673 4205 1830 4274 ἡμῶν

1941 4208 2159 4261 persona
2191 4195 2299 4250 Deo
2344 4195 2490 4251 Patri
2522 4216 2536 4252 :
2587 4201 3028 4270 quandoquidem
3082 4203 3300 4261 Christo
3330 4221 3519 4260 recou-

237 4286 461 4356 Σωτῆρι
486 4286 624 4357 Θεῷ.
661 4287 952 4359 Τοιγάρτοι
986 4290 1080 4343 καὶ
1108 4288 1316 4358 ἔφασκε
1341 4307 1355 4320 ο
1383 4313 1400 4343 ι
1430 4291 1604 4347 Δεῦτε
1629 4295 1831 4358 πάντες

1941 4285 2101 4340 :iliati
2121 4324 2137 4351 ,
2172 4301 2271 4357 per
2300 4288 2476 4358 ipsum
2520 4300 2575 4344 et
2604 4292 2655 4345 in
2689 4293 2806 4363 ipso
2830 4332 2845 4357 ,
2900 4295 3008 4348 Deo
3032 4311 3251 4365 quoque
3273 4299 3516 4352 omnium

236 4377 385 4449 πρός
424 4394 511 4447 με,
542 4378 594 4431 oi.
633 4380 1024 4442 κεκοπιακότες
1059 4381 1165 4435 καὶ
1194 4384 1646 4453 πεφορτισμένοι,
1670 4385 1828 4452 κάγὼ

1941 4374 2196 4432 Salvatori
2257 4382 2694 4436 reconciliantur.
2748 4383 2885 4439 Hinc
2921 4387 3095 4442 illud:
3135 4407 3154 4439 ι
3188 4388 3380 4445 Venite
3450 4394 3519 4447 ad

233 4467 542 4529 ἀναπαύσω
568 4469 734 4539 ὑμᾶς.
778 4489 797 4521 ›
832 4470 954 4524 Ὅτι
979 4472 1036 4525 δὲ
1064 4474 1177 4535 τοῖς
1201 4474 1338 4544 πρὸς
1366 4475 1530 4529 αὑτὸν
1563 4475 1734 4530 ἰοῦσιν
1759 4477 1821 4530 οὐ

1941 4481 2035 4533 ate,
2070 4484 2259 4524 omnes
2302 4471 2394 4538 qui
2424 4472 2685 4528 laboratis
2734 4486 2786 4529 et
2825 4479 3036 4535 onerati
3094 4480 3250 4544 estis,
3304 4490 3359 4534 et
3416 4498 3518 4551 ego

234 4561 383 4629 πρὸς
415 4529 751 4633 ἕτερόν-τινα
787 4564 986 4631 γένοιτ’
1018 4565 1087 4618 ἂν
1123 4529 1172 4636 ιη’
1194 4529 1532 4637 καταλλαγὴ,
1565 4568 1705 4639 πλὴν
1739 4529 1823 4623 ὅτι

2020 4529 2028 4533 ,
2320 4529 2333 4538 .
3312 4529 3358 4534 --
3418 4529 3518 4551 vos

1941 4556 2172 4612 reﬁciam
2214 4575 2312 4615 vos
2338 4560 2402 4611 ".
2434 4579 2455 4611 ι
2506 4562 2661 4629 Quod
2696 4564 2730 4617 ii
2785 4575 2966 4620 autem
3013 4567 3103 4635 qui
3152 4567 3218 4622 ad
3275 4568 3427 4623 illum
3459 4586 3525 4626 se

235 4650 383 4723 πρὸς
428 4653 563 4706 Θεὸν
591 4653 685 4707 τὸν
716 4653 876 4722 φύσει
918 4658 1012 4710 καὶ
1044 4657 1282 4726 ἀληθῶς,
1334 4661 1823 4734 πεπληροφόρηκεν

1941 4645 2268 4719 adjungunt,
2352 4666 2458 4705 non
2514 4652 2671 4708 alteri
2732 4655 2965 4725 cuipiam
3046 4658 3466 4713 reconcilientur
3498 4703 3524 4727 ,,

233 4740 446 4794 εἰπών’
490 4762 509 4794 ‹
556 4744 616 4795 ⁸0
643 4745 914 4797 πιστεύων
945 4748 1026 4810 εἰς
1058 4748 1157 4815 ἐμὲ
1196 4749 1259 4801 ού
1301 4751 1545 4804 πιστεύει
1577 4754 1658 4816 εἰς
1696 4754 1815 4824 ἐμὲ,

1941 4751 2091 4806 quam
2124 4753 2254 4793 vero
2317 4744 2661 4813 naturalique
2717 4744 2866 4810 Deo,
2924 4746 3052 4800 illud
3092 4747 3233 4800 idem
3290 4750 3401 4816 ipse
3430 4750 3517 4804 his

235 4833 355 4895 ἀλλ’
380 4834 461 4899 εἰς
494 4835 589 4888 τὸν
619 4836 914 4905 πέμψαντά
950 4855 1041 4907 με.
1074 4841 1182 4893 Καὶ
1206 4842 1236 4894 6
1273 4841 1497 4913 θεωρῶν
1545 4844 1647 4914 ἐμὲ
1682 4845 1819 4899 θεω-

1941 4829 2109 4884 verbis
2180 4832 2522 4900 perspicuum
2592 4835 2726 4889 facit
2756 4853 2769 4866 ο
2810 4854 2829 4888 ι
2867 4835 3009 4903 Qui,
3078 4836 3289 4905 inquit,
3338 4838 3523 4903 credit

239 4927 330 4994 ρεῖ
349 4926 439 4978 τὸν
464 4926 757 4996 πέμψαντά
787 4944 909 4996 με.»
945 4928 1064 4982 Ὀτὲ
1093 4930 1150 4983 δὲ
1179 4930 1360 4987 πάλιν·
1385 4952 1403 4984 ι
1426 4934 1715 4988 Πιστεύετε
1739 4931 1821 4999 είς

1941 4922 1983 4973 ιι
2047 4935 2167 4985 me,
2204 4936 2308 4976 non
2340 4925 2513 4978 credit
2543 4925 2594 4979 in
2632 4942 2718 4981 me
2743 4965 2760 4990 ,
2792 4927 2888 4981 sed
2954 4928 3006 4983 in
3054 4942 3177 4981 eum
3217 4928 3309 4998 qui
3366 4929 3520 4991 misit.

234 5019 334 5070 τὸν
361 5017 514 5084 Θεὸν,
547 5017 643 5071 καὶ
661 5018 742 5081 είς
770 5017 873 5089 ἐμὲ
898 5020 1204 5076 πιστεύετε.
1228 5040 1247 5073 ι

1941 5025 2033 5068 ne.
2074 5013 2141 5068 Et
2180 5015 2270 5083 qui
2305 5015 2449 5070 videt
2476 5032 2596 5081 me,
2633 5018 2777 5072 videt
2805 5035 2931 5073 eum
2974 5021 3063 5089 qui
3121 5021 3268 5077 misit
3297 5036 3378 5076 me
3407 5023 3516 5081 ".t.

1927 5102 1992 5157 Et
2044 5120 2303 5160 rursum:
2341 5124 2360 5161 ι
2422 5107 2639 5164 Credite
2695 5110 2751 5164 in
2804 5109 3018 5175 Deum,
3055 5111 3186 5169 ctiu
3240 5130 3328 5169 me
3382 5129 3507 5169 cre-

1922 5194 2032 5249 dite
2053 5196 2113 5249 ”.
2132 5215 2151 5249 ι

309 5274 443 5328 MG’.
479 5291 500 5325 σ
545 5274 753 5346 Πάτερ,
776 5275 1036 5347 ἐλήλυθεν
1080 5277 1280 5350 ήνῶρα,
1327 5280 1548 5346 δόξασόν
1590 5300 1685 5336 σου
1723 5284 1815 5340 τὸν

1991 5282 2179 5340 XLIX.
2211 5305 2230 5338 ι
2267 5291 2448 5356 Pater,
2478 5301 2628 5346 venit
2654 5306 2810 5356 nora,
2844 5292 3078 5347 clariﬁca
3106 5291 3298 5347 Filium
3333 5303 3515 5359 tuum,

237 5366 390 5431 Tl’w,
432 5365 518 5421 ἵνα
560 5371 659 5419 καὶ
684 5367 713 5418 6
741 5367 870 5431 Υἱός
904 5386 998 5423 σου
1021 5368 1218 5439 δοξάσῃ
1260 5387 1341 5423 σε,
1383 5371 1581 5435 Καθὼς
1608 5373 1814 5439 ἔδωκας

1941 5384 1977 5429 ιι
2021 5386 2076 5432 et
2128 5377 2299 5437 Filius
2370 5390 2498 5439 tuus
2560 5383 2823 5439 clariﬁcet
2866 5395 2936 5440 te.
2994 5386 3147 5440 Sicut
3203 5387 3397 5439 dedisti
3451 5388 3511 5443 ei.

235 5455 388 5526 αὐτῷ
434 5455 685 5520 ἐξουσίαν
724 5458 906 5529 πάσης
953 5460 1174 5531 σαρκὸς,
1219 5462 1303 5514 ἵνα
1356 5466 1464 5516 πᾶν
1505 5464 1533 5517 ὃ
1572 5460 1812 5530 δέδωκας

1941 5474 2240 5524 potestatem
2276 5473 2455 5528 omnis
2484 5475 2696 5538 carnis,
2736 5486 2793 5528 ut
2823 5491 2983 5531 omne
3029 5479 3171 5546 quod
3199 5475 3393 5531 dedisti
3424 5478 3507 5544 ei,

236 5545 408 5617 αὐτῷ,
437 5546 585 5619 δώσῃ
624 5548 808 5613 αὐτοῖς
838 5549 984 5621 ζωὴν
1010 5550 1246 5606 αἰώνιον.
1277 5571 1296 5605 ι
1328 5554 1677 5628 Παράκλητος
1709 5557 1811 5627 μὲν

1941 5558 2009 5614 let
2031 5559 2112 5615 eis
2156 5562 2323 5617 vitam
2368 5568 2712 5621 asternam“.
2745 5586 2765 5619 ι
2807 5545 3114 5623 Advocatus
3152 5576 3206 5622 et
3235 5566 3495 5636 propitia-

309 5718 569 5811 ⁸⁵⁵11ἓϐοιεἓ
596 5735 657 5811 III,
781 5721 1230 5811 II-COI‘...\"III,
1260 5724 1311 5778 9.
1394 5727 1436 5757 ¹⁶
1468 5726 1622 5811 Ioau.
1653 5745 1734 5795 ιιι,
1964 5736 2003 5768 ¹⁷
2041 5736 2082 5791 Il
2107 5736 2231 5793 Cor.
2268 5754 2317 5806 v,
2358 5739 2439 5795 l9.
2549 5741 2590 5771 ¹⁸
2620 5740 2808 5798 Mittit.
2842 5759 2917 5811 xl,
2947 5743 3039 5799 ‘28.
3121 5745 3162 5776 "
3194 5743 3347 5801 Joan.
3390 5701 3497 5807 uti

312 5736 351 5749 τ’
389 5736 403 5770 I
437 5736 569 5787 hor.
596 5736 733 5783 ",2.
818 5736 857 5753 ὐ
891 5736 928 5775 ιι
955 5736 1078 5777 uer.
1114 5741 1230 5786 vm.
1260 5736 1311 5778 υ.
1394 5736 1436 5757 ³·
1468 5736 1622 5782 Joan.
1653 5745 1734 5795 ιιι,

238 5787 323 5855 υ,
356 5788 447 5843 45.
523 5789 568 5822 ¹⁰
594 5788 752 5848 Joan.
781 5807 890 5859 xw,
926 5793 975 5849 I.
1054 5797 1096 5827 “
1136 5795 1290 5850 lum.
1318 5813 1448 5862 xvu,
1482 5800 1528 5863 ι,
1567 5800 1621 5852 2.

1964 5736 2003 5768 ¹⁷
2041 5736 2082 5791 II
2107 5736 2231 5793 Cor.
2268 5754 2317 5806 v,
2358 5739 2439 5795 l9.
