4066 6446
669 400 807 457 “03

1667 401 1721 459 s.
1757 404 2033 462 erant.”
2071 392 2539 461 ALEXANDRINI
2572 402 2897 459 AlitllllEl-‘.

3794 406 3916 460 NN

664 527 753 573 tor
807 518 1106 589 appellatur
1159 517 1411 570 Filius".
1452 517 1567 587 Ipse
1613 521 1755 574 enim
1791 524 2098 577 hominibus
2140 539 2223 579 eo:

2350 522 2440 573 καὶ
2476 522 2787 590 ἱλαστήριον
2836 524 2863 574 6
2907 522 3034 585 Υἱὸς
3072 535 3401 591 ωνομασται.
3454 521 3767 591 Καθίστησι
3818 524 3915 592 γὰρ

665 610 854 663 lestem
914 609 1128 663 Patrem
1209 611 1525 665 benevolum
1576 615 1969 684 propitiumque
2021 618 2237 681 reddit,

664 709 827 767 atque
866 699 988 753 ideo
1021 701 1259 754 omnium
1307 702 1565 755 bonorum
1602 705 1755 757 nobis
1789 716 1976 761 auctor
2008 717 2108 761 est.
2147 709 2241 762 Ve-

665 800 968 843 rumtamen
1045 790 1393 859 inquisitione
1432 792 1655 861 dignum
1689 804 1807 859 est,
1861 812 2092 864 quanam
2147 814 2237 852 ra-

664 879 809 933 tiune
844 878 1000 934 Pater
1030 880 1288 949 gloriﬁcet
1320 881 1509 936 Filium
1557 893 1611 937 et
1660 882 1826 939 Filius
1858 870 2099 941 vicissim
2122 888 2238 957 glo-

664 969 839 1025 rilicet
878 970 1114 1027 Patrem.
1147 973 1236 1026 Ait
1264 987 1393 1043 ergo
1427 976 1711 1030 advenisse
1761 978 1945 1031 horam
1966 1021 1981 1043 ,
2014 980 2115 1034 hoc
2155 989 2240 1035 est

666 1071 909 1129 tempus,
968 1062 1020 1116 in
1070 1079 1176 1132 quo
1205 1064 1377 1133 ipsum
1412 1066 1568 1134 plane
1607 1083 1702 1136 pro
1744 1071 1926 1123 mundi
1980 1071 2085 1124 vita
2116 1087 2239 1124 cru-

662 1148 743 1201 cis
782 1150 1102 1218 supplicium
1135 1152 1319 1207 subire
1368 1164 1664 1223 oporteret.
1716 1156 1820 1210 Par
1846 1170 1963 1212 erat
2012 1170 2190 1214 autem
2218 1203 2233 1226 ,

662 1246 723 1290 ut
765 1236 924 1293 I’aler
966 1237 1156 1294 Filium
1188 1256 1285 1310 per
1314 1245 1759 1298 resurrectionem
1789 1262 1853 1299 ex
1885 1251 2107 1301 mortuis
2133 1249 2239 1315 glo-

663 1327 937 1395 rillcaret,
990 1331 1199 1401 sibique
1244 1336 1760 1391 consubstantialem
1817 1348 1871 1391 et
1916 1339 2184 1393 viviﬁcum
2217 1379 2233 1404 ,

658 1426 713 1471 et
767 1431 939 1475 morte
989 1425 1358 1491 superiorem,
1403 1437 1458 1480 et
1508 1436 1751 1482 naturam
1807 1445 1834 1481 a
1891 1432 2237 1500 corruptione

658 1508 887 1563 alienam
921 1514 1168 1566 sortitum
1224 1516 1461 1570 evidenti
1529 1519 1833 1573 testimonio
1890 1521 2236 1576 dcumnslra-

660 1609 762 1652 ret.
800 1600 938 1664 Quin
972 1604 1086 1671 ipse
1143 1620 1356 1674 quoque
1390 1607 1548 1661 Pater
1600 1610 1698 1663 hoc
1732 1611 1847 1677 ipso
1879 1613 2232 1681 gloriﬁcatur,

657 1690 800 1755 quod
835 1689 1027 1745 Filium
1082 1693 1275 1749 decore
1300 1735 1316 1759 ,
1373 1697 1577 1765 gloria,
1614 1703 1957 1770 potentiaque
1991 1704 2091 1757 sibi
2141 1719 2234 1773 per

655 1781 838 1835 omnia
873 1783 1104 1837 similem
1142 1786 1354 1841 habeat.
1390 1790 1567 1856 Atque
1596 1791 1735 1845 istud
1772 1792 1971 1860 liquido
1999 1797 2234 1849 ostendit

2346 612 2458 669 τοῖς
2488 609 2582 660 ἐπὶ
2620 610 2717 679 τῆς
2750 609 2854 678 γῆς
2899 609 3105 679 εὐμενῆ
3149 610 3242 662 τὸν
3288 611 3528 681 Πατέρα,
3579 612 3674 662 καὶ
3723 613 3916 673 παντὸς

2346 701 2479 768 ἡμῖν
2504 698 2817 769 εὑρίσκεται
2843 700 3100 770 πρόξενος
3130 700 3355 767 ἀγαθοῦ.
3389 700 3532 770 Πλὴν
3557 703 3741 753 έκεῖνο
3760 719 3917 753 κατα-

2346 788 2659 859 θρὴσωμεν,
2685 790 2803 852 πῶς
2834 790 2899 842 ἂν
2928 789 3201 854 δοξάσειεν
3232 793 3260 843 ὁ
3296 790 3485 860 Πατὴρ
3514 791 3608 843 τὸν
3650 791 3804 854 Υἱὸν,
3834 793 3914 844 δο-

2345 878 2674 947 ξασθήσεται
2721 879 2778 931 δὲ
2809 880 2903 931 καὶ
2936 880 3096 943 αὐτὸς
3143 881 3274 951 παρ’
3321 880 3488 933 αὐτοῦ
3528 881 3652 933 τίνα
3694 882 3911 950 τρόπον.

2346 969 2555 1021 Οὐκοῦν
2598 970 2699 1039 τὴν
2753 968 2924 1040 ῶραν,
2981 972 3146 1040 ἤγουν
3199 972 3288 1023 τὸν
3348 971 3540 1041 καιρὸν
3602 972 3912 1040 ἐληλυθέναι

2344 1061 2497 1127 φησι,
2530 1059 2651 1112 καθ’
2680 1061 2739 1112 ὃν
2785 1062 2893 1113 ἔδει
2930 1063 3145 1123 πάντως
3174 1063 3337 1114 αὐτὸν
3371 1062 3462 1113 τὸν
3502 1062 3644 1131 ὑπὲρ
3682 1063 3785 1130 τῆς
3822 1064 3910 1114 τοι]

2345 1150 2551 1218 κόσμου
2585 1149 2729 1219 ζωῆς
2758 1150 3053 1218 ὑπομεῖναι
3081 1151 3312 1220 σταυρόν
3330 1166 3344 1178 ·
3376 1150 3491 1202 ἀλλ’
3517 1146 3587 1219 ἤν
3621 1151 3910 1215 ἀναγκαῖον

2342 1240 2660 1306 δοξάζεσθαι
2702 1241 2791 1293 τὸν
2818 1242 2945 1293 Υἱὸν
2976 1241 3126 1309 παρᾶ
3168 1242 3263 1293 τοῦ
3296 1241 3529 1309 [ἰατρὸς.
3562 1243 3657 1292 καὶ
3690 1241 3778 1291 διὰ
3822 1244 3910 1307 τῆς

2343 1333 2407 1383 ἐκ
2435 1332 2643 1403 νεκρῶν
2690 1332 3038 1395 ἀναστάσεως
3081 1332 3529 1403 μαρτυρούμενον
3553 1333 3641 1385 ὅτι
3678 1332 3736 1381 τέ
3770 1332 3908 1381 ἐστιν

2341 1422 2627 1492 ὁμοούσιος
2653 1422 2803 1492 αὐτῷ
2824 1424 2917 1476 καὶ
2936 1422 3218 1487 ζωοποιὸς,
3246 1426 3339 1477 καὶ
3362 1424 3598 1477 θανάτου
3629 1422 3907 1492 κρείττων,

2343 1514 2437 1565 καὶ
2485 1514 2690 1584 φθορᾶς
2724 1514 2935 1583 ἀμείνω
2986 1514 3083 1586 τὴν
3129 1514 3295 1582 φύσιν
3336 1513 3764 1583 διεκληρὼοατο.
3805 1512 3906 1564 Καὶ

2340 1603 2621 1670 δοξάζεται
2647 1606 2704 1657 δὲ
2725 1605 2820 1658 καὶ
2851 1606 3015 1669 αὐτὸς
3040 1607 3070 1658 6
3098 1607 3306 1677 Πατὴρ,
3334 1606 3408 1668 ὡς
3430 1605 3573 1675 ἔχων
3600 1605 3728 1657 Υἱὸν
3773 1602 3907 1656 κατὰ

2341 1697 2449 1748 πᾶν
2468 1694 2648 1749 ὁτιοῦν
2665 1696 2881 1751 ἐοικότα
2896 1714 2953 1750 τε
2973 1699 3064 1751 καὶ
3083 1698 3301 1750 ἱσοκλεᾶ
3318 1698 3414 1750 καὶ
3435 1699 3551 1749 ἰσου
3561 1696 3691 1764 ργὸν
3715 1694 3903 1762 ἑαυτῷ.

2340 1789 2451 1842 Καὶ
2479 1787 2640 1841 τοῦτο
2667 1788 2904 1857 δέδειχεν
2934 1791 2962 1840 6
2993 1788 3118 1852 Υἱὸς
3149 1789 3508 1858 καταργήσας
3536 1787 3629 1838 τὸν
3662 1787 3901 1848 θάνατον,

655 1868 855 1938 Filius,
884 1888 1003 1927 cum
1058 1878 1244 1931 mortis
1279 1877 1503 1947 imperio
1534 1882 1787 1937 demolito
1814 1923 1828 1947 ,
1881 1901 2034 1938 suum
2062 1887 2223 1954 ipsius

2338 1882 2430 1932 καὶ
2461 1879 2776 1949 ἀναστήσας
2801 1880 2865 1931 ὲκ
2894 1879 3104 1951 νεκρῶν
3145 1879 3237 1931 τὸν
3266 1879 3463 1931 ἑαυτοῦ
3506 1878 3654 1930 ναόν.
3689 1879 3903 1945 Δέχεται

655 1963 911 2031 templum
974 1980 1002 2017 a
1061 1967 1284 2021 mortuis
1329 1970 1704 2025 exsuscitavit.
1752 1973 2232 2028 Verumenlmvero

653 2051 779 2106 licet
830 2064 887 2107 ut
947 2055 1105 2109 homo
1133 2056 1220 2123 jus
1282 2069 1715 2130 potestatemque
1759 2064 1803 2115 ἰν
1844 2067 2231 2119 τοιιιηοεςιρςο-

655 2143 800 2211 pisse
854 2146 1240 2212 perhibeatur,
1313 2159 1369 2202 ut
1420 2151 1557 2204 Deus
1600 2162 1776 2206 tamen
1830 2155 2097 2209 .tniversis
2149 2172 2231 2209 re-

655 2251 772 2287 rum
815 2237 1022 2292 naturis
1074 2240 1318 2293 absolute
1366 2243 1766 2297 dominabatur.
1803 2243 1963 2299 Pater
2016 2262 2228 2299 rursum

652 2325 718 2379 iis
767 2327 856 2394 qui
896 2327 1032 2382 Filio
1066 2328 1175 2383 dati
1222 2342 1350 2385 sunt
1378 2334 1542 2386 vitam
1575 2343 1827 2387 a-ternam
1883 2338 2227 2404 impertitur:

651 2423 707 2466 at
758 2414 845 2467 ille
896 2417 1215 2472 interirwest
1267 2420 1353 2472 illa
1397 2422 1626 2489 ipsamct
1658 2424 1784 2475 vita.
1819 2425 1977 2493 17o
2026 2444 2043 2475 ι
2084 2428 2228 2494 Ego,

650 2503 869 2571 inquit,
918 2521 1036 2560 sum
1094 2512 1424 2564 resurrectio
1480 2521 1533 2564 et
1580 2513 1815 2565 νίιειη.»
1870 2516 2048 2580 Quare
2107 2517 2232 2569 licet

650 2595 877 2664 gloriam
920 2607 974 2652 et
1016 2614 1236 2667 regnum
1267 2642 1282 2666 ,
1315 2614 1367 2656 et
1399 2617 1559 2671 super
1609 2619 1796 2658 omnes
1829 2618 1882 2658 et
1922 2610 2098 2659 omniia
2136 2623 2230 2675 pu-

652 2696 900 2742 testatein
934 2694 1208 2759 accepisse
1259 2693 1516 2757 dicatur;
1568 2697 1667 2750 hoc
1715 2706 1891 2751 tamen
1946 2699 2009 2750 ad
2047 2698 2229 2751 incar—

647 2782 882 2836 nationis
929 2784 1291 2840 conditionem
1335 2794 1420 2843 es't
1482 2790 1845 2844 rcterendum.
1881 2792 2100 2845 Certum
2148 2802 2230 2845 est

645 2872 790 2927 enim
848 2872 1163 2941 Filium,ut
1225 2876 1365 2932 Deus
1392 2890 1515 2943 est,
1570 2890 1623 2932 et
1673 2879 1855 2946 gloria:
1912 2881 2225 2949 Dominum,

645 2968 703 3014 et
744 2963 932 3016 eadem
987 2980 1108 3019 cum
1168 2966 1326 3021 Patre
1380 2969 1662 3038 majestate
1732 2970 2011 3035 praeditum
2066 2985 2223 3035 esse;

646 3066 861 3121 neque,
909 3058 1051 3125 quod
1090 3058 1303 3126 quidem
1351 3061 1417 3112 ad
1473 3061 1770 3114 divinitatis
1812 3070 2056 3114 naturam
2105 3074 2225 3128 spe-

644 3151 779 3206 ctat,
813 3142 988 3199 Patris
1031 3146 1201 3214 gloria
1236 3160 1290 3201 et
1322 3150 1612 3202 eminentia
1656 3152 1758 3204 nlla
1794 3136 1855 3206 ex
1901 3162 2051 3219 parte
2086 3150 2225 3203 infe-

2334 1972 2390 2024 δὲ
2427 1972 2528 2042 τὴν
2564 1972 2707 2024 κατὰ
2742 1971 2962 2023 πάντων
2990 1970 3276 2034 ἐξουσίαν,
3319 1969 3441 2023 καθ’
3474 1970 3622 2039 ἡμᾶς
3651 1968 3717 2037 δη
3752 1966 3902 2018 πάλιν

2338 2060 2430 2113 καὶ
2454 2059 2809 2130 ἀνθρωπίνως
2827 2074 2838 2085 ·
2861 2058 3036 2111 καίτοι
3067 2057 3371 2128 βασιλεύων
3402 2058 3512 2109 τῶν
3532 2058 3667 2109 ὅλων
3690 2054 3899 2115 θείκὰ.

2336 2152 2445 2204 Καὶ
2478 2152 2651 2220 ἐνίησι
2708 2151 2805 2220 μὲν
2837 2152 2866 2202 6
2911 2150 3103 2220 Πατὴρ
3134 2151 3246 2211 τοῖς
3298 2148 3502 2202 δοθεῖσι
3544 2147 3622 2216 τῷ
3652 2147 3769 2214 Υἱῴ
3811 2147 3905 2212 τὴν

2335 2239 2478 2308 ζωὴν
2509 2240 2611 2308 τὴν
2640 2239 2889 2291 αἰώνιον·
2934 2238 3072 2308 αὕτη
3112 2238 3172 2290 δέ
3214 2238 3364 2290 ἐστιν
3402 2235 3566 2299 αὐτός
3592 2253 3605 2265 ·
3638 2236 3745 2304 ἔφη
3772 2236 3898 2303 γάρ·

2339 2348 2357 2379 ‹
2416 2329 2557 2397 Ἐγώ
2587 2331 2701 2398 εἰμι
2733 2331 2765 2398 ἡ
2796 2330 3093 2391 ἀνάστασις
3120 2331 3214 2381 καὶ
3245 2330 3278 2398 ἡ
3314 2328 3449 2397 ζωή.
3481 2346 3500 2376 ι
3552 2326 3763 2380 Οὐκοῦν
3807 2326 3905 2377 κᾶν

2333 2421 2381 2472 εἰ
2412 2421 2621 2487 λέγοιτο
2664 2422 2847 2472 λαϐεῖν
2881 2421 3030 2491 παρὰ
3065 2420 3158 2472 τοῦ
3204 2420 3415 2489 Πατρὸς
3462 2417 3620 2484 δόξαν
3669 2416 3766 2469 καὶ
3811 2416 3899 2482 τὴν

2332 2512 2473 2563 κατὰ
2509 2512 2724 2562 πάντων
2766 2511 3014 2575 ἐξουσίαν
3040 2527 3097 2562 τε
3137 2510 3231 2561 καὶ
3278 2508 3578 2578 βασιλειαν,
3621 2509 3898 2560 ἀναθετέον

2336 2603 2433 2671 μὲν
2463 2600 2524 2652 τὸ
2573 2600 2758 2651 λαϐεῖν
2793 2603 2905 2662 τοῖς
2943 2600 3040 2668 τῆς
3086 2598 3373 2662 κενώσεως
3413 2600 3657 2668 μέτροις.
3715 2601 3897 2651 Ἰστέον

2330 2692 2407 2756 δὲ,
2441 2692 2522 2744 ὅτι
2551 2693 2645 2743 καὶ
2684 2692 2780 2760 τῆς
2812 2690 2968 2760 δόξης
2999 2692 3115 2743 ἐστί
3144 2691 3345 2761 Κύριος
3371 2691 3447 2753 ὡς
3471 2692 3625 2753 Θεὸς,
3660 2692 3755 2743 καὶ
3784 2691 3897 2742 ad».

2332 2784 2520 2854 θρονος
2546 2782 2623 2852 τῷ
2655 2782 2831 2851 [Ιατρὶ
2856 2783 2950 2834 καὶ
2975 2782 3094 2835 κατ’
3117 2782 3309 2834 οὐδένα
3330 2782 3531 2851 τρόπον
3560 2783 3896 2851 μειονεκτοῦ-

2336 2891 2498 2945 μενος
2522 2873 2622 2942 τῆς
2643 2871 2737 2925 τοῦ
2761 2872 3011 2934 τεκόντος
3040 2871 3200 2925 αὐτὸν
3221 2873 3495 2943 ὑπεροχῆς
3524 2890 3584 2924 τε
3616 2874 3704 2925 κατ
3728 2872 3894 2941 δόξης,

2328 2968 2387 3019 τό
2432 2983 2496 3035 γε
2533 2961 2669 3035 ἦκον
2713 2967 2792 3028 εἰς
2830 2968 2929 3035 τὴν
2962 2965 3061 3034 τῆς
3100 2963 3353 3034 θεότητος
3400 2965 3585 3033 φύσιν.
3641 2964 3897 3033 Ἑσόμεθα

2330 3055 2441 3125 γὰρ
2472 3054 2647 3117 οὕτως
2681 3055 2947 3119 εὐσεϐεῖς,
2992 3056 3421 3124 περιτρέποντες
3473 3056 3583 3107 πᾶν
3616 3056 3789 3124 νόημα
3822 3056 3895 3114 εἰς

2327 3146 2425 3215 τὴν
2459 3146 2708 3213 ὑπακοὴν
2753 3145 2941 3205 αὐτοῦ,
2990 3145 3083 3197 καὶ
3140 3146 3435 3214 λογισμοὺς
3487 3146 3893 3215 καθαιροῦντες,

646 3234 842 3287 riorem
878 3249 1018 3290 esse.
1074 3237 1153 3290 Ad
1189 3237 1331 3293 hunc
1402 3240 1584 3307 itaque
1634 3242 1861 3307 modum,
1888 3242 2220 3309 comparati,

2334 3255 2351 3285 ι
2387 3237 2481 3287 καὶ
2509 3238 2615 3287 πᾶν
2664 3234 2862 3303 ὕψωμα
2902 3234 3262 3304 ἐπαιρόμενον
3316 3237 3459 3287 κατὰ
3511 3236 3614 3302 τῆς
3646 3234 3885 3302 γνώσεως

645 3333 701 3376 et
748 3324 818 3393 pii
847 3326 1050 3380 erimus
1080 3366 1094 3391 ,
1145 3336 1199 3382 et
1232 3342 1445 3383 omnem
1500 3330 1828 3385 intellecwm
1896 3333 1950 3384 in
2019 3332 2218 3385 Christi

2328 3327 2514 3380 αὐτοῦ.
2549 3348 2567 3376 ι

643 3411 961 3481 obsequium
1010 3424 1430 3481 convertentes,
1478 3427 1533 3472 et
1573 3433 1765 3473 omnes
1817 3420 2215 3489 cogitationes,
2266 3438 2285 3470 ι
2322 3432 2645 3485 omnemque
2684 3415 3021 3469 altitudinem
3070 3426 3256 3471 contra
3327 3418 3420 3473 Dei
3470 3420 3753 3473 scientiam
3782 3434 3891 3473 sese

642 3503 987 3559 extollentem
1034 3514 1341 3563 evertentes
1359 3508 1448 3561 η’.
1476 3526 1495 3559 ι

712 3596 777 3651 L.
808 3617 825 3650 ι
862 3599 1091 3654 Dextera
1143 3600 1308 3670 igitur
1364 3601 1458 3656 Dei
1515 3603 1808 3657 exaltatus.
1875 3613 1931 3661 et
1982 3622 2221 3676 promis-

642 3688 851 3744 sionem
906 3689 1140 3760 Spiritus
1187 3693 1362 3746 sancti
1401 3694 1673 3764 accipiens
1712 3711 1739 3748 a
1789 3696 1979 3761 Patre,
2031 3699 2218 3755 ellndit

642 3780 747 3835 hoc
775 3820 791 3845 ,
829 3785 975 3850 quod
1018 3797 1113 3837 vos
1146 3784 1341 3838 videtis
1372 3796 1427 3839 et
1472 3788 1691 3842 auditis.
1741 3788 1858 3843 Non
1908 3791 2051 3843 enim
2106 3791 2211 3842 Da-

643 3874 731 3928 vid
770 3875 1015 3929 ascendit
1056 3875 1109 3928 in
1159 3876 1399 3942 cmlum;
1462 3878 1589 3932 dicit
1628 3890 1805 3933 autem
1857 3881 1970 3947 ipse
2006 3900 2020 3936 :
2073 3882 2215 3935 Dixit

640 3962 898 4019 Dominus
932 3966 1160 4020 Domino
1209 3982 1330 4021 meo
1368 3986 1381 4023 :
1412 3968 1552 4023 Sede
1589 3984 1616 4021 a
1674 3972 1878 4025 dextris
1916 3973 2049 4025 meis
2072 4012 2088 4033 ,
2120 3974 2211 4026 do-

640 4070 741 4108 nec
800 4072 998 4125 ponam
1054 4058 1303 4113 inimicos
1350 4069 1468 4113 tuos
1519 4061 1809 4115 scabellum
1860 4063 2055 4132 pedmn
2099 4075 2218 4119 tuo-

638 4161 757 4200 rum
781 4147 883 4202 ⁵³⁸.»
947 4147 1270 4203 Universum
1331 4151 1596 4205 incarnati
1648 4151 1806 4209 Verbi
1895 4159 2214 4225 mysterium

636 4252 703 4292 ex
762 4237 846 4293 his
910 4241 1218 4309 perspicere
1276 4242 1422 4297 licet.
1463 4242 1674 4296 Etenim
1728 4246 2073 4315 omnipotens
2123 4250 2215 4303 illa

635 4329 878 4395 dextera,
908 4332 1261 4402 omniumque
1316 4334 1497 4403 opifex
1530 4350 1744 4402 manus,
1807 4336 1951 4393 Deus
1979 4339 2214 4393 Verbum

2396 3604 2480 3659 N'.
2516 3622 2534 3655 ι
2577 3604 2655 3671 Τῇ
2688 3599 2837 3671 δεξιᾷ
2856 3595 2953 3653 οὖν
2976 3598 3070 3652 τοῦ
3101 3600 3237 3653 Θεοῦ
3261 3600 3517 3671 ὑψωθεὶς,
3541 3604 3643 3672 τήν
3662 3620 3720 3656 τε
3736 3605 3891 3671 ἐπαγ-

2324 3694 2511 3760 γελίαν
2527 3693 2621 3747 τοῦ
2656 3694 2815 3760 ἁγίου
2841 3691 3159 3763 Πνεῦματος
3171 3692 3351 3745 λαϐὼν
3378 3693 3527 3763 παρὰ
3552 3695 3649 3746 τοῦ
3674 3696 3887 3764 Πατρός.

2323 3785 2507 3854 ἐξέχεε
2546 3785 2727 3848 τοῦτο,
2759 3784 2787 3835 ὃ
2820 3784 2975 3852 ὑμεῖς
3008 3783 3237 3850 βλέπετε
3270 3785 3364 3837 καὶ
3393 3785 3645 3838 ἀκούετε.
3688 3786 3759 3840 Οὐ
3785 3788 3883 3856 γάρ

2320 3876 2484 3928 Δαυῒδ
2514 3877 2679 3945 ἀνέϐη
2720 3877 2800 3938 εις
2826 3876 2919 3928 τὸν
2947 3875 3175 3945 οὐρανόν
3197 3892 3211 3906 ⁸
3254 3875 3400 3944 λέγει
3428 3877 3484 3929 δὲ
3505 3878 3704 3949 αὐτόςί⁸
3732 3875 3884 3933 Εἶπεν

2319 3966 2347 4017 6
2380 3967 2583 4037 Κύριος
2611 3967 2687 4036 τῷ
2719 3966 2909 4036 Κυριω
2942 3982 3075 4036 μου·
3106 3966 3291 4020 Κάθου
3315 3969 3378 4019 ἐκ
3408 3967 3600 4032 δεξιῶν
3644 3988 3764 4039 μου,
3792 3971 3883 4032 ἕως

2321 4057 2388 4111 ἂν
2423 4057 2501 4110 θῶ
2520 4059 2646 4120 τοὺς
2676 4057 2905 4127 ἐχθρούς
2932 4074 3025 4109 σου
3063 4058 3353 4111 ὑποπόδιον
3373 4059 3485 4112 τῶν
3519 4060 3703 4113 ποδῶν
3727 4079 3832 4113 σου.
3860 4080 3879 4113 ι

2323 4150 2485 4202 ’Όλον
2514 4152 2570 4202 ἐν
2608 4151 2820 4213 τούτοις
2846 4149 3299 4220 καταθρήσαιμεν
3324 4149 3389 4203 ἂν
3412 4150 3513 4219 τῆς
3548 4152 3886 4221 ὲνανθρωπή·

2320 4258 2461 4304 σεως
2487 4240 2582 4293 τοῦ
2616 4241 2954 4310 Μονογενοῦς
2978 4241 3040 4295 τὸ
3087 4244 3407 4312 μυστήριον.
3458 4242 3548 4295 Ἐν
3577 4248 3757 4315 μορφῇ
3786 4244 3884 4313 γὰρ

2319 4332 2583 4403 ὑπάρχων
2628 4334 2723 4386 καὶ
2773 4335 2979 4403 ἰσότητι
3028 4331 3122 4386 τοῦ
3156 4334 3370 4402 [ἰατρὸς
3396 4335 3426 4386 6
3470 4334 3531 4400 ἐξ
3563 4335 3729 4387 αὐτοῦ
3764 4334 3883 4397 Θεὸς

636 4420 690 4473 in
732 4420 909 4476 Patris
939 4420 1110 4477 forma
1146 4435 1201 4478 et
1242 4426 1546 4494 aequalitate
1590 4443 1709 4481 cum
1751 4439 1943 4492 esset,
1996 4441 2213 4499 prepter

2329 4423 2513 4491 Λόγος,
2547 4426 2581 4494 ἡ
2610 4424 2915 4496 πανσθενὴς
2935 4423 3105 4491 δεξιὰ,
3122 4426 3217 4477 καλ⁵
3242 4425 3366 4495 χεὶρ
3389 4426 3422 4494 ἡ
3445 4425 3816 4497 παντουργικὴ
3834 4426 3878 4488 1³,

635 4510 927 4563 humanam
986 4522 1234 4567 naturam
1290 4517 1621 4581 exinanitus,
1668 4530 1721 4572 et
1764 4519 2029 4574 exaltatus
2074 4536 2209 4590 pra:-

632 4601 948 4656 ilicatur“:
1003 4618 1107 4657 non
1154 4605 1294 4672 quod
1336 4606 1387 4658 in
1428 4607 1649 4674 gloriam
1697 4619 2010 4663 extraneam
2040 4648 2055 4675 ,
2108 4612 2209 4666 hoc

631 4700 751 4756 est,
790 4692 844 4744 in
904 4707 1023 4746 eam
1104 4708 1265 4761 quam
1325 4694 1448 4748 olitn
1508 4698 1823 4752 naturaliter
1868 4715 1971 4753 non
2030 4702 2205 4769 possi-

631 4782 802 4845 deret,
834 4794 1054 4837 evectus
1108 4783 1210 4850 sit,
1247 4784 1339 4839 sed
1369 4787 1509 4855 quod
1553 4788 1618 4841 ad
1678 4791 1947 4858 propriam
1987 4801 2208 4844 natura-

633 4875 865 4943 literque
911 4876 1017 4931 sibi
1054 4876 1272 4932 insitam
1319 4890 1374 4934 et
1406 4880 1772 4950 ingeneratam
1810 4884 2048 4937 redierit.
2091 4884 2203 4938 llo-

634 4984 720 5019 mo
751 4969 932 5037 itaque
963 4970 1156 5035 lactus,
1179 4970 1447 5025 exaltatus
1476 4984 1559 5025 est
1586 4974 1879 5025 secundum
1914 4972 2202 5028 humanam

633 5066 876 5111 naturam
908 5097 924 5123 ,
967 5060 1174 5114 tametsi
1245 5062 1537 5115 secundum
1577 5072 1820 5115 naturam
1873 5075 2085 5131 semper
2124 5073 2204 5118 est

633 5145 947 5202 altissimus.
1000 5149 1067 5203 Et
1096 5150 1240 5205 hunc
1287 5166 1407 5205 esse
1451 5152 1689 5205 arbitror
1731 5156 1945 5205 modum
1980 5165 2202 5218 natum,

631 5244 685 5289 et
729 5252 891 5305 quam
937 5253 1194 5294 vocamus
1234 5242 1675 5296 cxiuanitiouem.
1717 5242 1853 5295 Deus
1886 5242 2065 5311 itaque
2110 5246 2204 5299 ho-

633 5341 721 5383 mo
746 5329 945 5393 factus,
978 5330 1101 5383 licet
1143 5332 1241 5385 hoc
1288 5333 1457 5399 ipsum
1484 5332 1655 5386 solum
1686 5334 1827 5401 quod
1858 5338 2203 5400 cernebatur,

704 5485 750 5514 ²¹
784 5482 802 5536 l
832 5481 986 5538 Joan.
1020 5500 1077 5547 ll,
1110 5487 1158 5549 1,
1192 5487 1245 5541 9.

1325 5488 1368 5516 ’³
1394 5486 1546 5541 Jeam.
1576 5502 1636 5551 tt,
1657 5487 1747 5545 ‘25.
1825 5488 1889 5519 ³³⁸
1919 5486 1961 5541 ΙΙ
1989 5488 2112 5544 Cor.
2145 5506 2197 5555 Χ,
2225 5492 2281 5543 2.

2316 4515 2653 4569 κεκενῶσθαι
2688 4516 2787 4585 μὲν
2817 4515 3035 4583 λέγεται
3062 4515 3149 4568 διὰ
3176 4516 3237 4568 τὸ
3265 4514 3607 4584 ἀνθρώπινον
3626 4532 3640 4544 ⁸
3668 4515 3880 4584 ὑψοῦται

2313 4606 2369 4660 δὲ
2397 4607 2583 4671 πάλιν,
2620 4607 2721 4659 οὐκ
2754 4608 2834 4669 εἰς
2859 4607 3063 4660 ὀθνεῖον
3096 4606 3314 4677 ἀξίωμα
3345 4606 3441 4660 καὶ
3468 4607 3529 4660 οὐ
3566 4607 3737 4661 πάλαι
3759 4623 3880 4677 προ-

2314 4698 2557 4767 πεφυκὸς
2588 4696 2736 4768 αὐτῷ
2768 4696 3077 4761 διαϐαίνων,
3117 4698 3235 4752 ἀλλ’
3284 4700 3366 4761 εἰς
3410 4698 3657 4767 ἔμφυτόν
3697 4716 3756 4751 τε
3798 4697 3880 4751 καὶ

2312 4791 2413 4860 τὴν
2446 4790 2672 4842 ἐνοῦσαν
2706 4791 2794 4842 ἀεὶ
2826 4789 2984 4853 δόξαν
3009 4806 3068 4841 τε
3099 4788 3236 4859 ὁμοῦ
3266 4792 3361 4843 καὶ
3386 4789 3668 4860 ὑπεροχὴν
3702 4792 3878 4843 ὑπονο-

2314 4881 2477 4933 στῶν.
2516 4879 2781 4949 ’Υψοῦται
2805 4881 2915 4952 γὰρ
2946 4880 3327 4951 ἀνθρωπίνως,
3351 4881 3531 4934 καίτοι
3561 4881 3707 4936 κατά
3733 4881 3877 4948 φύσιν

2311 4972 2535 5041 ὕψιστος
2566 4972 2641 5025 ὢν
2672 4973 2780 5027 ἀεί.
2824 4973 3020 5040 Γέγονε
3072 4972 3180 5042 γάρ
3221 4972 3530 5042 ἄνθρωπος,
3573 4973 3669 5024 καὶ
3712 4969 3875 5032 τοῦτο,

2310 5059 2485 5133 οἶμαι,
2533 5064 2649 5115 ἐστι
2684 5062 2747 5115 τὸ
2774 5062 2872 5133 τῆς
2916 5062 3129 5131 φύσεως
3163 5062 3382 5131 μέτρον,
3412 5062 3504 5114 καὶ
3544 5063 3577 5131 ἡ
3624 5059 3875 5129 λεγομένη

2313 5155 2564 5216 κένωσις.
2622 5155 2690 5206 ’Ὀ
2729 5170 2793 5221 γε
2856 5154 2962 5223 μὴν
3003 5152 3436 5223 ὲνανθρωπήσας
3484 5152 3657 5216 Θεὸς,
3713 5150 3873 5204 καίτοι

2312 5246 2589 5316 νομισθεὶς
2629 5246 2781 5299 οὐδὲν
2804 5246 2991 5316 ἓτερον
3023 5242 3182 5309 εἶναι,
3220 5246 3362 5314 πλὴν
3382 5246 3464 5298 ὃτι
3495 5245 3661 5314 μόνον
3682 5243 3874 5311 ἄνθρω-

2314 5355 2433 5401 πος,
2466 5336 2597 5391 αὐτὸ
2616 5335 2682 5389 δτι
2707 5340 2858 5391 τουτὶ
2884 5339 2944 5391 τὸ
2969 5338 3296 5409 ὀρώμενον,‹
3326 5336 3609 5409 ἐκηρύχθη
3641 5338 3700 5389 ὲν
3725 5335 3863 5388 ἔθνει

2679 5494 2745 5509 ιιι-
2783 5493 2848 5509 ,υ

2359 5492 2401 5522 ’⁸
2434 5494 2553 5547 Act.
2585 5508 2650 5559 ll,
2679 5493 2879 5561 55-55;
2916 5493 3059 5550 Psal.
3083 5507 3194 5559 ους,
3230 5492 3281 5547 1.
3361 5493 3403 5523 ⁵⁸
3430 5490 3663 5561 Philipp.
3696 5507 3760 5559 ιι,
3781 5488 3873 5560 7.}

1724 5641 1896 5696 Varia!
1932 5642 2189 5698 lectiones
2225 5645 2428 5700 codicis
2460 5646 2817 5714 Seguirriani.

711 5784 735 5822 ιι
770 5773 1009 5844 ἀληθινή.
