4132 6510
324 500 483 557 5405

1156 505 1245 560 AD
1289 505 1591 562 REGINAS
1627 506 1715 562 DE
1758 506 1990 563 RECTA
2031 507 2194 563 FIDE
2226 507 2490 564 ORATIO
2528 507 2834 564 ALTERA.

3071 437 3130 466 4,.

3470 509 3616 572 ιιοσ

326 647 444 692 σιν,
471 627 767 700 ἐπιστεύθη
796 631 853 683 ἐν
885 630 1095 701 κόσμῳ,
1123 649 1139 680 ι
1168 630 1460 701 τετίμηται
1484 631 1540 684 δέ
1558 631 1653 684 καὶ
1679 631 1754 694 ὡς
1785 630 1911 694 Υἱὸς

2021 631 2124 686 hoc
2169 640 2294 698 est,
2354 646 2524 698 purus
2579 631 2743 683 homo
2817 642 2937 683 esse
3012 635 3330 697 putaretur,
3371 631 3612 698 «praedi-

319 719 552 790 ἀληθῶς
573 719 668 774 τοῦ
696 721 834 774 Θεοῦ
859 723 952 776 καὶ
987 722 1221 792 Πατρὸς,
1265 723 1358 776 καὶ
1385 723 1484 792 τῆς
1519 723 1783 776 ἀνωτάτω
1819 740 1915 775 πα-

321 812 443 866 σῶν
489 811 742 876 εὐκλείας
789 813 1089 882 ἀνεδήσατο
1119 814 1186 865 τὰ
1234 815 1553 885 αὐχήματα,
1591 814 1723 877 Θεὸς
1775 810 1914 867 εἶναι

319 901 784 972 πεπιστευμένος.
839 903 950 956 Καὶ
982 903 1082 955 ούκ
1108 903 1380 973 ἀσύνηθες
1421 904 1568 975 αύτῴ
1621 906 1682 958 τὸ
1729 905 1918 977 χρῆμά

321 995 479 1046 ἐστιν
501 1010 516 1025 ·
548 993 751 1063 ἀληθὲς
778 994 836 1048 δέ
874 994 1074 1063 μᾶλλον
1117 991 1259 1048 εἷναί
1287 1014 1468 1067 φαμεν
1518 997 1580 1051 τὸ
1624 998 1916 1067 ὑφειμένον

319 1085 388 1136 ἐν
419 1083 828 1156 ἀνθρωπότητι,
869 1088 961 1140 καὶ
988 1088 1047 1140 τὸ
1070 1088 1334 1157 ύῲοῦσθαι
1357 1090 1553 1156 δοκεῖν,
1584 1091 1768 1144 καίτοι
1795 1093 1917 1153 ταῖς

320 1177 406 1238 εἰς
445 1175 599 1244 λῆξιν
641 1174 1015 1246 διαπρέποντα
1039 1179 1241 1243 δόξαις.
1289 1179 1509 1251 Ἐπειδὴ
1532 1180 1585 1233 δὲ
1612 1183 1677 1250 τῇ
1702 1179 1915 1250 ἀνθρώ-

318 1282 431 1318 που
469 1264 652 1335 φύσει,
675 1269 772 1322 καὶ
805 1271 1024 1342 μέτροις
1052 1274 1164 1334 τοῖς
1189 1270 1311 1324 καθ’
1349 1271 1525 1341 ἡμᾶς,
1555 1271 1737 1324 πάντα
1767 1271 1918 1324 ἐστὶν

317 1356 533 1409 ἄνωθεν
553 1356 650 1410 καὶ
687 1360 836 1429 παρὰ
867 1361 1028 1424 Θεοῦ,
1067 1360 1240 1432 ταύτῃ
1265 1378 1346 1414 τοι
1386 1360 1480 1413 καὶ
1515 1359 1658 1430 μάλα
1688 1360 1917 1423 εἰκότως

318 1447 392 1514 τῇ
425 1445 577 1518 δεξιᾷ
605 1447 699 1501 τοῦ
741 1451 955 1520 Πατρὸς
988 1451 1257 1521 ὑψοῦσθαι
1295 1453 1532 1519 λέγεται,
1575 1452 1753 1504 καίτοι
1796 1452 1914 1520 χεὶρ

320 1532 590 1604 ὑπάρχων
623 1536 808 1602 αὐτὸς,
857 1540 952 1590 καὶ
981 1542 1012 1608 ἡ
1047 1541 1157 1592 τῶν
1186 1540 1323 1592 ὅλων
1368 1541 1702 1610 δημιουργὸς
1741 1541 1910 1605 δεξιά.

327 1623 523 1694 Ἀθρει
559 1625 616 1679 δέ
663 1645 754 1696 μοι
789 1628 952 1682 πάλιν
983 1631 1074 1682 τὸν
1105 1631 1310 1703 Κύριον
1350 1631 1507 1700 ἡμῶν
1559 1631 1768 1700 Ἰησοῦν
1823 1631 1912 1682 τὸν

319 1715 562 1786 Χριστὸν
590 1718 947 1789 ἀνθρωπίνως
973 1722 1071 1792 μέν
1100 1723 1160 1776 τὸ
1189 1721 1418 1792 Πνεῦμα
1443 1722 1753 1792 δεχόμενον,
1778 1722 1914 1790 πλη·

325 1808 523 1878 ροῦντα
555 1811 612 1864 δὲ
657 1810 859 1876 θεϊκῶς
897 1815 998 1883 τὴν
1032 1815 1365 1881 ἐπαγγελίαν
1411 1813 1503 1866 τοῦ
1540 1814 1775 1887 Πατρὸς,
1825 1815 1914 1868 διὰ

319 1899 420 1952 τοῦ
467 1902 580 1964 τοῖς
614 1902 965 1957 πιστεύουσιν
998 1905 1202 1957 ἐνιέναι
1230 1907 1290 1958 τὸ
1322 1905 1559 1976 πνεῦμα,
1591 1906 1685 1960 καὶ
1713 1906 1810 1976 οὐχ
1837 1906 1912 1970 ὡς

2018 730 2174 776 catus
2197 730 2283 776 est
2306 731 2484 775 tamen
2520 722 2573 775 in
2601 723 2883 792 gentibus:
2912 719 3151 774 creditus
3181 727 3263 774 est
3293 719 3344 774 in
3379 723 3600 789 mundo,

2019 813 2322 868 honoratus
2358 824 2441 869 est
2464 813 2532 880 ’⁸,
2555 831 2572 865 ι
2629 823 2686 866 ut
2727 828 2887 868 verus
2926 812 3016 866 Det
3059 810 3238 866 Patris
3275 811 3442 866 Filius
3466 857 3480 877 ,
3514 814 3608 869 de-

2017 905 2181 974 nique
2219 919 2427 959 summa
2471 905 2642 974 gloria
2682 917 3002 972 smnmaque
3029 903 3292 969 dignitate
3338 906 3606 958 condeco-

2019 1006 2169 1050 ratus
2209 1003 2314 1061 est,
2347 1005 2530 1065 utpote
2579 996 2719 1050 Deus
2756 1003 2904 1048 esset
2973 995 3234 1048 creditus.
3302 993 3487 1064 Neque
3543 1011 3617 1049 ea.

2018 1101 2108 1141 res
2149 1086 2411 1140 inusitata
2462 1087 2511 1141 ei
2572 1095 2679 1140 est.
2730 1085 2925 1139 Veram
2983 1100 3218 1154 namque
3260 1084 3312 1138 in
3371 1086 3604 1140 humana

2019 1186 2210 1232 natura
2244 1178 2641 1241 humilitatem,
2686 1193 2869 1232 veram
2905 1193 3123 1232 rursum
3179 1178 3232 1231 in
3277 1177 3606 1233 exaltatione

2017 1268 2406 1324 sublimitatem
2437 1269 2780 1339 agnoscimus
2803 1307 2819 1333 ,
2862 1267 2988 1322 licet
3020 1284 3113 1322 sua
3160 1268 3275 1338 ipse
3309 1268 3482 1338 gloria
3511 1284 3604 1322 co-

2019 1368 2285 1414 ruscaret.
2333 1359 2597 1425 Quoniam
2637 1365 2766 1412 vero
2840 1357 3092 1412 humana:
3132 1361 3370 1423 naturaa‘,
3424 1360 3605 1412 huma-

2016 1461 2208 1516 naeque
2237 1446 2567 1502 conditionis
2609 1453 2663 1499 et
2700 1445 2916 1499 modulo
2976 1445 3158 1497 omnia
3213 1445 3427 1497 caelitus
3476 1453 3529 1497 et
3575 1458 3603 1495 a

2018 1537 2125 1592 Deo
2160 1540 2488 1605 obveniunt;
2535 1540 2654 1591 ideo
2708 1537 2920 1599 Filius,
2970 1552 3277 1604 quanquam
3325 1537 3370 1590 is
3417 1551 3605 1589 secun-

2015 1631 2140 1683 dmn
2173 1649 2231 1686 se
2259 1648 2449 1686 manus
2483 1632 2703 1684 dextera
2734 1641 2789 1685 et
2825 1629 3066 1684 omnium
3099 1628 3280 1698 opifex
3312 1628 3415 1692 sit,
3441 1627 3612 1703 1⁵11¹

2016 1731 2114 1785 per
2141 1716 2318 1771 Patris
2349 1717 2625 1772 dexteram
2663 1718 2786 1786 jure
2824 1717 3016 1770 merito
3062 1717 3332 1770 exaltatus
3371 1715 3608 1770 dicitur.

2017 1808 2254 1864 Observa
2330 1809 2416 1864 hic
2475 1824 2688 1863 rursum
2771 1807 3060 1861 Dominum
3129 1818 3372 1861 nostrum
3420 1806 3602 1862 Jesum

2020 1900 2300 1956 Christum
2355 1903 2655 1956 secundum
2725 1903 3015 1955 humanam
3067 1902 3284 1968 quidem
3353 1911 3612 1954 naturam:

323 1991 630 2062 ἀλλότριον,
676 1994 790 2046 ἀλλ’
827 1995 902 2058 ὡς
935 1996 1066 2050 ἴδιον
1103 1997 1290 2051 αὐτοῦ.
1347 1999 1490 2066 Ἔφη
1537 1998 1636 2067 μὲν
1665 1999 1774 2070 γάρ
1805 2016 1907 2052 που

2018 1992 2276 2062 Spiritum
2340 1993 2622 2060 accipere,
2683 1991 2976 2046 secundum
3033 1992 3280 2044 divinant
3318 2005 3444 2046 vero
3499 1991 3603 2046 hoc

317 2081 455 2146 Θεὸς
471 2083 672 2148 δι“ἐνὸς
702 2085 810 2138 τῶν
837 2087 1009 2154 ἁγίων
1031 2090 1348 2160 προφητῶν,
1375 2091 1456 2143 ὅτι
1491 2108 1509 2140 ι
1557 2091 1767 2160 Ἐκχεῶ
1797 2091 1905 2144 ἀπὸ

319 2172 419 2226 ’τοῦ
445 2175 763 2247 Πνεύματός
797 2196 898 2246 μου
935 2179 1030 2231 ἐπὶ
1071 2181 1253 2235 πᾶσαν
1297 2183 1494 2253 σάρκα.
1535 2201 1554 2234 ι
1601 2182 1807 2252 Πληροῖ
1849 2183 1906 2235 δὲ

319 2266 486 2320 τοῦτο
510 2269 766 2340 Χριστὸς,
811 2270 887 2334 ὡς
918 2270 1046 2325 ἴδιον
1073 2273 1236 2337 ἐνιεὶς
1277 2275 1392 2337 τοῖς
1438 2274 1797 2344 κεκλημένοις
1843 2275 1905 2327 τὸ

322 2357 573 2428 Πνεῦμα.
597 2361 793 2414 Καίτοι
811 2361 871 2414 τὸ
892 2361 1157 2432 μετόχους
1182 2364 1468 2417 ἀποτελεῖν
1487 2363 1747 2417 δύνασθαί
1763 2382 1912 2428 τινας

321 2449 420 2503 τοῦ
451 2451 610 2518 ἁγίου
648 2451 993 2522 Πνεύματος,
1022 2455 1223 2524 πρέποι
1251 2453 1317 2508 ἂν
1359 2457 1459 2508 οὐκ
1487 2454 1760 2526 ἀνθρώπῳ
1813 2475 1912 2510 πο-

325 2542 449 2607 θέν,
484 2543 603 2614 Θεῷ
628 2544 686 2598 δὲ
720 2545 924 2615 μᾶλλον
951 2547 1030 2617 τῷ
1060 2548 1203 2601 κατὰ
1232 2548 1416 2616 φύσιν.
1460 2549 1798 2620 Ἐνήργηκεν
1819 2547 1912 2601 οὖν

322 2632 396 2685 τά
420 2633 514 2685 τοῦ
555 2634 691 2686 Θεοῦ
725 2637 819 2688 καὶ
861 2636 1076 2706 Πατρὸς
1119 2637 1147 2688 ὁ
1195 2638 1344 2704 Υἱὸς,
1380 2639 1440 2691 τὸ
1484 2639 1708 2709 Πνεῦμα
1739 2639 1914 2702 διδοὺς

324 2722 508 2786 αὑτός.
553 2725 892 2796 Ἀνθρωπίνη
948 2729 1130 2782 τοίνυν
1184 2731 1216 2798 ἡ
1267 2729 1451 2800 λῆψις,
1501 2729 1804 2800 θεοπρεπὲς
1854 2728 1911 2781 δὲ

325 2815 422 2868 καὶ⁹
457 2815 598 2886 ὑπὲρ
626 2817 912 2887 ἄνθρωπον
943 2820 1005 2872 τὸ
1051 2821 1109 2886 ἐξ
1141 2820 1272 2874 ἰδίου
1307 2821 1678 2892 πληρώματος
1711 2822 1802 2873 καὶ
1833 2821 1913 2882 εἰς

326 2907 548 2978 ἐτέρους
577 2910 759 2978 ἐκχεῖν
803 2910 902 2981 τὴν
943 2912 1036 2964 τοῦ
1085 2912 1405 2982 Πνεύματος
1443 2913 1609 2969 δόσιν,
1656 2912 1787 2973 Θεὸς
1820 2906 1913 2963 οῦν

326 2994 436 3065 ἄρα
467 2997 618 3050 ἐστὶν
659 2999 717 3049 ἐν
762 2998 1080 3072 ἀνθρωπεία
1123 3004 1305 3071 μορφῇ
1339 3000 1597 3070 πεφηνὼς
1648 3003 1676 3052 ὁ
1717 3000 1911 3068 Λόγος,

328 3085 581 3156 σύνεδρός
607 3105 664 3141 τε
694 3089 782 3143 διὰ
809 3090 966 3144 τοῦτο
999 3092 1076 3162 τῷ
1103 3091 1222 3161 Θεῷ
1243 3093 1337 3144 καὶ
1369 3093 1561 3163 Πατρί.

326 3189 449 3244 est,
481 3179 664 3237 eﬂicit.
712 3182 1018 3238 Humanum
1070 3187 1292 3253 proimle
1333 3187 1589 3255 quiddam
1630 3196 1754 3250 est,

2016 2084 2134 2153 ipso
2185 2082 2365 2138 Patris
2419 2086 2688 2153 promissa
2740 2085 3021 2138 exsolvere
3054 2123 3069 2146 ,
3131 2086 3272 2153 quod
3341 2081 3601 2153 Spiritum

2015 2184 2262 2230 sanctum
2303 2189 2408 2228 non
2469 2184 2724 2243 tauquam
2785 2175 2853 2227 ab
2893 2192 2951 2228 se
2993 2176 3231 2228 alienum
3264 2215 3280 2240 ,
3331 2176 3426 2229 sed
3484 2191 3602 2228 iano

2016 2281 2177 2335 qnam
2225 2266 2327 2322 sibi
2359 2269 2639 2336 proprium
2713 2267 2963 2321 tidelibns
3031 2269 3216 2322 mittit.
3277 2267 3416 2322 Deus
3457 2267 3601 2322 enim

2017 2375 2113 2428 per
2145 2361 2436 2428 quemdam
2470 2376 2536 2414 ex
2593 2361 2797 2414 sanctis
2828 2359 3109 2430 prophetis
3152 2361 3353 2430 alicubi
3379 2361 3452 2414 ita
3500 2361 3598 2415 ait:

2025 2468 2044 2501 ι
2088 2450 2374 2505 Eii‘undam
2423 2451 2489 2506 de
2539 2452 2747 2522 Spiritu
2817 2467 2937 2506 meo
3002 2468 3166 2522 super
3215 2467 3432 2507 omnem
3473 2467 3602 2507 car-

2019 2557 2140 2596 nem
2165 2545 2230 2598 ".
2264 2562 2283 2594 ι
2333 2542 2484 2598 lianc
2523 2553 2703 2598 autem
2754 2544 3171 2614 promissionem
3199 2543 3453 2599 Christus
3497 2545 3604 2598 Do-

2019 2636 2197 2688 minus
2243 2645 2462 2704 pra'stal
2489 2678 2505 2701 ,
2551 2651 2672 2689 cum
2709 2634 2970 2704 Spiritum
3006 2645 3063 2688 ut
3114 2637 3387 2706 proprium
3424 2637 3490 2689 ad
3535 2637 3600 2689 ﬁ-

2024 2729 2146 2781 dem
2224 2728 2431 2782 vocatis
2485 2727 2746 2782 immittit.
2793 2729 2974 2798 Atque
3025 2728 3294 2796 Spiritum
3350 2738 3601 2783 sanctum

2016 2821 2428 2888 quibuscunqne
2492 2819 2700 2873 libittnn
2731 2819 2896 2873 fuerit
2930 2834 3090 2890 posse
3125 2819 3387 2889 impertiri
3440 2819 3490 2872 id
3547 2819 3607 2872 in-

2019 2911 2291 2965 bominem
2326 2900 2664 2980 nequaquam
2702 2912 2996 2975 convenit,
3037 2913 3132 2965 sed
3190 2919 3395 2965 tantum
3429 2910 3480 2964 in
3512 2923 3606 2965 ve-

2020 3017 2140 3055 rum
2199 3001 2610 3070 naturalemque
2671 3001 2863 3056 Deum.
2927 3001 3154 3068 Quando
3196 3000 3362 3070 igitur
3434 2997 3607 3053 Filius

2020 3091 2285 3161 Spiritum
2337 3103 2586 3147 sanctmn
2620 3092 2951 3158 impertivit,
3006 3089 3150 3160 quod
3205 3090 3297 3144 Dei
3330 3099 3385 3145 et
3426 3088 3609 3144 Patris

1833 3184 2098 3254 Spiritum
2156 3185 2466 3253 suscipere;
2500 3184 2740 3238 divinmn
2788 3199 2920 3237 vero
2984 3194 3040 3237 et
3095 3197 3259 3250 supra
3301 3181 3602 3244 hominem,

326 3286 394 3326 ex
429 3275 646 3343 propria
700 3275 1036 3345 plenitudine
1081 3279 1343 3349 Spiritum
1391 3291 1639 3334 sanctum
1684 3282 1737 3334 in
1783 3280 1918 3334 alios
1958 3277 2256 3333 eﬂundere.
2308 3279 2544 3331 Verbum
2612 3279 2820 3346 itaque,
2858 3277 2999 3346 quod
3043 3275 3096 3329 in
3155 3275 3392 3330 humana
3430 3274 3608 3328 forma

326 3369 606 3437 apparuit,
665 3369 806 3427 Dens
839 3383 966 3430 est:
1013 3377 1156 3430 unde
1210 3378 1565 3446 rousequitnr
1643 3387 1703 3430 ut
1745 3375 1989 3444 ejusdem
2028 3390 2245 3444 quoque
2278 3391 2400 3429 cum
2459 3374 2622 3429 Patre
2666 3374 2971 3444 majestatis
3014 3373 3109 3428 sit.

325 3479 465 3548 Περὶ
491 3481 594 3534 τοῦ
620 3481 901 3556 λέγεσθαι
931 3485 1272 3556 ἀντιστῆναι
1303 3487 1561 3555 Χριστὸν
1579 3488 1646 3542 ἐκ
1681 3486 1912 3556 νεκρῶν

2020 3486 2098 3540 De
2127 3503 2186 3540 eo
2233 3488 2374 3540 auod
2417 3486 2663 3541 Christus
2699 3503 2792 3554 per
2823 3495 3100 3555 paternam
3135 3492 3380 3540 virtutem
3426 3498 3605 3538 resur-

731 3553 802 3605 ἐν
826 3553 1075 3622 δυνάμει
1109 3554 1215 3608 τοῦ
1245 3553 1496 3625 Πατρός.

399 3663 529 3716 NA'.
585 3664 642 3717 Ὀ
673 3665 962 3730 θεσπέσιος
997 3668 1203 3738 γράφει
1248 3669 1463 3732 Παῦλος
1497 3671 1627 3741 περὶ
1657 3669 1752 3723 τοῦ
1781 3689 1912 3741 προσ

327 3753 566 3824 πάτορος
611 3755 881 3827 Ἀϐραάμο
915 3777 934 3808 ι
972 3759 1085 3811 ϋύκ
1111 3759 1326 3831 ἐγράφη
1355 3761 1413 3812 δὲ
1444 3760 1512 3812 δι’
1540 3762 1700 3814 αὑτὸν
1729 3762 1905 3832 μόνον,

325 3845 407 3897 ὅτι
455 3845 708 3914 ἐλογίσθη
749 3847 897 3917 αύτῷ
941 3850 974 3918 ἡ
1021 3849 1204 3912 πίστις
1246 3853 1326 3915 είς
1358 3851 1740 3923 δικαιοσύνην·
1776 3853 1913 3906 ἀλλὰ

327 3937 423 3990 καὶ
456 3936 522 3989 δι’
549 3939 696 4008 ἡμᾶς
717 3980 731 4003 ,
762 3933 844 4004 οἷς
874 3941 1058 4010 μέλλει
1086 3942 1395 4010 λογίζεσθαι
1427 3947 1538 4006 τοῖς
1562 3944 1911 4000 πιστεύουσιν

325 4027 422 4080 ἐπὶ
450 4027 542 4080 τὸν
571 4029 864 4098 ἐγείραντα
906 4031 1114 4102 Ἰησοῦν
1153 4034 1245 4086 τὸν
1295 4034 1500 4105 Κύριον
1530 4035 1692 4106 ἡμῶν
1732 4039 1796 4089 ἐκ
1826 4055 1913 4090 νε-

327 4118 507 4189 κρῶψ
540 4119 599 4182 ὃς
629 4121 900 4193 παρεδόθη
925 4123 1016 4175 διὰ
1041 4124 1107 4176 τὰ
1159 4126 1582 4197 παραπτώματα
1610 4129 1788 4198 ἡμῶν,
1818 4131 1913 4182 καὶ

324 4211 535 4280 ἠγέρθη
576 4210 665 4264 διὰ
692 4212 790 4283 τὴν
830 4213 1113 4268 δικαίωσιν
1148 4216 1328 4287 ἡμῶν.
1372 4237 1390 4270 ι
1443 4219 1559 4273 Μία
1602 4220 1701 4289 μὲν
1728 4219 1914 4290 θεότη-

325 4318 418 4364 τος
448 4302 630 4370 φύσις,
649 4304 707 4356 ἐν
731 4303 1063 4359 ὑποστάσεσι
1088 4307 1144 4359 δὲ
1170 4311 1558 4378 προσκυνεῖται
1583 4312 1731 4380 τρισὶ¹
1761 4312 1914 4382 παρά

325 4407 387 4443 τε
421 4390 580 4460 ἡμῶν
613 4392 710 4445 καὶ
747 4393 856 4446 τῶν
908 4394 1020 4446 ἄνω
1055 4397 1402 4466 πνευμάτων.
1447 4399 1594 4460 Μιᾶς
1641 4397 1696 4450 δὲ
1745 4395 1913 4468 οὔσης

327 4481 583 4551 θεότητος
626 4484 866 4553 ἁπάσης,
912 4486 1136 4550 εἰκότως
1165 4487 1229 4558 δὴ
1257 4488 1418 4558 ἔργον
1451 4489 1516 4543 ἂν
1559 4490 1771 4557 γένοιτο
1804 4492 1912 4543 πᾶν

325 4570 506 4624 ὁτιοῦν
527 4573 633 4625 τῶν
653 4574 734 4626 ὅτι
762 4575 996 4645 μάλιστα
1026 4577 1346 4646 πρεπόντων
1376 4579 1513 4650 αὐτῇ
1537 4596 1595 4631 τε
1627 4581 1720 4633 καὶ
1750 4581 1908 4652 μόνῃ.

326 4664 634 4736 Πράττεται
666 4665 774 4737 γὰρ
800 4667 979 4720 πάντα
1008 4687 1080 4721 πα
1092 4669 1157 4740 ρὰ
1183 4669 1278 4721 τοῦ
1309 4670 1444 4723 Θεοῦ
1477 4672 1572 4723 καὶ
1600 4672 1815 4743 Πατρὸς
1842 4673 1916 4725 δι’

326 4755 460 4807 Υἰοῦ
499 4756 555 4808 ἐν
605 4755 884 4826 Πνεύματι
910 4797 922 4810 .
961 4759 1122 4810 Ὥστε
1157 4758 1260 4812 κᾶν
1289 4762 1338 4811 εί
1393 4761 1605 4830 λέγοιτό
1638 4780 1741 4814 που
1773 4761 1909 4826 ζωο-

2589 3559 2784 3610 rexisse
2823 3557 3038 3608 dicitur.

2091 3667 2172 3722 ιι.
2213 3669 2434 3722 Divinns
2477 3667 2676 3722 Paulus
2720 3667 2786 3723 de
2829 3668 3141 3736 patriarcha
3198 3667 3476 3722 Abraham
3528 3665 3604 3722 ita

2020 3761 2242 3814 scribit:
2284 3781 2302 3812 ι
2345 3761 2460 3813 Non
2503 3771 2588 3815 est
2618 3770 2798 3814 autem
2845 3760 3109 3828 scriptum
3155 3769 3380 3830 propter
3427 3759 3608 3828 ipsum

2021 3860 2253 3916 tantum,
2284 3851 2409 3918 quia
2441 3859 2748 3918 reputatum
2780 3860 2860 3906 est
2887 3850 2960 3904 illi
2990 3850 3057 3906 ad
3087 3850 3390 3920 justitiam;
3424 3851 3520 3906 sed
3549 3858 3608 3905 et

2021 3954 2244 4013 propter
2271 3959 2389 4008 nos,
2409 3943 2610 4012 quibus
2640 3943 2980 4011 reputabitur
3001 3943 3351 3998 credentibus
3373 3943 3424 3995 in
3453 3957 3602 4008 eum,

2019 4035 2110 4102 qni
2143 4034 2430 4088 suscitavit
2463 4033 2646 4088 Jesum
2681 4035 2969 4090 Dominum
3002 4043 3246 4089 nostrum
3277 4049 3307 4088 a
3342 4034 3606 4089 mortuis:

2019 4127 2108 4194 qni
2134 4126 2364 4180 traditus
2387 4133 2472 4180 est
2507 4134 2726 4195 propter
2747 4125 2943 4180 delicta
2971 4134 3183 4192 nostra,
3215 4135 3270 4180 et
3300 4126 3604 4181 resurrexit

2021 4228 2239 4285 propter
2284 4217 2731 4286 jnstiticationem
2777 4227 3022 4272 nostram
3042 4218 3108 4269 ’⁸.
3144 4235 3164 4270 ι
3219 4217 3334 4273 Una
3387 4216 3604 4285 quidem

2021 4307 2198 4372 deitas
2231 4309 2283 4360 in
2315 4307 2488 4362 tribus
2514 4308 2766 4375 personis
2787 4307 3050 4362 adoratur
3076 4317 3190 4361 tum
3224 4322 3254 4362 a
3286 4306 3462 4372 nobis,
3490 4315 3603 4384 tum

2019 4399 2184 4450 etiam
2223 4413 2252 4451 a
2295 4399 2549 4470 supernis
2588 4399 2695 4454 illis
2741 4399 3049 4468 spiritibus.
3087 4399 3221 4454 Cum
3267 4407 3448 4452 autem
3498 4412 3606 4452 una

2020 4489 2285 4542 duntaxat
2317 4490 2570 4545 divinitas
2597 4492 2848 4555 exsiStat,
2881 4490 3079 4545 merito
3114 4493 3282 4545 totius
3307 4506 3443 4560 opus
3479 4505 3608 4546 cen-

2021 4592 2192 4648 setur,
2237 4583 2493 4652 quidquid
2533 4591 2709 4652 potest
2735 4583 2803 4638 ab
2842 4583 2930 4636 illa
2971 4598 3078 4637 una
3114 4583 3429 4652 procedere.
3462 4580 3606 4635 Dens

2021 4672 2183 4726 Pater
2223 4688 2460 4743 namque
2486 4675 2670 4729 omnia
2697 4690 2792 4743 per
2810 4675 3005 4728 Filium
3035 4687 3290 4744 operatur
3315 4673 3378 4727 in-
3398 4673 3606 4741 Spiritu

2021 4775 2230 4817 sancto.
2269 4764 2447 4830 Quare
2486 4764 2530 4819 si
2569 4764 2732 4819 Pater
2779 4765 3058 4819 viviﬁcare
3099 4766 3316 4824 dicitur,
3368 4765 3602 4832 idipsum

327 4849 502 4900 ποιεῖν
532 4849 562 4899 ὁ
587 4847 799 4919 Πατὴρ,
831 4849 1116 4920 ἐνεργήσει
1146 4852 1361 4914 πάντως
1388 4853 1520 4905 αὐτὸ
1550 4853 1637 4907 διὰ
1659 4853 1753 4906 τοῦ
1778 4855 1911 4907 Υίοῦ

2019 4857 2244 4909 omniuo
2271 4872 2368 4924 per
2396 4856 2592 4911 Filium
2622 4858 2675 4911 in
2713 4857 2918 4926 Spiritu
2952 4866 3142 4912 sancto
3165 4866 3424 4925 praestare
3445 4855 3606 4909 intel-

325 4937 386 4987 ἐν
413 4935 553 5005 ἁγίῳ
585 4936 880 5004 Πνεύματι.
932 4938 1052 4991 Κᾶν
1094 4940 1288 5010 ἐνεργῇ
1316 4941 1415 5011 τὴν
1447 4941 1591 5010 ζωὴν
1631 4943 1659 4994 ὁ
1694 4943 1821 5005 Υἱὸς
1853 4943 1910 4996 ἕν

328 5043 392 5095 γε
440 5029 553 5090 τοῖς
583 5027 928 5098 δεδεημένοις
972 5029 1072 5098 τῆς
1121 5032 1307 5101 ζωῆς,
1358 5033 1474 5084 ἀλλ’
1523 5035 1582 5085 ού
1647 5035 1770 5104 δίχα
1816 5035 1908 5087 τοῦ

325 5119 612 5186 όμοουσίου
658 5120 909 5190 Πατρός’
951 5121 1064 5192 ἔχει
1098 5123 1206 5194 γὰρ
1262 5125 1320 5176 ἐν
1370 5126 1548 5195 ἐαυτῷ
1574 5127 1665 5179 τὸν
1710 5127 1907 5197 Γεννή-

326 5227 518 5264 σαντα.
568 5212 678 5264 Καὶ
735 5211 865 5282 γοῦν
913 5211 1016 5284 ἔφη
1062 5215 1281 5283 σαφῶς·
1338 5237 1356 5268 ι
1424 5217 1542 5270 Ἀπ’
1577 5219 1814 5288 ἐμαυτοῦ
1848 5219 1909 5271 ού

325 5297 504 5352 λαλῶ’
538 5301 566 5353 ὁ
594 5301 650 5354 δέ
702 5303 888 5376 Πατὴρ
928 5303 955 5355 ό
983 5305 1042 5357 ἐν
1083 5306 1206 5374 ἐμοὶ
1255 5305 1453 5375 μένων,
1496 5310 1640 5360 ποιεῖ
1673 5309 1736 5361 τὰ
1775 5308 1910 5380 ἔργα

327 5391 509 5453 αὐτός.
546 5410 564 5441 ›
599 5393 717 5446 Κᾶν
745 5396 793 5447 εἰ
821 5397 881 5447 τὸ
906 5395 1134 5466 Πνεῦμα
1160 5396 1369 5464 λέγοιτο
1397 5399 1556 5451 τοῦτο
1581 5400 1736 5469 δρᾷν,
1762 5403 1913 5468 ἐνερ-

2021 4948 2287 5018 ligitnr”.
2321 4950 2552 5004 Rursum
2582 4951 2622 5003 si
2651 4949 2819 5003 Filius
2853 4951 2902 5002 in
2932 4950 3014 5003 his
3045 4949 3136 5017 qui
3167 4950 3273 5002 vita
3303 4949 3606 5004 destituun-

2023 5051 2133 5104 tur,
2174 5039 2339 5092 vitam
2377 5039 2590 5095 edicere
2634 5040 2992 5110 praedicatur;
3030 5041 3131 5093 hoc
3177 5040 3351 5110 ipsum
3398 5041 3606 5108 absque

2020 5133 2402 5187 coesscutialis
2434 5133 2613 5187 Patris
2658 5133 3042 5202 cooperatione
3073 5132 3285 5187 ellicere
3313 5148 3418 5187 non
3446 5140 3603 5201 pute-

2022 5233 2130 5291 tur,
2157 5234 2218 5277 ut
2248 5224 2340 5292 qui
2368 5224 2518 5277 illum
2555 5224 2644 5292 qui
2671 5238 2795 5279 eum
2835 5224 3042 5294 genuit,
3071 5224 3123 5278 in
3161 5224 3345 5292 seipso
3379 5237 3604 5277 manen-

2023 5326 2130 5370 tem
2166 5330 2381 5383 semper
2419 5316 2612 5370 habeat
2645 5333 2658 5368 :
2695 5316 2860 5386 cEgo,
2893 5317 3067 5386 inquit
3101 5326 3304 5386 aperte,
3340 5330 3369 5368 a
3397 5314 3604 5382 meipso

2018 5423 2123 5459 non
2173 5407 2401 5475 loquor:
2450 5406 2612 5460 Pater
2657 5408 2748 5475 qni
2804 5409 2855 5462 in
2911 5423 2997 5462 me
3048 5419 3252 5473 manet,
3304 5407 3417 5476 ipse
3473 5405 3604 5460 facit

325 5481 486 5554 γήσει
527 5483 742 5547 πάντως
766 5485 841 5548 ὡς
865 5489 1084 5557 πνεῦμα
1114 5489 1277 5558 ζωῆς
1307 5489 1454 5560 ζωὴν
1483 5492 1537 5543 δέ
1567 5487 1705 5545 εἶναί
1733 5512 1913 5562 φαμεν

2018 5511 2174 5564 Opera
2197 5498 2261 5552 ³ο.
2294 5516 2312 5548 ι
2352 5498 2509 5567 172
2538 5497 2775 5551 Tandem
2800 5500 2843 5552 si
2885 5500 3109 5567 Spiritus
3141 5500 3243 5554 hoc
3275 5499 3446 5568 ipsum
3470 5512 3600 5568 ope-

329 5574 472 5626 κατά
499 5574 663 5642 φύσιν
695 5576 784 5630 τὸν
810 5578 941 5630 Θεὸν
972 5580 1063 5633 καὶ
1099 5581 1319 5651 Πατέρα
1340 5620 1354 5644 ,
1399 5583 1493 5634 καὶ
1525 5585 1615 5636 τὸν
1647 5583 1704 5649 ἐξ
1741 5585 1910 5638 αὑτοῦ

328 5664 658 5735 γεννηθέντα
693 5666 843 5722 Υίόν.
881 5669 1090 5723 Οὐκοῦν
1115 5670 1332 5740 λέγεται
1370 5673 1471 5742 μὲν
1498 5675 1526 5725 ό
1563 5674 1747 5746 Πατὴρ
1775 5676 1909 5729 ἁνα-

2014 5598 2203 5652 ratnr,
2253 5592 2474 5643 ontnino
2518 5601 2572 5643 ut
2633 5591 2757 5645 vitae
2817 5592 3042 5662 spiritus
3115 5599 3388 5660 operatur.
3435 5589 3600 5659 Atqui

2013 5681 2180 5734 Deum
2226 5680 2464 5745 Patrem,
2507 5693 2563 5735 et
2613 5682 2804 5737 Filium
2838 5685 2927 5752 qui
2980 5699 3043 5738 ex
3095 5683 3183 5738 illo
3233 5685 3448 5754 genitus
3487 5690 3597 5748 est,

331 5756 527 5825 στῆσαι
559 5758 793 5829 Χριστὸν
824 5759 889 5811 ἐκ
918 5761 1125 5833 νεκρῶν
1153 5783 1166 5795 -
1205 5764 1303 5834 οὐχ
1351 5765 1661 5836 εὑρήσομεν
1713 5766 1770 5819 δέ
1817 5764 1907 5819 τὸν

2018 5772 2305 5827 secundum
2359 5786 2609 5828 naturam
2659 5776 2819 5830 vitam
2866 5791 2986 5830 csse
3035 5777 3288 5831 dicimus.
3337 5777 3600 5846 Quamvis

401 5891 491 5947 ²⁸Ῐ
524 5889 761 5947 Timoth.
794 5909 877 5963 nr,
919 5894 995 5948 16.
1104 5899 1142 5928 ²“
1183 5896 1288 5952 Jecl
1325 5913 1384 5964 ει,
1423 5900 1511 5953 ‘28.

1592 5901 1631 5929 ”
1667 5899 1826 5958 Ihm.
1853 5918 1926 5972 μ’,
1955 5903 2048 5975 Ξί,
2082 5907 2170 5962 25.

2253 5909 2292 5939 ³³
2321 5906 2470 5966 Joau.
2508 5925 2555 5964 γ.
2591 5911 2674 5965 ’21.
2756 5911 2797 5934 '”
2824 5908 2978 5967 J-uan.
3012 5925 3118 5980 λιν,
3153 5911 3235 5966 ill.
