4132 6468
569 404 713 465 "07

1546 424 1605 479 S.
1648 426 1924 483 ειίιιιιι
1966 432 2438 495 ALEXANDIHNI
2477 442 2801 504 ARCHIEP.

3704 464 3849 523 ΗΜ

567 541 698 595 ergo
723 526 881 581 Patrr
926 529 1203 587 Christum
1234 550 1297 589 ex
1331 541 1559 598 mortuis
1591 548 1958 607 exsuscitassc
2008 553 2126 607 (ἔξω

569 625 659 651 nm
712 618 903 651 [filium
941 630 1116 651 ειη-συ...
1157 626 1294 651 -:...._
1333 646 1411 651 ___
1771 640 1781 650 .
2045 647 2055 651 -

2260 560 2386 614 Υίὸν
2420 564 2685 636 ἀνενεργῆ
2736 568 2866 638 περὶ
2897 570 2997 640 τὴν
3030 573 3331 626 ἀνάστασιν
3361 575 3453 630 τοῦ
3485 576 3619 631 ἰδίου
3657 578 3849 651 σώμαι

569 625 678 678 tur,
710 618 904 673 Filium
941 630 1118 677 tamen
1153 626 1298 682 circa
1333 634 1534 701 proprii
1570 640 1815 705 corporis
1843 647 2148 699 exsuscita-

568 708 766 762 tionem
796 724 899 764 non
932 711 1167 769 Otiosum
1192 719 1474 776 exstitisse
1508 724 1872 794 inveniemus,
1900 749 2022 787 nam
2048 735 2146 790 Ju-

564 798 713 855 dteos
738 801 841 856 hoc
862 805 1022 859 modo
1047 806 1313 864 allocutus
1340 812 1567 882 legitur:
1606 835 1625 867 ι
1649 818 1855 876 Solvite
1891 825 2146 894 templum

568 890 690 954 hoc,
716 901 770 945 et
801 892 853 947 in
898 896 1069 952 tribus
1099 899 1287 956 diebus
1316 905 1564 961 excitabo
1599 909 1731 964 illud
1751 911 1825 967 ³¹.ί
1853 932 1870 964 ι
1910 914 1986 968 ita
2022 933 2143 971 cum

563 980 753 1036 beatus
788 981 989 1041 Paulus
1022 989 1237 1055 doceat,
1273 1012 1291 1045 ι
1324 993 1476 1060 Quod
1515 1009 1569 1052 et
1607 1001 1765 1058 nobis
1802 1020 2021 1076 quoque
2062 1025 2148 1063 re-

562 1072 843 1141 putabitur
906 1079 972 1131 ad
1029 1079 1299 1150 justitiam
1350 1090 1697 1148 credentibus
1741 1072 1999 1165 inventu,
2053 1102 2145 1169 qui

562 1164 847 1220 suscitavit
873 1167 1058 1225 Iesum
1089 1172 1362 1230 Christum
1395 1194 1459 1233 ex
1492 1184 1754 1253 mortuis;
1777 1206 1796 1238 ι
1832 1204 1937 1243 non
1970 1191 2144 1246 solum

561 1256 615 1309 in
649 1256 813 1313 Deum
842 1260 1057 1317 Patrem
1083 1269 1550 1335 credidinms,sed
1576 1278 1738 1332 etiam
1768 1279 1822 1334 in
1854 1280 2143 1343 Dominum

562 1358 805 1403 nostrum
869 1351 1054 1409 Jesnm
1111 1356 1411 1419 Christum.
1454 1364 1593 1433 Quin
1653 1380 1707 1423 et
1751 1371 1881 1428 illud
1929 1392 2145 1447 quoque

558 1438 981 1510 observandum,
1030 1458 1086 1500 ut
1134 1450 1391 1522 arbitror,
1430 1458 1529 1513 hoc
1574 1459 1692 1516 loco
1740 1466 1903 1529 venit,
1949 1484 2146 1539 nempe

565 1526 932 1601 Unigenitmn,
972 1537 1242 1597 hominem
1276 1544 1503 1615 factum,
1544 1562 1773 1611 mortem
1806 1560 2025 1627 quidem
2056 1578 2145 1620 so-

557 1621 790 1676 cundum
849 1641 1071 1686 carnem
1126 1638 1433 1709 pertulisse,
1468 1644 1517 1698 vi
1555 1655 1733 1703 tamen
1789 1653 1993 1718 carnis,
2040 1657 2144 1714 hoc

555 1720 641 1763 est
674 1711 1048 1789 humanitatis,
1105 1728 1416 1799 neutiquam
1455 1738 1741 1805 revixisse,
1791 1744 1885 1798 sed
1943 1746 2147 1804 virtute

554 1803 789 1871 deitatis,
820 1827 839 1859 ι
866 1827 985 1879 qua)
1030 1816 1273 1876 vivilicat
1328 1839 1592 1894 mortuos,
1624 1842 1679 1886 et
1716 1845 1877 1889 vocat
1915 1851 1981 1891 ea
2019 1854 2143 1909 qua:

554 1907 660 1947 non
707 1908 854 1965 sunt,
900 1912 1154 1974 tanquam
1188 1924 1249 1965 ea
1292 1927 1414 1983 qua:
1459 1920 1672 1975 sunt".
1709 1940 1731 1974 ι
1784 1925 1903 1995 ipsa
1951 1907 2137 2000 itaque

550 1985 845 2045 viviﬁcatio
886 2010 992 2048 non
1046 1997 1113 2052 ad
1160 2002 1337 2070 ipsam
1383 2012 1634 2077 corporis
1686 2024 1961 2084 naturam,
2010 2021 2137 2079 licet

551 2075 685 2132 illud
718 2078 896 2139 Verbo
918 2101 983 2142 ex
1014 2088 1123 2145 Deo
1162 2096 1347 2163 genito
1376 2075 1653 2171 proprium
1698 2108 1995 2178 exstiterit,
2039 2113 2134 2169 sed

550 2170 732 2237 potius
756 2175 823 2228 ad
846 2192 1155 2246 supremam
1187 2186 1333 2243 illam
1361 2170 1639 2263 virtutem,
1659 2198 1762 2254 hoc
1789 2210 1894 2269 est,
1912 2204 1981 2258 ad
2015 2220 2137 2263 cam

551 2268 802 2316 naturam
849 2270 973 2333 jure
1030 2275 1224 2330 merito
1278 2279 1564 2338 referenda
1600 2297 1704 2354 est,
1762 2268 1887 2359 quze
1918 2307 2135 2353 omnem

547 2354 763 2407 excedit
809 2371 1141 2434 creaturam,
1185 2370 1326 2425 sicut
1374 2373 1426 2426 in
1476 2391 1703 2443 persona
1756 2381 1853 2439 Dei
1918 2384 2140 2455 Patris,

548 2456 615 2495 ex
654 2459 764 2514 quo
796 2453 977 2516 prodit
1017 2455 1187 2515 Filius
1214 2477 1309 2529 per
1336 2467 1519 2522 omnia
1553 2470 1626 2525 illi
1673 2476 1897 2545 aequalis
1922 2489 1977 2532 et
2004 2453 2138 2535 con;

550 2536 930 2597 substantialis
951 2586 965 2599 .
991 2553 1236 2615 procedit
1276 2570 1457 2614 autem
1497 2576 1595 2631 per
1621 2536 1881 2636 utrosque
1911 2580 1967 2623 et
2002 2572 2137 2628 vivi-

548 2623 684 2683 iicus
714 2644 929 2702 quoque
962 2638 1217 2708 Spiritus.
1245 2646 1409 2702 Addit
1457 2623 1624 2717 porro
1690 2623 1964 2714 Christum

547 2728 669 2785 pter
704 2722 901 2779 delicta
933 2742 1115 2785 nostra
1151 2735 1409 2792 traditum
1438 2755 1594 2810 esse;
1633 2759 1856 2818 propter
1887 2722 2132 2809 nostram

546 2818 726 2867 autem
751 2811 1203 2883 justiﬁeationem
1226 2811 1649 2894 exsuscitatum.
1667 2811 2133 2904 Quemadmodum

544 2901 688 2957 enim
729 2904 930 2965 factum
973 2922 1059 2969 est
1102 2924 1160 2970 ut
1208 2918 1322 2989 ipse
1368 2926 1536 2981 nostri
1572 2943 1734 2984 causa
1786 2931 1837 2986 in
1914 2936 2137 3005 prapria

548 3006 716 3051 carne
759 3010 993 3059 mortem
1040 3016 1346 3080 pateretur,
1379 3029 1489 3084 quo
1520 3019 1711 3076 mortis
1756 3020 2043 3092 imperium
2080 3026 2137 3082 in

544 3095 820 3153 posterum
869 3092 1316 3157 dissolveretur:
1366 3106 1447 3161 sic
1497 3124 1714 3167 rursum
1755 3119 1930 3170 nostri
1969 3132 2134 3177 causa

545 3175 776 3242 revixit,
832 3182 1118 3262 culpisque
1176 3196 1640 3258 prmVaricationis
1684 3202 1816 3259 Adae
1872 3208 2129 3280 abolitis,

545 3266 782 3323 reditum
818 3274 975 3329 nobis
1019 3280 1087 3332 ad
1123 3281 1587 3344 immortalitatem
1619 3293 1828 3360 primus
1866 3266 2126 3361 OStendit:

541 3354 921 3418 Justilicamur
982 3368 1125 3424 enim
1183 3388 1281 3441 per
1335 3376 1639 3447 Christum,
1693 3386 1933 3456 antiquae
1984 3390 2128 3450 illius

542 3447 945 3511 maledictionis
996 3459 1105 3515 vim
1170 3465 1553 3526 demolientem
1605 3487 1703 3545 per
1756 3478 2122 3538 obedientiam

540 3541 713 3598 modis
741 3548 997 3605 omnibus
1029 3554 1348 3626 perfectam,
1376 3572 1626 3619 naturam
1663 3566 1792 3625 vero
1826 3571 2121 3629 humanam

2250 668 2361 713 τος.
2398 654 2507 706 Καὶ
2534 656 2663 722 γοῦν
2708 656 2813 728 ἔφη
2868 661 3005 732 πρὸς
3069 663 3373 727 ’ἴοιιδαίουςθ
3414 686 3434 719 ‹
3488 666 3704 722 Λύσατε
3754 671 3851 724 τὸν

2250 742 2376 794 ναὸν
2413 744 2624 813 τοῦτον,
2658 749 2751 801 καὶ
2780 750 2839 802 ὲν
2872 753 3053 821 τρισὶν
3094 754 3329 825 ἡμέραις
3375 757 3555 827 ὲγερῶ
3589 759 3776 815 αὐτόν.
3820 782 3841 814 ι

2254 831 2445 898 Ἀθρ-ει
2478 834 2569 899 δὲ,
2613 837 2765 900 ὅπως
2810 839 2905 892 τοῦ
2953 844 3228 913 μακαρίον
3286 844 3498 919 Παύλου
3552 847 3843 915 λέγοντος·

2257 942 2275 973 t
2328 926 2446 978 Ὅτι
2488 926 2871 998 λογισθήσεται
2902 934 3032 1003 ἡμῖν
3084 938 3117 1002 ή
3152 938 3336 1001 πίστις
3373 941 3454 1003 είς
3495 941 3844 1014 δικαιοσύνην

2249 1017 2359 1079 τοῖς
2391 1018 2749 1073 πιστεύσασιν
2785 1023 2881 1075 ἐπὶ
2908 1025 2999 1081 τὸν
3028 1026 3319 1098 ἐγείραντα
3366 1031 3575 1100 Ἰησοῦν
3605 1035 3842 1102 Χριστὸν

2249 1106 2314 1158 ὲκ
2346 1109 2554 1180 νεκρῶν
2580 1128 2593 1142 ·
2647 1130 2665 1163 ›
2706 1115 2806 1168 οὐκ
2844 1114 2927 1179 είς
2976 1118 3138 1186 μόνον
3184 1121 3217 1189 ἡ
3261 1120 3445 1185 πίστις
3482 1123 3574 1178 τὸν
3618 1126 3840 1195 Πατέρα

2248 1198 2439 1267 γέγονε
2472 1202 2568 1254 καὶ
2595 1202 2748 1267 Θεὸν,
2784 1206 2921 1261 ἀλλά
2944 1209 3054 1278 γὰρ
3085 1211 3177 1263 καὶ
3209 1213 3291 1274 εἰς
3321 1212 3413 1265 τὸν
3446 1214 3657 1285 Κύριον
3685 1218 3840 1287 ἡμῶν

2262 1289 2468 1361 Ἰησοῦν
2496 1294 2749 1365 Χριστόν.
2789 1298 2998 1373 ’Ἄλλως
3030 1318 3090 1354 τε
3123 1300 3255 1371 (δεῖν
3284 1302 3393 1376 γὰρ
3426 1302 3585 1375 οἶμαι
3617 1310 3840 1363 κάκεῖνο

2251 1381 2420 1451 ἰδεῖν),
2455 1383 2678 1453 γέγονεν
2707 1387 2804 1443 ἄνθ
2815 1405 2998 1459 ρωπος
3023 1392 3051 1447 ὁ
3079 1393 3392 1466 Μονογενης
3413 1435 3429 1459 ,
3456 1395 3550 1448 καὶ
3575 1397 3841 1466 ὑπέμεινε

2249 1472 2348 1543 μὲν
2386 1476 2665 1546 σαρκικῶς
2696 1478 2787 1532 τὸν
2817 1479 3079 1547 θάνατον,
3118 1483 3321 1540 ἀνεϐίω
3353 1502 3415 1553 γε
3449 1488 3557 1559 μὴν
3587 1488 3650 1543 οὐ
3698 1491 3839 1542 κατὰ

2248 1564 2484 1633 σαρκὸς.
2538 1568 2707 1638 ἡγουν
2743 1570 3167 1647 ἀνθρωπότητος
3200 1576 3456 1644 δύναμιν,
3510 1579 3627 1632 ἀλλ’
3672 1581 3747 1644 ὡς
3782 1584 3842 1634 ὲν

2248 1654 2394 1724 ίοχύῖ
2415 1656 2691 1729 θεότητος,
2724 1682 2743 1712 r
2774 1663 2873 1734 τῆς
2902 1664 3278 1740 ζωογονούσης
3306 1670 3433 1732 τοὺς
3460 1673 3714 1743 νεκροὺς,
3744 1674 3840 1725 καὶ

2246 1747 2517 1820 καλούσης
2546 1753 2613 1805 τὰ
2644 1753 2720 1827 μὴ
2750 1755 2880 1809 δντα
2907 1755 2980 1820 ὡς
3012 1757 3161 1813 ὄντα.
3195 1780 3213 1814 ι
3264 1760 3581 1815 Ἀναθετὲον
3613 1758 3708 1816 οὖν
3734 1764 3842 1835 ἄρα

2243 1838 2342 1909 τὴν
2389 1838 2720 1913 ζωοποίησιν
2766 1848 2860 1900 καὶ
2909 1848 3054 1918 μάλα
3100 1852 3360 1915 είκότως,
3408 1853 3511 1906 οὐκ
3552 1855 3697 1925 αὐτῇ
3736 1873 3841 1908 που

2242 1932 2460 1998 πάντως
2491 1938 2561 2009 τῇ
2588 1937 2683 1990 τοῦ
2716 1938 2970 2011 σώματος
3002 1943 3203 2013 φύσει,
3238 1946 3341 1999 κᾶν
3366 1948 3415 1999 εἰ
3445 1947 3676 2016 γέγονεν
3709 1950 3843 2003 ἴδιον

2234 2022 2333 2077 τοῦ
2376 2026 2441 2078 ὲκ
2468 2024 2609 2081 Θεοῦ
2651 2033 2852 2101 φύντος
2898 2034 3073 2103 Λόγου
3099 2052 3112 2066 ο
3146 2036 3377 2107 δυνάμει
3418 2039 3476 2093 δὲ
3528 2040 3734 2109 μᾶλλον
3771 2045 3842 2112 τῇ

2238 2114 2547 2190 ὑπερτάτη,
2585 2119 2681 2172 καὶ
2731 2120 2890 2192 φύσει
2920 2127 2987 2197 τῇ
3030 2125 3170 2199 ὑπὲρ
3200 2128 3403 2192 κτίσιν,
3450 2130 3529 2193 ὼς
3572 2131 3634 2183 ὲν
3670 2148 3842 2202 προσ-

2235 2206 2373 2281 ὡπῳ
2420 2211 2516 2264 τοῦ
2547 2212 2685 2267 Θεοῦ
2720 2215 2814 2269 κα)⁵
2846 2217 3062 2291 Πατρὸς
3086 2266 3101 2285 ,
3142 2220 3203 2286 ἐξ
3233 2216 3298 2275 οὒ
3338 2222 3579 2294 πέφηνεν
3608 2224 3640 2275 ὀ
3672 2223 3838 2286 Υἱὸς.

2238 2298 2353 2362 ἶσος
2385 2317 2446 2355 τε
2474 2307 2566 2356 καὶ
2585 2304 2771 2374 ὅμοιος
2802 2306 2825 2345 ί
2856 2310 2995 2362 κατά
3026 2313 3202 2367 πάντα
3225 2314 3395 2385 αὐτῷ.
3428 2315 3652 2386 Πρόεισι
3682 2316 3743 2368 δὲ
3770 2317 3841 2370 δι’

2238 2388 2443 2461 ἀμφοῖν
2481 2392 2574 2446 καὶ
2606 2394 2670 2448 τὸ
2707 2397 2929 2470 Πνεῦμα
2959 2402 3020 2454 τὸ
3054 2401 3375 2465 ζωοποιοῦν.
3411 2406 3833 2477 Ιιαραδεδόσθαι

2237 2479 2295 2535 δέ
2336 2497 2467 2551 φησι
2497 2482 2588 2536 τὸν
2621 2486 2860 2557 Χριστὸν
2897 2490 2988 2545 διὰ
3040 2493 3109 2547 τὰ
3164 2496 3595 2567 παραπτώματα
3647 2499 3836 2568 ἡμῶν,

2238 2573 2331 2625 καὶ
2360 2572 2659 2645 ὲγηγέρθαι
2690 2577 2779 2632 διά
2805 2579 2905 2651 τὴν
2944 2583 3227 2637 δικαίωσιν
3260 2588 3441 2657 ήμῶν.
3468 2589 3683 2661 Ὥσπερ
3725 2590 3843 2662 γὰρ

2237 2661 2428 2730 γέγονε
2457 2664 2598 2736 ὑπὲρ
2626 2668 2786 2737 ἡμῶν
2814 2668 2873 2725 τὸ
2902 2672 3095 2728 παθεῖν
3124 2677 3288 2731 αὑτὸν
3313 2682 3380 2750 τῇ
3411 2679 3518 2751 ἰδίᾳ
3545 2681 3713 2751 σαρκὶ
3741 2681 3841 2736 τὸν

2238 2750 2488 2817 θάνατον,
2525 2755 2614 2810 ἵνα
2643 2756 2827 2813 λοιπὸν
2853 2762 3093 2836 ἀτονήσῃ
3124 2766 3220 2821 τοῦ
3246 2750 3565 2824 θανάτουίτὸ
3600 2750 3832 2842 κράτος·

2236 2845 2378 2900 οὕτω
2409 2849 2505 2901 καὶ
2534 2848 2737 2905 ἀνεϐίω
2792 2854 2955 2909 πάλιν
3001 2858 3145 2929 ὑπὲρ
3173 2860 3357 2933 ἡμῶν,
3402 2862 3732 2933 ὲγκαινίζων
3776 2866 3841 2917 ἑν

2237 2938 2369 3011 ἡμῖν
2396 2937 2493 3009 τὴν
2518 2941 2599 3004 είς
2626 2941 2938 3015 ἀφθαρσίαν
2966 2948 3225 3003 ἐπάνοδον
3245 2991 3263 3015 ,
3302 2953 3395 3006 καὶ
3426 2954 3526 3024 τῆς
3559 2954 3618 3007 ὲν
3656 2956 3836 3027 ’Λδὰμ

2236 3029 2601 3100 παραόάσεως
2633 3032 2913 3101 ἀφανίζων
2932 3036 3001 3090 τὰ
3034 3038 3358 3110 ἐγκλήματα
3376 3058 3389 3071 ⁸
3418 3041 3834 3113 Δεδικαιώμεθα

2236 3120 2346 3193 γάρ
2390 3122 2449 3174 ὲν
2474 3123 2726 3194 Χριστῷ,
2758 3125 2860 3195 τῆς
2891 3128 2994 3197 μὲν
3042 3130 3275 3200 ἀρχαίας
3303 3131 3518 3202 ἐκείνης
3547 3134 3685 3202 ἀρᾶς
3730 3133 3835 3204 τὴν

2236 3209 2467 3281 δύναμιν
2489 3213 2805 3282 ἀφανίζοντι
2832 3216 2919 3268 διὰ
2942 3218 3043 3287 τῆς
3072 3221 3151 3283 εἰς
3174 3219 3322 3277 ἅπαν
3351 3221 3623 3291 ὑπακοῆς,
3654 3223 3836 3277 ἀπαλ-

2235 3302 2483 3358 λάττοντι
2523 3306 2581 3359 δὲ
2606 3306 2715 3360 τῶν
2746 3308 2991 3380 ἀρχαίων
3025 3312 3366 3383 αἰτιαμάτων
3408 3312 3507 3386 τὴν
3541 3315 3729 3384 φύσιν
3766 3316 3830 3375 οὐ

2232 3394 2343 3468 γὰρ
2390 3397 2646 3467 ἐποίησεν
2693 3402 2972 3473 ἁμαρτίαν
3010 3405 3223 3475 (γέγονε
3272 3407 3331 3460 δὲ
3373 3408 3575 3480 μᾶλλον
3609 3409 3830 3462 εὐδόκιο

2233 3502 2333 3556 μος
2361 3487 2419 3539 ὲν
2450 3489 2632 3560 αὐτῇ),
2656 3492 2833 3547 καίτοι
2864 3498 3341 3571 κατεγνωσμένην,
3383 3501 3638 3573 καθάπερ
3669 3501 3833 3554 εἴποι

2231 3595 2351 3648 μεν,
2387 3581 2443 3635 ὲν
2484 3582 2653 3655 ’Δδάμ
2682 3584 2729 3640 i.

2231 3630 2351 3648 τνι
2392 3630 2434 3635 η
2498 3630 2653 3655 -ψι-
2683 3630 2729 3640 --

539 3632 863 3706 abantiquis
894 3630 1222 3703 criminibus
1254 3648 1602 3713 liberantem.
1644 3659 1936 3718 Peccatum
1970 3682 2207 3739 namque
2234 3672 2439 3727 nullum
2481 3677 2724 3744 admisit,
2793 3683 2887 3734 sed
2926 3683 3071 3735 omni
3137 3685 3294 3739 laude
3355 3684 3550 3756 dignus
3620 3684 3672 3739 in
3704 3685 3831 3757 ipsa

542 3726 637 3757 ...ξι
717 3730 931 3757 λιιλμηε
983 3735 1034 3757 3..
1086 3740 1167 3757 μη,
1244 3741 1258 3753 ο
1302 3742 1315 3755 ο
1435 3747 1449 3757 .
1724 3753 1737 3757 -
1852 3755 1860 3757 .

541 3726 663 3794 mit,
714 3730 931 3789 etiamsi
983 3735 1037 3790 in
1084 3740 1377 3811 principio,

536 3822 721 3879 merit.

609 3913 722 3970 LII.
756 3934 777 3967 τ
810 3918 891 3973 An
922 3920 1206 3992 ignoratis,
1242 3927 1368 3996 quia
1406 3932 1719 4005 quicunque
1750 3938 2006 4009 baptizati
2034 3959 2127 3998 su-

536 4022 660 4063 mus
687 4010 739 4063 in
772 4010 1050 4068 Christum
1086 4013 1297 4085 Iesum,
1332 4022 1384 4076 in
1414 4035 1642 4082 mortem
1659 4028 1829 4099 ipsius
1866 4034 2125 4104 baptizati

537 4102 774 4173 sumus?
803 4102 1120 4174 Consepuiti
1148 4110 1295 4166 enim
1317 4128 1507 4173 sumus
1540 4118 1617 4174 illi
1661 4136 1760 4190 per
1791 4123 2119 4195 baptismum

537 4193 590 4246 in
629 4204 903 4264 mortem;
937 4199 1097 4271 1'73
1128 4211 1185 4257 ut
1217 4209 1489 4275 quomodo
1527 4210 1780 4271 Christus
1819 4193 2122 4276 resurrexit

535 4299 564 4339 τι
596 4287 826 4342 mortuis
857 4303 955 4357 per
984 4290 1211 4359 gloriam
1246 4294 1450 4363 Patris,
1485 4298 1558 4353 ita
1577 4311 1631 4356 et
1654 4318 1754 4359 nos
1790 4306 1842 4360 in
1879 4309 2120 4367 novitate

534 4375 657 4427 vita:
679 4377 1020 4436 ambulemus
1038 4382 1135 4437 ³³.»
1160 4385 1421 4443 Dominus
1445 4400 1629 4449 noster
1659 4393 1818 4451 Jesus
1844 4398 2115 4469 Christus,

536 4465 749 4522 inferno
787 4470 1106 4541 despoliato,
1160 4478 1559 4549 spirituumque
1599 4487 1965 4555 multitudine,
1997 4465 2117 4563 qua:

534 4555 588 4616 in
619 4557 989 4615 subterraneis
1023 4564 1277 4622 claustris
1315 4572 1675 4641 deliuebatur,
1714 4578 1838 4634 inde
1867 4581 2114 4652 liberata,
2149 4561 2192 4615 θ

534 4651 691 4705 tertia
723 4652 810 4707 die
838 4648 1232 4715 ressuscitatus
1261 4664 1481 4729 revixit,
1509 4669 1888 4743 redivivusque
1912 4679 2118 4734 sanctis

532 4743 791 4813 apostolis
854 4747 993 4803 dixit
1037 4768 1050 4803 :
1092 4768 1110 4802 ι
1141 4753 1344 4809 Euntes
1397 4758 1591 4815 docete
1645 4778 1836 4820 omnes
1900 4781 2114 4835 gentes,

531 4831 878 4900 baptizantes
916 4852 1011 4895 eos
1052 4841 1105 4895 in
1152 4844 1376 4901 nomine
1409 4846 1611 4913 Patris,
1641 4862 1693 4907 et
1720 4853 1864 4923 Filii,
1900 4831 1953 4912 et
1988 4860 2113 4929 Spi—

532 4924 671 4978 ritus
701 4929 876 4983 sancti
897 4930 962 4983 “.
994 4930 1129 4987 Cum
1164 4935 1328 5006 igitur
1359 4948 1416 4992 ut
1453 4940 1503 4994 in
1544 4959 1650 4997 uno
1683 4944 1860 5005 Patris
1894 4953 2111 5006 nomine

531 5017 888 5086 haptizamur.
930 5023 1003 5078 ita
1036 5026 1087 5079 in
1121 5044 1226 5081 uno
1259 5045 1475 5101 quoque
1517 5033 1638 5089 Filii
1669 5039 1916 5105 nomine,
1965 5042 2111 5111 ejus-

530 5110 763 5179 demque
815 5126 991 5172 morte
1049 5128 1106 5172 et
1154 5120 1359 5191 Spiritu
1422 5137 1613 5181 sancto
1662 5130 2108 5206 abiuamur:qui

531 5216 695 5257 unum
728 5202 1012 5264 Dominum
1052 5222 1299 5266 nostrum
1344 5213 1531 5272 Jesum
1561 5217 1841 5277 Christum
1882 5225 1934 5279 in
1977 5227 2111 5283 duos

532 5293 671 5352 illius
691 5296 958 5365 dividunt,
993 5301 1380 5376 hominemque
1406 5310 1702 5366 secundum
1732 5314 1902 5370 solam
1937 5317 2109 5388 digni-

531 5386 658 5450 tatis
698 5389 783 5444 vel
814 5394 1155 5451 auctoritatis
1202 5400 1567 5467 aequalitatem
1601 5402 1711 5463 Deo
1751 5386 2104 5476 coniunctum

600 5539 645 5577 ³⁸
678 5537 840 5599 .ioan.
863 5560 923 5613 li,
950 5548 1038 5606 i9.
1116 5550 1162 5584 ³³
1200 5550 1358 5608 Rom.
1387 5569 1461 5623 tv,
1499 5557 1584 5612 l7.
1665 5558 1711 5592 ³³
1736 5557 1892 5617 Rom.
1926 5577 2000 5628 vr,
2035 5562 2147 5617 1-4.

1435 3747 1539 3803 hoc
1584 3761 1669 3806 est
1724 3753 1778 3808 in
1836 3755 2124 3825 Adam,ut
2192 3771 2321 3818 ante
2359 3782 2577 3836 quoque
2623 3769 3027 3839 admonuimus,
3067 3777 3510 3831 condemnationi
3549 3777 3827 3833 obnoxius

2302 3950 2432 4005 NB’.
2484 3972 2503 4004 r
2550 3955 2623 4013 Ἦ
2668 3955 2950 4027 ἀγνοεῖτε,
2991 3960 3074 4012 ὅτι
3112 3962 3227 4017 ὅσοι
3279 3959 3694 4033 ὲὸαπτίσθημεν
3741 3965 3826 4031 είς

2228 4036 2464 4112 Χριστὸν
2507 4043 2733 4116 Ἰησοῦν,
2765 4049 2845 4112 είς
2884 4048 2976 4102 τὸν
3022 4050 3252 4106 θάνατον
3280 4052 3446 4106 αὑτοῦ
3478 4054 3824 4126 ἐϐαπτίσθηο

2231 4151 2362 4204 μεν;
2394 4136 2787 4210 Συνετάφημεν
2816 4135 2909 4197 οὖν
2938 4141 3089 4214 αὐτῷ
3113 4143 3201 4197 διά
3220 4143 3313 4197 τοῦ
3343 4145 3719 4217 βαπτίσματος
3740 4148 3824 4213 είς

2222 4226 2315 4279 τὸν
2356 4226 2608 4282 θάνατον’
2637 4229 2728 4285 ἵνα
2759 4231 2948 4306 ὥσπερ
2976 4234 3188 4305 ἠγέρθη
3230 4236 3467 4308 Χριστὸς
3503 4236 3566 4289 ὲκ
3601 4237 3820 4307 νεκρῶν

2221 4316 2311 4371 διὰ
2336 4319 2435 4391 τῆς
2458 4320 2618 4394 δόξης
2639 4322 2733 4379 τοῦ
2770 4324 3010 4396 Πατρδς,
3042 4325 3186 4381 οὕτω
3231 4328 3326 4380 καὶ
3349 4329 3509 4399 ἡμεῖς
3542 4329 3599 4382 ἑν
3641 4329 3822 4381 καινό-

2220 4427 2343 4482 τητι
2391 4412 2537 4484 ζωῆς
2578 4418 3063 4488 περιπατήσωμεν.
3109 4437 3127 4469 ι
3172 4420 3231 4474 '0
3260 4420 3464 4491 Κύριος
3501 4419 3658 4491 ἡμῶν
3712 4421 3820 4491 ’1η-

2222 4502 2349 4567 σοῦς
2388 4505 2623 4576 Χριστὸς
2673 4507 2977 4573 σκυλεύσας
3021 4510 3114 4564 τὸν
3154 4511 3310 4582 ᾅδην,
3356 4516 3449 4565 καὶ
3482 4513 3593 4565 τῶν
3634 4515 3819 4566 ἐκεῖσε

2225 4594 2415 4665 μυχῶν
2448 4596 2546 4667 τὴν
2572 4596 2679 4651 τῶν
2709 4599 3143 4671 καθειρχθέντων
3170 4603 3502 4672 πνευμάτων
3533 4604 3821 4669 ἀπολύσας

2223 4683 2455 4754 πὶηθὺν,
2496 4686 2693 4739 ἀνεϐίω
2728 4689 3047 4759 τριήμερος.
3085 4687 3218 4744 Εἶτα
3263 4695 3374 4755 τοῖς
3405 4693 3583 4761 ἁγίοις
3608 4693 3821 4760 ἔφασκε

2225 4772 2531 4844 μαθηταῖςο
2592 4797 2611 4826 ‹
2661 4777 3028 4848 Πορευθέντες
3069 4778 3451 4850 μαθητεύσατε
3514 4782 3694 4835 πάντα.
3751 4782 3820 4833 τά

2221 4862 2374 4936 ἔθνη,
2403 4864 2757 4935 βαπτίζοντες
2786 4869 2984 4933 αὐτοὺς
3013 4866 3095 4934 είς
3136 4870 3198 4924 τὸ
3244 4871 3413 4941 ὄνομα
3438 4871 3533 4929 τοῦ
3574 4874 3817 4943 Πατρὸς,

2218 4956 2312 5009 καὶ
2351 4956 2445 5010 τοῦ
2480 4956 2630 5023 Υίοῦ,
2662 4961 2754 5013 καὶ
2790 4960 2881 5013 τοῦ
2928 4961 3084 5030 ἁγίου
3112 4963 3451 5031 Πνεύματος.
3490 4983 3509 5016 ι
3541 4964 3817 5026 Bantsz-

2226 5043 2367 5114 μεθα
2404 5044 2584 5099 τοίνυν
2604 5046 2790 5119 ὥσπερ
2811 5050 2892 5114 είς
2916 5049 2975 5104 ἓν
3012 5050 3183 5122 ὄνομα
3204 5052 3297 5105 τοῦ
3337 5053 3571 5123 Πατρὸς,
3606 5054 3703 5105 καὶ
3736 5054 3819 5116 εἰς

2223 5134 2282 5191 ἓν
2307 5135 2477 5208 ὄνομα
2492 5137 2587 5191 τοῦ
2615 5139 2979 5207 Υίοῦ,καὶείς
2993 5143 3085 5197 τὸν
3114 5143 3346 5197 θάνατον
3378 5143 3570 5210 αὑτοῦ,
3599 5145 3697 5199 καὶ
3734 5146 3817 5209 είς

2213 5228 2275 5280 τὸ
2304 5229 2529 5302 Πνεῦμα
2559 5232 2619 5285 τὸ
2656 5232 2831 5303 ἅγιον.
2882 5234 3298 5289 Διδασκέτωσαν
3330 5237 3514 5295 τοίνυν
3549 5238 3600 5291 οἱ
3638 5238 3814 5310 διορί-

2212 5318 2398 5384 ζοντες
2430 5323 2515 5385 εἰς
2551 5324 2701 5389 υἱοὺς
2732 5325 2826 5379 δύο
2860 5327 2952 5381 τὸν
2974 5326 3070 5381 ἕνα
3100 5329 3337 5399 Χριστὸν
3374 5328 3474 5383 καὶ
3528 5328 3684 5395 Υίδν,
3720 5330 3816 5384 ἀν-

2213 5408 2434 5482 θρωπόν
2478 5431 2539 5469 τε
2589 5416 2709 5490 Θεῷ
2746 5418 3084 5490 συναφθῖωαι
3139 5420 3392 5493 λέγοντες
3434 5420 3578 5476 κατά
3634 5422 3813 5498 μόνην

2228 5565 2276 5599 ³⁵
2304 5566 2496 5627 Matth.
2529 5585 2722 5640 xxvm,
2780 5574 2866 5631 i9.

1634 5696 1809 5753 Varia:
1840 5697 2101 5757 lectioncs
2133 5703 2338 5762 codicis
2369 5705 2734 5777 Seguieriani.

608 5808 956 5884 ίόμοούσιος.
1038 5822 1051 5871 i
1090 5823 1144 5877 ἐν
1176 5824 1342 5896 ἀργῇ.

1788 5958 1789 5961 η
1802 5948 1861 5960 ιη
