4132 6504
277 289 444 348 5409

1118 287 1210 344 AD
1247 287 1544 345 REGINAS
1583 289 1669 344 DE
1710 280 1936 344 BECTA
1979 279 2136 343 FIDE
2171 278 2432 343 ORATIO
2468 278 2768 344 ALTERA.

3399 103 3553 114 ‘———~.

3428 291 3567 350 HlO

272 402 404 476 τὴν
437 403 656 473 ἰσότητα
681 403 776 474 τῆς
802 403 978 468 ἀξίας,
1004 404 1171 472 ἤγουν
1200 404 1510 466 αὐθεντίας,
1541 403 1888 475 διῃρημένων

1995 400 2162 456 fuisse
2190 404 2544 467 contendunt,
2574 403 2786 458 naturis
2809 401 3025 458 interim
3054 407 3405 477 personisque
3423 410 3564 466 divi--

277 499 414 550 τεῦν
442 495 680 566 φύσεων,
731 497 812 557 είς
842 494 935 547 τὸν
979 495 1126 558 τίνος
1160 495 1403 564 ςοάνατον
1449 494 1882 563 ὲϐαπτισθημεν.

280 587 366 641 El
403 589 502 660 μὲν
531 583 624 641 οὖν
662 586 843 649 ίδικῶς
880 587 961 648 εἰς
1001 587 1093 639 τὸν
1123 585 1218 638 τοῦ
1258 585 1393 638 Θεοῦ
1421 588 1617 656 Λόγον,
1646 602 1886 656 κατηγο-

285 678 544 748 ρήσαμεν
569 675 817 746 ἐναργῶς
841 676 936 744 τῆς
966 675 1247 745 ἀκηράτου
1272 675 1487 743 φύσεως
1523 676 1622 745 τὴν
1652 673 1885 744 φθοράν,

281 768 400 822 καὶ
441 768 812 839 καθοριοῦμεν
851 769 1083 822 θάνατον
1111 767 1210 835 τῆς
1249 769 1390 819 κατὰ
1433 767 1594 835 φύσιν
1626 768 1789 837 ζωῆς.
1822 768 1887 820 El

280 856 356 909 δὲ
385 857 449 928 δὴ
500 860 678 927 φαῖεν,
729 859 813 910 ὅτι
854 855 951 909 τοῦ
992 858 1055 909 ἐκ
1103 856 1363 923 γυναικὸς
1399 856 1506 925 ἰδία
1544 873 1601 908 τε
1651 857 1744 908 καὶ
1782 854 1888 910 ἀνά

287 948 473 1018 μέρος
519 947 614 999 καὶ
653 946 776 1000 καθ’
815 945 1010 1000 ἑαυτὸν
1054 946 1382 1016 νοουμένου,
1417 946 1536 1009 πῶς
1561 946 1624 997 οὐ
1664 945 1888 998 κάκεῖνό

283 1049 465 1101 φασιν
492 1031 815 1100 ἀναφανδὸν,
851 1033 939 1084 ὅτι
976 1032 1190 1096 πάντως
1225 1033 1388 1098 αὐτὸς
1421 1035 1506 1102 εἴη
1543 1034 1608 1086 ἂν
1637 1036 1665 1086 ό
1696 1050 1885 1088 συντε-

282 1124 571 1193 ταγμένος
617 1122 695 1192 τῷ
726 1123 901 1192 Πατρὶ
947 1123 1041 1175 καὶ
1072 1122 1150 1193 τῷ
1184 1125 1328 1192 ἁγίῳ
1377 1125 1695 1195 Πνεύματι,
1742 1125 1882 1196 τάχα

286 1231 404 1267 που
445 1214 540 1266 καὶ
589 1214 916 1278 ὲξωσθέντος
966 1213 1066 1282 τῆς
1097 1213 1332 1286 ἀληθοῦς
1385 1215 1634 1286 υίότητος
1666 1213 1760 1266 τοῦ
1820 1215 1886 1267 ἐκ

286 1304 438 1357 Θεοῦ
466 1304 662 1371 φύντος
688 1303 863 1372 Λόγου
885 1344 901 1370 ,
936 1304 1098 1374 εἰπερ
1125 1304 1242 1357 ἐστὶ
1264 1303 1494 1357 θανάτου
1521 1303 1788 1367 δεκτικὸς,
1825 1297 1887 1358 οῦ

287 1396 396 1446 καὶ
425 1397 506 1456 εἰς
550 1394 640 1448 τὸν
671 1394 904 1448 θάνατον
959 1384 1409 1466 βεϐαπτίσμεδας
1471 1395 1613 1448 Ἀλλ’
1645 1397 1748 1467 ὁρᾷ
1781 1413 1886 1448 που

289 1484 523 1545 πάντως
551 1485 583 1534 ὁ
615 1483 740 1536 νοῦν
769 1484 910 1552 ἔχων
940 1483 1370 1556 διεγηγερμένον
1402 1484 1499 1556 τὴν
1524 1485 1631 1538 τῶν
1664 1483 1887 1538 ἐννοιῶν

289 1573 551 1627 ἀτοπίαν.
608 1573 818 1625 Οὐκοῦν
865 1573 1080 1644 ἀνάγκη
1131 1576 1292 1640 νοεῖν,
1337 1575 1418 1628 ὃτι
1466 1574 1705 1643 γεγονὼς
1760 1573 1886 1627 καθ’

289 1665 450 1732 ἡμᾶς
476 1665 506 1714 ὁ
536 1663 628 1716 τοῦ
668 1662 801 1715 Θεοῦ
836 1663 1009 1730 Λόγος
1034 1702 1048 1726 ,
1093 1667 1260 1734 σαρκί⁵
1290 1664 1560 1718 πέπονθεν
1591 1665 1755 1718 ἑκὼν.
1789 1665 1886 1717 Βε-

291 1751 652 1821 δαπτίσμεοα
701 1754 812 1820 γάρ
860 1751 1033 1815 οὕτως
1068 1753 1148 1814 είς
1186 1753 1277 1806 τὸν
1309 1754 1473 1808 αὐτοῦ
1511 1753 1758 1821 θάνατον,
1811 1753 1888 1819 ὡς

292 1843 421 1905 ἐνὸς
455 1844 609 1905 ὄντος
642 1843 773 1896 Υἱοῦ
795 1884 809 1908 ,
846 1843 988 1896 κατὰ
1016 1844 1115 1914 μὲν
1148 1845 1246 1915 τὴν
1293 1846 1392 1908 τῆς
1432 1845 1683 1916 θεότητος
1719 1847 1883 1916 φύσιν

294 1934 549 1998 ἀπαθοῦς
570 1976 588 2001 ,
616 1933 862 2006 παθητοῦ
892 1935 948 1988 δὲ
981 1935 1122 1988 κατὰ
1140 1935 1239 2006 τὴν
1266 1939 1464 2006 σάρκα.
1504 1937 1625 1989 "Ott
1651 1937 1706 1990 δὲ
1733 1939 1883 2008 ἡμᾶς

292 2027 381 2088 εἰς
417 2024 714 2094 καινότητα
768 2023 915 2093 ζωῆς
966 2025 1335 2095 μεταπλάττει
1372 2027 1609 2096 Χριστὸς
1654 2027 1743 2080 διὰ
1779 2029 1881 2099 τῆς

293 2115 690 2180 ἀναστάσεως,
723 2113 840 2176 πῶς
873 2113 938 2168 ἂν
967 2115 1260 2168 ἐνδοιάσειέ
1291 2133 1377 2179 τις
1405 2132 1420 2180 ς
1450 2115 1748 2188 παρίστησι
1772 2119 1881 2190 γάρ

292 2206 450 2282 ἡμᾶς
482 2204 658 2273 ἑαυτῷ
690 2221 748 2258 τε
781 2205 874 2257 καὶ
911 2204 988 2275 τῷ
1021 2205 1197 2276 Πατρὶ
1227 2205 1359 2258 ὡσεὶ
1393 2206 1458 2257 ἐκ
1498 2207 1706 2275 νεκρῶν
1747 2205 1883 2275 ξῶνη

281 2287 420 2360 ⁸τας,
477 2297 616 2349 καθὰ
664 2296 976 2366 γέγραπται
1007 2316 1020 2326 ·
1057 2317 1074 2348 ι
1102 2298 1212 2351 Καὶ
1261 2296 1630 2362 ἀποθανόντας
1681 2299 1780 2369 μὲν
1814 2302 1880 2372 τῇ

295 2389 563 2457 ἁμαρτίᾳ.
596 2387 802 2450 ζῶντας
840 2388 895 2440 δὲ
921 2392 986 2458 τῇ
1018 2387 1350 2461 δικαιοσύνῃ.
1398 2409 1416 2438 ι

2001 493 2105 546 sim
2151 493 2591 557 subsistentibus,
2637 493 2672 548 ii
2721 508 2820 550 nos
2861 495 3112 560 doceant,
3155 497 3207 552 in
3260 499 3579 560 utriusnam,

1991 586 2216 632 mortem
2261 579 2517 646 baptizati
2558 581 2753 638 simus.
2781 580 2914 636 Nam
2949 584 2997 638 si
3029 584 3079 639 in
3106 586 3272 642 divini
3304 586 3486 650 Verbi,
3507 597 3570 641 ut

1997 681 2246 722 seorsum
2272 685 2366 738 per
2395 685 2455 724 se
2492 669 2674 726 animo
2703 674 3029 742 concipitur,
3063 663 3291 733 mortem
3323 661 3566 747 baptizaé

1988 765 2072 812 tos
2105 775 2202 812 nos
2238 761 2422 814 dicunt
2445 779 2460 828 ;
2487 760 2882 833 incorruptibili
2910 777 3120 822 natura:
3160 770 3565 840 corruptionem

1990 849 2150 920 plane
2177 851 2500 917 tribuemus,
2539 862 2594 907 et
2625 853 2699 908 illi
2728 857 2818 921 qui
2850 867 3042 928 suapte
3084 869 3275 914 natura
3311 861 3420 916 vita
3459 871 3564 927 est,

1991 945 2220 992 mortem
2271 940 2626 995 ascribemus.
2665 939 2758 996 Sin
2786 952 2966 996 autem
3009 958 3107 1000 nos
3137 945 3190 998 in
3236 945 3376 1001 illius
3409 961 3568 1001 mor-

1989 1034 2100 1082 tem
2131 1028 2342 1087 ablutos
2377 1029 2779 1098 responderint,
2830 1031 2920 1101 qui
2967 1034 3185 1103 proprie
3227 1048 3470 1090 seorsum
3512 1044 3570 1090 et

1988 1135 2086 1190 per
2145 1133 2205 1174 se
2268 1130 2332 1174 ex
2387 1135 2544 1174 sacra
2591 1119 2814 1192 Virgine
2868 1131 3021 1177 altus
3071 1124 3390 1194 intelligitur
3423 1141 3438 1192 ;
3475 1127 3566 1196 qui

1992 1213 2109 1267 lieri
2129 1220 2308 1283 potest
2333 1224 2416 1278 ut,
2447 1213 2593 1268 illum
2626 1215 2848 1270 omnino
2878 1229 3022 1280 esse,
3047 1216 3138 1285 qui
3169 1217 3411 1287 ejusdem
3445 1233 3568 1272 cum

1989 1298 2150 1356 Patre
2198 1309 2252 1355 et
2296 1299 2501 1371 Spiritu
2544 1310 2734 1356 sancto
2789 1303 2999 1358 ordinis
3041 1315 3093 1360 et
3135 1305 3415 1376 dignitatis
3461 1317 3569 1371 est,

1990 1392 2193 1446 diserte
2225 1407 2328 1445 non
2366 1393 2764 1462 proﬁteantur;
2797 1393 3030 1450 fortasse
3075 1388 3239 1451 etiam
3273 1397 3455 1467 genito
3497 1413 3568 1452 ex

1993 1483 2100 1535 Deo
2130 1480 2307 1535 Verbo
2343 1497 2472 1536 vera
2509 1482 2769 1538 liliatione
2800 1485 3055 1552 spoliato,
3086 1487 3130 1540 si
3175 1477 3365 1542 mortis
3400 1502 3570 1556 capax

1991 1572 2079 1627 ille
2105 1582 2212 1638 est,
2241 1572 2292 1626 iu
2339 1570 2495 1639 cujus
2531 1583 2757 1628 mortem
2796 1573 3054 1642 baptizati
3075 1577 3301 1632 sumus?
3327 1581 3396 1632 At
3423 1579 3572 1647 quis,

1990 1679 2194 1734 quaeso,
2219 1665 2305 1718 cui
2343 1664 2504 1718 modo
2535 1679 2688 1718 mens
2713 1665 2910 1733 vigeat,
2945 1670 3287 1723 manifestam
3311 1670 3572 1724 doctrinm

1919 1747 1964 1802 Β
1994 1756 2154 1824 huius
2187 1754 2579 1810 absurditatem
2629 1772 2736 1810 non
2772 1757 3214 1815 animadvertat?
3250 1761 3574 1818 Necessario

1992 1849 2175 1918 itaque
2197 1847 2542 1903 statuendum
2593 1857 2679 1901 est
2721 1847 2816 1902 Dei
2845 1849 3074 1904 Verbum
3099 1850 3277 1907 simile
3311 1853 3466 1909 nobis
3493 1853 3573 1908 fa-

1991 1949 2138 1994 ctum
2167 1953 2289 1994 esse
2341 1950 2680 2009 mortemque
2725 1939 2779 1994 in
2820 1956 2985 1995 carne
3015 1945 3156 1999 ultro
3180 1943 3433 2000 subiisse.
3459 1943 3573 2000 Hac

1989 2030 2133 2084 enim
2163 2029 2377 2084 ratione
2411 2029 2464 2084 in
2502 2038 2729 2084 mortem
2758 2029 2903 2085 illius
2934 2030 3190 2102 baptizati
3211 2049 3420 2101 sumus,
3445 2049 3568 2088 cum

1989 2135 2095 2176 non
2136 2121 2237 2176 nisi
2261 2134 2399 2175 unus
2430 2129 2638 2175 tantum
2672 2119 2746 2175 sit
2780 2119 2970 2188 Filius,
3001 2123 3092 2192 qui
3127 2124 3346 2192 quidem
3377 2139 3574 2179 secun-

1987 2211 2113 2264 dum
2141 2211 2442 2265 divinitatis
2473 2221 2722 2264 naturam
2760 2211 2873 2280 pati
2895 2212 3028 2266 nihil
3054 2214 3251 2282 potuit,
3273 2216 3570 2269 secundum

1993 2305 2281 2357 humanam
2333 2311 2517 2356 autem
2581 2303 2777 2371 potuit.
2829 2303 3078 2358 Tandem
3141 2306 3287 2374 quod
3321 2302 3574 2364 Christus

1993 2409 2090 2463 per
2110 2394 2570 2448 resurrectionem
2607 2394 2657 2446 in
2690 2394 2818 2448 vita:
2855 2395 3153 2448 novitatem
3185 2410 3284 2449 nos
3308 2395 3572 2449 transfor-

297 2491 435 2540 met,
470 2480 518 2532 id
553 2479 604 2531 iu
635 2479 993 2546 quaestionem
1032 2495 1137 2531 non
1175 2481 1340 2534 cadit.
1389 2480 1544 2535 Sistit
1589 2481 1733 2536 enim
1779 2497 1878 2534 nos
1907 2483 2074 2536 veluti
2114 2499 2178 2536 ex
2217 2483 2445 2536 mortuis
2476 2482 2720 2538 viventes
2768 2495 2824 2538 et
2859 2485 2960 2539 sibi
2996 2493 3050 2539 et
3085 2485 3254 2542 Patri.
3296 2485 3572 2555 Scriptum

297 2575 385 2622 est
414 2582 646 2633 namque
693 2583 707 2618 :

370 2661 498 2716 Nl".
540 2680 560 2714 ι
610 2662 674 2716 Ei
710 2661 767 2715 δὲ
806 2661 868 2714 τὸ
909 2661 1134 2732 Πνεῦμα
1162 2661 1254 2714 τοῦ
1300 2662 1616 2732 ἐγείραντος
1671 2662 1882 2733 Ἰησοῦν

297 2754 537 2826 Χριστὸν
571 2755 713 2806 οἰκεῖ
741 2754 798 2806 ὲν
822 2755 977 2822 ἡμῖν,
1012 2753 1040 2803 ὁ
1079 2751 1300 2823 ἐγείρας
1329 2755 1395 2805 ὲκ
1426 2751 1637 2823 νεκρῶν
1676 2751 1887 2823 Ἰησοῦν

298 2845 538 2914 Χριστὸν
571 2842 896 2912 ζωοποιήσει
931 2844 1024 2895 καὶ
1053 2843 1122 2895 τά
1151 2843 1322 2912 Θνητὰ
1347 2841 1576 2911 σώματα
1607 2843 1765 2913 ἡμῶν
1799 2841 1887 2895 διὰ

297 2937 395 2990 τοῦ
435 2934 768 2996 ἐνοικοῦντος
813 2933 978 2985 αὑτοῦ
1008 2933 1326 3003 Πνεῦματος
1367 2935 1424 2985 ἐν
1453 2933 1586 3007 ἡμῖν
1611 2933 1658 2988 κ.
1701 2957 1720 2985 ι
1764 2934 1887 3004 Ζωὴ

303 3029 407 3097 μὲν
440 3028 556 3080 ἐστι
602 3025 743 3079 κατὰ
784 3023 946 3094 φύσιν
979 3025 1008 3075 ὁ
1048 3007 1345 3094 μονογενὴς
1381 3023 1478 3076 τοῦ
1506 3023 1642 3076 Θεοῦ
1683 3023 1884 3092 Λόγοςο

302 3119 491 3188 ἐπειδὴ
509 3119 566 3173 δὲ
597 3117 676 3187 τῷ
707 3116 921 3187 Θανάτῳ
959 3118 1188 3186 κάτοχον
1217 3116 1533 3187 ἠμπέσχετο
1564 3115 1721 3188 σῶμα
1745 3155 1760 3179 ,
1794 3116 1889 3171 καὶ
1917 3147 1960 3201 C

303 3209 487 3278 χάριτι
516 3209 617 3279 μὲν
664 3207 800 3260 Θεοῦ
836 3207 924 3260 διὰ
967 3205 1068 3275 τῆς
1104 3207 1241 3271 ἰδίας
1273 3208 1473 3278 σαρκὸς
1519 3208 1660 3280 ὑπὲρ
1687 3207 1888 3270 παντὸς

303 3299 569 3367 ἐγεύσατο
597 3299 851 3362 θανάτου,
872 3297 1070 3363 θεῖκῶς
1107 3315 1169 3367 γε
1197 3299 1306 3370 μὴν
1339 3299 1563 3360 ἀνεϐίω.
1602 3319 1620 3350 ι
1655 3297 1779 3351 καθ’
1805 3299 1887 3350 ὅτι.

303 3391 403 3444 οῦκ
432 3387 497 3462 ἦν
525 3391 750 3443 δυνατὸν
776 3389 1096 3460 κρατεῖσθαι
1121 3389 1282 3442 αὑτὸν
1315 3389 1405 3440 ὑπ’
1431 3386 1596 3442 αὑτοῦ
1628 3384 1670 3439 ι.
1700 3410 1717 3437 ι
1741 3386 1888 3439 Ταύ-

303 3499 375 3556 τῃ
399 3501 501 3548 τοι,
528 3482 740 3550 κατάγε
764 3483 888 3544 τοὺς
919 3481 1122 3553 ἀρτίως
1139 3481 1272 3551 ἡμῖν
1292 3477 1886 3544 ἀποδοθένταςλόγους,

304 3575 607 3646 ἐγηγέρθαι
647 3575 867 3643 λέγεται
891 3572 1046 3643 παρὰ
1070 3570 1164 3624 τοῦ
1188 3569 1422 3642 Πατρός.
1452 3568 1597 3640 Πλὴν
1623 3570 1798 3623 ἐκεῖνο
1823 3568 1888 3640 δὴ

269 3675 271 3678 ·
304 3664 470 3720 πάλιν
526 3665 661 3735 φέρε
683 3662 748 3733 δὴ
767 3700 785 3727 ,
822 3661 958 3732 φέρε
987 3660 1440 3730 καταθρήσωμεν,
1467 3660 1516 3712 εί
1543 3658 1710 3710 δοκεῖ’
1743 3660 1886 3711 Ζωο-

304 3755 553 3825 ποιήσειν
573 3753 678 3824 ἔφη
703 3755 794 3806 τὸν
817 3751 1036 3824 Πατέρα
1059 3751 1151 3805 καὶ
1168 3750 1237 3803 τὰ
1259 3747 1417 3820 ἡμῶν
1440 3749 1668 3820 σώματα
1687 3748 1774 3802 διὰ
1793 3747 1887 3802 τοῦ

305 3841 625 3913 Πνεῦματος
651 3842 818 3896 αὑτοῦ
841 3840 1183 3903 ἐνοικοῦντος
1207 3841 1265 3893 ὲν
1293 3841 1446 3910 ἡμῖν’
1469 3840 1564 3892 καὶ
1592 3839 1790 3912 ἀληθὲς
1806 3840 1888 3891 ὅτι

304 3934 368 3987 τὸ
385 3932 575 4004 χρῆμά
591 3935 759 3998 ἐστιν,
777 3933 878 3986 οὐκ
901 3933 967 3986 ἂν
991 3931 1281 3985 ἐνδοιάσειέ
1309 3946 1412 3991 τις’
1447 3930 1563 3983 ἀλλ’
1588 3929 1720 3983 αῦτδ
1742 3929 1806 4000 δὴ
1828 3928 1889 3982 τὸ

307 4021 534 4094 Πνεῦμα
547 4023 608 4075 τὸ
625 4021 947 4087 ζωοποιοῦν,
969 4022 1062 4075 καὶ
1077 4020 1242 4073 αὑτοῦ
1258 4021 1398 4074 Πνεῦ
1407 4021 1483 4090 μά
1497 4018 1885 4091 ὲστιΧριστοῦ’

305 4113 616 4186 γέγραπται
646 4113 778 4184 γὰρ,
815 4113 898 4166 ἔτι
927 4131 946 4165 ι
969 4113 1159 4184 Ὑμεῖς
1191 4112 1288 4182 μὲν
1322 4113 1423 4164 οὐκ
1451 4111 1575 4164 ἐστὲ
1605 4113 1662 4165 ὲν
1692 4111 1888 4182 σαρκὶ,

306 4201 425 4256 ἀλλ’
457 4203 514 4255 ὲν
548 4201 843 4275 πνεύματι,
883 4199 1043 4271 εἴπερ
1071 4200 1296 4271 Πνεῦμα
1322 4199 1454 4253 Θεοῦ
1483 4201 1623 4253 οἰκεῖ
1653 4199 1712 4252 ὲν
1739 4201 1887 4271 ὑμῖν.

307 4291 372 4346 Ei
404 4293 462 4346 δέ
489 4310 572 4357 τις
595 4292 820 4364 Πνεῦμα
848 4291 1084 4363 Χριστοῦ
1111 4291 1209 4344 οὐκ
1242 4291 1378 4362 ἔχει,
1411 4283 1569 4354 οὗτος
1603 4291 1703 4344 οὐκ
1743 4291 1890 4345 ἔστιν

306 4385 498 4442 αὐτοῦ.
543 4407 563 4440 ι
615 4387 725 4440 Καὶ
770 4385 933 4439 πάλιν
979 4385 1108 4454 περι⁷
1162 4383 1271 4436 τῶν
1325 4383 1496 4450 ἁγίων
1551 4384 1886 4436 ἀποστόλων

771 2586 789 2618 ι
814 2566 1009 2621 Mortni
1036 2565 1252 2636 quidem
1290 2578 1537 2636 peccato,
1601 2567 1844 2622 viventes
1890 2578 2070 2624 autern
2091 2569 2408 2636 iustitia”.
2447 2588 2466 2620 ι

2062 2661 2196 2719 Llil.
2229 2682 2248 2715 ι
2272 2663 2425 2730 Quod
2451 2662 2496 2717 si
2530 2661 2765 2730 Spiritus
2793 2677 2912 2732 eius
2945 2663 3036 2733 qui
3070 2663 3352 2718 suscitavit
3384 2663 3570 2719 Jesum

1990 2753 2264 2808 Christum
2299 2769 2327 2805 a
2363 2754 2609 2816 mortuis,
2648 2755 2856 2808 habitat
2895 2753 2946 2806 iu
2993 2754 3169 2817 vobis,
3204 2755 3293 2822 qui
3331 2740 3571 2808 suscita-

1991 2845 2068 2899 vit
2097 2845 2280 2899 .lesum
2308 2843 2584 2918 Christth
2617 2859 2646 2896 a
2701 2844 2954 2909 mortuis,
2984 2843 3279 2899 viviﬁcabit
3319 2845 3574 2900 mortalia

1991 2951 2218 3006 corpora
2253 2945 2434 2989 vestra
2476 2951 2571 3004 per
2618 2933 3015 3004 inltabitantem
3051 2935 3316 3003 Spiritum
3346 2937 3465 3003 ejus
3518 2939 3573 2990 in

1991 3029 2144 3084 vobis
2160 3029 2228 3084 ³⁸.
2266 3047 2284 3079 ι
2319 3027 2432 3080 Etsi
2477 3027 2820 3096 unigenitum
2861 3027 2954 3081 Dei
2987 3025 3224 3080 Verbum
3273 3028 3573 3081 secundum

1993 3130 2242 3174 laturam
2267 3119 2374 3171 vita
2400 3127 2516 3171 cst:
2545 3126 2784 3170 attamen
2814 3119 2956 3184 quod
2987 3131 3188 3187 corpus
3217 3118 3376 3170 morti
3399 3118 3573 3171 obnoo

1994 3208 2144 3262 xium
2178 3207 2435 3271 induerit,
2483 3204 2642 3275 174
2683 3204 2856 3272 gratia
2903 3202 2992 3256 Dei
3021 3220 3116 3272 per
3149 3206 3424 3272 propriam
3454 3218 3576 3258 car-

1989 3312 2110 3351 nem
2138 3311 2235 3366 pro
2259 3296 2510 3350 omnibus
2531 3296 2768 3364 gustavit
2798 3302 3030 3347 mortem
3047 3292 3098 3325 "
3127 3309 3142 3358 ;
3173 3308 3359 3346 verum
3389 3293 3573 3348 divina

1989 3388 2194 3441 virtute
2225 3387 2291 3439 ad
2323 3389 2488 3440 vitam
2521 3387 2702 3450 rediit,
2737 3403 2756 3436 ι
2786 3394 3059 3451 quatenus
3089 3384 3426 3454 impossibile
3454 3396 3578 3440 erat

1991 3490 2020 3529 a
2052 3486 2226 3530 morte
2257 3476 2405 3529 illum
2443 3477 2613 3530 teneri
2632 3474 2698 3528 ³⁸.
2731 3493 2751 3528 ι
2782 3473 2864 3530 ()b
2895 3475 2995 3529 bas
3040 3475 3227 3543 itaque
3263 3476 3510 3532 rationes
3539 3493 3574 3533 a

1989 3565 2150 3620 Patre
2185 3581 2214 3620 c
2246 3566 2473 3619 mortuis
2511 3570 2877 3620 ett-suscitatus
2899 3567 3130 3620 dicitur.
3180 3564 3300 3620 Jam
3328 3582 3455 3621 vero
3479 3583 3574 3624 ac-

1991 3666 2198 3721 curate,
2240 3656 2284 3708 si
2319 3656 2554 3719 videtur,
2605 3657 3001 3723 expendamus,
3043 3657 3320 3724 quomodo
3353 3655 3571 3712 Patrem

1992 3747 2239 3801 mortalia
2267 3761 2484 3820 quoque
2520 3757 2704 3801 nostra
2730 3759 2958 3815 corpora
2997 3761 3094 3816 per
3113 3746 3380 3816 Spiritum
3413 3763 3572 3802 suum

1990 3839 2082 3908 qui
2115 3838 2328 3892 habitat
2367 3839 2424 3890 iu
2460 3837 2638 3902 nobis,
2668 3836 3071 3891 viviﬁcaturum
3105 3838 3381 3908 praedicet.
3423 3837 3570 3893 Vivi-

1991 3929 2173 3984 ﬁcabit
2205 3930 2412 3997 itaque,
2445 3943 2621 3997 neque
2655 3928 2721 3983 de
2755 3928 2915 3996 hujus
2945 3930 3021 3984 rei
3043 3928 3278 3984 veritate
3323 3931 3574 3986 dubitare

1991 4023 2170 4077 licet:
2229 4031 2604 4075 verumtamen
2647 4021 2787 4076 idem
2837 4021 2930 4077 ille
2987 4021 3234 4077 viviﬂcus
3295 4022 3570 4092 Spiritus,

1990 4108 2191 4164 Christi
2229 4123 2450 4178 quoque
2489 4107 2733 4179 Spiritus
2763 4117 2866 4164 est.
2920 4107 3199 4180 Scriptum
3251 4120 3336 4166 est
3384 4112 3571 4166 enim:

1996 4217 2016 4252 ι
2053 4201 2160 4256 Vos
2196 4217 2300 4256 uou
2333 4201 2469 4258 estis
2498 4202 2551 4256 in
2577 4216 2766 4268 carne,
2799 4205 2894 4258 sed
2947 4204 3002 4258 in
3051 4203 3282 4273 spiritu;
3313 4205 3357 4259 si
3392 4214 3573 4260 tamen

1993 4290 2230 4362 Spiritus
2254 4293 2346 4348 Dei
2381 4294 2595 4347 habitat
2625 4294 2677 4347 in
2716 4294 2889 4348 vobis.
2926 4294 2984 4349 Si
3021 4295 3146 4364 quis
3186 4306 3367 4350 autem
3399 4296 3574 4364 Spiri-

1993 4392 2103 4438 tum
2147 4385 2352 4441 Christi
2405 4402 2510 4440 uon
2574 4386 2754 4448 habet,
2790 4386 2878 4440 hic
2911 4403 3018 4441 nou
3053 4397 3133 4441 est
3190 4388 3308 4458 ejus
3327 4389 3392 4442 ".
3435 4408 3453 4440 ι
3509 4389 3570 4442 Et

313 4498 333 4530 ι
375 4478 652 4541 Ἐλθόντες
679 4477 735 4530 δὲ
769 4477 908 4529 κατὰ
935 4477 1034 4548 τὴν
1068 4475 1303 4539 Μυσίαν,
1345 4475 1635 4546 ἐπείραζον
1667 4478 1748 4538 εἰς
1788 4478 1887 4545 τὴν

1995 4493 2208 4530 rursum
2246 4481 2310 4532 de
2365 4479 2569 4532 sanctis
2615 4479 2876 4548 apostolis
2929 4480 3004 4532 ita
3063 4480 3340 4535 scribitur.
3387 4499 3404 4530 ι
3433 4479 3568 4534 Cum

307 4569 562 4623 B.Ouviatv
614 4567 985 4640 πορευθῆναι,
1035 4568 1131 4620 καὶ
1184 4567 1284 4619 οὐκ
1337 4568 1520 4620 εἴασεν
1574 4567 1770 4630 αὐτοὺς
1821 4567 1881 4618 τὸ

307 4658 533 4730 Πνεῦμα
584 4658 677 4712 τοῦ
733 4659 934 4728 Ἰησοῦ.
995 4679 1012 4710 ι
1073 4659 1205 4710 Ὅτε
1255 4660 1436 4710 τοίνυν
1489 4659 1620 4711 ἴδιόν
1669 4659 1784 4710 ἐστι
1823 4657 1884 4709 τὸ

308 4752 531 4822 Πνεῦμα
558 4752 652 4806 καὶ
677 4751 840 4804 αὐτοῦ
864 4751 956 4804 τοῦ
988 4751 1387 4822 ἐγηγερμένου,
1419 4752 1598 4804 καίτοι
1627 4750 1719 4803 τοῦ
1746 4749 1880 4802 Θεοῦ

306 4844 401 4896 καὶ
442 4842 654 4913 Πατρδς
692 4841 1082 4906 ζωοποιοῦντος
1130 4843 1278 4911 ἡμᾶς
1325 4844 1384 4894 ἐν
1416 4841 1727 4911 Πνεῦματι,
1765 4841 1883 4905 πῶς

303 4916 453 4988 ἐστιν
490 4933 882 5004 ἀμφιϐάλλειν,
916 4934 996 4986 ὅτι
1040 4934 1356 5005 πέπρακται
1391 4935 1490 5004 μὲν
1536 4935 1664 5004 περὶ
1696 4933 1756 4986 τὸ
1785 4935 1880 4988 ἁν-

307 5027 577 5098 θρὼπινον
615 5030 648 5098 ὴ
679 5027 993 5088 ἀνάστασις,
1025 5026 1299 5098 ὲνήργηκε
1339 5027 1396 5079 δὲ
1425 5027 1486 5079 τὸ
1519 5027 1706 5097 χρῆμα
1743 5025 1882 5094 μετὰ

304 5118 401 5174 τοῦ
421 5119 550 5176 ἰδίου
577 5120 790 5190 Πατρδς
813 5119 840 5170 ὁ
865 5117 924 5185 ἐξ
963 5119 1128 5172 αὑτοῦ
1154 5120 1296 5173 κατὰ
1325 5120 1486 5188 φύσιν
1509 5119 1640 5182 Θεὸς
1672 5117 1845 5186 Λόγος
1865 5154 1881 5179 ,

304 5208 368 5269 οῦ
392 5214 487 5267 καὶ
511 5211 640 5266 ἴδιόν
674 5215 790 5267 ἐστι
817 5213 878 5266 τὸ
905 5210 1132 5282 Πνεῦμα
1161 5213 1222 5266 τὸ
1247 5211 1543 5277 ζωοποιοῦν
1568 5227 1583 5276 ;

377 5436 425 5471 ³⁸
448 5437 600 5491 Rom.
631 5451 708 5500 v1,
738 5434 825 5490 15.

922 5431 1146 5487 “Rom.
1178 5446 1294 5495 vut,
1325 5431 1409 5485 ll.
1488 5429 1531 5459 ³⁷
1570 5427 1732 5482 llebr.
1775 5401 1837 5488 tt,
1871 5426 1932 5480 l9
2034 5425 2079 5456 ³⁸
2107 5425 2227 5478 Act.
2264 5439 2322 5485 ιι,
2351 5421 2442 5476 24.

1987 4567 2269 4620 venissent
2300 4577 2478 4621 autem
2523 4569 2576 4620 in
2603 4565 2856 4636 Mysiam,
2885 4570 3166 4620 tentabant
3199 4567 3275 4620 ire
3297 4567 3348 4620 iu
3381 4565 3572 4635 Bithy-

1992 4659 2173 4722 niam;
2209 4665 2261 4710 ct
2296 4671 2399 4709 oon
2437 4656 2688 4726 permisit
2716 4670 2812 4711 eos
2842 4655 3081 4725 Spiritus
3110 4656 3240 4712 Jesu
3260 4656 3330 4711 ⁸ο.
3375 4674 3394 4706 ›
3431 4654 3568 4710 Cum

1992 4747 2229 4817 Spiritus
2250 4762 2378 4817 ergo
2401 4747 2570 4815 ipsius
2599 4761 2818 4816 quoque
2849 4747 3164 4800 exsuscitati
3195 4745 3446 4816 proprius
3474 4746 3563 4802 sit.

1990 4837 2339 4906 quantmnvis
2389 4837 2533 4891 Deus
2576 4836 2738 4891 Pater
2780 4839 2832 4890 in
2874 4835 3086 4905 Spiritu
3148 4852 3248 4891 nos
3292 4835 3568 4889 viviﬁcare

1989 4927 2229 4989 dicatur;
2257 4925 2377 4993 quis
2409 4925 2650 4993 ambigat
2703 4928 3163 4980 resurrectionem
3192 4925 3242 4979 in
3272 4926 3566 4979 humanam

1988 5027 2234 5070 naturam
2268 5015 2334 5068 ad
2382 5030 2504 5069 eum
2545 5015 2757 5068 modmu
2808 5015 3094 5079 cecidisse,
3135 5023 3193 5068 nt
3227 5030 3346 5068 eam
3386 5023 3565 5066 tamen

1986 5107 2128 5160 Deus
2164 5105 2403 5161 Verbum
2443 5122 2554 5173 una
2604 5121 2726 5159 cum
2765 5107 2944 5170 Patre,
2994 5122 3058 5160 cx
3098 5122 3210 5176 quo
3245 5105 3567 5159 naturaliter

1985 5198 2250 5269 procedit,
2275 5196 2540 5259 elfecerit,
2577 5197 2729 5263 cujus
2759 5198 3007 5252 vivilicus
3034 5197 3123 5252 ille
3159 5198 3400 5268 Spiritus
3440 5211 3566 5266 pro-

1985 5289 2133 5359 prius
2169 5302 2385 5358 quoque
2425 5286 2678 5341 exsistit?

2552 5421 2597 5454 ’θ
2621 5421 2778 5478 Rom.
2812 5439 2937 5490 vut,
2963 5423 3017 5478 9.
3131 5422 3176 5453 ‘°
3207 5422 3325 5476 Act.
3354 5434 3441 5475 .vvr
3505 5419 3561 5477 ”.

1403 5545 1578 5600 νοτία
1596 5542 1861 5599 lectiones
1887 5538 2090 5594 codicis
2122 5537 2480 5609 Seguicriaui.

377 5664 408 5707 ι
441 5666 588 5737 ὑμῖν.
667 5661 684 5701 ι
719 5661 822 5715 ὑπδ
849 5660 941 5716 τοῦ
967 5658 1221 5717 θανάτου.
