4066 6468
598 260 733 317 UH

1585 256 1643 311 S.
1686 254 1961 309 CYRILLI
1996 252 2475 319 ALEXANDRINI
2517 250 2837 306 ABClllEl'.

3734 244 3870 301 Illi

666 386 800 443 LIV.
833 405 851 437 ι
882 385 963 438 An
995 385 1424 455 experimentum
1454 385 1694 452 qumritis
1724 385 1861 454 ejus,
1883 388 1971 455 qui
2006 386 2057 439 in
2089 399 2173 437 me

2347 387 2471 438 NA’.
2516 406 2533 437 ι
2576 387 2638 438 ΕΞ
2670 385 2726 437 δὲ
2770 382 3001 454 δοκιμὴν
3040 384 3253 451 ζητεῖτε
3282 381 3375 433 τοῦ
3425 381 3484 431 ὲν
3518 379 3649 448 ἐμοὶ
3691 390 3732 418 ιι
3770 382 3871 433 λα·-

596 481 834 549 loquitur
860 479 1148 533 Christus:
1178 478 1269 546 qui
1300 477 1352 531 in
1391 476 1545 530 nobis
1584 492 1689 530 non
1719 479 2049 543 inﬁrmatur,
2082 480 2174 531 sed

592 579 785 639 potens
805 577 887 622 est
920 569 973 622 in
1011 568 1208 621 vobis?
1240 567 1374 620 Nam
1406 567 1508 622 etsi
1540 567 1837 622 cruciﬁxus
1871 578 1955 622 est
1987 584 2051 621 ex
2089 569 2174 621 in-

595 661 871 721 ﬁrmitate,
892 659 987 713 sed
1008 658 1141 712 vivit
1166 673 1231 711 ex
1256 657 1458 711 virtute
1486 658 1748 713 Dei.Nam
1777 668 1831 711 et
1856 674 1953 711 nos
1974 658 2173 710 inlirmi

594 767 782 807 sumus
809 751 862 804 in
907 750 1037 804 illo:
1071 751 1163 804 sed
1191 750 1436 803 vivemus
1471 765 1590 801 cum
1630 763 1695 802 eo
1739 764 1804 801 ex
1841 749 2042 800 virtute
2084 747 2173 799 Dei

595 844 649 896 in
672 842 824 896 vobis
847 841 915 893 εί.
940 859 958 892 ι
980 838 1235 895 Nonnulli
1267 854 1454 894 eorum
1484 839 1573 907 qui
1613 840 1980 900 crediderunt,
2008 837 2175 890 offen-

595 933 802 988 sionem
830 933 896 987 de
940 931 1169 986 Domino
1199 939 1387 987 nostro
1417 931 1543 984 Jesu
1575 931 1797 985 Christo
1821 946 1885 982 ex
1917 944 2177 997 quorum-

595 1024 719 1077 dam
775 1022 1121 1077 sermonibus
1164 1024 1341 1090 passi,
1391 1023 1443 1075 in
1496 1022 1761 1091 ejusmodi
1818 1022 2177 1088 cngitationes

597 1115 903 1184 praecipites
928 1115 1176 1169 abieram
1207 1132 1220 1167 :
1261 1114 1317 1167 Si
1353 1128 1512 1166 verus
1545 1114 1683 1167 Deus
1717 1123 1856 1175 eral,
1886 1111 2177 1164 naturalis-

596 1218 700 1272 que
721 1206 1106 1274 omnipotentis
1124 1202 1218 1260 Dei
1240 1204 1882 1268 Filius,enrhomicidaru
1894 1218 1941 1255 ιιι
1986 1216 2177 1255 manus

598 1311 706 1349 non
739 1296 965 1366 eﬂ'ngit?
998 1312 1119 1350 nam
1154 1297 1632 1365 probrosissimam
1662 1297 1712 1349 in
1744 1309 1904 1348 cruce
1947 1302 2175 1347 mortem

596 1386 940 1454 perferendo,
982 1387 1210 1453 intelligi
1268 1402 1372 1439 non
1422 1385 1919 1455 potrSI,quomodo
1940 1394 1994 1438 et
2038 1384 2176 1437 Dens

595 1478 890 1541 exstiterit,
924 1488 979 1532 et
1007 1478 1443 1547 cruciﬁgentinm
1477 1489 1656 1530 tamen
1690 1474 1942 1529 manibus
1996 1490 2177 1529 cesse-

593 1567 684 1632 rit,
716 1568 1029 1636 nostrisque
1071 1567 1485 1620 inﬁrmitatibus
1531 1566 1828 1619 obstrictus
1881 1564 2063 1617 fuerit.
2098 1564 2174 1616 Ad

595 1661 901 1728 huiusmodi
945 1670 1125 1715 autem
1181 1662 1547 1728 cogitationes
1594 1660 1786 1715 beatus
1848 1660 2049 1713 Paulus
2104 1661 2173 1712 ita

2278 478 2497 541 λοῦντος
2542 475 2779 547 Χριστοῦ
2806 515 2819 537 ,
2870 476 2929 538 ὃς
2975 476 3055 537 εἰς
3102 476 3249 543 ἡμᾶς
3296 474 3396 526 οὐκ
3438 472 3700 533 ἀσθενεῖ,
3734 474 3871 524 ἀλλὰ

2276 572 2489 623 δυνατεῖ
2514 581 2541 609 ιι
2568 572 2625 621 ὲν
2658 572 2805 638 ἡμῖν.
2850 568 2961 620 Καὶ
2994 567 3104 636 γὰρ
3166 568 3213 619 εἰ
3251 565 3572 636 ἐσταυρώθη
3614 564 3673 629 ἐξ
3708 566 3874 617 ἀσθε-

2278 662 2461 725 νείας,
2499 661 2633 713 ἀλλὰ
2668 662 2733 729 ζῇ
2781 661 2846 712 ὲκ
2888 659 3171 728 δυνάμεως
3213 656 3370 711 Θεοῦ.
3406 659 3519 710 Kal.
3565 659 3678 727 γὰρ
3712 658 3875 726 ἡμεῖς

2276 752 2612 820 ἀσθενοῦμεν
2651 753 2707 802 ἐν
2754 748 2942 819 αὐτῷ,
2993 748 3130 801 ἀλλὰ
3177 747 3418 817 ζήσομεν
3459 747 3560 799 σὺν
3610 744 3755 814 αὐτῷ
3800 747 3873 797 ἐκ

2276 844 2561 913 δυνάμεως
2604 841 2740 894 Θεοῦ
2794 843 2874 904 είς
2913 841 3078 910 ὑμᾶς.
3113 858 3141 891 ο
3193 838 3680 901 Ἐσκανδαλίζοντό
3725 853 3872 897 τινες

2276 936 2386 986 τῶν
2442 932 2884 987 πεπιστευκότων
2916 932 2996 994 είς
3050 931 3144 985 τὸν
3199 930 3405 1001 Κύριον
3462 930 3624 998 ἡμῶν
3665 928 3869 997 Ἰησοῦν

2276 1026 2367 1079 τὸν
2392 1025 2646 1095 Χριστὸν,
2679 1026 2819 1093 τάχα
2862 1042 2961 1076 που
2990 1022 3167 1091 λόγοις
3193 1024 3305 1084 τοῖς
3337 1022 3493 1092 παρά
3512 1037 3681 1073 τινων
3713 1022 3872 1073 ὲπενο

2277 1117 2595 1187 ηνεγμένοις
2620 1126 2641 1146 °
2698 1115 2833 1186 πρὸς
2906 1114 3114 1177 ἐννοίας
3152 1113 3447 1176 τοιαύτας⁶
3476 1130 3487 1140 ·
3513 1114 3579 1164 Εἰ
3624 1112 3753 1174 Θεὸς
3796 1108 3869 1180 ἦν

2276 1207 2525 1278 ἀληθῶς,
2567 1208 2662 1260 καὶ
2690 1206 2821 1269 Υἱὸς
2866 1205 3007 1259 κατὰ
3041 1209 3204 1269 φύσιν
3245 1204 3339 1257 τοῦ
3371 1207 3554 1258 πάντα
3596 1203 3868 1272 ἰσχύοντος

2276 1300 2444 1364 Θεοῦ,
2480 1299 2598 1364 πῶς
2632 1300 2693 1352 οὐ
2726 1299 2911 1369 διέδρα
2940 1299 3040 1361 τὰς
3072 1296 3182 1351 τῶν
3220 1297 3507 1365 φονὼντων
3541 1294 3860 1358 ὲπιόουλάςς

2277 1392 2395 1454 πῶς
2444 1390 2500 1444 δὲ
2529 1392 2623 1444 καὶ
2655 1391 2959 1460 ἀτιμότατα
2978 1400 3003 1439 P
3030 1389 3123 1442 τὸν
3154 1388 3248 1442 ἐπὶ
3277 1387 3436 1452 ξύλου
3472 1386 3706 1439 θάνατον
3733 1388 3864 1439 ἁνα-

2275 1486 2405 1546 τλάς
2432 1527 2446 1549 ,
2477 1485 2577 1537 οῦκ
2631 1483 2697 1537 ἂν
2738 1485 2914 1534 νοοῖτο
2960 1481 3055 1534 καὶ
3110 1480 3256 1549 μάλα
3311 1480 3540 1542 εἰκότως
3573 1477 3862 1545 ἀσθενῆσαι

2276 1577 2399 1630 καθ’
2437 1576 2585 1644 ἡμᾶς
2606 1617 2620 1640 ,
2644 1574 2740 1627 καὶ
2766 1572 2866 1642 τῆς
2896 1572 3006 1624 τῶν
3041 1570 3418 1633 σταυροῦντων
3455 1569 3723 1640 ἡττῆσθαι
3747 1586 3859 1638 χει-

2281 1670 2393 1739 ρὸς;
2418 1668 2562 1739 Πρὸς
2587 1667 2650 1737 δὴ
2673 1666 2737 1719 τὰ
2766 1665 2943 1719 τοιάδε
2974 1664 3138 1734 φησιν
3171 1666 3199 1716 ὁ
3234 1662 3521 1725 θεσπέσιος
3549 1662 3773 1724 Παῦλος⁹
3798 1661 3859 1712 Et

592 1756 917 1821 respondet:
951 1752 1007 1806 Si
1045 1752 1329 1805 volueritis
1365 1753 1504 1820 apud
1532 1752 1744 1806 animos
1790 1762 2004 1806 vestros
2034 1751 2173 1805 serio

2280 1760 2387 1831 γὰρ
2413 1759 2477 1830 δὴ
2505 1757 2783 1828 βούλοισθε
2824 1755 3140 1827 δοκιμάζειν
3175 1753 3351 1825 ὀρθῶς
3374 1796 3388 1818 ,
3425 1754 3510 1816 τίς
3536 1754 3605 1806 ἂν
3639 1756 3744 1821 εἴη,
3769 1754 3861 1805 καὶ

593 1847 966 1910 considerare,
992 1845 1308 1912 quisnamet
1330 1845 1507 1912 qualis
1528 1845 1709 1913 sitqui
1731 1846 1783 1899 in
1812 1860 1896 1898 me
1918 1844 2175 1913 loquitur,

591 1950 655 1990 ea
683 1936 871 1990 sedulo
906 1944 1248 2005 reputantes,
1266 1950 1389 2003 quae
1414 1936 1481 1989 ad
1506 1950 1603 1989 nos
1637 1946 1905 2005 spectant,
1930 1937 2177 1989 idoneam

592 2044 715 2081 mox
766 2030 893 2082 nodi
943 2028 1103 2097 hujus
1139 2027 1460 2081 solutionem
1510 2029 1811 2097 reperietis.
1866 2029 1981 2082 Non
2033 2028 2175 2082 enim

592 2120 843 2174 inﬁrmus
865 2119 967 2174 fuit
997 2121 1048 2173 in
1069 2121 1246 2184 nobis,
1284 2120 1442 2190 175
1470 2122 1563 2174 sed
1595 2136 1690 2189 per
1723 2120 1982 2188 Spiritum
2018 2133 2174 2173 suum

592 2222 999 2280 praepotentem,
1054 2212 1310 2267 virtutem
1364 2212 1848 2281 eflicacitatemqne
1895 2217 2175 2284 ostendit;

595 2305 752 2358 talem
797 2305 1077 2371 nimirum,
1102 2315 1159 2359 ut
1189 2309 1327 2360 citra
1358 2320 1572 2359 omnem
1609 2305 1983 2363 diﬁicultatem
2010 2326 2178 2381 quos-

592 2400 674 2453 vis
737 2400 1063 2453 irruentium
1127 2398 1486 2452 tentationmn
1546 2397 1777 2465 impetus
1834 2403 2174 2469 pr0pulsare,

592 2470 915 2559 cunctisque
961 2490 1318 2545 afﬂictionum
1368 2488 1661 2543 insnltibus
1722 2489 1972 2544 animose
2025 2493 2174 2546 obsi-

592 2593 737 2637 stere
778 2582 960 2636 liceat.
988 2581 1127 2647 Quid
1162 2582 1336 2650 ergo?
1375 2582 1517 2635 dicet
1543 2582 1765 2649 aliquis,
1798 2597 1829 2636 o
1861 2582 2049 2650 Paule,
2107 2601 2173 2638 an

591 2689 697 2727 non
758 2674 1097 2728 inﬁrmitatis
1142 2673 1401 2727 indicium
1450 2674 1551 2726 fuit
1605 2689 1824 2728 crucem
1865 2677 2178 2732 sustinere?

590 2766 740 2819 Itane
769 2781 900 2820 vero
924 2782 988 2821 ea
1026 2782 1112 2821 res
1158 2767 1374 2820 virtutis
1405 2777 1785 2835 argumentum
1816 2769 2071 2823 exstitit?
2105 2786 2172 2823 an

590 2857 822 2911 divinae?
872 2857 1090 2912 Minime
1140 2858 1405 2926 gentium,
1461 2858 1656 2927 inquit.
1721 2859 1975 2929 Agnosco
2027 2860 2172 2914 enim

591 2947 738 3001 illum
782 2963 950 3002 carne
988 2950 1320 3003 inﬁrmatum
1358 2964 1499 3014 esse,
1545 2966 1736 3005 rursus
1769 2962 1950 3006 autem
1991 2953 2171 3007 divina

588 3037 795 3092 virtute
826 3036 1125 3092 revixisse:
1164 3052 1286 3090 nam
1330 3039 1471 3094 Deus
1510 3049 1703 3093 natura
1751 3052 1892 3097 erat.
1937 3041 2047 3096 Cur
2079 3044 2174 3113 igi-

2284 1852 2447 1914 πόσος
2473 1854 2501 1904 ὁ
2538 1849 2715 1903 λαλῶν
2754 1850 2812 1902 ὲν
2841 1848 2964 1917 ἐμοὶ
2988 1885 3004 1911 ,
3033 1846 3101 1900 τὰ
3140 1847 3264 1899 καθ’
3304 1846 3446 1915 ὑμᾶς
3481 1845 3684 1907 αὐτοὺς
3716 1846 3860 1898 Em-

2281 1943 2537 2013 νοηκὸτες
2563 1981 2577 2005 ,
2612 1940 2942 2010 ἀποχρῶσαν
2981 1938 3241 2008 εὑρήσετε
3285 1938 3386 2006 τὴν
3415 1936 3743 2005 κατάληψιν,
3785 1936 3858 1986 Οὔ

2283 2034 2391 2105 γὰρ
2413 2033 2714 2103 ἠσθένησεν
2758 2034 2816 2083 ὲν
2852 2032 3003 2099 ἡμῖν,
3034 2028 3281 2099 ἀπέφηνε
3308 2028 3365 2080 δὲ
3400 2027 3603 2099 μᾶλλον
3628 2027 3864 2080 δυνατώ-

2279 2142 2441 2178 τατον
2486 2135 2513 2174 τι
2558 2124 2645 2176 διὰ
2698 2122 2791 2175 τοῦ
2836 2123 2966 2175 ἰδίου
3011 2120 3366 2189 Πνεύματος,
3413 2118 3555 2172 ὥστε
3607 2118 3863 2172 δύνασθαι

2281 2216 2483 2278 παντὸς
2507 2213 2986 2283 κατευμεγεθῆσαι
3016 2211 3325 2281 πειρασμοῦ
3350 2213 3446 2265 καὶ
3472 2210 3619 2281 μάλα
3647 2210 3862 2281 ῥαδίως,

2280 2311 2374 2363 καὶ
2404 2310 2522 2371 ταῖς
2550 2307 2659 2359 τῶν
2693 2306 2881 2359 παθῶν
2921 2305 3131 2373 ἐφόδοις
3163 2303 3549 2373 ἀντιφέρεσθαι
3584 2303 3859 2365 νεανικῶς.

2280 2401 2345 2453 Τί
2375 2396 2489 2465 οὖν,
2517 2393 2561 2452 ὦ
2595 2398 2806 2461 Παῦλε,
2839 2399 2973 2467 φαίη
3004 2415 3087 2460 τις
3114 2397 3202 2461 ἂν,
3255 2398 3354 2449 οὐκ
3387 2396 3673 2459 ἀσθενείας
3709 2396 3864 2466 ἔργον

2280 2493 2385 2564 φὴς
2412 2487 2553 2545 εἶναι
2593 2491 2653 2543 τὸ
2683 2492 2975 2559 ὑπομεῖναι
3018 2488 3271 2559 σταυρὸν,
3310 2488 3426 2541 ἀλλ’
3460 2486 3688 2550 ἔνδειξιν
3726 2484 3859 2538 εἶναι

2277 2585 2341 2636 τὸ
2370 2584 2557 2654 χρῆμα
2585 2582 2901 2650 δυνάμεως;
2926 2576 2995 2633 *Α
3010 2597 3076 2650 ρα
3115 2580 3215 2649 τῆς
3245 2579 3587 2651 θεοπρεποῦς
3613 2596 3628 2643 ;
3654 2580 3865 2648 Οῦμενο

2276 2673 2392 2739 οῦν,
2430 2672 2620 2741 φησίν.
2652 2671 2934 2741 Ὀμολογῶ
2960 2671 3067 2738 γὰρ
3096 2672 3257 2724 αὑτὸν
3288 2670 3652 2740 ἠσθενηκέναι
3686 2674 3860 2742 σαρκὶ,

2278 2764 2444 2834 ζῆσαι
2466 2763 2523 2816 δὲ
2550 2763 2714 2816 πάλιν
2740 2764 2803 2814 ὲκ
2824 2762 3109 2831 δυνάμεως
3132 2760 3291 2815 Θεοῦ’
3313 2760 3445 2823 Θεὸς
3464 2762 3575 2832 γάρ
3596 2757 3666 2832 ἦν
3688 2762 3858 2829 φύσει.

2277 2856 2402 2919 Πῶς
2424 2852 2516 2908 οῦν
2539 2856 2805 2924 ἠσθένησε
2832 2870 2845 2918 ;
2871 2855 3242 2925 Συγχωρήσας
3269 2854 3347 2922 τῷ
3379 2854 3497 2923 ἰδίῳ
3528 2854 3745 2924 σώματι
3776 2854 3863 2906 καὶ

2278 2947 2511 2999 θανάτου
2534 2947 2836 3013 γεύσασθαι
2865 2946 2931 2998 δι’
2982 2947 3167 3015 ἡμᾶς,
3205 2964 3222 2997 ‹
3275 2945 3364 2998 ἵνα
3389 2945 3477 2998 διά
3510 2945 3608 2999 τοῦ
3641 2946 3861 3000 θανάτου

2278 3040 2600 3109 καταργήσῃ
2629 3038 2721 3090 τὸν
2752 3038 2813 3090 τὸ
2838 3038 3037 3108 κράτος
3072 3036 3261 3106 ἔχοντα
3293 3036 3387 3088 τοῦ
3416 3036 3654 3090 θανάτου
3673 3078 3687 3099 ,
3714 3052 3859 3089 τουτ-

596 3138 707 3192 tur,
735 3138 829 3182 aut
858 3129 1130 3196 quomodo
1159 3130 1466 3183 inﬁrmatus
1510 3132 1636 3185 est?
1678 3134 1956 3200 proprium
2003 3134 2170 3188 etiam

2278 3128 2392 3181 ἐστι
2430 3129 2522 3181 τὸν
2580 3128 2851 3193 διάϐολον,
2885 3128 2979 3179 καὶ
3010 3127 3293 3197 ἀπαλλάξῃ
3325 3126 3549 3190 τούτους
3582 3129 3699 3180 ὅσοι
3724 3127 3860 3197 φόϐῳ

589 3232 787 3287 corpus
810 3227 1039 3271 mortem
1066 3218 1235 3271 nostri
1267 3232 1429 3271 causa
1461 3219 1749 3287 degustare
1780 3223 1990 3288 sinens,
2021 3244 2040 3276 ι
2067 3240 2173 3294 quo

593 3307 851 3361 nimirum
899 3320 997 3375 per
1035 3319 1266 3363 mortem
1300 3308 1602 3363 destrueret
1661 3326 1783 3364 eum
1844 3314 1933 3381 qni
1979 3319 2173 3370 mortis

591 3400 825 3454 habebat
862 3401 1175 3470 imperium,
1216 3400 1321 3456 hoc
1351 3411 1435 3455 est
1470 3401 1782 3465 diabolum;
1828 3414 1881 3457 et
1915 3406 2175 3461 liberaret

589 3504 686 3546 eos
707 3491 797 3560 qui
830 3491 1027 3546 timore
1048 3491 1241 3546 mortis
1264 3506 1361 3561 per
1387 3500 1554 3544 totam
1582 3493 1988 3549 vitamobnoxii
2016 3508 2173 3551 erant

589 3582 919 3637 servituti“.
961 3601 980 3634 ι
1017 3582 1151 3637 Cum
1180 3583 1348 3652 igitur
1383 3581 1595 3637 modica
1621 3586 1916 3640 secundum
1951 3602 2171 3644 carnem

590 3670 880 3726 inﬁrmitas
914 3672 998 3727 his
1040 3672 1234 3728 salutis
1257 3687 1425 3728 causa
1465 3674 1739 3729 exstiterit
1765 3677 1854 3746 qui
1888 3677 1989 3731 sub
2033 3679 2173 3733 cmlo

588 3768 733 3824 sunt,
758 3761 1029 3827 quomodo
1058 3776 1161 3815 non
1207 3761 1409 3831 oppido
1440 3762 1666 3817 decebat
1716 3774 1914 3819 uteam
1948 3767 2171 3822 inﬁrmi-

588 3860 755 3904 tatem
820 3852 1052 3917 subiret,
1096 3868 1205 3923 quo
1268 3864 1501 3907 mortem
1544 3856 1889 3912 destrueret?
1953 3863 2172 3928 proprio

588 3941 788 4011 templo
823 3942 1020 3997 iterum
1052 3944 1345 4010 viviﬁcato,
1381 3946 1636 4000 omnibus
1683 3948 2029 4002 admirationi
2067 3961 2169 4016 est,

589 4049 699 4090 non
734 4050 830 4103 per
861 4036 1041 4090 carnis
1075 4036 1473 4099 inﬁrmitatem,
1522 4039 1614 4092 sed
1661 4054 1758 4108 per
1794 4040 2049 4094 virtutem
2086 4043 2171 4093 di-

586 4127 766 4180 vinam
799 4127 901 4181 hoc
924 4137 1220 4196 praastans:
1249 4146 1267 4179 ‹
1295 4128 1390 4184 Εει
1416 4129 1559 4183 enim
1590 4129 1678 4183 ille
1703 4131 1876 4185 Patris
1908 4132 2075 4186 virtus
2099 4135 2169 4199 ⁸³,

586 4227 638 4273 et
670 4220 1002 4273 resurrectio
1059 4228 1115 4273 et
1169 4220 1362 4273 vita“.
1395 4238 1413 4269 ι
1468 4219 1609 4274 Vivit
1668 4221 1852 4290 itaque
1921 4237 2168 4292 semper;

587 4311 697 4362 vita
732 4326 964 4379 namque
1010 4321 1112 4366 est.
1147 4310 1333 4380 Neque
1362 4314 1716 4368 dubitandum
1771 4325 1855 4369 est
1910 4319 2040 4386 quin
2072 4335 2169 4374 nos

590 4415 804 4468 quoque
834 4401 962 4454 olim
996 4403 1099 4455 vita
1142 4418 1266 4457 eum
1301 4404 1391 4457 illo
1422 4404 1637 4459 fruitnri
1677 4406 1869 4470 simus,
1905 4409 1993 4477 qui
2029 4426 2169 4465 nunc

2277 3220 2507 3273 θανάτου
2536 3220 2624 3272 διὰ
2654 3221 2856 3283 παντὸς
2881 3219 2977 3273 τοῦ
3014 3219 3117 3290 ζῇν
3152 3220 3325 3289 ἔνοχοι
3363 3214 3506 3290 ἦσαν
3534 3220 3797 3282 δουλείας.
3832 3239 3851 3269 θ

2279 3314 2407 3364 Ὅτε
2434 3312 2615 3365 τοίνυν
2655 3312 2713 3363 τὸ
2742 3311 3039 3382 ἀσθενῆσαι
3069 3312 3266 3382 βραχὺ,
3304 3312 3446 3365 κατά
3468 3329 3533 3378 γε
3566 3312 3670 3383 τὴν
3696 3314 3859 3382 σάρκα

2277 3403 2456 3471 φημὶ,
2492 3403 2766 3473 σωτηρίας
2809 3398 2878 3472 ἦν
2926 3402 3199 3474 πρόφασις
3243 3404 3355 3464 τοῖς
3384 3403 3491 3454 ἀνά
3539 3404 3722 3455 πᾶσαν
3766 3404 3858 3473 τὴν

2276 3494 2369 3545 ὑπ’
2400 3494 2651 3562 οὐρανὸν,
2702 3493 2821 3555 πῶς
2863 3492 2964 3545 οὐκ
3011 3493 3119 3545 ἔδει
3178 3493 3371 3546 παθεῖν
3421 3494 3521 3564 τὴν
3556 3494 3854 3551 ἀσθένειαν,

2276 3586 2362 3637 ἵνα
2394 3585 2459 3637 δι’
2491 3585 2663 3654 αὐτῆς
2697 3587 3025 3657 καταργήσῃ
3072 3586 3163 3637 τὸν
3212 3585 3477 3651 θάνατον;
3507 3587 3853 3657 Θαυμάζεται

2274 3678 2436 3730 πάλιν
2461 3678 2552 3729 τὸν
2583 3676 2776 3730 ἑαυτοῦ
2805 3676 3152 3747 ζωοποιήσας
3174 3676 3301 3730 ναὸν
3323 3716 3337 3739 ,
3364 3677 3465 3729 οὐκ
3486 3678 3549 3742 ἐξ
3580 3678 3852 3738 ἀσθενείας

2272 3766 2430 3819 τοῦτο
2484 3764 2765 3836 κατορθῶν
2816 3766 3127 3836 σαρκικῆς,
3172 3767 3285 3818 ἀλλ’
3336 3766 3410 3826 ὡς
3459 3769 3526 3818 ὲκ
3576 3768 3851 3836 δυνάμεως

2274 3858 2430 3912 Θεοῦ·
2468 3856 2661 3910 «Ἔστι
2684 3858 2739 3909 δὲ
2768 3858 2928 3921 αὐτὸς
2958 3860 2990 3928 ἡ
3016 3858 3248 3928 δύναμις
3273 3858 3369 3911 τοῦ
3402 3859 3642 3928 Πατρὸς,
3672 3862 3706 3930 ὴ
3736 3859 3849 3911 ἀνάο

2276 3969 2463 4014 στασις
2489 3952 2636 4021 καὶὴ
2667 3952 2836 4021 ζωή.»
2873 3955 2951 4022 Ζῇ
2978 3950 3269 4021 τοιγαροῦν
3287 3951 3530 4023 ἀεί·ζωὴ
3560 3954 3671 4024 γάρ
3696 3956 3843 4005 ἐστιν.

2276 4047 2398 4098 Ὅτι
2426 4044 2482 4097 δὲ
2512 4044 2606 4096 καὶ
2647 4046 2806 4113 ἡμεῖς
2838 4043 3077 4114 ζήσομεν
3108 4044 3204 4097 σῦν
3240 4043 3390 4113 αύτῷ
3411 4084 3426 4107 ,
3460 4046 3846 4117 συιησθενηκό-

2273 4151 2362 4197 τες
2389 4134 2538 4203 αὐτῷ
2563 4174 2577 4197 ,
2612 4136 2754 4187 κατά
2784 4150 2847 4200 γε
2880 4133 2941 4185 τὸ
2973 4132 3340 4204 ἀποθνήσκειν
3372 4136 3545 4199 τέως,
3584 4137 3635 4187 εί
3676 4139 3763 4189 καὶ
3798 4138 3849 4187 ἐν

2274 4227 2486 4278 ἐλπίσιν
2515 4224 2682 4293 ἐσμὲν
2708 4226 2805 4293 τῆς
2829 4226 2910 4288 είς
2935 4224 3109 4277 αἰῶνα
3146 4226 3318 4296 ζωῆς,
3356 4226 3475 4291 πῶς
3510 4228 3659 4280 ἐστιν
3691 4230 3845 4298 αμφι-

2274 4318 2487 4382 6αλεῖν;
2533 4316 2758 4369 Ἀνεϐίω
2786 4316 2896 4387 γὰρ
2923 4319 2987 4369 ἐκ
3017 4317 3228 4386 νεκρῶν
3254 4359 3269 4384 ,
3315 4318 3433 4381 ὁδὸς
3474 4322 3558 4383 εἰς
3593 4320 3739 4391 ζωὴν
3767 4338 3846 4389 γει

2272 4409 2444 4478 γονὼς
2486 4410 2553 4477 τῇ
2604 4409 2785 4477 φύσει.
2838 4407 3068 4478 Εἴρηται
3114 4408 3225 4480 γὰρ
3274 4410 3627 4480 πρωτότοκος
3673 4415 3736 4465 ἐκ
3772 4431 3845 4465 νε-

589 4490 753 4545 simul
770 4505 889 4545 cum
910 4491 999 4545 illo
1019 4493 1332 4548 inﬁrmitate
1348 4495 1618 4565 jactamnr
1639 4508 1866 4553 mortem
1892 4500 2166 4568 obeundo,

2276 4500 2442 4571 κρῶν,
2482 4518 2522 4565 »ε
2556 4501 2652 4552 καὶ
2689 4518 2706 4548 ι
2736 4498 2957 4569 ἀπαρχὴ
2987 4498 3097 4551 τῶν
3128 4502 3570 4570 κεκοιμημένων.
3614 4522 3632 4551 ι

587 4584 835 4650 qnamvis
880 4594 1027 4639 certa
1078 4596 1293 4641 eterna:
1348 4604 1443 4657 spe
1502 4599 1889 4648 sustentemnr.
1941 4594 2156 4652 Revixit
2194 4598 2339 4654 enim
2388 4611 2453 4649 ex
2546 4593 2798 4657 mortuis,
2857 4603 3063 4648 naturae
3124 4604 3327 4649 nostra:
3419 4596 3523 4649 iter
3576 4597 3645 4649 ad
3694 4599 3840 4650 vitam

586 4675 877 4729 muniens:
947 4678 1248 4745 appellatus
1319 4690 1404 4734 est
1472 4682 1615 4735 enim
1688 4706 1707 4735 ι
1760 4687 2159 4756 primogenitus
2197 4707 2264 4747 ex
2333 4688 2563 4742 mortuis
2584 4688 2651 4753 ⁸³,
2681 4706 2698 4739 ι
2739 4697 2795 4740 et
2836 4705 2853 4737 ε
2898 4688 3153 4756 primitia:
3185 4688 3572 4742 dormientium
3598 4689 3710 4743 “.n

657 4764 766 4818 LV.
804 4783 822 4816 ι
857 4765 1015 4821 Nunc
1046 4768 1225 4821 anima
1278 4784 1393 4823 mea
1427 4772 1641 4825 turbata
1672 4783 1776 4826 est.
1813 4774 1875 4827 Et
1927 4777 2055 4844 quid
2088 4780 2167 4831 di-

584 4856 753 4911 cam?
786 4856 965 4922 Pater,
1008 4859 1153 4912 salva
1202 4874 1287 4914 me
1320 4875 1385 4914 ex
1423 4861 1528 4916 hac
1572 4864 1725 4918 hora.
1786 4863 1896 4920 Sed
1947 4878 2168 4937 propter

588 4947 690 5000 hoc
728 4949 847 5000 veni
889 4948 943 5002 in
986 4950 1173 5003 horam
1222 4956 1362 5007 hanc
1384 4953 1450 5007 ".
1492 4972 1509 5005 ι
1544 4984 1607 4994 -
1654 4975 1671 5005 ι
1706 4955 1893 5023 Pater,
1927 4960 2165 5014 clariﬁca

586 5033 781 5090 Filium
819 5048 967 5093 tuum
989 5040 1055 5093 “'.
1091 5059 1110 5092 ι
1164 5042 1230 5095 Et
1257 5044 1364 5097 alio
1397 5044 1513 5100 loco
1566 5062 1810 5103 rursum:
1853 5070 1871 5101 ‹
1909 5049 1970 5104 Et
1999 5054 2168 5119 coepit

588 5128 902 5184 contristari
955 5142 1009 5185 et
1058 5144 1286 5189 nnestus
1337 5150 1479 5204 esse,
1516 5147 1569 5192 et
1620 5140 1792 5194 dixit:
1839 5141 2037 5197 Tristis
2085 5153 2168 5198 est

668 5280 706 5313 “
741 5283 779 5335 ll
809 5284 937 5339 Cor.
973 5303 1091 5346 xm.
1121 5289 1175 5351 5.
1205 5289 1258 5343 4.

1335 5292 1379 5323 ⁸⁸
1408 5292 1571 5349 Hebr.
1608 5311 1646 5355 ι,
1676 5296 1765 5360 14,
1802 5297 1888 5350 15.

593 5366 681 5417 ιν,
709 5355 800 5409 20.

880 5356 923 5387 ⁸⁷
959 5355 1114 5412 Juan.
1160 5376 1255 5424 χιι,
1287 5360 1375 5414 27.
1458 5364 1501 5393 ⁸⁸
1527 5363 1682 5420 Joun.
1724 5355 1856 5431 x'vu,
1896 5370 1945 5421 1.

1970 5298 2015 5329 ⁸³
2044 5298 2059 5350 Ι
2093 5298 2218 5354 Cor.
2254 5299 2409 5360 1.2L

2341 4778 2469 4829 NE'.
2507 4794 2524 4828 ε
2553 4776 2667 4829 Νῦν
2702 4778 2735 4845 ἡ
2764 4777 2910 4847 ψυχή
2941 4793 3043 4846 μου
3072 4776 3431 4847 τετάρακται.
3465 4781 3579 4834 Καὶ
3601 4782 3657 4833 τί
3681 4782 3839 4844 sim;

2271 4870 2453 4939 Πάτερ
2478 4909 2492 4932 ,
2526 4868 2697 4921 σῶσόν
2745 4885 2813 4936 με
2858 4869 2922 4920 ἐκ
2974 4868 3074 4939 τῆς
3117 4868 3267 4938 ὦρας
3302 4872 3530 4941 ταύτης.
3580 4872 3744 4925 Ἀλλὰ
3769 4870 3843 4923 διὰ

2269 4959 2429 5012 τοῦτο
2452 4955 2614 5029 ἦλθον
2636 4961 2714 5022 εἰς
2730 4959 2829 5029 τὴν
2849 4959 3005 5031 ὥραν
3031 4961 3258 5030 ταύτην.
3273 4981 3395 5012 ι-ι
3409 4963 3616 5033 Πάτερ,
3638 4962 3840 5028 δόξασόν

2272 5071 2367 5109 σου
2397 5053 2649 5106 τὸνΥίόν.
2691 5071 2709 5103 ι
2746 5054 2857 5106 Καὶ
2881 5052 3065 5106 πάλιν
3100 5071 3118 5105 ι
3150 5054 3392 5124 Ἤρξατο
3425 5056 3735 5121 λυπεῖσθαι,
3762 5054 3840 5109 καὶ

2270 5145 2581 5215 ἀδημονεῖν,
2623 5145 2716 5197 καὶ
2746 5144 2946 5212 λέγειν·
2977 5145 3289 5215 Περίλυπός
3328 5148 3477 5200 ἐστιν
3512 5149 3545 5218 ἡ
3576 5149 3726 5220 ψυχή
3755 5164 3837 5219 μου

2489 5300 2533 5330 ⁸⁸
2564 5298 2718 5355 Joan.
2751 5315 2827 5367 xi,
2854 5300 2946 5354 25.
3026 5302 3068 5332 ⁸⁵
3103 5301 3316 5360 Coloss.
3361 5319 3400 5369 ι,
3441 5305 3525 5360 l8.
3608 5307 3654 5339 ⁸⁸
3690 5309 3836 5362 lCor.

1705 5500 1877 5555 Varia:
1910 5503 2171 5558 lectiones
2203 5504 2412 5560 codicis
2435 5504 2800 5564 Seauiertani.

658 5645 706 5675 ⁸³
731 5638 884 5709 ἡμῖν.
957 5651 983 5678 ι
1010 5638 1277 5693 ἀδυνατεῖ.
1354 5648 1379 5676 ο
1412 5640 1850 5712 ὲπενηνεγμένοι.

1934 5657 1960 5693 P
1997 5644 2351 5714 ἀτιμότατον.

2433 5657 2459 5695 q
2490 5646 2920 5715 δυνατωτάτους,
2950 5647 3081 5720 [vel]
3128 5649 3526 5722 δυνατωτάτην.
