4132 6482
272 252 413 311 1M3
1091 255 1182 310 AD
1221 253 1523 310 RECINAS
1561 252 1651 308 D'E
1690 254 1861 311 REC‘I

1960 257 2118 312 FIDE
2153 261 2413 320 OliATlO
2451 268 2752 323 ALTERA.
3396 271 3540 330 ιιιι

268 372 376 437 ἕως
420 373 680 428 Θανάτου.
738 393 755 426 ι
793 375 905 429 Καὶ
948 374 1130 429 πάλιψ
1188 396 1207 428 ι
1250 378 1363 430 Καὶ
1393 378 1650 446 φωνήσας
1699 381 1851 448 φωνῇ

1960 382 2136 436 anima
2168 398 2288 438 mea
2317 401 2487 455 usque
2518 390 2583 443 ad
2622 398 2848 447 martem
2867 391 2936 447 θ’.
2978 412 2994 444 ι
3031 393 3093 447 Et
3125 396 3375 449 rursum:
3414 415 3433 447 ι
3470 397 3538 452 Et

271 464 482 533 μεγάλῃ
531 467 559 517 6
619 465 868 535 Ἰησοῦς,
923 461 1080 520 εἷπε·
1134 469 1355 539 Πάτερ,
1416 471 1497 531 εἰς
1541 470 1728 538 χεῖράς
1761 486 1854 521 σου

269 555 614 626 παρατίθημι
639 566 661 595 ι’
688 557 749 610 τὸ
773 558 995 629 πνεῦμά
1023 576 1147 629 μου.
1182 579 1200 611 ι
1233 562 1297 612 Oi
1321 560 1424 629 τῆς
1474 560 1854 629 Ἀπολιναρίου

266 645 425 716 δόξης
473 646 779 717 ἡττώμενοι
839 652 932 703 καὶ
983 651 1053 703 τὰ
1113 650 1262 719 αὑτῴ
1316 650 1579 703 δοκοῦντα.
1638 654 1857 721 φρονεῖν

268 736 544 807 ᾑρημένοι
565 778 580 802 ,
613 737 959 807 ἐνιστάμενοι
992 757 1051 792 τε
1095 742 1190 793 καὶ
1219 740 1471 808 λέγοντες
1491 780 1506 803 ,
1543 740 1749 809 ἄψυχόν
1795 759 1856 793 τε

269 831 364 881 καὶ
388 831 550 883 ἄνουν
581 830 851 900 ὑπάρχειν
889 831 980 883 τὸν
1006 831 1278 885 ἐνωθέντα
1316 832 1394 901 τῷ
1434 832 1589 899 Λόγῳ
1616 832 1760 896 ναὸν,
1805 832 1856 884 τί

267 916 334 987 δὴ
363 916 472 989 ἄρα
516 922 673 986 φαῖεν
702 920 790 986 ἂν,
836 921 1193 992 γεγραφότων
1234 923 1367 993 ἡμῖν
1405 923 1476 976 τὰ
1524 922 1704 975 τοιάδε
1747 921 1857 973 τῶν

274 1011 451 1078 ἁγίων
477 1011 881 1080 εὐαγγελιστῶν
905 1030 967 1065 πε
978 1013 1033 1086 pl.
1057 1013 1150 1066 τοῦ
1174 1014 1391 1067 πάντων
1417 1013 1575 1084 ἡμῶν
1605 1013 1858 1083 Σωτῆρος

269 1102 547 1173 Χριστοῦς
577 1103 776 1167 Πτοίας
808 1105 908 1175 μὲν
939 1107 1050 1178 γὰρ
1071 1146 1086 1171 ,
1119 1108 1216 1159 καὶ
1254 1107 1430 1177 λύπης
1450 1148 1465 1170 ,
1507 1108 1604 1161 καὶ
1639 1108 1748 1161 τῶν
1777 1110 1859 1171 εἰς

268 1192 475 1246 δειλίαν
521 1195 867 1264 αἰτιαμάτων
901 1198 1254 1263 ἀνεπίδεκτος
1300 1199 1583 1261 παντελῶς
1633 1199 1718 1269 εἴη
1767 1197 1854 1263 ἂν,

269 1285 417 1338 κατά
440 1302 504 1353 γε
530 1286 591 1338 τὸ
619 1286 789 1351 εἰκὸς,
819 1288 852 1357 ἠ
886 1288 1006 1341 θεία
1039 1306 1099 1341 τε
1134 1294 1229 1343 καὶ
1256 1291 1517 1344 ἀνωτάτω
1552 1290 1646 1343 τοῦ
1680 1290 1857 1358 Λόγου

271 1375 455 1444 φύσις.
484 1377 892 1448 Παραιτήσεται
931 1379 1041 1450 γὰρ
1069 1383 1146 1443 είς
1175 1380 1321 1434 ἆπαν
1359 1382 1421 1434 τὸ
1463 1380 1520 1433 ἓν
1557 1397 1621 1449 γε
1649 1381 1860 1443 τούτοις

271 1463 413 1522 εἶναί
443 1483 574 1520 ποτε
595 1508 610 1532 ,
636 1468 731 1521 καὶ
760 1468 950 1523 παθῶν
974 1470 1111 1534 ὅλως
1149 1470 1257 1524 τῶν
1308 1472 1430 1525 καθ’
1455 1474 1606 1542 ἡμᾶς
1634 1474 1735 1525 ούκ
1767 1472 1860 1524 ἁν-

272 1558 474 1626 έξεται.
511 1557 681 1631 Σῶμα
711 1560 769 1614 δὲ
815 1562 982 1615 πάλιν
1013 1561 1218 1632 ἄψυχόν
1254 1580 1316 1616 τε
1362 1564 1456 1616 καὶ¹
1478 1564 1637 1617 ἄνουν
1663 1562 1762 1616 οὐκ
1792 1563 1858 1617 ἂν

269 1652 571 1718 εἰσδέξαιτο
602 1655 801 1725 λύπην,
834 1656 950 1709 ἀλλ’
981 1657 1089 1710 οὐδ’
1114 1657 1181 1710 ἂν
1207 1658 1480 1729 ἐννοήσειέ
1505 1676 1560 1711 τι
1588 1658 1697 1711 τῶν
1729 1676 1859 1711 σκυ-

271 1745 545 1814 θρωπῶν,
598 1746 631 1817 ἢ
683 1720 775 1800 τδν
820 1749 885 1801 ὲκ
931 1748 1042 1800 τῶν
1102 1720 1360 1803 ἔσεσθαι.
1386 1751 1855 1822 προσδοκωμένων

1962 1740 2103 1794 risve
2138 1754 2333 1795 sensus
2368 1741 2567 1795 cadere
2591 1757 2695 1795 non
2749 1753 2925 1811 potest

271 1837 679 1907 προαναθρήσει
707 1838 891 1903 φόϐον.
926 1839 1097 1891 Πάθοι
1129 1839 1173 1891 δ’
1202 1839 1270 1893 ἂν
1299 1840 1370 1893 τὰ
1402 1842 1581 1895 τοιάδε
1621 1842 1765 1895 κατά
1791 1860 1855 1911 γε

271 1927 333 1979 τὸ
371 1929 556 1989 πᾶσιν,
591 1928 665 1991 ὥς
693 1946 755 1997 γε
795 1925 950 2000 οἶμαι
976 1969 991 1993 ,
1021 1930 1230 1984 δοκοῦν.
1273 1932 1434 2003 Ψυχὴ
1463 1933 1656 2003 λογικὴ
1684 1952 1856 1988 κατα-

272 2019 615 2090 σκεπτομένη
645 2020 725 2091 τῷ
775 2019 847 2090 νῷ
885 2020 954 2073 τά
974 2038 1033 2072 τε
1068 2021 1168 2091 ἤδη
1199 2023 1442 2093 παρόντα
1461 2060 1478 2087 ,
1508 2024 1602 2077 καὶ
1630 2024 1768 2094 πρός
1792 2041 1855 2093 γε

269 2110 481 2174 τούτοις
508 2111 578 2164 τά
617 2112 1030 2183 συμϐησόμενα.
1069 2115 1193 2178 Πῶς
1220 2112 1314 2169 οὖν
1335 2116 1442 2186 ἄρα
1474 2118 1691 2187 φησίνό
1727 2119 1858 2188 Ἐμ-

274 2202 538 2272 μανουήλ·
577 2222 595 2254 t
628 2203 743 2256 Νῦν
791 2206 823 2275 ἡ
854 2205 999 2276 ψυχή
1034 2223 1135 2275 μου
1179 2207 1554 2277 τετάρακται;
1600 2228 1615 2259 ι
1644 2208 1761 2273 πῶς
1800 2210 1857 2262 δὲ

271 2294 367 2346 καὶ
390 2293 593 2363 ἤρξατο
618 2293 904 2348 λυπεῖσθαι
956 2297 1052 2349 καὶ
1094 2298 1428 2368 ἀδημονεῖν;
1482 2301 1514 2370 ἢ
1555 2300 1647 2353 καὶ
1700 2304 1854 2353 ποῖον

271 2383 409 2446 ὅλως
446 2386 527 2446 εἰς
572 2389 764 2456 χεῖρας
798 2386 893 2439 τοῦ
920 2387 1055 2440 Θεοῦ
1091 2390 1182 2441 καὶ
1212 2390 1426 2460 Πατρὸς
1450 2390 1721 2460 παρέθετο
1750 2390 1853 2463 [τοι

274 2474 529 2546 πνεῦμα,
569 2479 617 2529 εἰ
648 2478 742 2530 καὶ
782 2479 879 2548 τῆς
914 2479 1170 2549 θεότητος
1195 2480 1256 2532 τὸ
1289 2482 1478 2550 χρῆμά
1522 2483 1670 2533 ἐστιν
1701 2483 1857 2534 ἀλλό-

270 2582 443 2637 τριον,
471 2569 565 2622 καὶ
592 2570 727 2640 μηδὲ
752 2570 921 2639 μόνης
944 2571 1153 2640 ἀψύχου
1180 2589 1245 2623 σα
1257 2574 1418 2642 ρκός;
1450 2573 1720 2643 Πρόδηλον
1740 2568 1852 2638 οὖν,

270 2658 355 2711 ὅτι
381 2659 602 2728 γέγονεν
648 2660 933 2731 ἄνθρωπος
958 2664 986 2715 6
1020 2663 1334 2731 Μονογενὴς
1359 2702 1373 2725 ,
1421 2664 1522 2715 οὑκ
1551 2663 1757 2733 ἄψυχόν
1797 2680 1855 2715 τε

270 2750 368 2802 καί¹
419 2750 582 2803 ἄνουν
638 2750 796 2820 σῶμα
846 2750 1048 2816 λαϐὼν,
1099 2752 1494 2824 ὲμψυχωμένον
1550 2754 1606 2807 δὲ
1654 2754 1856 2824 μᾶλλον

267 2841 418 2911 ψυχῇ
464 2842 555 2893 καὶ
580 2841 770 2912 λογικῇ
796 2882 810 2906 ,
868 2842 962 2897 καὶ
994 2842 1215 2906 τελείως
1247 2843 1448 2915 ἐχούσῃ
1496 2843 1639 2896 κατά
1670 2860 1732 2911 γε
1765 2844 1858 2896 τὸν

269 2935 409 3003 αὐτῇ
440 2934 716 3004 πρέποντα
755 2935 933 3002 λόγον.
973 2936 1080 2988 Καὶ
1116 2935 1306 3006 ὥσπερ
1339 2937 1638 2989 οἰκειοῦται
1672 2935 1850 2990 πάντα

268 3026 341 3075 τὰ
367 3023 459 3076 τοῦ
491 3023 621 3076 ἰδίου
650 3024 927 3093 σώματος,
956 3025 1101 3079 οὕτω
1131 3025 1226 3079 καὶ
1254 3025 1324 3078 τὰ
1352 3026 1451 3096 τῆς
1477 3027 1674 3096 ψυχῆς.
1708 3026 1855 3079 Ἔδει
1883 3049 1926 3107 C

269 3115 383 3183 γὰρ
409 3115 574 3167 αὑτὸν
604 3115 693 3169 διὰ
724 3117 925 3180 παντὸς
953 3117 1183 3187 ὁρᾶσθαι
1230 3116 1556 3188 πράγματος
1590 3116 1854 3186 σαρκικοῦ

269 3206 368 3259 καὶ
396 3206 628 3275 ψυχικοῦ
662 3206 728 3260 δι’
758 3208 904 3277 ἡμᾶς
930 3217 952 3245 ⁸
985 3208 1270 3277 γεγονότος
1311 3210 1357 3263 ί.
1424 3208 1623 3278 Ἐσμὲν
1664 3207 1721 3260 δὲ
1761 3208 1857 3261 καὶ

268 3299 437 3369 ἡμεῖς
466 3299 530 3351 ἐκ
562 3298 741 3369 ψυχῆς
764 3299 991 3370 λογικῆς
1028 3318 1087 3353 τε
1116 3301 1212 3354 καὶ
1252 3299 1523 3371 σώματος.
1559 3301 1767 3371 Ὥσπερ
1799 3301 1856 3353 δὲ

268 3391 631 3461 οἰκονομικῶς
676 3392 1069 3463 συγκεχώρηκε
1098 3396 1164 3464 τῇ
1201 3394 1306 3463 ἰδίᾳ
1344 3394 1511 3461 σαρκὶ
1539 3394 1631 3444 καὶ
1659 3391 1856 3443 παθεῖν

272 3483 385 3536 ἔσθ’
415 3484 503 3536 ὅτε
555 3483 621 3536 τά
654 3482 761 3536 ίδια
787 3521 801 3545 ,
831 3484 975 3535 οὓτω
1008 3482 1169 3537 πάλιν
1201 3483 1295 3536 καὶ
1339 3485 1404 3552 τῇ
1438 3483 1583 3551 ψυχῇ
1622 3480 1857 3551 συνεχώ-

277 3590 409 3643 ρησε
441 3573 509 3627 τὰ
535 3575 711 3627 οἰκεῖα
744 3572 952 3625 παθεῖν·
990 3572 1085 3625 καὶ
1113 3572 1173 3625 τὸ
1204 3572 1305 3642 τῆς
1346 3571 1629 3634 κενώσεως
1659 3571 1857 3640 μέτρον

270 3667 544 3736 τετήρηκε
568 3664 843 3735 πανταχοῦ
865 3704 881 3730 ,
919 3664 1098 3717 καίτοι
1124 3664 1255 3727 Θεὸς
1284 3663 1358 3718 ὢν
1382 3662 1571 3733 φύσει,
1597 3663 1692 3717 καὶ
1717 3661 1858 3733 ὑπὲρ

275 3758 459 3811 πᾶσαν
487 3756 585 3828 τὴν
630 3757 830 3810 κτίσιν.
866 3754 1232 3827 Παρατίθεται
1265 3755 1322 3808 δὲ
1367 3755 1427 3808 τὸ
1477 3753 1607 3808 ῖδιον
1643 3752 1857 3822 πνεῦμα

272 3846 351 3919 τῷ
384 3847 503 3919 Θεῷ
549 3848 643 3902 καὶ
686 3848 897 3918 Πατρὶ,
928 3848 1179 3901 τουτέστι
1223 3847 1323 3919 τὴν
1376 3846 1671 3900 ἑνωθεῖσαν
1712 3842 1859 3914 αύτῷ

272 3939 475 4011 ψυχὴν,
512 3940 600 3992 ῖνα
630 3942 776 4010 ἡμᾶς
809 3942 902 3993 καὶ
931 3940 1019 3993 διὰ
1058 3939 1250 3993 τούτου
1294 3937 1457 3990 πάλιν
1497 3936 1854 4006 εύεργετήσῃ.

273 4031 451 4085 Πάλαι
481 4031 578 4101 μὲν
605 4034 716 4102 γὰρ
741 4032 1212 4101 ἁπαλλαττόμεναι
1233 4029 1341 4081 τῶν
1367 4027 1637 4097 σωμάτων
1661 4027 1719 4079 ἐν
1747 4028 1858 4089 τοῖς

275 4124 383 4177 ὑπὸ
406 4122 568 4194 χθόνα
601 4126 792 4193 μυχοῖς
816 4125 872 4177 αἰ
898 4123 1005 4176 τῶν
1038 4119 1343 4192 ἀνθρώπων
1372 4118 1542 4189 ψυχαὶ
1574 4117 1856 4187 κατεπέμο

274 4228 470 4276 ποντο,
500 4211 804 4281 πληροῦσαι
844 4210 913 4263 τὰ
940 4208 1035 4261 τοῦ
1079 4208 1312 4262 θανάτου
1342 4209 1587 4276 ταμιεῖα.
1640 4206 1858 4275 Ἐπειδὴ

274 4303 332 4356 δὲ
363 4304 597 4373 Χριστὸς
622 4303 683 4356 τὸ
709 4302 839 4355 ίδιον
872 4301 1096 4372 Πνεῦμα
1127 4301 1401 4371 παρέθετο
1422 4298 1500 4371 τῷ
1521 4300 1698 4369 Πατρὶ
1716 4339 1731 4363 ,
1767 4300 1861 4352 καὶ

1960 470 2202 526 clamans
2244 489 2377 529 voce
2423 491 2612 546 magna
2663 480 2841 546 Jesus,
2884 483 2959 536 ait
2990 502 3003 537 :
3034 482 3217 548 Pater,
3257 485 3308 538 in
3349 501 3549 541 manus

1969 567 2087 613 tuas
2111 565 2431 619 commendo
2462 568 2709 633 spiritum
2740 586 2915 623 meum
2934 574 3002 627 5°.
3036 592 3054 623 ι
3089 573 3188 639 Qui
3214 574 3535 641 Apollinarii

1958 650 2269 716 opinionem
2313 668 2635 724 sequuntur,
2691 660 3043 733 ejusdemque
3091 667 3376 720 sententia:
3406 666 3538 719 suh-

1960 743 2243 808 scribunt;
2272 745 2325 799 hi
2363 748 2615 815 templum
2673 750 2780 805 Deo
2812 754 3042 817 unitum,
3091 755 3330 809 inanitne
3356 772 3417 809 ac
3454 771 3541 809 ra-

1963 833 2108 887 tione
2140 835 2463 890 destitutum
2513 838 2683 894 fuisse
2714 844 3083 896 contendunt:
3125 847 3218 899 sed
3272 848 3404 914 quid
3438 847 3546 913 illi,.

1960 925 2213 989 obsecro,
2258 929 2585 995 reSpondere
2616 943 2862 999 possunt,
2890 946 3013 987 cum
3043 946 3260 988 sanctos
3306 952 3535 1008 evange-

1962 1013 2113 1069 listas
2150 1015 2277 1070 talia
2319 1019 2383 1071 de
2425 1022 2667 1073 omnium
2720 1033 2967 1076 nostrum
3014 1024 3298 1078 Salvatore
3345 1028 3539 1083 litteris
3622 1030 3628 1039 “

1960 1105 2266 1172 prodidisse
2308 1107 2530 1175 legunt?
2552 1108 2684 1163 Nam
2731 1113 2892 1182 176
2923 1113 3093 1181 cujus,
3121 1129 3330 1182 quaeso,
3370 1117 3540 1171 tristi-

1961 1194 2069 1258 tiae,
2126 1206 2219 1249 aut
2291 1212 2479 1253 eorum
2535 1201 2781 1254 omnium
2856 1219 2974 1271 qua:
3033 1214 3237 1258 metum
3284 1218 3538 1274 arguunt,

1961 1300 2171 1341 summa
2208 1288 2295 1342 illa
2345 1290 2633 1359 divinaque
2671 1294 2828 1347 Verbi
2877 1304 3068 1347 natura
3104 1297 3319 1351 tandem
3368 1312 3539 1366 capax

1960 1388 2081 1429 esse
2103 1377 2309 1444 queat?
2336 1377 2506 1448 Major
2542 1389 2628 1434 cst
2676 1381 2841 1446 enim,
2871 1396 3032 1451 quam
3068 1398 3187 1451 quae
3233 1385 3541 1442 istiusmodi

1963 1466 2124 1520 rebus
2162 1466 2267 1520 ulla
2312 1478 2465 1537 parte
2512 1471 2672 1536 allici,
2724 1481 2816 1524 aut
2866 1472 2987 1525 ullis
3020 1475 3243 1529 omnino
3291 1476 3543 1531 humanis

1962 1546 2467 1623 perturbationibus
2514 1563 2845 1616 commoveri
2909 1562 3103 1616 valeat.
3156 1564 3223 1619 At
3299 1580 3428 1620 vero
3486 1568 3542 1621 in

1962 1662 2160 1717 corpus
2186 1664 2487 1719 sensusque
2515 1653 2822 1721 mentisque
2858 1669 3071 1723 expers,
3108 1656 3342 1710 tristitia:
3392 1658 3544 1712 dolo-

2986 1762 2998 1797 :
3037 1745 3130 1799 sed
3166 1761 3341 1816 neque
3374 1750 3543 1803 mole-

1958 1832 2119 1886 stiam
2148 1832 2336 1896 ullam,
2373 1842 2465 1887 aut
2497 1834 2663 1889 ullum
2692 1835 2912 1889 omnino
2947 1850 3236 1890 maerorem
3262 1852 3326 1891 ex
3362 1838 3544 1894 immi-

1960 1924 2203 1978 nentium
2298 1925 2768 1979 incommodormn
2854 1926 3171 1996 provisione
3269 1930 3543 1999 concipiet

1958 2014 2285 2084 aliquando;
2339 2014 2605 2085 ejusmodi
2649 2027 2854 2081 autem,
2916 2017 3041 2072 dum
3086 2033 3206 2087 qu:e
3252 2022 3540 2088 praesentia

1959 2116 2108 2171 sunt,
2138 2115 2193 2161 et
2220 2108 2399 2163 adhuc
2430 2109 2611 2163 futura
2649 2110 2960 2178 trahuntur,
3000 2120 3180 2167 mente
3219 2123 3541 2182 pertractat,

1960 2199 2139 2253 anima
2180 2200 2408 2254 rationis
2453 2208 2507 2255 et
2537 2201 2909 2270 intelligentiae
2951 2216 3176 2271 compos
3217 2206 3327 2273 pati
3365 2205 3537 2261 solet:

1961 2289 2010 2341 id
2044 2293 2185 2358 quod
2222 2306 2432 2355 omnes,
2466 2301 2523 2344 ut
2556 2302 2706 2360 puto,
2743 2294 2999 2349 fatentur.
3040 2294 3321 2361 Quomodo
3356 2298 3541 2367 itaque

1959 2380 2279 2435 Emmanuel
2316 2383 2424 2436 ait:
2460 2402 2477 2434 ι
2513 2381 2668 2437 Nunc
2714 2385 2892 2437 anima
2927 2400 3041 2438 mea
3084 2388 3297 2441 turbata
3356 2388 3478 2441 est?
3512 2407 3534 2439 ι

1959 2474 2230 2540 quomodo
2261 2475 2401 2527 idem
2440 2476 2641 2528 tzedere
2682 2490 2746 2531 ac
2809 2485 3038 2532 maestus
3081 2492 3203 2531 esse
3234 2479 3417 2545 erepit,
3448 2488 3542 2530 aut

1958 2561 2168 2629 qualem
2202 2562 2420 2616 tandem
2453 2563 2704 2632 spiritum
2741 2564 2794 2619 in
2835 2581 3028 2620 manus
3054 2566 3230 2622 Patris
3263 2581 3542 2621 commen-

1959 2650 2125 2715 davit,
2158 2652 2200 2705 si
2239 2654 2338 2706 hoc
2374 2662 2429 2706 et
2459 2669 2489 2706 a
2515 2656 2798 2709 divinitate
2826 2671 3050 2723 prorsus
3074 2657 3312 2711 alienum
3351 2667 3453 2720 est,
3485 2666 3543 2710 et

1959 2758 1988 2795 a
2021 2758 2185 2797 carne
2210 2744 2323 2798 sola
2383 2745 2625 2799 inanima
2648 2749 2670 2799 ?
2694 2746 3045 2816 Perspicuum
3103 2759 3185 2802 est
3219 2764 3366 2817 ergo,
3402 2746 3540 2803 Uni-

1958 2831 2197 2897 genitum
2221 2846 2453 2902 corpore
2481 2847 2781 2903 assumpto,
2802 2852 2906 2890 non
2938 2837 3153 2905 quidem
3181 2837 3268 2889 illo
3294 2836 3539 2901 inanimi,

1960 2932 2053 2974 aut
2099 2934 2282 2977 mente
2339 2926 2623 2989 destituto,
2673 2928 2767 2980 sed
2814 2928 2992 2981 anima
3042 2929 3251 2982 ratione
3291 2930 3537 2997 praedita,

1959 3013 2260 3085 eademque
2295 3020 2561 3086 perfecta,
2612 3019 2714 3073 hoc
2762 3029 2867 3085 est,
2903 3024 3086 3074 omnia
3135 3036 3254 3090 qua:
3299 3023 3363 3075 ad
3399 3021 3540 3076 illius

1960 3104 2226 3159 rationem
2252 3107 2550 3175 pertinent,
2584 3111 2798 3175 sortita,
2835 3111 3108 3166 viviﬁcuto
3135 3123 3189 3166 et
3224 3110 3549 3176 informato,

1959 3189 2234 3247 hominem
2274 3192 2476 3247 factum
2521 3211 2662 3248 esse.
2720 3197 2789 3250 Et
2850 3200 3302 3264 quemadmodum
3355 3194 3549 3257 omnia?

1958 3297 2076 3351 quae
2120 3284 2202 3339 sui
2233 3286 2475 3353 corporis
2503 3294 2627 3339 sunt
2668 3287 2769 3340 sibi
2825 3288 3069 3351 ascribit,
3104 3289 3180 3341 ita
3226 3299 3281 3343 et
3322 3304 3383 3343 ea
3420 3305 3541 3358 quze

1958 3375 2025 3427 ad
2052 3374 2287 3429 animam
2315 3384 2585 3443 spectant.
2636 3376 2867 3431 Necesse
2910 3379 3051 3431 enim
3110 3378 3210 3432 fuit
3242 3390 3300 3434 ut
3333 3381 3385 3434 in
3422 3352 3550 3437 om-l

1959 3463 2143 3526 nibus,
2178 3466 2293 3518 sive
2330 3481 2392 3517 ea
2430 3466 2495 3517 ad
2525 3466 2785 3529 animam,
2821 3466 2934 3519 sive
2969 3466 3034 3519 ad
3066 3483 3260 3535 corpus
3299 3455 3549 3537 pertine-i

1958 3563 2101 3620 rent,
2142 3555 2297 3609 nobis
2327 3555 2743 3609 assimilarctur.
2774 3556 3104 3611 Constamus
3139 3567 3321 3613 autem
3350 3569 3399 3613 et
3442 3540 3550 3614 nos.

1957 3658 2021 3698 ex
2059 3645 2239 3698 anima
2266 3646 2514 3700 rationali
2548 3655 2603 3700 et
2635 3662 2881 3716 corpore.
2920 3647 3288 3714 Quamobrem
3317 3659 3375 3704 ut
3398 3666 3538 3705 non-

1958 3750 2231 3803 nunquam
2261 3737 2491 3805 pr0priae
2524 3737 2675 3791 carni
2709 3753 2773 3791 ea
2804 3740 2920 3807 pati
2987 3740 3382 3805 dispensatorie
3411 3726 3549 3810 per;

1960 3828 2205 3882 mittebat
2271 3843 2391 3896 quae
2438 3830 2620 3884 carnis
2675 3839 2804 3884 sunt
2860 3831 3118 3900 propria,
3176 3830 3258 3886 ita
3300 3834 3537 3887 animam

1958 3934 2054 3972 sua
2080 3934 2295 3989 quoque
2319 3920 2427 3988 pati
2456 3922 2726 3990 permisit.
2756 3922 2999 3992 Denique
3026 3921 3149 3976 licet
3177 3932 3372 3978 natura
3398 3924 3541 3978 Deus

1957 4020 2123 4075 esset,
2145 4013 2403 4081 omnique
2427 4024 2678 4067 creatura
2698 4015 2965 4082 superior,
2997 4029 3116 4082 quae
3148 4022 3324 4068 tamen
3348 4017 3539 4070 exina-

1960 4103 2185 4156 nitiouis
2237 4114 2415 4169 erant,
2474 4120 2537 4158 ea
2592 4120 2811 4173 semper
2877 4116 3135 4159 accurate
3204 4106 3537 4162 observavit.

1960 4192 2130 4248 Porro
2173 4204 2352 4248 autem
2398 4195 2648 4263 spiritum
2685 4212 2865 4261 suum,
2896 4196 2996 4251 hoc
3021 4204 3125 4263 est,
3168 4199 3404 4252 animam
3437 4199 3539 4255 sibi

1961 4288 2193 4352 uuitam,
2229 4286 2341 4341 Deo
2369 4300 2422 4339 ct
2458 4286 2605 4340 Patri
2645 4288 3012 4351 commendat,
3046 4298 3105 4341 ut
3129 4303 3268 4343 novo
3323 4304 3540 4343 rursum

272 4394 481 4466 ταύτην
524 4396 656 4464 ἡμῖν
703 4392 1007 4447 ὲνεκαίνισε
1051 4393 1151 4461 τὴν
1196 4391 1331 4445 ὀδόν.
1374 4388 1709 4459 Βαδιούμεθα
1753 4388 1861 4457 γάρ

1966 4376 2229 4431 henelicio
2274 4393 2370 4447 per
2407 4380 2509 4432 hoc
2558 4392 2655 4432 nos
2692 4378 2950 4432 cumulet.
2987 4378 3269 4445 Quondam
3308 4395 3543 4450 namque

272 4487 377 4539 οὐκ
406 4488 484 4549 εἰς
524 4485 654 4556 ᾆδου
687 4485 882 4550 ποθὲν,
915 4482 1159 4554 ἑψόμεθα
1205 4481 1262 4533 δὲ
1312 4479 1533 4550 μᾶλλον·
1579 4478 1676 4531 καὶ
1715 4478 1857 4529 κατὰ

272 4578 434 4631 τοῦτο
472 4577 621 4648 αὐτῷ
648 4578 727 4648 τῷ
771 4576 949 4647 πιστῷ
979 4577 1179 4649 κτίστῃ
1197 4574 1293 4637 τὰς
1316 4572 1527 4625 ἑαυτῶν
1561 4569 1860 4641 παρατιθέ-

279 4687 430 4739 μενοι
460 4669 637 4739 ψυχὰς
658 4710 673 4735 .
701 4670 759 4721 ὲν
784 4668 998 4721 ἐλπίσιν
1027 4668 1196 4738 ἐσμὲν
1240 4664 1469 4727 ἀγαθαῖς
1487 4680 1498 4692 ·
1544 4664 1729 4732 ἐγερεί
1756 4662 1863 4731 γὰρ

276 4760 525 4825 ἅπαντας
552 4764 580 4814 6
606 4760 859 4823 Χριστός.

1973 4470 2223 4524 humana:
2249 4471 2442 4522 anima:
2486 4469 2808 4538 corporibus
2835 4481 3013 4523 exuite
3047 4470 3113 4524 ad
3159 4473 3542 4528 subterraneos

1971 4574 2221 4613 carceres
2272 4559 2715 4624 demittebantur,
2769 4560 2961 4613 mortis
3025 4562 3367 4630 receptacula
3436 4563 3544 4617 illic

1962 4651 2300 4717 impleturae:
2334 4660 2390 4703 at
2444 4666 2569 4704 vero
2605 4663 2957 4719 pOSteaquam
3006 4649 3257 4706 Christus
3294 4652 3543 4720 spiritum

1962 4756 2119 4795 suum
2154 4741 2206 4794 in
2272 4757 2466 4795 manus
2511 4741 2693 4796 Patris
2734 4742 3154 4805 commendavit,
3199 4743 3361 4796 etiam
3407 4742 3546 4797 hanc

1964 4833 2298 4886 viam'nobis
2330 4834 2649 4888 demutavit.
2670 4833 2779 4887 Nec
2810 4835 2954 4887 enim
2992 4850 3134 4888 nunc
3168 4835 3547 4890 descendimus

284 4940 351 4994 ad
390 4939 612 4997 inl'eros.
648 4937 741 4991 sed
771 4936 963 4991 ducem
1000 4944 1244 4990 nostrum
1274 4947 1413 5003 pone
1460 4929 1867 4999 subsequimur,
1912 4925 2217 4993 animisque
2236 4925 2530 4978 nostrisilli
2550 4926 2711 4977 veluti
2737 4924 2844 4978 lido
2902 4923 3174 4979 conditori
3214 4925 3543 4991 commissis,

284 5032 551 5097 tantisper
574 5029 709 5083 bona
743 5041 838 5095 spe
864 5026 1100 5079 vivimus
1130 5025 1305 5092 quoad
1331 5022 1583 5077 Christus
1615 5021 1898 5074 universos
1940 5016 2161 5070 tandem
2195 5015 2261 5069 ad
2294 5016 2457 5069 vitam
2486 5016 2786 5069 revocabit.

353 5121 495 5187 NG".
545 5138 561 5169 t
593 5117 791 5182 Καθὼς
816 5115 1100 5170 ἀπέστειλέ
1137 5132 1204 5185 με
1251 5116 1279 5166 6
1308 5113 1415 5178 ζῶν
1447 5114 1657 5183 Πατὴρ,
1703 5109 1860 5179 κάγὼ

280 5211 357 5275 ζῶ
387 5211 471 5263 διὰ
505 5210 595 5263 τὸν
630 5209 883 5280 Πατέρα’
914 5208 1008 5261 καὶ
1042 5208 1071 5260 6
1098 5206 1328 5278 τρώγων
1361 5222 1450 5275 με,
1481 5205 1729 5266 κάκεῖνος
1759 5203 1859 5273 ζή-

282 5318 364 5354 σει
393 5312 419 5340 ιι
466 5300 531 5354 δι’
564 5299 684 5369 ἐμέ.
712 5319 730 5353 ι
788 5298 992 5363 Ἡδέως
1042 5298 1110 5353 ἂν
1160 5297 1442 5368 ἐπυθόμην
1483 5297 1591 5350 τῶν
1638 5297 1718 5359 εἰς
1768 5294 1862 5348 δύο

2044 5104 2180 5160 LVI.
2217 5123 2236 5156 ι
2276 5106 2426 5161 Sicut
2455 5108 2602 5162 misit
2631 5122 2719 5160 me
2754 5108 2939 5159 vivens
2969 5104 3152 5171 Pater,
3179 5114 3235 5160 et
3257 5119 3355 5176 ego
3387 5106 3545 5176 177

1970 5201 2093 5254 vivo
2118 5210 2340 5269 propter
2369 5198 2585 5251 Patrem
2623 5216 2636 5251 :
2670 5209 2723 5252 et
2759 5197 2849 5267 qui
2874 5199 3170 5252 manducat
3199 5213 3310 5260 me,
3346 5208 3402 5251 et
3429 5198 3546 5266 ipse

1968 5293 2114 5348 vivet
2156 5301 2375 5363 prepter
2414 5306 2500 5346 mc
2527 5290 2595 5344 ⁵¹.
2637 5309 2654 5342 ι
2690 5289 2946 5345 Libenter
2998 5289 3084 5347 hic
3117 5304 3210 5346 eos
3242 5290 3546 5359 interroga-

378 5440 398 5470 ’
420 5436 615 5492 Matth.
648 5453 797 5505 xxvi,
826 5435 920 5493 27.
996 5437 1043 5469 ⁵ο
1078 5434 1210 5491 Luc.
1240 5450 1424 5500 xxnn,
1455 5434 1547 5490 46.
1625 5434 1669 5466 ⁵¹
1697 5432 1855 5489 Joan.
1882 5446 1958 5495 vr,
1983 5433 2034 5488 5.

1394 5551 1568 5606 Varia:
1602 5550 1868 5605 lectiones
1903 5548 2108 5604 codicis
2144 5548 2504 5617 chuteriani.

358 5681 384 5713 τ
410 5674 796 5743 παρατίθεμαι.
881 5682 900 5709 ⁵
943 5673 1059 5728 καθ’
1088 5674 1253 5744 ἡμᾶς.
1338 5674 1353 5710 ί
1386 5668 1666 5739 γεγονότα.

1748 5678 1773 5705 ιι
1810 5669 2049 5742 ζήσεται.
