4132 6458
659 247 802 305 ΙΗΒ

1651 242 1709 296 S.
1750 237 2027 296 CYRILLI
2069 234 2536 293 ALEXANDRINI
2576 236 2901 293 MlClllEl’.

3778 230 3910 285 ιιιο

652 378 795 426 rem.
824 377 916 431 qui
963 376 1128 417 unum
1172 361 1455 417 Christum
1498 358 1558 415 in
1592 359 1729 414 duos
1782 359 2051 422 dividunt,
2082 365 2225 410 uter‘

2339 356 2608 427 Χριστοὺς
2651 356 2998 427 διοριζόντων
3030 354 3120 407 τὸν
3150 353 3249 407 ἕνα
3272 368 3285 383 ·
3321 351 3419 415 Τίς
3466 350 3533 419 δὴ
3567 350 3681 418 ἄρα
3710 348 3861 402 ἐστὶν
3888 349 3916 401 6

654 471 779 510 nam
805 455 892 509 ille
921 453 1102 523 sitqui
1130 467 1160 506 a
1188 453 1297 508 Deo
1314 451 1477 506 Patre
1509 452 1730 515 missus,
1754 459 1976 519 prapter
2011 448 2229 502 Patrem

652 539 807 603 vivit,
840 546 895 593 et
919 538 989 594 ob
1018 539 1071 593 id
1101 537 1349 592 viviﬂcus
1372 536 1634 591 exsistit?
1682 535 1817 589 Nam
1854 536 1899 589 si
1933 534 2076 588 illius
2105 533 2234 587 Ver-

653 634 781 686 bum
818 631 1017 684 nudum
1048 644 1144 700 per
1168 643 1229 685 se
1254 629 1493 695 positum
1516 642 1639 683 esse
1674 628 1884 691 dicunt,
1935 624 2231 695 quomodo,

653 737 858 790 quaeso,
889 720 1017 775 illud
1046 734 1076 775 a
1102 720 1278 786 nobis,
1315 730 1372 774 ut
1401 720 1649 774 vivamus
1686 732 1783 787 per
1823 717 1979 782 illud,
2008 715 2233 770 mandu-

653 814 853 869 catur?
886 812 1021 868 Nam
1043 812 1302 868 divinitas
1328 819 1522 879 suapte
1552 818 1744 863 natura
1765 822 1994 877 corpore
2018 808 2233 876 penitus

654 912 834 958 vacat.
877 903 935 959 Si
978 914 1161 957 autem
1212 900 1489 955 hominem
1526 909 1735 953 tantum
1761 914 1858 968 per
1887 913 1949 953 se
1981 911 2228 952 seorsum

652 998 1002 1060 conceptum,
1055 990 1283 1043 missum
1332 997 1688 1051 asseverant,
1732 985 2005 1055 quomodo
2055 985 2231 1039 viviti-

648 1081 809 1135 caudi
842 1081 949 1135 vim
999 1093 1068 1135 ex
1118 1094 1183 1133 eo
1225 1080 1408 1145 habet,
1449 1078 1575 1147 quia
1609 1078 1775 1132 vitam
1804 1092 1869 1132 ex
1898 1076 2061 1131 Patre
2090 1076 2231 1131 obti-

655 1171 796 1225 net?
842 1170 1041 1226 Annon
1101 1184 1295 1224 omnes
1331 1178 1599 1237 quotquot
1649 1170 1702 1224 in
1749 1169 1912 1224 terris
1963 1168 2228 1237 desimus.

651 1257 765 1314 Deo
800 1268 857 1314 et
904 1257 1069 1314 Patre
1115 1273 1215 1312 nos
1261 1258 1598 1323 viviﬁcante,
1635 1259 1804 1312 vitam
1836 1257 2092 1329 agimus?
2116 1258 2229 1311 An-

650 1360 761 1399 non
813 1363 832 1397 r
874 1354 930 1399 In
966 1344 1086 1414 ipso
1123 1344 1375 1407 vivimus,
1425 1359 1712 1399 movemur
1747 1356 1801 1399 et
1844 1358 2033 1399 sumus
2059 1344 2150 1399 “1
2195 1362 2216 1397 ι

648 1435 787 1490 Cum
836 1451 965 1506 ergo
1007 1450 1198 1491 omnes
1238 1450 1335 1505 per
1372 1435 1593 1491 Patrem
1647 1436 1917 1503 vivamus,
1959 1436 2230 1507 quomodo

651 1527 811 1580 unius
856 1534 1066 1580 tantum
1130 1524 1368 1580 hominis
1414 1540 1611 1593 corpus
1653 1541 1716 1581 ea
1759 1526 1827 1580 de
1860 1540 2022 1581 causa
2056 1525 2230 1580 viviti-

649 1628 771 1667 cum
795 1613 1171 1682 praedicatur?
1204 1614 1315 1671 Cur
1337 1620 1527 1667 nostra
1572 1630 1788 1683 quoque
1834 1629 2063 1683 corpora
2089 1628 2230 1670 eam.

2336 446 2750 517 ἀπεσταλμένος
2790 447 2944 517 παρὰ
2972 446 3067 499 τοῦ
3108 443 3244 498 Θεοῦ
3280 444 3375 497 καὶ
3406 441 3643 512 [ἰατρὸς.
3677 440 3776 493 καὶ
3812 440 3916 503 ζῶν

2332 538 2401 592 δι’
2424 537 2608 604 αὐτὸν,
2641 538 2902 608 ὑπάρχων
2945 555 3005 591 τε
3049 536 3140 590 διὰ
3182 536 3346 589 τοῦτο
3389 534 3689 600 ζωοποιόςς
3721 533 3788 585 Εἰ
3825 532 3919 603 μὲν

2333 626 2427 683 οὖν
2465 628 2670 699 γυμνὸς
2697 629 2794 683 καὶ
2836 627 2961 681 καθ’
2988 628 3183 681 ἑαυτὸν
3209 629 3238 681 6
3275 627 3338 693 ἐξ
3376 625 3543 679 αὐτοῦ
3574 625 3774 692 Λόγος,
3804 623 3919 686 πῶς

2335 715 2575 769 ὶσθίεται
2615 716 2754 785 πρὸς
2801 716 2982 786 ἡμῶν,
3030 716 3120 769 ἴνα
3154 714 3409 785 ζήσωμεν
3436 714 3501 767 δι’
3535 712 3741 775 αὐτόν;
3776 710 3919 765 ἀσώ-

2336 824 2507 878 ματον
2538 808 2648 877 γὰρ
2674 811 2742 878 τῇ
2773 806 2933 876 φύσει
2964 807 3028 860 τὸ
3055 808 3229 863 Θείον.
3260 807 3325 859 Εἰ
3360 806 3420 858 δὲ
3452 806 3615 876 μόνον
3658 805 3758 857 καὶ
3799 805 3915 857 καθ’

2332 899 2523 953 ἑαυτὸν
2561 899 2851 971 ἄνθρωπον
2874 893 3018 953 εἷναί
3044 916 3179 967 φασι
3207 900 3300 953 τὸν
3327 896 3768 966 ἀπεσταλμένον,
3802 894 3918 956 m3;

2330 991 2439 1061 ἄρα
2475 990 2593 1043 ἐστὶ
2630 991 2911 1055 ζωοποιδς,
2942 990 3024 1043 ὅτι
3069 990 3135 1059 ζῇ
3180 989 3270 1043 διὰ
3298 989 3389 1042 τὸν
3428 988 3692 1056 lla-ripa;
3724 985 3914 1038 Καίτοι

2332 1082 2450 1144 πῶς
2485 1081 2587 1151 οὐχ
2624 1082 2863 1145 ἅπαντες
2904 1083 2954 1135 οἰ
2988 1082 3087 1135 ἐπὶ
3133 1080 3235 1150 τῆς
3270 1080 3374 1149 γῆς
3417 1080 3475 1132 ἐν
3509 1076 3680 1142 ζῶσίν
3728 1077 3913 1141 ἐσμεν,

2331 1168 2720 1234 ζωοποιοῦντος
2764 1170 2862 1224 τοῦ
2914 1170 3050 1223 Θεοῦ
3105 1170 3201 1222 ναὶ
3251 1167 3465 1238 [ἰατρὸς
3510 1168 3700 1235 ἡμᾶς,
3761 1162 3914 1233 εἰπερ

2331 1259 2485 1311 ἐστὶν
2513 1257 2715 1329 ἀληθὲς
2734 1296 2749 1321 ,
2780 1258 2864 1311 ὅτι
2896 1276 2919 1311 ‹
2948 1258 3139 1328 Ζῶμεν
3167 1259 3226 1311 ὲν
3254 1255 3425 1325 αὐτῷ,
3465 1256 3560 1308 καὶ
3591 1251 3913 1321 κινούμεθα,

2330 1352 2425 1407 καὶ
2460 1352 2662 1423 ὲσμέν;
2692 1369 2714 1403 ο
2765 1350 2894 1404 Ὅτε
2943 1349 3122 1404 τοίνυν
3171 1348 3356 1419 ζῶμεν
3402 1346 3645 1407 ἅπαντας
3690 1342 3785 1397 διὰ
3828 1340 3915 1393 τὸν

2330 1442 2571 1513 Πατέρα,
2602 1441 2720 1505 πῶς
2752 1440 2817 1512 δὴ
2855 1439 3015 1511 μόνον
3046 1438 3109 1491 τὸ
3154 1437 3276 1499 ἐνὸς
3316 1434 3609 1507 ἀνθρώπου
3650 1430 3816 1500 σῶμα
3859 1429 3916 1481 τὸ

2330 1534 2518 1587 ποιοῦν
2552 1535 2669 1587 ἐστι
2699 1532 2881 1597 τοῦτο,
2908 1531 3004 1584 καὶ
3029 1529 3153 1601 οὐχὶ
3196 1527 3397 1599 μᾶλλον
3434 1526 3534 1595 τὴν
3564 1524 3741 1593 αὐτὴν
3770 1520 3915 1591 ἐνέρ-

2330 1642 2485 1694 γειαν
2530 1625 2645 1696 ἔχει
2681 1626 2780 1679 καὶ
2808 1624 2879 1678 τὰ
2906 1624 3135 1694 ἑτέρων,
3170 1621 3327 1691 εἰπερ
3360 1618 3621 1681 ἅπαντες,
3649 1615 3728 1677 ὡς
3757 1613 3912 1682 ἔφην.

652 1705 771 1760 dem
822 1713 1149 1773 potestatem
1214 1706 1406 1773 adepta
1460 1704 1686 1760 minime
1729 1716 1898 1768 sunt,
1960 1705 2225 1775 siquidem

2332 1715 2501 1785 ἐσμέν
2532 1733 2591 1769 τε
2638 1717 2736 1768 καὶ
2766 1714 2952 1784 ζῶμεν
2977 1711 3069 1765 διὰ
3110 1710 3203 1764 τὸν
3249 1710 3505 1780 Πατέρα;
3538 1708 3606 1760 Τί
3640 1702 3738 1759 οὖν
3784 1704 3914 1774 πρὸς

645 1808 856 1858 onmes,
907 1804 966 1846 ut
1005 1792 1146 1856 dixi,
1202 1810 1300 1863 per
1351 1793 1568 1848 Patrem
1621 1794 1858 1849 vivimus
1902 1804 1956 1849 et
1999 1796 2227 1850 sumus?

649 1884 855 1953 Ecquid
896 1898 1029 1955 ergo
1075 1886 1143 1939 ad
1192 1888 1307 1939 haec
1335 1885 1618 1941 dicemus?
1660 1885 1755 1941 Dei
1810 1885 2073 1953 Verbum,
2103 1901 2226 1942 cum

647 1978 703 2032 in
738 1978 973 2030 humana
1028 1976 1205 2031 forma
1244 1979 1529 2047 apparuit,
1565 1978 1846 2048 apostolus
1870 1977 1994 2045 fuit,
2017 1979 2120 2033 hoc
2146 1986 2231 2032 est

648 2066 868 2121 missus.
896 2084 917 2117 ι
949 2065 1176 2122 Missum
1210 2078 1296 2123 est
1328 2068 1473 2123 enim
1507 2068 1577 2122 ad
1617 2069 2019 2138 praedicandum
2045 2070 2224 2138 capti-

644 2158 729 2211 vis
781 2157 1186 2222 remissionem,
1233 2168 1291 2213 et
1319 2159 1480 2214 cacis
1518 2159 1696 2214 visum
1722 2159 1789 2211 ⁵³.
1823 2176 1844 2213 ι
1879 2158 2021 2213 Vivit
2044 2168 2228 2213 autem

647 2257 869 2317 propter
894 2247 1139 2316 Patrem,
1174 2251 1300 2320 quia
1326 2264 1394 2305 ex
1426 2249 1641 2306 vivente
1662 2248 1826 2305 Patre
1854 2249 2097 2319 genitum
2120 2260 2227 2304 est.

647 2338 900 2408 Oportuit
929 2340 1077 2395 enim
1118 2340 1301 2396 modis
1331 2342 1586 2397 omnibus
1621 2355 1748 2397 eum
1786 2341 1951 2395 vitam
1983 2354 2105 2396 esse
2136 2354 2227 2395 se-

644 2427 882 2480 cundum
909 2437 1181 2495 naturam,
1219 2431 1310 2498 qui
1340 2445 1408 2485 ex
1434 2430 1651 2485 vivente
1675 2439 1734 2485 et
1764 2430 1874 2484 vita
1908 2430 2019 2485 Deo
2061 2429 2231 2486 Patre

645 2528 827 2569 ortum
869 2516 1126 2571 ducebat.
1187 2517 1457 2584 Quoniam
1510 2531 1640 2573 vero
1691 2533 1894 2588 corpus
1951 2533 2019 2574 ex
2072 2534 2228 2574 sacra

546 2626 560 2633 -
651 2601 876 2672 Virgine
903 2612 1183 2674 sumptum
1220 2608 1326 2661 sibi
1355 2607 1571 2672 ascivit,
1606 2606 1735 2663 fecit
1767 2608 1897 2663 illud
1927 2608 2228 2674 viviticum,

646 2704 703 2750 et
736 2694 794 2750 id
821 2696 1041 2765 quidem
1072 2698 1363 2753 admodum
1398 2713 1638 2770 congrue
1667 2700 1691 2753 ’ἒ
1727 2700 1825 2756 Est
1846 2701 1995 2755 enim
2026 2715 2228 2769 corpus

645 2786 773 2840 vita:
809 2787 992 2842 omnia
1034 2788 1383 2846 viviﬁcantis.
1424 2788 1531 2846 Fas
1558 2791 1745 2861 itaque
1776 2804 1883 2847 non
1912 2801 1998 2848 est
2058 2807 2227 2849 unum

648 2874 845 2930 Filium
898 2886 954 2932 et
1000 2876 1280 2934 Christum
1325 2889 1381 2936 et
1437 2880 1725 2937 Dominum
1781 2881 1837 2937 in
1888 2883 2028 2939 duos
2081 2883 2227 2939 ﬁlios

647 2969 978 3036 dispertire:
1017 2970 1288 3040 siquidem
1344 2973 1487 3028 idem
1543 2974 1661 3042 ipse
1712 2982 1768 3028 et
1812 2975 1919 3028 vita
1945 2984 2052 3036 est,
2080 2990 2226 3043 quo-

2330 1803 2507 1859 ταῦτά
2539 1821 2759 1875 φαμενς
2801 1802 3120 1866 ’Δπόστολος
3149 1802 3554 1871 κεχρημάτικεν
3576 1801 3607 1852 6
3643 1797 3740 1852 τοῦ
3785 1795 3914 1848 Θεοῦ

2330 1894 2521 1964 Λόγος,
2552 1896 2611 1948 ὲν
2637 1895 2953 1965 ἀνθρωπεία
2989 1895 3174 1965 μορφῇ
3212 1890 3470 1961 πεφηνώς
3494 1908 3509 1921 ·
3545 1910 3565 1943 ι
3607 1888 3915 1959 ’Δπεστὰλη

2329 1988 2438 2059 γὰρ
2486 1986 2720 2059 κηρύξαι
2760 1996 2788 2026 ν
2836 1985 3205 2058 αἰχμαλώτοις
3263 1986 3488 2054 ἄφεσιν,
3536 1983 3635 2036 καὶ
3691 1981 3916 2049 τυφλοῖς

2328 2078 2645 2149 ἀνάϐλεψιν.
2670 2096 2691 2131 ι
2728 2080 2803 2150 Ζῇ
2832 2078 2891 2132 δὲ
2914 2078 3003 2132 διὰ
3037 2077 3126 2131 τὸν
3157 2076 3379 2146 Πατέρα
3400 2090 3415 2105 ·
3448 2074 3782 2142 γεγέννηται
3811 2071 3916 2140 γὰρ

2331 2171 2397 2224 ὲκ
2434 2170 2637 2235 ζῶντος
2674 2168 2909 2240 Πατρός.
2940 2167 3089 2221 Ἔδει
3133 2167 3279 2239 γὰρ,
3326 2166 3435 2219 ἔδει
3482 2164 3662 2234 πάντη
3711 2178 3779 2215 τε
3825 2163 3917 2214 καὶ

2332 2262 2551 2324 πάντως
2590 2259 2731 2314 κατὰ
2766 2258 2926 2329 φύσιν
2947 2257 3089 2313 εἶναι
3121 2258 3267 2329 ζωὴν
3293 2257 3385 2311 τὸν
3409 2258 3475 2309 ὲκ
3498 2254 3700 2320 ζῶντός
3732 2269 3797 2306 τε
3828 2253 3918 2305 καὶ

2330 2352 2480 2423 ζωῆς
2506 2351 2601 2405 τοῦ
2623 2351 2756 2405 Θεοῦ
2781 2351 2874 2405 κα)⁸
2897 2351 3111 2422 Πατρὸς
3136 2348 3489 2419 ἐκπεφυκότα
3511 2347 3662 2400 Υἰόν.
3698 2344 3917 2415 Ἐπειδὴ

2330 2443 2387 2497 δὲ
2418 2442 2547 2496 [διον
2588 2442 2881 2513 ἐποιήσατο
2910 2441 2973 2495 τὸ
3014 2441 3174 2511 σῶμα
3213 2439 3275 2492 τὸ
3313 2440 3379 2493 ὲκ
3409 2439 3509 2507 τῆς
3556 2438 3724 2505 ἁγίας
3770 2438 3916 2507 Παρ-

2332 2531 2485 2585 Θὲνου
2515 2531 2742 2603 ληφθὲν,
2774 2530 3037 2596 ζωοποιὸν
3061 2530 3345 2601 ἀπέφηνεν
3371 2528 3503 2582 αὐτὸ
3540 2528 3635 2581 καὶ
3669 2527 3821 2597 μάλα
3849 2529 3919 2579 al-

2330 2624 2535 2686 κότωςο
2569 2622 2731 2692 σῶμα
2762 2622 2870 2692 γάρ
2921 2621 3038 2675 ἐστι
3071 2620 3172 2692 τῆς
3214 2621 3284 2675 τὰ
3315 2621 3493 2675 πάντα
3539 2617 3918 2687 ζωογονούσης

2330 2713 2496 2783 ζωῆς.
2528 2712 2740 2766 Οὐκοῦν
2780 2713 2843 2765 οὑ
2875 2711 3176 2782 διαιρετέον
3224 2713 3306 2777 εἰς
3338 2712 3490 2774 υἱοὺς
3538 2710 3634 2764 δύο
3676 2710 3779 2763 τὸν
3826 2710 3917 2761 Eva

2330 2801 2459 2857 Υίὸν
2499 2802 2593 2854 καὶ
2625 2801 2861 2870 Χριστὸν
2909 2803 3005 2856 καὶ
3038 2801 3265 2874 Κύριον.
3310 2802 3487 2871 Εἴπερ
3518 2801 3665 2853 ἐστὶν
3697 2801 3729 2852 6
3758 2800 3919 2861 αὐτὸς

2332 2892 2446 2964 ζωὴ
2480 2893 2583 2963 μὲν
2624 2892 2699 2956 ὡς
2740 2896 2805 2946 ὲκ
2837 2892 2984 2963 ζωῆς
3017 2894 3112 2947 καὶ
3143 2892 3345 2959 ζῶντος
3378 2891 3616 2961 Πατρὸς,
3651 2889 3919 2953 (enatat;

2330 2981 2387 3035 δὲ
2417 2984 2513 3036 καὶ
2541 2983 2633 3036 διὰ
2657 2982 2751 3037 τοῦ
2784 2983 2916 3036 ἰδίου
2952 2982 3225 3054 σώματος,
3252 2983 3329 3045 ὡς
3357 2982 3475 3035 καθ’
3498 2982 3645 3052 ἡμᾶς
3676 2980 3920 3051 γεγονὸς

646 3062 793 3116 niam
845 3075 914 3116 ex
968 3062 1079 3116 vita
1128 3064 1455 3134 viventeque
1500 3064 1663 3131 Patre
1716 3075 1876 3123 natus
1908 3074 2011 3130 est.
2040 3077 2099 3123 et
2129 3082 2225 3137 per

2334 3073 2431 3130 καὶ
2456 3074 2886 3147 ὲνανθρωπήσας
2918 3046 3071 3140 Θεός.

646 3149 924 3219 proprium
952 3166 1156 3219 corpus
1190 3168 1411 3206 rursum
1450 3155 1697 3210 viviﬁcus
1725 3164 1832 3220 est,
1870 3166 2055 3226 utpote
2085 3159 2226 3214 Deus

645 3236 808 3292 homo
838 3237 1033 3293 similis
1054 3239 1213 3295 nobis
1244 3239 1491 3296 eﬂectus.

718 3326 871 3382 LVll.
898 3346 922 3379 ι
968 3328 1125 3386 Sicut
1154 3331 1301 3386 enim
1335 3333 1503 3389 Pater
1540 3334 1708 3390 vitam
1744 3336 1911 3393 habet
1936 3338 1991 3393 in
2027 3349 2228 3396 seruet-

646 3418 783 3486 ipso,
834 3419 914 3473 sic
939 3418 1087 3474 dedit
1118 3429 1175 3474 et
1204 3420 1343 3478 Filio
1373 3423 1544 3478 vitam
1569 3424 1772 3480 habere
1796 3428 1851 3481 in
1880 3428 2177 3498 semetipso
2204 3449 2222 3485 :

643 3518 699 3565 et
730 3518 1057 3579 potestatem
1085 3513 1235 3569 dedit
1278 3514 1330 3569 ei
1369 3524 1425 3571 et
1448 3515 1718 3585 judicium
1748 3516 1952 3584 facere,
1983 3522 2110 3590 quia
2135 3522 2227 3578 Fi~

644 3603 749 3660 lius
802 3605 1042 3675 hominis
1088 3617 1172 3664 est
1212 3608 1284 3664 “.
1330 3627 1353 3662 ι
1406 3610 1477 3665 At
1514 3612 1796 3680 quomodo
1843 3612 2090 3684 (quaerat
2140 3614 2228 3669 hic

642 3697 950 3769 quispiam)
1009 3715 1029 3751 Ι
1073 3697 1236 3755 Pater
1288 3700 1456 3756 vitam
1505 3702 1671 3759 habet
1726 3703 1779 3758 in
1812 3706 2161 3774 semetipso?
2200 3724 2221 3757 ι

642 3785 896 3858 Nunqm'd
957 3789 1179 3846 aliunde
1217 3800 1541 3861 acceptam,
1584 3793 1668 3848 vel
1722 3794 1791 3850 ab
1847 3794 1956 3851 alio
1995 3796 2225 3850 datam?

642 3881 1022 3951 Nequaquam.
1079 3881 1225 3939 Istud
1278 3898 1516 3954 namque
1571 3885 1771 3942 docere
1835 3888 1924 3942 vel
1982 3888 2222 3958 opinari,

638 3974 771 4043 quid
792 3983 945 4029 esset
985 3973 1131 4029 aliud
1173 3975 1278 4031 nisi
1328 3985 1580 4046 apertum
1627 3978 1927 4034 delirium?
1955 3978 2069 4034 lmo
2095 3993 2225 4034 vero

640 4066 772 4138 quid
798 4067 908 4121 nisi
948 4066 1244 4122 manifesta
1280 4068 1545 4125 adversus
1580 4069 1907 4125 inelIabilem
1941 4070 2090 4125 illam
2127 4087 2224 4126 na-

642 4168 822 4214 turam
862 4157 1247 4226 blasphemia?
1295 4158 1479 4214 Primo
1531 4176 1785 4230 namque,
1828 4162 1874 4216 si
1901 4162 2009 4215 vita
2058 4176 2221 4230 quam

639 4252 828 4316 habet,
874 4249 943 4305 ab
986 4250 1104 4320 ipso
1159 4250 1377 4307 diversa
1425 4250 1591 4314 foret,
1651 4252 2031 4305 universorum
2079 4251 2222 4303 Deus

639 4358 746 4400 non
786 4350 934 4397 esset
962 4351 1157 4397 natura
1187 4342 1434 4411 quaedam
1471 4343 1633 4413 178
1655 4343 1911 4412 simplex,
1950 4343 2043 4397 sed
2073 4356 2221 4396 com-

637 4432 837 4501 posita.
864 4434 947 4486 Ad
972 4434 1109 4499 haec,
1148 4434 1195 4487 si
1222 4434 1393 4487 vitam
1439 4436 1670 4488 aliunde
1711 4433 1992 4501 accepisse
2022 4440 2221 4486 statue-

638 4536 814 4593 retur,
849 4526 895 4581 is
926 4526 1115 4595 utique
1152 4527 1246 4595 qni
1286 4528 1452 4581 vitam
1497 4541 1603 4581 non
1648 4526 1867 4580 habenti
1894 4524 2218 4593 impertiret,

637 4624 776 4676 citra
831 4636 1052 4677 onmem
1101 4621 1535 4677 controversiam
1604 4620 1785 4673 multis
1835 4618 2077 4687 partibus
2126 4617 2220 4672 illo

637 4714 835 4783 major,
860 4713 1127 4782 banisque
1149 4713 1404 4769 omnibus
1432 4711 1765 4766 cumulatior
1789 4710 1948 4765 foret.
1976 4709 2221 4778 Denique

635 4806 985 4870 existimare,
1034 4806 1150 4861 haec
1200 4806 1271 4859 ita
1317 4806 1561 4867 habere,
1622 4804 1723 4858 hoc
1780 4813 1884 4866 est,
1934 4801 2217 4872 imaginari

639 4896 809 4950 Deum
861 4896 1081 4953 Patrem
1122 4898 1295 4951 vitam
1329 4894 1570 4959 aliunde,
1599 4903 1655 4949 et
1676 4894 1833 4965 quasi
1862 4892 2219 4949 adventitiam

640 4980 893 5036 obtinere
919 4999 935 5047 ;
983 4984 1087 5038 hoc
1134 4984 1269 5038 nihil
1311 4982 1458 5038 aliud
1494 4992 1660 5047 esset,
1688 4992 1748 5037 ut
1771 4983 1908 5048 dixi,
1929 4996 2093 5052 quam
2121 4984 2219 5036 ab-

640 5071 967 5129 surdissime
1009 5073 1265 5129 delirare.
1313 5074 1489 5129 Habet
1537 5076 1722 5144 itaque
1764 5073 1926 5128 Pater
1965 5074 2133 5127 vitam
2164 5071 2217 5124 in

640 5165 937 5233 semetipso
981 5181 1086 5221 non
1128 5167 1422 5221 ascititiam
1458 5166 1539 5221 vel
1568 5166 1948 5231 adventitiam,
1988 5165 2087 5221 sed
2119 5178 2216 5219 ua-

2400 3336 2526 3391 NZ'.
2577 3356 2597 3389 ι
2624 3338 2838 3407 Ὥσπερ
2867 3352 2978 3406 γαρ
3003 3336 3033 3389 6
3073 3332 3263 3405 Πατὴρ
3306 3333 3416 3404 ἔχει
3446 3330 3591 3403 ζωὴν
3623 3331 3682 3384 ὲν
3717 3329 3915 3399 ἐαυτῷ,

2334 3428 2477 3483 οὕτω
2504 3429 2600 3482 καὶ
2638 3426 2717 3500 τῷ
2745 3427 2862 3498 Υἰῷ
2895 3427 3097 3480 δέδωκε
3129 3426 3277 3495 ζωὴν
3304 3425 3453 3495 ἔχειν
3480 3426 3538 3478 ὲν
3576 3423 3760 3492 ἑαυτῷ
3779 3440 3794 3452 ’
3828 3423 3918 3475 καὶ

2332 3518 2583 3587 ἐξουσίαν
2620 3518 2820 3573 ἔδωκεν
2865 3517 3013 3588 αὐτῷ
3057 3518 3153 3572 καὶ
3188 3518 3371 3588 κρίσιν
3418 3518 3613 3581 ποιεῖν,
3658 3516 3743 3567 ὅτι
3790 3515 3916 3577 Υἱὸς

2332 3611 2619 3683 ἀνθρώπου
2669 3612 2805 3669 ὲστί.
2846 3630 2865 3664 ι
2920 3612 3055 3667 Τίνα
3090 3611 3156 3683 δὴ
3206 3611 3410 3683 τρόπον
3456 3609 3668 3681 οἰηθείη
3715 3627 3806 3672 τις
3853 3609 3916 3664 ἂν

2333 3701 2478 3773 ἔχειν
2534 3705 2595 3757 ἐν
2639 3703 2817 3775 ἑαυτῷ
2856 3705 2955 3775 τὴν
3001 3703 3148 3773 ζωὴν
3198 3704 3289 3758 τὸν
3337 3702 3587 3773 Ila-ripa;
3642 3698 3758 3773 ἆρα
3807 3702 3914 3772 γὰρ

2332 3791 2529 3857 ἔξωθεν
2580 3794 2673 3846 καὶ
2706 3794 3147 3865 εἰσκεκριμένην,
3196 3792 3291 3848 καὶ
3336 3793 3469 3863 παρ’
3494 3792 3689 3862 ἑτέρου
3739 3791 3913 3845 6095i-

2333 3900 2471 3949 σαν;
2509 3884 2702 3937 Καίτοι
2738 3886 2857 3948 πῶς
2884 3886 2944 3938 οὐ
2977 3885 3137 3956 λῆρος
3174 3885 3240 3938 ἂν
3271 3883 3357 3952 εἴη
3386 3883 3545 3936 τοῦτό
3574 3900 3638 3951 γε
3668 3886 3909 3954 φρονεῖν,

2330 3976 2363 4046 ἦ
2395 3975 2602 4044 Mrem;
2634 3976 2746 4045 ἔχει
2783 3976 2892 4047 γὰρ
2918 3976 2979 4028 οὐ
3017 3974 3245 4045 μετρίαν
3282 3977 3311 4027 6
3348 3974 3507 4042 λόγος
3534 3974 3632 4044 τῆς
3662 3975 3912 4046 ἀτεορρή-

2329 4083 2424 4118 του
2468 4065 2683 4136 φύσεως
2718 4064 2815 4133 τὴν
2848 4065 3208 4135 κατὰρῤησιν.
3261 4062 3482 4135 Πρῶτον
3531 4063 3631 4132 μὲν
3664 4063 3778 4134 γὰρ
3816 4064 3913 4133 οὐχ

2330 4157 2535 4224 ἁπλοῦς
2582 4157 2664 4211 ἔτι
2700 4157 2799 4229 τὴν
2833 4157 2993 4228 φύσιν
3019 4160 3047 4211 6
3086 4158 3197 4209 τῶν
3234 4156 3371 4209 ὅλων
3416 4157 3570 4211 ἔσται
3601 4156 3761 4221 Θεὸς,
3795 4158 3914 4209 σύνο

2330 4249 2481 4312 Θετος
2510 4249 2567 4303 δὲ
2608 4249 2832 4320 μᾶλλον,
2863 4248 3029 4319 εἴπερ
3052 4248 3199 4301 ἐστὶν
3235 4248 3397 4318 ἑτέρα
3438 4249 3567 4321 παρ’
3600 4247 3768 4302 αὑτὸν
3798 4250 3832 4317 ἡ
3859 4251 3914 4302 ἐν

2328 4340 2477 4410 αὐτῷ
2508 4338 2644 4411 ζωή.
2675 4340 2780 4410 Εἰη
2807 4340 2853 4394 δ’
2878 4341 2944 4395 ἂν
2973 4340 3066 4395 καὶ
3094 4340 3296 4409 μείζων
3328 4341 3515 4407 αὑτοῦ,
3544 4344 3640 4397 καὶ
3670 4344 3730 4395 ἐν
3758 4344 3915 4413 ἁμείο

2325 4447 2470 4484 νοσιν
2509 4431 2877 4503 ἁσυγκρίτως,
2910 4433 2939 4485 6
2974 4431 3049 4495 ὡς
3085 4432 3188 4485 οὐκ
3231 4431 3408 4503 ἔχοντι
3441 4432 3565 4497 δοὺς
3598 4434 3696 4505 τὴν
3744 4434 3910 4504 ζωὴν,

2328 4521 2487 4593 εἴπερ
2526 4521 2663 4586 ὅλως
2708 4523 2862 4593 ἁλοίη
2894 4521 3095 4576 λαϐὼν.
3137 4522 3277 4576 Ἀλλ’
3304 4522 3474 4587 ἔστιν,
3505 4523 3579 4586 ὡς
3612 4524 3779 4593 ἔφην,
3810 4526 3913 4577 τῶν

2325 4613 2467 4681 ἄγαν
2493 4615 2887 4685 ἁπηχεστάτων
2915 4616 2973 4667 τὸ
2996 4606 3098 4668 ὧδέ
3123 4631 3183 4667 τε
3208 4614 3349 4685 ἔχειν
3372 4614 3581 4668 οἴεσθαι
3611 4617 3795 4680 ταυτὶ,
3823 4616 3914 4669 καὶ

2329 4703 2562 4776 Ούραθεν
2590 4708 2788 4760 ὲννοεῖν
2817 4706 3311 4775 εἰσκεκομισμὲνην
3345 4707 3487 4759 ἑλεῖν
3516 4705 3616 4773 τὴν
3646 4707 3799 4776 ζωὴν
3826 4707 3915 4758 τὸν

2323 4797 2456 4850 Θεὸν
2497 4799 2589 4850 καὶ
2629 4800 2866 4869 Πατέρα.
2897 4800 3051 4867 Ἔχει
3088 4798 3266 4850 τοίνυν
3307 4799 3367 4850 ὲν
3403 4798 3581 4866 ἑαυτῷ
3623 4798 3727 4865 τὴν
3773 4796 3914 4867 ζωὴν

2323 4890 2424 4943 οὐκ
2466 4891 2758 4962 ἐπίκτητον
2790 4892 2823 4963 ἢ
2851 4890 3302 4962 εἰσκεκριμένως,
3336 4890 3579 4958 φυσικῶς
3613 4890 3670 4942 δὲ
3709 4890 3912 4960 μᾶλλον

2320 4981 2736 5051 ἐνυπάρχουσαν
2760 4999 2819 5034 τε
2867 4980 3039 5050 αὐτῷ,
3071 4980 3165 5033 καὶ
3203 4980 3435 5050 οὐσιώδη
3481 4979 3719 5049 καρπόν.
3759 4978 3913 5032 Οὕτω

2323 5072 2549 5126 δέδωκεν
2582 5072 2725 5143 ἔχειν
2770 5074 2866 5127 καὶ
2911 5072 2991 5144 τῷ
3023 5072 3138 5143 Υἰῷ
3177 5072 3276 5143 τὴν
3313 5072 3479 5143 ζωήν.
3512 5066 3645 5123 Εἶτα
3690 5070 3817 5133 πῶς
3849 5069 3911 5123 ἂν

2322 5162 2540 5218 δύναιτο
2572 5164 2752 5220 λαϐὼν
2781 5168 2811 5220 6
2839 5165 2988 5231 Υἱὸς,
3020 5164 3293 5229 οὐσιωδῶς
3321 5165 3462 5235 ἔχειν
3503 5165 3560 5219 ἓν
3586 5162 3774 5236 ἑαυτῷ
3814 5162 3910 5232 τὴν

711 5322 758 5353 ⁸³
780 5321 937 5379 Joau.
976 5340 1107 5393 xvn,
1134 5323 1226 5381 9.8.
1303 5326 1349 5358 "
1380 5326 1481 5381 lsa.
1514 5343 1622 5393 ut,
1652 5327 1676 5381 l
1704 5344 1718 5395 ;
1752 5325 1883 5380 Luc.
1924 5340 2000 5391 IV,
2034 5324 2121 5388 l8,
2148 5323 2236 5379 l9.
2312 5323 2359 5355 “
2381 5322 2541 5379 Joan.
2572 5339 2624 5384 v.
2651 5324 2745 5380 28.

1741 5481 1919 5539 Varia:
1948 5483 2207 5538 lectiones
2231 5481 2436 5539 codicis
2465 5481 2823 5552 Seguieriani.

719 5623 748 5658 ν
769 5616 1042 5688 κηρύξων.
