4132 6454
232 366 377 424 NH

1053 366 1145 421 AD
1183 364 1478 422 REGINAS
1518 366 1605 422 DE
1648 366 1873 423 RECTA
1919 368 2079 423 FIDE
2117 368 2374 424 ORATIO
2416 367 2719 424 ALTERA.

3364 365 3505 424 “18

227 486 421 557 ξωήν;
455 485 621 540 Τουτὶ
658 486 788 559 γὰρ,
817 484 993 557 οἶμαι,
1028 488 1160 558 φαίη
1200 505 1283 552 τις
1327 488 1412 543 ἄν.
1450 490 1601 560 Ἔχει
1643 490 1820 545 τοίνυν
1850 546 1853 555 ,

1933 491 2179 547 turaliter
2223 490 2402 562 potius
2448 490 2607 559 quasi
2679 486 3089 544 substantialem
3160 486 3395 542 fructum
3447 480 3501 540 in

228 579 310 642 ὡς
354 576 414 642 ἐξ
456 577 621 632 αὐτοῦ
667 578 807 632 κατά
852 579 1014 649 φύσιν
1071 580 1349 650 ὑπάρχων,
1394 580 1453 632 ὲν
1496 580 1675 651 ἑαυτῷ
1715 581 1815 653 τὴν

231 670 402 742 ζωὴν,
430 672 563 725 καθὸ
589 674 791 726 νοεῖται
813 672 965 736 Θεός.
990 672 1213 743 Δέχεται
1239 671 1293 724 δὲ
1326 672 1525 742 μᾶλλον
1556 674 1693 745 μετά
1723 671 1817 726 τοῦ

232 761 330 815 καὶ
359 764 568 833 κρίνειν
604 764 794 835 αὐτὴν.
827 765 1006 818 καίτοι
1038 764 1229 835 κριτής
1269 765 1532 835 ὑπάρχων
1557 765 1632 830 ὡς
1661 764 1812 829 Θεός.

233 854 346 907 Καὶ
376 855 461 919 τίς
497 856 562 909 ἂν
594 856 679 927 εἴη
714 855 809 910 τοῦ
854 857 1042 911 λαΰεῖν
1069 859 1097 910 ὁ
1125 857 1362 929 τρόπος,
1407 857 1605 942 διδάξει
1643 858 1817 927 λέγων

228 945 417 1009 αὐτὸς,
446 948 527 1001 ὅτι
558 963 577 998 ι
610 948 737 1011 Υἱὸς
769 946 1058 1019 ἀνθρώπου
1081 947 1247 1003 ἐστίν.
1272 968 1289 999 ι
1318 948 1393 1001 Οὐ
1424 948 1531 1020 γάρ
1566 948 1697 1001 ἴδιον
1719 950 1819 1003 ἀν-

234 1036 457 1107 θρώπου
478 1038 539 1091 τὸ
560 1038 816 1092 δύνασθαι
839 1039 1051 1093 οἴκοθεν
1070 1039 1214 1110 ἔχειν
1236 1038 1333 1109 τὴν
1356 1040 1519 1109 ζωήν.
1551 1057 1569 1092 ι
1603 1038 1821 1111 Ἐπειδὴ

226 1128 290 1182 δὲ
335 1129 463 1182 ἴδιον
505 1130 697 1197 γέγονε
734 1130 829 1183 τοῦ
864 1129 1065 1195 ζῶντος
1119 1130 1295 1199 Λόγου
1345 1131 1407 1183 τὸ
1440 1131 1639 1184 ὲνωθὲν
1671 1132 1823 1202 αὐτῷ

234 1220 417 1289 σῶμα,
447 1221 618 1292 ταύτῃ
656 1238 738 1274 τοι
769 1222 865 1274 καὶ
904 1223 1049 1293 μάλα
1076 1223 1334 1286 εἰκότως,
1365 1222 1441 1286 ὡς
1487 1221 1625 1292 ἔχων
1656 1220 1822 1275 αὐτοῦ

230 1313 335 1385 τὴν
376 1314 639 1380 ζωοποιὸν
682 1315 985 1386 ἐνέργειαν,
1036 1316 1221 1370 λαϐεῖν
1254 1315 1471 1384 λέγεται
1514 1314 1613 1385 τὴν
1654 1313 1821 1384 ζωήν.

228 1406 546 1461 ῢίκειοῦται
574 1407 630 1461 δὲ
665 1408 827 1462 πάλιν
853 1408 911 1461 τὸ
941 1408 1131 1480 χρῆμα
1160 1407 1344 1474 αὐτὸς,
1371 1402 1433 1462 οὗ
1458 1407 1552 1461 καὶ
1576 1406 1705 1459 ἴδιον
1734 1406 1827 1475 γέ·-

233 1514 364 1565 γονε
394 1498 554 1569 σῶμα
583 1498 644 1552 τὸ
678 1498 920 1569 εἰληφός.

226 1598 321 1643 est
357 1590 562 1643 homini
611 1590 779 1645 vitam
812 1607 843 1644 a
884 1590 1178 1660 semetipso
1218 1589 1421 1645 habere
1454 1602 1614 1657 posse
1649 1606 1664 1642 :
1723 1588 1816 1644 sed
1857 1588 1983 1659 quia
2057 1602 2252 1657 corpus
2300 1588 2483 1643 Verbo
2527 1589 2737 1643 unitum
2793 1586 3027 1643 viventis
3071 1586 3232 1641 Verbi

232 1688 320 1733 est
364 1679 669 1750 proprium,
730 1689 1043 1750 propterea,
1087 1695 1142 1734 et
1175 1678 1226 1734 id
1295 1680 1520 1750 quidem
1551 1676 1844 1733 admodum

1924 585 2110 654 seipso
2134 584 2511 639 exsistentem.
2551 581 2731 651 Atque
2782 580 2845 634 ad
2895 580 3145 636 eumdem
3195 580 3413 635 modum
3449 588 3505 634 et

1926 677 2064 734 Filio
2107 693 2323 747 quoque
2377 676 2543 732 vitam
2578 675 2631 730 in
2666 677 2959 746 semetipso
2989 676 3189 732 habere
3226 675 3397 731 dedit.
3430 673 3501 730 Et

1925 775 2198 842 quomodo
2230 769 2423 835 Filius,
2448 785 2572 824 cum
2605 767 2770 822 vitam
2804 785 2831 821 a
2866 768 3025 824 Patre
3050 769 3344 837 acceperit,
3368 767 3501 823 sub-

1927 864 2253 919 stantialiter
2299 878 2418 918 eam
2464 864 2517 917 in
2560 877 2619 918 se
2660 860 2834 933 possit
2883 860 3218 915 habereild
3252 874 3507 931 namque,

1928 962 1989 1008 ut
2013 963 2166 1023 puto,
2198 953 2399 1023 aliquis
2423 952 2604 1007 dicere
2638 951 2833 1022 possit.
2865 947 3038 1004 liabet
3072 964 3201 1019 ergo
3228 960 3282 1003 et
3310 948 3504 1011 Filius,

1927 1058 2052 1099 cum
2081 1043 2148 1097 ab
2187 1043 2305 1111 ipso
2326 1040 2493 1096 Patre
2522 1042 2817 1095 secundum
2848 1048 3102 1092 naturam
3128 1038 3220 1101 sit,
3257 1039 3422 1091 vitam
3452 1038 3507 1091 in

1930 1136 2131 1204 seipso,
2170 1146 2333 1205 prout
2365 1134 2505 1189 Deus
2531 1142 2654 1188 est:
2690 1141 2747 1188 at
2776 1146 2907 1188 vero
2945 1146 3049 1185 una
3083 1146 3205 1185 cum
3227 1129 3509 1200 judicaudi

1928 1234 2197 1297 potestate
2257 1224 2403 1279 illam
2452 1224 2735 1293 accepisse
2794 1222 3031 1287 dicitur,
3081 1231 3198 1277 esto
3251 1231 3309 1275 ut
3358 1219 3502 1276 Deus

1929 1318 2169 1373 omnium
2189 1315 2353 1384 judex
2381 1317 2630 1371 exsistat.
2656 1315 2826 1372 Porro
2843 1326 3022 1370 autem
3053 1330 3173 1385 qua:
3204 1313 3509 1383 suscipien-

1931 1407 1982 1463 di
2015 1408 2285 1463 exstiterit
2310 1409 2471 1475 ratio,
2521 1407 2575 1463 id
2632 1409 2746 1479 ipse
2802 1409 3063 1474 insinuat,
3128 1409 3254 1461 dum
3313 1407 3506 1460 addit:

1935 1514 1955 1549 ι
1988 1496 2126 1564 Quia
2166 1496 2337 1552 Filius
2395 1498 2629 1553 hominis
2655 1506 2760 1554 est.
2800 1515 2823 1551 ι
2861 1496 2977 1553 Νοη
3031 1496 3177 1552 enim
3227 1497 3508 1566 proprium

3309 1584 3510 1641 factum

1926 1678 2330 1744 convenienter,
2388 1678 2555 1733 vitam
2625 1678 2903 1748 accepisse
2950 1679 3205 1743 dicitur,
3257 1685 3514 1748 tauquam

231 1774 506 1829 viviticam
557 1775 730 1854 ipsius
774 1774 1051 1830 actionem
1105 1775 1336 1830 habens.
1370 1773 1503 1829 Rem
1571 1788 1699 1830 vero
1759 1772 1873 1844 ipse
1911 1774 1965 1829 iu
2034 1789 2093 1829 se
2131 1772 2414 1843 transfert,
2458 1773 2618 1843 cujus
2669 1774 2951 1845 proprium
3000 1773 3204 1829 factum
3247 1782 3330 1828 est
3381 1772 3514 1829 illud

226 1882 457 1939 corpus,
499 1869 643 1938 quod
676 1867 846 1921 vitam
877 1865 1109 1936 accepit.

228 2010 364 2064 Ὅτι
393 2008 508 2063 κᾶν
538 2008 674 2073 Υἱὸς
703 2007 1019 2075 ᾀνθρώπου
1043 2002 1291 2073 λέγηται
1318 2006 1351 2057 ὁ
1382 2003 1657 2075 Χριστὸς,
1684 2001 1825 2060 ἀλλ’

2003 2006 2161 2073 Quod
2204 2005 2451 2061 Christus
2491 2022 2644 2060 verus
2690 2005 2755 2060 sit
2801 2004 2957 2069 Deus,
3001 2004 3211 2058 etiamsi
3264 2003 3443 2058 Filius

484 2077 667 2132 οὐδὲν
694 2074 878 2147 ἧττόν
912 2076 1047 2129 ἐστι
1081 2075 1226 2138 Θεὸς
1256 2074 1565 2142 ἀληθινός.

304 2210 439 2264 NH'.
480 2208 651 2272 Αὐτός
678 2207 778 2261 πού
802 2224 965 2278 φησιν
985 2209 1014 2260 ὁ
1037 2205 1244 2276 Κύριος
1266 2206 1424 2277 ήμῶν
1459 2204 1667 2278 Ἰησοῦς
1692 2208 1826 2279 Χρι-

233 2303 381 2366 στός.
418 2321 435 2353 ι
466 2297 616 2372 Ἀρά
647 2316 711 2367 γε
738 2298 909 2354 ἐλθὼν
930 2302 958 2354 ὁ
991 2299 1118 2363 Υἱὸς
1149 2298 1245 2352 τοῦ
1278 2298 1568 2372 ἀνθρώπου
1601 2300 1828 2373 εὑρήσει

230 2394 333 2464 τὴν
380 2393 561 2447 πίστιν
596 2392 689 2445 ἐπὶ
739 2391 841 2461 τῆς
877 2391 1016 2462 γῆςς
1048 2410 1065 2443 t
1102 2392 1239 2463 Φέρε
1282 2392 1347 2462 δή
1389 2392 1550 2447 πάλιν
1596 2393 1686 2447 τὸν
1719 2392 1829 2449 τῶν

231 2486 539 2557 εἰρημένων
565 2484 943 2555 βασανίζοντες
965 2482 1111 2546 νοῦν,
1139 2485 1317 2538 ἐκεῖνο
1342 2484 1826 2558 περιαθρήσωμεν,

232 2577 398 2631 ποίαν
449 2577 673 2647 ζητήσει
724 2575 906 2628 πίστιν
938 2576 1032 2627 ἐπὶ
1077 2575 1175 2646 τῆς
1214 2576 1316 2646 γῆς
1362 2576 1735 2648 ὐπονοστήσας
1769 2578 1829 2643 ἐξ

231 2666 482 2738 οὐρανῶν
524 2668 552 2720 ὁ
596 2664 801 2738 Κύριος
849 2665 1011 2735 ήμῶν
1050 2665 1260 2736 Ἰησοῦς
1308 2667 1580 2737 Χριστός;
1619 2669 1680 2721 EI
1730 2670 1828 2739 μὲν

232 2761 347 2832 γάρ
379 2756 732 2813 πιστεύεσθαι
764 2757 902 2829 πρὸς
934 2756 1090 2829 ήμῶν
1114 2757 1309 2824 ἐθέλει,
1333 2758 1571 2823 ὅτιθεὸς
1600 2760 1700 2829 μὲν
1729 2760 1829 2813 οὐκ

232 2847 409 2910 ἔστιν,
440 2847 561 2899 οὐδὲ
589 2845 721 2910 Θεὸς
755 2845 994 2916 ἀληθῶς,
1023 2845 1310 2916 ἄνθρωπος
1339 2846 1395 2899 δὲ
1425 2847 1644 2917 μᾶλλον,
1674 2849 1830 2903 οὐδὲν

235 2940 378 3011 ἔχων
403 2941 510 2992 τῶν
534 2939 657 2992 καθ’
680 2940 826 3010 ήμέἱς
852 2938 1111 2991 ἐπέκεινα
1130 2957 1143 2970 ·
1173 2936 1290 3000 πῶς
1313 2936 1377 2990 ἂν
1404 2937 1696 2991 ὲνδοιάσειέ
1722 2956 1825 3007 τις,

234 3032 319 3083 ὃτι
345 3031 442 3101 τὴν
473 3030 683 3084 τοιάνδε
717 3028 989 3099 διάληψιν,
1021 3029 1191 3101 ήγουν
1226 3028 1408 3081 πίστιν
1436 3047 1495 3082 τε
1526 3029 1827 3099 καὶδόξαν,

235 3126 299 3177 οὐ
338 3126 466 3197 παρ’
491 3126 623 3195 ἡμῖν
652 3124 873 3194 εὑρήσει
912 3121 1136 3193 μᾶλλον,
1178 3121 1314 3175 ἀλλά
1346 3122 1478 3193 παρ’
1513 3122 1739 3193 Ἕλλησί
1768 3140 1828 3176 τε

239 3218 335 3271 καὶ
372 3217 678 3283 Ἰουδαίοις;
712 3214 1114 3287 Είδωλολάτραι
1147 3214 1248 3286 μὲν
1282 3215 1391 3288 γάρ
1424 3216 1518 3269 καὶ
1544 3218 1596 3270 οἱ
1624 3218 1689 3287 τῇ
1717 3215 1832 3269 κτί-

240 3328 326 3363 σει
359 3309 510 3379 παρά
533 3310 624 3361 τὸν
658 3308 900 3380 κτίστην
937 3307 1316 3380 λατρεύοντες,
1344 3308 1575 3379 σταυρὸν
1604 3308 1830 3363 ἀκούονο

2447 2078 2673 2131 hominis
2701 2076 3017 2145 appelletur.

2005 2210 2184 2267 LVIII.
2246 2211 2512 2266 Dominus
2562 2219 2758 2265 noster
2804 2208 2965 2264 Jesus
3007 2207 3264 2264 Christus
3312 2208 3515 2264 alicubi

1936 2302 2011 2359 ita
2058 2304 2171 2359 ait:
2228 2321 2248 2355 ι
2312 2302 2707 2357 Verumtamen
2763 2301 2933 2355 Filius
2983 2301 3221 2356 hominis
3270 2302 3517 2365 veniens,

1936 2404 2095 2465 putas
2117 2394 2359 2449 inveniet
2390 2393 2553 2449 tidem
2578 2395 2633 2447 in
2669 2402 2817 2449 terra
2845 2393 2940 2447 ⁸⁸7
2972 2412 2995 2445 η»
3032 2393 3277 2461 Agedum
3321 2394 3517 2447 horum

1934 2489 2228 2543 verborum
2264 2502 2487 2542 sensum
2535 2487 2602 2540 ad
2639 2485 2874 2541 libellam
2907 2487 3297 2554 expendentes,
3334 2487 3524 2540 videa-

1938 2593 2081 2644 mus,
2108 2577 2523 2648 ecqualemnam
2571 2575 2732 2631 fidem
2807 2575 3069 2632 Dominus
3120 2587 3309 2631 noster
3357 2575 3520 2631 Iesus

1935 2669 2193 2725 Christus
2239 2668 2369 2724 olim
2413 2681 2444 2721 e
2474 2667 2615 2723 ctelo
2661 2682 2984 2723 reversurus
3036 2668 3236 2738 exiget.
3291 2666 3426 2722 Nam
3473 2669 3522 2722 si

1936 2763 2100 2818 homo
2139 2771 2351 2816 tantum
2381 2760 2526 2815 nulla
2556 2775 2616 2815 re
2643 2761 2862 2816 caeteris
2903 2766 3164 2829 prusuits
3194 2777 3222 2815 a
3256 2760 3365 2815 Deo
3411 2776 3516 2815 no-

1936 2854 2022 2909 bis
2071 2853 2188 2909 vult
2227 2853 2399 2917 credi,
2444 2868 2551 2907 non
2604 2854 2774 2907 etiam
2826 2852 3003 2917 Deus,
3070 2862 3162 2907 aut
3214 2868 3375 2908 verus
3426 2853 3525 2908 Dei

1935 2944 2134 3011 Filius,
2198 2944 2471 3000 neminem
2518 2944 2771 3000 dubitare
2802 2944 3063 3009 arbitror,
3112 2955 3293 2999 tamen
3335 2945 3522 3007 fidem,

1938 3035 2386 3103 aestimationem,
2428 3035 2512 3088 vel
2560 3035 2871 3104 opinionem
2919 3034 3059 3104 apud
3084 3048 3326 3104 paganos
3347 3032 3523 3089 etJu-

1939 3127 2089 3181 dazos
2118 3125 2299 3196 potius
2331 3135 2765 3195 compertorum,
2799 3139 2960 3194 quam
2995 3126 3136 3195 apud
3175 3130 3275 3179 n‘os
3301 3141 3314 3178 :
3344 3139 3522 3194 quan-

1940 3217 2232 3287 doquidem
2289 3215 2609 3281 idolulatrae,
2664 3215 2961 3285 exterique
3004 3215 3096 3285 qui
3149 3228 3239 3269 res
3268 3217 3523 3270 conditas

1941 3309 2113 3380 ipsius
2152 3298 2314 3380 179
2344 3307 2661 3363 Conditoris
2713 3308 2833 3363 loco
2878 3319 3253 3373 venerantur,
3305 3322 3525 3361 crucem

238 3418 351 3464 τες,
392 3401 451 3453 ὃν
486 3400 742 3471 ὑπέμεινε
778 3401 843 3453 δι’
873 3401 1045 3472 ἡμᾶς,
1075 3402 1170 3454 καὶ
1200 3401 1425 3471 προσέτι
1454 3401 1544 3453 τὸν
1577 3400 1828 3466 θάνατον,

1938 3409 2009 3471 ει,
2034 3411 2264 3455 mortem
2291 3414 2453 3470 quam
2494 3398 2666 3452 nostri
2708 3412 2874 3453 causa
2914 3396 3162 3466 pertulit,
3208 3397 3524 3458 audientes.

240 3489 472 3556 γελῶσιν
503 3492 554 3543 oi
600 3489 824 3542 δείλαιοι
854 3507 867 3519 ’
920 3489 1022 3543 κᾶν
1070 3490 1124 3543 εῐ
1161 3508 1245 3554 τις
1304 3489 1468 3543 αὐτὸν
1516 3490 1772 3561 ὀνομάζει
1807 3499 1835 3527 ι

238 3582 396 3648 Θεὸν,
442 3581 792 3655 ἀναπηδῶσιν
834 3580 997 3644 εὐθὺς
1031 3582 1549 3654 ἀνθρωπολατρείαν
1589 3581 1729 3638 εἶναι
1774 3584 1836 3637 τὸ

235 3674 434 3743 ,χρῆμα
457 3681 483 3719 3’
514 3670 973 3741 διοριζόμενοι.οἴ
1002 3688 1065 3740 γε
1104 3657 1215 3741 μὴν
1244 3673 1308 3725 ὲκ
1342 3673 1644 3743 περιτομῆς
1686 3690 1827 3726 κατ-

247 3764 476 3835 εφύοντο
525 3764 619 3817 τοῦ
666 3763 954 3834 Σωτῆρος,
1004 3763 1257 3832 λέγοντες
1313 3763 1597 3835 ἐναργῶς·
1641 3783 1659 3814 ι
1700 3764 1835 3835 Περὶ

244 3855 413 3909 καλοῦ
461 3855 626 3927 ἔργου
664 3858 725 3909 οὐ
761 3853 1053 3925 λιθάζομέν
1089 3871 1176 3919 σε,
1223 3854 1361 3909 ἀλλά
1414 3855 1546 3926 περὶ
1580 3854 1830 3926 βλασφη-

248 3947 413 4017 μίας·
457 3948 540 4001 ὅτι
573 3950 659 4016 σὺ,
702 3946 989 4018 ἄνθρωπος
1040 3944 1141 4013 ὢν,
1188 3950 1362 4011 ποιεῖς
1406 3947 1598 4002 ἑαυτὸν
1628 3946 1780 4000 Θεόν.
1810 3966 1828 4000 t

249 4041 371 4094 Ὅτι
405 4041 585 4094 τοίνυν
615 4042 675 4094 οὐ
711 4041 809 4112 τὴν
852 4041 1006 4112 παρά
1042 4058 1108 4110 γε
1162 4044 1274 4105 τοῖς
1319 4040 1693 4113 πλανωμένοις
1742 4042 1834 4095 πί-

248 4149 367 4186 στιν
402 4134 681 4203 ὲπιζητετ,
727 4133 825 4203 τὴν
867 4135 996 4205 παρ’
1038 4136 1172 4204 ήμῖν
1207 4133 1264 4187 δὲ
1308 4133 1510 4203 μᾶλλον
1547 4135 1660 4198 τοῖς
1699 4134 1836 4206 ὀρθά

247 4227 466 4296 φρονεῖν
492 4224 730 4292 εἰωθόσι,
760 4227 912 4280 πᾶσά
938 4243 1054 4289 πως
1074 4224 1291 4296 ἀνάγκη
1318 4224 1729 4288 διανενευκότας
1754 4227 1835 4288 είς

245 4318 504 4389 ἀλήθειαν
534 4318 839 4388 ὁμολογεῖν,
869 4318 952 4371 ὅτι
989 4318 1120 4382 Θεὸς
1148 4317 1291 4371 κατὰ
1325 4317 1487 4387 φύσιν
1513 4319 1541 4371 ὁ
1579 4310 1683 4371 καὶ(
1704 4318 1836 4382 Υἱὸς

246 4407 535 4481 ἀνθρώπου
564 4410 632 4463 δι’
674 4412 821 4481 ήμᾶς
852 4410 1124 4479 γεγονώςο
1155 4411 1242 4465 ἵνα
1278 4410 1353 4482 μὴ
1385 4413 1496 4473 τοῖς
1539 4410 1650 4465 τῶν
1697 4411 1834 4465 πλα-

246 4503 504 4573 νωμένων
534 4502 875 4574 ἐγκλήμασιν
905 4504 1135 4567 ἑαυτοὺς
1180 4503 1434 4570 ἐνιέντες,
1484 4503 1735 4574 λάθωμεν
1768 4504 1836 4558 τά

248 4595 341 4647 ἴσα
380 4597 597 4665 φρονεῖν
626 4595 895 4667 ᾑρημένοι
918 4635 933 4660 ,
986 4597 1083 4650 καὶ
1122 4595 1294 4667 μικρὰ
1338 4594 1657 4661 δοξάζοντες
1706 4596 1837 4667 περὶ

244 4684 508 4754 Χριστοῦ,
540 4684 792 4755 καθάπερ
816 4684 1009 4755 ἀμέλει
1040 4686 1305 4740 κάκεῖνοι.

317 4951 443 5007 ΝΘ.
484 4951 619 5025 Φησί
654 4970 757 5005 που
786 4951 1022 5023 Χριστός
1042 4967 1055 4981 ·
1091 4969 1111 5003 ι
1142 4951 1275 5006 Οὐδὲ
1305 4951 1415 5023 γάρ
1438 4953 1466 5005 ὁ
1494 4950 1686 5024 Πατὴρ
1714 4952 1836 5024 κρί-

244 5062 330 5098 νει
374 5045 585 5111 οὐδένα,
618 5044 755 5100 ἀλλὰ
794 5046 971 5099 πᾶσαν
1007 5044 1103 5113 τὴν
1143 5044 1323 5116 κρίσιν
1354 5044 1522 5098 ἔδωκε
1566 5043 1645 5115 τῷ
1686 5044 1831 5115 Υίῷ·

247 5135 337 5188 ἵνα
370 5136 569 5200 πάντες
599 5136 801 5207 τιμῶσι
832 5135 925 5189 τὸν
960 5134 1109 5199 Υίὸν,
1140 5133 1321 5197 καθὼς
1354 5134 1557 5206 τιμῶσι
1586 5133 1677 5187 τὸν
1720 5134 1833 5189 Ila-

244 5229 403 5301 τέρα.
429 5247 447 5279 ι
484 5229 592 5281 Καὶ
624 5228 804 5293 πάλιν,
842 5229 978 5300 ὅπερ
1011 5227 1269 5298 ἐλέγομεν
1303 5227 1504 5299 ἀρτίως
1530 5242 1542 5256 ·
1576 5245 1594 5277 ι
1626 5227 1836 5299 Ὥσπερ

1940 3488 1992 3541 ἰιι
2030 3488 2281 3541 insanum
2329 3502 2455 3540 mox
2505 3486 2833 3540 cachinnum
2866 3485 3157 3539 solvuntur
3183 3486 3363 3539 miseri
3393 3503 3408 3551 ;
3445 3497 3521 3547 et,

1938 3574 1983 3627 si
2014 3573 2283 3642 quispiam
2326 3573 2495 3627 Deum
2521 3573 2672 3626 illum
2710 3574 3094 3636 nominaverit,
3134 3576 3526 3644 indignabundi

1938 3665 2229 3719 confestim
2301 3664 2580 3728 resiliunt,
2633 3676 2687 3718 et
2738 3667 2844 3720 hoc
2876 3666 3369 3736 anthropolalriam
3403 3681 3526 3722 esse

1939 3754 2224 3810 definiunt.
2269 3755 2443 3812 Judaei
2472 3773 2691 3828 quoque
2733 3759 2786 3812 in
2845 3759 3128 3814 Christum
3175 3762 3524 3832 insurgentes

1939 3850 2114 3919 palam
2145 3850 2422 3919 objectare
2473 3869 2579 3908 non
2620 3853 2947 3907 dubitabunt.
2979 3871 2993 3908 :
3021 3873 3039 3903 ι
3084 3854 3158 3909 De
3186 3855 3328 3909 bono
3356 3871 3523 3924 apere

1940 3958 2046 3997 non
2097 3942 2403 4014 lapidamus
2458 3954 2537 4009 te,
2585 3944 2680 3999 sed
2740 3946 2806 3999 de
2846 3945 3222 4015 blasphemia,
3260 3949 3385 4016 quia
3442 3958 3521 4012 ιιι,

1937 4033 2101 4089 homo
2153 4050 2276 4090 cum
2328 4036 2425 4102 sis,
2482 4035 2614 4092 facis
2678 4036 2913 4107 teipsum
2968 4039 3138 4092 Deum
3187 4038 3258 4092 “.
3306 4058 3324 4091 ι
3383 4038 3522 4094 Cum

1937 4127 2199 4196 ejusmodi
2258 4144 2388 4200 ergo
2432 4129 2598 4185 fidem
2652 4141 2946 4187 exacturus
2992 4147 3098 4187 non
3154 4133 3250 4197 sit,
3300 4133 3519 4202 qualem

1930 4229 2188 4275 errantes
2242 4220 2465 4287 habent,
2517 4223 2612 4277 sed
2667 4223 2887 4293 qualem
2944 4239 3047 4279 nos
3102 4235 3372 4289 tenemus,
3427 4227 3523 4295 qui

1938 4320 2091 4367 recte
2143 4325 2340 4382 sapere
2394 4316 2830 4372 consuevimus:
2891 4316 3179 4372 veritatem
3232 4330 3523 4388 sequentes

1940 4402 2254 4458 necessario
2335 4402 2494 4459 fateri
2550 4416 2768 4474 oportet
2819 4422 2942 4462 eum
2995 4409 3087 4477 qui
3144 4413 3313 4465 nostri
3349 4424 3517 4465 causa

1936 4492 2110 4551 Filius
2158 4496 2396 4552 hominis
2448 4497 2623 4552 factus
2685 4508 2789 4563 est,
2837 4497 3007 4554 Deum
3057 4514 3180 4555 esse
3222 4503 3521 4555 secundum

1940 4596 2192 4641 naturam
2235 4604 2248 4639 :
2288 4603 2358 4643 ne
2393 4589 2645 4644 videlicet
2681 4590 2736 4646 in
2788 4590 3088 4645 errantium
3122 4592 3353 4646 crimina
3380 4592 3526 4646 ultro

1942 4694 2041 4734 nos
2080 4679 2427 4749 objicientes,
2472 4696 2570 4753 per
2609 4683 2883 4738 inscitiam
2932 4683 3038 4738 illis
3063 4682 3261 4737 similia
3302 4698 3521 4753 sapere,

1868 4756 1913 4812 Ῑ)
1943 4784 2107 4842 atque
2148 4773 2285 4829 adeo
2335 4774 2464 4829 vilia
2515 4777 2761 4845 quazdam
2812 4776 2881 4832 de
2918 4776 3138 4832 Christo
3186 4752 3411 4847 perinde
3459 4792 3523 4831 ac

1944 4864 2020 4918 illi
2045 4865 2338 4935 imaginari
2367 4868 2863 4937 deprehendamur.

2012 4954 2152 5013 LIX.
2192 4974 2211 5009 ι
2246 4956 2432 5029 Neque
2461 4959 2606 5012 enim
2638 4958 2824 5026 Pater,
2863 4960 2940 5014 ait
2982 4974 3196 5016 rursum
3242 4961 3522 5030 Christus,

1939 5048 2147 5118 iudicat
2185 5065 2545 5121 quemquam,
2576 5053 2670 5106 sed
2697 5068 2859 5107 omne
2882 5053 3323 5124 tjudicium'dedit
3350 5055 3523 5124 Filio;

1944 5149 2005 5193 ut
2048 5154 2239 5196 omnes
2288 5140 2654 5196 honorificent
2701 5141 2921 5210 Filium,
2967 5144 3109 5199 sicut
3158 5144 3526 5200 honorificam

1944 5226 2163 5284 Patrem
2192 5230 2258 5285 ".
2304 5249 2325 5282 ι
2362 5229 2430 5284 Ει
2478 5229 2704 5294 iterum,
2753 5231 2897 5300 quod
2948 5235 3108 5288 modo
3156 5232 3519 5288 dicebamus:

248 5317 359 5389 γὰρ
390 5319 419 5371 ὁ
452 5319 639 5391 Πατὴρ
674 5320 785 5391 ἔχει
830 5318 974 5391 ζωὴν
1004 5320 1062 5372 ὲν
1090 5318 1291 5389 ἑαυτῷ,
1322 5316 1497 5381 οὕτως
1542 5317 1709 5371 ἔδωκε
1744 5318 1841 5371 καὶ

1951 5337 1969 5370 ι
2013 5316 2170 5372 Sicut
2214 5319 2362 5375 enim
2402 5318 2562 5376 Pater
2598 5321 2763 5376 vitam
2798 5322 2961 5379 habet
2996 5324 3049 5379 in
3094 5323 3408 5396 semetipso,
3441 5323 3524 5379 sic

300 5475 368 5539 η¹⁸
399 5477 528 5533 Luc.
572 5493 723 5543 nm,
876 5478 928 5509 "
957 5476 1112 5533 Joan.
1147 5492 1199 5539 ς,
1231 5475 1313 5532 55.
1398 5475 1443 5517 ⁸⁷
1484 5473 1641 5530 Joan.
1673 5489 1724 5540 ν,
1754 5472 1848 5542 22,
1875 5472 1969 5528 23.

1352 5630 1522 5688 Variae
1555 5628 1815 5686 lectiones
1840 5627 2041 5687 codicis
2074 5626 2433 5698 Seguieriani.

321 5805 346 5837 ⁷
375 5794 647 5869 ὀνομάζοι.
728 5801 754 5839 1
779 5794 1030 5863 πρᾶγμα.

541 5892 813 5952 Panos.
860 5890 975 5949 (in.
1008 5884 1299 5948 LXXVI.-

3084 5886 3159 5945 45
