4132 6462
616 351 750 408 “l9

1643 346 1701 400 S.
1743 344 2017 401 CYRILLI
2057 343 2526 399 ALEXANDRINI
2565 346 2883 403 ARCIIIEP.

3750 343 3881 400 μω

616 473 766 525 dedit
822 478 876 524 et
926 468 1065 525 Filio
1108 468 1273 523 vitam
1314 466 1518 521 habere
1551 466 1605 521 in
1636 468 1938 538 semetipso
1974 485 1988 522 :
2018 477 2071 520 et
2100 483 2184 536 po-

2301 468 2380 537 τῷ
2417 467 2531 539 Υἱῷ
2561 468 2706 539 ζωὴν
2748 468 2894 541 ἔχειν
2932 470 2990 523 ὲν
3020 469 3235 540 ἑαυτῷ’
3267 471 3358 524 καὶ
3393 469 3646 537 ἐξουσίαν
3684 468 3883 523 ἔδωκεν

612 570 870 615 testatem
918 560 1062 615 dedit
1119 559 1168 614 ei
1198 566 1254 613 et
1297 557 1565 627 judicium
1618 558 1820 622 facere,
1852 558 1976 626 quia
2018 556 2193 612 Filius

615 652 853 708 hominis
903 661 987 705 est
1036 650 1107 706 ⁸⁸.
1164 668 1184 702 ι
1243 651 1405 705 Canit
1464 650 1663 705 alicubi
1718 650 1913 705 beatus
1965 650 2188 704 David:

619 763 639 795 ‹
673 742 938 811 Quoniam
988 740 1135 796 Deus
1174 739 1345 809 judex
1396 750 1479 795 est
1508 741 1577 794 ⁵³.
1620 759 1639 791 ι
1676 740 1818 807 Quin
1871 749 1923 794 et
1970 740 2191 810 quidam

615 851 830 907 quoque
851 852 915 891 ex
946 835 1147 890 Christi
1183 835 1466 904 discipulis
1508 849 1673 888 unum
1707 834 1965 904 judicem,
1999 849 2194 886 unum-

613 944 721 998 que
779 928 1145 997 legislatorem
1205 939 1325 979 esse
1375 924 1564 979 scribit
1612 924 1680 980 ⁶⁰.
1728 923 1871 992 Ergo
1916 920 2193 990 iudicandi

612 1023 909 1074 auctoritas
957 1019 1007 1073 in
1055 1017 1261 1073 nullum
1311 1016 1477 1071 alium
1506 1017 1803 1070 convenire
1850 1023 2046 1084 potest,
2084 1012 2191 1069 nisi

614 1113 667 1167 in
710 1128 831 1166 eum
865 1110 1039 1165 solum
1083 1110 1172 1179 qui
1214 1118 1297 1163 est
1339 1108 1581 1161 omnium
1618 1107 1900 1170 Dominus,
1936 1105 2038 1160 hoc
2074 1114 2183 1171 est;

614 1204 668 1258 in
719 1204 909 1257 Deum.
959 1200 1246 1268 Quomodo
1279 1214 1410 1269 ergo
1443 1198 1581 1252 Filio
1637 1196 1875 1253 hominis
1921 1196 2190 1266 judicium

616 1295 879 1351 tradidit?
935 1293 1067 1347 Nam
1118 1292 1162 1347 si
1222 1305 1340 1345 eam
1388 1290 1465 1345 illi
1519 1300 1841 1360 potestatem
1882 1290 2031 1355 fecit,
2074 1298 2194 1343 tan-

615 1402 773 1455 quam
811 1386 898 1438 uni
937 1384 1092 1438 nobis
1119 1382 1308 1448 simili,
1364 1382 1639 1451 quomodo
1700 1396 1861 1436 verax
1906 1381 2012 1435 erit
2063 1384 2190 1434 dum

612 1476 733 1530 ait:
781 1493 798 1525 ι
837 1472 1075 1528 Gloriam
1136 1486 1309 1524 meam
1359 1472 1519 1524 alteri
1566 1485 1674 1525 non
1726 1470 1869 1524 dabo
1913 1469 2006 1523 “ll
2056 1488 2074 1521 ι
2109 1469 2191 1522 Ad

612 1567 704 1620 Dei
749 1565 892 1619 enim
926 1563 1151 1632 gloriam
1183 1562 1441 1632 pertinet,
1487 1560 1753 1634 judicium
1795 1576 2076 1616 exercere.
2133 1561 2188 1616 Si

614 1669 797 1711 autem
825 1655 1171 1725 jndieiariam
1213 1661 1537 1723 potestatem
1588 1651 1728 1707 Filio
1773 1654 1847 1707 ita
1883 1655 2193 1708 communi-

610 1749 778 1810 cavit,
830 1755 889 1799 ιιι
924 1745 1040 1815 ipse
1088 1754 1267 1797 tamen
1310 1753 1534 1813 propter
1574 1743 1892 1799 sub5tantia:
1930 1745 2186 1800 identita-

611 1838 1017 1910 temjudicandi
1041 1836 1131 1904 jus
1164 1852 1269 1891 non
1304 1837 1576 1902 amiserit,
1628 1848 1683 1892 et
1714 1837 1804 1893 ille
1838 1838 2190 1894 nihilominus

608 1934 699 2002 qui
728 1932 974 1999 accepit,
1006 1930 1175 1984 Filius
1213 1930 1283 1983 sit
1308 1928 1574 1996 hominis,
1624 1931 1897 1999 quomodo
1930 1931 2188 1986 omnibus

610 2024 957 2079 manifestum
1006 2038 1113 2076 non
1170 2023 1229 2074 iit
1290 2022 1557 2085 Verbum,
1604 2031 1824 2092 propter
1860 2022 2184 2078 ineffabilem

610 2117 754 2170 illam
803 2131 869 2168 ex
922 2115 1030 2168 Deo
1084 2111 1247 2167 Patre
1295 2113 1748 2183 generationem,
1807 2112 1974 2167 Deum
2030 2130 2184 2183 esse;

609 2208 862 2276 idemque
911 2219 1150 2269 rursum,
1197 2214 1485 2274 propterea
1539 2204 1681 2273 quod
1747 2205 1898 2258 carni
1954 2206 2188 2271 unitum,

608 2298 942 2367 perindeque
980 2310 1044 2350 ac
1077 2311 1173 2349 nos
1204 2309 1272 2349 ex
1315 2296 1543 2349 muliere
1578 2306 1763 2351 natum
1797 2306 1900 2359 est,
1951 2298 2188 2352 hominis

608 2389 804 2444 Filium
852 2388 1014 2443 esse?
1063 2387 1198 2441 Cum
1245 2402 1375 2457 ergo
1426 2385 1629 2443 Judmis
1681 2387 1854 2443 dicit:
1910 2408 1925 2439 ι
1955 2389 2068 2443 Cur
2103 2405 2189 2444 me

606 2479 854 2548 quaeritis
888 2479 1199 2532 interficere
1229 2479 1529 2543 hominem,
1573 2480 1666 2549 qui
1705 2482 1993 2536 veritatem
2036 2482 2187 2537 vobis

606 2572 817 2626 locutus
857 2584 975 2623 sum
1007 2568 1092 2623 “‘3
1132 2588 1152 2621 ι
1189 2578 1243 2623 οι
1280 2584 1494 2623 rursum
1542 2588 1558 2625 :
1598 2589 1616 2621 ι
1648 2569 1819 2627 Nemo
1854 2575 2097 2629 ascendit
2133 2577 2186 2630 in

606 2661 805 2716 coelmn
860 2659 964 2713 nisi
1025 2659 1116 2728 qui
1168 2660 1447 2715 descendit
1493 2662 1561 2717 de
1608 2663 1771 2726 coelo,
1806 2662 1976 2720 Filius
2006 2666 2185 2719 homi-

606 2751 799 2818 nis“;
857 2768 877 2803 ι
926 2760 980 2804 et
1020 2740 1214 2804 iterum
1267 2770 1281 2807 :
1332 2769 1350 2803 ι
1424 2752 1490 2807 Ει
1549 2753 1694 2808 Sicut
1748 2755 1960 2825 Moyses
2018 2758 2181 2827 180

605 2843 868 2898 exaltavit
915 2852 1221 2905 serpentem
1250 2844 1302 2897 in
1337 2845 1575 2910 deserto,
1620 2846 1692 2900 ita
1719 2847 1947 2903 exaltari
1976 2860 2188 2919 oportet

604 2935 803 2990 Filium
854 2934 1093 2989 hominis
1126 2935 1215 2999 “;
1264 2954 1283 2987 ›
1321 2946 1418 2990 aut
1460 2952 1585 2991 cum
1637 2938 1703 2993 de
1737 2939 1919 3009 seipso
1954 2941 2026 2994 ita
2060 2942 2134 2994 ait
2168 2959 2181 2994 :

608 3046 630 3079 ι
667 3024 837 3081 Filius
864 3027 1009 3081 enim
1047 3026 1284 3082 hominis
1311 3038 1575 3086 venturus
1598 3042 1680 3084 est
1716 3031 1768 3084 in
1800 3032 1970 3099 gloria
2005 3032 2184 3089 Patris

2295 559 2445 629 αὐτῷ
2475 560 2570 612 καὶ
2604 560 2785 631 κρίσιν
2829 561 3027 623 ποιεῖν,
3062 561 3145 613 ὅτι
3184 560 3313 624 Υἱὸς
3368 561 3660 631 ἀνθρώπου
3694 559 3831 613 ἐστί.
3856 578 3875 610 ι

2294 648 2500 703 Ψάλλει
2525 650 2583 703 δέ
2620 667 2721 703 που
2766 651 2858 704 καὶ
2887 652 2916 703 6
2953 652 3222 723 μακάριος
3251 653 3413 706 Δαυῖδ
3434 670 3448 681 ·
3485 672 3507 705 ε
3538 653 3664 705 Ὅτι
3695 655 3724 705 6
3752 651 3883 714 Θεὸς

2294 742 2485 812 κριτής
2538 743 2676 795 ἐστι.
2707 761 2726 792 ι
2772 743 3023 813 Γέγραφε
3056 743 3113 796 δὲ
3160 744 3256 797 καὶ
3302 746 3331 798 6
3381 744 3547 798 αὐτοῦ
3590 744 3879 814 μαθητής⁸

2301 851 2319 884 ι
2354 828 2450 897 Εἷς
2488 834 2638 886 ἐστιν
2663 836 2691 887 6
2724 834 3023 904 νομοθέτης
3056 836 3151 889 καὶ
3184 837 3401 909 κριτής.
3435 855 3457 887 ι
3494 834 3705 889 Οὐκοῦν
3755 835 3885 904 πρέ-

2296 940 2387 978 ποι
2418 925 2484 979 ἂν
2512 926 2610 996 οὐχ
2652 927 2823 997 ἑτέρῳ
2866 928 2973 980 τινὶ
3013 927 3123 981 τῶν
3170 928 3339 982 ὄντων
3366 928 3425 981 τὸ
3457 927 3688 1000 κρίνειν,
3744 926 3883 995 πλὴν

2294 1019 2377 1072 ὅτι
2414 1019 2558 1089 μόνῳ
2587 1019 2664 1090 τῷ
2689 1020 2781 1085 ἐπὶ
2812 1020 3029 1073 πάντων
3058 1019 3197 1092 Θεῷ.
3229 1020 3354 1084 Πῶς
3382 1016 3474 1074 οὖν
3521 1020 3723 1073 ἔδωκεν
3752 1017 3883 1071 αὐτὸ

2294 1108 2374 1178 τῷ
2422 1110 2535 1179 Υἰῷ
2581 1109 2922 1181 ἀνθρώπους
2957 1110 3022 1164 Ei
3073 1111 3172 1182 μὲν
3228 1107 3322 1165 οὖν
3361 1111 3437 1173 ὡς
3476 1111 3558 1163 ἐνὶ
3604 1110 3715 1162 τῶν
3762 1108 3882 1161 καθ’

2296 1202 2464 1272 ἡμᾶς,
2498 1202 2614 1265 πῶς
2657 1202 2947 1275 ἀληθεύσει
2994 1204 3202 1273 λέγων·
3244 1223 3262 1255 ι
3298 1203 3410 1274 Τὴν
3454 1203 3614 1268 δόξαν
3652 1219 3757 1271 μου
3787 1200 3881 1269 οὑχ

2297 1292 2470 1362 ἑτέρῳ
2501 1292 2691 1359 δώσω;
2724 1313 2742 1344 ι
2783 1294 2920 1347 Θεοῦ
2967 1294 3076 1364 γὰρ
3123 1295 3251 1361 δόξα
3282 1294 3344 1348 τὸ
3390 1290 3527 1347 εἶναι
3561 1294 3784 1362 κριτήν.
3823 1292 3881 1343 El

2295 1383 2352 1437 δὲ
2374 1384 2495 1447 δοὺς
2514 1385 2645 1438 αὐτὸ
2670 1384 2746 1454 τῷ
2762 1384 2875 1456 Υίῷ
2900 1386 3001 1439 οὐκ
3027 1385 3131 1452 ἔξω
3157 1386 3347 1454 γέγονε
3375 1384 3467 1437 τοῦ
3497 1383 3701 1454 κρίνειν
3723 1380 3880 1443 αὐτὸς

2293 1476 2383 1529 διὰ
2420 1477 2519 1546 τὴν
2548 1478 2855 1548 ταυτότητα
2890 1478 2992 1547 τῆς
3021 1478 3205 1540 οὐσίας
3227 1493 3243 1508 ⁶
3272 1477 3387 1530 ἔστι
3411 1477 3466 1531 δὲ
3494 1478 3523 1529 6
3549 1473 3735 1528 λαὸὼν
3758 1473 3881 1536 Υἱὸς

2296 1567 2621 1639 ἀνθρώπου·
2661 1569 2777 1633 πῶς
2823 1571 2921 1640 οὐχ
2957 1570 3159 1624 ἅπασιν
3193 1571 3456 1639 ἐναργὲς,
3494 1570 3578 1621 ὅτι
3614 1568 3749 1629 Θεὸς
3784 1567 3882 1635 μέν

2297 1664 2445 1716 ἐστιν
2484 1665 2513 1717 6
2546 1663 2717 1731 Λόγος
2758 1662 2848 1716 διὰ
2896 1662 2996 1734 τὴν
3042 1665 3108 1715 ἐκ
3143 1662 3279 1715 Θεοῦ
3312 1662 3523 1731 Πατρὸς
3566 1660 3881 1731 ἀπόρρητον

2294 1754 2573 1825 γέννησιν,
2597 1756 2626 1806 6
2646 1754 2809 1818 αὐτὸς
2837 1755 2893 1807 δὲ
2925 1756 3019 1807 καὶ
3050 1755 3178 1819 Υίὸς
3213 1753 3502 1837 ἀνθρώποέ)
3530 1752 3619 1806 διὰ
3652 1760 3713 1803 τὸ
3744 1750 3881 1821 ἠρῶ-

2296 1845 2419 1899 σθαι
2467 1846 2666 1917 σαρκὶ,
2704 1846 2797 1898 καί¹
2847 1845 2965 1898 καθ’
2993 1847 3145 1915 ἡμᾶς
3179 1846 3468 1915 ὑπομεῖναι
3518 1843 3774 1912 γέννησιν
3818 1842 3882 1892 ὲκ

2294 1938 2594 2008 γυναικός;
2622 1939 2791 1990 Ὅταν
2819 1933 2912 1991 οῦν
2939 1938 3073 2009 λέγῃ
3123 1937 3259 2008 πρὸς
3294 1936 3586 1999 Ἰουδαίους
3606 1951 3622 1965 ο
3663 1955 3681 1986 ι
3711 1934 3780 1985 Τί
3815 1950 3880 2003 με

2294 2030 2509 2099 ζητεῖτε
2538 2030 2863 2082 ἀποκτεῖναι
2893 2027 3202 2099 ἄνθρωπον,
3230 2027 3287 2092 ὃς
3331 2028 3430 2098 τὴν
3463 2027 3723 2096 ἀλήθειαν
3755 2026 3882 2094 ὑμῖν

2290 2123 2590 2193 λελάληκα;
2622 2142 2641 2175 ι
2672 2122 2780 2175 Καὶ
2809 2121 2967 2174 πάλιν
2987 2136 3002 2151 ⁸
3032 2141 3050 2172 ι
3082 2109 3189 2174 Καὶ
3218 2120 3391 2183 οὐδεὶς
3421 2118 3766 2187 ἀναϐέϐηκεν
3802 2118 3884 2179 εἰς

2290 2215 2380 2270 τὸν
2407 2215 2654 2287 οὐρανὸν,
2687 2216 2734 2267 εἰ
2775 2215 2850 2285 μὴ
2881 2217 2909 2267 6
2945 2214 3010 2266 ὲκ
3040 2213 3135 2266 τοῦ
3170 2213 3399 2284 οὐρανοῦ
3427 2211 3672 2273 καταϐὰς
3697 2214 3725 2263 6
3753 2210 3884 2271 Υἱὸς

2289 2310 2384 2363 τοῦ
2432 2307 2741 2380 ἀνθρώπου.
2776 2327 2793 2358 ι
2836 2308 2947 2359 Καὶ
2983 2306 3146 2360 πάλιν
3168 2322 3181 2336 ο
3217 2325 3235 2357 ι
3268 2307 3379 2359 Καὶ
3424 2304 3606 2368 καθὼς
3636 2304 3885 2371 Μωῦσῆς

2292 2401 2474 2471 ὕψωσε
2506 2402 2597 2454 τὸν
2634 2400 2759 2470 ὅφιν
2791 2399 2849 2452 ὲν
2896 2402 2961 2471 τῇ
3006 2401 3219 2471 ἐρήμῳ,
3266 2397 3441 2461 οὕτως
3486 2396 3772 2467 ὑψωθῆναι
3804 2395 3883 2446 δεῖ

2288 2494 2379 2547 τὸν
2406 2492 2534 2545 Υίὸν
2558 2491 2651 2545 τοῦ
2679 2490 2989 2563 ἀνθρώπου.
3020 2510 3038 2542 ι
3064 2492 3136 2543 ’Ἡ
3163 2491 3291 2543 ὅταν
3320 2490 3454 2561 λέγῃ
3484 2490 3610 2561 περὶ
3640 2488 3840 2541 ἑαυτοῦ
3863 2504 3881 2518 ν

2294 2605 2311 2638 ι
2346 2586 2545 2641 Μέλλει
2577 2586 2687 2654 γὰρ
2724 2585 2752 2637 6
2784 2585 2910 2646 Υίὸς
2954 2583 3048 2637 τοῦ
3084 2582 3373 2654 ἀνθρώπου
3414 2581 3671 2653 ἔρχεσθαι
3707 2582 3767 2633 ὲν
3811 2583 3880 2651 τῇ

2285 2679 2410 2750 δόξῃ
2452 2677 2547 2730 τοῦ
2583 2677 2796 2750 Πατρὸς
2828 2675 2991 2730 αὑτοῦ
3031 2676 3169 2746 μετά
3196 2674 3306 2727 τῶν
3350 2675 3523 2743 ἁγίων
3556 2672 3831 2741 ἀγγέλων.
3857 2694 3878 2721 ι

2287 2772 2395 2825 Καὶ
2423 2770 2618 2823 ττάλιν·
2654 2789 2670 2820 t
2700 2768 2833 2822 Τίνα
2868 2785 2933 2838 με
2962 2767 3209 2835 λέγουσιν
3236 2768 3285 2819 οί
3326 2767 3601 2837 ἄνθρωποι
3622 2760 3763 2817 εἶναι
3786 2763 3884 2815 τὸν

2286 2863 2415 2917 Υἱὸν
2441 2862 2531 2916 τοῦ
2565 2859 2883 2933 ἀνθρώπους
2916 2880 2934 2911 ι
2968 2859 3040 2913 Ἦ
3068 2860 3161 2912 καὶ
3190 2858 3552 2923 ἁπαξαπλῶς,
3585 2858 3781 2920 ὁσάκις
3812 2856 3885 2908 ἂν

2286 2955 2573 3027 ἄνθρωπος
2607 2950 2936 3022 ὀνομάζεται
2978 2950 3131 3023 παρά
3168 2952 3235 3021 τῇ
3267 2949 3614 3018 θεοπνεύστῳ
3658 2949 3882 3021 Γραφῇ.

2286 3048 2386 3099 οὐκ
2423 3046 2527 3116 ίδίᾳ
2557 3045 2652 3097 καὶ
2684 3042 2788 3096 ἀνά
2823 3044 2987 3115 μέρος
3016 3041 3306 3113 ἄνθρωπον
3338 3037 3477 3094 εἷναί
3513 3058 3721 3111 φαμεν,
3749 3042 3884 3092 ἀποο

603 3119 689 3177 sui
717 3134 840 3172 cum
873 3118 1081 3187 angelis
1118 3119 1235 3172 suis
1268 3119 1353 3185 ‘3;
1391 3139 1409 3171 ι
1454 3131 1509 3175 et
1541 3120 1736 3174 iterum
1773 3138 1787 3175 :
1828 3142 1846 3174 ι
1893 3122 2062 3189 Quem
2098 3140 2181 3177 me

2290 3137 2626 3207 διαιροῦντες
2651 3136 2815 3190 αὐτοῦ
2887 3136 2977 3188 τὸν
3014 3136 3079 3187 ἐκ
3123 3132 3259 3187 Θεοῦ
3283 3133 3495 3204 Πατρὸς
3540 3134 3747 3201 Λόγον·
3785 3149 3882 3184 πι-

604 3212 792 3267 dicunt
826 3211 1071 3265 homines
1096 3224 1214 3265 esse
1242 3210 1437 3265 Filium
1470 3212 1709 3267 hominis
1738 3213 1783 3245 “
1810 3215 1833 3268 ?
1866 3235 1885 3267 ι
1921 3215 2176 3284 denique,

602 3310 664 3355 ut
706 3300 866 3354 unico
899 3299 1066 3352 verbo
1105 3298 1405 3365 absolvam,
1444 3301 1881 3373 quotiescunque
1925 3304 1979 3357 in
2036 3302 2184 3358 Scri-

605 3399 764 3460 ptura
827 3389 1415 3458 divinituslinspirata
1474 3392 1636 3446 homo
1681 3395 2014 3464 appellatur,
2075 3414 2182 3455 non

602 3483 880 3539 hominem
933 3496 1179 3537 seorsum
1244 3498 1340 3548 per
1387 3500 1468 3548 se,
1542 3482 1723 3541 Verbo
1776 3489 1919 3556 quod
1961 3504 2026 3543 ex
2071 3488 2184 3546 Deo

600 3582 687 3630 est
710 3572 950 3638 secluso,
987 3580 1167 3626 mente
1205 3572 1568 3642 concipimus,
1622 3576 1715 3629 sed
1761 3577 1942 3644 potius
1997 3582 2179 3633 credi-

603 3680 725 3720 mus
780 3663 877 3719 Dei
911 3661 1154 3718 Verbum
1187 3664 1583 3734 dispensatorie
1611 3674 1829 3735 propter
1865 3683 1960 3721 nos
1986 3668 2180 3724 Filium

600 3754 843 3811 hominis
897 3752 1122 3816 factum,
1180 3753 1470 3807 divinitate
1502 3755 1719 3808 interim
1748 3755 1893 3810 nulla
1928 3770 1994 3811 ex
2028 3769 2182 3826 parte

600 3847 801 3900 amissa
855 3853 949 3898 aut
997 3843 1352 3909 labefactata,
1425 3856 1480 3899 et
1522 3862 1686 3901 unum
1724 3863 1845 3904 esse
1889 3848 2178 3905 Dominum

600 3944 847 3990 nostrum
909 3933 1093 3990 Jesum
1153 3935 1454 3990 Christum.
1517 3936 1584 3991 Et
1646 3939 1771 3995 ideo
1837 3957 1943 3996 non
2003 3953 2182 4011 potest

598 4042 811 4082 summa
857 4043 978 4093 eum
1031 4028 1311 4098 impietate
1357 4029 1709 4099 coniunctum
1743 4048 1850 4088 non
1879 4049 2021 4100 esse,
2056 4046 2181 4106 post

599 4116 927 4173 indivulsam
977 4118 1125 4173 illam
1182 4120 1714 4191 inseparabilemque
1769 4125 2024 4180 unionem
2060 4143 2181 4197 qua:

598 4223 814 4262 onmem
838 4209 1061 4264 omnino
1085 4218 1140 4264 et
1171 4211 1373 4266 mentis
1416 4220 1469 4266 et
1502 4214 1731 4269 rationis
1759 4225 1977 4284 captum
2016 4232 2180 4274 exce-

598 4296 674 4350 dit
710 4297 1023 4366 plurimum,
1072 4299 1117 4353 si
1170 4300 1293 4368 quis
1325 4316 1490 4354 unum
1525 4301 1577 4355 in
1619 4303 1753 4359 duos
1783 4303 2032 4363 Christos
2087 4318 2178 4364 aut

598 4386 740 4441 ﬁlios
769 4387 997 4441 dividat.
1033 4389 1306 4447 Cancrum
1339 4392 1384 4448 si
1424 4392 1511 4447 cui
1548 4395 1766 4450 animus
1796 4407 1965 4465 esset,
1994 4402 2177 4455 omnia

2289 3226 2553 3295 στεύομεν
2599 3227 2657 3278 δὲ
2707 3224 2905 3295 μᾶλλον
2955 3226 3035 3278 ὅτι
3087 3224 3181 3278 καὶ
3222 3224 3354 3286 Θεὸς
3399 3224 3548 3276 ἐστιν
3586 3222 3880 3293 ἀληθινὸς,

2285 3317 2473 3386 γέγονε
2504 3317 2559 3370 δὲ
2592 3317 2685 3370 καὶ
2732 3317 2858 3379 Υἱὸς
2900 3315 3186 3387 ἀνθρώπου
3217 3316 3285 3368 δι’
3328 3317 3483 3387 ἡμᾶς
3513 3316 3884 3385 οἰκονομικῶς

2288 3408 2425 3477 μετὰ
2451 3408 2543 3461 τοῦ
2573 3411 2750 3479 μεῖναι
2775 3418 2796 3445 ³
2836 3408 2989 3474 Θεὸς,
3037 3409 3131 3462 καὶ
3161 3403 3242 3472 εἷς
3273 3410 3389 3461 ἐστι
3425 3408 3631 3479 Κύριος
3664 3406 3883 3478 Ἰησοῦς

2285 3497 2538 3567 Χριστός,
2577 3496 2799 3559 Ἀσεϐὲς
2826 3496 2882 3550 δὲ
2914 3496 3032 3550 λίαν
3065 3498 3127 3549 τὸ
3167 3497 3422 3569 διορίζειν
3462 3499 3542 3560 είς
3582 3497 3676 3550 δύο
3724 3497 3883 3559 υἱοὺς

2285 3589 2380 3643 καὶ
2415 3588 2508 3642 δύο
2540 3588 2843 3657 Χριστοὺς,
2879 3588 3018 3658 μετά
3045 3588 3145 3660 τὴν
3183 3589 3555 3642 ἀδιάσπαστον
3583 3588 3806 3651 ἕνωσιν,
3842 3588 3878 3659 ἤ

2284 3680 2380 3732 καλ⁵
2407 3678 2500 3733 νοῦ
2534 3679 2626 3732 καὶ
2653 3678 2810 3747 λόγου
2846 3681 3045 3742 παντὸς
3075 3680 3336 3733 ἐπέκεινά
3371 3680 3431 3732 τέ
3458 3682 3574 3734 ἐστι
3606 3682 3702 3733 καὶ
3734 3682 3881 3733 ἀνωο

2283 3773 2449 3825 τάτω.
2483 3772 2591 3825 Καὶ
2622 3768 2690 3842 ἦν
2728 3772 2827 3841 μὲν
2874 3772 3003 3835 ἴσως
3041 3773 3101 3824 οὗ
3137 3771 3395 3843 δυσχερὲς
3441 3773 3583 3838 ἀγαν
3618 3776 3729 3835 τοῖς
3758 3772 3882 3826 ἐθέ-

2283 3864 2433 3917 λουσι
2467 3863 2773 3934 βασανίζειν
2819 3864 3039 3917 ἅπαντα
3075 3863 3144 3916 τά
3192 3865 3321 3935 περὶ
3347 3863 3582 3935 Χριστοῦ
3622 3882 3880 3937 γεγραμ-

2286 3956 2456 4027 μένα,
2503 3957 2596 4009 καὶ
2644 3956 2908 4009 πλειόνων
2952 3957 3173 4009 ἐννοιῶν
3232 3955 3561 4027 ποιήσασθαι
3612 3957 3714 4028 τὴν
3762 3974 3874 4010 πα-

2288 4047 2532 4119 ράθεσιν·
2572 4047 2687 4101 ἀλλ’
2723 4048 2881 4117 ἴσμεν
2915 4047 2974 4100 τὸ
3019 4048 3432 4119 γεγραμμένον
3464 4067 3482 4099 t
3511 4048 3664 4100 Δίδου
3717 4048 3870 4117 σοφῷ

2283 4140 2554 4210 ἀφορμὴν,
2602 4140 2695 4192 καὶ
2745 4138 3049 4210 σοφώτερος
3095 4140 3266 4193 ἔσται.
3298 4159 3316 4191 ι
3355 4140 3663 4210 Ποδηγήσει
3695 4141 3805 4210 γὰρ
3838 4143 3870 4192 6
3922 4180 3932 4191 ρ

2282 4228 2389 4283 τῶν
2420 4230 2557 4283 ὅλων
2593 4229 2723 4292 Θεὸς
2747 4230 2834 4283 διὰ
2875 4231 2968 4283 τοῦ
2997 4230 3154 4298 ἁγίου
3188 4230 3507 4302 Πνεύματος
3548 4232 3649 4294 τὰς
3684 4231 3875 4299 θεοφι-

2282 4322 2543 4385 λεστάτας
2595 4322 2750 4393 ὑμῶν
2796 4321 3015 4385 ἀκοὰςει
3063 4322 3148 4385 είς
3187 4339 3251 4391 γε
3293 4323 3354 4376 τὸ
3388 4322 3650 4376 δύνασθαι
3694 4323 3877 4394 ὀρθῶς

2281 4418 2441 4470 νοεῖν.
2481 4414 2669 4485 Εὑρὼν
2697 4413 2806 4485 γὰρ
2835 4413 2977 4467 οῦτω
3006 4414 3241 4484 Χριστὸς
3274 4414 3331 4466 ὲν
3360 4414 3490 4483 ὑμῖν
3531 4413 3633 4483 τὴν
3682 4414 3875 4465 πίστιν

598 4494 721 4548 quae
772 4479 839 4535 de
882 4479 1103 4535 Christo
1154 4482 1353 4539 litteris
1414 4485 1734 4553 consignata
1789 4500 2024 4556 exstant,
2057 4493 2175 4547 dili-

2289 4505 2475 4574 ἀκλινῆ
2504 4479 2598 4557 καὶ
2622 4479 2913 4574 ἀεέεῄλον,
2944 4479 3277 4572 στεφανώσει
3304 4479 3708 4565 πλουσίως-τοῖς
3737 4502 3876 4554 ἀνω-

600 4571 816 4641 gentius
859 4574 1195 4641 examinare,
1250 4574 1327 4630 illi
1380 4577 1571 4648 utique
1596 4579 1741 4634 haud
1775 4581 1938 4637 nimis
1964 4583 2178 4642 diﬂicile

600 4663 745 4717 foret
786 4662 971 4733 plures
1020 4665 1201 4720 adhuc
1250 4665 1386 4721 alias
1432 4671 1734 4726 sententias
1787 4672 1937 4728 hisee
1987 4676 2176 4745 adjun-

596 4764 766 4828 gere';
805 4760 898 4814 sed
941 4760 1205 4829 scriptum
1242 4760 1494 4815 novimus
1530 4776 1546 4815 :
1581 4781 1601 4814 t
1641 4763 1714 4818 Da
1747 4767 1979 4837 sapienti
2013 4784 2177 4825 occa-

594 4851 835 4919 sionem,
882 4859 932 4906 et
979 4851 1282 4922 sapientior
1307 4851 1416 4906 erit
1449 4852 1511 4907 ".
1553 4871 1572 4906 ι
1609 4851 2001 4914 Universorum
2031 4861 2174 4919 Deus

2286 4596 2377 4649 θεν
2404 4594 2649 4662 ἀγαθοῖς,
2677 4593 2771 4646 καὶ
2798 4592 3229 4662 παμμακαριους
3255 4592 3544 4660 ἀποφανεῖ.
3575 4593 3735 4644 Πᾶσα
3759 4591 3873 4662 γάρ

2285 4686 2440 4759 ἡμῶν
2468 4685 2622 4748 ἐλπὶς
2647 4686 2707 4738 ὲν
2729 4684 2968 4756 Χριστῷ,
2994 4684 3061 4737 δι’
3087 4678 3147 4738 οὗ
3173 4686 3267 4737 καὶ
3295 4684 3415 4755 μεθ’
3436 4676 3499 4736 οῦ
3524 4682 3603 4753 τῷ
3632 4684 3811 4753 Πατρὶ
3838 4685 3872 4753 ἡ

2281 4777 2410 4843 δόξα
2439 4778 2534 4832 σὺν
2556 4777 2694 4849 ἀγίῳ
2719 4776 2999 4849 Πνεύματι
3023 4778 3103 4840 εἰς
3127 4778 3252 4841 τοὺς
3275 4776 3477 4840 αἰῶνας
3500 4775 3608 4829 τῶν
3630 4775 3870 4831 αἰώνων.

2294 4871 2348 4924 Ἀ
2360 4870 2488 4941 μήν.

595 4952 807 4996 mentes
862 4952 1090 5011 vestras,
1140 4944 1563 5014 religiosissima:
1607 4947 2001 5021 imperatrices,
2056 4973 2153 5027 per

2292 4963 2453 5017 ritum
2514 4970 2763 5017 sanctum
2825 4962 3047 5032 diriget,
3080 4971 3138 5017 ut
3203 4971 3416 5017 rectum
3459 4975 3684 5016 sensum
3716 4974 3872 5017 assc-

594 5033 687 5103 qui
744 5033 989 5102 possitis.
1044 5032 1269 5124 Etenim
1313 5034 1585 5124 iChristus
1636 5036 1896 5096 Dominus
1948 5044 2023 5099 ita
2069 5064 2166 5106 vos
2240 5032 2609 5124 comparatas,
2652 5052 2755 5109 hoc
2819 5064 2924 5119 est,
2965 5055 3119 5110 firma
3160 5069 3225 5109 ac
3290 5053 3474 5109 stabili
3513 5052 3621 5108 (ide
3642 5063 3871 5108 ornatas

594 5124 902 5189 inveniens,
953 5123 1268 5195 coelestibus
1309 5123 1466 5179 bonis
1518 5124 1726 5180 aﬂatim
1783 5128 2148 5206 locupletabit,
2226 5123 2495 5213 longeque
2542 5143 2886 5198 heatissimas
2929 5143 3144 5200 efﬁciet.
3186 5143 3377 5200 Omnis
3437 5162 3675 5219 namque
3744 5163 3871 5219 spes

594 5228 778 5275 "05m
830 5220 881 5273 ίη
921 5218 1146 5274 θιηίδιο
1176 5218 1280 5274 Sila
1315 5229 1399 5276 εει
1433 5238 1446 5275 ε
1483 5236 1581 5292 Per
1611 5238 1771 5292 quem
1804 5236 1858 5281 et
1891 5245 2015 5286 cum
2055 5249 2164 5303 quo
2200 5237 2349 5293 Patri
2372 5253 2495 5293 eum
2520 5238 2726 5309 Spiritu
2765 5248 2953 5296 sancto
3018 5240 3090 5296 sit
3149 5240 3320 5311 gloria
3354 5242 3408 5296 in
3440 5218 3640 5297 saecula
3705 5218 3873 5298 saecu-

592 5314 793 5372 lorum.
823 5314 1017 5370 Amen.

551 5439 556 5442 ’
665 5452 1087 5529 "_.l_oan_._v_,_26,
1113 5455 1207 5529 27.
1278 5456 1326 5529 _'_°
1353 5457 1497 5529 Psal.
1532 5475 1678 5529 xm,
1718 5462 1771 5517 6.

1877 5467 1928 5542 {o-
1952 5466 2066 5542 με,
2101 5485 2175 5531 ιν,
2205 5472 2289 5528 12.
2369 5473 2411 5505 ⁶¹
2447 5472 2550 5528 lsa.
2584 5488 2775 5542 sum,
2810 5474 2893 5530 ll.

3008 5474 3050 5507 ⁶²
3080 5472 3233 5531 Joan.
3272 5487 3391 5543 vm,
3426 5472 3515 5529 40.
3630 5472 3677 5505 ⁸⁸
3704 5468 3867 5528 Joan.

595 5524 795 5589 111,15.
872 5524 1195 5579 “tum”.
1273 5524 1805 5601 “illatth.xvt,27.
1886 5524 2184 5597 "unus

2289 5542 2333 5576 α
2358 5524 2651 5608 me};
2663 5524 2715 5598 9‘.

1678 5647 1849 5709 Variae
1890 5652 2152 5713 lectiones
2177 5656 2378 5714 codicis
2411 5658 2768 5729 Seguicriani.

665 5761 689 5790 ι
715 5746 871 5805 εἶναι.
948 5762 966 5784 ⁸
998 5753 1252 5817 διανοίας.
