4132 6460
150 375 154 379 -
224 308 359 406 εἰει

1405 342 1834 402 FRAGMENTA
1878 341 2303 401 DOGMA'I'ICA.

3359 338 3502 398 H22

228 476 3459 510 Μ

1424 643 2308 763 FRAGMENTA

804 870 920 935 EX
966 870 1356 934 OPERIBUS
1401 870 1904 935 DOGMATICIS
1948 869 2012 933 S.
2055 867 2377 933 CYRILLI
2422 867 2925 931 DEPERDITIS.

751 1323 919 1396 (1)02
953 1337 1232 1380 symacom:
1256 1338 1493 1380 nerecru
1532 1338 1630 1380 seu
1670 1337 2192 1379 TBANSNOIINATIONE
2225 1336 2419 1377 ABRAII
2455 1337 2507 1377 IN
2544 1336 2853 1377 tentatum
2887 1318 3009 1392 (l‘).

223 1498 338 1559 Τοῦ
374 1500 548 1571 ἀγΙου
597 1500 922 1571 Κυρίλλου,
970 1500 1045 1571 ἐκ
1093 1500 1426 1571 τοῦλόγου

290 1569 489 1641 γραφή
516 1586 530 1601 ·
572 1588 591 1622 ‹
644 1570 977 1635 Ἀπόδειξις
1021 1569 1119 1641 διὰ
1163 1570 1284 1641 τῶν
1325 1569 1605 1640 ἀρχῆθεν
1647 1588 1811 1641 γεγε-

289 1639 568 1720 ·ὶέημρνων
615 1642 791 1720 θείων·
838 1639 1134 1720 mquam.
1160 1640 1283 1706 τοῖς
1320 1639 1666 1720 θεσπεσίοις
1700 1639 1811 1694 πα-

289 1710 596 1793 τριάρχαις
639 1710 773 1778 περὶ
817 1710 928 1777 τῆς
957 1710 1257 1789 qualiﬁch
1303 1710 1401 1764 καὶ
1436 1711 1811 1780 μεταθέσεως

295 1798 418 1834 των
458 1779 763 1835 Ἰουδαίων
795 1780 893 1833 καὶ
922 1796 1042 1834 των
1072 1780 1263 1834 ἐθνων
1289 1780 1387 1852 (2).
1431 1800 1449 1833 ι

312 1893 376 1945 Ἥ
410 1892 504 1946 τοῦ
547 1892 797 1963 Ἀϐραὰμ
823 1893 1204 1963 ἀντωνομασία
1224 1894 1583 1966 κατείληπται
1613 1895 1811 1966 σημαί-

214 2000 389 2038 νουσα
433 1984 523 2036 τδν
560 1983 838 2053 τριαδικὸν
884 1983 1117 2053 ἀριθμὸν
1165 1984 1275 2038 τῶν
1326 1984 1634 2056 θεαρχικῶν
1677 1986 1810 2038 ὑπο-

219 2075 498 2128 στάσεων·
549 2074 671 2127 ἐπεὶ
704 2074 812 2145 γὰρ
847 2073 1069 2146 Ἀϐραμ
1124 2074 1417 2145 ὠνομάσθη
1464 2078 1492 2130 ὁ
1525 2077 1811 2137 Θεσπέσιος

218 2168 591 2239 πατριάρχης,
633 2166 884 2237 Ἀϐραὰμ
915 2167 1305 2238 ἀντωνομάσοη
1361 2167 1565 2225 θεόθεν.
1608 2169 1670 2221 Ei
1709 2168 1810 2237 μέν

215 2276 304 2321 τις
338 2257 512 2312 ἕλοιτο
541 2258 932 2330 διερμηνεῦσαι
961 2258 1130 2324 τουτὶ,
1158 2258 1253 2311 τοῦ
1285 2259 1547 2329 ὀνόματος
1586 2258 1649 2311 τὸ
1675 2276 1809 2329 προ-

214 2345 589 2417 καταρκτικδν
632 2350 895 2417 στοιχεῖον
923 2347 982 2400 τὸ
1025 2364 1059 2399 α
1103 2348 1250 2415 ἄγων
1288 2348 1424 2418 μετὰ
1468 2349 1561 2401 τοῦ
1602 2365 1809 2419 συνημ-

220 2436 387 2506 μένου
420 2438 514 2489 καὶ
546 2435 987 2508 συμπελάζοντος
1011 2436 1179 2507 αὐτῷ,
1203 2438 1297 2491 τοῦ
1331 2438 1360 2509 β
1399 2457 1564 2510 φημι,
1592 2440 1811 2503 πάντως

214 2528 445 2599 εὑρήσει
498 2529 619 2582 καθ’
671 2528 1087 2600 ὑπερϐιϐασμὸν
1132 2529 1227 2582 τοῦ
1266 2530 1404 2600 μετὰ
1434 2530 1496 2583 τὸ
1525 2548 1555 2602 ρ
1604 2550 1663 2597 α,
1713 2550 1810 2602 ση-

220 2621 414 2689 μαῖνον
462 2618 699 2685 Πατήρ’
750 2619 810 2672 τὸ
861 2623 970 2689 γὰρ
1008 2620 1143 2685 ἀϐὰ,
1188 2620 1387 2690 πατὴρ
1444 2622 1809 2693 ἑρμηνεύεται

215 2707 509 2778 δήπουθεν.
536 2710 598 2762 Εἰ
628 2708 684 2762 δέ
715 2726 777 2778 γε
811 2710 971 2763 πάλιν
998 2710 1341 2782 διῃρημένοις
1369 2712 1427 2765 τὸ
1464 2713 1712 2785 δεύτερον
1741 2717 1807 2783 τῇ

1431 1541 1446 1565 ,
1478 1496 1558 1571 οὗ
1613 1501 1651 1569 ἠ
1684 1500 1804 1553 ἐπι-

1907 1500 2296 1571 δαηειιξσυνιιιὲ
2323 1517 2386 1555 ea:
2415 1501 2548 1553 libro
2586 1501 2671 1553 cui
2704 1500 2889 1553 titulus
2917 1516 2931 1554 :
2972 1518 2990 1550 ι
3018 1497 3409 1571 Demonstratio
3430 1514 3498 1571 ea:

1981 1568 2172 1625 divinis
2206 1574 2274 1624 ad
2302 1572 2526 1640 inclyta:
2569 1572 2901 1637 patriarchas
2923 1568 3227 1640 editis_ol_im
3261 1569 3493 1621 oraculis

1982 1642 2125 1694 circa
2158 1638 2499 1695 mutationem
2528 1657 2590 1693 ac
2627 1640 3028 1695 translationem
3052 1638 3365 1693 luda’orum
3410 1649 3495 1692 at-

1980 1728 2078 1781 que
2099 1712 2440 1765 ethnicorum.
2485 1730 2507 1761 ι

1981 1887 2276 1943 Abrahami
2303 1886 2830 1941 transnominatione
2875 1884 3173 1956 signiﬁcari
3217 1886 3492 1955 comperi-

1912 1996 2033 2035 mus
2067 1978 2364 2034 ternarium
2394 1993 2681 2033 numerum
2705 1978 3009 2032 divinarum
3030 1976 3340 2032 sublimium
3365 1992 3490 2047 per-

1910 2085 2190 2126 sonarum.
2225 2068 2359 2123 Nam
2412 2084 2533 2123 cum
2586 2069 2784 2123 Abram
2837 2068 3202 2139 appellaretur
3260 2068 3492 2139 inclytus

1911 2162 2245 2230 patriarcha,
2268 2161 2544 2215 Abraham
2585 2161 2849 2215 divinitus
2877 2160 3341 2217 transnominatus
3367 2160 3489 2213 luit.

1911 2253 1966 2307 ld
1994 2254 2038 2308 si
2071 2254 2194 2322 quis
2224 2252 2756 2320 voletinterpretari,
2787 2254 3023 2306 nominis
3072 2252 3289 2321 quidem
3346 2251 3491 2318 prio-

1912 2361 2025 2399 rem
2070 2344 2307 2399 litteram
2338 2346 2403 2410 A,
2431 2358 2554 2398 cum
2591 2343 2843 2412 copulata
2892 2344 2992 2398 sibi
3033 2352 3087 2398 et
3145 2344 3392 2413 proxima
3428 2342 3488 2405 Β,

1911 2437 2133 2492 omnino
2160 2435 2483 2505 comperiet,
2515 2434 2658 2488 laeta
2708 2435 2873 2489 etiam
2920 2434 3240 2502 traiectione
3267 2433 3492 2486 alterius

1909 2529 1978 2590 A,
2012 2543 2131 2597 quae
2161 2537 2243 2581 est
2264 2535 2384 2596 post
2412 2526 2489 2591 Β,
2524 2526 2832 2595 signiﬁcare
2873 2535 3074 2594 patrem
3104 2540 3120 2578 :
3148 2526 3346 2579 etenim
3389 2524 3492 2577 aba

1916 2618 2012 2691 (3),
2052 2629 2254 2686 patrem
2287 2618 2729 2687 interpretamur.
2771 2616 2852 2683 |Si
2900 2617 3075 2671 denuo
3102 2616 3397 2671 secundam
3436 2616 3488 2667 in

1910 2712 2178 2780 positione
2208 2710 2466 2771 litteram.
2485 2708 2523 2760 Β
2556 2708 2800 2777 inquam,
2825 2708 3141 2777 separatim,
3163 2716 3217 2762 et
3235 2707 3489 2774 deinceps

215 2796 368 2851 θέσει
413 2801 695 2869 στοιχεῖον,
727 2799 873 2868 λέγω
914 2799 977 2870 δὴ
1016 2800 1075 2852 τὸ
1108 2799 1160 2871 β,
1211 2800 1350 2872 μετὰ
1397 2802 1490 2855 τοῦ
1524 2804 1804 2874 συνημμέ-

1914 2818 2039 2857 ευιη
2080 2800 2127 2853 R
2161 2815 2398 2869 quacum
2432 2798 2637 2861 unitur,
2671 2797 2943 2868 explicare
2971 2797 3223 2861 voluerit,
3264 2798 3486 2863 iterum,

213 2908 311 2943 vou
344 2892 437 2943 καὶ
466 2891 899 2963 συμπελάζοντος
930 2892 1077 2963 αὐτῴ
1117 2911 1168 2965 ρ,
1200 2894 1535 2965 διασαφῆσαι
1567 2895 1803 2967 Θελήσει,

217 2982 384 3036 πάλιν
415 2984 635 3055 εὑρήσει
682 2984 801 3036 καθ’
836 2985 1248 3056 ιῦπερὸιὸασμὸν
1283 2986 1544 3050 ὡσαύτως
1581 2988 1672 3040 τοῦ
1707 2989 1805 3042 αὑ-

216 3072 316 3127 τοῦ
368 3092 423 3138 α,
476 3076 741 3145 σημαῖνον
791 3077 956 3141 Υἱός·
1013 3076 1073 3128 τὸ
1120 3077 1229 3147 γὰρ
1273 3077 1420 3146 βὰρ,
1473 3078 1586 3141 υἱὸς
1631 3079 1805 3147 ἑρμη-

217 3164 436 3218 νεύεται
464 3166 750 3237 δήπουθεν.
790 3168 853 3219 Εἰ
895 3167 953 3220 δὲ
995 3167 1055 3221 τὸ
1087 3168 1299 3222 τελικὸν
1335 3170 1620 3240 στοιχεῖον,
1662 3168 1805 3237 λέγω

219 3255 287 3325 δὴ
314 3257 375 3309 τὸ
415 3274 475 3327 μ,
511 3255 648 3325 μετὰ
688 3257 781 3310 τοῦ
827 3259 1175 3330 συνημμένου
1225 3259 1317 3313 καὶ
1364 3259 1806 3330 συμπελάζοντος

219 3348 373 3420 αὑτῷ
427 3350 876 3419 προσαναγνῶναι
940 3352 1035 3405 καὶ
1095 3353 1430 3422 διασαφῆσαι
1494 3351 1804 3423 βουληθείη,
1852 3390 1860 3398 .

297 3530 375 3599 (l)
405 3529 508 3582 MAI
541 3528 862 3582 Bibliotheca
890 3546 1020 3581 nova
1046 3528 1285 3588 Patrum,
1314 3527 1403 3594 lll,
1423 3530 1549 3584 εει.

298 3602 399 3671 (ι’)
427 3599 736 3671 Gennadius
767 3614 885 3671 capp.
919 3599 985 3651 57
1029 3608 1085 3652 et
1131 3599 1230 3671 alii!
1256 3599 1487 3671 deindeA
1508 3608 1810 3671 memorant

218 3667 393 3725 libros
421 3668 607 3737 Cyrilli
640 3687 658 3719 ι
696 3667 771 3724 De
814 3670 1109 3738 Synagoga:
1139 3669 1369 3722 delectu.
1407 3689 1425 3719 ι
1463 3668 1809 3736 Pastrengius

219 3751 406 3794 autem
441 3740 763 3792 Veronensis
796 3739 983 3793 scribit
1013 3757 1025 3791 :
1052 3738 1281 3793 Exstare
1327 3741 1579 3793 dicuntur
1606 3747 1662 3793 et
1686 3739 1805 3792 libri

214 3810 411 3881 ς]τίμὶ
446 3809 519 3862 [)ε
559 3809 857 3881 Syuagogte
891 3809 1124 3881 defectu.
1152 3807 1269 3881 .lam
1308 3825 1436 3863 vero
1489 3824 1608 3881 eum
1647 3809 1806 3881 istius

218 3879 305 3934 De
340 3879 633 3948 Synagogte
659 3880 863 3947 defectu
892 3879 1072 3946 operis
1117 3880 1403 3948 vestigium
1438 3880 1638 3932 nullum
1672 3879 1802 3931 mihi

218 3956 564 4010 occurreret,
600 3949 697 4016 legi
728 3950 943 4001 demum
977 3949 1116 4017 apud
1166 3948 1482 4001 Bandinium
1518 3951 1568 4001 iu
1598 3949 1771 4001 deseri

1909 2899 2033 2959 post
2070 2890 2118 2943 Α
2166 2890 2421 2957 ejectum,
2452 2890 2549 2958 ﬁlii
2584 2889 3032 2957 significationem
3068 2890 3299 2958 reperiet
3335 2887 3486 2960 (3‘).]

1910 2982 2022 3039 Bar
2055 2984 2199 3039 enim
2229 2984 2320 3038 lilii
2349 2984 2468 3039 loco
2492 2992 2593 3040 est.
2614 2983 2768 3050 Quod
2793 2985 2836 3038 si
2868 2993 3196 3053 postremam
3229 2983 3487 3045 litteram,

1912 3079 1963 3134 id
1986 3088 2072 3133 est
2098 3077 2169 3143 Μ,
2195 3092 2316 3133 cum
2358 3077 2606 3144 copulata
2642 3074 2746 3130 sibi
2776 3086 2831 3129 et
2860 3076 3101 3143 proxima
3133 3073 3200 3140 A,
3231 3073 3410 3144 legere
3434 3084 3492 3127 et

1910 3171 2183 3240 explicare
2206 3170 2327 3239 quis
2368 3169 2603 3223 voluerit
2651 3169 2928 3223 contrario
2986 3167 3198 3231 ordine,
3228 3167 3486 3231 inveniet,

1911 3268 2187 3329 assumpta
2218 3258 2379 3314 simul
2404 3258 2590 3315 eadem
2619 3258 2685 3323 It,
2722 3259 2979 3319 inveniet,
3004 3257 3245 3326 inquam,
3276 3256 3486 3325 signiti-

1914 3361 2097 3404 catum
2122 3347 2414 3402 altissimus
2435 3350 2477 3416 ιλ
2498 3362 2689 3418 reapse
2722 3348 2868 3402 enim
2917 3364 3031 3401 mar
3079 3348 3156 3419 (4)
3192 3348 3493 3418 explicatur

1914 3527 2017 3591 eis,
2052 3540 2296 3596 peneque
2359 3541 2549 3580 omnes
2605 3536 2854 3582 auctores
2889 3528 2979 3596 qui
3020 3529 3087 3583 ad
3127 3529 3303 3582 locum
3336 3527 3485 3583 illum

1912 3596 2188 3651 Geneseos
2250 3613 2380 3660 xvu,
2415 3596 2467 3658 5,
2501 3598 2847 3667 cpmmentati
2899 3607 3047 3658 sunt,
3090 3599 3322 3653 nominis
3366 3598 3486 3667 ejus

1910 3676 2129 3735 etymon
2153 3667 2469 3736 attigerunt.
2518 3664 2661 3719 Duos
2704 3676 2910 3721 tantum
2952 3668 3231 3736 appellabo
3267 3684 3280 3720 :
3323 3664 3484 3723 Glas-

1911 3736 2049 3788 sium
2100 3739 2152 3788 in
2206 3735 2468 3805 Philolog.
2532 3752 2670 3788 sacr.
2696 3774 2711 3799 ,
2745 3745 2782 3789 t.
2811 3736 2851 3801 Ι,
2874 3739 2941 3791 de
2989 3735 3141 3791 nom.
3172 3751 3353 3805 propr.
3375 3778 3389 3797 .
3430 3748 3485 3791 et

1912 3805 2150 3858 lkenimn
2181 3805 2234 3859 in
2264 3810 2501 3861 secunda
2541 3822 2636 3859 sua
2685 3807 3088 3860 dissertatione.
3117 3808 3277 3875 Atqui
3310 3821 3375 3861 ex
3399 3810 3484 3863 his

1916 3890 2077 3945 nemo
2106 3890 2244 3942 quos
2265 3891 2364 3943 ego
2392 3876 2640 3938 viderim,
2674 3876 2859 3945 Cyrilli
2897 3880 2997 3931 hoc
3039 3877 3396 3945 fragmentum
3424 3894 3485 3932 se

1917 3944 2109 4014 legisse
2157 3945 2493 3998 demonstrat
2527 3963 2541 4000 :
2575 3944 2731 4017 quod
2774 3956 2950 4001 tamen
3011 3947 3211 4015 Cyrillo
3239 3948 3290 4000 iu
3322 3962 3485 4017 argu-

218 4024 412 4087 ptione
444 4011 781 4072 bibliothecae
809 4011 1188 4071 Laurentianae
1215 4017 1453 4086 plut.|X,
1475 4018 1595 4073 cod.
1620 4017 1806 4083 XXIV,
1836 4011 1878 4067 C
1918 4011 2112 4087 tiarum
2144 4029 2396 4081 numero
2433 4031 2544 4087 non
2575 4011 2659 4069 est
2702 4011 3100 4087 deputandum;
3128 4032 3251 4070 nam
3274 4011 3483 4087 contra

222 4105 279 4156 p.
323 4088 409 4151 18,
436 4089 579 4141 inter
617 4098 908 4140 auctoresa
944 4087 1126 4140 Nicela
1170 4088 1430 4141 Choniata
1461 4090 1513 4141 iu
1554 4103 1649 4141 sua
1682 4104 1804 4155 par-

221 4160 325 4211 tim
360 4159 536 4211 adhuc
565 4158 765 4210 inedita
794 4157 1046 4222 PanOplia
1080 4157 1592 4228 eitatos,Cyrilliaui
1620 4160 1801 4225 operis

222 4244 352 4282 cum
383 4228 592 4281 titulum
628 4242 785 4297 quem
804 4228 1092 4297 scribimus
1126 4243 1248 4279 cum
1284 4230 1452 4297 ipsius
1480 4228 1662 4295 operis
1692 4243 1795 4281 non

220 4297 625 4351 contemnendo
685 4296 1006 4363 fragmento;
1045 4296 1315 4351 Profecto
1348 4298 1580 4351 vidimus
1633 4298 1737 4351 dici
1769 4314 1798 4350 a

222 4367 429 4437 Cyrillo
484 4378 680 4438 _n_ostro
718 4369 782 4419 ad
840 4366 971 4438 psal.
1029 4382 1295 4438 Lxxxvm,
1338 4366 1621 4438 5‘2,(Opp.
1678 4384 1795 4419 nov.

222 4434 359 4490 edit.
402 4447 441 4491 t.
475 4434 535 4488 11
557 4436 598 4504 ),
633 4437 1109 4506 commutationem
1162 4434 1362 4502 Christi
1395 4434 1794 4506 intelligendam

223 4521 350 4559 esse
386 4506 703 4570 Ecclesium,
729 4508 854 4575 quia
879 4505 1130 4578 Christus
1167 4505 1595 4578 Synagogain_in
1624 4506 1800 4561 Eccle-

224 4578 366 4628 siam
399 4590 553 4629 suam
586 4574 961 4629 commutavit.
1002 4574 1172 4631 Porro
1208 4574 1454 4631 titulus'a
1486 4576 1670 4630 Niceta
1697 4592 1797 4629 n0-

225 4646 707 4717 bisconservatus,
732 4645 940 4717 videtur
972 4647 1098 4698 mihi
1128 4648 1421 4717 Synagngte
1450 4648 1798 4701 mutationem

227 4714 284 4767 in
313 4714 677 4768 Christianam
730 4716 1045 4779 Ecclesiam,
1078 4714 1198 4785 qua:
1240 4714 1302 4771 ei
1339 4714 1574 4785 ethnicis
1608 4718 1797 4785 pracci-

226 4799 335 4853 pue
386 4780 1117 4856 coaluit,_siguilicare:cui
1176 4786 1253 4839 rei
1308 4780 1800 4856 sulfragaturlrag-

230 4864 474 4936 mentum
503 4854 644 4947 quod
676 4856 944 4947 sequitur,
982 4869 1089 4947 lseu
1116 4856 1432 4947 similitudo,
1463 4854 1794 4947 t'r‘ans‘nomi-
1826 4891 1872 4947 Β

230 4926 468 4995 nationis
494 4926 714 4978 Abrami
750 4928 801 4977 in
830 4924 1196 4978 Abrahanmm
1226 4927 1293 4979 ab
1330 4926 1445 4995 ipso
1474 4925 1583 4980 Deo
1614 4926 1790 4982 factae.

228 4994 422 5061 Itaque
470 4997 514 5048 si
559 4995 863 5061 conjectura
914 5010 1030 5047 mea
1082 4996 1283 5063 aliquid
1340 4994 1501 5061 valet,
1536 4996 1798 5049 habemus

231 5064 468 5131 denique
526 5066 579 5118 in
619 5066 866 5135 manilms
906 5063 1267 5132 fragmentum
1315 5067 1556 5134 przedicti
1596 5066 1796 5135 operis,

227 5137 373 5201 quod
403 5146 552 5188 certe
587 5134 772 5203 Cyrilli
796 5148 915 5188 esse
938 5135 1155 5188 Nicetas
1193 5146 1441 5189 testatur.

303 5204 383 5255 Ad
410 5219 520 5256 rem
549 5208 689 5268 quod
741 5206 955 5267 attinet,
996 5205 1333 5273 exploratum
1379 5215 1463 5259 est
1516 5205 1795 5261 Philonem

228 5270 475 5326 Judaeum
501 5276 566 5326 de
591 5276 688 5326 hac
715 5275 1007 5327 Abrahami
1060 5270 1578 5329 transnominatiune
1608 5278 1795 5331 saltent

232 5344 524 5414 quinquies
546 5345 802 5411 locutum,
828 5360 1017 5414 uetnpe
1042 5345 1093 5397 in
1121 5346 1506 5412 Allegoriarum
1542 5347 1678 5399 libro
1713 5364 1795 5409 ιιι,

230 5412 361 5464 edit.
393 5414 566 5481 Mang.
618 5425 655 5467 t.
691 5416 729 5477 Ι,
767 5430 817 5481 p.
860 5412 986 5475 105.
1022 5424 1074 5467 et
1130 5414 1206 5467 De
1252 5415 1538 5478 cherubim,
1577 5433 1630 5484 p.
1673 5418 1795 5480 159,

232 5497 444 5554 ttetfnou
499 5485 572 5554 pe
605 5484 926 5551 gigantibus,
948 5502 1000 5552 p.
1030 5486 1156 5546 27!,
1188 5496 1241 5539 et
1264 5486 1498 5551 denique
1528 5488 1799 5554 copiosius

232 5550 299 5622 in
322 5553 458 5605 lihro
490 5551 566 5606 De
603 5550 871 5606 hominum
915 5550 1232 5619 intutatioue,
1260 5568 1348 5622 pp.
1380 5550 1503 5617 588',
1533 5550 1657 5622 589,
1690 5568 1799 5610 ιυιιι

230 5621 395 5675 etiam
424 5635 462 5677 ι.
515 5622 578 5684 ll,
617 5638 668 5691 p.
703 5624 789 5689 15,
834 5627 883 5678 in
915 5626 1051 5678 libro
1094 5624 1170 5677 De
1224 5626 1542 5678 Aera/tame.
1582 5625 1802 5679 Verum-

236 5699 414 5746 tamen
444 5694 573 5746 nihil
604 5693 765 5747 habet
790 5694 858 5748 de
897 5694 1162 5748 Trinitate
1190 5694 1408 5749 Judaeus
1443 5697 1600 5749 homo
1624 5696 1797 5751 Philo.

232 5758 592 5835 Hieronymus
621 5778 833 5834 quoque
861 5774 1045 5822 noster
1066 5766 1118 5819 in
1141 5764 1543 5830 Quazslionibus
1576 5766 1800 5825 llcbrai-

1907 4082 2123 4157 Judaaos
2154 4095 2504 4157 pugnantem,
2533 4082 3048 4157 ipsorum—methodo
3075 4102 3139 4142 ac
3163 4086 3321 4157 genio
3347 4103 3483 4157 pau-

1907 4154 2075 4222 lisper
2098 4149 2376 4223 indulgere
2403 4170 2509 4208 non
2533 4149 2631 4208 iuit
2663 4157 2978 4210 absurdum.

1978 4224 2265 4296 lteliquum
2297 4234 2379 4278 est
2404 4235 2460 4277 ut
2488 4225 2685 4296 dicam,
2710 4227 2982 4294 egregium
3006 4227 3108 4280 hoc
3136 4224 3319 4296 Cyrilli
3338 4225 3480 4296 frag-

1905 4304 2147 4347 mentum
2191 4294 2389 4348 debere
2446 4308 2529 4347 me
2582 4295 2906 4350 humanitati
2936 4312 2999 4350 ac
3050 4294 3363 4351 liberalitati
3405 4294 3475 4353 ei.
3556 4340 3559 4343 γ

1904 4378 1968 4433 ac
2020 4364 2453 4418 rererendissimi
2502 4362 2762 4433 Gasparis
2814 4365 3074 4427 Bencinii,
3128 4367 3371 4421 canonici
3424 4380 3482 4423 et

1902 4431 2282 4506 Richardiana:
2332 4431 2672 4506 bibliothecae
2707 4437 2758 4489 in
2790 4436 3099 4490 Florentiua
3135 4439 3267 4491 urbe
3295 4439 3479 4506 praesi-

1900 4504 2006 4577 dis,
2030 4502 2339 4577 Graecarum
2375 4504 2675 4577 litterarum
2711 4507 3047 4576 peritissimi,
3081 4516 3140 4561 ut
3188 4502 3308 4575 ejus
3355 4510 3477 4577 plu-

1901 4574 2038 4645 rima
2075 4574 2176 4645 hac
2201 4578 2251 4627 in
2282 4588 2339 4627 re
2374 4576 2567 4628 merita
2595 4574 2850 4645 orhi‘jam
2881 4577 2968 4630 diu
3002 4574 3468 4631 detinenstrarunt.

1972 4643 2048 4711 (‘2)
2070 4643 2187 4715 Hoc
2206 4655 2585 4711 argumentum
2614 4643 3007 4715 attingitetiam
3038 4647 3225 4700 titulus
3250 4647 3475 4715 capituli

1900 4714 2078 4785 quarti
2112 4711 2500 4783 Glaphyrorum
2526 4717 2578 4768 in
2607 4711 2894 4770 Leviticum
2929 4717 3112 4785 Cyrilli
3153 4711 3328 4771 nostri
3351 4715 3473 4770 Ὀτι

1902 4781 2099 4857 συνέϐη
2124 4781 2310 4857 τξεσεῖν
2339 4785 2438 4857 τὴν
2460 4785 2568 4837 τῶν
2602 4786 2869 4839 Ἰουδαίων
2893 4781 3227 4857 Συναγωγὴν
3248 4785 3306 4851 ἐξ
3325 4788 3477 4840 ἀπει-

1901 4851 2048 4925 ρείας
2074 4851 2096 4883 ·”
2124 4852 2276 4925 Quod
2303 4854 2366 4907 ob
2395 4851 2561 4908 suam
2595 4858 2976 4925 contumaciam
3037 4851 3255 4925 contigit
3317 4861 3474 4910 ruina

1900 4920 2748 4995 SynagogteAJudworum.Nulla
2796 4941 2921 4995 pars
2966 4939 3146 4980 tamen
3180 4920 3473 4995 sequentis

1898 4993 2188 5060 fragmenti
2219 4993 2288 5047 ibi
2315 4996 2529 5061 legitur.

1970 5062 2046 5132 (5)
2070 5062 2212 5133 Ergo
2237 5080 2302 5118 ex
2336 5065 2627 5137 Qhaldaica
2664 5066 2854 5137 potius
2881 5080 2976 5121 seu
3034 5066 3278 5137 Syriaca,
3308 5082 3472 5136 quam

1898 5149 1983 5207 ex”
2007 5136 2306 5188 vetustiore
2336 5135 2685 5189 Hebraeorum
2728 5135 2905 5204 lingua
2950 5135 3338 5205 interpretatur
3364 5138 3470 5207 Cy-

1900 5202 2074 5264 rillus,
2098 5220 2291 5276 neutpe
2329 5207 2429 5257 aba
2458 5220 2553 5276 pro
2576 5208 2675 5269 ab;
2699 5217 2765 5276 et
2811 5202 2938 5260 mox
2983 5202 3207 5276 bar‘pro
3234 5208 3348 5261 ben.
3381 5202 3472 5261 Sic

1900 5289 2091 5339 reapse
2113 5274 2249 5327 abba
2280 5287 2363 5329 ter
2401 5274 2465 5327 in
2495 5274 2642 5329 Novo
2675 5275 3045 5331 Testamento.

1972 5344 2072 5414 (5°)
2123 5346 2256 5409 Quae
2298 5346 2454 5399 uncis
2505 5346 2861 5401 includuntur
2895 5350 3155 5403 omiserat
3196 5345 3368 5402 Maius
3412 5346 3470 5402 in

1903 5412 2352 5482 interpretatione
2384 5431 2503 5471 sua.
2537 5414 2694 5470 Eot'r.
2718 5416 2897 5474 Pun.

1976 5485 2051 5553 (4)
2082 5485 2192 5539 lloc
2227 5501 2442 5553 quoque
2485 5489 2792 5557 Syriacum.
2821 5491 2926 5544 Sed
2963 5504 3154 5550 miror,
3204 5500 3476 5555 quomnno

1902 5570 2019 5605 mar
2052 5571 2148 5627 pro
2168 5572 2278 5607 ram
2304 5556 2767 5627 dicaturfReapse
2798 5560 2942 5613 enim
2964 5575 3078 5611 mar
3098 5568 3179 5612 est
3196 5560 3476 5621 dominus;

1905 5640 2040 5690 ram,
2067 5625 2320 5700 altus‘vel
2354 5625 2813 5685 altissimuhNon
2844 5630 3007 5700 igitur
3037 5629 3188 5685 locus
3211 5637 3349 5700 gerat
3390 5627 3475 5679 b.e

1904 5697 2190 5753 rnetathesi
2215 5696 2541 5754 litterarum.
2766 5751 2777 5754 Α
2868 5696 2889 5700 ”
3211 5696 3225 5700 “
3490 5716 3497 5721 ·
