4132 6440
264 379 287 433 Ι
310 377 402 433 ι’ὶὸ

1450 369 1871 431 FRAGMENTA
1914 369 2329 429 DOGMATICA.

3373 385 3508 440 “9.6

259 494 375 565 χαὶ,
403 483 529 545 an“
550 491 605 544 ἐν
638 489 801 554 ζῶσιν
830 489 908 543 ἐτι
936 488 1238 559 λογίζονται
1290 487 1438 558 παρά
1466 486 1543 557 τῷ
1570 486 1709 552 Θεῶ,
1742 485 1826 550 τίς

1954 489 2072 558 ιρυά
2104 490 2294 544 Deum.
2326 490 2458 557 Quis
2487 492 2588 549 boc
2618 508 2863 551 asserere
2895 498 3207 554 recusabit?
3238 498 3302 554 Et
3326 512 3510 570 paucis

259 588 287 637 ὀ
319 584 482 654 φάναι
515 581 985 654 παραιτούμενος;
1041 579 1149 634 Kal
1188 578 1315 649 μετ’
1345 577 1541 648 ὀλίγα·
1585 576 1837 630 Ἐννοιῶν

261 678 369 747 ἄρα
401 674 578 743 σοφῶν
606 691 665 725 τε
696 674 790 727 καὶ
819 671 1037 741 ἀγαθῶν
1064 672 1124 725 οὐ
1168 668 1401 742 μετρίως
1448 668 1836 740 ἡμαρτηκότας

260 768 465 822 κατίδοι
494 783 577 830 τις
605 766 671 819 ἂν
700 766 825 827 τοὺς
842 765 1162 835 ἀποστερεῖν
1192 762 1475 824 ἐθέλοντας
1501 762 1629 824 τοὺς
1658 776 1838 813 κεκοιο

265 860 541 931 μημένους
589 858 681 912 καλ⁵
711 858 899 921 θυσίας
929 860 1027 929 τῆς
1061 857 1348 928 μυστικῆς,
1380 856 1474 910 καὶ
1504 855 1605 924 τῆς
1634 853 1839 909 ἀνωθεν

262 951 618 1020 ἡμερότητος.
646 948 788 1002 Ζῶσι
821 947 949 1019 γάρ,
980 947 1055 1010 ὡς
1076 947 1233 1016 ἔφην,
1264 946 1405 1016 τόγε
1434 947 1490 998 ὲν
1508 946 1676 998 εἰκόνι
1702 943 1837 996 Θεοῦ

261 1042 457 1113 ὥσπερ
479 1040 691 1093 οὐδέπω
708 1039 891 1109 ζήσειν
923 1038 1227 1109 μέλλοντες,
1262 1038 1355 1090 καὶ
1385 1036 1533 1106 αὑτῷ
1563 1036 1620 1089 δὲ
1654 1036 1840 1088 συνόν·

261 1149 354 1194 τες
383 1129 621 1201 Χριστῷ.
650 1130 756 1184 Kal
784 1129 910 1197 μετ’
929 1129 1121 1196 ὀλίγα,
1140 1126 1254 1193 τὴν
1278 1125 1383 1179 τοῦ
1418 1126 1539 1180 ’1ὼό
1558 1125 1708 1192 ὑπὲρ
1724 1123 1842 1178 τῶν

263 1223 490 1277 τέκνων
518 1220 925 1289 παραθέμενος
954 1218 1192 1272 θυσίανο
1217 1217 1367 1286 φησί
1389 1217 1518 1287 γὰρ,
1553 1217 1639 1269 ὅτι
1658 1235 1674 1267 ι
1709 1215 1839 1270 Ἄπ-

262 1315 554 1369 έστε.ἰ.ἰεν
580 1313 725 1377 Ἰὼϐ,
763 1313 859 1367 καί
902 1310 1242 1379 ἐκαθάριζεν
1274 1309 1494 1375 αὐτοὺς
1522 1308 1840 1377 ἀνιστάμε-

264 1424 372 1472 νος
404 1405 482 1470 τῷ
519 1406 686 1474 πρωϊ,
719 1404 815 1457 καί
845 1403 1201 1473 προσφέρων
1218 1401 1367 1471 ὑπὲρ
1399 1400 1597 1455 αὐτῶν
1627 1401 1843 1465 θυσίας

264 1498 415 1550 κατὰ
462 1496 569 1549 τὸν
616 1494 865 1564 ἀριθμὸν
905 1494 1121 1566 αὑτῷν,
1148 1513 1166 1545 ι
1204 1495 1301 1548 καί
1345 1492 1840 1562 ἑπιςρέρειλέγωνο

264 1587 473 1640 Οὐκοῦν
490 1588 589 1640 οὐκ
606 1586 908 1655 ἀπόϐλητον
926 1584 1077 1655 παρά
1092 1584 1209 1655 Θεῷ
1223 1587 1283 1638 τὸ
1300 1584 1447 1638 θύειν
1464 1584 1601 1655 ὑπὲρ
1618 1582 1840 1653 ἐτέρων,

269 1677 390 1731 οὐδὲ
416 1677 548 1747 δρᾷν
593 1675 807 1746 ἐφίησιν
858 1674 1223 1743 ἀνεγκλήτως.
1284 1674 1529 1727 Ἐπαινεΐ
1571 1672 1722 1741 γοῦν,
1768 1671 1847 1735 ὼς

263 1770 363 1839 οὐχ
389 1768 630 1838 ὑπάρχον
658 1765 952 1836 ἀνωφελές.
988 1762 1133 1820 Εἶτα
1156 1763 1342 1820 πάλιν
1367 1764 1481 1833 τὴν
1504 1766 1574 1819 ἐν
1596 1764 1673 1831 τῷ
1698 1764 1845 1819 κατὰ

268 1857 511 1914 Λουκᾶν
540 1858 886 1928 Εὑαγγελίῳ
914 1856 1049 1925 περί
1080 1857 1186 1911 τοῦ
1212 1859 1579 1925 παραλύτου,
1602 1858 1697 1911 καί
1727 1856 1845 1912 τῶν

265 1949 667 2019 χαλασάντων
708 1946 895 2002 αὐτὸν
938 1947 1036 2001 διὰ
1074 1946 1193 2001 τῶν
1239 1949 1509 2019 κεράμων
1552 1948 1846 2019 ἐξηγησὼ

260 2059 443 2112 μενος
475 2041 749 2108 ἱστορίαν
783 2056 845 2093 τε
884 2038 981 2094 καί
1015 2040 1511 2109 θαυματουργίαν,
1558 2039 1843 2109 ἐπιφέρει,

266 2130 369 2183 καί
396 2143 617 2199 φησιν’
671 2129 786 2181 Οὐκ
818 2126 1166 2197 ἀθαύμαστον
1201 2128 1349 2197 ἠφίει
1399 2130 1428 2182 ὁ
1473 2129 1706 2198 Χριστὸς
1737 2126 1847 2180 τῶν

268 2220 755 2293 προσκομισὰντων
786 2219 884 2289 τὴν
913 2219 1115 2274 πίστιν,
1155 2219 1212 2272 Ὀ
1238 2219 1292 2271 δὲ
1315 2219 1422 2272 τῶν
1454 2220 1629 2273 πόνων
1659 2219 1827 2272 ἐπλού

266 2329 348 2366 τει
377 2313 475 2387 τὴν
500 2312 671 2375 λύσιν,
714 2312 807 2364 καὶ
835 2311 895 2363 τὸ
925 2312 1303 2381 ὲτερογνὴσιον
1332 2312 1410 2374 εἰς
1440 2310 1713 2380 φιλοθεῖαν
1760 2310 1846 2363 εὑ-

273 2405 431 2475 μενῆ,
466 2404 560 2457 καὶ
591 2402 741 2475 φίλον
772 2401 918 2472 αὑτῴ
947 2403 1335 2472 κατεστήσατο,
1356 2402 1445 2454 τὸν
1462 2400 1848 2471 ἐλευθεροῦντα

270 2495 504 2567 Χριστὸν
533 2492 1022 2564 πλημμελημάτων
1071 2509 1131 2546 τε
1177 2491 1311 2563 ὁμοῦ
1342 2493 1436 2546 καὶ
1477 2493 1846 2565 ἀρρωστημά-

270 2605 398 2640 των.
422 2585 529 2641 Kal
558 2581 729 2650 αὖθις
754 2586 886 2653 περί
918 2584 1023 2638 τοῦ
1054 2583 1497 2653 ἑκατοντάρχου
1518 2588 1851 2653 μνημονεύ-

268 2695 385 2749 σας
418 2678 525 2732 τοῦ
556 2679 624 2731 ἐν
646 2678 724 2743 τῷ
751 2679 903 2730 κατὰ
937 2676 1237 2730 Ματθαῑον
1267 2678 1610 2746 Εὐαγγελίῳ
1641 2676 1850 2746 λέγον-

270 2787 393 2837 τος.
431 2790 449 2822 ι
497 2771 689 2837 Κύριε,
731 2770 763 2822 ὁ
795 2767 935 2833 παῖς
971 2784 1091 2836 μου
1112 2765 1403 2833 βέϐληται
1447 2767 1850 2834 παραλυτικὸς

271 2860 342 2913 ἐν
386 2858 458 2927 τῆ
520 2858 678 2924 οἰκίᾳ
731 2855 941 2922 δεινῶς
987 2854 1494 2923 βασανιζόμενος·
1542 2854 1649 2909 καί.
1689 2854 1851 2924 λέγει

271 2948 463 3015 αὒτῷ·
509 2948 651 3018 Ἐγὼ
682 2948 876 3002 ἐλθὼν
909 2945 1257 3014 θεραπεύσω
1301 2947 1506 2999 αὐτόν.
1548 2946 1659 2999 Kal
1706 2948 1852 3001 ἀπο-

272 3040 491 3113 κριθεὶς
521 3044 552 3094 ό
580 3040 1017 3107 ἑκατόνταρχος
1039 3038 1154 3105 ἔφη
1174 3054 1189 3069 ⁸
1219 3039 1410 3105 Κύριε,
1448 3040 1557 3091 οὐκ
1580 3039 1693 3107 εἰμί
1729 3042 1852 3093 ἰκα-

1936 578 2258 648 interjectis:
2290 580 2331 634 E
2354 583 2641 635 sententiis
2667 584 2848 653 itaque
2874 586 3029 643 bouis
3059 603 3122 642 ac
3151 590 3508 658 sapientibus,

1938 682 2039 721 nec
2070 669 2417 725 mediocriter
2472 670 2745 725 excidisse
2780 674 3012 744 quisque
3055 678 3361 746 comperiet
3391 694 3508 742 eos,

1939 759 2029 828 qui
2076 759 2405 815 dormientes
2469 771 2524 816 et
2582 761 2847 818 sacriﬁcio
2899 767 3125 837 mystico
3177 779 3231 824 et
3276 784 3509 840 superna

1940 851 2226 908 clementia
2254 854 2495 927 'spoliare
2545 864 2838 909 conantur.
2870 856 3068 912 Vivunt
3114 860 3261 915 enim
3318 862 3508 926 vitam,

1941 961 2060 1013 quae
2102 947 2151 998 in
2177 946 2408 1015 imagine
2435 945 2526 1000 Dei
2558 946 2781 1011 vivitur,
2813 955 2868 1000 et
2898 962 3059 1015 quam
3094 964 3310 1015 semper
3354 953 3512 1005 simul

1942 1053 2063 1092 cum
2101 1037 2318 1093 Christo
2364 1039 2557 1092 victuri
2590 1048 2739 1102 sunt,
2776 1037 2840 1091 Et
2886 1049 2998 1105 post
3045 1056 3239 1107 pauca,
3266 1043 3385 1094 Jobi
3422 1060 3513 1107 pro

1942 1129 2067 1197 ﬁliis
2118 1130 2381 1201 sacriﬁcio
2433 1130 2692 1199 apposito,
2748 1130 2945 1183 dicitur
2989 1132 3164 1185 enim:
3204 1149 3221 1183 ι
3274 1132 3514 1184 Mittebat

1942 1220 2064 1283 Job,
2091 1230 2137 1273 et
2175 1220 2487 1289 puriﬁcabat
2538 1236 2644 1284 eos,
2675 1235 2956 1289 exsurgens
2987 1238 3162 1284 mane,
3195 1231 3243 1277 et
3292 1222 3514 1289 o/ferens

1944 1330 2037 1381 pro
2085 1314 2155 1368 eis
2192 1314 2429 1369 victimas
2482 1312 2767 1365 secundum
2825 1329 3100 1369 numerum
3143 1316 3388 1377 eorum‘,
3432 1315 3517 1367 iu-

1945 1404 2085 1473 fcrt:
2120 1422 2139 1455 s
2175 1405 2315 1471 Ergo
2342 1403 2607 1458 sucrilicia
2639 1400 2836 1457 oﬂ‘erre
2881 1418 2979 1472 pro
3014 1403 3136 1461 aliis
3169 1417 3198 1457 a
3235 1403 3343 1458 Deo
3406 1419 3513 1457 non

1948 1495 2211 1565 rejicitur,
2246 1496 2386 1565 quod
2419 1496 2625 1564 absque
2646 1494 2875 1550 crimine
2906 1494 3022 1551 tieri
3057 1495 3347 1564 permittit.
3375 1494 3519 1548 Lau-

1947 1590 2039 1647 dat
2093 1589 2258 1659 igitur
2315 1597 2571 1658 tanquam
2630 1586 2796 1641 utile?
2825 1586 2959 1643 Tum
3001 1587 3243 1655 deinceps
3292 1587 3518 1641 historia

1949 1689 2101 1747 atque
2130 1676 2408 1741 miraculo,
2439 1693 2557 1746 qua:
2580 1677 2633 1730 in
2658 1675 2815 1731 Luca:
2846 1674 3128 1745 Evangelia
3206 1677 3269 1731 de
3302 1677 3520 1745 purely--

1949 1769 2050 1823 tico
2074 1772 2114 1834 ²,
2144 1779 2189 1823 et
2212 1770 2299 1832 iis,
2318 1769 2405 1838 qui
2432 1785 2497 1823 ea:
2518 1778 2650 1822 tecto
2672 1784 2789 1823 eum
2835 1768 3215 1834 submiserant,
3240 1768 3516 1837 ospes-itis.

1945 1860 2201 1929 subinfcrt
2226 1870 2273 1914 et
2304 1860 2376 1915 ait
2404 1876 2423 1913 :
2455 1858 2572 1917 Non
2600 1862 2802 1928 absque
2828 1859 3093 1915 miraculo
3116 1859 3275 1913 ﬁdem
3303 1874 3518 1922 eorum,

1944 1955 2035 2026 qui
2090 1954 2449 2017 adduxerant,
2505 1953 2743 2021 reliquit.
2792 1951 2862 2006 At
2917 1950 3008 2006 hic
3062 1950 3315 2006 dolorum
3371 1949 3521 2004 soln-

1944 2045 2142 2103 tionem
2165 2044 2379 2099 abunde
2395 2044 2848 2113 consequebatur,
2872 2050 2927 2098 et
2953 2042 3099 2111 quod
3132 2042 3356 2096 alterius
3378 2049 3518 2103 erat,

1946 2136 2000 2191 in
2057 2135 2340 2189 candidum
2412 2133 2506 2188 Dei
2566 2147 2808 2188 amorem
2863 2132 3191 2193 immutavit.
3238 2140 3292 2185 et
3350 2130 3451 2185 sibi
3487 2147 3517 2182 a

1948 2226 2191 2291 Christo,
2221 2227 2312 2297 qui
2340 2242 2368 2280 a
2394 2226 2631 2295 peccatis
2660 2225 2822 2283 simul
2860 2235 2915 2281 et
2939 2222 3350 2293 (egritudinibus
3382 2222 3520 2275 libe-

1949 2327 2051 2385 rat,
2080 2318 2506 2375 benevolentiam
2530 2316 2865 2371 conciliavit.
2906 2314 3140 2385 ltemque
3195 2310 3517 2368 centurionis

1949 2408 2207 2463 mentione
2235 2408 2473 2471 inducta,
2501 2407 2652 2475 cujus
2674 2408 2729 2460 in
2762 2406 2998 2463 Matt/tati
3030 2403 3312 2472 Evangelia
3346 2402 3517 2455 histo-

1950 2498 2030 2550 ria
2062 2506 2332 2562 narratur,
2365 2498 2619 2559 dicentis;
2649 2514 2669 2548 ι
2718 2496 2961 2558 Domine,
3001 2512 3132 2563 puer
3169 2510 3312 2549 meus
3370 2492 3516 2561 jacet

1948 2591 2002 2641 in
2026 2589 2180 2642 denso
2203 2587 2543 2657 paralyticus,
2576 2597 2623 2640 et
2659 2588 2795 2642 male
2840 2596 3155 2652 torquetur;
3191 2596 3237 2639 et
3268 2585 3345 2638 ait
3398 2582 3518 2636 illi:

1951 2678 2064 2747 Ego
2089 2678 2285 2733 veniam
2308 2689 2354 2732 et
2378 2677 2574 2732 curabo
2627 2694 2767 2733 eum.
2801 2676 2869 2731 Et
2912 2679 3230 2745 respondens
3261 2676 3515 2735 centurio,

1947 2770 2021 2823 ait
2055 2783 2073 2821 :
2112 2768 2348 2833 Domine,
2391 2786 2493 2823 non
2520 2786 2633 2827 sum
2663 2770 2881 2839 dignus,
2907 2779 2962 2827 ut
3003 2770 3167 2822 intres
3196 2768 3288 2822 sub
3329 2776 3521 2820 tecttnn

1952 2876 2139 2925 meum,
2166 2863 2255 2915 sed
2272 2870 2475 2916 tantum
2509 2862 2594 2919 dic
2623 2861 2794 2926 verba,
2815 2869 2863 2917 et
2887 2862 3164 2914 sanabitur
3195 2873 3323 2925 puer
3347 2872 3529 2911 meus-

1951 2948 2183 3005 Audiens
2214 2959 2388 3004 autem
2414 2949 2567 3005 Iesus
2607 2950 2831 3005 miratus
2876 2959 2973 3014 est,
2995 2959 3047 3002 et
3102 2947 3437 3018 sequentibus
3469 2962 3523 2999 se

1954 3041 2138 3095 dixit:
2168 3040 2330 3093 Amen
2363 3041 2480 3095 dico
2538 3041 2705 3103 vobis,
2732 3057 2833 3094 non
2876 3040 3048 3095 inveni
3114 3048 3318 3092 tantam
3365 3038 3521 3105 ﬁdem

272 3132 403 3199 νὸς,
434 3132 535 3185 ἵνα
568 3148 687 3200 μου
714 3130 833 3185 ὑπὸ
854 3130 968 3197 τὴν
994 3129 1223 3197 στέγην
1246 3127 1554 3197 alcatim"
1572 3129 1709 3183 ἀλλ’
1724 3130 1851 3183 εἰπὲ

1955 3130 2008 3183 in
2038 3130 2227 3184 Israel.
2252 3129 2383 3189 Tum
2404 3130 2535 3198 ipsi:
2571 3129 2796 3195 Vade,et
2814 3131 2948 3185 sicut
2973 3131 3260 3195 credidisti,
3292 3129 3385 3198 ﬁat
3410 3128 3537 3180 tibi..

273 3225 453 3291 λόγῳ,
494 3222 593 3275 καὶ
643 3219 949 3285 ἰαθήσεται
995 3222 1029 3273 ό
1061 3217 1201 3284 παῖς
1225 3236 1365 3286 μου.
1418 3218 1713 3284 Ἀκούσας
1761 3218 1850 3281 δὲ,

275 3313 486 3382 φησὶν,
523 3312 752 3379 Ἰησοῦς
775 3312 1096 3380 ἐθαύμασε,
1142 3310 1238 3363 καί
1283 3306 1411 3363 εἷπε
1446 3309 1567 3375 τοῖς
1608 3312 1858 3365 ἀκολου-

276 3406 524 3461 θοῦσινο
579 3404 785 3472 Ἀμὴν,
821 3403 974 3473 λέγω
1022 3401 1186 3471 ὑμῖν,
1221 3402 1355 3471 παρ’
1391 3402 1591 3456 οὐδενί
1640 3404 1856 3455 τοσαύ-

276 3513 393 3565 την
440 3497 647 3549 πίστιν
702 3490 883 3561 εὗρον
931 3494 1000 3545 ἐν
1055 3492 1135 3558 τῷ
1202 3492 1471 3561 Ἰσραήλ.
1526 3490 1670 3545 Εἶτα
1708 3493 1859 3562 πρὸς

277 3588 496 3642 αὐτόν’
550 3589 799 3655 ’Υπαγε,
852 3584 953 3638 καί
1004 3584 1085 3649 ὡς
1132 3569 1506 3648 ἐπίστευσας
1553 3582 1858 3652 γενηθήτω

277 3694 397 3733 σοι’
440 3678 541 3732 καί
588 3679 721 3745 ἰάθη
761 3681 793 3731 ό
841 3676 981 3743 παῖς
1026 3678 1095 3729 έν
1126 3676 1199 3744 τῇ
1244 3675 1367 3744 ὥρᾳ
1413 3674 1641 3743 ἐκείνῃ.
1688 3694 1707 3726 ι
1747 3675 1859 3729 Kal

279 3770 565 3840 ἐπιφέρει,
605 3770 706 3825 καί
730 3784 922 3840 φησιν
945 3781 959 3795 ⁸
994 3769 1184 3839 Ἀθρει
1213 3767 1275 3839 δή
1314 3784 1404 3837 μοι
1434 3767 1536 3820 κάν
1564 3766 1737 3837 τούτῳ
1782 3765 1858 3837 τῷ

280 3860 369 3913 διὰ
404 3861 503 3929 τῆς
542 3859 728 3931 ἐτέρου
759 3859 994 3920 πίστεως
1037 3858 1129 3911 τὸν
1155 3859 1213 3911 οὐ
1257 3858 1501 3930 παρόντα
1532 3857 1857 3929 σωζόμενον.

281 3951 349 4004 Τί
395 3951 574 4004 τοίνυν
619 3952 750 4020 ἡμῖν
780 3948 1009 4011 ἀνοσίως
1037 3949 1136 4019 τὴν
1170 3948 1545 4021 φιλοκέρδειαν
1594 3947 1859 4021 ἐπιφημίο

286 4042 491 4108 ζουσιν,
521 4044 569 4094 οί
600 4042 741 4095 τῶν“
769 4040 971 4103 είδότες
1015 4039 1185 4103 οὐδὲν,
1213 4038 1247 4109 ἣ
1276 4038 1375 4110 τὴν
1406 4038 1613 4092 ἄνωθεν
1653 4039 1861 4111 ἡμερό-

284 4150 423 4204 τητα
454 4135 563 4194 τοῖς
592 4136 649 4187 ὲν
680 4132 857 4185 πίστει
887 4129 1307 4200 κεκοιμημένοις
1341 4131 1732 4200 σπουδάζομεν,
1762 4130 1861 4201 τὴν

285 4226 449 4293 ἁγίαν
476 4242 535 4277 τε
565 4226 657 4277 καὶ
689 4222 957 4293 μυστικὴν
997 4220 1083 4274 ἐπ’
1113 4220 1312 4283 αὐτοὺς
1339 4220 1618 4283 τελοῦντες
1648 4220 1859 4287 θυσίαν,

286 4316 586 4387 ἡλεήμεθα,
616 4316 711 4369 καὶ
731 4315 862 4368 αὐτὸ
889 4313 945 4368 δὲ
975 4313 1033 4365 τὸ
1057 4310 1151 4366 τοῦ
1179 4311 1410 4369 θανάτου
1441 4312 1697 4365 πέπτωκε
1728 4312 1865 4384 κρά-

285 4427 398 4473 τος,
429 4410 524 4461 καὶ
551 4412 583 4478 ὴ
633 4408 733 4477 τῆς
783 4405 1140 4476 ἀτελευτήτου
1184 4402 1330 4473 ζωῆς
1370 4404 1679 4474 ἀνέλαμψεν
1710 4405 1864 4466 ἐλπὶς

1961 3218 2025 3272 Et
2050 3228 2267 3273 sanatus
2290 3228 2365 3274 est
2396 3234 2523 3287 puer
2544 3218 2596 3272 in
2622 3218 2713 3273 illa
2740 3218 2871 3273 liora
2895 3218 2937 3282 ⁸,
2966 3236 2985 3269 s
3024 3217 3304 3280 subnectit,
3332 3227 3379 3270 et
3416 3218 3489 3270 ait
3509 3231 3539 3269 :_

1960 3310 2095 3365 Vide
2129 3310 2292 3364 etiam
2325 3310 2378 3364 in
2415 3312 2515 3365 hoc
2537 3309 2817 3369 absentem
2846 3324 2941 3378 per
2975 3309 3211 3365 alterius
3240 3308 3399 3364 [idem
3443 3323 3530 3367 Sno

1959 3413 2167 3456 natum.
2197 3400 2336 3468 Quid
2365 3402 2528 3469 igitur
2552 3402 2707 3459 nobis
2736 3403 3021 3457 avaritiam
3053 3409 3108 3455 et
3158 3401 3294 3456 lucri
3333 3400 3533 3468 cupidi-

1960 3507 2082 3547 nem
2114 3492 2453 3560 exprobratis
2486 3508 2663 3548 rerum
2695 3493 2952 3548 similium
2978 3507 3201 3563 prorsus
3226 3491 3418 3561 ignari,
3444 3492 3532 3558 qui

1960 3568 2247 3652 supernam
2295 3582 2638 3637 clementiam
2682 3583 2737 3637 in
2789 3581 2894 3637 [ide
2944 3581 3214 3635 defunctis
3248 3579 3535 3632 conciliare

1961 3674 2205 3739 nitimur,
2236 3683 2293 3727 et
2349 3688 2562 3728 sacrum
2597 3689 2662 3728 ac
2692 3673 2980 3744 mysticum
3030 3688 3123 3744 pro
3155 3671 3263 3727 illis
3323 3671 3534 3725 sacrifi-

1961 3769 2102 3822 cium
2137 3776 2533 3838 perpetramus,
2564 3766 2719 3835 cujus
2753 3779 2853 3833 ope
2882 3761 3314 3819 misericordiam
3338 3776 3535 3816 conso-

1960 3861 2197 3928 quimur,
2240 3856 2394 3926 cujus
2431 3856 2674 3912 subsidio
2706 3856 2875 3925 ipsius
2906 3855 3099 3911 mortis
3140 3854 3303 3909 robur
3319 3854 3545 3913 cecidit,

1961 3960 2016 4006 et
2043 3951 2168 4006 vita:
2211 3962 2485 4019 nunquam
2541 3946 2838 4003 desinentis
2878 3962 3007 4016 spes
3060 3946 3115 4000 in
3164 3945 3382 4000 Christo
3410 3942 3542 3998 Jcsn

1964 4039 2193 4096 Domino
2241 4047 2427 4091 nostro
2462 4036 2679 4091 relusit.
2709 4034 3043 4090 Contentiose
3080 4032 3363 4086 admodum
3414 4046 3533 4083 ora-

1963 4131 2153 4183 tionem
2180 4144 2335 4181 suam
2386 4129 2591 4194 sapiens
2638 4142 2699 4179 ac
2749 4125 2972 4199 optimus
3030 4121 3195 4177 Pater
3240 4123 3537 4184 instituens,

1964 4238 2066 4277 non
2123 4222 2235 4274 sine
2286 4218 2645 4287 indignatione
2706 4230 2861 4287 atque
2944 4218 3093 4286 gravi
3144 4216 3427 4284 o/fcnsione
3476 4218 3536 4267 al:

1963 4327 2140 4366 errore
2191 4326 2347 4380 quam
2400 4308 2700 4378 longissime
2751 4307 2950 4376 repellit
2987 4323 3095 4369 eos,
3123 4306 3211 4375 qui
3246 4322 3349 4358 non
3408 4316 3558 4357 recte-

1965 4403 2156 4458 sentire
2207 4402 2304 4454 sibi
2334 4402 2388 4453 in
2417 4400 2594 4454 animo
2656 4405 3037 4468 proposuerant
3081 4413 3099 4451 :
3145 4407 3253 4449 tum
3301 4397 3549 4462 deinceps

287 4503 346 4554 ὲν
385 4498 604 4571 Χριστῷ
645 4496 819 4569 Ἰησοῦ
869 4496 943 4567 τῷ
991 4495 1181 4567 Κυρίῳ
1212 4494 1388 4567 ἡμῶν.
1450 4494 1851 4565 Ἀωνιστικῶς

1970 4494 2300 4549 abundanter
2330 4493 2483 4546 nimis
2510 4492 2676 4547 sacris
2699 4490 2941 4558 eloquiis,
2970 4500 3017 4544 et
3038 4488 3311 4545 miraculis
3336 4506 3367 4541 a
3388 4488 3543 4543 Chri-

287 4592 386 4647 καί
418 4590 593 4645 τόνδε
638 4589 745 4643 τὸν
786 4589 974 4654 νίόγον
1003 4585 1551 4654 παραστησάμενος
1595 4590 1628 4641 d
1673 4588 1865 4655 σοφὸς

286 4682 387 4736 καί
418 4680 792 4748 πανάριστος
818 4677 1040 4745 Πατὴρ,
1075 4674 1608 4745 καταμεμψάμενός
1648 4693 1731 4740 τε,
1764 4678 1859 4733 καί

287 4771 683 4839 ἀποσοϐήσεις
737 4770 934 4839 πόρῤω
977 4782 1094 4823 που
1150 4766 1260 4834 τῆς
1310 4766 1551 4835 πλάνης
1596 4768 1737 4835 τοὺς
1776 4768 1861 4840 μὴ

289 4853 434 4937 ὀρθὰ
455 4862 699 4934 φρονεῖν
726 4858 1073 4929 ἑλομένους·
1103 4854 1232 4915 εἷτα
1258 4858 1355 4915 καί
1379 4860 1865 4925 καταπλουτίσας

288 4955 476 5013 αὐτὸν
495 4955 565 5009 ἐκ
598 4970 663 5008 τε
686 4950 804 5006 τῶν
833 4950 1008 5004 θείων
1028 4950 1269 5019 λογίων,
1288 4949 1357 5003 ἐκ
1387 4965 1453 5005 τε
1478 4949 1596 5003 τῶν
1619 4953 1869 5020 θαυματ-

290 5044 563 5116 ουργιῶν,
594 5038 681 5098 ὧν
705 5042 925 5109 ἔδρασε
949 5038 1204 5106 Χριστὸς
1232 5041 1265 5093 ό
1298 5037 1397 5091 ἐπὶ
1430 5037 1673 5092 πάντων
1698 5039 1862 5109 Θεὸς,

290 5139 388 5197 καὶ
422 5137 526 5204 τὰς
560 5136 710 5205 ὑπὲρ
751 5134 957 5190 ἄλλων
1004 5132 1106 5201 ὑφ’
1145 5129 1363 5197 ἐτέρων
1386 5129 1546 5196 αὐτῷ
1589 5131 1684 5185 καί
1720 5146 1865 5198 προ-

288 5229 627 5300 σαγομένας
648 5225 945 5290 ἐντεύξεις
969 5222 1121 5289 μετὰ
1146 5222 1427 5286 πίστεως,
1452 5221 1668 5286 θυσίας
1687 5238 1751 5274 τε
1770 5221 1868 5273 καί

290 5317 637 5384 ,προσφορὰς
668 5312 1148 5381 προσηκάμενος,
1196 5308 1463 5362 παιδεύει
1500 5306 1680 5378 σιγᾷν
1728 5310 1868 5377 τοὺς

1971 4596 2050 4641 sto
2081 4588 2133 4639 in
2170 4584 2410 4639 omnibus
2434 4584 2564 4648 Deo,
2597 4600 2712 4655 qua:
2768 4599 2863 4651 pro
2906 4583 3031 4636 aliis
3069 4582 3418 4651 precationes,
3453 4597 3543 4631 nec

1971 4697 2075 4734 non
2104 4678 2454 4748 sacriﬁcia,et
2504 4677 2728 4731 donaria
2774 4677 2877 4746 ﬁde
2914 4677 3017 4730 sibi
3062 4676 3242 4730 oblata
3281 4673 3541 4739 excipiens

1971 4769 2212 4840 confecit,
2254 4770 2566 4833 instructus,
2612 4767 2717 4822 illis
2758 4768 2847 4837 qui
2901 4767 3246 4820 adversantur
3272 4804 3286 4829 ,
3333 4779 3543 4832 seseque

1970 4871 2230 4929 opponunt
2262 4860 2643 4923 constitutioni,
2674 4856 3037 4912 consuetudini
3084 4856 3305 4917 scilicet,
3334 4864 3383 4908 et
3406 4864 3543 4907 recto

1971 4951 2245 5005 catholicae
2295 4962 2343 5005 et
2375 4951 2676 5017 apostolica:
2705 4948 2955 5003 Ecclesia:
2988 4948 3243 5019 dogmati,
3280 4946 3543 5001 silentium

1972 5041 2212 5108 imponit,
2249 5042 2532 5110 suadetque
2577 5041 2633 5093 in
2683 5049 2944 5108 posterum
2975 5041 3166 5109 saepius
3199 5054 3289 5108 prs
3323 5040 3543 5091 mortuis

1975 5128 2260 5185 oblationes
2291 5139 2447 5199 atque
2490 5129 2895 5197 supplicationes
2927 5129 3214 5192 absolvere,
3247 5147 3361 5183 ct‘m
3390 5131 3545 5196 plane

1973 5218 2221 5283 calleant,
2254 5220 2358 5272 illis
2394 5219 2498 5273 Deo
2548 5230 2595 5273 et
2660 5219 2809 5272 Patri
2841 5219 3029 5273 oblatis
3084 5222 3368 5273 maximam
3421 5222 3565 5273 inde»

1975 5310 2197 5363 mortuis
2230 5325 2474 5363 emanare
2509 5311 2809 5364 utilitatem.

288 5407 869 5476 ἀντιδιατιθεμένους
892 5405 979 5458 ἐτι
1003 5402 1102 5458 καί
1156 5400 1621 5466 ἀντιπίπτοντας
1660 5400 1735 5473 τῇ
1776 5400 2163 5465 καταστάσει,
2224 5398 2417 5468 ἤγουν
2476 5402 2786 5469 συνηθείᾳ,
2827 5400 2925 5453 καί
2981 5400 3060 5464 τῷ
3113 5403 3263 5471 ὀρθῷ
3302 5401 3542 5470 δόγματι

290 5501 401 5570 τῆς
428 5497 749 5565 καθολικῆς
790 5498 887 5553 καί
920 5494 1332 5562 ἀποστολικῆς
1388 5495 1773 5561 Ἐκκλησίας,
1840 5494 2026 5549 πείθει
2083 5511 2147 5548 τε
2198 5493 2306 5547 τοῦ
2345 5494 2563 5549 λοιποῦ
2591 5492 2865 5563 συνεχῶς
2881 5496 2985 5559 τὰς
3025 5494 3176 5563 ὑπὲρ
3205 5494 3322 5549 τῶν
3349 5515 3544 5551 κεκοι-

284 5591 567 5663 μημένων
593 5590 889 5644 ἐπιτελεῖν
933 5587 1119 5657 εὐχάς
1156 5606 1218 5642 τε
1253 5586 1354 5641 καί
1410 5584 1777 5654 προσφορὰς,
1796 5581 1864 5641 εὖ
1908 5585 2162 5654 εἰδότας,
2195 5585 2272 5655 ὡς
2290 5585 2525 5653 πάντως
2545 5584 3041 5654 ὠφεληθήσεσθαι
3072 5584 3291 5651 αὐτοὺς
3324 5588 3545 5642 τούτων

287 5679 756 5752 προσαγομένων
789 5678 867 5746 τῷ
912 5677 1032 5744 Θεῷ
1070 5679 1167 5732 καὶ
1196 5675 1397 5744 Πατρί.

370 5777 506 5831 'Jub
532 5792 568 5839 ι,
600 5775 650 5827 5.
729 5777 746 5805 ²
774 5773 903 5827 Luc.
946 5789 1063 5839 rm,
1100 5774 1179 5825 l6.
1262 5769 1500 5841 ’Matth.
1538 5786 1657 5837 vm,
1682 5771 1712 5827 6
1749 5772 1828 5827 15.
