4132 6506
633 438 772 494 “27

2213 593 2303 649 111.

1622 433 1681 491 s.
1716 434 1991 494 CYRILLl
2027 418 2861 492 ALsxasnntut'AncnIEp.

3762 422 3906 482 1B8

1751 735 1817 775 ex
1850 733 2004 774 uano
2039 732 2241 772 CONTRA
2277 727 2621 771 smusus'ras
2642 709 2741 784 (l).

632 871 683 925 1.
717 872 949 943 Cyrinus
982 873 1039 927 in
1074 872 1208 927 libro
1248 871 1497 926 adversus
1518 870 1755 943 ρος-ςιιὶ
1810 879 2205 943 naturascon-
2232 869 2281 927 Α
2309 870 2397 925 aio
2446 887 2459 924 :
2505 866 2770 935 Quoniam
2858 861 3283 919 inconvertibilis
3364 870 3557 915 natura
3629 856 3730 913 Dei
3789 865 3901 924 est,

701 938 925 1012 fundunt
956 944 1031 1014 (Ξ)
1061 945 1151 1013 qui
1194 943 1416 1010 incipit:
1450 960 1468 993 ι
1506 938 1683 996 Paulo
1726 948 1848 995 ante
1896 940 2061 994 locuti
2111 938 2205 991 diu

700 1030 905 1068 sumus.
947 1032 966 1066 ι

702 1214 993 1284 Quousque
1014 1215 1228 1270 tandem
1267 1214 1507 1271 nonnulli
1533 1214 1753 1284 scriptis
1784 1215 1896 1271 suis
1935 1223 2204 1281 astruent,

628 1305 716 1360 vel
746 1306 1087 1360 somniabunt
1116 1305 1316 1374 potius,
1348 1304 1508 1359 Verbi
1557 1306 1609 1358 in
1647 1320 1866 1360 carnem
1893 1320 1956 1361 ac
1985 1306 2207 1374 sangui-

631 1411 755 1451 nem
779 1396 1213 1459 conversionem,
1250 1397 1542 1451 amentium
1576 1396 1748 1451 instar
1790 1398 2091 1467 nugantes?
2115 1396 2209 1452 His

632 1500 734 1541 nos
782 1486 1011 1539 dicimus
1047 1502 1059 1539 :
1092 1485 1371 1555 Evigilate,
1409 1487 1545 1541 ebrii
1570 1488 1634 1539 de
1680 1488 1806 1541 vino
1845 1498 2047 1544 vestro.
2080 1488 2209 1555 Qua:

630 1577 774 1631 enim
798 1584 974 1631 vestra
1002 1586 1084 1632 est
1114 1578 1178 1631 de
1196 1585 1388 1630 natura
1416 1579 1598 1632 carnis
1618 1579 1881 1633 sententia
1912 1589 2005 1633 aut
2036 1580 2205 1645 notio,

634 1668 714 1722 vel
754 1669 1023 1737 quomodo
1048 1669 1447 1724 inscrutabilem
1467 1672 1783 1725 scrutamini
1806 1671 1898 1726 Dei
1919 1680 2164 1727 naturam
2187 1674 2211 1727 ἲ

632 1762 766 1824 Quis
812 1776 974 1830 porro
1027 1762 1224 1815 audeat
1273 1777 1385 1815 rem
1417 1762 1593 1816 metiri
1661 1764 2209 1819 immensurabilem?

632 1849 803 1905 Nemo
832 1861 980 1906 certe
1018 1853 1180 1907 dicet.
1206 1867 1362 1906 nemo
1422 1854 1541 1909 sine
1578 1868 1764 1910 errore
1801 1856 2039 1920 deﬁniet,
2078 1873 2212 1927 qua-

635 1957 759 1995 nam
789 1943 857 1996 sit
893 1944 1151 2012 praeditus
1192 1952 1379 1998 natura
1441 1944 1604 2011 Deus,
1630 1947 1870 2001 omnium
1927 1948 2210 2015 Dominus,

636 2030 748 2095 lus,
782 2033 914 2098 vita,
945 2032 1113 2102 gloria
1137 2035 1471 2102 etpotentia,
1506 2035 1595 2090 ille
1612 2037 1823 2090 demum
1849 2038 1937 2106 qui
1966 2038 2210 2092 omnium

635 2138 815 2176 rerum
868 2134 1117 2178 naturam
1164 2126 1332 2191 novit,
1366 2138 1420 2179 et
1475 2127 1733 2196 quidquid
1766 2130 1819 2182 in
1873 2129 2092 2185 homine
2130 2140 2214 2185 est

635 2214 857 2268 scientia
887 2231 983 2268 sua
1024 2218 1416 2286 complectitur.
1467 2219 1757 2289 Quousque
1806 2222 2021 2275 tandem
2075 2237 2211 2276 nou-
2242 2204 2287 2264 Β

635 2308 767 2361 nulli
815 2309 1187 2376 afﬁrmabant,
1230 2310 1386 2365 Verbi
1448 2311 1644 2366 factam
1688 2314 1742 2367 in
1784 2323 2055 2369 terrenum
2109 2316 2213 2370 hoc

634 2415 835 2468 corpus
890 2402 1264 2467 mutationem,
1292 2402 1342 2456 id
1370 2411 1454 2458 est
1483 2404 1649 2457 Deum
1705 2402 1939 2459 Verbum
1990 2406 2056 2460 de
2086 2406 2213 2459 sub-

634 2492 835 2543 stantia
867 2492 1085 2560 propria
1115 2492 1411 2547 confecisse
1437 2492 1540 2546 sibi
1596 2508 1817 2563 corpus,
1837 2494 1977 2563 quod
2024 2502 2212 2548 nostro

636 2580 1097 2635 consubstantiale
1120 2582 1223 2636 sit?
1251 2581 1315 2635 1Ῑί
1345 2582 1598 2638 videlicet
1637 2585 1813 2652 primo
1841 2583 2056 2648 quidem
2083 2598 2207 2652 pro-

637 2671 879 2737 ﬁtentur,
914 2670 1149 2727 Verbum
1182 2688 1211 2727 a
1238 2673 1529 2742 semetipso
1586 2674 1822 2729 alienum
1878 2676 2135 2739 evasisse,
2161 2674 2214 2729 id

634 2773 739 2826 est,
765 2763 876 2833 jam
902 2779 1010 2817 non
1036 2764 1266 2834 amplius
1296 2764 1461 2819 Deum
1491 2778 1636 2829 esse,
1656 2774 1713 2818 ut
1738 2765 1868 2832 dixi,
1889 2775 2211 2829 creatorem,

633 2856 823 2922 vitam,
853 2856 1097 2925 gloriam.
1118 2857 1409 2926 potentiam
1433 2875 1447 2911 :
1468 2866 1629 2926 atque
1659 2858 1822 2911 etiam
1854 2858 2048 2912 docent
2093 2872 2216 2911 eum

637 2947 949 3001 iucrrorem
981 2962 1137 3017 posse
1189 2948 1488 3011 incurrere,
1516 2948 1603 3002 cui
1655 2946 1905 3001 obnoxiae
1954 2956 2218 3001 creatura:

636 3046 805 3091 sunt:
841 3037 1053 3107 aliaque
1081 3037 1389 3107 ltujusmodi
1416 3037 1591 3092 eidem
1628 3022 1931 3091 attribuunt
1982 3039 2217 3107 pessima

635 3129 851 3196 oppido,
890 3138 944 3183 et
976 3130 1089 3198 ipso
1119 3129 1357 3198 indigna.
1384 3128 1643 3197 Equidem
1675 3130 2025 3198 quaerendum
2061 3130 2129 3183 ab
2155 3146 2219 3184 eo

638 3221 894 3285 arbitror,
931 3222 1020 3289 qui
1068 3221 1209 3276 hanc
1247 3222 1559 3291 opinionem
1609 3222 1661 3275 in
1723 3222 1956 3275 medium
2013 3222 2218 3287 attulit,

639 3329 767 3367 num
827 3314 1135 3381 passionum
1188 3313 1541 3383 ignominiam
1581 3313 1636 3367 in
1691 3314 1925 3368 Verbum
1977 3314 2221 3368 incidere

640 3420 864 3461 necesse
891 3404 1089 3459 fuerit?
1114 3407 1291 3477 Atque
1305 3406 1420 3460 haec
1439 3406 1823 3460 nonnullorum
1840 3405 2022 3475 opinio
2044 3420 2221 3461 nonne

2310 962 2494 1030 utique
2524 975 2636 1015 rem
2678 957 2858 1026 seipse
2889 956 3162 1024 indignam
3209 968 3370 1024 agere
3401 951 3687 1006 voluisset.

2597 1052 2654 1106 2.
2685 1048 2835 1105 Idem
2874 1046 3108 1118 Cyritltu
3140 1047 3195 1101 in
3217 1046 3399 1099 eodem
3429 1043 3586 1096 libro.

2381 1142 2487 1199 Sed
2518 1142 2605 1199 isti
2647 1141 2881 1196 fortasse
2902 1138 3188 1208 opinantes
3234 1136 3415 1191 dicent
3458 1135 3629 1191 Deum
3656 1129 3893 1186 Verbum

2309 1250 2631 1292 conversum
2680 1233 2896 1303 quidem
2937 1230 2991 1284 in
3014 1243 3255 1289 carnem,
3287 1227 3383 1283 sed
3420 1241 3524 1280 non
3558 1234 3763 1287 totum,
3794 1236 3897 1278 nec

2309 1328 2550 1392 omnino,
2600 1340 2697 1380 nec
2746 1324 2829 1402 in_
2863 1321 3137 1377 omnibus.
3189 1318 3669 1374 Verumenimvero
3717 1329 3898 1370 nonne

2309 1416 2849 1473 evidenterinsaniet
2868 1414 2913 1469 si
2953 1413 3077 1484 quis
3104 1412 3312 1486 dicere
3365 1418 3459 1467 aut
3506 1409 3737 1465 credere
3771 1408 3898 1461 talia

2310 1507 2471 1562 velit?
2497 1506 2552 1561 In
2577 1506 2765 1577 primis
2807 1504 2958 1559 aiunt
3012 1501 3248 1557 Verbum
3280 1500 3422 1555 haud
3463 1514 3523 1553 se
3574 1508 3750 1553 totum
3792 1498 3901 1551 im-

2311 1604 2558 1652 mutasse
2589 1596 2673 1650 vel
2704 1595 3115 1651 conversionem
3161 1607 3384 1663 passum
3406 1609 3421 1646 :
3442 1590 3642 1645 deinde
3676 1605 3806 1643 eum
3837 1589 3900 1642 ﬁ-

2312 1689 2473 1743 nibus
2525 1687 2997 1751 circumscribunt,
3058 1685 3304 1739 dicentes
3370 1682 3545 1750 ipsum
3588 1681 3900 1749 quantitate

2312 1778 2601 1841 contineri,
2631 1777 2747 1832 loco
2774 1776 3039 1840 cohiberi,
3078 1777 3179 1830 sub
3209 1773 3579 1828 deﬁnitionem
3607 1774 3831 1832 cadere,
3850 1779 3904 1824 et

2313 1885 2437 1926 cum
2480 1870 2601 1924 aliis
2653 1871 2816 1923 rebus
2866 1866 3271 1923 connumerari.
3305 1864 3590 1931 Qudmodo
3634 1873 3823 1917 autem
3852 1863 3900 1914 bi

2314 1960 2610 2016 adversarii
2632 1959 2904 2029 ignorant,
2924 1972 3123 2027 corpus
3144 1955 3284 2023 quod
3304 1956 3374 2009 sit
3396 1953 3683 2009 divisionis
3704 1968 3903 2021 capax,

2314 2051 2493 2106 omnia
2527 2064 2743 2119 semper
2796 2048 2931 2118 pati,
2975 2063 3097 2117 qua:
3130 2045 3353 2115 singulae
3407 2054 3589 2114 partes
3634 2042 3759 2111 ejus
3808 2056 3943 2110 pa-,

2317 2140 2774 2210 tiunturiNeque
2798 2140 2942 2194 enim
2976 2139 3067 2192 uni
3109 2138 3477 2192 membrorum
3536 2134 3651 2203 pati
3687 2134 3905 2188 contin-

2316 2240 2492 2300 geret,
2521 2231 2624 2285 nisi
2660 2231 2910 2284 universa
2957 2228 3201 2298 corporis
3228 2237 3423 2281 natura
3454 2226 3715 2296 patiendo
3763 2224 3906 2277 foret

2315 2323 2568 2379 obnoxia.
2604 2322 2824 2376 Interim
2866 2320 2921 2376 hi
2972 2335 3071 2375 nos
3122 2328 3323 2389 cogunt
3373 2318 3442 2373 ad
3478 2316 3645 2372 verba
3683 2330 3907 2385 quoque

2314 2415 2538 2470 minime
2564 2408 2719 2468 nobis
2740 2421 3040 2480 spontanea
3064 2411 3425 2466 descendere:
3448 2410 3541 2465 sed
3571 2409 3733 2463 venia
3755 2407 3910 2476 prius

2316 2521 2344 2559 a
2377 2506 2552 2560 Verbo
2590 2505 2683 2560 Dei
2716 2504 3002 2575 postulata,
3028 2503 3259 2559 dicimus
3278 2502 3443 2571 quod,
3480 2504 3525 2557 si
3562 2502 3707 2556 forte
3724 2508 3909 2554 muta-

2316 2598 2497 2653 bilitas
2526 2597 2595 2651 ab
2632 2612 2698 2653 eo
2736 2611 2845 2651 non
2873 2604 3017 2651 esset
3052 2594 3251 2660 aliena,
3278 2608 3452 2662 neque
3482 2592 3556 2647 illi
3590 2590 3912 2661 impossibi-

2318 2690 2385 2745 lis
2414 2690 2531 2760 ejus
2561 2689 2636 2743 rei
2670 2688 2871 2758 passio,
2897 2688 3085 2756 utique
3124 2688 3194 2742 ad
3247 2685 3462 2741 Patrem
3509 2698 3729 2753 quoque
3776 2697 3911 2736 san-

2320 2790 2573 2848 ctumque
2595 2778 2856 2848 Spiritum
2884 2776 2968 2831 vis
2991 2776 3149 2845 hujus
3172 2775 3525 2845 blasphemiae
3549 2773 3911 2844 perveniret:

2321 2879 2431 2926 tota
2461 2879 2544 2925 est
2572 2870 2716 2924 enim
2745 2867 3227 2924 consubstantialis
3275 2866 3621 2922 sanctissima
3654 2864 3909 2919 Trinitas

2320 2970 2378 3016 et
2437 2957 2813 3013 immutabilis.
2850 2958 3136 3026 Quodnam
3192 2973 3321 3012 vero
3375 2959 3543 3011 robur
3593 2954 3909 3010 inﬁrmitati

2321 3061 2523 3105 nostra:
2567 3048 3004 3117 impetraremus,
3034 3048 3082 3103 si
3125 3047 3265 3102 Deus
3304 3060 3455 3115 teque
3502 3060 3567 3099 ac
3607 3060 3709 3099 nos
3765 3042 3913 3098 foret

2323 3143 2592 3205 inﬁrmus,
2628 3150 2792 3209 atque
2852 3140 2906 3195 in
2962 3155 3026 3195 ea
3066 3139 3314 3193 converti
3351 3148 3555 3206 posset,
3590 3151 3713 3205 qua:
3752 3133 3917 3189 nobis

2321 3232 2470 3288 ell'ari
2497 3248 2598 3285 non
2628 3231 2774 3297 licet,
2803 3233 3018 3287 etiamsi
3044 3232 3114 3285 ab
3145 3230 3269 3284 aliis
3313 3230 3515 3284 diserte
3558 3228 3704 3282 dicta
3749 3226 3913 3279 audi-

2323 3322 2479 3377 mus?
2511 3320 2615 3375 Sed
2642 3340 2661 3372 ‹
2690 3321 2867 3375 videte
2911 3336 3019 3384 me,
3070 3320 3247 3389 inquit
3287 3318 3593 3389 Scriptura,
3615 3315 3745 3385 quia
3801 3315 3917 3383 ipse

2325 3428 2467 3477 sum,
2498 3420 2551 3465 et
2583 3426 2691 3466 non
2724 3426 2842 3466 sum
2893 3420 3132 3467 mutatus
3160 3413 3199 3465 ί.
3236 3430 3255 3463 t
3290 3409 3427 3464 Tum
3452 3418 3509 3464 et
3548 3408 3710 3462 divus
3754 3406 3915 3461 Psal-

641 3498 851 3554 furiosa
881 3499 1001 3554 est?
1033 3499 1283 3558 Profecto
1319 3498 1450 3552 nihil
1492 3497 1763 3551 amentius
1782 3498 2080 3566 excogitari
2123 3512 2221 3565 po-
2250 3536 2293 3594 α
2326 3506 2483 3559 rnista
2510 3504 2705 3559 alicubi
2732 3505 2877 3559 canit
2911 3522 2923 3557 :
2965 3522 2983 3554 ‹
3016 3501 3192 3570 Opera
3235 3516 3491 3556 manuum
3524 3510 3744 3555 tuarum
3789 3507 3915 3553 sunt

644 3600 749 3644 test
782 3605 941 3657 quam
982 3590 1055 3643 ita
1108 3588 1268 3643 Verbi
1318 3598 1569 3643 naturam
1618 3588 1943 3643 contumelia
1979 3586 2219 3642 afﬁcere.

642 3680 856 3749 Alioqui
912 3680 1002 3749 qui
1037 3679 1150 3732 ﬁeri
1201 3687 1401 3748 posset,
1445 3688 1502 3732 ut
1543 3678 1639 3733 Dei
1688 3694 1883 3733 nomen
1940 3677 2225 3732 sublimius

644 3772 835 3841 quovis
858 3771 1075 3825 nomine
1107 3778 1273 3836 esset,
1299 3779 1352 3824 et
1382 3771 1494 3839 ipse
1538 3769 1799 3825 Dominus
1831 3770 2090 3824 virtutum
2141 3769 2225 3825 fo-

644 3864 762 3917 ret?
788 3864 893 3919 Sed
915 3864 1057 3918 enim
1075 3864 1271 3932 aliquis
1299 3862 1532 3919 fortasse
1569 3863 1733 3926 dicet,
1762 3862 1903 3916 haud
1929 3862 1980 3915 id
2004 3861 2223 3931 quidem

645 3956 1013 4009 necessarium
1050 3954 1242 4021 fuisse,
1284 3964 1475 4024 sponte
1518 3961 1697 4006 tamen
1750 3955 1821 4006 ita
1858 3963 2031 4007 semet
2073 3968 2226 4007 com-

645 4055 905 4112 mutasse,
944 4055 1002 4101 ut
1033 4046 1325 4122 inevitabili
1368 4045 1604 4115 passioni
1633 4045 1901 4100 subesset.
1931 4045 2097 4115 Atqui
2127 4060 2226 4116 ego

726 4208 741 4239 ¹
763 4205 993 4263 Malach.
1033 4224 1113 4275 tu,
1149 4208 1202 4264 6.
1280 4212 1300 4241 ’
1322 4208 1465 4263 Psal.
1494 4224 1567 4274 cr,
1599 4206 1688 4273 26,
1720 4208 1810 4264 27.

721 4367 799 4433 (1)
834 4367 910 4420 Ex
934 4365 1192 4434 Apologia
1222 4364 1447 4418 Joannis
1473 4363 1826 4419 Caesariensis
1862 4378 1960 4431 pro
1994 4365 2227 4419 concilio

648 4437 1075 4491 Chalcedonensi
1135 4451 1254 4501 quae
1313 4436 1365 4487 in
1427 4436 1611 4488 codice
1664 4434 1892 4502 Syriaco
1969 4434 2228 4490 Vaticano

651 4515 918 4571 Superest.
951 4535 1019 4545 —
1046 4504 1145 4557 Mai
1176 4503 1427 4557 Bibliolh.
1467 4520 1598 4557 nova
1624 4502 1869 4567 Patrum,
1890 4503 1956 4567 ll,
1994 4503 2120 4557 445.

725 4575 803 4645 (2)
840 4575 901 4628 lli
929 4576 1143 4645 proprie
1174 4574 1492 4645 dicebantur
1518 4572 1859 4645 VO’UYXDTLXOQ,
1895 4572 2223 4645 confusanei.

655 4641 956 4711 cuiusmodi
990 4643 1213 4711 fuerunt,
1234 4643 1560 4709 Apollinaris
1580 4641 1636 4696 et
1656 4643 1945 4712 Eutycltes,
1963 4654 2017 4697 et
2044 4641 2227 4713 postea

658 4719 918 4777 Severus,
968 4715 1058 4783 qui
1099 4716 1233 4767 duas
1281 4713 1482 4767 Christi
1514 4715 1832 4783 naturasgin
1887 4729 2046 4783 unam
2100 4714 2233 4769 adu-

651 4796 920 4841 naverunt
945 4781 1105 4850 atque
1143 4783 1522 4837 confuderunt.
1558 4783 1695 4837 llinc
1720 4781 2233 4837 Theodoretidialo-

652 4873 751 4923 gus
773 4864 958 4908 contra
988 4854 1357 4922 Apollinarem
1388 4852 1702 4906 inscribitur
1746 4851 2100 4922 Ἀσύγχυτος,
2135 4852 2230 4907 In-

655 4925 929 4993 confusus.
980 4924 1244 4991 Proprius
1296 4934 1475 4975 tamen
1512 4924 1707 4993 pperis
1739 4938 1766 4975 a
1806 4923 2008 4993 Cyrillo
2040 4924 2228 4993 scripti

658 4990 844 5048 titulus
872 4994 971 5047 fuit
996 4990 1137 5047 κατὰ
1168 4990 1598 5055 Συνουσιαστῶν,
1639 5002 1823 5045 contra
1853 4990 2227 5061 ’Synuaiastas,

662 5066 778 5117 sive
811 5075 997 5117 contra
1034 5079 1127 5117 eos
1156 5064 1398 5131 quiduas
1421 5064 1754 5116 substantias
1786 5063 2023 5117 divinam
2054 5072 2108 5115 et
2133 5065 2231 5116 ltu-

660 5150 876 5188 manant
903 5136 971 5186 ita
1004 5135 1055 5185 in
1083 5134 1299 5187 Christo
1325 5133 1592 5187 adunatas
1622 5133 1860 5192 aiebant.
1894 5142 1950 5184 ut
1983 5148 2084 5184 una
2110 5142 2231 5200 post

659 5204 1045 5256 :ulunationem
1076 5212 1241 5257 esset.
1272 5203 1319 5256 Is
1345 5217 1530 5268 revera
1551 5202 1739 5255 titulus
1754 5202 1935 5269 operis
1950 5201 2227 5271 Cyrilliani

659 5278 736 5327 ita
784 5277 1045 5326 recitatur
1081 5274 1145 5326 ab
1179 5272 1485 5340 Ephrannio
1532 5272 1872 5325 Antiocheno
1920 5273 2059 5338 apud
2091 5273 2232 5326 Pho-

602 5400 606 5405 ,
664 5346 796 5396 tium
824 5345 944 5396 cud.
980 5343 1105 5402 919.9,
1140 5360 1190 5409 p.
1214 5342 1339 5405 796,
1368 5342 1512 5410 quod
1556 5341 1875 5397 vocabulum
1922 5345 2008 5394 vix
2042 5341 2231 5396 vellem

661 5432 691 5465 ει
727 5412 915 5466 Scotto
947 5414 1272 5479 explicatum
1312 5412 1479 5466 fuisse
1535 5412 1722 5465 Latine
1772 5422 1957 5467 contra
2006 5414 2232 5466 consub-

663 5482 1042 5547 srantialistas,
1072 5499 1137 5536 ne
1182 5483 1319 5537 forte
1353 5481 1674 5551 Eutychiani
1726 5480 1962 5536 harretiei
2013 5499 2231 5552 permu-

667 5563 851 5606 tentur
881 5567 1002 5606 cum
1038 5553 1354 5606 orthodoxis
1404 5552 1814 5616 llomousianis;
1843 5568 2147 5621 quanquam
2181 5554 2232 5606 hi

665 5638 858 5688 reapse
890 5625 953 5674 de
972 5624 1278 5677 substantia
1306 5623 1482 5675 divina
1528 5632 1736 5675 tantum
1767 5623 2078 5689 loquuntur,
2120 5639 2237 5690 qua:

668 5694 855 5747 eadem
894 5692 944 5743 in
984 5693 1143 5746 Patre
1173 5692 1417 5759 Filioque
1450 5701 1567 5758 est;
1606 5693 1679 5746 illi
1712 5707 1775 5747 ex
1808 5694 2015 5748 duabus
2037 5694 2237 5746 Christi

667 5764 877 5815 naturis
917 5762 1147 5815 humana
1186 5778 1249 5815 ac
1277 5763 1453 5815 divina
1493 5779 1673 5822 uuam.
1705 5773 1762 5817 ut
1789 5764 1920 5817 dixi.
1948 5763 2235 5817 faciebant.

671 5830 922 5886 Sedenim
950 5834 1228 5889 commudc
1246 5833 1438 5888 accidit
1458 5842 1515 5888 ut
1537 5833 1724 5888 titulus
1756 5834 2032 5903 Cyrilliaui
2059 5836 2237 5902 operis

2331 3594 2610 3663 cmlizipsi
2638 3594 2911 3665 peribunt,
2940 3602 2995 3648 tu
3041 3602 3224 3647 autem
3266 3605 3594 3661 permanes:
3630 3591 3733 3658 ipsi
3770 3597 3917 3643 vete-

2336 3696 2555 3741 rascent
2592 3700 2781 3740 omnes
2828 3700 2925 3741 ceu
2967 3685 3378 3749 vestimentum,
3410 3692 3466 3737 et
3504 3690 3767 3751 tanquam
3803 3679 3915 3749 pal-

2334 3776 2462 3830 lium
2494 3776 2732 3830 invertes
2749 3791 2863 3841 eos,
2898 3784 2953 3828 et
3002 3776 3379 3838 invertentur;
3417 3772 3511 3826 sed
3546 3782 3602 3825 tu
3638 3771 3786 3825 idem
3836 3784 3915 3833 es,

2331 3880 2387 3925 et
2417 3868 2540 3922 anui
2589 3869 2666 3922 tui
2721 3883 2826 3923 non
2870 3868 3125 3921 finientur
3157 3868 3201 3921 ’.
3249 3885 3266 3916 ι
3315 3862 3708 3944 Animadverte
3752 3862 3919 3932 igitur

2331 3957 2601 4025 quomodo
2620 3955 2843 4010 edoctus
2870 3970 2900 4009 a
2929 3953 3038 4009 Deo
3073 3954 3363 4023 PrOpheta,
3393 3955 3459 4007 ad
3490 3962 3802 4007 creatarum
3830 3964 3918 4005 re-

2333 4061 2452 4101 rum
2482 4056 2731 4101 naturam
2772 4044 3186 4101 mutabilitatem
3229 4045 3507 4108 amandat,
3534 4041 3693 4110 cujus
3719 4043 3798 4096 rei
3830 4055 3920 4093 ar-

2336 4365 2479 4420 κατὰ
2530 4365 2941 4421 Συνουσιαστῶν
3006 4364 3187 4422 sexies
3245 4362 3507 4432 recitetur
3544 4364 3597 4417 in
3644 4362 3918 4432 Opusculis

2336 4436 2542 4490 Graecis
2577 4450 2605 4488 a
2640 4450 2727 4489 me
2772 4437 2934 4493 editis
2959 4436 3155 4503 Script.
3209 4443 3309 4487 vet.
3358 4443 3398 4487 t.
3442 4431 3550 4494 VII,
3578 4449 3671 4502 pp.
3687 4431 3796 4497 10,
3832 4433 3916 4495 15,

2336 4506 2429 4569 27,
2455 4506 2583 4567 290.
2616 4504 2744 4571 Q95,
2775 4504 2901 4569 302,
2937 4522 3060 4561 cum
3120 4504 3373 4558 brevibus
3415 4504 3535 4573 ejus
3579 4504 3921 4572 fragmentis,

2339 4590 2459 4643 qua:
2488 4576 2685 4643 partim
2709 4590 2830 4627 cum
2853 4577 2940 4631 his
2961 4592 2989 4629 a
3027 4573 3237 4629 Joanne
3282 4573 3605 4627 Caesariensi
3657 4573 3920 4643 recitatis,

2263 4649 2307 4704 D
2338 4640 2473 4725 mire
2490 4640 2827 4724 congruunt,
2851 4656 2909 4698 ut
2932 4654 3117 4725 postea
3151 4643 3475 4725 videbimus.
3508 4644 3707 4725 (latura
3738 4640 3919 4725 Sino:

2336 4715 2535 4768 siastas
2589 4711 2945 4782 scripserant
2985 4714 3150 4768 etiam
3210 4711 3505 4782 Diodorus
3530 4711 3826 4782 Tarsensis
3866 4720 3922 4764 et

2337 4782 2655 4837 Theodorus
2694 4780 3105 4851 Mopsustenus,
3170 4781 3401 4836 testibus
3468 4781 3727 4836 Facundo
3780 4780 3918 4851 Her-

2335 4854 2601 4907 mianeusi
2658 4853 2755 4922 lib.
2792 4850 2912 4919 vtu,
2957 4870 3077 4922 cap.
3140 4851 3195 4922 4.
3248 4865 3469 4922 necnon
3523 4851 3752 4905 Leontio
3800 4850 3917 4922 ade.

2335 4924 2564 4991 Eutych.
2614 4921 2756 4990 apud
2811 4920 3089 4977 Canisiu'nt
3124 4921 3310 4991 Antiq.
3338 4920 3465 4991 lect.
3501 4922 3615 4991 ed.”
3634 4935 3760 4973 nov.
3814 4928 3853 4972 t.
3879 4920 3917 4981 Ι,

2334 5008 2389 5061 p.
2413 4989 2540 5055 591,
2567 4989 2806 5059 itemque
2836 4994 2975 5061 apud
3007 5008 3095 5046 me
3110 4990 3298 5061 Spicit.
3329 4989 3483 5044 Rom.
3513 5000 3555 5045 t.
3577 4990 3646 5051 Χ,
3677 4999 3825 5057 part.
3860 5005 3916 5051 ιι,

2335 5060 2425 5133 pp.
2456 5065 2543 5123 87.
2577 5063 2667 5116 88.
2694 5061 2933 5131 Denique
2956 5064 3122 5116 etiam
3170 5060 3916 5133 TheodotusAntiocbentts,

2336 5129 2411 5189 itii
2458 5133 2729 5187 afﬁrmant
2783 5129 2922 5203 apud
2975 5147 3060 5185 me
3111 5132 3447 5203 tom.icit_._p.
3484 5132 3550 5185 l0
3597 5129 3919 5203 Anastasius

2336 5205 2644 5274 presbyter,
2681 5213 2736 5256 et
2789 5199 3050 5274 Leontius
3091 5216 3146 5271 p.
3177 5201 3298 5256 154.
3334 5199 3455 5274 Urio
3502 5200 3785 5274 versiculo
3810 5215 3916 5274 rem

2338 5269 2625 5327 deﬁnierat
2664 5276 2807 5341 apud
2862 5269 3270 5327 Tlteodoretum
3312 5271 3442 5324 dial.
3473 5272 3571 5324 cit.
3599 5285 3653 5341 ρ.
3684 5269 3789 5322 106
3812 5272 3919 5341 Λιιτ-

2341 5344 2553 5397 tiochus
2584 5339 2933 5397 Ptoletnaidis
2964 5356 2979 5396 :
3007 5342 3103 5412 Μὴ
3143 5341 3376 5411 συγχέῃς
3422 5339 3777 5412 τὰς’-φρᾲσεις,
3830 5340 3921 5391 καὶ

2338 5415 2400 5466 οὐ
2441 5414 2736 5484 ναρκήσεις
2786 5413 2915 5484 περὶ
2967 5411 3063 5481 τὴν
3092 5410 3411 5484 -οἱκονομίᾳν
3436 5428 3449 5440 υ
3510 5410 3640 5464 Noli
3676 5422 3918 5484 _ttaluras

2341 5480 2685 5552 confundere,
2739 5494 2786 5536 et
2837 5480 2979 5536 circa
3024 5480 3410 5533 incarnationis
3470 5480 3917 5552 mysteriummnon

2342 5548 2586 5622 torpebis.
2632 5553 2886 5606 Sedenim
2914 5560 2990 5603 tot
3017 5552 3165 5622 olim
3211 5561 3264 5622 et
3298 5564 3481 5622 postea
3528 5548 3728 5622 contra
3773 5548 3915 5622 illam

2340 5619 2591 5677 Incresitn
2614 5622 2858 5689 scriptis,
2888 5635 2948 5672 ea
2977 5620 3329 5675 nihilominus
3355 5621 3510 5673 vivax
3550 5619 3752 5689 residet
3778 5620 3915 5683 apud

2338 5704 2543 5762 partem
2565 5685 2851 5745 niaximum
2877 5690 3169 5762 Syrorum,
3185 5690 3587 5762 Armeniorum,
3609 5685 3915 5762 Ethiopum

2340 5758 2500 5829 atque
2532 5762 2847 5830 Captorurn.
2876 5758 3050 5814 Tanta
3078 5768 3157 5815 est
3185 5758 3479 5830 pt‘J‘jUtllCii
3507 5775 3573 5813 c.\
3599 5758 3917 5826 antiquitate

2341 5832 2575 5901 suscepti
2609 5831 2889 5886 tenacitas!
