4132 6460
630 303 763 359 1451

1621 321 1680 381 S.
1722 326 1993 386 CYRILLI
2028 331 2506 396 ALEXANDRINI
2548 341 2871 403 ARCillEP.

3758 368 3896 429 “32

625 422 831 479 tatione
877 426 1135 486 salutaris
1194 431 1317 489 fidei
1376 447 1578 496 nostra
1618 444 2063 506 confessiozimo
2117 467 2204 509 res
2234 460 2283 516 Α
2308 470 2417 525 quo
2453 459 2518 514 de
2549 461 2690 516 coelo
2721 465 2993 522 rediturus
3035 478 3120 523 est
3150 472 3191 535 ',
3227 473 3353 530 hinc
3407 488 3622 534 constat
3671 496 3889 541 carnem

625 519 733 541 ιη...
787 518 1222 541 -..--....,.--,.,,μ
1318 539 1328 541 _
1480 528 1493 541 .

620 519 735 567 tota
786 518 1242 588 pessumdaretur,
1305 539 1428 581 cum
1479 528 1713 587 indidem
1753 550 2009 594 manante
2038 541 2202 611 justi-

614 604 906 675 Jicatione;
938 624 1444 689 consequenterque
1483 638 1583 680 nos
1628 628 1806 684 adhuc
1854 633 1907 685 in
1960 638 2201 703 peccatis

621 698 824 754 nostris
849 717 1151 774 manemus,
1180 725 1355 780 neque
1385 724 1627 773 veterum
1663 722 1944 792 culparum
1983 736 2199 784 nostra-

618 804 739 844 rum
762 795 951 850 sordes
984 799 1244 857 discussae
1273 817 1418 863 sunt.

925 910 980 965 5.
1016 913 1168 968 Idem
1202 917 1434 988 Cyrillus
1452 924 1508 977 in
1531 925 1710 980 eodem
1737 928 1885 984 libro.

688 1018 745 1074 Si
780 1036 906 1078 caro
936 1025 1093 1082 Verbi
1113 1046 1141 1083 a
1164 1042 1361 1088 nostrae
1389 1038 1569 1092 carnis
1598 1041 1909 1099 conditione
1934 1051 2197 1106 recessim

537 1176 541 1181 ’
614 1120 720 1176 set,
752 1116 1001 1184 superior
1050 1122 1208 1176 nobis
1239 1124 1453 1190 eﬂ'eeta,
1484 1130 1608 1198 quia
1656 1133 1709 1186 in
1753 1136 2011 1193 deitatem
2061 1157 2194 1196 eon-

612 1214 791 1269 versa,
826 1206 1016 1262 salutis
1044 1221 1244 1267 nostra
1280 1216 1426 1271 basis
1471 1234 1773 1291 corrueret,
1820 1244 2025 1298 nosque
2061 1234 2197 1287 adeo

612 1295 713 1349 sub
737 1300 926 1353 mortis
945 1304 1257 1373 peccatique
1277 1310 1544 1367 smvitiam
1583 1317 1983 1380 recideremus.
2013 1324 2192 1392 Sicut,

945 1364 959 1369 _
1170 1364 1184 1373 _
1586 1364 1983 1380 ,---..-.ν......,.
2013 1364 2192 1392 .......,

554 1364 569 1373 ’
609 1381 805 1441 domus
836 1391 1044 1447 murive
1070 1394 1314 1453 subrutis
1338 1400 1538 1460 inlimis
1561 1405 1948 1479 fundamentis,
1979 1417 2196 1473 univer-

607 1492 727 1532 sum
762 1483 1049 1541 :edilicium
1087 1489 1443 1562 dilaberetur,
1467 1508 1522 1552 et
1570 1502 1828 1573 quidquid
1871 1507 1977 1564 illis
2008 1510 2195 1568 fulcris

605 1581 1036 1637 superstructum
1090 1576 1300 1648 fuerat;
1343 1585 1415 1640 ita
1460 1589 1505 1643 si
1548 1588 1814 1659 Unigeniti
1863 1613 1986 1652 cum
2032 1617 2195 1659 carne

603 1659 938 1730 dispensatio
970 1682 1096 1723 vera
1138 1688 1246 1727 non
1281 1686 1448 1744 esset,
1483 1694 1571 1735 res
1595 1695 1794 1740 nostrae
1836 1687 1996 1743 simul
2029 1700 2192 1763 atque

602 1744 656 1797 in
693 1760 1013 1817 perpetuum
1054 1768 1429 1819 everterentur
1480 1777 1535 1821 et
1579 1771 1811 1829 intirmte
1855 1780 2068 1835 fierent.
2093 1744 2190 1840 Sic
2223 1806 2266 1864 Β

601 1836 689 1891 aio
724 1843 951 1910 pariter,
990 1851 1131 1916 quod
1161 1852 1206 1907 si
1262 1851 1421 1911 Verbi
1455 1874 1585 1915 caro
1615 1864 1666 1917 in
1695 1865 1913 1923 deitatis
1938 1880 2188 1929 naturam

600 1941 809 1987 mutata
840 1933 1055 2008 fuisset,
1073 1948 1385 2003 necessario
1423 1961 1587 2022 atque
1638 1955 1690 2010 in
1739 1964 2188 2023 mternumaFilii

599 2021 841 2081 hominis
879 2031 1241 2099 appellatione
1287 2021 1586 2101 excideret.
1633 2049 1744 2103 Cur
1788 2066 1917 2124 ergo
1969 2058 2189 2127 sapien-
2225 2080 2231 2085 ·

595 2111 844 2170 tissimus
870 2117 1067 2178 Paulus
1095 2126 1327 2184 dixisset
1361 2149 1374 2184 :
1407 2151 1426 2184 ι
1480 2135 1634 2194 Unus
1661 2151 1742 2195 est
1774 2142 1936 2211 Deus,
1962 2159 2015 2203 et
2047 2166 2188 2208 unus

596 2205 867 2261 mediator
916 2211 1057 2267 inter
1112 2214 1281 2273 Deum
1339 2233 1394 2277 et
1438 2224 1702 2295 homines,
1732 2234 1892 2293 homo
1937 2240 2187 2301 Christus

596 2291 778 2362 Jesus,
824 2302 917 2371 qui
956 2304 1105 2362 dedit
1167 2313 1406 2383 seipsum
1464 2323 1908 2401 redemptionem,
1935 2348 2034 2402 pro
2078 2351 2183 2393 no-

594 2385 681 2442 bis
712 2390 813 2443 °?t
853 2393 949 2450 Est
975 2397 1090 2468 ipse
1118 2406 1385 2462 mediator
1431 2422 1488 2465 ut
1530 2415 1693 2481 Deus,
1726 2385 1979 2493 idemque
2019 2428 2182 2486 homo

592 2478 777 2546 simul,
820 2483 987 2541 Deum
1042 2488 1259 2550 Patrem
1297 2501 1453 2557 nobis
1482 2504 1745 2576 placaris;
1782 2513 1895 2582 ipse
1932 2532 2071 2574 unus
2097 2532 2181 2577 est

590 2571 649 2625 in
670 2574 823 2630 unica
852 2580 1202 2653 adunatione.
1242 2590 1297 2643 in
1332 2609 1436 2661 qua
1460 2611 1593 2655 sane
1628 2604 1817 2671 grandi
1863 2622 1986 2663 cum
2020 2613 2178 2669 diffe-

588 2667 769 2722 rentia
838 2671 1253 2747 distinguuntur
1316 2697 1527 2745 natura:
1578 2667 1930 2764 (iizeazdcm
1993 2712 2203 2762 tantem

589 2774 925 2822 concurrunt
979 2771 1143 2828 simul
1198 2775 1252 2831 in
1297 2778 1600 2854 Christum,
1633 2799 1688 2843 et
1734 2791 1788 2845 in
1833 2793 2173 2854 inconfusam

587 2853 974 2915 adunationem
1007 2872 1174 2934 atque
1232 2868 1610 2945 insolubilem;
1646 2880 1840 2937 similis
1896 2884 2042 2943 Patri
2090 2902 2174 2948 est

589 2947 810 3016 deitate,
827 2953 1021 3012 similis
1046 2962 1201 3017 nobis
1218 2963 1585 3037 humanitate;
1618 2977 1871 3046 atqueita
1890 2986 2173 3051 cognosci-

587 3049 675 3093 tur
713 3042 876 3099 homo
903 3048 1154 3109 Christus
1199 3054 1357 3111 Jesus
1398 3063 1667 3121 mediator
1692 3042 1917 3128 vnoster.
1944 3042 2096 3141 Quod
2120 3079 2169 3136 si

584 3129 970 3192 abominabilis
1015 3140 1069 3195 in
1124 3158 1209 3210 eo,
1233 3156 1291 3200 ιιι
1338 3149 1426 3203 isti
1472 3154 1835 3222 volunt,caro
1885 3174 2053 3233 esset,
2088 3169 2165 3225 rei
2194 3163 2240 3227 C

583 3234 793 3276 summa
827 3226 893 3280 de
918 3228 1093 3286 medio
1116 3235 1417 3305 tolleretur,
1456 3258 1558 3297 nec
1594 3243 1708 3313 jam
1745 3248 1864 3318 ipse
1897 3252 2040 3309 inter
2070 3273 2170 3314 nos

580 3308 912 3386 Patremque
928 3335 1083 3377 suum
1120 3327 1385 3384 mediator
1420 3344 1585 3391 esset.
1623 3336 1776 3396 Tunc
1813 3354 1992 3401 autem
2023 3363 2165 3418 quo-

580 3405 748 3460 modo
777 3408 842 3461 ad
876 3410 1025 3467 illum
1052 3420 1480 3481 accederemus?
1502 3441 1598 3483 aut
1629 3444 1778 3489 certe
1805 3438 1927 3505 quis
1953 3455 2053 3495 nos
2088 3441 2165 3498 illi

579 3493 931 3556 admoveret?
957 3505 1081 3573 quis
1117 3511 1978 3590 demumsuperessetmediator?
2001 3530 2167 3590 Divus

575 3582 779 3644 Paulus
810 3591 951 3649 dixit
1001 3582 1279 3658 hominem
1306 3588 1428 3663 esse
1469 3614 2007 3677 mediatorem.Tum
2048 3626 2165 3695 ipse

576 3676 827 3738 Christus
853 3685 1061 3756 inquit:
1084 3710 1103 3744 ι
1131 3692 1303 3754 Nemo
1333 3706 1483 3757 venit
1529 3707 1597 3760 ad
1652 3707 1890 3779 Patrem,
1919 3715 2023 3775 nisi
2066 3676 2166 3788 per

575 3773 727 3827 me’.
759 3793 777 3826 ι
821 3776 1204 3842 Portentosum
1255 3803 1340 3846 est
1396 3809 1529 3865 ergo
1589 3808 1643 3854 et
1684 3799 1898 3860 insania
1940 3808 2160 3877 plenum

575 3877 944 3927 commentum
966 3873 1181 3933 illorum
1209 3882 1299 3952 qui
1327 3895 1553 3945 naturas
1585 3892 1945 3954 confundunt.

859 3984 914 4039 ϐ.
957 3986 1108 4044 Idem
1156 3992 1390 4064 Cyrillus
1422 4002 1477 4056 in
1510 4008 1689 4059 eodem
1715 4007 1872 4065 libro.

649 4108 669 4142 ι
703 4090 837 4149 Cum
865 4094 1033 4157 Filius
1057 4102 1292 4163 hominis
1320 4114 1547 4182 venerit,
1580 4132 1707 4173 num
1739 4120 1794 4175 in
1825 4130 1969 4181 terra
1995 4127 2155 4186 fidem

568 4188 814 4246 inveniet
834 4190 895 4246 ’ἲ
926 4212 944 4245 ι
994 4193 1151 4252 Nunc
1181 4203 1471 4268 quaerimus
1499 4208 1567 4263 ab
1591 4212 1947 4281 adversariis,
1973 4235 2159 4288 quam-

568 4295 693 4334 nam
730 4283 875 4339 volet
929 4286 1166 4347 hominis
1211 4292 1383 4351 Filius
1428 4298 1588 4356 [idem
1631 4302 1899 4375 invenire,
1933 4326 2055 4369 cum
2088 4316 2156 4373 de

567 4367 706 4422 uelo
761 4370 1054 4431 descendet
1092 4383 1233 4449 apud
1281 4398 1377 4440 eos
1426 4389 1517 4457 qui
1552 4390 1607 4445 in
1644 4402 1789 4450 terra
1822 4408 2155 4460 versantur?

565 4456 664 4512 Vel
696 4462 953 4530 quidnam
983 4467 1049 4521 de
1086 4484 1151 4525 eo
1205 4476 1415 4543 opinari
1444 4456 1791 4551 possumus?
1833 4456 2154 4554 Numﬁfo—rte
2183 4519 2228 4575 ι)

564 4550 882 4621 abjecturus
921 4568 1003 4612 est
1026 4558 1147 4617 Filii
1174 4564 1410 4625 hominis
1450 4575 1847 4647 conditionem,
1872 4597 1941 4638 an
1968 4588 2148 4655 potius

561 4644 616 4697 in
648 4646 1001 4707 similitudine
1031 4664 1219 4713 nostra
1242 4674 1549 4732 mansurus,
1580 4678 1639 4723 ut
1666 4671 1831 4729 homo
1873 4690 1993 4734 esse
2028 4695 2148 4738 cre-

562 4739 762 4794 datur?
792 4743 947 4809 Quod
1007 4747 1051 4803 si
1086 4748 1243 4823 longe
1281 4754 1518 4826 abesset,
1544 4770 1603 4816 ut
1653 4763 1827 4834 ipsum
1881 4786 2035 4842 aeque
2082 4791 2147 4831 ac

558 4846 659 4888 nos
711 4834 985 4894 hominem
1030 4855 1283 4914 reputare
1323 4864 1627 4926 possemus,
1666 4874 2143 4935 consequenterne

559 4924 743 4982 dicere
792 4929 982 4988 iiceret
1013 4948 1301 4996 venturum
1360 4942 1593 5005 fortasse
1642 4966 1742 5007 ceu
1777 4956 2050 5015 hominem
2085 4970 2142 5017 ut

556 5017 717 5073 ﬁdem
744 5020 796 5074 iu
823 5031 969 5080 terra
1000 5027 1257 5100 inveniat,
1286 5044 1339 5091 et
1367 5053 1471 5093 non
1505 5042 1685 5110 potius
1718 5059 2005 5107 venturum
2040 5068 2139 5109 ceu

556 5109 727 5165 Deum
765 5111 1000 5173 Verbum
1050 5122 1281 5195 simplex
1316 5139 1372 5185 et
1418 5109 1624 5203 absque
1665 5152 1851 5206 carne,
1895 5152 1953 5199 ut
1997 5145 2142 5201 hanc

557 5202 718 5258 tidem
746 5210 885 5277 apud
925 5220 1211 5273 terrestres
1266 5202 1546 5279 inveniat?
1573 5226 1679 5284 Sed
1728 5202 1852 5301 quia
1912 5234 2141 5304 ipsemet

556 5297 846 5355 manifeste
860 5316 917 5357 se
938 5301 1133 5361 Filium
1164 5309 1399 5371 hominis
1417 5319 1939 5395 vocitavittempore
1970 5327 2135 5384 etiam

650 5454 877 5544 ξιξ-Τίῳ.
908 5482 970 5535 ιι,
1001 5468 1067 5544 5_._
1131 5472 1330 5544 7Joani.
1365 5490 1476 5544 Juv,
1516 5478 1570 5533 6.

556 5525 853 5603 "Philipp.
888 5525 970 5607 tn,
1009 5541 1099 5597 2i.
1179 5525 1261 5596 i’l
1291 5525 1570 5615 155531;;
1597 5553 1683 5608 12.

1649 5482 1822 5565 _'Luc.
1849 5502 1981 5555 xvn,
2016 5489 2066 5545 8.
2146 5492 2166 5523 ’
2190 5490 2383 5550 Matth.
2416 5511 2568 5565 xui,
2599 5497 2651 5553 6.

2306 551 2374 606 ab
2403 567 2468 608 eo
2498 553 2551 608 in
2581 554 2726 609 aliud
2755 557 2983 625 quodvis
3008 576 3111 615 non
3147 560 3314 619 fuisse
3348 576 3636 635 mutatam,
3663 573 3762 627 sed
3778 574 3891 643 glo-

2309 643 2504 699 riosam
2534 649 2674 713 apud
2699 662 2823 702 eum
2846 665 3085 717 manere,
3120 653 3607 727 incorruptibilem,
3631 666 3755 719 sine
3782 683 3895 721 ma-

2303 736 2446 800 cula,
2466 747 2628 806 atque
2648 738 2735 792 illa
2766 739 2883 795 luce
2911 741 3207 811 fulgentem
3241 747 3304 799 ad
3333 765 3493 817 quam
3528 770 3690 810 nemo
3717 768 3892 827 potest

2302 830 2586 885 accedere.
2613 830 2784 887 Porro
2820 834 2962 888 haud
3008 851 3131 889 cum
3173 837 3266 893 illo
3312 843 3483 907 tenui,
3508 854 3568 898 ut
3616 850 3889 916 primitus,

2301 919 2591 987 splendore
2625 924 2940 980 descendet.
3484 955 3489 959 ί

2587 1033 2637 1086 7.
2672 1034 2820 1089 Idem
2861 1037 3088 1108 Cyrillus
3129 1042 3182 1094 in
3225 1045 3405 1098 eodem
3452 1048 3604 1103 libro.

2373 1145 2428 1198 Si
2463 1162 2590 1200 caro
2615 1148 2734 1216 ejus
2761 1152 2827 1205 ad
2864 1163 3111 1208 naturam
3139 1156 3357 1212 deitatis
3381 1161 3548 1229 ipsius
3579 1166 3887 1230 transisset.

2292 1234 2405 1304 jam
2436 1238 2605 1294 Filius
2629 1242 2864 1298 hominis
2892 1260 3010 1299 esse
3039 1248 3350 1313 desineret;
3396 1254 3685 1325 palamque
3710 1262 3886 1312 omni-

2301 1328 2399 1384 bus
2431 1330 2584 1387 ﬁeret
2634 1333 2860 1403 gloriam
2901 1337 3211 1406 adoptionis
3259 1343 3437 1397 amitti
3483 1362 3511 1398 a
3550 1349 3731 1410 nobis,
3772 1360 3887 1403 tan-

2299 1436 2459 1489 quam
2491 1423 2540 1478 si
2569 1426 2988 1495 primogenitum
3014 1430 3157 1485 inter
3176 1431 3375 1489 multos
3406 1436 3886 1497 fratres"dintius

2298 1528 2407 1568 non
2441 1513 2786 1573 haberemus.

2596 1631 2650 1686 8.
2684 1631 3098 1719 IdemCyrillus
3121 1640 3177 1695 in
3199 1644 3381 1697 eodem
3415 1644 3575 1700 libro.

2368 1742 2483 1798 Non
2515 1756 2744 1814 apparet
2780 1748 3019 1806 Verbum
3066 1767 3286 1811 carnem
3338 1768 3596 1825 mutasse,
3629 1775 3754 1830 qua:
3798 1764 3879 1818 in-

2293 1839 2728 1895 convertibiliter
2781 1850 2839 1896 et
2885 1844 3091 1915 absque
3120 1848 3442 1905 confusione
3474 1852 3551 1905 illi
3580 1854 3876 1925 conjuncta

2290 1939 2376 1985 est
2401 1931 2453 1985 in
2472 1932 2693 1989 deitatis
2723 1944 2938 1992 natura.
2969 1938 3104 1992 Illud
3137 1942 3313 2009 potius
3345 1943 3725 2008 observamus,
3766 1963 3880 2001 me-

2290 2023 2398 2078 rito
2446 2024 2592 2079 illam
2649 2026 2819 2097 gloria
2856 2044 2953 2085 sua
3006 2033 3407 2102 magnificasse,
3440 2037 3871 2107 honoribusque

2288 2113 2399 2170 Deo
2432 2114 2627 2171 debitis
2656 2119 2996 2176 cumulasse:
3019 2131 3181 2193 atque
3221 2126 3294 2179 ita
3349 2137 3597 2196 tempore
3632 2145 3737 2183 suo
3758 2146 3877 2183 caro

2286 2208 2372 2262 nis
2416 2223 2632 2279 quoque
2690 2212 3085 2281 dispensatoris
3142 2218 3443 2273 substantia
3469 2219 3559 2292 [de
3594 2220 3741 2276 caelo
3782 2226 3872 2277 dc-

2284 2300 2531 2373 scendet]
2552 2316 2745 2370 :quam
2792 2306 3038 2361 videntes
3066 2310 3425 2367 admiratione
3450 2316 3689 2382 perculsi
3725 2329 3871 2371 sunt.

2287 2390 2440 2447 Hanc
2471 2408 2661 2463 reapse
2695 2397 2883 2453 oculus
2911 2398 3067 2465 vidit,
3096 2402 3174 2456 uti
3206 2405 3465 2473 scriptum
3499 2416 3603 2461 est.
3645 2408 3876 2464 Sancto-

2282 2498 2400 2538 rum
2433 2486 2579 2539 enim
2616 2489 2928 2558 angelorum
2977 2507 3116 2547 unus
3165 2494 3489 2553 mirantibus
3534 2498 3657 2553 ait:
3702 2518 3723 2551 r
3756 2500 3872 2555 Viri

2282 2574 2657 2647 Calilmi,quid
2681 2580 2879 2635 coelum
2899 2583 3212 2653 suspicitis?
3242 2584 3511 2645 llicJesus
3532 2591 3625 2660 qui
3650 2606 3873 2646 assum-

2277 2681 2402 2736 ptus
2433 2678 2517 2724 est
2550 2687 2579 2725 a
2610 2673 2782 2740 vobis,
2821 2674 2901 2729 sic
2928 2675 3108 2731 veniet
3146 2681 3606 2747 quemadmodum
3653 2684 3872 2740 vidistis

2274 2775 2399 2815 eum
2426 2774 2642 2819 euntem
2667 2766 2721 2819 in
2750 2766 2917 2822 caelos
2940 2769 3005 2823 “.
3043 2788 3062 2821 ι
3094 2768 3230 2823 Num
3277 2770 3474 2827 dicturi
3501 2775 3637 2829 estis
3688 2777 3871 2830 visum

2274 2866 2397 2909 esse
2425 2855 2491 2910 ab
2528 2856 2595 2911 iis
2628 2858 2918 2913 salientem
2961 2861 3027 2915 ad
3060 2861 3276 2918 Patrem
3334 2866 3537 2933 absque
3569 2867 3781 2921 carne?
3814 2869 3869 2924 id

2272 2954 2358 3001 est
2393 2944 2567 3002 forma
2596 2960 2781 3004 nostra
2815 2951 3159 3023 indignanter
3181 2954 3541 3025 abjecta,jam
3565 2975 3672 3013 non
3697 2961 3871 3018 fuisse

2272 3037 2327 3092 in
2352 3054 2581 3109 corpore
2618 3042 2840 3108 visibili,
2870 3044 3102 3115 ideoque
3145 3060 3204 3101 se
3230 3061 3605 3107 commutasse
3636 3054 3690 3106 in
3726 3053 3870 3108 invi-

2271 3128 2479 3184 sibilem
2505 3131 3077 3205 incorruptibilemque
3107 3146 3362 3193 naturam
3387 3140 3411 3192 ?
3433 3141 3587 3207 Quis,
3612 3144 3869 3212 inquam,

2278 3222 2391 3275 hate
2439 3221 2619 3277 dicere
2672 3224 2852 3278 ausit?
2885 3225 2978 3279 Sin
3005 3236 3197 3282 contra
3235 3229 3305 3283 ita
3349 3243 3615 3288 venturus
3649 3244 3755 3299 est,
3784 3234 3866 3289 uti

2275 3312 2555 3377 ascendit,
2589 3313 2775 3383 quidni
2820 3329 2948 3371 vere
2986 3318 3223 3384 dicetur,
3252 3335 3371 3375 cum
3403 3324 3595 3377 eodem
3635 3338 3868 3394 corpore

2274 3402 2534 3471 Verbum,
2566 3421 2674 3460 non
2726 3417 2906 3463 autem
2958 3409 3009 3462 in
3047 3420 3241 3466 natura
3278 3413 3513 3481 simplici
3546 3425 3603 3471 et
3653 3418 3867 3488 absque

2270 3509 2454 3564 carne,
2488 3511 2609 3552 esse
2640 3499 2969 3553 venturum?

2575 3611 2627 3666 9.
2670 3610 2819 3667 Idem
2842 3612 3075 3684 Cyrillus
3100 3616 3154 3670 in
3184 3618 3360 3672 eodem
3388 3619 3541 3675 libro.

2340 3722 2417 3779 De
2437 3723 2655 3780 CltriSto
2680 3726 2900 3797 scripsit
2916 3729 3349 3800 sapientissimus
3371 3749 3589 3804 quoque
3617 3734 3857 3791 Paulus:

2273 3830 2293 3865 ι
2326 3814 2426 3882 Qui
2461 3816 2771 3872 immutabit
2822 3834 3019 3890 corpus
3070 3822 3395 3881 humilitatis
3447 3839 3670 3889 nostrae,
3704 3842 3763 3883 ut
3786 3831 3861 3884 sit

2267 3905 2444 3961 simile
2476 3909 2689 3978 corpori
2729 3910 2915 3980 gloria:
2938 3914 3002 3967 ".
3036 3930 3055 3965 ι
3089 3913 3230 3980 Quid
3273 3918 3338 3970 ad
3375 3917 3494 3973 hac
3544 3918 3731 3974 dicent
3755 3920 3859 3985 illi,

2263 3998 2357 4066 qui
2381 4013 2598 4054 carnem
2634 4011 2894 4057 mutatam
2923 4004 3077 4058 aiunt
3119 4005 3173 4059 in
3205 4005 3365 4062 Verbi
3397 4009 3691 4063 naturam?
3714 4010 3853 4065 Num

2263 4098 2574 4144 sanctorum
2613 4107 2839 4161 corpora
2909 4094 3029 4149 ideo
3060 4105 3339 4150 mutantur
3366 4098 3418 4152 in
3439 4099 3658 4155 deitatis
3690 4108 3853 4155 natu-

2264 4196 2405 4246 ram,
2452 4182 2576 4252 quia
2634 4186 2751 4253 ipsa
2808 4200 3028 4262 quoque
3090 4186 3394 4244 conformia
3443 4191 3581 4247 (iunt
3627 4194 3846 4263 corpori

2260 4271 2445 4342 gloria:
2486 4275 2637 4341 ejus?
2667 4274 2855 4333 Nonne
2893 4292 3057 4334 merae
3098 4296 3271 4351 gerrae
3313 4290 3442 4337 sunt
3490 4285 3607 4339 haec
3652 4300 3846 4341 eorum

2259 4368 2449 4435 verba,
2506 4383 2627 4438 quas
2673 4369 2890 4426 inscitia
2935 4374 3186 4427 scatent?
3216 4372 3273 4428 Si
3319 4389 3445 4430 caro
3492 4377 3561 4429 ad
3622 4376 3846 4433 deitatis

2259 4468 2530 4525 naturam,
2569 4470 2626 4514 ut
2652 4460 2827 4528 aiunt,
2859 4464 3096 4531 transiit,
3123 4479 3361 4535 quonam
3391 4468 3609 4521 demum
3638 4470 3692 4522 in
3718 4484 3842 4525 cor-

2257 4566 2390 4621 pore
2416 4552 2557 4608 Deus
2589 4551 2823 4609 Verbum
2845 4557 3128 4611 versatur?
3149 4556 3243 4612 Est
3274 4557 3418 4613 enim
3442 4559 3618 4613 deitas
3648 4560 3833 4615 incor-

2255 4660 2444 4716 porea,
2503 4646 2899 4718 verissimeque
2933 4650 3166 4706 dicimus
3230 4651 3431 4706 nemini
3484 4651 3653 4709 Deum
3720 4668 3840 4711 esse

2255 4738 2605 4807 conspicuum
2636 4738 2701 4793 ¹³.

2545 4853 2632 4909 10.
2665 4854 2813 4911 Idem
2836 4856 3066 4927 Cyrinus
3090 4862 3145 4915 in
3172 4863 3350 4916 eodem
3378 4863 3535 4917 libro.

2325 4965 2431 5021 Sed
2484 4967 2722 5024 fortasse
2764 4969 2948 5027 dicent
3004 4988 3225 5027 carnem
3254 4976 3397 5030 haud
3436 4976 3662 5031 omnino
3702 4979 3835 5034 sub-

2250 5061 2508 5114 stantiam
2550 5076 2704 5115 suam
2727 5064 3011 5131 amisisse;
3046 5068 3141 5121 sed
3172 5082 3294 5123 cum
3323 5068 3433 5124 Deo
3461 5069 3640 5123 Verbo
3664 5080 3835 5127 semet

2250 5149 2661 5206 commiscuisse
2690 5155 2925 5208 naturali
2948 5157 3181 5225 quadam
3201 5160 3552 5215 adunatione.
3572 5160 3686 5231 Ego
3705 5176 3833 5219 vero

2248 5243 2519 5309 quomodo
2548 5243 2634 5300 his
2666 5259 2985 5313 occurram,
3016 5250 3317 5319 praesertim
3349 5252 3478 5321 quia
3525 5254 3827 5310 humanum

2246 5332 2595 5390 ratiocinium
2628 5336 2680 5391 in
2702 5337 2785 5394 his
2817 5347 3016 5410 torpet,
3055 5357 3232 5413 neque
3258 5346 3503 5416 propria,
3548 5358 3606 5401 ut
3631 5348 3704 5401 ita
3738 5346 3829 5401 di-

2737 5499 2780 5532 ¹⁰
2805 5498 2962 5557 Rom.
3001 5519 3119 5568 vin,
3151 5505 3237 5561 29.
3372 5507 3411 5538 ³¹
3435 5507 3556 5562 Act.
3590 5525 3625 5573 ι,
3669 5509 3753 5565 li.

628 5685 1845 5803 (at)litieg‘iltic‘tﬁiaqi:(malrtoperefyrillus
1899 5717 2187 5779 abhorreat
2226 5736 2255 5779 a
2297 5722 2485 5782 Severi
2525 5722 2921 5801 Monophysita:
2973 5734 3265 5801 sententia,
3316 5734 3408 5803 qui
3468 5749 3645 5792 tamen
3678 5734 3824 5791 illius

555 5752 693 5811 falso
725 5752 1107 5824 auctoritatem
