4066 6464
118 370 323 447 its;

1366 362 1789 422 FRAGMENTA
1835 361 2250 423 DOGMATICA.

3308 376 3450 434 1454

171 501 328 548 cam,
379 483 430 537 in
463 481 743 551 provincia
768 482 1064 537 versatur?
1090 480 1223 536 Nam
1253 481 1337 537 vel
1366 498 1494 538 caro
1532 484 1765 537 inmuta-
1797 491 1842 541 Α
1871 496 2023 538 suam
2080 500 2483 558 personamque
2537 490 2743 555 amis“,
2777 506 2877 546 nec
2929 489 3168 560 priorem
3204 509 3324 547 ευη,
3358 495 3450 551 mo

170 578 305 633 bilis
355 586 459 641 est,
519 577 747 646 ideoque
809 578 863 630 in
913 573 1074 630 Verbi
1130 585 1380 631 naturam
1425 590 1531 631 non
1585 587 1763 630 muta-

95 691 99 694 ν
172 672 473 724 tur...vei
505 668 557 723 in
591 669 641 723 id
683 683 899 738 semper
942 678 1186 723 mutatur
1228 669 1372 739 quod
1434 682 1590 724 antea
1644 670 1762 739 ipsa

171 768 463 827 nouerat;
499 775 661 829 quam
711 760 1070 814 mutationem
1129 760 1254 813 dum
1304 761 1527 829 patitur,
1589 760 1659 815 ab
1699 775 1760 815 ea

172 853 481 906 stabilitate
528 853 759 907 discedit
809 866 927 920 quae
979 852 1144 905 Deum
1174 854 1349 918 decet,
1379 863 1537 922 atque
1568 854 1633 908 ab
1674 853 1761 907 ilia

178 960 287 1013 qua
326 945 653 999 naturaliter
695 946 983 999 fruebatur
1033 947 1345 1001 securitate.
1384 945 1538 999 Tunc
1580 956 1761 1000 autem

177 1052 418 1105 quonam
453 1036 576 1103 jure
630 1038 791 1091 homo
832 1047 1011 1104 posset
1053 1036 1345 1106 appellari?
1395 1036 1614 1090 Interim
1670 1052 1762 1090 sa-

179 1125 399 1194 pienter
432 1139 691 1191 recteque
725 1128 1151 1181 existimandum
1188 1129 1371 1192 credo,
1408 1127 1607 1180 nullam
1649 1142 1762 1180 rem

178 1229 447 1280 creatam,
474 1220 539 1273 ad
569 1219 784 1273 deitatis
819 1235 975 1289 posse
1008 1231 1256 1273 naturam
1287 1237 1523 1290 unquam
1571 1235 1763 1275 assur-

179 1326 330 1379 gere,
361 1311 435 1376 id,
488 1311 728 1381 inquam,
759 1314 900 1366 inter
958 1314 1311 1383 impossibilia
1371 1317 1762 1369 numerandum

179 1411 284 1457 est.
322 1402 479 1468 Quod
510 1406 554 1458 si
588 1403 641 1457 hi
679 1403 819 1459 forte
871 1405 1064 1459 idonea
1100 1417 1416 1473 argumenta
1464 1407 1767 1474 repereriut

182 1494 249 1548 ad
285 1497 722 1564 persuadendum
744 1496 859 1551 fore
888 1508 963 1561 ul,
994 1498 1045 1551 in
1070 1498 1419 1568 permislione
1449 1511 1766 1553 naturarum

181 1597 349 1657 atque
382 1588 701 1654 insertioue,
734 1591 1096 1659 proprietates
1120 1590 1281 1644 unius
1318 1589 1390 1643 ita
1433 1604 1770 1647 conserven-

184 1688 276 1732 tur
310 1690 371 1735 ut
408 1696 514 1736 non
544 1685 1018 1739 commttnicentur
1071 1682 1250 1748 alteri,
1282 1694 1609 1753 maneatque
1639 1700 1768 1754 per-

180 1771 330 1826 fecta
380 1772 719 1842 singularum
793 1773 1063 1837 definitio,
1121 1774 1206 1828 his
1256 1788 1388 1829 sane
1433 1775 1768 1845 argumentis

181 1871 604 1919 utantur:tunc
635 1867 781 1921 enim
839 1880 937 1921 nos
992 1866 1379 1930 concedamus,
1412 1866 1767 1936 permistione

181 1954 523 2025 huiusmodi,
571 1960 711 2013 haud
773 1973 990 2013 omnem
1061 1958 1305 2015 veritatis
1372 1961 1479 2014 vim
1547 1962 1762 2029 perimi.

184 2044 204 2116 [
234 2044 311 2116 (1)
345 2044 729 2103 Verumtamen
756 2050 800 2102 si
835 2048 975 2104 forte
1010 2050 1193 2121 dicapt
1251 2068 1470 2106 carnem
1521 2063 1575 2107 et
1628 2052 1766 2108 Ver-

180 2139 312 2192 bum
352 2154 414 2195 eo
444 2141 602 2196 modo
630 2141 772 2196 inter
798 2159 857 2196 se
905 2142 1064 2197 mista
1110 2158 1217 2213 quo
1257 2144 1443 2213 liquidi
1507 2146 1766 2201 humores

181 2229 384 2295 soient,
433 2233 703 2301 quomodo
750 2234 1005 2303 ignorant
1059 2234 1284 2304 liquida,
1354 2251 1475 2305 qua
1529 2236 1763 2292 invicem

181 2329 581 2391 temperantur,
628 2323 815 2377 viuum
869 2335 996 2391 puta
1042 2340 1107 2378 ac
1158 2324 1415 2393 mei,jam
1468 2342 1577 2381 non
1632 2343 1764 2396 pura

181 2428 408 2468 tumere
465 2424 524 2468 ut
579 2426 758 2480 erant,
804 2418 898 2470 sed
948 2416 1138 2472 aliena:
1177 2420 1498 2474 substantia:
1548 2435 1766 2475 assum-

180 2505 459 2573 ptione,iu
484 2505 629 2560 aliud
658 2506 914 2576 quiddam
943 2510 1329 2565 transmutari?
1359 2509 1415 2565 Si
1441 2527 1573 2581 ergo
1612 2512 1766 2566 aiunt

180 2606 500 2651 concretam
574 2598 743 2653 fuisse
797 2615 922 2653 cum
960 2599 1139 2655 Verbo
1176 2617 1425 2665 carnem,
1455 2604 1768 2657 necessario

182 2706 409 2759 prorsus
458 2690 745 2747 dicendqu
798 2704 883 2749 est
920 2704 1209 2765 utramque
1263 2697 1528 2751 dictorum
1582 2713 1764 2753 rerum

181 2794 211 2832 a
250 2794 353 2835 suo
385 2781 568 2851 priore
601 2790 744 2838 statu
801 2784 1144 2852 discessisse,
1179 2788 1529 2859 mediumque
1556 2790 1763 2860 aliquid

180 2889 247 2926 ex
286 2884 515 2943 utraque
548 2876 881 2943 confectum,
903 2877 1118 2933 diversa
1158 2895 1382 2949 prorsus
1404 2891 1595 2936 natura
1620 2899 1761 2954 pra:-

180 2964 383 3030 ditum,
434 2982 597 3035 quam
642 2976 800 3023 antea
860 2985 945 3025 res
978 2981 1208 3041 utraque
1259 2975 1539 3042 partiatim
1586 2975 1765 3049 erat.]

179 3054 339 3110 Nunc
383 3071 481 3125 ego
523 3058 868 3115 adversarios
918 3060 1187 3117 sciscitari
1238 3063 1447 3131 vellem,
1481 3081 1641 3136 quem
1695 3067 1764 3122 ad

182 3156 385 3201 statum
416 3150 677 3205 transisse
711 3162 900 3220 putent
929 3154 1092 3209 Verbi
1129 3165 1380 3210 naturam
1433 3159 1561 3212 dum
1615 3160 1767 3214 carni
1797 3174 1838 3231 α

182 3241 348 3296 mista
381 3242 498 3297 est?
533 3246 970 3314 quandoquidem
1010 3246 1063 3300 in
1093 3248 1273 3316 priore
1303 3260 1453 3304 certe
1485 3261 1628 3305 statu
1657 3268 1765 3308 non

183 3335 499 3402 mansisset,
551 3352 691 3390 anne
714 3336 1022 3392 commistio
1044 3337 1281 3393 Verbum
1321 3355 1353 3395 a
1382 3343 1600 3413 prepria
1630 3358 1764 3399 conc

180 3424 394 3481 ditione
424 3425 715 3496 depulerit,
738 3442 801 3481 ac
830 3442 926 3481 sua
961 3427 1163 3482 virtute
1194 3430 1451 3485 minuerit
1504 3433 1570 3485 ad
1629 3433 1765 3488 infe-

183 3520 332 3571 riora
370 3518 714 3572 delractum?
751 3517 846 3572 Sin
881 3518 1207 3573 alterutrum
1268 3521 1424 3575 aiunt
1472 3522 1769 3590 petfectius

184 3610 524 3677 apparuisse,
562 3609 703 3663 hanc
741 3610 959 3679 quidem
1020 3610 1411 3679 perfectionem
1463 3613 1615 3666 carui
1676 3628 1770 3681 po-

187 3704 297 3757 tius
327 3702 725 3755 attribueudam
762 3711 1076 3768 censerent;
1110 3712 1389 3758 constaret
1416 3705 1559 3758 enim
1597 3705 1768 3775 ipsam

185 3795 253 3847 ad
304 3793 679 3848 sublimiorem
738 3804 941 3848 statum
978 3805 1246 3849 evectam.
1279 3794 1374 3850 Sin
1432 3811 1562 3851 vero
1613 3813 1770 3853 secus

187 3897 292 3948 est,
331 3884 679 3953 Verbumque
708 3886 886 3953 potius
914 3886 981 3939 ad
1018 3902 1133 3941 rem
1170 3886 1436 3941 minorem
1473 3898 1647 3943 semet
1681 3892 1770 3943 in—

190 3977 440 4039 ciinavit,
473 3991 601 4029 num
662 3990 790 4029 caro
846 3973 1024 4028 Verbo
1075 3976 1281 4040 nocuit,
1328 3976 1487 4030 sicuti
1557 3987 1770 4031 nosmet

192 4077 383 4138 gravat
411 4077 599 4122 nostra
654 4066 894 4121 natura?
924 4064 1032 4120 Nos
1088 4067 1303 4121 interim
1365 4077 1511 4122 recte
1543 4068 1773 4123 dicimus

199 4161 435 4215 Verbum
493 4168 668 4214 semet
721 4158 786 4211 ad
850 4158 1283 4212 exiuanitiouem
1334 4159 1641 4226 demisisse,
1679 4174 1772 4213 no-

192 4261 479 4319 stramque
518 4248 751 4302 formam
779 4247 1163 4317 assumpsisse,
1192 4249 1332 4302 baud
1366 4263 1495 4303 sane
1522 4261 1579 4301 ut
1612 4249 1774 4317 quid-

192 4358 355 4413 quam
386 4342 439 4395 in
470 4357 567 4395 sua
615 4356 674 4394 se
706 4355 927 4409 passum
960 4350 1154 4393 natura
1215 4340 1643 4407 demonstraret,
1678 4342 1771 4395 sed

193 4450 252 4489 ut
282 4449 383 4489 nos
435 4435 501 4489 de
558 4448 721 4487 carne
770 4432 1024 4503 erigeret,
1060 4433 1149 4502 qui
1210 4448 1371 4487 carne
1410 4444 1463 4486 et
1511 4434 1774 4504 sanguine

193 4526 461 4594 compecti
499 4539 710 4588 sumus,
741 4533 900 4592 atque
924 4522 995 4576 ab
1028 4523 1263 4576 humana
1316 4523 1627 4577 conditione
1662 4525 1773 4579 eie-

194 4630 372 4681 vatos,
400 4617 487 4670 Dei
510 4616 648 4670 filios
674 4615 929 4669 eiiiceret.
958 4614 1053 4667 Sin
1090 4624 1301 4678 contra,
1328 4624 1386 4668 ut
1429 4615 1515 4669 isti
1554 4622 1770 4668 vetera-

197 4721 342 4765 tores
376 4709 547 4772 aiunt,
582 4708 924 4761 commiscuit
984 4722 1041 4761 se
1103 4708 1255 4761 carni
1312 4706 1573 4771 Verbum,
1612 4716 1775 4775 atque

198 4804 250 4857 id
282 4800 425 4870 quod
463 4814 567 4854 non
611 4799 789 4852 fuerat
820 4796 1070 4852 eliectum
1119 4808 1227 4862 est,
1266 4800 1539 4867 quomodo
1596 4798 1772 4867 ipsum

196 4911 293 4950 sua
325 4894 586 4963 dignitate
628 4893 893 4945 minutum
925 4892 1047 4959 jure
1071 4898 1350 4959 negarent.
1376 4906 1479 4944 non
1510 4890 1771 4962 intelligo.

195 4989 280 5041 Au
335 4999 465 5039 vero
512 4985 641 5039 dum
678 4982 772 5037 Dei
826 4982 1043 5037 aﬂ'ectat
1077 4982 1513 5048 similitudinem,
1546 4982 1773 5037 formam

267 5138 314 5171 “
336 5136 382 5192 Il
407 5138 529 5195 Cor.
562 5155 616 5205 γ,
649 5139 738 5194 l6.
817 5136 859 5168 “
883 5135 1042 5191 Rom.
1078 5152 1193 5204 vnt,
1225 5136 1278 5190 8.

270 5301 348 5371 (i)
370 5300 695 5371 Sequentem
722 5294 909 5371 Cyrilli
942 5302 1374 5371 pgrtemhquam
1408 5290 1560 5371 uncis
1600 5290 1774 5345 inciu-

200 5358 399 5437 diuitis,
440 5358 572 5426 mire
594 5358 1149 5437 coitservavitVGrtece
1174 5358 1519 5437 Justiuia-nus
1536 5360 1771 5437 impera-

312 5431 715 5509 in'dogtnatica
753 5439 819 5491 ad
867 5436 1159 5509 monachos
1207 5431 1609 5509 Mpttophysitas
1656 5433 1770 5509 epi-

298 5516 302 5523 '
334 5552 364 5579 η,
399 5499 561 5579 qus...
600 5525 697 5562 nos
727 5500 1419 5579 prin‘tieruditi-iusserim.
1452 5511 1552 5579 vet.
1578 5511 1630 5579 1t.
1656 5499 1772 5579 _\:ll.

201 5602 276 5636 ut
300 5570 437 5653 ergo
462 5598 512 5650 p.
697 5570 770 5632 ita
815 5576 1010 5653 legitur
1034 5590 1052 5653 _:
1095 5572 1154 5624 Ὀ
1193 5570 1475 5653 excivisti.
1511 5570 1778 5653 litiganti;

203 5652 345 5706 κατὰ
364 5641 481 5704 ἐἱῶὖ
535 5641 945 5703 Συνουσιαστῶν
989 5642 1133 5711 λέγει
1183 5641 1329 5694 τάδε·
1361 5642 1477 5693 «Ἐξ
1513 5642 1570 5694 δὲ
1601 5642 1675 5704 ὡς
1716 5645 1774 5694 ὲν

200 5721 351 5793 τάξει
374 5720 567 5793 ὑγρῶν
582 5715 1000 5793 Δάναμεμίχθαιη
1016 5715 1179 5793 (pasti:
1211 5711 1470 5793 θῇλῄλοις
1491 5712 1680 5793 ⁹σάιρκα
1712 5727 1785 5793 αςε.

204 5781 299 5845 και
324 5781 503 5863 λίγόὐ,
530 5788 644 5853 πῶς
676 5781 947 5857 ὴῆνῦηὲαν
975 5781 1055 5839 ὅτι
1084 5784 1152 5838 τὰ
1200 5782 1446 5853 ἀλλήλοις
1480 5781 1770 5851 ἀνακιρνά-

1361 5136 1402 5166 ¹⁶
1423 5134 1580 5192 Joan.
1615 5151 1679 5200 tt,
1710 5136 1795 5191 i9.

1866 575 2233 643 aequalitatem
2299 578 2544 643 retinuit,
2587 581 2678 635 sed
2720 582 3013 638 humiliore
3050 583 3171 639 loco
3221 584 3450 654 depres-

1865 678 2009 732 sum,
2044 676 2245 720 natura:
2276 666 2569 738 gloriaeque
2614 683 2725 723 suae
2755 670 3180 739 deminutionem
3225 689 3448 744 passum

1864 769 1944 813 est
1966 759 1987 810 ?

2152 851 2239 906 Η.
2278 850 2425 906 Idem
2450 850 2679 922 Cyrillus
2714 854 2766 907 in
2794 854 2980 908 cadent
3005 855 3160 911 libro.

1936 965 2380 1021 Iioiestissimum
2405 976 2487 1021 est
2534 967 2763 1020 tolerare
2795 968 2998 1037 aliquid
3029 983 3059 1021 e
3100 970 3283 1023 multis
3329 985 3450 1038 qua:

1868 1055 1955 1109 isti
1987 1056 2174 1108 dicunt
2212 1055 2463 1123 pessimis
2501 1074 2514 1109 :
2560 1055 2918 1124 quamobrem
2963 1056 3177 1110 videtur
3225 1058 3353 1111 mihi
3382 1059 3449 1111 ab

1867 1150 1953 1205 his
1982 1149 2233 1204 absurdis
2262 1148 2607 1218 opinionibus
2637 1147 3021 1203 recedendum.
3052 1147 3264 1220 Ergone
3296 1166 3449 1203 com-

1869 1242 2176 1296 mistionem
2229 1241 2502 1311 fugimus?
2526 1240 2725 1308 Utique
2770 1242 3027 1295 damnum
3061 1243 3263 1310 pariter
3297 1242 3363 1294 ab
3386 1258 3447 1296 ea

1867 1343 2082 1387 scatens
2132 1333 2384 1387 vitamus.
2422 1332 2580 1385 Aliud
2625 1346 2841 1401 quoque
2899 1342 3276 1401 argumentum
3330 1348 3453 1400 pro-

1869 1422 2067 1490 ferent,
2094 1424 2275 1479 divum
2308 1424 2517 1479 scilicet
2559 1423 2782 1478 Paulum
2810 1424 2881 1477 ita
2904 1426 3231 1477 scribentem
3256 1441 3270 1477 :
3293 1441 3311 1474 ι
3337 1422 3449 1478 Etsi

1867 1518 2147 1573 Christum
2184 1518 2237 1572 in
2278 1533 2443 1573 carne
2474 1518 2741 1582 novimus,
2766 1532 2909 1572 nunc
2943 1532 3046 1571 non
3082 1516 3210 1572 item
3244 1516 3307 1569 η.
3334 1537 3353 1569 ι
3393 1517 3449 1572 Si

1868 1625 1999 1679 ergo
2029 1611 2259 1666 dicimus
2285 1610 2565 1666 Christum
2607 1610 2661 1664 in
2714 1625 2879 1666 carne
2915 1610 3027 1678 jam
3064 1625 3168 1665 non
3205 1609 3449 1679 agnosci,

1869 1702 2179 1755 necessario
2208 1715 2426 1755 carnem
2456 1701 2509 1754 in
2544 1699 2707 1755 Verbi
2742 1710 2992 1754 naturam
3030 1698 3454 1754 mulatamaﬂir—

1796 1831 1840 1886 Β
1871 1806 2104 1855 mamus,
2146 1800 2206 1846 ut
2249 1802 2506 1861 tanquam
2560 1791 2654 1846 Dei
2719 1807 2847 1847 caro
2906 1801 3251 1863 agnoscatur.
3285 1791 3449 1860 Atqui

1869 1882 2063 1952 aliquis
2095 1882 2276 1938 forsan
2294 1884 2362 1936 ad
2384 1883 2499 1938 haec
2522 1883 2668 1937 illico
2693 1886 3043 1952 responderet
3068 1899 3083 1938 :
3108 1899 3234 1937 num
3254 1880 3452 1938 Paulus

1869 1991 1990 2029 cum
2022 1976 2088 2029 de
2119 1976 2273 2030 nobis
2308 1976 2489 2030 aiebat
2526 1994 2540 2030 :
2579 1993 2596 2027 ι
2632 1976 2735 2042 Qui
2776 1976 2827 2029 in
2859 1990 3030 2031 carne
3063 1985 3210 2043 sunt,
3238 1974 3452 2044 placere

1867 2067 1978 2123 Deo
2005 2078 2313 2139 nequeunt;
2354 2084 2449 2123 vos
2484 2080 2664 2123 tamen
2695 2070 2838 2125 haud
2869 2070 2919 2123 in
2948 2084 3113 2125 carne
3131 2069 3452 2133 versamini,

1866 2163 1960 2216 sed
1989 2162 2040 2215 in
2070 2162 2262 2231 spiritu
2286 2162 2349 2224 ",
2372 2178 2389 2212 ι
2418 2176 2508 2225 an,
2539 2162 2780 2231 inquam,
2809 2177 2972 2217 carne
2994 2178 3092 2216 nos
3115 2173 3166 2216 et
3191 2161 3456 2229 sanguine

1866 2267 2055 2307 carere
2106 2254 2476 2321 cognoverat?
2528 2254 2670 2322 Ergo
2704 2254 2808 2307 hoc
2845 2253 2912 2306 dc
2952 2252 3293 2320 iucorporeis
3342 2252 3454 2319 Spi-
3492 2255 3499 2261 ’

1870 2343 2067 2398 ritibus
2108 2344 2267 2397 dixit.
2299 2343 2473 2398 Porro
2528 2345 2717 2414 quidni
2754 2338 3009 2398 stolidum
3042 2342 3456 2397 detestandum-

1866 2451 1975 2505 que
2000 2437 2094 2500 sit,
2122 2437 2169 2491 si
2197 2439 2320 2504 quis
2344 2449 2586 2500 carnem,
2618 2436 2669 2490 id
2700 2445 2783 2491 est
2819 2436 3000 2490 carnis
3043 2433 3323 2503 passiones
3353 2431 3457 2487 Do-

1867 2529 2017 2584 mino
2068 2530 2362 2584 attribuat?
2412 2530 2673 2583 Servatur
2720 2529 2864 2583 enim
2912 2528 3156 2582 omnium
3206 2526 3457 2579 Christus

1868 2621 2252 2675 immaculatus
2308 2630 2412 2687 est,
2467 2629 2630 2688 atque
2687 2620 2835 2674 omni
2887 2618 3144 2687 peccandi
3201 2616 3458 2671 facultate

1867 2729 2083 2769 carens.
2108 2714 2240 2767 Cum
2266 2724 2447 2767 autem
2476 2713 2519 2767 si
2543 2712 2742 2765 dicitur
2768 2711 2821 2764 in
2859 2725 3023 2764 carne
3052 2725 3155 2763 non
3179 2708 3456 2777 cognosci,

1870 2805 2280 2875 intelligendum
2325 2812 2409 2858 est
2439 2819 2561 2857 eum
2589 2803 2642 2857 in
2698 2802 3113 2856 infirmitatibus
3139 2799 3321 2853 carnis
3345 2799 3456 2870 jam

1867 2914 1975 2954 non
1997 2898 2277 2968 cognosci.

2139 2988 2226 3042 i2.
2267 2986 2419 3041 Idem
2452 2985 2684 3056 Cyrinus
2712 2987 2766 3039 in
2794 2985 2972 3040 eodem
3008 2984 3164 3039 libro.

1943 3101 2217 3172 Jejunavit
2272 3103 2458 3172 igitur,
2489 3102 2708 3163 esuriit,
2764 3100 2928 3169 longo
2987 3101 3184 3154 itinere
3224 3099 3463 3154 lassatus

1872 3206 1977 3259 est,
2011 3196 2247 3262 itemque
2302 3192 2453 3248 cruci
2513 3190 2652 3245 ﬁxus
2708 3191 3077 3259 obiit:atque
3126 3191 3242 3244 haec
3276 3189 3458 3242 omnia

1870 3301 2160 3358 perpessus
2181 3294 2287 3349 est,
2312 3283 2455 3338 haud
2481 3292 2659 3337 tamen
2688 3282 2741 3334 in
2772 3281 2992 3336 deitatis
3025 3292 3217 3335 natura
3243 3279 3461 3350 (neque

1872 3381 2017 3436 enim
2046 3377 2334 3448 imaginari
2377 3378 2504 3431 licet
2530 3374 2842 3446 passibilem
2875 3388 2998 3429 esse
3026 3374 3263 3428 divinam
3293 3381 3456 3427 natu-

1873 3468 2052 3539 ram),
2086 3471 2179 3522 sed
2219 3469 2272 3521 in
2322 3483 2488 3522 carne
2512 3482 2609 3521 sua
2642 3466 2844 3537 potius.
2875 3464 2995 3519 Jam
3030 3479 3154 3519 cum
3186 3464 3301 3533 ipse
3348 3463 3460 3517 vita

1872 3560 1944 3613 sit
1979 3566 2319 3625 mortemque
2350 3556 2671 3617 calcaverit,
2700 3555 2990 3608 humanam
3021 3554 3178 3606 nobis
3212 3560 3458 3605 naturam

1872 3651 1939 3704 ad
1967 3646 2534 3717 incorruptibilitatem
2562 3646 2842 3713 vitamque
2869 3643 3175 3697 renovavit.
3192 3640 3310 3710 ipse
3326 3656 3457 3695 vero

1874 3757 2016 3795 nunc
2069 3740 2215 3793 omni
2248 3740 2483 3793 humana
2536 3736 2853 3791 infirmitate
2883 3748 3072 3790 carere
3102 3732 3459 3801 conspicitur,

1873 3834 2035 3890 sicuti
2063 3843 2210 3887 recte
2240 3832 2446 3886 dictum
2471 3830 2603 3886 fuit:
2631 3844 2829 3899 nempe
2874 3829 2925 3882 in
2953 3842 3115 3881 carne
3140 3841 3243 3880 non
3266 3841 3461 3895 cogno-

1875 3926 2065 3988 scitur,
2095 3924 2246 3977 idest
2268 3923 2321 3976 in
2344 3921 2527 3976 carnis
2548 3920 2886 3982 infirmitate,
2909 3931 2964 3971 ut
2985 3918 3059 3972 ait
3081 3904 3462 3987 mysteriorum

1874 4018 1993 4088 ejus
2024 4016 2295 4069 minister.
2486 4050 2507 4073 .

2154 4107 2239 4162 t3.
2278 4105 2428 4160 Idem
2455 4103 2686 4175 Cyrillus
2715 4104 2769 4156 in
2795 4104 2976 4157 eodem
3021 4101 3178 4155 libro.

1947 4222 2083 4277 Cum
2118 4231 2303 4275 autem
2363 4226 2619 4283 mortem,
2642 4218 2815 4270 nostri
2851 4229 3041 4277 causa,
3074 4213 3125 4267 in
3174 4224 3338 4265 carne
3365 4225 3464 4281 gu-

1878 4324 2095 4382 stasset,
2127 4312 2329 4382 pariter
2370 4324 2494 4365 cum
2528 4323 2758 4377 corpore
2791 4306 3057 4362 ascendit.
3099 4304 3344 4373 Cumque
3366 4302 3464 4355 Ju-

1879 4411 2118 4463 dzcorutn
2173 4407 2343 4461 turba:
2392 4401 2777 4472 prtedisisset:
2812 4418 2829 4450 t
2879 4396 3155 4452 Destruite
3205 4393 3463 4464 templum

1808 4502 1998 4562 [)hoc,
2047 4508 2100 4553 et
2153 4498 2324 4551 tribus
2378 4494 2571 4549 diebus
2620 4506 2811 4546 rursus
2862 4491 3066 4556 erigam
3103 4489 3178 4555 ¹⁶;
3217 4506 3235 4538 ι
3275 4501 3461 4541 revera

1886 4599 2250 4645 restauratum
2301 4598 2388 4641 est
2430 4586 2573 4654 Quod
2620 4585 2797 4639 fuerat
2846 4584 3206 4637 destructum.
3239 4580 3463 4632 Destru-

1877 4692 2017 4735 ctam
2036 4697 2162 4735 vero
2180 4693 2400 4734 carnem
2427 4677 2679 4741 dicimus,
2708 4692 2813 4731 non
2832 4673 2994 4728 Verbi
3022 4683 3293 4735 naturam,
3320 4670 3463 4740 quod

1879 4775 1995 4828 fieri
2021 4772 2228 4841 nequit.

2164 4863 2250 4917 14.
2287 4862 2441 4915 Idem
2468 4860 2696 4931 Cyrillus
2719 4858 2775 4911 iu
2810 4857 2989 4911 eodem
3014 4854 3169 4909 libro.

1949 4978 2067 5034 iam
2095 4994 2216 5033 cum
2250 4976 2510 5047 apostolis
2539 4975 2653 5044 ipse
2683 4980 2871 5027 noster
2909 4970 3163 5026 Salvator
3210 4968 3466 5026 Christus

1886 5305 2024 5358 μενα
2054 5287 2162 5340 τῶν
2205 5286 2408 5356 ὑγρῶν,
2432 5282 2574 5351 οἶνος
2614 5287 2750 5358 φέρε
2792 5288 2970 5358 εἰπεῖν
2995 5284 3091 5341 καὶ
3129 5284 3272 5358 μέλι,
3305 5283 3333 5338 ὃ
3365 5285 3464 5358 μὲν

1879 5356 2041 5429 ἦσαν,
2074 5359 2180 5429 εἰσὶ
2206 5357 2463 5428 καθαρῶς
2486 5356 2701 5422 οὐκέτι,
2721 5357 3022 5429 προσλήψει
3044 5358 3104 5429 Αδὲ
3138 5357 3337 5426 μᾶλλον
3363 5356 3464 5429 τῆς

1879 5426 2207 5501 ἐξεροειὸοὖς
2238 5426 2541 5501 ποιότηξεος,
2574 5426 2868 5501 εἰς’ἒτερόν
2892 5426 3314 5501 τ⁷ιίμεοίσταται;
3337 5426 3464 5501 013x:-

1884 5495 1980 5552 οὔεί
2009 5501 2057 5583 εξ
2107 5498 2516 5585 συγκειιρᾶσθαί
2537 5515 2670 5582 (ροισι
2690 5495 2855 5568 τῷλό
2870 5516 2939 5585 {rp
2956 5495 3053 5568 ’ἑὴν
3081 5500 3278 5585 σάρκα,
3312 5495 3465 5576 τιᾶσά

1884 5585 2001 5632 πως
2034 5569 2247 5637 ἀνάγκη
2278 5568 2452 5639 λέγειν
2482 5569 2743 5639 ἑκάτερον
2762 5572 2871 5622 τῶν
2896 5568 3298 5639 ὠνομασμένων
3329 5569 3447 5639 απο-

1884 5640 2077 5707 στῆναι
2112 5634 2211 5709 μὲν
2236 5634 2335 5691 ῖεοῦ
2372 5634 2510 5690 εἶναι
2551 5638 2579 5690 ὃ
2606 5634 2696 5710 ἦῆ,
2728 5639 2785 5691 ἓν
2827 5640 2883 5693 δέ
2913 5657 2964 5693 τι
2993 5634 3051 5691 ’ἐὺ
3085 5640 3285 5719 ἁμφρίν
3326 5638 3464 5689 ἀπο-

1880 5710 2097 5763 τελέσαι
2134 5710 2318 5777 μέσον,
2369 5710 2661 5779 ἑτεροφυές
2708 5727 2809 5765 που
2856 5708 3156 5779 πάντω;,ῆ
3209 5710 3346 5777 όπερ
3398 5701 3463 5776 ἧν

1880 5723 2097 5763 τεΑεσαι
2134 5723 2318 5777 μεσον,
2369 5723 2661 5779 aspectus;
2708 5727 2809 5765 που
2856 5727 3092 5774 παντως,
3124 5723 3156 5779 η
3209 5723 3346 5777 οπερ
3398 5723 3431 5776 η

1879 5780 2138 5848 ἑκάτερον
2192 5781 2295 5833 ἀνὰ
2343 5780 2527 5849 μέρος.
2560 5800 2578 5832 ι
