4066 6490
555 414 700 471 “55

553 537 885 604 persuaserit
917 550 975 591 se
1008 534 1075 589 de
1115 546 1300 592 morte
1327 536 1675 603 suscitatum,
1705 551 1923 591 carnem
1953 536 2118 602 pedes
2147 538 2193 595 A

554 641 855 695 manusque
916 628 1229 691 habentem,
1279 643 1445 697 seque
1506 642 1611 681 non
1693 642 1813 682 esse
1874 625 2126 694 Spiritum

555 718 839 773 manifeste
864 720 1312 783 demonstraverit
1340 737 1354 786 ;
1379 712 1602 788 eurjam
1638 719 1923 786 quisquam
1950 716 2131 786 suspi-

555 820 715 863 cetur
747 821 965 864 carnem
1016 826 1137 865 esse
1184 821 1443 864 mutatam
1480 810 1533 862 in
1573 809 1794 863 tleitatis
1852 819 2129 871 naturam,

559 914 738 969 neque
768 900 973 969 aliquid
1002 915 1238 970 passam,
1277 917 1451 969 neque
1493 902 1822 956 destructam
1877 908 2130 965 mortem,

560 1006 687 1045 cum
728 991 781 1045 in
836 992 1002 1045 vitam
1044 1001 1166 1060 post
1234 995 1452 1046 tertium
1500 994 1641 1047 diem
1690 993 1869 1059 rediit,
1915 992 2138 1060 suisque

558 1084 839 1155 discipulis
869 1084 1221 1153 conspicuum
1250 1100 1309 1138 se
1334 1084 1499 1139 fecit?

839 1218 925 1272 15.
969 1218 1117 1273 Idem
1148 1218 1377 1291 Cyrillus
1401 1220 1456 1273 in
1480 1222 1659 1275 eodem
1691 1220 1848 1275 libra.

636 1350 768 1418 Quis
790 1362 1098 1406 sanctorum
1133 1352 1351 1407 Patrum
1376 1354 1489 1409 haec
1514 1364 1620 1407 tam
1646 1355 1775 1408 dura
1796 1356 2059 1422 praedixit,
2085 1366 2141 1410 et

560 1439 1044 1508 impossibilia,nec
1065 1443 1230 1496 hilum
1256 1446 1498 1499 veritatis
1521 1445 1810 1498 habentia?
1846 1444 1977 1510 Quis
2018 1461 2143 1514 apo-

562 1529 818 1583 stolorum
832 1541 925 1584 aut
940 1533 1384 1601 evangelistarum
1404 1535 1562 1588 verba
1584 1534 1883 1604 hujusmodi
1901 1535 2144 1603 protulit?

562 1619 811 1675 Profecto
851 1637 1030 1676 nemo.
1068 1622 1481 1678 Coul‘uudantur
1516 1625 1696 1693 itaque
1738 1625 1829 1693 qui
1871 1640 1938 1678 ex
1983 1626 2145 1680 corde

563 1724 682 1773 suo,
713 1724 817 1763 non
834 1726 901 1765 ex
920 1712 1128 1766 Domini
1153 1727 1248 1767 ore
1271 1713 1583 1782 loquuntur,
1613 1714 1685 1767 uti
1704 1715 1962 1783 scriptum
1981 1716 2143 1770 est".

637 1800 744 1855 Nos
772 1812 949 1858 autem
969 1804 1303 1858 orthodoxia:
1340 1805 1546 1874 legibus
1566 1806 1794 1874 subjecti
1820 1844 1834 1868 ,
1870 1820 1990 1874 quae
2035 1814 2143 1860 tam

1553 419 1613 476 S.
1654 417 1924 475 CYRILIJ
1964 416 2428 474 ALEXANDRINI
2463 417 2784 474 ARCHIEP.

3682 412 3841 470 1436

2482 536 2568 592 18.
2620 535 2767 590 Idem
2813 534 3044 606 Cyrittus
3090 535 3145 588 in
3179 533 3361 587 eodem
3397 528 3553 583 libro.

2309 647 2417 702 Sed
2460 629 2747 703 Diodorum
2793 663 3007 719 quoque
3038 646 3341 702 audiamus.
3383 641 3481 698 Sin
3513 656 3648 698 vero
3681 650 3741 697 tu
3778 643 3843 698 id

2237 740 2377 794 dicis
2407 741 2473 794 de
2497 739 2797 804 Nazareno,
2824 754 3016 809 nempe
3036 738 3080 794 si
3101 737 3371 793 hominem
3392 732 3637 803 appellas
3657 734 3842 799 hunc,

2237 834 2327 899 qui
2352 842 2660 900 assumptus
2683 830 2805 898 fuit,
2830 832 3057 887 ostende
3085 827 3265 893 nobis,
3289 826 3422 880 nihil
3446 823 3841 888 dissimulans,

2238 933 2517 977 externam
2541 939 2849 994 personam;
2874 934 3128 992 tuamque
3148 921 3347 975 diserte
3376 919 3713 973 sententiam
3736 932 3840 971 ex—

2240 1030 2399 1084 pone,
2440 1029 2612 1082 neque
2648 1030 2870 1069 carnem
2906 1015 3195 1069 iuanimem
3232 1014 3402 1068 dicas.
3428 1039 3501 1051 —
3533 1008 3703 1075 Atqui
3730 1023 3838 1061 an-

2244 1108 2454 1162 dieutcs
2476 1116 2527 1161 tu
2554 1106 2741 1162 fallere
2762 1118 2939 1176 putas,
2970 1106 3093 1174 quia
3113 1115 3426 1159 constanter
3457 1116 3557 1155 nos
3587 1099 3837 1153 aﬂirma-

2244 1199 2419 1251 vimus
2465 1212 2682 1251 carnem
2719 1212 2815 1266 pro
2842 1212 2938 1251 sua
2978 1196 3185 1250 ratione
3222 1209 3287 1249 ac
3323 1202 3517 1247 natura
3542 1190 3773 1244 dill'erre
3799 1207 3828 1239 ει

2247 1288 2442 1353 Verbo,
2480 1290 2621 1358 quod
2673 1289 2740 1342 de
2779 1287 2886 1341 Deo
2911 1286 3067 1341 Patre
3096 1296 3278 1341 natum
3317 1295 3424 1339 est.
3472 1282 3599 1337 Haec
3649 1291 3834 1334 tamen

2244 1380 2456 1450 propria
2475 1381 2589 1449 ejus
2606 1395 2735 1436 caro
2765 1378 2863 1434 fuit
2890 1389 3108 1450 propter
3145 1376 3562 1449 inseparabilem
3600 1373 3835 1442 conjun-

2242 1472 2498 1525 cﬂoneun

2526 1584 2613 1639 19.
2661 1582 2809 1638 Idem
2837 1583 3066 1653 Cyrillus
3092 1582 3146 1635 in
3172 1582 3349 1636 eodem
3383 1580 3545 1633 libro.

2318 1694 2430 1750 imo
2456 1696 2635 1765 potius
2664 1711 2800 1749 unus
2834 1694 3084 1765 idemque
3119 1692 3291 1747 Filius
3313 1698 3415 1754 est,
3452 1698 3512 1742 ut
3546 1685 3839 1764 perspicue

2248 1787 2614 1857 cognoscitur,
2637 1787 2703 1840 de
2719 1784 3015 1839 substantia
3042 1782 3135 1838 Dei
3161 1780 3341 1835 Patris
3365 1779 3672 1834 secundum
3698 1774 3838 1828 divi-

567 1888 851 1960 diligenter
883 1892 1115 1947 stabilita
1146 1894 1264 1956 fuit,
1291 1864 1561 1949 socianda:
1579 1864 1903 1949 sanctorum.
1926 1894 2144 1949 Patrum
2181 1911 2220 1970 Β
2250 1878 2498 1941 Mummi
2523 1887 2576 1931 εί
2596 1892 2662 1970 ἐκ
2688 1874 3157 1970 ηοδίεὲεῗίξυηάυηι
3182 1870 3603 1970 Ῑ¹¹¹¹¹¹Ξ¹¹Ῑ¹³¹ῗ¹¹ξζ
3631 1864 3839 1970 Νξωβθ

571 1993 731 2037 recta:
753 1983 1008 2038 doctrinae
1020 1999 1236 2053 operam
1260 1986 1468 2048 demus;
1488 1999 1657 2054 neque
1681 1987 1834 2040 vanis
1855 1985 2151 2041 vociferan-

570 2071 705 2127 tium
721 2074 1123 2137 nonuullorum,
1147 2075 1237 2144 qui
1261 2076 1392 2129 nihil
1418 2076 1739 2143 intelligunt,
1760 2076 1918 2131 dictis
1941 2075 2153 2130 auscul-

573 2173 769 2228 temus,
788 2163 856 2217 ita
875 2174 929 2217 ut
947 2180 1064 2233 qua:
1078 2166 1295 2220 minime
1311 2167 1499 2222 decent
1518 2169 1801 2235 opinemur
1816 2186 1830 2221 :
1848 2169 1942 2224 sed
1957 2168 2154 2238 ubique

522 2304 525 2305 ν
574 2253 787 2307 veritati
822 2253 1180 2319 adhaerentes,
1220 2267 1563 2326 mentemque
1599 2273 1874 2313 sacrarum
1906 2260 2153 2328 Scriptu-

575 2358 758 2398 rarum
782 2346 1018 2401 oraculis
1040 2346 1407 2415 intendentes,
1439 2350 1684 2404 dicamus
1711 2350 1920 2405 Domini
1938 2365 2155 2405 carnem

578 2435 912 2506 intelligente
937 2438 1117 2492 anima
1144 2453 1264 2493 esse
1282 2440 1646 2507 informatam,
1672 2457 1899 2511 eamque
1922 2442 2155 2497 divinam

578 2528 882 2592 credamus,
912 2529 1329 2598 immaculatam,
1358 2533 1673 2602 gloriosam,
1699 2535 1925 2603 ideoque
1950 2545 2003 2589 et
2021 2535 2159 2591 alios

582 2616 943 2672 viviﬁcantem
990 2634 1054 2672 ac
1098 2621 1549 2685 sanctiﬁcantem,
1592 2632 1774 2692 utpote
1826 2640 1945 2693 quae
1997 2625 2158 2680 Verbi

579 2708 799 2777 propria
828 2708 949 2772 luit,
978 2724 1006 2762 a
1038 2710 1145 2765 Deo
1168 2709 1328 2766 Patre
1354 2723 1408 2767 et
1435 2730 1539 2767 non
1566 2715 1781 2769 aliunde
1802 2716 1988 2785 geniti;
2015 2732 2161 2771 eam-

581 2816 688 2870 que
736 2817 1009 2871 nunquam
1038 2817 1257 2858 carnem
1295 2806 1348 2859 in
1383 2815 1631 2861 naturam
1659 2807 1873 2863 dcitatis
1902 2817 2159 2862 mutatam

581 2890 929 2947 amrtuemus.

585 3000 674 3055 16.
702 3001 928 3056 Sanctus
950 3002 1185 3072 Cyrillus
1214 3004 1265 3057 in
1280 3004 1412 3057 libro
1427 3005 1676 3058 adversus
1700 3004 1987 3059 Diodorum
2014 3004 2167 3059 Tarsi

655 3072 951 3139 episcopum
976 3073 1075 3141 (1),
1125 3075 1217 3142 qui
1245 3075 1467 3137 incipit:
1504 3092 1522 3124 ι
1549 3076 1683 3127 Ante
1734 3077 1909 3127 omnia
1957 3077 2164 3137 veritas,

654 3157 810 3220 quam
841 3142 968 3194 nihil
996 3145 1257 3212 coarguit,
1288 3159 1482 3211 nosque
1512 3144 1614 3213 ipsi
1638 3153 1772 3197 recte
1798 3144 1863 3197 de
1895 3144 1990 3198 illa
2022 3144 2165 3214 loqui

656 3226 912 3263 novimus.
953 3229 972 3261 ι

660 3342 856 3409 Quidni
903 3343 1188 3412 oportebat
1220 3343 1287 3396 ab
1314 3358 1379 3399 eo
1415 3345 1592 3413 potius
1623 3345 2002 3411 demonstrari,
2039 3345 2166 3415 quid

591 3435 734 3489 inter
760 3435 940 3489 carnis
973 3442 1026 3488 et
1057 3434 1275 3489 dcitatis
1295 3436 1553 3489 attributa
1575 3437 1832 3508 intersit?
1862 3438 1962 3491 Aio
1986 3436 2168 3504 igitur,

593 3522 648 3578 in
673 3522 897 3593 singulis
918 3539 1086 3593 nuper
1109 3524 1400 3577 nominatis
1425 3526 1602 3589 rebus,
1630 3526 1742 3580 sive
1767 3527 2041 3595 cerporeis
2056 3526 2170 3580 sive

594 3629 770 3679 secus,
798 3628 1013 3668 carnem
1060 3629 1179 3670 esse
1221 3630 1339 3683 qua:
1373 3616 1439 3669 de
1465 3616 1698 3670 humana
1748 3617 1916 3671 ferma
1956 3626 2168 3684 smnpta

594 3706 727 3772 luit;
748 3704 976 3760 Verbum
1003 3715 1187 3759 autem
1212 3706 1353 3775 quod
1380 3722 1409 3760 e
1434 3706 1605 3761 Patris
1625 3708 1922 3763 substantia
1951 3708 2167 3776 prodiit.

556 3824 557 3831 ι
598 3796 751 3850 llaud
787 3796 990 3851 idcirco
1029 3805 1206 3849 tamen
1255 3796 1569 3851 dividendus
1608 3800 1659 3852 in
1695 3799 1830 3855 duos
1860 3810 1943 3854 est
1980 3797 2172 3853 unicus

599 3888 689 3943 ille
716 3897 898 3943 noster
923 3886 1181 3941 Dominus
1215 3884 1373 3942 Jesus
1396 3888 1663 3943 Christus.

874 4023 960 4076 17.
1020 4020 1164 4074 Idem
1193 4020 1421 4091 Cyrillus
1450 4023 1503 4076 in
1533 4024 1713 4078 eodem
1739 4024 1893 4079 libro.

674 4155 913 4211 Dicimus
955 4158 1168 4212 Domini
1208 4173 1425 4211 carnem
1477 4158 1655 4211 anima
1694 4157 2020 4227 intelligente
2056 4173 2176 4212 esse

604 4248 920 4305 animalem.
960 4250 1113 4318 Stepe
1141 4265 1238 4304 nos
1270 4249 1373 4304 hoc
1401 4249 1666 4313 diximus,
1705 4259 1760 4304 et
1797 4265 1940 4305 nunc
1967 4265 2178 4320 quoque

606 4352 719 4395 rem
753 4340 824 4395 ita
853 4356 913 4395 se
944 4342 1143 4397 habere
1171 4342 1348 4396 denuo
1370 4340 1717 4396 alIirmamus.

683 4492 724 4524 "
750 4491 952 4547 Jerem.
982 4507 1177 4560 xxxiii,
1213 4493 1300 4547 16.

2250 1971 2414 2023 etiam
2460 1968 2742 2037 prepheta,
2788 1966 2863 2019 uti
2909 1965 3136 2034 Moyses,
3177 1961 3479 2031 appellatus
3511 1957 3635 2019 fuit,
3681 1955 3841 2008 item-

2252 2074 2358 2130 que
2374 2058 2439 2113 de
2461 2062 2628 2127 stirpe
2654 2057 2887 2112 Davidis.
2913 2055 3097 2124 Neque
3120 2051 3236 2120 ejus
3259 2063 3527 2121 agnomen
3551 2058 3840 2101 removea-

2255 2164 2406 2213 mus;
2445 2163 2567 2201 nam
2599 2147 3013 2217 dispensationis
3040 2145 3156 2215 ejus
3178 2145 3435 2197 virtutem
3461 2140 3847 2203 rationemque

2254 2243 2387 2297 satis
2428 2242 2696 2296 novimus.
2744 2238 2929 2308 Neque
2966 2238 3195 2309 proprie
3225 2236 3481 2305 templum
3519 2232 3650 2296 luit,
3697 2228 3840 2297 quod

2257 2334 2451 2387 attinet
2481 2332 2547 2387 ad
2575 2331 2693 2400 ejus
2716 2340 2986 2395 naturam;
3018 2329 3218 2383 etenim
3244 2325 3410 2381 Deum
3446 2338 3569 2378 esse
3593 2329 3840 2391 apparet.

2257 2425 2409 2493 Quod
2442 2426 2484 2479 si
2514 2425 2707 2478 animas
2731 2440 2759 2476 a
2786 2437 3014 2492 corpore
3028 2436 3126 2475 suo
3145 2418 3540 2489 separationem
3568 2410 3843 2484 permisit,

2259 2526 2506 2584 separata
2536 2514 2885 2569 nihilomintts
2905 2513 2970 2567 ad
2996 2527 3117 2567 eum
3145 2508 3476 2579 pertinebat,
3506 2505 3651 2559 haud
3683 2516 3845 2557 secus

2260 2625 2419 2679 quam
2451 2608 2675 2677 singulis
2700 2608 2853 2662 nobis
2876 2604 3151 2676 proprium
3184 2616 3403 2670 corpus.

2263 2739 2352 2794 20.
2394 2737 2541 2793 Idem
2568 2738 2801 2810 Cyrillus
2833 2738 2885 2789 in
2922 2736 3098 2810 eodem
3135 2735 3285 2810 libro.
3326 2732 3539 2810 (Exstat
3578 2729 3666 2810 hic
3700 2727 3844 2810 locus

2335 2814 2490 2867 etiam
2519 2802 2657 2874 σριῖιι
2689 2807 2931 2861 Severum
2963 2802 3345 2859 Antiochenam
3363 2806 3416 2857 in
3445 2816 3599 2871 opere
3628 2802 3843 2861 inedita,

2336 2881 2473 2949 quod
2509 2879 2815 2931 inscribitur
2852 2874 3227 2941 Philalethes.)

2343 3013 2623 3084 Proprium
2646 3020 2726 3066 est
2750 3012 2931 3081 itaque
2951 3010 3145 3065 divinae
3172 3019 3395 3072 natura,
3424 3016 3482 3061 ut
3511 3014 3640 3061 ante
3664 3006 3843 3059 omnia

2271 3099 2461 3153 smcula
2490 3098 2580 3152 sit.
2616 3096 2891 3152 Peculiare
2923 3095 3126 3164 pariter
3153 3094 3313 3148 Verbi
3345 3090 3588 3159 ejusdem
3625 3091 3758 3154 fuit,
3788 3098 3845 3144 ut

2271 3191 2561 3260 postremis
2599 3188 2929 3257 temporibus
2972 3201 3138 3240 carne
3179 3185 3461 3255 prmditum
3509 3195 3846 3237 nasceretur.

2272 3284 2438 3337 Porro
2463 3281 2715 3334 uativitas
2736 3279 2852 3347 ejus
2876 3283 2939 3332 de
2960 3276 3203 3347 Virgine,
3230 3290 3391 3330 causa
3414 3272 3597 3328 Verbo
3620 3289 3723 3326 non
3749 3272 3844 3326 fuit

2270 3371 2587 3431 exsistendi,
2606 3369 2699 3423 sed
2711 3369 2827 3438 ejus
2850 3366 2903 3420 in
2921 3382 3085 3421 carne
3108 3363 3584 3419 manifestationis.
3604 3361 3843 3416 Perfecto

2273 3478 2377 3518 non
2414 3472 2496 3517 est
2530 3460 2761 3515 Verbum
2796 3458 3024 3514 mortale
3051 3460 3117 3511 de
3148 3456 3380 3517 mortali,
3411 3456 3507 3510 sed
3540 3455 3608 3509 de
3637 3455 3843 3509 virente

2272 3554 2435 3609 Patre
2459 3554 2674 3607 vivens:
2699 3551 3082 3620 prepriumque
3100 3550 3267 3617 ipsius
3286 3548 3479 3609 evasit,
3504 3547 3596 3616 qui
3620 3547 3723 3600 vita
3744 3557 3843 3609 est,

2276 3638 2499 3693 mortale
2519 3653 2713 3707 corpus
2736 3637 2801 3689 de
2824 3637 3032 3690 mortali
3053 3648 3258 3699 natum,
3276 3644 3323 3689 et
3348 3636 3505 3688 morti
3528 3636 3837 3689 obnoxium:

2278 3735 2338 3779 ut
2371 3726 2425 3780 in
2456 3725 2544 3778 illo
2573 3739 2693 3777 cum
2729 3735 2903 3778 morte
2918 3724 3245 3794 conﬂigens,
3282 3733 3334 3778 et
3355 3738 3385 3777 e
3406 3724 3638 3778 mortuis
3669 3741 3841 3779 resur-

2278 3830 2439 3885 gens,
2494 3815 2548 3869 in
2592 3815 3160 3885 iucorruptibilitatem
3210 3816 3262 3871 id
3301 3817 3477 3885 ipsum
3522 3817 3842 3884 vindicaret,

2280 3906 2549 3975 mortique
2585 3908 2834 3977 superius
2864 3908 3290 3973 demonstraret,
3324 3908 3539 3963 etiamsi
3576 3911 3627 3962 id
3660 3919 3839 3963 natura

2283 4015 2377 4053 sua
2423 4001 2474 4054 in
2519 4000 2705 4053 mortis
2744 4001 3010 4069 mancipio
3048 4010 3185 4055 erat.
3228 4001 3510 4056 Debilitata
3551 4011 3635 4056 est
3675 4011 3840 4055 autem

2283 4104 2428 4144 mors
2457 4104 2521 4143 ex
2553 4105 2661 4160 quo
2692 4105 2814 4143 cum
2855 4091 2979 4144 vitae
3009 4105 3234 4160 corpore
3268 4091 3513 4160 praelium
3555 4094 3842 4149 conseruit.

2556 4228 2648 4279 9.1.
2696 4225 2843 4279 Idem
2870 4224 3097 4296 Cyrillus
3122 4243 3175 4280 ιιι
3199 4232 3374 4283 eodem
3398 4229 3553 4284 libro.

2356 4338 2508 4394 Nunc
2528 4337 2783 4402 breviter,
2813 4339 2856 4394 si
2883 4339 3080 4408 placet,
3106 4340 3563 4409 transgredientes
3586 4340 3651 4395 ad
3671 4339 3838 4396 consi-

687 4678 763 4749 (l)
790 4676 1074 4732 Liberatus
1094 4673 1435 4749 diaconusiu
1469 4673 1758 4749 Breaiario,
1789 4687 1909 4749 cap.
1942 4672 2030 4749 ιο,
2057 4671 2172 4726 sic:
2210 4675 2251 4728 ι)
2282 4688 2364 4749 ιιι,
2394 4671 2807 4749 _6._recit_atum,
2832 4686 2861 4724 a
2890 4671 3091 4749 nostris
3122 4671 3206 4725 his
3241 4670 3477 4749 diﬁerre.
3507 4671 3703 4749 Contra
3729 4674 3844 4749 Dio—

615 4741 850 4816 Cg/ritlus
910 4755 1014 4799 tres
1063 4747 1268 4816 scripsit
1310 4744 1479 4816 libros
1522 4748 1771 4816 adversus
1818 4741 2178 4816 Diodorum-et

618 4812 966 4878 Theodorum,
991 4816 1144 4882 quasi
1175 4813 1480 4867 Nestoriuni
1503 4814 1756 4882 dogmatis
1782 4822 2044 4882 auctores.
2067 4812 2180 4864 Alia

618 4896 865 4940 veterum
901 4884 969 4939 de
1004 4880 1104 4938 hac
1161 4898 1221 4937 rc
1273 4880 1583 4937 testimonia
1635 4881 1849 4951 collegit
1902 4880 2185 4935 Fabricius

617 4956 673 5011 in
710 4955 774 5009 Β.
808 4953 899 5007 Gr.
928 4954 1014 5009 ed.
1045 4968 1168 5007 nov.
1190 4962 1229 5007 t.
1258 4951 1348 5015 IX,
1372 4967 1426 5019 p.
1454 4951 1581 5013 495.
1601 4966 1719 5019 qua:
1743 4952 2019 5005 cumulare
2051 4966 2186 5019 epus

620 5041 727 5078 non
754 5033 859 5086 est,
882 5024 1182 5091 prtesertim
1209 5022 1331 5090 quia
1360 5037 1463 5076 non
1481 5024 1657 5087 “pauca
1683 5022 1893 5091 illorum
1922 5020 2184 5073 librorum

623 5089 921 5163 fragmenta
963 5094 1015 5145 in
1061 5089 1245 5163 quinta
1278 5091 1514 5160 generali
1534 5092 1739 5163 synodo
1757 5089 1943 5163 collat.
1974 5105 2010 5163 _v
2045 5091 2185 5144 reci-

626 5158 837 5225 tau'tur;
870 5158 1204 5230 quibus‘alia
1231 5158 1365 5214 nova
1405 5158 1610 5213 nunca
1646 5161 1800 5213 nobis
1827 5158 2093 5212 accedunt
2118 5175 2185 5212 ex

627 5233 865 5301 Syriacis
880 5231 1500 5301 hibliothecaeVati‘came
1518 5230 1988 5301 codicibuseruta.
2010 5230 2190 5293 Quare

628 5298 829 5356 frustra
875 5312 959 5355 est
1003 5301 1289 5355 Facuadus
1323 5298 1726 5353 llermianensis
1779 5299 1873 5355 lib.
1908 5313 2025 5363 vni,
2050 5301 2103 5361 6,
2138 5307 2191 5352 et

631 5372 781 5433 alibi,
813 5372 939 5424 dum
965 5370 1029 5440 de
1046 5369 1229 5440 Cyrilli
1262 5369 1413 5423 libris
1438 5377 1624 5440 contra
1651 5368 1997 5440 Theodorum
2030 5368 2189 5423 dubi-

632 5451 749 5494 tare
777 5441 909 5502 vult.
937 5439 1059 5507 quia
1092 5437 1299 5507 'nempe
1340 5453 1525 5507 parum
1580 5438 1627 5492 ei
1666 5438 1857 5506 placet,
1882 5437 2038 5490 talem
2073 5447 2189 5491 tau-

636 5522 859 5579 tumque
910 5510 1083 5563 virum
1147 5510 1500 5579 adversatum
1555 5507 2080 5579 luisse_Theot.loro,
2111 5508 2197 5563 cui

637 5576 901 5644 ipse'toto
950 5596 1046 5633 suo
1100 5593 1260 5648 opere
1302 5576 1689 5648 patrocinatur.
1719 5576 1955 5631 Facundi
2008 5578 2195 5631 falsam

637 5651 946 5714 (minioueiu
979 5651 1111 5703 alios
1138 5646 1423 5715 quosdam
1486 5646 1861 5714 participasse,
1892 5661 1955 5699 ex
2006 5650 2194 5699 eodem

638 5720 891 5773 Liberale
939 5737 1057 5786 cap.
1110 5720 1202 5771 cit.
1270 5717 1668 5780 (agnoscimus.
1716 5717 1955 5786 Denique
2000 5717 2198 5771 adnuto

638 5785 1014 5860 fragmentum
1047 5792 1174 5844 item
1225 5786 1503 5856 (lyrilliaui
1558 5786 1736 5855 epotis
1762 5803 1789 5840 tt
1822 5785 2075 5842 Facundo
2100 5788 2190 5842 lib.

2288 4743 2407 4793 dori
2456 4741 2836 4807 Theodorique
2902 4740 3133 4795 infames
3172 4744 3493 4811 sententias
3544 4745 3841 4811 gravissime

2287 4812 2562 4883 invehitur
2589 4812 2826 4883 Cyrillus
2853 4814 3015 4878 epist.
3056 4812 3122 4883 ad
3160 4810 3423 4866 Joannem
3448 4810 3699 4867 Antioch.
3726 4814 3836 4883 (ep.

2287 4880 2356 4934 '59
2379 4883 2416 4943 ).
2446 4881 2563 4947 Quo
2600 4880 2716 4935 loco
2750 4881 2917 4933 etiam
2952 4881 3178 4949 ptenitet
3222 4896 3345 4934 eum
3379 4885 3524 4948 quod
3573 4883 3689 4938 illos
3723 4880 3835 4937 oliiu

2290 4952 2603 5019 imprudens
2641 4951 2940 5013 laudasset,
2964 4950 3124 5019 cujus
3174 4953 3249 5005 rei
3308 4953 3462 5005 testis
3492 4962 3576 5005 est
3607 4951 3841 5008 Leontius

2293 5020 2367 5073 De
2402 5022 2577 5080 sectis.
2616 5029 2723 5073 act.
2760 5034 2832 5081 tv,
2859 5020 2912 5081 5,
2938 5020 3025 5071 ubi
3087 5029 3267 5073 tamen
3313 5021 3603 5073 adnotatur
3630 5023 3837 5081 Chrvso-

2293 5039 2367 5073 υε
2402 5039 2577 5080 866118.
2616 5039 2723 5073 ιιςι.
2760 5039 2832 5081 ιν,
2859 5039 3025 5081 0,,11υ1
3087 5039 3267 5073 tamen
3313 5039 3603 5073 aunouuur
3630 5039 3832 5075 ωιιέο-

2290 5100 2528 5143 stomum
2560 5104 2774 5157 quoque
2797 5099 2851 5144 et
2881 5089 3139 5142 Basilium
3168 5090 3360 5144 iisdem
3407 5090 3710 5145 hominibus
3730 5039 3832 5144 ἶιιιο

2292 5161 2415 5214 dem
2446 5160 2783 5222 attribuisse,
2822 5170 3105 5226 propterea
3151 5161 3293 5227 quod
3339 5158 3572 5213 Ariauos
3620 5159 3837 5214 Macedo-

2296 5230 2443 5283 nium
2488 5238 2540 5282 et
2588 5228 2951 5298 Apollinarem
3000 5228 3407 5298 reiutavissent.
3452 5229 3509 5281 ln
3553 5230 3839 5283 collectione

2296 5301 2550 5353 canonica
2584 5296 2847 5352 Ebediesn
2878 5296 3183 5352 Nestoriaui
3216 5297 3453 5366 (p.130)
3482 5312 3511 5349 a
3539 5300 3689 5352 nobis
3712 5300 3831 5351 edita

2299 5366 2491 5437 Script.
2522 5382 2617 5422 vet.
2657 5377 2695 5421 t.
2723 5368 2787 5431 Χ,
2828 5366 3109 5431 Diodorus,
3139 5367 3453 5421 Theodorus
3484 5376 3647 5437 atque
3671 5368 3837 5423 Nesto-

2302 5438 2676 5492 riusdicuntur
2699 5448 2860 5492 secta:
2882 5438 3157 5503 splendida
3182 5446 3235 5490 et
3260 5438 3607 5491 sanctissima
3633 5438 3837 5490 lumina-

2304 5508 2402 5562 ria.
2427 5508 2732 5578 Fuitigitur
2754 5523 3050 5578 congruum
3085 5516 3141 5560 ut
3180 5506 3438 5578 Cyrillus,
3468 5505 3694 5562 Nestorii
3725 5520 3837 5561 stre-

2303 5576 2612 5633 nuissimus
2659 5576 3026 5640 adversarius,
3069 5588 3257 5631 contra
3308 5576 3602 5630 Diodorum
3653 5591 3836 5646 quoque

2303 5658 2466 5716 atque
2519 5646 2859 5701 Theodorum
2916 5662 3065 5699 arma
3122 5648 3423 5712 expediret.
3450 5646 3649 5702 Confer
3693 5648 3835 5702 etiam

2305 5716 2551 5778 l’butium
2586 5718 2722 5789 apud
2767 5734 2864 5772 nos
2898 5716 3082 5785 Spicit.
3117 5716 3271 5771 Iiom.
3317 5724 3356 5770 t.
3389 5716 3456 5785 Χ,
3490 5736 3542 5789 p.
3568 5717 3683 5772 456.
