4066 6442
226 384 249 441 1
269 386 379 445 137

1429 389 1856 449 FRAGMENTA
1894 393 2313 454 DOGMATICA.

3358 392 3499 450 ητδ

226 506 525 563 Ceraudam
572 505 882 563 Servatoris
919 509 1089 564 nostri
1132 508 1332 566 Christi
1364 525 1649 581 personam
1671 556 1687 583 ,
1722 516 1805 570 di-
1835 521 1883 577 Α
1913 519 2205 586 potentiam
2227 557 2241 580 .
2275 526 2331 573 et
2364 516 2569 587 reliqua
2604 517 2807 576 omnia.
2835 517 2976 571 Caro
3005 516 3193 586 utique
3218 516 3496 571 crescebat

225 612 444 653 versam
475 612 599 653 esse
626 598 989 668 comperimus
1018 609 1287 666 naturam,
1319 602 1406 658 cui
1435 604 1680 673 imposita
1700 617 1807 662 est.

232 691 458 745 Interim
483 690 598 760 ipse
635 705 862 760 persona
901 690 1238 761 hypostatica
1260 703 1343 748 est
1366 704 1526 765 atque
1544 696 1808 762 absoluta,

228 781 543 835 humanitas
563 792 618 836 et
637 781 892 836 divinitas
918 798 933 848 ;
957 783 1261 855 diciturque
1279 801 1520 843 summus
1546 788 1809 856 pontifex,

229 870 406 926 factor
430 882 485 926 et
509 871 702 926 factus.

500 978 591 1035 22.
640 978 791 1034 Idem
826 980 1059 1052 Cyrillus
1096 986 1150 1039 in
1180 986 1357 1040 eodem
1380 986 1537 1041 libro.

304 1091 414 1148 Sed
444 1091 683 1149 fortasse
716 1103 767 1147 tu
798 1094 973 1150 dicis:
1020 1097 1161 1167 Ergo
1193 1113 1300 1152 non
1335 1098 1597 1153 habitavit
1630 1100 1685 1154 in
1720 1100 1811 1155 illo

229 1183 511 1253 plenitudo
536 1184 786 1239 universa
820 1186 1123 1242 divinitatis
1154 1203 1409 1258 corporea
1438 1191 1668 1245 ratione.
1701 1189 1810 1246 Ve-

230 1290 353 1329 rum
390 1275 515 1341 hoc,
562 1275 805 1344 inquam,
854 1287 973 1342 est;
1010 1294 1273 1348 nemoque
1310 1294 1481 1334 sacra:
1517 1280 1812 1349 Scriptura:

230 1366 584 1421 contradicit.
634 1365 744 1423 Nos
794 1378 971 1423 tamen
1015 1370 1245 1425 dicimus
1297 1371 1419 1426 Filii
1471 1373 1809 1428 divinitatem

232 1455 380 1510 haud
424 1457 601 1514 alieno
622 1459 697 1513 εἰη
735 1474 994 1529 corpore.
1040 1462 1133 1516 sed
1177 1461 1231 1516 in
1271 1476 1371 1518 suo
1392 1464 1573 1533 potius
1614 1465 1812 1535 templo

232 1544 533 1611 habitasse,
571 1547 716 1602 velut
736 1548 790 1601 in
825 1549 1047 1603 homine
1070 1551 1274 1615 anima,
1303 1566 1422 1621 quae
1452 1552 1803 1608 licetacarue

232 1634 771 1702 diﬂ'erens,'attamen
808 1655 914 1694 una
946 1656 1068 1694 eum
1109 1656 1272 1696 carne
1296 1652 1544 1696 naturam
1574 1645 1812 1698 hominis

232 1724 469 1791 perlicit,
489 1737 546 1781 ut
565 1728 636 1783 sit
662 1727 854 1784 Petrus
879 1730 958 1783 vel
984 1731 1203 1785 Paulus.
1230 1730 1345 1786 lloc
1375 1733 1481 1787 imo
1507 1734 1811 1788 evidentius

236 1815 291 1867 iu
335 1816 553 1873 Christo
595 1828 696 1873 est.
760 1819 944 1890 Neque
991 1832 1168 1875 tamen
1213 1823 1413 1878 idcirco
1450 1825 1678 1879 dicimus
1720 1825 1810 1879 Dei

236 1906 475 1963 Verbum
499 1910 693 1965 anima:
708 1911 884 1968 oﬂicio
904 1914 956 1968 in
979 1928 1205 1983 corpore
1228 1912 1493 1979 functum,
1518 1931 1634 1983 quae
1648 1918 1819 1986 pessi-

240 2011 330 2049 ma
359 2000 739 2056 nonnullorum
767 2003 951 2071 opinio
968 2014 1072 2067 est,
1097 2004 1189 2057 sed
1212 2014 1456 2059 sanctum
1481 2007 1600 2074 ejus
1623 2022 1818 2075 corpus

240 2086 577 2158 intelligente
597 2093 776 2147 anima
798 2094 1027 2151 dicimus
1052 2110 1170 2151 esse
1197 2098 1516 2152 animatum.

523 2201 616 2258 25.
663 2203 813 2258 Idem
834 2205 1065 2275 Cyrillus
1099 2206 1152 2260 in
1184 2208 1358 2261 eodem
1384 2208 1537 2263 libro.

315 2306 410 2366 Dei
435 2310 668 2367 Verbum
694 2330 821 2371 vere
847 2317 898 2369 in
923 2318 1177 2373 omnibus
1198 2318 1496 2387 perfectum
1518 2327 1623 2383 est.
1647 2336 1819 2392 neque

244 2399 582 2457 incremento
601 2405 819 2472 indiget.
845 2406 1038 2461 Natum
1056 2418 1235 2463 autem
1258 2410 1553 2479 perfectum
1578 2412 1644 2466 de
1665 2411 1822 2468 Patre

246 2498 355 2554 est,
386 2494 643 2562 sapientia
677 2498 742 2551 de
766 2498 1060 2567 sapientia,
1094 2501 1331 2569 potentia
1366 2502 1433 2555 de
1462 2503 1722 2568 potentia.
1759 2503 1824 2557 Et

246 2581 374 2648 quia
400 2593 589 2638 natura
621 2584 957 2643 immutabile
988 2599 1090 2657 est,
1118 2590 1251 2644 nihil
1280 2590 1327 2643 ei
1350 2591 1605 2661 templum
1636 2592 1687 2645 in
1717 2607 1824 2661 quo

248 2672 401 2727 stetit
449 2676 652 2743 nocuit,
713 2678 807 2733 sed
861 2679 1157 2747 perlectam
1208 2682 1429 2737 retinuit
1480 2682 1823 2750 sapientiam,

1918 610 2121 664 viribus
2158 607 2412 678 paulatim
2445 616 2622 673 aucta,
2663 617 2821 677 prout
2851 608 3103 663 humana:
3136 615 3341 661 naturae
3369 604 3493 675 jura

1917 698 2118 752 ferunt.
2157 697 2394 753 Verbum
2437 706 2617 750 autem
2668 696 2820 751 carni
2855 696 3062 750 unitum
3106 693 3365 764 paulatim
3395 706 3490 747 sa-

1918 788 2173 858 pientiam
2223 802 2377 842 suam
2421 784 2825 851 manifestabat,
2866 798 2987 853 qua
3028 784 3270 852 corporis
3313 782 3492 835 incre-

1918 888 2157 932 mentum
2181 878 2565 942 comitabatur,
2588 884 2644 931 et
2665 874 2909 946 corporis
2933 890 2990 929 se
3010 884 3228 930 staturae
3244 874 3491 928 adamus-

1916 969 2019 1023 situ
2056 970 2518 1023 accommodabat.

2179 1081 2270 1136 24.
2317 1080 2466 1134 Idem
2498 1079 2732 1150 Cyrillus
2768 1081 2821 1132 in
2851 1078 3028 1133 eodem
3063 1078 3219 1132 libro.

1990 1190 2128 1260 Ergo
2142 1190 2206 1243 ad
2224 1189 2634 1245 similitudinem
2661 1198 2897 1244 nostram
2918 1188 3185 1258 particeps
3202 1186 3300 1242 fuit
3314 1188 3497 1243 carnis

1917 1292 1971 1338 et
1996 1283 2293 1353 sanguinis.
2315 1283 2556 1352 Cumque
2578 1292 2805 1337 mortem
2829 1283 2977 1337 carni
3000 1296 3110 1335 suae
3126 1280 3495 1350 applicuisset,

1918 1374 2201 1443 ipsamque
2243 1382 2469 1427 mortem
2529 1373 2919 1437 destruxisset,
2964 1386 3190 1441 corpora
3248 1371 3494 1426 mortalia

1919 1475 2103 1524 nostra
2132 1465 2198 1519 ad
2233 1464 2791 1533 incorruptibilitatem
2815 1462 3049 1527 direxit,
3086 1472 3145 1517 ttt
3174 1478 3495 1517 carneorum

1919 1558 2284 1610 membrorum
2313 1556 2564 1611 rebellem
2590 1554 2757 1625 legem
2781 1555 2850 1610 ab
2870 1568 2935 1608 ea
2958 1553 3245 1625 tyrannide
3268 1567 3372 1622 qua
3398 1567 3497 1607 nos

1920 1646 2196 1715 premebat
2218 1644 2491 1712 dejiceret.
2526 1644 2697 1699 Secus
2725 1644 2869 1698 enim
2901 1644 3007 1697 vita
3037 1642 3193 1697 morti
3221 1656 3324 1695 non
3353 1652 3499 1695 esset

1920 1737 2217 1801 dominata,
2247 1737 2353 1791 nisi
2376 1735 2612 1790 Verbum
2639 1734 2879 1790 mortalis
2900 1733 3141 1802 corporis
3161 1732 3349 1786 luisset
3373 1746 3502 1799 par—

1923 1828 2090 1896 ticeps
2117 1844 2131 1880 :
2170 1841 2342 1896 neque
2374 1827 2498 1880 item
2525 1826 2877 1895 cupiditatum
2896 1822 3218 1878 naturalium
3248 1820 3501 1876 stirunlus

1924 1927 2139 1972 retusus
2170 1915 2382 1980 luisset,
2414 1916 2513 1971 nisi
2542 1914 2704 1971 Verbi
2730 1930 2926 1984 corpus
2955 1929 3021 1968 ex
3047 1915 3279 1969 humana
3312 1920 3497 1967 nostra

1925 2019 2117 2065 natura
2147 2017 2421 2076 sumptum
2452 2005 2666 2061 fuisset.

2193 2118 2286 2172 25.
2336 2117 2487 2172 Idem
2514 2115 2746 2187 Cyrillus
2780 2118 2831 2169 in
2863 2116 3041 2170 eodem
3072 2114 3231 2168 libro.

2002 2230 2296 2286 lnanimem
2322 2231 2465 2285 haud
2495 2231 2724 2284 dicimus
2756 2243 2974 2284 carnem
3003 2226 3147 2281 illam
3178 2224 3354 2279 Verbo
3379 2220 3501 2275 uni-

1924 2334 2052 2386 tam.
2091 2338 2209 2390 qum
2238 2323 2304 2376 de
2335 2323 2542 2377 semine
2577 2322 2794 2376 Davidis
2832 2328 2937 2374 est.
2972 2316 3181 2373 Nemini
3219 2308 3345 2369 item
3381 2313 3501 2384 Opi-

1926 2416 2042 2468 nari
2077 2414 2202 2467 licet
2238 2415 2469 2469 Verbum
2512 2415 2711 2482 templo
2744 2428 2843 2469 suo
2876 2420 3065 2467 saneto
3104 2410 3278 2463 instar
3306 2406 3504 2460 animae

1927 2504 2341 2575 intellectusque
2365 2506 2553 2560 fuisse.
2586 2504 2772 2573 Neque
2802 2514 3074 2573 postremo
3116 2501 3286 2564 illum,
3314 2498 3403 2567 qui
3434 2497 3503 2551 de

1928 2598 2137 2653 semine
2166 2606 2271 2665 est,
2306 2613 2402 2667 per
2428 2612 2489 2654 se
2508 2600 2681 2653 solum
2713 2597 2985 2668 appellare
3020 2594 3214 2649 Filium
3243 2591 3501 2648 solemus.

1849 2808 1939 2867 1V.

858 2956 923 2995 EX
954 2956 1125 2997 LIBRIS
1150 2958 1351 2998 CONTRA
1391 2958 1705 2999 TBEODORUH
1744 2961 1825 3000 H01

1927 2964 2148 3005 εδτεΝωι
2178 2966 2243 3005 ΕΤ
2275 2966 2538 3006 ωουοιιυκ
2572 2963 2887 3004 TARSENSEI.

255 3068 308 3124 ί.
344 3071 555 3129 Sanctae
593 3060 856 3133 memoria:
905 3080 1019 3153 (l)_
1035 3081 1225 3151 Cyrilli
1264 3099 1328 3137 ea:
1357 3085 1526 3152 primo
1556 3085 1692 3141 libro
1726 3102 1815 3141 eo-
1850 3096 1892 3153 ο
1939 3092 2160 3142 verbum
2211 3098 2437 3142 vocatur
2485 3089 2667 3151 homo,
2722 3100 2826 3139 non
2857 3092 2942 3138 est
2977 3081 3151 3135 factus
3194 3078 3356 3132 homo
3388 3086 3505 3127 ma-

479 3160 593 3198 rum
624 3163 752 3216 quos
773 3161 954 3203 contra
979 3150 1303 3207 Theodorum
1328 3150 1559 3223 scripsit.

871 3278 1211 3320 TIIEODORUS.

325 3373 386 3428 Si
414 3375 530 3443 quis
566 3376 687 3429 velit
708 3375 917 3430 abusive
941 3386 989 3430 et
1030 3375 1227 3431 Filium
1257 3377 1355 3432 Dei
1389 3377 1557 3433 Deum
1597 3377 1824 3433 Verbum

252 3463 427 3531 ﬁlium
457 3462 626 3517 David
663 3467 959 3529 nominare,
996 3476 1209 3535 prapter
1246 3467 1341 3520 Dei
1389 3465 1541 3521 Verbi
1578 3468 1828 3536 templum

253 3559 393 3624 quod
420 3571 486 3607 ea:
518 3554 690 3609 David
714 3566 789 3609 est
812 3596 827 3618 ,
869 3559 1134 3620 nominet,
1158 3567 1206 3610 et
1237 3556 1388 3610 illum
1424 3559 1515 3624 qui
1537 3567 1614 3611 est
1648 3573 1713 3611 ex
1741 3573 1827 3611 se-

255 3645 395 3698 mine
421 3644 612 3709 David,
640 3643 838 3699 Filium
864 3645 980 3709 Dei,
1020 3648 1190 3715 gratia
1224 3663 1324 3699 non
1366 3656 1560 3699 natura
1585 3648 1827 3715 appellet,

256 3735 526 3787 naturales
555 3744 733 3804 patres
768 3752 871 3789 non
909 3737 1183 3806 ignorans,
1235 3752 1395 3805 neque
1431 3738 1669 3791 ordinem
1700 3737 1827 3790 sub-

255 3836 457 3880 vertens
481 3839 500 3878 :
532 3843 694 3895 neque
721 3842 839 3881 eum
876 3827 967 3895 qui
999 3826 1342 3895 incorporalis
1381 3838 1479 3891 est,
1514 3830 1678 3883 etiam
1713 3843 1832 3880 cor-

257 3935 355 3985 pus
390 3918 606 3982 diceus;
651 3928 699 3971 et
734 3929 855 3971 ante
878 3917 1075 3971 swcula
1102 3934 1166 3971 ea:
1202 3918 1327 3982 Deo,
1361 3928 1407 3971 et
1447 3934 1510 3971 ea:
1539 3917 1734 3981 David,
1782 3927 1829 3970 et

258 4025 492 4077 passum,
532 4018 582 4061 et
631 4008 993 4078 impossibile;
1042 4006 1256 4077 corpus,
1300 4026 1403 4062 non
1449 4020 1523 4063 est
1588 4009 1834 4077 incorpo-

261 4103 413 4164 rale;
448 4099 586 4169 quod
633 4111 707 4155 est
752 4103 1021 4165 deorsum,
1066 4118 1169 4155 non
1224 4110 1298 4154 est
1351 4101 1665 4164 desursum;
1696 4099 1832 4170 quod

260 4204 339 4249 est
388 4204 509 4248 ante
553 4194 772 4259 secula,
826 4210 931 4247 non
979 4202 1054 4247 est
1097 4209 1162 4247 ea:
1210 4193 1409 4246 semine
1452 4192 1665 4255 David;
1694 4190 1834 4263 quod

262 4284 480 4354 passum
534 4296 631 4351 est,
670 4300 774 4339 non
817 4293 893 4339 est
940 4285 1277 4352 impossibile.
1322 4282 1432 4336 Nec
1463 4284 1599 4337 enim
1625 4283 1731 4337 ista
1763 4282 1831 4335 ad

262 4378 503 4430 eumdem
530 4376 844 4429 intellectum
878 4376 1251 4428 obvertuutur:
1283 4390 1402 4443 qua:
1423 4383 1543 4426 sunt
1569 4375 1828 4442 corporis,

266 4450 369 4520 non
418 4476 537 4519 sunt
575 4464 669 4519 Dei
717 4463 919 4519 Verbi:
960 4474 1008 4518 et
1071 4479 1187 4534 qua:
1220 4472 1342 4517 sunt
1379 4462 1473 4515 Dei
1515 4462 1669 4516 Verbi
1708 4480 1833 4533 pro»

265 4559 405 4627 prio,
455 4574 559 4611 non
604 4558 792 4610 habent
826 4572 1035 4624 corpus.
1083 4553 1325 4608 Naturas
1365 4553 1731 4622 conﬁteantur,
1789 4564 1838 4608 et

266 4651 685 4719 dispensationes
727 4664 830 4703 non
864 4647 1202 4717 abnegemus.

918 4774 1195 4816 CYRILLUS.

341 4875 442 4943 Qui
484 4874 613 4929 dicit
642 4881 895 4943 oportere
925 4889 1033 4928 non
1073 4870 1331 4941 abnegari
1378 4869 1833 4940 dispensationes,

272 4965 630 5020 humanitatis
666 4965 981 5034 mysterium
1013 4963 1233 5017 omnino
1252 4961 1517 5015 eradicat.
1553 4960 1841 5015 Praesumit

272 5057 421 5112 enim
449 5056 651 5121 dicere,
687 5055 828 5125 quod
862 5069 1035 5123 neque
1067 5054 1242 5109 factus
1275 5063 1358 5108 est
1388 5055 1552 5109 homo
1589 5053 1843 5123 unigeni-

274 5159 363 5204 tus
395 5148 487 5202 Dei
522 5147 790 5213 Verbum,
844 5161 1019 5215 neque
1046 5161 1113 5201 ex
1146 5145 1352 5200 semine
1386 5145 1636 5215 apparuit
1665 5143 1841 5199 sancti

276 5239 447 5294 David
483 5258 497 5294 ε
538 5240 635 5294 sed
676 5238 906 5293 filiorum
938 5237 1235 5292 introducit
1261 5246 1449 5305 aperte
1501 5235 1842 5300 dualitatem,

278 5330 595 5398 inaequalem
644 5337 891 5383 naturam
945 5337 1000 5382 et
1050 5327 1240 5382 falsam
1273 5327 1511 5381 nomine.
1559 5325 1671 5379 lloe
1699 5325 1843 5380 enim

278 5421 422 5491 quod
476 5421 695 5476 abusive
745 5420 963 5485 dicitur,
1016 5419 1329 5473 omnimodo
1367 5418 1606 5472 ostendit
1659 5417 1845 5484 utique

279 5518 422 5583 quod
467 5530 595 5568 vero
639 5530 742 5567 non
790 5523 874 5568 est
927 5514 1030 5567 hoc
1084 5512 1227 5581 quod
1270 5510 1512 5564 dicitur:
1570 5518 1848 5562 mutuatur

282 5606 425 5663 enim
470 5607 694 5661 alterius
741 5605 1172 5675 appellationem.
1218 5602 1357 5673 Ergo
1399 5603 1442 5658 si
1482 5602 1704 5658 abusive
1752 5600 1847 5657 Dei

355 5779 434 5853 (l)
467 5781 659 5847 Mausi,
685 5780 910 5849 Coucil.,
956 5791 993 5835 t.
1028 5780 1117 5849 IX,
1157 5795 1207 5848 ι».
1236 5778 1365 5833 250.

1930 3179 2144 3235 nil'este.
2182 3178 2237 3233 Si
2269 3178 2494 3234 abusive
2520 3178 2691 3232 Filius
2715 3186 2770 3230 et
2797 3174 2940 3229 Deus
2965 3173 3055 3227 ille
3077 3170 3170 3239 qui
3196 3183 3260 3222 ex
3290 3164 3504 3220 semine

1928 3280 2012 3324 est
2034 3268 2227 3334 David,
2259 3282 2431 3336 neque
2469 3268 2608 3321 Deus
2643 3279 2818 3334 neque
2848 3261 3016 3316 Filius
3038 3267 3227 3314 natura
3259 3263 3315 3308 et
3347 3252 3493 3307 veri-

1931 3374 2045 3420 tate
2074 3372 2178 3419 est.
2213 3363 2366 3418 Falsa
2391 3362 2556 3429 igitur
2595 3362 2647 3415 in
2674 3371 2905 3428 utroque
2935 3356 3051 3410 haec
3091 3348 3416 3421 appellatio,
3450 3354 3507 3399 et

1928 3454 2043 3521 ipsa
2076 3466 2161 3507 res
2183 3467 2303 3506 esse
2332 3453 2527 3504 merito
2558 3449 2881 3518 intelligitur
2914 3467 2925 3501 :
2959 3453 3186 3512 uterque
3213 3439 3363 3494 enim
3402 3436 3509 3490 hoc

1932 3545 2261 3608 nominatur,
2291 3542 2435 3611 quod
2462 3556 2565 3594 non
2602 3548 2705 3593 est.

2432 3652 2490 3706 2.
2529 3648 2610 3704 Ea:
2637 3649 2815 3703 eodem
2847 3644 3003 3699 libro.

2552 3776 2889 3819 TllEODORUS.

2006 3883 2070 3937 Et
2098 3882 2333 3937 convenit
2376 3896 2465 3935 eos
2517 3879 2606 3949 qui
2656 3877 2780 3929 bene
2809 3873 3048 3943 sapiunt,
3085 3865 3507 3939 quandoquidem

1932 3975 2199 4029 naturales
2238 3984 2414 4043 patres
2465 3970 2767 4041 quwrimus,
2816 3980 2977 4034 neque
3030 3963 3197 4017 Deum
3264 3957 3509 4020 Verbum,

1933 4068 2102 4123 David
2148 4066 2226 4121 vel
2274 4066 2504 4120 Abrahaz
2547 4064 2719 4133 ﬁlium
2747 4060 3041 4121 nominare,
3080 4055 3170 4109 sed
3199 4053 3457 4121 {actorem
3486 4062 3506 4101 :

1936 4176 2096 4228 neque
2143 4174 2331 4227 corpus
2389 4166 2512 4211 ante
2554 4154 2750 4209 uacula
2810 4166 2874 4205 ea:
2924 4147 3124 4209 Patre,
3182 4146 3271 4199 sed
3336 4157 3513 4197 semen

1935 4251 2161 4305 Abrahw
2207 4260 2255 4305 et
2308 4248 2478 4303 David
2507 4263 2572 4301 ea:
2607 4244 2780 4299 Maria
2815 4252 3021 4297 natum.
3062 4236 3131 4291 Et
3160 4254 3279 4291 cum
3311 4237 3375 4289 de
3408 4252 3508 4287 na-

1938 4342 2197 4395 turalibus
2257 4339 2620 4395 nativitatibus
2664 4336 2729 4389 sit
2766 4335 2925 4399 ratio,
2958 4345 3119 4401 neque
3149 4328 3337 4383 Maria?
3366 4326 3511 4394 [ilius

1870 4445 1915 4502 ι)
1943 4433 2082 4486 Deus
2112 4449 2221 4488 esse
2260 4430 2482 4485 Verbum
2509 4428 2864 4484 existimetur.
2909 4424 3156 4479 Mortalis
3201 4421 3338 4475 enim
3371 4436 3512 4472 mor-

1949 4521 2107 4574 talem
2154 4528 2365 4590 generat
2412 4518 2694 4572 secuudum
2735 4526 3004 4575 naturam,
3050 4522 3097 4565 et
3138 4525 3348 4578 corpus,
3373 4506 3513 4576 quod

1947 4614 2048 4668 sibi
2075 4611 2246 4667 simile
2283 4618 2380 4665 est.
2423 4609 2568 4663 Duas
2610 4608 2910 4661 nativitates
2942 4604 3087 4657 Deus
3145 4599 3369 4655 Verbum
3410 4613 3514 4650 non

1948 4704 2222 4768 sustinuit,
2248 4719 2407 4756 unam
2436 4703 2645 4771 quidem
2683 4709 2805 4754 ante
2831 4697 3052 4760 stecula,
3084 4693 3304 4745 alteram
3336 4700 3514 4743 autem

1951 4796 2002 4848 in
2033 4796 2231 4847 ultimis
2272 4792 2585 4861 temporibus
2613 4806 2632 4844 :
2661 4792 2750 4843 sed
2787 4804 2849 4841 ea:
2882 4785 3043 4838 Patre
3073 4780 3283 4853 quidem
3320 4790 3515 4832 natura

1943 4889 2146 4957 genitus
2178 4895 2273 4950 est,
2314 4884 2559 4951 templum
2596 4897 2715 4935 vero
2736 4878 2875 4948 quod
2898 4893 2963 4931 ea:
2998 4876 3171 4928 Maria
3208 4884 3391 4925 uatum
3413 4881 3512 4935 est,

1945 4995 2009 5033 ea:
2034 4979 2146 5049 ipso
2174 4989 2319 5031 utero
2351 4976 2452 5029 sibi
2478 4972 2776 5042 fabricavit.

2587 5095 2864 5136 CVRILLUS.

2020 5199 2075 5253 5.
2124 5198 2323 5252 Deinde
2382 5198 2547 5250 breve
2604 5194 2925 5264 procedens,
2966 5202 3019 5245 et
3049 5191 3374 5260 quibusdam
3425 5206 3520 5260 per

1955 5290 2190 5344 medium
2232 5285 2568 5354 interpositis
2606 5286 2799 5338 iterum
2833 5283 3003 5337 dixit:

2576 5409 2912 5452 TllEODORUS.

2024 5511 2155 5567 Cum
2194 5528 2315 5565 vero
2337 5512 2401 5565 de
2431 5510 2656 5564 salutari
2683 5508 3068 5577 dispensatione
3101 5507 3238 5557 ratio
3264 5514 3519 5564 movetur,

1953 5612 1998 5656 et
2032 5600 2166 5655 Deus
2202 5611 2413 5654 vocetur
2439 5600 2613 5665 homo,
2661 5615 2762 5651 non
2799 5596 2936 5667 quod
2967 5596 3062 5647 hoc
3090 5592 3263 5663 [actus
3292 5600 3393 5657 est,
3434 5590 3528 5645 sed
