4132 6488
556 459 693 516 N39

1534 456 1589 509 S.
1632 452 1905 512 CYlllLLl
1946 451 2411 509 ALEXANDRINI
2452 448 2779 507 ARCHIEP.

3662 451 3799 508 14ιο

550 576 691 646 quod
737 572 829 627 ltoc
868 573 1149 640 assumpsit
1182 588 1198 625 :
1237 584 1282 625 et
1336 571 1489 624 homo
1526 570 1686 634 Deus,
1731 586 1834 622 non
1868 577 2119 636 tanquam
2150 583 2195 636 Α
2226 569 2345 622 dem
2392 582 2569 635 neque
2608 565 2805 620 Filium
2833 578 3043 629 verum,
3073 579 3245 635 neque
3277 565 3444 621 Deum
3476 581 3597 624 esse
3627 568 3799 625 dicis:

554 663 1114 734 iacircumscriptibilis
1141 662 1338 731 factus,
1369 677 1460 714 nec
1483 662 1669 729 ubique
1692 660 1984 722 exsistam;
2013 674 2121 710 cor-

553 774 653 821 pus
695 756 831 809 enim
882 765 993 809 erat
1031 764 1078 807 et
1111 762 1224 822 post
1264 754 1699 807 resurrectionem
1739 749 2024 817 palpabile,
2077 758 2125 802 et

556 845 660 898 tale
693 852 953 911 receptum
995 851 1069 897 est
1109 843 1164 896 in
1211 840 1421 906 caelum,
1460 849 1506 894 et
1554 839 1629 894 sic
1665 839 1827 893 veniet
1872 840 2005 891 sicut
2036 853 2119 892 re-

554 942 760 999 ceptum
784 941 884 986 est.

1198 1056 1472 1097 CYRILLUS.

534 1134 541 1139 ⁷
628 1152 768 1206 Ecce
814 1151 970 1219 plane
1002 1160 1054 1206 et
1097 1151 1374 1206 evidenter
1402 1158 1593 1204 contra
1624 1149 1861 1203 divinam
1905 1149 2123 1218 quidem

562 1245 729 1299 fertur
768 1244 1143 1313 Scripturam;
1199 1243 1455 1310 reprobat
1507 1256 1635 1296 Vero
1677 1241 1875 1296 Christi
1935 1247 2131 1311 myste-

562 1338 723 1403 rium,
765 1346 819 1391 et
858 1336 1010 1405 quasi
1049 1335 1284 1402 increpat
1330 1333 1495 1386 Deum
1525 1332 1788 1396 Verbum,
1827 1332 1971 1401 qttod
2004 1347 2127 1400 pro-

562 1434 682 1494 pter
710 1441 808 1480 nos
836 1424 1262 1479 exinanitiouem
1289 1424 1397 1492 pati
1429 1423 1597 1476 voluit
1632 1440 1649 1489 ;
1700 1430 1754 1476 et
1781 1422 1922 1490 quod
1956 1422 2131 1474 factus

560 1526 646 1569 est
679 1516 858 1577 homo,
894 1515 1222 1568 contristare
1262 1514 1492 1567 videtur.
1532 1513 1797 1567 luterimit
1829 1512 1973 1567 enim
2014 1526 2132 1565 om-

562 1608 693 1660 nino
737 1607 1216 1669 humanationem,
1261 1616 1316 1659 et
1358 1606 1620 1661 adversus
1671 1603 1993 1658 ineﬂ‘abilem
2045 1619 2134 1657 sa-

559 1700 818 1768 pientiam
859 1698 1070 1752 extollit
1112 1713 1196 1761 se,
1252 1712 1391 1767 pene
1434 1695 1862 1751 dicensJudaice
1890 1695 2131 1749 omnium

559 1798 808 1844 nostrum
850 1787 1116 1842 Salvateri
1166 1788 1386 1843 Christo
1418 1805 1433 1842 :
1482 1805 1501 1839 ι
1548 1787 1625 1843 De
1655 1787 1795 1841 bono
1833 1799 1997 1855 Opere
2029 1800 2132 1839 non

559 1889 615 1933 te
645 1879 967 1949 lapidamus,
999 1880 1091 1933 sed
1123 1883 1187 1933 de
1226 1880 1581 1949 blasphemia,
1609 1878 1752 1949 quod
1778 1889 1853 1944 tn,
1894 1894 2019 1932 cum
2059 1878 2135 1932 sis

561 1969 752 2034 homo,
779 1968 911 2022 facis
947 1979 997 2024 te
1034 1970 1198 2023 Deum
1236 1970 1323 2022 "‘.
1364 1988 1381 2018 ι
1422 1969 1621 2023 Audiat
1661 1968 1824 2038 igitur
1855 1969 2130 2021 dicentem
2165 1966 2207 2020 Β

564 2067 749 2127 aperte
779 2073 794 2111 :
822 2076 841 2108 ι
884 2059 937 2113 Si
984 2059 1147 2129 igitur
1192 2075 1295 2113 non
1335 2060 1479 2131 facio;
1502 2074 1665 2126 opera
1700 2059 1880 2113 Patris
1909 2059 2035 2121 mei,
2064 2073 2131 2112 ue

562 2151 694 2205 mihi
725 2151 962 2217 credite;
1025 2151 1070 2206 si
1106 2166 1233 2205 vero
1260 2151 1425 2215 facio,
1476 2150 1603 2207 licet
1642 2151 1770 2205 mihi
1803 2168 1905 2204 non
1927 2150 2119 2205 creda-

564 2241 653 2306 tis,
701 2242 953 2311 operibus
1000 2242 1135 2295 meis
1178 2242 1381 2295 credite
1417 2242 1482 2295 ¹⁸.
1534 2260 1549 2291 ι
1605 2240 1737 2296 Cum
1780 2242 1921 2294 enim
1968 2240 2134 2296 sciret

562 2334 707 2404 quod
747 2334 927 2388 divina
972 2334 1171 2388 virtute
1207 2341 1261 2385 et
1303 2342 1571 2399 potestate
1604 2334 1877 2395 utebatur,
1914 2341 1966 2385 ct
2009 2346 2130 2385 cum

562 2426 900 2494 apparuisset
936 2426 1097 2479 homo
1124 2424 1215 2477 Dei
1240 2422 1498 2486 Verbum,
1543 2421 1776 2491 abnegat
1804 2424 1977 2490 ipsum
2010 2435 2133 2476 esse

562 2516 754 2580 Deum,
786 2526 839 2568 et
875 2515 926 2569 in
959 2515 1177 2569 homine
1209 2514 1380 2584 magis
1403 2513 1675 2568 habitasse
1707 2514 1839 2568 dicit
1866 2528 2015 2576 eum,
2065 2523 2126 2569 ut

565 2606 658 2660 Dei
692 2606 926 2660 Verbum
960 2606 1119 2659 nobis
1142 2605 1410 2658 hominem
1457 2606 1767 2660 ostenderet
1797 2605 2127 2659 adorandum

563 2709 617 2751 et
654 2714 785 2767 pura
812 2698 1028 2751 deitatis
1055 2697 1426 2751 nominatione
1457 2697 1801 2752 honoratum.
1835 2695 2132 2751 Convictus

566 2789 731 2857 igitur
788 2798 871 2842 est
924 2787 1204 2858 ignorasse
1265 2787 1488 2842 omnino
1556 2788 1812 2843 virtutem
1883 2788 2128 2857 mysterii

566 2880 790 2934 Christi.

1067 2993 1122 3048 4.
1156 2992 1239 3046 Ea:
1275 2991 1453 3045 eodem
1484 2990 1643 3046 libro.

1190 3119 1523 3161 THEODORUS.

641 3216 745 3273 Sed
790 3218 835 3273 si
882 3233 1028 3278 caro,
1071 3217 1219 3280 dicit,
1273 3227 1385 3271 erat
1434 3232 1551 3287 quc
1592 3217 1851 3285 cruriﬁxa
1880 3230 1979 3279 est,
2005 3232 2139 3286 quo—

570 3307 723 3362 modo
768 3310 849 3362 sol
893 3309 1075 3362 radios
1122 3309 1330 3371 avertit,
1379 3318 1427 3362 et
1482 3309 1708 3361 tenebrc
1761 3319 2139 3377 occupaverunt
2167 3316 2209 3373 ε

569 3411 731 3454 tatam
777 3401 1066 3467 terramget
1090 3409 1242 3454 terra:
1260 3410 1453 3463 motus,
1492 3408 1544 3452 et
1571 3408 1734 3468 petrte
1773 3399 2140 3467 dirumprban-

572 3501 681 3555 tur,
708 3501 755 3545 et
794 3492 989 3561 mortui
1028 3491 1365 3561 resurgebant
1400 3491 1488 3545 ‘9?
1517 3491 1656 3557 Quid
1688 3492 1851 3560 igitur
1874 3493 2057 3544 dicunt
2091 3500 2140 3545 et

572 3584 637 3636 de
676 3584 898 3637 tenebris
919 3585 973 3636 iu
1020 3583 1255 3654 ὤμω)ιο
1303 3583 1461 3648 factis
1513 3586 1609 3639 sub
1653 3594 1884 3653 tempore
1932 3584 2141 3641 Musis:

572 3689 675 3727 non
724 3674 775 3727 in
820 3675 989 3726 tribus
1027 3674 1206 3741 lteris,
1236 3680 1325 3729 sed
1359 3678 1413 3729 in
1441 3676 1610 3729 tribus
1649 3676 1833 3730 diebus
1865 3677 1957 3729 ὀἳ
1995 3676 2141 3741 Quid

571 3778 690 3815 vero
718 3762 781 3815 de
814 3763 938 3815 aliis
966 3778 1059 3831 per
1092 3762 1275 3816 Mosen
1306 3763 1467 3832 factis
1499 3765 1771 3818 miraculis
1796 3804 1810 3829 ,
1852 3774 1900 3818 et
1931 3781 2023 3833 per
2050 3762 2143 3819 Je-

572 3869 687 3906 sunt
715 3852 881 3917 Nave,
929 3854 1018 3925 qui
1056 3855 1219 3908 solem
1259 3866 1400 3909 stare
1429 3855 1555 3924 fecit
1579 3855 1646 3919 “,
1671 3857 1763 3925 qui
1795 3855 1873 3909 sol
1901 3856 1995 3908 sub
2030 3872 2145 3924 rege

574 3939 804 3995 Ezechia
833 3949 881 3994 et
908 3951 1101 4009 prwter
1130 3951 1381 3995 naturam
1412 3954 1730 3997 retroversus
1754 3952 1827 3996 est
1858 3944 1902 3975 "
1931 3944 1953 3996 ‘l
1980 3941 2047 3994 Et
2082 3945 2144 3997 de

575 4032 761 4087 Elisaei
792 4034 1065 4104 reliquiis,
1106 4048 1225 4102 qua:
1278 4045 1549 4087 mortuum
1598 4035 2147 4089 resuscitaverunt”?

577 4125 637 4181 Si
672 4127 809 4180 enim
859 4126 1020 4178 Deum
1059 4125 1276 4180 Verbum
1316 4141 1527 4195 passum
1563 4143 1673 4181 esse
1703 4126 2002 4192 ostendunt,
2030 4142 2147 4197 qum

575 4218 633 4269 in
684 4225 914 4283 tempore
951 4217 1121 4270 crucis
1164 4217 1308 4283 facta
1343 4226 1498 4280 sunt,
1542 4227 1589 4270 et
1639 4228 1848 4286 propter
1888 4217 2147 4272 hominem

580 4324 684 4359 non
735 4308 1018 4361 concedant
1067 4323 1129 4361 ea
1174 4308 1319 4377 facta
1368 4322 1525 4363 esse:
1557 4319 1604 4362 et
1637 4325 1754 4379 qua:
1779 4310 1873 4362 sub
1922 4317 2149 4377 tempore

582 4399 748 4453 Mosis
789 4411 1001 4468 propter
1040 4417 1203 4470 genus
1250 4400 1496 4467 Abrahw,
1543 4411 1592 4454 et
1636 4416 1755 4470 qua:
1791 4401 1885 4453 sub
1921 4413 2148 4469 tempore

578 4490 709 4542 Jesu
748 4489 897 4544 Nave
935 4501 981 4545 et
1032 4492 1276 4545 Ezecltite
1305 4492 1439 4560 regis
1468 4508 1569 4545 non
1603 4500 1779 4545 erunt.
1820 4490 1878 4545 Si
1908 4508 2025 4544 vero
2051 4492 2149 4544 illa

579 4591 791 4647 propter
824 4582 1133 4637 Judworum
1194 4582 1443 4651 populum
1487 4583 1757 4636 miracula
1801 4583 1947 4652 facta
2000 4594 2145 4645 sunt,

579 4672 746 4726 multo
788 4675 953 4742 magis
993 4690 1109 4743 qua:
1154 4677 1208 4728 in
1252 4690 1404 4728 cruce
1441 4683 1653 4742 propter
1691 4672 1790 4726 Dei
1835 4671 1984 4727 Verbi
2020 4682 2150 4727 tem-

578 4764 743 4830 plum.

1226 4896 1503 4936 CYBILLUS.

656 5027 675 5061 ι
706 5008 1075 5079 Stupefactum
1114 5020 1197 5065 est
1236 5012 1432 5066 coelum
1476 5026 1640 5080 super
1687 5028 1808 5079 aoc,
1839 5024 1895 5068 et
1919 5020 2145 5067 contre-

580 5100 720 5154 muit
764 5100 991 5168 amplius
1036 5102 1401 5167 vehementer,
1455 5102 1583 5155 dicit
1626 5102 1885 5157 Dominus
1918 5103 1984 5158 ’⁵.
2024 5121 2043 5154 ι
2102 5100 2149 5157 Ο

583 5189 980 5245 intolerabilem
1019 5191 1450 5261 inalignitatem!
1492 5194 1535 5248 Ο
1560 5193 1795 5263 linguam
1836 5194 2146 5262 loquentem

584 5280 926 5349 iniquitatem
956 5283 1216 5338 adversus
1244 5281 1432 5349 Deum,
1469 5292 1522 5338 et
1554 5293 1784 5338 mentem
1817 5284 1870 5337 in
1902 5282 2147 5337 altitudi-

584 5387 708 5426 nem
750 5388 918 5426 cornu
967 5376 1350 5430 extollentem!
1404 5374 1600 5429 Parnm
1628 5390 1752 5431 esse
1808 5376 1902 5429 tibi
1938 5374 2152 5428 videtur

553 5469 557 5472 ‘
585 5463 804 5518 allixum
836 5479 957 5520 esse
988 5465 1128 5537 ligno
1164 5467 1447 5535 Dominum
1479 5467 1700 5538 gloriae?
1734 5467 1900 5534 Quem
1933 5475 1985 5519 tu
2022 5466 2146 5535 qni-

661 5622 725 5653 ιτο
754 5617 911 5675 Joan.
951 5637 1007 5684 ι,
1040 5621 1130 5675 ss.
1206 5622 1250 5654 ιιι
1276 5622 1404 5676 ibid.
1439 5622 1527 5690 57,
1559 5623 1647 5678 δε.

592 5708 684 5757 ss,
726 5690 814 5745 10.
891 5692 940 5723 ’³
965 5691 1026 5744 IV
1055 5690 1186 5761 Reg.
1226 5707 1346 5753 xm,
1382 5692 1470 5745 2|.
1549 5694 1593 5724 ”
1619 5692 1821 5747 Jercm.
1856 5708 1915 5758 ιι,
1950 5692 2030 5745 12.

673 5847 750 5916 tl)
786 5848 867 5901 Al.
903 5865 1037 5916 eam,
1066 5846 1183 5905 scil.
1213 5849 1462 5919 gratiam.
1500 5847 1668 5902 llAnn.

1726 5622 1766 5654 '9
1790 5621 1976 5677 Matth.
1998 5621 2165 5685 xxvii,
2196 5619 2385 5674 iii-55.
2463 5620 2482 5649 ²

1726 5708 1821 5745 nn.
1856 5708 1915 5745 ιι.
1950 5692 2030 5745 12.
2108 5692 2152 5723 ’⁸
2185 5690 2340 5745 Rom.
2385 5704 2421 5745 I.
2452 5688 2485 5741 5

2232 5704 2340 5745 om.
2385 5704 2421 5755 ι,
2453 5704 2504 5742 o.

2228 672 2326 711 nos
2352 667 2529 709 autem
2566 656 2859 721 credimus,
2902 657 3045 724 quod
3072 667 3152 711 est
3181 672 3309 711 vere
3348 657 3519 714 Filius
3548 669 3604 713 et
3638 658 3800 725 Deus,

2228 756 2443 802 creator
2468 758 2522 801 et
2556 748 2735 816 opifex
2762 749 3026 803 omnium.
3084 747 3269 819 Neque
3320 750 3464 804 enim
3498 760 3617 805 erat
3642 753 3804 806 homo

2228 840 2567 908 simpliciter,
2616 840 2709 895 sed
2747 841 2801 894 in
2834 840 3013 910 specie
3047 840 3307 905 humana,
3343 842 3436 912 qui
3483 851 3660 897 estex
3701 844 3807 897 Deo

2231 928 2390 983 Patre
2420 929 2559 983 Deus
2587 929 2860 985 Verbum:
2905 946 3008 983 non
3049 930 3458 985 translationem
3505 932 3590 985 vel
3634 941 3807 984 mutae

2234 1021 2456 1086 tionem,
2483 1037 2601 1088 qua:
2632 1022 2792 1076 estin
2827 1037 2991 1075 carne
3024 1037 3237 1091 passus,
3273 1023 3456 1077 unitus
3482 1037 3611 1077 vero
3636 1023 3805 1092 magis

2233 1108 2282 1163 ei
2317 1112 2610 1163 secundum
2661 1110 2820 1165 fidem
2857 1125 3135 1165 sacrarum
3179 1109 3532 1166 Litterarum.
3580 1110 3685 1166 lste
3713 1114 3801 1182 qui

2234 1203 2288 1256 in
2319 1216 2483 1257 carne
2519 1216 2729 1268 passus,
2762 1213 2815 1255 et
2844 1218 3141 1271 suspensus
3169 1203 3220 1257 in
3250 1203 3394 1274 ligno
3414 1213 3519 1268 est,
3542 1205 3803 1257 miracula

2234 1294 2364 1349 fecit
2387 1293 2439 1347 in
2472 1293 2727 1364 Egypto,
2768 1295 2819 1347 in
2867 1295 3119 1349 omnibus
3148 1310 3246 1364 per
3282 1296 3587 1365 sapientem
3624 1294 3807 1349 Mosen

2234 1403 2387 1443 suam
2415 1384 2640 1457 gleriam
2677 1386 3054 1443 manifestans.

2736 1497 2790 1552 5.
2826 1496 2912 1551 Ex
2940 1498 3119 1551 eodem
3145 1496 3301 1554 libro.

2862 1624 3199 1666 THEODORUS.

2306 1719 2494 1776 Gratia
2542 1718 2749 1785 Filius,
2791 1721 2883 1786 qui
2921 1736 2985 1775 ea:
3035 1721 3217 1779 Maria
3259 1731 3337 1776 est
3393 1721 3568 1788 homo,
3618 1729 3808 1775 natur!

2236 1828 2355 1867 vero
2380 1811 2517 1865 Deus
2552 1809 2798 1866 Verbum.
2828 1811 2981 1879 Quod
3020 1828 3141 1867 vero
3172 1820 3247 1864 est
3278 1812 3588 1880 gratia,non
3612 1822 3806 1865 natura

2236 1914 2311 1957 est
2342 1918 2361 1957 :
2396 1913 2444 1957 et
2474 1904 2613 1974 quod
2643 1912 2720 1958 est
2754 1914 2974 1968 natura,
3028 1920 3132 1958 non
3159 1905 3357 1974 gratia,
3398 1920 3503 1958 non
3536 1906 3645 1959 duo
3682 1904 3807 1973 ﬁlii.

2237 1994 2465 2063 Sufficiat
2488 1996 2695 2062 corpori
2740 1994 2879 2066 quod
2913 2010 2978 2048 ea:
3018 1996 3165 2049 nobis
3210 2003 3310 2057 est,
3352 1995 3639 2049 secundum
3682 2011 3807 2063 gra-

2237 2085 2365 2136 tiam
2407 2082 2620 2150 ﬁliatio,
2680 2083 2889 2151 gloria,
2948 2081 3365 2148 immortalitas,
3413 2098 3516 2151 quo
3560 2082 3813 2150 templum

2237 2174 2335 2228 Dei
2376 2173 2526 2228 Verbi
2556 2176 2755 2243 factum
2788 2184 2905 2229 est:
2942 2190 3044 2227 non
3085 2191 3247 2243 supra
3280 2185 3523 2227 naturam
3550 2172 3803 2235 elevetur,

2237 2275 2284 2317 et
2316 2263 2451 2316 Deus
2490 2261 2712 2316 Verbum
2740 2279 2833 2332 pro
2857 2264 3029 2317 debita
3060 2281 3089 2316 ιι
3133 2264 3279 2317 nobis
3308 2266 3608 2333 gratiarum
3644 2262 3809 2316 actio-

2240 2371 2303 2408 ne
2333 2371 2433 2408 non
2473 2355 2775 2424 injurietur.
2822 2353 2889 2407 Et
2934 2370 3052 2424 quia
3092 2365 3168 2408 est
3208 2355 3408 2422 iniuria
3437 2356 3461 2407 ?
3487 2352 3813 2422 Componere

2239 2445 2413 2511 ipsum
2456 2460 2572 2497 cum
2619 2460 2856 2512 corpore,
2912 2456 2961 2497 et
3022 2456 3208 2511 putare
3260 2459 3376 2496 eum
3422 2444 3493 2496 ad
3526 2442 3812 2510 perfectam

2239 2536 2554 2605 ﬁliationem
2588 2536 2821 2605 corporis
2852 2536 3104 2604 indigere.
3136 2533 3320 2603 Neque
3352 2535 3462 2601 ipse
3488 2533 3628 2587 Deus
3680 2531 3805 2586 Ver-

2241 2626 2363 2679 bum
2396 2626 2503 2678 vult
2532 2625 2756 2693 seipsum
2804 2623 3004 2677 Filium
3037 2625 3203 2678 David
3234 2640 3365 2687 esse,
3388 2624 3479 2677 sed
3502 2623 3764 2677 Dominus
3792 2637 3814 2677 :

2239 2734 2429 2785 corpus
2472 2734 2591 2771 vero
2640 2718 2815 2770 vocari
2862 2717 3032 2785 ﬁlium
3074 2716 3283 2781 David,
3338 2733 3442 2770 non
3501 2715 3665 2773 solum
3706 2731 3813 2770 non

2241 2813 2427 2864 invidit
2446 2848 2462 2873 ,
2492 2809 2583 2863 sed
2605 2812 2764 2864 etiam
2795 2820 3005 2878 propter
3030 2810 3131 2863 hoc
3163 2809 3421 2879 pervenit.

2891 2954 3171 2999 οἰκιιιυε.

2314 3074 2458 3145 Ergo
2504 3075 2762 3145 quoniam
2811 3075 2952 3145 quod
3005 3082 3091 3130 est
3140 3073 3339 3145 gratia,
3367 3088 3473 3129 non
3503 3084 3719 3142 natura,
3752 3083 3810 3130 et

2247 3166 2387 3234 quod
2421 3175 2507 3220 est
2548 3175 2764 3229 natura,
2792 3181 2898 3219 non
2925 3165 3134 3235 gratia,
3167 3180 3275 3220 non
3306 3174 3433 3221 sunt
3456 3166 3547 3219 lilii
3585 3166 3692 3220 duo
3718 3180 3808 3221 se-

2248 3259 2481 3312 cundum
2513 3267 2656 3312 tuam
2696 3258 2981 3313 rationem.
3014 3256 3116 3322 Qui
3156 3256 3329 3327 gratia
3369 3256 3584 3325 quidem
3614 3265 3667 3309 et
3699 3272 3806 3310 non

2246 3362 2438 3406 natura
2498 3350 2667 3409 Filius
2698 3359 2800 3417 est,
2839 3366 2943 3404 non
2980 3360 3061 3404 est
3094 3363 3221 3403 vere
3245 3349 3408 3414 filius,
3444 3358 3689 3413 superest
3714 3363 3813 3400 au-

2246 3449 2351 3494 tem
2399 3449 2458 3493 ut
2499 3449 2670 3493 staret
2711 3454 2853 3493 verae
2897 3438 3174 3492 liliationis
3206 3437 3374 3507 gloria
3412 3436 3464 3489 in
3502 3451 3567 3491 eo
3593 3437 3688 3504 qui
3728 3446 3813 3489 est

2244 3538 2435 3584 natura
2462 3540 2517 3584 et
2549 3544 2653 3583 non
2693 3528 2887 3599 gratia,
2923 3527 2975 3581 id
3006 3535 3113 3595 est,
3157 3528 3209 3580 in
3240 3527 3346 3581 Deo
3376 3527 3571 3589 Verbo,
3607 3525 3700 3594 qui
3730 3535 3817 3578 est

2245 3638 2310 3677 ex
2339 3620 2449 3676 Deo
2492 3621 2677 3676 Patre.
2728 3619 2994 3690 Expulsus
3033 3627 3117 3673 est
3140 3618 3329 3688 igitur,
3362 3616 3507 3671 sicut
3534 3616 3666 3677 dixi,
3697 3628 3818 3669 esse

2245 3728 2299 3771 et
2321 3717 2423 3771 dici
2446 3716 2613 3771 Filius
2644 3716 2733 3770 Dei
2760 3716 3007 3770 Christus
3026 3711 3205 3776 Jesus,
3239 3726 3334 3781 per
3357 3724 3518 3780 quem
3554 3717 3607 3762 et
3642 3705 3809 3761 salvi-

2249 3807 2390 3862 ficati
2424 3822 2630 3871 sumus,
2684 3815 2911 3859 mortem
2954 3804 3071 3870 ejus
3110 3803 3516 3861 aununtiantes,
3552 3807 3606 3853 et
3636 3795 3813 3853 conii-

2250 3909 2424 3954 tentes
2476 3898 2949 3954 resurrectionem.
2998 3894 3230 3950 Verbum
3292 3893 3435 3948 enim
3495 3891 3615 3946 lidei
3660 3888 3805 3958 quod

2248 3990 2622 4059 praedicamus,
2672 3989 2738 4041 ad
2783 3987 2939 4042 istam
2970 4000 3070 4040 nos
3112 3983 3506 4040 confessionem
3539 3980 3809 4051 producit.

2249 4080 2388 4151 Ergo
2435 4080 2485 4133 in
2526 4079 2794 4132 hominem
2843 4078 2973 4132 ﬁdes
3017 4084 3123 4142 est,
3155 4085 3208 4131 et
3244 4090 3347 4129 non
3393 4078 3443 4127 in
3484 4086 3607 4129 eum
3638 4071 3731 4141 qui
3759 4078 3815 4124 et

2249 4182 2438 4228 natura
2469 4181 2522 4225 et
2552 4186 2677 4225 vere
2713 4169 2806 4224 Dei
2852 4168 3019 4222 Filius
3071 4176 3172 4222 est.
3223 4168 3279 4220 Si
3314 4166 3456 4221 enim
3484 4180 3673 4219 verum
3709 4171 3817 4227 est,

2250 4263 2339 4333 qui
2377 4262 2506 4318 dicit
2553 4263 2757 4331 gratia,
2783 4261 3099 4314 liliationem
3154 4261 3404 4315 sortitum
3456 4272 3577 4314 esse
3617 4259 3815 4325 ipsum,

2253 4351 2579 4405 multitudini
2621 4351 2849 4403 filiorum
2885 4349 3385 4412 connumerabitur,
3429 4347 3483 4402 id
3526 4355 3611 4400 est
3641 4345 3815 4407 nobis,

2250 4438 2448 4506 quibus
2474 4452 2701 4504 superna
2737 4437 2903 4505 gratia
2937 4437 3249 4491 liliationem
3280 4438 3465 4499 donat,
3504 4452 3523 4486 ι
3557 4438 3622 4487 ad
3653 4448 3812 4503 quam

2252 4528 2426 4583 vocati
2470 4543 2652 4582 sumus
2684 4541 2778 4597 per
2822 4526 3000 4582 Jesum
3048 4527 3346 4592 Christum,
3384 4526 3474 4595 qui
3506 4540 3570 4580 ex
3608 4524 3819 4579 semine

2179 4651 2223 4705 Ι)
2255 4619 2419 4674 David
2463 4627 2548 4673 est
2587 4618 2880 4672 secundum
2927 4633 3147 4673 carnem
3180 4617 3245 4668 ".
3285 4636 3303 4669 ι
3336 4616 3400 4671 Et
3423 4625 3629 4670 certum
3657 4625 3707 4667 te
3733 4612 3820 4667 fa~

2251 4715 2360 4768 ciat
2399 4712 2583 4767 dicens
2638 4710 2855 4763 divinus
2883 4710 3209 4779 evangelista
3239 4726 3253 4762 :
3288 4725 3307 4758 ι
3346 4708 3445 4774 Qui
3492 4720 3627 4760 vero
3654 4719 3815 4759 acce-

2250 4813 2445 4873 perunt
2466 4801 2587 4858 eum
2619 4801 2719 4872 (1),
2750 4801 2897 4855 dedit
2923 4802 3000 4855 eis
3023 4807 3346 4869 potestatem
3380 4798 3519 4852 lilios
3547 4796 3644 4851 Dei
3676 4795 3815 4858 ﬁeri,
3872 4810 3891 4830 δ

2251 4893 2598 4952 credentibus
2637 4895 2691 4947 in
2722 4892 2943 4947 nomine
2974 4890 3111 4959 ejus.
3151 4908 3169 4941 ι
3198 4889 3400 4944 Deinde
3426 4888 3697 4956 quomodo
3724 4887 3819 4954 qui

2252 4987 2319 5042 ab
2348 4986 2517 5040 altero
2554 4984 2734 5038 datam
2771 4984 3085 5053 dignitatem
3141 4981 3418 5036 ﬁliationis
3452 4981 3682 5036 sortitus
3709 4986 3818 5045 est,

2251 5085 2306 5131 et
2331 5076 2485 5131 nobis
2526 5073 2659 5143 ipsis
2700 5074 2903 5129 donare
2946 5089 3049 5127 non
3094 5087 3246 5127 suam
3276 5072 3471 5142 magis,
3501 5074 3595 5125 scd
3627 5068 3822 5137 acqui-

2252 5166 2409 5224 sitam
2437 5167 2484 5221 ei
2519 5164 2861 5221 extrinsecus
2881 5166 3108 5234 gratiam
3129 5165 3155 5218 1

2327 5277 2393 5330 Ει
2419 5286 2533 5347 post
2564 5293 2734 5347 pauca
2760 5290 2781 5331 :
2812 5276 2966 5331 Dedit
3006 5276 3242 5346 seipsum
3278 5276 3331 5329 in
3361 5272 3820 5329 examinationem

2254 5372 2446 5438 Filius,
2491 5382 2545 5425 et
2585 5385 2705 5424 cum
2734 5370 2785 5424 in
2815 5372 3068 5426 omnibus
3113 5379 3256 5424 esset
3302 5367 3603 5440 perfectus,
3654 5362 3825 5418 voluit

2255 5463 2363 5535 pati
2396 5461 2782 5528 humilitatem,
2827 5469 2882 5517 et
2919 5462 3214 5516 secundum
3257 5474 3476 5514 carnem
3504 5473 3571 5512 es
3597 5454 3825 5510 muliere

2463 5617 2700 5674 "Exod.
2733 5632 2789 5681 κ.
2826 5616 2917 5673 22.
2996 5616 3040 5650 ³³
3067 5613 3229 5671 .losue
3253 5629 3309 5681 ι,
3344 5612 3432 5667 12.
3509 5613 3554 5645 ”
3579 5610 3646 5665 ιγ
3678 5610 3820 5680 Reg.
