4132 6464
349 319 483 381 iiii

1550 316 1973 373 FRAGMENTA
2016 314 2438 373 DOGLIATICA.

3462 324 3491 376 -1
3504 323 3608 379 443

346 443 622 501 sustinere
656 442 1022 510 nativitatem,
1049 452 1104 499 et
1144 441 1444 512 appellatus
1468 450 1554 495 est
1582 440 1722 494 lilius
1750 439 1925 492 Abra-
1957 441 2001 498 Α
2033 452 2150 489 rmu
2210 436 2578 505 apostolorum
2628 447 2683 493 et
2735 440 3189 510 evangelistarum
3265 442 3608 513 impudenter

350 535 434 590 lim
460 542 515 589 et
551 533 744 589 David.
785 533 901 592 Non
935 537 1165 590 miratus
1190 550 1249 590 es
1276 544 1384 589 tam
1417 534 1614 588 bonum
1642 533 1923 602 dispensa-

353 626 516 681 tionis
565 626 883 692 artilicium,
931 628 1110 698 magis
1156 640 1288 681 vero
1327 624 1681 694 reprehendis
1721 632 1928 694 myste-

352 718 494 772 rium
532 735 547 772 :
589 717 844 785 iniuriam
885 733 1007 774 esse
1042 718 1229 774 dicens
1262 717 1690 772 incarnationem
1722 714 1924 785 linige-

350 809 478 875 niti,
519 810 773 881 inerepas
829 812 1115 866 consilium
1162 809 1260 866 Dei
1301 820 1357 865 et
1392 809 1573 864 Patris
1616 828 1630 864 :
1665 808 1926 863 inclamas

350 915 481 957 vero
508 901 672 955 etiam
708 903 883 971 ipsum
915 901 1136 968 Filium,
1170 901 1260 972 qui
1299 902 1407 971 pati
1439 900 1606 954 voluit
1630 908 1849 969 propter
1874 907 1926 952 te

348 993 800 1049 exinanitionem.
847 992 982 1049 Cum
1034 994 1198 1063 igitur
1245 993 1485 1047 audieris
1539 993 1807 1046 dicentem
1858 991 1925 1045 ad

349 1083 626 1138 caelestem
661 1084 876 1138 Patrem
920 1094 975 1139 et
1023 1085 1215 1140 Deum.
1254 1102 1271 1135 ι
1316 1083 1655 1138 Sacrificium
1690 1091 1744 1137 et
1776 1082 1927 1135 obla-

352 1174 552 1227 tionem
603 1175 857 1241 noluisti,
937 1175 1250 1230 holocausta
1311 1185 1366 1229 et
1410 1189 1507 1242 pro
1558 1173 1754 1226 delicto
1814 1187 1921 1227 non

347 1268 661 1335 postulasti,
691 1283 888 1337 corpus
912 1276 1089 1321 autem
1115 1256 1390 1335 perfecisti
1422 1266 1552 1319 mihi
1589 1284 1603 1319 :
1634 1274 1746 1318 tum
1774 1265 1882 1319 dixi
1908 1276 1924 1317 :

348 1354 487 1409 Ecce
520 1357 678 1410 venio
712 1372 725 1409 :
759 1356 813 1408 iu
864 1356 1042 1425 capite
1099 1355 1219 1410 libri
1270 1356 1534 1425 scriptum
1585 1363 1669 1408 est
1699 1355 1763 1409 de
1815 1368 1923 1421 me,

347 1458 407 1497 ut
435 1444 629 1498 faciam
672 1444 1005 1499 voluntatem
1036 1453 1204 1511 tuam,
1259 1445 1420 1509 Deus,
1468 1443 1611 1499 volui
1643 1445 1729 1511 ²⁸;
1761 1462 1779 1495 s
1820 1459 1924 1499 non

350 1547 498 1591 recta
541 1536 783 1604 cogitare
826 1536 1055 1591 forsitan
1099 1535 1294 1591 Filium
1329 1536 1396 1591 de
1428 1552 1524 1591 sua
1553 1536 1724 1605 gloria
1756 1536 1924 1591 dices.

346 1628 523 1699 Elegit
549 1632 693 1684 enim
719 1630 966 1699 corporis
1002 1628 1411 1699 perfectionem,
1458 1639 1512 1683 et
1544 1642 1649 1683 non
1683 1626 1773 1680 alii
1809 1643 1926 1681 ma-

346 1723 428 1792 gis
460 1722 681 1785 iactam,
711 1723 803 1775 sed
831 1721 934 1776 sibi
971 1720 1267 1776 secundum
1311 1721 1472 1775 verba
1509 1718 1923 1790 ipsius,Corpus

345 1812 482 1866 enim
514 1812 800 1880 perfecisti,
828 1812 960 1866 dicit
998 1829 1012 1865 :
1046 1810 1173 1866 licet
1202 1810 1441 1866 audieris
1480 1809 1707 1864 Paulum
1733 1812 1921 1865 dicen-

346 1915 455 1959 tem
511 1905 578 1958 de
614 1905 721 1958 Deo
773 1904 949 1958 Verbo
996 1921 1068 1958 τι
1112 1903 1254 1974 Ergo
1301 1904 1427 1972 quia
1492 1901 1587 1956 lilii
1633 1902 1927 1973 participes

347 2005 473 2051 sunt
503 1996 788 2065 sanguinis
816 2005 871 2050 et
903 1996 1110 2058 carnis,
1136 2006 1191 2048 et
1232 1995 1348 2064 ipse
1371 1994 1622 2049 similiter
1653 1995 1926 2063 particeps

345 2087 524 2141 lactus
555 2097 640 2142 est
683 2090 999 2143 earumdem
1034 2089 1122 2153 ’7;
1164 2106 1182 2138 α
1221 2098 1277 2141 et
1320 2089 1400 2142 sic
1446 2088 1662 2156 sapiens
1688 2086 1926 2143 Joannes

343 2182 534 2234 scribit
570 2196 583 2232 :
624 2198 643 2233 ε
687 2182 749 2235 Et
783 2182 1015 2235 Verbum
1058 2196 1187 2235 caro
1212 2181 1412 2234 factum
1442 2189 1547 2241 est,
1577 2190 1631 2234 et
1659 2179 1926 2233 habitavit

341 2268 395 2327 in
426 2272 583 2328 nobis
613 2274 697 2339 ²⁸;
729 2292 747 2325 ι
784 2290 945 2342 surge
969 2285 1157 2327 contra
1195 2287 1289 2327 eos
1322 2272 1567 2327 clamans
1594 2289 1607 2325 :
1658 2270 1783 2326 Non
1828 2286 1922 2339 pro

341 2366 517 2420 debita
560 2367 860 2431 gratiarum
904 2366 1113 2420 actione
1152 2381 1183 2417 a
1228 2364 1378 2417 nobis
1424 2363 1731 2433 injurietur,
1784 2361 1924 2415 Deus

355 2456 578 2511 Verbum
602 2473 705 2511 non
731 2458 908 2526 [actus
941 2466 1016 2511 est
1048 2472 1193 2520 caro,
1224 2456 1358 2509 Deus
1406 2454 1629 2521 Verbum
1662 2472 1766 2508 non
1795 2470 1924 2524 par-

340 2548 501 2615 ticeps
549 2547 646 2614 fuit
694 2563 809 2601 uere
850 2546 1123 2617 sanguinis
1161 2558 1208 2599 et
1248 2548 1467 2600 carnis:
1498 2545 1743 2600 similiter
1775 2544 1923 2598 nobis

338 2650 444 2692 non
473 2647 630 2693 natus
658 2649 734 2694 est
755 2641 1044 2693 secundum
1082 2655 1290 2692 carnem
1324 2654 1388 2691 ex
1411 2637 1651 2700 muliere,
1694 2652 1797 2689 non
1830 2652 1924 2703 ap-

338 2730 565 2798 pellatus
586 2740 661 2784 est
689 2731 834 2798 ﬁlius
874 2730 1068 2784 David.
1097 2728 1212 2783 Hoc
1245 2730 1405 2793 enim,
1435 2728 1576 2797 quod
1604 2736 1653 2782 et
1678 2726 1923 2780 nomina-

338 2822 386 2873 ri
424 2838 542 2874 eum
608 2822 865 2890 injurium
912 2833 1009 2886 est,
1054 2832 1101 2875 et
1138 2837 1239 2874 non
1269 2820 1558 2873 secundum
1606 2818 1921 2873 voluntatem

338 2912 527 2979 ipsius,
564 2914 825 2981 quomodo
859 2914 973 2981 pati
1006 2912 1252 2967 coluisset
1275 2914 1300 2966 ?
1326 2911 1434 2967 Sed
1466 2926 1590 2978 nos,
1621 2924 1653 2965 o
1683 2912 1917 2980 sapiens,

336 3004 647 3074 gloriﬁcare
679 3005 1066 3061 consuevimus
1100 3006 1267 3060 Deum
1290 3014 1344 3059 et
1370 3004 1610 3068 Patrem,
1640 3003 1764 3072 quia
1794 3017 1919 3056 cor-

2033 526 2393 581 resistentia?
2438 525 2817 585 Recusandum
2866 532 3030 600 igitur
3059 548 3154 588 eos
3180 534 3271 605 qui
3306 543 3414 589 tam
3447 534 3607 592 malis

2031 617 2206 688 culpis
2256 619 2473 674 obnoxii
2524 629 2671 685 sunt,
2716 621 2829 677 sive
2856 626 2908 677 in
2946 624 3085 680 vivis
3125 634 3271 693 sunt,
3316 625 3432 680 sive
3471 640 3600 681 non.

2030 708 2114 764 Ab
2147 710 2237 764 illo
2261 712 2407 765 enim
2438 711 2582 782 quod
2616 722 2793 777 nocet,
2825 715 3078 771 recedere
3097 718 3464 773 necessarium
3484 726 3601 782 est;

2029 812 2085 856 et
2126 802 2334 857 nonad
2379 818 2669 874 personam
2713 806 3007 875 respicere,
3064 810 3159 865 sed
3209 810 3265 865 id
3312 810 3457 881 quod
3494 811 3605 866 Deo

2029 896 2231 965 placet,
2263 906 2477 967 oportet
2506 900 2877 954 considerare.

2407 1013 2459 1065 7.
2487 1011 2572 1066 Ea;
2601 1013 2830 1067 secundo
2857 1012 2991 1067 libro
3015 1012 3222 1083 Cyrilli.

2651 1141 2989 1182 THEODORUS.

2106 1279 2125 1312 ι
2164 1259 2301 1327 Quid
2335 1269 2417 1316 est
2446 1263 2606 1315 homo
2630 1263 2775 1331 quod
2820 1275 3026 1317 memor
3055 1278 3114 1317 es
3144 1263 3260 1331 ejus
3290 1265 3313 1319 ?
3340 1275 3434 1320 aut
3462 1267 3603 1326 illius

2030 1354 2286 1417 hominis,
2323 1354 2467 1423 quod
2504 1354 2691 1409 visitas
2721 1370 2843 1410 eum
2871 1355 2957 1408 30?
2996 1374 3014 1407 ι
3053 1354 3461 1413 Consideremus
3496 1361 3601 1430 igi-

2030 1459 2137 1509 tur,
2188 1447 2306 1513 quis
2357 1447 2512 1499 honto
2557 1447 2657 1509 sit,
2706 1447 2770 1500 de
2820 1463 2924 1516 quo
2962 1450 3206 1515 stupescit
3258 1460 3305 1502 et
3354 1452 3602 1517 miratur,

2026 1540 2168 1608 quod
2221 1537 2531 1608 Unigenitus
2572 1540 2821 1609 dignatus
2869 1550 2941 1593 est
2982 1540 3096 1608 ejus
3137 1542 3441 1595 memoriam
3485 1544 3609 1597 visi-

2032 1632 2390 1701 tationemque
2446 1630 2642 1699 facere.
2694 1630 2800 1685 Sed
2837 1633 2976 1699 quod
3026 1633 3232 1702 quidem
3270 1649 3375 1687 non
3406 1635 3606 1689 dictum

2028 1733 2103 1775 est
2156 1724 2220 1777 de
2261 1723 2438 1788 omni,
2500 1726 2555 1776 in
2608 1724 2964 1791 superioribus
3017 1724 3437 1779 demonstratum
3490 1739 3605 1781 est:

2025 1816 2167 1883 quod
2201 1825 2376 1869 autem
2415 1832 2515 1869 non
2544 1817 2608 1869 de
2643 1832 2747 1869 uno
2786 1817 3035 1886 quolibet,
3070 1826 3120 1870 et
3151 1817 3248 1871 hoc
3277 1828 3474 1873 certum
3500 1832 3600 1873 est.

2030 1904 2096 1958 Ut
2143 1916 2317 1960 autent
2366 1908 2544 1961 omnia
2601 1907 3108 1975 praetermittamus,
3162 1910 3301 1978 quod
3364 1910 3607 1964 omnibus

2026 1994 2331 2049 credibilius
2359 2006 2457 2062 est,
2491 1997 2835 2064 apostolicum
2875 1998 3229 2053 testimonium
3258 2002 3603 2070 excipiamus.

2029 2085 2220 2139 Scribit
2276 2087 2441 2155 igitur
2493 2086 2781 2156 Apostolus
2828 2089 2899 2141 ad
2945 2085 3215 2154 Hebraeos,
3265 2106 3492 2147 narrans
3540 2094 3606 2148 de

2028 2174 2259 2240 Christo,
2292 2192 2681 2248 personamque
2712 2194 2862 2231 suam
2895 2194 2999 2232 non
3043 2182 3415 2248 acceptabilem
3461 2186 3604 2250 apud

2023 2285 2111 2321 eos
2146 2268 2485 2335 confirmans,
2512 2270 2587 2322 ita
2616 2270 2781 2333 dicit;
2809 2270 3125 2338 testiﬁcatus
3155 2282 3229 2325 est
3255 2289 3375 2327 vero
3398 2273 3599 2328 alicubi

2023 2362 2242 2430 quidem
2277 2359 2495 2413 dicens:
2531 2379 2549 2411 ς
2587 2360 2725 2427 Quid
2774 2371 2856 2416 est
2908 2362 3069 2416 homo
3097 2365 3239 2431 quod
3284 2379 3493 2419 memor
3545 2383 3606 2422 es

2024 2450 2161 2518 ejus,
2225 2460 2319 2505 aut
2358 2450 2500 2507 ﬁlius
2530 2452 2788 2516 hominis,
2834 2454 2976 2523 quod
3022 2454 3212 2509 visitas
3241 2456 3408 2510 eum?
3441 2456 3608 2512 Mino-

2026 2544 2154 2597 rasti
2183 2555 2306 2596 eum
2339 2542 2497 2612 paulo
2527 2545 2708 2598 minus
2739 2544 2809 2599 ab
2841 2545 3083 2616 angelis,
3119 2546 3285 2616 gloria
3312 2559 3366 2603 et
3400 2551 3605 2605 honore

2023 2634 2300 2688 coronasti
2330 2650 2480 2698 eum,
2507 2645 2563 2688 et
2583 2636 2918 2690 constituisti
2945 2652 3069 2691 eum
3104 2654 3266 2708 supra
3304 2656 3469 2710 opera
3497 2658 3607 2695 ma-

2025 2741 2189 2780 nuum
2256 2737 2521 2781 tuarum:
2586 2728 2768 2782 omnia
2843 2727 3123 2796 subjecisti
3190 2732 3296 2784 sub
3373 2733 3602 2802 pedibus

2023 2818 2139 2884 ejus
2171 2818 2213 2849 ³⁸
2241 2835 2256 2882 ;
2288 2837 2305 2870 ν
2334 2829 2381 2871 et
2411 2834 2529 2871 cum
2560 2819 2917 2872 testimonium
2951 2820 3199 2885 dixisset,
3250 2821 3603 2891 interpretans

2023 2910 2192 2976 ipsum
2240 2910 2418 2963 intulit
2458 2926 2477 2964 :
2516 2927 2535 2961 ‹
2571 2909 2924 2979 Subjicieudo
2974 2921 3155 2967 autem
3208 2915 3415 2978 omnia,
3467 2916 3604 2969 nihil

2019 2998 2230 3053 dimisit
2254 3014 2360 3055 non
2396 3001 2718 3068 subjectum.
2770 3001 2929 3057 Modo
2972 3012 3153 3057 autem
3184 3006 3419 3059 nondum
3459 3006 3605 3061 vide-

339 3109 438 3163 pus
470 3094 763 3165 perfecerit
798 3095 977 3153 Filio:
1010 3106 1067 3151 et
1099 3098 1272 3166 ipsum
1299 3111 1429 3152 vero
1455 3095 1687 3149 dicimus
1721 3094 1914 3148 Filium

2023 3103 2145 3143 ntus
2167 3092 2349 3142 omnia
2385 3089 2433 3143 ei
2474 3089 2717 3158 subjecta
2757 3090 2823 3143 3’.
2870 3109 2890 3141 s
2945 3089 3011 3143 Et
3039 3093 3153 3161 quis
3179 3093 3334 3146 homo
3369 3104 3465 3156 est,
3506 3096 3602 3147 da-

337 3187 538 3239 factum
584 3200 840 3252 carnem,
886 3187 938 3242 id
976 3198 1061 3243 est
1107 3187 1402 3253 hominem,
1442 3200 1657 3255 passum
1695 3186 1915 3254 quidem

334 3289 458 3329 esse
485 3287 713 3346 propter
748 3291 847 3332 nos
876 3278 1330 3343 exinanitionem,
1368 3286 1422 3331 et
1452 3285 1655 3331 nostra:
1684 3290 1918 3345 pauper-

337 3367 466 3421 tatis
496 3368 709 3423 subisse
747 3368 1133 3433 humilitatem,
1168 3368 1542 3438 permansisse
1574 3382 1704 3422 vero
1748 3376 1803 3419 et
1839 3367 1918 3421 sic

339 3458 532 3520 Deum,
580 3469 635 3513 et
675 3457 871 3513 Filium
906 3474 1096 3512 verum
1136 3459 1230 3513 Dei
1271 3469 1327 3513 et
1380 3459 1582 3512 Patris.
1636 3459 1918 3525 Quomodo

338 3552 504 3620 igitur
537 3568 643 3606 non
692 3551 857 3605 voluit
901 3550 1071 3605 Filius
1103 3552 1377 3605 nominari
1414 3550 1606 3617 David,
1638 3552 1684 3606 si
1722 3552 1915 3605 Imma-

338 3654 498 3698 natus
527 3654 629 3709 est,
663 3652 718 3698 et
748 3644 851 3698 hoc
876 3658 982 3697 non
1017 3642 1265 3697 invitus?

335 3756 389 3811 6.
419 3756 503 3811 Ea:
537 3757 711 3825 primo
740 3756 882 3826 libro
926 3766 1125 3811 sancta:
1177 3760 1446 3811 memoria:
1492 3755 1704 3826 Cyrilli,
1752 3757 1817 3811 de
1856 3774 1914 3812 eo

403 3827 541 3896 quod
578 3843 713 3880 unus
748 3836 822 3881 est
848 3824 1110 3894 Christus,
1153 3836 1335 3881 contra
1374 3824 1720 3881 Theodorum.

404 3941 545 3998 Sunt
579 3941 723 3996 enim
745 3980 761 4007 ,
801 3949 929 3997 sunt
961 3943 1051 4011 qui
1090 3942 1509 4014 Redemptorem
1541 3955 1597 4001 et
1626 3946 1912 4000 Dominum

332 4050 494 4089 suum
529 4046 753 4105 negant,
802 4044 858 4091 et
889 4035 1085 4090 Filium
1124 4036 1347 4106 quidem
1378 4053 1568 4093 verum
1595 4039 1687 4093 Dei
1734 4038 1914 4095 Patris

332 4122 441 4183 non
463 4126 651 4182 dicunt
682 4142 804 4183 eum
834 4142 977 4191 esse,
1012 4128 1105 4197 qui
1140 4128 1193 4182 in
1229 4128 1438 4184 ultimis
1495 4129 1678 4185 saeculi
1707 4140 1914 4200 tempo~

334 4219 488 4275 ribus
538 4235 602 4274 es
651 4218 881 4274 muliere
940 4220 1238 4275 secundum
1289 4235 1512 4301 cargem
1571 4223 1910 4279 nativitatem

332 4318 559 4379 propter
606 4325 705 4363 nos
759 4309 1058 4375 sustinuit,
1130 4310 1449 4380 apparuisse
1498 4320 1678 4368 autem
1735 4315 1912 4385 magis

333 4401 453 4457 orbi
510 4411 778 4455 terrarum
835 4401 1004 4456 Deum
1052 4410 1323 4456 recentem
1357 4412 1411 4457 et
1436 4415 1735 4473 posterum,
1771 4406 1912 4461 tilia-

334 4492 499 4548 tionis
556 4492 784 4561 gloriam
845 4493 1190 4547 extrinsecus
1240 4482 1567 4561 acquisitam
1624 4496 1912 4553 habentem

333 4584 477 4638 sicut
515 4589 572 4637 et
613 4597 732 4649 nos,
778 4592 834 4637 et
875 4584 1029 4649 quasi
1068 4584 1391 4652 quibusdam
1435 4586 1909 4659 adulteriuis'glo-

334 4674 565 4728 riantem
611 4675 936 4739 honoribus,
992 4683 1049 4729 ut
1085 4675 1199 4745 jam
1234 4676 1661 4746 anthropolatria
1689 4688 1744 4733 et
1776 4680 1909 4735 nihil

330 4765 476 4820 aliud
516 4775 685 4829 esset,
729 4774 787 4820 et
832 4766 1094 4821 adoretur
1138 4766 1303 4823 homo
1341 4766 1539 4836 aliquis
1563 4782 1688 4823 cum
1712 4781 1903 4826 sancta

332 4857 599 4914 Trinitate
616 4866 728 4913 tam
759 4874 790 4912 a
820 4858 999 4921 nobis,
1028 4874 1191 4928 quam
1217 4875 1247 4913 a
1270 4861 1479 4915 sanctis
1512 4861 1756 4933 angelis:
1794 4864 1913 4919 hac

333 4950 555 5020 quidam
595 4950 756 5003 valde
784 4950 1025 5019 superbi,
1058 4959 1115 5005 et
1144 4966 1340 5020 magna
1366 4952 1668 5027 sapientes
1690 4954 1742 5008 in
1767 4954 1909 5009 divi-

335 5055 524 5095 narum
573 5038 983 5110 Scripturarum
1026 5041 1288 5111 scientia,
1335 5043 1453 5098 suis
1499 5045 1718 5115 scriptis
1756 5046 1907 5103 inse-

334 5138 598 5184 ruerunt:
628 5138 687 5185 et
716 5129 859 5184 sicut
889 5130 1023 5185 dicit
1059 5131 1304 5186 omnium
1334 5131 1594 5189 Dominus
1623 5150 1721 5205 per
1734 5152 1904 5191 unum

333 5231 647 5278 sanctorum
688 5222 1096 5292 prophetarum,
1138 5240 1156 5273 ι
1199 5223 1450 5291 laqueum
1474 5225 1669 5279 statuit
1697 5227 1764 5280 ad
1788 5242 1910 5283 cor-

335 5313 660 5379 rumpendas
685 5312 933 5366 homines
962 5312 1062 5366 ³⁸.»
1106 5310 1242 5378 Quid
1261 5315 1405 5367 enim
1439 5314 1585 5370 aliud
1616 5316 1711 5380 sit,
1744 5331 1907 5388 quam

334 5402 563 5473 laqueus
606 5412 663 5456 et
700 5404 1041 5471 scandalum,
1085 5404 1270 5474 lingua
1313 5405 1539 5475 loquens
1572 5408 1820 5477 distorta,
1854 5420 1911 5465 et

336 5493 512 5549 sacris
556 5493 782 5551 Litteris
837 5496 1214 5564 abhorrentia,
1265 5509 1323 5553 et
1370 5498 1651 5554 traditioni
1687 5512 1906 5557 sancto-

406 5673 453 5703 ’⁸
477 5669 618 5728 Psal.
650 5687 837 5738 XXXIX,
868 5675 985 5730 7-9.
1013 5675 1174 5732 Hebr.
1210 5693 1285 5740 is,
1327 5677 1445 5733 6—0.

1521 5678 1565 5711 "
1590 5679 1754 5735 Hebr.
1777 5697 1831 5743 tt,
1864 5683 1949 5739 Η.

337 5738 384 5773 ³ο
410 5740 552 5796 Psal.
594 5757 709 5809 vui,
737 5744 791 5796 δ.
868 5745 905 5776 ι·
932 5747 1062 5802 una.
1101 5748 1224 5816 6-8;
1256 5738 1421 5805 llebr.
1452 5766 1510 5819 ιι,
1548 5750 1700 5823 6-8.,
1742 5738 1939 5812 "iniu.
1974 5752 2025 5809 8.
2097 5738 2320 5813 ’πευκῖ
2347 5738 2397 5813 si.

2023 3195 2143 3233 cens
2173 3196 2291 3245 nos,
2327 3182 2576 3250 quoniam
2609 3182 2828 3234 dubium
2862 3192 2976 3235 erat
3018 3200 3051 3236 a
3097 3200 3218 3238 voce
3255 3186 3434 3255 posita
3459 3189 3603 3255 mind

2021 3271 2230 3323 beatum
2282 3270 2476 3334 David,
2526 3272 2704 3325 intulit
2749 3288 2821 3326 ει
2870 3273 3037 3327 Paulo
3083 3285 3261 3331 autem
3311 3279 3495 3333 minus
3535 3284 3604 3331 ab

2021 3360 2232 3427 angelis
2271 3361 2601 3415 minoratum
2644 3363 2887 3417 videmus
2931 3362 3138 3429 Jesum,
3196 3377 3419 3437 propter
3477 3385 3601 3438 pas—

2022 3451 2228 3506 sionem
2284 3454 2476 3506 mortis
2528 3453 2699 3520 gloria
2754 3465 2809 3509 et
2864 3456 3074 3513 honore
3114 3470 3435 3515 coronatum
3472 3462 3538 3515 ³⁸.
3578 3482 3595 3514 ι

2022 3541 2081 3595 Si
2126 3544 2292 3612 igitur
2322 3560 2389 3597 ea:
2429 3543 2730 3615 Evangeliis
2776 3550 2988 3618 quidem
3044 3552 3340 3615 erudimur,
3386 3554 3456 3606 ad
3489 3553 3601 3606 ου..

2020 3633 2220 3687 mitium
2253 3636 2451 3689 dixisse
2486 3637 2693 3690 beatum
2734 3637 2905 3692 David
2944 3642 3117 3693 omnia
3159 3658 3278 3709 qua:
3307 3653 3426 3695 sunt
3457 3648 3602 3711 psal-

2020 3724 2116 3790 mi,
2161 3734 2209 3777 et
2246 3736 2458 3788 ca'tera,
2510 3738 2561 3779 et
2607 3728 2750 3797 quod
2794 3744 3007 3785 memor
3048 3748 3129 3793 es,
3184 3744 3231 3785 et
3288 3734 3500 3799 visitas,
3550 3746 3600 3788 et

2020 3818 2330 3882 minorasti,
2384 3829 2431 3873 et
2487 3821 2788 3887 subjecisti,
2853 3839 2918 3876 es:
2968 3824 3219 3891 Apostolo
3263 3842 3379 3879 vero
3409 3825 3597 3883 Iesum

2016 3928 2128 3965 esse
2151 3912 2427 3979 discimus,
2460 3914 2524 3966 de
2555 3930 2657 3979 quo
2687 3913 2901 3981 loquens
2930 3915 3101 3970 David
3129 3915 3279 3981 dicit,
3308 3920 3448 3988 quod
3483 3923 3598 3989 ejus

2019 4019 2220 4055 memor
2269 4012 2362 4066 est,
2406 4015 2453 4057 et
2493 4005 2635 4071 quod
2665 4021 2785 4058 eum
2815 4006 3062 4072 uisitauit,
3111 4009 3202 4061 sed
3246 4010 3404 4063 etiam
3452 4015 3594 4081 quod

2021 4090 2200 4144 omnia
2231 4091 2450 4161 subjecit
2490 4094 2557 4159 ei,
2598 4110 2717 4147 cum
2758 4095 2919 4164 paulo
2963 4097 3136 4150 minus
3166 4098 3231 4151 ab
3263 4100 3466 4168 angelis
3497 4104 3598 4155 mi-

2020 4194 2257 4236 norasset
2317 4200 2456 4249 ettm,
2507 4196 2704 4239 cessate
2748 4185 2824 4240 vel
2887 4188 2975 4241 vix
3020 4188 3307 4258 aliquando
3348 4210 3379 4245 a
3427 4206 3597 4249 vestra

2017 4271 2366 4339 impudentia,
2407 4287 2775 4344 cognoscentes
2811 4278 2952 4347 quod
2974 4288 3192 4347 oportet.
3238 4278 3432 4336 Videtis
3454 4286 3594 4338 enim

2017 4364 2287 4418 hominum
2324 4368 2741 4434 sceleratissimi,
2772 4381 2971 4439 quanta
3000 4380 3317 4427 naturarum
3338 4385 3412 4429 est
3445 4378 3596 4447 diﬂ’e«

1948 4466 1992 4532 Ι)
2019 4456 2209 4519 rentia,
2241 4457 2382 4525 quod
2409 4457 2493 4509 Itic
2518 4459 2725 4523 quidem
2757 4461 3084 4529 stupefactus
3120 4475 3218 4526 est,
3251 4466 3375 4533 quia
3404 4478 3450 4521 et
3486 4486 3594 4523 meo

2023 4563 2136 4598 mor
2170 4563 2280 4601 esse
2315 4548 2539 4603 hominis
2576 4552 2846 4620 dignatur,
2886 4562 2935 4605 et
2960 4553 3173 4609 visitare
3212 4573 3350 4623 eum,
3376 4572 3593 4615 cauera—

2020 4654 2238 4707 rumque
2268 4642 2575 4708 participem
2618 4643 2811 4714 facere,
2857 4662 3079 4715 quarunt
3124 4662 3241 4700 eum
3286 4651 3592 4717 participem

2016 4731 2137 4797 fecit
2167 4748 2185 4785 .'
2228 4732 2316 4786 ille
2342 4751 2459 4788 vero
2491 4752 2516 4789 e
2544 4739 2813 4792 contrario
2854 4740 3103 4808 miratur,
3137 4741 3278 4806 quod
3322 4752 3592 4798 tantorum

2020 4822 2279 4891 particeps
2318 4841 2427 4879 esse
2464 4843 2625 4894 supra
2669 4844 2819 4883 suam
2857 4845 3103 4885 naturam
3146 4834 3338 4887 meruit
3377 4851 3397 4889 :
3427 4846 3476 4889 et
3509 4837 3595 4890 hic

2019 4915 2229 4981 quidem
2290 4927 2540 4988 tanquam
2599 4920 2907 4989 bene/icium
2948 4924 3082 4979 dans
3130 4927 3481 4996 miriﬁcatur,
3542 4939 3592 4984 et

2018 5022 2211 5075 magna
2249 5020 2532 5078 praestans,
2579 5022 2625 5066 et
2670 5030 2831 5081 supra
2856 5030 3107 5071 naturam
3145 5020 3259 5088 ejus
3284 5021 3373 5083 qui
3402 5038 3592 5074 conse-

2014 5098 2198 5168 quitur
2251 5101 2559 5170 benelicium
2607 5118 2626 5155 :
2678 5105 2768 5159 ille
2810 5124 2929 5162 vero
2977 5119 3226 5178 tanquam
3280 5112 3589 5181 beneﬁcium

2016 5204 2354 5260 consequens,
2404 5203 2452 5248 et
2500 5194 2735 5264 majora,
2783 5213 2940 5267 quam
2966 5208 3063 5265 est,
3101 5199 3165 5252 ab
3192 5214 3253 5253 eo
3275 5201 3587 5270 suscipiens.

2667 5321 2697 5360 ο
2706 5323 2943 5363 νωιωῧ.

2091 5412 2268 5470 Sobrii
2319 5425 2495 5472 estote
2536 5418 2581 5449 ³⁸
2629 5420 2766 5497 ebrii
2805 5435 2873 5475 ex
2908 5422 3035 5476 vino
3065 5436 3275 5489 eorum,
3324 5424 3590 5479 declamet

2018 5506 2216 5575 aliquis
2245 5506 2324 5562 sic
2352 5509 2665 5565 errantibus
2693 5532 2704 5565 :
2731 5529 2747 5563 ι
2775 5511 3013 5582 Impone,
3047 5514 3228 5579 homo,
3267 5523 3367 5569 tua:
3397 5513 3589 5583 lingue

2029 5684 2247 5764 “ipsa.
2271 5701 2320 5764 _t,
2351 5686 2438 5764 μ.
2482 5759 2515 5764 __
2551 5689 2761 5764 _”_Psal.
2797 5705 2903 5764 avi,
2930 5690 2991 5760 7;
3031 5708 3214 5758 (ειμι,
3245 5689 3315 5764 ὕβ
3348 5706 3492 5757 CXLI,
3518 5692 3571 5747 ei.

2478 5759 2565 5815 ⁸⁸1
2597 5760 2742 5817 Petr.
2776 5777 2825 5825 ν,
2859 5760 2911 5816 8.
