4132 6454
566 347 708 403 1M3

1603 343 1660 400 S.
1702 341 1978 400 CYltlLLl
2014 338 2484 398 ALEXANDRINI
2522 339 2841 397 ARClllEP.

3700 337 3840 395 1444

562 465 762 522 ostium
815 471 869 517 et
921 476 1094 518 seram
1134 462 1179 493 ³⁸
1214 480 1226 516 :
1263 474 1417 516 cessa
1465 475 1636 515 cornu
1699 461 1754 517 in
1807 461 2147 516 altitudinem
2180 465 2223 518 Α
2250 461 2384 513 duos
2419 460 2560 527 filios
2594 459 2848 514 dicemus.
2881 457 2988 514 Sed
3011 473 3126 512 ecce
3157 465 3204 511 et
3245 455 3420 510 Filius
3463 455 3638 510 dictus
3667 468 3743 510 est
3779 460 3834 510 in

563 553 851 618 extollens,
868 559 920 606 et
941 551 1164 620 loquens
1183 551 1526 621 iniquitatem
1546 553 1834 606 adversum
1857 553 2019 605 Deum
2041 551 2105 604 ³⁸.
2121 569 2138 601 s

565 644 862 712 Quousque
895 641 1126 697 insultas
1153 642 1378 711 patienti
1411 642 1672 697 Christo?
1704 641 1758 695 lu
1794 652 1973 696 mente
2006 641 2146 696 habe

563 736 707 804 quod
742 734 1004 803 scriptum
1044 742 1127 788 est
1158 749 1188 787 a
1213 733 1395 788 divino
1429 734 1594 790 Paulo
1629 753 1642 787 :
1689 753 1704 785 I
1747 733 1840 788 Sic
1871 748 1998 787 vero
2024 749 2148 802 pec-

565 837 758 879 cantes
786 827 837 879 in
879 825 1099 889 fratres,
1148 835 1203 879 et
1252 827 1619 894 percutientes
1649 839 1837 880 eorum
1873 824 2144 878 infirmam

566 917 979 984 conscientiam,
1037 917 1089 970 in
1145 916 1419 971 Christum
1471 918 1711 986 peccatis
1760 917 1826 970 ³⁷.
1889 936 1908 968 s
1968 916 2032 969 Et
2090 924 2147 969 ut

566 1008 768 1077 aliquid
821 1010 988 1064 etiam
1044 1024 1111 1064 ex
1171 1009 1506 1078 pr0pheticis
1565 1009 1759 1078 loquar
1819 1008 2142 1062 codicibus:

569 1120 590 1153 ι
624 1100 931 1157 iustificata
975 1112 1105 1156 sunt
1135 1100 1371 1156 Sodoma
1399 1117 1464 1156 ex
1499 1111 1570 1168 te,
1605 1103 1876 1170 superasti
1907 1113 2145 1169 pagano-

567 1210 686 1248 rum
718 1195 1101 1257 verbositates,
1151 1210 1288 1263 quas
1332 1193 1574 1248 fecerunt
1611 1203 1801 1247 contra
1836 1192 2141 1254 Christum,

563 1286 848 1342 stultitiam
921 1287 1296 1339 existimantes
1351 1301 1566 1339 crucem
1616 1285 1685 1348 ³⁸,
1743 1302 1761 1335 ι
1828 1283 1962 1337 nihil
2021 1296 2146 1337 esse

564 1380 847 1435 ostendisti
914 1376 1157 1432 Iudaicae
1222 1378 1489 1446 superbiae
1553 1377 1805 1432 crimina.
1870 1374 2146 1429 Minorare

561 1471 868 1540 przesumis,
912 1480 966 1524 et
1001 1470 1142 1538 quod
1170 1470 1236 1523 ad
1288 1480 1338 1522 te
1390 1470 1643 1538 pertinet,
1683 1467 1926 1540 detrahis
1961 1466 2027 1519 ad
2067 1467 2146 1519 iu—

563 1559 784 1613 famiam
830 1573 951 1612 eum
994 1559 1084 1627 qui
1138 1573 1404 1628 supernas
1453 1558 1608 1612 sedes
1642 1557 1923 1619 concedet,
1953 1567 2007 1609 et
2042 1571 2145 1610 una

561 1666 688 1705 cum
717 1650 824 1705 Deo
851 1660 904 1704 et
937 1649 1098 1703 Patre
1121 1650 1366 1703 eamdem
1395 1650 1576 1702 sedem
1617 1650 1797 1702 habet.
1836 1649 1969 1703 Eum
2000 1651 2144 1703 enim

563 1745 656 1812 qui
681 1759 746 1798 ex
770 1742 1000 1796 mortuis
1033 1741 1358 1807 resurrexit,
1393 1741 1444 1794 in
1475 1743 1695 1796 sedibus
1720 1743 1936 1796 deitatis
1956 1744 2147 1796 sedere

563 1835 696 1888 dicit
762 1833 1201 1902 sapientissimus
1259 1832 1481 1887 Paulus.
1536 1832 1683 1886 Dixit
1753 1835 1934 1898 enim,

567 1946 589 1979 ι
631 1926 790 1980 talem
831 1925 1090 1979 habemus
1123 1923 1420 1992 principem
1458 1925 1823 1987 sacerdotum,
1869 1924 1960 1992 qui
1997 1924 2149 1976 Sedet

564 2018 618 2072 in
662 2019 881 2070 dextera
927 2016 1072 2069 sedis
1129 2013 1434 2082 majestatis
1478 2015 1530 2068 io
1577 2015 1814 2070 excelsis
1843 2015 1908 2082 ³⁸,
1940 2014 2032 2082 (ιιιί
2062 2023 2146 2067 est

563 2124 728 2178 super
776 2123 991 2162 omnem
1028 2106 1420 2176 Principatum,
1477 2120 1531 2162 et
1559 2107 1914 2172 Potestatem,
1949 2117 2002 2160 et
2040 2106 2147 2162 Do-

565 2203 938 2266 minutionem,
975 2212 1028 2255 et
1064 2216 1258 2255 nomen
1289 2203 1430 2271 quod
1464 2203 1796 2265 nominatur,
1825 2216 1930 2254 non
1966 2200 2142 2253 solum

573 2295 626 2348 in
659 2294 760 2348 hoc
795 2293 1015 2358 saeculo,
1058 2293 1150 2346 sed
1200 2303 1254 2344 et
1294 2293 1345 2345 in
1386 2293 1566 2345 futuro
1599 2290 1665 2344 ⁸⁸.
1700 2290 1959 2345 Flectitur
2002 2291 2148 2344 enim

567 2385 618 2438 ei
651 2398 809 2438 omne
854 2397 1016 2452 genu,
1065 2391 1121 2435 et
1172 2382 1352 2435 omnis
1410 2381 1590 2452 lingua
1649 2383 1956 2448 confitetur,
2007 2381 2149 2449 quod

569 2474 828 2528 Dominus
862 2472 1026 2525 Jcsus
1065 2472 1314 2525 Christus
1346 2471 1594 2540 ingloria
1629 2481 1712 2526 est
1752 2473 1841 2526 Dei
1874 2472 2050 2526 Patris
2079 2471 2145 2524 "‘.

567 2566 634 2620 Et
661 2565 784 2632 quis
825 2572 907 2616 est
953 2563 1044 2631 qui
1081 2564 1134 2615 in
1173 2561 1257 2615 his
1298 2572 1382 2615 est
1417 2571 1675 2630 tanquam
1721 2563 1902 2616 Deus?
1946 2562 2144 2616 lterum

565 2656 706 2708 idem
748 2654 861 2723 ipse
906 2651 1236 2720 explanavit,
1269 2652 1357 2720 qui
1387 2651 1505 2718 ejus
1537 2652 1922 2722 mysteriorum
1952 2667 2140 2706 sacer-

563 2747 663 2799 dos
703 2752 805 2797 est.
853 2742 1000 2796 Dixit
1025 2743 1190 2805 enim,
1221 2743 1361 2809 quod
1398 2759 1415 2792 ι
1450 2742 1756 2796 exinauivit
1781 2743 2040 2811 seipsum,
2084 2742 2138 2797 in

563 2833 917 2888 similitudine
962 2832 1201 2886 hominis
1249 2831 1426 2886 factus
1475 2843 1577 2895 est,
1628 2841 1683 2887 et
1735 2833 1786 2886 in
1837 2832 2022 2886 habitu
2067 2833 2150 2886 in-

563 2933 759 2980 ventus
786 2935 1045 2994 tanquam
1101 2925 1302 2978 homo:
1345 2934 1397 2978 et
1433 2924 1742 2978 humiliarit
1797 2925 2034 2994 seipsum
2070 2925 2148 2978 fac

565 3027 685 3070 ctus
716 3016 974 3070 obediens
1025 3031 1197 3084 USQIIC
1249 3017 1314 3069 ad
1367 3029 1638 3082 mortem,
1695 3022 1921 3070 mortem
1967 3026 2145 3072 autem

565 3108 746 3161 crucis
771 3107 836 3159 δ’.
875 3106 1137 3161 Flectitur
1185 3108 1347 3176 igitur
1386 3123 1548 3161 omne
1577 3123 1717 3178 genu
1753 3107 2054 3164 caelestium
2088 3117 2144 3162 et

567 3199 911 3254 terresuium
955 3209 1009 3253 et
1043 3201 1343 3254 inferorum
1376 3200 1424 3254 ci
1461 3200 1550 3269 qui
1587 3215 1805 3254 crucem
1839 3199 2138 3254 sustinuit:

564 3305 727 3359 quem
769 3291 916 3358 puris
961 3300 1013 3344 et
1052 3289 1181 3343 solis
1213 3290 1567 3344 humanitatis
1596 3291 1866 3345 mensuris
1894 3291 2144 3359 injiciens

565 3381 939 3444 adversarius,
999 3382 1314 3435 memoriam
1359 3390 1412 3434 et
1462 3381 1828 3435 visitationem
1877 3381 2142 3435 meruisse

570 3472 700 3526 dicit
731 3486 758 3524 a
795 3471 901 3525 Deo
931 3472 1128 3534 Verbo,
1157 3486 1278 3524 cum
1309 3480 1457 3525 certe
1485 3482 1699 3540 oportet
1731 3475 1872 3526 scire
1900 3481 1953 3526 et
1982 3489 2140 3543 sape-

573 3578 651 3625 re,
689 3563 828 3631 quod
861 3578 965 3615 non
991 3564 1126 3615 alter
1148 3561 1290 3616 Deus
1329 3563 1564 3618 Verbum
1591 3573 1711 3617 erat
1742 3573 1938 3633 praeter
1962 3565 2137 3632 ipsum

570 3654 740 3708 Filius
779 3655 1069 3722 separatim
1121 3664 1175 3706 et
1227 3669 1321 3723 per
1373 3665 1604 3722 partem,
1658 3656 1748 3722 qui
1807 3672 1874 3709 ex
1934 3657 2142 3710 semine

575 3744 762 3808 David,
796 3745 936 3798 sicut
983 3744 1131 3808 dicit,
1185 3745 1387 3797 homo:
1428 3744 1521 3797 sed
1579 3756 1698 3798 erat
1757 3745 1871 3814 ipse
1915 3759 1979 3799 ex
2034 3745 2144 3799 Deo

569 3833 728 3888 Patre
763 3833 904 3888 Deus
951 3835 1207 3896 Verbum,
1257 3834 1430 3888 factus
1469 3836 1766 3889 secundum
1811 3851 1932 3899 nos,
1979 3836 2142 3891 homo

565 3925 838 3987 videlicet,
871 3934 922 3977 et
962 3941 1064 3978 non
1101 3926 1264 3978 alium
1295 3927 1586 3993 quemdam
1627 3927 1806 3996 magis
1855 3943 2016 3996 quam
2054 3943 2142 3982 se-

570 4017 744 4086 ipsqu
775 4016 1080 4069 visitatione
1105 4025 1158 4069 et
1185 4017 1442 4069 memoria
1467 4017 1712 4085 dignaris.

1044 4153 1098 4207 8.
1135 4150 1199 4204 Et
1222 4169 1286 4205 ea:
1314 4153 1494 4206 eodem
1527 4153 1681 4206 libro.

1184 4281 1520 4321 TllEODORUS.

634 4402 1058 4469 Cessabuutjam
1081 4401 1144 4453 ab
1169 4403 1469 4468 impudente
1503 4418 1676 4470 pugna
1699 4403 1723 4456 7
1745 4402 1990 4454 desistent
2022 4420 2140 4457 vero

566 4511 698 4548 rana
724 4493 1077 4554 contentione,
1108 4493 1469 4546 erubescentes
1493 4495 1761 4546 dictorum
1789 4493 2140 4547 evidentiam?
2173 4527 2216 4582 ι)

565 4586 764 4641 Multos
801 4587 963 4648 enim,
988 4586 1134 4650 dicit,
1162 4585 1305 4648 ﬁlios
1338 4587 1389 4638 in
1425 4587 1646 4654 gloriam
1677 4587 1968 4640 ducentem.
2005 4585 2138 4640 Ecce

565 4680 730 4749 igitur
772 4679 826 4730 in
873 4678 1077 4731 ratione
1125 4677 1400 4744 ﬁliationis
1447 4694 1828 4732 connumerans
1860 4679 2144 4747 Apostolus

564 4780 776 4838 apparet
811 4779 1135 4837 assumptum
1171 4770 1435 4822 Immineat
1469 4770 1694 4834 creteris,
1721 4786 1823 4822 non
1853 4772 2138 4824 secundum

564 4861 700 4931 quod
737 4860 981 4912 similiter
1027 4857 1133 4910 illis
1164 4857 1447 4926 ﬁliatioais
1494 4858 1757 4926 particeps
1796 4868 1893 4922 est,
1942 4861 2031 4911 sed
2054 4875 2138 4910 se-

563 4951 789 5005 cundum
829 4949 970 5018 quod
999 4949 1247 5002 similiter
1270 4950 1498 5016 gratiam
1523 4948 1810 5016 assumpsit
1837 4948 2134 5016 filiationis,

562 5041 758 5094 deitate
793 5041 906 5093 sola
941 5039 1237 5093 naturalem
1267 5039 1574 5107 filiationem
1595 5040 1910 5108 possidente.
1928 5039 2136 5092 Certant

563 5133 704 5185 enini
737 5141 818 5185 est
848 5132 1003 5198 illud,
1039 5133 1178 5200 quod
1203 5132 1480 5201 [iliationis
1500 5133 1667 5200 gloria
1699 5141 1894 5201 praeter
1923 5141 2138 5185 ca'teros

560 5225 796 5277 homines
839 5225 967 5276 inest
1004 5223 1051 5274 ei
1087 5224 1350 5290 prwcipue
1395 5239 1486 5291 per
1528 5224 1781 5274 raritatem
1820 5237 1938 5290 quce
1963 5232 2036 5273 est
2067 5221 2134 5272 ad

560 5315 728 5366 illum.
766 5312 914 5367 Unde
953 5323 1000 5366 et
1040 5314 1095 5365 in
1143 5313 1257 5379 ipsa
1289 5329 1413 5366 voce
1451 5311 1782 5381 signiﬁcante
1817 5310 2037 5374 Filium,
2069 5311 2136 5363 si-

540 5398 760 5459 militer
787 5407 947 5460 etiam
990 5403 1080 5458 ille
1115 5405 1593 5472 comprehenditur.
1649 5403 1754 5459 Sed
1780 5405 2134 5457 sermocinan-

563 5506 647 5548 tur
695 5497 763 5548 ad
798 5510 928 5549 nos:
973 5494 1031 5549 Si
1055 5500 1159 5548 duo
1186 5495 1418 5565 perfecta
1447 5495 1624 5548 dicitis
1671 5495 1813 5547 omni
1859 5494 2035 5556 modo,
2085 5503 2132 5545 et

634 5674 676 5702 ³⁸
705 5671 842 5726 I‘sal.
879 5689 1002 5734 est,
1047 5673 1099 5726 ‘5.
1170 5673 1211 5705 “
1236 5688 1418 5734 uxw,
1447 5671 1498 5738 5,
1533 5673 1594 5728 6.

1667 5671 1746 5724 "I
1780 5673 1905 5725 Cor.
1937 5688 2056 5733 vm,
2090 5670 2177 5733 ll,
2215 5671 2300 5724 12.

595 5755 634 5806 ι,
665 5743 755 5796 2|.
833 5744 873 5775 “
903 5743 1132 5818 Philipp.
1164 5759 1223 5809 tt,
1259 5743 1460 5810 10,11.
1541 5743 1583 5825 ξ’
1613 5743 1744 5799 ibid.
1778 5745 1828 5809 7,
1861 5743 1911 5796 8.
1991 5742 2222 5804 "Joan.
2247 5758 2284 5805 ι,
2321 5743 2404 5798 l-i.
2485 5745 2717 5817 “diem,
2751 5763 2846 5813 xu,
2886 5751 2935 5804 1.

2247 551 2426 605 divina
2469 551 2751 617 Scriptura
2797 567 2890 620 per
2941 551 3195 618 seipsum,
3249 551 3531 604 divinitate
3585 559 3827 618 excepta,

2249 644 2458 697 cwteris
2503 644 2800 696 hominibus
2837 652 3265 707 connumeratus,
3323 651 3368 695 et
3423 657 3526 694 non
3556 641 3673 709 jam
3700 643 3834 694 duos

2247 730 2470 783 dicimus
2511 729 2671 798 filios.
2728 729 2875 784 Uade
2915 747 3034 786 vero
3088 728 3259 784 Filius
3301 731 3354 783 in
3395 731 3722 798 confessione
3755 743 3832 784 est

2240 821 2407 890 juste,
2450 823 2699 888 quoniam
2756 832 3067 876 naturarum
3097 823 3285 876 divisio
3338 824 3639 876 necessario
3683 813 3835 876 debet

2247 927 2570 978 permanere,
2627 922 2673 966 et
2725 928 2961 981 persona:
3020 914 3192 968 unitio
3231 914 3617 983 indissipabilis
3649 924 3834 969 custo-

2245 1001 2373 1054 diri.

2892 1133 3171 1175 CYRILLUS.

2321 1245 2480 1317 Papae
2515 1247 2821 1303 insaniam!
2863 1247 3138 1320 lgnoravit
3181 1249 3528 1303 omnifariam
3579 1248 3826 1302 altitudi-

2249 1355 2370 1395 nem
2403 1341 2644 1411 mysterii
2683 1341 2909 1405 Christi,
2947 1342 3039 1410 qui
3091 1343 3163 1395 ita
3203 1341 3415 1410 frigidis
3442 1350 3496 1394 et
3528 1342 3830 1410 puerilibus

2247 1431 2427 1486 verbis
2458 1430 2694 1486 conlisus
2731 1441 2834 1486 est.
2883 1431 3037 1496 Quod
3089 1441 3270 1485 autem
3315 1441 3371 1486 et
3412 1432 3606 1500 prolati
3641 1432 3827 1501 scripti

2249 1524 2499 1577 virtutem
2539 1522 2760 1577 minime
2817 1523 3090 1592 intelligit,
3133 1534 3339 1578 rectam
3398 1537 3526 1578 vero
3571 1523 3827 1578 semitam

2249 1615 2504 1677 declinat,
2547 1623 2601 1668 et
2644 1613 2973 1669 transfertur
3017 1616 3212 1668 iterum
3263 1616 3314 1669 in
3362 1615 3687 1670 sceleratam
3727 1615 3828 1668 sibi

2251 1707 2588 1777 propositam
2642 1708 3024 1771 intentionem,
3084 1709 3270 1762 statim
3329 1707 3615 1763 docemus.
3674 1707 3828 1773 Quod

2001 1833 2144 1901 quod
2178 1807 2219 1860 Β
2249 1800 2392 1853 enim
2421 1810 2548 1854 ante
2583 1801 2767 1854 omnia
2810 1801 3047 1855 studium
3084 1801 3132 1855 ei
3174 1811 3278 1864 est,
3311 1817 3506 1870 purum
3538 1801 3698 1856 nobis
3735 1803 3835 1854 ho-

2253 1889 2454 1944 minem
2485 1891 2622 1945 velle
2645 1893 3030 1946 demonstrare
3071 1906 3450 1947 consessorem
3477 1893 3647 1960 Patri,
3681 1903 3738 1947 et
3765 1894 3831 1947 ab

2253 1982 2505 2036 universa
2537 1993 2792 2037 creatura
2832 1994 3088 2053 tanquam
3127 1985 3293 2038 Deum
3321 1985 3678 2051 adorandum,
3713 1986 3833 2054 ipse

2250 2071 2406 2126 testis
2447 2072 2803 2142 ingredietur.
2829 2073 2926 2128 llis
2969 2076 3114 2129 enim
3145 2075 3235 2144 qui
3273 2077 3568 2130 secundum
3595 2077 3829 2144 gratiam

2251 2161 2347 2216 ﬁlii
2395 2173 2562 2230 sunt,
2613 2173 2668 2218 et
2721 2165 2969 2219 humana:
3037 2165 3369 2220 multitudini
3427 2181 3833 2221 connumerans

2249 2267 2394 2316 eum,
2435 2252 2595 2308 Verbi
2622 2255 2877 2310 deitatem
2905 2257 3074 2311 solam
3113 2273 3255 2311 vera:
3287 2257 3568 2312 liliationis
3600 2258 3830 2328 gloriam

2251 2347 2452 2401 habere
2495 2348 2794 2415 contendit,
2840 2365 2974 2418 pene
3017 2352 3183 2404 etiam
3233 2352 3522 2421 increpans
3561 2367 3684 2406 eum
3739 2352 3831 2420 qui

2251 2449 2473 2509 pr0pter
2494 2455 2591 2496 nos
2622 2441 3051 2496 exinanitionem
3086 2442 3195 2510 pati
3233 2441 3406 2496 voluit
3441 2463 3454 2497 :
3491 2444 3574 2496 vel
3602 2442 3831 2496 forsitan

2249 2532 2412 2613 etiam
2465 2533 2734 2602 objiciens
2786 2533 3130 2588 inhonestam
3173 2550 3327 2589 suam
3378 2535 3705 2588 dementiam
3745 2536 3832 2586 di-

2249 2622 2461 2693 scipulo
2502 2624 2706 2679 dicenti
2739 2642 2752 2679 :
2792 2642 2810 2676 ‹
2847 2624 2912 2678 Et.
2939 2624 3174 2680 Verbum
3207 2641 3335 2681 caro
3368 2626 3566 2681 factum
3601 2636 3680 2681 est
3706 2626 3775 2678 ⁸³.
3804 2644 3823 2676 s

2251 2713 2543 2770 Sciendum
2578 2714 2741 2783 igitur
2777 2715 2944 2784 quod,
2976 2715 3100 2771 licet
3123 2733 3311 2786 .unum
3345 2716 3540 2771 alicubi
3568 2717 3735 2780 dicat,
3777 2726 3833 2770 et

2250 2819 2354 2857 non
2393 2805 2566 2875 magis
2596 2806 2737 2860 duos
2761 2807 2933 2871 ‘lilios,
2969 2807 3195 2875 ejiciens
3224 2809 3445 2863 omnino
3491 2823 3611 2862 esse
3655 2809 3821 2862 Deum

2249 2904 2304 2948 et
2335 2894 2529 2949 Filium
2556 2912 2703 2964 eum,
2748 2899 2838 2968 qui
2875 2899 3018 2954 sicut
3047 2901 3160 2969 ipse
3185 2899 3334 2964 dicit,
3383 2900 3448 2953 de
3495 2899 3700 2954 semine
3741 2909 3826 2953 est

2252 2987 2461 3052 David;
2522 2987 2588 3042 ad
2641 2989 2816 3042 solum
2880 2990 3048 3044 refert
3101 2991 3270 3045 Deum
3320 2989 3560 3045 Verbum
3615 2991 3706 3059 qui
3761 3005 3830 3044 ex

2253 3077 2366 3132 Deo
2397 3077 2559 3134 Patre
2601 3090 2708 3144 est,
2761 3097 2902 3136 verte
2949 3083 3227 3138 filiationis
3273 3083 3526 3153 gloriam.
3559 3083 3670 3138 lloc
3703 3098 3833 3138 vero

2172 3161 2215 3218 C
2251 3170 2383 3223 nihil
2437 3171 2582 3226 aliud
2629 3182 2737 3236 est,
2794 3174 2937 3229 sicut
2993 3176 3125 3239 dixi,
3183 3191 3339 3245 quam
3393 3191 3499 3230 non
3556 3179 3832 3246 suscipere

2251 3263 2471 3316 modum
2531 3263 2885 3320 humanitatis
2934 3285 2947 3322 :
3009 3268 3232 3321 omnino
3287 3278 3466 3323 autem
3519 3269 3833 3324 interimere

2251 3353 2733 3422 dispensationem,
2775 3371 2871 3425 per
2902 3373 3063 3426 quant
3095 3367 3149 3413 et
3195 3358 3329 3413 salvi
3361 3358 3488 3414 facti
3518 3375 3728 3422 sumus,
3769 3372 3824 3414 et

2250 3458 2481 3501 mortem
2526 3456 2581 3501 et
2630 3457 2914 3516 peccatum
2975 3450 3366 3518 transivimus,
3426 3460 3484 3506 et
3541 3451 3828 3508 diabolica:

2249 3537 2493 3592 avaritiae
2526 3537 2714 3609 jugum
2741 3540 3110 3610 deposuimus.

2756 3675 2809 3730 9.
2843 3675 2928 3731 Ex
2961 3679 3142 3731 eodem
3176 3677 3330 3733 libro.

2871 3828 3204 3870 THEODORUS.

2323 3947 2492 4002 Nemo
2520 3949 2749 4014 artificio
2783 3951 3249 4018 iuterrogationuut
3285 3952 3600 4019 decipiatur.
3639 3952 3829 4024 Flagi-

2248 4041 2441 4094 tiosuut
2481 4041 2622 4093 enim
2659 4050 2766 4103 est,
2818 4041 3074 4106 deponere
3119 4044 3327 4112 quidem
3371 4053 3571 4097 tantam
3619 4046 3827 4098 testium

2248 4134 2466 4198 nubem,
2509 4133 2794 4185 secundum
2829 4133 2968 4202 quod
3015 4135 3294 4202 Apostolus
3339 4135 3474 4188 dixit
3518 4136 3601 4201 “,
3639 4140 3828 4189 astutia

2247 4230 2419 4273 autem
2489 4222 2992 4300 interrogtyionibus
3070 4226 3341 4292 deceptos,
3407 4225 3825 4279 adversariorum

2246 4314 2382 4380 parti
2412 4313 2681 4382 conjungi.
2719 4315 2851 4378 Qua:
2882 4333 2997 4370 vero
3025 4327 3166 4381 sunt,
3193 4335 3307 4387 qua:
3346 4335 3464 4370 cum
3511 4328 3627 4372 arte
3666 4319 3826 4371 inter-

2247 4404 2469 4471 rogant?
2511 4403 2754 4459 Hominis
2799 4408 3029 4475 genitria:
3070 4407 3269 4473 Maria,
3312 4426 3378 4461 an
3428 4409 3524 4462 Dei
3554 4409 3823 4478 genitrix?

2246 4492 2336 4557 Et,
2368 4496 2456 4563 qui
2489 4485 2771 4564 cruciﬁxus
2800 4509 2910 4562 est,
2940 4509 3116 4551 utrum
3165 4499 3306 4554 Deus
3327 4540 3342 4564 ,
3389 4517 3457 4554 an
3489 4501 3687 4554 homo?
3718 4499 3823 4554 Sed

2245 4583 2464 4636 istorum
2505 4586 2712 4654 quidem
2748 4597 2889 4640 certa
2937 4599 3012 4642 est
3061 4589 3317 4643 absolutio
3355 4601 3404 4645 et
3449 4607 3513 4644 ea:
3566 4592 3646 4644 Itis
3705 4608 3820 4658 quis

2240 4676 2584 4743 prtedixintus
2643 4678 2700 4731 in
2753 4683 3048 4748 responsis,
3103 4698 3220 4750 quae
3265 4684 3336 4735 ad
3386 4684 3818 4753 interrogationes

2242 4766 2456 4836 fuerunt
2488 4783 2506 4822 :
2535 4778 2710 4823 tamen
2739 4787 2855 4824 vero
2879 4771 3112 4836 dicatur,
3147 4783 3194 4826 et
3217 4773 3331 4841 jam
3359 4790 3512 4837 nunc,
3537 4791 3655 4843 qum
3680 4791 3818 4826 com-

2239 4860 2484 4926 pendiose
2534 4864 2846 4929 respondere
2887 4873 3123 4930 oportet.
3185 4874 3241 4917 ut
3287 4866 3435 4918 nulla
3490 4867 3565 4919 eis
3615 4866 3816 4918 occasio

2241 4951 2454 5004 astutia:
2483 4952 2828 5022 relinquatur.
2854 4954 2986 5008 Cum
3018 4955 3181 5024 igitur
3214 4957 3557 5026 interrogant,
3591 4959 3817 5011 hominis

2239 5043 2490 5109 genitrix,
2517 5061 2586 5097 an
2610 5045 2708 5098 Dei
2730 5047 2959 5115 genitria:
2984 5056 3059 5099 est
3090 5045 3268 5100 Maria
3295 5047 3317 5086 ⁷
3340 5049 3552 5100 dicatur
3581 5066 3612 5101 a
3646 5050 3814 5109 nobis,

2241 5131 2474 5201 Utraque
2505 5150 2524 5187 :
2571 5151 2732 5187 unum
2784 5137 2993 5205 quidem
3051 5147 3246 5191 natura
3288 5139 3378 5202 rei,
3426 5137 3648 5190 alterum
3700 5154 3814 5191 vero

2239 5227 2514 5280 relatione.
2571 5226 2816 5282 Hominis
2860 5231 2997 5284 enim
3047 5233 3281 5302 genitria:
3325 5241 3402 5284 est
3451 5233 3810 5293 naturaliter,

2238 5315 2485 5381 quoniam
2515 5316 2668 5370 homo
2695 5330 2808 5372 erat
2843 5321 2899 5374 in
2931 5331 3077 5375 utero
3105 5321 3319 5386 Marias,
3347 5323 3438 5390 qui
3465 5333 3512 5375 et
3542 5323 3664 5374 inde
3691 5339 3814 5387 pro-

2238 5404 2390 5456 cessit
2424 5419 2442 5456 :
2473 5403 2569 5457 Dei
2615 5417 2788 5460 autem
2837 5411 3095 5478 genitrix,
3135 5411 3382 5478 quoniam
3417 5410 3559 5464 Deus
3607 5420 3717 5462 erat
3761 5413 3813 5463 in

2237 5495 2447 5550 nomine
2501 5507 2658 5564 nato,
2712 5516 2813 5553 non
2859 5505 2914 5554 in
2961 5518 3020 5557 eo
3073 5504 3493 5573 circumscriptus
3531 5506 3812 5558 secundum

2379 5673 2422 5704 ³⁸
2448 5673 2642 5749 Bacch.
2677 5692 2786 5740 xvr,
2825 5677 2912 5732 52.
2994 5679 3036 5712 ³⁹
3064 5679 3226 5738 Hebr.
3259 5694 3375 5747 Vm,
3408 5681 3458 5735 l.
3539 5683 3582 5714 ⁵⁸
3607 5681 3807 5749 Ephes.
