4066 6450
218 330 254 386 i
276 330 371 385 £45
1432 315 1855 373 FRAGMENTA
1896 313 2314 369 DOGMATICA.
3342 307 3480 365 1446

221 464 501 512 staturam,
532 445 621 500 sed
649 442 786 515 quod
822 441 875 495 in
906 455 967 493 eo
995 447 1070 493 est
1106 438 1389 492 secundum
1424 439 1672 506 affectum
1722 453 1810 491 vo-

2552 444 2831 486 CVBILLUS.

219 543 470 597 luntatis.
506 538 691 606 Itaque
721 542 937 602 utraque
963 531 1174 600 quidem
1206 531 1310 582 dici
1330 530 1538 597 justum
1569 538 1667 592 est,
1704 544 1806 580 non

220 644 407 687 antem
439 630 721 683 secundum
760 622 983 677 similem
1021 624 1295 675 rationem.
1342 620 1451 673 Nec
1497 621 1633 673 enim
1668 623 1803 673 sicut

222 727 385 777 homo
420 722 470 773 in
506 728 652 772 utero
683 726 737 770 ut
766 725 897 770 esset
924 714 1146 782 suscepit
1196 712 1429 773 initium,
1457 712 1533 764 sic
1571 719 1623 763 et
1667 710 1806 764 Deus

239 813 489 868 Verbum.
533 807 666 861 Erat
699 808 837 860 enim
864 814 987 860 ante
1017 820 1220 857 omnem
1250 811 1568 855 creaturam.
1616 800 1806 872 Itaque

224 914 279 959 et
303 911 525 971 utraque
547 899 649 952 dici
664 898 873 966 justum
906 906 1003 958 est,
1032 904 1080 948 et
1110 903 1383 962 utrumque
1412 909 1594 947 eorum
1622 908 1807 945 secun-

228 999 356 1049 dum
380 993 645 1063 propriam
674 989 954 1043 rationem.
986 984 1136 1039 Idem
1172 995 1347 1039 autem
1392 986 1805 1053 respondendum

228 1099 279 1141 et
324 1088 369 1140 si
422 1088 769 1152 interrogant,
799 1079 951 1133 ‘Deus
1005 1078 1288 1144 cruciﬁxus
1342 1088 1439 1142 est,
1489 1094 1558 1131 an
1609 1077 1806 1130 homo?

230 1178 375 1249 quod
402 1185 622 1244 utraque
648 1173 882 1241 quidem,
914 1186 1017 1223 non
1051 1179 1221 1222 autem
1249 1169 1534 1221 secundum
1589 1167 1806 1223 similem

234 1271 511 1325 rationem.
548 1265 687 1319 Nam
722 1265 806 1317 hic
844 1263 1048 1334 quidem
1090 1259 1373 1328 cruciﬁxus
1415 1268 1513 1323 est,
1550 1267 1726 1326 utpote
1756 1266 1805 1311 et

233 1361 528 1431 passionem
558 1358 863 1425 suscipiens,
895 1365 942 1409 et
976 1356 1116 1423 ligno
1151 1353 1358 1423 a/ﬁxus,
1397 1361 1447 1404 et
1493 1351 1558 1404 ab
1601 1348 1805 1403 Judtcis

232 1456 475 1507 detentus
499 1468 519 1504 :
554 1450 642 1504 ille
665 1458 866 1514 autem,
904 1446 1043 1517 quod
1082 1455 1191 1500 erat
1222 1459 1340 1498 cum
1379 1443 1489 1511 ipso
1519 1442 1805 1496 secundum

230 1541 541 1614 pradictam
567 1554 804 1593 causam.

1978 564 2244 618 Insaniam
2280 563 2440 630 igitur
2466 575 2588 616 esse
2625 562 2793 624 dicis,
2823 560 2960 615 velle
2994 574 3185 630 sapere
3214 568 3393 625 recte,
3425 568 3482 615 et

1904 657 1961 712 itt
1995 666 2175 711 mente
2208 656 2406 710 habere
2434 668 2616 707 veram
2649 663 2705 707 et
2737 663 2934 708 rectam
2968 663 3022 707 et
3058 652 3475 707 inadulteratam

1909 747 2111 801 ﬁdem?
2145 761 2268 800 cum
2318 755 2466 800 certe
2516 745 2702 813 plenos
2752 759 3030 799 sermones
3072 744 3297 797 insaniae
3336 744 3481 798 dicat

1907 836 2103 905 aliquis
2135 850 2276 900 esse,
2326 846 2381 889 et
2418 834 2578 889 valde
2619 834 2833 897 merito,
2862 849 2956 888 eos
2996 835 3086 902 qui
3136 832 3475 902 unigenitum

1911 925 2004 980 Dei
2034 925 2269 980 Verbum
2314 926 2581 996 abnegant
2632 925 2998 979 introductum
3049 940 3168 980 esse
3212 940 3242 978 a
3288 924 3395 979 Deo
3428 935 3485 978 et

1907 1018 2068 1073 Patre
2093 1019 2144 1072 in
2178 1018 2361 1072 orbem
2400 1029 2664 1072 terrarum
2695 1031 2815 1071 eum
2845 1016 3018 1071 factus
3045 1028 3128 1070 est
3161 1015 3484 1083 homoYQul

1907 1111 2051 1166 enim
2128 1108 2420 1164 secundum
2504 1118 2748 1162 naturam
2824 1117 2877 1161 et
2942 1107 3300 1162 dill'ereutlam
3365 1106 3484 1162 aliis

1906 1202 2157 1257 omnibus
2208 1200 2453 1268 superior
2500 1207 2614 1265 est,
2665 1200 2915 1268 quoniam
2970 1208 3053 1254 est
3110 1207 3323 1253 creator
3391 1212 3487 1252 eo-

1906 1310 2061 1360 rum,
2105 1304 2161 1348 et
2209 1302 2414 1346 tantum
2459 1292 2540 1347 eis
2583 1290 3012 1345 substantialiter
3057 1292 3307 1360 superior
3367 1302 3485 1358 est,

1908 1385 2279 1456 superpositus
2349 1393 2480 1446 est,
2548 1392 2810 1451 quantum
2878 1390 2961 1435 est
3034 1384 3211 1435 minor
3276 1381 3485 1436 factura

1909 1478 2138 1539 factore,
2186 1476 2462 1544 ingressus
2501 1482 2585 1527 est
2629 1473 2680 1525 in
2723 1470 2909 1525 orbem
2960 1481 3228 1524 terrarum
3272 1472 3487 1540 quando

1910 1568 2210 1637 appellatus
2251 1575 2333 1621 est
2364 1580 2487 1636 pars
2514 1565 2652 1634 ejus,
2681 1564 2975 1619 secundum
3014 1565 3157 1634 quod
3192 1567 3353 1619 homo
3384 1579 3486 1633 ap-

878 1663 1157 1707 CYRILLUS.
1909 1659 2108 1728 paruit.

301 1763 528 1833 Insuper
567 1773 745 1818 autem
777 1763 861 1818 his
893 1763 1058 1817 inl‘ert
1094 1760 1278 1817 statim
1306 1759 1631 1829 procedens,
1665 1754 1807 1826 quod
1843 1767 1886 1826 Β
1988 1772 2054 1826 Et
2089 1780 2203 1840 ροει
2257 1787 2449 1840 pauca,
2508 1768 2676 1825 Miror
2735 1784 2862 1824 νει-ο
2919 1769 3290 1823 adversarium
3348 1768 3486 1824 sui-

232 1857 529 1913 CNCiliXllS
561 1858 720 1910 homo
754 1865 872 1909 erat
924 1853 1129 1908 habens
1167 1852 1335 1907 Deum
1386 1845 1803 1905 inﬁabitantem.
1912 1864 2105 1932 psisse’
2137 1864 2278 1932 quod
2308 1876 2583 1930 nunqualn
2609 1861 3039 1930 conjunclionem
3066 1864 3129 1916 ad
3158 1862 3321 1916 Deum
3348 1860 3487 1915 vcr-

306 1949 506 2003 Ῐιεηυη
544 1946 754 2017 Cy'im-
784 1946 923 2013 QUid
951 1945 1109 2010 ("Cist
1154 1960 1187 1998 0
1216 1945 1391 2008 Τοτῑῖεν
1448 1942 1541 1996 Dei
1575 1940 1809 2012 εειιῖιτίι
1913 1955 2036 2008 bum
2066 1955 2349 2007 meruisset
2370 1962 2423 2007 et
2450 1952 2627 2016 Iesus,
2648 1954 2749 2006 nisi
2770 1954 2917 2023 prius
2942 1954 3312 2007 immaculatus
3345 1960 3490 2007 esset

232 2050 351 2093 erat
382 2052 571 2093 sancta
605 2038 786 2107 Virgo,
823 2038 962 2107 quod
1001 2046 1132 2091 nato
1160 2049 1225 2089 ex
1266 2035 1382 2105 ipsa
1425 2035 1565 2089 Dens
1610 2033 1807 2095 inerat,

1911 2044 2141 2097 effectus.
2164 2058 2261 2112 per
2318 2047 2648 2097 unctionem.
2683 2042 2813 2096 Nam
2857 2045 3073 2112 quidem
3105 2045 3339 2109 primum
3371 2044 3485 2096 dis-

233 2133 488 2187 habitans
554 2131 847 2186 secundum
930 2128 1102 2184 solum
1169 2126 1420 2181 all'ectum
1473 2123 1810 2179 voluntatis?

1911 2137 2082 2205 jungit
2104 2135 2748 2200 manifestecttliscernit,
2764 2146 2945 2203 aperte
2967 2137 3100 2188 duos
3114 2135 3298 2189 dicens
3321 2133 3483 2187 ﬁlios.

239 2221 402 2277 Istam
433 2237 554 2277 esse
598 2219 833 2276 allirmas
879 2219 1181 2274 unitatem?
1210 2219 1347 2288 Ergo
1389 2232 1510 2272 cum
1557 2216 1721 2270 etiam
1757 2215 1809 2268 in

1914 2230 2117 2283 Dei-nde
2144 2228 2305 2291 dit-at,
2339 2227 2557 2295 quando
2584 2228 2723 2280 sicut
2752 2228 2827 2280 ait
2859 2226 3234 2280 immaculatus
3264 2224 3489 2279 eﬂectus

237 2316 396 2370 nobis
424 2314 552 2383 ipsis
580 2313 911 2367 mansionem
970 2310 1130 2366 faciat
1179 2312 1319 2365 Deus
1361 2309 1629 2364 exsistens
1678 2306 1811 2360 Ver-
1913 2329 2017 2383 est,
2068 2328 2120 2371 (ιι
2165 2320 2229 2372 ad
2281 2316 2722 2372 Deum'verbum
2773 2318 3205 2386 coniunctionem
3258 2317 3499 2381 mem“,

235 2405 364 2459 bum
398 2404 683 2475 (inhabitat
712 2404 855 2457 enim
881 2402 1164 2455 animabus
1212 2409 1524 2455 sanctorum
1556 2413 1651 2467 per
1686 2413 1810 2451 san-

1915 2422 2093 2464 utrum
2128 2426 2191 2463 ex
2223 2410 2339 2478 ipso
2370 2420 2547 2472 utero,
2573 2418 2664 2461 aut
2691 2423 2812 2461 cum
2849 2408 3120 2460 tricesimo
3151 2421 3293 2460 anno
3322 2418 3487 2463 esset.

237 2509 385 2557 ctum
434 2494 739 2565 Spiritum).
790 2493 1169 2549 conﬁtearisne
1238 2492 1531 2545 secundm“
1579 2490 1809 2543 similem
1916 2501 2166 2556 Pervenit
2196 2501 2411 2568 quidem
2448 2500 2513 2552 ad
2545 2499 2859 2564 Jortlanem,
2892 2499 3138 2567 qumsivit
3171 2513 3298 2552 vero
3326 2499 3489 2551 etiam

238 2593 461 2646 modum
480 2590 641 2643 etiam
671 2587 937 2655 nosipsos
972 2585 1037 2638 ad
1075 2584 1250 2654 ipsum
1283 2583 1483 2637 habere
1513 2580 1814 2635 unitatem?
1915 2590 2137 2644 Joannis
2168 2590 2495 2658 baptismum
2528 2590 2593 2642 ιο.
2629 2588 2683 2642 Si
2719 2590 2934 2658 quidem
2966 2606 3030 2644 ex
3074 2600 3228 2644 utero
3274 2599 3493 2644 sanctus

238 2681 343 2739 Ubi
373 2682 538 2750 igitur
568 2678 883 2734 miraculum
930 2676 1173 2747 mysterii
1205 2675 1405 2730 CiliiSli
1453 2673 1682 2739 “Dic-iiii
1714 2673 1813 2725 θΙῘ·
1915 2691 2080 2745 esset,
2133 2680 2404 2749 quomodo
2449 2681 2578 2733 dicit
2618 2690 2865 2733 sanctum
2899 2680 3032 2734 ellici
3082 2696 3235 2743 eum,
3286 2688 3339 2735 et
3384 2696 3489 2734 non

238 2766 409 2843 quis?
440 2771 571 2826 Nam
621 2768 1055 2839 quandoquidem
1093 2766 1335 2821 creditur
1376 2765 1668 2819 secundum
1714 2776 1810 2816 nos

1916 2775 2087 2843 magis
2124 2773 2281 2827 esse?
2321 2772 2472 2839 Quod
2513 2771 2656 2825 enim
2701 2772 2901 2825 dicitur
2949 2772 3092 2836 lieri,
3135 2772 3357 2827 omnino
3398 2788 3493 2824 ne-

242 2867 410 2920 homo
439 2864 553 2918 ﬁeri
586 2861 725 2916 Deus
757 2859 1014 2925 Verbum,
1047 2856 1298 2912 mirabile
1332 2866 1415 2909 est
1458 2870 1586 2909 vere
1614 2863 1810 2923 myste-

1915 2880 2069 2919 cesse
2111 2873 2194 2918 est
2241 2865 2539 2933 intelligere
2584 2865 2725 2927 quod
2774 2879 2878 2917 nou
2931 2873 3047 2916 erat
3095 2864 3236 2931 quod
3292 2862 3490 2916 factum

240 2957 407 3022 rium,
441 2964 497 3009 et
522 2953 751 3007 miretur
779 2952 967 3020 utique
988 2948 1185 3019 aliquis
1222 2948 1323 3001 hoc
1353 2947 1547 2999 merito
1572 2955 1626 2999 et
1651 2944 1816 2997 vehe-
1916 2968 2019 3009 εει,
2057 2955 2151 3007 Si"
2182 2964 2360 3007 autem
2392 2962 2511 3006 erat
2552 2960 2771 3005 sanctus
2802 2966 3033 3020 semper,
3079 2963 3132 3004 ει
3166 2952 3268 3005 hoc
3297 2964 3402 3004 non
3438 2950 3492 3003 in

240 3054 474 3102 menlel‘.
509 3044 565 3099 Si
610 3052 789 3099 allici“
832 3044 883 3095 ill
911 3041 1131 3096 homine
1181 3039 1427 3093 habitare
1469 3038 1683 3092 diem“?
1728 3049 1815 3089 ⁸6·-
1843 3092 1883 3116 ﬂ
1920 3059 2161 3116 tempore
2191 3046 2365 3100 iactus
2396 3052 2500 3110 est,
2549 3045 2817 3113 quomodo
2857 3045 2985 3097 dicit
3029 3043 3288 3111 Spiritqu
3332 3055 3496 3111 super

1842 3092 1885 3150 C

240 3139 478 3193 cundum
506 3135 755 3191 aﬂectum
788 3132 1101 3199 voluntatis
1148 3132 1311 3187 aliam
1344 3131 1506 3185 habet
1551 3129 1813 3183 rationem
1843 3129 1885 3150 ν
1921 3155 2041 3193 eum
2075 3137 2372 3200 devolasse,
2403 3146 2455 3191 et
2497 3134 2881 3203 conjunctione
2930 3134 3149 3203 dignum
3187 3134 3359 3201 ipsum
3402 3134 3498 3186 de-

242 3241 334 3282 res
380 3225 821 3295 dispensationis.
884 3221 1178 3278 Meruimus
1226 3221 1403 3284 enim,
1456 3220 1599 3274 sicut
1649 3217 1810 3280 dixit,

1923 3239 2280 3291 monstrasse,
2325 3236 2380 3283 et
2425 3227 2697 3282 addidisse
2737 3226 2785 3279 ei
2834 3225 2976 3295 quod
3018 3224 3244 3278 deerat?
3288 3224 3352 3277 Et
3396 3225 3497 3277 hoc

240 3318 508 3387 ejusmodi
559 3317 806 3386 gratiam,
872 3315 962 3385 qui
1015 3314 1138 3377 lide,
1197 3328 1317 3383 quae
1375 3312 1428 3365 in
1489 3312 1661 3377 ipsum
1712 3318 1810 3373 est,

1921 3322 2064 3377 enim
2102 3322 2153 3374 in
2208 3322 2328 3374 aliis
2366 3321 2481 3375 suis
2531 3319 2709 3389 posuit
2752 3316 2924 3371 libris.
2975 3315 3112 3382 Quid
3156 3318 3300 3370 enim
3341 3324 3495 3380 erat,

242 3408 638 3478 splenduimus.
670 3406 787 3465 Non
827 3407 971 3461 enim
1002 3404 1198 3473 aliquis
1242 3404 1427 3473 utique
1469 3401 1637 3464 dicat,
1676 3400 1810 3469 quod

1921 3415 2067 3482 quod
2096 3414 2315 3465 omnino
2344 3412 2407 3465 ad
2453 3411 2935 3465 sanctiﬁcationem
2967 3410 3153 3463 deerat
3193 3408 3241 3462 ei
3284 3423 3348 3461 ex
3381 3409 3499 3474 ipso

245 3514 355 3555 που
396 3498 701 3554 νοιυηιδΐίθ
731 3498 873 3553 ille“
900 3495 1056 3550 οοδῖε
1085 3510 1100 3548 ³
1146 3493 1316 3562 magis
1346 3506 1474 3545 νθνο
1517 3491 1820 3544 “miliaria
1923 3515 2099 3563 utero,
2130 3503 2301 3569 magis
2330 3515 2458 3553 vero
2485 3510 2539 3554 et
2569 3509 2693 3552 ante
2724 3499 3018 3553 secundum
3050 3512 3267 3552 carnem
3300 3498 3498 3550 nativi-

243 3592 364 3647 sive
392 3591 686 3645 secundum
720 3589 1050 3643 voluntatem
1091 3586 1311 3640 insitam
1353 3583 1401 3637 ei
1445 3581 1514 3636 ad
1561 3597 1659 3636 "05
1690 3579 1820 3636 θαύ-
1924 3603 2087 3647 tatetn
2119 3602 2306 3646 sancto
2345 3600 2400 3645 et
2433 3589 2808 3653 immaculato,
2842 3599 2895 3641 et
2938 3588 3295 3642 sanctiﬁcanti
3344 3602 3498 3641 crea-

244 3692 394 3737 ctum
427 3681 653 3737 fecerat.
689 3681 795 3737 Sed
835 3694 933 3735 nec
967 3693 997 3733 a
1029 3693 1193 3733 carne
1220 3684 1423 3731 sancite
1452 3673 1689 3742 Virginis
1727 3673 1810 3726 ini-

1926 3684 2147 3739 turam?
2178 3682 2311 3737 Cum
2345 3682 2513 3752 igitur
2542 3681 2707 3746 dicat,
2743 3683 2887 3749 quod
2918 3695 3023 3732 non
3057 3680 3240 3745 utique
3269 3681 3499 3733 meruis-

247 3773 385 3827 ιίυω
418 3774 667 3828 θεὸθηιίω
696 3772 951 3827 habuisse
981 3768 1213 3824 diCimUS
1242 3767 1409 3821 Deum
1439 3764 1696 3847 Verbum;
1728 3762 1818 3831 ηυί
1923 3787 2002 3830 set
2054 3776 2211 3830 Jesus
2259 3774 2699 3843 conjunctionem
2751 3775 2817 3827 ad
2866 3772 3030 3826 Deum
3079 3771 3343 3835 Verbum,
3393 3772 3499 3825 nisi

246 3865 728 3922 cotlsubSlalIlialis
758 3874 841 3920 est
871 3863 1018 3917 Ρόιῐί
1052 3878 1067 3915 ε
1100 3870 1219 3916 Grai
1263 3860 1406 3915 enim
1456 3872 1669 3926 semper
1716 3870 1819 3908 “"3
1922 3867 2072 3936 prius
2119 3866 2494 3919 immaculatns
2543 3864 2769 3920 eﬂ‘ectus
2813 3874 2983 3929 esset,
3030 3863 3287 3932 plurimas
3335 3862 3496 3917 simul

246 3975 370 4015 cum
403 3974 469 4014 eo
502 3958 806 4014 subsistens
836 3975 850 4011 :
885 3956 1054 4025 magis
1082 3963 1263 4009 autem
1296 3950 1498 4006 scimus
1526 3948 1810 4004 secundum

1923 3957 2298 4012 accusationes
2341 3956 2601 4009 adversus
2642 3970 2740 4009 sua
2786 3954 2971 4009 scribit
3004 3954 3330 4022 vaniloquia.
3363 3952 3498 4008 Nam

249 4065 353 4106 nos
397 4049 599 4104 factum
647 4063 769 4103 esse
809 4047 1104 4102 hominem
1150 4044 1334 4111 ιιειιιιιθ
1381 4050 1490 4095 iam
1532 4039 1676 4107 Ῑυειθ
1725 4035 1821 4091 Dei
1927 4050 2157 4117 primum
2188 4048 2401 4116 quidem
2436 4047 2749 4101 indecenter
2780 4046 2934 4111 dicit,
2969 4046 3233 4100 meruisse
3264 4065 3277 4099 :
3306 4045 3500 4099 deinde

248 4140 487 4213 genitrix
517 4139 729 4193 dicatur
761 4154 790 4191 ει
828 4137 981 4192 nobis
1010 4143 1198 4191 sanCla
1239 4130 1426 4202 Virga.
1452 4143 1613 4196 (ιιιίιηι
1646 4127 1822 4181 ίιοιιιί-
1926 4137 2184 4207 disiungit
2221 4136 2273 4190 in
2305 4136 2546 4190 alterum
2578 4135 2869 4205 separatim
2902 4133 3119 4200 Filium,
3163 4136 3255 4205 qui
3301 4150 3366 4189 ex
3411 4149 3502 4189 se-

249 4235 337 4288 nis
367 4231 624 4302 genitrix,
653 4244 775 4285 cum
806 4237 954 4285 certe
984 4227 1279 4284 secundum
1307 4236 1528 4280 carnem
1554 4218 1822 4276 Christum
1926 4230 2071 4282 mine
2101 4237 2182 4282 est
2214 4227 2399 4293 David,
2436 4242 2594 4296 quem
2629 4227 2801 4295 ipsum
2852 4226 3022 4280 solum
3073 4226 3363 4293 separatim
3405 4224 3499 4279 Jc-

250 4324 574 4393 peperisset.
1928 4333 2049 4373 sum
2083 4319 2362 4373 nominare
2393 4317 2731 4387 impudenter
2759 4317 3059 4371 contendit.
3104 4316 3184 4370 Ad
3216 4318 3351 4382 haec,
3394 4317 3497 4371 im-

323 4414 393 4468 Et
420 4425 532 4485 post
566 4414 697 4468 alia.
742 4412 876 4467 Cum
912 4410 1057 4466 enim
1107 4408 1173 4463 ad
1226 4408 1663 4477 explanationem
1720 4406 1901 4478 hoc!)
1933 4411 2262 4466 maculatum
2314 4409 2449 4464 eﬂici
2499 4424 2621 4463 eum
2680 4409 2880 4473 dicere,
2938 4418 3191 4477 tanquam
3240 4407 3344 4462 hoc
3396 4407 3498 4461 ali-

251 4508 593 4579 propositum
617 4514 721 4569 est,
752 4505 893 4574 quod
925 4513 1053 4559 est:
1093 4522 1112 4556 t
1143 4502 1277 4559 Cum
1307 4500 1598 4557 introducit
1619 4499 1824 4569 primo-
1928 4504 2144 4572 quando
2196 4516 2302 4555 non
2360 4501 2669 4565 habentem,
2730 4500 3014 4570 plurimam
3075 4500 3177 4556 hoc
3232 4501 3391 4555 habet
3443 4510 3501 4555 et

253 4601 496 4669 genitum
538 4599 588 4652 in
619 4598 803 4653 orbem
833 4607 1118 4661 terrarum,
1150 4596 1326 4650 dicit:
1360 4593 1423 4648 Et
1446 4592 1673 4647 adorent
1701 4605 1824 4647 eum
1929 4593 2338 4664 blasphemiam.
2372 4592 2568 4648 Unitus
2614 4594 2757 4648 enim
2804 4594 2945 4649 Deus
2989 4592 3222 4647 Verbum
3273 4608 3337 4647 ex
3385 4592 3502 4660 ipso

255 4690 492 4745 universi
517 4688 690 4760 angeli
724 4688 816 4742 Dei
851 4687 916 4755 ⁵⁸,
956 4706 977 4741 s
1012 4687 1199 4744 scribit
1230 4690 1420 4743 iterum
1451 4686 1530 4741 sic
1564 4702 1579 4740 :
1933 4695 2086 4740 utero
2114 4686 2264 4740 carni
2296 4700 2427 4750 suae,
2460 4701 2599 4740 unus
2638 4695 2776 4749 erat,
2819 4694 2873 4740 et
2914 4686 2992 4739 sic
3030 4693 3084 4739 et
3125 4682 3503 4738 imntaculatus

1933 4773 2135 4841 Filius,
2169 4773 2404 4828 Sanctus
2432 4776 2774 4841 :sanctorum,
2822 4783 2876 4827 et
2924 4773 2989 4825 de
3031 4785 3129 4825 sua
3170 4770 3505 4840 plenitudine

1938 4863 2196 4931 Spiritum
2254 4863 2389 4917 dans
2438 4878 2544 4917 non
2592 4862 2762 4916 solum
2811 4860 3153 4926 hominibus,
3200 4861 3293 4914 sed
3338 4860 3505 4916 etiam

1935 4969 2172 5020 sursum,
2201 4965 2257 5009 et
2287 4955 2341 5009 in
2367 4954 2508 5010 coelo
2551 4952 2965 5007 rationabilibus
3002 4950 3310 5007 virtutibus.

816 4821 903 4877 10.
946 4835 1276 4877 msooouus.

328 4935 463 5004 Quis
490 4948 563 4991 est
592 4936 756 5006 igitur
787 4935 877 5005 qui
919 4934 972 4989 in
1003 4935 1173 4989 orbem
1223 4946 1485 4990 terrarum
1531 4932 1830 4989 introduci-

256 5037 367 5093 tur,
394 5038 439 5081 et
467 5028 874 5082 dominationem
908 5027 1023 5096 ejus
1056 5027 1235 5094 incipit
1287 5024 1450 5098 [forte
1491 5022 1727 5096 accipit].
1763 5023 1827 5077 de

255 5135 361 5190 qua
391 5119 438 5172 ei
486 5128 535 5173 et
568 5118 779 5171 adorari
820 5118 884 5170 ab
929 5119 1127 5187 angelis
1170 5118 1507 5186 acquiritur?
1548 5113 1830 5169 Necrenim
2442 5109 2533 5163 11.
2565 5106 2635 5161 Et
2662 5117 2777 5178 post
2805 5124 2993 5177 pauca.

256 5210 525 5265 insaniens
571 5211 769 5281 aliquis
813 5210 954 5262 dicat
996 5208 1161 5262 Deum
1226 5208 1450 5263 Verbum
1495 5224 1604 5261 esse
1659 5209 1831 5261 intro-

259 5304 500 5367 ductum,
552 5302 642 5373 qui
699 5301 877 5357 omnia
932 5316 1035 5352 non
1084 5301 1345 5353 exstantia
1381 5299 1525 5368 fecit,
1574 5298 1829 5368 ineﬂ'abili

259 5389 376 5460 ejus
414 5391 604 5445 virtute
635 5391 836 5445 donans
864 5390 938 5442 eis
965 5396 1021 5440 ut
1054 5399 1241 5443 essent.
2009 5388 2087 5461 (l)
2124 5405 2143 5442 ι
2180 5386 2473 5443 Multifarie
2495 5386 2787 5458 multisque
2827 5387 3000 5451 modis
3029 5386 3156 5444 olim
3194 5386 3334 5444 Deus
3362 5385 3512 5444 locn-

337 5541 571 5602 “Hebr.
600 5558 638 5609 t,
680 5544 736 5612 6,
811 5544 857 5577 ‘°
875 5542 1063 5600 Matth.
1103 5543 1336 5629 Ini-l7.

2558 5251 2887 5292 'I’IIBODOBUS.

260 5770 263 5771 ν
339 5704 416 5773 (1)
447 5702 589 5760 Citat
619 5703 761 5759 hunc
792 5702 964 5759 locum
994 5702 1249 5761 Leontius
1279 5701 1316 5758 1.
1352 5716 1435 5767 ιιι,
1473 5703 1609 5770 apud
1640 5700 1819 5757 Canis.
1862 5710 1900 5753 t.
1936 5699 2002 5755 IV
2026 5700 2203 5773 Antiq.
2234 5698 2352 5757 lect.
2387 5715 2443 5772 p.
2485 5698 2574 5757 95.
2606 5698 2784 5757 lituo.
