  <div class='ocr_page' id='page_1' title='image "/cluster/home/n/w/nwhite01/storage/ocr_20150623/76/hvd.32044019207943/731.png"; bbox 0 0 4132 6482; ppageno 0'>
   <div class='ocr_carea' id='block_1_1' title="bbox 556 371 695 430">
    <p class='ocr_par' dir='ltr' id='par_1_1' title="bbox 556 371 695 430">
     <span class='ocr_line' id='line_1_1' title="bbox 556 371 695 430; baseline 0.022 -3"><span class='ocrx_word' id='word_1_1' title='bbox 556 371 695 430; x_wconf 65' lang='grc'><strong>1447</strong></span> 
     </span>
    </p>
   </div>
   <div class='ocr_carea' id='block_1_2' title="bbox 1501 355 2753 422">
    <p class='ocr_par' dir='ltr' id='par_1_2' title="bbox 1501 355 2753 422">
     <span class='ocr_line' id='line_1_2' title="bbox 1501 355 2753 422; baseline -0.01 -1"><span class='ocrx_word' id='word_1_2' title='bbox 1501 366 1559 422; x_wconf 87' lang='lat' dir='ltr'><strong>S.</strong></span> <span class='ocrx_word' id='word_1_3' title='bbox 1601 364 1875 421; x_wconf 71' lang='lat' dir='ltr'><strong>CYRIIJJ</strong></span> <span class='ocrx_word' id='word_1_4' title='bbox 1914 356 2389 417; x_wconf 74' lang='lat' dir='ltr'><strong>ALEXANDRINI</strong></span> <span class='ocrx_word' id='word_1_5' title='bbox 2434 355 2753 413; x_wconf 75' lang='lat' dir='ltr'><strong>ARCHIEP.</strong></span> 
     </span>
    </p>
   </div>
   <div class='ocr_carea' id='block_1_3' title="bbox 3697 349 3830 404">
    <p class='ocr_par' dir='ltr' id='par_1_3' title="bbox 3697 349 3830 404">
     <span class='ocr_line' id='line_1_3' title="bbox 3697 349 3830 404; baseline 0 0"><span class='ocrx_word' id='word_1_6' title='bbox 3697 349 3830 404; x_wconf 59' lang='grc'>1448</span> 
     </span>
    </p>
   </div>
   <div class='ocr_carea' id='block_1_4' title="bbox 559 466 3830 558">
    <p class='ocr_par' dir='ltr' id='par_1_4' title="bbox 559 466 3830 558">
     <span class='ocr_line' id='line_1_4' title="bbox 559 466 3830 558; baseline -0.007 -17"><span class='ocrx_word' id='word_1_7' title='bbox 559 500 646 543; x_wconf 88' lang='lat' dir='ltr'><strong>tus</strong></span> <span class='ocrx_word' id='word_1_8' title='bbox 677 485 920 558; x_wconf 86' lang='lat' dir='ltr'><strong>patrihus</strong></span> <span class='ocrx_word' id='word_1_9' title='bbox 950 485 1004 541; x_wconf 93' lang='lat' dir='ltr'><strong>in</strong></span> <span class='ocrx_word' id='word_1_10' title='bbox 1035 483 1331 555; x_wconf 76' lang='lat' dir='ltr'><strong>prophetis,</strong></span> <span class='ocrx_word' id='word_1_11' title='bbox 1366 482 1421 537; x_wconf 91' lang='lat' dir='ltr'><strong>in</strong></span> <span class='ocrx_word' id='word_1_12' title='bbox 1477 482 1787 540; x_wconf 74' lang='lat' dir='ltr'><strong>novissimis</strong></span> <span class='ocrx_word' id='word_1_13' title='bbox 1824 480 2014 537; x_wconf 90' lang='lat' dir='ltr'><strong>diebus</strong></span> <span class='ocrx_word' id='word_1_14' title='bbox 2056 480 2142 535; x_wconf 89' lang='lat' dir='ltr'><strong>his</strong></span> <span class='ocrx_word' id='word_1_15' title='bbox 2171 487 2218 543; x_wconf 75' lang='grc' dir='ltr'>Α</span> <span class='ocrx_word' id='word_1_16' title='bbox 2248 474 2519 530; x_wconf 73' lang='lat' dir='ltr'><strong>Theodori</strong></span> <span class='ocrx_word' id='word_1_17' title='bbox 2552 474 2728 545; x_wconf 90' lang='lat' dir='ltr'><strong>sequi,</strong></span> <span class='ocrx_word' id='word_1_18' title='bbox 2761 486 2875 527; x_wconf 84' lang='lat' dir='ltr'><strong>non</strong></span> <span class='ocrx_word' id='word_1_19' title='bbox 2898 468 3289 526; x_wconf 77' lang='lat' dir='ltr'><strong>absolutionem</strong></span> <span class='ocrx_word' id='word_1_20' title='bbox 3336 466 3386 523; x_wconf 87' lang='lat' dir='ltr'><strong>ei</strong></span> <span class='ocrx_word' id='word_1_21' title='bbox 3422 466 3830 523; x_wconf 70' lang='lat' dir='ltr'><strong>aeatsatiounm</strong></span> 
     </span>
    </p>
   </div>
   <div class='ocr_carea' id='block_1_5' title="bbox 558 572 2144 641">
    <p class='ocr_par' dir='ltr' id='par_1_5' title="bbox 558 572 2144 641">
     <span class='ocr_line' id='line_1_5' title="bbox 558 572 2144 641; baseline -0.006 -8"><span class='ocrx_word' id='word_1_22' title='bbox 558 579 769 634; x_wconf 84' lang='lat' dir='ltr'><strong>locutus</strong></span> <span class='ocrx_word' id='word_1_23' title='bbox 798 586 886 634; x_wconf 85' lang='lat' dir='ltr'><strong>est</strong></span> <span class='ocrx_word' id='word_1_24' title='bbox 911 576 1068 633; x_wconf 87' lang='lat' dir='ltr'><strong>nobis</strong></span> <span class='ocrx_word' id='word_1_25' title='bbox 1097 576 1150 631; x_wconf 87' lang='lat' dir='ltr'><strong>in</strong></span> <span class='ocrx_word' id='word_1_26' title='bbox 1194 575 1331 631; x_wconf 88' lang='lat' dir='ltr'><strong>Filio</strong></span> <span class='ocrx_word' id='word_1_27' title='bbox 1361 574 1429 641; x_wconf 68' lang='grc'><strong>⁸⁷,</strong></span> <span class='ocrx_word' id='word_1_28' title='bbox 1463 594 1482 627; x_wconf 79' lang='lat' dir='ltr'><strong>s</strong></span> <span class='ocrx_word' id='word_1_29' title='bbox 1518 574 1624 630; x_wconf 88' lang='lat' dir='ltr'><strong>Per</strong></span> <span class='ocrx_word' id='word_1_30' title='bbox 1664 572 1863 627; x_wconf 82' lang='lat' dir='ltr'><strong>Filium</strong></span> <span class='ocrx_word' id='word_1_31' title='bbox 1898 573 2036 627; x_wconf 84' lang='lat' dir='ltr'><strong>enim</strong></span> <span class='ocrx_word' id='word_1_32' title='bbox 2063 572 2144 625; x_wconf 83' lang='lat' dir='ltr'><strong>lo-</strong></span> 
     </span>
    </p>
   </div>
   <div class='ocr_carea' id='block_1_6' title="bbox 556 664 2141 735">
    <p class='ocr_par' dir='ltr' id='par_1_6' title="bbox 556 664 2141 735">
     <span class='ocr_line' id='line_1_6' title="bbox 556 664 2141 735; baseline -0.006 -12"><span class='ocrx_word' id='word_1_33' title='bbox 556 678 710 723; x_wconf 84' lang='lat' dir='ltr'><strong>cutus</strong></span> <span class='ocrx_word' id='word_1_34' title='bbox 735 676 813 723; x_wconf 82' lang='lat' dir='ltr'><strong>est</strong></span> <span class='ocrx_word' id='word_1_35' title='bbox 849 666 996 721; x_wconf 86' lang='lat' dir='ltr'><strong>nobis</strong></span> <span class='ocrx_word' id='word_1_36' title='bbox 1021 680 1043 720; x_wconf 79' lang='lat'><strong>.‘</strong></span> <span class='ocrx_word' id='word_1_37' title='bbox 1080 677 1277 722; x_wconf 82' lang='lat' dir='ltr'><strong>certum</strong></span> <span class='ocrx_word' id='word_1_38' title='bbox 1302 677 1381 721; x_wconf 84' lang='lat' dir='ltr'><strong>est</strong></span> <span class='ocrx_word' id='word_1_39' title='bbox 1416 681 1554 731; x_wconf 80' lang='lat' dir='ltr'><strong>vero,</strong></span> <span class='ocrx_word' id='word_1_40' title='bbox 1584 666 1725 735; x_wconf 85' lang='lat' dir='ltr'><strong>quod</strong></span> <span class='ocrx_word' id='word_1_41' title='bbox 1766 664 1831 717; x_wconf 86' lang='lat' dir='ltr'><strong>de</strong></span> <span class='ocrx_word' id='word_1_42' title='bbox 1872 672 2141 731; x_wconf 87' lang='lat' dir='ltr'><strong>assumpto</strong></span> 
     </span>
    </p>
   </div>
   <div class='ocr_carea' id='block_1_7' title="bbox 558 754 2138 828">
    <p class='ocr_par' dir='ltr' id='par_1_7' title="bbox 558 754 2138 828">
     <span class='ocr_line' id='line_1_7' title="bbox 558 754 2138 828; baseline -0.004 -15"><span class='ocrx_word' id='word_1_43' title='bbox 558 761 787 815; x_wconf 79' lang='lat' dir='ltr'><strong>homine.</strong></span> <span class='ocrx_word' id='word_1_44' title='bbox 832 777 851 812; x_wconf 77' lang='grc' dir='ltr'><strong>ι</strong></span> <span class='ocrx_word' id='word_1_45' title='bbox 896 758 996 815; x_wconf 87' lang='lat' dir='ltr'><strong>Cui</strong></span> <span class='ocrx_word' id='word_1_46' title='bbox 1058 759 1202 814; x_wconf 86' lang='lat' dir='ltr'><strong>enim</strong></span> <span class='ocrx_word' id='word_1_47' title='bbox 1252 759 1390 814; x_wconf 75' lang='lat' dir='ltr'><strong>dixit</strong></span> <span class='ocrx_word' id='word_1_48' title='bbox 1433 757 1725 828; x_wconf 82' lang='lat' dir='ltr'><strong>aliquando</strong></span> <span class='ocrx_word' id='word_1_49' title='bbox 1772 754 2138 825; x_wconf 74' lang='lat' dir='ltr'><strong>angelorum:</strong></span> 
     </span>
    </p>
   </div>
   <div class='ocr_carea' id='block_1_8' title="bbox 559 843 2143 920">
    <p class='ocr_par' dir='ltr' id='par_1_8' title="bbox 559 843 2143 920">
     <span class='ocr_line' id='line_1_8' title="bbox 559 843 2143 920; baseline -0.004 -16"><span class='ocrx_word' id='word_1_50' title='bbox 559 848 731 904; x_wconf 80' lang='lat' dir='ltr'><strong>Filius</strong></span> <span class='ocrx_word' id='word_1_51' title='bbox 758 863 914 904; x_wconf 87' lang='lat' dir='ltr'><strong>meus</strong></span> <span class='ocrx_word' id='word_1_52' title='bbox 942 864 1001 904; x_wconf 87' lang='lat' dir='ltr'><strong>es</strong></span> <span class='ocrx_word' id='word_1_53' title='bbox 1034 858 1110 916; x_wconf 88' lang='lat' dir='ltr'><strong>tu,</strong></span> <span class='ocrx_word' id='word_1_54' title='bbox 1133 864 1232 920; x_wconf 76' lang='lat' dir='ltr'><strong>ego</strong></span> <span class='ocrx_word' id='word_1_55' title='bbox 1266 849 1426 903; x_wconf 83' lang='lat' dir='ltr'><strong>hodie</strong></span> <span class='ocrx_word' id='word_1_56' title='bbox 1457 848 1614 919; x_wconf 77' lang='lat' dir='ltr'><strong>genui</strong></span> <span class='ocrx_word' id='word_1_57' title='bbox 1648 857 1700 903; x_wconf 87' lang='lat' dir='ltr'><strong>te</strong></span> <span class='ocrx_word' id='word_1_58' title='bbox 1728 846 1814 899; x_wconf 62' lang='lat'><strong>‘9?</strong></span> <span class='ocrx_word' id='word_1_59' title='bbox 1851 865 1870 898; x_wconf 73' lang='grc' dir='ltr'><strong>ι</strong></span> <span class='ocrx_word' id='word_1_60' title='bbox 1918 843 2143 900; x_wconf 77' lang='lat' dir='ltr'><strong>Nullum</strong></span> 
     </span>
    </p>
   </div>
   <div class='ocr_carea' id='block_1_9' title="bbox 559 936 2139 1010">
    <p class='ocr_par' dir='ltr' id='par_1_9' title="bbox 559 936 2139 1010">
     <span class='ocr_line' id='line_1_9' title="bbox 559 936 2139 1010; baseline -0.003 -17"><span class='ocrx_word' id='word_1_61' title='bbox 559 943 709 1003; x_wconf 90' lang='lat' dir='ltr'><strong>dicit,</strong></span> <span class='ocrx_word' id='word_1_62' title='bbox 768 943 1076 1010; x_wconf 70' lang='lat' dir='ltr'><strong>participem</strong></span> <span class='ocrx_word' id='word_1_63' title='bbox 1125 942 1251 1009; x_wconf 81' lang='lat' dir='ltr'><strong>fecit</strong></span> <span class='ocrx_word' id='word_1_64' title='bbox 1308 940 1583 1010; x_wconf 75' lang='lat' dir='ltr'><strong>dignitatis</strong></span> <span class='ocrx_word' id='word_1_65' title='bbox 1641 938 1789 992; x_wconf 80' lang='lat' dir='ltr'><strong>Filii.</strong></span> <span class='ocrx_word' id='word_1_66' title='bbox 1842 936 1957 990; x_wconf 86' lang='lat' dir='ltr'><strong>Hoc</strong></span> <span class='ocrx_word' id='word_1_67' title='bbox 2001 937 2139 991; x_wconf 79' lang='lat' dir='ltr'><strong>enim</strong></span> 
     </span>
    </p>
   </div>
   <div class='ocr_carea' id='block_1_10' title="bbox 558 1029 2140 1103">
    <p class='ocr_par' dir='ltr' id='par_1_10' title="bbox 558 1029 2140 1103">
     <span class='ocr_line' id='line_1_10' title="bbox 558 1029 2140 1103; baseline -0.003 -19"><span class='ocrx_word' id='word_1_68' title='bbox 558 1032 700 1098; x_wconf 80' lang='lat' dir='ltr'><strong>quod</strong></span> <span class='ocrx_word' id='word_1_69' title='bbox 728 1032 885 1099; x_wconf 68' lang='lat' dir='ltr'><strong>dixit,</strong></span> <span class='ocrx_word' id='word_1_70' title='bbox 919 1034 1077 1103; x_wconf 77' lang='lat' dir='ltr'><strong>genui</strong></span> <span class='ocrx_word' id='word_1_71' title='bbox 1108 1042 1194 1096; x_wconf 88' lang='lat' dir='ltr'><strong>te,</strong></span> <span class='ocrx_word' id='word_1_72' title='bbox 1226 1034 1379 1102; x_wconf 85' lang='lat' dir='ltr'><strong>quasi</strong></span> <span class='ocrx_word' id='word_1_73' title='bbox 1410 1049 1504 1100; x_wconf 83' lang='lat' dir='ltr'><strong>per</strong></span> <span class='ocrx_word' id='word_1_74' title='bbox 1548 1032 1647 1084; x_wconf 85' lang='lat' dir='ltr'><strong>hoc</strong></span> <span class='ocrx_word' id='word_1_75' title='bbox 1686 1029 2140 1100; x_wconf 71' lang='lat' dir='ltr'><strong>participationem</strong></span> 
     </span>
    </p>
   </div>
   <div class='ocr_carea' id='block_1_11' title="bbox 559 1119 2140 1191">
    <p class='ocr_par' dir='ltr' id='par_1_11' title="bbox 559 1119 2140 1191">
     <span class='ocr_line' id='line_1_11' title="bbox 559 1119 2140 1191; baseline -0.001 -17"><span class='ocrx_word' id='word_1_76' title='bbox 559 1121 838 1190; x_wconf 81' lang='lat' dir='ltr'><strong>ﬁliationis</strong></span> <span class='ocrx_word' id='word_1_77' title='bbox 867 1124 1052 1178; x_wconf 85' lang='lat' dir='ltr'><strong>dedit:</strong></span> <span class='ocrx_word' id='word_1_78' title='bbox 1082 1126 1293 1178; x_wconf 88' lang='lat' dir='ltr'><strong>omnino</strong></span> <span class='ocrx_word' id='word_1_79' title='bbox 1336 1138 1453 1177; x_wconf 75' lang='lat' dir='ltr'><strong>vero</strong></span> <span class='ocrx_word' id='word_1_80' title='bbox 1495 1132 1674 1191; x_wconf 82' lang='lat' dir='ltr'><strong>aperte</strong></span> <span class='ocrx_word' id='word_1_81' title='bbox 1704 1119 1906 1175; x_wconf 72' lang='lat' dir='ltr'><strong>nullam</strong></span> <span class='ocrx_word' id='word_1_82' title='bbox 1944 1120 2140 1174; x_wconf 78' lang='lat' dir='ltr'><strong>habens</strong></span> 
     </span>
    </p>
   </div>
   <div class='ocr_carea' id='block_1_12' title="bbox 562 1212 2143 1283">
    <p class='ocr_par' dir='ltr' id='par_1_12' title="bbox 562 1212 2143 1283">
     <span class='ocr_line' id='line_1_12' title="bbox 562 1212 2143 1283; baseline 0 -16"><span class='ocrx_word' id='word_1_83' title='bbox 562 1215 631 1267; x_wconf 86' lang='lat' dir='ltr'><strong>ad</strong></span> <span class='ocrx_word' id='word_1_84' title='bbox 666 1213 832 1268; x_wconf 83' lang='lat' dir='ltr'><strong>Deum</strong></span> <span class='ocrx_word' id='word_1_85' title='bbox 882 1214 1103 1269; x_wconf 78' lang='lat' dir='ltr'><strong>Verbum</strong></span> <span class='ocrx_word' id='word_1_86' title='bbox 1138 1215 1589 1279; x_wconf 78' lang='lat' dir='ltr'><strong>communionem,</strong></span> <span class='ocrx_word' id='word_1_87' title='bbox 1622 1224 1837 1282; x_wconf 74' lang='lat' dir='ltr'><strong>apparet</strong></span> <span class='ocrx_word' id='word_1_88' title='bbox 1879 1215 1979 1267; x_wconf 86' lang='lat' dir='ltr'><strong>hoc</strong></span> <span class='ocrx_word' id='word_1_89' title='bbox 2004 1212 2143 1283; x_wconf 79' lang='lat' dir='ltr'><strong>quod</strong></span> 
     </span>
    </p>
   </div>
   <div class='ocr_carea' id='block_1_13' title="bbox 562 1306 890 1359">
    <p class='ocr_par' dir='ltr' id='par_1_13' title="bbox 562 1306 890 1359">
     <span class='ocr_line' id='line_1_13' title="bbox 562 1306 890 1359; baseline 0.009 -3"><span class='ocrx_word' id='word_1_90' title='bbox 562 1306 761 1359; x_wconf 85' lang='lat' dir='ltr'><strong>dictum</strong></span> <span class='ocrx_word' id='word_1_91' title='bbox 793 1316 890 1359; x_wconf 75' lang='lat' dir='ltr'><strong>est.</strong></span> 
     </span>
    </p>
   </div>
   <div class='ocr_carea' id='block_1_14' title="bbox 1211 1413 1489 1453">
    <p class='ocr_par' dir='ltr' id='par_1_14' title="bbox 1211 1413 1489 1453">
     <span class='ocr_line' id='line_1_14' title="bbox 1211 1413 1489 1453; baseline 0.004 -2"><span class='ocrx_word' id='word_1_92' title='bbox 1211 1413 1489 1453; x_wconf 72' lang='lat' dir='ltr'><strong>CYRILLUS.</strong></span> 
     </span>
    </p>
   </div>
   <div class='ocr_carea' id='block_1_15' title="bbox 634 1488 2141 1560">
    <p class='ocr_par' dir='ltr' id='par_1_15' title="bbox 634 1488 2141 1560">
     <span class='ocr_line' id='line_1_15' title="bbox 634 1488 2141 1560; baseline 0.002 -17"><span class='ocrx_word' id='word_1_93' title='bbox 634 1488 796 1545; x_wconf 86' lang='lat' dir='ltr'><strong>Certe</strong></span> <span class='ocrx_word' id='word_1_94' title='bbox 829 1501 882 1544; x_wconf 78' lang='lat' dir='ltr'><strong>et</strong></span> <span class='ocrx_word' id='word_1_95' title='bbox 928 1491 979 1544; x_wconf 90' lang='lat' dir='ltr'><strong>in</strong></span> <span class='ocrx_word' id='word_1_96' title='bbox 1022 1489 1464 1555; x_wconf 86' lang='lat' dir='ltr'><strong>allocutionibus,</strong></span> <span class='ocrx_word' id='word_1_97' title='bbox 1497 1506 1632 1559; x_wconf 87' lang='lat' dir='ltr'><strong>quas</strong></span> <span class='ocrx_word' id='word_1_98' title='bbox 1680 1491 1809 1547; x_wconf 72' lang='lat' dir='ltr'><strong>fecit</strong></span> <span class='ocrx_word' id='word_1_99' title='bbox 1853 1492 1919 1546; x_wconf 87' lang='lat' dir='ltr'><strong>ad</strong></span> <span class='ocrx_word' id='word_1_100' title='bbox 1961 1492 2141 1560; x_wconf 82' lang='lat' dir='ltr'><strong>bapti-</strong></span> 
     </span>
    </p>
   </div>
   <div class='ocr_carea' id='block_1_16' title="bbox 562 1582 2143 1649">
    <p class='ocr_par' dir='ltr' id='par_1_16' title="bbox 562 1582 2143 1649">
     <span class='ocr_line' id='line_1_16' title="bbox 562 1582 2143 1649; baseline 0.001 -13"><span class='ocrx_word' id='word_1_101' title='bbox 562 1583 784 1649; x_wconf 73' lang='lat' dir='ltr'><strong>zandus,</strong></span> <span class='ocrx_word' id='word_1_102' title='bbox 822 1582 1019 1637; x_wconf 89' lang='lat' dir='ltr'><strong>iterum</strong></span> <span class='ocrx_word' id='word_1_103' title='bbox 1066 1582 1207 1637; x_wconf 77' lang='lat' dir='ltr'><strong>dixit</strong></span> <span class='ocrx_word' id='word_1_104' title='bbox 1253 1584 1391 1638; x_wconf 89' lang='lat' dir='ltr'><strong>idem</strong></span> <span class='ocrx_word' id='word_1_105' title='bbox 1440 1583 1809 1640; x_wconf 90' lang='lat' dir='ltr'><strong>Theodorus:</strong></span> <span class='ocrx_word' id='word_1_106' title='bbox 1855 1583 1974 1638; x_wconf 80' lang='lat' dir='ltr'><strong>Hoc</strong></span> <span class='ocrx_word' id='word_1_107' title='bbox 2023 1601 2143 1639; x_wconf 73' lang='lat' dir='ltr'><strong>sero</strong></span> 
     </span>
    </p>
   </div>
   <div class='ocr_carea' id='block_1_17' title="bbox 565 1672 2145 1743">
    <p class='ocr_par' dir='ltr' id='par_1_17' title="bbox 565 1672 2145 1743">
     <span class='ocr_line' id='line_1_17' title="bbox 565 1672 2145 1743; baseline 0.001 -16"><span class='ocrx_word' id='word_1_108' title='bbox 565 1689 669 1727; x_wconf 86' lang='lat' dir='ltr'><strong>non</strong></span> <span class='ocrx_word' id='word_1_109' title='bbox 698 1687 763 1727; x_wconf 81' lang='lat' dir='ltr'><strong>ea:</strong></span> <span class='ocrx_word' id='word_1_110' title='bbox 789 1672 934 1726; x_wconf 85' lang='lat' dir='ltr'><strong>nobis</strong></span> <span class='ocrx_word' id='word_1_111' title='bbox 956 1675 1084 1743; x_wconf 83' lang='lat' dir='ltr'><strong>ipsis</strong></span> <span class='ocrx_word' id='word_1_112' title='bbox 1116 1676 1409 1729; x_wconf 83' lang='lat' dir='ltr'><strong>invenimus</strong></span> <span class='ocrx_word' id='word_1_113' title='bbox 1439 1676 1815 1740; x_wconf 83' lang='lat' dir='ltr'><strong>testimonium,</strong></span> <span class='ocrx_word' id='word_1_114' title='bbox 1850 1678 1940 1730; x_wconf 86' lang='lat' dir='ltr'><strong>sed</strong></span> <span class='ocrx_word' id='word_1_115' title='bbox 1963 1693 2029 1731; x_wconf 77' lang='lat' dir='ltr'><strong>ea:</strong></span> <span class='ocrx_word' id='word_1_116' title='bbox 2060 1677 2145 1729; x_wconf 86' lang='lat' dir='ltr'><strong>di-</strong></span> 
     </span>
    </p>
   </div>
   <div class='ocr_carea' id='block_1_18' title="bbox 562 1761 2141 1834">
    <p class='ocr_par' dir='ltr' id='par_1_18' title="bbox 562 1761 2141 1834">
     <span class='ocr_line' id='line_1_18' title="bbox 562 1761 2141 1834; baseline 0.002 -17"><span class='ocrx_word' id='word_1_117' title='bbox 562 1763 683 1817; x_wconf 79' lang='lat' dir='ltr'><strong>vina</strong></span> <span class='ocrx_word' id='word_1_118' title='bbox 732 1762 903 1816; x_wconf 85' lang='lat' dir='ltr'><strong>edocti</strong></span> <span class='ocrx_word' id='word_1_119' title='bbox 948 1779 1129 1816; x_wconf 85' lang='lat' dir='ltr'><strong>sumus</strong></span> <span class='ocrx_word' id='word_1_120' title='bbox 1181 1761 1492 1833; x_wconf 86' lang='lat' dir='ltr'><strong>Scriptura,</strong></span> <span class='ocrx_word' id='word_1_121' title='bbox 1552 1766 1802 1834; x_wconf 86' lang='lat' dir='ltr'><strong>quoniam</strong></span> <span class='ocrx_word' id='word_1_122' title='bbox 1864 1776 1909 1819; x_wconf 86' lang='lat' dir='ltr'><strong>et</strong></span> <span class='ocrx_word' id='word_1_123' title='bbox 1964 1766 2141 1821; x_wconf 85' lang='lat' dir='ltr'><strong>beatus</strong></span> 
     </span>
    </p>
   </div>
   <div class='ocr_carea' id='block_1_19' title="bbox 2247 562 3833 637">
    <p class='ocr_par' dir='ltr' id='par_1_19' title="bbox 2247 562 3833 637">
     <span class='ocr_line' id='line_1_19' title="bbox 2247 562 3833 637; baseline -0.004 -15"><span class='ocrx_word' id='word_1_124' title='bbox 2247 568 2410 634; x_wconf 86' lang='lat' dir='ltr'><strong>facit;</strong></span> <span class='ocrx_word' id='word_1_125' title='bbox 2468 568 2638 637; x_wconf 76' lang='lat' dir='ltr'><strong>magis</strong></span> <span class='ocrx_word' id='word_1_126' title='bbox 2691 581 2819 620; x_wconf 91' lang='lat' dir='ltr'><strong>vero</strong></span> <span class='ocrx_word' id='word_1_127' title='bbox 2876 563 3219 634; x_wconf 76' lang='lat' dir='ltr'><strong>grandiorem</strong></span> <span class='ocrx_word' id='word_1_128' title='bbox 3277 563 3541 618; x_wconf 86' lang='lat' dir='ltr'><strong>adversus</strong></span> <span class='ocrx_word' id='word_1_129' title='bbox 3598 575 3721 615; x_wconf 84' lang='lat' dir='ltr'><strong>eum</strong></span> <span class='ocrx_word' id='word_1_130' title='bbox 3777 562 3833 617; x_wconf 85' lang='lat' dir='ltr'><strong>in</strong></span> 
     </span>
    </p>
   </div>
   <div class='ocr_carea' id='block_1_20' title="bbox 2248 650 3831 730">
    <p class='ocr_par' dir='ltr' id='par_1_20' title="bbox 2248 650 3831 730">
     <span class='ocr_line' id='line_1_20' title="bbox 2248 650 3831 730; baseline -0.001 -19"><span class='ocrx_word' id='word_1_131' title='bbox 2248 659 2651 712; x_wconf 79' lang='lat' dir='ltr'><strong>damnationem</strong></span> <span class='ocrx_word' id='word_1_132' title='bbox 2699 656 2841 730; x_wconf 74' lang='grc' dir='ltr'><strong>[Ῑον.</strong></span> <span class='ocrx_word' id='word_1_133' title='bbox 2890 650 3439 724; x_wconf 79' lang='lat' dir='ltr'><strong>condemnationem]</strong></span> <span class='ocrx_word' id='word_1_134' title='bbox 3492 655 3831 722; x_wconf 86' lang='lat' dir='ltr'><strong>operabitur.</strong></span> 
     </span>
    </p>
   </div>
   <div class='ocr_carea' id='block_1_21' title="bbox 2243 745 3834 803">
    <p class='ocr_par' dir='ltr' id='par_1_21' title="bbox 2243 745 3834 803">
     <span class='ocr_line' id='line_1_21' title="bbox 2243 745 3834 803; baseline -0.004 -1"><span class='ocrx_word' id='word_1_135' title='bbox 2243 748 2382 803; x_wconf 85' lang='lat' dir='ltr'><strong>Dum</strong></span> <span class='ocrx_word' id='word_1_136' title='bbox 2413 748 2555 803; x_wconf 87' lang='lat' dir='ltr'><strong>enim</strong></span> <span class='ocrx_word' id='word_1_137' title='bbox 2594 748 2782 803; x_wconf 82' lang='lat' dir='ltr'><strong>liceret</strong></span> <span class='ocrx_word' id='word_1_138' title='bbox 2812 747 2862 803; x_wconf 90' lang='lat' dir='ltr'><strong>ei</strong></span> <span class='ocrx_word' id='word_1_139' title='bbox 2900 756 3210 803; x_wconf 84' lang='lat' dir='ltr'><strong>sanctorum</strong></span> <span class='ocrx_word' id='word_1_140' title='bbox 3255 745 3477 799; x_wconf 82' lang='lat' dir='ltr'><strong>Patrum</strong></span> <span class='ocrx_word' id='word_1_141' title='bbox 3528 745 3693 799; x_wconf 88' lang='lat' dir='ltr'><strong>rectis</strong></span> <span class='ocrx_word' id='word_1_142' title='bbox 3719 759 3834 798; x_wconf 81' lang='lat' dir='ltr'><strong>ver-</strong></span> 
     </span>
    </p>
   </div>
   <div class='ocr_carea' id='block_1_22' title="bbox 2245 835 3831 904">
    <p class='ocr_par' dir='ltr' id='par_1_22' title="bbox 2245 835 3831 904">
     <span class='ocr_line' id='line_1_22' title="bbox 2245 835 3831 904; baseline -0.004 -11"><span class='ocrx_word' id='word_1_143' title='bbox 2245 840 2329 895; x_wconf 87' lang='lat' dir='ltr'><strong>bis</strong></span> <span class='ocrx_word' id='word_1_144' title='bbox 2375 849 2429 895; x_wconf 92' lang='lat' dir='ltr'><strong>et</strong></span> <span class='ocrx_word' id='word_1_145' title='bbox 2469 838 2832 894; x_wconf 82' lang='lat' dir='ltr'><strong>immaculatis</strong></span> <span class='ocrx_word' id='word_1_146' title='bbox 2876 840 2942 893; x_wconf 90' lang='lat' dir='ltr'><strong>de</strong></span> <span class='ocrx_word' id='word_1_147' title='bbox 2984 838 3190 894; x_wconf 87' lang='lat' dir='ltr'><strong>deitate</strong></span> <span class='ocrx_word' id='word_1_148' title='bbox 3236 835 3581 891; x_wconf 85' lang='lat' dir='ltr'><strong>sermonibus</strong></span> <span class='ocrx_word' id='word_1_149' title='bbox 3630 835 3831 904; x_wconf 85' lang='lat' dir='ltr'><strong>potiri,</strong></span> 
     </span>
    </p>
   </div>
   <div class='ocr_carea' id='block_1_23' title="bbox 2246 928 3829 1002">
    <p class='ocr_par' dir='ltr' id='par_1_23' title="bbox 2246 928 3829 1002">
     <span class='ocr_line' id='line_1_23' title="bbox 2246 928 3829 1002; baseline -0.003 -17"><span class='ocrx_word' id='word_1_150' title='bbox 2246 933 2603 1002; x_wconf 64' lang='lat' dir='ltr'><strong>praeposuisse</strong></span> <span class='ocrx_word' id='word_1_151' title='bbox 2639 930 2975 1002; x_wconf 80' lang='lat' dir='ltr'><strong>dignoscitur</strong></span> <span class='ocrx_word' id='word_1_152' title='bbox 3010 929 3225 985; x_wconf 75' lang='lat' dir='ltr'><strong>veritati</strong></span> <span class='ocrx_word' id='word_1_153' title='bbox 3268 929 3631 984; x_wconf 83' lang='lat' dir='ltr'><strong>mendacium.</strong></span> <span class='ocrx_word' id='word_1_154' title='bbox 3677 928 3829 983; x_wconf 77' lang='lat' dir='ltr'><strong>Prac-</strong></span> 
     </span>
    </p>
   </div>
   <div class='ocr_carea' id='block_1_24' title="bbox 2244 1022 3831 1095">
    <p class='ocr_par' dir='ltr' id='par_1_24' title="bbox 2244 1022 3831 1095">
     <span class='ocr_line' id='line_1_24' title="bbox 2244 1022 3831 1095; baseline -0.004 -15"><span class='ocrx_word' id='word_1_155' title='bbox 2244 1027 2481 1081; x_wconf 90' lang='lat' dir='ltr'><strong>termisit</strong></span> <span class='ocrx_word' id='word_1_156' title='bbox 2507 1026 2651 1081; x_wconf 75' lang='lat' dir='ltr'><strong>eiiim</strong></span> <span class='ocrx_word' id='word_1_157' title='bbox 2684 1041 2803 1095; x_wconf 81' lang='lat' dir='ltr'><strong>qua:</strong></span> <span class='ocrx_word' id='word_1_158' title='bbox 2837 1026 3050 1080; x_wconf 88' lang='lat' dir='ltr'><strong>illorum</strong></span> <span class='ocrx_word' id='word_1_159' title='bbox 3082 1034 3248 1091; x_wconf 93' lang='lat' dir='ltr'><strong>sunt;</strong></span> <span class='ocrx_word' id='word_1_160' title='bbox 3299 1023 3473 1093; x_wconf 82' lang='lat' dir='ltr'><strong>magis</strong></span> <span class='ocrx_word' id='word_1_161' title='bbox 3502 1038 3636 1076; x_wconf 82' lang='lat' dir='ltr'><strong>vero</strong></span> <span class='ocrx_word' id='word_1_162' title='bbox 3666 1022 3831 1091; x_wconf 80' lang='lat' dir='ltr'><strong>elegit</strong></span> 
     </span>
    </p>
   </div>
   <div class='ocr_carea' id='block_1_25' title="bbox 2248 1116 3825 1189">
    <p class='ocr_par' dir='ltr' id='par_1_25' title="bbox 2248 1116 3825 1189">
     <span class='ocr_line' id='line_1_25' title="bbox 2248 1116 3825 1189; baseline -0.004 -17"><span class='ocrx_word' id='word_1_163' title='bbox 2248 1119 2492 1189; x_wconf 88' lang='lat' dir='ltr'><strong>turpibus</strong></span> <span class='ocrx_word' id='word_1_164' title='bbox 2522 1121 2833 1184; x_wconf 60' lang='lat' dir='ltr'><strong>admirere,</strong></span> <span class='ocrx_word' id='word_1_165' title='bbox 2879 1127 2934 1173; x_wconf 91' lang='lat' dir='ltr'><strong>et</strong></span> <span class='ocrx_word' id='word_1_166' title='bbox 2977 1127 3084 1171; x_wconf 89' lang='lat' dir='ltr'><strong>tam</strong></span> <span class='ocrx_word' id='word_1_167' title='bbox 3117 1117 3363 1171; x_wconf 85' lang='lat' dir='ltr'><strong>distortis</strong></span> <span class='ocrx_word' id='word_1_168' title='bbox 3397 1116 3675 1171; x_wconf 67' lang='lat' dir='ltr'><strong>lmtit‘tcare</strong></span> <span class='ocrx_word' id='word_1_169' title='bbox 3706 1131 3825 1170; x_wconf 87' lang='lat' dir='ltr'><strong>ser-</strong></span> 
     </span>
    </p>
   </div>
   <div class='ocr_carea' id='block_1_26' title="bbox 2246 1210 3830 1280">
    <p class='ocr_par' dir='ltr' id='par_1_26' title="bbox 2246 1210 3830 1280">
     <span class='ocr_line' id='line_1_26' title="bbox 2246 1210 3830 1280; baseline -0.003 -16"><span class='ocrx_word' id='word_1_170' title='bbox 2246 1211 2521 1267; x_wconf 89' lang='lat' dir='ltr'><strong>monibus.</strong></span> <span class='ocrx_word' id='word_1_171' title='bbox 2547 1210 2701 1265; x_wconf 80' lang='lat' dir='ltr'><strong>Hunc</strong></span> <span class='ocrx_word' id='word_1_172' title='bbox 2734 1226 2860 1266; x_wconf 90' lang='lat' dir='ltr'><strong>vero</strong></span> <span class='ocrx_word' id='word_1_173' title='bbox 2887 1212 2978 1280; x_wconf 90' lang='lat' dir='ltr'><strong>qui</strong></span> <span class='ocrx_word' id='word_1_174' title='bbox 3006 1210 3166 1265; x_wconf 80' lang='lat' dir='ltr'><strong>talem</strong></span> <span class='ocrx_word' id='word_1_175' title='bbox 3202 1210 3365 1264; x_wconf 87' lang='lat' dir='ltr'><strong>habet</strong></span> <span class='ocrx_word' id='word_1_176' title='bbox 3410 1210 3746 1262; x_wconf 83' lang='lat' dir='ltr'><strong>voluntatem</strong></span> <span class='ocrx_word' id='word_1_177' title='bbox 3777 1218 3830 1259; x_wconf 90' lang='lat' dir='ltr'><strong>et</strong></span> 
     </span>
    </p>
   </div>
   <div class='ocr_carea' id='block_1_27' title="bbox 2244 1301 3831 1371">
    <p class='ocr_par' dir='ltr' id='par_1_27' title="bbox 2244 1301 3831 1371">
     <span class='ocr_line' id='line_1_27' title="bbox 2244 1301 3831 1371; baseline -0.002 -16"><span class='ocrx_word' id='word_1_178' title='bbox 2244 1302 2599 1368; x_wconf 86' lang='lat' dir='ltr'><strong>dementiam,</strong></span> <span class='ocrx_word' id='word_1_179' title='bbox 2633 1302 2687 1357; x_wconf 89' lang='lat' dir='ltr'><strong>in</strong></span> <span class='ocrx_word' id='word_1_180' title='bbox 2722 1303 2822 1357; x_wconf 92' lang='lat' dir='ltr'><strong>hoc</strong></span> <span class='ocrx_word' id='word_1_181' title='bbox 2856 1302 3143 1357; x_wconf 88' lang='lat' dir='ltr'><strong>desiluisse</strong></span> <span class='ocrx_word' id='word_1_182' title='bbox 3194 1302 3433 1371; x_wconf 88' lang='lat' dir='ltr'><strong>inculpet</strong></span> <span class='ocrx_word' id='word_1_183' title='bbox 3475 1301 3707 1370; x_wconf 78' lang='lat' dir='ltr'><strong>aliquis,</strong></span> <span class='ocrx_word' id='word_1_184' title='bbox 3745 1316 3831 1353; x_wconf 85' lang='lat' dir='ltr'><strong>ar-</strong></span> 
     </span>
    </p>
   </div>
   <div class='ocr_carea' id='block_1_28' title="bbox 2247 1392 3830 1463">
    <p class='ocr_par' dir='ltr' id='par_1_28' title="bbox 2247 1392 3830 1463">
     <span class='ocr_line' id='line_1_28' title="bbox 2247 1392 3830 1463; baseline -0.002 -15"><span class='ocrx_word' id='word_1_185' title='bbox 2247 1394 2421 1448; x_wconf 87' lang='lat' dir='ltr'><strong>bitror</strong></span> <span class='ocrx_word' id='word_1_186' title='bbox 2444 1403 2499 1447; x_wconf 91' lang='lat' dir='ltr'><strong>et</strong></span> <span class='ocrx_word' id='word_1_187' title='bbox 2524 1393 2679 1447; x_wconf 87' lang='lat' dir='ltr'><strong>valde</strong></span> <span class='ocrx_word' id='word_1_188' title='bbox 2720 1394 2936 1450; x_wconf 88' lang='lat' dir='ltr'><strong>merito.</strong></span> <span class='ocrx_word' id='word_1_189' title='bbox 2980 1394 3279 1463; x_wconf 85' lang='lat' dir='ltr'><strong>Oportebat</strong></span> <span class='ocrx_word' id='word_1_190' title='bbox 3318 1394 3462 1448; x_wconf 90' lang='lat' dir='ltr'><strong>enim</strong></span> <span class='ocrx_word' id='word_1_191' title='bbox 3511 1392 3830 1447; x_wconf 81' lang='lat' dir='ltr'><strong>memoriam</strong></span> 
     </span>
    </p>
   </div>
   <div class='ocr_carea' id='block_1_29' title="bbox 2245 1485 3827 1555">
    <p class='ocr_par' dir='ltr' id='par_1_29' title="bbox 2245 1485 3827 1555">
     <span class='ocr_line' id='line_1_29' title="bbox 2245 1485 3827 1555; baseline -0.003 -13"><span class='ocrx_word' id='word_1_192' title='bbox 2245 1486 2448 1542; x_wconf 88' lang='lat' dir='ltr'><strong>habere</strong></span> <span class='ocrx_word' id='word_1_193' title='bbox 2488 1487 2817 1542; x_wconf 82' lang='lat' dir='ltr'><strong>sanctissimi</strong></span> <span class='ocrx_word' id='word_1_194' title='bbox 2859 1485 3044 1553; x_wconf 73' lang='lat' dir='ltr'><strong>Pauli,</strong></span> <span class='ocrx_word' id='word_1_195' title='bbox 3090 1487 3246 1555; x_wconf 83' lang='lat' dir='ltr'><strong>plane</strong></span> <span class='ocrx_word' id='word_1_196' title='bbox 3290 1486 3581 1541; x_wconf 79' lang='lat' dir='ltr'><strong>scribentis</strong></span> <span class='ocrx_word' id='word_1_197' title='bbox 3627 1488 3827 1539; x_wconf 88' lang='lat' dir='ltr'><strong>nobis:</strong></span> 
     </span>
    </p>
   </div>
   <div class='ocr_carea' id='block_1_30' title="bbox 2250 1575 3829 1648">
    <p class='ocr_par' dir='ltr' id='par_1_30' title="bbox 2250 1575 3829 1648">
     <span class='ocr_line' id='line_1_30' title="bbox 2250 1575 3829 1648; baseline -0.003 -17"><span class='ocrx_word' id='word_1_198' title='bbox 2250 1598 2271 1631; x_wconf 75' lang='grc' dir='ltr'><strong>ι</strong></span> <span class='ocrx_word' id='word_1_199' title='bbox 2310 1577 2500 1633; x_wconf 88' lang='lat' dir='ltr'><strong>Estote</strong></span> <span class='ocrx_word' id='word_1_200' title='bbox 2552 1579 2848 1648; x_wconf 88' lang='lat' dir='ltr'><strong>prudentes</strong></span> <span class='ocrx_word' id='word_1_201' title='bbox 2897 1577 3244 1632; x_wconf 88' lang='lat' dir='ltr'><strong>nummularii</strong></span> <span class='ocrx_word' id='word_1_202' title='bbox 3287 1594 3301 1631; x_wconf 92' lang='lat'><strong>:</strong></span> <span class='ocrx_word' id='word_1_203' title='bbox 3352 1578 3532 1629; x_wconf 89' lang='lat' dir='ltr'><strong>omnia</strong></span> <span class='ocrx_word' id='word_1_204' title='bbox 3572 1575 3829 1645; x_wconf 87' lang='lat' dir='ltr'><strong>probate,</strong></span> 
     </span>
    </p>
   </div>
   <div class='ocr_carea' id='block_1_31' title="bbox 2245 1664 3832 1737">
    <p class='ocr_par' dir='ltr' id='par_1_31' title="bbox 2245 1664 3832 1737">
     <span class='ocr_line' id='line_1_31' title="bbox 2245 1664 3832 1737; baseline -0.004 -16"><span class='ocrx_word' id='word_1_205' title='bbox 2245 1670 2387 1737; x_wconf 88' lang='lat' dir='ltr'><strong>quod</strong></span> <span class='ocrx_word' id='word_1_206' title='bbox 2420 1669 2622 1723; x_wconf 88' lang='lat' dir='ltr'><strong>bonum</strong></span> <span class='ocrx_word' id='word_1_207' title='bbox 2656 1676 2737 1723; x_wconf 89' lang='lat' dir='ltr'><strong>est</strong></span> <span class='ocrx_word' id='word_1_208' title='bbox 2777 1676 2952 1721; x_wconf 88' lang='lat' dir='ltr'><strong>tenete</strong></span> <span class='ocrx_word' id='word_1_209' title='bbox 2981 1684 2997 1722; x_wconf 88' lang='lat'><strong>:</strong></span> <span class='ocrx_word' id='word_1_210' title='bbox 3030 1666 3100 1721; x_wconf 85' lang='lat' dir='ltr'><strong>ab</strong></span> <span class='ocrx_word' id='word_1_211' title='bbox 3135 1666 3282 1721; x_wconf 91' lang='lat' dir='ltr'><strong>omni</strong></span> <span class='ocrx_word' id='word_1_212' title='bbox 3306 1666 3489 1732; x_wconf 86' lang='lat' dir='ltr'><strong>specie</strong></span> <span class='ocrx_word' id='word_1_213' title='bbox 3536 1664 3676 1717; x_wconf 88' lang='lat' dir='ltr'><strong>mala</strong></span> <span class='ocrx_word' id='word_1_214' title='bbox 3709 1664 3832 1715; x_wconf 79' lang='lat' dir='ltr'><strong>abs-</strong></span> 
     </span>
    </p>
   </div>
   <div class='ocr_carea' id='block_1_32' title="bbox 2250 1757 3831 1829">
    <p class='ocr_par' dir='ltr' id='par_1_32' title="bbox 2250 1757 3831 1829">
     <span class='ocr_line' id='line_1_32' title="bbox 2250 1757 3831 1829; baseline -0.003 -15"><span class='ocrx_word' id='word_1_215' title='bbox 2250 1761 2420 1816; x_wconf 87' lang='lat' dir='ltr'><strong>tinete</strong></span> <span class='ocrx_word' id='word_1_216' title='bbox 2469 1776 2569 1817; x_wconf 86' lang='lat' dir='ltr'><strong>vos</strong></span> <span class='ocrx_word' id='word_1_217' title='bbox 2599 1761 2668 1815; x_wconf 82' lang='lat'><strong>&quot;.</strong></span> <span class='ocrx_word' id='word_1_218' title='bbox 2710 1780 2729 1813; x_wconf 73' lang='grc' dir='ltr'><strong>ι</strong></span> <span class='ocrx_word' id='word_1_219' title='bbox 2768 1760 2922 1827; x_wconf 85' lang='lat' dir='ltr'><strong>Quod</strong></span> <span class='ocrx_word' id='word_1_220' title='bbox 2952 1769 3008 1814; x_wconf 87' lang='lat' dir='ltr'><strong>et</strong></span> <span class='ocrx_word' id='word_1_221' title='bbox 3044 1774 3207 1829; x_wconf 79' lang='lat' dir='ltr'><strong>agere</strong></span> <span class='ocrx_word' id='word_1_222' title='bbox 3245 1758 3428 1827; x_wconf 89' lang='lat' dir='ltr'><strong>soliti,</strong></span> <span class='ocrx_word' id='word_1_223' title='bbox 3462 1772 3561 1813; x_wconf 87' lang='lat' dir='ltr'><strong>nos</strong></span> <span class='ocrx_word' id='word_1_224' title='bbox 3602 1766 3658 1813; x_wconf 89' lang='lat' dir='ltr'><strong>et</strong></span> <span class='ocrx_word' id='word_1_225' title='bbox 3696 1757 3831 1812; x_wconf 83' lang='lat' dir='ltr'><strong>soli-</strong></span> 
     </span>
    </p>
   </div>
   <div class='ocr_carea' id='block_1_33' title="bbox 562 1827 3829 1926">
    <p class='ocr_par' dir='ltr' id='par_1_33' title="bbox 562 1827 3829 1926">
     <span class='ocr_line' id='line_1_33' title="bbox 562 1827 3829 1926; baseline -0.002 -17"><span class='ocrx_word' id='word_1_226' title='bbox 562 1853 768 1909; x_wconf 84' lang='lat' dir='ltr'><strong>Paulus</strong></span> <span class='ocrx_word' id='word_1_227' title='bbox 798 1856 872 1910; x_wconf 84' lang='lat' dir='ltr'><strong>ita</strong></span> <span class='ocrx_word' id='word_1_228' title='bbox 905 1857 1074 1911; x_wconf 85' lang='lat' dir='ltr'><strong>dicit:</strong></span> <span class='ocrx_word' id='word_1_229' title='bbox 1128 1874 1146 1907; x_wconf 80' lang='grc' dir='ltr'><strong>ι</strong></span> <span class='ocrx_word' id='word_1_230' title='bbox 1180 1856 1267 1925; x_wconf 71' lang='lat' dir='ltr'><strong>Ex</strong></span> <span class='ocrx_word' id='word_1_231' title='bbox 1302 1827 1511 1926; x_wconf 76' lang='lat' dir='ltr'><strong>quibus</strong></span> <span class='ocrx_word' id='word_1_232' title='bbox 1551 1827 1803 1914; x_wconf 80' lang='lat' dir='ltr'><strong>Christus</strong></span> <span class='ocrx_word' id='word_1_233' title='bbox 1844 1860 2142 1913; x_wconf 88' lang='lat' dir='ltr'><strong>secundum</strong></span> <span class='ocrx_word' id='word_1_234' title='bbox 2174 1827 2221 1887; x_wconf 76' lang='grc' dir='ltr'><strong>Β</strong></span> <span class='ocrx_word' id='word_1_235' title='bbox 2251 1853 2440 1908; x_wconf 89' lang='lat' dir='ltr'><strong>dorum</strong></span> <span class='ocrx_word' id='word_1_236' title='bbox 2485 1855 2804 1921; x_wconf 84' lang='lat' dir='ltr'><strong>probatores</strong></span> <span class='ocrx_word' id='word_1_237' title='bbox 2839 1852 3043 1907; x_wconf 89' lang='lat' dir='ltr'><strong>imitari</strong></span> <span class='ocrx_word' id='word_1_238' title='bbox 3086 1827 3447 1916; x_wconf 72' lang='lat' dir='ltr'><strong>l&#39;estinantes,</strong></span> <span class='ocrx_word' id='word_1_239' title='bbox 3488 1851 3572 1905; x_wconf 84' lang='lat' dir='ltr'><strong>illa</strong></span> <span class='ocrx_word' id='word_1_240' title='bbox 3610 1852 3829 1919; x_wconf 86' lang='lat' dir='ltr'><strong>quidem</strong></span> 
     </span>
    </p>
   </div>
   <div class='ocr_carea' id='block_1_34' title="bbox 563 1948 2149 2019">
    <p class='ocr_par' dir='ltr' id='par_1_34' title="bbox 563 1948 2149 2019">
     <span class='ocr_line' id='line_1_34' title="bbox 563 1948 2149 2019; baseline 0.003 -19"><span class='ocrx_word' id='word_1_241' title='bbox 563 1963 810 2014; x_wconf 88' lang='lat' dir='ltr'><strong>carnem,</strong></span> <span class='ocrx_word' id='word_1_242' title='bbox 842 1948 932 2018; x_wconf 87' lang='lat' dir='ltr'><strong>qui</strong></span> <span class='ocrx_word' id='word_1_243' title='bbox 967 1957 1049 2002; x_wconf 90' lang='lat' dir='ltr'><strong>est</strong></span> <span class='ocrx_word' id='word_1_244' title='bbox 1094 1962 1260 2018; x_wconf 89' lang='lat' dir='ltr'><strong>super</strong></span> <span class='ocrx_word' id='word_1_245' title='bbox 1303 1950 1484 2003; x_wconf 86' lang='lat' dir='ltr'><strong>omnia</strong></span> <span class='ocrx_word' id='word_1_246' title='bbox 1536 1948 1677 2004; x_wconf 89' lang='lat' dir='ltr'><strong>Deus</strong></span> <span class='ocrx_word' id='word_1_247' title='bbox 1708 1949 1775 2015; x_wconf 70' lang='grc'><strong>⁸⁸,</strong></span> <span class='ocrx_word' id='word_1_248' title='bbox 1814 1969 1834 2002; x_wconf 77' lang='lat' dir='ltr'><strong>s</strong></span> <span class='ocrx_word' id='word_1_249' title='bbox 1870 1968 1975 2006; x_wconf 87' lang='lat' dir='ltr'><strong>non</strong></span> <span class='ocrx_word' id='word_1_250' title='bbox 2008 1952 2149 2019; x_wconf 82' lang='lat' dir='ltr'><strong>quod</strong></span> 
     </span>
    </p>
   </div>
   <div class='ocr_carea' id='block_1_35' title="bbox 562 2040 2146 2111">
    <p class='ocr_par' dir='ltr' id='par_1_35' title="bbox 562 2040 2146 2111">
     <span class='ocr_line' id='line_1_35' title="bbox 562 2040 2146 2111; baseline 0.001 -17"><span class='ocrx_word' id='word_1_251' title='bbox 562 2056 628 2094; x_wconf 74' lang='lat' dir='ltr'><strong>ex</strong></span> <span class='ocrx_word' id='word_1_252' title='bbox 661 2040 867 2095; x_wconf 59' lang='lat' dir='ltr'><strong>Juda&#39;is</strong></span> <span class='ocrx_word' id='word_1_253' title='bbox 896 2050 943 2094; x_wconf 89' lang='lat' dir='ltr'><strong>et</strong></span> <span class='ocrx_word' id='word_1_254' title='bbox 974 2041 1259 2093; x_wconf 82' lang='lat' dir='ltr'><strong>secundum</strong></span> <span class='ocrx_word' id='word_1_255' title='bbox 1292 2057 1503 2094; x_wconf 82' lang='lat' dir='ltr'><strong>carnem</strong></span> <span class='ocrx_word' id='word_1_256' title='bbox 1531 2053 1628 2108; x_wconf 85' lang='lat' dir='ltr'><strong>est,</strong></span> <span class='ocrx_word' id='word_1_257' title='bbox 1660 2044 1749 2111; x_wconf 85' lang='lat' dir='ltr'><strong>qui</strong></span> <span class='ocrx_word' id='word_1_258' title='bbox 1790 2058 1947 2109; x_wconf 88' lang='lat' dir='ltr'><strong>super</strong></span> <span class='ocrx_word' id='word_1_259' title='bbox 1970 2044 2146 2097; x_wconf 89' lang='lat' dir='ltr'><strong>omnia</strong></span> 
     </span>
    </p>
   </div>
   <div class='ocr_carea' id='block_1_36' title="bbox 563 2133 2145 2204">
    <p class='ocr_par' dir='ltr' id='par_1_36' title="bbox 563 2133 2145 2204">
     <span class='ocr_line' id='line_1_36' title="bbox 563 2133 2145 2204; baseline 0.001 -18"><span class='ocrx_word' id='word_1_260' title='bbox 563 2133 703 2187; x_wconf 80' lang='lat' dir='ltr'><strong>Deus</strong></span> <span class='ocrx_word' id='word_1_261' title='bbox 732 2146 847 2198; x_wconf 83' lang='lat' dir='ltr'><strong>est;</strong></span> <span class='ocrx_word' id='word_1_262' title='bbox 876 2136 964 2188; x_wconf 76' lang='lat' dir='ltr'><strong>sed</strong></span> <span class='ocrx_word' id='word_1_263' title='bbox 1000 2134 1098 2187; x_wconf 85' lang='lat' dir='ltr'><strong>hoc</strong></span> <span class='ocrx_word' id='word_1_264' title='bbox 1137 2136 1351 2204; x_wconf 84' lang='lat' dir='ltr'><strong>quidem</strong></span> <span class='ocrx_word' id='word_1_265' title='bbox 1393 2134 1461 2187; x_wconf 87' lang='lat' dir='ltr'><strong>ad</strong></span> <span class='ocrx_word' id='word_1_266' title='bbox 1501 2134 1912 2203; x_wconf 84' lang='lat' dir='ltr'><strong>signiﬁcandam</strong></span> <span class='ocrx_word' id='word_1_267' title='bbox 1955 2136 2145 2187; x_wconf 84' lang='lat' dir='ltr'><strong>Imma-</strong></span> 
     </span>
    </p>
   </div>
   <div class='ocr_carea' id='block_1_37' title="bbox 564 2223 2147 2296">
    <p class='ocr_par' dir='ltr' id='par_1_37' title="bbox 564 2223 2147 2296">
     <span class='ocr_line' id='line_1_37' title="bbox 564 2223 2147 2296; baseline 0.001 -18"><span class='ocrx_word' id='word_1_268' title='bbox 564 2242 685 2278; x_wconf 88' lang='lat' dir='ltr'><strong>nam</strong></span> <span class='ocrx_word' id='word_1_269' title='bbox 712 2237 959 2279; x_wconf 87' lang='lat' dir='ltr'><strong>naturam</strong></span> <span class='ocrx_word' id='word_1_270' title='bbox 1001 2225 1163 2292; x_wconf 70' lang='lat' dir='ltr'><strong>dixit,</strong></span> <span class='ocrx_word' id='word_1_271' title='bbox 1200 2242 1358 2296; x_wconf 84' lang='lat' dir='ltr'><strong>quant</strong></span> <span class='ocrx_word' id='word_1_272' title='bbox 1387 2226 1451 2278; x_wconf 90' lang='lat' dir='ltr'><strong>ab</strong></span> <span class='ocrx_word' id='word_1_273' title='bbox 1485 2223 1782 2279; x_wconf 86' lang='lat' dir='ltr'><strong>Israelitico</strong></span> <span class='ocrx_word' id='word_1_274' title='bbox 1819 2242 2004 2295; x_wconf 86' lang='lat' dir='ltr'><strong>genere</strong></span> <span class='ocrx_word' id='word_1_275' title='bbox 2036 2242 2147 2280; x_wconf 89' lang='lat' dir='ltr'><strong>esse</strong></span> 
     </span>
    </p>
   </div>
   <div class='ocr_carea' id='block_1_38' title="bbox 562 2315 2149 2382">
    <p class='ocr_par' dir='ltr' id='par_1_38' title="bbox 562 2315 2149 2382">
     <span class='ocr_line' id='line_1_38' title="bbox 562 2315 2149 2382; baseline 0.003 -15"><span class='ocrx_word' id='word_1_276' title='bbox 562 2315 780 2382; x_wconf 79' lang='lat' dir='ltr'><strong>sciebat,</strong></span> <span class='ocrx_word' id='word_1_277' title='bbox 812 2316 946 2369; x_wconf 82' lang='lat' dir='ltr'><strong>illud</strong></span> <span class='ocrx_word' id='word_1_278' title='bbox 982 2324 1157 2370; x_wconf 86' lang='lat' dir='ltr'><strong>autem</strong></span> <span class='ocrx_word' id='word_1_279' title='bbox 1191 2316 1260 2369; x_wconf 85' lang='lat' dir='ltr'><strong>ad</strong></span> <span class='ocrx_word' id='word_1_280' title='bbox 1307 2317 1682 2370; x_wconf 76' lang='lat' dir='ltr'><strong>ostendendam</strong></span> <span class='ocrx_word' id='word_1_281' title='bbox 1722 2318 1953 2371; x_wconf 81' lang='lat' dir='ltr'><strong>diuinam</strong></span> <span class='ocrx_word' id='word_1_282' title='bbox 1989 2327 2149 2371; x_wconf 87' lang='lat' dir='ltr'><strong>natu-</strong></span> 
     </span>
    </p>
   </div>
   <div class='ocr_carea' id='block_1_39' title="bbox 562 2408 2144 2479">
    <p class='ocr_par' dir='ltr' id='par_1_39' title="bbox 562 2408 2144 2479">
     <span class='ocr_line' id='line_1_39' title="bbox 562 2408 2144 2479; baseline 0.002 -19"><span class='ocrx_word' id='word_1_283' title='bbox 562 2423 709 2472; x_wconf 88' lang='lat' dir='ltr'><strong>ram,</strong></span> <span class='ocrx_word' id='word_1_284' title='bbox 760 2424 916 2479; x_wconf 89' lang='lat' dir='ltr'><strong>quam</strong></span> <span class='ocrx_word' id='word_1_285' title='bbox 948 2422 1111 2477; x_wconf 82' lang='lat' dir='ltr'><strong>supra</strong></span> <span class='ocrx_word' id='word_1_286' title='bbox 1179 2408 1356 2462; x_wconf 84' lang='lat' dir='ltr'><strong>omnia</strong></span> <span class='ocrx_word' id='word_1_287' title='bbox 1401 2418 1451 2463; x_wconf 88' lang='lat' dir='ltr'><strong>et</strong></span> <span class='ocrx_word' id='word_1_288' title='bbox 1499 2408 1741 2462; x_wconf 86' lang='lat' dir='ltr'><strong>omnibus</strong></span> <span class='ocrx_word' id='word_1_289' title='bbox 1788 2410 2144 2465; x_wconf 80' lang='lat' dir='ltr'><strong>dominantem</strong></span> 
     </span>
    </p>
   </div>
   <div class='ocr_carea' id='block_1_40' title="bbox 560 2498 2149 2568">
    <p class='ocr_par' dir='ltr' id='par_1_40' title="bbox 560 2498 2149 2568">
     <span class='ocr_line' id='line_1_40' title="bbox 560 2498 2149 2568; baseline 0.005 -17"><span class='ocrx_word' id='word_1_290' title='bbox 560 2498 759 2553; x_wconf 77' lang='lat' dir='ltr'><strong>sciebat</strong></span> <span class='ocrx_word' id='word_1_291' title='bbox 790 2516 808 2553; x_wconf 92' lang='lat'><strong><em>:</em></strong></span> <span class='ocrx_word' id='word_1_292' title='bbox 845 2517 863 2551; x_wconf 74' lang='grc' dir='ltr'><strong>ιι</strong></span> <span class='ocrx_word' id='word_1_293' title='bbox 891 2498 934 2556; x_wconf 94' lang='lat'><strong>0</strong></span> <span class='ocrx_word' id='word_1_294' title='bbox 957 2500 1127 2567; x_wconf 89' lang='lat' dir='ltr'><strong>surdi,</strong></span> <span class='ocrx_word' id='word_1_295' title='bbox 1160 2500 1362 2568; x_wconf 89' lang='lat' dir='ltr'><strong>audite,</strong></span> <span class='ocrx_word' id='word_1_296' title='bbox 1393 2511 1471 2567; x_wconf 90' lang='lat' dir='ltr'><strong>et,</strong></span> <span class='ocrx_word' id='word_1_297' title='bbox 1502 2503 1652 2564; x_wconf 65' lang='lat' dir='ltr'><strong>ca‘ci,</strong></span> <span class='ocrx_word' id='word_1_298' title='bbox 1685 2501 1865 2557; x_wconf 86' lang='lat' dir='ltr'><strong>videte</strong></span> <span class='ocrx_word' id='word_1_299' title='bbox 1889 2503 1961 2568; x_wconf 80' lang='grc' dir='ltr'><strong>⁸ο,</strong></span> <span class='ocrx_word' id='word_1_300' title='bbox 2002 2521 2019 2553; x_wconf 84' lang='grc'><strong>›</strong></span> <span class='ocrx_word' id='word_1_301' title='bbox 2057 2517 2149 2559; x_wconf 89' lang='lat' dir='ltr'><strong>ac—</strong></span> 
     </span>
    </p>
   </div>
   <div class='ocr_carea' id='block_1_41' title="bbox 565 2591 2148 2663">
    <p class='ocr_par' dir='ltr' id='par_1_41' title="bbox 565 2591 2148 2663">
     <span class='ocr_line' id='line_1_41' title="bbox 565 2591 2148 2663; baseline 0.004 -21"><span class='ocrx_word' id='word_1_302' title='bbox 565 2591 822 2645; x_wconf 49' lang='lat' dir='ltr'><strong>c‘lamavit</strong></span> <span class='ocrx_word' id='word_1_303' title='bbox 854 2592 1047 2662; x_wconf 89' lang='lat' dir='ltr'><strong>aliquis</strong></span> <span class='ocrx_word' id='word_1_304' title='bbox 1080 2601 1392 2647; x_wconf 88' lang='lat' dir='ltr'><strong>sanctorum</strong></span> <span class='ocrx_word' id='word_1_305' title='bbox 1423 2597 1505 2648; x_wconf 90' lang='lat' dir='ltr'><strong>eis</strong></span> <span class='ocrx_word' id='word_1_306' title='bbox 1544 2593 1635 2663; x_wconf 91' lang='lat' dir='ltr'><strong>qui</strong></span> <span class='ocrx_word' id='word_1_307' title='bbox 1665 2592 1884 2649; x_wconf 80' lang='lat' dir='ltr'><strong>fuerunt</strong></span> <span class='ocrx_word' id='word_1_308' title='bbox 1923 2602 1990 2651; x_wconf 84' lang='lat' dir='ltr'><strong>ex</strong></span> <span class='ocrx_word' id='word_1_309' title='bbox 2021 2609 2148 2649; x_wconf 82' lang='lat' dir='ltr'><strong>sau-</strong></span> 
     </span>
    </p>
   </div>
   <div class='ocr_carea' id='block_1_42' title="bbox 563 2682 2146 2753">
    <p class='ocr_par' dir='ltr' id='par_1_42' title="bbox 563 2682 2146 2753">
     <span class='ocr_line' id='line_1_42' title="bbox 563 2682 2146 2753; baseline 0.004 -19"><span class='ocrx_word' id='word_1_310' title='bbox 563 2683 727 2751; x_wconf 77' lang='lat' dir='ltr'><strong>guine</strong></span> <span class='ocrx_word' id='word_1_311' title='bbox 756 2682 940 2740; x_wconf 89' lang='lat' dir='ltr'><strong>lsrael.</strong></span> <span class='ocrx_word' id='word_1_312' title='bbox 978 2684 1088 2753; x_wconf 80' lang='lat' dir='ltr'><strong>Ego</strong></span> <span class='ocrx_word' id='word_1_313' title='bbox 1119 2694 1301 2740; x_wconf 87' lang='lat' dir='ltr'><strong>autem</strong></span> <span class='ocrx_word' id='word_1_314' title='bbox 1349 2684 1610 2751; x_wconf 86' lang='lat' dir='ltr'><strong>arbitror,</strong></span> <span class='ocrx_word' id='word_1_315' title='bbox 1642 2695 1698 2742; x_wconf 88' lang='lat' dir='ltr'><strong>et</strong></span> <span class='ocrx_word' id='word_1_316' title='bbox 1742 2686 1894 2740; x_wconf 80' lang='lat' dir='ltr'><strong>valde</strong></span> <span class='ocrx_word' id='word_1_317' title='bbox 1934 2685 2146 2750; x_wconf 90' lang='lat' dir='ltr'><strong>merito,</strong></span> 
     </span>
    </p>
   </div>
   <div class='ocr_carea' id='block_1_43' title="bbox 563 2775 2148 2844">
    <p class='ocr_par' dir='ltr' id='par_1_43' title="bbox 563 2775 2148 2844">
     <span class='ocr_line' id='line_1_43' title="bbox 563 2775 2148 2844; baseline 0.004 -17"><span class='ocrx_word' id='word_1_318' title='bbox 563 2775 668 2827; x_wconf 88' lang='lat' dir='ltr'><strong>hoc</strong></span> <span class='ocrx_word' id='word_1_319' title='bbox 696 2786 877 2844; x_wconf 88' lang='lat' dir='ltr'><strong>aptmn</strong></span> <span class='ocrx_word' id='word_1_320' title='bbox 908 2790 1029 2832; x_wconf 90' lang='lat' dir='ltr'><strong>esse</strong></span> <span class='ocrx_word' id='word_1_321' title='bbox 1063 2791 1168 2831; x_wconf 88' lang='lat' dir='ltr'><strong>non</strong></span> <span class='ocrx_word' id='word_1_322' title='bbox 1202 2777 1546 2842; x_wconf 87' lang='lat' dir='ltr'><strong>habentibus,</strong></span> <span class='ocrx_word' id='word_1_323' title='bbox 1573 2777 1657 2832; x_wconf 90' lang='lat' dir='ltr'><strong>vel</strong></span> <span class='ocrx_word' id='word_1_324' title='bbox 1689 2793 1795 2832; x_wconf 93' lang='lat' dir='ltr'><strong>non</strong></span> <span class='ocrx_word' id='word_1_325' title='bbox 1838 2776 2148 2834; x_wconf 89' lang='lat' dir='ltr'><strong>volentibus</strong></span> 
     </span>
    </p>
   </div>
   <div class='ocr_carea' id='block_1_44' title="bbox 532 2866 2151 2950">
    <p class='ocr_par' dir='ltr' id='par_1_44' title="bbox 532 2866 2151 2950">
     <span class='ocr_line' id='line_1_44' title="bbox 532 2866 2151 2950; baseline 0.002 -31"><span class='ocrx_word' id='word_1_326' title='bbox 532 2876 715 2950; x_wconf 23' lang='lat' dir='ltr'><strong>trecte</strong></span> <span class='ocrx_word' id='word_1_327' title='bbox 744 2867 1048 2937; x_wconf 79' lang='lat' dir='ltr'><strong>intelligere</strong></span> <span class='ocrx_word' id='word_1_328' title='bbox 1079 2868 1284 2924; x_wconf 85' lang='lat' dir='ltr'><strong>Christi</strong></span> <span class='ocrx_word' id='word_1_329' title='bbox 1314 2870 1656 2940; x_wconf 71' lang='lat' dir='ltr'><strong>mysterium.</strong></span> <span class='ocrx_word' id='word_1_330' title='bbox 1683 2866 1819 2923; x_wconf 87' lang='lat' dir='ltr'><strong>Nam</strong></span> <span class='ocrx_word' id='word_1_331' title='bbox 1851 2869 2151 2927; x_wconf 66' lang='lat' dir='ltr'><strong>obcaecavit</strong></span> 
     </span>
    </p>
   </div>
   <div class='ocr_carea' id='block_1_45' title="bbox 564 2961 2148 3032">
    <p class='ocr_par' dir='ltr' id='par_1_45' title="bbox 564 2961 2148 3032">
     <span class='ocr_line' id='line_1_45' title="bbox 564 2961 2148 3032; baseline 0 -15"><span class='ocrx_word' id='word_1_332' title='bbox 564 2961 781 3031; x_wconf 87' lang='lat' dir='ltr'><strong>quidem</strong></span> <span class='ocrx_word' id='word_1_333' title='bbox 820 2962 961 3018; x_wconf 87' lang='lat' dir='ltr'><strong>Deus</strong></span> <span class='ocrx_word' id='word_1_334' title='bbox 992 2963 1176 3018; x_wconf 56' lang='grc' dir='ltr'><strong>δακρυιί</strong></span> <span class='ocrx_word' id='word_1_335' title='bbox 1212 2963 1372 3019; x_wconf 87' lang='lat' dir='ltr'><strong>istius</strong></span> <span class='ocrx_word' id='word_1_336' title='bbox 1420 2962 1810 3032; x_wconf 74' lang='lat' dir='ltr'><strong>intelligentias</strong></span> <span class='ocrx_word' id='word_1_337' title='bbox 1848 2962 2148 3018; x_wconf 80' lang='lat' dir='ltr'><strong>inﬁdelium</strong></span> 
     </span>
    </p>
   </div>
   <div class='ocr_carea' id='block_1_46' title="bbox 564 3053 2150 3125">
    <p class='ocr_par' dir='ltr' id='par_1_46' title="bbox 564 3053 2150 3125">
     <span class='ocr_line' id='line_1_46' title="bbox 564 3053 2150 3125; baseline 0.001 -18"><span class='ocrx_word' id='word_1_338' title='bbox 564 3062 622 3107; x_wconf 88' lang='lat' dir='ltr'><strong>et</strong></span> <span class='ocrx_word' id='word_1_339' title='bbox 651 3053 988 3125; x_wconf 76' lang='lat' dir='ltr'><strong>iutelligibile</strong></span> <span class='ocrx_word' id='word_1_340' title='bbox 1024 3054 1076 3108; x_wconf 91' lang='lat' dir='ltr'><strong>in</strong></span> <span class='ocrx_word' id='word_1_341' title='bbox 1124 3065 1306 3109; x_wconf 82' lang='lat' dir='ltr'><strong>meme</strong></span> <span class='ocrx_word' id='word_1_342' title='bbox 1353 3064 1408 3109; x_wconf 91' lang='lat' dir='ltr'><strong>et</strong></span> <span class='ocrx_word' id='word_1_343' title='bbox 1449 3053 1501 3108; x_wconf 91' lang='lat' dir='ltr'><strong>in</strong></span> <span class='ocrx_word' id='word_1_344' title='bbox 1549 3054 1714 3108; x_wconf 87' lang='lat' dir='ltr'><strong>corde</strong></span> <span class='ocrx_word' id='word_1_345' title='bbox 1746 3068 1852 3107; x_wconf 93' lang='lat' dir='ltr'><strong>non</strong></span> <span class='ocrx_word' id='word_1_346' title='bbox 1884 3053 2150 3109; x_wconf 88' lang='lat' dir='ltr'><strong>habentes</strong></span> 
     </span>
    </p>
   </div>
   <div class='ocr_carea' id='block_1_47' title="bbox 564 3145 2220 3233">
    <p class='ocr_par' dir='ltr' id='par_1_47' title="bbox 564 3145 2220 3233">
     <span class='ocr_line' id='line_1_47' title="bbox 564 3145 2220 3233; baseline 0 -34"><span class='ocrx_word' id='word_1_347' title='bbox 564 3146 761 3201; x_wconf 72' lang='lat' dir='ltr'><strong>nverito</strong></span> <span class='ocrx_word' id='word_1_348' title='bbox 799 3155 1123 3201; x_wconf 89' lang='lat' dir='ltr'><strong>erraverunt</strong></span> <span class='ocrx_word' id='word_1_349' title='bbox 1155 3148 1223 3200; x_wconf 79' lang='grc'>⁸⁸.</span> <span class='ocrx_word' id='word_1_350' title='bbox 1250 3146 1318 3209; x_wconf 85' lang='lat' dir='ltr'><strong>Si</strong></span> <span class='ocrx_word' id='word_1_351' title='bbox 1352 3160 1481 3201; x_wconf 87' lang='lat' dir='ltr'><strong>vero</strong></span> <span class='ocrx_word' id='word_1_352' title='bbox 1519 3145 1740 3215; x_wconf 84' lang='lat' dir='ltr'><strong>quidam</strong></span> <span class='ocrx_word' id='word_1_353' title='bbox 1778 3147 1906 3201; x_wconf 83' lang='lat' dir='ltr'><strong>sun&#39;t</strong></span> <span class='ocrx_word' id='word_1_354' title='bbox 1951 3145 2152 3199; x_wconf 88' lang='lat' dir='ltr'><strong>illumi-</strong></span> <span class='ocrx_word' id='word_1_355' title='bbox 2178 3174 2220 3233; x_wconf 64' lang='grc' dir='ltr'>ο</span> 
     </span>
    </p>
   </div>
   <div class='ocr_carea' id='block_1_48' title="bbox 564 3238 2149 3307">
    <p class='ocr_par' dir='ltr' id='par_1_48' title="bbox 564 3238 2149 3307">
     <span class='ocr_line' id='line_1_48' title="bbox 564 3238 2149 3307; baseline 0.001 -17"><span class='ocrx_word' id='word_1_356' title='bbox 564 3238 704 3301; x_wconf 87' lang='lat' dir='ltr'><strong>nati,</strong></span> <span class='ocrx_word' id='word_1_357' title='bbox 735 3238 907 3307; x_wconf 75' lang='lat' dir='ltr'><strong>magis</strong></span> <span class='ocrx_word' id='word_1_358' title='bbox 931 3253 1059 3292; x_wconf 90' lang='lat' dir='ltr'><strong>vero</strong></span> <span class='ocrx_word' id='word_1_359' title='bbox 1087 3239 1255 3294; x_wconf 92' lang='lat' dir='ltr'><strong>etiam</strong></span> <span class='ocrx_word' id='word_1_360' title='bbox 1287 3238 1601 3293; x_wconf 80' lang='lat' dir='ltr'><strong>doctoribus</strong></span> <span class='ocrx_word' id='word_1_361' title='bbox 1632 3238 2033 3301; x_wconf 88' lang='lat' dir='ltr'><strong>counumerati,</strong></span> <span class='ocrx_word' id='word_1_362' title='bbox 2054 3238 2149 3306; x_wconf 87' lang='lat' dir='ltr'><strong>qui</strong></span> 
     </span>
    </p>
   </div>
   <div class='ocr_carea' id='block_1_49' title="bbox 562 3326 2152 3400">
    <p class='ocr_par' dir='ltr' id='par_1_49' title="bbox 562 3326 2152 3400">
     <span class='ocr_line' id='line_1_49' title="bbox 562 3326 2152 3400; baseline 0.001 -17"><span class='ocrx_word' id='word_1_363' title='bbox 562 3326 836 3383; x_wconf 87' lang='lat' dir='ltr'><strong>similibus</strong></span> <span class='ocrx_word' id='word_1_364' title='bbox 867 3330 1074 3385; x_wconf 90' lang='lat' dir='ltr'><strong>morbis</strong></span> <span class='ocrx_word' id='word_1_365' title='bbox 1104 3330 1288 3386; x_wconf 86' lang='lat' dir='ltr'><strong>nescio</strong></span> <span class='ocrx_word' id='word_1_366' title='bbox 1318 3331 1590 3400; x_wconf 88' lang='lat' dir='ltr'><strong>quomodo</strong></span> <span class='ocrx_word' id='word_1_367' title='bbox 1612 3330 1817 3385; x_wconf 83' lang='lat' dir='ltr'><strong>detenti</strong></span> <span class='ocrx_word' id='word_1_368' title='bbox 1850 3340 1998 3398; x_wconf 87' lang='lat' dir='ltr'><strong>sunt,</strong></span> <span class='ocrx_word' id='word_1_369' title='bbox 2023 3331 2152 3398; x_wconf 89' lang='lat' dir='ltr'><strong>quid</strong></span> 
     </span>
    </p>
   </div>
   <div class='ocr_carea' id='block_1_50' title="bbox 566 3418 2152 3491">
    <p class='ocr_par' dir='ltr' id='par_1_50' title="bbox 566 3418 2152 3491">
     <span class='ocr_line' id='line_1_50' title="bbox 566 3418 2152 3491; baseline 0.003 -19"><span class='ocrx_word' id='word_1_370' title='bbox 566 3418 713 3473; x_wconf 87' lang='lat' dir='ltr'><strong>aliud</strong></span> <span class='ocrx_word' id='word_1_371' title='bbox 761 3420 841 3474; x_wconf 87' lang='lat' dir='ltr'><strong>eis</strong></span> <span class='ocrx_word' id='word_1_372' title='bbox 892 3420 1092 3490; x_wconf 81' lang='lat' dir='ltr'><strong>aliquis</strong></span> <span class='ocrx_word' id='word_1_373' title='bbox 1132 3422 1412 3489; x_wconf 88' lang='lat' dir='ltr'><strong>acclamet,</strong></span> <span class='ocrx_word' id='word_1_374' title='bbox 1444 3437 1605 3491; x_wconf 84' lang='lat' dir='ltr'><strong>quam</strong></span> <span class='ocrx_word' id='word_1_375' title='bbox 1652 3422 1756 3477; x_wconf 86' lang='lat' dir='ltr'><strong>hoc</strong></span> <span class='ocrx_word' id='word_1_376' title='bbox 1795 3424 1938 3491; x_wconf 88' lang='lat' dir='ltr'><strong>quod</strong></span> <span class='ocrx_word' id='word_1_377' title='bbox 1980 3437 2011 3475; x_wconf 91' lang='lat' dir='ltr'><strong>a</strong></span> <span class='ocrx_word' id='word_1_378' title='bbox 2042 3422 2152 3477; x_wconf 90' lang='lat' dir='ltr'><strong>Deo</strong></span> 
     </span>
    </p>
   </div>
   <div class='ocr_carea' id='block_1_51' title="bbox 562 3512 2146 3584">
    <p class='ocr_par' dir='ltr' id='par_1_51' title="bbox 562 3512 2146 3584">
     <span class='ocr_line' id='line_1_51' title="bbox 562 3512 2146 3584; baseline 0.001 -18"><span class='ocrx_word' id='word_1_379' title='bbox 562 3512 772 3567; x_wconf 76' lang='lat' dir='ltr'><strong>dictant</strong></span> <span class='ocrx_word' id='word_1_380' title='bbox 829 3523 915 3567; x_wconf 91' lang='lat' dir='ltr'><strong>est</strong></span> <span class='ocrx_word' id='word_1_381' title='bbox 970 3528 1066 3581; x_wconf 90' lang='lat' dir='ltr'><strong>per</strong></span> <span class='ocrx_word' id='word_1_382' title='bbox 1116 3529 1283 3568; x_wconf 89' lang='lat' dir='ltr'><strong>unum</strong></span> <span class='ocrx_word' id='word_1_383' title='bbox 1338 3523 1649 3569; x_wconf 85' lang='lat' dir='ltr'><strong>sanctorum</strong></span> <span class='ocrx_word' id='word_1_384' title='bbox 1707 3514 2146 3584; x_wconf 86' lang='lat' dir='ltr'><strong>prophetarum:</strong></span> 
     </span>
    </p>
   </div>
   <div class='ocr_carea' id='block_1_52' title="bbox 564 3603 2148 3675">
    <p class='ocr_par' dir='ltr' id='par_1_52' title="bbox 564 3603 2148 3675">
     <span class='ocr_line' id='line_1_52' title="bbox 564 3603 2148 3675; baseline 0.004 -18"><span class='ocrx_word' id='word_1_385' title='bbox 564 3623 590 3657; x_wconf 64' lang='grc' dir='ltr'><strong>τ</strong></span> <span class='ocrx_word' id='word_1_386' title='bbox 630 3603 783 3670; x_wconf 82' lang='lat' dir='ltr'><strong>Quod</strong></span> <span class='ocrx_word' id='word_1_387' title='bbox 816 3605 1043 3674; x_wconf 86' lang='lat' dir='ltr'><strong>laqueus</strong></span> <span class='ocrx_word' id='word_1_388' title='bbox 1086 3603 1214 3660; x_wconf 79' lang='lat' dir='ltr'><strong>iacti</strong></span> <span class='ocrx_word' id='word_1_389' title='bbox 1258 3605 1390 3660; x_wconf 87' lang='lat' dir='ltr'><strong>estis</strong></span> <span class='ocrx_word' id='word_1_390' title='bbox 1427 3604 1658 3675; x_wconf 81' lang='lat' dir='ltr'><strong>speculae</strong></span> <span class='ocrx_word' id='word_1_391' title='bbox 1708 3607 1760 3661; x_wconf 91' lang='lat' dir='ltr'><strong>in</strong></span> <span class='ocrx_word' id='word_1_392' title='bbox 1810 3606 2148 3674; x_wconf 87' lang='lat' dir='ltr'><strong>visitatione,</strong></span> 
     </span>
    </p>
   </div>
   <div class='ocr_carea' id='block_1_53' title="bbox 561 3696 2151 3768">
    <p class='ocr_par' dir='ltr' id='par_1_53' title="bbox 561 3696 2151 3768">
     <span class='ocr_line' id='line_1_53' title="bbox 561 3696 2151 3768; baseline 0.001 -17"><span class='ocrx_word' id='word_1_393' title='bbox 561 3707 621 3751; x_wconf 81' lang='lat' dir='ltr'><strong>et</strong></span> <span class='ocrx_word' id='word_1_394' title='bbox 649 3696 788 3751; x_wconf 90' lang='lat' dir='ltr'><strong>sicut</strong></span> <span class='ocrx_word' id='word_1_395' title='bbox 838 3697 972 3751; x_wconf 90' lang='lat' dir='ltr'><strong>retia</strong></span> <span class='ocrx_word' id='word_1_396' title='bbox 1017 3706 1244 3751; x_wconf 80' lang='lat' dir='ltr'><strong>extensa</strong></span> <span class='ocrx_word' id='word_1_397' title='bbox 1277 3698 1329 3751; x_wconf 90' lang='lat' dir='ltr'><strong>in</strong></span> <span class='ocrx_word' id='word_1_398' title='bbox 1356 3699 1674 3763; x_wconf 87' lang='lat' dir='ltr'><strong>statumine,</strong></span> <span class='ocrx_word' id='word_1_399' title='bbox 1705 3713 1868 3766; x_wconf 86' lang='lat' dir='ltr'><strong>quam</strong></span> <span class='ocrx_word' id='word_1_400' title='bbox 1914 3699 2007 3768; x_wconf 89' lang='lat' dir='ltr'><strong>qui</strong></span> <span class='ocrx_word' id='word_1_401' title='bbox 2058 3715 2151 3754; x_wconf 88' lang='lat' dir='ltr'><strong>ve-</strong></span> 
     </span>
    </p>
   </div>
   <div class='ocr_carea' id='block_1_54' title="bbox 565 3787 2149 3861">
    <p class='ocr_par' dir='ltr' id='par_1_54' title="bbox 565 3787 2149 3861">
     <span class='ocr_line' id='line_1_54' title="bbox 565 3787 2149 3861; baseline 0.003 -20"><span class='ocrx_word' id='word_1_402' title='bbox 565 3799 789 3854; x_wconf 87' lang='lat' dir='ltr'><strong>nantur,</strong></span> <span class='ocrx_word' id='word_1_403' title='bbox 815 3789 1160 3843; x_wconf 79' lang='lat' dir='ltr'><strong>conﬁxerunt</strong></span> <span class='ocrx_word' id='word_1_404' title='bbox 1183 3789 1273 3843; x_wconf 63' lang='lat'><strong>5&#39;?</strong></span> <span class='ocrx_word' id='word_1_405' title='bbox 1310 3808 1327 3841; x_wconf 74' lang='grc' dir='ltr'><strong>ι</strong></span> <span class='ocrx_word' id='word_1_406' title='bbox 1366 3787 1467 3855; x_wconf 86' lang='lat' dir='ltr'><strong>Qui</strong></span> <span class='ocrx_word' id='word_1_407' title='bbox 1499 3790 1642 3844; x_wconf 87' lang='lat' dir='ltr'><strong>enim</strong></span> <span class='ocrx_word' id='word_1_408' title='bbox 1691 3790 2149 3861; x_wconf 84' lang='lat' dir='ltr'><strong>quamplurimam</strong></span> 
     </span>
    </p>
   </div>
   <div class='ocr_carea' id='block_1_55' title="bbox 564 3878 2152 3948">
    <p class='ocr_par' dir='ltr' id='par_1_55' title="bbox 564 3878 2152 3948">
     <span class='ocr_line' id='line_1_55' title="bbox 564 3878 2152 3948; baseline 0.003 -17"><span class='ocrx_word' id='word_1_409' title='bbox 564 3878 855 3933; x_wconf 87' lang='lat' dir='ltr'><strong>utilitatem</strong></span> <span class='ocrx_word' id='word_1_410' title='bbox 901 3878 1162 3948; x_wconf 87' lang='lat' dir='ltr'><strong>subjectis</strong></span> <span class='ocrx_word' id='word_1_411' title='bbox 1196 3880 1368 3946; x_wconf 68' lang='lat' dir='ltr'><strong>magis</strong></span> <span class='ocrx_word' id='word_1_412' title='bbox 1414 3881 1594 3935; x_wconf 83' lang='lat' dir='ltr'><strong>facere</strong></span> <span class='ocrx_word' id='word_1_413' title='bbox 1636 3881 1857 3946; x_wconf 87' lang='lat' dir='ltr'><strong>debent,</strong></span> <span class='ocrx_word' id='word_1_414' title='bbox 1905 3881 1994 3937; x_wconf 73' lang='lat' dir='ltr'><strong>iati</strong></span> <span class='ocrx_word' id='word_1_415' title='bbox 2040 3880 2152 3937; x_wconf 78' lang='lat' dir='ltr'><strong>hie-</strong></span> 
     </span>
    </p>
   </div>
   <div class='ocr_carea' id='block_1_56' title="bbox 568 3969 2151 4042">
    <p class='ocr_par' dir='ltr' id='par_1_56' title="bbox 568 3969 2151 4042">
     <span class='ocr_line' id='line_1_56' title="bbox 568 3969 2151 4042; baseline 0.004 -20"><span class='ocrx_word' id='word_1_416' title='bbox 568 3978 694 4023; x_wconf 87' lang='lat' dir='ltr'><strong>ruut</strong></span> <span class='ocrx_word' id='word_1_417' title='bbox 721 3979 775 4023; x_wconf 92' lang='lat' dir='ltr'><strong>et</strong></span> <span class='ocrx_word' id='word_1_418' title='bbox 802 3969 1048 4038; x_wconf 88' lang='lat' dir='ltr'><strong>laqueus,</strong></span> <span class='ocrx_word' id='word_1_419' title='bbox 1079 3979 1135 4024; x_wconf 89' lang='lat' dir='ltr'><strong>et</strong></span> <span class='ocrx_word' id='word_1_420' title='bbox 1166 3981 1299 4035; x_wconf 90' lang='lat' dir='ltr'><strong>rete,</strong></span> <span class='ocrx_word' id='word_1_421' title='bbox 1330 3978 1385 4025; x_wconf 90' lang='lat' dir='ltr'><strong>et</strong></span> <span class='ocrx_word' id='word_1_422' title='bbox 1417 3971 1661 4026; x_wconf 86' lang='lat' dir='ltr'><strong>scandali</strong></span> <span class='ocrx_word' id='word_1_423' title='bbox 1696 3973 1940 4038; x_wconf 86' lang='lat' dir='ltr'><strong>occasio,</strong></span> <span class='ocrx_word' id='word_1_424' title='bbox 1973 3983 2028 4028; x_wconf 92' lang='lat' dir='ltr'><strong>et</strong></span> <span class='ocrx_word' id='word_1_425' title='bbox 2057 3988 2151 4042; x_wconf 86' lang='lat' dir='ltr'><strong>pe-</strong></span> 
     </span>
    </p>
   </div>
   <div class='ocr_carea' id='block_1_57' title="bbox 565 4060 2149 4129">
    <p class='ocr_par' dir='ltr' id='par_1_57' title="bbox 565 4060 2149 4129">
     <span class='ocr_line' id='line_1_57' title="bbox 565 4060 2149 4129; baseline 0.004 -16"><span class='ocrx_word' id='word_1_426' title='bbox 565 4073 784 4114; x_wconf 86' lang='lat' dir='ltr'><strong>taurum</strong></span> <span class='ocrx_word' id='word_1_427' title='bbox 816 4060 1035 4115; x_wconf 78' lang='lat' dir='ltr'><strong>inferni.</strong></span> <span class='ocrx_word' id='word_1_428' title='bbox 1068 4062 1140 4116; x_wconf 84' lang='lat' dir='ltr'><strong>Et</strong></span> <span class='ocrx_word' id='word_1_429' title='bbox 1170 4062 1270 4116; x_wconf 86' lang='lat' dir='ltr'><strong>ista</strong></span> <span class='ocrx_word' id='word_1_430' title='bbox 1317 4063 1438 4118; x_wconf 91' lang='lat' dir='ltr'><strong>dico</strong></span> <span class='ocrx_word' id='word_1_431' title='bbox 1483 4063 1714 4119; x_wconf 83' lang='lat' dir='ltr'><strong>miratus</strong></span> <span class='ocrx_word' id='word_1_432' title='bbox 1754 4064 1946 4129; x_wconf 85' lang='lat' dir='ltr'><strong>valde,</strong></span> <span class='ocrx_word' id='word_1_433' title='bbox 1983 4074 2040 4120; x_wconf 87' lang='lat' dir='ltr'><strong>et</strong></span> <span class='ocrx_word' id='word_1_434' title='bbox 2069 4067 2149 4119; x_wconf 85' lang='lat' dir='ltr'><strong>vi-</strong></span> 
     </span>
    </p>
   </div>
   <div class='ocr_carea' id='block_1_58' title="bbox 561 4131 2151 4221">
    <p class='ocr_par' dir='ltr' id='par_1_58' title="bbox 561 4131 2151 4221">
     <span class='ocr_line' id='line_1_58' title="bbox 561 4131 2151 4221; baseline 0.003 -18"><span class='ocrx_word' id='word_1_435' title='bbox 561 4148 696 4203; x_wconf 82' lang='lat' dir='ltr'><strong>dere</strong></span> <span class='ocrx_word' id='word_1_436' title='bbox 724 4164 831 4203; x_wconf 84' lang='lat' dir='ltr'><strong>non</strong></span> <span class='ocrx_word' id='word_1_437' title='bbox 858 4131 1054 4220; x_wconf 58' lang='lat' dir='ltr'><strong>nolens</strong></span> <span class='ocrx_word' id='word_1_438' title='bbox 1083 4150 1150 4203; x_wconf 90' lang='lat' dir='ltr'><strong>ad</strong></span> <span class='ocrx_word' id='word_1_439' title='bbox 1187 4151 1316 4221; x_wconf 89' lang='lat' dir='ltr'><strong>quid</strong></span> <span class='ocrx_word' id='word_1_440' title='bbox 1350 4151 1573 4221; x_wconf 84' lang='lat' dir='ltr'><strong>respicit</strong></span> <span class='ocrx_word' id='word_1_441' title='bbox 1618 4152 1848 4209; x_wconf 87' lang='lat' dir='ltr'><strong>intentio</strong></span> <span class='ocrx_word' id='word_1_442' title='bbox 1892 4154 2151 4209; x_wconf 80' lang='lat' dir='ltr'><strong>adversa-</strong></span> 
     </span>
    </p>
   </div>
   <div class='ocr_carea' id='block_1_59' title="bbox 567 4234 2152 4317">
    <p class='ocr_par' dir='ltr' id='par_1_59' title="bbox 567 4234 2152 4317">
     <span class='ocr_line' id='line_1_59' title="bbox 567 4234 2152 4317; baseline 0.006 -25"><span class='ocrx_word' id='word_1_443' title='bbox 567 4240 655 4294; x_wconf 70' lang='lat' dir='ltr'><strong>rii.</strong></span> <span class='ocrx_word' id='word_1_444' title='bbox 686 4234 822 4293; x_wconf 82' lang='lat' dir='ltr'><strong>Nam</strong></span> <span class='ocrx_word' id='word_1_445' title='bbox 856 4239 1140 4295; x_wconf 81' lang='lat' dir='ltr'><strong>confessus</strong></span> <span class='ocrx_word' id='word_1_446' title='bbox 1168 4250 1252 4295; x_wconf 84' lang='lat' dir='ltr'><strong>est</strong></span> <span class='ocrx_word' id='word_1_447' title='bbox 1277 4241 1495 4310; x_wconf 82' lang='lat' dir='ltr'><strong>quidem</strong></span> <span class='ocrx_word' id='word_1_448' title='bbox 1534 4243 1837 4311; x_wconf 85' lang='lat' dir='ltr'><strong>evidenter,</strong></span> <span class='ocrx_word' id='word_1_449' title='bbox 1865 4245 2008 4315; x_wconf 90' lang='lat' dir='ltr'><strong>quod</strong></span> <span class='ocrx_word' id='word_1_450' title='bbox 2052 4260 2152 4317; x_wconf 83' lang='lat' dir='ltr'><strong>per</strong></span> 
     </span>
    </p>
   </div>
   <div class='ocr_carea' id='block_1_60' title="bbox 567 4330 2149 4393">
    <p class='ocr_par' dir='ltr' id='par_1_60' title="bbox 567 4330 2149 4393">
     <span class='ocr_line' id='line_1_60' title="bbox 567 4330 2149 4393; baseline 0.006 -10"><span class='ocrx_word' id='word_1_451' title='bbox 567 4330 765 4384; x_wconf 67' lang='lat' dir='ltr'><strong>Filium</strong></span> <span class='ocrx_word' id='word_1_452' title='bbox 796 4330 1007 4385; x_wconf 85' lang='lat' dir='ltr'><strong>locutus</strong></span> <span class='ocrx_word' id='word_1_453' title='bbox 1036 4341 1125 4387; x_wconf 89' lang='lat' dir='ltr'><strong>est</strong></span> <span class='ocrx_word' id='word_1_454' title='bbox 1159 4333 1315 4387; x_wconf 87' lang='lat' dir='ltr'><strong>nobis</strong></span> <span class='ocrx_word' id='word_1_455' title='bbox 1343 4334 1485 4389; x_wconf 87' lang='lat' dir='ltr'><strong>Deus</strong></span> <span class='ocrx_word' id='word_1_456' title='bbox 1514 4345 1569 4391; x_wconf 91' lang='lat' dir='ltr'><strong>et</strong></span> <span class='ocrx_word' id='word_1_457' title='bbox 1612 4335 1779 4390; x_wconf 88' lang='lat' dir='ltr'><strong>Pater</strong></span> <span class='ocrx_word' id='word_1_458' title='bbox 1808 4354 1822 4391; x_wconf 88' lang='lat'><strong>:</strong></span> <span class='ocrx_word' id='word_1_459' title='bbox 1863 4352 1984 4393; x_wconf 89' lang='lat' dir='ltr'><strong>esse</strong></span> <span class='ocrx_word' id='word_1_460' title='bbox 2020 4353 2149 4393; x_wconf 88' lang='lat' dir='ltr'><strong>vero</strong></span> 
     </span>
    </p>
   </div>
   <div class='ocr_carea' id='block_1_61' title="bbox 566 4421 2150 4494">
    <p class='ocr_par' dir='ltr' id='par_1_61' title="bbox 566 4421 2150 4494">
     <span class='ocr_line' id='line_1_61' title="bbox 566 4421 2150 4494; baseline 0.008 -20"><span class='ocrx_word' id='word_1_461' title='bbox 566 4423 731 4475; x_wconf 86' lang='lat' dir='ltr'><strong>istum</strong></span> <span class='ocrx_word' id='word_1_462' title='bbox 764 4421 897 4477; x_wconf 80' lang='lat' dir='ltr'><strong>dicit</strong></span> <span class='ocrx_word' id='word_1_463' title='bbox 939 4435 1279 4494; x_wconf 86' lang='lat' dir='ltr'><strong>assumptum</strong></span> <span class='ocrx_word' id='word_1_464' title='bbox 1329 4427 1626 4494; x_wconf 89' lang='lat' dir='ltr'><strong>hominem,</strong></span> <span class='ocrx_word' id='word_1_465' title='bbox 1663 4427 1867 4483; x_wconf 85' lang='lat' dir='ltr'><strong>nullam</strong></span> <span class='ocrx_word' id='word_1_466' title='bbox 1918 4430 2150 4486; x_wconf 87' lang='lat' dir='ltr'><strong>habente</strong></span> 
     </span>
    </p>
   </div>
   <div class='ocr_carea' id='block_1_62' title="bbox 565 4512 2149 4587">
    <p class='ocr_par' dir='ltr' id='par_1_62' title="bbox 565 4512 2149 4587">
     <span class='ocr_line' id='line_1_62' title="bbox 565 4512 2149 4587; baseline 0.004 -19"><span class='ocrx_word' id='word_1_467' title='bbox 565 4514 680 4568; x_wconf 77' lang='lat' dir='ltr'><strong>Deo</strong></span> <span class='ocrx_word' id='word_1_468' title='bbox 712 4512 886 4568; x_wconf 70' lang='lat' dir='ltr'><strong>Verbo</strong></span> <span class='ocrx_word' id='word_1_469' title='bbox 916 4514 986 4569; x_wconf 90' lang='lat' dir='ltr'><strong>ad</strong></span> <span class='ocrx_word' id='word_1_470' title='bbox 1019 4514 1122 4569; x_wconf 91' lang='lat' dir='ltr'><strong>hoc</strong></span> <span class='ocrx_word' id='word_1_471' title='bbox 1148 4515 1351 4572; x_wconf 89' lang='lat' dir='ltr'><strong>dictum</strong></span> <span class='ocrx_word' id='word_1_472' title='bbox 1383 4519 1844 4576; x_wconf 90' lang='lat' dir='ltr'><strong>communionem.</strong></span> <span class='ocrx_word' id='word_1_473' title='bbox 1862 4521 2149 4587; x_wconf 79' lang='lat' dir='ltr'><strong>Quomodo</strong></span> 
     </span>
    </p>
   </div>
   <div class='ocr_carea' id='block_1_63' title="bbox 569 4604 2144 4673">
    <p class='ocr_par' dir='ltr' id='par_1_63' title="bbox 569 4604 2144 4673">
     <span class='ocr_line' id='line_1_63' title="bbox 569 4604 2144 4673; baseline 0.007 -18"><span class='ocrx_word' id='word_1_474' title='bbox 569 4604 735 4673; x_wconf 79' lang='lat' dir='ltr'><strong>igitur</strong></span> <span class='ocrx_word' id='word_1_475' title='bbox 771 4618 875 4657; x_wconf 90' lang='lat' dir='ltr'><strong>non</strong></span> <span class='ocrx_word' id='word_1_476' title='bbox 908 4605 1166 4660; x_wconf 86' lang='lat' dir='ltr'><strong>omnibus</strong></span> <span class='ocrx_word' id='word_1_477' title='bbox 1200 4606 1486 4661; x_wconf 81' lang='lat' dir='ltr'><strong>manifesta</strong></span> <span class='ocrx_word' id='word_1_478' title='bbox 1518 4618 1602 4663; x_wconf 88' lang='lat' dir='ltr'><strong>est</strong></span> <span class='ocrx_word' id='word_1_479' title='bbox 1638 4610 1901 4666; x_wconf 78' lang='lat' dir='ltr'><strong>adversus</strong></span> <span class='ocrx_word' id='word_1_480' title='bbox 1930 4611 2144 4667; x_wconf 84' lang='lat' dir='ltr'><strong>beatum</strong></span> 
     </span>
    </p>
   </div>
   <div class='ocr_carea' id='block_1_64' title="bbox 566 4694 2147 4769">
    <p class='ocr_par' dir='ltr' id='par_1_64' title="bbox 566 4694 2147 4769">
     <span class='ocr_line' id='line_1_64' title="bbox 566 4694 2147 4769; baseline 0.006 -21"><span class='ocrx_word' id='word_1_481' title='bbox 566 4695 795 4749; x_wconf 73' lang='lat' dir='ltr'><strong>Paulum</strong></span> <span class='ocrx_word' id='word_1_482' title='bbox 828 4694 1122 4765; x_wconf 90' lang='lat' dir='ltr'><strong>calumnia,</strong></span> <span class='ocrx_word' id='word_1_483' title='bbox 1165 4697 1339 4767; x_wconf 77' lang='lat' dir='ltr'><strong>magis</strong></span> <span class='ocrx_word' id='word_1_484' title='bbox 1362 4714 1492 4754; x_wconf 87' lang='lat' dir='ltr'><strong>vero</strong></span> <span class='ocrx_word' id='word_1_485' title='bbox 1523 4700 1693 4769; x_wconf 87' lang='lat' dir='ltr'><strong>ipsius</strong></span> <span class='ocrx_word' id='word_1_486' title='bbox 1717 4701 1965 4758; x_wconf 83' lang='lat' dir='ltr'><strong>veritatis</strong></span> <span class='ocrx_word' id='word_1_487' title='bbox 1988 4718 2147 4759; x_wconf 84' lang='lat' dir='ltr'><strong>accu-</strong></span> 
     </span>
    </p>
   </div>
   <div class='ocr_carea' id='block_1_65' title="bbox 566 4786 2147 4863">
    <p class='ocr_par' dir='ltr' id='par_1_65' title="bbox 566 4786 2147 4863">
     <span class='ocr_line' id='line_1_65' title="bbox 566 4786 2147 4863; baseline 0.005 -22"><span class='ocrx_word' id='word_1_488' title='bbox 566 4786 747 4842; x_wconf 84' lang='lat' dir='ltr'><strong>satio?</strong></span> <span class='ocrx_word' id='word_1_489' title='bbox 798 4802 900 4843; x_wconf 87' lang='lat' dir='ltr'><strong>nec</strong></span> <span class='ocrx_word' id='word_1_490' title='bbox 952 4789 1099 4842; x_wconf 84' lang='lat' dir='ltr'><strong>enim</strong></span> <span class='ocrx_word' id='word_1_491' title='bbox 1144 4790 1228 4846; x_wconf 89' lang='lat' dir='ltr'><strong>sic</strong></span> <span class='ocrx_word' id='word_1_492' title='bbox 1276 4790 1546 4847; x_wconf 83' lang='lat' dir='ltr'><strong>intellexit</strong></span> <span class='ocrx_word' id='word_1_493' title='bbox 1592 4793 1855 4863; x_wconf 79' lang='lat' dir='ltr'><strong>Spiritum</strong></span> <span class='ocrx_word' id='word_1_494' title='bbox 1897 4807 2147 4851; x_wconf 83' lang='lat' dir='ltr'><strong>sanctum</strong></span> 
     </span>
    </p>
   </div>
   <div class='ocr_carea' id='block_1_66' title="bbox 572 4878 2147 4958">
    <p class='ocr_par' dir='ltr' id='par_1_66' title="bbox 572 4878 2147 4958">
     <span class='ocr_line' id='line_1_66' title="bbox 572 4878 2147 4958; baseline 0.007 -26"><span class='ocrx_word' id='word_1_495' title='bbox 572 4878 779 4933; x_wconf 88' lang='lat' dir='ltr'><strong>habens</strong></span> <span class='ocrx_word' id='word_1_496' title='bbox 820 4879 1133 4949; x_wconf 83' lang='lat' dir='ltr'><strong>Apostolus.</strong></span> <span class='ocrx_word' id='word_1_497' title='bbox 1162 4882 1359 4937; x_wconf 88' lang='lat' dir='ltr'><strong>lterum</strong></span> <span class='ocrx_word' id='word_1_498' title='bbox 1404 4897 1536 4938; x_wconf 85' lang='lat' dir='ltr'><strong>vero</strong></span> <span class='ocrx_word' id='word_1_499' title='bbox 1580 4885 1790 4940; x_wconf 81' lang='lat' dir='ltr'><strong>derivat</strong></span> <span class='ocrx_word' id='word_1_500' title='bbox 1836 4887 2147 4958; x_wconf 66' lang='lat' dir='ltr'><strong>dogmatum</strong></span> 
     </span>
    </p>
   </div>
   <div class='ocr_carea' id='block_1_67' title="bbox 570 4970 2001 5044">
    <p class='ocr_par' dir='ltr' id='par_1_67' title="bbox 570 4970 2001 5044">
     <span class='ocr_line' id='line_1_67' title="bbox 570 4970 2001 5044; baseline 0.008 -22"><span class='ocrx_word' id='word_1_501' title='bbox 570 4970 953 5025; x_wconf 83' lang='lat' dir='ltr'><strong>rectitudinem</strong></span> <span class='ocrx_word' id='word_1_502' title='bbox 989 4972 1058 5028; x_wconf 90' lang='lat' dir='ltr'><strong>ad</strong></span> <span class='ocrx_word' id='word_1_503' title='bbox 1087 4989 1241 5029; x_wconf 88' lang='lat' dir='ltr'><strong>suam</strong></span> <span class='ocrx_word' id='word_1_504' title='bbox 1270 4976 1598 5044; x_wconf 83' lang='lat' dir='ltr'><strong>plaeentiam</strong></span> <span class='ocrx_word' id='word_1_505' title='bbox 1634 4977 2001 5036; x_wconf 79' lang='lat' dir='ltr'><strong>adversarius.</strong></span> 
     </span>
    </p>
   </div>
   <div class='ocr_carea' id='block_1_68' title="bbox 571 5078 2147 5159">
    <p class='ocr_par' dir='ltr' id='par_1_68' title="bbox 571 5078 2147 5159">
     <span class='ocr_line' id='line_1_68' title="bbox 571 5078 2147 5159; baseline 0.009 -24"><span class='ocrx_word' id='word_1_506' title='bbox 571 5079 657 5138; x_wconf 79' lang='grc'>12.</span> <span class='ocrx_word' id='word_1_507' title='bbox 676 5078 762 5135; x_wconf 78' lang='lat' dir='ltr'><strong>Ea:</strong></span> <span class='ocrx_word' id='word_1_508' title='bbox 788 5084 1016 5159; x_wconf 68' lang='lat' dir='ltr'><strong>secundo</strong></span> <span class='ocrx_word' id='word_1_509' title='bbox 1043 5083 1405 5159; x_wconf 83' lang='lat' dir='ltr'><strong>libro_Cgrilli</strong></span> <span class='ocrx_word' id='word_1_510' title='bbox 1432 5088 1657 5156; x_wconf 76' lang='lat' dir='ltr'><strong>episcopi</strong></span> <span class='ocrx_word' id='word_1_511' title='bbox 1694 5090 2050 5159; x_wconf 60' lang='lat' dir='ltr'><strong>Alexandriae,</strong></span> <span class='ocrx_word' id='word_1_512' title='bbox 2082 5094 2147 5148; x_wconf 73' lang='lat' dir='ltr'><strong>de</strong></span> 
     </span>
    </p>
   </div>
   <div class='ocr_carea' id='block_1_69' title="bbox 649 5154 2046 5224">
    <p class='ocr_par' dir='ltr' id='par_1_69' title="bbox 649 5154 2046 5224">
     <span class='ocr_line' id='line_1_69' title="bbox 649 5154 2046 5224; baseline 0.007 -18"><span class='ocrx_word' id='word_1_513' title='bbox 649 5167 710 5207; x_wconf 86' lang='lat' dir='ltr'><strong>eo</strong></span> <span class='ocrx_word' id='word_1_514' title='bbox 733 5154 872 5223; x_wconf 86' lang='lat' dir='ltr'><strong>quod</strong></span> <span class='ocrx_word' id='word_1_515' title='bbox 900 5170 1035 5208; x_wconf 88' lang='lat' dir='ltr'><strong>unus</strong></span> <span class='ocrx_word' id='word_1_516' title='bbox 1064 5164 1140 5209; x_wconf 85' lang='lat' dir='ltr'><strong>est</strong></span> <span class='ocrx_word' id='word_1_517' title='bbox 1173 5154 1439 5224; x_wconf 73' lang='lat' dir='ltr'><strong>Christus,</strong></span> <span class='ocrx_word' id='word_1_518' title='bbox 1462 5154 1652 5213; x_wconf 75' lang='lat' dir='ltr'><strong>contra</strong></span> <span class='ocrx_word' id='word_1_519' title='bbox 1694 5158 1737 5213; x_wconf 86' lang='grc' dir='ltr'><em>Τ</em></span> <span class='ocrx_word' id='word_1_520' title='bbox 1739 5154 2046 5217; x_wconf 76' lang='lat' dir='ltr'><strong>heodorum.</strong></span> 
     </span>
    </p>
   </div>
   <div class='ocr_carea' id='block_1_70' title="bbox 641 5268 2147 5344">
    <p class='ocr_par' dir='ltr' id='par_1_70' title="bbox 641 5268 2147 5344">
     <span class='ocr_line' id='line_1_70' title="bbox 641 5268 2147 5344; baseline 0.006 -22"><span class='ocrx_word' id='word_1_521' title='bbox 641 5268 793 5336; x_wconf 87' lang='lat' dir='ltr'><strong>Quod</strong></span> <span class='ocrx_word' id='word_1_522' title='bbox 836 5277 1014 5324; x_wconf 89' lang='lat' dir='ltr'><strong>tamen</strong></span> <span class='ocrx_word' id='word_1_523' title='bbox 1060 5268 1233 5324; x_wconf 90' lang='lat' dir='ltr'><strong>voluit</strong></span> <span class='ocrx_word' id='word_1_524' title='bbox 1287 5272 1510 5342; x_wconf 15' lang='lat' dir='ltr'><strong>impius,</strong></span> <span class='ocrx_word' id='word_1_525' title='bbox 1554 5271 1839 5330; x_wconf 83' lang='lat' dir='ltr'><strong>Nestorius</strong></span> <span class='ocrx_word' id='word_1_526' title='bbox 1893 5276 2147 5344; x_wconf 85' lang='lat' dir='ltr'><strong>dogmata</strong></span> 
     </span>
    </p>
   </div>
   <div class='ocr_carea' id='block_1_71' title="bbox 638 5422 2110 5492">
    <p class='ocr_par' dir='ltr' id='par_1_71' title="bbox 638 5422 2110 5492">
     <span class='ocr_line' id='line_1_71' title="bbox 638 5422 2110 5492; baseline 0.004 -15"><span class='ocrx_word' id='word_1_527' title='bbox 638 5422 870 5481; x_wconf 74' lang='lat' dir='ltr'><strong>&quot;Hebr.</strong></span> <span class='ocrx_word' id='word_1_528' title='bbox 909 5443 947 5490; x_wconf 89' lang='lat' dir='ltr'><strong>t,</strong></span> <span class='ocrx_word' id='word_1_529' title='bbox 982 5428 1032 5489; x_wconf 78' lang='grc'>1,</span> <span class='ocrx_word' id='word_1_530' title='bbox 1061 5426 1118 5482; x_wconf 75' lang='lat'><strong>’2.</strong></span> <span class='ocrx_word' id='word_1_531' title='bbox 1226 5426 1427 5480; x_wconf 74' lang='lat' dir='ltr'><strong>Mlibid.</strong></span> <span class='ocrx_word' id='word_1_532' title='bbox 1459 5426 1514 5481; x_wconf 85' lang='lat'><strong>5.</strong></span> <span class='ocrx_word' id='word_1_533' title='bbox 1616 5425 1663 5460; x_wconf 77' lang='lat'><strong>&quot;</strong></span> <span class='ocrx_word' id='word_1_534' title='bbox 1692 5425 1855 5482; x_wconf 81' lang='lat' dir='ltr'><strong>Rom.</strong></span> <span class='ocrx_word' id='word_1_535' title='bbox 1916 5443 1992 5492; x_wconf 80' lang='lat' dir='ltr'><strong>Ix,</strong></span> <span class='ocrx_word' id='word_1_536' title='bbox 2056 5431 2110 5485; x_wconf 76' lang='lat'><strong>5.</strong></span> 
     </span>
    </p>
   </div>
   <div class='ocr_carea' id='block_1_72' title="bbox 570 5494 1870 5564">
    <p class='ocr_par' dir='ltr' id='par_1_72' title="bbox 570 5494 1870 5564">
     <span class='ocr_line' id='line_1_72' title="bbox 570 5494 1870 5564; baseline 0.004 -17"><span class='ocrx_word' id='word_1_537' title='bbox 570 5494 618 5527; x_wconf 87' lang='grc'><strong>⁸³</strong></span> <span class='ocrx_word' id='word_1_538' title='bbox 648 5495 662 5547; x_wconf 95' lang='lat' dir='ltr'><strong>l</strong></span> <span class='ocrx_word' id='word_1_539' title='bbox 696 5494 888 5551; x_wconf 87' lang='lat' dir='ltr'><strong>Thess.</strong></span> <span class='ocrx_word' id='word_1_540' title='bbox 926 5514 976 5562; x_wconf 83' lang='grc' dir='ltr'><strong>ν,</strong></span> <span class='ocrx_word' id='word_1_541' title='bbox 1008 5498 1099 5564; x_wconf 71' lang='grc'><strong>21,</strong></span> <span class='ocrx_word' id='word_1_542' title='bbox 1126 5497 1220 5550; x_wconf 73' lang='lat'><strong>22.</strong></span> <span class='ocrx_word' id='word_1_543' title='bbox 1294 5495 1342 5527; x_wconf 72' lang='lat'>“</span> <span class='ocrx_word' id='word_1_544' title='bbox 1364 5495 1553 5551; x_wconf 77' lang='lat' dir='ltr'><strong>Matth.</strong></span> <span class='ocrx_word' id='word_1_545' title='bbox 1587 5513 1746 5563; x_wconf 79' lang='lat' dir='ltr'><strong>xxlu,</strong></span> <span class='ocrx_word' id='word_1_546' title='bbox 1778 5499 1870 5553; x_wconf 83' lang='grc'><strong>10.</strong></span> 
     </span>
    </p>
   </div>
   <div class='ocr_carea' id='block_1_73' title="bbox 646 5637 2011 5709">
    <p class='ocr_par' dir='ltr' id='par_1_73' title="bbox 646 5637 2011 5709">
     <span class='ocr_line' id='line_1_73' title="bbox 646 5637 2011 5709; baseline -0.001 -18"><span class='ocrx_word' id='word_1_547' title='bbox 646 5639 720 5709; x_wconf 86' lang='grc'><strong>(1)</strong></span> <span class='ocrx_word' id='word_1_548' title='bbox 759 5639 957 5693; x_wconf 89' lang='lat' dir='ltr'><strong>lterum</strong></span> <span class='ocrx_word' id='word_1_549' title='bbox 988 5655 1054 5694; x_wconf 82' lang='lat' dir='ltr'><strong>ex</strong></span> <span class='ocrx_word' id='word_1_550' title='bbox 1084 5638 1409 5709; x_wconf 84' lang='lat' dir='ltr'><strong>Bibliotheca</strong></span> <span class='ocrx_word' id='word_1_551' title='bbox 1437 5638 1591 5701; x_wconf 81' lang='lat' dir='ltr'><strong>Maii,</strong></span> <span class='ocrx_word' id='word_1_552' title='bbox 1629 5646 1667 5691; x_wconf 91' lang='lat' dir='ltr'><strong>t.</strong></span> <span class='ocrx_word' id='word_1_553' title='bbox 1697 5637 1772 5704; x_wconf 90' lang='grc'><strong>11,</strong></span> <span class='ocrx_word' id='word_1_554' title='bbox 1804 5654 1856 5708; x_wconf 91' lang='lat' dir='ltr'><strong>p.</strong></span> <span class='ocrx_word' id='word_1_555' title='bbox 1888 5638 2011 5692; x_wconf 67' lang='grc'><strong>453.</strong></span> 
     </span>
    </p>
   </div>
   <div class='ocr_carea' id='block_1_74' title="bbox 645 5708 2149 5777">
    <p class='ocr_par' dir='ltr' id='par_1_74' title="bbox 645 5708 2149 5777">
     <span class='ocr_line' id='line_1_74' title="bbox 645 5708 2149 5777; baseline -0.001 -14"><span class='ocrx_word' id='word_1_556' title='bbox 645 5708 725 5776; x_wconf 57' lang='grc'><strong>(2⁷)</strong></span> <span class='ocrx_word' id='word_1_557' title='bbox 766 5710 904 5777; x_wconf 76' lang='lat' dir='ltr'><strong>Ergo</strong></span> <span class='ocrx_word' id='word_1_558' title='bbox 929 5726 992 5763; x_wconf 79' lang='lat' dir='ltr'><strong>ex</strong></span> <span class='ocrx_word' id='word_1_559' title='bbox 1026 5709 1196 5764; x_wconf 91' lang='lat' dir='ltr'><strong>tribus</strong></span> <span class='ocrx_word' id='word_1_560' title='bbox 1222 5708 1329 5762; x_wconf 81' lang='lat' dir='ltr'><strong>illis</strong></span> <span class='ocrx_word' id='word_1_561' title='bbox 1356 5710 1526 5767; x_wconf 88' lang='lat' dir='ltr'><strong>libris.</strong></span> <span class='ocrx_word' id='word_1_562' title='bbox 1560 5723 1696 5777; x_wconf 87' lang='lat' dir='ltr'><strong>quos</strong></span> <span class='ocrx_word' id='word_1_563' title='bbox 1720 5721 1936 5762; x_wconf 85' lang='lat' dir='ltr'><strong>veteres</strong></span> <span class='ocrx_word' id='word_1_564' title='bbox 1962 5711 2149 5763; x_wconf 83' lang='lat' dir='ltr'><strong>dicunt</strong></span> 
     </span>
    </p>
   </div>
   <div class='ocr_carea' id='block_1_75' title="bbox 578 5777 2145 5850">
    <p class='ocr_par' dir='ltr' id='par_1_75' title="bbox 578 5777 2145 5850">
     <span class='ocr_line' id='line_1_75' title="bbox 578 5777 2145 5850; baseline -0.002 -18"><span class='ocrx_word' id='word_1_565' title='bbox 578 5793 609 5832; x_wconf 72' lang='grc' dir='ltr'><strong>ι</strong></span> <span class='ocrx_word' id='word_1_566' title='bbox 639 5780 837 5850; x_wconf 75' lang='lat' dir='ltr'><strong>(lyrilto</strong></span> <span class='ocrx_word' id='word_1_567' title='bbox 867 5785 1094 5849; x_wconf 80' lang='lat' dir='ltr'><strong>scriptos</strong></span> <span class='ocrx_word' id='word_1_568' title='bbox 1125 5788 1313 5837; x_wconf 75' lang='lat' dir='ltr'><strong>contra</strong></span> <span class='ocrx_word' id='word_1_569' title='bbox 1367 5777 1656 5834; x_wconf 86' lang='lat' dir='ltr'><strong>Diodorum</strong></span> <span class='ocrx_word' id='word_1_570' title='bbox 1690 5794 1753 5833; x_wconf 86' lang='lat' dir='ltr'><strong>ac</strong></span> <span class='ocrx_word' id='word_1_571' title='bbox 1779 5777 2145 5845; x_wconf 83' lang='lat' dir='ltr'><strong>Theodorum,</strong></span> 
     </span>
    </p>
   </div>
   <div class='ocr_carea' id='block_1_76' title="bbox 2211 5434 2721 5504">
    <p class='ocr_par' dir='ltr' id='par_1_76' title="bbox 2211 5434 2721 5504">
     <span class='ocr_line' id='line_1_76' title="bbox 2211 5434 2721 5504; baseline 0.008 -18"><span class='ocrx_word' id='word_1_572' title='bbox 2211 5434 2385 5490; x_wconf 68' lang='lat' dir='ltr'><strong>“lsa.</strong></span> <span class='ocrx_word' id='word_1_573' title='bbox 2451 5452 2581 5504; x_wconf 79' lang='lat' dir='ltr'><strong>xui,</strong></span> <span class='ocrx_word' id='word_1_574' title='bbox 2634 5436 2721 5491; x_wconf 80' lang='grc'><strong>18.</strong></span> 
     </span>
    </p>
   </div>
   <div class='ocr_carea' id='block_1_77' title="bbox 2246 1944 3831 2016">
    <p class='ocr_par' dir='ltr' id='par_1_77' title="bbox 2246 1944 3831 2016">
     <span class='ocr_line' id='line_1_77' title="bbox 2246 1944 3831 2016; baseline -0.003 -17"><span class='ocrx_word' id='word_1_575' title='bbox 2246 1961 2369 2016; x_wconf 67' lang='lat' dir='ltr'><strong>qua:</strong></span> <span class='ocrx_word' id='word_1_576' title='bbox 2398 1954 2527 2002; x_wconf 86' lang='lat' dir='ltr'><strong>sunt</strong></span> <span class='ocrx_word' id='word_1_577' title='bbox 2561 1946 2738 2016; x_wconf 86' lang='lat' dir='ltr'><strong>turpia</strong></span> <span class='ocrx_word' id='word_1_578' title='bbox 2777 1956 2831 2000; x_wconf 91' lang='lat' dir='ltr'><strong>et</strong></span> <span class='ocrx_word' id='word_1_579' title='bbox 2868 1945 3096 2014; x_wconf 85' lang='lat' dir='ltr'><strong>reproba</strong></span> <span class='ocrx_word' id='word_1_580' title='bbox 3147 1946 3397 2014; x_wconf 79' lang='lat' dir='ltr'><strong>dogmata</strong></span> <span class='ocrx_word' id='word_1_581' title='bbox 3442 1944 3831 2013; x_wconf 82' lang='lat' dir='ltr'><strong>reprobamus.</strong></span> 
     </span>
    </p>
   </div>
   <div class='ocr_carea' id='block_1_78' title="bbox 2249 2037 3833 2109">
    <p class='ocr_par' dir='ltr' id='par_1_78' title="bbox 2249 2037 3833 2109">
     <span class='ocr_line' id='line_1_78' title="bbox 2249 2037 3833 2109; baseline -0.002 -16"><span class='ocrx_word' id='word_1_582' title='bbox 2249 2040 2576 2109; x_wconf 86' lang='lat' dir='ltr'><strong>suscipimus</strong></span> <span class='ocrx_word' id='word_1_583' title='bbox 2616 2054 2747 2093; x_wconf 87' lang='lat' dir='ltr'><strong>vero</strong></span> <span class='ocrx_word' id='word_1_584' title='bbox 2788 2047 2843 2093; x_wconf 90' lang='lat' dir='ltr'><strong>et</strong></span> <span class='ocrx_word' id='word_1_585' title='bbox 2887 2038 3038 2092; x_wconf 87' lang='lat' dir='ltr'><strong>valde</strong></span> <span class='ocrx_word' id='word_1_586' title='bbox 3085 2037 3320 2092; x_wconf 91' lang='lat' dir='ltr'><strong>libenter</strong></span> <span class='ocrx_word' id='word_1_587' title='bbox 3351 2037 3534 2092; x_wconf 86' lang='lat' dir='ltr'><strong>omnia</strong></span> <span class='ocrx_word' id='word_1_588' title='bbox 3576 2051 3698 2106; x_wconf 69' lang='lat' dir='ltr'><strong>quae</strong></span> <span class='ocrx_word' id='word_1_589' title='bbox 3746 2052 3833 2090; x_wconf 77' lang='lat' dir='ltr'><strong>re-</strong></span> 
     </span>
    </p>
   </div>
   <div class='ocr_carea' id='block_1_79' title="bbox 2251 2127 3833 2201">
    <p class='ocr_par' dir='ltr' id='par_1_79' title="bbox 2251 2127 3833 2201">
     <span class='ocr_line' id='line_1_79' title="bbox 2251 2127 3833 2201; baseline -0.003 -17"><span class='ocrx_word' id='word_1_590' title='bbox 2251 2130 2539 2201; x_wconf 85' lang='lat' dir='ltr'><strong>splendent</strong></span> <span class='ocrx_word' id='word_1_591' title='bbox 2562 2131 2709 2186; x_wconf 83' lang='lat' dir='ltr'><strong>clara</strong></span> <span class='ocrx_word' id='word_1_592' title='bbox 2743 2129 2989 2184; x_wconf 86' lang='lat' dir='ltr'><strong>veritatis</strong></span> <span class='ocrx_word' id='word_1_593' title='bbox 3024 2127 3447 2198; x_wconf 89' lang='lat' dir='ltr'><strong>pulchritudine.</strong></span> <span class='ocrx_word' id='word_1_594' title='bbox 3473 2128 3670 2183; x_wconf 87' lang='lat' dir='ltr'><strong>lterum</strong></span> <span class='ocrx_word' id='word_1_595' title='bbox 3703 2143 3833 2181; x_wconf 83' lang='lat' dir='ltr'><strong>vero</strong></span> 
     </span>
    </p>
   </div>
   <div class='ocr_carea' id='block_1_80' title="bbox 2252 2222 3835 2291">
    <p class='ocr_par' dir='ltr' id='par_1_80' title="bbox 2252 2222 3835 2291">
     <span class='ocr_line' id='line_1_80' title="bbox 2252 2222 3835 2291; baseline -0.003 -14"><span class='ocrx_word' id='word_1_596' title='bbox 2252 2222 2411 2278; x_wconf 87' lang='lat' dir='ltr'><strong>nobis</strong></span> <span class='ocrx_word' id='word_1_597' title='bbox 2451 2222 2588 2277; x_wconf 90' lang='lat' dir='ltr'><strong>ratio</strong></span> <span class='ocrx_word' id='word_1_598' title='bbox 2622 2231 2972 2277; x_wconf 88' lang='lat' dir='ltr'><strong>eonvertetur</strong></span> <span class='ocrx_word' id='word_1_599' title='bbox 3006 2222 3071 2276; x_wconf 85' lang='lat' dir='ltr'><strong>ad</strong></span> <span class='ocrx_word' id='word_1_600' title='bbox 3102 2223 3387 2277; x_wconf 88' lang='lat' dir='ltr'><strong>decentem</strong></span> <span class='ocrx_word' id='word_1_601' title='bbox 3420 2222 3470 2276; x_wconf 85' lang='lat' dir='ltr'><strong>ei</strong></span> <span class='ocrx_word' id='word_1_602' title='bbox 3502 2231 3556 2275; x_wconf 88' lang='lat' dir='ltr'><strong>et</strong></span> <span class='ocrx_word' id='word_1_603' title='bbox 3586 2223 3835 2291; x_wconf 80' lang='lat' dir='ltr'><strong>proposi-</strong></span> 
     </span>
    </p>
   </div>
   <div class='ocr_carea' id='block_1_81' title="bbox 2252 2313 3832 2386">
    <p class='ocr_par' dir='ltr' id='par_1_81' title="bbox 2252 2313 3832 2386">
     <span class='ocr_line' id='line_1_81' title="bbox 2252 2313 3832 2386; baseline -0.001 -18"><span class='ocrx_word' id='word_1_604' title='bbox 2252 2326 2359 2369; x_wconf 88' lang='lat' dir='ltr'><strong>tam</strong></span> <span class='ocrx_word' id='word_1_605' title='bbox 2392 2316 2557 2371; x_wconf 89' lang='lat' dir='ltr'><strong>viam.</strong></span> <span class='ocrx_word' id='word_1_606' title='bbox 2590 2313 2791 2386; x_wconf 87' lang='lat' dir='ltr'><strong>Scripti</strong></span> <span class='ocrx_word' id='word_1_607' title='bbox 2826 2326 2955 2371; x_wconf 88' lang='lat' dir='ltr'><strong>sunt</strong></span> <span class='ocrx_word' id='word_1_608' title='bbox 2986 2315 3151 2386; x_wconf 79' lang='lat' dir='ltr'><strong>igitur</strong></span> <span class='ocrx_word' id='word_1_609' title='bbox 3181 2330 3211 2368; x_wconf 90' lang='lat' dir='ltr'><strong>a</strong></span> <span class='ocrx_word' id='word_1_610' title='bbox 3240 2316 3383 2369; x_wconf 89' lang='lat' dir='ltr'><strong>hono</strong></span> <span class='ocrx_word' id='word_1_611' title='bbox 3421 2314 3705 2369; x_wconf 86' lang='lat' dir='ltr'><strong>Theodoro</strong></span> <span class='ocrx_word' id='word_1_612' title='bbox 3736 2313 3832 2367; x_wconf 62' lang='grc' dir='ltr'><strong>δάε</strong></span> 
     </span>
    </p>
   </div>
   <div class='ocr_carea' id='block_1_82' title="bbox 2249 2406 3836 2462">
    <p class='ocr_par' dir='ltr' id='par_1_82' title="bbox 2249 2406 3836 2462">
     <span class='ocr_line' id='line_1_82' title="bbox 2249 2406 3836 2462; baseline -0.001 -3"><span class='ocrx_word' id='word_1_613' title='bbox 2249 2420 2442 2461; x_wconf 86' lang='lat' dir='ltr'><strong>versus</strong></span> <span class='ocrx_word' id='word_1_614' title='bbox 2476 2406 2726 2461; x_wconf 64' lang='lat' dir='ltr'><strong>hmresim</strong></span> <span class='ocrx_word' id='word_1_615' title='bbox 2772 2406 3101 2462; x_wconf 81' lang='lat' dir='ltr'><strong>Arianorum</strong></span> <span class='ocrx_word' id='word_1_616' title='bbox 3148 2416 3203 2460; x_wconf 91' lang='lat' dir='ltr'><strong>et</strong></span> <span class='ocrx_word' id='word_1_617' title='bbox 3247 2406 3705 2462; x_wconf 86' lang='lat' dir='ltr'><strong>Ennomianorum</strong></span> <span class='ocrx_word' id='word_1_618' title='bbox 3755 2406 3836 2457; x_wconf 81' lang='lat' dir='ltr'><strong>vi-</strong></span> 
     </span>
    </p>
   </div>
   <div class='ocr_carea' id='block_1_83' title="bbox 2252 2498 3832 2570">
    <p class='ocr_par' dir='ltr' id='par_1_83' title="bbox 2252 2498 3832 2570">
     <span class='ocr_line' id='line_1_83' title="bbox 2252 2498 3832 2570; baseline 0 -17"><span class='ocrx_word' id='word_1_619' title='bbox 2252 2499 2388 2567; x_wconf 80' lang='lat' dir='ltr'><strong>ginti</strong></span> <span class='ocrx_word' id='word_1_620' title='bbox 2432 2514 2570 2570; x_wconf 89' lang='lat' dir='ltr'><strong>pene</strong></span> <span class='ocrx_word' id='word_1_621' title='bbox 2623 2513 2847 2553; x_wconf 86' lang='lat' dir='ltr'><strong>numero</strong></span> <span class='ocrx_word' id='word_1_622' title='bbox 2889 2498 2973 2553; x_wconf 85' lang='lat' dir='ltr'><strong>vel</strong></span> <span class='ocrx_word' id='word_1_623' title='bbox 3025 2498 3316 2567; x_wconf 88' lang='lat' dir='ltr'><strong>ampliores</strong></span> <span class='ocrx_word' id='word_1_624' title='bbox 3369 2498 3525 2561; x_wconf 87' lang='lat' dir='ltr'><strong>libri,</strong></span> <span class='ocrx_word' id='word_1_625' title='bbox 3574 2514 3675 2554; x_wconf 89' lang='lat' dir='ltr'><strong>nec</strong></span> <span class='ocrx_word' id='word_1_626' title='bbox 3728 2513 3832 2553; x_wconf 78' lang='lat' dir='ltr'><strong>non</strong></span> 
     </span>
    </p>
   </div>
   <div class='ocr_carea' id='block_1_84' title="bbox 2251 2589 3833 2659">
    <p class='ocr_par' dir='ltr' id='par_1_84' title="bbox 2251 2589 3833 2659">
     <span class='ocr_line' id='line_1_84' title="bbox 2251 2589 3833 2659; baseline -0.001 -14"><span class='ocrx_word' id='word_1_627' title='bbox 2251 2592 2416 2645; x_wconf 87' lang='lat' dir='ltr'><strong>etiam</strong></span> <span class='ocrx_word' id='word_1_628' title='bbox 2447 2590 2564 2655; x_wconf 86' lang='lat' dir='ltr'><strong>alii,</strong></span> <span class='ocrx_word' id='word_1_629' title='bbox 2596 2590 3021 2659; x_wconf 82' lang='lat' dir='ltr'><strong>interpretantes</strong></span> <span class='ocrx_word' id='word_1_630' title='bbox 3045 2589 3391 2659; x_wconf 73' lang='lat' dir='ltr'><strong>evangelicos</strong></span> <span class='ocrx_word' id='word_1_631' title='bbox 3419 2600 3474 2645; x_wconf 91' lang='lat' dir='ltr'><strong>et</strong></span> <span class='ocrx_word' id='word_1_632' title='bbox 3499 2589 3833 2658; x_wconf 81' lang='lat' dir='ltr'><strong>apostolicos</strong></span> 
     </span>
    </p>
   </div>
   <div class='ocr_carea' id='block_1_85' title="bbox 2251 2681 3832 2753">
    <p class='ocr_par' dir='ltr' id='par_1_85' title="bbox 2251 2681 3832 2753">
     <span class='ocr_line' id='line_1_85' title="bbox 2251 2681 3832 2753; baseline 0.001 -18"><span class='ocrx_word' id='word_1_633' title='bbox 2251 2681 2460 2739; x_wconf 87' lang='lat' dir='ltr'><strong>libros:</strong></span> <span class='ocrx_word' id='word_1_634' title='bbox 2496 2697 2634 2752; x_wconf 87' lang='lat' dir='ltr'><strong>quos</strong></span> <span class='ocrx_word' id='word_1_635' title='bbox 2671 2682 2890 2752; x_wconf 89' lang='lat' dir='ltr'><strong>quidem</strong></span> <span class='ocrx_word' id='word_1_636' title='bbox 2935 2683 3153 2737; x_wconf 83' lang='lat' dir='ltr'><strong>labores</strong></span> <span class='ocrx_word' id='word_1_637' title='bbox 3203 2682 3370 2737; x_wconf 88' lang='lat' dir='ltr'><strong>nollet</strong></span> <span class='ocrx_word' id='word_1_638' title='bbox 3409 2683 3605 2753; x_wconf 88' lang='lat' dir='ltr'><strong>aliquis</strong></span> <span class='ocrx_word' id='word_1_639' title='bbox 3648 2684 3832 2738; x_wconf 83' lang='lat' dir='ltr'><strong>incre-</strong></span> 
     </span>
    </p>
   </div>
   <div class='ocr_carea' id='block_1_86' title="bbox 2251 2771 3832 2843">
    <p class='ocr_par' dir='ltr' id='par_1_86' title="bbox 2251 2771 3832 2843">
     <span class='ocr_line' id='line_1_86' title="bbox 2251 2771 3832 2843; baseline 0.001 -16"><span class='ocrx_word' id='word_1_640' title='bbox 2251 2787 2400 2843; x_wconf 82' lang='lat' dir='ltr'><strong>pare,</strong></span> <span class='ocrx_word' id='word_1_641' title='bbox 2435 2773 2610 2843; x_wconf 76' lang='lat' dir='ltr'><strong>magis</strong></span> <span class='ocrx_word' id='word_1_642' title='bbox 2655 2781 2835 2827; x_wconf 90' lang='lat' dir='ltr'><strong>autem</strong></span> <span class='ocrx_word' id='word_1_643' title='bbox 2875 2773 3100 2828; x_wconf 81' lang='lat' dir='ltr'><strong>decreto</strong></span> <span class='ocrx_word' id='word_1_644' title='bbox 3135 2771 3375 2827; x_wconf 85' lang='lat' dir='ltr'><strong>studium</strong></span> <span class='ocrx_word' id='word_1_645' title='bbox 3419 2773 3742 2837; x_wconf 86' lang='lat' dir='ltr'><strong>honoraret.</strong></span> <span class='ocrx_word' id='word_1_646' title='bbox 3785 2776 3832 2829; x_wconf 81' lang='lat' dir='ltr'><strong>si</strong></span> 
     </span>
    </p>
   </div>
   <div class='ocr_carea' id='block_1_87' title="bbox 2253 2863 3831 2935">
    <p class='ocr_par' dir='ltr' id='par_1_87' title="bbox 2253 2863 3831 2935">
     <span class='ocr_line' id='line_1_87' title="bbox 2253 2863 3831 2935; baseline -0.003 -15"><span class='ocrx_word' id='word_1_647' title='bbox 2253 2866 2456 2920; x_wconf 87' lang='lat' dir='ltr'><strong>inesset</strong></span> <span class='ocrx_word' id='word_1_648' title='bbox 2499 2865 2581 2919; x_wconf 86' lang='lat' dir='ltr'><strong>eis</strong></span> <span class='ocrx_word' id='word_1_649' title='bbox 2625 2864 2934 2935; x_wconf 78' lang='lat' dir='ltr'><strong>dogmatum</strong></span> <span class='ocrx_word' id='word_1_650' title='bbox 2985 2864 3275 2920; x_wconf 88' lang='lat' dir='ltr'><strong>rectitudo.</strong></span> <span class='ocrx_word' id='word_1_651' title='bbox 3323 2863 3382 2919; x_wconf 88' lang='lat' dir='ltr'><strong>Si</strong></span> <span class='ocrx_word' id='word_1_652' title='bbox 3430 2880 3563 2920; x_wconf 87' lang='lat' dir='ltr'><strong>vero</strong></span> <span class='ocrx_word' id='word_1_653' title='bbox 3608 2866 3831 2934; x_wconf 84' lang='lat' dir='ltr'><strong>quidam</strong></span> 
     </span>
    </p>
   </div>
   <div class='ocr_carea' id='block_1_88' title="bbox 2248 2956 3833 3020">
    <p class='ocr_par' dir='ltr' id='par_1_88' title="bbox 2248 2956 3833 3020">
     <span class='ocr_line' id='line_1_88' title="bbox 2248 2956 3833 3020; baseline -0.001 -7"><span class='ocrx_word' id='word_1_654' title='bbox 2248 2966 2404 3013; x_wconf 82' lang='lat' dir='ltr'><strong>extra</strong></span> <span class='ocrx_word' id='word_1_655' title='bbox 2443 2957 2773 3013; x_wconf 76' lang='lat' dir='ltr'><strong>destinauim</strong></span> <span class='ocrx_word' id='word_1_656' title='bbox 2805 2956 3067 3020; x_wconf 84' lang='lat' dir='ltr'><strong>ambulet,</strong></span> <span class='ocrx_word' id='word_1_657' title='bbox 3102 2966 3161 3012; x_wconf 90' lang='lat' dir='ltr'><strong>et</strong></span> <span class='ocrx_word' id='word_1_658' title='bbox 3197 2966 3402 3011; x_wconf 81' lang='lat' dir='ltr'><strong>rectam</strong></span> <span class='ocrx_word' id='word_1_659' title='bbox 3437 2957 3584 3011; x_wconf 88' lang='lat' dir='ltr'><strong>viam</strong></span> <span class='ocrx_word' id='word_1_660' title='bbox 3621 2958 3833 3013; x_wconf 80' lang='lat' dir='ltr'><strong>verita-</strong></span> 
     </span>
    </p>
   </div>
   <div class='ocr_carea' id='block_1_89' title="bbox 2256 3049 3832 3122">
    <p class='ocr_par' dir='ltr' id='par_1_89' title="bbox 2256 3049 3832 3122">
     <span class='ocr_line' id='line_1_89' title="bbox 2256 3049 3832 3122; baseline 0.001 -19"><span class='ocrx_word' id='word_1_661' title='bbox 2256 3050 2325 3106; x_wconf 83' lang='lat' dir='ltr'><strong>tis</strong></span> <span class='ocrx_word' id='word_1_662' title='bbox 2357 3049 2692 3121; x_wconf 87' lang='lat' dir='ltr'><strong>relinquens,</strong></span> <span class='ocrx_word' id='word_1_663' title='bbox 2726 3066 2823 3122; x_wconf 89' lang='lat' dir='ltr'><strong>per</strong></span> <span class='ocrx_word' id='word_1_664' title='bbox 2855 3050 3105 3107; x_wconf 83' lang='lat' dir='ltr'><strong>semitam</strong></span> <span class='ocrx_word' id='word_1_665' title='bbox 3146 3059 3233 3103; x_wconf 81' lang='lat' dir='ltr'><strong>est</strong></span> <span class='ocrx_word' id='word_1_666' title='bbox 3269 3050 3554 3105; x_wconf 88' lang='lat' dir='ltr'><strong>distortam</strong></span> <span class='ocrx_word' id='word_1_667' title='bbox 3574 3089 3590 3115; x_wconf 93' lang='lat'><strong>,</strong></span> <span class='ocrx_word' id='word_1_668' title='bbox 3622 3050 3832 3122; x_wconf 69' lang='lat' dir='ltr'><strong>simpli-</strong></span> 
     </span>
    </p>
   </div>
   <div class='ocr_carea' id='block_1_90' title="bbox 2253 3142 3835 3213">
    <p class='ocr_par' dir='ltr' id='par_1_90' title="bbox 2253 3142 3835 3213">
     <span class='ocr_line' id='line_1_90' title="bbox 2253 3142 3835 3213; baseline 0 -16"><span class='ocrx_word' id='word_1_669' title='bbox 2253 3144 2572 3213; x_wconf 88' lang='lat' dir='ltr'><strong>ciorumque</strong></span> <span class='ocrx_word' id='word_1_670' title='bbox 2600 3144 2765 3199; x_wconf 89' lang='lat' dir='ltr'><strong>corda</strong></span> <span class='ocrx_word' id='word_1_671' title='bbox 2793 3143 3073 3209; x_wconf 91' lang='lat' dir='ltr'><strong>vulneret,</strong></span> <span class='ocrx_word' id='word_1_672' title='bbox 3110 3142 3541 3197; x_wconf 81' lang='lat' dir='ltr'><strong>adulteratorutn</strong></span> <span class='ocrx_word' id='word_1_673' title='bbox 3590 3144 3672 3198; x_wconf 88' lang='lat' dir='ltr'><strong>eis</strong></span> <span class='ocrx_word' id='word_1_674' title='bbox 3708 3144 3835 3212; x_wconf 76' lang='lat' dir='ltr'><strong>inji-</strong></span> 
     </span>
    </p>
   </div>
   <div class='ocr_carea' id='block_1_91' title="bbox 2254 3232 3831 3305">
    <p class='ocr_par' dir='ltr' id='par_1_91' title="bbox 2254 3232 3831 3305">
     <span class='ocr_line' id='line_1_91' title="bbox 2254 3232 3831 3305; baseline 0.001 -17"><span class='ocrx_word' id='word_1_675' title='bbox 2254 3235 2405 3290; x_wconf 88' lang='lat' dir='ltr'><strong>ciens</strong></span> <span class='ocrx_word' id='word_1_676' title='bbox 2451 3234 2821 3291; x_wconf 90' lang='lat' dir='ltr'><strong>intellectuum</strong></span> <span class='ocrx_word' id='word_1_677' title='bbox 2866 3236 3112 3302; x_wconf 78' lang='lat' dir='ltr'><strong>semina,</strong></span> <span class='ocrx_word' id='word_1_678' title='bbox 3146 3232 3282 3305; x_wconf 88' lang='lat' dir='ltr'><strong>tunc</strong></span> <span class='ocrx_word' id='word_1_679' title='bbox 3321 3236 3667 3304; x_wconf 83' lang='lat' dir='ltr'><strong>requiescere</strong></span> <span class='ocrx_word' id='word_1_680' title='bbox 3724 3251 3831 3291; x_wconf 84' lang='lat' dir='ltr'><strong>nou</strong></span> 
     </span>
    </p>
   </div>
   <div class='ocr_carea' id='block_1_92' title="bbox 2253 3327 3834 3399">
    <p class='ocr_par' dir='ltr' id='par_1_92' title="bbox 2253 3327 3834 3399">
     <span class='ocr_line' id='line_1_92' title="bbox 2253 3327 3834 3399; baseline -0.001 -18"><span class='ocrx_word' id='word_1_681' title='bbox 2253 3327 2372 3382; x_wconf 90' lang='lat' dir='ltr'><strong>sine</strong></span> <span class='ocrx_word' id='word_1_682' title='bbox 2396 3328 2595 3381; x_wconf 87' lang='lat' dir='ltr'><strong>damno</strong></span> <span class='ocrx_word' id='word_1_683' title='bbox 2625 3330 2732 3382; x_wconf 90' lang='lat' dir='ltr'><strong>erit</strong></span> <span class='ocrx_word' id='word_1_684' title='bbox 2760 3328 2844 3382; x_wconf 84' lang='lat' dir='ltr'><strong>eis</strong></span> <span class='ocrx_word' id='word_1_685' title='bbox 2876 3329 2968 3397; x_wconf 90' lang='lat' dir='ltr'><strong>qui</strong></span> <span class='ocrx_word' id='word_1_686' title='bbox 3006 3329 3218 3399; x_wconf 88' lang='lat' dir='ltr'><strong>populis</strong></span> <span class='ocrx_word' id='word_1_687' title='bbox 3248 3328 3579 3399; x_wconf 67' lang='lat' dir='ltr'><strong>praesident,</strong></span> <span class='ocrx_word' id='word_1_688' title='bbox 3621 3344 3834 3384; x_wconf 63' lang='lat' dir='ltr'><strong>merce.</strong></span> 
     </span>
    </p>
   </div>
   <div class='ocr_carea' id='block_1_93' title="bbox 2253 3419 3836 3491">
    <p class='ocr_par' dir='ltr' id='par_1_93' title="bbox 2253 3419 3836 3491">
     <span class='ocr_line' id='line_1_93' title="bbox 2253 3419 3836 3491; baseline -0.001 -17"><span class='ocrx_word' id='word_1_689' title='bbox 2253 3420 2375 3474; x_wconf 91' lang='lat' dir='ltr'><strong>dem</strong></span> <span class='ocrx_word' id='word_1_690' title='bbox 2409 3434 2539 3474; x_wconf 89' lang='lat' dir='ltr'><strong>vero</strong></span> <span class='ocrx_word' id='word_1_691' title='bbox 2571 3419 2852 3475; x_wconf 88' lang='lat' dir='ltr'><strong>habebunt</strong></span> <span class='ocrx_word' id='word_1_692' title='bbox 2900 3430 2956 3475; x_wconf 87' lang='lat' dir='ltr'><strong>et</strong></span> <span class='ocrx_word' id='word_1_693' title='bbox 2998 3419 3209 3475; x_wconf 87' lang='lat' dir='ltr'><strong>lucrum</strong></span> <span class='ocrx_word' id='word_1_694' title='bbox 3234 3460 3249 3487; x_wconf 89' lang='lat'><strong>,</strong></span> <span class='ocrx_word' id='word_1_695' title='bbox 3289 3422 3335 3476; x_wconf 86' lang='lat' dir='ltr'><strong>si</strong></span> <span class='ocrx_word' id='word_1_696' title='bbox 3373 3422 3650 3477; x_wconf 85' lang='lat' dir='ltr'><strong>resistant.</strong></span> <span class='ocrx_word' id='word_1_697' title='bbox 3692 3422 3836 3491; x_wconf 73' lang='lat' dir='ltr'><strong>Ergo</strong></span> 
     </span>
    </p>
   </div>
   <div class='ocr_carea' id='block_1_94' title="bbox 2251 3511 3837 3580">
    <p class='ocr_par' dir='ltr' id='par_1_94' title="bbox 2251 3511 3837 3580">
     <span class='ocr_line' id='line_1_94' title="bbox 2251 3511 3837 3580; baseline 0.003 -17"><span class='ocrx_word' id='word_1_698' title='bbox 2251 3513 2508 3580; x_wconf 85' lang='lat' dir='ltr'><strong>quoniam</strong></span> <span class='ocrx_word' id='word_1_699' title='bbox 2543 3511 2596 3565; x_wconf 90' lang='lat' dir='ltr'><strong>in</strong></span> <span class='ocrx_word' id='word_1_700' title='bbox 2626 3512 2712 3567; x_wconf 87' lang='lat' dir='ltr'><strong>his</strong></span> <span class='ocrx_word' id='word_1_701' title='bbox 2757 3511 2912 3568; x_wconf 88' lang='lat' dir='ltr'><strong>libris</strong></span> <span class='ocrx_word' id='word_1_702' title='bbox 2950 3513 3065 3568; x_wconf 85' lang='lat' dir='ltr'><strong>sive</strong></span> <span class='ocrx_word' id='word_1_703' title='bbox 3112 3514 3400 3569; x_wconf 84' lang='lat' dir='ltr'><strong>memorati</strong></span> <span class='ocrx_word' id='word_1_704' title='bbox 3442 3515 3545 3570; x_wconf 88' lang='lat' dir='ltr'><strong>viri</strong></span> <span class='ocrx_word' id='word_1_705' title='bbox 3591 3516 3837 3570; x_wconf 86' lang='lat' dir='ltr'><strong>conscri-</strong></span> 
     </span>
    </p>
   </div>
   <div class='ocr_carea' id='block_1_95' title="bbox 2250 3603 3835 3677">
    <p class='ocr_par' dir='ltr' id='par_1_95' title="bbox 2250 3603 3835 3677">
     <span class='ocr_line' id='line_1_95' title="bbox 2250 3603 3835 3677; baseline 0.002 -21"><span class='ocrx_word' id='word_1_706' title='bbox 2250 3603 2361 3673; x_wconf 86' lang='lat' dir='ltr'><strong>ptis</strong></span> <span class='ocrx_word' id='word_1_707' title='bbox 2383 3618 2505 3673; x_wconf 66' lang='lat' dir='ltr'><strong>quz</strong></span> <span class='ocrx_word' id='word_1_708' title='bbox 2528 3604 2688 3659; x_wconf 89' lang='lat' dir='ltr'><strong>modo</strong></span> <span class='ocrx_word' id='word_1_709' title='bbox 2718 3604 3143 3673; x_wconf 84' lang='lat' dir='ltr'><strong>nominavimus,</strong></span> <span class='ocrx_word' id='word_1_710' title='bbox 3176 3607 3397 3661; x_wconf 84' lang='lat' dir='ltr'><strong>inventa</strong></span> <span class='ocrx_word' id='word_1_711' title='bbox 3428 3616 3555 3662; x_wconf 89' lang='lat' dir='ltr'><strong>sunt</strong></span> <span class='ocrx_word' id='word_1_712' title='bbox 3586 3608 3835 3677; x_wconf 65' lang='lat' dir='ltr'><strong>quaedam</strong></span> 
     </span>
    </p>
   </div>
   <div class='ocr_carea' id='block_1_96' title="bbox 2249 3695 3836 3768">
    <p class='ocr_par' dir='ltr' id='par_1_96' title="bbox 2249 3695 3836 3768">
     <span class='ocr_line' id='line_1_96' title="bbox 2249 3695 3836 3768; baseline 0.003 -20"><span class='ocrx_word' id='word_1_713' title='bbox 2249 3695 2456 3749; x_wconf 65' lang='lat' dir='ltr'><strong>ultimae</strong></span> <span class='ocrx_word' id='word_1_714' title='bbox 2489 3696 2787 3765; x_wconf 89' lang='lat' dir='ltr'><strong>impietatis</strong></span> <span class='ocrx_word' id='word_1_715' title='bbox 2816 3696 2996 3766; x_wconf 88' lang='lat' dir='ltr'><strong>plena,</strong></span> <span class='ocrx_word' id='word_1_716' title='bbox 3020 3698 3294 3767; x_wconf 89' lang='lat' dir='ltr'><strong>quomodo</strong></span> <span class='ocrx_word' id='word_1_717' title='bbox 3336 3708 3457 3753; x_wconf 87' lang='lat' dir='ltr'><strong>erat</strong></span> <span class='ocrx_word' id='word_1_718' title='bbox 3493 3713 3836 3768; x_wconf 85' lang='lat' dir='ltr'><strong>consequens</strong></span> 
     </span>
    </p>
   </div>
   <div class='ocr_carea' id='block_1_97' title="bbox 2251 3784 3839 3845">
    <p class='ocr_par' dir='ltr' id='par_1_97' title="bbox 2251 3784 3839 3845">
     <span class='ocr_line' id='line_1_97' title="bbox 2251 3784 3839 3845; baseline 0.002 -4"><span class='ocrx_word' id='word_1_719' title='bbox 2251 3784 2393 3841; x_wconf 80' lang='lat' dir='ltr'><strong>velle</strong></span> <span class='ocrx_word' id='word_1_720' title='bbox 2424 3786 2645 3839; x_wconf 85' lang='lat' dir='ltr'><strong>tacere?</strong></span> <span class='ocrx_word' id='word_1_721' title='bbox 2677 3786 2879 3841; x_wconf 87' lang='lat' dir='ltr'><strong>Dividit</strong></span> <span class='ocrx_word' id='word_1_722' title='bbox 2909 3788 3053 3842; x_wconf 87' lang='lat' dir='ltr'><strong>enim</strong></span> <span class='ocrx_word' id='word_1_723' title='bbox 3102 3788 3433 3844; x_wconf 84' lang='lat' dir='ltr'><strong>individuum</strong></span> <span class='ocrx_word' id='word_1_724' title='bbox 3479 3790 3751 3845; x_wconf 86' lang='lat' dir='ltr'><strong>Christum</strong></span> <span class='ocrx_word' id='word_1_725' title='bbox 3784 3801 3839 3844; x_wconf 85' lang='lat' dir='ltr'><strong>et</strong></span> 
     </span>
    </p>
   </div>
   <div class='ocr_carea' id='block_1_98' title="bbox 2250 3876 3837 3947">
    <p class='ocr_par' dir='ltr' id='par_1_98' title="bbox 2250 3876 3837 3947">
     <span class='ocr_line' id='line_1_98' title="bbox 2250 3876 3837 3947; baseline 0.001 -16"><span class='ocrx_word' id='word_1_726' title='bbox 2250 3892 2352 3947; x_wconf 87' lang='lat' dir='ltr'><strong>pro</strong></span> <span class='ocrx_word' id='word_1_727' title='bbox 2379 3892 2486 3931; x_wconf 88' lang='lat' dir='ltr'><strong>uno</strong></span> <span class='ocrx_word' id='word_1_728' title='bbox 2518 3876 2659 3932; x_wconf 81' lang='lat' dir='ltr'><strong>Filio</strong></span> <span class='ocrx_word' id='word_1_729' title='bbox 2702 3878 3019 3934; x_wconf 84' lang='lat' dir='ltr'><strong>dualitatem</strong></span> <span class='ocrx_word' id='word_1_730' title='bbox 3054 3880 3185 3934; x_wconf 87' lang='lat' dir='ltr'><strong>colit</strong></span> <span class='ocrx_word' id='word_1_731' title='bbox 3226 3896 3255 3933; x_wconf 89' lang='lat' dir='ltr'><strong>a</strong></span> <span class='ocrx_word' id='word_1_732' title='bbox 3299 3881 3535 3936; x_wconf 83' lang='lat' dir='ltr'><strong>veritate</strong></span> <span class='ocrx_word' id='word_1_733' title='bbox 3574 3882 3837 3937; x_wconf 80' lang='lat' dir='ltr'><strong>exciden-</strong></span> 
     </span>
    </p>
   </div>
   <div class='ocr_carea' id='block_1_99' title="bbox 2253 3970 3838 4051">
    <p class='ocr_par' dir='ltr' id='par_1_99' title="bbox 2253 3970 3838 4051">
     <span class='ocr_line' id='line_1_99' title="bbox 2253 3970 3838 4051; baseline 0.003 -28"><span class='ocrx_word' id='word_1_734' title='bbox 2253 3978 2397 4036; x_wconf 90' lang='lat' dir='ltr'><strong>tem,</strong></span> <span class='ocrx_word' id='word_1_735' title='bbox 2450 3977 2506 4025; x_wconf 88' lang='lat' dir='ltr'><strong>et</strong></span> <span class='ocrx_word' id='word_1_736' title='bbox 2557 3971 2715 4040; x_wconf 90' lang='lat' dir='ltr'><strong>quasi</strong></span> <span class='ocrx_word' id='word_1_737' title='bbox 2772 3970 2925 4026; x_wconf 77' lang='lat' dir='ltr'><strong>falsis</strong></span> <span class='ocrx_word' id='word_1_738' title='bbox 2972 3973 3284 4051; x_wconf 82' lang='lat' dir='ltr'><strong>nominibus</strong></span> <span class='ocrx_word' id='word_1_739' title='bbox 3336 3974 3656 4029; x_wconf 82' lang='lat' dir='ltr'><strong>coloratam.</strong></span> <span class='ocrx_word' id='word_1_740' title='bbox 3701 3974 3838 4029; x_wconf 83' lang='lat' dir='ltr'><strong>Nam</strong></span> 
     </span>
    </p>
   </div>
   <div class='ocr_carea' id='block_1_100' title="bbox 2253 4061 3838 4134">
    <p class='ocr_par' dir='ltr' id='par_1_100' title="bbox 2253 4061 3838 4134">
     <span class='ocr_line' id='line_1_100' title="bbox 2253 4061 3838 4134; baseline 0.004 -18"><span class='ocrx_word' id='word_1_741' title='bbox 2253 4061 2422 4118; x_wconf 83' lang='lat' dir='ltr'><strong>Deum</strong></span> <span class='ocrx_word' id='word_1_742' title='bbox 2456 4062 2719 4131; x_wconf 81' lang='lat' dir='ltr'><strong>Verbum,</strong></span> <span class='ocrx_word' id='word_1_743' title='bbox 2749 4066 2842 4134; x_wconf 86' lang='lat' dir='ltr'><strong>qui</strong></span> <span class='ocrx_word' id='word_1_744' title='bbox 2875 4080 2941 4120; x_wconf 81' lang='lat' dir='ltr'><strong>ex</strong></span> <span class='ocrx_word' id='word_1_745' title='bbox 2978 4065 3091 4120; x_wconf 87' lang='lat' dir='ltr'><strong>Deo</strong></span> <span class='ocrx_word' id='word_1_746' title='bbox 3115 4066 3278 4121; x_wconf 84' lang='lat' dir='ltr'><strong>Patre</strong></span> <span class='ocrx_word' id='word_1_747' title='bbox 3299 4076 3407 4132; x_wconf 81' lang='lat' dir='ltr'><strong>est,</strong></span> <span class='ocrx_word' id='word_1_748' title='bbox 3436 4069 3713 4124; x_wconf 86' lang='lat' dir='ltr'><strong>hominem</strong></span> <span class='ocrx_word' id='word_1_749' title='bbox 3743 4084 3838 4122; x_wconf 88' lang='lat' dir='ltr'><strong>vo-</strong></span> 
     </span>
    </p>
   </div>
   <div class='ocr_carea' id='block_1_101' title="bbox 2251 4153 3837 4218">
    <p class='ocr_par' dir='ltr' id='par_1_101' title="bbox 2251 4153 3837 4218">
     <span class='ocr_line' id='line_1_101' title="bbox 2251 4153 3837 4218; baseline 0.003 -9"><span class='ocrx_word' id='word_1_750' title='bbox 2251 4153 2364 4209; x_wconf 84' lang='lat' dir='ltr'><strong>cari</strong></span> <span class='ocrx_word' id='word_1_751' title='bbox 2400 4154 2556 4218; x_wconf 86' lang='lat' dir='ltr'><strong>dicit,</strong></span> <span class='ocrx_word' id='word_1_752' title='bbox 2586 4170 2698 4209; x_wconf 85' lang='lat' dir='ltr'><strong>non</strong></span> <span class='ocrx_word' id='word_1_753' title='bbox 2728 4164 2907 4210; x_wconf 81' lang='lat' dir='ltr'><strong>tamen</strong></span> <span class='ocrx_word' id='word_1_754' title='bbox 2935 4156 3121 4212; x_wconf 85' lang='lat' dir='ltr'><strong>ethoc</strong></span> <span class='ocrx_word' id='word_1_755' title='bbox 3151 4156 3352 4214; x_wconf 74' lang='lat' dir='ltr'><strong>factum</strong></span> <span class='ocrx_word' id='word_1_756' title='bbox 3385 4172 3509 4215; x_wconf 86' lang='lat' dir='ltr'><strong>esse</strong></span> <span class='ocrx_word' id='word_1_757' title='bbox 3538 4160 3837 4214; x_wconf 86' lang='lat' dir='ltr'><strong>secundum</strong></span> 
     </span>
    </p>
   </div>
   <div class='ocr_carea' id='block_1_102' title="bbox 2252 4247 3834 4321">
    <p class='ocr_par' dir='ltr' id='par_1_102' title="bbox 2252 4247 3834 4321">
     <span class='ocr_line' id='line_1_102' title="bbox 2252 4247 3834 4321; baseline 0.004 -22"><span class='ocrx_word' id='word_1_758' title='bbox 2252 4247 2574 4315; x_wconf 86' lang='lat' dir='ltr'><strong>veritatem;</strong></span> <span class='ocrx_word' id='word_1_759' title='bbox 2622 4248 2901 4304; x_wconf 84' lang='lat' dir='ltr'><strong>hominem</strong></span> <span class='ocrx_word' id='word_1_760' title='bbox 2939 4263 3070 4304; x_wconf 89' lang='lat' dir='ltr'><strong>vero</strong></span> <span class='ocrx_word' id='word_1_761' title='bbox 3095 4264 3221 4307; x_wconf 88' lang='lat' dir='ltr'><strong>eum</strong></span> <span class='ocrx_word' id='word_1_762' title='bbox 3266 4251 3359 4321; x_wconf 91' lang='lat' dir='ltr'><strong>qui</strong></span> <span class='ocrx_word' id='word_1_763' title='bbox 3402 4267 3469 4306; x_wconf 77' lang='lat' dir='ltr'><strong>ex</strong></span> <span class='ocrx_word' id='word_1_764' title='bbox 3515 4251 3687 4306; x_wconf 83' lang='lat' dir='ltr'><strong>Maria</strong></span> <span class='ocrx_word' id='word_1_765' title='bbox 3716 4264 3834 4315; x_wconf 82' lang='lat' dir='ltr'><strong>est,</strong></span> 
     </span>
    </p>
   </div>
   <div class='ocr_carea' id='block_1_103' title="bbox 2252 4341 3839 4413">
    <p class='ocr_par' dir='ltr' id='par_1_103' title="bbox 2252 4341 3839 4413">
     <span class='ocr_line' id='line_1_103' title="bbox 2252 4341 3839 4413; baseline 0.003 -18"><span class='ocrx_word' id='word_1_766' title='bbox 2252 4341 2392 4395; x_wconf 90' lang='lat' dir='ltr'><strong>sicut</strong></span> <span class='ocrx_word' id='word_1_767' title='bbox 2431 4341 2583 4407; x_wconf 89' lang='lat' dir='ltr'><strong>dicit,</strong></span> <span class='ocrx_word' id='word_1_768' title='bbox 2617 4356 2776 4413; x_wconf 91' lang='lat' dir='ltr'><strong>quem</strong></span> <span class='ocrx_word' id='word_1_769' title='bbox 2821 4351 2877 4398; x_wconf 91' lang='lat' dir='ltr'><strong>et</strong></span> <span class='ocrx_word' id='word_1_770' title='bbox 2910 4358 3131 4399; x_wconf 87' lang='lat' dir='ltr'><strong>carnem</strong></span> <span class='ocrx_word' id='word_1_771' title='bbox 3174 4354 3354 4400; x_wconf 90' lang='lat' dir='ltr'><strong>astute</strong></span> <span class='ocrx_word' id='word_1_772' title='bbox 3390 4345 3546 4400; x_wconf 86' lang='lat' dir='ltr'><strong>nobis</strong></span> <span class='ocrx_word' id='word_1_773' title='bbox 3590 4347 3839 4401; x_wconf 83' lang='lat' dir='ltr'><strong>nominat</strong></span> 
     </span>
    </p>
   </div>
   <div class='ocr_carea' id='block_1_104' title="bbox 2252 4430 3836 4502">
    <p class='ocr_par' dir='ltr' id='par_1_104' title="bbox 2252 4430 3836 4502">
     <span class='ocr_line' id='line_1_104' title="bbox 2252 4430 3836 4502; baseline 0.003 -17"><span class='ocrx_word' id='word_1_774' title='bbox 2252 4430 2305 4485; x_wconf 91' lang='lat' dir='ltr'><strong>in</strong></span> <span class='ocrx_word' id='word_1_775' title='bbox 2336 4430 2519 4485; x_wconf 87' lang='lat' dir='ltr'><strong>multis</strong></span> <span class='ocrx_word' id='word_1_776' title='bbox 2548 4430 2681 4486; x_wconf 87' lang='lat' dir='ltr'><strong>locis</strong></span> <span class='ocrx_word' id='word_1_777' title='bbox 2717 4430 2885 4487; x_wconf 78' lang='lat' dir='ltr'><strong>Deum</strong></span> <span class='ocrx_word' id='word_1_778' title='bbox 2935 4433 3153 4502; x_wconf 83' lang='lat' dir='ltr'><strong>quidem</strong></span> <span class='ocrx_word' id='word_1_779' title='bbox 3194 4434 3328 4489; x_wconf 89' lang='lat' dir='ltr'><strong>dicit</strong></span> <span class='ocrx_word' id='word_1_780' title='bbox 3372 4443 3426 4489; x_wconf 87' lang='lat' dir='ltr'><strong>et</strong></span> <span class='ocrx_word' id='word_1_781' title='bbox 3468 4434 3666 4490; x_wconf 77' lang='lat' dir='ltr'><strong>Filium</strong></span> <span class='ocrx_word' id='word_1_782' title='bbox 3704 4435 3836 4499; x_wconf 82' lang='lat' dir='ltr'><strong>Dei,</strong></span> 
     </span>
    </p>
   </div>
   <div class='ocr_carea' id='block_1_105' title="bbox 2184 4522 3521 4582">
    <p class='ocr_par' dir='ltr' id='par_1_105' title="bbox 2184 4522 3521 4582">
     <span class='ocr_line' id='line_1_105' title="bbox 2184 4522 3521 4582; baseline 0.001 -4"><span class='ocrx_word' id='word_1_783' title='bbox 2184 4522 2231 4578; x_wconf 87' lang='lat' dir='ltr'><strong>D</strong></span> <span class='ocrx_word' id='word_1_784' title='bbox 2254 4537 2365 4577; x_wconf 88' lang='lat' dir='ltr'><strong>non</strong></span> <span class='ocrx_word' id='word_1_785' title='bbox 2392 4532 2576 4578; x_wconf 82' lang='lat' dir='ltr'><strong>autem</strong></span> <span class='ocrx_word' id='word_1_786' title='bbox 2608 4525 2710 4579; x_wconf 91' lang='lat' dir='ltr'><strong>hoc</strong></span> <span class='ocrx_word' id='word_1_787' title='bbox 2728 4539 2855 4581; x_wconf 87' lang='lat' dir='ltr'><strong>esse</strong></span> <span class='ocrx_word' id='word_1_788' title='bbox 2887 4526 3183 4581; x_wconf 87' lang='lat' dir='ltr'><strong>secundum</strong></span> <span class='ocrx_word' id='word_1_789' title='bbox 3214 4527 3521 4582; x_wconf 84' lang='lat' dir='ltr'><strong>veritatem.</strong></span> 
     </span>
    </p>
   </div>
   <div class='ocr_carea' id='block_1_106' title="bbox 2253 4658 3838 4731">
    <p class='ocr_par' dir='ltr' id='par_1_106' title="bbox 2253 4658 3838 4731">
     <span class='ocr_line' id='line_1_106' title="bbox 2253 4658 3838 4731; baseline 0.003 -17"><span class='ocrx_word' id='word_1_790' title='bbox 2253 4658 2617 4731; x_wconf 23' lang='lat' dir='ltr'><strong>13.78anctus</strong></span> <span class='ocrx_word' id='word_1_791' title='bbox 2663 4658 2894 4731; x_wconf 81' lang='lat' dir='ltr'><strong>Cyrillus</strong></span> <span class='ocrx_word' id='word_1_792' title='bbox 2932 4661 3104 4731; x_wconf 60' lang='lat' dir='ltr'><strong>(ﬂia</strong></span> <span class='ocrx_word' id='word_1_793' title='bbox 3145 4666 3373 4718; x_wconf 83' lang='lat' dir='ltr'><strong>secunde</strong></span> <span class='ocrx_word' id='word_1_794' title='bbox 3410 4664 3548 4721; x_wconf 81' lang='lat' dir='ltr'><strong>libro</strong></span> <span class='ocrx_word' id='word_1_795' title='bbox 3589 4666 3838 4720; x_wconf 78' lang='lat' dir='ltr'><strong>adtersus</strong></span> 
     </span>
    </p>
   </div>
   <div class='ocr_carea' id='block_1_107' title="bbox 2328 4730 3839 4805">
    <p class='ocr_par' dir='ltr' id='par_1_107' title="bbox 2328 4730 3839 4805">
     <span class='ocr_line' id='line_1_107' title="bbox 2328 4730 3839 4805; baseline 0.005 -22"><span class='ocrx_word' id='word_1_796' title='bbox 2328 4730 2676 4805; x_wconf 59' lang='lat' dir='ltr'><strong>Theodorum,</strong></span> <span class='ocrx_word' id='word_1_797' title='bbox 2700 4730 3056 4805; x_wconf 64' lang='lat' dir='ltr'><strong>quiincipir:</strong></span> <span class='ocrx_word' id='word_1_798' title='bbox 3092 4752 3110 4785; x_wconf 75' lang='grc' dir='ltr'><strong>ι</strong></span> <span class='ocrx_word' id='word_1_799' title='bbox 3153 4733 3203 4786; x_wconf 89' lang='lat' dir='ltr'><strong>li</strong></span> <span class='ocrx_word' id='word_1_800' title='bbox 3232 4737 3323 4803; x_wconf 90' lang='lat' dir='ltr'><strong>qui</strong></span> <span class='ocrx_word' id='word_1_801' title='bbox 3351 4753 3561 4789; x_wconf 74' lang='lat' dir='ltr'><strong>sat-rum</strong></span> <span class='ocrx_word' id='word_1_802' title='bbox 3590 4753 3720 4805; x_wconf 85' lang='lat' dir='ltr'><strong>puro</strong></span> <span class='ocrx_word' id='word_1_803' title='bbox 3752 4743 3839 4790; x_wconf 80' lang='lat' dir='ltr'><strong>in-</strong></span> 
     </span>
    </p>
   </div>
   <div class='ocr_carea' id='block_1_108' title="bbox 2323 4801 3561 4877">
    <p class='ocr_par' dir='ltr' id='par_1_108' title="bbox 2323 4801 3561 4877">
     <span class='ocr_line' id='line_1_108' title="bbox 2323 4801 3561 4877; baseline 0.004 -24"><span class='ocrx_word' id='word_1_804' title='bbox 2323 4802 2559 4855; x_wconf 85' lang='lat' dir='ltr'><strong>tellectus</strong></span> <span class='ocrx_word' id='word_1_805' title='bbox 2589 4802 2741 4856; x_wconf 87' lang='lat' dir='ltr'><strong>oculo</strong></span> <span class='ocrx_word' id='word_1_806' title='bbox 2772 4801 2969 4855; x_wconf 78' lang='lat' dir='ltr'><strong>librant</strong></span> <span class='ocrx_word' id='word_1_807' title='bbox 2997 4806 3222 4858; x_wconf 84' lang='lat' dir='ltr'><strong>scrutati</strong></span> <span class='ocrx_word' id='word_1_808' title='bbox 3244 4801 3373 4859; x_wconf 74' lang='lat' dir='ltr'><strong>sunt</strong></span> <span class='ocrx_word' id='word_1_809' title='bbox 3405 4807 3505 4877; x_wconf 77' lang='grc'><strong>(2).</strong></span> <span class='ocrx_word' id='word_1_810' title='bbox 3543 4826 3561 4858; x_wconf 77' lang='grc' dir='ltr'><strong>ι</strong></span> 
     </span>
    </p>
   </div>
   <div class='ocr_carea' id='block_1_109' title="bbox 2327 4915 3841 4989">
    <p class='ocr_par' dir='ltr' id='par_1_109' title="bbox 2327 4915 3841 4989">
     <span class='ocr_line' id='line_1_109' title="bbox 2327 4915 3841 4989; baseline 0.003 -18"><span class='ocrx_word' id='word_1_811' title='bbox 2327 4915 2615 4986; x_wconf 85' lang='lat' dir='ltr'><strong>Discipulis</strong></span> <span class='ocrx_word' id='word_1_812' title='bbox 2640 4917 2820 4972; x_wconf 90' lang='lat' dir='ltr'><strong>aiebat</strong></span> <span class='ocrx_word' id='word_1_813' title='bbox 2848 4934 2860 4970; x_wconf 96' lang='lat'>:</span> <span class='ocrx_word' id='word_1_814' title='bbox 2902 4934 2921 4969; x_wconf 71' lang='grc' dir='ltr'><strong>ι</strong></span> <span class='ocrx_word' id='word_1_815' title='bbox 2959 4916 3242 4973; x_wconf 82' lang='lat' dir='ltr'><strong>Neminem</strong></span> <span class='ocrx_word' id='word_1_816' title='bbox 3267 4919 3322 4974; x_wconf 92' lang='lat' dir='ltr'><strong>in</strong></span> <span class='ocrx_word' id='word_1_817' title='bbox 3350 4929 3489 4975; x_wconf 90' lang='lat' dir='ltr'><strong>terra</strong></span> <span class='ocrx_word' id='word_1_818' title='bbox 3515 4923 3841 4989; x_wconf 79' lang='lat' dir='ltr'><strong>magistrum</strong></span> 
     </span>
    </p>
   </div>
   <div class='ocr_carea' id='block_1_110' title="bbox 2254 5007 3836 5077">
    <p class='ocr_par' dir='ltr' id='par_1_110' title="bbox 2254 5007 3836 5077">
     <span class='ocr_line' id='line_1_110' title="bbox 2254 5007 3836 5077; baseline 0.003 -16"><span class='ocrx_word' id='word_1_819' title='bbox 2254 5007 2566 5077; x_wconf 84' lang='lat' dir='ltr'><strong>appelletis;</strong></span> <span class='ocrx_word' id='word_1_820' title='bbox 2595 5024 2735 5064; x_wconf 90' lang='lat' dir='ltr'><strong>unus</strong></span> <span class='ocrx_word' id='word_1_821' title='bbox 2760 5018 2845 5065; x_wconf 87' lang='lat' dir='ltr'><strong>est</strong></span> <span class='ocrx_word' id='word_1_822' title='bbox 2867 5012 3010 5066; x_wconf 90' lang='lat' dir='ltr'><strong>enim</strong></span> <span class='ocrx_word' id='word_1_823' title='bbox 3039 5010 3230 5066; x_wconf 87' lang='lat' dir='ltr'><strong>doctor</strong></span> <span class='ocrx_word' id='word_1_824' title='bbox 3256 5022 3434 5067; x_wconf 88' lang='lat' dir='ltr'><strong>vester</strong></span> <span class='ocrx_word' id='word_1_825' title='bbox 3452 5014 3701 5069; x_wconf 87' lang='lat' dir='ltr'><strong>Christus</strong></span> <span class='ocrx_word' id='word_1_826' title='bbox 3713 5014 3785 5069; x_wconf 78' lang='lat'><strong>“.</strong></span> <span class='ocrx_word' id='word_1_827' title='bbox 3816 5035 3836 5066; x_wconf 75' lang='grc' dir='ltr'><strong>ι</strong></span> 
     </span>
    </p>
   </div>
   <div class='ocr_carea' id='block_1_111' title="bbox 2256 5098 3840 5169">
    <p class='ocr_par' dir='ltr' id='par_1_111' title="bbox 2256 5098 3840 5169">
     <span class='ocr_line' id='line_1_111' title="bbox 2256 5098 3840 5169; baseline 0.004 -17"><span class='ocrx_word' id='word_1_828' title='bbox 2256 5098 2392 5153; x_wconf 91' lang='lat' dir='ltr'><strong>Dum</strong></span> <span class='ocrx_word' id='word_1_829' title='bbox 2430 5098 2501 5152; x_wconf 89' lang='lat' dir='ltr'><strong>ita</strong></span> <span class='ocrx_word' id='word_1_830' title='bbox 2534 5100 2807 5169; x_wconf 83' lang='lat' dir='ltr'><strong>apostolos</strong></span> <span class='ocrx_word' id='word_1_831' title='bbox 2843 5103 3185 5167; x_wconf 83' lang='lat' dir='ltr'><strong>hortabatur,</strong></span> <span class='ocrx_word' id='word_1_832' title='bbox 3218 5103 3360 5157; x_wconf 88' lang='lat' dir='ltr'><strong>haud</strong></span> <span class='ocrx_word' id='word_1_833' title='bbox 3394 5112 3547 5158; x_wconf 89' lang='lat' dir='ltr'><strong>certe</strong></span> <span class='ocrx_word' id='word_1_834' title='bbox 3578 5105 3840 5160; x_wconf 82' lang='lat' dir='ltr'><strong>deitatem</strong></span> 
     </span>
    </p>
   </div>
   <div class='ocr_carea' id='block_1_112' title="bbox 2254 5191 3842 5264">
    <p class='ocr_par' dir='ltr' id='par_1_112' title="bbox 2254 5191 3842 5264">
     <span class='ocr_line' id='line_1_112' title="bbox 2254 5191 3842 5264; baseline 0.004 -20"><span class='ocrx_word' id='word_1_835' title='bbox 2254 5205 2287 5244; x_wconf 68' lang='grc' dir='ltr'>θ</span> <span class='ocrx_word' id='word_1_836' title='bbox 2311 5191 2507 5246; x_wconf 89' lang='lat' dir='ltr'><strong>visibili</strong></span> <span class='ocrx_word' id='word_1_837' title='bbox 2533 5206 2760 5263; x_wconf 88' lang='lat' dir='ltr'><strong>corpore</strong></span> <span class='ocrx_word' id='word_1_838' title='bbox 2782 5194 3101 5262; x_wconf 87' lang='lat' dir='ltr'><strong>separabat;</strong></span> <span class='ocrx_word' id='word_1_839' title='bbox 3130 5209 3302 5263; x_wconf 88' lang='lat' dir='ltr'><strong>neque</strong></span> <span class='ocrx_word' id='word_1_840' title='bbox 3331 5195 3445 5264; x_wconf 91' lang='lat' dir='ltr'><strong>ipse</strong></span> <span class='ocrx_word' id='word_1_841' title='bbox 3467 5193 3722 5253; x_wconf 81' lang='lat' dir='ltr'><strong>Christus</strong></span> <span class='ocrx_word' id='word_1_842' title='bbox 3750 5212 3842 5251; x_wconf 87' lang='lat' dir='ltr'><strong>se-</strong></span> 
     </span>
    </p>
   </div>
   <div class='ocr_carea' id='block_1_113' title="bbox 2256 5282 3843 5359">
    <p class='ocr_par' dir='ltr' id='par_1_113' title="bbox 2256 5282 3843 5359">
     <span class='ocr_line' id='line_1_113' title="bbox 2256 5282 3843 5359; baseline 0.004 -25"><span class='ocrx_word' id='word_1_843' title='bbox 2256 5292 2367 5336; x_wconf 87' lang='lat' dir='ltr'><strong>met</strong></span> <span class='ocrx_word' id='word_1_844' title='bbox 2396 5282 2464 5336; x_wconf 90' lang='lat' dir='ltr'><strong>ab</strong></span> <span class='ocrx_word' id='word_1_845' title='bbox 2493 5284 2675 5337; x_wconf 89' lang='lat' dir='ltr'><strong>anima</strong></span> <span class='ocrx_word' id='word_1_846' title='bbox 2707 5293 2760 5339; x_wconf 90' lang='lat' dir='ltr'><strong>et</strong></span> <span class='ocrx_word' id='word_1_847' title='bbox 2788 5299 2954 5339; x_wconf 89' lang='lat' dir='ltr'><strong>carne</strong></span> <span class='ocrx_word' id='word_1_848' title='bbox 2986 5285 3215 5339; x_wconf 89' lang='lat' dir='ltr'><strong>divisum</strong></span> <span class='ocrx_word' id='word_1_849' title='bbox 3247 5288 3554 5355; x_wconf 86' lang='lat' dir='ltr'><strong>reputabat.</strong></span> <span class='ocrx_word' id='word_1_850' title='bbox 3588 5286 3681 5342; x_wconf 90' lang='lat' dir='ltr'><strong>Sic</strong></span> <span class='ocrx_word' id='word_1_851' title='bbox 3707 5301 3843 5359; x_wconf 77' lang='lat' dir='ltr'><strong>ergo</strong></span> 
     </span>
    </p>
   </div>
   <div class='ocr_carea' id='block_1_114' title="bbox 2841 5438 3840 5511">
    <p class='ocr_par' dir='ltr' id='par_1_114' title="bbox 2841 5438 3840 5511">
     <span class='ocr_line' id='line_1_114' title="bbox 2841 5438 3840 5511; baseline 0.009 -19"><span class='ocrx_word' id='word_1_852' title='bbox 2841 5440 2882 5472; x_wconf 79' lang='lat'>“</span> <span class='ocrx_word' id='word_1_853' title='bbox 2909 5438 2948 5493; x_wconf 93' lang='lat' dir='ltr'><strong>ll</strong></span> <span class='ocrx_word' id='word_1_854' title='bbox 2972 5441 3103 5497; x_wconf 91' lang='lat' dir='ltr'><strong>Cor.</strong></span> <span class='ocrx_word' id='word_1_855' title='bbox 3137 5457 3213 5507; x_wconf 79' lang='lat' dir='ltr'><strong>tv,</strong></span> <span class='ocrx_word' id='word_1_856' title='bbox 3252 5441 3299 5499; x_wconf 80' lang='grc' dir='ltr'>ι.</span> <span class='ocrx_word' id='word_1_857' title='bbox 3412 5442 3622 5501; x_wconf 81' lang='lat' dir='ltr'><strong>&quot;Osee</strong></span> <span class='ocrx_word' id='word_1_858' title='bbox 3675 5461 3725 5511; x_wconf 90' lang='lat' dir='ltr'><strong>v,</strong></span> <span class='ocrx_word' id='word_1_859' title='bbox 3787 5446 3840 5501; x_wconf 79' lang='grc'><strong>1.</strong></span> 
     </span>
    </p>
   </div>
   <div class='ocr_carea' id='block_1_115' title="bbox 2246 5646 3841 5723">
    <p class='ocr_par' dir='ltr' id='par_1_115' title="bbox 2246 5646 3841 5723">
     <span class='ocr_line' id='line_1_115' title="bbox 2246 5646 3841 5723; baseline 0.008 -28"><span class='ocrx_word' id='word_1_860' title='bbox 2246 5646 2462 5712; x_wconf 77' lang='lat' dir='ltr'><strong>primus</strong></span> <span class='ocrx_word' id='word_1_861' title='bbox 2484 5662 2693 5723; x_wconf 87' lang='lat' dir='ltr'><strong>_reaps_e</strong></span> <span class='ocrx_word' id='word_1_862' title='bbox 2734 5659 2922 5704; x_wconf 90' lang='lat' dir='ltr'><strong>contra</strong></span> <span class='ocrx_word' id='word_1_863' title='bbox 2971 5648 3262 5723; x_wconf 86' lang='lat' dir='ltr'><strong>Diodorum</strong></span> <span class='ocrx_word' id='word_1_864' title='bbox 3311 5662 3458 5715; x_wconf 86' lang='lat' dir='ltr'><strong>erat,</strong></span> <span class='ocrx_word' id='word_1_865' title='bbox 3500 5652 3603 5705; x_wconf 85' lang='lat' dir='ltr'><strong>duo</strong></span> <span class='ocrx_word' id='word_1_866' title='bbox 3644 5651 3841 5723; x_wconf 85' lang='lat' dir='ltr'><strong>reliqui</strong></span> 
     </span>
    </p>
   </div>
   <div class='ocr_carea' id='block_1_116' title="bbox 2254 5715 3839 5791">
    <p class='ocr_par' dir='ltr' id='par_1_116' title="bbox 2254 5715 3839 5791">
     <span class='ocr_line' id='line_1_116' title="bbox 2254 5715 3839 5791; baseline 0.006 -23"><span class='ocrx_word' id='word_1_867' title='bbox 2254 5726 2442 5771; x_wconf 85' lang='lat' dir='ltr'><strong>contra</strong></span> <span class='ocrx_word' id='word_1_868' title='bbox 2482 5715 2854 5787; x_wconf 82' lang='lat' dir='ltr'><strong>Theodorum,</strong></span> <span class='ocrx_word' id='word_1_869' title='bbox 2898 5728 2955 5775; x_wconf 86' lang='lat' dir='ltr'><strong>ut</strong></span> <span class='ocrx_word' id='word_1_870' title='bbox 2991 5736 3059 5777; x_wconf 80' lang='lat' dir='ltr'><strong>ex</strong></span> <span class='ocrx_word' id='word_1_871' title='bbox 3102 5721 3344 5791; x_wconf 80' lang='lat' dir='ltr'><strong>ipsorum</strong></span> <span class='ocrx_word' id='word_1_872' title='bbox 3388 5722 3557 5780; x_wconf 89' lang='lat' dir='ltr'><strong>initiis</strong></span> <span class='ocrx_word' id='word_1_873' title='bbox 3597 5715 3839 5779; x_wconf 72' lang='lat' dir='ltr'><strong>constat.</strong></span> 
     </span>
    </p>
   </div>
  </div>
