2066 3247
163 175 178 203 1
186 173 235 204 ιω

764 167 974 199 FRAGMENTA
993 166 1198 199 DOGMM'ICA.

1721 166 1802 207 nso.

162 237 227 259 cum
242 230 313 259 Deus
325 233 398 258 esset
410 233 437 257 et
451 229 543 262 homo,
559 235 656 263 nempe
672 227 769 256 visibili
786 228 872 256 forma
888 236 946 256 scr-
962 231 984 258 Α
998 231 1042 259 cta
1061 231 1114 254 est.
1133 227 1180 254 Sic
1198 226 1325 254 Dominus
1341 226 1406 253 dum
1428 226 1454 253 in
1468 225 1588 262 Virginis
1605 230 1683 253 utero
1700 214 1801 257 esset.-

164 284 225 309 vus,
244 275 417 305 intellectuali
435 275 529 303 notitia
550 274 689 305 Dominus,
707 273 816 300 deltatis
833 274 949 301 excelsi-

167 327 249 352 tatem
263 322 314 350 sub
328 321 421 349 humili
437 320 615 351 humanitatis
629 326 710 346 sensu
726 317 831 345 celabat
847 330 853 346 :
872 319 950 345 vicis-

166 369 271 409 simque
293 366 408 395 visibilis
432 366 556 400 corporis
580 364 778 397 humilitatem,
802 364 951 390 divinitatis

164 415 284 443 cilicacia
296 413 454 443 extollebat.

310 470 423 500 JOWIB
439 469 624 500 Cessatum
640 477 813 500 ADNQTATIO..

186 531 290 565 Locus
312 529 511 570 suprascriptum
533 539 548 561 a
573 530 677 569 C'yrillo
700 538 800 570 conligi
817 532 952 570 Theodori

166 572 323 600 doctrinam
337 568 499 605 productus.
517 568 656 598 auctorem
675 569 755 596 habet
771 568 952 602 Tlteophitum

165 606 378 635 Aluandrintm
391 605 559 639 eiuscui-un.

203 641 369 678 Cyrillusln
390 638 444 678 alia
466 639 600 668 sententia
622 638 742 678 ejusdem
770 638 831 678 libri
857 642 951 678 contra

168 673 301 704 Tlte'odori
316 675 464 702 doctrinatn
477 683 484 706 ;
500 679 560 710 «pne
574 673 705 710 particula
721 676 811 710 exstat
824 674 850 700 in
867 673 951 710 prima

168 680 301 704 Theodori
316 680 464 702 doctrinam
477 683 484 706 ;
500 680 560 708 qute
574 680 705 710 paruenta
721 680 811 700 exstat
825 681 850 700 tn
859 680 951 735 Struma

167 712 200 738 ad
216 710 376 738 Cledoninm
393 709 505 743 epistola
521 708 824 743 GregoriirNozlauueni
841 716 857 735 a
892 707 953 734 Cle-

167 747 289 773 donium.
302 745 400 778 Incipit
410 742 591 778 fragmentum
605 750 615 769 :
631 742 670 769 Ne
686 743 811 772 homines
827 743 870 771 isti
885 742 953 769 alios

167 780 313 841 delcjpiapt.
328 777 429 808 Desinit
445 787 454 805 .'
470 777 554 806 Totus
567 778 650 806 homo
663 777 691 805 in
707 783 848 814 peccatum
864 779 953 812 lapsus

168 822 198 841 re
209 823 269 841 inea
283 823 325 841 ur.

168 816 325 851 relingatur.

306 869 351 905 μ.
372 869 445 897 Idem
461 864 577 904 Cyrillus
592 861 619 895 in
634 869 724 910 eodem
740 868 818 897 libra.

207 934 218 951 ι
239 925 307 956 Cum
323 924 483 959 Unigeuitus
499 931 528 951 se
543 922 742 956 incarnaverit,
757 922 804 957 qui
819 922 873 950 vita
888 929 952 948 sna-

168 975 215 1005 pte
229 974 325 998 natura
341 973 392 1001 est,
409 976 533 1003 regressa
549 974 591 995 est
606 969 638 995 ad
654 968 736 995 vitam
753 972 848 995 natura
865 967 954 994 homi-

170 1007 222 1043 nis.
237 1015 295 1050 Ipse
307 1022 373 1043 vero
386 1019 466 1049 caput
479 1014 602 1042 Omnium
615 1017 669 1045 cst,
683 1013 800 1048 ideoque
813 1012 955 1042 viviﬁcans

171 1061 234 1091 illud
256 1061 346 1089 Patris
365 1060 481 1088 Verbum
493 1067 603 1089 carnem
625 1059 676 1087 sibi
698 1058 836 1094 propriam
859 1057 956 1085 ascivit

169 1115 230 1142 qua:
249 1108 278 1135 in
297 1107 393 1134 mortis
414 1106 547 1140 mancipio
567 1109 638 1137 erat,
656 1109 685 1132 ιιι
707 1105 771 1135 dum
787 1111 850 1132 eam
874 1103 953 1139 morti

169 1153 383 1191 cotrttptelaeque
398 1152 565 1186 superiorem
579 1150 709 1182 efﬁceret,
727 1150 798 1177 idem
815 1149 892 1179 nobis
906 1145 955 1176 do-

170 1206 234 1226 num
256 1197 449 1233 impertiretur.
467 1197 556 1232 Atque
577 1200 606 1223 ut
628 1197 654 1223 in
678 1195 774 1229 mortis
793 1199 954 1229 potestatem

170 1244 265 1272 Atlami
282 1251 364 1271 causa
383 1242 537 1276 incidimus,
553 1236 594 1269 ita
607 1249 655 1277 per
670 1237 808 1273 Christum
825 1248 840 1267 a
859 1241 955 1268 mortis

170 1289 273 1318 szeviIia
286 1289 402 1321 liberati.
415 1288 504 1317 denuo
518 1288 653 1317 tendimus
665 1278 699 1315 ad
713 1282 953 1315 immortalitatem.

171 1357 215 1383 16.
237 1356 311 1398 Idm
325 1356 438 1396 (igrillur
451 1355 570 1398 iit-tertio
582 1354 852 1398 contrax/tenderent.
870 1352 957 1398 Mops-

202 1392 296 1423 uestia:
306 1387 457 1425 episcopum
476 1390 558 1421 libro.
571 1390 615 1424 qui
629 1390 721 1424 incipit
732 1396 742 1415 :
762 1398 771 1415 ε
786 1388 885 1416 Noura
901 1387 958 1421 [or-

205 1428 276 1454 sitan
292 1426 369 1452 verba
386 1427 453 1452 dum
469 1430 541 1452 sunt.
560 1433 570 1451 ι

206 1493 280 1523 Audi.
289 1500 340 1521 nos
355 1493 445 1527 itaque
459 1496 541 1527 atque
554 1491 685 1527 intelligo,
698 1499 715 1519 ο
728 1491 820 1524 homo,
829 1491 957 1527 mysterii

170 1539 395 1578 profunditatem,
407 1539 478 1574 quod
491 1545 552 1565 cum
566 1545 706 1565 sacrorum
721 1537 850 1569 librorum
864 1538 958 1564 ortho-

1004 276 1085 306 atque
1100 272 1134 298 ad
1149 270 1221 298 illius
1236 270 1413 298 substantiam
1431 270 1520 297 adhuc
1535 269 1672 302 attineret,
1685 270 1789 297 honore
1804 267 1807 274 '

1004 317 1065 344 Filii
1075 317 1196 343 carebat.
1207 315 1274 343 Cum
1286 319 1376 342 autem
1388 315 1573 343 conformatus
1583 319 1635 347 est,
1647 315 1789 349 templum-

1004 368 1058 395 que
1075 361 1121 388 Dei
1133 360 1213 387 Verbi
1229 358 1342 386 ell'ectns
1359 363 1467 392 recepto
1484 357 1645 392 Unigenito,
1661 358 1790 384 honorent

1005 406 1121 434 numinis
1135 406 1247 440 adeptus
1261 409 1302 432 est
1313 425 1321 436 ,
1335 412 1369 431 ex
1384 410 1439 439 quo
1454 404 1491 430 illi
1503 404 1592 439 gloria
1609 403 1725 431 accessit
1739 401 1790 437 (l).

1025 457 1030 461 ”
1068 462 1111 490 18.
1133 462 1207 489 Idem
1222 460 1338 496 Cyrinus
1355 464 1451 487 contra
1467 459 1576 486 Diodori
1589 460 1739 494 scriptum.‘

1040 528 1266 557 Pmlarlssimel
1284 527 1346 558 Aio.
1357 527 1440 557 verba
1451 533 1512 561 quae
1529 513 1609 553 nemo
1625 525 1728 559 docuit,
1743 525 1791 552 sed

1006 579 1061 602 ate
1074 573 1181 609 publice
1193 573 1416 608 pronuntiantur,
1429 570 1597 605 gravissimis
1609 571 1736 602 sordibus
1749 570 1790 596 in-

958 614 967 622 “
1005 618 1123 653 quinari.
1137 618 1236 647 Sancta
1252 617 1296 646 illa
1309 624 1389 649 care,
1403 623 1465 651 quae
1479 615 1570 645 Maria:
1583 615 1646 648 fuit.
1660 614 1715 649 jam
1730 615 1805 643 inde,

1006 671 1026 690 a.
1034 664 1122 698 primo
1132 668 1280 697 conceptus
1293 666 1444 695 momento,
1456 662 1514 689 sive
1526 661 1554 688 in
1568 665 1645 688 utero
1657 660 1806 699 exsistam,

1006 710 1062 742 lia,
1079 713 1172 736 sancta
1193 709 1255 742 fuit,
1274 712 1369 743 utpote
1389 707 1492 737 Christi
1515 713 1613 741 corpus
1632 714 1638 733 :
1657 712 1806 740 nemoque,

1006 755 1046 782 vel
1059 758 1169 783 tenuem
1182 754 1307 783 concedit
1320 753 1452 788 temporis
1467 752 1551 783 luisse
1564 751 1708 779 articulum
1717 758 1793 785 ,-quo

1007 800 1051 828 illa
1063 800 1216 831 communis
1229 799 1391 833 ueterisque
1405 797 1534 826 carnibus
1547 796 1644 824 similis
1659 795 1751 827 luerit,
1764 800 1794 822 ut

1007 853 1023 873 a
1036 850 1062 873 te
1074 846 1177 874 dictum
1187 849 1249 877 est.
1262 850 1292 872 et
1306 852 1357 872 non
1373 843 1462 878 potius
1473 842 1555 870 Verbi
1570 848 1645 869 caro.

968 908 992 938 B
1006 913 1044 940 Ex
1059 911 1159 939 Seven:
1173 912 1338 939 ANTIOCIIENI
1352 916 1481 938 nomen
1495 916 1546 937 PRO
1559 916 1644 936 OPEBE
1657 916 1706 936 suo
1720 916 1790 940 ouou

1060 955 1228 976 lNSCRIBlTUR
1244 946 1416 978 Philaletltes,
1430 952 1458 972 tu
1472 951 1567 972 comet:
1581 944 1650 971 Vn.
1665 944 1729 971 SVR.

1108 1004 1152 1032 l9.
1173 1003 1246 1031 Idem
1261 1002 1376 1038 Cyrillus
1391 1002 1517 1029 adversus
1532 1001 1690 1028 Diodorum.

1043 1071 1128 1099 Sicuti
1145 1072 1227 1099 etiam
1245 1071 1315 1098 idem
1332 1070 1447 1097 Verbum
1458 1090 1466 1101 ,
1485 1070 1518 1097 de
1535 1069 1624 1097 Patris
1641 1068 1791 1098 substantia

1006 1118 1139 1153 genitum.
1159 1116 1303 1144 Abrahami
1328 1123 1420 1143 semen
1444 1115 1470 1142 in
1492 1122 1576 1142 carne
1597 1114 1793 1150 apprehendit,

1009 1159 1088 1198 idque
1109 1170 1157 1197 per
1174 1161 1387 1196 dispensationis
1407 1160 1581 1196 mysterium,
1599 1159 1659 1186 sine
1680 1159 1795 1195 proprizr

1008 1208 1166 1238 substantia:
1188 1208 1361 1235 detrimento.
1385 1205 1491 1233 Etenim
1516 1213 1578 1232 cum
1602 1210 1675 1233 esset
1699 1210 1794 1232 natura

1011 1255 1096 1287 Deus,
1113 1260 1193 1281 verus
1209 1260 1318 1289 quoque
1337 1252 1456 1280 hominis
1473 1252 1559 1279 Filius
1578 1251 1667 1284 laetus
1683 1257 1725 1279 est
1742 1260 1749 1279 :
1768 1256 1796 1278 et

1009 1294 1055 1336 Qui
1070 1298 1154 1326 Filius
1169 1298 1242 1325 Patri
1260 1299 1314 1326 Deo
1328 1302 1382 1331 est,
1396 1305 1449 1325 non
1467 1303 1509 1325 est
1523 1297 1561 1325 illi
1576 1302 1733 1330 extraneus,
1748 1304 1796 1324 ne-

1009 1352 1061 1380 que
1074 1344 1171 1372 falsum
1185 1344 1245 1372 Filii
1261 1351 1358 1371 nomen
1374 1343 1443 1379 gerit
1458 1353 1465 1370 :
1480 1343 1581 1371 etenim
1595 1350 1690 1378 reapse
1702 1351 1734 1371 ex
1750 1342 1797 1370 illo

1009 1395 1088 1418 natus
1100 1394 1142 1418 est
1153 1389 1281 1417 inelTabili
1293 1397 1448 1424 arcanaque
1462 1389 1551 1422 modo,
1563 1396 1718 1425 quanquam
1730 1397 1797 1416 non-

1010 1436 1061 1464 nisi
1073 1436 1099 1464 in
1110 1442 1192 1464 carne
1202 1440 1264 1471 post
1275 1435 1468 1463 adunationem
1480 1439 1671 1470 cognoscatur.
1680 1434 1720 1462 Tn
1732 1442 1797 1470 ergo

1009 1483 1073 1510 dum
1086 1482 1145 1516 ejus
1160 1481 1346 1509 tantummodo
1362 1481 1617 1509 transmutationem
1632 1480 1754 1509 admittis
1771 1482 1797 1507 in

1009 1536 1118 1556 carnem
1137 1528 1284 1555 inanimetn
1303 1527 1498 1563 intellectuque
1514 1531 1669 1562 carentem,
1688 1528 1797 1553 ttnicum

170 1571 251 1628 doxia
264 1591 400 1620 scopoque
413 1571 558 1612 consentit.
572 1583 664 1611 Deitas
677 1591 691 1611 a
706 1591 799 1616 carne,
813 1583 839 1610 id
853 1588 895 1610 est
909 1583 955 1610 Im-

1010 1573 1085 1601 iIlum
1105 1574 1132 1601 in
1155 1573 1223 1600 duos
1245 1572 1344 1619 dividis
1368 1571 1449 1605 ﬁlios,
1471 1572 1613 1600 veritatem
1635 1572 1705 1599 hanc
1727 1572 1798 1608 quod

171 1626 252 1662 mana
268 1636 379 1664 natura,
393 1630 481 1658 dill'ert
499 1626 649 1658 secundum
667 1629 806 1664 utriusque
822 1628 957 1664 propriam

171 1677 315 1706 rationem.
333 1676 418 1704 Secus
438 1675 574 1711 quomodo
594 1675 673 1703 nobis
693 1674 789 1701 similis
807 1673 957 1705 evasisset,

172 1722 389 1757 quandoquidem
403 1722 449 1748 Dei
460 1717 578 1748 Verbum
592 1720 618 1747 in
630 1727 679 1749 suo
691 1727 803 1754 prorsus
814 1723 885 1747 statu
898 1726 959 1754 per-

172 1768 289 1796 mansit!
304 1767 401 1794 Verum
421 1767 444 1793 si
464 1766 540 1793 carni
558 1766 616 1801 ejus
632 1764 839 1800 inseparabilem
857 1766 959 1791 aduna-

171 1814 272 1841 tionem
287 1812 430 1845 attribuas,
443 1818 532 1846 neque
542 1818 605 1840 eam
619 1818 667 1838 sua
681 1814 756 1838 veste
770 1806 883 1845 spolies,
897 1810 957 1837 uni~

172 1867 233 1887 cum
254 1863 319 1893 tunc
340 1858 437 1885 Filium
458 1853 586 1892 adorabis
607 1857 679 1884 Patri
701 1856 959 1884 consubstantialem

172 1904 325 1937 divinitate,
337 1903 415 1931 nobis
430 1904 493 1931 item
508 1902 764 1931 consubstantialem
779 1901 958 1929 humanitate.

173 1951 258 1979 Porro
269 1952 314 1985 qui
330 1951 367 1978 ita
381 1949 486 1985 opinari
499 1949 660 1981 decernunt,
673 1947 714 1976 eis
727 1948 854 1984 Christus
868 1947 957 1975 lumen

173 1997 327 2034 suppeditat
342 1996 376 2024 ad
389 1995 661 2030 sttimetmysteriutn
675 1994 906 2029 cognoscendum.

309 2062 355 2090 16.
375 2062 449 2091 Idem
465 2061 581 2097 Cyrillua
595 2062 623 2089 in
639 2062 729 2089 eodem
744 2060 821 2089 tibro.

208 2119 332 2147 Hominis
351 2127 412 2154 qua!
432 2119 460 2146 in
480 2118 594 2162 Christo
611 2122 654 2146 est
675 2119 789 2150 natura,
811 2117 960 2144 honoratur

174 2174 241 2195 sane
260 2173 293 2193 ac
311 2166 512 2198 sanetilicatur;
530 2169 716 2193 verumtamen
738 2168 873 2198 quatenus
891 2163 961 2191 Deus

173 2219 225 2246 est,
244 2213 378 2248 baptismo
395 2218 449 2239 non
468 2210 615 2246 indigebat,
633 2217 720 2245 neque
737 2210 855 2244 Spiritus
872 2209 959 2237 sancti

1010 1627 1080 1647 unus
1094 1619 1131 1646 sit
1145 1618 1229 1646 Filius
1244 1615 1326 1653 impie
1342 1624 1484 1663 respuens.

1039 1685 1078 1713 Ex
1094 1693 1182 1712 EADEI
1199 1684 1299 1712 Ssvcnt
1314 1685 1483 1713 Anrtocusttt
1498 1692 1628 1720 nomen
1643 1693 1668 1712 ιη
1683 1692 1772 1712 sonu

1350 1727 1457 1747 CODICE.

1103 1772 1149 1804 ἑο.
1171 1776 1246 1803 Idem
1263 1776 1381 1810 Cyrillur
1398 1776 1523 1803 adversus
1543 1776 1699 1805 Diodorum.

1046 1832 1123 1867 Saepe
1134 1832 1189 1866 jam
1203 1831 1331 1865 diximus,
1344 1839 1398 1867 quo
1413 1835 1534 1866 tempore
1548 1832 1727 1867 capitulorum
1741 1841 1799 1860 om-

1011 1875 1084 1906 nium
1098 1876 1248 1912 apologiam
1262 1877 1462 1912 quodammodo
1478 1877 1592 1906 fecimus
1605 1877 1657 1913 (Ξ),
1671 1887 1723 1907 tton
1737 1887 1801 1914 pro-

1011 1929 1103 1959 pterea
1122 1923 1194 1958 quod
1216 1927 1320 1950 naturze
1340 1923 1373 1949 ad
1395 1923 1588 1950 atlunationem
1608 1929 1798 1958 accesserunt,

1011 1969 1113 1997 idcirco
1133 1969 1290 1996 dualitatcm
1308 1967 1351 2003 (in
1368 1967 1495 2005 Christo)
1512 1976 1572 1997 esse
1590 1970 1797 1997 admittendam.

1010 2014 1117 2042 Etenim
1137 2015 1209 2041 sicut
1218 2015 1312 2047 homo,
1325 2014 1449 2049 quamvis
1465 2022 1500 2042 ex
1518 2014 1609 2042 anima
1626 2015 1759 2043 rstionali‘
1772 2021 1800 2043 et

1010 2067 1126 2095 corpore
1143 2061 1322 2095 compositus,
1338 2067 1409 2087 unus
1425 2065 1468 2087 est
1485 2067 1572 2094 neque
1588 2061 1615 2088 in
1632 2060 1687 2089 duo
1702 2061 1799 2091 dividi.

1011 2112 1066 2139 tur,
1084 2107 1165 2141 idque
1184 2110 1269 2133 totum
1289 2105 1389 2133 dicitur
1406 2105 1506 2133 animal
1525 2106 1657 2134 rationale
1672 2115 1706 2136 Ic
1725 2113 1799 2136 ηομ

1010 2152 1073 2186 tale,
1086 2159 1240 2187 quanquam
1254 2158 1350 2186 reapse
1363 2159 1416 2179 una
1431 2152 1458 2179 in
1472 2157 1549 2187 parte
1563 2153 1689 2186 mortale.
1702 2154 1731 2181 in
1747 2155 1799 2183 alia

1011 2198 1157 2231 rationale;
1175 2198 1216 2225 sic
1231 2197 1314 2224 etiam
1333 2196 1507 2233 Emmanuel,
1523 2204 1588 2225 eum
1602 2198 1640 2226 sit
1656 2206 1743 2231 unus,
1759 2200 1801 2228 dir

174 2242 256 2291 dono,
268 2242 484 2293 quandoquidem
499 2242 586 2292 ipsum
599 2242 731 2289 Spiritum
746 2242 817 2283 idem
831 2256 923 2283 donat.

1013 2243 1126 2271 vinitate
1137 2247 1165 2270 et
1177 2242 1343 2270 humanitate
1352 2248 1492 2276 constans,
1503 2250 1618 2278 quarum
1629 2252 1678 2279 per
1687 2253 1716 2273 se
1728 2250 1800 2273 ntra«

175 2326 213 2354 Ex
232 2333 341 2354 INEDl'I'O
356 2323 505 2351 ΡΙιὶΙαιειΙιε
521 2323 621 2352 Ssvsm
637 2330 805 2350 ANTIOCHENI
823 2329 849 2349 IN
866 2328 960 2350 comet:

418 2358 534 2387 Stuuco
551 2358 700 2385 Vulcano.
845 2370 852 2377 ο

176 2416 219 2443 Π.
239 2415 370 2442 Diodorus
382 2413 458 2441 Tarsi
471 2413 607 2447 episcopus
620 2412 694 2445 impii
705 2411 823 2439 Nestorii
836 2411 961 2446 magister

470 2448 519 2484 [ita
535 2447 664 2483 scripsit].

209 2517 276 2544 Cum
290 2516 377 2544 adhuc
390 2514 482 2542 Mariae
493 2518 566 2542 esset
579 2521 644 2541 caro
656 2513 712 2546 illa,
727 2513 839 2541 necdum
853 2520 961 2540 assnm-
981 2546 983 2548 ι

175 2568 236 2598 pla,
253 2567 359 2590 terrena
374 2565 448 2594 erat,
467 2566 554 2597 neque
569 2559 703 2587 ullatenus
717 2566 732 2586 a
748 2559 854 2586 caeteris
870 2558 961 2586 carni-

175 2610 225 2637 bus
239 2607 379 2636 diﬂ'erebat
393 2616 400 2634 :
413 2606 461 2634 sed
475 2606 502 2634 in
517 2605 656 2633 nativitate
669 2605 778 2633 demum
794 2605 897 2632 honore
911 2612 960 2631 au-

218 2697 252 2732 t!)
273 2696 353 2733 Vides
369 2701 460 2733 petam
475 2695 598 2733 haeresim
614 2694 817 2733 l‘iestorianam.
832 2702 913 2730 quam
930 2695 958 2722 in

176 2730 307 2767 sequente
322 2730 473 2766 fragmento
487 2731 607 2767 retundit
621 2730 747 2767 Cyrillus.

212 2765 251 2804 (2)
264 2767 391 2804 intelligo
410 2766 560 2804 apologiam
579 2770 674 2804 contra
695 2765 841 2804 orien_t_;t_les
854 2765 958 2804 cpisco-

195 2799 309 2829 oéfScd
329 2799 474 2828 taincn'de
491 2799 621 2834 capitulis
641 2806 748 2834 quoque
770 2799 902 2827 Theodori
926 2808 957 2827 ac.

203 2811 235 2829 is.
255 2808 309 2828 bed
329 2808 419 2828 tamen
441 2808 474 2828 ne
496 2809 526 2827 ca
545 2808 621 2827 unus
641 2808 748 2834 quoque
776 2808 902 2827 rneottort
926 2808 956 2827 ac.

203 2837 287 2864 iudori
308 2844 322 2863 a
342 2843 371 2863 se
391 2836 513 2863 refutatis
529 2808 650 2870 loquitur
664 2834 782 2869 Cyrillus
805 2835 831 2861 in
843 2835 956 2870 epistola

178 2873 212 2899 ad
225 2872 352 2900 Acacium
366 2869 733 2905 Melitenmsemepiscopum
749 2871 809 2905 (ep.
826 2869 871 2904 40)
886 2880 892 2897 -.
913 2869 956 2896 In-

336 2917 477 2949 PATROL.
496 2918 552 2947 Gn.
568 2916 617 2947 [Χ
628 2915 705 2946 ΧΠ.

1014 2296 1067 2323 quo
1083 2288 1201 2323 perfecta
1218 2291 1274 2319 est,
1293 2288 1362 2315 idem
1381 2288 1451 2316 Deus
1467 2293 1507 2317 est
1521 2292 1550 2316 et
1566 2290 1662 2323 homo,
1680 2291 1801 2319 mortalis

1013 2340 1042 2361 et
1054 2334 1214 2361 immortalis
1222 2355 1231 2367 ,
1245 2335 1400 2369 temporalis
1411 2340 1439 2362 et
1451 2335 1526 2370 prior
1537 2335 1665 2362 omnibus
1678 2336 1799 2368 sxeculis,

1014 2376 1154 2415 palpabilis
1163 2384 1190 2407 et
1202 2379 1392 2415 impalpabilis,
1404 2380 1518 2407 visibilis
1529 2386 1557 2407 et
1568 2380 1721 2408 invisibilis.
1734 2381 1801 2412 Nam

1014 2425 1036 2452 si
1060 2424 1104 2452 ille
1126 2429 1221 2451 natura
1245 2433 1293 2452 sua
1318 2424 1487 2455 immortalis.
1510 2425 1577 2452 nihil
1601 2427 1761 2461 sumpsisset
1784 2435 1800 2455 a

1014 2469 1121 2496 mortali
1139 2473 1248 2501 natura,
1266 2469 1293 2497 id
1309 2474 1351 2497 est
1366 2469 1513 2497 Abraltami
1532 2470 1645 2503 semine,
1663 2470 1736 2498 haud
1753 2479 1802 2499 nos

1013 2514 1138 2550 equidem
1153 2515 1274 2542 renovati
1289 2522 1410 2542 essemus
1425 2520 1507 2549 atque
1522 2515 1555 2542 ad
1570 2506 1801 2545 immortalitatem

1014 2561 1113 2595 erecti;
1133 2568 1257 2596 vanaque
1280 2566 1372 2589 nostra
1394 2561 1459 2589 ﬁdes
1483 2562 1568 2595 foret,
1587 2566 1615 2589 et
1637 2562 1664 2590 in
1685 2563 1803 2598 peccatis

1015 2606 1117 2633 nostris
1133 2605 1220 2633 adhuc
1233 2606 1396 2640 jaccrcmus.

1013 2695 1105 2730 specii:
1124 2694 1254 2723 Theodori
1273 2703 1304 2722 ac
1324 2695 1434 2731 Diodori
1451 2694 1537 2726 libris.
1555 2703 1620 2731 quos
1641 2696 1803 2729 scripserunt

1012 2738 1064 2757 non
1082 2732 1114 2758 de
1132 2731 1313 2758 incarnatione
1328 2730 1476 2765 Unigeniti,
1493 2731 1538 2757 sed
1558 2731 1641 2765 magis
1658 2735 1750 2757 contra
1768 2732 1805 2757 in-

1012 2767 1209 2800 carnationem,
1223 2767 1300 2799 posui
1315 2766 1408 2799 aliqua
1423 2772 1455 2792 ea:
1470 2765 1611 2801 capitulis,
1626 2770 1650 2792 et
1666 2774 1717 2801 quo
1731 2767 1803 2800 potui

1012 2801 1089 2827 modo
1102 2801 1252 2828 rantrudisi
1267 2802 1316 2833 eis,
1331 2800 1470 2827 declarans
1484 2800 1681 2827 ubominatione
1696 2808 1804 2835 prorsus

1013 2837 1115 2870 plenum
1131 2844 1185 2863 esse
1202 2836 1356 2863 sententiam
1374 2836 1500 2869 ipsorum.

1608 2914 1683 2944 46‘
