4132 6500
550 376 686 437 ηδι

1529 380 1586 436 s.
1624 371 1903 438 CYRILLI
1943 379 2361 439 FRAGMENTA
2404 362 2820 438 nectimus.

3660 379 3799 436 “52

540 493 617 548 Er
645 507 1042 560 QUESTIONIBUS
1074 491 1270 547 SEVERI
1299 492 1627 566 Asrtncngyt
1653 510 1759 549 cun
1788 511 2109 563 BBRETICIS,
2142 499 2184 555 Α
2217 493 2587 566 imperfectus,
2616 503 2838 565 peccato
2863 504 3053 547 carere
3084 488 3310 562 nequit:
3337 490 3541 549 ctenim
3570 469 3794 562 qui‘una

858 634 863 643 ⁸
996 576 1050 618 tn
1084 576 1203 616 suo
1236 576 1354 615 con.
1389 561 1516 616 Sm.
1549 560 1688 617 Var.

738 674 832 729 21.
876 669 1021 759 Idem
1054 673 1280 743 (ﬁgi-illus
1310 674 1559 729 adversus
1592 676 1906 730 Diodorum.

615 786 877 842 Sanctum
907 785 1050 840 enim
1079 794 1164 840 est
1194 799 1258 839 ac
1286 785 1407 841 sine
1437 797 1661 854 peccato
1686 801 1887 856 corpus
1912 788 2115 843 Christi

546 877 641 932 Dei
679 876 1094 945 Servatorisque
1127 876 1295 932 nostri
1334 894 1349 931 :
1385 885 1440 930 et
1472 878 1611 947 quod
1645 878 1861 947 quidem
1896 879 1963 933 ad
1996 878 2116 934 culc

547 982 668 1036 pam
710 968 922 1031 attinet,
952 966 1063 1037 jam
1106 967 1231 1022 inde
1273 983 1301 1021 a
1344 967 1520 1037 primo
1563 970 1950 1024 incarnationis
1997 985 2116 1026 mo-

548 1066 731 1112 mento
762 1058 1170 1127 incorruptibile
1199 1059 1327 1125 fuit,
1358 1068 1521 1127 atque
1546 1059 1601 1113 in
1632 1074 1696 1114 ea
1726 1061 1985 1128 qualitate
2011 1074 2116 1115 non

545 1155 630 1202 cst
666 1147 715 1202 ei
753 1147 860 1202 ulla
893 1148 1168 1203 nobiscum
1204 1147 1511 1203 communio
1543 1148 1624 1202 vel
1661 1149 1959 1203 similitudo
1994 1172 2007 1207 :
2036 1158 2121 1204 et-

546 1236 691 1290 enim
734 1236 842 1292 alia
877 1238 1067 1307 quavis
1110 1251 1171 1291 re
1212 1236 1365 1291 nobis
1402 1246 1486 1292 est
1522 1238 1717 1293 similis
1758 1248 2117 1309 praeterquam

545 1326 725 1396 culpa.
753 1326 1055 1396 Ceteroqui
1084 1326 1329 1381 eamdem
1357 1340 1575 1380 carnem
1603 1327 1962 1396 eumdemque
1988 1343 2121 1383 san-

466 1456 467 1459 η
547 1418 767 1488 guinem
797 1418 874 1472 uti
898 1432 997 1472 nos
1019 1416 1383 1486 participavit,
1404 1425 1465 1472 ut
1489 1417 1564 1471 ait
1589 1418 1876 1487 Apostolus
1896 1420 1963 1474 ⁸⁵.
1984 1419 2029 1475 0
2047 1421 2119 1476 mi

548 1510 842 1565 reverende
865 1509 956 1579 qui
982 1510 1145 1564 stulta
1172 1523 1237 1564 ac
1263 1509 1573 1578 turpissima
1598 1510 1760 1564 verba
1787 1509 2001 1579 eﬂ‘utis;
2028 1528 2121 1567 sa-

547 1616 700 1655 crum
735 1601 951 1669 quidem
986 1615 1182 1672 corpus
1213 1602 1344 1657 illud
1376 1603 1443 1656 de
1474 1600 1643 1655 Maria
1675 1612 1954 1672 sumptum
1978 1644 1994 1670 ,
2030 1605 2122 1658 inv-

550 1691 791 1747 lirmilati
818 1700 935 1747 erat
960 1692 1273 1757 obnoxium,
1299 1692 1392 1747 sed
1420 1702 1598 1747 tamen
1618 1692 1729 1760 jam
1759 1693 1882 1749 inde
1909 1696 1978 1749 ab
2003 1695 2122 1765 ejus

548 1782 911 1839 roncretiouis
935 1784 1107 1850 initio,
1128 1796 1182 1840 et
1209 1784 1260 1838 in
1287 1793 1444 1838 utero
1466 1782 1849 1851 subsistentia,
1871 1796 2116 1840 sanctum

551 1871 739 1942 utique
771 1887 987 1943 semper
1018 1872 1148 1937 fuit,
1184 1873 1310 1941 quia
1345 1871 1549 1926 Christi
1585 1886 1783 1941 corpus
1815 1882 1962 1938 erat,
2001 1872 2118 1928 uul-

550 1965 770 2029 lumqne
816 1963 1075 2034 temporis
1121 1962 1460 2018 intervallum
1516 1961 1637 2030 fuit,
1679 1978 1786 2033 quo
1833 1964 1961 2019 illud
2014 1980 2120 2021 non

552 2054 870 2123 possederit.
903 2054 1069 2110 Porro
1102 2053 1347 2125 simplex,
1389 2062 1447 2109 ut
1481 2055 1582 2119 ais,
1617 2064 1718 2119 est,
1754 2056 1965 2112 ceteris
1997 2072 2124 2112 car-

553 2146 711 2200 nibus
740 2157 1135 2215 comparatum.

550 2262 642 2316 29..
671 2259 798 2316 lusu
822 2261 1091 2318 Crmuus
1108 2279 1243 2317 aruo
1271 2261 1470 2319 Serani
1494 2278 1896 2324 Αροιοαετιεωι
1917 2280 2128 2321 cos-ras

624 2331 891 2386 Jumauuu
928 2331 1487 2398 Haucauiesmssn,
1515 2353 1567 2392 IN
1593 2350 1785 2393 CODICE
1801 2334 1928 2391 Srn.
1953 2335 2089 2392 Vn.

620 2444 974 2516 Participavit
1010 2445 1172 2516 igitur
1204 2459 1357 2516 aeque
1397 2462 1461 2501 ac
1505 2464 1604 2503 nos
1647 2462 1868 2503 carnem
1911 2457 1965 2504 et
2004 2463 2130 2503 san-

554 2540 790 2610 guinem,
840 2548 898 2593 ut
942 2540 996 2594 in
1040 2554 1205 2594 carne
1247 2555 1341 2595 sua
1391 2541 1716 2596 dmmoninm
1769 2552 2127 2613 Oppugnaret,

556 2647 729 2701 eoque
757 2628 1052 2698 proﬂigato.
1079 2630 1326 2685 mortalia
1353 2642 1533 2686 nostra
1560 2648 1789 2702 corpora
1811 2635 1878 2686 ad
1904 2634 2124 2687 immor-

560 2723 817 2777 talitateut
843 2722 1179 2787 transferret,
1198 2723 1437 2792 jugoque
1463 2722 1596 2793 legis
1617 2724 1985 2790 subtraheret,
2011 2739 2132 2794 qua:

556 2816 817 2869 adversus
856 2815 1094 2869 membra
1135 2815 1314 2870 carnis
1359 2816 1737 2885 prmvaluerat.
1778 2815 1933 2871 Haud
1976 2820 2132 2871 aliter

556 2906 721 2959 vitam
756 2913 1094 2974 mortemque
1129 2906 1272 2960 inter
1301 2920 1359 2961 se
1396 2905 1582 2976 pra-lio
1612 2906 1951 2962 committere
1982 2917 2131 2978 pote-

560 3006 667 3061 rat,
705 2996 804 3051 nisi
841 2997 1054 3051 mortali
1091 3012 1317 3066 corpore
1352 3013 1480 3052 usus
1514 2996 1728 3060 fuisset,
1762 3012 1937 3068 neque
1973 2997 2128 3064 cupi-

558 3090 788 3147 ditatum
825 3102 1131 3145 nostrarum
1165 3090 1442 3145 stimulum
1475 3089 1800 3160 obtudisset,
1832 3089 1935 3147 nisi
1969 3091 2034 3145 de
2067 3088 2133 3145 li-

561 3193 777 3251 gmento
804 3192 992 3238 nostro
1021 3197 1216 3251 corpus
1247 3183 1589 3253 sumpsisset.

560 3311 638 3368 Ex
673 3327 849 3368 uenis
887 3312 1083 3367 Sarni
1122 3326 1391 3436 [immissus
1425 3312 1696 3436 JvULIANUIl
1720 3310 1909 3367 lianc.
1949 3327 2004 3367 IN
2038 3327 2137 3369 co-

1126 3395 1245 3436 mes
1315 3397 1403 3436 ru.
1480 3399 1573 3436 Ατ.

1126 3395 1245 3436 υιεε
1274 3395 1403 3436 δῖιι.
1438 3395 1573 3439 ΥΑΤ.

764 3494 859 3552 25.
899 3493 1051 3551 Idem
1078 3493 1311 3567 Cyrillua
1340 3495 1590 3551 adversus
1622 3495 1938 3551 Diodorum.

631 3592 869 3664 Hrec'est
890 3650 904 3672 ,
936 3623 970 3665 ο
1000 3618 1183 3662 noster
1215 3607 1448 3673 sodalis,
1480 3617 1691 3663 naturae
1723 3609 1973 3664 humana:
2001 3610 2137 3666 dell-

562 3700 727 3767 uitio,
763 3716 882 3771 quae
922 3699 1122 3755 dicitur
1154 3699 1459 3755 substantia
1498 3699 1780 3761 animalis.
1817 3700 2136 3768 rationalis,

566 3801 726 3863 atque
761 3790 1028 3847 mortalis.

751 3908 843 3963 24.
884 3906 1034 3962 Idem
1065 3905 1298 3977 δεμ-ἕηκε
1323 3905 1572 3962 adversus
1596 3903 1947 3961 Theodorum.

632 4022 726 4082 Ille
767 4035 949 4080 autem
988 4039 1085 4079 ore
1129 4037 1229 4078 suo
1265 4021 1515 4087 dilatato,
1555 4031 1612 4077 et
1652 4021 1847 4077 laxatis
1892 4020 2141 4090 blaspheo

565 4122 690 4176 mia!
715 4118 965 4181 habenis,
993 4117 1131 4172 dixit
1158 4114 1360 4177 Christi
1392 4113 1764 4184 imperfectam
1790 4115 2138 4170 sanctitatem

566 4216 768 4278 fuisse,
799 4223 976 4278 neque
1009 4208 1129 4278 eius
1165 4207 1377 4263 culmen
1413 4202 1663 4275 attigisse
1691 4213 1985 4275 antequam
2017 4205 2140 4274 Spi.

564 4309 708 4363 ritus
740 4308 964 4359 sanctus
997 4300 1098 4355 sub
1135 4299 1403 4356 columba:
1440 4297 1621 4369 specie
1660 4298 1713 4353 in
1748 4313 1874 4353 eum
1910 4297 2144 4354 descen-
2248 4318 2373 4358 nem
2406 4304 2696 4375 pertinent,
2726 4321 2903 4377 neque
2929 4306 3002 4361 al-

564 4396 759 4454 disset.
789 4392 988 4463 Quidni
1023 4399 1204 4448 autem
1232 4389 1506 4463 perfectus
1535 4389 1691 4446 erat?
1718 4387 1881 4446 Certe
1934 4390 2029 4459 qui
2057 4399 2143 4447 est

2216 587 2271 641 in
2304 593 2459 655 parte
2489 593 2711 641 sanctus
2743 583 3007 650 creditur,
3040 582 3096 638 in
3130 582 3237 639 alia
3267 583 3519 640 infirmus
3552 594 3793 654 putatur.

2214 677 2427 747 Alioqui
2458 677 2677 747 quinam
2707 677 2811 731 iste
2840 676 3086 733 defectus
3112 681 3253 742 erat,
3283 689 3442 745 quem
3475 677 3523 730 ei
3556 674 3793 746 Spiritus

2216 778 2440 824 sanctus
2479 766 2783 837 supplevit,
2814 774 2875 821 ut
2917 765 3086 821 altera
3129 780 3345 836 quoque
3385 782 3513 835 pars
3553 767 3796 835 perfecta

2216 860 2498 924 evaderet,
2530 867 2695 927 atque
2726 855 2925 912 diaboli
2960 856 3221 927 impetum
3256 856 3567 925 frangeret,
3602 865 3661 910 ut
3695 858 3796 909 δάε

2215 947 2493 1004 versarius
2530 944 2760 1001 asserit?
2793 943 2969 1000 Porro
2999 958 3108 1000 non
3140 953 3365 1000 unctus
3399 946 3797 1010 tantummodo,

2216 1046 2272 1095 et
2310 1037 2528 1109 quidem
2570 1034 2971 1108 perfectissime
3008 1042 3165 1104 erat,
3197 1050 3389 1091 verum
3432 1037 3600 1091 etiam
3644 1036 3796 1105 plena

2220 1132 2457 1202 potentia
2496 1129 2545 1184 is
2579 1126 2837 1198 pmditus
2870 1134 3021 1193 erat,
3051 1125 3146 1197 qui
3186 1125 3404 1182 dolores
3435 1137 3602 1196 atque
3636 1141 3801 1181 omne

2220 1235 2391 1289 genus
2419 1218 2750 1276 inﬁrmitatis
2780 1219 3029 1274 sanabat.
3051 1245 3126 1257 —
3145 1215 3280 1272 Cum
3313 1217 3453 1271 Deus
3481 1224 3676 1285 suapte
3704 1230 3801 1269 na~

2223 1322 2342 1367 tura
2384 1320 2554 1378 esset,
2594 1323 2863 1381 vetusque
2906 1307 3001 1366 Dei
3043 1293 3223 1365 Patris
3265 1306 3459 1373 Filius,
3504 1308 3794 1362 humanam

2224 1403 2452 1458 formam
2470 1401 2575 1458 sibi
2598 1401 2795 1467 induit,
2814 1416 2969 1458 suam
2993 1399 3201 1456 faciens
3220 1412 3444 1454 carnem
3468 1398 3617 1453 illam
3637 1414 3799 1468 quam

2224 1494 2290 1547 de
2321 1501 2507 1549 sancta
2534 1490 2755 1563 Virgine
2792 1491 3051 1561 sumpsit,
3088 1505 3215 1561 quae
3248 1489 3494 1561 profecto
3532 1504 3663 1545 caro
3704 1489 3797 1544 Dei

2221 1590 2328 1649 est,
2353 1594 2409 1639 et
2439 1593 2705 1654 potestate
2734 1584 2917 1639 divina
2950 1583 3178 1653 pollens.
3202 1582 3413 1638 Idcirco
3440 1581 3693 1637 Christus
3716 1583 3795 1636 ri-

2225 1677 2449 1732 vilicans
2477 1690 2693 1746 quoque
2721 1675 2851 1743 fuit,
2880 1683 2936 1731 et
2966 1674 3344 1731 inlirmitatum
3376 1684 3621 1738 sanator,
3653 1686 3799 1727 mor—

2227 1766 2404 1837 tisque
2434 1767 2763 1823 destructor.

2415 1856 2509 1914 25.
2550 1855 2700 1913 Idem
2733 1857 2969 1929 Cyrillus
3002 1860 3257 1915 adversus
3290 1857 3609 1912 Diodorum.

2294 1965 2476 2023 Audes
2500 1967 2664 2023 etiam
2695 1968 2961 2025 herilibus
2987 1970 3179 2025 formis
3208 1969 3357 2025 illum
3388 1970 3646 2034 induere,
3676 1968 3802 2037 qui.

2226 2068 2285 2114 ut
2313 2060 2416 2125 ais,
2445 2060 2606 2115 homo
2631 2068 2715 2115 est
2744 2060 2811 2115 de
2838 2059 3029 2126 Maria,
3056 2070 3112 2116 et
3138 2062 3232 2129 qui
3263 2061 3421 2116 initio
3446 2076 3476 2114 a
3510 2059 3668 2115 nobis
3696 2057 3806 2112 nul.

2228 2149 2439 2203 latentis
2465 2149 2711 2204 diversus
2737 2156 2856 2204 erat
2882 2156 2974 2203 aut
3000 2149 3271 2218 superior,
3297 2150 3391 2204 sed
3421 2158 3607 2219 postea
3634 2147 3807 2201 inulto

2225 2242 2514 2298 conamine
2549 2239 2673 2297 Filii
2714 2256 2910 2297 nomen
2949 2240 3289 2312 gloriamque
3325 2241 3563 2295 divinam
3601 2253 3810 2309 prome.

2228 2333 2363 2388 ritus
2401 2341 2505 2399 est,
2543 2343 2730 2402 postea
2772 2347 2934 2403 quam
2981 2332 3194 2388 scilicet
3236 2333 3303 2386 de
3342 2341 3529 2401 ventre
3576 2332 3809 2385 exierat.

2230 2425 2394 2495 Igitur
2425 2425 2564 2491 duo,
2603 2433 2656 2479 te
2693 2432 2983 2489 censente,
3019 2433 3146 2480 sunt
3184 2424 3311 2491 filii;
3352 2437 3631 2493 novusque
3669 2423 3815 2476 Deus

2229 2526 2313 2572 est
2346 2515 2616 2581 Christus,
2652 2516 2747 2586 qui
2787 2530 2818 2571 a
2858 2516 2968 2571 Deo
3004 2517 3407 2587 supernaturali
3447 2517 3652 2571 honore
3689 2514 3815 2569 adeo

2229 2618 2352 2663 ctus
2385 2617 2489 2675 est,
2521 2606 2691 2677 magis
2732 2605 3011 2677 aliquanto
3045 2621 3211 2677 quam
3254 2606 3473 2677 reliquae
3505 2617 3809 2671 creaturae;

2233 2710 2291 2754 ut
2321 2713 2443 2753 cum
2479 2699 2717 2767 simplici
2751 2699 2970 2754 homine
2999 2699 3259 2755 adoretur
3291 2699 3338 2755 is
3368 2701 3462 2769 qui
3496 2699 3648 2768 lapsu
3683 2710 3818 2752 tem-

2233 2789 2405 2860 poris,
2440 2803 2542 2845 nec
2577 2789 2682 2845 nisi
2719 2790 2821 2844 sub
2856 2789 3017 2844 finem
3053 2791 3280 2860 gloriam
3318 2789 3578 2861 possedit,
3618 2789 3816 2843 factus-

2232 2896 2339 2955 que
2372 2891 2456 2938 est
2487 2881 2771 2937 Trinitatis
2804 2880 3295 2951 complementum,
3332 2892 3524 2936 natura
3563 2880 3814 2950 :equalis.

2432 2993 2525 3052 26.
2566 2993 2719 3052 Idem
2749 2994 2983 3067 Cyrinus
3013 2996 3264 3050 adversus
3297 2994 3609 3049 Diodorum.

2304 3109 2549 3184 bamque
2582 3121 2643 3168 ut
2677 3128 2868 3184 passus
2902 3113 3117 3169 dolores
3155 3112 3208 3167 in
3246 3128 3430 3176 carne,
3464 3108 3819 3167 nihilominus

2160 3184 2204 3242 (ἶ
2240 3205 2293 3260 in
2324 3220 2435 3260 suae
2467 3205 2685 3261 deitatis
2714 3214 2906 3260 natura
2936 3203 3285 3276 impassibilis
3317 3205 3515 3258 mansit
3546 3222 3561 3259 :
3594 3205 3674 3258 sic
3706 3204 3815 3266 aio,

2238 3305 2293 3350 et
2323 3294 2447 3350 dum
2478 3302 2772 3360 cresceret,
2799 3292 3101 3365 perfectum
3130 3294 3354 3349 omnino
3381 3292 3568 3348 fuisse.
3597 3292 3661 3346 Et
3692 3309 3815 3346 cum

2241 3385 2503 3455 sapientia
2549 3385 2735 3457 augeri
2780 3387 3131 3451 credebatur,
3179 3396 3306 3441 tunc
3348 3385 3462 3454 ipse
3511 3384 3818 3439 redundans

2240 3476 2521 3547 sapientiae
2550 3474 2672 3533 fons
2697 3483 2840 3545 erat,
2872 3491 2902 3531 a
2932 3490 3040 3546 quo
3065 3474 3247 3552 caueri
3278 3489 3464 3530 omnes
3495 3473 3816 3543 sapientiam

2246 3569 2517 3625 hauriunt.

3009 3659 3102 3717 27.

2245 3774 2314 3834 B.
2342 3776 2528 3847 Cyrilli
2562 3777 2899 3832 Alexandria!
2938 3793 3003 3832 ea:
3079 3777 3190 3833 Τοῦ

2341 3846 2493 3912 opere
2556 3858 2740 3903 contra
2804 3846 3002 3903 Diodo-

2342 3933 2404 3970 ru
2411 3934 2458 3969 m
2464 3954 2480 3971 ο

3142 3774 3824 3909 Ἑουμξςέἒξὲδ

3140 3916 3250 3971 τοῦ
3279 3916 3428 3969 κατὰ
3460 3913 3772 3980 Διοόάψου.

2317 4030 2497 4096 Sed,o
2522 4032 2760 4101 sapiens,
2781 4031 2996 4101 inquam
3156 4031 3319 4098 Ἀλλ’,
3360 4024 3406 4085 ὦ
3442 4028 3603 4098 σοφὲ,
3659 4026 3827 4095 φαίην

2244 4136 2380 4192 ego,
2442 4123 2621 4177 anima
2680 4124 2894 4192 quidem
2944 4131 3001 4179 et
3071 4122 3160 4188 ἂν,
3189 4122 3335 4193 ψυχὴ
3390 4120 3490 4191 μὲν
3516 4119 3616 4173 καὶ
3668 4118 3828 4186 σῶμα

2244 4227 2442 4283 corpus
2470 4214 2537 4269 ad
2570 4214 2803 4270 hominis
2836 4214 3003 4285 origi-
3070 4214 3209 4286 πρὸς
3250 4210 3538 4283 ἀνθρώπου
3591 4208 3805 4276 γένεσιν

3072 4308 3166 4362 καὶ
3185 4305 3283 4361 οὐκ
3304 4305 3370 4359 ἂν
3392 4302 3713 4375 προανεσκει
3739 4300 3830 4353 0a-

2251 4402 2511 4452 terutrum
2549 4400 2823 4468 praecedit.
3071 4397 3229 4469 τέρου
3256 4396 3505 4467 Θάτερον.

2148 4524 2237 4585 ιν.

1580 4677 1652 4717 sx
1687 4676 1854 4717 orans
1883 4675 2144 4718 aovsasus
2180 4675 2660 4747 rasuxaronacuos
2693 4666 2794 4735 (1).

640 4796 825 4871 Sancti
853 4795 1040 4872 Cyrilli
1070 4812 1136 4853 ea:
1163 4795 1517 4853 ontirrhelicis
1547 4793 1869 4850 sermonibus
1899 4806 2083 4850 contra

2227 4850 2228 4860 χ
2257 4804 2370 4859 Τοῦ
2400 4804 2575 4873 ἁγίου
2618 4804 2931 4883 Κυρζλλοῃ
2957 4801 3027 4854 ἐκ
3073 4789 3221 4883 ἰὼν·⁸
3242 4798 3393 4883 aratri
3414 4792 3831 4883 ’ργευματομδ-

1100 4889 1627 4945 Pneumatomachos.
2119 4957 2124 4963 _

645 5004 881 5074 Digitum
926 5001 1024 5057 Dei
1069 5001 1207 5058 solet
1248 4998 1529 5070 Scriptura
1569 4997 1841 5070 appellare
1884 4997 2145 5067 Spiritum

2577 4866 3158 4942 χωίὰντιρῤητικῶν
3183 4870 3383 4937 λόγων
3411 4866 3511 4937 (2).

2335 4966 2605 5046 Adxrulov
2652 4987 2787 5042 Θεοῦ
2831 4987 3017 5041 καλεῖν
3043 4978 3150 5038 οἶδε
3201 4980 3391 5052 Γραφὴ
3420 4979 3479 5033 τὸ
3523 4977 3748 5047 Πνεῦμα
3773 4977 3832 5029 eo

579 5066 859 5158 sanctum,
894 5094 1053 5163 sicuti
1087 5092 1338 5149 Christus
1370 5066 1506 5147 dixit
1542 5107 1558 5145 :
1598 5066 1723 5145 {Si
1757 5104 1857 5160 ego
1891 5066 1946 5144 in
1981 5090 2127 5159 digitt

2254 5084 2432 5152 ἅγιον,
2464 5080 2647 5145 καθὼς
2698 5080 2794 5133 καὶ
2816 5080 2846 5131 ὁ
2876 5074 3112 5147 Χριστὸς
3154 5074 3377 5146 εἴρηκεν
3396 5087 3410 5101 ⁸
3435 5090 3453 5122 t
3493 5070 3555 5123 Ei
3586 5068 3641 5121 δὲ
3668 5069 3728 5120 ὲν
3757 5066 3834 5137 τῷ

577 5190 670 5244 Dei
697 5187 858 5258 ejicio
878 5160 1139 5240 daemonia
1154 5183 1199 5215 "
1218 5200 1233 5248 ;
1249 5202 1267 5236 ι
1298 5183 1351 5237 id
1377 5184 1519 5254 quod
1545 5183 1682 5238 alius
1701 5178 2127 5252 evangelista,clt

2251 5174 2500 5246 δακτύλῳ
2531 5172 2665 5227 Θεοῦ
2694 5169 2941 5226 ἐκϐάλλω
2964 5169 3034 5222 τὰ
3057 5166 3363 5239 δαιμόνια-ι
3385 5165 3523 5234 ὅπερ
3554 5161 3714 5225 ἄλλος
3743 5160 3833 5213 εὖ·

576 5254 782 5350 Spiritu
816 5276 907 5332 Dei
932 5296 952 5329 ι
983 5275 1132 5331 dicit.
1161 5274 1254 5330 Sic
1284 5274 1410 5330 item
1442 5275 1718 5330 dexteram
1759 5272 2127 5341 brachiumqin

2255 5267 2605 5339 αγγελιστὴς,
2637 5284 2654 5319 t
2695 5269 2752 5320 ὲν
2775 5264 3052 5336 Πνεύματι
3081 5257 3272 5325 Θεοῦ,ι
3307 5258 3479 5313 εἶπεν.
3514 5257 3749 5328 ὐμοίως
3779 5254 3831 5308 δὲ

575 5486 580 5491 .
652 5435 696 5468 ⁸⁸
721 5432 882 5491 lIebr.
913 5450 977 5501 ll,
1008 5433 1097 5489 ﬂ.
1174 5434 1219 5466 ⁸⁸
1241 5430 1372 5489 Luc.
1408 5447 1480 5496 ιι,
1510 5428 1603 5485 20.
1677 5428 1722 5461 ⁵⁷
1747 5425 1939 5483 Matth.
1972 5441 2068 5493 xtl,
2091 5424 2184 5482 28.

650 5592 727 5662 (l)
767 5591 842 5645 Ex
867 5590 1077 5662 synodo
1121 5586 1715 5662 Byzaptiuaﬂadyersus
1736 5571 2147 5641 Pneuufatoma-

577 5654 719 5717 chos
745 5677 775 5714 a
818 5700 832 5714 .
864 5654 987 5723 M'ai,
1022 5654 1208 5728 Spici'l.
1238 5656 1392 5713 Rom.
1420 5656 1492 5721 Χ,
1519 5654 1612 5711 ιο.

653 5730 731 5784 l2)
772 5677 956 5784 ἕρπειί
998 5729 1183 5784 Cvrilli
1226 5740 1507 5784 sermones
1544 5742 1609 5780 an

653 5730 731 5803 (ἓ)

850 5730 956 5785 ncti
975 5721 982 5723 '
998 5721 1183 5800 Cirilli
1206 5740 1519 5800 sermones
1544 5725 1935 5800 antirrheticog
1947 5721 2153 5800 laudat

2253 5581 2374 5636 cod.
2406 5593 2624 5643 ccxxnx,
2658 5579 2762 5633 col.
2791 5575 2896 5633 795
2931 5575 3023 5648 (in.
3053 5590 3068 5629 :
3098 5568 3366 5648 Κύριλλος
3400 5570 3457 5648 ὲν
3493 5568 3615 5648 est;
3655 5566 3835 5648 agni,

2291 5648 2446 5721 ήσερί
2477 5636 3350 5721 :pqot.__(3geteroqt_t_i_cotifer‘endus
3381 5646 3463 5693 est
3499 5639 3654 5721 idem
3672 5636 3837 5721 Cyril-

2278 5706 2339 5774 us
2374 5706 2511 5787 Opp;
2539 5706 2586 5773 ἱ.
2626 5715 2668 5770 γ
2705 5706 3046 5788 [ηυιιοὙΙζΙ]
3072 5709 3435 5788 ἰηῖιιεςαιιτο,
3474 5706 3673 5788 ρλξὸθ.
3701 5706 3831 5760 Itctu

585 5778 1676 5873 Ep‘lirmtn‘iu's"patriarchaidat—iochenus
1695 5778 2150 5868 apudPhotium
2258 5790 2399 5861 apud
2423 5778 2526 5845 'u'os
2558 5790 2610 5844 in
2642 5778 3046 5845 coimuentario'
3069 5781 3135 5837 ad
3166 5780 3368 5837 Lucam
3405 5795 3485 5843 ιι,
3515 5778 3608 5831 ‘20.
