4172 6184
136 982 139 1011 l

136 1080 138 1119 ι

102 6179 117 6184 _
227 6039 351 6138 ο)

281 700 1398 1083 ’ΜΟΒΑ

991 418 2394 582 SANCTIGREGORH
2508 473 2995 583 MAGNI

1591 667 1905 737 ROMANI
1951 668 2400 737 PONTIFICIS

1431 853 2267 1077 LIUM
2410 820 3523 1106 LIBRI,

1903 1183 2073 1253 SI'TE
3606 1226 3617 1237 .

880 1371 1655 1485 EXPOSITIO
1752 1371 1902 1481 IN
1996 1370 2549 1483 LIBRUM
2645 1373 2763 1482 B.
2854 1370 3123 1482 JOB

1740 1590 2237 1670 (Continuo-tio.)

1764 1751 2657 1807 st—“-9”-
2683 1769 2731 1778 ρ-
2774 1774 2781 1777 .

1609 1926 1865 2017 PARS
1931 1925 2360 2024 QUARTA.

1300 2078 1947 2142 CONTINENS
2030 2076 2415 2140 LIBROS
2497 2077 2682 2141 SEX

1525 2243 2237 2284 Μίκκα..
2250 2258 2446 2275 ,σον-ἠ

1164 2427 1502 2514 LIBER
1610 2423 2107 2510 DECIMUS
2228 2421 2812 2505 SEPTIMUS.

342 2621 504 2693 Quae
538 2622 889 2695 supersunt
915 2632 1060 2692 cap.
1092 2617 1174 2672 24
1201 2633 1244 2672 α
1266 2628 1458 2670 uersu
1485 2611 1565 2668 20
1592 2604 1960 2681 dimidiato,
1993 2621 2142 2665 cum
2168 2601 2484 2682 capitibus
2512 2605 2591 2665 25
2612 2611 2667 2667 et
2697 2604 2775 2663 26
2805 2602 3077 2683 integris
3108 2602 3376 2684 exponit
3406 2603 3651 2669 morali

1649 2710 2069 2789 potissimum
2103 2726 2322 2773 sensu.

874 2974 1102 3074 CAPUT
1131 3009 1421 3068 PRIMUM.

422 3113 567 3173 533
602 3114 783 3172 Sancti
806 3111 1053 3169 Doctoris
1077 3124 1286 3179 scapus,
1308 3105 1585 3161 historiam
1612 3103 1708 3159 Job
1739 3105 1877 3175 typic
1894 3112 1943 3161 et

339 3208 411 3265 ad
451 3205 724 3277 mysticum
764 3218 971 3259 sensum
998 3215 1275 3273 exponere.
1302 3227 1374 3237 —
1402 3194 1627 3262 Quoties
1669 3194 1727 3248 in
1764 3191 1939 3249 sancti

340 3294 452 3352 viri
472 3292 701 3349 historia
721 3307 816 3365 per
840 3303 1050 3345 novum
1071 3287 1331 3343 volumen
1352 3283 1588 3342 enodare
1613 3280 1937 3355 mysterium

348 3390 363 3423 ¹
398 3384 596 3457 typicae
616 3379 979 3454 expositionis
999 3375 1367 3449 aggredimur,
1393 3381 1606 3447 oportet
1625 3380 1688 3429 ut
1707 3388 1775 3428 ex
1796 3369 1936 3442 ejus-

341 3475 467 3531 dem
505 3474 614 3529 viri
650 3472 739 3527 vel
776 3470 1024 3536 nomine,
1062 3467 1150 3522 vel
1190 3465 1439 3538 passione
1479 3461 1935 3535 signiﬁcationem

341 3562 635 3636 mysticam
654 3559 1030 3635 principaliter
1050 3556 1411 3630 proferamus,
1443 3559 1710 3627 quatenus
1728 3551 1936 3614 habita-

341 3656 597 3713 culorum
619 3651 935 3720 more,dum
964 3647 1480 3722 superscriptionem
1506 3644 1656 3701 tituli
1687 3646 1709 3681 ²
1739 3644 1799 3702 in
1818 3646 1936 3720 ipsa

345 3742 523 3816 postis
552 3741 735 3796 fronte
762 3739 1108 3812 praeﬁgimus,
1123 3737 1253 3811 quia
1277 3735 1436 3808 cujus
1446 3742 1528 3791 est
1550 3734 1748 3792 domus
1772 3751 1933 3806 agno-

340 3831 537 3898 scitur,
595 3827 841 3886 securius
886 3828 1136 3884 intretur.
1169 3824 1372 3884 Crebr‘o
1405 3831 1588 3880 autem
1618 3822 1825 3878 dixisse
1849 3839 1937 3879 me

340 3918 568 3976 memini
592 3920 614 3954 ³
647 3917 905 3992 quoniam
934 3918 1125 3974 beatus
1149 3914 1250 3972 Job
1290 3912 1566 3987 passiones
1598 3912 1936 3985 Redempto—

339 4012 416 4068 ris
444 4011 642 4080 nostri,
672 4009 899 4083 ejusque
920 4008 1186 4081 corporis,
1220 4007 1276 4063 id
1309 4014 1394 4062 est
1420 4013 1622 4063 sanctae
1648 4004 1932 4073 Ecclesiae,

336 4110 391 4157 et
420 4099 671 4173 passione
699 4116 799 4156 sua
826 4098 1065 4171 signavit
1091 4105 1146 4153 et
1171 4095 1414 4153 nomine.
1470 4095 1571 4152 Job
1613 4095 1814 4168 quippe
1850 4094 1933 4149 in-

1980 3010 2031 3068 Α
2067 3008 2179 3076 dia,
2208 3024 2334 3063 cum
2360 3008 2744 3065 immutatione
2770 3012 2926 3068 vocis
2950 3012 3103 3070 illius
3118 3022 3305 3071 nostra
3329 3032 3546 3090 quoque
3568 3018 3647 3074 in-

2053 3094 2354 3167 telligentia
2388 3098 2642 3171 alternet,
2675 3105 2737 3153 ut
2778 3105 2934 3154 tanto
2986 3101 3171 3158 verius
3225 3100 3343 3173 ejus
3394 3102 3650 3161 sensibus

2047 3192 2333 3255 congruat,
2365 3193 2570 3257 quanto
2618 3202 2674 3241 se
2717 3194 2771 3241 et
2800 3205 2926 3244 cum
2961 3188 3079 3261 ejus
3107 3189 3342 3248 vocibus
3369 3192 3645 3248 immutat.

2047 3273 2238 3330 Verbis
2264 3275 2448 3347 itaque
2496 3276 2932 3347 praecedentibus
2974 3287 3195 3337 sanctus
3226 3280 3313 3336 vir
3358 3297 3455 3354 per
3480 3281 3648 3338 diser-

2045 3368 2126 3417 tas
2158 3363 2463 3434 prudentia;
2515 3372 2631 3420 arte
2666 3365 2965 3423 sententias
2994 3367 3172 3441 iniqui
3214 3368 3511 3441 cujuslibet
3535 3372 3647 3428 cul-

2043 3468 2141 3525 pas
2194 3452 2445 3525 protulit,
2474 3460 2529 3508 et
2557 3469 2720 3526 quam
2769 3454 2843 3511 sit
2887 3455 3200 3515 damnanda
3227 3458 3346 3531 ejus
3384 3460 3527 3516 actio
3555 3476 3647 3515 ex-

2042 3540 2256 3613 pressit.
2286 3543 2363 3598 De
2390 3541 2549 3616 cujus
2568 3558 2728 3614 poena
2752 3560 2884 3601 mox
2912 3544 3157 3617 subjicit,
3192 3547 3382 3606 dicens
3414 3567 3425 3604 :

2525 3647 2754 3706 CAPUT
2789 3652 2837 3707 Π
2872 3650 3016 3725 [Βεο.
3047 3651 3156 3726 II].

2114 3738 2283 3796 Vens.
2317 3739 2407 3796 20.
2439 3770 2509 3781 -
2536 3741 2657 3798 Non
2683 3742 2755 3796 sit
2779 3742 2838 3797 in
2864 3743 3249 3810 recordatione,
3280 3744 3368 3800 sed
3407 3751 3617 3801 contero.

2046 3833 2135 3882 tur
2155 3829 2310 3898 quasi
2338 3828 2540 3898 lignum
2569 3829 2983 3896 infructuosum.

2113 3917 2166 3972 2.
2199 3918 2364 3971 Poena
2392 3915 2699 3984 iniquorum
2727 3924 2801 3969 est
2837 3934 2902 3970 eo:
2930 3918 3031 3971 Dei
3058 3919 3316 3972 memoria
3358 3920 3545 3973 deleri.
3578 3951 3648 3961 —

2044 4006 2103 4062 In
2163 4002 2597 4060 recordationem
2654 4002 2803 4059 enim
2858 4002 3164 4060 conditoris
3192 4020 3305 4061 non
3344 4005 3647 4075 reducitur,

2042 4093 2292 4167 quisquis
2320 4109 2494 4166 usque
2519 4092 2588 4149 ad
2616 4092 2783 4150 ﬁnem
2813 4093 2940 4149 vitae
2968 4093 3122 4150 vitiis
3142 4093 3484 4167 subjugatur.
3512 4098 3648 4154 Nam

340 4197 669 4262 terpretatur
722 4189 935 4246 dolens.
992 4190 1065 4244 Et
1117 4186 1241 4259 quis
1286 4186 1428 4242 alius
1480 4185 1538 4240 in
1580 4184 1688 4241 hoc
1714 4184 1933 4240 dolente
2039 4187 2086 4244 si
2138 4188 2287 4245 hunc
2337 4187 2562 4260 superni
2614 4195 2892 4259 respectus
2938 4189 3204 4245 memoria
3233 4196 3500 4262 tangeret,
3528 4207 3649 4263 pro-

340 4279 628 4354 ﬁguratur,
662 4279 771 4336 nisi
804 4278 851 4335 is
881 4278 947 4335 de
978 4293 1089 4350 quo
1118 4275 1386 4348 scriptum
1409 4282 1522 4331 est:
1566 4275 1691 4333 Vere
1716 4275 1932 4345 languo-
2037 4280 2128 4335 cul
2155 4278 2327 4335 dubio
2358 4277 2427 4334 ab
2458 4276 2754 4350 iniquitate
2781 4286 3082 4335 revocaret.
3114 4278 3251 4350 Ejus
3280 4281 3481 4353 quippe
3532 4298 3643 4337 me-

340 4387 423 4426 res
450 4377 659 4425 nostros
687 4370 796 4442 ipse
825 4368 967 4433 tulit,
997 4372 1045 4422 et
1071 4366 1278 4421 dolores
1306 4370 1514 4419 nostros
1541 4364 1652 4435 ipse
1694 4365 1933 4435 portavit
1959 4368 2004 4427 B
2041 4367 2147 4423 rita
2171 4367 2401 4439 exigunt
2431 4373 2494 4422 ut
2521 4366 2774 4423 funditus
2791 4366 2858 4422 ab
2887 4367 3130 4424 auctoris
3155 4368 3536 4426 recordatione
3556 4369 3644 4425 de-

337 4463 505 4535 (Isai.
536 4479 655 4530 un,
680 4461 736 4533 4)
764 4461 794 4518 Ῡ
818 4461 897 4515 De
926 4475 1035 4533 quo
1063 4471 1283 4514 rursum
1307 4455 1512 4512 dicitur
1547 4473 1558 4510 :
1594 4455 1781 4510 Livore
1821 4455 1934 4525 ejus
2045 4459 2238 4512 leatur.
2271 4454 2568 4513 Sciendum
2593 4473 2724 4512 vero
2754 4464 2836 4512 est
2864 4457 3013 4529 quod
3067 4458 3347 4515 recordari
3376 4459 3522 4515 Deus
3550 4475 3641 4515 ne-

335 4552 519 4609 sanati
532 4551 749 4622 sumus(
756 4547 1208 4623 Ibid.,5).Amici
1238 4561 1368 4603 vero
1394 4544 1512 4617 ejus
1549 4544 1931 4601 haereticorum
2042 4562 2313 4618 quaquam
2344 4547 2562 4618 proprie
2618 4546 2843 4603 dicitur.
2876 4546 2983 4615 Qui
3039 4546 3187 4602 enim
3242 4547 3499 4605 oblivisci
3532 4565 3643 4604 non

336 4642 573 4714 speciem
602 4646 809 4707 tenent,
840 4638 956 4712 qui,
981 4644 1045 4694 ut
1072 4652 1211 4708 sape
1243 4634 1357 4707 jam
1411 4634 1679 4703 diximus,
1707 4636 1882 4690 Deum
1908 4636 1930 4670 ι
2034 4642 2238 4707 potest,
2270 4652 2378 4708 quo
2434 4642 2592 4707 pacto
2647 4635 2924 4691 recordari
2954 4643 3135 4707 potest
3161 4636 3189 4692 ?
3244 4636 3350 4694 Sed
3401 4637 3526 4710 quia
3555 4654 3648 4693 eos

338 4729 469 4787 dum
500 4729 791 4786 defendere
823 4725 1417 4795 nituntur,oﬁ'endunt.
1439 4725 1670 4780 Sanctus
1697 4739 1824 4795 ergo
1846 4723 1932 4779 vir
2041 4740 2139 4779 nos
2164 4740 2399 4798 quorum
2427 4724 2781 4781 recordamur
2808 4726 3216 4796 amplectimur,
3249 4726 3317 4783 ab
3349 4727 3437 4782 his
3464 4733 3646 4781 autem

338 4836 432 4892 per
465 4821 696 4877 vulnera
721 4826 777 4875 et
810 4818 976 4875 verba
1004 4817 1083 4874 sic
1118 4817 1376 4889 loquatur
1405 4831 1524 4883 sua,
1551 4822 1615 4870 ut
1640 4813 1803 4870 etiam
1835 4831 1929 4872 no-

339 4917 451 4966 stra
471 4909 766 4982 signiﬁcet,
799 4917 854 4965 et
882 4909 1203 4981 plerumque
1227 4922 1323 4978 per
1346 4906 1649 4979 prophetia;
1672 4905 1929 4979 spiritum

2039 4831 2271 4888 quorum
2300 4813 2688 4871 obliviscimur
2719 4815 3063 4886 elongamur,
3092 4816 3335 4872 humano
3361 4833 3466 4872 usu
3495 4824 3546 4871 et
3564 4830 3643 4869 re-

2038 4909 2251 4968 cordari
2282 4911 2425 4965 Deus
2453 4908 2678 4978 dicitur,
2705 4926 2831 4966 cum
2862 4909 3005 4965 dona
3038 4909 3254 4978 tribuit,
3287 4917 3341 4965 et
3366 4905 3644 4973 oblivisci,

337 5008 569 5055 ventura
596 5008 801 5069 narret,
822 4997 1113 5071 praesentia
1125 4998 1506 5066 transcendat;
1533 5013 1928 5070 nonnunquam
2037 5016 2168 5057 cum
2200 4999 2258 5054 in
2285 4998 2446 5070 culpa
2495 4998 2850 5072 derelinquit.
2878 4998 2985 5055 Sed
3017 4999 3148 5072 quia
3181 5003 3379 5053 cuncta
3431 5002 3644 5067 pensat,

336 5105 470 5145 vero
492 5089 570 5147 sic
599 5088 667 5145 de
695 5088 1056 5161 praesentibus
1084 5087 1333 5156 disserat,
1361 5096 1424 5144 ut
1451 5088 1519 5144 de
1547 5088 1749 5144 futuris
1785 5095 1933 5153 534

334 5188 640 5247 reticescat.
677 5189 912 5263 Cognita
944 5189 1129 5264 itaque
1183 5189 1530 5247 discretionis
1558 5188 1725 5262 hujus
1755 5197 1933 5247 custo-

363 5383 431 5468 ..ι
453 5381 607 5464 βύθ.
645 5383 967 5468 et‘Gem‘etq
1006 5398 1167 5456 quem
1198 5383 1256 5465 in
1286 5384 1477 5468 multis
1502 5385 1938 5468 praecedentibus

338 5451 499 5529 libris
554 5455 815 5529 mutilum
862 5451 958 5513 hic
1010 5451 1587 5529 resumimus,_typicre
1635 5457 1932 5514 locutionis.

334 5525 551 5601 Qesunt
592 5526 723 5583 libri
763 5535 1053 5601 sequentes
1086 5525 1484 5601 in‘Qodicibus
1510 5530 1640 5601 Lyr.
1673 5538 1728 5586 et
1756 5529 1931 5601 Bigot.

334 5596 544 5679 ferum
590 5613 779 5679 eorum
822 5596 971 5679 vices
1012 5598 1349 5679 supplebunt
1390 5596 1759 5679 Pratellepsis,
1802 5596 1939 5656 alter

334 5667 711 5741 Ebroicensis,
739 5670 852 5729 duo
878 5667 1262 5729 Laudunénsis
1296 5672 1575 5741 Ecclesiae,
1605 5667 1937 5731 Germanian-

558 5770 801 5831 mmor.
842 5770 1093 5830 LXXVI.

308 5919 516 6065 σςν

2040 5096 2235 5147 cuncta
2261 5088 2379 5145 sine
2407 5088 2835 5145 intermissionis
2861 5088 3222 5145 alternatione
3257 5088 3403 5147 535
3459 5084 3646 5142 oonsi-

2041 5187 2195 5244 derat
2227 5206 2239 5255 ;
2273 5195 2327 5244 et
2351 5187 2670 5245 recordatur
2701 5188 2998 5253 bonorum,
3027 5200 3263 5257 quorum
3291 5191 3475 5242 tamen
3507 5201 3645 5243 nun.

2043 5367 2139 5435 sis,
2170 5365 2331 5423 Corb.
2365 5365 2775 5432 Germanensis,
2808 5370 2914 5419 etc.

2116 5433 2139 5472 ί
2168 5438 2194 5494 1
2247 5436 2523 5505 Laudun.,
2546 5437 2604 5490 in
2630 5435 2748 5507 ipsa
2772 5434 2935 5506 positi
2961 5433 3160 5505 fronte.

2115 5508 2140 5548 ³
2164 5507 2427 5575 Vindoc.,
2456 5506 2715 5579 quomodo
2742 5507 2919 5563 beatus
2947 5506 3066 5564 Job.

2120 5601 2139 5636 ‘
2172 5596 2419 5667 iLaud.,
2459 5595 2626 5657 Cori).
2680 5596 2892 5665 Germ.,
2927 5597 3091 5653 Deum.
3149 5595 3273 5652 dum
3317 5591 3649 5667 defenderint

2045 5672 2331 5743 offendunt.

3387 5766 3414 5821 1
