4172 6184
473 315 484 319 '
593 321 652 375 ιι
1697 391 1704 396 τ
1817 315 2068 373 SANCTI
2103 315 2442 374 GREGORII
2479 317 2705 376 MAGNI
3832 329 3898 388 ω

581 428 752 521 quam
789 441 1138 500 obliviscitur
1169 459 1183 511 ;
1217 449 1272 498 et
1305 443 1619 500 nullatenus
1647 443 1967 502 recordatur
2021 447 2190 502 malo-
2219 451 2271 510 Α
2303 447 2554 520 pertulit,
2581 455 2636 504 et
2665 463 2816 505 nunc
2840 445 2900 503 in
2925 447 3051 504 eceli
3080 447 3454 520 penetralibus
3479 449 3549 507 ab
3575 449 3698 524 ejus
3731 445 3908 512 oculis

588 551 734 602 rum,
791 549 928 606 quos
975 541 1157 589 tamen
1208 550 1304 606 per
1351 531 1626 606 judicium
1675 550 1888 606 semper
1917 534 2183 591 intuetur.

587 623 752 691 Quasi
783 623 932 680 enim
961 624 1104 682 redit
1133 623 1202 680 ad
1231 624 1502 680 bonorum
1549 623 1892 694 memoriam,
1918 641 2084 697 quam
2110 632 2186 681 ta-

587 730 714 770 men
734 731 1018 788 nunquam
1049 713 1326 783 deseruit;
1363 721 1417 771 et
1439 715 1596 788 quasi
1629 731 1974 789 nequaquam
2015 715 2189 771 malos

587 803 830 877 respicit,
858 821 1094 878 quorum
1121 812 1306 861 tamen
1338 805 1482 862 facta
1517 805 1850 875 considerat,
1899 803 1994 862 sed
2027 821 2191 878 super

585 894 706 952 haec
747 893 1120 951 damnationis
1165 893 1443 966 judicium
1478 895 1538 952 in
1564 893 1780 954 ultimis
1811 901 2012 952 servat.
2047 895 2190 954 Hinc

586 984 733 1040 enim
754 983 1020 1056 scriptum
1034 991 1115 1040 est
1139 1002 1151 1040 :
1182 985 1335 1042 Oculi
1355 985 1574 1042 Domini
1587 987 2010 1056 contemplantur
2030 985 2190 1040 bonos

586 1080 633 1129 et
673 1075 841 1131 malos
868 1075 1062 1145 (Prov.
1094 1090 1192 1144 xv,
1223 1073 1306 1146 3).
1361 1075 1504 1132 Hinc
1528 1091 1624 1147 per
1668 1074 2013 1132 Psalmistam
2055 1073 2190 1131 dici-

586 1172 706 1220 tur:
754 1167 771 1200 ί
811 1165 995 1223 Vultus
1023 1164 1238 1220 Domini
1267 1181 1425 1240 super
1444 1164 1694 1236 facientes
1718 1167 1886 1234 mala,
1915 1171 1976 1220 ut
1997 1165 2192 1236 perdat

587 1253 648 1308 de
678 1259 820 1308 terra
848 1254 1152 1310 memoriam
1195 1270 1377 1308 eorum
1402 1254 1580 1325 (Psal.
1613 1269 1820 1322 xxxm,
1850 1253 1966 1324 17).
2000 1251 2188 1310 Consi-

586 1343 739 1398 derat
765 1343 934 1415 igitur
964 1359 1100 1415 quos
1134 1340 1346 1414 puniat,
1372 1341 1467 1398 sed
1499 1341 1718 1398 eosdem
1741 1342 1888 1415 ipsos
1916 1349 2042 1397 ante
2076 1357 2188 1396 non

587 1431 749 1499 vidit,
780 1449 918 1505 quos
945 1432 1138 1489 nescit.
1167 1431 1305 1488 Nam
1337 1430 1667 1504 quibusdam
1697 1430 1756 1487 in
1785 1430 1894 1487 ﬁne
1939 1429 2189 1488 dicturus

585 1527 668 1576 est
699 1538 710 1578 :
737 1521 922 1578 Nescio
953 1539 1041 1577 vos
1071 1521 1205 1577 unde
1232 1521 1349 1576 sitis
1374 1537 1389 1590 ;
1421 1520 1665 1576 discedite
1689 1538 1722 1576 a
1749 1537 1828 1576 me
1864 1537 2039 1576 omnes
2068 1538 2186 1592 ope-

587 1609 728 1666 rarii
748 1610 1046 1681 iniquitatis
1073 1611 1291 1680 (Matth.
1323 1609 1513 1678 vn,23
1541 1627 1562 1675 ;
1589 1611 1717 1666 Luc.
1749 1627 1875 1679 xm,
1901 1609 2022 1683 27).
2048 1609 2189 1667 Miro

585 1699 756 1772 igitur
781 1699 944 1756 modo
971 1716 1268 1772 pravorum
1297 1699 1471 1755 vitam
1499 1699 1846 1770 etlintuetur,
1888 1707 1942 1755 et
1969 1697 2186 1756 oblivi-

2295 536 2564 606 occultus,
2597 535 2752 610 quasi
2806 535 2864 592 in
2920 542 3072 608 parte
3127 535 3354 593 alterius
3405 539 3648 611 regionis
3693 542 3714 578 ⁸
3745 541 3903 600 vivit.

2299 621 2436 698 [νει.
2465 622 2596 708 ~IL]
2627 623 2858 698 Iniquus
2912 639 3039 697 ergo
3090 625 3341 705 sterilem.
3388 626 3584 698 pascit,
3611 635 3666 684 et
3724 629 3904 687 viduae

2295 711 2614 770 benefacere
2643 714 2893 789 negligit,
2921 714 3050 788 quia
3079 717 3260 773 carnis
3313 717 3603 775 desideriis
3637 720 3903 790 serviens,

2297 819 2486 860 curam
2540 804 2738 861 animas
2782 804 3064 877 vitamque
3109 806 3438 862 contemnit.
3497 807 3632 864 Tota
3667 825 3906 883 namque

2298 895 2604 953 intentione
2632 895 2894 970 omnique
2931 896 3115 953 studio
3158 897 3384 970 cogitat,
3409 915 3573 972 quam
3623 899 3744 956 sine
3773 901 3904 958 ullis

2297 986 2712 1044 necessitatibus
2738 1003 2864 1044 caro
2883 985 3152 1044 moritura
3179 987 3462 1058 subsistat,
3493 997 3549 1046 et
3576 1006 3767 1046 curare
3787 991 3901 1048 ani-

2299 1091 2401 1132 mae
2431 1075 2602 1132 vitam
2629 1079 2652 1113 θ
2687 1074 2940 1148 despicit,
2972 1092 3092 1148 quae
3121 1076 3211 1132 vel
3241 1075 3300 1132 in
3332 1085 3508 1134 morte
3535 1078 3622 1133 vel
3649 1079 3707 1134 in
3733 1079 3900 1136 beati-

2300 1164 2490 1222 tudine
2520 1165 2712 1238 procul
2743 1164 2913 1222 dubio
2961 1164 3020 1221 in
3065 1172 3390 1238 perpetuum
3421 1167 3584 1224 vivit.
3617 1169 3782 1225 Recte
3808 1186 3900 1226 an.

2297 1261 2408 1311 tem
2435 1271 2562 1311 cum
2593 1255 2870 1313 diceretur
2899 1271 2911 1310 :
2941 1254 3102 1311 Paoit
3125 1256 3377 1323 sterilem,
3409 1257 3662 1328 protinus
3709 1255 3899 1330 adjun-

2299 1343 2472 1416 gitur:
2503 1345 2578 1400 Et
2603 1362 2722 1416 qua:
2739 1361 2848 1400 non
2880 1344 3052 1418 parit.
3097 1343 3372 1413 Quasdam
3389 1361 3626 1420 namque
3652 1363 3723 1402 ex
3750 1362 3902 1404 sacra

2298 1429 2531 1488 historia
2584 1431 2821 1489 feminas
2879 1433 3143 1491 novimus
3171 1439 3318 1510 536
3363 1435 3578 1492 steriles
3600 1434 3898 1506 exstitisse,

2297 1529 2394 1586 sed
2421 1536 2604 1586 tamen
2651 1529 2709 1586 in
2749 1537 2996 1602 tempore
3029 1538 3286 1588 extremo
3315 1533 3609 1606 peperisse.
3643 1532 3782 1590 Caro
3809 1550 3901 1590 au-

2295 1625 2407 1674 tem
2462 1635 2574 1676 non
2625 1619 2802 1675 solum
2853 1620 3082 1689 sterilis,
3113 1620 3207 1678 sed
3260 1620 3428 1678 etiam
3453 1637 3574 1696 quae
3623 1637 3735 1678 non
3757 1621 3901 1694 parit

2296 1707 2521 1776 dicitur,
2553 1706 2682 1781 quia
2707 1725 2807 1765 suo
2836 1725 3002 1766 sensu
3055 1708 3226 1766 bonas
3268 1709 3628 1782 cogitationes
3681 1711 3898 1784 gignere

584 1790 778 1859 scitur,
803 1789 932 1864 quia
958 1805 1096 1863 quos
1123 1791 1144 1826 ²
1169 1806 1264 1862 per
1316 1789 1722 1846 districtionem
1769 1788 2054 1845 sententiae
2079 1786 2184 1860 ju-

2295 1817 2396 1858 nec
2425 1800 2484 1856 in
2515 1799 2730 1856 ultimis
2759 1800 2925 1856 valet.
2945 1801 2994 1858 A
3032 1800 3219 1873 vigore
3249 1801 3396 1856 enim
3421 1799 3536 1874 jam
3566 1799 3788 1874 proprio
3807 1801 3895 1858 de-

585 1881 753 1948 dicat.
809 1885 1078 1952 quantum
1141 1887 1224 1936 θεῖ
1281 1878 1351 1935 ad
1408 1879 1730 1934 memoriam
1790 1877 2183 1935 misericordia?
2212 1877 2249 1880 _
2293 1888 2431 1958 ﬁcit,
2462 1897 2517 1946 et
2569 1897 2752 1946 tamen
2807 1889 2990 1948 adhuc
3021 1889 3338 1948 transitoria
3365 1891 3754 1964 concupiscere
3785 1907 3897 1948 non

586 1970 819 2043 ignorat.

657 2059 711 2115 3.
742 2058 844 2126 Qui
881 2064 1134 2132 tanquam
1179 2055 1571 2139 infructuosum
1602 2054 1800 2130 lignum
1829 2059 2180 2112 conterentur.

584 2147 766 2218 -—Qui
793 2148 1057 2232 qugniam
1087 2147 1144 2204 in
1170 2145 1288 2220 ejus
1312 2145 1750 2204 recordationem
1783 2162 1894 2202 non
1926 2145 2182 2214 veniunt,

586 2240 740 2316 quasi
769 2241 1183 2316 infructuosum
1197 2239 1410 2312 lignum
1441 2254 1511 2295 ex
1535 2237 1692 2310 cujus
1741 2235 1954 2310 judicio
1987 2243 2187 2294 conte-

587 2313 802 2387 runtur.
835 2330 1000 2386 Terra
1039 2313 1243 2403 quippe
1275 2345 1368 2384 eos
1421 2327 1709 2400 temporali
1765 2333 1992 2398 sumptu
2021 2325 2182 2394 aluit,

587 2418 992 2491 praedicationis
1045 2417 1276 2489 desuper
1335 2417 1524 2489 pluvia
1551 2415 1776 2472 infudit.
1809 2415 1915 2472 Sed
1944 2415 2074 2488 quia
2097 2431 2185 2472 eo-

583 2525 707 2566 rum
739 2508 856 2564 vita
881 2521 1226 2580 nequaquam
1255 2505 1498 2562 fructum
1528 2506 1662 2561 boni
1693 2507 1874 2578 operis
1931 2507 2182 2578 protulit,

585 2598 760 2654 iratus
792 2597 936 2654 hanc
988 2595 1228 2668 agricola
1257 2595 1278 2629 ³
1314 2593 1568 2662 abscidit,
1624 2601 1688 2650 ut
1735 2593 1899 2666 juxta
1926 2595 2190 2653 Veritatis

585 2686 911 2744 sententiam
939 2687 1123 2742 locum
1149 2701 1260 2740 non
1291 2690 1520 2756 occupet
1549 2699 1712 2756 quem
1741 2691 1926 2740 tenere
1957 2685 2100 2742 alius
2119 2684 2188 2740 ad

585 2777 826 2835 fructum
847 2776 993 2832 valet
1022 2775 1172 2847 (Luc.
1197 2789 1323 2841 χιιι,
1343 2772 1422 2845 7).
1443 2774 1522 2829 De
1545 2772 1652 2830 hoc
1667 2773 2016 2831 infructuoso
2038 2773 2188 2848 ligno

585 2882 680 2940 per
705 2867 970 2924 Joannem
997 2863 1232 2922 dicitur:
1261 2864 1384 2920 Iam
1410 2863 1607 2919 securis
1634 2864 1705 2920 ad
1723 2864 1956 2920 radicem
1984 2864 2005 2898 ⁴
2033 2863 2186 2920 arbo-

583 2961 664 3016 ris
680 2959 858 3033 posita
884 2964 976 3014 est.
1014 2957 1196 3014 Omnis
1223 2973 1346 3028 ergo
1375 2955 1562 3026 arbor,
1603 2972 1720 3028 qua:
1745 2972 1855 3012 non
1880 2953 2014 3026 facit
2039 2953 2186 3026 fruc-

586 3058 694 3107 tum
723 3051 934 3116 bonum,
983 3047 1274 3112 excidetu-r,
1304 3053 1352 3102 et
1387 3063 1450 3102 en
1501 3046 1673 3118 ignem
1700 3045 1935 3101 mittetur
1961 3044 2182 3115 (Matth.

584 3157 668 3211 ιιι,
702 3141 768 3199 10
804 3158 823 3205 ;
849 3142 977 3197 Luc.
1010 3156 1095 3208 ιιι,
1124 3137 1208 3209 9).
1244 3137 1360 3195 Hoc
1387 3143 1571 3194 autem
1601 3138 1744 3206 loco,
1771 3143 1836 3192 ut
1861 3143 2063 3193 aeterna
2106 3151 2186 3191 re-

585 3231 742 3304 probi
761 3229 1032 3303 supplicia
1045 3227 1419 3300 designentur,
1439 3241 1782 3300 nequaquam
1811 3226 2025 3299 lignum
2051 3223 2185 3282 dici-

583 3329 676 3378 tur
703 3324 725 3358 ⁶
747 3319 978 3388 abscidi,
1009 3317 1105 3375 sed
1159 3319 1392 3386 conteri,
1423 3318 1554 3391 quia
1611 3315 1873 3373 videlicet
1924 3315 2185 3388 reprobos

586 3427 732 3467 mors
761 3409 982 3482 quidem
1008 3407 1191 3467 carnis
1217 3402 1512 3476 abscindit,
1539 3407 1635 3464 sed
1663 3422 1822 3479 paena
1849 3405 2186 3479 subsequens

585 3501 838 3558 conterit.
876 3499 1041 3567 Quasi
1071 3499 1220 3554 enim
1247 3497 1340 3554 hic
1369 3497 1659 3565 inciditur,
1689 3513 1819 3553 cum
1849 3512 1881 3552 a
1927 3493 2184 3566 praesenti

585 3593 700 3649 vita
721 3597 1021 3665 separatur.
1044 3590 1150 3647 Sed
1178 3589 1238 3645 in
1267 3589 1513 3662 gehenna
1542 3587 1870 3654 conteritur,
1895 3601 2022 3643 cum
2066 3600 2184 3656 per-

585 3691 747 3758 petua
769 3681 1120 3740 damnatione
1144 3678 1439 3736 cruciatur.
1464 3677 1566 3734 Vir
1587 3684 1771 3733 autem
1803 3673 2186 3747 sanctus,quia

583 3773 893 3830 districtam
921 3768 1164 3845 perversi
1189 3783 1403 3840 poenam
1425 3765 1677 3838 protulit,
1709 3763 1964 3836 protinus
1985 3762 2055 3818 ad
2071 3762 2183 3819 cul-

584 3880 708 3938 pam
737 3861 990 3930 recurrit,
1021 3867 1084 3916 ut
1109 3875 1180 3914 ex
1231 3854 1519 3928 injustitiae
1541 3845 1932 3912 immensitate
1960 3853 2186 3910 edoceat

585 3954 732 4029 quod
755 3960 908 4010 tanta
936 3950 1054 4026 ejus
1081 3947 1362 4006 damnatio
1391 3963 1506 4004 non
1531 3946 1604 4004 sit
1633 3944 1858 4019 injusta.
1885 3945 2180 4019 Sequitur:

1053 4057 1282 4114 CAPUT
1316 4058 1391 4113 IlI
1422 4055 1566 4130 [Rec.
1600 4054 1739 4128 III].

653 4147 824 4206 Vens.
861 4146 950 4203 21.
973 4173 1044 4186 -
1072 4145 1230 4200 Paoit
1253 4145 1393 4199 enim
1435 4144 1688 4210 sterilem,
1719 4149 1768 4200 et
1793 4159 1910 4214 qua:
1957 4160 2067 4199 non
2087 4160 2186 4216 pa-

583 4233 681 4305 rit,
709 4239 756 4292 et
785 4234 956 4290 vide
983 4233 1103 4290 bene
1127 4248 1237 4286 non
1259 4233 1282 4269 θ
1307 4231 1450 4303 fecit.

662 4325 716 4382 4.
751 4322 976 4396 Iniquus
1007 4338 1222 4379 carnem
1245 4339 1466 4395 pascens
1493 4319 1750 4386 sterilem,
1781 4335 1970 4376 curam
1995 4317 2189 4376 anima

585 4416 793 4473 deserit.
823 4445 895 4456 —
922 4413 1054 4482 Quae
1082 4411 1187 4471 hoc
1215 4413 1337 4472 loco
1370 4410 1596 4480 sterilis,
1626 4407 1737 4466 nisi
1765 4424 1894 4465 caro
1925 4407 2182 4464 nomina-

585 4514 674 4562 tur
699 4505 890 4590 ‘iﬂQuae
945 4503 1078 4560 dum
1131 4504 1247 4560 sola
1299 4501 1587 4576 praesentia
1636 4499 1865 4571 appetit,
1891 4497 2066 4590 bonas

2293 1978 2532 2047 desistit,
2557 1977 2782 2052 jamque
2809 1995 2841 2034 a
2864 1977 3101 2051 pristino
3135 1981 3180 2015 ¹⁰
3202 1979 3398 2036 robore
3419 1979 3637 2048 lassata,
3665 1995 3802 2053 pene
3829 1978 3898 2036 ab

2294 2067 2414 2142 ipso
2441 2084 2605 2142 quem
2625 2067 2810 2141 diligit
2849 2068 3058 2126 mundo
3085 2069 3392 2142 repellitur,
3422 2077 3478 2126 et
3504 2077 3687 2126 tamen
3717 2067 3899 2124 adhuc

2293 2158 2494 2216 annisu
2517 2157 2770 2230 improbo
2803 2157 3053 2214 obtinere
3085 2158 3412 2232 temporalia
3437 2166 3688 2216 conatur.
3723 2157 3895 2229 Agere

2286 2247 2402 2321 jam
2455 2264 2710 2322 perversa
2764 2263 2878 2304 non
2929 2248 3151 2318 sufﬁcit,
3181 2247 3275 2305 sed
3308 2255 3493 2306 tamen
3540 2245 3778 2320 cogitare
3807 2244 3894 2302 vel

2293 2355 2414 2412 quae
2445 2354 2557 2394 non
2585 2337 2697 2410 agit
2752 2351 3098 2411 nequaquam
3145 2336 3380 2394 desistit.
3412 2339 3578 2396 Recte
3626 2353 3754 2410 ergo
3783 2353 3896 2392 non

2293 2428 2471 2486 solum
2503 2426 2728 2496 sterilis,
2759 2426 2854 2483 sed
2910 2425 3080 2501 etiam
3110 2442 3223 2484 non
3266 2427 3488 2500 pariens
3517 2425 3744 2494 dicitur,
3774 2440 3895 2498 quae

2297 2531 2397 2572 suo
2426 2531 2611 2584 sensu,
2641 2521 2703 2570 ut
2731 2513 3000 2582 diximus,
3021 2513 3093 2570 ad
3104 2513 3262 2570 bona;
3283 2513 3634 2588 cogitationis
3661 2513 3892 2586 prolem,

2297 2621 2400 2663 nec
2427 2622 2554 2664 cum
2586 2604 2864 2661 inﬁrmata
2889 2603 3078 2674 fuerit,
3113 2604 3338 2664 fetatur.

2369 2695 2422 2751 5.
2456 2695 2688 2748 Labore:
2730 2694 3097 2749 haereticorum
3132 2694 3352 2750 steriles.
3383 2723 3455 2734 —-
3503 2690 3662 2760 Quod
3711 2697 3895 2748 tamen

2297 2780 2536 2852 intelligi
2587 2779 2754 2835 etiam
2789 2779 2858 2835 de
2911 2779 3186 2836 haereticis
3216 2779 3650 2852 praedicantibus
3695 2787 3894 2850 potest.

2297 2867 2683 2941 Unusquisque
2731 2867 2880 2922 enim
2913 2867 3239 2938 praedicator
3267 2865 3490 2932 erroris,
3519 2864 3651 2921 dum
3680 2867 3896 2936 plebem

2295 2965 2453 3014 extra
2478 2955 2748 3013 unitatem
2775 2955 3035 3012 Ecclesiae
3060 2953 3293 3026 positam
3322 2953 3503 3021 docet,
3521 2953 3766 3024 profecto
3790 2960 3894 3010 ste-

2296 3047 2478 3115 rilem,
2506 3053 2560 3102 et
2585 3061 2704 3102 eam
2733 3060 2854 3118 quae
2879 3059 3071 3116 parere
3101 3059 3214 3098 non
3243 3042 3411 3110 valet,
3463 3041 3658 3114 pascit,
3686 3041 3815 3115 quia
3841 3051 3898 3100 et

2295 3135 2348 3193 ei
2375 3151 2536 3192 usum
2566 3135 2652 3192 sui
2678 3133 2884 3190 laboris
2912 3130 3205 3204 impendit,
3237 3147 3357 3204 quae
3385 3129 3660 3202 spiritales
3683 3129 3896 3187 fructus

2296 3242 2642 3300 nequaquam
2698 3223 2900 3280 reddit.
2956 3223 3104 3278 Bene
3151 3227 3334 3276 autem
3391 3218 3574 3274 viduae
3602 3235 3714 3276 non
3740 3218 3892 3288 facit,

2297 3315 2426 3388 quia
2449 3313 2708 3370 videlicet
2736 3318 2937 3370 sanctae
2985 3307 3286 3367 universali
3310 3307 3592 3377 Ecclesiae,
3622 3307 3780 3381 cujus
3809 3306 3897 3362 vir

2295 3405 2524 3462 adversa
2574 3401 2770 3458 mortis
2813 3399 3062 3474 pertulit,
3095 3399 3284 3455 vivere
3327 3415 3390 3456 ac
3440 3397 3716 3453 deservire
3767 3412 3895 3454 con-

2294 3493 2511 3552 temnit.
2547 3491 2744 3550 Viduae
2771 3491 2920 3547 enim
2945 3489 3264 3546 benefacere
3280 3495 3364 3544 est
3383 3487 3440 3542 in
3461 3485 3584 3558 ejus
3609 3503 3730 3560 quae
3755 3502 3896 3541 mor-

2293 3581 2377 3639 tui
2408 3581 2516 3637 viri
2545 3580 2634 3638 sui
2663 3595 2849 3636 amore
2863 3573 3598 3636 conmrituri‘consolatione
3625 3573 3892 3628 laborare.

2295 3671 2450 3728 Unde
2480 3677 2536 3726 et
2563 3668 2864 3726 Psalmistae
2894 3683 3028 3723 voce
3085 3666 3204 3723 haec
3231 3664 3423 3722 eadem
3463 3663 3654 3732 vidua,
3683 3661 3897 3720 scilicet

2293 3768 2481 3820 sancta
2515 3759 2764 3818 Ecclesia
2801 3759 3078 3832 queritur,
3111 3756 3303 3814 dicens
3335 3773 3348 3814 ;
3411 3755 3780 3811 Consolantem
3816 3768 3898 3808 me

2293 3853 2534 3926 quasivi,
2556 3859 2604 3908 et
2629 3869 2735 3908 non
2761 3849 2939 3906 inveni
2956 3849 3136 3921 (Psal.
3166 3862 3365 3914 vam,
3392 3845 3512 3916 2i).
3537 3845 3692 3900 Tunc
3715 3841 3893 3900 solum

2295 3945 2495 4018 quippe
2524 3943 2896 4001 consolantem
2924 3937 3160 4004 invenit,
3185 3952 3312 3992 cum
3338 3951 3409 3990 ex
3428 3949 3491 3988 ea
3521 3939 3698 3988 morte
3725 3947 3894 4004 quam

2296 4034 2384 4090 vir
2411 4031 2529 4104 ejus
2557 4029 2786 4104 pertulit
2811 4026 3016 4083 multos
3037 4025 3185 4081 intra
3210 4023 3559 4096 semetipsam
3578 4037 3800 4095 surgere
3828 4019 3898 4077 ad

2297 4123 2468 4178 vitam
2500 4119 2698 4178 cernit.
2729 4119 2882 4190 Saepe
2911 4121 3093 4172 autem
3122 4112 3448 4186 praedicator
3500 4110 3703 4168 erroris
3732 4107 3899 4182 hujus

2295 4210 2492 4268 mundi
2522 4207 2792 4266 divitibus
2837 4204 3112 4278 jungitur,
3142 4203 3240 4278 qui
3271 4219 3372 4276 pro
3396 4218 3460 4259 eo
3489 4199 3638 4275 quod
3667 4197 3900 4256 terrenis

2295 4300 2752 4374 occupationibus
2804 4295 3088 4366 incubant,
3137 4294 3413 4352 dictorum
3494 4287 3900 4364 deprehendere

2296 4392 2524 4451 astutias
2547 4391 2834 4464 ignorant;
2859 4393 2914 4444 et
2936 4401 3065 4444 cum
3091 4389 3340 4458 potentes
3370 4398 3486 4440 esse
3523 4378 3769 4437 exterius
3787 4393 3900 4435 am-

2295 4485 2478 4552 biunt,
2507 4497 2776 4556 perversae
2823 4474 3236 4551 praedicationis
3290 4475 3486 4548 laqueo
3549 4470 3668 4528 sine
3715 4469 3900 4526 labore

583 4580 750 4670 gnere
769 4561 1153 4669 ~cogitationes
1201 4561 1396 4652 nescit.
1458 4592 1590 4660 Quae
1623 4561 1806 4645 autem
1849 4561 2048 4657 vidua,
2077 4561 2186 4644 nisi
2219 4561 2267 4619 D
2297 4573 2610 4646 capiuntur.
2651 4569 2816 4628 unde
2838 4575 2894 4625 et
2918 4565 3229 4670 ingjEr'j

582 4685 766 4742 anima
781 4685 1168 4758 nuncupatur?
1197 4685 1372 4752 Quam
1401 4681 1530 4755 quia
1557 4678 1664 4736 sibi
1683 4677 1938 4735 conditor
1959 4676 2187 4750 conjuno

583 4792 705 4848 gere
757 4775 958 4844 voluit,
988 4775 1056 4832 ad
1115 4774 1423 4831 thalamum
1451 4773 1472 4806 ⁷
1533 4767 1678 4825 uteri
1736 4766 1976 4825 carnalis
2007 4766 2184 4836 venit,

581 4866 870 4923 Psalmista
897 4872 1206 4933 attestante,
1237 4862 1332 4936 qui
1361 4861 1440 4916 ait
1468 4877 1480 4916 :
1513 4861 1590 4916 Et
1615 4859 1726 4930 ipse
1757 4864 2016 4929 tanquam
2028 4873 2186 4930 spem

581 4975 692 5028 sus,
717 4959 1001 5033 procedens
1041 4957 1106 5013 de
1151 4954 1381 5010 thalamo
1409 4967 1506 5008 suo
1531 4951 1712 5023 (Psal.
1743 4966 1910 5018 xvm,
1939 4949 2020 5020 6).
2054 4947 2187 5016 Quas

583 5057 728 5107 recte
787 5047 956 5106 vidua
1005 5045 1231 5114 dicitur,
1263 5041 1394 5118 quia
1447 5040 1566 5115 ejus
1593 5039 1682 5097 vir
1709 5055 1811 5114 pro
1859 5055 1923 5096 ea
1950 5045 2186 5096 mortem

645 5245 673 5326 ,ί
707 5241 951 5326 Ebroic.,
980 5242 1194 5300 Gemet.
1225 5247 1279 5297 et
1307 5234 1406 5296 alii
1433 5234 1850 5304 Norm.,oultus
1876 5239 2054 5292 autem
2070 5233 2184 5292 Do-

581 5330 968 5469 ,f‘rt‘lindocq
989 5403 1090 5458 per
1142 5383 1526 5440 districtionem
1577 5380 1826 5445 scientia,
1850 5379 1934 5436 vel
1985 5383 2186 5436 senm.

583 5463 687 5516 tite.

653 5533 676 5636 ξ
701 5532 918 5636 (ἐρῐιιιθῐέ
947 5535 1001 5587 et
1025 5529 1121 5586 alii
1149 5529 1365 5636 ἔοι-ιιι,
1395 5522 1603 5586 incidit.

655 5603 676 5636 ‘
707 5605 740 5661 2
769 5602 1047 5672 Laudun.,
1079 5601 1355 5658 arborum.

653 5675 673 5708 ⁵
705 5673 878 5730 Laud.
911 5674 1042 5743 duo,
1072 5674 1260 5730 Norm.
1295 5679 1350 5729 et
1390 5671 1495 5744 alii
1525 5671 1705 5744 vulgo
1720 5667 1928 5726 habent
1958 5665 2183 5738 abscidi,

581 5750 628 5800 et
653 5742 1034 5829 abscidit,etc:,
1059 5761 1159 5829 pro
1183 5743 1441 5812 abscindi,
1469 5742 1748 5801 abscindit.

656 5820 677 5852 ⁶
707 5819 946 5890 Gemet.,
971 5817 1123 5891 facit.

2915 4653 3142 4714 CAPUT
3181 4651 3278 4714 IV.

2365 4755 2538 4814 Vnus.
2569 4753 2661 4812 22.
2691 4782 2764 4796 —
2789 4743 3042 4809 Detraxit
3065 4744 3230 4819 fortes
3257 4741 3312 4798 in
3340 4733 3655 4813 fortitudine
3674 4755 3799 4796 sua.

2366 4847 2420 4905 6.
2488 4847 2552 4904 In
2591 4841 2921 4902 fortitudine
2958 4836 3160 4910 quippe
3225 4849 3339 4891 suas
3388 4829 3680 4904 pravitatis
3727 4828 3898 4886 fortes

2295 4951 2539 5012 quosque
2595 4930 2856 4998 detrahit,
2902 4943 3030 4986 cum
3093 4940 3192 4998 per
3251 4921 3338 4980 sui
3389 4919 3594 4978 erroris
3638 4917 3894 4978 astutiam

2295 5011 2490 5088 mundi
2518 5025 2688 5100 hujus
2707 5027 2956 5099 potentes
2973 5015 3139 5093 rapit.
3153 5015 3302 5086 Quos
3315 5019 3512 5072 contra
3545 5027 3645 5086 per
3663 5011 3893 5068 Paulum

2369 5231 2388 5266 ⁷
2420 5226 2521 5286 Ms.
2573 5234 2764 5282 omnes
2820 5215 3037 5294 _No_rm.,
3074 5209 3208 5294 _du9_
3227 5207 3672 5294 _I_.an_d.,.'_Germ_.,
3695 5198 3889 5290 .Corb.

2296 5301 2480 5384 Germ.
2499 5305 2560 5381 et.
2571 5296 2688 5365 alii,
2715 5295 2794 5351 ita
2821 5285 3045 5348 habent.
3074 5289 3138 5346 In
3162 5285 3315 5344 Edit.
3342 5285 3542 5358 legitur
3566 5285 3707 5336 uteri
3731 5285 3894 5350 virgi-

2295 5375 2456 5430 nalis.
2555 5376 2560 5381 '

2369 5445 2390 5480 ⁸
2418 5442 2572 5500 Unus
2596 5435 2794 5506 Laud.,
2821 5433 2982 5504 venit,

2367 5509 2888 5581 oNorm.,negligit.
2959 5576 2983 5581 Δ
3071 5567 3158 5581 ___,
3267 5571 3283 5581 _
3613 5563 3653 5581 ..
3722 5562 3795 5581 ...

2369 5562 2928 5650 "Vi-ndo’cgvalabore.
2959 5576 3022 5634 In
3071 5567 3239 5642 Utic.,
3267 5571 3372 5628 hac
3407 5583 3543 5626 voce
3598 5562 3894 5624 dimidiata

2291 5658 2504 5726 relicta,
2536 5654 2744 5726 legitur
2763 5651 2968 5707 robore.
2997 5721 3013 5726 _
3062 5721 3091 5726 γ’

2365 5703 2504 5787 “iiii;
2537 5703 2817 5793 filiani;
2831 5703 3188 5779 consolatione
3235 5715 3492 5780 relevare,
3545 5717 3600 5768 et
3651 5703 3896 5767 secunda

2293 5818 2459 5861 manu
2477 5797 2826 5857 consolatione
2845 5794 3109 5852 laborare.

3641 5947 3765 6016 φ

3749 6008 3830 6050 .‘f‘
