4172 6184
374 257 439 316 13
1127 260 1502 320 MORALIUM
1540 261 1675 320 LIB.
1718 261 1894 319 XVII.
1934 287 2009 307 —
2044 261 2116 319 IN
2153 262 2382 321 CAPUT
2425 267 2612 325 XXIV
2652 268 2712 323 Β.
2755 269 2898 326 .lOll.
3614 270 3675 331 14

371 390 619 449 dicitur:
652 392 875 464 Infirma
903 391 1088 447 mundi
1127 392 1279 464 elegit
1303 393 1467 461 Deus,
1496 394 1511 427 ¹
1549 398 1607 448 ut
1633 391 1973 463 confunderet
2002 392 2055 453 A
2083 394 2265 450 ducit?
2302 396 2380 451 Tu
2399 402 2573 452 autem
2591 398 2874 453 secundum
2899 402 2918 435 ⁷
2948 400 3209 457 duritiam
3229 409 3371 460 tuam
3396 412 3444 461 et
3472 424 3561 462 cor
3580 408 3675 463 im-

375 480 545 550 fortia
573 482 649 551 (Ι.
677 479 798 535 Cor.
833 497 873 548 ι,
903 480 1021 551 27).
1055 480 1343 538 Fortitudo
1367 488 1549 538 autem
1571 482 1812 553 perversi
1842 498 1974 553 prae-

377 570 635 628 dicatoris
661 576 745 626 est
782 570 922 626 elata
963 568 1193 627 scientia
1235 572 1552 641 locutionis,
1588 589 1695 644 qua
1730 571 1972 641 inﬂatus,

377 668 597 715 caeteros
629 657 884 731 despicit,
917 668 1078 733 atque
1100 660 1157 716 in
1190 668 1510 733 contemptu
1535 662 1786 718 omnium
1818 662 1973 735 quasi

368 748 725 820 singulariter
751 749 898 821 apud
924 766 981 805 se
1015 750 1224 823 peritus
1252 751 1593 808 intumescit.
1630 752 1737 820 Qui
1778 769 1976 825 magna

364 836 434 892 de
472 854 529 893 se
558 838 825 905 sentiens,
861 838 955 894 sed
981 855 1111 895 vera
1138 839 1205 895 de
1233 840 1471 896 Domino
1495 841 1777 914 ignorans,
1814 843 1973 915 longe

363 941 397 980 ει
422 925 552 982 ﬁdei
583 921 897 999 cognitione
925 927 1279 1002 disjungitur,
1338 936 1391 985 et
1420 938 1604 987 tamen
1635 930 1813 987 videri
1844 931 1972 989 ﬁdei

366 1015 701 1088 praedicator
728 1025 976 1074 conatur.
1007 1019 1160 1075 Unde
1186 1017 1367 1076 adhuc
1391 1018 1683 1077 subditur:

830 1126 1058 1184 CAPUT
1088 1126 1137 1184 v
1169 1125 1311 1201 [νει.
1341 1126 1478 1200 111].

441 1215 581 1274 IBID.
617 1247 689 1259 —
715 1218 790 1274 Et
816 1233 933 1272 eum
960 1216 1178 1284 steterit,
1201 1218 1223 1252 ³
1252 1235 1357 1273 non
1376 1217 1547 1273 credet
1574 1218 1693 1273 vitae
1720 1237 1847 1275 sum.

442 1307 494 1363 7.
535 1307 716 1364 Omnis
726 1313 967 1379 peccator
982 1306 1377 1364 incredulitatis
1392 1325 1531 1364 reus.
1550 1339 1621 1350 —
1636 1308 1753 1366 Stat
1783 1309 1840 1364 in
1864 1308 1971 1366 hoc

366 1394 580 1451 mundo
639 1410 929 1467 perversus
979 1394 1211 1469 quisque
1279 1395 1625 1469 praedicator,
1684 1414 1969 1471 quousque

367 1490 591 1539 terreno
621 1483 766 1541 vivit
814 1485 871 1541 in
911 1503 1156 1558 corpore.
1197 1485 1302 1542 Sed
1347 1486 1476 1541 vitae
1502 1503 1613 1542 sua:
1641 1485 1861 1543 credere
1891 1503 1969 1543 re-

361 1574 514 1643 nuit,
546 1574 674 1648 quia
698 1574 765 1630 de
801 1577 913 1631 Deo
948 1592 1077 1631 vera
1117 1591 1443 1648 cognoscere
1472 1575 1794 1631 contemnit.
1827 1576 1969 1634 Vita:

366 1664 520 1719 enim
553 1680 663 1720 suae
702 1664 967 1733 crederet,
998 1664 1045 1720 si
1088 1664 1156 1720 de
1185 1662 1491 1719 conditoris
1533 1663 1617 1720 sui
1664 1664 1969 1722 substantia

2077 485 2331 556 plenitate
2359 486 2687 542 thesaurizas
2717 486 2809 542 tibi
2840 488 2980 544 iram
3024 490 3079 544 in
3102 491 3184 546 die
3212 494 3309 549 ira;-
3336 500 3384 549 et
3408 497 3675 553 revelatio-

2082 575 2166 629 nis
2180 574 2317 645 justi
2333 575 2527 645 judicii
2552 577 2651 633 Dei
2679 579 2861 648 (Rom.
2896 594 2959 644 Il,
2986 577 3040 647 4,
3070 579 3154 651 ὅ).
3191 582 3333 639 Hinc
3372 583 3536 642 Isaias
3565 586 3672 642 ait:

2083 665 2226 721 Puer
2258 672 2459 721 centum
2488 683 2753 721 annorum
2792 667 3071 734 morietur,
3119 674 3169 722 et
3192 678 3433 741 peccator
3475 682 3678 730 centum

2080 771 2345 809 annorum
2380 755 2684 811 maledictus
2724 755 2829 811 erit
2872 757 3039 827 (Isai.
3092 774 3225 823 va,
3272 757 3390 829 20).
3424 758 3445 794 ⁸
3494 763 3577 818 Ac
3628 764 3675 819 si

2082 851 2263 916 aperte
2295 862 2394 900 nos
2424 844 2711 914 deterreat,
2743 845 2967 903 dicens:
3014 847 3144 903 Vita
3176 847 3396 920 quidem
3434 850 3589 920 pueri
3619 850 3673 906 in

2082 932 2309 1006 longum
2340 934 2599 1005 trahitur,
2634 942 2697 991 ut
2744 952 2775 991 a
2805 936 2966 995 factis
2994 936 3303 1010 puerilibus
3330 938 3636 1011 corrigatur
3662 958 3674 995 :

2081 1023 2175 1079 sed
2203 1024 2250 1079 si
2282 1041 2313 1079 a
2353 1023 2561 1096 peccati
2591 1026 2991 1096 perpetratione
3026 1043 3125 1082 nec
3166 1026 3426 1099 temporis
3465 1028 3677 1101 longin-

2080 1114 2290 1188 quitate
2344 1113 2731 1185 compescitur,
2783 1114 2900 1171 haec
2934 1114 3051 1188 ipsa
3098 1116 3225 1172 vitae
3280 1117 3675 1190 longinquitas,

2080 1221 2244 1277 quam
2293 1221 2389 1276 per
2423 1202 2857 1261 misericordiam
2899 1205 3130 1277 accepit,
3179 1205 3227 1261 ei
3276 1206 3341 1262 ad
3390 1208 3674 1263 cumulum

2079 1293 2483 1351 maledictionis
2510 1295 2728 1351 crescit.
2762 1295 2917 1351 Unde
2960 1312 3180 1350 necesse
3210 1304 3291 1351 est
3320 1304 3379 1351 ut
3423 1314 3549 1353 cum
3578 1313 3677 1353 nos

2078 1385 2288 1442 diutius
2317 1386 2619 1459 exspectari
2650 1384 3040 1457 conspicimus,
3073 1386 3189 1457 ipsa
3238 1395 3537 1459 prorogata:
3568 1387 3676 1459 pio-

2079 1476 2209 1531 tatis
2254 1483 2500 1547 tempora
2546 1475 2701 1548 quasi
2733 1475 3106 1532 damnationis
3134 1483 3457 1549 argumenta
3486 1477 3674 1532 timea-

2078 1582 2220 1632 mus,
2244 1582 2312 1620 ne
2333 1582 2401 1620 ex
2424 1564 2713 1621 clementia
2739 1562 2945 1636 judicis
2974 1573 3180 1621 crescat
3202 1565 3532 1638 supplicium
3556 1583 3674 1637 pec-

2078 1654 2281 1711 catoris
2306 1673 2319 1720 ;
2353 1662 2407 1709 et
2435 1653 2582 1709 unde
2612 1653 2844 1726 quisque
2874 1654 3012 1726 eripi
3042 1671 3073 1709 a
3104 1662 3276 1710 morte
3298 1662 3529 1727 poterat,
3547 1654 3676 1710 inde

368 1761 519 1809 recte
548 1753 794 1810 sentiret.
841 1754 969 1810 Haec
1011 1752 1196 1827 itaque
1223 1751 1472 1825 superius
1496 1752 1562 1809 de
1590 1753 1836 1826 quolibet
1863 1754 1966 1810 ini-
2002 1760 2049 1821 Β
2078 1743 2301 1816 gravius
2329 1742 2397 1799 ad
2428 1752 2659 1800 mortem
2693 1742 2898 1798 tendat.
2932 1743 3089 1810 Quod
3120 1744 3324 1800 idcirco
3354 1745 3676 1818 plerumque

364 1859 481 1915 quo
512 1843 725 1914 prolata
749 1842 1086 1910 dicebamus,
1125 1840 1217 1897 sed
1255 1847 1476 1914 repente
1505 1840 1573 1897 ad
1605 1843 1806 1899 erroris
1835 1860 1968 1915 prae-

362 1930 677 1988 dicatorem
730 1930 1111 1987 intellectum8
1156 1930 1443 1986 vertimus.
1489 1929 1643 1986 Unde
1683 1930 1968 1988 sciendum

362 2026 453 2075 est
485 2020 615 2092 quia
639 2020 719 2075 sic
746 2019 814 2075 ad
833 2018 1066 2091 speciem
1086 2017 1364 2085 ducimur,
1390 2016 1410 2050 ‘
1442 2022 1504 2071 ut
1525 2032 1868 2090 nequaquam
1894 2024 1971 2074 ta-

365 2125 501 2176 men
550 2124 582 2164 a
627 2124 821 2180 genere
850 2108 1102 2164 funditus
1131 2106 1452 2163 evellamur.
1496 2106 1632 2161 Nam
1681 2122 1970 2178 perversus

363 2198 604 2272 quisque
631 2197 792 2253 etiam
839 2197 885 2253 si
919 2204 1122 2255 rectam
1167 2195 1333 2252 ﬁdem
1383 2195 1441 2249 in
1485 2194 1611 2250 sinu
1640 2194 1970 2253 universalis

363 2295 630 2352 Ecclesia
684 2302 869 2352 tenere
916 2295 1191 2363 videatur,
1237 2301 1364 2361 stat,
1413 2290 1559 2350 537
1588 2302 1642 2352 et
1683 2296 1811 2353 vita:
1857 2314 1967 2354 sua:

362 2403 484 2443 non
514 2386 707 2455 credit,
745 2386 873 2459 quia
921 2393 1070 2442 recta
1114 2385 1339 2457 quidem
1367 2393 1641 2459 suntquae
1670 2404 1765 2459 per
1805 2387 1969 2443 ﬁdem

360 2476 438 2532 de
466 2477 753 2533 conditore
784 2475 1068 2546 intelligit,
1099 2474 1195 2531 sed
1224 2482 1408 2530 tamen
1433 2475 1566 2531 'ﬁdei
1596 2492 1761 2547 opera
1788 2483 1973 2530 tenere

359 2568 718 2633 contemnit;
748 2575 803 2622 et
834 2566 1241 2621 incredulitatis
1266 2566 1635 2636 redarguitur,
1667 2566 1797 2636 quia
1825 2565 1892 2619 ab
1912 2582 1975 2620 eo

359 2656 522 2730 quod
545 2672 603 2709 se
632 2654 876 2710 ostendit
904 2653 1146 2719 credere,
1176 2652 1417 2706 vivendo
1447 2651 1783 2723 reprobatur.
1834 2653 1973 2709 Hinc

361 2748 519 2804 enim
552 2761 653 2818 per
680 2745 946 2801 Joannem
978 2742 1188 2799 dicitur
1212 2761 1225 2798 :
1261 2743 1367 2809 Qui
1384 2743 1511 2798 dicit
1532 2760 1585 2798 se
1608 2760 1757 2799 nosse
1782 2745 1967 2815 Deum,

363 2846 416 2895 et
434 2836 695 2893 mandata
729 2834 841 2906 ejus
869 2850 975 2889 non
1004 2833 1251 2898 custodit,
1279 2834 1507 2888 mendax
1530 2840 1606 2889 est
1625 2836 1691 2904 (Ι
1714 2836 1870 2891 Joan.
1902 2854 1965 2902 II,

368 2928 453 3000 4).
483 2926 625 2983 Hinc
653 2925 857 2981 Paulus
880 2923 958 2978 ait
982 2938 992 2976 :
1034 2922 1365 2994 Conﬁtentur
1387 2939 1440 2977 se
1475 2941 1626 2979 nosse
1652 2925 1840 2992 Deum,
1868 2925 1969 2997 fa-

366 3018 463 3074 ctis
490 3023 665 3073 autem
695 3020 887 3086 negant
929 3013 1062 3086 (Tit.
1092 3030 1135 3079 r,
1169 3014 1287 3086 16).
1327 3012 1469 3069 Hinc
1520 3014 1751 3073 Iacobus
1790 3017 1962 3075 dicit:

2081 1833 2281 1907 agitur,
2300 1833 2427 1907 quia
2445 1849 2789 1907 nequaquam
2819 1850 2849 1889 a
2877 1833 3239 1906 praasentibus
3268 1834 3468 1890 mentis
3485 1834 3677 1891 oculus

2081 1931 2380 1997 separatur.
2415 1922 2772 1980 Considerare
2802 1939 3038 1997 namque
3069 1931 3323 1995 peccator
3351 1923 3675 1996 Redempto-

2080 2015 2156 2071 ris
2186 2014 2304 2068 vias
2333 2013 2580 2085 negligit,
2612 2020 2665 2068 et
2708 2011 2916 2069 idcirco
2964 2012 3023 2069 in
3072 2014 3187 2070 suis
3234 2012 3527 2070 itineribus
3556 2013 3675 2070 sine

2080 2105 2381 2162 cessatione
2412 2105 2719 2161 veterascit.
2753 2103 2909 2160 Unde
2937 2111 2991 2160 et
3020 2103 3313 2161 subditur:

2399 2212 2628 2270 CAPUT
2659 2212 2758 2267 vn
2791 2210 2928 2285 [Vet.
2975 2212 3073 2280 IV,
3104 2213 3223 2269 Rec.
3266 2211 3350 2285 V].

2153 2302 2290 2358 Iam.
2321 2333 2392 2344 —
2423 2302 2577 2359 Oculi
2604 2301 2741 2355 enim
2764 2300 2876 2370 ejus
2901 2308 3024 2355 sunt
3050 2301 3107 2355 in
3134 2301 3234 2355 viis
3262 2298 3433 2356 illius.

2152 2391 2207 2447 9.
2239 2392 2485 2446 Peccator
2512 2390 2612 2444 viis
2641 2390 2856 2444 Domini
2894 2389 3114 2453 relictis,
3140 2390 3197 2442 in
3239 2389 3371 2453 suis,
3402 2389 3495 2441 hoc
3522 2394 3597 2442 est
3622 2388 3677 2442 in

2084 2481 2227 2534 vitiis
2257 2481 2563 2532 delectatur.
2580 2506 2651 2516 —
2672 2476 2804 2530 Vias
2822 2475 2970 2530 enim
2987 2489 3114 2529 suas
3133 2482 3383 2547 peccator
3410 2474 3676 2543 intuetur,

2086 2568 2217 2642 quia
2245 2567 2396 2624 sola“
2427 2566 2686 2637 cogitare,
2715 2566 2832 2621 sola
2859 2580 3079 2621 cernere
3108 2564 3308 2621 nititur
3325 2581 3444 2637 qua:
3473 2564 3579 2621 sibi
3607 2566 3677 2623 ad

2083 2658 2434 2715 commodum
2491 2655 2788 2727 temporale
2843 2654 3228 2726 suilragentur.
3282 2654 3424 2711 Hinc
3469 2655 3673 2712 etenim

2079 2747 2283 2803 Paulus
2310 2745 2476 2802 dicit:
2513 2746 2699 2801 Omnes
2722 2761 2840 2815 qua:
2871 2760 2967 2798 sua
2991 2749 3113 2798 sunt
3130 2750 3396 2814 quierunt,
3426 2762 3532 2800 non
3558 2762 3675 2817 qua:

2077 2838 2202 2894 Jesu
2243 2835 2441 2894 Christi
2468 2835 2698 2908 (Philip.
2749 2851 2810 2903 ιι,
2842 2833 2960 2904 21).
3011 2833 3117 2889 Via
3142 2850 3379 2906 namque
3405 2835 3556 2903 elati,
3585 2852 3672 2892 su-

2077 2927 2299 3003 perbia;
2333 2927 2423 2982 via
2443 2924 2698 2998 raptoris,
2728 2924 2995 2990 avaritia;
3021 2924 3110 2979 via
3137 2931 3219 2979 est
3238 2924 3460 2988 lubrici,
3482 2926 3527 2960 ιο
3544 2942 3671 2981 con-

2076 3017 2415 3092 cupiscentia
2440 3014 2694 3072 carnalis.
2726 3015 2787 3069 In
2818 3014 2926 3068 viis
2954 3028 3080 3083 ergo
3117 3012 3232 3067 suis
3278 3013 3499 3084 iniquus
3528 3014 3673 3086 quis-

368 3107 524 3163 Fides
553 3104 662 3161 sine
687 3104 934 3177 operibus
965 3108 1180 3158 mortua
1208 3108 1284 3191 est
1308 3103 1454 3174 (Jac.
1488 3121 1552 3170 II,
1582 3104 1673 3174 20,
1702 3105 1821 3174 26).
1855 3107 1956 3164 Sed
1989 3117 2033 3178 ο
2065 3128 2174 3191 que
2204 3108 2395 3166 oculos
2437 3104 2718 3177 deprimit,
2763 3102 2893 3176 quia
2935 3102 3066 3158 solis
3094 3100 3268 3191 vitiis,
3313 3109 3374 3191 ut
3420 3118 3516 3174 per
3555 3101 3673 3159 hate

370 3194 518 3251 inter
565 3193 683 3250 haec
720 3191 977 3249 conditor
1020 3191 1160 3246 mira
1189 3190 1595 3264 dispensatione
1645 3194 1864 3250 consilii
1911 3204 1966 3252 et

367 3286 558 3358 culpas
582 3284 822 3358 respicit,
853 3289 909 3338 et
932 3281 1161 3339 vivendi
1188 3290 1433 3355 tempora
1448 3283 1737 3357 impendit,
1762 3294 1823 3341 ut
1846 3287 1962 3359 lon,

368 3378 524 3450 giora
570 3375 886 3450 temporalis
915 3375 1044 3431 vitae
1095 3374 1271 3447 spatia
1312 3383 1406 3431 aut
1446 3392 1712 3434 converso
1742 3376 1877 3433 ﬁant
1904 3378 1961 3434 in

367 3467 707 3540 adjutorium
738 3465 1007 3535 muneris,
1038 3472 1133 3521 aut
1160 3481 1273 3521 non
1302 3482 1567 3524 converso
1595 3467 1664 3525 ad
1693 3484 1963 3541 augmen-

372 3564 492 3612 tum
518 3555 904 3613 damnationis.
938 3554 1095 3612 Unde
1123 3554 1304 3612 adhuc
1332 3555 1615 3613 subditur:

836 3664 1061 3721 CAPUT
1088 3663 1161 3720 VI
1198 3662 1340 3738 [Rec.
1374 3661 1500 3737 IV].

450 3751 629 3811 Vnus.
652 3751 740 3821 23.
772 3783 843 3795 —
868 3754 1021 3810 Dedit
1045 3755 1091 3810 ei
1122 3755 1263 3811 Deus
1312 3754 1483 3810 locum
1532 3753 1871 3827 paenitentia,
1918 3760 1966 3809 et

374 3846 468 3903 ille
493 3844 735 3901 abutitur
762 3863 821 3901 eo
847 3845 901 3900 in
930 3846 1191 3918 superbia.

442 3936 496 3992 8.
531 3935 900 3995 Misericordia
917 3936 1179 4008 peccatori
1200 3936 1433 4008 impensa
1453 3942 1502 3992 et
1526 3936 1771 4008 neglecta,
1792 3934 1849 3990 in
1858 3950 1965 4007 pw-

370 4044 495 4082 nam
524 4026 772 4082 vertitur.
805 4056 877 4066 —
902 4024 1165 4099 Quisquis
1187 4024 1462 4099 delinquit
1488 4032 1543 4081 et
1561 4023 1724 4093 vivit,
1756 4024 1966 4080 idcirco

370 4114 520 4191 hunc
551 4114 740 4172 divina
769 4114 1106 4188 dispensatio
1129 4117 1152 4151 ⁵
1174 4114 1233 4171 in
1260 4113 1551 4188 iniquitate
1576 4115 1793 4180 tolerat,
1809 4121 1871 4170 ut
1897 4113 1965 4169 ab

371 4204 661 4279 iniquitate
687 4212 1016 4278 compescat.
1049 4204 1154 4261 Sed
1184 4203 1280 4279 qui
1318 4203 1527 4261 diutius
1550 4204 1833 4271 toleratur,
1864 4219 1966 4259 nec

370 4302 553 4352 tamen
582 4296 650 4351 ab
674 4294 967 4370 iniquitate
994 4294 1385 4368 compescitur,
1412 4311 1612 4351 munus
1636 4293 1857 4367 quidem
1877 4310 1965 4350 su-

369 4402 550 4458 pernae
582 4386 857 4458 patientiae
882 4385 1137 4459 percipit,
1167 4384 1263 4441 sed
1287 4392 1468 4441 reatus
1493 4383 1580 4440 sui
1609 4383 1869 4451 vinculis,
1896 4399 1965 4439 ex

2071 3190 2258 3263 animo
2312 3196 2632 3262 satisfaciat,
2681 3192 2940 3249 intendit.
2987 3190 3141 3247 Unde
3187 3207 3282 3263 per
3323 3190 3668 3248 Salomonem

2072 3293 2310 3351 dicitur:
2348 3284 2501 3345 Oculi
2529 3284 2812 3338 stultorum
2834 3281 2891 3335 in
2913 3279 3106 3352 ﬁnibus
3128 3285 3282 3335 terra:
3302 3281 3495 3349 (Prov.
3526 3296 3668 3349 xvn,

2036 3406 2039 3411 ν
2071 3383 2193 3453 24),
2223 3378 2354 3453 quia
2386 3375 2495 3431 hoc
2539 3373 2719 3430 solum
2752 3377 2866 3427 tota
2894 3369 3076 3425 cordis
3105 3369 3412 3426 intentione
3440 3370 3689 3459 conspi-t

2071 3473 2249 3539 ciunt,
2278 3485 2376 3542 per
2404 3464 2553 3539 quod
2581 3462 2646 3520 ad
2665 3462 2832 3518 ﬁnem
2861 3459 3338 3517 terrenidesiderii
3369 3459 3669 3531 perducan-

2070 3570 2180 3619 tur.
2211 3562 2569 3632 Nequaquam
2616 3569 2748 3609 vero
2776 3568 2887 3607 suae
2930 3548 3386 3607 considerationis
3415 3549 3668 3606 obtutum

2070 3655 2129 3714 in
2157 3666 2303 3714 terra
2330 3661 2585 3729 peccator
2612 3652 2822 3724 ﬁgeret,
2866 3650 2912 3706 si
2940 3644 3087 3704 538
3114 3646 3182 3704 ad
3226 3653 3412 3704 sancta
3455 3647 3541 3703 sui
3570 3648 3669 3703 Re-

2072 3746 2373 3818 demptoris
2411 3743 2612 3799 itinera
2654 3739 2854 3797 mentis
2899 3737 3089 3794 oculos
3135 3737 3359 3792 levaret.
3393 3735 3547 3792 Unde
3576 3752 3672 3807 per

2073 3835 2420 3891 Salomonem
2448 3846 2669 3887 rursum
2689 3829 2924 3883 dicitur:
2961 3825 3115 3881 Oculi
3144 3825 3395 3894 sapientis
3425 3824 3483 3876 in
3506 3824 3672 3893 capite

2072 3921 2185 3993 ejus
2212 3920 2414 3993 (Ec'cle.
2445 3935 2508 3984 n,
2542 3915 2656 3983 14),
2688 3914 2817 3986 quia
2846 3911 3103 3965 videlicet
3129 3911 3343 3980 sapiens
3358 3908 3588 3980 quisque
3609 3910 3671 3964 il-

2074 4011 2189 4066 lum
2221 4015 2336 4066 tota
2378 4004 2685 4062 intentione
2714 3998 3046 4067 considerat,
3089 3996 3249 4070 cujus
3276 4013 3332 4053 se
3362 3996 3669 4053 membrum

2073 4116 2187 4158 esse
2216 4117 2313 4174 per
2340 4098 2504 4157 ﬁdem
2536 4102 2744 4169 pensat.
2778 4094 2887 4149 Has
2915 4105 3151 4162 namque
3173 4088 3427 4145 humanae
3444 4105 3669 4147 conver-

2073 4190 2302 4248 sationis
2320 4189 2440 4245 vias
2463 4190 2506 4224 ¹¹
2530 4186 2718 4243 videre
2745 4185 3167 4254 contempserat,
3200 4180 3294 4252 qui
3316 4178 3532 4236 dicebat
3558 4198 3569 4236 :
3605 4183 3672 4237 In

2071 4280 2338 4337 mandatis
2370 4279 2471 4335 tuis
2490 4279 2536 4313 ¹²
2564 4295 2644 4332 me
2669 4273 2933 4340 exercebo,
2959 4277 3007 4326 et
3037 4270 3375 4327 considerabo
3404 4269 3523 4325 vias
3552 4275 3671 4325 tuas

2072 4372 2251 4442 (Psal.
2283 4385 2482 4433 cxvm,
2514 4366 2629 4436 15).
2662 4366 2743 4420 Ac
2784 4361 2864 4418 sic
2896 4367 3080 4434 aperte
3125 4359 3408 4434 spondeat,
3439 4358 3662 4415 dicens:

367 4449 493 4548 ipso
522 4449 601 4530 se-
618 4492 839 4532 munere
865 4449 1073 4533 arctius
1116 4474 1389 4547 astringit.
1420 4475 1557 4531 Nam
1588 4472 1717 4547 quia
1746 4480 1965 4545 accepta
1991 4485 2043 4546 D
2073 4461 2204 4528 Qua!
2235 4476 2355 4515 mea
2382 4464 2533 4548 sum,
2558 4455 2674 4529 iam
2703 4451 2891 4548 Videt?
2944 4450 3332 4548 refugiorflui‘jl
3362 4463 3459 4522 Per
3488 4449 3666 4548 ίΠξξῖᾶ·

364 4563 708 4637 paenitentia:
728 4572 969 4637 tempora
994 4564 1223 4621 divertit
1249 4563 1317 4620 ad
1344 4564 1583 4636 culpam,
1605 4562 1962 4619 districtusin

366 4653 582 4710 ultimis
594 4653 769 4727 judex
797 4656 1046 4729 impensa
1072 4661 1393 4728 argumenta
1422 4651 1815 4709 misericordia
1834 4668 1962 4709 con-

370 4744 532 4800 vertit
560 4743 629 4799 ad
656 4760 892 4817 poenam.
922 4745 1065 4803 Hinc
1083 4759 1320 4818 namque
1346 4758 1441 4816 per
1467 4742 1698 4798 Paulum
1720 4740 1954 4798 dicitur:

372 4833 394 4867 ⁸
416 4832 497 4888 An
524 4832 741 4905 ignoras
764 4835 894 4907 quia
914 4834 1177 4908 patientia
1202 4833 1300 4892 Dei
1326 4832 1397 4889 ad
1417 4830 1840 4906 panitentiamte
1866 4831 1959 4887 ad-

444 5011 462 5118 :
492 5011 516 5068 1
543 5010 812 5083 Vindoc.,
843 5019 904 5070 ut
915 5012 1111 5143 (μνεία,
1131 5030 1363 5095 quaque.
1376 5009 1689 5084 confundat.

491 5085 776 5143 Secundus
798 5086 911 5143 Lau
960 5129 997 5143 ..
1025 5087 1169 5143 Utic.
1200 5094 1252 5142 et
1270 5087 1366 5141 aln
1395 5086 1609 5143 Norm..
1642 5101 1689 5139 ηε

437 5083 462 5119 ²
491 5085 776 5143 Secundus
798 5086 911 5143 Lau

436 5156 459 5190 ³
488 5156 617 5212 Post
659 5156 769 5215 hoc
814 5158 1044 5213 verbum
1092 5157 1311 5230 irrepsit
1348 5157 1405 5230 in
1443 5156 1620 5230 Edit.,

353 5234 602 5307 peccator
635 5230 751 5307 diu
774 5230 1071 5307 toleratur._
1107 5226 1237 5297 Quae
1278 5228 1442 5307 verba
1480 5227 1551 5307 in_
1580 5226 1783 5307 nostris
1821 5227 1949 5282 Mss.

358 5298 546 5370 ignota
599 5307 654 5354 et
679 5298 907 5355 aliunde
940 5299 1167 5356 minime
1194 5299 1641 5356 antecedentibus
1669 5305 1723 5354 et
1751 5313 1953 5353 conse-

358 5342 656 5425 uuentibus
687 5370 1022 5425 cohaerentia
1049 5371 1439 5425 exnunximus.

354 5370 656 5443 quentibus
687 5370 1022 5428 cohaerentia
1049 5371 1439 5445 expunximus.

427 5442 452 5476 ⁸
482 5440 747 5517 Vindoc.,
792 5448 853 5498 ut
882 5448 1055 5499 tamen
1094 5462 1129 5500 a
1152 5461 1333 5517 genere
1376 5443 1588 5499 omnino
1615 5459 1722 5497 non
1763 5440 1949 5496 evella-

348 5530 490 5568 mus.
525 5512 736 5583 Germ.,
765 5521 826 5571 ut
848 5522 1019 5572 tamen
1047 5512 1169 5571 are'
1185 5516 1414 5572 omnino.

424 5586 447 5619 ⁵
476 5585 608 5661 Mss.
624 5585 786 5661 Germ
796 5631 835 5661 ..ε
847 5587 1064 5661 Anglic.
1075 5631 1090 5657 ,
1102 5588 1269 5644 Norm
1279 5630 1290 5642 .
1301 5630 1316 5654 ,
1328 5586 1497 5661 Laud.
1509 5583 1777 5661 ,_Vindoc.
1789 5626 1804 5653 ,
1816 5588 1921 5661 etc.
1932 5626 1947 5652 ,

348 5655 499 5714 hanc
528 5656 655 5713 lect.
687 5655 972 5718 exhibent.
1006 5655 1304 5731 Inpostor.
1345 5658 1496 5715 Edit.
1529 5658 1658 5730 leg.,
1686 5657 1743 5712 in
1772 5656 1949 5727 tequi-

349 5734 455 5784 tate
481 5729 695 5785 tolerat.

365 5746 455 5784 ate
481 5746 695 5787 ιοιεναι.

1663 5172 1767 5226 quo
1798 5155 1953 5209 modo

960 5129 997 5155 .,
1025 5078 1169 5143 Utié.
1200 5078 1366 5142 et-alii
1395 5078 1609 5153 Norm.,
1642 5099 1746 5139 non
1769 5078 1951 5138 credit.
1984 5104 1995 5115 ο

2072 4549 2241 4607 tionis
2268 4556 2375 4605 tute
2416 4547 2564 4603 viam
2595 4560 2816 4618 pergere
2836 4545 2881 4579 ¹³
2913 4540 3348 4599 conversationis
3394 4537 3667 4612 gressibus

2070 4640 2373 4697 inardesco.
2407 4636 2513 4707 Qui
2542 4634 2689 4692 enim
2719 4632 2973 4706 praesenti
2997 4630 3111 4704 jam
3143 4630 3351 4687 mundo
3378 4629 3668 4687 contradi-

2068 4730 2166 4799 cit,
2184 4732 2229 4768 ¹⁴
2259 4726 2462 4784 amoris
2508 4723 2841 4782 excitatione
2881 4719 3145 4779 continua
3172 4718 3551 4791 Redemptoris
3578 4715 3665 4773 sui

2067 4822 2187 4879 vias
2205 4819 2386 4879 cordis
2405 4816 2581 4876 oculis
2601 4812 2815 4887 objicit,
2838 4820 2899 4869 ut
2925 4828 3079 4869 mens
3099 4826 3355 4885 prospera
3378 4807 3573 4881 fugiat,
3594 4806 3663 4861 ad

2137 5010 2159 5084 ἒ
2188 5011 2376 5084 l‘iorm.
2412 5004 2677 5084 plerique,
2707 5022 2779 5060 an
2805 5000 2989 5084 nescis.

2136 5080 2156 5119 ⁷
2187 5075 2449 5148 νὶηᾶοοῖ,
2478 5075 2734 5133 duritiam
2761 5075 2955 5148 cordis.

2136 5153 2158 5189 ⁸
2188 5144 2449 5220 Vindoc.,
2478 5167 2540 5205 ac
2567 5149 2613 5222 si
2641 5148 2817 5203 dicat:
2845 5144 2978 5222 vita.

2134 5226 2155 5260 ⁹
2186 5216 2448 5291 Vindoc.,
2477 5221 2707 5292 cogitare
2733 5225 2781 5292 et
2810 5217 3016 5271 trahere
3040 5216 3251 5267 nititur.

2135 5296 2182 5331 ¹⁰
2206 5290 2441 5367 σφηξὶ..
2471 5290 2825 5367 conscientia.
2870 5356 2879 5367 '

2134 5368 2178 5403 ¹¹
2210 5358 2472 5433 Ἦῐιάοοζ,
2499 5363 2678 5419 cidere
2702 5358 2919 5433 cupivit.

2135 5438 2183 5474 ¹³
2211 5421 2293 5492 Ita
2320 5421 2484 5492 Corb'.
2534 5421 3023 5499 Germ.,'Turon.,
3063 5426 3281 5496 Norm.,
3325 5434 3431 5485 etc.
3475 5421 3652 5496 Editi,

2057 5508 2351 5565 exercebar.

2133 5582 2178 5617 '3
2209 5578 2434 5637 Siccum
2456 5574 2697 5647 Anglic,
2718 5569 2931 5642 Norm.,
2951 5571 3213 5647 Vindoc.,
3234 5580 3364 5640 etc.,
3380 5569 3651 5643 antiquio-

2057 5669 2144 5710 res
2173 5650 2405 5726 Egrcusit
2432 5645 2784 5726 Posteriores,
2811 5645 3183 5726 conversionis.
3207 5716 3237 5726 ,Δ
3285 5714 3317 5726 Δ,

2137 5726 2181 5762 ¹⁴
2211 5724 2416 5779 Turon.
2448 5727 2503 5776 et
2532 5719 2557 5775 1
2592 5719 2790 5787 Laud,
2812 5718 3014 5774 amris
3041 5718 3434 5773 exercitatione.
