4172 6184
537 325 604 380 ιδ
1739 310 1989 368 SANCTI
2027 308 2360 366 cnsoonu
2397 309 2644 366 MAGNI.
3767 308 3834 363 ιθ

536 453 762 507 ίιίινθνείι
790 452 1124 520 Praeparetur
1154 459 1167 509 ;
1203 440 1342 496 nihil
1383 437 1530 512 quod
1573 436 1847 494 demulcet
1885 441 2122 508 appetat,
2153 444 2204 503 Α
2237 435 2303 492 ad
2336 435 2443 490 ima
2475 442 2782 493 revocatur.
2822 434 2913 491 Sic
2945 433 3014 490 ad
3069 431 3261 488 nubila
3318 415 3505 489 fumus
3531 433 3832 504 attollitur,

537 539 678 596 nihil
709 535 858 610 quod
884 533 1160 589 deterrere
1199 527 1446 586 creditur
1473 524 1858 600 pertimescat;
1921 540 2132 580 moero—

537 645 651 684 rem
681 616 941 698 gaudium
963 621 1221 692 deputet;
1247 615 1530 690 praesentis
1561 615 1689 670 vitae
1710 613 1907 686 gaudia
1935 613 2134 669 damna

540 711 790 772 maeroris
809 716 1030 784 penset;
1055 705 1384 780 adjectionis
1419 704 1750 762 detrimenta
1785 719 1898 759 non
1916 702 2134 771 timeat,

539 803 633 860 sed
661 817 757 873 per
785 799 904 856 haec
934 795 1208 854 manentis
1255 795 1442 868 gloriae
1497 795 1683 850 locum
1739 798 1966 866 quaerat.
2027 791 2138 846 Has

539 892 743 948 etenim
772 890 891 946 vias
919 887 1264 963 sequentium
1297 885 1637 942 monstrabat
1665 883 1842 940 oculis
1898 881 2135 950 Veritas,

541 998 666 1040 cum
697 978 941 1042 dicebat:
1006 978 1065 1034 Si
1091 977 1210 1048 quis
1234 976 1363 1031 mihi
1415 974 1706 1042 ministrat,
1761 989 1842 1027 me
1887 975 2140 1042 sequatur

545 1071 726 1144 (Joan.
757 1085 862 1137 χιι,
893 1067 1008 1139 26).
1043 1065 1130 1122 Ad
1159 1065 1257 1121 has
1294 1063 1414 1119 vias
1435 1063 1705 1118 tumentia
1736 1061 2140 1133 discipulorum

543 1159 709 1218 corda
755 1157 1070 1226 revocabat,
1128 1175 1255 1213 cum
1305 1157 1488 1212 locum
1541 1155 1657 1228 jam
1704 1153 1892 1228 gloriae
1936 1167 2140 1226 quaere-

545 1257 688 1320 rent,
718 1249 812 1306 sed
842 1247 1088 1321 ejusdem
1120 1247 1306 1319 gloriae
1362 1246 1468 1302 iter
1517 1245 1855 1318 ignorarent,
1911 1241 2136 1299 dicens:

545 1339 770 1398 Potestis
801 1339 971 1394 bibere
997 1338 1208 1394 calicem
1227 1354 1378 1409 quem
1393 1353 1480 1408 ego
1500 1335 1762 1390 bibiturus
1776 1351 1894 1388 sum
1924 1331 2138 1403 (Matth.

548 1430 758 1501 xx,22)
782 1428 848 1484 Ῡι
888 1425 1264 1484 Confessionis
1301 1423 1674 1498 quippeillius
1703 1419 2089 1480 celsitudinem
2111 1433 2143 1474 a

547 1518 762 1576 dextris
789 1517 1138 1590 sinistrisque
1167 1515 1518 1588 quasierant,
1548 1513 1641 1569 sed
1672 1519 1876 1586 quanta
1901 1509 1970 1566 ad
1999 1508 2142 1564 hanc

548 1616 688 1667 esset
717 1607 932 1665 itineris
959 1607 1212 1678 angustia
1239 1621 1350 1660 non
1380 1603 1660 1659 videbant.
1687 1602 1840 1659 Unde
1870 1607 1923 1655 et
1951 1615 2140 1654 eorum

551 1715 682 1756 mox
711 1697 888 1754 oculis
917 1695 1221 1752 imitandus
1252 1691 1520 1766 passionis
1549 1691 1694 1749 calix
1741 1689 2024 1762 objicitur,
2082 1693 2145 1742 ut

549 1785 810 1842 videlicet
837 1784 882 1840 si
912 1783 980 1840 ad
1009 1781 1369 1839 sublimitatis
1397 1780 1594 1854 gaudia
1649 1777 1957 1844 tenderent,
1991 1774 2144 1848 prius
2176 1805 2224 1868 Β

551 1876 697 1930 viam
729 1871 1064 1932 humilitatis
1092 1872 1426 1927 invenirent.
1446 1869 1586 1938 Quia
1604 1869 1772 1942 igitur
1799 1865 2144 1924 considerare

551 1971 804 2039 peccator
830 1962 949 2018 vias
974 1961 1074 2018 Dei
1107 1961 1354 2034 negligit,
1383 1959 1479 2017 sed
1507 1959 1640 2016 solis
1667 1959 1726 2015 in
1744 1957 1946 2032 quibus
1961 1969 2149 2013 carna-

552 2055 679 2112 liter
705 2054 1006 2110 delectetur
1033 2049 1294 2120 intendit,
1326 2057 1472 2107 recte
1501 2065 1652 2107 nunc
1679 2047 1888 2106 dicitur
1919 2063 1932 2102 :
1996 2043 2152 2104 Oculi

551 2145 691 2201 enim
717 2143 831 2215 ejus
858 2148 982 2198 sunt
1008 2142 1065 2198 in
1091 2141 1196 2198 viis
1222 2141 1393 2198 illius.
1424 2139 1722 2214 Sequitur:

1129 2284 1357 2344 CAPUT
1403 2284 1550 2344 VIII.

625 2379 800 2440 Vnus.
830 2380 921 2438 24.
951 2407 1022 2422 -
1050 2379 1260 2436 Elevati
1289 2383 1413 2434 sunt
1436 2378 1508 2434 ad
1526 2375 1812 2441 modicum,
1841 2379 1890 2430 et
1915 2388 2021 2429 non
2035 2369 2152 2427 sub-

554 2473 756 2530 sistent.

631 2561 717 2618 10.
758 2555 921 2616 Inani
947 2555 1124 2628 gloria
1149 2557 1320 2613 elatus
1346 2556 1418 2613 ad
1444 2555 1708 2613 modicum
1737 2553 1897 2610 cadit.
1929 2582 2000 2594 —
2029 2550 2154 2608 Ini-

558 2665 794 2723 quorum
823 2645 997 2718 gloria
1009 2661 1154 2701 .cum
1180 2645 1506 2717 plerumque
1534 2645 1594 2699 in
1613 2659 1886 2699 annorum
1904 2641 2154 2697 multitu-

559 2739 746 2796 dinem
775 2735 1044 2802 tenditur,
1064 2733 1132 2788 ab
1161 2731 1514 2788 inﬁrmorum
1544 2731 1824 2788 mentibus
1851 2745 1968 2785 esse
1996 2729 2158 2800 longa

559 2839 615 2888 et
642 2827 798 2904 quasi
825 2823 1039 2882 stabilis
1057 2822 1378 2880 mstimatur.
1411 2821 1516 2884 Sed
1535 2837 1662 2879 cum
1681 2819 2002 2892 repentinus
2013 2815 2160 2873 hanc

562 2919 692 2976 ﬁnis
719 2919 741 2954 ²
763 2914 1064 2987 intercipit,
1092 2913 1316 2969 brevem
1346 2911 1539 2985 procul
1567 2908 1738 2966 dubio
1768 2907 1939 2964 fuisse
1978 2904 2158 2962 redar-

563 3008 702 3082 guit,
733 3009 754 3042 ³
783 3003 1046 3078 quoniam
1089 3002 1219 3058 ﬁnis
1246 2999 1622 3058 determinans
1655 2997 1976 3066 innotescit,
2026 2995 2159 3069 quia

564 3098 713 3173 quod
741 3095 1020 3170 praeterire
1035 3092 1238 3167 potuit,
1261 3092 1542 3150 modicum
1559 3091 1686 3148 fuit.
1710 3091 2018 3146 Elevantur
2031 3104 2160 3160 ergo

2243 527 2339 583 sed
2355 535 2574 600 repente
2589 527 2646 582 in
2667 527 2908 583 nihilum
2929 523 3284 581 tumescendo
3301 522 3623 595 dissipatur.
3647 525 3740 582 Sic
3764 525 3834 582 ab

2245 621 2453 676 inﬁmis
2479 620 2680 677 nebula
2707 619 3078 676 densescendo
3122 634 3179 674 se
3207 615 3402 688 erigit;
3455 614 3552 672 sed
3607 623 3836 673 exortus

2246 710 2389 768 hanc
2416 711 2550 767 solis
2576 710 2783 778 radius,
2821 727 2885 766 ac
2913 709 2961 766 si
2989 725 3100 764 non
3129 706 3319 774 fuerit,
3348 703 3630 777 abstergit.
3663 705 3756 762 Sic
3777 705 3836 762 in

2247 801 2539 859 herbarum
2567 801 2856 875 superﬁcie
2883 798 3142 858 nocturni
3170 795 3312 854 roris
3340 795 3542 850 humor
3587 794 3839 866 aspergi-

2246 900 2360 963 tur,
2390 893 2485 948 sed
2513 891 2700 949 diurni
2729 889 2959 946 luminis
2985 889 3170 945 subito
3198 887 3378 944 calore
3431 885 3688 941 siccatur.
3750 883 3841 940 Sic

2249 999 2517 1055 spumosae
2545 997 2810 1055 aquarum
2837 979 3005 1036 bullae
3024 975 3416 1034 inchoantibus
3445 971 3652 1045 pluviis
3679 970 3841 1027 exci-

2248 1080 2396 1140 tatas,
2425 1072 2494 1128 ab
2525 1071 2740 1127 intimis
2767 1069 3017 1126 certatim
3048 1066 3353 1140 prodeunt;
3385 1062 3478 1119 sed
3507 1079 3572 1120 eo
3609 1062 3842 1119 celerius

2249 1161 2484 1234 diruptas
2513 1160 2831 1232 depereunt,
2863 1174 2973 1230 quo
3002 1155 3204 1212 inﬂatae
3247 1151 3414 1212 altius
3441 1150 3836 1207 extenduntur.

2251 1251 2498 1324 Cumque
2526 1255 2852 1307 excrescunt
2880 1255 2942 1303 ut
2994 1250 3312 1320 appareant,
3359 1239 3654 1298 crescendo
3709 1255 3844 1312 per-

2252 1347 2419 1412 agunt
2447 1356 2516 1395 ne
2545 1337 2864 1394 subsistant.
2923 1338 3001 1392 De
3051 1333 3260 1408 iniquis
3305 1330 3475 1403 igitur
3523 1327 3845 1400 temporalis

2252 1429 2439 1502 gloria;
2468 1429 2703 1484 elatione
2733 1425 3094 1494 tumentibus,
3125 1424 3220 1479 sed
3243 1419 3432 1478 "tamen
3463 1419 3617 1474 nulla
3648 1416 3709 1472 in
3738 1415 3842 1472 hac

2252 1519 2528 1576 soliditate
2558 1517 2910 1585 durantibus,
2941 1515 3158 1572 dicatur
3186 1519 3351 1569 recte:
3385 1508 3598 1568 Elevati
3627 1512 3750 1562 sunt
3775 1505 3848 1560 ad

2252 1610 2534 1676 modicum,
2555 1615 2604 1664 et
2628 1625 2734 1663 non
2757 1607 3052 1662 subsistent.
3083 1607 3161 1660 De
3215 1601 3416 1676 quibus
3468 1597 3652 1654 adhuc
3703 1593 3847 1652 sub-

2253 1699 2406 1756 ditur
2438 1718 2451 1756 :

2858 1765 3087 1864 CAPUT
3141 1803 3242 1862 1x.

2326 1907 2464 1964 Iam.
2495 1936 2566 1948 —
2593 1906 2668 1962 Et
2695 1903 3119 1960 humiliabuntur
3143 1901 3278 1958 sicut
3303 1897 3504 1964 omnia,
3529 1902 3580 1954 et
3603 1893 3849 1966 auferen-

2259 2003 2370 2054 tur.

2331 2087 2418 2144 11.
2467 2087 2636 2144 Terra
2662 2085 2718 2141 in
2745 2083 2972 2143 essentia
2987 2096 3189 2152 semper
3205 2077 3384 2145 stabit,
3401 2077 3518 2134 licet
3541 2074 3602 2130 in
3625 2071 3854 2146 imagine

2259 2179 2506 2236 continuo
2519 2181 2772 2233 transeat.
2783 2207 2821 2216 -
2833 2173 2926 2232 Sic
2939 2177 3359 2244 provectusesse
3369 2159 3854 2236 contemplationis

2261 2269 2444 2338 debet,
2482 2275 2546 2324 ut
2559 2283 2630 2324 ex
2647 2265 2838 2340 paucis
2857 2263 2928 2320 ad
2943 2262 3138 2330 multa,
3163 2259 3233 2316 ad
3251 2255 3440 2314 omnia
3456 2249 3855 2312 consideranda

2262 2359 2528 2433 rapiatur,
2558 2365 2830 2431 quatenus
2857 2351 3126 2428 gradatim
3171 2348 3368 2406 educta
3420 2342 3704 2433 proﬁciat,
3721 2341 3742 2376 ⁷
3799 2345 3856 2433 et

2262 2429 2594 2508 transitoria?
2607 2448 2794 2504 omnia
2820 2444 3151 2518 dijudicans,
3183 2441 3300 2514 ipsa
3341 2429 3857 2509 comprehendendo

2263 2557 2402 2613 pene
2431 2535 3066 2610 incomprehensibiliter
3091 2535 3390 2588 excrescat.
3422 2525 3585 2613 Under
3631 2527 3858 2580 sanctus

2266 2612 2354 2684 vir
2382 2646 2509 2684 cum
2539 2643 2837 2700 pravorum
2867 2623 3097 2697 gloriam
3122 2619 3507 2689 defectumque
3535 2612 3854 2677 discuteret,

2265 2719 2334 2776 ad
2362 2699 2564 2774 cuncta
2591 2715 2845 2788 protinus
2872 2712 3075 2769 mentis
3095 2709 3318 2766 oculum
3347 2703 3600 2771 tetendit,
3631 2699 3856 2758 dicens:

2265 2787 2706 2866 Humiliabuntur
2757 2805 2892 2858 sicut
2945 2800 3144 2866 omnia,
3189 2803 3238 2852 et
3279 2794 3614 2864 auferentur.
3665 2787 3862 2846 Omnia

2267 2897 2515 2973 profecto
2545 2903 2778 2952 terrena.
2819 2893 2900 2948 Ac
2953 2890 3000 2946 si
3055 2893 3240 2960 aperte
3294 2883 3474 2940 dicat:
3533 2880 3686 2936 Stare
3747 2877 3862 2973 ullo

2269 2971 2434 3051 modo
2463 2996 2764 3064 nequeunt,
2795 2985 2925 3060 quia
2951 2985 3069 3056 ipsa
3123 2995 3339 3054 quoque
3384 2976 3608 3050 fugiunt
3661 2971 3864 3064 quibus

2269 3060 2610 3146 innituntur;
2643 3070 3218 3148 dumque|temporalia
3245 3067 3505 3140 diligunt,
3528 3079 3656 3121 cum
3685 3060 3774 3117 bis
3793 3075 3864 3115 ex

563 3153 956 3254 adlnodicum,
987 3153 1056 3240 et.
1069 3153 1296 3239 minime
1352 3183 1680 3251 subsistunt,
1738 3180 1869 3254 quia
1923 3196 1988 3236 eo
2043 3153 2162 3250 ipso
2197 3168 2241 3231 Ο
2267 3169 2532 3244 temporis
2558 3165 2907 3225 volubilitate
2936 3163 3283 3254 percurrunt.
3327 3155 3448 3254 Sed.
3462 3153 3632 3228 quaeri
3687 3156 3866 3254 potest

567 3294 676 3352 quo
697 3275 874 3332 videri
903 3273 1002 3330 alti
1031 3279 1318 3346 appetunt,
1347 3288 1380 3326 a
1413 3287 1542 3327 vera
1565 3269 1665 3327 Dei
1711 3267 1948 3326 essentia
2001 3268 2163 3339 longe

567 3385 664 3443 per
691 3367 986 3424 elationem
1027 3363 1189 3419 ﬁunt.
1239 3360 1544 3419 Subsistere
1599 3359 1805 3416 etenim
1861 3365 2162 3432 nequeunt,

567 3459 699 3534 quia
725 3455 794 3513 ab
809 3463 1026 3512 aeternae
1040 3452 1289 3510 essentia
1325 3450 1603 3508 soliditate
1631 3449 1982 3519 dividuntur,
2003 3455 2166 3520 atque

568 3548 714 3604 hanc
742 3544 976 3618 primam
1005 3541 1223 3598 ruinam
1251 3541 1510 3608 tolerant,
1566 3538 1698 3612 quia
1743 3554 1840 3610 per
1894 3537 2164 3610 privatam

571 3635 801 3710 gloriam
831 3633 890 3690 in
916 3631 1225 3704 semetipsis
1244 3629 1466 3688 cadunt.
1492 3628 1634 3686 Hinc
1647 3627 1798 3684 enim
1823 3643 1920 3700 per
1938 3623 2167 3683 Psalmi-

571 3735 709 3783 stam
739 3723 979 3782 dicitur:
1013 3721 1255 3794 Dejecisti
1282 3737 1388 3787 eos,
1419 3737 1537 3775 cum
1563 3719 1930 3774 alienarentur
1989 3716 2164 3789 (Psal.

573 3832 752 3884 Lxxn,
786 3815 899 3886 18),
930 3813 1060 3886 quia
1079 3829 1144 3868 eo
1163 3810 1498 3868 intrinsecus
1525 3813 1814 3875 corruunt,
1861 3821 1971 3878 quo
2027 3802 2168 3858 male

571 3905 916 3964 extrinsecus
943 3909 1194 3973 surgunt.
1231 3899 1369 3974 [νει.
1409 3897 1497 3972 ιζ]
1531 3898 1684 3953 Hanc
1711 3893 2040 3952 brevitatem
2059 3893 2168 3965 glo-

572 3995 670 4050 rias
697 3991 1014 4064 temporalis
1041 3989 1334 4062 aspiciens,
1356 3987 1557 4042 iterum
1583 3985 1721 4041 dicit
1753 4001 1764 4038 :
1807 3983 1924 4042 Vidi
1954 3983 2172 4053 impium

575 4083 1025 4154 superexaltatum
1052 4085 1099 4133 et
1143 4080 1397 4132 eleuatum
1440 4077 1462 4110 ⁴
1517 4075 1652 4128 sicut
1705 4073 1886 4127 cedros
1930 4070 2173 4133 Libani;

567 4168 822 4232 transivi,
853 4173 902 4221 et
926 4183 1030 4220 ecce
1048 4183 1150 4219 non
1177 4170 1293 4220 erat
1315 4164 1707 4235 (Psal.xxxv1,
1738 4159 1856 4231 35).
1891 4158 2030 4214 Hinc
2061 4157 2174 4214 ite-

581 4277 700 4316 rum
721 4258 828 4314 ait:
863 4256 1130 4314 Pusillum
1167 4255 1358 4320 adhuc,
1381 4255 1402 4288 ⁵
1433 4259 1479 4308 et
1506 4269 1611 4307 non
1627 4251 1726 4306 erit
1743 4256 1986 4322 peccator
2007 4249 2170 4322 (Ibid.

581 4347 689 4417 10).
724 4345 866 4400 Ilinc
892 4343 1127 4400 Iacobus
1155 4341 1327 4398 dicit:
1364 4341 1493 4408 Qum
1517 4346 1591 4394 est
1611 4339 1748 4394 enim
1766 4339 1872 4393 vita
1895 4339 1916 4372 ⁶
1945 4344 2118 4391 vestra
2147 4337 2175 4392 ?

584 4451 752 4507 vapor
778 4439 851 4489 est
877 4434 948 4488 ad
975 4433 1235 4487 modicum
1259 4447 1455 4502 parens
1478 4429 1616 4500 (Jac.
1650 4445 1728 4496 IV,
1755 4427 1866 4499 15).
1893 4425 2033 4482 Hinc
2053 4441 2174 4497 pro-

587 4525 750 4597 pheta
767 4521 1090 4578 brevitatem
1120 4519 1306 4593 gloriaa
1327 4517 1562 4575 carnalis
1590 4533 1842 4590 pensans,
1862 4513 2174 4582 denuntiat,

585 4613 805 4669 dicens:
843 4611 1026 4668 Omnis
1052 4629 1176 4666 caro
1204 4610 1405 4680 fenum,
1434 4615 1483 4664 et
1507 4607 1676 4662 omnis
1701 4605 1876 4678 gloria
1905 4604 2018 4674 ejus
2047 4605 2182 4660 sicut

586 4705 684 4774 ﬂos
712 4701 823 4772 feni
857 4703 1010 4772 (Isai.
1045 4717 1137 4768 XL,
1167 4699 1247 4770 6).
1297 4697 1619 4768 lniquorum
1677 4694 1879 4768 quippe
1935 4691 2180 4766 potentia

589 4793 701 4850 feni
728 4791 850 4846 ﬂori
879 4797 1247 4862 comparatur,
1277 4787 1407 4861 quia
1435 4784 1700 4842 nimirum
1731 4783 1967 4841 carnalis
2009 4783 2183 4855 gloria

589 4883 722 4940 dum
755 4882 916 4951 nitet,
946 4880 1114 4948 cadit;
1145 4879 1278 4936 dum
1311 4877 1456 4952 apud
1479 4893 1536 4932 se
1563 4875 1874 4944 extollitur,
1893 4874 2182 4946 repentino

591 4973 892 5044 intercepta
919 4969 1028 5026 ﬁne
1057 4973 1202 5032 539
1229 4967 1580 5022 terminatur.
1623 4964 1716 5022 Sic
1745 4980 1984 5036 namque
2012 4980 2183 5020 aura-

592 5087 714 5126 rum
743 5070 875 5126 ﬂatu
903 5069 962 5126 in
991 5069 1165 5126 altum
1185 5065 1388 5139 stipula
1415 5065 1646 5137 rapitur,
1677 5061 1771 5118 sed
1799 5078 1928 5120 casu
1965 5061 2224 5120 concito.

671 5289 688 5325 ¹
728 5286 940 5344 Vitiose
956 5285 1246 5359 irrepserat
1264 5284 1329 5359 in
1341 5284 1473 5359 Ed_it
1483 5329 1494 5340 .
1505 5327 1524 5359 ,_
1541 5281 1900 5359 confessionis,
1910 5296 2056 5359 _pro_
2069 5296 2186 5336 con-

597 5359 864 5427 sessionis,
895 5358 1043 5431 quod
1058 5351 1284 5431 g'legitur
1314 5356 1374 5412 in
1403 5351 1566 5414 Corb.
1589 5351 1799 5423 Germ.,
1828 5353 1887 5408 in
1909 5351 2186 5421 Dandum,

600 5432 786 5490 Germ.
817 5437 872 5485 et
904 5429 1030 5484 aliis
1057 5429 1184 5484 Mss.

675 5503 699 5538 ³
735 5499 907 5556 Laud.
939 5507 994 5555 et
1021 5499 1184 5556 Corb.
1215 5498 1426 5568 Germ.,
1458 5497 1738 5554 intercidit.

673 5575 696 5608 ³
735 5571 1068 5628 Addidimus
1096 5570 1240 5642 ﬁnis,
1269 5585 1340 5642 ex
1359 5565 1487 5627 Mss.
1512 5570 1734 5642 ,Norm"
1764 5565 1982 5639 Anglic.
1993 5607 2009 5635 ,
2054 5570 2161 5622 etc.
2171 5605 2188 5633 ,

604 5651 659 5700 et
685 5659 754 5700 ex
784 5642 958 5715 antiq.
981 5639 1228 5715 _Excusis
1257 5658 1271 5706 ;
1295 5641 1480 5697 deerat
1491 5640 1744 5715 _in‘Edit.
1778 5645 1982 5715 recent.

677 5716 702 5752 ⁴
742 5715 824 5772 Ita
851 5709 1115 5785 Vi'ndoq,
1147 5712 1339 5769 Norm.
1371 5719 1428 5768 et
1455 5711 1722 5785 plerique,
1744 5709 1948 5782 quibus
1965 5721 2194 5766 consen-

605 5785 753 5842 tiunt
783 5793 892 5842 vet.
925 5783 1027 5842 Ed.
1055 5783 1118 5839 In
1157 5790 1389 5851 recent.,
1418 5783 1578 5856 super
1599 5783 1799 5838 cedros.

2221 3327 2230 3337 ,
2271 3239 2402 3320 cum
2427 3277 2524 3334 per
2551 3259 2899 3316 Salomonem
2928 3252 3164 3309 dicitur:
3203 3245 3480 3306 Generatio
3527 3239 3867 3337 ναιετάω-ει

2271 3329 2534 3426 generatio
2563 3346 2795 3412 advenit,
2835 3352 2981 3400 terra
3007 3359 3128 3398 vero
3173 3340 3228 3396 in
3255 3344 3508 3394 (sternam
3533 3339 3638 3390 stat
3667 3329 3862 3404 (Eccle.

2275 3423 2316 3510 ἰ,
2345 3441 2428 3513 4),
2458 3455 2557 3497 cur
2583 3438 2774 3494 beatus
2817 3433 2920 3491 Job
2974 3430 3162 3488 omnia
3215 3423 3502 3484 humiliari
3555 3427 3761 3478 asserat
3813 3425 3868 3473 et

2275 3531 2479 3588 auferri
2507 3530 2536 3586 ?
2564 3527 2723 3597 Quod
2743 3534 2927 3582 tamen
2953 3521 3115 3579 facile
3143 3518 3492 3584 discutimus,
3539 3513 3589 3570 si
3615 3520 3762 3568 terra
3814 3515 3868 3563 et

2275 3623 2477 3678 ccelum
2506 3619 2595 3674 vel
2625 3615 2861 3690 qualiter
2887 3619 3149 3680 transeat,
3178 3609 3265 3664 vel
3288 3606 3524 3680 qualiter
3552 3606 3770 3658 maneat
3787 3597 3867 3654 di-

2277 3711 2645 3784 stinguamus.
2679 3701 2919 3777 Utraque
2965 3715 3203 3774 namque
3239 3697 3359 3754 haec
3386 3710 3484 3768 per
3528 3707 3650 3748 eam
3705 3703 3870 3762 quam

2280 3817 2429 3857 nunc
2459 3797 2663 3854 habent
2691 3792 2987 3866 imaginem
3006 3793 3315 3855 transeunt,
3345 3783 3439 3840 sed
3459 3790 3644 3838 tamen
3674 3793 3770 3849 per
3791 3791 3870 3832 es-

2279 3889 2514 3947 sentiam
2543 3887 2662 3942 sine
2691 3885 2800 3939 ﬁne
2827 3881 3155 3938 subsistunt.
3189 3875 3332 3931 Hinc
3360 3885 3594 3942 namque
3614 3883 3709 3940 per
3736 3866 3870 3921 Pau-

2281 3980 2396 4034 lum
2414 3975 2618 4032 dicitur
2639 3991 2650 4028 :
2675 3971 2922 4028 Prwterit
2939 3968 3076 4023 enim
3096 3967 3270 4038 ﬁgura
3286 3960 3444 4030 hujus
3465 3957 3648 4014 mundi
3666 3957 3722 4028 (Ι
3743 3954 3868 4011 Cor.

2281 4086 2382 4137 vn,
2413 4067 2526 4138 31).
2560 4062 2701 4119 Hinc
2729 4077 2824 4134 per
2851 4057 3197 4128 semetipsam
3221 4051 3436 4110 Veritas
3455 4047 3592 4106 dicit
3625 4065 3636 4102 :
3673 4045 3875 4138 Cretum

2281 4165 2330 4213 et
2359 4135 2502 4212 terra
2533 4152 2852 4215 transibunt,
2883 4148 3041 4204 verba
3068 4151 3241 4202 autem
3271 4159 3384 4196 inea
3413 4156 3520 4193 non
3574 4135 3878 4192 transibunt

2289 4246 2501 4319 (Matth.
2522 4261 2682 4308 xxxv,
2713 4242 2827 4312 35).
2863 4240 2883 4273 ⁸
2915 4239 3057 4293 Hinc
3083 4234 3153 4290 ad
3181 4235 3446 4289 Joannem
3467 4227 3711 4319 angelica
3735 4239 3876 4319 voce

2285 4315 2638 4410 perhibetur:
2670 4333 2798 4386 Erit
2825 4330 3009 4383 caelum
3037 4340 3251 4388 novum,
3272 4327 3320 4376 et
3349 4327 3494 4376 terra
3523 4335 3658 4372 nova
3682 4315 3874 4388 (Apoc.

2287 4403 2408 4496 xxx,
2434 4427 2511 4498 1).
2543 4425 2673 4492 Quae
2704 4420 2926 4496 quidem
2959 4435 3070 4474 non
3102 4415 3210 4473 alia
3240 4409 3527 4470 condenda
3577 4414 3727 4475 sunt,

2209 4535 2257 4592 1)
2290 4493 2409 4574 haec
2426 4493 2542 4588 ipsa
2561 4493 2917 4570 renovantur.
2939 4507 3149 4567 Caelum
3178 4504 3350 4576 igitur
3363 4509 3417 4558 et
3435 4509 3579 4557 terra
3598 4505 3653 4554 et
3680 4493 3879 4552 transit

2291 4615 2345 4664 et
2373 4585 2478 4662 erit
2506 4603 2635 4676 quia
2654 4611 2707 4658 et
2726 4602 2794 4658 ab
2822 4617 2909 4666 ea,
2937 4615 3101 4672 quam
3132 4612 3280 4651 nunc
3309 4591 3494 4658 habet,
3551 4585 3730 4660 specie
3784 4597 3880 4654 per

2290 4695 2473 4768 ignem
2503 4692 2755 4765 tergitur,
2785 4697 2840 4746 et
2867 4697 3050 4745 tamen
3081 4687 3138 4741 in
3167 4701 3267 4740 sua
3294 4694 3507 4750 semper
3533 4681 3728 4731 natura
3755 4686 3880 4726 ser-

2293 4762 2472 4841 v'atur.
2507 4762 2660 4839 Unde
2692 4799 2787 4853 per
2813 4777 3158 4834 Psalmistam
3188 4771 3395 4828 dicitur
3421 4786 3432 4824 :
3467 4762 3696 4853 Mutabis
3717 4778 3806 4853 ea,
3835 4764 3884 4814 et

2289 4874 2638 4932 mutabuntur
2670 4847 2842 4940 (Psal.
2877 4884 2950 4934 cr,
2983 4865 3099 4935 27).
3133 4861 3305 4928 Quam
3351 4854 3574 4930 quidem
3628 4847 3882 4940 ultimam

2290 4962 2777 5024 commutationem
2801 4973 2956 5014 suam
2987 4954 3121 5026 ipsis
3148 4950 3308 5007 nobis
3321 4963 3470 5004 nunc
3489 4936 3882 5000 vicissitudini-

2290 5057 2396 5114 bus
2422 5053 2704 5121 nuntiant,
2735 5049 2937 5123 quibus
2961 5042 3163 5102 nostris
3195 5039 3388 5098 usibus
3416 5033 3792 5093 indesinenter
3805 5027 3880 5082 al-

2365 5275 2388 5312 ⁸
2426 5274 2550 5329 Duo
2577 5269 2854 5336 Laudun.,
2883 5271 2932 5324 et
2950 5281 3056 5321 non
3083 5267 3217 5319 erat.

2367 5348 2390 5382 °
2431 5346 2457 5400 1
2489 5344 2688 5412 Laud.,
2717 5346 2945 5412 nostra:
2976 5409 3029 5412 __
3198 5411 3201 5412 ν
3351 5402 3362 5412 .
3426 5405 3438 5412 .
3579 5395 3610 5412 -.
3762 5396 3888 5412 --ω-

2368 5419 2388 5452 ⁷
2429 5415 2583 5472 Editi
2610 5401 2950 5470 et'nonnulli
2975 5409 3130 5476 Mss,
3160 5402 3397 5476 etomnia
3420 5401 3734 5476 transitoria

2292 5461 2665 5562 ρνειιῖηῖιῖτῖιῑδ
2685 5461 3153 5562 eaeaeae
3176 5491 3308 5562 ριτης
3325 5461 3883 5562 -.έρεςωρςειέεεεειςέίξ

2301 5534 3005 5622 vix
3028 5534 3204 5624 potest
3232 5534 3886 5624 intelligi._Locumb_unc

2299 5603 2684 5688 dbscv‘urum'et'
2703 5603 3332 5682 vitiatum—restituimus
3361 5603 3599 5668 maxime
3624 5624 3695 5664 ex
3713 5603 3882 5662 duob.

2301 5701 2554 5759 Laudun.

2375 5752 2731 5829 {lu-recent.
2763 5768 2893 5836 Ed.,
2916 5767 3034 5822 hinc
3057 5777 3154 5834 per
3175 5759 3362 5825 Joan.,
3389 5752 3672 5812 mendose.
