4172 6184
379 240 443 297 17
1153 241 1528 302 MORALIUM
1566 244 1699 302 LIB.
1742 246 1918 304 XVII.
1962 273 2034 290 —
2074 246 2147 306 IN
2184 248 2414 309 CAPUT
2453 254 2639 312 XXIV
2676 258 2739 313 B.
2780 259 2921 316 JOB.
3635 268 3702 325 18

381 375 639 433 tamam.
677 366 813 423 Nam
870 373 1011 421 terra
1053 381 1086 421 a
1130 382 1231 422 sua
1262 367 1444 440 specie
1473 368 1698 425 hiemali
1727 370 1983 428 ariditate
2009 372 2064 434 Α
2085 377 2283 446 poterit
2309 394 2414 433 esse
2432 380 2726 447 mentitum,
2742 388 2791 437 et
2803 400 2999 453 ponere
3030 394 3152 443 ante
3180 390 3345 446 Deum
3363 391 3522 449 verba
3541 398 3700 453 mea?

381 455 599 524 deﬁcit,
630 454 839 511 vernali
879 454 1113 511 humore
1156 456 1457 514 viridescit.
1492 458 1704 516 Caelum
1747 462 1993 535 quotidie

386 546 623 616 caligine
647 544 830 600 noctis
859 543 1177 614 obducitur,
1205 555 1260 601 et
1278 546 1477 604 diurna
1495 550 1742 605 claritate
1767 568 1991 606 renova-

385 644 496 692 tur.
532 634 674 690 Hinc
701 650 832 705 ergo
849 633 981 691 hinc
994 634 1172 691 ﬁdelis
1188 638 1418 711 quisque
1438 640 1661 712 colligat
1690 648 1743 696 et
1767 641 1992 697 interire

382 724 522 791 haec,
554 731 608 780 et
636 730 824 779 tamen
854 740 950 796 per
978 724 1393 782 innovationem
1423 728 1596 798 reﬁci,
1629 747 1750 802 quae
1779 738 1994 786 constat

381 830 531 870 nunc
561 813 784 870 assidue
813 814 967 869 velut
996 831 1065 869 ex
1091 814 1308 871 defectu
1334 819 1571 889 reparari
1602 818 1739 893 [νει.
1798 826 1845 875 et
1872 822 1987 877 Rec.

390 901 509 976 VI].
544 904 696 959 Inter
745 902 865 959 haec
904 903 1075 975 igitur
1126 904 1215 960 vir
1267 914 1487 963 sanctus
1522 925 1647 963 cum
1697 926 1991 980 pravorum

379 1009 605 1049 cursum
629 992 925 1065 conspicit,
948 1002 1151 1068 quanta
1176 996 1502 1069 quandoque
1517 997 1993 1056 animadversione

381 1081 649 1140 deficiant
680 1084 997 1152 innotescit,
1028 1084 1163 1140 dum
1196 1087 1446 1157 protinus
1472 1087 1696 1146 subdit:

1023 1191 1251 1248 CAPUT
1292 1193 1365 1248 Χ.

457 1281 597 1338 Iam.
626 1309 698 1322 —
724 1280 801 1336 Et
825 1281 963 1335 sicut
990 1280 1311 1336 summitates
1341 1282 1611 1353 spicarum
1638 1287 1989 1338 conterentur.

462 1370 548 1426 12.
584 1369 717 1426 Mali
745 1368 931 1424 divites
966 1370 1060 1423 etsi
1084 1370 1157 1425 ad
1183 1371 1553 1442 opprimendos
1571 1370 1747 1441 justos
1775 1388 1992 1425 concor-

384 1461 498 1525 des,
548 1460 614 1516 ab
652 1458 872 1515 invicem
914 1459 1288 1530 cupiditatibus
1329 1460 1551 1530 sejuncti
1579 1468 1718 1519 sunt.
1751 1492 1821 1502 —
1862 1460 1994 1533 Spi—

383 1567 580 1607 carum
606 1550 807 1623 quippe
828 1550 1189 1619 summitates,
1212 1551 1391 1606 aristae
1422 1559 1569 1606 sunt.
1594 1551 1790 1606 Aristm
1813 1558 1992 1606 autem

384 1641 512 1714 conj
522 1649 701 1697 unctas
724 1642 782 1697 in
803 1642 952 1714 spica
973 1642 1265 1713 prodeunt,
1282 1644 1375 1699 sed
1389 1643 1682 1700 crescendo
1697 1643 1993 1715 paulisper,

2174 465 2257 522 M.
2290 468 2431 523 Iusti
2457 469 2505 523 si
2531 471 2859 543 delinquant,
2888 474 2955 528 ab
2984 474 3237 545 improbis
3278 480 3492 537 minime
3518 484 3700 540 corri-

2096 554 2297 629 piendi.
2315 587 2384 598 —
2407 558 2462 614 Si
2490 558 2566 613 ita
2592 576 2703 615 non
2730 568 2810 616 est
2830 569 2892 617 ut
2908 562 3176 635 loquitur,
3195 567 3438 637 profecto
3459 571 3526 626 de
3548 572 3698 629 falsi-

2099 652 2211 700 tate
2242 645 2391 703 hunc
2421 664 2611 713 omnes
2640 666 2865 722 arguere
2894 661 3144 723 possunt.
3170 653 3283 711 Cur
3301 672 3430 728 ergo
3459 658 3693 719 dicitur:

2102 736 2123 770 ⁵
2162 736 2221 791 Si
2257 754 2363 791 non
2406 738 2483 793 ita
2519 748 2612 805 est,
2643 741 2761 811 quis
2789 760 2867 796 me
2902 761 3125 815 arguere
3151 746 3346 817 poterit
3373 763 3479 801 esse
3503 751 3701 804 menti-

2105 830 2234 894 tum,
2261 825 2393 882 dum
2424 828 2634 885 scilicet
2670 832 2991 888 noverimus
3020 834 3167 907 quod
3194 835 3445 892 fallacem
3471 837 3700 895 cuilibet

2103 918 2498 989 reprehendere
2529 921 2699 979 licet?
2741 924 2845 979 Sed
2876 925 2922 980 si
2951 926 3229 1000 loquentis
3256 945 3477 985 sensum
3507 929 3697 987 subtili

2102 1006 2528 1081 interrogatione
2558 1012 2907 1081 discutimus,
2937 1032 3100 1087 quam
3119 1017 3230 1072 sint
3259 1026 3407 1074 recta
3430 1035 3549 1093 quae
3577 1037 3696 1093 pro-

2100 1096 2231 1153 tulit
2259 1098 2424 1154 citius
2462 1099 2797 1158 invenimus.
2829 1104 3018 1161 Justus
3046 1122 3281 1179 namque
3308 1108 3409 1165 etsi
3440 1110 3574 1183 quid
3600 1128 3696 1167 un-

2103 1203 2266 1260 quam
2296 1187 2667 1263 delinquendo
2697 1192 2962 1265 loquitur,
2991 1195 3218 1268 dignum
3252 1214 3362 1254 non
3406 1206 3488 1256 est
3527 1208 3589 1256 ut
3629 1201 3698 1257 ab

2103 1277 2323 1349 injustis
2343 1288 2396 1335 et
2424 1296 2586 1351 prave
2616 1281 2934 1340 viventibus
2955 1283 3254 1356 judicetur.
3298 1290 3452 1346 Unde
3479 1300 3700 1349 sanctus

2101 1368 2191 1423 vir
2231 1370 2535 1427 amicorum
2581 1372 2889 1443 superbiam
2936 1375 3267 1446 deprimens,
3300 1395 3413 1435 non
3444 1383 3621 1438 solum
3651 1383 3697 1439 si
3730 1368 3733 1371 γ

2104 1458 2179 1514 ita
2208 1466 2307 1526 est,
2336 1476 2527 1515 verum
2549 1461 2711 1516 etiam
2744 1462 2788 1518 si
2819 1463 2896 1519 ita
2924 1481 3035 1520 non
3083 1475 3163 1522 est
3200 1475 3261 1523 ut
3309 1470 3560 1541 protulit,
3593 1488 3700 1528 ne—

2103 1564 2374 1621 quaquam
2399 1567 2455 1605 se
2484 1552 2809 1622 reprehendi
2831 1570 2987 1625 posse
3008 1555 3257 1627 conﬁdit,
3282 1558 3412 1631 quia
3433 1559 3699 1617 nimirum
3778 1610 3790 1620 .

2103 1639 2187 1694 illi
2228 1648 2372 1696 recte
2405 1640 2726 1713 redarguere
2775 1643 2910 1699 falsa
2953 1655 3201 1717 possunt,
3245 1649 3339 1720 qui
3383 1649 3517 1704 falsa
3546 1666 3702 1721 agere

384 1757 491 1797 asc
511 1740 740 1796 hirsuta;
758 1748 811 1796 et
825 1739 1018 1813 rigida
1033 1740 1606 1814 disiunguntur-540
1623 1742 1713 1798 Sic
1728 1741 1994 1798 nimirum
2026 1736 2075 1800 Β
2105 1729 2377 1784 nesciunt.
2416 1731 2551 1786 Nam
2583 1732 2945 1804 correptionis
2982 1752 3174 1791 ausum
3208 1745 3399 1792 contra
3428 1738 3700 1795 fallaciam

385 1830 471 1887 sic
499 1830 569 1885 ad
602 1829 772 1902 hujus
812 1829 1008 1885 mundi
1055 1830 1283 1902 gloriam
1324 1831 1477 1903 pravi
1510 1831 1713 1887 divites
1738 1838 1989 1903 surgunt.

384 1920 614 1977 Natura:
648 1920 795 1976 enim
835 1920 938 1976 sibi
982 1921 1371 1978 communione
1400 1920 1680 1993 conjuncti
1708 1929 1858 1990 sunt,
1898 1920 1994 1978 sed

385 2017 584 2066 contra
632 2025 689 2066 se
749 2009 994 2067 vicissim
1055 2012 1349 2068 crescendo
1409 2011 1765 2069 dividuntur.
1834 2011 1995 2069 Alius

385 2100 592 2173 quippe
626 2099 795 2155 alium
824 2099 1079 2173 despicit,
1115 2109 1169 2157 et
1210 2102 1349 2157 alter
1395 2103 1453 2158 in
1498 2104 1732 2159 alterum
1763 2100 1993 2158 invidiae

384 2189 604 2246 facibus
629 2189 879 2261 ignescit.
911 2190 1016 2258 Qui
1044 2206 1173 2263 ergo
1201 2207 1270 2246 ex
1297 2199 1511 2248 tumore
1531 2193 1732 2249 mentis
1759 2211 1791 2249 a
1814 2192 1993 2249 chari-

384 2281 521 2336 tatis
548 2280 754 2335 unitate
784 2296 841 2336 se
870 2288 1143 2352 separant,
1166 2281 1322 2353 quasi
1347 2282 1640 2339 aristarum
1672 2299 1823 2339 more
1850 2299 1994 2339 con-

384 2376 476 2425 tra
500 2384 556 2424 se
584 2369 745 2442 rigidi
774 2377 942 2425 stant.
967 2369 1111 2436 Quid
1134 2386 1263 2442 ergo
1283 2387 1482 2443 pravos
1497 2371 1664 2444 hujus
1685 2372 1877 2429 mundi
1899 2373 1994 2428 di-

382 2458 534 2514 vites
559 2458 821 2525 dixerim,
848 2457 957 2514 nisi
984 2458 1179 2515 aristas
1195 2459 1458 2532 quasdam
1484 2461 1697 2531 generis
1724 2461 1995 2517 humani?

381 2546 492 2615 Qui
531 2547 668 2603 dum
698 2554 894 2603 contra
928 2565 984 2603 se
1026 2549 1374 2618 superbiunt,
1404 2550 1499 2605 sed
1525 2550 1799 2605 bonorum
1826 2552 1997 2607 vitam

379 2635 737 2693 unanimiter
777 2634 1049 2707 aﬂligunt,
1098 2635 1387 2692 adversum
1440 2654 1500 2693 se
1555 2637 1775 2709 quidem
1831 2637 1997 2693 divisi

380 2734 540 2795 sunt,
568 2725 665 2782 sed
695 2733 880 2781 tamen
896 2725 1242 2782 concorditer
1256 2743 1421 2797 grana
1440 2726 1694 2783 deorsum
1717 2736 1994 2800 premunt.

463 2815 549 2871 13.
594 2814 827 2887 Reprobi
851 2814 1148 2870 aristarum
1176 2832 1322 2870 more
1347 2832 1487 2871 nunc
1509 2815 1787 2888 eriguntur
1807 2835 1828 2881 ;
1852 2817 1996 2872 electi

389 2910 455 2960 ut
474 2921 647 2976 grana
676 2904 857 2960 latent.
888 2934 959 2944 —
987 2904 1146 2959 Nunc
1176 2903 1346 2976 igitur
1374 2904 1556 2961 aristae
1585 2905 1654 2961 ad
1683 2907 1793 2962 alta
1826 2908 1841 2941 ¹
1877 2924 1998 2978 pro-

390 2996 606 3064 siliunt,
657 3011 823 3067 grana
854 2996 1047 3063 latent,
1087 2995 1217 3069 quia
1262 3003 1318 3052 et
1361 2997 1719 3069 reproborum
1750 2998 1996 3070 potentia

391 3084 617 3152 eminet,
667 3092 721 3139 et
758 3084 1057 3140 electorum
1097 3085 1272 3157 gloria
1320 3101 1428 3143 non
1474 3094 1716 3159 apparet.
1751 3087 1772 3121 ²
1814 3088 1903 3143 Illi
1940 3103 1996 3143 se

392 3177 665 3233 honorum
713 3176 946 3232 fastibus
990 3176 1313 3247 ostendunt,
1363 3178 1454 3234 isti
1495 3179 1553 3234 in
1600 3179 1914 3238 humilitate
1944 3197 2000 3236 se

390 3265 728 3338 deprimunt.
773 3266 878 3323 Sed
925 3266 1140 3323 triturae
1187 3275 1404 3340 tempus
1435 3268 1715 3337 adveniet,
1753 3269 1901 3342 quod
1948 3276 2002 3324 et

390 3355 684 3410 aristarum
716 3355 1052 3427 rigiditatem
1094 3356 1331 3430 frangat,
1374 3365 1428 3415 et
1465 3358 1641 3415 solida
1677 3375 1843 3430 grana
1889 3376 1999 3414 non

393 3456 661 3505 conterat.
687 3448 841 3506 Tunc
870 3449 1072 3523 quippe
1101 3449 1357 3522 superbia
1398 3450 1718 3523 iniquorum
1757 3449 2002 3507 commi—

390 3538 612 3606 nuitur,
641 3546 776 3595 tunc
802 3540 1101 3597 electorum
1147 3539 1263 3596 vita
1307 3548 1511 3614 quanta
1536 3541 1849 3614 integritate
1881 3541 2002 3596 ful-

393 3635 524 3701 geat
546 3628 875 3695 declaratur,
904 3630 1033 3702 quia
1058 3647 1185 3687 cum
1234 3630 1429 3703 injusti
1459 3631 1747 3700 deﬁciunt,
1793 3648 1863 3687 ex
1900 3631 2003 3688 hac

396 3718 522 3791 ipsa
585 3717 877 3773 aristarum
930 3719 1256 3777 contritione
1328 3721 1511 3793 agitur
1562 3730 1624 3776 ut
1675 3738 1842 3792 grana
1896 3738 2003 3794 ap—

393 3814 623 3879 pareant
664 3822 787 3880 quae
815 3806 1072 3865 latebant.
1123 3809 1370 3882 Cumque
1414 3809 1597 3865 aristae
1652 3810 2000 3887 franguntur,

391 3912 690 3968 granorum
719 3896 924 3953 candor
954 3898 1287 3968 ostenditur,
1314 3900 1446 3973 quia
1475 3899 1684 3973 iniquis
1714 3900 1772 3955 in
1798 3900 2001 3972 suppli-

390 3985 477 4042 cia
503 3992 705 4042 aeterna
719 3986 1066 4056 cadentibus,
1089 3996 1402 4045 sanctorum
1422 3988 1643 4061 justitia
1673 3998 1878 4064 quanta
1913 4006 2000 4045 ve-

392 4074 554 4130 ritate
579 4074 808 4132 candeat
838 4075 1267 4134 demonstratur.
1296 4078 1451 4135 Unde
1475 4087 1619 4135 recte
1653 4096 1872 4153 quoque
1904 4096 1999 4151 per

391 4165 657 4223 Joannem
700 4166 942 4224 dicitur:
998 4168 1166 4240 Cujus
1216 4170 1566 4226 oentilabrum
1612 4172 1668 4225 in
1713 4188 1877 4226 mnu
1903 4188 2002 4226 sua

395 4261 491 4320 est,
519 4260 567 4309 et
595 4257 617 4289 ³
642 4259 1017 4327 permundabit
1044 4278 1228 4315 aream
1254 4277 1407 4316 suam
1436 4278 1456 4326 ;
1506 4266 1553 4315 et
1608 4261 1841 4316 triticum
1886 4260 1999 4331 qui-

396 4343 516 4397 dem
553 4346 793 4401 reconde!
832 4348 854 4380 ‘
900 4348 956 4401 in
998 4349 1189 4404 horreo
1229 4366 1348 4415 suo,
1385 4350 1572 4421 paleas
1598 4356 1773 4406 autem
1801 4350 2002 4405 combu-

397 4439 484 4487 ret
510 4432 622 4503 igni
655 4434 1072 4507 inexstinguibili
1103 4436 1315 4509 (Matth.
1348 4456 1433 4507 ιιι,
1467 4439 1568 4506 12;
1604 4439 1731 4494 Luc.
1764 4455 1848 4507 ur,
1882 4438 1996 4508 17).
2036 4457 2084 4514 ι)

391 4522 601 4578 Beatus
644 4520 812 4594 igitur
850 4525 950 4582 Job
992 4542 1289 4598 pravorum
1321 4528 1486 4585 elatio
1510 4536 1714 4602 quanta
1740 4527 2000 4584 animad—

394 4610 651 4667 versione
678 4612 959 4685 frangatur
988 4616 1238 4688 aspiciat,
1273 4632 1472 4690 eosque
1499 4617 1684 4673 aristis
1712 4618 2002 4689 pereunti-

394 4700 497 4756 bus
524 4717 850 4774 comparans
868 4704 1017 4760 dicat
1040 4724 1052 4761 :
1090 4705 1235 4761 Sicut
1257 4706 1525 4777 spicarum
1544 4706 1865 4761 summitates
1884 4724 2000 4762 con-

2106 1819 2364 1891 perdunt,
2420 1822 2513 1893 qui
2568 1821 2750 1879 adhuc
2806 1824 3073 1881 fallaciter
3125 1828 3343 1886 vivunt.
3394 1830 3488 1887 Ait
3542 1847 3697 1902 ergo:

2109 1910 2259 1978 Quod
2287 1910 2334 1965 si
2360 1910 2436 1965 ita
2464 1928 2570 1965 non
2598 1919 2692 1979 est,
2716 1913 2833 1983 quis
2860 1932 2940 1970 me
2961 1917 3159 1987 poterit
3174 1934 3398 1989 arguere
3418 1937 3523 1977 esse
3549 1938 3704 1976 men-

2108 1999 2301 2055 titum?
2328 2000 2411 2056 Ac
2440 2000 2485 2054 si
2515 2009 2697 2072 aperte
2723 2002 2901 2059 dicat:
2948 2004 3027 2060 Ita
3076 2013 3205 2062 sunt
3250 2016 3448 2065 cuncta
3476 2018 3537 2066 ut
3566 2027 3703 2082 pro-

2105 2088 2232 2156 tuli,
2260 2104 2379 2162 quae
2399 2096 2584 2145 tamen
2611 2090 2656 2147 si
2688 2092 2764 2148 ita
2779 2109 2890 2149 non
2910 2102 3110 2164 essent,
3124 2112 3156 2152 a
3170 2095 3327 2155 vobis
3342 2097 3593 2172 redargui
3613 2115 3705 2155 ne-

2106 2196 2379 2253 quaquam
2411 2197 2645 2253 possem,
2672 2184 2801 2256 quia
2824 2185 2956 2241 dum
2984 2186 3166 2244 adhuc
3194 2188 3427 2265 propria)
3453 2208 3703 2249 succum-

2105 2270 2258 2338 bitis,
2289 2271 2523 2327 alienam
2553 2272 2947 2345 reprehendere
2974 2276 3247 2336 fallaciam
3276 2297 3389 2337 non
3417 2283 3631 2338 valetis.

2182 2360 2265 2416 15.
2296 2361 2512 2417 Iudicia
2557 2370 2742 2419 nostra
2792 2383 2970 2422 coram
3017 2386 3259 2440 supremo
3294 2370 3475 2438 judice
3495 2372 3707 2442 ponde-

2104 2451 2301 2507 randa.
2329 2481 2400 2491 —
2428 2451 2533 2508 Ubi
2554 2458 2608 2505 et
2621 2460 2743 2524 apte
2761 2454 3017 2511 subditur
3042 2474 3053 2511 :
3089 2459 3163 2513 Et
3174 2475 3369 2528 ponere
3393 2466 3513 2515 ante
3537 2461 3705 2516 Deum

2106 2541 2262 2597 verba
2304 2558 2437 2596 mea.
2479 2541 2737 2615 Quisquis
2764 2544 2911 2600 enim
2942 2547 2963 2582 ⁶
2993 2545 3139 2603 dicta
3183 2547 3398 2605 fallacia
3440 2550 3706 2607 veraciter

2108 2630 2482 2703 reprehendit,
2499 2630 2687 2688 audita
2706 2630 2972 2705 cogitans,
2994 2644 3154 2709 atque
3174 2635 3293 2694 haec
3314 2654 3384 2695 ex
3412 2640 3597 2712 regula
3616 2656 3704 2696 ve-

2109 2729 2289 2786 ritatis
2318 2747 2573 2803 pensans,
2620 2732 2791 2789 verba
2825 2742 2952 2791 ante
2979 2736 3153 2792 Deum
3182 2736 3369 2810 ponit:
3403 2740 3532 2813 quia
3561 2736 3700 2793 541

2108 2820 2254 2893 apud
2282 2837 2338 2877 se
2371 2821 2429 2877 in
2458 2830 2755 2895 conspectu
2784 2825 3042 2909 \veritatis
3068 2828 3369 2898 examinat,
3401 2829 3533 2904 quid
3571 2829 3706 2886 foris

2108 2917 2300 2965 contra
2326 2909 2596 2966 fallaciam
2630 2910 2904 2970 decernat.
2938 2917 3081 2971 Ante
3108 2917 3282 2973 Deum
3312 2918 3514 2991 quippe
3540 2918 3709 2976 verba

2108 3013 2310 3069 ponere
2338 3007 2420 3055 est
2447 2999 2790 3057 considerato
2819 3001 3017 3058 intimo
3031 3002 3240 3075 judice,
3269 3006 3543 3063 exteriora
3561 3007 3709 3064 dicta
3796 3010 3807 3017 ”

2030 3095 2076 3161 α
2109 3101 2354 3158 pensare.
2401 3086 2503 3143 Vir
2549 3087 2720 3161 igitur
2763 3098 2985 3147 sanctus
3012 3091 3080 3147 ab
3108 3092 3302 3149 amicis
3330 3093 3707 3166 superbienti-

2108 3174 2213 3232 bus
2259 3175 2425 3232 verba
2469 3194 2568 3234 sua
2595 3187 2721 3234 ante
2756 3181 2930 3236 Deum
2960 3181 3091 3254 poni
3124 3198 3281 3254 posse
3309 3198 3422 3239 non
3452 3183 3704 3240 aestimat.

2110 3266 2191 3320 Ac
2218 3265 2264 3320 si
2292 3274 2476 3337 aperte
2503 3265 2679 3324 dicat:
2731 3268 2941 3326 Idcirco
2981 3287 3101 3344 qua:
3131 3272 3327 3345 loquor
3354 3289 3555 3343 ponere
3584 3279 3709 3329 ante
3798 3270 3809 3334 ί

2104 3353 2349 3426 judicem
2380 3371 2489 3410 non
2520 3356 2738 3426 valetis,
2773 3359 2903 3432 quia
2926 3358 3044 3431 ejus
3074 3359 3231 3417 vobis
3260 3361 3456 3419 faciem
3487 3378 3709 3434 peccan-

2109 3452 2192 3503 tes
2236 3446 2594 3504 absconditis.
2624 3448 2783 3516 Quod
2811 3458 2992 3507 tamen
3017 3459 3071 3507 et
3099 3467 3168 3507 ex
3204 3459 3339 3525 typo
3368 3460 3567 3509 sanctae
3596 3453 3710 3509 Ec-

2110 3534 2288 3591 clesia:
2320 3535 2397 3592 nil
2427 3536 2607 3592 obstat
2638 3538 2897 3611 intelligi,
2933 3557 3054 3613 quas
3081 3557 3207 3597 cum
3238 3540 3304 3596 de
3331 3540 3571 3597 inﬁrmis
3597 3541 3712 3597 suis

2110 3624 2178 3680 ab
2207 3625 2593 3683 haereticorum
2622 3627 2880 3685 irrisione
2911 3629 3353 3702 reprehenditur,
3384 3630 3557 3703 ipsam
3588 3631 3708 3687 irri-

2111 3715 2283 3771 sionis
2311 3732 2502 3772 eorum
2532 3719 2787 3773 astutiam
2826 3719 3172 3792 dedignatur,
3213 3720 3343 3794 quia
3370 3721 3713 3778 tolerabilius

2109 3809 2224 3863 Deo
2251 3816 2333 3862 est
2360 3816 2423 3862 ut
2453 3808 2511 3863 in
2540 3796 2863 3865 inﬁrmitate
2902 3811 3026 3882 quis
3055 3818 3218 3882 atque
3247 3812 3559 3881 ignorantia
3583 3829 3711 3866 cum

2110 3895 2426 3952 humilitate
2463 3895 2662 3967 jaceat,
2693 3913 2857 3969 quam
2887 3914 3013 3951 cum
3043 3898 3279 3952 elatione
3316 3898 3429 3952 alta
3461 3914 3713 3969 compre-

2111 3986 2335 4043 hendat.
2374 3985 2480 4043 Sed
2510 3986 2637 4060 quia
2666 3993 2889 4043 sanctus
2914 3986 3006 4041 vir
3035 3986 3210 4042 multa
3238 3993 3428 4043 contra
3454 4002 3546 4043 eos
3576 4004 3713 4060 pro-

2110 4076 2241 4132 tulit
2269 4076 2363 4149 qui
2392 4076 2629 4149 fugitiva
2666 4083 2932 4150 potestate
2980 4075 3327 4149 superbiunt,
3371 4084 3427 4132 et
3471 4075 3713 4132 ventosis

2111 4164 2417 4222 honoribus
2443 4166 2821 4223 intumescunt
2847 4165 3056 4222 Baldad
3084 4165 3304 4222 Suhites
3337 4180 3407 4220 ex
3436 4163 3556 4237 ejus
3581 4181 3715 4220 cor-

2111 4255 2359 4327 reptione
2416 4257 2731 4328 proﬁciens,
2774 4255 2921 4329 apud
2972 4272 3135 4330 quem
3179 4270 3308 4309 vera
3356 4253 3429 4310 sit
3471 4254 3715 4329 potentia

2109 4346 2378 4419 agnoscit,
2411 4346 2601 4402 dicens
2621 4364 2633 4401 :

2362 4450 2590 4508 CAPUT
2629 4451 2735 4507 xu
2775 4450 2915 4525 [Vet.
2955 4452 3077 4518 VII,
3113 4454 3232 4510 Rec.
3272 4450 3450 4528 VIII].

2182 4559 2313 4616 CAP.
2346 4576 2485 4630 xxv,
2514 4561 2685 4618 Vsus.
2718 4563 2751 4619 2
2778 4592 2850 4605 —
2875 4563 3114 4619 Potestas
3149 4571 3198 4619 et
3228 4571 3403 4619 terror
3428 4565 3574 4637 apud
3601 4581 3718 4620 eum

2109 4654 2203 4714 est,
2230 4649 2323 4719 qui
2351 4648 2487 4718 facit
2509 4651 2845 4707 concordiam
2880 4652 2941 4706 in
2970 4652 3281 4709 sublimibus
3305 4653 3439 4709 suis.

2181 4738 2267 4793 16.
2300 4738 2442 4794 Deus
2471 4741 2616 4794 solus
2639 4747 2824 4812 potens
2848 4747 2897 4797 et
2925 4743 3251 4798 metuendus.
3281 4772 3352 4784 -—
3380 4743 3461 4799 Ac
3492 4742 3539 4798 si
3565 4759 3715 4814 aper-

400 4792 810 4901 tc‘renturzquia
837 4793 1103 4901 qimirum
1128 4794 1378 4894 rigiditas
1396 4794 1757 4901 superborum
1788 4795 1997 4852 ῐΐίῐιιτεθ
2106 4832 2160 4881 te
2388 4792 2559 4885 Solus
2764 4792 3715 4901 mortaliumveraciter-temetjrqui

399 4877 606 4935 ultimae
646 4879 974 4939 fortitudine
1012 4883 1305 4956 frangitur,
1349 4900 1469 4957 quae
1517 4900 1668 4941 nunc
1696 4885 1997 4941 electorum

396 4966 570 5024 vitam
596 4968 905 5043 despiciens
936 4973 1203 5029 elevatur.
1236 4973 1525 5046 Sequitur:

827 5097 1056 5156 CAPUT
1093 5100 1192 5156 x1.
1226 5099 1370 5174 [Rea
1411 5099 1561 5174 VII].

467 5183 640 5240 Vnus.
671 5186 764 5243 25.
796 5215 868 5229 —
898 5188 1050 5256 Quod
1075 5190 1122 5244 si
1148 5206 1256 5245 non
1292 5196 1368 5246 est
1392 5190 1491 5257 ita,
1519 5191 1641 5262 quis
1667 5209 1746 5248 me
1773 5209 1996 5264 arguere

470 5329 489 5405 ξ
519 5328 722 5405 lfiorm._
741 5339 795 5386 et
810 5332 937 5405 alii,
964 5334 1267 5405 proﬁciunt.

469 5398 490 5478 ξ
523 5399 549 5454 1
578 5400 889 5478 Laud.,__ille
916 5398 1252 5478 se-bouorum
1279 5405 1439 5478 factis
1469 5409 1707 5461 ostendit.
1738 5407 1999 5477 Vindoc.,

386 5470 486 5550 illi
507 5471 877 5550 {liberioribus
910 5482 1188 5550 osteuumt.
1217 5470 1417 5550 _Gilot.,
1448 5479 1568 5533 hon.
1604 5478 1856 5550 fascibus.

464 5542 487 5619 ἦ
515 5541 757 5619 Yindoc.
766 5588 783 5614 ,
808 5548 1082 5619 purgabit.
1216 5548 1226 5556 ’

470 5613 488 5647 ⁵
516 5612 903 5693 Τω-ᾳῐιηὼιο
921 5612 1115 5693 Laud.
1139 5626 1215 5693 et
1256 5637 1391 5693 pene
1430 5639 1620 5679 omnes
1662 5622 1737 5679 ita
1776 5621 2001 5679 habent.

387 5683 767 5761 Consentium
795 5696 905 5747 vet.
941 5691 1172 5763 Excusi,
1216 5683 1616 5773 recentioribus
1652 5693 2006 5765 habentibus,

2105 4931 2173 4971 ex
2205 4916 2516 4976 divinitatis
2557 4935 2669 4978 suae
2712 4923 2960 4993 potentia
3004 4922 3275 4979 veraciter
3302 4920 3420 4976 haec
3449 4917 3713 4993 possidet.

2106 5005 2360 5062 Humana
2414 5009 2563 5066 enim
2633 5012 2877 5083 potentia
2945 5027 3107 5084 quem
3162 5018 3426 5066 terrorem
3484 5007 3716 5075 incutit,

2102 5106 2228 5163 Quae
2267 5097 2392 5170 jure
2438 5099 2684 5173 ejusdem
2723 5101 2983 5174 potentiae
3014 5098 3235 5173 quando
3290 5105 3473 5155 careat
3500 5100 3719 5157 nescit?

2107 5187 2272 5243 Recte
2302 5196 2486 5245 autem
2515 5188 2756 5246 dicitur:
2791 5190 2895 5258 Qui
2912 5186 3395 5258 facitcoucordiam
3409 5187 3470 5243 in
3482 5189 3717 5247 sublimi-

2109 5315 2163 5368 i-n
2191 5314 2388 5369 horrea
2415 5330 2535 5370 sua.

2182 5404 2203 5438 ⁸
2234 5402 2511 5470 Laudun.,
2542 5402 2761 5458 Ebroic.
2796 5410 2849 5458 et
2877 5401 2994 5471 alii,
3023 5401 3072 5457 si
3090 5402 3168 5458 ita
3195 5420 3299 5459 non
3320 5410 3413 5472 est,
3444 5404 3720 5460 mentitum

2116 5491 2198 5529 me
2223 5490 2448 5543 arguere
2483 5473 2600 5543 quis
2626 5476 2841 5543 potest?

2187 5546 2209 5581 ⁶
2240 5544 2266 5600 1
2298 5544 2495 5617 Laud,
2521 5544 2668 5617 dicta
2693 5544 2930 5617 fallaciae
2964 5564 2977 5576 υ
3019 5545 3131 5605 duo
3168 5547 3390 5608 Ebroic.
3423 5554 3478 5606 et
3505 5547 3717 5617 Germ,

2114 5617 2312 5676 dictam
2340 5615 2639 5690 fallaciam.
2695 5615 2714 5657 νς
