4172 6184
485 346 551 402 19
1692 339 1944 396 SANCTI
1981 339 2320 399 GREGORII
2357 339 2586 399 MAGNI
3711 349 3782 405 20

483 471 577 525 bus
604 465 736 534 suis,
767 465 896 541 quia
940 465 1114 523 multa
1139 463 1360 522 sibimet
1390 465 1623 521 inferius
1665 463 1952 534 dissident,
1983 465 2080 523 sed
2107 468 2158 528 A
2191 465 2363 538 ditur,
2403 469 2719 527 Graecorum
2774 469 2878 526 sibi
2936 470 3192 543 princeps
3228 470 3324 526 adv
3336 471 3526 528 eniens
3553 481 3794 546 apparet.

481 561 550 618 ad
575 625 578 628 ,
604 560 928 620 concordem
960 572 1320 631 supernorum
1375 555 1778 630 plenitudinem
1811 564 2080 625 currunt;

481 658 535 706 et
568 666 636 706 ex
687 650 915 705 internae
961 646 1112 720 pacis
1157 662 1319 702 causa
1363 645 1564 718 agitur,
1605 653 1669 702 ut
1705 662 1846 719 saepe
1875 662 1938 702 ea
1964 662 2085 720 quae

481 747 610 796 sunt
637 736 879 794 exterius
907 735 1026 792 sine
1052 751 1182 808 pace
1204 734 1588 808 disponantur.
1618 737 1754 792 Nam
1776 735 1950 792 bonos
1969 753 2082 792 om-

481 829 734 902 nipotens
784 827 930 882 Deus
985 826 1054 882 ad
1106 825 1365 882 meritum
1415 826 1693 900 provehit,
1736 844 1864 884 cum
1893 834 2085 884 contra

479 933 669 973 eorum
697 916 868 970 vitam
895 915 1070 972 malos
1095 915 1288 971 saevire
1321 916 1612 989 permittit.
1648 915 1829 990 Atque
1853 917 1912 973 in
1941 933 2084 975 con-

479 1006 667 1064 cordia
695 1013 1104 1078 componuntur
1130 1023 1366 1076 summa,
1388 1007 1522 1063 dum
1553 1007 1974 1065 confunduntur
1999 1008 2082 1064 in-

479 1097 629 1163 ﬁma,
658 1095 788 1168 quia
829 1094 958 1150 inde
1003 1094 1060 1150 in
1105 1094 1420 1152 cmlestibus
1467 1095 1669 1152 electos
1695 1112 1825 1152 suos
1851 1097 2084 1170 angelo-

479 1203 601 1243 rum
632 1185 816 1242 choris
849 1183 1040 1254 sociat,
1072 1184 1219 1241 unde
1246 1184 1304 1240 in
1333 1185 1568 1242 terrenis
1597 1192 1650 1241 et
1690 1184 1900 1242 inﬁmis
1933 1187 1950 1221 ¹
1987 1203 2086 1244 re-

479 1271 775 1347 proborum
803 1288 981 1327 mores
1009 1270 1124 1327 suis
1156 1271 1384 1328 nutibus
1411 1271 1763 1328 adversantes
1787 1281 1988 1346 portat.

552 1358 635 1420 17.
700 1363 804 1432 Qui
835 1364 1009 1436 angeli
1045 1380 1242 1420 summe
1265 1365 1543 1419 concordes
1575 1365 1711 1420 inter
1739 1383 1792 1421 se
1812 1367 2085 1440 conﬂigere

477 1454 745 1510 dicantur.
776 1483 847 1496 --
877 1451 981 1509 Sed
1011 1452 1156 1508 inter
1179 1453 1298 1510 haec
1332 1453 1467 1510 libet
1497 1454 1775 1528 inquirere
1800 1455 1846 1512 si
1879 1473 1986 1529 pax
2023 1456 2082 1512 in

477 1542 810 1600 sublimibus
843 1559 1060 1599 summa
1087 1542 1375 1612 retinetur,
1407 1543 1541 1618 quid
1569 1552 1650 1600 est
1677 1544 1826 1619 quod
1853 1562 1948 1618 per
1975 1562 2084 1602 au-

480 1633 661 1705 gelum
711 1631 928 1689 Danieli
977 1632 1224 1690 dicitur:
1277 1635 1390 1705 Ego
1436 1635 1553 1688 veni
1575 1641 1797 1708 propter
1824 1653 2084 1692 sermones

481 1729 627 1778 tuos:
651 1722 898 1796 princeps
922 1729 1097 1778 autem
1125 1722 1271 1795 regni
1294 1724 1585 1780 Persarum
1613 1725 1806 1780 restitit
1832 1725 1962 1781 mihi
1993 1725 2086 1780 vi-

2197 559 2313 628 Qua
2347 577 2418 616 ex
2446 576 2504 617 re
2530 558 2788 617 innuitur
2815 558 2962 634 quod
3002 559 3294 616 adversum
3334 559 3554 618 Graecos
3582 579 3800 637 quoque

2196 649 2412 722 aliquid
2459 649 2648 706 Iudaea
2681 648 3052 718 commiserat,
3084 666 3318 723 quorum
3350 650 3602 722 profecto
3636 669 3802 710 causa

2196 739 2467 813 ereptioni
2525 739 2681 796 illius
2729 737 3035 795 resistebat.
3085 739 3371 812 Propheta
3415 739 3586 812 igitur
3615 757 3801 813 preces

2197 830 2422 902 angelus
2444 829 2691 898 exaudit,
2711 829 2807 885 sed
2835 829 3120 886 Persarum
3141 827 3397 902 princeps
3419 829 3646 899 resistit,
3669 831 3802 904 quia

2197 919 2300 976 etsi
2322 918 2438 992 jam
2467 918 2584 974 vita
2591 917 2730 991 justi
2750 917 3096 991 deprecantis
3115 918 3454 992 ereptionem
3474 921 3665 994 populi
3684 921 3800 978 exi-

2198 1007 2298 1080 git,
2327 1007 2573 1080 ejusdem
2602 1015 2787 1066 tamen
2817 1007 3008 1082 populi
3027 1007 3211 1065 adhuc
3231 1007 3348 1064 vita
3365 1009 3717 1079 contradicit,
3737 1019 3806 1089 ut

2197 1096 2329 1170 quia
2369 1097 2605 1154 necdum
2652 1097 2713 1153 hi
2755 1097 2850 1171 qui
2881 1097 2939 1153 in
2967 1097 3349 1170 captivitatem
3395 1091 3614 1155 fuerant
3645 1098 3798 1156 ducti

2195 1187 2355 1258 plene
2383 1186 2598 1258 purgati
2619 1193 2769 1254 sunt,
2781 1185 2907 1258 jure
2926 1185 3006 1242 eis
3025 1186 3207 1244 adhuc
3221 1187 3396 1244 Persas
3417 1188 3796 1246 dominentur.

2194 1275 2428 1332 Michael
2457 1274 2703 1348 adjuvat,
2734 1276 2830 1332 sed
2849 1276 3164 1334 Graecorum
3185 1277 3442 1350 princeps
3461 1277 3530 1333 ad
3544 1278 3797 1350 prmlium

2195 1363 2370 1433 venit,
2401 1364 2531 1439 quia
2560 1365 2757 1422 mereri
2787 1365 3011 1438 quidem
3031 1365 3250 1422 veniam
3269 1373 3380 1423 tam
3401 1368 3564 1439 longa
3579 1382 3798 1440 oppres-

2195 1472 2381 1512 sorum
2410 1455 2702 1528 captivitas
2729 1465 2962 1530 poterat,
2983 1458 3078 1514 sed
3099 1457 3396 1532 ereptionis
3415 1475 3604 1515 eorum
3623 1458 3800 1514 bene-

2195 1543 2324 1601 ﬁcio
2352 1544 2458 1602 hoc
2486 1561 2701 1619 quoque
2733 1545 2879 1618 quod
2906 1546 2964 1602 in
2989 1547 3206 1605 Graecos
3235 1545 3580 1620 deliquerant
3598 1545 3800 1603 obvia-

2194 1633 2308 1691 bat.
2332 1635 2496 1691 Recte
2511 1651 2639 1708 ergo
2659 1633 2867 1692 dicitur
2886 1636 3036 1710 quod
3054 1644 3246 1693 contra
3265 1653 3322 1694 se
3339 1635 3522 1710 angeli
3542 1637 3797 1705 veniunt,

2197 1723 2325 1797 quia
2339 1723 2458 1796 subj
2465 1733 2709 1781 ectarum
2727 1724 2832 1780 sibi
2849 1725 3095 1798 gentium
3110 1726 3359 1784 vicissim
3377 1725 3572 1783 merita
3585 1733 3796 1783 contra-

477 1811 610 1883 ginti
631 1818 680 1866 et
707 1828 812 1866 uno
839 1811 1055 1876 diebus;
1079 1818 1130 1868 et
1155 1829 1262 1867 ecce
1296 1812 1543 1878 Michael,
1575 1829 1712 1868 unus
1742 1813 1804 1868 de
1825 1814 2083 1886 principi-
2115 1837 2160 1898 Β
2195 1813 2407 1870 dicunt.
2474 1815 2612 1870 Nam
2680 1814 2946 1870 sublimes
2999 1815 3230 1888 spiritus
3283 1817 3487 1873 eisdem
3541 1816 3800 1890 gentibus

481 1901 576 1955 bus
615 1899 831 1972 primis,
887 1900 1026 1955 venit
1055 1901 1114 1955 in
1153 1900 1486 1971 adjutorium
1511 1901 1642 1957 mihi
1673 1901 1840 1975 (Dan.
1872 1919 1932 1972 x,
1966 1902 2082 1976 13).

480 1989 551 2046 Et
579 1989 742 2062 paulo
774 1995 925 2062 post:
965 1990 1119 2046 Nunc
1147 1997 1392 2047 revertar
1420 1998 1478 2046 ut
1499 1992 1722 2064 prwlier
1751 1993 2032 2048 adversum
2063 1993 2084 2028 ³

476 2079 773 2152 principem
805 2080 1114 2136 Persarum.
1153 2079 1284 2136 Cum
1317 2081 1456 2136 enim
1505 2082 1798 2153 egrederer,
1827 2082 2089 2155 apparuit

475 2168 722 2241 princeps
749 2169 1052 2224 Graecorum
1067 2170 1348 2226 adveniens
1373 2170 1564 2243 (Ibid,
1589 2171 1707 2244 20).
1729 2171 1878 2240 Quos
1900 2172 2084 2244 itaque

481 2258 618 2314 alios
663 2258 940 2332 principes
979 2260 1247 2332 gentium,
1295 2260 1404 2316 nisi
1443 2262 1664 2334 angelos
1701 2263 1959 2336 appellat,
1990 2261 2086 2336 qui

483 2347 586 2404 sibi
614 2348 861 2404 resistere
890 2350 1114 2405 exeunti
1144 2349 1453 2422 potuissent
1471 2353 1498 2408 Τ
1527 2352 1658 2420 Quae
1685 2369 1814 2426 ergo
1842 2370 1958 2410 esse
1979 2369 2088 2426 pax

483 2436 539 2493 in
571 2435 901 2493 sublimibus
929 2446 1124 2508 potest,
1155 2440 1202 2494 si
1232 2440 1377 2494 inter
1405 2441 1552 2511 ipsos
1574 2458 1791 2513 quoque
1813 2441 2090 2513 angelicos

482 2527 711 2600 spiritus
739 2527 1024 2600 praeiiandi
1050 2536 1325 2585 certamen
1352 2530 1556 2601 agitur,
1597 2531 1691 2604 qui
1718 2547 1934 2604 semper
1961 2549 2088 2588 con-

483 2615 692 2689 spectui
725 2616 973 2672 veritatis
991 2616 1303 2674 assistunt?
1331 2618 1436 2674 Sed
1457 2619 1585 2692 quia
1605 2628 1750 2676 certa
1770 2623 2089 2693 angelorum

485 2705 794 2761 ministeria
823 2705 1205 2776 dispensandis
1232 2706 1466 2778 singulis
1492 2708 1802 2782 quibusque
1833 2711 2092 2783 gentibus

483 2803 614 2849 sunt
654 2795 901 2866 prmlata,
940 2810 1066 2850 cum
1097 2792 1470 2866 subjectorum
1502 2814 1683 2854 mores
1711 2799 2006 2856 adversum
2035 2817 2092 2856 se

486 2883 730 2938 \icissim
788 2883 1206 2957 prmpositorum
1265 2885 1562 2958 spirituum
1599 2904 1756 2960 opem
1789 2897 2090 2959 merentur,

490 2971 593 3044 ipsi
625 2972 717 3045 qui
748 2981 991 3046 praesunt
1012 2973 1241 3046 spiritus
1259 2983 1450 3032 contra
1465 2993 1521 3033 se
1543 2977 1732 3034 venire
1754 2978 2090 3034 referuntur.

489 3063 540 3117 Is
593 3077 830 3136 namque
858 3063 1084 3134 angelus
1112 3063 1208 3136 qui
1238 3064 1452 3121 Danieli
1501 3066 1832 3141 loquebatur
1859 3067 2096 3141 captivis

489 3151 770 3207 Israelitici
795 3152 980 3224 populi
1003 3151 1060 3207 in
1081 3152 1302 3209 Perside
1324 3154 1640 3211 constitutis
1662 3157 1918 3228 praelatus
1933 3173 2092 3230 agno-

487 3241 678 3296 scitur.
704 3240 936 3298 Michael
966 3248 1151 3297 autem
1183 3231 1373 3298 eorum
1403 3243 1499 3315 qui
1526 3260 1596 3300 ex
1625 3245 1814 3301 eadem
1846 3246 2004 3319 plebe
2037 3246 2097 3304 in

487 3329 686 3390 ludam
716 3337 860 3386 terra
889 3339 1264 3388 remanserant
1293 3333 1620 3405 praepositus
1649 3334 1955 3392 invenitur.
1991 3337 2099 3394 Un-

487 3418 554 3476 de
569 3427 622 3477 et
647 3419 715 3476 ab
739 3419 846 3477 hoc
871 3421 1061 3478 eodem
1086 3421 1280 3494 angelo
1301 3422 1464 3494 paulo
1485 3431 1608 3495 post
1626 3424 1846 3481 Danieli
1863 3425 2095 3483 dicitur:

487 3507 648 3564 Nemo
688 3514 764 3563 est
814 3508 1032 3579 adjulor
1067 3526 1211 3564 meus
1237 3509 1295 3565 in
1323 3511 1562 3566 omnibus
1599 3512 1702 3578 his,
1733 3513 1842 3568 nisi
1875 3514 2101 3572 Michael

483 3599 726 3670 princeps
749 3605 916 3654 vester
945 3599 1132 3672 (Ibid,
1162 3598 1277 3670 2t).
1307 3600 1386 3656 De
1412 3615 1522 3673 quo
1547 3608 1602 3657 et
1627 3601 1754 3671 hoc,
1783 3602 1930 3677 quod
1965 3619 2098 3676 prae-

488 3687 760 3755 misimus,
786 3685 949 3743 dicit:
985 3689 1057 3745 Et
1085 3705 1191 3744 ecce
1221 3688 1468 3755 Michael,
1501 3705 1637 3745 unus
1668 3691 1730 3746 de
1759 3691 2099 3763 principibus

484 3775 699 3850 primis,
731 3776 869 3832 venit
887 3776 944 3832 in
971 3777 1300 3848 adiutorium
1321 3779 1455 3836 mihi
1481 3779 1672 3853 (Ibid.,
1695 3780 1808 3854 13).
1833 3781 1939 3850 Qui
1960 3781 2093 3838 dum

490 3879 833 3940 nequaquam
859 3866 1024 3924 simul
1055 3884 1194 3937 esse,
1224 3868 1320 3925 sed
1340 3868 1530 3926 venire
1561 3869 1619 3926 in
1649 3869 1984 3944 adjutorium
2016 3871 2098 3929 di-

489 3963 654 4032 citur,
696 3961 840 4019 542
883 3973 1066 4037 aperte
1114 3964 1164 4021 ei
1211 3968 1416 4040 populo
1457 3969 1715 4041 praelatus
1756 3970 2095 4042 agnoscitur,

491 4054 588 4129 qui
623 4055 876 4127 captivus
924 4055 980 4110 in
1025 4055 1132 4111 alia
1163 4065 1314 4128 parte
1341 4059 1646 4114 tenebatur.
1684 4059 1829 4126 Quid
1857 4067 1942 4115 est
1969 4076 2096 4133 ergo

491 4145 744 4218 angelum
768 4145 948 4202 dicere
969 4163 980 4202 :
1000 4148 1114 4219 Ego
1135 4148 1252 4203 veni
1264 4155 1486 4220 propter
1503 4165 1763 4204 sermones
1786 4155 1921 4214 tuos,
1941 4150 2094 4222 prin-

491 4253 605 4307 ceps
636 4241 809 4290 aute-m
843 4234 993 4306 regni
1043 4237 1333 4293 Persarum
1382 4237 1574 4293 restitit
1600 4237 1730 4293 mihi
1761 4238 1950 4310 (Ibid.,
1977 4239 2092 4314 13),

493 4322 597 4379 nisi
653 4339 751 4379 sua
807 4323 1044 4380 subditis
1095 4341 1259 4397 opera
1310 4326 1567 4382 nuntiare
1595 4326 1624 4382 ?
1678 4327 1760 4382 Ac
1811 4326 1858 4383 si
1910 4335 2093 4400 aperte

493 4411 669 4468 dicat:
701 4411 930 4468 Precum
960 4413 1184 4486 quidem
1211 4421 1431 4470 tuarum
1461 4415 1657 4470 merita
1685 4415 1916 4488 exigunt
1933 4424 1996 4472 ut
2019 4417 2091 4473 Is-

492 4500 772 4557 raeliticus
799 4502 1033 4576 populus
1061 4519 1092 4558 a
1115 4501 1252 4576 jugo
1277 4520 1389 4559 sua;
1421 4505 1442 4539 ³
1473 4503 1810 4576 captivitatis
1833 4512 2090 4576 exuatur,

492 4587 586 4644 sed
615 4595 696 4644 est
718 4588 899 4646 adhuc
922 4588 1070 4662 quod
1093 4589 1152 4645 in
1179 4589 1373 4647 eodem
1393 4593 1597 4664 populo
1615 4591 1900 4650 Persarum
1917 4593 2092 4650 domi-

494 4676 588 4731 nio
617 4677 836 4749 purgari
866 4678 1082 4748 debeat,
1101 4680 1123 4715 ‘
1153 4686 1216 4735 ut
1237 4678 1306 4734 de
1331 4679 1612 4752 ereptione
1633 4680 1786 4738 illius
1810 4682 2097 4739 Persarum

494 4765 750 4839 princeps
778 4767 920 4823 mihi
940 4769 961 4803 ⁸
981 4767 1106 4840 jure
1121 4768 1482 4838 contradicat,
1504 4770 1760 4843 quamvis
1775 4787 1962 4844 preces
1978 4779 2102 4831 tuas

493 4872 682 4912 eorum
712 4873 930 4932 quoque
956 4859 1214 4932 lacrymaa
1237 4859 1332 4932 qui
1359 4858 1418 4914 in
1441 4859 1631 4916 Judma
1652 4859 1834 4918 relicti
1861 4869 1992 4918 sunt
2008 4862 2100 4919 ad-

485 4943 703 5017 juvent.
737 4947 892 5004 Unde
921 4947 1027 5006 hoc
1053 4965 1272 5022 quoque
1313 4949 1462 5023 quod
1499 4949 1748 5007 diximus
1783 4950 2094 5026 subjungit:

491 5034 718 5092 Michael
731 5035 978 5110 princeps
996 5044 1163 5094 vester
1177 5037 1314 5093 venit
1333 5039 1390 5094 in
1408 5037 1744 5110 adjutorium
1761 5039 1911 5096 mihi.
1935 5039 2098 5099 Cum-

495 5138 600 5196 que
629 5131 692 5180 ut
719 5123 982 5184 adversus
1008 5125 1315 5201 principem
1347 5127 1633 5184 Persarum
1653 5128 1936 5202 praelietur
1953 5145 2100 5202 egre-

567 5322 585 5358 ¹
619 5319 843 5377 Recent.
897 5321 1027 5391 Ed.,
1074 5328 1288 5388 mentes,
1318 5321 1720 5382 reluctantibus
1743 5326 1873 5383 Mss.
1905 5332 1960 5381 et
1985 5333 2096 5382 vet.

496 5392 633 5472 Exc.
667 5391 836 5448 Paulo
866 5393 1012 5450 infra
1042 5394 1293 5466 legimus,
1323 5395 1676 5465 subjectorum
1701 5413 1938 5454 mores...
1961 5413 2098 5468 prae.

491 5469 764 5536 posit._sp.
788 5480 958 5536 opem.
996 5482 1127 5522 mer.

569 5533 590 5612 ξ
607 5533 899 5612 ξμὰιιᾱξρξ
913 5536 1004 5612 Bel
1015 5537 1186 5596 lovac.
1197 5581 1212 5607 ,
1229 5539 1483 5612 adversus
1491 5539 1788 5612 principem
1805 5544 2093 5594 terrarum.

567 5605 588 5680 ξ
619 5605 813 5680 βίη-ιιιἶ
847 5607 1116 5680 plerique,
1147 5605 1435 5670 servitutis.

569 5677 875 5754 f_Prate_ll.'_
894 5687 950 5736 et
997 5677 1108 5736 alii
1138 5681 1438 5754 Normuita
1465 5680 1688 5754 habent,
1719 5679 1866 5754 quod
1891 5679 2097 5754 melius

496 5746 718 5820 quidem
773 5749 974 5824 legitur
1027 5767 1214 5825 quam,
1243 5752 1380 5808 unde
1431 5746 1764 5824 emptio-Eueni,
1795 5759 1859 5809 ut
1890 5751 2098 5810 habent

2195 1901 2568 1975 principantes
2597 1919 2944 1976 nequaquam
2965 1922 3065 1978 pro
3081 1905 3285 1978 injuste
3313 1906 3600 1978 agentibus
3616 1907 3798 1964 decer-

2195 1997 2350 2059 tant;
2400 1989 2496 2048 sed
2542 2008 2732 2048 eorum
2762 1992 2905 2050 facta
2927 1992 3075 2065 juste
3097 1994 3412 2066 judicantes
3453 1993 3796 2051 examinant.

2195 2080 2443 2154 Cumque
2483 2079 2921 2156 uniuscujusque
2952 2081 3130 2155 gentis
3158 2085 3246 2140 vel
3277 2085 3440 2156 culpa
3466 2083 3554 2138 vel
3581 2082 3802 2155 justitia

2195 2169 2265 2226 ad
2292 2186 2543 2243 superna
2571 2170 2739 2227 curiae
2769 2169 3066 2228 consilium
3089 2171 3332 2241 ducitur,
3353 2169 3598 2243 ejusdem
3621 2170 3802 2242 gentis

2195 2260 2522 2334 praepositus
2551 2262 2638 2318 vel
2667 2260 2974 2318 obtinuisse
3005 2260 3064 2317 in
3092 2260 3414 2330 certamine,
3445 2261 3532 2316 vel
3564 2276 3676 2315 non
3706 2259 3798 2316 ob-

2194 2349 2426 2406 tinuisse
2481 2349 2818 2423 perhibetur.
2865 2351 3112 2420 Quorum
3159 2359 3344 2407 tamen
3391 2350 3644 2424 omnium
3691 2367 3802 2408 una

2197 2439 2430 2496 victoria
2471 2447 2553 2496 est
2583 2441 2670 2496 sui
2699 2457 2862 2513 super
2903 2457 2962 2498 se
3003 2440 3218 2514 opiﬁcis
3265 2441 3522 2496 voluntas
3561 2456 3800 2508 summa,

2199 2545 2363 2600 quam
2393 2528 2526 2584 dum
2555 2545 2768 2600 semper
2795 2529 3092 2602 aspiciunt,
3123 2529 3271 2603 quod
3299 2529 3546 2585 obtinere
3577 2545 3689 2585 non
3709 2544 3802 2582 va-

2199 2617 2315 2672 lent
2341 2633 2623 2690 nunquam
2656 2618 2872 2673 volunt.
2906 2619 3051 2674 Bene
3081 2635 3208 2690 ergo
3237 2617 3478 2675 dicitur:
3527 2619 3631 2686 Qui
3673 2617 3808 2688 facit

2199 2706 2534 2762 concordiam
2562 2707 2618 2761 in
2646 2707 2962 2762 sublimibus
2989 2709 3120 2764 suis.
3153 2709 3446 2782 Sequitur:

2646 2794 2874 2850 CAPUT
2903 2795 3036 2852 x111
3067 2795 3210 2868 [Rec.
3244 2795 3370 2868 IX].

2272 2883 2444 2941 Vsus.
2475 2883 2528 2939 3.
2559 2913 2630 2925 —
2656 2884 2913 2956 Nunquid
2939 2891 3013 2940 est
3040 2901 3290 2940 numerus
3317 2884 3547 2940 militum
3573 2884 3686 2954 ejus
3705 2887 3733 2940 i’

2277 2971 2362 3028 18.
2377 2973 2702 3045 Angelorum
2712 2989 2964 3028 numerus
2977 2973 3071 3028 etsi
3084 2973 3192 3028 Deo
3203 2973 3408 3045 ﬁnitus,
3423 2972 3716 3028 hominibus
3731 2979 3804 3028 est

2205 3061 2591 3133 inﬁnitus.—In
2602 3061 2917 3135 cognitione
2928 3061 3182 3117 humanae
3197 3061 3427 3117 rationis
3440 3078 3803 3134 supernorum

2149 3139 2189 3216 ξ)
2206 3150 2500 3223 spirituum
2531 3169 2794 3208 numerus
2821 3167 2932 3206 non
2953 3158 3056 3219 est,
3080 3150 3208 3224 quia
3227 3159 3432 3224 quanta
3459 3151 3532 3207 sit
3559 3151 3656 3208 illa
3683 3151 3804 3208 fre-

2159 3234 2170 3254 ⁴
2210 3240 2434 3314 quentia
2461 3239 2762 3298 invisibilis
2784 3243 2806 3276 ⁸
2822 3239 3096 3296 exercitus
3113 3241 3325 3307 nescit;
3357 3239 3425 3297 de
3453 3256 3566 3314 quo
3593 3257 3688 3314 per
3703 3243 3804 3298 Da-

2209 3329 2407 3385 nielem
2425 3328 2654 3386 dicitur:
2675 3329 2853 3388 Millia
2869 3329 3099 3386 millium
3112 3329 3487 3386 ministrabant
3498 3331 3565 3400 ei,
3581 3337 3628 3386 et
3645 3331 3806 3386 decies

2208 3418 2401 3474 millies
2436 3425 2647 3474 centena
2670 3417 2845 3474 millia
2871 3418 3184 3474 assistebant
3207 3417 3254 3474 ei
3285 3418 3522 3490 (Daniel,
3551 3437 3654 3488 vn,
3687 3420 3800 3492 10).

2208 3509 2580 3580 Supernorum
2609 3507 2818 3565 civium
2848 3523 3112 3564 numerus
3131 3510 3151 3544 ⁷
3183 3507 3434 3565 inﬁnitus
3463 3516 3518 3566 et
3545 3509 3806 3566 deﬁnitus

2208 3597 2560 3670 exprimitur,
2589 3606 2652 3654 ut
2679 3596 2776 3671 qui
2805 3598 2918 3654 Deo
2944 3603 3026 3653 est
3053 3596 3435 3665 numerabilis,
3465 3614 3580 3654 esse
3611 3599 3806 3656 homi—

2208 3687 2372 3744 nibus
2426 3687 2848 3744 innumerabilis
2889 3687 3312 3742 demonstretur.
3359 3687 3624 3755 Quamvis
3651 3689 3804 3746 aliud

2207 3784 2289 3833 est
2316 3778 2588 3846 assistere,
2634 3775 2789 3834 aliud
2831 3774 3163 3833 ministrare.
3205 3775 3487 3833 Assistunt
3515 3777 3662 3834 enim
3695 3777 3806 3834 illae

2207 3868 2394 3939 procul
2427 3866 2597 3923 dubio
2625 3873 2941 3940 potestates,
2971 3881 3092 3938 quae
3111 3865 3180 3922 ad
3201 3865 3452 3939 quaedam
3483 3867 3806 3926 hominibus

2207 3956 2511 4016 nuntianda
2539 3973 2650 4014 non
2678 3964 2903 4013 exeunt.
2935 3955 3248 4014 Ministrant
3277 3973 3409 4015 vero
3428 3957 3486 4014 hi
3508 3959 3602 4032 qui
3623 3959 3692 4014 ad
3712 3976 3804 4016 ex-

2205 4047 2404 4122 plenda
2432 4045 2613 4102 oﬂicia
2653 4045 2978 4102 nuntiorum
3024 4045 3280 4114 veniunt,
3327 4047 3423 4104 sed
3467 4055 3653 4104 tamen
3698 4047 3804 4120 ipsi

2204 4153 2422 4212 quoque
2449 4133 2914 4207 contemplatione
2943 4133 3011 4190 ab
3039 4132 3254 4190 intimis
3273 4151 3388 4192 non
3415 4136 3698 4192 recedunt.
3731 4136 3804 4192 Et

2202 4229 2332 4302 quia
2359 4228 2543 4302 plures
2571 4233 2701 4282 sunt
2729 4225 2823 4299 qui
2852 4225 3190 4294 ministrant,
3222 4243 3385 4300 quam
3407 4227 3467 4282 bi
3488 4227 3582 4300 qui
3603 4227 3806 4300 princi-

2201 4295 2399 4392 paliter
2425 4315 2709 4384 assistunt,
2744 4295 3127 4372 assistentium
3169 4295 3434 4373 numerus
3475 4295 3627 4388 quasi
3661 4315 3768 4372 deli
3820 4295 3843 4355 ‘-
3886 4325 3898 4338 '

2201 4408 2372 4477 nitus,
2405 4409 2426 4444 ⁸
2455 4405 2897 4463 ministrantium
2939 4421 3070 4462 vero
3117 4405 3440 4462 indefinitus
3481 4405 3795 4462 ostenditur

2274 4497 2412 4572 [Vet.
2449 4494 2630 4570 VIII.]
2663 4496 2750 4552 19.
2773 4496 2874 4552 Dei
2891 4495 3083 4551 milites
3111 4511 3209 4550 cur
3232 4495 3578 4551 dicantur.—
3596 4494 3794 4566 Angeli

2207 4605 2299 4645 cos
2319 4600 2450 4642 vero
2465 4585 2694 4658 spiritus
2709 4591 2856 4640 recte
2871 4583 2968 4640 Dei
2987 4583 3193 4640 milites
3208 4583 3470 4654 dicimus,
3489 4584 3618 4657 quia
3633 4583 3816 4640 decer'

2207 4685 2323 4734 tare
2351 4692 2443 4733 eos
2463 4683 2652 4732 contra
2671 4670 2966 4748 potestates
2985 4690 3168 4730 aereas
3188 4691 3298 4730 non
3322 4673 3659 4745 ignoramus.
3683 4671 3814 4740 Quae

2207 4775 2392 4824 tamen
2419 4765 2720 4824 certamina
2749 4782 2862 4821 non
2891 4765 3097 4831 labore,
3128 4763 3223 4819 sed
3260 4763 3494 4835 imperio
3523 4771 3813 4835 peragunt,

2209 4857 2338 4932 quia
2366 4855 2637 4932 quidquid
2665 4855 2876 4926 agendo
2905 4861 3094 4910 contra
3123 4852 3442 4909 immundos
3461 4851 3690 4924 spiritus
3708 4869 3816 4926 ap—

2209 4954 2424 5020 petunt,
2454 4962 2522 5001 ex
2551 4943 2827 5018 adjutorio
2854 4949 3054 5000 cuncta
3081 4940 3320 5014 regentis
3340 4947 3590 5014 possunt.
3613 4942 3692 4998 De
3713 4939 3816 4998 hac

2210 5061 2446 5119 namque
2474 5039 2621 5099 543
2649 5040 2871 5110 militia,
2888 5048 3144 5098 nascente
3165 5057 3289 5113 rege
3311 5049 3522 5110 nostro,
3543 5040 3812 5113 scriptum

2210 5143 2291 5192 est
2309 5153 2322 5191 :
2357 5134 2537 5192 Subito
2560 5132 2706 5204 facta
2733 5137 2808 5188 est
2835 5147 2953 5187 cum
2975 5131 3159 5203 angelo
3178 5131 3464 5188 multitudo
3481 5131 3689 5188 militiae
3705 5147 3815 5186 cce-

2205 5323 2359 5382 Editi
2388 5330 2590 5397 poster.

2277 5397 2298 5432 ⁶
2328 5393 2490 5453 Deest
2508 5394 2638 5464 jure
2665 5393 2724 5451 in
2757 5394 2783 5449 1
2817 5393 2993 5450 Laud.

2279 5470 2300 5502 ⁸
2332 5468 2356 5522 1
2391 5465 2588 5534 Laud.,
2613 5465 2842 5538 spiritus
2859 5465 3046 5538 nescit.

2277 5541 2296 5574 ⁷
2327 5539 2389 5609 lu
2422 5538 2447 5592 1
2481 5533 3032 5609 Laudisimpliciter,
3063 5533 3676 5609 inﬁnitusexprimitur.

2279 5610 2300 5644 ⁸
2329 5607 2420 5666 Sic
2446 5607 2623 5666 nostri
2663 5606 2818 5679 Mssf,
2848 5625 2961 5668 non
2990 5615 3052 5666 ut
3081 5606 3280 5682 legitur
3307 5606 3366 5664 in
3395 5606 3646 5680 Vulgat.,
3675 5609 3813 5683 inﬁ-

2204 5681 2368 5738 nitus.
