4172 6184
316 317 383 375 21
1092 309 1467 370 MOBALIUM
1503 309 1638 367 LIB.
1680 310 1856 369 XVII.
1896 340 1968 355 ——
2003 311 2077 369 IN
2113 309 2341 369 CAPUT
2381 312 2568 370 XXIV
2610 315 2672 371 B.
2714 316 2855 372 JOB.
3559 322 3645 381 22

325 441 474 500 testis
506 434 912 513 (Luc.,I3).Cui
932 441 1117 492 tamen
1146 434 1362 492 militiai
1382 436 1681 493 electorum
1707 450 1923 510 quoque
1957 438 2005 497 A
2034 435 2169 491 sicut
2197 437 2487 494 luminaria
2500 437 2557 493 in
2585 439 2782 494 mundo
2806 439 3073 512 (Philipp.
3101 459 3163 511 ιι,
3185 444 3296 517 15).
3329 444 3472 513 Quia
3489 446 3639 504 enim

324 532 623 590 hominum
649 544 917 587 numerus
947 524 1226 599 jungitur,
1242 525 1338 600 qui
1351 543 1447 599 per
1470 526 1707 584 sublime
1730 526 1932 584 mentis

325 620 689 688 desiderium,
719 635 751 674 a
777 626 1011 676 terrenae
1044 616 1483 673 conversationis
1506 616 1771 673 servitute
1801 617 1931 673 libe-

326 720 538 768 rantur.
569 712 648 767 De
678 707 882 782 quibus
906 722 1003 780 per
1042 706 1272 762 Paulum
1304 705 1509 762 dicitur
1544 725 1556 762 :
1595 707 1756 764 Nemo
1793 706 1931 761 mili-

323 809 445 859 tans
470 804 581 859 Deo
600 801 842 873 implicat
858 817 911 855 se
934 799 1153 870 negotiis
1181 797 1620 868 stecularibusUI
1635 795 1929 867 TimJIA).

323 893 431 963 Qui
460 893 595 949 licet
617 894 769 948 nunc
800 891 961 963 pauci
987 897 1305 962 appareant,
1336 888 1394 944 in
1420 887 1692 947 invisibili
1750 896 1935 946 tamen

322 980 504 1055 patria
518 978 955 1038 innumerabiles
966 977 1350 1050 regnant,quia
1368 977 1470 1033 etsi
1488 994 1557 1033 ex
1578 977 1935 1049 comparatio-

320 1086 396 1127 ne
424 1087 724 1143 pravorum
752 1069 915 1142 pauci
945 1075 1096 1137 sunt,
1126 1067 1185 1122 in
1215 1066 1657 1139 congregationis
1683 1084 1795 1123 suae
1816 1067 1937 1122 fre—

324 1157 558 1231 quentia
573 1157 757 1215 metiri
779 1170 1129 1231 nequaquam
1146 1164 1394 1228 possunt.
1419 1156 1559 1224 Quia
1572 1172 1701 1212 vero
1722 1172 1935 1213 eorum-

324 1246 457 1304 dem
480 1247 724 1303 militum
754 1247 935 1303 virtus
963 1262 1075 1302 non
1102 1245 1340 1318 propriis
1367 1245 1603 1314 viribus,
1627 1245 1721 1301 sed
1750 1261 1935 1317 super-

326 1353 414 1395 na:
446 1340 633 1410 gratia;
673 1339 951 1397 infusione
986 1338 1296 1407 roboratur,
1338 1344 1483 1394 recte
1532 1336 1886 1411 subjungitur
1921 1356 1932 1395 :

930 1447 1159 1505 CAPUT
1186 1447 1337 1504 XIV.

400 1544 544 1599 Iam.
582 1572 638 1583 —
670 1543 747 1598 Et
768 1558 929 1613 super
956 1558 1105 1613 quem
1137 1542 1152 1576 ¹
1185 1557 1291 1595 non
1327 1546 1505 1611 surget
1539 1540 1710 1594 lumen
1742 1540 1889 1596 illius
1910 1542 1937 1596 ?

400 1635 494 1692 20.
525 1634 646 1691 Non
696 1633 940 1705 propriis
993 1631 1215 1696 viribus,
1241 1632 1331 1686 sed
1382 1630 1572 1702 gratia:
1613 1630 1749 1686 dono
1776 1629 1939 1700 fortes

326 1731 476 1780 sunt.
509 1755 581 1766 —
610 1725 821 1780 Lumen
853 1722 1053 1796 quippe
1082 1720 1180 1777 Dei
1208 1728 1291 1776 est
1348 1720 1520 1792 gratia
1572 1720 1934 1793 praeveniens.

2040 535 2225 583 sancta
2265 526 2509 584 Ecclesia
2539 527 2685 584 lunae
2728 528 3094 601 appellatione
3136 534 3489 604 exprimitur,
3520 554 3648 610 pro-

2042 614 2207 687 pheta
2235 622 2483 685 testatur,
2515 615 2703 672 dicens
2735 634 2744 670 :
2771 618 3027 673 Eleuatus
3055 624 3131 672 est
3158 620 3258 688 sol,
3284 628 3331 675 et
3355 624 3481 678 luna
3508 626 3646 681 stetit

2040 704 2099 758 in
2126 703 2310 758 ordine
2335 721 2431 759 suo
2463 705 2684 774 (Habac.
2719 724 2803 775 in,
2838 706 2950 778 11).
2986 708 3214 764 Elevato
3243 709 3391 765 enim
3421 714 3558 782 sole,
3585 716 3644 771 in

2043 810 2141 849 sua
2169 791 2361 849 ordine
2392 794 2523 849 luna
2552 794 2832 864 statuitur,
2864 797 2994 870 quia
3026 798 3352 855 ascendente
3381 801 3449 856 ad
3480 805 3646 860 caelos

2044 884 2303 952 Domino,
2334 891 2519 940 sancta
2561 885 2815 957 protinus
2853 886 3099 943 Ecclesia
3143 888 3201 944 in
3231 889 3644 963 praedicationis

2044 976 2367 1032 auctoritate
2388 975 2695 1033 roboratur.
2728 977 2800 1032 Et
2820 976 2947 1051 quia
2974 979 3257 1035 stellarum
3290 978 3514 1035 nomine
3533 980 3645 1035 ele-

2045 1065 2120 1121 cti
2149 1066 2457 1138 signantur,
2489 1083 2708 1122 rursum
2737 1068 2940 1124 Paulus
2968 1068 3236 1139 insinuat,
3260 1069 3449 1125 dicens
3475 1086 3485 1124 :
3513 1070 3642 1127 Stel-

2049 1159 2103 1213 la
2130 1157 2265 1212 enim
2293 1175 2327 1212 a
2357 1159 2510 1213 stella
2554 1158 2734 1228 di/fcrt
2760 1159 2816 1213 in
2844 1160 3090 1216 claritate
3122 1160 3180 1234 (Ι
3234 1161 3360 1217 Cor.
3395 1178 3490 1229 xv,
3521 1161 3639 1232 41).

2049 1245 2189 1319 [νει.
2220 1243 2346 1318 ΙΧ.]
2378 1246 2533 1302 Luna
2575 1263 2702 1317 ergo
2750 1264 2861 1305 non
2909 1249 3179 1320 splendet,
3228 1257 3282 1305 et
3328 1250 3499 1305 stella:
3531 1266 3642 1306 non

2046 1343 2176 1392 sunt
2204 1334 2422 1391 mundae
2452 1335 2509 1392 in
2539 1344 2835 1407 conspectu
2865 1335 3003 1408 ejus,
3036 1338 3163 1411 quia
3194 1354 3295 1395 nec
3323 1346 3509 1395 sancta
3536 1339 3647 1395 Ec-

2046 1425 2212 1483 clesia
2240 1425 2445 1481 virtute
2475 1424 2694 1498 propria
2714 1432 2796 1481 tot
2820 1424 3104 1483 miraculis
3133 1428 3353 1499 emicat,
3378 1428 3483 1485 nisi
3502 1428 3645 1486 hanc

2046 1514 2432 1587 praevenientis
2461 1515 2800 1586 gratiaedona
2813 1516 3273 1587 perfundant,nec
3302 1517 3647 1591 singulorum

2047 1611 2195 1669 544
2235 1614 2374 1671 bene
2405 1613 2711 1670 viventium
2744 1624 2952 1671 mentes
2994 1632 3025 1670 a
3071 1624 3417 1687 peccatorum
3449 1634 3647 1675 macu-

2046 1705 2116 1763 lis
2146 1705 2363 1761 mundae
2393 1714 2542 1773 sunt,
2591 1706 2636 1762 si
2668 1712 2876 1760 remota
2906 1705 3104 1777 pietate
3129 1706 3470 1778 judicentur,
3520 1706 3650 1780 quia

327 1815 465 1882 Quae
494 1814 544 1870 si
572 1814 632 1869 in
669 1819 857 1869 nostro
879 1795 1044 1869 corde
1070 1826 1414 1886 nequaquam
1442 1811 1682 1885 gratuito
1713 1826 1936 1868 consur-

2052 1796 2191 1870 apud
2246 1795 2481 1852 districti
2532 1795 2738 1868 judicis
2784 1795 2994 1864 oculos,
3050 1813 3148 1853 sua
3201 1812 3650 1870 unumquemque

330 1914 504 1979 geret,
542 1906 789 1979 profecto
821 1921 976 1961 mens
1000 1911 1187 1960 nostra
1213 1904 1272 1959 in
1320 1912 1671 1976 peccatorum
1710 1919 1938 1961 suorum

332 1995 581 2054 tenebris
607 1995 835 2053 obscura
860 2001 1185 2051 remaneret.
1219 1994 1372 2050 Unde
1398 1993 1656 2052 subditur
1688 2011 1699 2049 :

791 2101 1019 2160 CAPUT
1052 2102 1157 2158 xv
1192 2100 1333 2175 [Rea
1367 2101 1465 2175 X].

407 2192 583 2249 Vnus.
611 2192 665 2251 4.
699 2221 764 2233 ο-
786 2191 1044 2262 Nunquid
1064 2190 1358 2263 justi/icon"
1380 2197 1549 2263 potest
1604 2192 1755 2246 homo
1792 2206 1944 2245 com-

333 2288 562 2353 paratus
588 2282 695 2337 Deo
722 2286 817 2337 aut
842 2298 1104 2352 apparere
1125 2281 1354 2336 mundus
1382 2287 1540 2337 natus
1570 2280 1633 2336 de
1674 2280 1895 2335 muliere
1914 2280 1942 2336 ἵ

403 2372 471 2429 21
483 2372 663 2427 .Nemo
669 2370 698 2439 j
704 2376 850 2426 ustus
870 2370 975 2426 nisi
986 2371 1086 2427 Dei
1096 2371 1582 2436 illustratione,non
1595 2369 1942 2443 comparatio-

332 2483 416 2520 ne.
438 2495 477 2505 ο
496 2463 702 2520 Versus
718 2463 822 2519 iste
836 2462 1089 2534 superius
1114 2480 1146 2518 a
1164 2462 1325 2519 beato
1360 2463 1463 2519 Job
1491 2463 1776 2531 dicitur,et
1798 2479 1946 2521 nunc

330 2554 389 2609 in
420 2552 546 2625 ejus
571 2551 998 2625 exprobratione
1033 2552 1350 2623 replicatur.
1379 2552 1577 2608 Omnis
1595 2567 1832 2623 namque
1860 2552 1947 2606 vir

324 2641 519 2714 justus
548 2641 653 2696 Dei
666 2640 1046 2694 illustratione
1052 2640 1238 2710 justus
1265 2647 1367 2707 est,
1388 2654 1498 2694 non
1522 2640 1943 2711 comparatione.

332 2730 600 2785 Humana
626 2727 829 2799 quippe
849 2725 1311 2797 justitia,auctori
1343 2735 1675 2799 comparata,
1694 2729 1946 2802 ’injusti-

333 2820 415 2875 tia
434 2825 542 2885 est,
576 2816 705 2889 quia
735 2815 835 2871 etsi
860 2816 920 2870 in
959 2815 1072 2887 ipsa
1097 2815 1183 2871 sui
1214 2816 1531 2872 conditione
1561 2817 1727 2874 homo
1776 2820 1943 2891 persi-

337 2914 526 2975 steret,
547 2904 781 2962 creatori
809 2920 923 2960 non
953 2911 1131 2977 posset
1159 2905 1364 2978 aequari
1393 2913 1645 2963 creatura
1693 2906 1814 2979 (Job
1861 2926 1942 2978 1x,

339 2999 425 3070 2).
456 2998 557 3055 Cui
586 3004 771 3052 tamen
801 2995 870 3052 ad
901 2996 1153 3068 graviora
1180 2995 1431 3053 defectus
1448 2996 1946 3069 poudera,accessit

342 3098 397 3145 et
411 3090 591 3161 culpa,
620 3104 783 3160 quam
801 3103 1024 3158 serpens
1052 3086 1323 3143 insidians
1342 3088 1555 3157 intulit,
1572 3095 1626 3143 et
1645 3090 1847 3145 mulier
1862 3090 1942 3146 in-

2047 1885 2483 1959 corruptibilitas
2513 1885 2789 1960 inquinat,
2821 1887 2841 1920 5
2890 1885 2998 1941 nisi
3028 1886 3171 1943 hanc
3201 1887 3447 1960 quotidie
3478 1886 3651 1958 gratia

2049 1976 2325 2051 parcentis
2354 1984 2546 2049 tergat.
2580 1978 2899 2032 Electorum
2930 1977 3132 2049 quippe
3179 1977 3399 2032 animus
3428 1975 3650 2049 prodire

2049 2066 2118 2123 ad
2165 2066 2471 2121 libertatem
2496 2064 2726 2137 justitize
2756 2065 2975 2133 nititur,
3024 2065 3117 2121 sed
3164 2065 3344 2122 adhuc
3391 2064 3649 2138 compede

2050 2154 2390 2211 inﬁrmitatis
2418 2161 2669 2219 tenetur;
2702 2161 2755 2210 et
2784 2154 2971 2226 culpas
3000 2153 3221 2227 quidem
3254 2153 3502 2226 subigere
3533 2169 3649 2225 per-

2052 2246 2191 2302 fecte
2249 2243 2540 2312 desiderat,
2588 2243 2682 2300 sed
2731 2260 3012 2318 quousque
3069 2243 3421 2323 corruptione
3470 2241 3651 2299 carnis

2052 2334 2968 2409 astringitur,ejusvinculis,etiam
2990 2351 3115 2391 cum
3136 2350 3248 2390 non
3265 2334 3406 2401 vult,
3430 2332 3648 2405 ligatur.

2053 2426 2196 2482 Hinc
2224 2424 2407 2497 itaque
2455 2427 2475 2461 ⁶
2518 2425 2741 2496 colligat
2779 2432 2985 2497 quanto
3033 2432 3379 2496 peccatorum
3412 2423 3650 2495 pondere

2053 2515 2224 2588 pressi
2271 2515 2383 2570 sint
2411 2514 2503 2587 qui
2549 2522 2739 2570 contra
2784 2514 2902 2571 haec
2948 2514 3226 2570 decertare
3269 2513 3574 2586 negligunt,
3606 2516 3652 2569 si

2054 2606 2212 2678 plene
2240 2605 2456 2677 culpam
2488 2621 2589 2660 nec
2617 2604 2700 2660 illi
2729 2612 3008 2676 superant,
3039 2603 3135 2677 qui
3164 2610 3355 2659 contra
3384 2602 3528 2658 hanc
3557 2603 3654 2659 vi-

2054 2696 2232 2751 riliter
2260 2701 2525 2767 pugnant.
2551 2693 2705 2751 Unde
2734 2702 2788 2750 et
2817 2702 3108 2767 postquam
3142 2692 3353 2748 dictum
3375 2699 3457 2747 est
3482 2710 3493 2747 :
3517 2694 3652 2748 Ecce

2052 2787 2210 2841 etiam
2240 2788 2367 2841 luna
2394 2802 2500 2840 non
2533 2786 2785 2857 splendet,
2816 2790 2863 2839 et
2890 2787 3055 2840 stellae
3082 2802 3186 2841 non
3215 2789 3338 2839 sunt
3362 2783 3571 2839 munda:
3596 2783 3654 2837 in

2052 2882 2320 2949 conspectu
2348 2874 2482 2946 ejus,
2511 2874 2765 2949 protinus
2793 2874 3019 2931 additur
3049 2893 3060 2931 :

2626 2981 2853 3039 CAPUT
2901 2983 3077 3039 XVII.

2129 3074 2303 3131 Vnus.
2337 3072 2468 3128 6.—
2497 3073 2708 3139 Quanto
2748 3072 2917 3143 magis
2962 3072 3114 3128 homo
3136 3070 3387 3145 putredo,
3433 3078 3480 3127 et
3508 3071 3655 3145 ﬁlius

342 3184 557 3239 ﬁrmata
572 3178 841 3252 persuasit
859 3178 1070 3249 (Genes.
1090 3195 1176 3247 ιιι,
1191 3178 1271 3250 6).
1289 3178 1443 3234 Unde
1464 3195 1614 3236 nunc
1629 3180 1759 3253 quia
1778 3180 1942 3237 homo

2054 3163 2282 3220 hominis
2314 3161 2503 3217 vermis
2524 3163 2552 3219 ?

341 3289 440 3346 per
467 3271 753 3326 mulierem
782 3268 959 3340 culpas
986 3267 1265 3324 subditam
1291 3270 1556 3338 nascitur,
1574 3279 1757 3327 reatus
1776 3271 1943 3344 primi

342 3360 636 3418 inﬁrmitas
654 3362 676 3394 ³
692 3358 752 3415 in
774 3358 926 3431 prole
942 3366 1292 3431 propagatur.
1314 3360 1386 3415 Et
1415 3360 1546 3433 quia
1565 3360 1623 3416 in
1646 3360 1828 3416 radice
1849 3378 1947 3433 pu-

338 3450 484 3507 truit
510 3448 736 3505 humani
768 3448 979 3521 generis
1007 3463 1215 3517 ramus,
1238 3449 1296 3505 in
1316 3449 1655 3507 conditionis
1682 3466 1794 3506 suae
1812 3450 1946 3505 viri-

339 3538 515 3595 ditate
544 3538 771 3594 minime
815 3536 1087 3594 subsistit.
1132 3537 1286 3594 Unde
1327 3545 1472 3596 recte
1514 3555 1663 3596 nunc
1692 3538 1942 3596 dicitur:

339 3627 600 3697 Nunquid
619 3627 908 3698 justiﬁcari
943 3632 1110 3698 potest
1135 3627 1287 3682 homo
1333 3635 1667 3701 comparatus
1701 3630 1832 3695 Deo,
1853 3637 1949 3686 aut

339 3733 614 3789 apparere
629 3717 854 3770 mundus
872 3724 1024 3773 natus
1041 3718 1103 3773 de
1121 3718 1341 3774 muliere
1356 3720 1383 3775 7
1411 3719 1492 3775 Ac
1520 3720 1566 3775 si
1596 3727 1779 3791 aperte
1799 3719 1944 3776 dice-

343 3814 506 3864 retur
553 3823 567 3860 :
608 3806 690 3862 Ne
717 3813 907 3863 contra
942 3815 1220 3864 auctorem
1250 3824 1411 3863 suum
1444 3806 1611 3864 homo
1639 3808 1939 3880 superbiat,

340 3895 655 3955 consideret
682 3895 827 3952 unde
865 3896 965 3953 hac
993 3900 1167 3967 venit,
1189 3905 1243 3953 et
1272 3896 1543 3969 intelligat
1572 3897 1706 3971 quid
1726 3899 1817 3955 sit.
1842 3899 1947 3956 Sed

345 4002 474 4045 ecce
500 3986 762 4044 nonnulli
791 4002 887 4059 per
931 3986 1139 4044 donum
1171 3987 1409 4060 Spiritus
1436 3988 1614 4061 adjuti
1645 3998 1836 4047 contra
1864 3992 1947 4047 in-

346 4076 666 4132 ﬁrmitatem
695 4092 807 4133 suae
822 4076 1004 4137 carnis
1031 4077 1340 4148 eriguntur,
1358 4078 1663 4135 virtutibus
1682 4080 1944 4151 emicant,

346 4166 632 4238 signorum
658 4182 879 4239 quoque
910 4162 1193 4222 miraculis
1221 4175 1540 4233 coruscant;
1556 4169 1744 4226 nullus
1764 4178 1946 4227 tamen

347 4263 430 4311 est
457 4254 555 4328 qui
582 4255 699 4311 sine
727 4256 889 4328 culpa
917 4256 1089 4312 vitam
1112 4264 1370 4325 transeat,
1400 4273 1685 4330 quousque
1726 4275 1946 4317 carnem

345 4344 717 4417 corruptionis
742 4352 942 4417 portat.
977 4344 1131 4402 Unde
1158 4345 1339 4401 adhuc
1365 4344 1619 4402 subditur
1643 4365 1655 4403 :

925 4434 1154 4492 CAPUT
1194 4435 1344 4492 XVI.

422 4523 600 4579 Vens.
631 4524 684 4579 5.
712 4553 781 4565 —
800 4526 822 4560 ‘
841 4525 975 4581 Ecce
1002 4525 1157 4580 etiam
1188 4525 1316 4581 luna
1341 4540 1448 4580 non
1474 4525 1727 4597 splendet,
1757 4531 1804 4581 et
1829 4528 1946 4584 stel-

351 4616 414 4671 ιω
438 4632 551 4669 non
578 4619 703 4669 sunt
724 4615 929 4670 mundis
957 4616 1016 4670 in
1042 4621 1314 4687 conspectu
1342 4613 1477 4683 ejus.

418 4706 508 4762 22.
544 4705 706 4763 Nemo
731 4705 806 4760 ita
822 4704 1027 4775 justus,
1060 4712 1119 4760 ut
1148 4706 1204 4759 in
1250 4722 1410 4760 carne
1437 4705 1784 4775 corruptibili
1806 4705 1951 4761 omni

348 4800 555 4866 peccato
582 4800 777 4850 careat.
802 4794 1035 4862 —Quid
1066 4810 1161 4867 per
1189 4794 1398 4862 lunam,
1430 4791 1539 4849 nisi
1563 4801 1763 4849 cuncta
1782 4794 1949 4851 simul

352 4884 632 4951 Ecclesia;
664 4884 800 4957 quid
829 4901 925 4957 per
952 4885 1159 4953 stellas,
1189 4885 1299 4941 nisi
1327 4886 1672 4958 singulorum
1689 4884 1825 4941 bene
1854 4886 1949 4940 vi-

353 4973 601 5030 ventium
656 4974 855 5031 anima:
912 4975 1315 5049 designantur?
1343 4976 1437 5049 qui
1466 4975 1612 5032 inter
1655 4992 1950 5047 pravorum

353 5061 646 5120 hominum
689 5065 1155 5134 conversationes,
1198 5065 1330 5122 dum
1389 5064 1602 5138 magnis
1652 5065 1953 5122 virtutibus

351 5155 621 5225 eminent,
652 5157 811 5229 quasi
840 5156 898 5214 in
927 5158 1169 5216 tenebris
1208 5158 1389 5216 noctis
1436 5159 1643 5216 lucent.
1676 5159 1829 5216 Unde
1859 5176 1955 5232 per

352 5244 587 5302 Paulum
616 5262 836 5320 quoque
864 5246 1153 5321 discipulis
1180 5248 1385 5306 dicitur
1418 5265 1429 5304 :
1463 5249 1611 5306 Inter
1631 5265 1762 5319 quos
1777 5249 1956 5305 lucetis

430 5483 443 5516 '
480 5483 679 5553 Aliter,
705 5500 814 5540 non
842 5485 1032 5558 surgit,
1063 5494 1123 5541 ut
1168 5484 1366 5557 legitur
1413 5486 1469 5541 in
1514 5483 1713 5553 Laud.,
1741 5484 1955 5554 Norm.,

347 5561 461 5664 ea;
478 5624 683 5696 Laud,
700 5626 918 5697 justitia
948 5645 1053 5684 non
1079 5634 1173 5682 est.

427 5698 450 5733 ³
482 5698 647 5753 Deest
674 5716 731 5752 ιη
762 5701 911 5756 nrole
937 5699 996 5755 in
1031 5701 1055 5756 1
1088 5698 1261 5756 Laud.

429 5770 451 5806 ⁸
482 5768 722 5840 Gemet.,
751 5768 894 5832 Utic.
926 5779 981 5829 et
1009 5770 1129 5841 alii,
1158 5787 1264 5828 ecce
1290 5771 1427 5828 enim
1456 5781 1509 5829 et
1536 5774 1613 5831 ita
1643 5774 1808 5832 intra.

2125 3272 2213 3331 23.
2235 3272 2294 3330 Si
2312 3272 2599 3328 sanctiores
2618 3272 2838 3327 macula:
2859 3288 2961 3326 non
2980 3276 3103 3325 sunt
3121 3275 3508 3343 expertes,quot
3528 3287 3655 3325 sor-

2054 3366 2176 3421 dent
2202 3363 2295 3434 qui
2321 3361 2501 3417 carnis
2530 3361 2800 3432 spurcitiis
2828 3361 3212 3432 immerguntur
3231 3362 3411 3417 ?—Ac
3432 3360 3477 3416 si
3507 3377 3654 3433 aper-

2056 3462 2108 3509 te
2136 3452 2412 3509 diceretur
2445 3467 2455 3506 :
2492 3450 2549 3506 Si
2580 3449 2684 3522 ipsi
2714 3466 2932 3523 quoque
2963 3465 3077 3505 esse
3112 3449 3229 3504 sine
3259 3450 3515 3522 contagio
3545 3467 3656 3507 non

2056 3543 2262 3609 valent,
2293 3539 2389 3613 qui
2419 3539 2564 3595 inter
2592 3539 2877 3611 praesentis
2916 3538 3044 3595 vitae
3075 3539 3327 3595 tenebras
3357 3539 3657 3597 virtutibus

2055 3632 2265 3700 lucent,
2295 3638 2499 3704 quanto
2528 3636 2683 3685 reatu
2733 3629 3044 3701 iniquitatis
3090 3629 3342 3686 obstricti
3391 3637 3520 3687 sunt
3563 3628 3657 3703 qui

2054 3720 2237 3777 adhuc
2264 3719 2557 3778 carnaliter
2588 3720 2836 3778 vivunt?
2856 3721 2910 3777 Si
2932 3737 2962 3776 a
2992 3729 3214 3791 peccato
3236 3736 3350 3776 esse
3380 3719 3540 3775 liberi
3565 3736 3655 3774 ne-

2055 3819 2263 3883 queunt
2291 3810 2385 3883 qui
2411 3809 2526 3881 jam
2557 3809 2614 3863 in
2643 3810 2963 3866 caelestibus
2993 3809 3281 3865 desideriis
3311 3824 3657 3865 conversan—

2055 3910 2166 3969 tur,
2190 3902 2285 3972 qui
2302 3908 2649 3971 peccatorum
2669 3901 2915 3972 pondera
2926 3902 3187 3966 tolerant,
3209 3900 3325 3971 qui,
3350 3899 3530 3954 carnis
3547 3916 3655 3953 sua:

2057 3987 2433 4061 voluptatibus
2449 3986 2646 4052 dediti,
2667 3986 2851 4044 adhuc
2867 3986 3381 4060 putredinisjugum
3405 3980 3658 4059 portant?

2057 4081 2201 4137 Hinc
2227 4079 2420 4134 Petrus
2447 4076 2525 4132 ait
2569 4093 2580 4131 :
2616 4076 2674 4133 Si
2706 4076 2887 4146 justus
2916 4076 3009 4130 via:
3038 4076 3359 4142 salvabitur,
3390 4076 3584 4147 impius
3613 4081 3660 4129 et

2050 4176 2293 4243 peccator
2312 4168 2399 4224 ubi
2420 4167 2683 4240 parebunt
2704 4167 2762 4239 (Ι
2785 4168 2897 4223 Pet.
2933 4183 3011 4235 IV,
3033 4166 3163 4237 18)?
3186 4166 3329 4223 Hinc
3348 4182 3443 4239 per
3465 4165 3657 4221 lsaiam

2056 4260 2263 4317 dicitur
2294 4276 2305 4315 :
2341 4259 2511 4330 Super
2538 4258 2753 4312 humum
2787 4256 2977 4329 populi
3004 4256 3106 4311 mei
3159 4257 3324 4329 spina:
3381 4264 3428 4311 et
3480 4274 3659 4328 repres

2054 4349 2562 4418 ascendeut,quanto
2592 4346 2757 4417 magis
2785 4362 2943 4417 super
2963 4347 2983 4379 ⁷
3007 4361 3207 4400 omnem
3238 4345 3447 4401 domum.
3476 4344 3659 4416 gaudii

2058 4437 2285 4493 civitatis
2300 4436 2615 4492 exsultantis
2636 4435 2791 4507 (Isai.
2824 4452 3007 4503 χχχιι,
3034 4434 3121 4505 13)
3146 4435 3175 4491 ‘l
3192 4435 3431 4491 Humum
3456 4434 3657 4507 quippe

2058 4528 2248 4603 populi
2277 4527 2363 4583 sui
2391 4526 2661 4583 Dominus
2683 4526 2985 4582 electorum
3015 4516 3268 4581 omnium
3300 4533 3539 4581 mentem
3565 4541 3656 4580 vo-

2059 4626 2167 4688 cat,
2196 4633 2360 4689 super
2389 4632 2550 4689 quam
2583 4615 2768 4689 spinas
2796 4632 2857 4670 ac
2904 4630 3099 4687 vepres
3141 4614 3432 4670 ascendere
3462 4614 3661 4687 perhi—

2057 4709 2171 4777 bet,
2189 4707 2319 4780 quia
2349 4722 2450 4762 nec
2480 4705 2652 4778 ipSim
2672 4720 2889 4778 quoque
2907 4720 3022 4760 esse
3044 4704 3248 4777 absque
3265 4704 3659 4776 punctionibus

2064 4794 2327 4851 vitiorum
2349 4793 2521 4850 videt.
2546 4795 2753 4849 Domus
2769 4810 2900 4849 vero
2921 4792 3104 4865 gaudii
3123 4792 3657 4848 civitatisexsultan-

2062 4886 2133 4942 tis
2161 4892 2242 4942 est
2271 4900 2425 4941 mens
2452 4900 2771 4957 pravorum,
2816 4899 2936 4967 quae
2965 4882 3097 4939 dum
3129 4890 3362 4937 ventura
3390 4877 3659 4951 supplicia

2060 4976 2374 5048 conspicere
2402 4975 2653 5049 negligit,
2685 4976 2743 5031 in
2774 4974 2957 5031 carnis
2985 4974 3267 5045 voluptate
3297 4988 3353 5026 se
3382 4970 3657 5036 deserens,

2060 5068 2299 5125 inaniter
2325 5066 2625 5124 hilarescit.
2657 5067 2752 5123 Ait
2793 5082 2921 5138 ergo
2954 5082 2966 5119 :
3002 5066 3171 5135 Super
3219 5062 3434 5115 humum
3469 5059 3661 5132 populi

2058 5159 2160 5215 mei
2212 5158 2377 5230 spina:
2428 5164 2477 5213 et
2512 5175 2691 5230 vepres
2719 5155 3012 5218 ascendeut,
3056 5154 3251 5221 quanto
3280 5149 3449 5221 magis
3502 5166 3661 5221 super

2062 5264 2265 5306 omnem
2277 5248 2490 5305 domum
2515 5247 2698 5319 gaudii
2717 5243 2947 5301 civitatis
2964 5238 3322 5296 exsultantis?
3344 5239 3424 5297 Ac
3439 5239 3486 5297 si
3507 5256 3658 5314 aper-

2137 5484 2158 5518 ⁸
2190 5482 2298 5539 Gil.
2328 5488 2382 5536 et
2402 5480 2587 5546 Guss.,
2617 5476 2723 5532 nisi
2751 5474 3181 5534 huncMeliusin
3216 5476 3349 5537 Mss.
3382 5482 3434 5532 et
3462 5472 3655 5532 aLEd.

2066 5555 2172 5610 nisi
2199 5555 2352 5621 hanc,
2381 5567 2457 5607 sc.
2489 5548 3027 5622 corruptibilitatem.

2141 5629 2163 5703 ξ
2192 5624 2307 5703 _Alii
2336 5622 2464 5691 Ed.,
2491 5621 2761 5703 colligant,
2794 5621 2991 5703 invitis
3016 5623 3145 5681 Μεε,

2141 5701 2161 5735 ⁷
2192 5699 2353 5756 Deest
2381 5711 2583 5753 omnem
2611 5693 2670 5751 in
2699 5693 2911 5754 Gemet.
