4172 6184
495 361 566 418 23
1330 330 1338 342 '
1711 345 1962 402 SANCTI
2001 340 2337 397 GnEGoun
2374 339 2600 396 MAGNI
3729 336 3796 393 si

496 491 550 540 te
577 481 726 538 dicat
758 496 770 535 :
803 479 861 536 Si
891 487 946 535 et
961 479 1190 535 illorum
1208 481 1450 532 mentem
1480 471 1617 528 vitia
1645 468 1982 542 deprimunt,
1997 463 2092 539 qui
2123 465 2174 524 A
2201 482 2316 522 esse
2345 465 2640 531 aestimant,
2657 463 2890 520 afructu
2914 478 2972 520 se
3000 461 3260 518 utilitatis
3281 462 3544 517 alienant.
3570 461 3724 524 Unde
3739 469 3795 517 et

495 587 553 629 se
581 587 681 645 pro
728 569 966 625 caelestis
993 565 1183 641 patriae
1212 562 1492 622 desiderio
1520 560 1798 631 afﬂigunt,
1835 556 2040 632 quibus
2073 557 2085 590 ¹

495 644 676 734 culpis
703 657 964 715 substrati
995 664 1126 714 sunt
1155 655 1250 729 qui
1281 654 1398 710 sine
1426 651 1542 707 ulla
1568 647 1869 706 formidine
1897 661 2014 703 sese
2034 644 2092 702 in

497 749 679 808 carnis
707 748 988 821 voluptate
1017 743 1409 816 derelinquunt
1428 741 1457 796 ?

568 839 658 897 24.
689 837 904 894 Primus
923 837 1076 892 homo
1087 834 1334 907 putredo,
1352 831 1503 902 cujus
1524 827 1630 900 ﬁlii
1643 843 1860 882 vermes.
1891 856 1963 866 —
1988 824 2093 882 No-

497 928 726 985 tandum
757 943 887 983 vero
917 924 975 981 in
1005 937 1254 981 sermone
1284 936 1384 977 suo
1414 924 1682 992 quantum
1711 914 1920 971 Baldad
1949 913 2092 970 ordi-

499 1034 625 1075 nem
655 1013 992 1074 conditionis
1020 1019 1220 1069 nostrae
1248 1008 1430 1066 tenuit
1453 1014 1506 1063 et
1533 1003 1863 1071 nativitatis,
1885 1004 1979 1077 qui
1998 1003 2092 1058 bo-

499 1106 706 1164 minem
749 1121 861 1160 non
908 1117 1174 1169 vermem,
1205 1098 1300 1156 sed
1347 1095 1720 1170 putredinem,
1753 1091 1931 1148 ﬁlium
1964 1109 2094 1148 vero

499 1193 744 1254 hominis
765 1208 1005 1250 vermem
1035 1195 1216 1247 vocat.
1253 1187 1472 1244 Primus
1498 1199 1734 1256 namque
1763 1182 1992 1238 humani
2014 1197 2096 1253 ge-

500 1293 648 1350 neris
700 1305 916 1364 parens,
967 1286 1156 1356 homo,
1209 1300 1324 1342 non
1379 1281 1528 1340 ﬁlius
1567 1279 1832 1348 hominis,
1862 1294 1933 1334 ex
1989 1295 2098 1352 quo

500 1379 752 1457 quisquis
778 1376 1006 1452 prodiit,
1030 1391 1142 1432 non
1172 1375 1352 1432 solum
1383 1372 1571 1441 homo,
1593 1369 1687 1426 sed
1718 1368 1866 1424 ﬁlius
1881 1384 2097 1442 quoque

499 1471 746 1531 hominis
773 1471 900 1528 fuit.
931 1467 1086 1525 Sicut
1115 1483 1241 1539 ergo
1271 1479 1340 1520 ex
1369 1463 1596 1520 homine
1643 1459 1792 1516 ﬁlius
1829 1458 2095 1527 hominis,

500 1561 578 1618 ita
604 1577 675 1618 ex
710 1558 1000 1635 putredine
1029 1557 1272 1614 nascitur
1301 1554 1526 1610 vermis.
1558 1551 1714 1608 Unde
1753 1558 1899 1606 recte
1929 1548 2096 1604 homo

501 1651 754 1726 putredo,
783 1649 934 1710 ﬁlius
961 1664 1095 1704 vero
1114 1643 1358 1702 hominis
1377 1640 1582 1698 vermis
1610 1647 1856 1698 vocatur.
1880 1637 2096 1694 Primus

499 1741 700 1815 quippe
741 1737 909 1794 homo
955 1735 1210 1810 putredo,
1242 1749 1355 1790 non
1402 1729 1628 1798 vermis,
1674 1729 1806 1802 quia
1850 1729 1952 1784 etsi
2001 1743 2096 1799 per

2201 555 2464 613 Veritatis
2491 569 2624 612 voce
2645 553 2932 626 discipulis
2955 551 3159 610 dicitur
3183 569 3194 608 :
3224 553 3356 608 Cum
3373 550 3602 622 feceritis
3618 553 3800 608 omnia

2201 663 2318 718 quas
2338 650 2601 718 praecepta
2621 649 2744 698 sunt
2771 643 2934 709 vobis,
2964 642 3156 698 dicite:
3179 641 3330 700 Servi
3349 640 3562 697 inutiles
3594 657 3796 708 sumus,

2200 737 2340 810 quod
2354 736 2622 794 debuimus
2639 735 2813 807 facere
2827 733 3054 806 facimus
3071 729 3470 804 (Luc.xvn,10)
3481 773 3494 786 .
3513 729 3794 803 Sequitur:

2789 841 3018 900 CAPUT
3053 840 3207 896 XIX.

2271 935 2444 993 Vnus.
2479 934 2532 990 3.
2571 965 2642 976 —
2675 931 2776 988 Cui
2812 930 3002 986 dedisti
3039 927 3318 985 consilium
3339 929 3368 985 ἲ
3409 927 3645 1000 fors-itan
3690 927 3796 995 illi,

2201 1023 2295 1096 qui
2313 1039 2420 1078 non
2446 1020 2595 1076 habet
2621 1020 2936 1092 sapientiam
2950 1021 2978 1075 9

2273 1113 2362 1170 28.
2424 1113 2596 1168 Stulto
2650 1109 2928 1166 consilium
2990 1109 3139 1178 dare,
3197 1105 3494 1172 charitatis,
3549 1104 3798 1177 sapienti,

2207 1201 2569 1258 ostentationis
2589 1219 2609 1267 ;
2627 1199 2732 1272 ipsi
2759 1198 3050 1272 sapientiae,
3062 1196 3426 1271 perve-rsitatis
3447 1201 3539 1250 est.
3570 1225 3640 1236 —
3660 1195 3800 1250 Dare

2206 1291 2375 1348 stulto
2403 1290 2720 1358 consilium,
2749 1287 3038 1346 charitatis
3083 1295 3200 1355 est;
3246 1285 3376 1342 dare
3413 1283 3668 1356 sapienti,
3700 1299 3801 1340 os-

2205 1379 2558 1447 tentationis;
2591 1380 2721 1436 dare
2750 1395 2880 1435 vero
2910 1376 3016 1450 ipsi
3045 1375 3365 1448 Sapientiae,
3395 1371 3795 1448 perversitatis.

2205 1470 2278 1524 Et
2297 1469 2426 1542 quia
2445 1469 2504 1525 hi
2533 1485 2670 1542 quos
2687 1477 2873 1526 tenere
2894 1465 3278 1524 haereticorum
3301 1464 3538 1538 speciem
3553 1462 3800 1520 diximus

2205 1575 2302 1632 per
2329 1557 2665 1615 locutionem
2695 1573 2848 1614 suam
2875 1555 3234 1612 ostentationi
3283 1554 3468 1628 potius
3497 1568 3662 1628 quam
3691 1551 3802 1608 uti-

2205 1647 2351 1705 litati
2380 1647 2712 1715 serviebant,
2762 1653 2908 1703 recte
2947 1645 3130 1704 adhuc
3174 1651 3366 1702 contra
3405 1643 3614 1700 Baldad
3659 1640 3805 1699 sub-

2204 1739 2356 1796 ditur
2387 1755 2402 1794 :

501 1837 736 1886 mortem
763 1826 1000 1902 Putmit:
1039 1841 1153 1882 non
1182 1831 1367 1880 tamen
1397 1837 1467 1876 ex
1495 1817 1788 1892 Ρηιτθάίηθ
1817 1834 1914 1890 Per
1941 1815 2098 1872 ηθῖί·
2129 1829 2176 1889 Β
2277 1831 2413 1886 Iun).
2445 1859 2516 1870 —-
2543 1829 2617 1884 Et
2638 1825 2983 1900 prudentiam
3012 1831 3157 1882 tuam
3197 1823 3468 1880 ostendisti
3489 1822 3802 1896 plurimam.

500 1919 729 1975 vitatem
757 1916 930 1972 venit.
955 1913 1062 1984 Qui
1091 1919 1275 1970 autem
1303 1908 1551 1967 hominis
1579 1915 1662 1964 est
1689 1905 1860 1976 ﬁlius,
1892 1904 2098 1962 vermis

501 2009 726 2078 dicitur,
758 2006 886 2082 quia
908 2003 1026 2078 jam
1055 2020 1126 2061 ex
1171 1999 1491 2060 mortalium
1536 2013 1836 2070 corporum
1863 2012 2104 2068 corrup-

498 2099 651 2158 tione
679 2103 1028 2172 propagatur.

572 2189 662 2246 25.
687 2187 860 2260 Igitur
887 2185 1018 2260 quia
1043 2182 1348 2240 amicorum
1370 2177 1538 2236 verba
1555 2177 1716 2235 ﬁnita
1743 2183 1894 2246 sunt,
1914 2175 2106 2232 beatus

501 2277 604 2334 Job
633 2275 818 2334 altiori
845 2273 1100 2332 acumine
1129 2269 1536 2346 prosecutionis
1565 2267 1850 2336 innititur,
1879 2265 2104 2338 ejusque

503 2365 650 2422 dicta
679 2373 791 2421 tam
839 2371 970 2420 sunt
997 2361 1202 2430 valida,
1248 2375 1413 2434 quam
1461 2365 1728 2426 extrema,
1765 2357 1896 2430 quia
1944 2362 1996 2410 et
2025 2353 2108 2411 sic

503 2471 636 2512 usus
687 2471 804 2511 esse
847 2454 869 2488 ²
912 2449 1358 2526 jurisperitorum
1403 2448 1560 2515 solet,
1593 2454 1654 2503 ut
1694 2451 2104 2520 argumentum,

505 2559 614 2616 quo
642 2539 967 2598 adversariis
995 2539 1110 2596 suis
1146 2537 1386 2594 eminere
1415 2553 1472 2592 se
1521 2535 1848 2608 praevident,
1886 2533 1955 2591 ad
1985 2549 2107 2607 pro-

506 2627 807 2686 secutionis
835 2625 1248 2682 conclusionem
1275 2631 1516 2679 servent.
1547 2623 1807 2694 Sequitur
1839 2641 1851 2678 :

785 2747 1013 2809 CAPUT
1041 2746 1225 2803 XVIII
1257 2743 1397 2819 [Vet.
1431 2745 1500 2810 X,
1531 2745 1650 2800 Rec.
1683 2743 1812 2817 XI].

579 2850 717 2909 (lar.
759 2865 918 2918 xxvr,
954 2844 1186 2914 VsnsJ,
1217 2845 1270 2902 2.
1303 2874 1372 2886 —-
1401 2839 1546 2898 543
1575 2841 1908 2916 Respondens
1935 2845 2107 2896 autem

507 2950 626 3016 Job,
657 2948 801 3004 dixit
832 2965 844 3004 :
883 2944 1054 3016 Cujus
1081 2940 1304 3012 adjutor
1331 2941 1426 2996 es?
1467 2941 1488 2973 ³
1519 2931 1764 3004 nunquid
1781 2927 2108 2986 imbecillis?

509 3046 558 3095 et
583 3043 840 3110 sustentas
869 3033 1142 3092 brachium
1170 3029 1306 3101 ejus,
1333 3026 1427 3100 qui
1453 3041 1561 3082 non
1588 3028 1664 3079 est
1690 3019 1852 3092 fortis
1871 3021 1898 3076 ἵ

580 3129 670 3186 26.
703 3125 1014 3184 Imbecillem
1039 3121 1304 3192 adjuvare
1319 3117 1471 3184 velle,
1488 3110 1805 3175 charitatis;
1825 3111 2109 3181 potentem,

509 3216 753 3275 elationis
779 3221 869 3271 est.
893 3243 964 3253 —
983 3169 1262 3282 Adjdvare
1289 3169 1646 3269 imbecillem,
1677 3169 1965 3257 cbaritatis
1992 3169 2108 3262 est;
2145 3190 2188 3250 C
2218 3169 2700 3282 S'W’Z'fffi’grefff

511 3305 770 3380 adjuvare
800 3308 1080 3376 potentem
1111 3297 1274 3365 velle,
1295 3293 1572 3351 elationis.
1597 3289 1740 3358 Quia
1761 3282 2108 3359 igituramici

511 3376 628 3470 ejus
649 3392 1033 3452 haereticorum
1049 3388 1285 3463 speciem
1315 3391 1585 3451 tenentes,
1607 3378 1764 3455 quasi
1785 3376 2112 3450 adjuvantes

509 3464 708 3554 Deum,
738 3479 1062 3556 sapientiam
1093 3493 1248 3534 suam
1267 3473 1554 3532 ostendere
1569 3469 1936 3535 conabantur,
1961 3464 2110 3538 juste

511 3573 719 3632 Baldad
742 3555 1182 3645 reprehenditur,
1205 3572 1266 3622 ut
1285 3563 1502 3622 dicatur
1535 3578 1546 3616 :
1575 3559 1743 3630 Cujus
1762 3556 1986 3628 adjutor
2011 3571 2063 3608 es
2083 3555 2110 3610 ?

507 3665 756 3738 nunquid
771 3660 1044 3720 imbecillis
1063 3661 1091 3716 ?
1111 3665 1159 3714 et
1175 3662 1436 3714 sustentes
1453 3653 1726 3710 brachium
1743 3649 1880 3738 ejus,
1899 3646 1994 3720 qui
2008 3662 2113 3738 non

511 3763 587 3814 est
610 3734 816 3828 fortis?
843 3753 926 3810 Ac
949 3749 998 3806 si
1024 3755 1212 3822 aperte
1243 3745 1390 3803 dicat
1422 3761 1434 3799 :
1466 3745 1611 3802 Dum
1633 3757 1765 3800 eum
1791 3736 1987 3812 juvare
2017 3734 2115 3790 ni-

513 3825 666 3916 teris,
685 3845 789 3903 sub
806 3840 968 3914 cujus
1003 3835 1384 3912 magnitudine
1412 3831 1747 3900 succumbis,
1778 3844 1941 3886 omne
1969 3825 2116 3900 quod

513 3915 790 4010 impendis
815 3928 1100 3998 solatium,
1129 3927 1198 3986 de
1236 3923 1605 3984 ostentatione
1632 3927 1736 3990 est,
1765 3934 1879 3976 non
1908 3916 1976 3974 de
2005 3915 2114 3988 pie-

717 4111 830 4178 Quo
849 4123 1003 4163 sensu
1020 4106 1190 4162 Deum
1207 4101 1468 4172 adjuvare
1495 4097 1742 4154 dicimur.
1768 4123 1840 4135 -—
1853 4093 1960 4150 Sed
1975 4093 2120 4148 inter

531 4201 651 4258 haec
667 4195 953 4256 sciendum
982 4201 1086 4262 est,
1103 4190 1253 4266 quod
1267 4190 1593 4263 plerumque
1613 4184 1777 4240 etiam
1796 4183 1993 4249 Deum,
2022 4181 2116 4254 qui

529 4287 788 4346 videlicet
813 4281 1109 4342 imbecillis
1135 4295 1248 4337 non
1279 4285 1380 4346 est,
1411 4273 1699 4332 humiliter
1717 4276 1936 4344 agentes
1963 4269 2118 4342 adju-

515 4393 729 4435 vamus.
761 4372 916 4432 Unde
946 4380 1000 4428 et
1029 4387 1126 4445 per
1153 4368 1386 4426 Paulum
1417 4363 1624 4422 dicitur
1645 4378 1656 4415 :
1675 4360 1965 4432 Adjutores
1981 4359 2118 4414 enim

517 4467 616 4527 Dei
633 4481 814 4522 sumus
832 4463 890 4536 (Ι
893 4507 904 4519 .
927 4461 1058 4520 Cor.
1087 4477 1173 4530 ru,
1195 4457 1276 4532 9).
1300 4457 1435 4514 Nam
1465 4471 1592 4510 cum
1620 4453 1671 4508 ei
1697 4467 1861 4526 quem
1891 4449 2005 4523 ipse
2025 4465 2122 4522 per

2283 1917 2478 1974 Omnis
2505 1916 2595 1974 cui
2624 1914 2917 1988 prudentia
2944 1922 3095 1973 recta
3123 1922 3226 1984 est,
3270 1913 3511 1986 plurima
3551 1927 3662 1968 non
3701 1918 3806 1979 est,

2214 2006 2362 2080 quia,
2403 2006 2568 2079 juxta
2601 2005 2758 2061 Pauli
2795 2019 3008 2072 vocem,
3051 2018 3165 2060 non
3211 2005 3334 2075 plus
3378 2001 3588 2075 appetit
3623 2015 3808 2072 sapere

2213 2113 2376 2172 quam
2406 2102 2620 2169 oportet
2647 2109 2836 2166 sapere
2866 2093 3042 2165 (Rom.
3074 2108 3178 2160 xu,
3209 2091 3289 2162 3).
3323 2089 3423 2147 Cui
3445 2105 3576 2144 vero
3591 2095 3674 2144 est
3690 2087 3808 2160 plu-

2213 2187 2374 2255 rima,
2404 2201 2516 2242 non
2545 2192 2627 2242 est
2643 2191 2814 2252 recta,
2845 2182 2974 2256 quia
3000 2181 3133 2238 dum
3175 2180 3321 2237 ultra
3362 2178 3588 2235 modum
3617 2173 3808 2233 tendi-

2212 2283 2324 2344 tur,
2354 2276 2412 2332 in
2443 2273 2688 2348 quolibet
2706 2274 2874 2330 latere
2898 2271 3075 2344 culpae
3092 2269 3418 2328 declinatur.
3451 2265 3806 2322 Prudentiam

2214 2383 2345 2422 vero
2373 2382 2528 2422 suam
2555 2363 2851 2438 plurimam
2881 2360 3178 2420 ostendunt
3215 2358 3312 2432 qui
3339 2356 3516 2413 videri
3546 2371 3659 2429 prae
3685 2353 3810 2410 aliis

2215 2454 2598 2529 prudentiores
2623 2461 2907 2527 appetunt.
2939 2451 3094 2508 Unde
3136 2449 3200 2506 ﬁt
3243 2451 3566 2522 plerumque
3591 2453 3656 2502 ut
3681 2461 3809 2502 cum

2217 2544 2497 2601 moderate
2533 2561 2720 2617 sapere
2759 2541 3038 2610 nesciunt,
3083 2540 3252 2597 etiam
3298 2538 3451 2595 fatua
3488 2537 3808 2609 loquantur.

2216 2636 2322 2691 Pro
2350 2651 2458 2706 qua
2485 2651 2542 2688 re
2571 2634 2686 2704 ipse
2714 2632 2898 2688 adhuc
2924 2645 3181 2688 excessus
3195 2625 3502 2702 prudentius
3527 2620 3811 2694 subjungi-

2218 2731 2330 2790 tur,
2361 2729 2424 2777 ut
2450 2721 2669 2776 dicatur
2701 2736 2712 2774 :

2813 2806 3042 2864 CAPUT
3071 2805 3199 2860 XX.

2289 2901 2458 2958 Vsus.
2489 2897 2544 2952 4.
2573 2925 2646 2936 -
2676 2895 2838 2960 Quem
2864 2894 3045 2949 docere
3070 2889 3328 2948 voluisti?
3343 2905 3516 2945 nonne
3553 2905 3693 2955 eum,
3722 2889 3816 2960 qui

2217 2992 2343 3063 fecit
2360 2989 2740 3062 spiramentum
2757 2987 2786 3042 Ῡ

2289 3082 2378 3139 29.
2426 3082 2638 3150 Quanta
2692 3075 2909 3132 Baldad
2964 3071 3292 3146 insipientia,
3319 3071 3514 3127 divina:
3541 3067 3815 3142 sapientia

2691 3167 2747 3222 is.
2777 3197 2849 3208 -—
2871 3166 2974 3222 Per
3001 3162 3398 3238 spiramentum
3421 3159 3687 3229 vivimus,
3717 3174 3814 3232 per

2219 3260 2570 3335 prudentiam
2599 3255 2875 3330 sapientes
2895 3235 3108 3310 sumus.
3125 3235 3300 3310 'Prius
3327 3258 3512 3308 autem
3560 3256 3814 3306 nostrum

2217 3361 2299 3410 est
2326 3352 2534 3420 vivere,
2550 3349 2904 3424 postmodum
2933 3362 3142 3420 sapere,
3172 3344 3302 3420 quia
3321 3351 3384 3400 ut
3399 3343 3673 3418 sapientes
3699 3353 3816 3398 esse

2218 3442 2518 3510 valeamus,
2549 3439 2702 3514 prius
2725 3438 2906 3512 agitur
2935 3445 2998 3494 ut
3023 3435 3215 3494 simus.
3235 3433 3343 3504 Qui
3369 3449 3496 3506 ergo
3525 3431 3698 3490 vitam
3726 3431 3816 3490 de-

2219 3530 2323 3600 dit,
2339 3530 2455 3604 ipse
2475 3529 2665 3604 procul
2687 3527 2856 3585 dubio
2875 3534 2930 3582 et
2957 3525 3307 3599 prudentiam
3328 3521 3584 3580 contulit.
3609 3520 3818 3578 Baldad

2219 3628 2424 3690 autem,
2455 3618 2586 3693 quia
2608 3617 2830 3674 beatum
2850 3615 2952 3672 Job
2981 3613 3314 3686 ﬂagellatam
3335 3628 3435 3686 pro
3449 3611 3612 3684 culpa
3625 3609 3818 3668 credi-

2223 3713 2326 3782 dit,
2347 3711 2628 3769 occultum
2656 3708 2756 3766 Dei
2778 3706 3077 3780 judicium,
3097 3705 3246 3778 quod
3259 3702 3550 3760 humiliter
3565 3699 3818 3759 venerari

2223 3801 2434 3872 debuit,
2465 3800 2698 3874 superba
2725 3799 2881 3856 nisus
2907 3804 2990 3854 est
3017 3795 3326 3852 temeritate
3371 3799 3674 3866 penetrare.
3709 3789 3818 3864 Ipsi

2225 3908 2353 3965 ergo
2380 3908 2436 3947 se
2466 3907 2562 3964 per
2587 3887 2935 3962 prudentiam
2957 3884 3220 3960 praetulit,
3241 3882 3399 3956 cujus
3407 3881 3684 3956 judicium
3705 3897 3818 3938 non

2227 3980 2584 4054 intelligendo
2593 3977 2886 4052 judicavit.
2908 3975 3018 4050 Ipsi
3038 3992 3095 4032 se
3121 3991 3218 4048 per
3243 3971 3594 4048 prudentiam
3623 3977 3822 4045 praetu-

2229 4080 2358 4148 lit,a
2387 4095 2494 4152 quo
2510 4077 2738 4134 vivendi
2771 4076 3110 4150 spiraculum
3135 4073 3364 4146 accepit;
3383 4067 3530 4128 546
3546 4086 3612 4128 ac
3630 4068 3677 4125 si
3698 4067 3822 4142 plus

2229 4170 2348 4244 ipso
2377 4177 2517 4226 esset
2544 4169 2759 4242 sapiens
2787 4185 2819 4224 a
2847 4184 2958 4242 quo
2985 4166 3220 4224 habebat
3249 4172 3313 4221 ut
3337 4171 3499 4222 esset.
3548 4160 3654 4218 Sed
3693 4157 3823 4233 quia

2229 4259 2422 4316 beatus
2446 4257 2570 4327 Job,
2589 4265 2789 4316 sancta:
2816 4255 3076 4314 Ecclesiae
3107 4262 3300 4328 typum
3329 4261 3542 4320 tenens,
3561 4265 3735 4323 pauca
3762 4245 3820 4303 in

2229 4349 2590 4424 superborum
2621 4343 3248 4420 correptione‘protulit,
3265 4357 3402 4414 quos
3419 4347 3605 4396 tenere
3634 4336 3824 4394 hatre-

2228 4440 2464 4497 ticorum
2493 4437 2730 4510 speciem
2759 4451 2872 4492 non
2901 4431 3194 4507 ignoravit,
3209 4430 3352 4488 sicut
3372 4427 3624 4502 superius
3639 4425 3820 4484 dixit:

518 4515 810 4527 v""'"""
835 4515 903 4536 \_'
935 4515 990 4520 "'
1038 4515 1054 4520 '
1088 4515 1172 4530 "’1
1233 4515 1248 4532 1
1713 4515 1732 4526 .
1913 4515 1932 4523 ..
2026 4515 2043 4522 _

518 4557 791 4614 internani
824 4551 1053 4626 gratiam
1112 4545 1361 4606 infundit
1406 4561 1508 4600 nos
1553 4539 1959 4598 exhortationis
1983 4555 2118 4595 voce
2151 4556 2197 4614 υ
2228 4531 2516 4603 Disputare
2547 4543 2664 4582 cum
2691 4527 2801 4583 Dea
2820 4525 2994 4597 cupio,
3015 4523 3170 4596 prius
3206 4537 3296 4576 vos
3333 4519 3602 4576 ostendens
3638 4515 3825 4587 fabri-

518 4642 921 4710 concurrimus,
950 4640 1058 4698 hoc
1086 4637 1234 4713 quod
1262 4637 1356 4692 ille
1387 4650 1484 4706 per
1510 4631 1769 4705 spiritum
1789 4627 1902 4702 agit
1919 4627 2114 4684 intrin-

519 4751 676 4792 secus
705 4749 804 4789 nos
831 4729 1080 4787 exterius
1127 4724 1438 4784 ministerio
1481 4721 1639 4778 vobis
1679 4719 2031 4793 adjuvamns,
2062 4725 2116 4772 et

521 4833 654 4882 tunc
682 4825 862 4880 solum
892 4827 1082 4878 nostra
1107 4814 1424 4874 exhortatio
1440 4813 1511 4870 ad
1541 4811 1932 4886 perfectionem
1963 4809 2115 4866 duci-

522 4923 630 4985 tur,
649 4931 776 4972 cum
805 4911 866 4969 in
893 4909 1058 4967 corde
1077 4910 1224 4966 Deus
1252 4903 1418 4962 fuerit
1435 4901 1532 4978 qui
1551 4900 1864 4974 adjuvetur.
1889 4899 2043 4957 Unde
2063 4905 2115 4954 et

519 5005 656 5062 alias
681 5003 818 5061 dicit
849 5018 862 5058 :
896 5000 1072 5072 Neque
1098 4996 1193 5069 qui
1215 4996 1429 5068 plantat
1467 4998 1544 5047 est
1569 4991 1802 5062 aliquid,
1832 5007 1995 5060 neque
2023 4989 2118 5059 qui

519 5093 685 5164 rigat,
714 5092 803 5148 sed
819 5091 912 5162 qui
938 5089 1312 5145 incrementum
1341 5082 1434 5138 dat
1459 5081 1602 5138 Deus
1633 5078 1826 5152 (Ibid.,
1847 5077 1927 5151 7).
1959 5077 2116 5132 Plan-

519 5193 638 5242 tare
665 5182 867 5256 quippe
895 5188 950 5236 et
977 5179 1177 5252 rigare,
1198 5174 1460 5248 adjuvare
1487 5179 1590 5230 est.
1623 5169 1782 5240 Quod
1820 5176 2116 5256 utrumque

523 5255 758 5329 vacuum
787 5268 893 5326 erit
921 5265 1312 5333 ministerium,
1345 5262 1392 5320 si
1423 5261 1481 5318 in
1510 5260 1676 5318 corde
1703 5261 1851 5317 Deus
1869 5272 1982 5314 non
2021 5255 2116 5312 dat

521 5363 945 5420 incrementum.
968 5357 1074 5416 Sed
1102 5357 1198 5432 qui
1217 5355 1285 5412 de
1301 5369 1468 5412 sensu
1483 5369 1584 5410 suo
1611 5351 1725 5407 alta
1741 5348 1985 5422 sapiunt,
1998 5361 2115 5402 esse

523 5447 921 5518 humiliterDei
938 5445 1216 5525 adjutores
1229 5441 1586 5516 nolunt,quia
1599 5439 1734 5497 dum
1749 5453 1806 5495 se
1824 5438 1938 5495 Deo
1953 5434 2117 5492 utiles

601 5658 617 5734 ξ
650 5655 919 5734 Vindoc.,_
943 5653 1113 5734 culpis
1131 5649 1418 5734 prostrati.

595 5729 618 5764 ³
651 5729 676 5784 1
709 5727 880 5785 Laud.
898 5721 1092 5794 habet,
1113 5721 1558 5798 iurisperitorum
1571 5733 1626 5781 et
1643 5721 2002 5798 jurisperitis.

597 5803 618 5836 ³
647 5801 769 5858 Duo
797 5798 995 5865 Land.,
1024 5793 1276 5867 nunquid
1294 5793 1563 5852 imbecilli.

2225 4629 2426 4680 catores
2452 4617 2730 4684 mendtwii,
2778 4623 2826 4672 et
2858 4617 3081 4672 cultores
3107 4629 3480 4688 perversorum
3518 4611 3826 4680 dogmatum

2231 4713 2352 4786 (Job
2379 4728 2506 4781 xui,
2537 4709 2592 4778 3,
2619 4707 2678 4779 4)
2703 4725 2716 4776 ;
2750 4715 2976 4778 repente
3004 4721 3060 4762 se
3101 4704 3170 4760 ad
3215 4700 3525 4758 doctrinam
3555 4695 3738 4786 erigit,
3767 4703 3826 4752 et

2227 4784 2416 4860 contra
2427 4801 2694 4858 elatorum
2713 4796 3044 4870 imperitiam
3062 4790 3306 4848 scientia:
3326 4805 3440 4846 sum
3469 4784 3822 4844 latitudinem

2228 4907 2324 4964 per
2351 4888 2650 4947 sententias
2677 4889 2699 4922 ‘
2727 4883 3016 4956 expandit,
3046 4879 3239 4937 dicens
3273 4895 3284 4933 :

2507 4975 2734 5035 CAPUT
2755 4973 2888 5029 XXI
2920 4971 3056 5044 [νει.
3089 4969 3188 5036 ΧΙ,
3216 4969 3336 5024 Hec.
3369 4964 3526 5038 XII].

2299 5067 2468 5126 Vsus.
2499 5067 2552 5123 5.
2583 5094 2654 5105 —
2681 5065 2814 5120 Ecce
2846 5061 3077 5133 gigantes
3103 5062 3312 5130 gemunt
3347 5055 3442 5112 sub
3470 5055 3645 5128 aquis.

2297 5155 2385 5213 30.
2417 5153 2604 5227 Angeli
2630 5159 2678 5208 et
2696 5151 2926 5207 homines
2943 5148 3176 5222 superbi,
3197 5147 3515 5220 ignorantia!
3539 5145 3726 5216 abysso
3749 5143 3825 5198 in-

2226 5247 2529 5302 volvuntur.
2559 5274 2630 5285 —
2656 5240 2896 5314 Dignum
2927 5237 3130 5313 quippe
3144 5244 3263 5294 erat
3278 5245 3340 5296 ut
3370 5253 3468 5310 per
3495 5232 3824 5306 increpatio-

2223 5351 2349 5392 nem
2379 5333 2530 5408 prius
2555 5339 2829 5390 tumorem
2857 5327 3140 5402 sapientiai
3171 5335 3408 5384 terrenae
3425 5322 3818 5396 retunderet,et

2224 5439 2320 5497 per
2347 5422 2654 5481 doctrinam
2677 5419 3028 5494 postmodum
3057 5416 3127 5474 ad
3155 5416 3318 5490 plena
3347 5411 3627 5488 mysteriis
3655 5409 3824 5470 verba

2299 5647 2318 5678 ⁸
2350 5643 2616 5715 Corrupte
2645 5641 2704 5696 in
2732 5637 2884 5715 Edit.
2925 5639 3125 5706 Gilot.,
3170 5632 3462 5703 Vaticana,
3495 5639 3552 5689 et
3579 5629 3824 5708 quibus-

2227 5716 2352 5774 dam
2381 5711 2826 5787 aliisfexpendit.
