4172 6184
431 291 500 348 27
1643 291 1894 350 SANCTI
1932 292 2269 352 GREGORII
2305 294 2533 354 MAGNI
3667 313 3736 369 28

404 494 438 518 ’
801 414 1030 472 CAPUT
1067 413 1255 471 xxvr
1293 409 1436 488 [Rea
1473 411 1647 486 XIV].

499 528 672 585 Vnus.
703 528 758 586 8.
773 561 844 572 —
859 530 964 600 Qui
997 530 1130 601 ligat
1157 544 1326 600 aquas
1346 527 1404 584 in
1417 527 1642 586 nubibus
1659 531 1677 566 ί
1697 530 1832 599 suis,
1853 536 2030 587 utnon

426 624 707 690 erumpant
729 617 938 689 pariter
963 618 1224 673 deorsum.

498 705 584 764 36.
619 707 853 764 Nubium
882 707 1090 762 nomine
1117 707 1376 780 designati
1403 707 1651 779 Apostoli
1677 714 1728 764 et
1751 710 2029 781 pradica-

428 801 583 852 tores.
607 825 678 836 —
705 793 851 862 Quid
882 793 988 851 hoc
1029 795 1150 852 loco
1187 812 1384 870 aquam
1414 796 1524 853 nisi
1551 798 1862 867 scientiam,
1893 799 2028 872 quid

425 884 600 940 nubes
626 883 734 940 nisi
764 884 1148 956 praedicatores
1174 887 1457 959 appellat?
1485 889 1622 945 Nam
1645 889 1774 962 quia
1792 889 1851 944 in
1873 905 2028 946 sacro

423 973 644 1045 eloquio
699 973 996 1046 aliquando
1025 992 1166 1048 aqua
1193 976 1425 1034 scientia
1452 975 1689 1047 dicatur,
1733 977 2026 1034 Salomone

422 1068 714 1118 attestante
733 1061 1049 1134 didicimus,
1071 1066 1166 1140 qui
1183 1067 1260 1124 ait
1279 1084 1290 1123 :
1314 1067 1474 1138 Aqua
1487 1065 1766 1139 profunda
1788 1068 1947 1124 verba
1961 1085 2027 1123 ea:

423 1169 514 1206 ore
539 1151 668 1219 viri,
704 1159 754 1209 et
782 1159 988 1212 torrens
1015 1155 1324 1210 redundans
1370 1155 1491 1226 fons
1528 1156 1824 1228 sapientiw(
1859 1155 2021 1213 Prov.

421 1257 586 1311 xvm,
643 1241 724 1315 4).
783 1243 942 1316 Aqua
971 1243 1178 1315 signari
1222 1245 1510 1302 scientiam
1539 1245 1719 1302 David
1761 1247 2027 1319 propheta

421 1340 674 1402 testatur,
706 1333 896 1391 dicens
937 1351 948 1390 :
998 1335 1286 1392 Tenebrosa
1323 1352 1466 1406 aqua
1519 1337 1574 1392 in
1621 1336 1844 1392 nubibus
1879 1337 2023 1392 aeris

425 1423 600 1495 (Psal.
624 1439 766 1491 xvn,
801 1423 913 1495 l2).
967 1422 1029 1479 Id
1059 1431 1160 1493 est,
1193 1425 1409 1480 occulta
1446 1424 1676 1481 scientia
1705 1425 1760 1481 in
1791 1425 2022 1498 prophe-

419 1512 515 1581 tis,
547 1512 642 1588 qui
671 1519 798 1570 autc
826 1513 1126 1570 adventum
1157 1514 1404 1583 Domini,
1436 1514 1567 1570 dum
1589 1515 1821 1572 occultis
1848 1532 2022 1572 sacra-

421 1602 624 1658 mentis
653 1601 888 1674 gravidi,
920 1601 1182 1676 mysteria
1201 1603 1468 1660 immensa
1485 1612 1776 1677 gestarent,
1797 1605 2020 1661 intuen-

420 1691 564 1748 tium
613 1692 790 1748 oculis
817 1708 1008 1748 eorum
1044 1693 1411 1764 intelligentia
1447 1691 1735 1766 caligabat.
1775 1695 2017 1754 Nubium

2051 417 2105 477 A
2132 418 2341 512 rogavit
2367 424 2426 474 ut
2444 437 2482 512 a
2508 425 2655 512 terra
2673 421 2942 481 reduceret
2944 425 3226 498 pusillum,
3243 431 3382 489 etita
3395 435 3575 494 sedens
3593 455 3734 512 pra:-

2136 507 2347 564 dicabat
2375 510 2544 566 turbis
2567 511 2716 584 (Luc.
2736 531 2795 582 v,
2817 513 2892 588 3).
2920 515 3022 571 Per
3042 533 3237 574 navem
3257 519 3404 578 Petri
3426 525 3560 597 quid
3581 507 3734 586 aliud

2137 614 2302 671 quam
2330 601 2624 659 commissa
2651 603 2811 662 Petro
2840 606 3087 664 Ecclesia
3114 609 3436 682 designatur
3465 615 3494 671 εἴ
3519 617 3599 672 De
3627 633 3736 691 qua

2137 695 2199 743 ut
2252 691 2522 748 Dominus
2577 693 2753 751 turbis
2782 695 3189 756 conﬂuentibus
3216 701 3497 773 praedicet,
3554 722 3673 764 eam
3703 725 3735 764 a

2136 783 2281 834 terra
2299 781 2584 851 paululum
2606 782 2792 840 reduci
2801 783 2980 856 jubet.
3005 786 3177 854 Quam
3199 806 3300 848 nec
3319 791 3376 847 in
3388 792 3561 850 altum
3579 793 3729 866 duci,

2136 873 2190 922 et
2217 873 2401 924 tamen
2431 885 2464 925 a
2489 877 2636 927 terra
2658 872 2908 946 praecipit
2928 878 3220 947 removeri,
3244 880 3492 951 profecto
3519 882 3731 955 signiﬁ-

2136 972 2268 1013 cans
2295 959 2679 1030 praedicatores
2716 979 2844 1022 suos
2871 964 3104 1023 rudibus
3132 967 3330 1024 debere
3359 971 3598 1042 populis,
3628 989 3732 1032 nec

2135 1046 2245 1102 alta
2272 1047 2440 1105 nimis
2468 1049 2534 1105 de
2563 1051 2895 1119 caelestibus,
2927 1071 3028 1110 nec
3056 1063 3239 1112 tamen
3273 1066 3489 1116 terrena
3517 1061 3730 1134 praedi-

2135 1152 2278 1193 care.
2312 1140 2470 1212 Aqua
2497 1140 2682 1214 itaque
2712 1143 2912 1216 ligatur
2937 1161 2997 1200 in
3027 1145 3289 1217 nubibus,
3321 1151 3451 1222 quia
3470 1153 3730 1224 praedica-

2135 1231 2316 1281 torum
2346 1227 2574 1286 scientia
2601 1229 2951 1290 inﬁrmorum
2991 1235 3272 1294 mentibus
3299 1238 3530 1315 loquens
3557 1259 3730 1316 quau-

2133 1321 2253 1371 tum
2283 1318 2486 1374 sentire
2507 1321 2652 1377 valet
2680 1321 2874 1380 docere
2906 1323 3250 1396 prohibetur.
3733 1393 3738 1400 _

2203 1403 2343 1478 [Vet.
2375 1407 2540 1482 XIII]
2563 1409 2650 1466 38.
2677 1411 2916 1484 Inﬁrmis
2934 1415 3192 1472 mentibus
3213 1418 3427 1488 tegenda
3450 1426 3526 1475 est
3559 1421 3728 1476 altior

2128 1495 2366 1552 scientia.
2399 1527 2471 1538 —
2497 1499 2632 1555 Nam
2663 1501 2986 1577 plerumque
3014 1505 3062 1562 si
3103 1506 3420 1564 auditorum
3448 1526 3544 1566 cor
3571 1509 3726 1567 verbi

2129 1585 2499 1645 immensitate
2519 1592 2913 1664 corrumpitur,
2931 1595 3119 1668 lingua
3133 1597 3451 1656 docentium
3465 1599 3727 1660 indiscre-

2127 1674 2296 1732 tionis
2318 1678 2338 1711 ⁴
2369 1693 2528 1748 pmna
2557 1681 2872 1739 mulctatur.
2907 1684 3060 1741 Unde
3087 1685 3353 1759 scriptum
3373 1696 3490 1745 est:
3525 1691 3584 1748 Si
3611 1691 3730 1762 quis

421 1798 552 1839 vero
582 1781 806 1838 nomine
835 1782 968 1856 quid
985 1781 1163 1839 hocin
1193 1783 1313 1840 loco
1340 1783 1492 1840 aliud
1522 1800 1684 1856 quam
1702 1784 2019 1858 przedicato-
2047 1781 2093 1842 B
2126 1766 2398 1858 αΡὲνῖαθάί
2423 1768 2702 1824 mmmam
2757 1777 2803 1825 ει
2849 1771 3067 1842 ﬁderit:
3092 1781 3141 1829 εί
3165 1792 3272 1830 ποη
3297 1779 3564 1849 operuerit
3589 1798 3726 1848 eam.
3752 1825 3758 1831 -

421 1889 507 1929 res
561 1873 759 1943 sancti,
816 1873 874 1930 id
930 1881 1013 1930 est
1067 1873 1323 1946 apostoli,
1381 1873 1760 1946 designantur,
1793 1874 1887 1947 qui
1923 1891 2020 1947 per

420 1961 616 2019 mundi
645 1969 826 2034 partes
867 1962 1299 2036 circumquaque
1352 1963 1686 2031 transmissi,
1745 1969 1799 2018 et
1837 1963 2019 2020 verbis

419 2061 688 2109 noverant
717 2053 925 2125 pluere,
957 2060 1012 2108 et
1027 2052 1312 2109 miraculis
1331 2053 1662 2111 coruscare?
1681 2053 1830 2122 Quos
1850 2053 2018 2110 Isaias

418 2141 687 2214 propheta
734 2143 894 2214 longe
935 2149 1061 2200 ante
1101 2142 1344 2211 intuens,
1375 2141 1550 2199 dixit:
1601 2143 1704 2212 Qui
1728 2150 1851 2198 sunt
1874 2149 2018 2208 548

415 2240 508 2295 isti
534 2241 627 2312 qui
658 2247 715 2296 ut
741 2241 899 2296 nubes
927 2243 1151 2299 volant?
1166 2241 1307 2310 Quia
1333 2241 1503 2314 igitur
1521 2241 1609 2297 vir
1627 2241 1752 2312 iste,
1769 2242 2016 2315 prophe—

416 2330 529 2389 tico
557 2333 753 2405 plenus
780 2332 1004 2404 spiritu,
1034 2331 1094 2388 in
1122 2331 1226 2390 hac
1255 2332 1534 2389 locutione
1573 2350 1672 2390 sua
1700 2333 1769 2390 ad
1798 2333 2014 2390 laudem

416 2421 515 2477 Dei
545 2421 707 2478 initia
735 2422 1014 2478 nascentis
1027 2422 1286 2476 Ecclesiae
1302 2421 1578 2478 desiderat
1602 2421 1870 2491 exordiri,
1889 2430 2017 2479 stu-

416 2511 510 2569 det
539 2511 658 2585 ejus
685 2511 938 2569 ordinem
968 2511 1036 2567 ab
1058 2512 1432 2584 apostolorum
1462 2511 1853 2583 praedicatione
1881 2528 2017 2567 nar-

416 2617 557 2670 rare,
591 2602 686 2674 qui
741 2607 1075 2658 curaverunt
1127 2616 1476 2671 summopere
1515 2599 1747 2656 rudibus
1800 2600 2017 2674 populis

416 2693 578 2766 plana
606 2698 662 2746 et
687 2691 710 2726 ²
742 2689 1030 2762 capabilia,
1049 2705 1162 2744 non
1183 2707 1399 2746 summa
1417 2697 1582 2763 atque
1609 2689 1779 2745 ardua
1807 2690 2018 2761 praedi-

414 2798 556 2841 care.
589 2782 726 2839 Nam
755 2781 802 2837 si
833 2779 1123 2836 scientiam
1153 2788 1421 2849 sanctam,
1453 2796 1573 2853 quae
1603 2778 1696 2836 hic
1723 2796 1876 2853 aqua:
1908 2795 2018 2835 no-

416 2872 565 2929 mine
594 2871 934 2943 designatur,
965 2878 1028 2926 ut
1058 2869 1387 2926 hauriebant
1403 2869 1588 2940 corde,
1606 2869 1682 2926 ita
1697 2886 1789 2926 ore
1810 2868 2019 2926 funde—

415 2971 558 3032 rent,
590 2959 959 3017 immensitate
991 2959 1112 3033 ejus
1140 2959 1424 3017 auditores
1469 2977 1598 3016 suos
1643 2959 2016 3032 opprimerent

413 3053 597 3126 potius
638 3069 802 3126 quam
858 3052 1124 3124 rigarent.
1187 3051 1344 3109 Unde
1401 3051 1628 3124 religata
1683 3049 2016 3106 intrinsecus

2127 1855 2467 1928 occideritque
2493 1858 2584 1912 bos
2613 1861 2692 1915 vel
2717 1861 2902 1915 asinus
2953 1863 3008 1917 in
3057 1881 3192 1930 eam,
3219 1865 3464 1921 dominus
3490 1869 3728 1926 cisternas

2129 1945 2308 2000 reddet
2325 1947 2556 2017 pretium
2568 1947 2930 2016 jumentorum
2961 1949 3162 2021 (Exod.
3183 1971 3302 2023 xxx,
3332 1955 3446 2028 33).
3481 1956 3625 2026 Quid
3645 1966 3729 2016 est

2127 2033 2276 2090 enim
2306 2035 2518 2108 aperire
2545 2037 2862 2108 cisternam,
2893 2040 3002 2096 nisi
3030 2041 3317 2100 intellectu
3353 2046 3539 2103 valido
3568 2048 3727 2105 Scri-

2126 2131 2300 2196 pturae
2329 2140 2496 2182 sacra;
2523 2142 2722 2183 arcana
2748 2136 3031 2200 penetrare
3051 2130 3080 2187 ‘I
3109 2129 3253 2198 Quid
3281 2139 3463 2188 autem
3493 2150 3590 2206 per
3616 2133 3728 2190 bo-

2126 2229 2250 2270 vem
2306 2223 2361 2270 et
2413 2215 2654 2285 asinum,
2700 2218 2972 2276 mundum
3013 2220 3224 2277 scilicet
3270 2229 3324 2278 et
3370 2221 3722 2281 immundum

2125 2303 2352 2372 animal,
2375 2304 2482 2360 nisi
2503 2304 2686 2363 ﬁdelis
2701 2307 2932 2381 quisque
2954 2316 3008 2365 et
3026 2309 3268 2368 inﬁdelis
3288 2311 3560 2383 accipitur
3573 2313 3602 2370 ‘i’
3619 2313 3724 2381 Qui

2125 2406 2253 2462 ergo
2281 2392 2576 2450 cisternam
2605 2395 2770 2464 fodit,
2799 2398 3097 2470 cooperiat,
3128 2415 3196 2455 ne
3225 2398 3362 2456 illuc
3387 2400 3489 2457 bos
3507 2402 3590 2456 vel
3621 2402 3724 2458 asi-

2125 2501 2231 2540 nus
2259 2495 2403 2555 ruat,
2435 2488 2493 2544 id
2521 2497 2625 2558 est,
2655 2490 2752 2562 qui
2781 2491 2838 2547 in
2867 2507 3021 2548 sacro
3049 2492 3269 2566 eloquio
3291 2492 3406 2566 jam
3425 2494 3536 2550 alta
3565 2493 3724 2552 intel-

2126 2573 2269 2646 ligit,
2300 2577 2566 2634 sublimes
2620 2596 2810 2636 sensus
2855 2598 3040 2638 coram
3077 2599 3191 2638 non
3237 2583 3582 2656 capientibus
3631 2602 3727 2657 per

2127 2665 2411 2721 silentium
2441 2673 2608 2739 tegat,
2626 2683 2694 2724 ne
2718 2685 2815 2740 per
2841 2671 3160 2728 scandalum
3179 2673 3380 2728 mentis
3391 2681 3489 2729 aut
3508 2674 3727 2731 ﬁdelem

2123 2755 2442 2827 parvulum,
2471 2763 2567 2810 aut
2595 2754 2898 2826 inﬁdelem,
2930 2759 3025 2831 qui
3059 2761 3280 2816 credere
3310 2761 3598 2833 potuisset,
3630 2763 3726 2820 in-

2123 2843 2362 2899 terimat.
2383 2843 2472 2898 Ex
2503 2851 2678 2898 morte
2707 2845 2854 2900 enim
2879 2844 3259 2917 jumentorum
3280 2849 3440 2906 debet
3459 2850 3722 2921 pretium,

2124 2933 2253 3006 quia
2282 2933 2422 2990 illud
2451 2931 2662 2989 scilicet
2689 2935 2710 2968 5
2741 2935 3028 2994 admisisse
3056 2937 3429 3006 convincitur,
3468 2938 3615 2996 unde
3653 2941 3724 2998 ad

2124 3021 2388 3094 agendam
2419 3023 2798 3096 paenitentiam
2829 3042 2956 3084 reus
2981 3033 3219 3084 tenetur.
3256 3030 3277 3064 ⁶
3307 3027 3614 3102 Operienda
3642 3037 3724 3086 est

413 3109 670 3210 scientia:
694 3149 756 3196 ut
783 3157 897 3196 non
926 3141 1132 3212 pariter
1158 3141 1415 3196 deorsum
1445 3145 1774 3211 erumperet,
1805 3138 2017 3194 audito-

2129 3109 2312 3184 itaque
2341 3110 2600 3182 cisterna,
2631 3113 2760 3186 quia
2788 3131 2971 3172 coram
3001 3117 3249 3190 parvulis
3271 3123 3416 3182 549
3445 3117 3724 3176 mentibus

412 3248 500 3289 res
527 3247 653 3288 suos
681 3229 1047 3287 distillatione
1079 3229 1377 3284 verborum
1409 3228 1682 3296 nutriens,
1713 3227 1890 3284 nubes
1919 3228 2016 3284 illa

413 3320 759 3395 loquebatur,
789 3320 1005 3376 dicens:
1031 3320 1156 3376 Non
1178 3319 1334 3391 potui
1357 3319 1502 3390 loqui
1529 3317 1675 3372 vobis
1708 3317 1865 3388 quasi
1893 3318 2014 3390 spi-

413 3412 684 3479 ritalibus,
713 3411 802 3466 sed
828 3411 981 3482 quasi
1028 3410 1358 3476 carnalibus,
1391 3416 1642 3480 tanquam
1683 3409 1932 3481 parvulis
1958 3408 2016 3464 in

313 3505 328 3512 “
417 3504 626 3560 Christo
655 3505 736 3560 lac
760 3503 904 3557 vobis
926 3509 1110 3574 potum
1137 3501 1278 3569 dedi,
1296 3517 1402 3556 non
1422 3517 1588 3556 escam
1617 3500 1675 3572 (Ι
1695 3501 1820 3557 Cor.
1852 3517 1937 3568 ιιι,
1963 3501 2014 3568 1,

412 3595 492 3668 2).
526 3593 661 3662 Quis
689 3592 837 3648 enim
867 3591 1010 3648 ferre
1056 3590 1343 3664 potuisset,
1374 3589 1419 3645 si
1469 3596 1656 3662 raptus
1693 3589 1762 3645 ad
1791 3588 2015 3644 tertium

412 3684 636 3752 caelum,
667 3689 855 3754 raptus
884 3681 942 3736 in
999 3681 1338 3754 paradisum,
1397 3679 1564 3736 etiam
1624 3694 1823 3735 arcana
1851 3678 2018 3734 verba

412 3775 640 3832 audiens
670 3791 788 3851 qua:
819 3775 970 3848 loqui
1001 3774 1216 3830 homini
1247 3790 1358 3829 non
1391 3773 1602 3842 liceret,
1635 3780 1747 3830 tam
1769 3773 2018 3830 immen—

413 3879 500 3919 sos
527 3880 775 3936 supernae
804 3863 1047 3921 scientiae
1077 3861 1232 3920 sinus
1261 3862 1496 3935 aperiret
1515 3865 1600 3935 (II
1629 3864 1754 3920 Cor.
1789 3879 1892 3932 xu,
1924 3862 2016 3934 2)?

414 3955 525 4009 Aut
553 3953 711 4027 cujus
739 3970 852 4010 non
882 3953 1146 4010 virtutem
1193 3952 1464 4010 auditoris
1493 3952 1848 4026 opprimeret,
1879 3953 1925 4009 si
1955 3968 2018 4008 ea

413 4062 533 4118 quae
563 4044 898 4102 intrinsecus
927 4045 1150 4100 haurire
1180 4052 1412 4116 poterat,
1443 4045 1500 4099 in
1531 4054 1803 4120 quantum
1835 4043 2017 4101 carnis

413 4137 602 4208 lingua
631 4136 922 4203 suﬂiceret,
955 4134 1300 4190 extrinsecus
1348 4133 1626 4191 inundans
1662 4152 1818 4211 aqua:
1847 4136 2017 4210 hujus

413 4225 756 4283 immensitas
783 4231 1086 4281 emanasset
1106 4224 1134 4280 Ῡ

485 4316 570 4371 37.
605 4315 779 4374 Rudes
823 4313 1093 4369 auditores
1137 4329 1242 4367 non
1271 4311 1636 4379 inundatione,
1676 4315 1764 4371 sed
1791 4315 2016 4372 distilla-

415 4406 550 4462 tione
580 4404 807 4460 scientia:
833 4409 958 4458 sunt
975 4401 1267 4473 irrigandi.
1294 4431 1358 4442 —
1381 4402 1452 4458 Ut
1472 4418 1603 4459 vero
1618 4403 1896 4461 auditores
1915 4423 2019 4462 ru-

413 4496 508 4554 des
535 4513 647 4552 non
678 4493 1038 4552 inundatione
1067 4491 1332 4561 scientiae,
1361 4493 1457 4549 sed
1488 4493 1764 4551 moderata
1795 4497 2008 4570 praedi-
2045 4517 2092 4576 ι)

411 4587 647 4644 cationis
677 4584 1039 4643 distillatione
1069 4584 1386 4652 foveantur,
1427 4583 1556 4656 ligat
1586 4587 1729 4641 Deus
1757 4603 1924 4660 aquas
1953 4589 2008 4650 in

411 4676 674 4746 nubibus,
705 4683 767 4732 ut
795 4692 906 4731 non
922 4681 1215 4746 erumpant
1237 4665 1442 4746 pariter
1461 4673 1739 4743 deorsum,
1758 4677 1886 4750 quia
1901 4679 2014 4737 do-

411 4774 626 4825 ctorum
661 4764 1108 4840 praedicationem
1125 4770 1412 4836 temperat,
1432 4770 1493 4818 ut
1509 4763 1822 4822 auditorum
1845 4767 2012 4824 inﬁr-

413 4855 596 4925 mitas,
642 4857 664 4892 ³
720 4855 998 4912 dictorum
1037 4869 1159 4910 rore
1216 4853 1426 4908 nutrita
1455 4853 1818 4912 convalescat.
1851 4858 2010 4926 Quod

410 4945 548 5002 bene
603 4947 662 5002 in
715 4944 1018 5017 Evangelio
1074 4942 1310 5016 mystica
1337 4943 1706 5015 descriptione
1734 4956 2008 5016 narratur,

412 5034 544 5094 dum
574 5035 814 5093 dicitur:
848 5031 1094 5092 Ascendit
1120 5033 1272 5089 Jesus
1320 5033 1376 5087 in
1403 5033 1703 5088 naviculam
1755 5037 1925 5108 Petri,
1963 5045 2011 5094 et

489 5267 502 5300 ¹
537 5267 701 5320 Deest
725 5263 836 5319 suis
866 5265 922 5318 in
950 5265 1140 5320 Norm.
1171 5270 1226 5318 et
1254 5262 1437 5320 Germ.

486 5337 508 5372 ²
539 5337 565 5391 1
607 5334 807 5403 Laud.,
838 5335 1114 5407 capitalia.

484 5409 504 5443 ³
537 5407 748 5480 Yitiose
768 5407 826 5462 in
848 5407 1246 5479 posterioribus
1269 5408 1448 5480 Edit.,
1477 5411 1746 5469 doctorum
1780 5427 1919 5466 rore.

484 5481 505 5514 ⁸
535 5478 737 5535 Omnes
763 5478 977 5552 Norm.,
1006 5482 1180 5552 culpa.

483 5552 502 5586 ⁵
534 5551 796 5621 Vindoc.,
822 5551 1192 5608 amisisseflta
1218 5552 1384 5609 etiam
1413 5553 1524 5610 duo
1551 5555 1721 5611 Laud.
1755 5555 2005 5611 etGerm.

483 5625 506 5660 ⁵
536 5623 663 5680 Post
691 5631 915 5689 tenetur,
975 5623 1033 5680 in
1064 5624 1213 5680 Edit.
1246 5623 1412 5680 Basil.
1449 5625 1607 5695 1514,
1638 5626 1812 5683 Paris.
1847 5625 2008 5694 1518,

409 5703 464 5750 et
491 5703 739 5769 aequent.
763 5695 994 5769 legitur:
1031 5695 1280 5769 Quisquis
1306 5711 1532 5769 namque
1558 5698 1628 5752 ad
1646 5699 1758 5754 alta
1786 5697 2014 5769 scientia
2069 5753 2078 5759 .

408 5767 606 5838 ﬂuenta
627 5767 956 5840 perveniens,
1004 5783 1120 5823 cum
1174 5767 1280 5823 haec
1325 5768 1474 5840 apud
1501 5768 1658 5826 bruta
1685 5768 2012 5826 audientium

2126 3213 2356 3283 tegenda
2383 3223 2466 3270 est
2493 3215 2603 3270 alta
2631 3214 2880 3284 scientia,
2911 3233 2980 3272 ne
3008 3217 3154 3274 unde
3183 3236 3280 3276 cor
3306 3219 3624 3277 docentium
3653 3222 3722 3279 ad

2124 3321 2340 3361 summa
2368 3305 2661 3374 attollitur,
2693 3305 2822 3363 inde
2843 3305 3138 3364 inﬁrmitas
3167 3308 3485 3366 auditorum
3513 3311 3582 3368 ad
3613 3311 3724 3369 ima

2125 3393 2420 3466 dilabatur.
2444 3395 2672 3452 Dicatur
2685 3395 2854 3468 igitur
2869 3404 3036 3453 recte:
3072 3398 3174 3465 Qui
3196 3399 3327 3469 ligat
3343 3416 3514 3470 aquas
3531 3400 3592 3456 in
3609 3418 3724 3458 nu-

2125 3483 2293 3550 bibus,
2323 3491 2382 3540 ut
2411 3503 2516 3542 non
2529 3493 2811 3558 erumpant
2819 3486 3029 3559 pariter
3047 3487 3311 3544 deorsum.
3329 3489 3541 3546 Pariter
3555 3508 3722 3548 nam-

2124 3589 2231 3648 que
2253 3590 2406 3647 aquae
2427 3584 2799 3648 erumperent,
2822 3576 2868 3632 si
2890 3593 3073 3633 coram
3093 3576 3331 3634 inﬁrmis
3346 3578 3718 3650 auditoribus,

2124 3672 2329 3738 quanta
2353 3673 2434 3722 est
2460 3665 2690 3721 scientia
2717 3682 2788 3721 ex
2817 3682 2909 3722 ore
2939 3667 3218 3740 loquentis
3241 3677 3540 3739 emanaret,
3562 3669 3608 3726 si
3636 3671 3722 3726 si-

2126 3755 2240 3811 mul
2269 3771 2326 3810 se
2351 3755 2533 3812 omnis
2553 3755 2840 3828 plenitudo
2859 3756 3266 3828 praedicationis
3283 3758 3607 3828 effunderet,
3632 3760 3653 3794 ⁸
3669 3767 3723 3816 et

2124 3843 2204 3900 nil
2220 3844 2324 3901 sibi
2341 3862 2467 3902 cum
2485 3845 2900 3918 proﬁcientibus
2919 3857 3238 3904 reservaret.
3263 3847 3502 3920 Dignum
3519 3848 3721 3921 quippe

2123 3941 2206 3989 est
2247 3943 2309 3990 ut
2351 3935 2444 4007 qui
2499 3935 2760 4006 praedicat
2803 3935 3080 3991 audientis
3122 3937 3348 3993 modum
3387 3937 3718 4008 consideret,

2126 4031 2395 4096 quatenus
2414 4025 2532 4096 ipsa
2547 4026 2864 4098 praedicatio
2883 4043 3010 4084 cum
3027 4027 3297 4085 auditoris
3312 4029 3396 4086 sui
3415 4030 3719 4087 incremen-

2122 4114 2196 4170 tis
2223 4122 2448 4172 crescat.
2473 4116 2562 4172 Sic
2591 4117 2792 4189 quippe
2821 4133 2978 4189 agere
2997 4118 3375 4192 unusquisque
3392 4120 3722 4192 pradicator

2124 4204 2305 4274 debet,
2334 4205 2480 4261 sicut
2505 4221 2632 4261 cum
2662 4206 2760 4262 illo
2789 4207 3062 4264 divinitus
3075 4208 3276 4280 agitur,
3297 4217 3359 4266 ut
3374 4225 3718 4284 nequaquam

2123 4302 2324 4351 cuncta
2351 4311 2473 4368 quae
2501 4296 2669 4352 sentit
2709 4295 2949 4353 inﬁrmis
2977 4297 3243 4368 insinuet,
3278 4299 3408 4373 quia
3436 4307 3491 4355 et
3520 4315 3720 4372 quous-

2125 4400 2230 4456 que
2258 4385 2373 4458 ipse
2403 4401 2565 4441 carne
2594 4387 2948 4444 mortalitatis
2976 4387 3236 4446 inﬁrmus
3263 4395 3365 4457 est,
3397 4404 3461 4444 ea
3485 4404 3606 4462 quas
3635 4405 3722 4445 su-

2123 4489 2293 4546 perna
2319 4482 2449 4530 sunt
2462 4483 2660 4532 cuncta
2679 4492 2791 4532 non
2807 4477 2994 4533 sentit.
3011 4477 3315 4534 Praedicare
3343 4493 3472 4549 ergo
3490 4476 3724 4534 rudibus

2122 4579 2235 4620 non
2255 4563 2415 4620 debet
2443 4572 2710 4637 quantum
2741 4565 3045 4637 cognoscit,
3076 4567 3206 4639 quia
3223 4573 3277 4648 et
3304 4566 3421 4639 ipse
3440 4566 3508 4623 de
3537 4582 3720 4637 super-

2121 4655 2208 4710 nis
2237 4654 2517 4728 mysteriis
2543 4673 2871 4728 cognoscere
2900 4673 3013 4714 non
3041 4657 3190 4714 valet
3203 4665 3408 4730 quanta
3426 4657 3557 4712 sint.
3579 4654 3722 4711 Hinc

2119 4755 2200 4802 est
2226 4745 2374 4802 enim
2405 4746 2548 4820 quod
2564 4747 2765 4804 Paulus
2801 4750 3102 4820 apostolus,
3129 4754 3416 4820 postquam
3443 4745 3722 4818 mysteriis

2119 4836 2434 4894 caelestibus
2462 4837 2735 4904 interfuit,
2765 4837 2932 4894 dicit:
2975 4837 3215 4894 Videmus
3239 4852 3380 4890 nunc
3400 4852 3502 4908 per
3527 4852 3722 4908 specu-

2121 4928 2230 4982 lum
2252 4927 2310 4981 in
2337 4927 2630 4997 aenigmate,
2663 4933 2784 4982 tunc
2803 4933 2976 4982 autem
3005 4924 3142 4994 facie
3168 4925 3240 4981 ad
3277 4924 3469 4994 faciem
3502 4926 3561 4999 (Ι
3589 4927 3716 4985 Cor.

2117 5034 2242 5086 xm,
2276 5014 2388 5088 l2).
2413 5014 2566 5073 Unde
2595 5023 2650 5072 et
2677 5015 2944 5072 continuo
2972 5014 3065 5072 hic
3091 5014 3374 5087 sequitur:

2115 5233 2277 5315 corda
2305 5249 2410 5288 non
2437 5233 2749 5316 cantavcrit,
2769 5249 2937 5303 plenae
2951 5249 3070 5316 reus
3083 5232 3374 5314 addicitur,
3391 5234 3440 5288 si
3447 5250 3546 5316 per
3560 5233 3715 5316 verba

2116 5305 2230 5376 ejus
2255 5305 2312 5359 in
2362 5305 2679 5376 scandalum
2703 5305 2809 5376 sive
2857 5304 3079 5370 munda,
3130 5305 3236 5360 sire
3265 5322 3409 5376 mens
3441 5304 3716 5360 immunda

2117 5375 2382 5448 capiat-ur.
2411 5375 2738 5448 Quaarverba
2780 5375 2984 5448 frustra
3025 5385 3340 5448 quaerentur
3367 5375 3424 5448 in
3453 5376 3717 5448 omnibus

2117 5437 2246 5504 Mss.
2278 5437 2501 5503 nostris.
2533 5447 2749 5502 Absunt
2793 5446 2958 5504 etiam
2991 5437 3060 5503 ab
3099 5447 3248 5504 Edit.
3272 5437 3450 5504 'Paris.
3487 5447 3626 5505 1495
3662 5455 3717 5504 et

2119 5519 2526 5592 antiquioribus
2551 5519 2694 5574 aliis.
2740 5519 2804 5574 In
2833 5519 3044 5577 caeteris
3072 5536 3101 5575 e
3132 5520 3376 5592 margine
3408 5519 3468 5576 in
3497 5527 3715 5576 textum

2119 5591 2475 5647 tranSierunt.

2190 5665 2211 5701 ⁷
2247 5664 2270 5720 1
2305 5661 2502 5734 Laud.,
2533 5668 2580 5718 et
2607 5663 2689 5721 nil
2710 5662 2758 5720 si
2787 5664 3182 5741 proﬁcientibus
3209 5671 3496 5728 reservant.
