  <div class='ocr_page' id='page_1' title='image "/cluster/home/n/w/nwhite01/storage/ocr_20150623/76/hvd.32044052772456/020.png"; bbox 0 0 4172 6184; ppageno 0'>
   <div class='ocr_carea' id='block_1_1' title="bbox 393 243 3722 362">
    <p class='ocr_par' dir='ltr' id='par_1_1' title="bbox 393 243 3722 362">
     <span class='ocr_line' id='line_1_1' title="bbox 393 243 3722 362; baseline 0.002 -12"><span class='ocrx_word' id='word_1_1' title='bbox 393 301 466 362; x_wconf 75' lang='lat'><strong>29</strong></span> <span class='ocrx_word' id='word_1_2' title='bbox 1177 243 1552 352; x_wconf 65' lang='lat' dir='ltr'>MOitALIUM</span> <span class='ocrx_word' id='word_1_3' title='bbox 1591 291 1725 348; x_wconf 88' lang='lat' dir='ltr'><strong>LIB.</strong></span> <span class='ocrx_word' id='word_1_4' title='bbox 1767 290 1945 351; x_wconf 79' lang='lat' dir='ltr'><strong>XVII.</strong></span> <span class='ocrx_word' id='word_1_5' title='bbox 1986 320 2058 336; x_wconf 92' lang='lat'><strong>-</strong></span> <span class='ocrx_word' id='word_1_6' title='bbox 2095 291 2167 351; x_wconf 89' lang='lat' dir='ltr'>IN</span> <span class='ocrx_word' id='word_1_7' title='bbox 2203 291 2434 351; x_wconf 78' lang='lat' dir='ltr'><strong>CAPUT</strong></span> <span class='ocrx_word' id='word_1_8' title='bbox 2468 293 2655 352; x_wconf 84' lang='lat' dir='ltr'><strong>XXIV</strong></span> <span class='ocrx_word' id='word_1_9' title='bbox 2696 296 2758 352; x_wconf 90' lang='grc' dir='ltr'>Β.</span> <span class='ocrx_word' id='word_1_10' title='bbox 2802 296 2946 351; x_wconf 84' lang='lat' dir='ltr'>JOB.</span> <span class='ocrx_word' id='word_1_11' title='bbox 3653 302 3722 358; x_wconf 85' lang='lat'>30</span> 
     </span>
    </p>
   </div>
   <div class='ocr_carea' id='block_1_2' title="bbox 773 418 1618 498">
    <p class='ocr_par' dir='ltr' id='par_1_2' title="bbox 773 418 1618 498">
     <span class='ocr_line' id='line_1_2' title="bbox 773 418 1618 498; baseline -0.005 -16"><span class='ocrx_word' id='word_1_12' title='bbox 773 424 1004 482; x_wconf 87' lang='lat' dir='ltr'>CAPUT</span> <span class='ocrx_word' id='word_1_13' title='bbox 1042 423 1255 481; x_wconf 85' lang='lat' dir='ltr'>xxvn</span> <span class='ocrx_word' id='word_1_14' title='bbox 1282 421 1428 498; x_wconf 66' lang='lat' dir='ltr'>[Rea</span> <span class='ocrx_word' id='word_1_15' title='bbox 1473 418 1618 494; x_wconf 84' lang='lat' dir='ltr'>XV].</span> 
     </span>
    </p>
   </div>
   <div class='ocr_carea' id='block_1_3' title="bbox 474 531 2010 604">
    <p class='ocr_par' dir='ltr' id='par_1_3' title="bbox 474 531 2010 604">
     <span class='ocr_line' id='line_1_3' title="bbox 474 531 2010 604; baseline -0.007 -5"><span class='ocrx_word' id='word_1_16' title='bbox 474 541 656 600; x_wconf 61' lang='lat' dir='ltr'>Vnus;</span> <span class='ocrx_word' id='word_1_17' title='bbox 679 538 733 594; x_wconf 91' lang='lat'>9.</span> <span class='ocrx_word' id='word_1_18' title='bbox 767 567 840 579; x_wconf 97' lang='lat'><strong>—</strong></span> <span class='ocrx_word' id='word_1_19' title='bbox 871 535 976 604; x_wconf 82' lang='lat' dir='ltr'>Qui</span> <span class='ocrx_word' id='word_1_20' title='bbox 1004 539 1136 590; x_wconf 85' lang='lat' dir='ltr'>tenet</span> <span class='ocrx_word' id='word_1_21' title='bbox 1163 535 1366 590; x_wconf 80' lang='lat' dir='ltr'>vultum</span> <span class='ocrx_word' id='word_1_22' title='bbox 1393 532 1518 590; x_wconf 86' lang='lat' dir='ltr'>solii</span> <span class='ocrx_word' id='word_1_23' title='bbox 1545 531 1650 600; x_wconf 85' lang='lat' dir='ltr'>sui,</span> <span class='ocrx_word' id='word_1_24' title='bbox 1681 537 1730 587; x_wconf 90' lang='lat' dir='ltr'>et</span> <span class='ocrx_word' id='word_1_25' title='bbox 1754 531 2010 603; x_wconf 65' lang='lat' dir='ltr'>expandit</span> 
     </span>
    </p>
   </div>
   <div class='ocr_carea' id='block_1_4' title="bbox 399 628 1203 706">
    <p class='ocr_par' dir='ltr' id='par_1_4' title="bbox 399 628 1203 706">
     <span class='ocr_line' id='line_1_4' title="bbox 399 628 1203 706; baseline -0.007 -17"><span class='ocrx_word' id='word_1_26' title='bbox 399 650 562 706; x_wconf 84' lang='lat' dir='ltr'>super</span> <span class='ocrx_word' id='word_1_27' title='bbox 587 629 728 686; x_wconf 84' lang='lat' dir='ltr'>illud</span> <span class='ocrx_word' id='word_1_28' title='bbox 754 628 1000 685; x_wconf 81' lang='lat' dir='ltr'><strong><em>nebulam</em></strong></span> <span class='ocrx_word' id='word_1_29' title='bbox 1032 644 1203 683; x_wconf 89' lang='lat' dir='ltr'>suam.</span> 
     </span>
    </p>
   </div>
   <div class='ocr_carea' id='block_1_5' title="bbox 468 734 2007 809">
    <p class='ocr_par' dir='ltr' id='par_1_5' title="bbox 468 734 2007 809">
     <span class='ocr_line' id='line_1_5' title="bbox 468 734 2007 809; baseline -0.007 -10"><span class='ocrx_word' id='word_1_30' title='bbox 468 741 557 799; x_wconf 88' lang='lat'>39.</span> <span class='ocrx_word' id='word_1_31' title='bbox 591 741 658 798; x_wconf 90' lang='lat' dir='ltr'><strong>In</strong></span> <span class='ocrx_word' id='word_1_32' title='bbox 671 739 771 795; x_wconf 83' lang='lat' dir='ltr'>hac</span> <span class='ocrx_word' id='word_1_33' title='bbox 787 738 892 795; x_wconf 82' lang='lat' dir='ltr'>vita</span> <span class='ocrx_word' id='word_1_34' title='bbox 911 736 1088 809; x_wconf 86' lang='lat' dir='ltr'>gloria</span> <span class='ocrx_word' id='word_1_35' title='bbox 1119 735 1217 791; x_wconf 84' lang='lat' dir='ltr'>Dei</span> <span class='ocrx_word' id='word_1_36' title='bbox 1244 753 1309 790; x_wconf 69' lang='lat' dir='ltr'>ex</span> <span class='ocrx_word' id='word_1_37' title='bbox 1330 741 1489 808; x_wconf 88' lang='lat' dir='ltr'>parte</span> <span class='ocrx_word' id='word_1_38' title='bbox 1520 741 1723 790; x_wconf 77' lang='lat' dir='ltr'>tantum</span> <span class='ocrx_word' id='word_1_39' title='bbox 1751 734 2007 805; x_wconf 85' lang='lat' dir='ltr'>cognosci-</span> 
     </span>
    </p>
   </div>
   <div class='ocr_carea' id='block_1_6' title="bbox 400 823 2008 896">
    <p class='ocr_par' dir='ltr' id='par_1_6' title="bbox 400 823 2008 896">
     <span class='ocr_line' id='line_1_6' title="bbox 400 823 2008 896; baseline -0.006 -9"><span class='ocrx_word' id='word_1_40' title='bbox 400 838 507 888; x_wconf 87' lang='lat' dir='ltr'>tur.</span> <span class='ocrx_word' id='word_1_41' title='bbox 529 862 602 872; x_wconf 95' lang='lat'><strong>—</strong></span> <span class='ocrx_word' id='word_1_42' title='bbox 621 831 684 886; x_wconf 87' lang='lat' dir='ltr'><strong>In</strong></span> <span class='ocrx_word' id='word_1_43' title='bbox 704 827 868 884; x_wconf 89' lang='lat' dir='ltr'>vultu</span> <span class='ocrx_word' id='word_1_44' title='bbox 886 827 1028 882; x_wconf 88' lang='lat' dir='ltr'>solet</span> <span class='ocrx_word' id='word_1_45' title='bbox 1045 823 1290 896; x_wconf 77' lang='lat' dir='ltr'>cognitio</span> <span class='ocrx_word' id='word_1_46' title='bbox 1311 823 1697 880; x_wconf 89' lang='lat' dir='ltr'>demonstrari.</span> <span class='ocrx_word' id='word_1_47' title='bbox 1724 823 1859 880; x_wconf 91' lang='lat' dir='ltr'>Solii</span> <span class='ocrx_word' id='word_1_48' title='bbox 1881 839 2008 894; x_wconf 83' lang='lat' dir='ltr'>ergo</span> 
     </span>
    </p>
   </div>
   <div class='ocr_carea' id='block_1_7' title="bbox 399 913 2008 994">
    <p class='ocr_par' dir='ltr' id='par_1_7' title="bbox 399 913 2008 994">
     <span class='ocr_line' id='line_1_7' title="bbox 399 913 2008 994; baseline -0.006 -17"><span class='ocrx_word' id='word_1_49' title='bbox 399 921 519 994; x_wconf 85' lang='lat' dir='ltr'>ejus</span> <span class='ocrx_word' id='word_1_50' title='bbox 547 921 738 977; x_wconf 90' lang='lat' dir='ltr'>vultus</span> <span class='ocrx_word' id='word_1_51' title='bbox 765 925 1004 984; x_wconf 87' lang='lat' dir='ltr'>tenetur,</span> <span class='ocrx_word' id='word_1_52' title='bbox 1049 915 1178 988; x_wconf 86' lang='lat' dir='ltr'>quia</span> <span class='ocrx_word' id='word_1_53' title='bbox 1225 932 1256 971; x_wconf 89' lang='lat' dir='ltr'>a</span> <span class='ocrx_word' id='word_1_54' title='bbox 1303 914 1464 972; x_wconf 90' lang='lat' dir='ltr'>nobis</span> <span class='ocrx_word' id='word_1_55' title='bbox 1493 913 1550 970; x_wconf 92' lang='lat' dir='ltr'>in</span> <span class='ocrx_word' id='word_1_56' title='bbox 1579 913 1683 971; x_wconf 88' lang='lat' dir='ltr'>hac</span> <span class='ocrx_word' id='word_1_57' title='bbox 1713 913 1826 970; x_wconf 77' lang='lat' dir='ltr'>vita</span> <span class='ocrx_word' id='word_1_58' title='bbox 1856 913 2008 986; x_wconf 80' lang='lat' dir='ltr'>regni</span> 
     </span>
    </p>
   </div>
   <div class='ocr_carea' id='block_1_8' title="bbox 399 1003 2010 1084">
    <p class='ocr_par' dir='ltr' id='par_1_8' title="bbox 399 1003 2010 1084">
     <span class='ocr_line' id='line_1_8' title="bbox 399 1003 2010 1084; baseline -0.006 -16"><span class='ocrx_word' id='word_1_59' title='bbox 399 1011 521 1084; x_wconf 86' lang='lat' dir='ltr'>ejus</span> <span class='ocrx_word' id='word_1_60' title='bbox 548 1008 716 1083; x_wconf 83' lang='lat' dir='ltr'>gloria</span> <span class='ocrx_word' id='word_1_61' title='bbox 750 1025 863 1065; x_wconf 89' lang='lat' dir='ltr'>non</span> <span class='ocrx_word' id='word_1_62' title='bbox 892 1013 1094 1081; x_wconf 84' lang='lat' dir='ltr'>quanta</span> <span class='ocrx_word' id='word_1_63' title='bbox 1126 1004 1458 1062; x_wconf 81' lang='lat' dir='ltr'>intrinsecus</span> <span class='ocrx_word' id='word_1_64' title='bbox 1487 1004 1721 1060; x_wconf 89' lang='lat' dir='ltr'>habetur</span> <span class='ocrx_word' id='word_1_65' title='bbox 1749 1003 2010 1076; x_wconf 88' lang='lat' dir='ltr'>agnosci-</span> 
     </span>
    </p>
   </div>
   <div class='ocr_carea' id='block_1_9' title="bbox 398 1093 2011 1172">
    <p class='ocr_par' dir='ltr' id='par_1_9' title="bbox 398 1093 2011 1172">
     <span class='ocr_line' id='line_1_9' title="bbox 398 1093 2011 1172; baseline -0.005 -14"><span class='ocrx_word' id='word_1_66' title='bbox 398 1108 512 1158; x_wconf 91' lang='lat' dir='ltr'>tur.</span> <span class='ocrx_word' id='word_1_67' title='bbox 547 1101 721 1172; x_wconf 82' lang='lat' dir='ltr'>Super</span> <span class='ocrx_word' id='word_1_68' title='bbox 749 1114 858 1172; x_wconf 90' lang='lat' dir='ltr'>quo</span> <span class='ocrx_word' id='word_1_69' title='bbox 887 1104 1034 1154; x_wconf 90' lang='lat' dir='ltr'>recte</span> <span class='ocrx_word' id='word_1_70' title='bbox 1079 1094 1316 1167; x_wconf 88' lang='lat' dir='ltr'>expandi</span> <span class='ocrx_word' id='word_1_71' title='bbox 1362 1093 1564 1152; x_wconf 87' lang='lat' dir='ltr'>nebula</span> <span class='ocrx_word' id='word_1_72' title='bbox 1606 1095 1832 1163; x_wconf 89' lang='lat' dir='ltr'>dicitur,</span> <span class='ocrx_word' id='word_1_73' title='bbox 1881 1094 2011 1168; x_wconf 88' lang='lat' dir='ltr'>quia</span> 
     </span>
    </p>
   </div>
   <div class='ocr_carea' id='block_1_10' title="bbox 401 1183 2010 1256">
    <p class='ocr_par' dir='ltr' id='par_1_10' title="bbox 401 1183 2010 1256">
     <span class='ocr_line' id='line_1_10' title="bbox 401 1183 2010 1256; baseline -0.005 -10"><span class='ocrx_word' id='word_1_74' title='bbox 401 1189 546 1247; x_wconf 86' lang='lat' dir='ltr'>sicut</span> <span class='ocrx_word' id='word_1_75' title='bbox 574 1198 656 1246; x_wconf 90' lang='lat' dir='ltr'>est</span> <span class='ocrx_word' id='word_1_76' title='bbox 683 1189 779 1245; x_wconf 90' lang='lat' dir='ltr'>illa</span> <span class='ocrx_word' id='word_1_77' title='bbox 807 1185 1045 1244; x_wconf 71' lang='lat' dir='ltr'>crelestis</span> <span class='ocrx_word' id='word_1_78' title='bbox 1073 1184 1226 1256; x_wconf 85' lang='lat' dir='ltr'>regni</span> <span class='ocrx_word' id='word_1_79' title='bbox 1261 1183 1434 1256; x_wconf 78' lang='lat' dir='ltr'>gloria</span> <span class='ocrx_word' id='word_1_80' title='bbox 1462 1201 1574 1240; x_wconf 91' lang='lat' dir='ltr'>non</span> <span class='ocrx_word' id='word_1_81' title='bbox 1597 1183 1836 1240; x_wconf 88' lang='lat' dir='ltr'>videtur.</span> <span class='ocrx_word' id='word_1_82' title='bbox 1872 1185 2010 1241; x_wconf 86' lang='lat' dir='ltr'>Nam</span> 
     </span>
    </p>
   </div>
   <div class='ocr_carea' id='block_1_11' title="bbox 400 1272 2012 1352">
    <p class='ocr_par' dir='ltr' id='par_1_11' title="bbox 400 1272 2012 1352">
     <span class='ocr_line' id='line_1_11' title="bbox 400 1272 2012 1352; baseline -0.006 -16"><span class='ocrx_word' id='word_1_83' title='bbox 400 1298 592 1352; x_wconf 86' lang='lat' dir='ltr'>corpus</span> <span class='ocrx_word' id='word_1_84' title='bbox 605 1279 745 1350; x_wconf 85' lang='lat' dir='ltr'>quod</span> <span class='ocrx_word' id='word_1_85' title='bbox 759 1275 1142 1346; x_wconf 77' lang='lat' dir='ltr'>corrumpitur,</span> <span class='ocrx_word' id='word_1_86' title='bbox 1159 1279 1417 1344; x_wconf 85' lang='lat' dir='ltr'>aggravat</span> <span class='ocrx_word' id='word_1_87' title='bbox 1429 1274 1686 1342; x_wconf 88' lang='lat' dir='ltr'>animam,</span> <span class='ocrx_word' id='word_1_88' title='bbox 1701 1281 1749 1328; x_wconf 90' lang='lat' dir='ltr'>et</span> <span class='ocrx_word' id='word_1_89' title='bbox 1763 1272 2012 1346; x_wconf 75' lang='lat' dir='ltr'>deprimit</span> 
     </span>
    </p>
   </div>
   <div class='ocr_carea' id='block_1_12' title="bbox 403 1362 2009 1434">
    <p class='ocr_par' dir='ltr' id='par_1_12' title="bbox 403 1362 2009 1434">
     <span class='ocr_line' id='line_1_12' title="bbox 403 1362 2009 1434; baseline -0.005 -9"><span class='ocrx_word' id='word_1_90' title='bbox 403 1377 612 1425; x_wconf 85' lang='lat' dir='ltr'>terrena</span> <span class='ocrx_word' id='word_1_91' title='bbox 631 1365 944 1422; x_wconf 80' lang='lat' dir='ltr'>inhabitatio</span> <span class='ocrx_word' id='word_1_92' title='bbox 972 1379 1180 1418; x_wconf 81' lang='lat' dir='ltr'>sensum</span> <span class='ocrx_word' id='word_1_93' title='bbox 1207 1365 1378 1419; x_wconf 86' lang='lat' dir='ltr'>multa</span> <span class='ocrx_word' id='word_1_94' title='bbox 1407 1363 1716 1433; x_wconf 88' lang='lat' dir='ltr'>cogitantem</span> <span class='ocrx_word' id='word_1_95' title='bbox 1748 1362 1902 1434; x_wconf 88' lang='lat' dir='ltr'>(Sap.</span> <span class='ocrx_word' id='word_1_96' title='bbox 1928 1379 2009 1430; x_wconf 81' lang='lat' dir='ltr'>ix,</span> 
     </span>
    </p>
   </div>
   <div class='ocr_carea' id='block_1_13' title="bbox 406 1453 2011 1534">
    <p class='ocr_par' dir='ltr' id='par_1_13' title="bbox 406 1453 2011 1534">
     <span class='ocr_line' id='line_1_13' title="bbox 406 1453 2011 1534; baseline -0.006 -18"><span class='ocrx_word' id='word_1_97' title='bbox 406 1461 497 1534; x_wconf 84' lang='grc'><strong>15)</strong></span> <span class='ocrx_word' id='word_1_98' title='bbox 509 1461 574 1516; x_wconf 84' lang='grc' dir='ltr'>,Α</span> <span class='ocrx_word' id='word_1_99' title='bbox 591 1456 832 1514; x_wconf 87' lang='lat' dir='ltr'>videndo</span> <span class='ocrx_word' id='word_1_100' title='bbox 841 1473 968 1528; x_wconf 88' lang='lat' dir='ltr'>ergo</span> <span class='ocrx_word' id='word_1_101' title='bbox 984 1470 1048 1510; x_wconf 91' lang='lat' dir='ltr'>eo</span> <span class='ocrx_word' id='word_1_102' title='bbox 1063 1453 1264 1509; x_wconf 87' lang='lat' dir='ltr'>nebula</span> <span class='ocrx_word' id='word_1_103' title='bbox 1277 1453 1774 1527; x_wconf 88' lang='lat' dir='ltr'>aspergimur,quia</span> <span class='ocrx_word' id='word_1_104' title='bbox 1786 1453 1903 1525; x_wconf 88' lang='lat' dir='ltr'>ipsa</span> <span class='ocrx_word' id='word_1_105' title='bbox 1919 1469 2011 1508; x_wconf 87' lang='lat' dir='ltr'>no-</span> 
     </span>
    </p>
   </div>
   <div class='ocr_carea' id='block_1_14' title="bbox 401 1543 2013 1620">
    <p class='ocr_par' dir='ltr' id='par_1_14' title="bbox 401 1543 2013 1620">
     <span class='ocr_line' id='line_1_14' title="bbox 401 1543 2013 1620; baseline -0.004 -15"><span class='ocrx_word' id='word_1_106' title='bbox 401 1558 528 1605; x_wconf 85' lang='lat' dir='ltr'>strae</span> <span class='ocrx_word' id='word_1_107' title='bbox 545 1546 866 1620; x_wconf 67' lang='lat' dir='ltr'>ignorantiae</span> <span class='ocrx_word' id='word_1_108' title='bbox 889 1543 1222 1602; x_wconf 88' lang='lat' dir='ltr'>obscuritate</span> <span class='ocrx_word' id='word_1_109' title='bbox 1242 1543 1344 1599; x_wconf 91' lang='lat' dir='ltr'>cali</span> <span class='ocrx_word' id='word_1_110' title='bbox 1352 1560 1561 1615; x_wconf 83' lang='lat' dir='ltr'>gamus.</span> <span class='ocrx_word' id='word_1_111' title='bbox 1582 1543 1737 1600; x_wconf 89' lang='lat' dir='ltr'>Unde</span> <span class='ocrx_word' id='word_1_112' title='bbox 1759 1550 1902 1600; x_wconf 89' lang='lat' dir='ltr'>recte</span> <span class='ocrx_word' id='word_1_113' title='bbox 1918 1559 2013 1614; x_wconf 88' lang='lat' dir='ltr'>per</span> 
     </span>
    </p>
   </div>
   <div class='ocr_carea' id='block_1_15' title="bbox 403 1631 2006 1704">
    <p class='ocr_par' dir='ltr' id='par_1_15' title="bbox 403 1631 2006 1704">
     <span class='ocr_line' id='line_1_15' title="bbox 403 1631 2006 1704; baseline -0.006 -11"><span class='ocrx_word' id='word_1_114' title='bbox 403 1635 750 1693; x_wconf 87' lang='lat' dir='ltr'>Psalmistam</span> <span class='ocrx_word' id='word_1_115' title='bbox 773 1633 1008 1690; x_wconf 89' lang='lat' dir='ltr'>dicitur:</span> <span class='ocrx_word' id='word_1_116' title='bbox 1047 1633 1232 1704; x_wconf 86' lang='lat' dir='ltr'>Caligo</span> <span class='ocrx_word' id='word_1_117' title='bbox 1262 1633 1356 1687; x_wconf 88' lang='lat' dir='ltr'>sub</span> <span class='ocrx_word' id='word_1_118' title='bbox 1371 1633 1592 1704; x_wconf 82' lang='lat' dir='ltr'>pedibus</span> <span class='ocrx_word' id='word_1_119' title='bbox 1619 1631 1754 1702; x_wconf 77' lang='lat' dir='ltr'>ejus,</span> <span class='ocrx_word' id='word_1_120' title='bbox 1774 1638 1822 1685; x_wconf 91' lang='lat' dir='ltr'>et</span> <span class='ocrx_word' id='word_1_121' title='bbox 1839 1647 2006 1685; x_wconf 82' lang='lat' dir='ltr'>ascen-</span> 
     </span>
    </p>
   </div>
   <div class='ocr_carea' id='block_1_16' title="bbox 402 1721 2012 1798">
    <p class='ocr_par' dir='ltr' id='par_1_16' title="bbox 402 1721 2012 1798">
     <span class='ocr_line' id='line_1_16' title="bbox 402 1721 2012 1798; baseline -0.005 -17"><span class='ocrx_word' id='word_1_122' title='bbox 402 1727 482 1781; x_wconf 88' lang='lat' dir='ltr'>dit</span> <span class='ocrx_word' id='word_1_123' title='bbox 496 1743 655 1798; x_wconf 81' lang='lat' dir='ltr'>super</span> <span class='ocrx_word' id='word_1_124' title='bbox 668 1723 1008 1788; x_wconf 82' lang='lat' dir='ltr'>cherubim,et</span> <span class='ocrx_word' id='word_1_125' title='bbox 1024 1721 1442 1786; x_wconf 58' lang='lat' dir='ltr'>volavitpolavil</span> <span class='ocrx_word' id='word_1_126' title='bbox 1455 1738 1614 1794; x_wconf 87' lang='lat' dir='ltr'>super</span> <span class='ocrx_word' id='word_1_127' title='bbox 1623 1737 1826 1792; x_wconf 80' lang='lat' dir='ltr'>pennas</span> <span class='ocrx_word' id='word_1_128' title='bbox 1843 1725 2012 1774; x_wconf 82' lang='lat' dir='ltr'>vento-</span> 
     </span>
    </p>
   </div>
   <div class='ocr_carea' id='block_1_17' title="bbox 2033 421 3720 498">
    <p class='ocr_par' dir='ltr' id='par_1_17' title="bbox 2033 421 3720 498">
     <span class='ocr_line' id='line_1_17' title="bbox 2033 421 3720 498; baseline 0.002 -16"><span class='ocrx_word' id='word_1_129' title='bbox 2033 421 2087 482; x_wconf 82' lang='lat' dir='ltr'><strong>A</strong></span> <span class='ocrx_word' id='word_1_130' title='bbox 2112 437 2176 478; x_wconf 92' lang='lat' dir='ltr'>eo</span> <span class='ocrx_word' id='word_1_131' title='bbox 2205 421 2324 496; x_wconf 86' lang='lat' dir='ltr'>ipso</span> <span class='ocrx_word' id='word_1_132' title='bbox 2353 439 2462 497; x_wconf 90' lang='lat' dir='ltr'>quo</span> <span class='ocrx_word' id='word_1_133' title='bbox 2493 423 2658 480; x_wconf 88' lang='lat' dir='ltr'>latius</span> <span class='ocrx_word' id='word_1_134' title='bbox 2687 424 3028 493; x_wconf 80' lang='lat' dir='ltr'>extenditur,</span> <span class='ocrx_word' id='word_1_135' title='bbox 3046 436 3389 498; x_wconf 80' lang='lat' dir='ltr'>angustatur.</span> <span class='ocrx_word' id='word_1_136' title='bbox 3415 430 3517 487; x_wconf 85' lang='lat' dir='ltr'>Vel</span> <span class='ocrx_word' id='word_1_137' title='bbox 3545 421 3720 487; x_wconf 86' lang='lat' dir='ltr'>certe’</span> 
     </span>
    </p>
   </div>
   <div class='ocr_carea' id='block_1_18' title="bbox 2117 512 3721 586">
    <p class='ocr_par' dir='ltr' id='par_1_18' title="bbox 2117 512 3721 586">
     <span class='ocr_line' id='line_1_18' title="bbox 2117 512 3721 586; baseline 0.006 -19"><span class='ocrx_word' id='word_1_138' title='bbox 2117 512 2245 585; x_wconf 85' lang='lat' dir='ltr'>quia</span> <span class='ocrx_word' id='word_1_139' title='bbox 2275 513 2474 570; x_wconf 88' lang='lat' dir='ltr'>solium</span> <span class='ocrx_word' id='word_1_140' title='bbox 2497 514 2594 569; x_wconf 88' lang='lat' dir='ltr'>Dei</span> <span class='ocrx_word' id='word_1_141' title='bbox 2625 513 2732 586; x_wconf 86' lang='lat' dir='ltr'>ipsi</span> <span class='ocrx_word' id='word_1_142' title='bbox 2764 531 2864 570; x_wconf 92' lang='lat' dir='ltr'>nos</span> <span class='ocrx_word' id='word_1_143' title='bbox 2893 531 3104 582; x_wconf 89' lang='lat' dir='ltr'>sumus,</span> <span class='ocrx_word' id='word_1_144' title='bbox 3123 517 3339 572; x_wconf 83' lang='lat' dir='ltr'>vultum</span> <span class='ocrx_word' id='word_1_145' title='bbox 3361 519 3484 574; x_wconf 90' lang='lat' dir='ltr'>solii</span> <span class='ocrx_word' id='word_1_146' title='bbox 3503 519 3589 576; x_wconf 90' lang='lat' dir='ltr'>sui</span> <span class='ocrx_word' id='word_1_147' title='bbox 3608 536 3721 576; x_wconf 88' lang='lat' dir='ltr'>non</span> 
     </span>
    </p>
   </div>
   <div class='ocr_carea' id='block_1_19' title="bbox 2116 601 3720 682">
    <p class='ocr_par' dir='ltr' id='par_1_19' title="bbox 2116 601 3720 682">
     <span class='ocr_line' id='line_1_19' title="bbox 2116 601 3720 682; baseline 0.005 -25"><span class='ocrx_word' id='word_1_148' title='bbox 2116 601 2394 659; x_wconf 89' lang='lat' dir='ltr'>immerito</span> <span class='ocrx_word' id='word_1_149' title='bbox 2422 611 2607 658; x_wconf 89' lang='lat' dir='ltr'>tenere</span> <span class='ocrx_word' id='word_1_150' title='bbox 2637 603 2862 671; x_wconf 89' lang='lat' dir='ltr'>dicitur,</span> <span class='ocrx_word' id='word_1_151' title='bbox 2885 603 3017 660; x_wconf 89' lang='lat' dir='ltr'>dum</span> <span class='ocrx_word' id='word_1_152' title='bbox 3051 611 3237 660; x_wconf 90' lang='lat' dir='ltr'>nostra</span> <span class='ocrx_word' id='word_1_153' title='bbox 3253 606 3484 662; x_wconf 87' lang='lat' dir='ltr'>scientia</span> <span class='ocrx_word' id='word_1_154' title='bbox 3504 626 3720 682; x_wconf 83' lang='lat' dir='ltr'>progre-</span> 
     </span>
    </p>
   </div>
   <div class='ocr_carea' id='block_1_20' title="bbox 2117 691 3719 766">
    <p class='ocr_par' dir='ltr' id='par_1_20' title="bbox 2117 691 3719 766">
     <span class='ocr_line' id='line_1_20' title="bbox 2117 691 3719 766; baseline 0.004 -18"><span class='ocrx_word' id='word_1_155' title='bbox 2117 692 2174 749; x_wconf 91' lang='lat' dir='ltr'>di</span> <span class='ocrx_word' id='word_1_156' title='bbox 2203 691 2270 748; x_wconf 85' lang='lat' dir='ltr'>ad</span> <span class='ocrx_word' id='word_1_157' title='bbox 2299 693 2495 748; x_wconf 84' lang='lat' dir='ltr'>altiora</span> <span class='ocrx_word' id='word_1_158' title='bbox 2537 692 2880 764; x_wconf 87' lang='lat' dir='ltr'>prohibetur.</span> <span class='ocrx_word' id='word_1_159' title='bbox 2927 694 3102 765; x_wconf 91' lang='lat' dir='ltr'>Super</span> <span class='ocrx_word' id='word_1_160' title='bbox 3143 693 3292 766; x_wconf 85' lang='lat' dir='ltr'>quod</span> <span class='ocrx_word' id='word_1_161' title='bbox 3326 695 3527 751; x_wconf 89' lang='lat' dir='ltr'>solium</span> <span class='ocrx_word' id='word_1_162' title='bbox 3559 715 3719 754; x_wconf 91' lang='lat' dir='ltr'>suum</span> 
     </span>
    </p>
   </div>
   <div class='ocr_carea' id='block_1_21' title="bbox 2117 781 3720 855">
    <p class='ocr_par' dir='ltr' id='par_1_21' title="bbox 2117 781 3720 855">
     <span class='ocr_line' id='line_1_21' title="bbox 2117 781 3720 855; baseline 0.003 -18"><span class='ocrx_word' id='word_1_163' title='bbox 2117 799 2274 838; x_wconf 88' lang='lat' dir='ltr'>suam</span> <span class='ocrx_word' id='word_1_164' title='bbox 2313 781 2565 838; x_wconf 89' lang='lat' dir='ltr'>nebulam</span> <span class='ocrx_word' id='word_1_165' title='bbox 2598 783 2744 837; x_wconf 91' lang='lat' dir='ltr'>Deus</span> <span class='ocrx_word' id='word_1_166' title='bbox 2773 797 3052 854; x_wconf 85' lang='lat' dir='ltr'>aspergere</span> <span class='ocrx_word' id='word_1_167' title='bbox 3073 781 3300 851; x_wconf 91' lang='lat' dir='ltr'>dicitur,</span> <span class='ocrx_word' id='word_1_168' title='bbox 3323 784 3720 855; x_wconf 85' lang='lat' dir='ltr'>quiainvisibi-</span> 
     </span>
    </p>
   </div>
   <div class='ocr_carea' id='block_1_22' title="bbox 2119 871 3722 944">
    <p class='ocr_par' dir='ltr' id='par_1_22' title="bbox 2119 871 3722 944">
     <span class='ocr_line' id='line_1_22' title="bbox 2119 871 3722 944; baseline 0.002 -15"><span class='ocrx_word' id='word_1_169' title='bbox 2119 872 2187 930; x_wconf 89' lang='lat' dir='ltr'>lis</span> <span class='ocrx_word' id='word_1_170' title='bbox 2219 887 2466 939; x_wconf 89' lang='lat' dir='ltr'>manens,</span> <span class='ocrx_word' id='word_1_171' title='bbox 2489 874 2702 928; x_wconf 84' lang='lat' dir='ltr'>occulta</span> <span class='ocrx_word' id='word_1_172' title='bbox 2723 888 2886 944; x_wconf 85' lang='lat' dir='ltr'>super</span> <span class='ocrx_word' id='word_1_173' title='bbox 2906 888 3004 928; x_wconf 89' lang='lat' dir='ltr'>nos</span> <span class='ocrx_word' id='word_1_174' title='bbox 3017 871 3231 944; x_wconf 90' lang='lat' dir='ltr'>judicia</span> <span class='ocrx_word' id='word_1_175' title='bbox 3250 872 3450 942; x_wconf 86' lang='lat' dir='ltr'>exerit,</span> <span class='ocrx_word' id='word_1_176' title='bbox 3473 882 3536 930; x_wconf 90' lang='lat' dir='ltr'>ut</span> <span class='ocrx_word' id='word_1_177' title='bbox 3555 883 3609 929; x_wconf 91' lang='lat' dir='ltr'>et</span> <span class='ocrx_word' id='word_1_178' title='bbox 3627 875 3722 932; x_wconf 85' lang='lat' dir='ltr'>ﬁat</span> 
     </span>
    </p>
   </div>
   <div class='ocr_carea' id='block_1_23' title="bbox 2118 959 3724 1033">
    <p class='ocr_par' dir='ltr' id='par_1_23' title="bbox 2118 959 3724 1033">
     <span class='ocr_line' id='line_1_23' title="bbox 2118 959 3724 1033; baseline 0.001 -18"><span class='ocrx_word' id='word_1_179' title='bbox 2118 961 2177 1015; x_wconf 89' lang='lat' dir='ltr'>in</span> <span class='ocrx_word' id='word_1_180' title='bbox 2208 960 2476 1032; x_wconf 89' lang='lat' dir='ltr'>promptis</span> <span class='ocrx_word' id='word_1_181' title='bbox 2505 960 2650 1032; x_wconf 90' lang='lat' dir='ltr'>quod</span> <span class='ocrx_word' id='word_1_182' title='bbox 2684 959 2871 1015; x_wconf 90' lang='lat' dir='ltr'>videre</span> <span class='ocrx_word' id='word_1_183' title='bbox 2919 960 3210 1032; x_wconf 89' lang='lat' dir='ltr'>possimus,</span> <span class='ocrx_word' id='word_1_184' title='bbox 3255 968 3308 1016; x_wconf 90' lang='lat' dir='ltr'>et</span> <span class='ocrx_word' id='word_1_185' title='bbox 3355 969 3538 1016; x_wconf 87' lang='lat' dir='ltr'>tamen</span> <span class='ocrx_word' id='word_1_186' title='bbox 3569 961 3724 1033; x_wconf 84' lang='lat' dir='ltr'>origo</span> 
     </span>
    </p>
   </div>
   <div class='ocr_carea' id='block_1_24' title="bbox 2118 1049 3718 1118">
    <p class='ocr_par' dir='ltr' id='par_1_24' title="bbox 2118 1049 3718 1118">
     <span class='ocr_line' id='line_1_24' title="bbox 2118 1049 3718 1118; baseline 0.003 -13"><span class='ocrx_word' id='word_1_187' title='bbox 2118 1050 2248 1106; x_wconf 83' lang='lat' dir='ltr'>facti</span> <span class='ocrx_word' id='word_1_188' title='bbox 2281 1051 2443 1106; x_wconf 87' lang='lat' dir='ltr'>lateat</span> <span class='ocrx_word' id='word_1_189' title='bbox 2465 1049 2525 1105; x_wconf 91' lang='lat' dir='ltr'>in</span> <span class='ocrx_word' id='word_1_190' title='bbox 2554 1049 2776 1117; x_wconf 87' lang='lat' dir='ltr'>abditis,</span> <span class='ocrx_word' id='word_1_191' title='bbox 2807 1058 2868 1106; x_wconf 91' lang='lat' dir='ltr'>ut</span> <span class='ocrx_word' id='word_1_192' title='bbox 2888 1067 2990 1106; x_wconf 90' lang='lat' dir='ltr'>cur</span> <span class='ocrx_word' id='word_1_193' title='bbox 3019 1049 3132 1118; x_wconf 86' lang='lat' dir='ltr'>ﬁat,</span> <span class='ocrx_word' id='word_1_194' title='bbox 3165 1051 3374 1108; x_wconf 87' lang='lat' dir='ltr'>nescire</span> <span class='ocrx_word' id='word_1_195' title='bbox 3404 1050 3718 1110; x_wconf 86' lang='lat' dir='ltr'>debeamus.</span> 
     </span>
    </p>
   </div>
   <div class='ocr_carea' id='block_1_25' title="bbox 2119 1143 2825 1218">
    <p class='ocr_par' dir='ltr' id='par_1_25' title="bbox 2119 1143 2825 1218">
     <span class='ocr_line' id='line_1_25' title="bbox 2119 1143 2825 1218; baseline -0.001 -18"><span class='ocrx_word' id='word_1_196' title='bbox 2119 1143 2272 1201; x_wconf 89' lang='lat' dir='ltr'>Unde</span> <span class='ocrx_word' id='word_1_197' title='bbox 2301 1151 2354 1200; x_wconf 90' lang='lat' dir='ltr'>et</span> <span class='ocrx_word' id='word_1_198' title='bbox 2384 1152 2506 1218; x_wconf 83' lang='lat' dir='ltr'>apte</span> <span class='ocrx_word' id='word_1_199' title='bbox 2537 1143 2825 1199; x_wconf 81' lang='lat' dir='ltr'>subditur:</span> 
     </span>
    </p>
   </div>
   <div class='ocr_carea' id='block_1_26' title="bbox 2244 1233 3370 1344">
    <p class='ocr_par' dir='ltr' id='par_1_26' title="bbox 2244 1233 3370 1344">
     <span class='ocr_line' id='line_1_26' title="bbox 2244 1233 3370 1344; baseline -0.011 1"><span class='ocrx_word' id='word_1_200' title='bbox 2244 1233 2295 1315; x_wconf 72' lang='grc' dir='ltr'>εἰ</span> <span class='ocrx_word' id='word_1_201' title='bbox 2310 1287 2316 1296; x_wconf 88' lang='grc'>·</span> <span class='ocrx_word' id='word_1_202' title='bbox 2451 1243 2702 1330; x_wconf 62' lang='grc' dir='ltr'>«τεὶΑΡιτει</span> <span class='ocrx_word' id='word_1_203' title='bbox 2733 1251 2971 1344; x_wconf 51' lang='lat' dir='ltr'>seu“!</span> <span class='ocrx_word' id='word_1_204' title='bbox 3003 1251 3370 1344; x_wconf 54' lang='grc' dir='ltr'><strong><em>[ιιοξεεελξιίιις</em></strong></span> 
     </span>
    </p>
   </div>
   <div class='ocr_carea' id='block_1_27' title="bbox 2192 1334 3726 1436">
    <p class='ocr_par' dir='ltr' id='par_1_27' title="bbox 2192 1334 3726 1436">
     <span class='ocr_line' id='line_1_27' title="bbox 2192 1334 3726 1436; baseline 0.003 -20"><span class='ocrx_word' id='word_1_205' title='bbox 2192 1334 2364 1416; x_wconf 55' lang='lat' dir='ltr'>Vitari:</span> <span class='ocrx_word' id='word_1_206' title='bbox 2516 1334 2928 1414; x_wconf 54' lang='grc' dir='ltr'>άιῘΤυνιιιέἦιέῆδ</span> <span class='ocrx_word' id='word_1_207' title='bbox 2946 1334 3518 1433; x_wconf 54' lang='grc' dir='ltr'>ἧιίεέᾶιιξᾶἇθιδάἴιιιίε,</span> <span class='ocrx_word' id='word_1_208' title='bbox 3563 1379 3726 1436; x_wconf 80' lang='lat' dir='ltr'>usque</span> 
     </span>
    </p>
   </div>
   <div class='ocr_carea' id='block_1_28' title="bbox 2119 1447 3004 1527">
    <p class='ocr_par' dir='ltr' id='par_1_28' title="bbox 2119 1447 3004 1527">
     <span class='ocr_line' id='line_1_28' title="bbox 2119 1447 3004 1527; baseline 0.003 -26"><span class='ocrx_word' id='word_1_209' title='bbox 2119 1449 2259 1525; x_wconf 69' lang='lat' dir='ltr'>dum,</span> <span class='ocrx_word' id='word_1_210' title='bbox 2274 1448 2549 1527; x_wconf 35' lang='lat' dir='ltr'>ﬁnignturl</span> <span class='ocrx_word' id='word_1_211' title='bbox 2567 1447 2662 1527; x_wconf 63' lang='lat' dir='ltr'>tua:</span> <span class='ocrx_word' id='word_1_212' title='bbox 2688 1454 2735 1502; x_wconf 90' lang='lat' dir='ltr'>et</span> <span class='ocrx_word' id='word_1_213' title='bbox 2766 1449 3004 1504; x_wconf 64' lang='lat' dir='ltr'>tenebrae.</span> 
     </span>
    </p>
   </div>
   <div class='ocr_carea' id='block_1_29' title="bbox 2164 1522 3725 1622">
    <p class='ocr_par' dir='ltr' id='par_1_29' title="bbox 2164 1522 3725 1622">
     <span class='ocr_line' id='line_1_29' title="bbox 2164 1522 3725 1622; baseline 0.004 -30"><span class='ocrx_word' id='word_1_214' title='bbox 2164 1522 2572 1620; x_wconf 34' lang='lat' dir='ltr'>ﬁliﬂ’aeitﬁ’cat</span> <span class='ocrx_word' id='word_1_215' title='bbox 2610 1522 2952 1622; x_wconf 33' lang='lat' dir='ltr'>ﬁtqjtitdtt}:</span> <span class='ocrx_word' id='word_1_216' title='bbox 2974 1536 3429 1622; x_wconf 48' lang='grc' dir='ltr'>,ςὸὲρῇςᾲιδνηιεϋξ</span> <span class='ocrx_word' id='word_1_217' title='bbox 3460 1543 3725 1612; x_wconf 57' lang='lat' dir='ltr'>jribuilur</span> 
     </span>
    </p>
   </div>
   <div class='ocr_carea' id='block_1_30' title="bbox 2121 1613 3722 1705">
    <p class='ocr_par' dir='ltr' id='par_1_30' title="bbox 2121 1613 3722 1705">
     <span class='ocr_line' id='line_1_30' title="bbox 2121 1613 3722 1705; baseline 0.002 -22"><span class='ocrx_word' id='word_1_218' title='bbox 2121 1621 2359 1698; x_wconf 82' lang='lat' dir='ltr'>quandiu.</span> <span class='ocrx_word' id='word_1_219' title='bbox 2373 1613 2626 1682; x_wconf 53' lang='lat' dir='ltr'>vir-imus?</span> <span class='ocrx_word' id='word_1_220' title='bbox 2637 1613 3722 1705; x_wconf 55' lang='lat' dir='ltr'>—:Quia&#39;plermrtqtté-m’sttcrcigloquio,</span> 
     </span>
    </p>
   </div>
   <div class='ocr_carea' id='block_1_31' title="bbox 2121 1716 3725 1791">
    <p class='ocr_par' dir='ltr' id='par_1_31' title="bbox 2121 1716 3725 1791">
     <span class='ocr_line' id='line_1_31' title="bbox 2121 1716 3725 1791; baseline 0.002 -18"><span class='ocrx_word' id='word_1_221' title='bbox 2121 1726 2184 1773; x_wconf 91' lang='lat' dir='ltr'>ut</span> <span class='ocrx_word' id='word_1_222' title='bbox 2213 1734 2379 1790; x_wconf 88' lang='lat' dir='ltr'>supra</span> <span class='ocrx_word' id='word_1_223' title='bbox 2406 1716 2672 1783; x_wconf 87' lang='lat' dir='ltr'>diximus,</span> <span class='ocrx_word' id='word_1_224' title='bbox 2691 1733 2953 1789; x_wconf 89' lang='lat' dir='ltr'>aquarum</span> <span class='ocrx_word' id='word_1_225' title='bbox 2986 1717 3208 1773; x_wconf 89' lang='lat' dir='ltr'>nomine</span> <span class='ocrx_word' id='word_1_226' title='bbox 3229 1719 3418 1791; x_wconf 89' lang='lat' dir='ltr'>populi</span> <span class='ocrx_word' id='word_1_227' title='bbox 3439 1720 3725 1791; x_wconf 84' lang='lat' dir='ltr'>designan-</span> 
     </span>
    </p>
   </div>
   <div class='ocr_carea' id='block_1_32' title="bbox 401 1791 3726 1888">
    <p class='ocr_par' dir='ltr' id='par_1_32' title="bbox 401 1791 3726 1888">
     <span class='ocr_line' id='line_1_32' title="bbox 401 1791 3726 1888; baseline -0.002 -16"><span class='ocrx_word' id='word_1_228' title='bbox 401 1791 612 1883; x_wconf 49' lang='lat' dir='ltr'>mnu-et</span> <span class='ocrx_word' id='word_1_229' title='bbox 626 1815 804 1888; x_wconf 86' lang='lat' dir='ltr'>posuit</span> <span class='ocrx_word' id='word_1_230' title='bbox 818 1814 1051 1869; x_wconf 81' lang='lat' dir='ltr'>tenebras</span> <span class='ocrx_word' id='word_1_231' title='bbox 1068 1813 1344 1868; x_wconf 83' lang='lat' dir='ltr'>latibulum</span> <span class='ocrx_word' id='word_1_232' title='bbox 1359 1791 1703 1884; x_wconf 31' lang='lat' dir='ltr'>suumv(Psal.</span> <span class='ocrx_word' id='word_1_233' title='bbox 1729 1828 1869 1879; x_wconf 83' lang='lat' dir='ltr'>xvn,</span> <span class='ocrx_word' id='word_1_234' title='bbox 1891 1809 2004 1881; x_wconf 83' lang='lat' dir='ltr'>I0).</span> <span class='ocrx_word' id='word_1_235' title='bbox 2049 1791 2090 1850; x_wconf 79' lang='grc' dir='ltr'>Β</span> <span class='ocrx_word' id='word_1_236' title='bbox 2124 1818 2234 1874; x_wconf 90' lang='lat' dir='ltr'>tur,</span> <span class='ocrx_word' id='word_1_237' title='bbox 2263 1823 2431 1880; x_wconf 85' lang='lat' dir='ltr'>aquas</span> <span class='ocrx_word' id='word_1_238' title='bbox 2459 1804 2730 1860; x_wconf 86' lang='lat' dir='ltr'>Dominus</span> <span class='ocrx_word' id='word_1_239' title='bbox 2756 1805 2996 1862; x_wconf 87' lang='lat' dir='ltr'>termino</span> <span class='ocrx_word' id='word_1_240' title='bbox 3025 1805 3350 1876; x_wconf 89' lang='lat' dir='ltr'>circumdat,</span> <span class='ocrx_word' id='word_1_241' title='bbox 3384 1810 3404 1842; x_wconf 86' lang='grc'><strong>³</strong></span> <span class='ocrx_word' id='word_1_242' title='bbox 3437 1808 3566 1881; x_wconf 88' lang='lat' dir='ltr'>quia</span> <span class='ocrx_word' id='word_1_243' title='bbox 3611 1810 3726 1866; x_wconf 89' lang='lat' dir='ltr'>hu-</span> 
     </span>
    </p>
   </div>
   <div class='ocr_carea' id='block_1_33' title="bbox 401 1901 2013 1979">
    <p class='ocr_par' dir='ltr' id='par_1_33' title="bbox 401 1901 2013 1979">
     <span class='ocr_line' id='line_1_33' title="bbox 401 1901 2013 1979; baseline -0.006 -15"><span class='ocrx_word' id='word_1_244' title='bbox 401 1906 594 1979; x_wconf 85' lang='lat' dir='ltr'>Caligo</span> <span class='ocrx_word' id='word_1_245' title='bbox 622 1921 856 1978; x_wconf 87' lang='lat' dir='ltr'>namque</span> <span class='ocrx_word' id='word_1_246' title='bbox 883 1913 964 1964; x_wconf 90' lang='lat' dir='ltr'>est</span> <span class='ocrx_word' id='word_1_247' title='bbox 989 1903 1040 1960; x_wconf 90' lang='lat' dir='ltr'>ei</span> <span class='ocrx_word' id='word_1_248' title='bbox 1069 1903 1171 1960; x_wconf 89' lang='lat' dir='ltr'>sub</span> <span class='ocrx_word' id='word_1_249' title='bbox 1202 1902 1452 1976; x_wconf 87' lang='lat' dir='ltr'>pedibus,</span> <span class='ocrx_word' id='word_1_250' title='bbox 1502 1904 1631 1978; x_wconf 86' lang='lat' dir='ltr'>quia</span> <span class='ocrx_word' id='word_1_251' title='bbox 1669 1919 1780 1959; x_wconf 91' lang='lat' dir='ltr'>non</span> <span class='ocrx_word' id='word_1_252' title='bbox 1816 1904 1832 1938; x_wconf 82' lang='grc'>¹</span> <span class='ocrx_word' id='word_1_253' title='bbox 1864 1901 1921 1956; x_wconf 90' lang='lat' dir='ltr'>in</span> <span class='ocrx_word' id='word_1_254' title='bbox 1951 1917 2013 1956; x_wconf 89' lang='lat' dir='ltr'>ea</span> 
     </span>
    </p>
   </div>
   <div class='ocr_carea' id='block_1_34' title="bbox 402 1989 2012 2067">
    <p class='ocr_par' dir='ltr' id='par_1_34' title="bbox 402 1989 2012 2067">
     <span class='ocr_line' id='line_1_34' title="bbox 402 1989 2012 2067; baseline -0.006 -13"><span class='ocrx_word' id='word_1_255' title='bbox 402 1995 658 2054; x_wconf 84' lang='lat' dir='ltr'>claritate</span> <span class='ocrx_word' id='word_1_256' title='bbox 673 1995 740 2050; x_wconf 87' lang='lat' dir='ltr'>ab</span> <span class='ocrx_word' id='word_1_257' title='bbox 759 1993 1118 2050; x_wconf 86' lang='lat' dir='ltr'>inferioribus</span> <span class='ocrx_word' id='word_1_258' title='bbox 1137 1994 1403 2062; x_wconf 90' lang='lat' dir='ltr'>cernitur,</span> <span class='ocrx_word' id='word_1_259' title='bbox 1426 2009 1533 2067; x_wconf 90' lang='lat' dir='ltr'>qua</span> <span class='ocrx_word' id='word_1_260' title='bbox 1554 1993 1612 2049; x_wconf 91' lang='lat' dir='ltr'>in</span> <span class='ocrx_word' id='word_1_261' title='bbox 1633 1989 2012 2064; x_wconf 86' lang='lat' dir='ltr'>superioribus</span> 
     </span>
    </p>
   </div>
   <div class='ocr_carea' id='block_1_35' title="bbox 403 2079 2010 2155">
    <p class='ocr_par' dir='ltr' id='par_1_35' title="bbox 403 2079 2010 2155">
     <span class='ocr_line' id='line_1_35' title="bbox 403 2079 2010 2155; baseline -0.006 -13"><span class='ocrx_word' id='word_1_262' title='bbox 403 2085 741 2142; x_wconf 88' lang='lat' dir='ltr'>dominatur.</span> <span class='ocrx_word' id='word_1_263' title='bbox 772 2083 1038 2141; x_wconf 80' lang='lat' dir='ltr'>Ascendit</span> <span class='ocrx_word' id='word_1_264' title='bbox 1065 2083 1213 2139; x_wconf 90' lang='lat' dir='ltr'>enim</span> <span class='ocrx_word' id='word_1_265' title='bbox 1244 2099 1406 2155; x_wconf 88' lang='lat' dir='ltr'>super</span> <span class='ocrx_word' id='word_1_266' title='bbox 1435 2082 1748 2146; x_wconf 89' lang='lat' dir='ltr'>cherubim,</span> <span class='ocrx_word' id='word_1_267' title='bbox 1777 2087 1832 2136; x_wconf 90' lang='lat' dir='ltr'>et</span> <span class='ocrx_word' id='word_1_268' title='bbox 1862 2079 2010 2134; x_wconf 86' lang='lat' dir='ltr'>vola-</span> 
     </span>
    </p>
   </div>
   <div class='ocr_carea' id='block_1_36' title="bbox 404 2168 2006 2247">
    <p class='ocr_par' dir='ltr' id='par_1_36' title="bbox 404 2168 2006 2247">
     <span class='ocr_line' id='line_1_36' title="bbox 404 2168 2006 2247; baseline -0.004 -17"><span class='ocrx_word' id='word_1_269' title='bbox 404 2175 509 2232; x_wconf 87' lang='lat' dir='ltr'>vit.</span> <span class='ocrx_word' id='word_1_270' title='bbox 559 2174 855 2233; x_wconf 88' lang='lat' dir='ltr'>Cherubim</span> <span class='ocrx_word' id='word_1_271' title='bbox 909 2173 1112 2247; x_wconf 89' lang='lat' dir='ltr'>quippe</span> <span class='ocrx_word' id='word_1_272' title='bbox 1155 2172 1446 2246; x_wconf 83' lang='lat' dir='ltr'>plenitudo</span> <span class='ocrx_word' id='word_1_273' title='bbox 1494 2170 1738 2229; x_wconf 83' lang='lat' dir='ltr'>scientiae</span> <span class='ocrx_word' id='word_1_274' title='bbox 1780 2168 2006 2226; x_wconf 88' lang='lat' dir='ltr'>dicitur.</span> 
     </span>
    </p>
   </div>
   <div class='ocr_carea' id='block_1_37' title="bbox 403 2263 2011 2340">
    <p class='ocr_par' dir='ltr' id='par_1_37' title="bbox 403 2263 2011 2340">
     <span class='ocr_line' id='line_1_37' title="bbox 403 2263 2011 2340; baseline -0.006 -16"><span class='ocrx_word' id='word_1_275' title='bbox 403 2266 640 2324; x_wconf 88' lang='lat' dir='ltr'>Proinde</span> <span class='ocrx_word' id='word_1_276' title='bbox 667 2283 830 2340; x_wconf 89' lang='lat' dir='ltr'>super</span> <span class='ocrx_word' id='word_1_277' title='bbox 857 2265 1260 2339; x_wconf 89' lang='lat' dir='ltr'>plenitudinem</span> <span class='ocrx_word' id='word_1_278' title='bbox 1291 2265 1536 2321; x_wconf 69' lang='lat' dir='ltr'>scientiae</span> <span class='ocrx_word' id='word_1_279' title='bbox 1565 2263 1873 2320; x_wconf 87' lang='lat' dir='ltr'>ascendisse</span> <span class='ocrx_word' id='word_1_280' title='bbox 1893 2276 2011 2334; x_wconf 91' lang='lat' dir='ltr'>per-</span> 
     </span>
    </p>
   </div>
   <div class='ocr_carea' id='block_1_38' title="bbox 404 2351 2011 2428">
    <p class='ocr_par' dir='ltr' id='par_1_38' title="bbox 404 2351 2011 2428">
     <span class='ocr_line' id='line_1_38' title="bbox 404 2351 2011 2428; baseline -0.004 -16"><span class='ocrx_word' id='word_1_281' title='bbox 404 2355 648 2425; x_wconf 87' lang='lat' dir='ltr'>hibetur,</span> <span class='ocrx_word' id='word_1_282' title='bbox 669 2363 722 2412; x_wconf 91' lang='lat' dir='ltr'>et</span> <span class='ocrx_word' id='word_1_283' title='bbox 743 2357 977 2424; x_wconf 86' lang='lat' dir='ltr'>volasse,</span> <span class='ocrx_word' id='word_1_284' title='bbox 998 2355 1128 2428; x_wconf 88' lang='lat' dir='ltr'>quia</span> <span class='ocrx_word' id='word_1_285' title='bbox 1150 2354 1452 2426; x_wconf 85' lang='lat' dir='ltr'>majestatis</span> <span class='ocrx_word' id='word_1_286' title='bbox 1480 2353 1597 2426; x_wconf 88' lang='lat' dir='ltr'>ejus</span> <span class='ocrx_word' id='word_1_287' title='bbox 1624 2351 2011 2411; x_wconf 88' lang='lat' dir='ltr'>celsitudinem</span> 
     </span>
    </p>
   </div>
   <div class='ocr_carea' id='block_1_39' title="bbox 400 2441 2010 2517">
    <p class='ocr_par' dir='ltr' id='par_1_39' title="bbox 400 2441 2010 2517">
     <span class='ocr_line' id='line_1_39' title="bbox 400 2441 2010 2517; baseline -0.004 -15"><span class='ocrx_word' id='word_1_288' title='bbox 400 2445 635 2502; x_wconf 88' lang='lat' dir='ltr'>scientia</span> <span class='ocrx_word' id='word_1_289' title='bbox 654 2445 807 2501; x_wconf 91' lang='lat' dir='ltr'>nulla</span> <span class='ocrx_word' id='word_1_290' title='bbox 828 2444 1270 2517; x_wconf 88' lang='lat' dir='ltr'>comprehendit.</span> <span class='ocrx_word' id='word_1_291' title='bbox 1293 2443 1518 2500; x_wconf 85' lang='lat' dir='ltr'>Volavit</span> <span class='ocrx_word' id='word_1_292' title='bbox 1539 2443 1728 2516; x_wconf 86' lang='lat' dir='ltr'>igitur,</span> <span class='ocrx_word' id='word_1_293' title='bbox 1749 2441 1878 2514; x_wconf 88' lang='lat' dir='ltr'>quia</span> <span class='ocrx_word' id='word_1_294' title='bbox 1894 2441 2010 2496; x_wconf 89' lang='lat' dir='ltr'>lon-</span> 
     </span>
    </p>
   </div>
   <div class='ocr_carea' id='block_1_40' title="bbox 399 2529 2014 2606">
    <p class='ocr_par' dir='ltr' id='par_1_40' title="bbox 399 2529 2014 2606">
     <span class='ocr_line' id='line_1_40' title="bbox 399 2529 2014 2606; baseline -0.002 -16"><span class='ocrx_word' id='word_1_295' title='bbox 399 2550 464 2606; x_wconf 88' lang='lat' dir='ltr'>ge</span> <span class='ocrx_word' id='word_1_296' title='bbox 497 2533 555 2589; x_wconf 91' lang='lat' dir='ltr'>in</span> <span class='ocrx_word' id='word_1_297' title='bbox 586 2535 760 2590; x_wconf 87' lang='lat' dir='ltr'>altum</span> <span class='ocrx_word' id='word_1_298' title='bbox 791 2534 860 2590; x_wconf 88' lang='lat' dir='ltr'>ab</span> <span class='ocrx_word' id='word_1_299' title='bbox 890 2533 1176 2589; x_wconf 88' lang='lat' dir='ltr'>intellectu</span> <span class='ocrx_word' id='word_1_300' title='bbox 1220 2540 1412 2589; x_wconf 89' lang='lat' dir='ltr'>nostro</span> <span class='ocrx_word' id='word_1_301' title='bbox 1455 2549 1510 2587; x_wconf 89' lang='lat' dir='ltr'>se</span> <span class='ocrx_word' id='word_1_302' title='bbox 1557 2532 1758 2602; x_wconf 86' lang='lat' dir='ltr'>rapuit.</span> <span class='ocrx_word' id='word_1_303' title='bbox 1790 2529 2014 2587; x_wconf 76' lang='lat' dir='ltr'>V’olavit</span> 
     </span>
    </p>
   </div>
   <div class='ocr_carea' id='block_1_41' title="bbox 395 2617 2015 2694">
    <p class='ocr_par' dir='ltr' id='par_1_41' title="bbox 395 2617 2015 2694">
     <span class='ocr_line' id='line_1_41' title="bbox 395 2617 2015 2694; baseline -0.002 -15"><span class='ocrx_word' id='word_1_304' title='bbox 395 2639 574 2694; x_wconf 83' lang='lat' dir='ltr'>super</span> <span class='ocrx_word' id='word_1_305' title='bbox 615 2638 820 2694; x_wconf 86' lang='lat' dir='ltr'>pennas</span> <span class='ocrx_word' id='word_1_306' title='bbox 858 2629 1173 2688; x_wconf 84' lang='lat' dir='ltr'>ventorum,</span> <span class='ocrx_word' id='word_1_307' title='bbox 1205 2619 1336 2692; x_wconf 85' lang='lat' dir='ltr'>quia</span> <span class='ocrx_word' id='word_1_308' title='bbox 1364 2618 1647 2676; x_wconf 89' lang='lat' dir='ltr'>scientiam</span> <span class='ocrx_word' id='word_1_309' title='bbox 1679 2617 2015 2675; x_wconf 86' lang='lat' dir='ltr'>transcendit</span> 
     </span>
    </p>
   </div>
   <div class='ocr_carea' id='block_1_42' title="bbox 397 2707 2015 2782">
    <p class='ocr_par' dir='ltr' id='par_1_42' title="bbox 397 2707 2015 2782">
     <span class='ocr_line' id='line_1_42' title="bbox 397 2707 2015 2782; baseline -0.002 -14"><span class='ocrx_word' id='word_1_310' title='bbox 397 2711 741 2769; x_wconf 89' lang='lat' dir='ltr'>animarum.</span> <span class='ocrx_word' id='word_1_311' title='bbox 763 2709 867 2778; x_wconf 88' lang='lat' dir='ltr'>Qui</span> <span class='ocrx_word' id='word_1_312' title='bbox 884 2709 1070 2782; x_wconf 90' lang='lat' dir='ltr'>posuit</span> <span class='ocrx_word' id='word_1_313' title='bbox 1090 2708 1341 2765; x_wconf 88' lang='lat' dir='ltr'>tenebras</span> <span class='ocrx_word' id='word_1_314' title='bbox 1368 2709 1661 2765; x_wconf 89' lang='lat' dir='ltr'>latibulum</span> <span class='ocrx_word' id='word_1_315' title='bbox 1682 2725 1864 2777; x_wconf 90' lang='lat' dir='ltr'>suum,</span> <span class='ocrx_word' id='word_1_316' title='bbox 1888 2707 2015 2782; x_wconf 88' lang='lat' dir='ltr'>quia</span> 
     </span>
    </p>
   </div>
   <div class='ocr_carea' id='block_1_43' title="bbox 400 2797 2013 2872">
    <p class='ocr_par' dir='ltr' id='par_1_43' title="bbox 400 2797 2013 2872">
     <span class='ocr_line' id='line_1_43' title="bbox 400 2797 2013 2872; baseline -0.001 -16"><span class='ocrx_word' id='word_1_317' title='bbox 400 2799 535 2856; x_wconf 89' lang='lat' dir='ltr'>dum</span> <span class='ocrx_word' id='word_1_318' title='bbox 551 2798 788 2872; x_wconf 83' lang='lat' dir='ltr'>caligine</span> <span class='ocrx_word' id='word_1_319' title='bbox 803 2805 1004 2854; x_wconf 62' lang='lat' dir='ltr'>nostra</span> <span class='ocrx_word' id='word_1_320' title='bbox 1023 2797 1363 2853; x_wconf 85' lang='lat' dir='ltr'>inﬁrmitatis</span> <span class='ocrx_word' id='word_1_321' title='bbox 1379 2797 1740 2854; x_wconf 80' lang='lat' dir='ltr'>obscurantur</span> <span class='ocrx_word' id='word_1_322' title='bbox 1753 2815 1848 2870; x_wconf 88' lang='lat' dir='ltr'>per</span> <span class='ocrx_word' id='word_1_323' title='bbox 1864 2797 2013 2871; x_wconf 86' lang='lat' dir='ltr'>igno-</span> 
     </span>
    </p>
   </div>
   <div class='ocr_carea' id='block_1_44' title="bbox 403 2886 2014 2956">
    <p class='ocr_par' dir='ltr' id='par_1_44' title="bbox 403 2886 2014 2956">
     <span class='ocr_line' id='line_1_44' title="bbox 403 2886 2014 2956; baseline -0.001 -11"><span class='ocrx_word' id='word_1_324' title='bbox 403 2889 639 2946; x_wconf 88' lang='lat' dir='ltr'>rantiam</span> <span class='ocrx_word' id='word_1_325' title='bbox 670 2895 915 2944; x_wconf 87' lang='lat' dir='ltr'>nostram</span> <span class='ocrx_word' id='word_1_326' title='bbox 947 2886 1106 2944; x_wconf 90' lang='lat' dir='ltr'>nobis</span> <span class='ocrx_word' id='word_1_327' title='bbox 1124 2887 1508 2956; x_wconf 89' lang='lat' dir='ltr'>absconditur,</span> <span class='ocrx_word' id='word_1_328' title='bbox 1531 2905 1598 2944; x_wconf 90' lang='lat' dir='ltr'>ne</span> <span class='ocrx_word' id='word_1_329' title='bbox 1620 2905 1651 2943; x_wconf 91' lang='lat' dir='ltr'>a</span> <span class='ocrx_word' id='word_1_330' title='bbox 1667 2887 1830 2944; x_wconf 88' lang='lat' dir='ltr'>nobis</span> <span class='ocrx_word' id='word_1_331' title='bbox 1851 2888 2014 2944; x_wconf 90' lang='lat' dir='ltr'>modo</span> 
     </span>
    </p>
   </div>
   <div class='ocr_carea' id='block_1_45' title="bbox 403 2976 2012 3036">
    <p class='ocr_par' dir='ltr' id='par_1_45' title="bbox 403 2976 2012 3036">
     <span class='ocr_line' id='line_1_45' title="bbox 403 2976 2012 3036; baseline 0.001 -2"><span class='ocrx_word' id='word_1_332' title='bbox 403 2979 462 3036; x_wconf 90' lang='lat' dir='ltr'>in</span> <span class='ocrx_word' id='word_1_333' title='bbox 491 2987 693 3036; x_wconf 70' lang='lat' dir='ltr'>aeterna</span> <span class='ocrx_word' id='word_1_334' title='bbox 719 2987 773 3034; x_wconf 89' lang='lat' dir='ltr'>et</span> <span class='ocrx_word' id='word_1_335' title='bbox 802 2977 1003 3033; x_wconf 87' lang='lat' dir='ltr'>intima</span> <span class='ocrx_word' id='word_1_336' title='bbox 1030 2976 1280 3034; x_wconf 85' lang='lat' dir='ltr'>claritate</span> <span class='ocrx_word' id='word_1_337' title='bbox 1308 2977 1583 3034; x_wconf 88' lang='lat' dir='ltr'>videatur.</span> <span class='ocrx_word' id='word_1_338' title='bbox 1617 2977 1771 3035; x_wconf 89' lang='lat' dir='ltr'>Unde</span> <span class='ocrx_word' id='word_1_339' title='bbox 1791 2978 1841 3035; x_wconf 89' lang='lat' dir='ltr'>ei</span> <span class='ocrx_word' id='word_1_340' title='bbox 1872 2986 1926 3036; x_wconf 87' lang='lat' dir='ltr'>et</span> <span class='ocrx_word' id='word_1_341' title='bbox 1955 2978 2012 3035; x_wconf 91' lang='lat' dir='ltr'>in</span> 
     </span>
    </p>
   </div>
   <div class='ocr_carea' id='block_1_46' title="bbox 402 3063 2017 3138">
    <p class='ocr_par' dir='ltr' id='par_1_46' title="bbox 402 3063 2017 3138">
     <span class='ocr_line' id='line_1_46' title="bbox 402 3063 2017 3138; baseline -0.001 -14"><span class='ocrx_word' id='word_1_342' title='bbox 402 3064 646 3124; x_wconf 86' lang='lat' dir='ltr'>Canticis</span> <span class='ocrx_word' id='word_1_343' title='bbox 673 3063 1017 3123; x_wconf 88' lang='lat' dir='ltr'>canticorum</span> <span class='ocrx_word' id='word_1_344' title='bbox 1047 3081 1078 3120; x_wconf 92' lang='lat' dir='ltr'>a</span> <span class='ocrx_word' id='word_1_345' title='bbox 1106 3081 1305 3137; x_wconf 90' lang='lat' dir='ltr'>sponsa</span> <span class='ocrx_word' id='word_1_346' title='bbox 1333 3064 1572 3122; x_wconf 90' lang='lat' dir='ltr'>dicitur:</span> <span class='ocrx_word' id='word_1_347' title='bbox 1632 3066 1792 3138; x_wconf 84' lang='lat' dir='ltr'>Fuge,</span> <span class='ocrx_word' id='word_1_348' title='bbox 1831 3067 2017 3123; x_wconf 80' lang='lat' dir='ltr'>dilecte</span> 
     </span>
    </p>
   </div>
   <div class='ocr_carea' id='block_1_47' title="bbox 400 3153 2095 3229">
    <p class='ocr_par' dir='ltr' id='par_1_47' title="bbox 400 3153 2095 3229">
     <span class='ocr_line' id='line_1_47' title="bbox 400 3153 2095 3229; baseline 0.004 -19"><span class='ocrx_word' id='word_1_349' title='bbox 400 3156 500 3222; x_wconf 84' lang='lat' dir='ltr'>mi,</span> <span class='ocrx_word' id='word_1_350' title='bbox 532 3155 653 3227; x_wconf 82' lang='lat' dir='ltr'>fuge</span> <span class='ocrx_word' id='word_1_351' title='bbox 686 3155 869 3227; x_wconf 84' lang='lat' dir='ltr'>(Cant.</span> <span class='ocrx_word' id='word_1_352' title='bbox 904 3170 1028 3222; x_wconf 82' lang='lat' dir='ltr'>vin,</span> <span class='ocrx_word' id='word_1_353' title='bbox 1064 3154 1176 3226; x_wconf 76' lang='grc'><strong>14).</strong></span> <span class='ocrx_word' id='word_1_354' title='bbox 1211 3153 1350 3229; x_wconf 74' lang='grc' dir='ltr'>[νει.</span> <span class='ocrx_word' id='word_1_355' title='bbox 1384 3156 1469 3212; x_wconf 85' lang='lat' dir='ltr'>XI</span> <span class='ocrx_word' id='word_1_356' title='bbox 1477 3153 1562 3228; x_wconf 86' lang='lat' dir='ltr'>V.]</span> <span class='ocrx_word' id='word_1_357' title='bbox 1596 3155 1758 3226; x_wconf 88' lang='lat' dir='ltr'>Fugit</span> <span class='ocrx_word' id='word_1_358' title='bbox 1786 3173 1908 3224; x_wconf 92' lang='lat' dir='ltr'>nos,</span> <span class='ocrx_word' id='word_1_359' title='bbox 1933 3156 2014 3212; x_wconf 91' lang='lat' dir='ltr'>di-</span> <span class='ocrx_word' id='word_1_360' title='bbox 2051 3155 2095 3216; x_wconf 79' lang='grc' dir='ltr'>Ο</span> 
     </span>
    </p>
   </div>
   <div class='ocr_carea' id='block_1_48' title="bbox 401 3243 2006 3320">
    <p class='ocr_par' dir='ltr' id='par_1_48' title="bbox 401 3243 2006 3320">
     <span class='ocr_line' id='line_1_48' title="bbox 401 3243 2006 3320; baseline 0.001 -20"><span class='ocrx_word' id='word_1_361' title='bbox 401 3243 603 3314; x_wconf 88' lang='lat' dir='ltr'>cimus,</span> <span class='ocrx_word' id='word_1_362' title='bbox 633 3245 846 3318; x_wconf 89' lang='lat' dir='ltr'>quoties</span> <span class='ocrx_word' id='word_1_363' title='bbox 873 3243 1048 3300; x_wconf 90' lang='lat' dir='ltr'>menti</span> <span class='ocrx_word' id='word_1_364' title='bbox 1081 3252 1277 3300; x_wconf 57' lang='lat' dir='ltr'>nostra}</span> <span class='ocrx_word' id='word_1_365' title='bbox 1300 3244 1356 3300; x_wconf 91' lang='lat' dir='ltr'>id</span> <span class='ocrx_word' id='word_1_366' title='bbox 1375 3245 1523 3320; x_wconf 88' lang='lat' dir='ltr'>quod</span> <span class='ocrx_word' id='word_1_367' title='bbox 1545 3245 1825 3302; x_wconf 89' lang='lat' dir='ltr'>reminisci</span> <span class='ocrx_word' id='word_1_368' title='bbox 1853 3247 2006 3302; x_wconf 88' lang='lat' dir='ltr'>volu-</span> 
     </span>
    </p>
   </div>
   <div class='ocr_carea' id='block_1_49' title="bbox 407 3332 2008 3408">
    <p class='ocr_par' dir='ltr' id='par_1_49' title="bbox 407 3332 2008 3408">
     <span class='ocr_line' id='line_1_49' title="bbox 407 3332 2008 3408; baseline 0.001 -19"><span class='ocrx_word' id='word_1_369' title='bbox 407 3349 532 3389; x_wconf 89' lang='lat' dir='ltr'>mus</span> <span class='ocrx_word' id='word_1_370' title='bbox 561 3350 670 3388; x_wconf 91' lang='lat' dir='ltr'>non</span> <span class='ocrx_word' id='word_1_371' title='bbox 699 3332 962 3390; x_wconf 90' lang='lat' dir='ltr'>occurrit.</span> <span class='ocrx_word' id='word_1_372' title='bbox 998 3333 1020 3368; x_wconf 80' lang='grc'>³</span> <span class='ocrx_word' id='word_1_373' title='bbox 1049 3332 1213 3404; x_wconf 84' lang='lat' dir='ltr'>Fugit</span> <span class='ocrx_word' id='word_1_374' title='bbox 1259 3349 1380 3402; x_wconf 91' lang='lat' dir='ltr'>nos,</span> <span class='ocrx_word' id='word_1_375' title='bbox 1410 3332 1672 3402; x_wconf 89' lang='lat' dir='ltr'>dicimus,</span> <span class='ocrx_word' id='word_1_376' title='bbox 1703 3335 1922 3408; x_wconf 90' lang='lat' dir='ltr'>quando</span> <span class='ocrx_word' id='word_1_377' title='bbox 1949 3334 2008 3390; x_wconf 91' lang='lat' dir='ltr'>id</span> 
     </span>
    </p>
   </div>
   <div class='ocr_carea' id='block_1_50' title="bbox 404 3421 2008 3496">
    <p class='ocr_par' dir='ltr' id='par_1_50' title="bbox 404 3421 2008 3496">
     <span class='ocr_line' id='line_1_50' title="bbox 404 3421 2008 3496; baseline 0.002 -19"><span class='ocrx_word' id='word_1_378' title='bbox 404 3422 554 3495; x_wconf 88' lang='lat' dir='ltr'>quod</span> <span class='ocrx_word' id='word_1_379' title='bbox 604 3422 860 3478; x_wconf 85' lang='lat' dir='ltr'>volumus</span> <span class='ocrx_word' id='word_1_380' title='bbox 903 3421 1168 3478; x_wconf 89' lang='lat' dir='ltr'>memoria</span> <span class='ocrx_word' id='word_1_381' title='bbox 1195 3437 1307 3478; x_wconf 89' lang='lat' dir='ltr'>non</span> <span class='ocrx_word' id='word_1_382' title='bbox 1335 3430 1604 3479; x_wconf 87' lang='lat' dir='ltr'>tenemus.</span> <span class='ocrx_word' id='word_1_383' title='bbox 1639 3424 1836 3481; x_wconf 87' lang='lat' dir='ltr'>Sancta</span> <span class='ocrx_word' id='word_1_384' title='bbox 1879 3441 2008 3496; x_wconf 87' lang='lat' dir='ltr'>ergo</span> 
     </span>
    </p>
   </div>
   <div class='ocr_carea' id='block_1_51' title="bbox 403 3510 2014 3584">
    <p class='ocr_par' dir='ltr' id='par_1_51' title="bbox 403 3510 2014 3584">
     <span class='ocr_line' id='line_1_51' title="bbox 403 3510 2014 3584; baseline 0.001 -15"><span class='ocrx_word' id='word_1_385' title='bbox 403 3510 652 3569; x_wconf 85' lang='lat' dir='ltr'>Ecclesia</span> <span class='ocrx_word' id='word_1_386' title='bbox 677 3519 966 3584; x_wconf 89' lang='lat' dir='ltr'>postquam</span> <span class='ocrx_word' id='word_1_387' title='bbox 989 3519 1222 3568; x_wconf 91' lang='lat' dir='ltr'>mortem</span> <span class='ocrx_word' id='word_1_388' title='bbox 1253 3528 1316 3568; x_wconf 90' lang='lat' dir='ltr'>ac</span> <span class='ocrx_word' id='word_1_389' title='bbox 1345 3512 1808 3568; x_wconf 86' lang='lat' dir='ltr'>resurrectionem</span> <span class='ocrx_word' id='word_1_390' title='bbox 1831 3515 2014 3570; x_wconf 91' lang='lat' dir='ltr'>Domi-</span> 
     </span>
    </p>
   </div>
   <div class='ocr_carea' id='block_1_52' title="bbox 403 3599 2015 3674">
    <p class='ocr_par' dir='ltr' id='par_1_52' title="bbox 403 3599 2015 3674">
     <span class='ocr_line' id='line_1_52' title="bbox 403 3599 2015 3674; baseline 0.001 -17"><span class='ocrx_word' id='word_1_391' title='bbox 403 3599 491 3668; x_wconf 90' lang='lat' dir='ltr'>ni,</span> <span class='ocrx_word' id='word_1_392' title='bbox 539 3599 1015 3673; x_wconf 89' lang='lat' dir='ltr'>ascensionemque</span> <span class='ocrx_word' id='word_1_393' title='bbox 1045 3599 1330 3668; x_wconf 89' lang='lat' dir='ltr'>describit,</span> <span class='ocrx_word' id='word_1_394' title='bbox 1379 3601 1579 3658; x_wconf 90' lang='lat' dir='ltr'>clamat</span> <span class='ocrx_word' id='word_1_395' title='bbox 1608 3600 1658 3657; x_wconf 89' lang='lat' dir='ltr'>ei</span> <span class='ocrx_word' id='word_1_396' title='bbox 1693 3602 2015 3674; x_wconf 88' lang='lat' dir='ltr'>prophetico</span> 
     </span>
    </p>
   </div>
   <div class='ocr_carea' id='block_1_53' title="bbox 409 3688 2011 3762">
    <p class='ocr_par' dir='ltr' id='par_1_53' title="bbox 409 3688 2011 3762">
     <span class='ocr_line' id='line_1_53' title="bbox 409 3688 2011 3762; baseline 0.004 -18"><span class='ocrx_word' id='word_1_397' title='bbox 409 3689 578 3762; x_wconf 87' lang='lat' dir='ltr'>plena</span> <span class='ocrx_word' id='word_1_398' title='bbox 605 3688 838 3760; x_wconf 83' lang='lat' dir='ltr'>spiritu:</span> <span class='ocrx_word' id='word_1_399' title='bbox 867 3691 1022 3762; x_wconf 87' lang='lat' dir='ltr'>Fuge,</span> <span class='ocrx_word' id='word_1_400' title='bbox 1053 3691 1235 3746; x_wconf 83' lang='lat' dir='ltr'>dilecte</span> <span class='ocrx_word' id='word_1_401' title='bbox 1261 3691 1355 3759; x_wconf 85' lang='lat' dir='ltr'>mi,</span> <span class='ocrx_word' id='word_1_402' title='bbox 1388 3691 1528 3762; x_wconf 84' lang='lat' dir='ltr'>fuge.</span> <span class='ocrx_word' id='word_1_403' title='bbox 1564 3697 1644 3748; x_wconf 83' lang='lat' dir='ltr'>Ac</span> <span class='ocrx_word' id='word_1_404' title='bbox 1680 3693 1726 3748; x_wconf 90' lang='lat' dir='ltr'>si</span> <span class='ocrx_word' id='word_1_405' title='bbox 1769 3693 2011 3750; x_wconf 85' lang='lat' dir='ltr'>diceret:</span> 
     </span>
    </p>
   </div>
   <div class='ocr_carea' id='block_1_54' title="bbox 411 3777 2013 3852">
    <p class='ocr_par' dir='ltr' id='par_1_54' title="bbox 411 3777 2013 3852">
     <span class='ocr_line' id='line_1_54' title="bbox 411 3777 2013 3852; baseline 0.002 -19"><span class='ocrx_word' id='word_1_406' title='bbox 411 3778 492 3834; x_wconf 90' lang='lat' dir='ltr'>Tu</span> <span class='ocrx_word' id='word_1_407' title='bbox 515 3777 610 3850; x_wconf 88' lang='lat' dir='ltr'>qui</span> <span class='ocrx_word' id='word_1_408' title='bbox 630 3794 699 3834; x_wconf 89' lang='lat' dir='ltr'>ex</span> <span class='ocrx_word' id='word_1_409' title='bbox 717 3795 878 3836; x_wconf 90' lang='lat' dir='ltr'>carne</span> <span class='ocrx_word' id='word_1_410' title='bbox 897 3779 1410 3852; x_wconf 88' lang='lat' dir='ltr'>comprehensibilis</span> <span class='ocrx_word' id='word_1_411' title='bbox 1430 3781 1608 3836; x_wconf 87' lang='lat' dir='ltr'>factus</span> <span class='ocrx_word' id='word_1_412' title='bbox 1623 3797 1698 3849; x_wconf 87' lang='lat' dir='ltr'>es,</span> <span class='ocrx_word' id='word_1_413' title='bbox 1723 3797 1790 3836; x_wconf 89' lang='lat' dir='ltr'>ex</span> <span class='ocrx_word' id='word_1_414' title='bbox 1813 3781 2013 3837; x_wconf 83' lang='lat' dir='ltr'>divini-</span> 
     </span>
    </p>
   </div>
   <div class='ocr_carea' id='block_1_55' title="bbox 404 3867 2015 3941">
    <p class='ocr_par' dir='ltr' id='par_1_55' title="bbox 404 3867 2015 3941">
     <span class='ocr_line' id='line_1_55' title="bbox 404 3867 2015 3941; baseline 0.004 -19"><span class='ocrx_word' id='word_1_415' title='bbox 404 3874 518 3923; x_wconf 86' lang='lat' dir='ltr'>tate</span> <span class='ocrx_word' id='word_1_416' title='bbox 549 3875 646 3923; x_wconf 88' lang='lat' dir='ltr'>tua</span> <span class='ocrx_word' id='word_1_417' title='bbox 681 3867 1106 3941; x_wconf 85' lang='lat' dir='ltr'>intelligentiam</span> <span class='ocrx_word' id='word_1_418' title='bbox 1153 3869 1329 3926; x_wconf 91' lang='lat' dir='ltr'>nostri</span> <span class='ocrx_word' id='word_1_419' title='bbox 1367 3885 1562 3926; x_wconf 90' lang='lat' dir='ltr'>sensus</span> <span class='ocrx_word' id='word_1_420' title='bbox 1591 3870 1813 3940; x_wconf 88' lang='lat' dir='ltr'>excede,</span> <span class='ocrx_word' id='word_1_421' title='bbox 1861 3880 1913 3927; x_wconf 87' lang='lat' dir='ltr'>et</span> <span class='ocrx_word' id='word_1_422' title='bbox 1959 3871 2015 3928; x_wconf 92' lang='lat' dir='ltr'>in</span> 
     </span>
    </p>
   </div>
   <div class='ocr_carea' id='block_1_56' title="bbox 402 3955 2017 4033">
    <p class='ocr_par' dir='ltr' id='par_1_56' title="bbox 402 3955 2017 4033">
     <span class='ocr_line' id='line_1_56' title="bbox 402 3955 2017 4033; baseline 0.002 -21"><span class='ocrx_word' id='word_1_423' title='bbox 402 3955 581 4028; x_wconf 83' lang='lat' dir='ltr'>teipse</span> <span class='ocrx_word' id='word_1_424' title='bbox 611 3956 770 4014; x_wconf 86' lang='lat' dir='ltr'>nobis</span> <span class='ocrx_word' id='word_1_425' title='bbox 799 3957 1374 4030; x_wconf 89' lang='lat' dir='ltr'>incomprehensibilis</span> <span class='ocrx_word' id='word_1_426' title='bbox 1393 3974 1671 4030; x_wconf 89' lang='lat' dir='ltr'>permane.</span> <span class='ocrx_word' id='word_1_427' title='bbox 1696 3959 1868 4015; x_wconf 91' lang='lat' dir='ltr'>Tenet</span> <span class='ocrx_word' id='word_1_428' title='bbox 1888 3977 2017 4033; x_wconf 90' lang='lat' dir='ltr'>ergo</span> 
     </span>
    </p>
   </div>
   <div class='ocr_carea' id='block_1_57' title="bbox 406 4045 2012 4122">
    <p class='ocr_par' dir='ltr' id='par_1_57' title="bbox 406 4045 2012 4122">
     <span class='ocr_line' id='line_1_57' title="bbox 406 4045 2012 4122; baseline 0.004 -22"><span class='ocrx_word' id='word_1_429' title='bbox 406 4045 623 4101; x_wconf 83' lang='lat' dir='ltr'>vultum</span> <span class='ocrx_word' id='word_1_430' title='bbox 652 4046 778 4102; x_wconf 86' lang='lat' dir='ltr'>solii</span> <span class='ocrx_word' id='word_1_431' title='bbox 807 4046 914 4115; x_wconf 89' lang='lat' dir='ltr'>sui,</span> <span class='ocrx_word' id='word_1_432' title='bbox 937 4047 1066 4120; x_wconf 90' lang='lat' dir='ltr'>quia</span> <span class='ocrx_word' id='word_1_433' title='bbox 1085 4047 1386 4120; x_wconf 74' lang='lat' dir='ltr'>majestatis</span> <span class='ocrx_word' id='word_1_434' title='bbox 1407 4065 1516 4104; x_wconf 72' lang='lat' dir='ltr'>suae</span> <span class='ocrx_word' id='word_1_435' title='bbox 1543 4049 1847 4122; x_wconf 88' lang='lat' dir='ltr'>potentiam</span> <span class='ocrx_word' id='word_1_436' title='bbox 1869 4065 2012 4106; x_wconf 91' lang='lat' dir='ltr'>mor-</span> 
     </span>
    </p>
   </div>
   <div class='ocr_carea' id='block_1_58' title="bbox 403 4136 937 4196">
    <p class='ocr_par' dir='ltr' id='par_1_58' title="bbox 403 4136 937 4196">
     <span class='ocr_line' id='line_1_58' title="bbox 403 4136 937 4196; baseline 0.002 -3"><span class='ocrx_word' id='word_1_437' title='bbox 403 4136 609 4195; x_wconf 88' lang='lat' dir='ltr'>talibus</span> <span class='ocrx_word' id='word_1_438' title='bbox 629 4137 937 4196; x_wconf 86' lang='lat' dir='ltr'>abscondit.</span> 
     </span>
    </p>
   </div>
   <div class='ocr_carea' id='block_1_59' title="bbox 477 4244 2013 4318">
    <p class='ocr_par' dir='ltr' id='par_1_59' title="bbox 477 4244 2013 4318">
     <span class='ocr_line' id='line_1_59' title="bbox 477 4244 2013 4318; baseline 0.002 -18"><span class='ocrx_word' id='word_1_439' title='bbox 477 4244 567 4301; x_wconf 75' lang='grc'>40.</span> <span class='ocrx_word' id='word_1_440' title='bbox 599 4246 726 4316; x_wconf 85' lang='lat' dir='ltr'>Ipsa</span> <span class='ocrx_word' id='word_1_441' title='bbox 768 4247 1078 4317; x_wconf 85' lang='lat' dir='ltr'>angelorum</span> <span class='ocrx_word' id='word_1_442' title='bbox 1119 4245 1413 4301; x_wconf 85' lang='lat' dir='ltr'>ministeria</span> <span class='ocrx_word' id='word_1_443' title='bbox 1440 4245 1652 4302; x_wconf 87' lang='lat' dir='ltr'>minime</span> <span class='ocrx_word' id='word_1_444' title='bbox 1687 4246 1910 4318; x_wconf 87' lang='lat' dir='ltr'>cognita.</span> <span class='ocrx_word' id='word_1_445' title='bbox 1943 4278 2013 4288; x_wconf 96' lang='lat'>—</span> 
     </span>
    </p>
   </div>
   <div class='ocr_carea' id='block_1_60' title="bbox 406 4333 2013 4409">
    <p class='ocr_par' dir='ltr' id='par_1_60' title="bbox 406 4333 2013 4409">
     <span class='ocr_line' id='line_1_60' title="bbox 406 4333 2013 4409; baseline 0.002 -21"><span class='ocrx_word' id='word_1_446' title='bbox 406 4333 514 4389; x_wconf 86' lang='lat' dir='ltr'>Sed</span> <span class='ocrx_word' id='word_1_447' title='bbox 541 4333 587 4389; x_wconf 90' lang='lat' dir='ltr'>si</span> <span class='ocrx_word' id='word_1_448' title='bbox 615 4333 735 4406; x_wconf 88' lang='lat' dir='ltr'>ejus</span> <span class='ocrx_word' id='word_1_449' title='bbox 763 4333 965 4390; x_wconf 87' lang='lat' dir='ltr'>solium</span> <span class='ocrx_word' id='word_1_450' title='bbox 987 4334 1261 4408; x_wconf 85' lang='lat' dir='ltr'>angelicas</span> <span class='ocrx_word' id='word_1_451' title='bbox 1276 4333 1510 4390; x_wconf 78' lang='lat' dir='ltr'>virtutes</span> <span class='ocrx_word' id='word_1_452' title='bbox 1538 4333 1861 4408; x_wconf 89' lang='lat' dir='ltr'>accipimus,</span> <span class='ocrx_word' id='word_1_453' title='bbox 1879 4335 2013 4409; x_wconf 90' lang='lat' dir='ltr'>ipsis</span> 
     </span>
    </p>
   </div>
   <div class='ocr_carea' id='block_1_61' title="bbox 410 4430 2011 4506">
    <p class='ocr_par' dir='ltr' id='par_1_61' title="bbox 410 4430 2011 4506">
     <span class='ocr_line' id='line_1_61' title="bbox 410 4430 2011 4506; baseline 0.001 -20"><span class='ocrx_word' id='word_1_454' title='bbox 410 4431 612 4505; x_wconf 89' lang='lat' dir='ltr'>quippe</span> <span class='ocrx_word' id='word_1_455' title='bbox 640 4434 792 4490; x_wconf 89' lang='lat' dir='ltr'>velut</span> <span class='ocrx_word' id='word_1_456' title='bbox 820 4433 938 4490; x_wconf 89' lang='lat' dir='ltr'>sedi</span> <span class='ocrx_word' id='word_1_457' title='bbox 967 4433 1128 4506; x_wconf 66' lang='lat' dir='ltr'>regia:</span> <span class='ocrx_word' id='word_1_458' title='bbox 1159 4432 1434 4506; x_wconf 66' lang='lat' dir='ltr'>priesidet,</span> <span class='ocrx_word' id='word_1_459' title='bbox 1457 4431 1542 4488; x_wconf 92' lang='lat' dir='ltr'>sui</span> <span class='ocrx_word' id='word_1_460' title='bbox 1565 4431 1724 4488; x_wconf 90' lang='lat' dir='ltr'>nobis</span> <span class='ocrx_word' id='word_1_461' title='bbox 1753 4430 1898 4487; x_wconf 86' lang='lat'>550</span> <span class='ocrx_word' id='word_1_462' title='bbox 1928 4449 2011 4488; x_wconf 85' lang='lat' dir='ltr'>so-</span> 
     </span>
    </p>
   </div>
   <div class='ocr_carea' id='block_1_62' title="bbox 2122 1895 3726 1972">
    <p class='ocr_par' dir='ltr' id='par_1_62' title="bbox 2122 1895 3726 1972">
     <span class='ocr_line' id='line_1_62' title="bbox 2122 1895 3726 1972; baseline 0.002 -20"><span class='ocrx_word' id='word_1_463' title='bbox 2122 1896 2270 1952; x_wconf 88' lang='lat' dir='ltr'>mani</span> <span class='ocrx_word' id='word_1_464' title='bbox 2303 1895 2515 1969; x_wconf 82' lang='lat' dir='ltr'>generis</span> <span class='ocrx_word' id='word_1_465' title='bbox 2544 1895 2620 1950; x_wconf 89' lang='lat' dir='ltr'>ita</span> <span class='ocrx_word' id='word_1_466' title='bbox 2649 1895 2935 1952; x_wconf 90' lang='lat' dir='ltr'>scientiam</span> <span class='ocrx_word' id='word_1_467' title='bbox 2981 1897 3317 1966; x_wconf 88' lang='lat' dir='ltr'>moderatur,</span> <span class='ocrx_word' id='word_1_468' title='bbox 3350 1906 3411 1953; x_wconf 91' lang='lat' dir='ltr'>ut</span> <span class='ocrx_word' id='word_1_469' title='bbox 3443 1915 3726 1972; x_wconf 89' lang='lat' dir='ltr'>quousque</span> 
     </span>
    </p>
   </div>
   <div class='ocr_carea' id='block_1_63' title="bbox 2121 1985 3724 2060">
    <p class='ocr_par' dir='ltr' id='par_1_63' title="bbox 2121 1985 3724 2060">
     <span class='ocr_line' id='line_1_63' title="bbox 2121 1985 3724 2060; baseline 0.003 -21"><span class='ocrx_word' id='word_1_470' title='bbox 2121 1985 2532 2044; x_wconf 74' lang='lat' dir='ltr'>vicissitudines</span> <span class='ocrx_word' id='word_1_471' title='bbox 2587 1985 2979 2042; x_wconf 88' lang='lat' dir='ltr'>alternantium</span> <span class='ocrx_word' id='word_1_472' title='bbox 3055 1995 3366 2059; x_wconf 89' lang='lat' dir='ltr'>temporum</span> <span class='ocrx_word' id='word_1_473' title='bbox 3423 1996 3724 2060; x_wconf 87' lang='lat' dir='ltr'>transeant,</span> 
     </span>
    </p>
   </div>
   <div class='ocr_carea' id='block_1_64' title="bbox 2121 2075 3728 2152">
    <p class='ocr_par' dir='ltr' id='par_1_64' title="bbox 2121 2075 3728 2152">
     <span class='ocr_line' id='line_1_64' title="bbox 2121 2075 3728 2152; baseline 0.003 -22"><span class='ocrx_word' id='word_1_474' title='bbox 2121 2077 2358 2148; x_wconf 78' lang='lat' dir='ltr'>perfecte</span> <span class='ocrx_word' id='word_1_475' title='bbox 2383 2075 2450 2132; x_wconf 87' lang='lat' dir='ltr'>ad</span> <span class='ocrx_word' id='word_1_476' title='bbox 2481 2075 2850 2148; x_wconf 89' lang='lat' dir='ltr'>cognitionem</span> <span class='ocrx_word' id='word_1_477' title='bbox 2895 2075 3167 2132; x_wconf 87' lang='lat' dir='ltr'>claritatis</span> <span class='ocrx_word' id='word_1_478' title='bbox 3214 2077 3426 2135; x_wconf 63' lang='lat' dir='ltr'>intima)</span> <span class='ocrx_word' id='word_1_479' title='bbox 3456 2096 3565 2134; x_wconf 91' lang='lat' dir='ltr'>non</span> <span class='ocrx_word' id='word_1_480' title='bbox 3595 2096 3728 2152; x_wconf 89' lang='lat' dir='ltr'>per-</span> 
     </span>
    </p>
   </div>
   <div class='ocr_carea' id='block_1_65' title="bbox 2119 2166 3727 2243">
    <p class='ocr_par' dir='ltr' id='par_1_65' title="bbox 2119 2166 3727 2243">
     <span class='ocr_line' id='line_1_65' title="bbox 2119 2166 3727 2243; baseline 0.001 -20"><span class='ocrx_word' id='word_1_481' title='bbox 2119 2166 2314 2238; x_wconf 85' lang='lat' dir='ltr'>tingat.</span> <span class='ocrx_word' id='word_1_482' title='bbox 2347 2166 2444 2223; x_wconf 91' lang='lat' dir='ltr'>Sin</span> <span class='ocrx_word' id='word_1_483' title='bbox 2473 2183 2603 2223; x_wconf 89' lang='lat' dir='ltr'>vero</span> <span class='ocrx_word' id='word_1_484' title='bbox 2635 2167 2772 2224; x_wconf 89' lang='lat' dir='ltr'>lucis</span> <span class='ocrx_word' id='word_1_485' title='bbox 2803 2168 3025 2224; x_wconf 90' lang='lat' dir='ltr'>nomine</span> <span class='ocrx_word' id='word_1_486' title='bbox 3065 2167 3246 2240; x_wconf 90' lang='lat' dir='ltr'>justos</span> <span class='ocrx_word' id='word_1_487' title='bbox 3282 2170 3604 2243; x_wconf 87' lang='lat' dir='ltr'>accipimus,</span> <span class='ocrx_word' id='word_1_488' title='bbox 3636 2178 3727 2225; x_wconf 89' lang='lat' dir='ltr'>te-</span> 
     </span>
    </p>
   </div>
   <div class='ocr_carea' id='block_1_66' title="bbox 2120 2257 3726 2333">
    <p class='ocr_par' dir='ltr' id='par_1_66' title="bbox 2120 2257 3726 2333">
     <span class='ocr_line' id='line_1_66' title="bbox 2120 2257 3726 2333; baseline 0.002 -20"><span class='ocrx_word' id='word_1_489' title='bbox 2120 2257 2412 2313; x_wconf 88' lang='lat' dir='ltr'>nebrarum</span> <span class='ocrx_word' id='word_1_490' title='bbox 2443 2273 2573 2313; x_wconf 86' lang='lat' dir='ltr'>vero</span> <span class='ocrx_word' id='word_1_491' title='bbox 2603 2257 2967 2330; x_wconf 90' lang='lat' dir='ltr'>appellatione</span> <span class='ocrx_word' id='word_1_492' title='bbox 2988 2267 3302 2330; x_wconf 87' lang='lat' dir='ltr'>peccatores</span> <span class='ocrx_word' id='word_1_493' title='bbox 3325 2261 3498 2333; x_wconf 89' lang='lat' dir='ltr'>(unde</span> <span class='ocrx_word' id='word_1_494' title='bbox 3518 2268 3573 2318; x_wconf 87' lang='lat' dir='ltr'>et</span> <span class='ocrx_word' id='word_1_495' title='bbox 3593 2260 3726 2316; x_wconf 86' lang='lat' dir='ltr'>Pau-</span> 
     </span>
    </p>
   </div>
   <div class='ocr_carea' id='block_1_67' title="bbox 2121 2348 3726 2424">
    <p class='ocr_par' dir='ltr' id='par_1_67' title="bbox 2121 2348 3726 2424">
     <span class='ocr_line' id='line_1_67' title="bbox 2121 2348 3726 2424; baseline 0.001 -19"><span class='ocrx_word' id='word_1_496' title='bbox 2121 2349 2210 2405; x_wconf 91' lang='lat' dir='ltr'>lus</span> <span class='ocrx_word' id='word_1_497' title='bbox 2238 2348 2408 2406; x_wconf 89' lang='lat' dir='ltr'>dicit:</span> <span class='ocrx_word' id='word_1_498' title='bbox 2441 2350 2629 2406; x_wconf 87' lang='lat' dir='ltr'>Eralis</span> <span class='ocrx_word' id='word_1_499' title='bbox 2657 2352 2947 2424; x_wconf 82' lang='lat' dir='ltr'>aliquando</span> <span class='ocrx_word' id='word_1_500' title='bbox 2980 2353 3218 2420; x_wconf 74' lang='lat' dir='ltr'>tenebrae,</span> <span class='ocrx_word' id='word_1_501' title='bbox 3248 2370 3386 2408; x_wconf 88' lang='lat' dir='ltr'>nunc</span> <span class='ocrx_word' id='word_1_502' title='bbox 3425 2360 3599 2408; x_wconf 87' lang='lat' dir='ltr'>autem</span> <span class='ocrx_word' id='word_1_503' title='bbox 3631 2353 3726 2407; x_wconf 72' lang='lat' dir='ltr'>lux</span> 
     </span>
    </p>
   </div>
   <div class='ocr_carea' id='block_1_68' title="bbox 2121 2438 3725 2513">
    <p class='ocr_par' dir='ltr' id='par_1_68' title="bbox 2121 2438 3725 2513">
     <span class='ocr_line' id='line_1_68' title="bbox 2121 2438 3725 2513; baseline 0.002 -21"><span class='ocrx_word' id='word_1_504' title='bbox 2121 2438 2178 2492; x_wconf 87' lang='lat' dir='ltr'>in</span> <span class='ocrx_word' id='word_1_505' title='bbox 2205 2439 2432 2494; x_wconf 87' lang='lat' dir='ltr'>Domino</span> <span class='ocrx_word' id='word_1_506' title='bbox 2467 2439 2686 2512; x_wconf 84' lang='lat' dir='ltr'>[Ephes.</span> <span class='ocrx_word' id='word_1_507' title='bbox 2719 2459 2776 2507; x_wconf 86' lang='lat' dir='ltr'>v,</span> <span class='ocrx_word' id='word_1_508' title='bbox 2807 2441 2917 2513; x_wconf 74' lang='lat'>8]),</span> <span class='ocrx_word' id='word_1_509' title='bbox 2949 2441 3054 2496; x_wconf 92' lang='lat' dir='ltr'>hoc</span> <span class='ocrx_word' id='word_1_510' title='bbox 3083 2441 3260 2512; x_wconf 91' lang='lat' dir='ltr'>ipsum</span> <span class='ocrx_word' id='word_1_511' title='bbox 3293 2440 3444 2513; x_wconf 90' lang='lat' dir='ltr'>quod</span> <span class='ocrx_word' id='word_1_512' title='bbox 3475 2440 3725 2496; x_wconf 80' lang='lat' dir='ltr'>diximus</span> 
     </span>
    </p>
   </div>
   <div class='ocr_carea' id='block_1_69' title="bbox 2121 2528 3728 2604">
    <p class='ocr_par' dir='ltr' id='par_1_69' title="bbox 2121 2528 3728 2604">
     <span class='ocr_line' id='line_1_69' title="bbox 2121 2528 3728 2604; baseline 0.001 -20"><span class='ocrx_word' id='word_1_513' title='bbox 2121 2528 2315 2584; x_wconf 90' lang='lat' dir='ltr'>sentiri</span> <span class='ocrx_word' id='word_1_514' title='bbox 2359 2529 2441 2585; x_wconf 91' lang='lat' dir='ltr'>nil</span> <span class='ocrx_word' id='word_1_515' title='bbox 2485 2529 2685 2598; x_wconf 87' lang='lat' dir='ltr'>obstat,</span> <span class='ocrx_word' id='word_1_516' title='bbox 2719 2530 2848 2604; x_wconf 89' lang='lat' dir='ltr'>quia</span> <span class='ocrx_word' id='word_1_517' title='bbox 2875 2531 3114 2604; x_wconf 83' lang='lat' dir='ltr'>perfecta</span> <span class='ocrx_word' id='word_1_518' title='bbox 3144 2531 3467 2587; x_wconf 76' lang='lat' dir='ltr'>aeternitatis</span> <span class='ocrx_word' id='word_1_519' title='bbox 3495 2530 3728 2587; x_wconf 86' lang='lat' dir='ltr'>scientia</span> 
     </span>
    </p>
   </div>
   <div class='ocr_carea' id='block_1_70' title="bbox 2121 2618 3726 2693">
    <p class='ocr_par' dir='ltr' id='par_1_70' title="bbox 2121 2618 3726 2693">
     <span class='ocr_line' id='line_1_70' title="bbox 2121 2618 3726 2693; baseline 0 -19"><span class='ocrx_word' id='word_1_520' title='bbox 2121 2618 2262 2675; x_wconf 89' lang='lat' dir='ltr'>nulli</span> <span class='ocrx_word' id='word_1_521' title='bbox 2281 2618 2561 2688; x_wconf 87' lang='lat' dir='ltr'>tribuitur,</span> <span class='ocrx_word' id='word_1_522' title='bbox 2579 2636 2860 2693; x_wconf 88' lang='lat' dir='ltr'>quousque</span> <span class='ocrx_word' id='word_1_523' title='bbox 2876 2633 3068 2678; x_wconf 85' lang='lat' dir='ltr'>cursus</span> <span class='ocrx_word' id='word_1_524' title='bbox 3077 2619 3352 2692; x_wconf 89' lang='lat' dir='ltr'>justorum</span> <span class='ocrx_word' id='word_1_525' title='bbox 3372 2619 3726 2692; x_wconf 89' lang='lat' dir='ltr'>injustorum-</span> 
     </span>
    </p>
   </div>
   <div class='ocr_carea' id='block_1_71' title="bbox 2123 2709 3726 2784">
    <p class='ocr_par' dir='ltr' id='par_1_71' title="bbox 2123 2709 3726 2784">
     <span class='ocr_line' id='line_1_71' title="bbox 2123 2709 3726 2784; baseline 0.001 -19"><span class='ocrx_word' id='word_1_526' title='bbox 2123 2726 2226 2782; x_wconf 91' lang='lat' dir='ltr'>que</span> <span class='ocrx_word' id='word_1_527' title='bbox 2256 2709 2502 2766; x_wconf 84' lang='lat' dir='ltr'>ﬁniatur.</span> <span class='ocrx_word' id='word_1_528' title='bbox 2535 2709 2640 2767; x_wconf 90' lang='lat' dir='ltr'>Sed</span> <span class='ocrx_word' id='word_1_529' title='bbox 2670 2710 2799 2784; x_wconf 85' lang='lat' dir='ltr'>quia</span> <span class='ocrx_word' id='word_1_530' title='bbox 2821 2711 3023 2766; x_wconf 90' lang='lat' dir='ltr'>mirum</span> <span class='ocrx_word' id='word_1_531' title='bbox 3053 2729 3164 2770; x_wconf 90' lang='lat' dir='ltr'>non</span> <span class='ocrx_word' id='word_1_532' title='bbox 3188 2719 3270 2767; x_wconf 92' lang='lat' dir='ltr'>est</span> <span class='ocrx_word' id='word_1_533' title='bbox 3294 2711 3540 2768; x_wconf 87' lang='lat' dir='ltr'>carnales</span> <span class='ocrx_word' id='word_1_534' title='bbox 3560 2727 3726 2783; x_wconf 91' lang='lat' dir='ltr'>popu-</span> 
     </span>
    </p>
   </div>
   <div class='ocr_carea' id='block_1_72' title="bbox 2125 2797 3727 2873">
    <p class='ocr_par' dir='ltr' id='par_1_72' title="bbox 2125 2797 3727 2873">
     <span class='ocr_line' id='line_1_72' title="bbox 2125 2797 3727 2873; baseline -0.002 -17"><span class='ocrx_word' id='word_1_535' title='bbox 2125 2802 2205 2856; x_wconf 93' lang='lat' dir='ltr'>los</span> <span class='ocrx_word' id='word_1_536' title='bbox 2233 2817 2468 2873; x_wconf 87' lang='lat' dir='ltr'>superna</span> <span class='ocrx_word' id='word_1_537' title='bbox 2509 2800 2741 2868; x_wconf 89' lang='lat' dir='ltr'>nescire,</span> <span class='ocrx_word' id='word_1_538' title='bbox 2787 2808 3008 2856; x_wconf 89' lang='lat' dir='ltr'>sanctus</span> <span class='ocrx_word' id='word_1_539' title='bbox 3043 2800 3131 2855; x_wconf 86' lang='lat' dir='ltr'>vir</span> <span class='ocrx_word' id='word_1_540' title='bbox 3161 2799 3218 2854; x_wconf 90' lang='lat' dir='ltr'>in</span> <span class='ocrx_word' id='word_1_541' title='bbox 3248 2798 3493 2871; x_wconf 83' lang='lat' dir='ltr'>ejusdem</span> <span class='ocrx_word' id='word_1_542' title='bbox 3524 2797 3727 2852; x_wconf 74' lang='lat' dir='ltr'>divina:</span> 
     </span>
    </p>
   </div>
   <div class='ocr_carea' id='block_1_73' title="bbox 2124 2889 3729 2962">
    <p class='ocr_par' dir='ltr' id='par_1_73' title="bbox 2124 2889 3729 2962">
     <span class='ocr_line' id='line_1_73' title="bbox 2124 2889 3729 2962; baseline -0.003 -15"><span class='ocrx_word' id='word_1_543' title='bbox 2124 2891 2381 2962; x_wconf 69' lang='lat' dir='ltr'>potentia:</span> <span class='ocrx_word' id='word_1_544' title='bbox 2410 2889 2772 2946; x_wconf 88' lang='lat' dir='ltr'>admiratione</span> <span class='ocrx_word' id='word_1_545' title='bbox 2793 2907 2848 2946; x_wconf 91' lang='lat' dir='ltr'>se</span> <span class='ocrx_word' id='word_1_546' title='bbox 2869 2889 3050 2961; x_wconf 86' lang='lat' dir='ltr'>erigit,</span> <span class='ocrx_word' id='word_1_547' title='bbox 3079 2897 3132 2945; x_wconf 89' lang='lat' dir='ltr'>et</span> <span class='ocrx_word' id='word_1_548' title='bbox 3153 2889 3298 2962; x_wconf 91' lang='lat' dir='ltr'>quod</span> <span class='ocrx_word' id='word_1_549' title='bbox 3320 2889 3493 2961; x_wconf 88' lang='lat' dir='ltr'>ipsam</span> <span class='ocrx_word' id='word_1_550' title='bbox 3512 2904 3729 2961; x_wconf 87' lang='lat' dir='ltr'>quoque</span> 
     </span>
    </p>
   </div>
   <div class='ocr_carea' id='block_1_74' title="bbox 2123 2977 3727 3054">
    <p class='ocr_par' dir='ltr' id='par_1_74' title="bbox 2123 2977 3727 3054">
     <span class='ocr_line' id='line_1_74' title="bbox 2123 2977 3727 3054; baseline -0.003 -16"><span class='ocrx_word' id='word_1_551' title='bbox 2123 2984 2442 3054; x_wconf 83' lang='lat' dir='ltr'>angelorum</span> <span class='ocrx_word' id='word_1_552' title='bbox 2499 2979 2975 3052; x_wconf 83' lang='lat' dir='ltr'>perfectorumque</span> <span class='ocrx_word' id='word_1_553' title='bbox 3033 2978 3324 3034; x_wconf 87' lang='lat' dir='ltr'>hominum</span> <span class='ocrx_word' id='word_1_554' title='bbox 3375 2979 3394 3014; x_wconf 82' lang='grc'><strong>⁴</strong></span> <span class='ocrx_word' id='word_1_555' title='bbox 3443 2977 3727 3034; x_wconf 87' lang='lat' dir='ltr'>scientiam</span> 
     </span>
    </p>
   </div>
   <div class='ocr_carea' id='block_1_75' title="bbox 2121 3068 2902 3140">
    <p class='ocr_par' dir='ltr' id='par_1_75' title="bbox 2121 3068 2902 3140">
     <span class='ocr_line' id='line_1_75' title="bbox 2121 3068 2902 3140; baseline -0.006 -11"><span class='ocrx_word' id='word_1_556' title='bbox 2121 3079 2382 3140; x_wconf 87' lang='lat' dir='ltr'>transeat,</span> <span class='ocrx_word' id='word_1_557' title='bbox 2414 3071 2660 3127; x_wconf 87' lang='lat' dir='ltr'>intuetur</span> <span class='ocrx_word' id='word_1_558' title='bbox 2688 3068 2902 3125; x_wconf 90' lang='lat' dir='ltr'>dicens:</span> 
     </span>
    </p>
   </div>
   <div class='ocr_carea' id='block_1_76' title="bbox 2498 3174 3348 3251">
    <p class='ocr_par' dir='ltr' id='par_1_76' title="bbox 2498 3174 3348 3251">
     <span class='ocr_line' id='line_1_76' title="bbox 2498 3174 3348 3251; baseline -0.007 -15"><span class='ocrx_word' id='word_1_559' title='bbox 2498 3179 2724 3237; x_wconf 79' lang='lat' dir='ltr'>CAPUT</span> <span class='ocrx_word' id='word_1_560' title='bbox 2754 3178 2941 3234; x_wconf 85' lang='lat' dir='ltr'><strong>XXIX</strong></span> <span class='ocrx_word' id='word_1_561' title='bbox 2977 3177 3114 3251; x_wconf 75' lang='lat' dir='ltr'>[Rea</span> <span class='ocrx_word' id='word_1_562' title='bbox 3148 3174 3348 3249; x_wconf 83' lang='lat' dir='ltr'><strong>XVII].</strong></span> 
     </span>
    </p>
   </div>
   <div class='ocr_carea' id='block_1_77' title="bbox 2188 3266 3733 3338">
    <p class='ocr_par' dir='ltr' id='par_1_77' title="bbox 2188 3266 3733 3338">
     <span class='ocr_line' id='line_1_77' title="bbox 2188 3266 3733 3338; baseline -0.005 -10"><span class='ocrx_word' id='word_1_563' title='bbox 2188 3271 2358 3328; x_wconf 75' lang='lat' dir='ltr'>Vsus.</span> <span class='ocrx_word' id='word_1_564' title='bbox 2397 3270 2480 3325; x_wconf 92' lang='grc'>11.</span> <span class='ocrx_word' id='word_1_565' title='bbox 2503 3299 2575 3310; x_wconf 91' lang='grc'><strong><em>-</em></strong></span> <span class='ocrx_word' id='word_1_566' title='bbox 2603 3269 2872 3325; x_wconf 74' lang='lat' dir='ltr'>Columna:</span> <span class='ocrx_word' id='word_1_567' title='bbox 2892 3267 3008 3322; x_wconf 68' lang='lat' dir='ltr'>caeli</span> <span class='ocrx_word' id='word_1_568' title='bbox 3027 3266 3454 3332; x_wconf 82' lang='lat' dir='ltr'>contremiscunt,</span> <span class='ocrx_word' id='word_1_569' title='bbox 3477 3271 3525 3321; x_wconf 90' lang='lat' dir='ltr'>et</span> <span class='ocrx_word' id='word_1_570' title='bbox 3539 3271 3733 3338; x_wconf 84' lang='lat' dir='ltr'>pavent</span> 
     </span>
    </p>
   </div>
   <div class='ocr_carea' id='block_1_78' title="bbox 2115 3360 2562 3429">
    <p class='ocr_par' dir='ltr' id='par_1_78' title="bbox 2115 3360 2562 3429">
     <span class='ocr_line' id='line_1_78' title="bbox 2115 3360 2562 3429; baseline -0.004 -11"><span class='ocrx_word' id='word_1_571' title='bbox 2115 3362 2188 3418; x_wconf 82' lang='lat' dir='ltr'>ad</span> <span class='ocrx_word' id='word_1_572' title='bbox 2216 3367 2406 3415; x_wconf 84' lang='lat' dir='ltr'>nutum</span> <span class='ocrx_word' id='word_1_573' title='bbox 2427 3360 2562 3429; x_wconf 84' lang='lat' dir='ltr'>ejus.</span> 
     </span>
    </p>
   </div>
   <div class='ocr_carea' id='block_1_79' title="bbox 2187 3446 3727 3518">
    <p class='ocr_par' dir='ltr' id='par_1_79' title="bbox 2187 3446 3727 3518">
     <span class='ocr_line' id='line_1_79' title="bbox 2187 3446 3727 3518; baseline -0.003 -11"><span class='ocrx_word' id='word_1_574' title='bbox 2187 3451 2276 3507; x_wconf 73' lang='grc'>42.</span> <span class='ocrx_word' id='word_1_575' title='bbox 2301 3451 2569 3506; x_wconf 72' lang='lat' dir='ltr'>Columna:</span> <span class='ocrx_word' id='word_1_576' title='bbox 2586 3449 2700 3504; x_wconf 71' lang='grc' dir='ltr'>σιειὶ</span> <span class='ocrx_word' id='word_1_577' title='bbox 2726 3456 2848 3504; x_wconf 81' lang='lat' dir='ltr'>sunt</span> <span class='ocrx_word' id='word_1_578' title='bbox 2875 3451 2954 3505; x_wconf 86' lang='lat' dir='ltr'>vel</span> <span class='ocrx_word' id='word_1_579' title='bbox 2981 3447 3176 3518; x_wconf 82' lang='lat' dir='ltr'>angeli,</span> <span class='ocrx_word' id='word_1_580' title='bbox 3201 3449 3282 3503; x_wconf 76' lang='lat' dir='ltr'>cel</span> <span class='ocrx_word' id='word_1_581' title='bbox 3311 3446 3502 3502; x_wconf 84' lang='lat' dir='ltr'>summi</span> <span class='ocrx_word' id='word_1_582' title='bbox 3531 3448 3727 3503; x_wconf 86' lang='lat' dir='ltr'>Eccle-</span> 
     </span>
    </p>
   </div>
   <div class='ocr_carea' id='block_1_80' title="bbox 2115 3536 3733 3610">
    <p class='ocr_par' dir='ltr' id='par_1_80' title="bbox 2115 3536 3733 3610">
     <span class='ocr_line' id='line_1_80' title="bbox 2115 3536 3733 3610; baseline 0 -16"><span class='ocrx_word' id='word_1_583' title='bbox 2115 3539 2207 3594; x_wconf 64' lang='lat' dir='ltr'>sia!</span> <span class='ocrx_word' id='word_1_584' title='bbox 2251 3539 2646 3610; x_wconf 71' lang='lat' dir='ltr'>praedicatores,</span> <span class='ocrx_word' id='word_1_585' title='bbox 2697 3539 2778 3593; x_wconf 77' lang='lat' dir='ltr'>vel</span> <span class='ocrx_word' id='word_1_586' title='bbox 2825 3539 2982 3593; x_wconf 86' lang='lat' dir='ltr'>etiam</span> <span class='ocrx_word' id='word_1_587' title='bbox 3032 3537 3281 3592; x_wconf 68' lang='lat' dir='ltr'>Ecclesia:</span> <span class='ocrx_word' id='word_1_588' title='bbox 3309 3536 3454 3607; x_wconf 63' lang='lat' dir='ltr'>ipsae.</span> <span class='ocrx_word' id='word_1_589' title='bbox 3488 3567 3558 3578; x_wconf 93' lang='lat'>—</span> <span class='ocrx_word' id='word_1_590' title='bbox 3586 3536 3733 3604; x_wconf 84' lang='lat' dir='ltr'>Quid</span> 
     </span>
    </p>
   </div>
   <div class='ocr_carea' id='block_1_81' title="bbox 2117 3626 3730 3700">
    <p class='ocr_par' dir='ltr' id='par_1_81' title="bbox 2117 3626 3730 3700">
     <span class='ocr_line' id='line_1_81' title="bbox 2117 3626 3730 3700; baseline -0.001 -18"><span class='ocrx_word' id='word_1_591' title='bbox 2117 3627 2266 3684; x_wconf 86' lang='lat' dir='ltr'>aliud</span> <span class='ocrx_word' id='word_1_592' title='bbox 2314 3629 2600 3684; x_wconf 88' lang='lat' dir='ltr'>columnas</span> <span class='ocrx_word' id='word_1_593' title='bbox 2640 3627 2763 3683; x_wconf 79' lang='lat' dir='ltr'>cmli</span> <span class='ocrx_word' id='word_1_594' title='bbox 2799 3642 2962 3700; x_wconf 87' lang='lat' dir='ltr'>quam</span> <span class='ocrx_word' id='word_1_595' title='bbox 2996 3626 3082 3680; x_wconf 85' lang='lat' dir='ltr'>vel</span> <span class='ocrx_word' id='word_1_596' title='bbox 3113 3633 3336 3682; x_wconf 89' lang='lat' dir='ltr'>sanctos</span> <span class='ocrx_word' id='word_1_597' title='bbox 3366 3626 3612 3697; x_wconf 81' lang='lat' dir='ltr'>angelos,</span> <span class='ocrx_word' id='word_1_598' title='bbox 3645 3626 3730 3682; x_wconf 86' lang='lat' dir='ltr'>vel</span> 
     </span>
    </p>
   </div>
   <div class='ocr_carea' id='block_1_82' title="bbox 2116 3716 3734 3790">
    <p class='ocr_par' dir='ltr' id='par_1_82' title="bbox 2116 3716 3734 3790">
     <span class='ocr_line' id='line_1_82' title="bbox 2116 3716 3734 3790; baseline -0.001 -16"><span class='ocrx_word' id='word_1_599' title='bbox 2116 3736 2360 3776; x_wconf 90' lang='lat' dir='ltr'>summos</span> <span class='ocrx_word' id='word_1_600' title='bbox 2378 3719 2635 3775; x_wconf 66' lang='lat' dir='ltr'>Ecclesiae</span> <span class='ocrx_word' id='word_1_601' title='bbox 2658 3717 3042 3790; x_wconf 67' lang='lat' dir='ltr'>praedicatores</span> <span class='ocrx_word' id='word_1_602' title='bbox 3073 3717 3361 3790; x_wconf 78' lang='lat' dir='ltr'>appellat?</span> <span class='ocrx_word' id='word_1_603' title='bbox 3393 3716 3566 3788; x_wconf 89' lang='lat' dir='ltr'>Super</span> <span class='ocrx_word' id='word_1_604' title='bbox 3595 3733 3734 3789; x_wconf 89' lang='lat' dir='ltr'>quos</span> 
     </span>
    </p>
   </div>
   <div class='ocr_carea' id='block_1_83' title="bbox 2119 3804 3734 3878">
    <p class='ocr_par' dir='ltr' id='par_1_83' title="bbox 2119 3804 3734 3878">
     <span class='ocr_line' id='line_1_83' title="bbox 2119 3804 3734 3878; baseline -0.002 -14"><span class='ocrx_word' id='word_1_605' title='bbox 2119 3809 2175 3864; x_wconf 90' lang='lat' dir='ltr'>in</span> <span class='ocrx_word' id='word_1_606' title='bbox 2231 3809 2546 3866; x_wconf 79' lang='lat' dir='ltr'>cmlestibus</span> <span class='ocrx_word' id='word_1_607' title='bbox 2599 3824 2848 3862; x_wconf 89' lang='lat' dir='ltr'>crescens</span> <span class='ocrx_word' id='word_1_608' title='bbox 2897 3807 3157 3861; x_wconf 89' lang='lat' dir='ltr'>universa</span> <span class='ocrx_word' id='word_1_609' title='bbox 3204 3804 3470 3878; x_wconf 87' lang='lat' dir='ltr'>spiritalis</span> <span class='ocrx_word' id='word_1_610' title='bbox 3511 3805 3734 3861; x_wconf 71' lang='lat' dir='ltr'>fabrica:</span> 
     </span>
    </p>
   </div>
   <div class='ocr_carea' id='block_1_84' title="bbox 2119 3893 3732 3962">
    <p class='ocr_par' dir='ltr' id='par_1_84' title="bbox 2119 3893 3732 3962">
     <span class='ocr_line' id='line_1_84' title="bbox 2119 3893 3732 3962; baseline -0.001 -10"><span class='ocrx_word' id='word_1_611' title='bbox 2119 3905 2393 3952; x_wconf 88' lang='lat' dir='ltr'>structura</span> <span class='ocrx_word' id='word_1_612' title='bbox 2421 3893 2683 3961; x_wconf 83' lang='lat' dir='ltr'>surrexit,</span> <span class='ocrx_word' id='word_1_613' title='bbox 2714 3895 2860 3948; x_wconf 88' lang='lat' dir='ltr'>sicut</span> <span class='ocrx_word' id='word_1_614' title='bbox 2888 3893 3024 3947; x_wconf 86' lang='lat' dir='ltr'>alias</span> <span class='ocrx_word' id='word_1_615' title='bbox 3051 3901 3242 3948; x_wconf 89' lang='lat' dir='ltr'>sancta</span> <span class='ocrx_word' id='word_1_616' title='bbox 3263 3893 3549 3962; x_wconf 86' lang='lat' dir='ltr'>Scriptura</span> <span class='ocrx_word' id='word_1_617' title='bbox 3569 3901 3732 3950; x_wconf 87' lang='lat' dir='ltr'>testa-</span> 
     </span>
    </p>
   </div>
   <div class='ocr_carea' id='block_1_85' title="bbox 2119 3982 3734 4056">
    <p class='ocr_par' dir='ltr' id='par_1_85' title="bbox 2119 3982 3734 4056">
     <span class='ocr_line' id='line_1_85' title="bbox 2119 3982 3734 4056; baseline -0.004 -12"><span class='ocrx_word' id='word_1_618' title='bbox 2119 3996 2229 4056; x_wconf 88' lang='lat' dir='ltr'>tur,</span> <span class='ocrx_word' id='word_1_619' title='bbox 2261 3987 2484 4044; x_wconf 88' lang='lat' dir='ltr'>dicens:</span> <span class='ocrx_word' id='word_1_620' title='bbox 2536 3985 2639 4053; x_wconf 83' lang='lat' dir='ltr'>Qui</span> <span class='ocrx_word' id='word_1_621' title='bbox 2673 3983 2874 4048; x_wconf 74' lang='lat' dir='ltr'>vicerit,</span> <span class='ocrx_word' id='word_1_622' title='bbox 2918 3982 3118 4054; x_wconf 78' lang='lat' dir='ltr'>faciam</span> <span class='ocrx_word' id='word_1_623' title='bbox 3146 3983 3303 4038; x_wconf 85' lang='lat' dir='ltr'>illum</span> <span class='ocrx_word' id='word_1_624' title='bbox 3345 3985 3640 4039; x_wconf 88' lang='lat' dir='ltr'>columnam</span> <span class='ocrx_word' id='word_1_625' title='bbox 3679 3985 3734 4040; x_wconf 82' lang='lat' dir='ltr'>in</span> 
     </span>
    </p>
   </div>
   <div class='ocr_carea' id='block_1_86' title="bbox 2123 4073 3735 4151">
    <p class='ocr_par' dir='ltr' id='par_1_86' title="bbox 2123 4073 3735 4151">
     <span class='ocr_line' id='line_1_86' title="bbox 2123 4073 3735 4151; baseline 0 -19"><span class='ocrx_word' id='word_1_626' title='bbox 2123 4081 2311 4151; x_wconf 69' lang='lat' dir='ltr'>t2mplo</span> <span class='ocrx_word' id='word_1_627' title='bbox 2338 4077 2438 4133; x_wconf 86' lang='lat' dir='ltr'>Dei</span> <span class='ocrx_word' id='word_1_628' title='bbox 2465 4077 2565 4132; x_wconf 89' lang='lat' dir='ltr'>mei</span> <span class='ocrx_word' id='word_1_629' title='bbox 2593 4076 2782 4148; x_wconf 82' lang='lat' dir='ltr'>(Apoc.</span> <span class='ocrx_word' id='word_1_630' title='bbox 2819 4091 2902 4142; x_wconf 93' lang='grc' dir='ltr'><strong><em>ιιι,</em></strong></span> <span class='ocrx_word' id='word_1_631' title='bbox 2937 4074 3052 4146; x_wconf 78' lang='grc'><strong>12).</strong></span> <span class='ocrx_word' id='word_1_632' title='bbox 3089 4075 3224 4131; x_wconf 82' lang='lat' dir='ltr'>Nam</span> <span class='ocrx_word' id='word_1_633' title='bbox 3269 4074 3520 4148; x_wconf 88' lang='lat' dir='ltr'>quisquis</span> <span class='ocrx_word' id='word_1_634' title='bbox 3550 4073 3608 4130; x_wconf 91' lang='lat' dir='ltr'>in</span> <span class='ocrx_word' id='word_1_635' title='bbox 3635 4075 3735 4132; x_wconf 90' lang='lat' dir='ltr'>Dei</span> 
     </span>
    </p>
   </div>
   <div class='ocr_carea' id='block_1_87' title="bbox 2121 4165 3730 4240">
    <p class='ocr_par' dir='ltr' id='par_1_87' title="bbox 2121 4165 3730 4240">
     <span class='ocr_line' id='line_1_87' title="bbox 2121 4165 3730 4240; baseline 0 -16"><span class='ocrx_word' id='word_1_636' title='bbox 2121 4185 2281 4240; x_wconf 89' lang='lat' dir='ltr'>opere</span> <span class='ocrx_word' id='word_1_637' title='bbox 2310 4175 2456 4224; x_wconf 90' lang='lat' dir='ltr'>recta</span> <span class='ocrx_word' id='word_1_638' title='bbox 2475 4167 2783 4223; x_wconf 87' lang='lat' dir='ltr'>intentione</span> <span class='ocrx_word' id='word_1_639' title='bbox 2804 4165 3078 4233; x_wconf 88' lang='lat' dir='ltr'>ﬁrmatur,</span> <span class='ocrx_word' id='word_1_640' title='bbox 3097 4165 3353 4221; x_wconf 89' lang='lat' dir='ltr'>columna</span> <span class='ocrx_word' id='word_1_641' title='bbox 3375 4165 3434 4220; x_wconf 91' lang='lat' dir='ltr'>in</span> <span class='ocrx_word' id='word_1_642' title='bbox 3453 4172 3730 4224; x_wconf 84' lang='lat' dir='ltr'>structura</span> 
     </span>
    </p>
   </div>
   <div class='ocr_carea' id='block_1_88' title="bbox 2125 4255 3735 4330">
    <p class='ocr_par' dir='ltr' id='par_1_88' title="bbox 2125 4255 3735 4330">
     <span class='ocr_line' id='line_1_88' title="bbox 2125 4255 3735 4330; baseline -0.002 -15"><span class='ocrx_word' id='word_1_643' title='bbox 2125 4258 2339 4315; x_wconf 71' lang='lat' dir='ltr'>fabrica:</span> <span class='ocrx_word' id='word_1_644' title='bbox 2369 4257 2632 4330; x_wconf 90' lang='lat' dir='ltr'>spiritalis</span> <span class='ocrx_word' id='word_1_645' title='bbox 2661 4255 2913 4328; x_wconf 85' lang='lat' dir='ltr'>erigitur,</span> <span class='ocrx_word' id='word_1_646' title='bbox 2949 4265 3012 4313; x_wconf 92' lang='lat' dir='ltr'>ut</span> <span class='ocrx_word' id='word_1_647' title='bbox 3036 4257 3092 4312; x_wconf 89' lang='lat' dir='ltr'>in</span> <span class='ocrx_word' id='word_1_648' title='bbox 3117 4257 3223 4314; x_wconf 89' lang='lat' dir='ltr'>hoc</span> <span class='ocrx_word' id='word_1_649' title='bbox 3242 4258 3467 4328; x_wconf 88' lang='lat' dir='ltr'>templo,</span> <span class='ocrx_word' id='word_1_650' title='bbox 3491 4256 3637 4329; x_wconf 88' lang='lat' dir='ltr'>quod</span> <span class='ocrx_word' id='word_1_651' title='bbox 3657 4265 3735 4312; x_wconf 89' lang='lat' dir='ltr'>est</span> 
     </span>
    </p>
   </div>
   <div class='ocr_carea' id='block_1_89' title="bbox 2120 4345 3735 4418">
    <p class='ocr_par' dir='ltr' id='par_1_89' title="bbox 2120 4345 3735 4418">
     <span class='ocr_line' id='line_1_89' title="bbox 2120 4345 3735 4418; baseline -0.001 -14"><span class='ocrx_word' id='word_1_652' title='bbox 2120 4347 2391 4414; x_wconf 81' lang='lat' dir='ltr'>Ecclesia,</span> <span class='ocrx_word' id='word_1_653' title='bbox 2422 4347 2652 4418; x_wconf 88' lang='lat' dir='ltr'>positus,</span> <span class='ocrx_word' id='word_1_654' title='bbox 2683 4355 2736 4402; x_wconf 88' lang='lat' dir='ltr'>et</span> <span class='ocrx_word' id='word_1_655' title='bbox 2779 4345 3008 4404; x_wconf 88' lang='lat' dir='ltr'>utilitati</span> <span class='ocrx_word' id='word_1_656' title='bbox 3039 4346 3111 4402; x_wconf 91' lang='lat' dir='ltr'>sit</span> <span class='ocrx_word' id='word_1_657' title='bbox 3141 4354 3194 4402; x_wconf 90' lang='lat' dir='ltr'>et</span> <span class='ocrx_word' id='word_1_658' title='bbox 3221 4346 3431 4402; x_wconf 90' lang='lat' dir='ltr'>decori.</span> <span class='ocrx_word' id='word_1_659' title='bbox 3466 4347 3574 4402; x_wconf 86' lang='lat' dir='ltr'>Eos</span> <span class='ocrx_word' id='word_1_660' title='bbox 3604 4363 3735 4402; x_wconf 85' lang='lat' dir='ltr'>vero</span> 
     </span>
    </p>
   </div>
   <div class='ocr_carea' id='block_1_90' title="bbox 2119 4438 3736 4512">
    <p class='ocr_par' dir='ltr' id='par_1_90' title="bbox 2119 4438 3736 4512">
     <span class='ocr_line' id='line_1_90' title="bbox 2119 4438 3736 4512; baseline 0 -17"><span class='ocrx_word' id='word_1_661' title='bbox 2119 4439 2222 4496; x_wconf 86' lang='lat' dir='ltr'>Job</span> <span class='ocrx_word' id='word_1_662' title='bbox 2252 4439 2536 4494; x_wconf 90' lang='lat' dir='ltr'>columnas</span> <span class='ocrx_word' id='word_1_663' title='bbox 2575 4438 2698 4494; x_wconf 78' lang='lat' dir='ltr'>cmli</span> <span class='ocrx_word' id='word_1_664' title='bbox 2729 4455 2864 4512; x_wconf 90' lang='lat' dir='ltr'>quos</span> <span class='ocrx_word' id='word_1_665' title='bbox 2903 4439 3202 4510; x_wconf 85' lang='lat' dir='ltr'>Apostolus</span> <span class='ocrx_word' id='word_1_666' title='bbox 3253 4438 3544 4493; x_wconf 88' lang='lat' dir='ltr'>columnas</span> <span class='ocrx_word' id='word_1_667' title='bbox 3573 4446 3736 4495; x_wconf 86' lang='lat' dir='ltr'>vocat</span> 
     </span>
    </p>
   </div>
   <div class='ocr_carea' id='block_1_91' title="bbox 407 4518 3740 4597">
    <p class='ocr_par' dir='ltr' id='par_1_91' title="bbox 407 4518 3740 4597">
     <span class='ocr_line' id='line_1_91' title="bbox 407 4518 3740 4597; baseline 0.002 -23"><span class='ocrx_word' id='word_1_668' title='bbox 407 4518 471 4574; x_wconf 89' lang='lat' dir='ltr'>lii</span> <span class='ocrx_word' id='word_1_669' title='bbox 509 4521 724 4579; x_wconf 89' lang='lat' dir='ltr'>vultum</span> <span class='ocrx_word' id='word_1_670' title='bbox 751 4531 919 4593; x_wconf 89' lang='lat' dir='ltr'>tenet,</span> <span class='ocrx_word' id='word_1_671' title='bbox 951 4523 1080 4596; x_wconf 90' lang='lat' dir='ltr'>quia</span> <span class='ocrx_word' id='word_1_672' title='bbox 1109 4522 1354 4597; x_wconf 89' lang='lat' dir='ltr'>quandiu</span> <span class='ocrx_word' id='word_1_673' title='bbox 1385 4521 1442 4576; x_wconf 92' lang='lat' dir='ltr'>in</span> <span class='ocrx_word' id='word_1_674' title='bbox 1474 4520 1576 4578; x_wconf 90' lang='lat' dir='ltr'>hac</span> <span class='ocrx_word' id='word_1_675' title='bbox 1595 4521 1813 4578; x_wconf 89' lang='lat' dir='ltr'>mortali</span> <span class='ocrx_word' id='word_1_676' title='bbox 1843 4539 2006 4580; x_wconf 88' lang='lat' dir='ltr'>carne</span> <span class='ocrx_word' id='word_1_677' title='bbox 2035 4523 2084 4582; x_wconf 94' lang='lat' dir='ltr'><strong>D</strong></span> <span class='ocrx_word' id='word_1_678' title='bbox 2113 4527 2392 4595; x_wconf 66' lang='lat' dir='ltr'>Ecclesiae,</span> <span class='ocrx_word' id='word_1_679' title='bbox 2423 4526 2614 4582; x_wconf 89' lang='lat' dir='ltr'>dicens</span> <span class='ocrx_word' id='word_1_680' title='bbox 2638 4519 2652 4582; x_wconf 81' lang='grc' dir='ltr'>Ξ</span> <span class='ocrx_word' id='word_1_681' title='bbox 2683 4527 2897 4594; x_wconf 86' lang='lat' dir='ltr'>Petrus,</span> <span class='ocrx_word' id='word_1_682' title='bbox 2936 4533 2983 4582; x_wconf 89' lang='lat' dir='ltr'>et</span> <span class='ocrx_word' id='word_1_683' title='bbox 3009 4527 3258 4592; x_wconf 73' lang='lat' dir='ltr'>Iacobus,</span> <span class='ocrx_word' id='word_1_684' title='bbox 3287 4531 3336 4581; x_wconf 87' lang='lat' dir='ltr'>et</span> <span class='ocrx_word' id='word_1_685' title='bbox 3365 4526 3615 4592; x_wconf 85' lang='lat' dir='ltr'>Joannes,</span> <span class='ocrx_word' id='word_1_686' title='bbox 3645 4525 3740 4597; x_wconf 85' lang='lat' dir='ltr'>qui</span> 
     </span>
    </p>
   </div>
   <div class='ocr_carea' id='block_1_92' title="bbox 405 4608 2010 4688">
    <p class='ocr_par' dir='ltr' id='par_1_92' title="bbox 405 4608 2010 4688">
     <span class='ocr_line' id='line_1_92' title="bbox 405 4608 2010 4688; baseline 0.001 -24"><span class='ocrx_word' id='word_1_687' title='bbox 405 4608 781 4683; x_wconf 87' lang='lat' dir='ltr'>subsistimus,</span> <span class='ocrx_word' id='word_1_688' title='bbox 813 4630 934 4687; x_wconf 76' lang='lat' dir='ltr'>quae</span> <span class='ocrx_word' id='word_1_689' title='bbox 964 4621 1274 4688; x_wconf 87' lang='lat' dir='ltr'>quantaque</span> <span class='ocrx_word' id='word_1_690' title='bbox 1303 4611 1414 4668; x_wconf 90' lang='lat' dir='ltr'>sint</span> <span class='ocrx_word' id='word_1_691' title='bbox 1433 4610 1529 4667; x_wconf 91' lang='lat' dir='ltr'>illa</span> <span class='ocrx_word' id='word_1_692' title='bbox 1551 4612 1888 4683; x_wconf 85' lang='lat' dir='ltr'>Angelorum</span> <span class='ocrx_word' id='word_1_693' title='bbox 1911 4611 2010 4667; x_wconf 87' lang='lat' dir='ltr'>mi-</span> 
     </span>
    </p>
   </div>
   <div class='ocr_carea' id='block_1_93' title="bbox 405 4700 2013 4776">
    <p class='ocr_par' dir='ltr' id='par_1_93' title="bbox 405 4700 2013 4776">
     <span class='ocr_line' id='line_1_93' title="bbox 405 4700 2013 4776; baseline 0 -18"><span class='ocrx_word' id='word_1_694' title='bbox 405 4700 636 4758; x_wconf 88' lang='lat' dir='ltr'>nisteria</span> <span class='ocrx_word' id='word_1_695' title='bbox 662 4721 778 4760; x_wconf 89' lang='lat' dir='ltr'>non</span> <span class='ocrx_word' id='word_1_696' title='bbox 809 4704 1080 4761; x_wconf 88' lang='lat' dir='ltr'>videmus.</span> <span class='ocrx_word' id='word_1_697' title='bbox 1111 4705 1183 4760; x_wconf 91' lang='lat' dir='ltr'>Et</span> <span class='ocrx_word' id='word_1_698' title='bbox 1211 4700 1475 4776; x_wconf 76' lang='lat' dir='ltr'>expandit</span> <span class='ocrx_word' id='word_1_699' title='bbox 1502 4718 1668 4774; x_wconf 88' lang='lat' dir='ltr'>super</span> <span class='ocrx_word' id='word_1_700' title='bbox 1689 4701 1828 4758; x_wconf 89' lang='lat' dir='ltr'>illud</span> <span class='ocrx_word' id='word_1_701' title='bbox 1847 4702 2013 4759; x_wconf 89' lang='lat' dir='ltr'>nebu-</span> 
     </span>
    </p>
   </div>
   <div class='ocr_carea' id='block_1_94' title="bbox 409 4792 2014 4868">
    <p class='ocr_par' dir='ltr' id='par_1_94' title="bbox 409 4792 2014 4868">
     <span class='ocr_line' id='line_1_94' title="bbox 409 4792 2014 4868; baseline 0.001 -20"><span class='ocrx_word' id='word_1_702' title='bbox 409 4792 517 4848; x_wconf 89' lang='lat' dir='ltr'>lam</span> <span class='ocrx_word' id='word_1_703' title='bbox 537 4809 717 4863; x_wconf 88' lang='lat' dir='ltr'>suam,</span> <span class='ocrx_word' id='word_1_704' title='bbox 742 4794 874 4868; x_wconf 89' lang='lat' dir='ltr'>quia</span> <span class='ocrx_word' id='word_1_705' title='bbox 893 4795 1082 4868; x_wconf 91' lang='lat' dir='ltr'>procul</span> <span class='ocrx_word' id='word_1_706' title='bbox 1105 4792 1276 4851; x_wconf 91' lang='lat' dir='ltr'>dubio</span> <span class='ocrx_word' id='word_1_707' title='bbox 1305 4800 1359 4850; x_wconf 90' lang='lat' dir='ltr'>et</span> <span class='ocrx_word' id='word_1_708' title='bbox 1387 4809 1483 4850; x_wconf 91' lang='lat' dir='ltr'>cor</span> <span class='ocrx_word' id='word_1_709' title='bbox 1509 4799 1763 4849; x_wconf 88' lang='lat' dir='ltr'>nostrum</span> <span class='ocrx_word' id='word_1_710' title='bbox 1783 4792 1854 4848; x_wconf 90' lang='lat' dir='ltr'>ad</span> <span class='ocrx_word' id='word_1_711' title='bbox 1873 4809 2014 4866; x_wconf 54' lang='lat' dir='ltr'>quae-</span> 
     </span>
    </p>
   </div>
   <div class='ocr_carea' id='block_1_95' title="bbox 409 4875 2018 4956">
    <p class='ocr_par' dir='ltr' id='par_1_95' title="bbox 409 4875 2018 4956">
     <span class='ocr_line' id='line_1_95' title="bbox 409 4875 2018 4956; baseline 0.001 -20"><span class='ocrx_word' id='word_1_712' title='bbox 409 4881 641 4938; x_wconf 77' lang='lat' dir='ltr'>tendum</span> <span class='ocrx_word' id='word_1_713' title='bbox 669 4883 946 4952; x_wconf 84' lang='lat' dir='ltr'>sublevat,</span> <span class='ocrx_word' id='word_1_714' title='bbox 976 4891 1030 4940; x_wconf 89' lang='lat' dir='ltr'>et</span> <span class='ocrx_word' id='word_1_715' title='bbox 1058 4891 1242 4940; x_wconf 90' lang='lat' dir='ltr'>tamen</span> <span class='ocrx_word' id='word_1_716' title='bbox 1273 4884 1490 4942; x_wconf 89' lang='lat' dir='ltr'>occulta</span> <span class='ocrx_word' id='word_1_717' title='bbox 1510 4875 1886 4940; x_wconf 79' lang='lat' dir='ltr'>moderatione</span> <span class='ocrx_word' id='word_1_718' title='bbox 1907 4883 2018 4956; x_wconf 89' lang='lat' dir='ltr'>agi-</span> 
     </span>
    </p>
   </div>
   <div class='ocr_carea' id='block_1_96' title="bbox 411 4969 2010 5048">
    <p class='ocr_par' dir='ltr' id='par_1_96' title="bbox 411 4969 2010 5048">
     <span class='ocr_line' id='line_1_96' title="bbox 411 4969 2010 5048; baseline 0.004 -23"><span class='ocrx_word' id='word_1_719' title='bbox 411 4977 519 5039; x_wconf 90' lang='lat' dir='ltr'>tur,</span> <span class='ocrx_word' id='word_1_720' title='bbox 537 4979 600 5027; x_wconf 91' lang='lat' dir='ltr'>ut</span> <span class='ocrx_word' id='word_1_721' title='bbox 613 4969 733 5044; x_wconf 89' lang='lat' dir='ltr'>ipsa</span> <span class='ocrx_word' id='word_1_722' title='bbox 747 4973 1125 5048; x_wconf 87' lang='lat' dir='ltr'>requisitionis</span> <span class='ocrx_word' id='word_1_723' title='bbox 1145 4990 1256 5030; x_wconf 79' lang='lat' dir='ltr'>suae</span> <span class='ocrx_word' id='word_1_724' title='bbox 1272 4972 1643 5032; x_wconf 89' lang='lat' dir='ltr'>immensitate</span> <span class='ocrx_word' id='word_1_725' title='bbox 1661 4972 2010 5047; x_wconf 89' lang='lat' dir='ltr'>reprimatur.</span> 
     </span>
    </p>
   </div>
   <div class='ocr_carea' id='block_1_97' title="bbox 407 5059 2014 5136">
    <p class='ocr_par' dir='ltr' id='par_1_97' title="bbox 407 5059 2014 5136">
     <span class='ocr_line' id='line_1_97' title="bbox 407 5059 2014 5136; baseline 0.002 -20"><span class='ocrx_word' id='word_1_726' title='bbox 407 5059 561 5117; x_wconf 89' lang='lat' dir='ltr'>Unde</span> <span class='ocrx_word' id='word_1_727' title='bbox 590 5061 860 5136; x_wconf 90' lang='lat' dir='ltr'>scriptum</span> <span class='ocrx_word' id='word_1_728' title='bbox 915 5071 998 5121; x_wconf 90' lang='lat' dir='ltr'>est</span> <span class='ocrx_word' id='word_1_729' title='bbox 1028 5082 1040 5120; x_wconf 91' lang='lat'><strong>:</strong></span> <span class='ocrx_word' id='word_1_730' title='bbox 1097 5063 1255 5120; x_wconf 86' lang='lat' dir='ltr'>Dedit</span> <span class='ocrx_word' id='word_1_731' title='bbox 1297 5064 1516 5136; x_wconf 80' lang='lat' dir='ltr'>abyssus</span> <span class='ocrx_word' id='word_1_732' title='bbox 1546 5081 1715 5120; x_wconf 81' lang='lat' dir='ltr'>vocem</span> <span class='ocrx_word' id='word_1_733' title='bbox 1744 5081 1917 5131; x_wconf 87' lang='lat' dir='ltr'>suam,</span> <span class='ocrx_word' id='word_1_734' title='bbox 1947 5065 2014 5120; x_wconf 84' lang='lat' dir='ltr'>ab</span> 
     </span>
    </p>
   </div>
   <div class='ocr_carea' id='block_1_98' title="bbox 403 5151 2014 5230">
    <p class='ocr_par' dir='ltr' id='par_1_98' title="bbox 403 5151 2014 5230">
     <span class='ocr_line' id='line_1_98' title="bbox 403 5151 2014 5230; baseline 0.004 -25"><span class='ocrx_word' id='word_1_735' title='bbox 403 5151 687 5208; x_wconf 84' lang='lat' dir='ltr'>altitudine</span> <span class='ocrx_word' id='word_1_736' title='bbox 705 5153 1002 5224; x_wconf 75' lang='lat' dir='ltr'>phantasia:</span> <span class='ocrx_word' id='word_1_737' title='bbox 1027 5171 1137 5211; x_wconf 62' lang='lat' dir='ltr'>sure</span> <span class='ocrx_word' id='word_1_738' title='bbox 1167 5153 1391 5226; x_wconf 84' lang='lat' dir='ltr'>(Habac.</span> <span class='ocrx_word' id='word_1_739' title='bbox 1425 5173 1509 5224; x_wconf 88' lang='grc' dir='ltr'><strong><em>ιιι,</em></strong></span> <span class='ocrx_word' id='word_1_740' title='bbox 1542 5155 1657 5230; x_wconf 89' lang='grc'><strong>10).</strong></span> <span class='ocrx_word' id='word_1_741' title='bbox 1688 5156 2014 5212; x_wconf 82' lang='lat' dir='ltr'>Exclamare</span> 
     </span>
    </p>
   </div>
   <div class='ocr_carea' id='block_1_99' title="bbox 401 5240 2005 5318">
    <p class='ocr_par' dir='ltr' id='par_1_99' title="bbox 401 5240 2005 5318">
     <span class='ocr_line' id='line_1_99' title="bbox 401 5240 2005 5318; baseline 0.004 -22"><span class='ocrx_word' id='word_1_742' title='bbox 401 5240 554 5298; x_wconf 90' lang='lat' dir='ltr'>enim</span> <span class='ocrx_word' id='word_1_743' title='bbox 575 5259 732 5300; x_wconf 90' lang='lat' dir='ltr'>mens</span> <span class='ocrx_word' id='word_1_744' title='bbox 751 5243 994 5301; x_wconf 88' lang='lat' dir='ltr'>humana</span> <span class='ocrx_word' id='word_1_745' title='bbox 1013 5243 1072 5300; x_wconf 93' lang='lat' dir='ltr'>in</span> <span class='ocrx_word' id='word_1_746' title='bbox 1093 5243 1458 5301; x_wconf 89' lang='lat' dir='ltr'>admiratione</span> <span class='ocrx_word' id='word_1_747' title='bbox 1478 5245 1850 5318; x_wconf 88' lang='lat' dir='ltr'>compellitur,</span> <span class='ocrx_word' id='word_1_748' title='bbox 1873 5245 2005 5302; x_wconf 90' lang='lat' dir='ltr'>dum</span> 
     </span>
    </p>
   </div>
   <div class='ocr_carea' id='block_1_100' title="bbox 404 5330 2008 5411">
    <p class='ocr_par' dir='ltr' id='par_1_100' title="bbox 404 5330 2008 5411">
     <span class='ocr_line' id='line_1_100' title="bbox 404 5330 2008 5411; baseline 0.006 -24"><span class='ocrx_word' id='word_1_749' title='bbox 404 5330 465 5388; x_wconf 89' lang='lat' dir='ltr'>in</span> <span class='ocrx_word' id='word_1_750' title='bbox 493 5331 788 5392; x_wconf 84' lang='lat' dir='ltr'>altitudine</span> <span class='ocrx_word' id='word_1_751' title='bbox 817 5333 1270 5394; x_wconf 88' lang='lat' dir='ltr'>considerationis</span> <span class='ocrx_word' id='word_1_752' title='bbox 1300 5335 1360 5392; x_wconf 91' lang='lat' dir='ltr'>in</span> <span class='ocrx_word' id='word_1_753' title='bbox 1388 5335 1846 5411; x_wconf 89' lang='lat' dir='ltr'>requisitionibus</span> <span class='ocrx_word' id='word_1_754' title='bbox 1892 5339 2008 5396; x_wconf 89' lang='lat' dir='ltr'>suis</span> 
     </span>
    </p>
   </div>
   <div class='ocr_carea' id='block_1_101' title="bbox 481 5547 1749 5619">
    <p class='ocr_par' dir='ltr' id='par_1_101' title="bbox 481 5547 1749 5619">
     <span class='ocr_line' id='line_1_101' title="bbox 481 5547 1749 5619; baseline 0.006 -18"><span class='ocrx_word' id='word_1_755' title='bbox 481 5548 496 5619; x_wconf 59' lang='grc' dir='ltr'>ξ</span> <span class='ocrx_word' id='word_1_756' title='bbox 529 5547 714 5606; x_wconf 88' lang='lat' dir='ltr'>Germ.</span> <span class='ocrx_word' id='word_1_757' title='bbox 747 5558 799 5606; x_wconf 91' lang='lat' dir='ltr'>et</span> <span class='ocrx_word' id='word_1_758' title='bbox 829 5549 993 5608; x_wconf 88' lang='lat' dir='ltr'>Corb.</span> <span class='ocrx_word' id='word_1_759' title='bbox 1027 5552 1235 5619; x_wconf 88' lang='lat' dir='ltr'>Germ.,</span> <span class='ocrx_word' id='word_1_760' title='bbox 1269 5570 1370 5607; x_wconf 89' lang='lat' dir='ltr'>non</span> <span class='ocrx_word' id='word_1_761' title='bbox 1398 5570 1458 5608; x_wconf 89' lang='lat' dir='ltr'>ea</span> <span class='ocrx_word' id='word_1_762' title='bbox 1489 5552 1749 5610; x_wconf 81' lang='lat' dir='ltr'>claritate.</span> 
     </span>
    </p>
   </div>
   <div class='ocr_carea' id='block_1_102' title="bbox 475 5618 2004 5693">
    <p class='ocr_par' dir='ltr' id='par_1_102' title="bbox 475 5618 2004 5693">
     <span class='ocr_line' id='line_1_102' title="bbox 475 5618 2004 5693; baseline 0.005 -19"><span class='ocrx_word' id='word_1_763' title='bbox 475 5618 499 5653; x_wconf 89' lang='grc'>³</span> <span class='ocrx_word' id='word_1_764' title='bbox 528 5619 613 5675; x_wconf 90' lang='lat' dir='ltr'>Ita</span> <span class='ocrx_word' id='word_1_765' title='bbox 641 5622 983 5693; x_wconf 85' lang='lat' dir='ltr'>restituimus</span> <span class='ocrx_word' id='word_1_766' title='bbox 1011 5639 1080 5678; x_wconf 90' lang='lat' dir='ltr'>ex</span> <span class='ocrx_word' id='word_1_767' title='bbox 1109 5618 1366 5679; x_wconf 87' lang='lat' dir='ltr'>omnibus</span> <span class='ocrx_word' id='word_1_768' title='bbox 1393 5625 1546 5693; x_wconf 90' lang='lat' dir='ltr'>Mss.,</span> <span class='ocrx_word' id='word_1_769' title='bbox 1576 5642 1702 5682; x_wconf 91' lang='lat' dir='ltr'>cum</span> <span class='ocrx_word' id='word_1_770' title='bbox 1732 5623 1887 5693; x_wconf 87' lang='lat' dir='ltr'>prius</span> <span class='ocrx_word' id='word_1_771' title='bbox 1915 5625 2004 5682; x_wconf 85' lang='lat' dir='ltr'>le—</span> 
     </span>
    </p>
   </div>
   <div class='ocr_carea' id='block_1_103' title="bbox 396 5642 2000 5773">
    <p class='ocr_par' dir='ltr' id='par_1_103' title="bbox 396 5642 2000 5773">
     <span class='ocr_line' id='line_1_103' title="bbox 475 5642 2000 5693; baseline 0.005 -19"><span class='ocrx_word' id='word_1_772' title='bbox 475 5642 498 5653; x_wconf 92' lang='lat'><strong>-</strong></span> <span class='ocrx_word' id='word_1_773' title='bbox 528 5642 613 5675; x_wconf 81' lang='lat' dir='ltr'>ua</span> <span class='ocrx_word' id='word_1_774' title='bbox 641 5642 983 5679; x_wconf 75' lang='lat' dir='ltr'>restituimus</span> <span class='ocrx_word' id='word_1_775' title='bbox 1011 5642 1080 5678; x_wconf 89' lang='lat' dir='ltr'>ex</span> <span class='ocrx_word' id='word_1_776' title='bbox 1109 5642 1366 5679; x_wconf 78' lang='lat' dir='ltr'>OtnnlDus</span> <span class='ocrx_word' id='word_1_777' title='bbox 1393 5642 1546 5693; x_wconf 62' lang='lat' dir='ltr'>mss,</span> <span class='ocrx_word' id='word_1_778' title='bbox 1576 5642 1702 5682; x_wconf 90' lang='lat' dir='ltr'>cum</span> <span class='ocrx_word' id='word_1_779' title='bbox 1770 5642 1887 5682; x_wconf 82' lang='lat' dir='ltr'>rius</span> <span class='ocrx_word' id='word_1_780' title='bbox 1917 5642 2000 5682; x_wconf 87' lang='lat' dir='ltr'>le—</span> 
     </span>
     <span class='ocr_line' id='line_1_104' title="bbox 396 5642 2000 5773; baseline 0.006 -29"><span class='ocrx_word' id='word_1_781' title='bbox 396 5697 622 5773; x_wconf 71' lang='lat' dir='ltr'>geretur</span> <span class='ocrx_word' id='word_1_782' title='bbox 648 5691 861 5773; x_wconf 86' lang='lat' dir='ltr'>iu_Ed.,</span> <span class='ocrx_word' id='word_1_783' title='bbox 889 5694 1030 5766; x_wconf 82' lang='lat' dir='ltr'>fugit</span> <span class='ocrx_word' id='word_1_784' title='bbox 1055 5712 1172 5773; x_wconf 77' lang='lat' dir='ltr'>nos,</span> <span class='ocrx_word' id='word_1_785' title='bbox 1202 5695 1443 5762; x_wconf 83' lang='lat' dir='ltr'>dicimus,</span> <span class='ocrx_word' id='word_1_786' title='bbox 1463 5698 1661 5770; x_wconf 83' lang='lat' dir='ltr'>quoties</span> <span class='ocrx_word' id='word_1_787' title='bbox 1681 5642 1766 5754; x_wconf 77' lang='lat' dir='ltr'>idp</span> <span class='ocrx_word' id='word_1_788' title='bbox 1759 5697 1900 5771; x_wconf 86' lang='lat' dir='ltr'>quod</span> <span class='ocrx_word' id='word_1_789' title='bbox 1921 5715 2000 5754; x_wconf 86' lang='lat' dir='ltr'>re-</span> 
     </span>
    </p>
   </div>
   <div class='ocr_carea' id='block_1_104' title="bbox 401 5765 1310 5837">
    <p class='ocr_par' dir='ltr' id='par_1_104' title="bbox 401 5765 1310 5837">
     <span class='ocr_line' id='line_1_105' title="bbox 401 5765 1310 5837; baseline 0.01 -21"><span class='ocrx_word' id='word_1_790' title='bbox 401 5765 615 5820; x_wconf 71' lang='lat' dir='ltr'>mim&#39;sc-i</span> <span class='ocrx_word' id='word_1_791' title='bbox 637 5765 876 5824; x_wconf 78' lang='lat' dir='ltr'>volumus</span> <span class='ocrx_word' id='word_1_792' title='bbox 892 5765 1179 5837; x_wconf 78' lang='lat' dir='ltr'>memoria,</span> <span class='ocrx_word' id='word_1_793' title='bbox 1205 5773 1310 5825; x_wconf 87' lang='lat' dir='ltr'>etc.</span> 
     </span>
    </p>
   </div>
   <div class='ocr_carea' id='block_1_105' title="bbox 2123 4615 3736 4689">
    <p class='ocr_par' dir='ltr' id='par_1_105' title="bbox 2123 4615 3736 4689">
     <span class='ocr_line' id='line_1_106' title="bbox 2123 4615 3736 4689; baseline 0.001 -18"><span class='ocrx_word' id='word_1_794' title='bbox 2123 4618 2436 4673; x_wconf 79' lang='lat' dir='ltr'>videbantur</span> <span class='ocrx_word' id='word_1_795' title='bbox 2457 4617 2713 4672; x_wconf 68' lang='lat' dir='ltr'>columnae</span> <span class='ocrx_word' id='word_1_796' title='bbox 2740 4634 2866 4684; x_wconf 86' lang='lat' dir='ltr'>esse,</span> <span class='ocrx_word' id='word_1_797' title='bbox 2898 4618 3119 4672; x_wconf 73' lang='lat' dir='ltr'>dextras</span> <span class='ocrx_word' id='word_1_798' title='bbox 3148 4617 3402 4673; x_wconf 83' lang='lat' dir='ltr'>dederunt</span> <span class='ocrx_word' id='word_1_799' title='bbox 3428 4615 3558 4671; x_wconf 85' lang='lat' dir='ltr'>mihi</span> <span class='ocrx_word' id='word_1_800' title='bbox 3589 4615 3736 4689; x_wconf 87' lang='lat' dir='ltr'>(Ga-</span> 
     </span>
    </p>
   </div>
   <div class='ocr_carea' id='block_1_106' title="bbox 2128 4708 2434 4779">
    <p class='ocr_par' dir='ltr' id='par_1_106' title="bbox 2128 4708 2434 4779">
     <span class='ocr_line' id='line_1_107' title="bbox 2128 4708 2434 4779; baseline -0.013 -13"><span class='ocrx_word' id='word_1_801' title='bbox 2128 4710 2222 4766; x_wconf 87' lang='lat' dir='ltr'>lat.</span> <span class='ocrx_word' id='word_1_802' title='bbox 2255 4725 2316 4776; x_wconf 85' lang='grc' dir='ltr'>ιι,</span> <span class='ocrx_word' id='word_1_803' title='bbox 2351 4708 2434 4779; x_wconf 90' lang='grc'><strong>9).</strong></span> 
     </span>
    </p>
   </div>
   <div class='ocr_carea' id='block_1_107' title="bbox 2194 4796 3734 4870">
    <p class='ocr_par' dir='ltr' id='par_1_107' title="bbox 2194 4796 3734 4870">
     <span class='ocr_line' id='line_1_108' title="bbox 2194 4796 3734 4870; baseline -0.003 -15"><span class='ocrx_word' id='word_1_804' title='bbox 2194 4799 2282 4855; x_wconf 80' lang='grc'>43.</span> <span class='ocrx_word' id='word_1_805' title='bbox 2317 4799 2614 4854; x_wconf 85' lang='lat' dir='ltr'>Possumus</span> <span class='ocrx_word' id='word_1_806' title='bbox 2641 4797 2810 4853; x_wconf 88' lang='lat' dir='ltr'>etiam</span> <span class='ocrx_word' id='word_1_807' title='bbox 2841 4796 3135 4854; x_wconf 88' lang='lat' dir='ltr'>columnas</span> <span class='ocrx_word' id='word_1_808' title='bbox 3163 4797 3288 4854; x_wconf 79' lang='lat' dir='ltr'>cmli</span> <span class='ocrx_word' id='word_1_809' title='bbox 3310 4805 3363 4853; x_wconf 93' lang='lat' dir='ltr'>et</span> <span class='ocrx_word' id='word_1_810' title='bbox 3383 4797 3529 4870; x_wconf 87' lang='lat' dir='ltr'>ipsas</span> <span class='ocrx_word' id='word_1_811' title='bbox 3549 4796 3734 4852; x_wconf 84' lang='lat' dir='ltr'>Eccle-</span> 
     </span>
    </p>
   </div>
   <div class='ocr_carea' id='block_1_108' title="bbox 2124 4887 3732 4960">
    <p class='ocr_par' dir='ltr' id='par_1_108' title="bbox 2124 4887 3732 4960">
     <span class='ocr_line' id='line_1_109' title="bbox 2124 4887 3732 4960; baseline -0.002 -15"><span class='ocrx_word' id='word_1_812' title='bbox 2124 4888 2233 4947; x_wconf 91' lang='lat' dir='ltr'>sias</span> <span class='ocrx_word' id='word_1_813' title='bbox 2264 4906 2376 4945; x_wconf 91' lang='lat' dir='ltr'>non</span> <span class='ocrx_word' id='word_1_814' title='bbox 2406 4887 2864 4944; x_wconf 77' lang='lat' dir='ltr'>inconvenienter</span> <span class='ocrx_word' id='word_1_815' title='bbox 2891 4887 3160 4960; x_wconf 89' lang='lat' dir='ltr'>accipere,</span> <span class='ocrx_word' id='word_1_816' title='bbox 3201 4905 3320 4959; x_wconf 70' lang='lat' dir='ltr'>qua)</span> <span class='ocrx_word' id='word_1_817' title='bbox 3350 4887 3537 4942; x_wconf 66' lang='lat' dir='ltr'>multae</span> <span class='ocrx_word' id='word_1_818' title='bbox 3567 4901 3732 4941; x_wconf 91' lang='lat' dir='ltr'>unam</span> 
     </span>
    </p>
   </div>
   <div class='ocr_carea' id='block_1_109' title="bbox 2123 4973 3733 5035">
    <p class='ocr_par' dir='ltr' id='par_1_109' title="bbox 2123 4973 3733 5035">
     <span class='ocr_line' id='line_1_110' title="bbox 2123 4973 3733 5035; baseline -0.002 -1"><span class='ocrx_word' id='word_1_819' title='bbox 2123 4977 2452 5034; x_wconf 87' lang='lat' dir='ltr'>catholicam</span> <span class='ocrx_word' id='word_1_820' title='bbox 2483 4977 2695 5035; x_wconf 82' lang='lat' dir='ltr'>faciunt</span> <span class='ocrx_word' id='word_1_821' title='bbox 2724 4984 2842 5033; x_wconf 89' lang='lat' dir='ltr'>toto</span> <span class='ocrx_word' id='word_1_822' title='bbox 2871 4983 3142 5032; x_wconf 88' lang='lat' dir='ltr'>terrarum</span> <span class='ocrx_word' id='word_1_823' title='bbox 3175 4975 3306 5032; x_wconf 89' lang='lat' dir='ltr'>orbe</span> <span class='ocrx_word' id='word_1_824' title='bbox 3323 4973 3600 5030; x_wconf 73' lang='lat' dir='ltr'>diffusam.</span> <span class='ocrx_word' id='word_1_825' title='bbox 3625 4975 3733 5030; x_wconf 89' lang='lat' dir='ltr'>Un-</span> 
     </span>
    </p>
   </div>
   <div class='ocr_carea' id='block_1_110' title="bbox 2123 5065 3733 5142">
    <p class='ocr_par' dir='ltr' id='par_1_110' title="bbox 2123 5065 3733 5142">
     <span class='ocr_line' id='line_1_111' title="bbox 2123 5065 3733 5142; baseline -0.004 -15"><span class='ocrx_word' id='word_1_826' title='bbox 2123 5069 2190 5127; x_wconf 90' lang='lat' dir='ltr'>de</span> <span class='ocrx_word' id='word_1_827' title='bbox 2220 5077 2274 5126; x_wconf 93' lang='lat' dir='ltr'>et</span> <span class='ocrx_word' id='word_1_828' title='bbox 2320 5076 2526 5142; x_wconf 89' lang='lat' dir='ltr'>septem</span> <span class='ocrx_word' id='word_1_829' title='bbox 2557 5066 2826 5125; x_wconf 89' lang='lat' dir='ltr'>Ecclesiis</span> <span class='ocrx_word' id='word_1_830' title='bbox 2854 5065 3047 5124; x_wconf 91' lang='lat' dir='ltr'>scribit</span> <span class='ocrx_word' id='word_1_831' title='bbox 3075 5066 3310 5121; x_wconf 86' lang='lat' dir='ltr'>Joannes</span> <span class='ocrx_word' id='word_1_832' title='bbox 3338 5065 3640 5135; x_wconf 87' lang='lat' dir='ltr'>apostolus,</span> <span class='ocrx_word' id='word_1_833' title='bbox 3671 5071 3733 5122; x_wconf 91' lang='lat' dir='ltr'>ut</span> 
     </span>
    </p>
   </div>
   <div class='ocr_carea' id='block_1_111' title="bbox 2122 5153 3732 5231">
    <p class='ocr_par' dir='ltr' id='par_1_111' title="bbox 2122 5153 3732 5231">
     <span class='ocr_line' id='line_1_112' title="bbox 2122 5153 3732 5231; baseline -0.003 -15"><span class='ocrx_word' id='word_1_834' title='bbox 2122 5177 2290 5217; x_wconf 91' lang='lat' dir='ltr'>unam</span> <span class='ocrx_word' id='word_1_835' title='bbox 2321 5159 2650 5217; x_wconf 89' lang='lat' dir='ltr'>catholicam</span> <span class='ocrx_word' id='word_1_836' title='bbox 2701 5155 3040 5231; x_wconf 86' lang='lat' dir='ltr'>septiformis</span> <span class='ocrx_word' id='word_1_837' title='bbox 3068 5153 3254 5228; x_wconf 68' lang='lat' dir='ltr'>gratiae</span> <span class='ocrx_word' id='word_1_838' title='bbox 3283 5154 3502 5226; x_wconf 88' lang='lat' dir='ltr'>plenam</span> <span class='ocrx_word' id='word_1_839' title='bbox 3531 5153 3732 5226; x_wconf 90' lang='lat' dir='ltr'>spiritu</span> 
     </span>
    </p>
   </div>
   <div class='ocr_carea' id='block_1_112' title="bbox 2122 5243 3732 5322">
    <p class='ocr_par' dir='ltr' id='par_1_112' title="bbox 2122 5243 3732 5322">
     <span class='ocr_line' id='line_1_113' title="bbox 2122 5243 3732 5322; baseline -0.004 -16"><span class='ocrx_word' id='word_1_840' title='bbox 2122 5249 2429 5322; x_wconf 86' lang='lat' dir='ltr'>designaret</span> <span class='ocrx_word' id='word_1_841' title='bbox 2461 5249 2648 5322; x_wconf 85' lang='lat' dir='ltr'>(Apoc.</span> <span class='ocrx_word' id='word_1_842' title='bbox 2669 5265 2709 5318; x_wconf 86' lang='grc' dir='ltr'>ι,</span> <span class='ocrx_word' id='word_1_843' title='bbox 2730 5247 2763 5304; x_wconf 68' lang='lat' dir='ltr'>li</span> <span class='ocrx_word' id='word_1_844' title='bbox 2783 5266 2796 5316; x_wconf 89' lang='lat'><strong>;</strong></span> <span class='ocrx_word' id='word_1_845' title='bbox 2817 5257 2880 5316; x_wconf 86' lang='grc' dir='ltr'>ιι,</span> <span class='ocrx_word' id='word_1_846' title='bbox 2900 5247 3018 5318; x_wconf 76' lang='lat'>29).</span> <span class='ocrx_word' id='word_1_847' title='bbox 3037 5246 3108 5301; x_wconf 89' lang='lat' dir='ltr'>Et</span> <span class='ocrx_word' id='word_1_848' title='bbox 3127 5243 3196 5301; x_wconf 91' lang='lat' dir='ltr'>de</span> <span class='ocrx_word' id='word_1_849' title='bbox 3216 5243 3453 5302; x_wconf 92' lang='lat' dir='ltr'>Domino</span> <span class='ocrx_word' id='word_1_850' title='bbox 3473 5243 3732 5301; x_wconf 88' lang='lat' dir='ltr'>novimus</span> 
     </span>
    </p>
   </div>
   <div class='ocr_carea' id='block_1_113' title="bbox 2115 5334 3730 5409">
    <p class='ocr_par' dir='ltr' id='par_1_113' title="bbox 2115 5334 3730 5409">
     <span class='ocr_line' id='line_1_114' title="bbox 2115 5334 3730 5409; baseline -0.006 -13"><span class='ocrx_word' id='word_1_851' title='bbox 2115 5340 2323 5396; x_wconf 90' lang='lat' dir='ltr'>dixisse</span> <span class='ocrx_word' id='word_1_852' title='bbox 2353 5339 2734 5396; x_wconf 89' lang='lat' dir='ltr'>Salomonem:</span> <span class='ocrx_word' id='word_1_853' title='bbox 2771 5335 3044 5408; x_wconf 85' lang='lat' dir='ltr'>Sapientia</span> <span class='ocrx_word' id='word_1_854' title='bbox 3073 5334 3359 5409; x_wconf 77' lang='lat' dir='ltr'>wdiﬁcavit</span> <span class='ocrx_word' id='word_1_855' title='bbox 3375 5334 3476 5390; x_wconf 84' lang='lat' dir='ltr'>sibi</span> <span class='ocrx_word' id='word_1_856' title='bbox 3496 5334 3730 5401; x_wconf 87' lang='lat' dir='ltr'>domum,</span> 
     </span>
    </p>
   </div>
   <div class='ocr_carea' id='block_1_114' title="bbox 2184 5550 3732 5632">
    <p class='ocr_par' dir='ltr' id='par_1_114' title="bbox 2184 5550 3732 5632">
     <span class='ocr_line' id='line_1_115' title="bbox 2184 5550 3732 5632; baseline -0.002 -22"><span class='ocrx_word' id='word_1_857' title='bbox 2184 5556 2205 5632; x_wconf 47' lang='grc' dir='ltr'>ἦ</span> <span class='ocrx_word' id='word_1_858' title='bbox 2265 5553 2436 5610; x_wconf 88' lang='lat' dir='ltr'>Laud.</span> <span class='ocrx_word' id='word_1_859' title='bbox 2449 5552 2898 5632; x_wconf 71' lang='lat' dir='ltr'>,qttia_lcuritanunt</span> <span class='ocrx_word' id='word_1_860' title='bbox 2913 5567 3075 5632; x_wconf 82' lang='lat' dir='ltr'>genus</span> <span class='ocrx_word' id='word_1_861' title='bbox 3090 5552 3160 5606; x_wconf 86' lang='lat' dir='ltr'>ita</span> <span class='ocrx_word' id='word_1_862' title='bbox 3173 5550 3388 5606; x_wconf 74' lang='lat' dir='ltr'>scientia</span> <span class='ocrx_word' id='word_1_863' title='bbox 3402 5550 3732 5632; x_wconf 67' lang='lat' dir='ltr'>nwlleratut&#39;.</span> 
     </span>
    </p>
   </div>
   <div class='ocr_carea' id='block_1_115' title="bbox 2185 5620 3736 5698">
    <p class='ocr_par' dir='ltr' id='par_1_115' title="bbox 2185 5620 3736 5698">
     <span class='ocr_line' id='line_1_116' title="bbox 2185 5620 3736 5698; baseline -0.003 -16"><span class='ocrx_word' id='word_1_864' title='bbox 2185 5627 2206 5662; x_wconf 73' lang='lat'><strong>‘</strong></span> <span class='ocrx_word' id='word_1_865' title='bbox 2228 5627 2291 5682; x_wconf 90' lang='lat' dir='ltr'><strong>In</strong></span> <span class='ocrx_word' id='word_1_866' title='bbox 2321 5620 2522 5698; x_wconf 75' lang='lat' dir='ltr'>poster.</span> <span class='ocrx_word' id='word_1_867' title='bbox 2559 5623 2830 5698; x_wconf 82' lang='lat' dir='ltr'>Vulgatis,</span> <span class='ocrx_word' id='word_1_868' title='bbox 2855 5620 3073 5698; x_wconf 74' lang='lat' dir='ltr'>scientia</span> <span class='ocrx_word' id='word_1_869' title='bbox 3099 5629 3356 5698; x_wconf 77' lang='lat' dir='ltr'>transeat,</span> <span class='ocrx_word' id='word_1_870' title='bbox 3387 5623 3536 5694; x_wconf 88' lang='lat' dir='ltr'>quod</span> <span class='ocrx_word' id='word_1_871' title='bbox 3566 5620 3736 5698; x_wconf 69' lang='lat' dir='ltr'>vide-</span> 
     </span>
    </p>
   </div>
   <div class='ocr_carea' id='block_1_116' title="bbox 2111 5693 3729 5761">
    <p class='ocr_par' dir='ltr' id='par_1_116' title="bbox 2111 5693 3729 5761">
     <span class='ocr_line' id='line_1_117' title="bbox 2111 5693 3729 5761; baseline -0.004 -9"><span class='ocrx_word' id='word_1_872' title='bbox 2111 5705 2203 5754; x_wconf 91' lang='lat' dir='ltr'>tur</span> <span class='ocrx_word' id='word_1_873' title='bbox 2247 5693 2411 5755; x_wconf 81' lang='lat' dir='ltr'>sensu</span> <span class='ocrx_word' id='word_1_874' title='bbox 2441 5712 2644 5753; x_wconf 90' lang='lat' dir='ltr'>carere.</span> <span class='ocrx_word' id='word_1_875' title='bbox 2678 5693 2886 5753; x_wconf 89' lang='lat' dir='ltr'>Locum</span> <span class='ocrx_word' id='word_1_876' title='bbox 2921 5694 3070 5751; x_wconf 88' lang='lat' dir='ltr'>hunc</span> <span class='ocrx_word' id='word_1_877' title='bbox 3099 5693 3446 5752; x_wconf 82' lang='lat' dir='ltr'>correximus</span> <span class='ocrx_word' id='word_1_878' title='bbox 3474 5709 3544 5749; x_wconf 86' lang='lat' dir='ltr'>ex</span> <span class='ocrx_word' id='word_1_879' title='bbox 3572 5693 3729 5761; x_wconf 87' lang='lat' dir='ltr'>Mss.,</span> 
     </span>
    </p>
   </div>
   <div class='ocr_carea' id='block_1_117' title="bbox 2111 5767 3457 5844">
    <p class='ocr_par' dir='ltr' id='par_1_117' title="bbox 2111 5767 3457 5844">
     <span class='ocr_line' id='line_1_118' title="bbox 2111 5767 3457 5844; baseline -0.004 -19"><span class='ocrx_word' id='word_1_880' title='bbox 2111 5769 2413 5844; x_wconf 60' lang='lat' dir='ltr'>praesertim</span> <span class='ocrx_word' id='word_1_881' title='bbox 2443 5769 2653 5839; x_wconf 87' lang='lat' dir='ltr'>Germ.,</span> <span class='ocrx_word' id='word_1_882' title='bbox 2697 5767 2862 5826; x_wconf 86' lang='lat' dir='ltr'>Corb.</span> <span class='ocrx_word' id='word_1_883' title='bbox 2897 5767 3082 5825; x_wconf 91' lang='lat' dir='ltr'>Germ.</span> <span class='ocrx_word' id='word_1_884' title='bbox 3115 5773 3168 5823; x_wconf 92' lang='lat' dir='ltr'>et</span> <span class='ocrx_word' id='word_1_885' title='bbox 3196 5767 3457 5824; x_wconf 86' lang='lat' dir='ltr'>Norman.</span> 
     </span>
    </p>
   </div>
  </div>
