4172 6184
423 263 488 322 si
1633 267 1887 327 SANCTI
1923 269 2262 332 GREGORII
2295 275 2524 333 MAGNI
3287 239 3294 248 ’
3659 285 3728 344 32

330 468 333 474 _
421 392 618 450 excidit
656 394 926 450 columnas
963 400 1154 466 septem
1185 394 1371 464 (Prov.
1404 411 1484 463 ιχ,
1517 396 1594 467 1).
1635 395 1743 464 Qui
1770 403 1832 452 ut
1860 395 1919 452 id
1943 395 2012 453 de
2039 399 2094 460 A
2121 399 2412 457 collidunt.
2445 400 2551 458 Sed
2572 400 2688 474 jam
2717 401 2777 462 in
2803 401 3133 462 fortitudine
3175 405 3328 462 illius
3373 407 3549 464 maria
3591 425 3734 466 con-

419 489 626 555 septem
671 481 936 540 Ecclesiis
985 499 1044 538 se
1099 481 1306 538 dixisse
1359 481 1743 553 innotesceret,
1798 491 2019 542 secutus

419 569 584 626 etiam
629 579 968 629 sacramenta
997 572 1114 644 ipsa
1141 571 1436 645 diligenter
1481 573 1734 644 inseruit,
1779 573 1968 632 dicens
1999 593 2011 630 :

417 660 722 716 Immolavit
737 659 997 727 victimas,
1029 661 1241 717 miscuit
1269 663 1468 730 vinum,
1493 670 1542 718 et
1559 663 1840 735 proposuit
1862 680 2018 719 men—-

417 764 554 814 sam,
579 754 718 811 551
749 748 894 802 misit
913 750 1140 806 ancillas
1163 768 1310 820 suas,
1343 753 1358 788 ί
1391 758 1450 807 ut
1473 761 1722 808 vocare-nt
1745 755 1820 810 ad
1844 771 2019 810 arcem

417 849 466 900 et
487 845 679 900 mania
705 845 966 901 civitatis:
990 847 1048 903 Si
1075 841 1194 920 quis
1221 855 1296 905 est
1323 851 1608 920 parvulus,
1636 850 1814 906 veniat
1840 851 1910 905 ad
1939 868 2019 905 me

420 932 749 1005 (Ibid.,2-4).
773 937 1092 995 Immolavit
1108 939 1256 994 enim
1285 939 1556 997 Dominus
1573 941 1853 1009 victimas,
1877 939 1954 996 sei
1961 957 2019 1012 p-

416 1039 538 1079 sum
569 1023 848 1081 offerendo
877 1043 976 1098 pro
1005 1026 1184 1086 nobis.
1221 1028 1448 1086 Miscuit
1477 1029 1696 1098 vinum,
1726 1037 2018 1103 praecepto-

415 1128 542 1168 rum
571 1129 797 1170 suorum
831 1117 1092 1188 poculum
1121 1135 1190 1174 ex
1221 1117 1536 1176 narratione
1564 1119 1830 1176 historica
1857 1126 1912 1174 et
1938 1119 2020 1174 in-

417 1201 723 1274 telligentia
747 1204 983 1291 spy-itali
1010 1214 1451 1291 contempsimus:
1475 1209 1628 1286 Ugde
1653 1209 2019 1291 ultasdigtpm

416 1299 501 1386 es?
519 1269 729 1386 εὀμέίετ
757 1269 1454 1386 esseesset:
1471 1269 1851 1385 sisit-ia;
1871 1269 2025 1362 ’ἐπι

2125 499 2339 564 gregata
2362 501 2510 562 sunt,
2529 493 2658 568 quia
2673 493 2956 553 incarnato
2975 495 3213 552 Domino
3233 496 3606 554 discordantia
3624 516 3698 556 sae
3713 523 3736 536 -

2125 581 2394 638 cularium
2425 583 2591 642 corda
2619 585 2968 642 concorditer
2995 585 3246 642 credunt.
3297 587 3416 642 Jam
3454 587 3648 644 Petrus
3676 589 3734 644 in

2127 671 2264 728 mari
2292 672 2558 744 ambulat,
2589 675 2718 748 quia
2747 675 3010 732 nimirum
3045 675 3252 734 Christi
3282 675 3738 748 praedicatoribus

2125 760 2222 816 illa
2251 762 2526 835 quondam
2555 763 2771 820 tumida
2801 765 3002 822 humili
3031 765 3222 822 auditu
3239 764 3406 822 corda
3431 765 3738 823 substracta

2126 858 2254 906 sunt
2283 859 2344 906 ut
2371 860 2514 909 recte
2543 853 2707 910 etiam
2733 853 2790 911 in
2818 855 3120 928 Evangelia
3149 853 3317 927 hujus
3355 853 3551 910 mundi
3589 871 3737 912 man'

2128 939 2473 997 suetudinem
2514 941 2850 1014 ﬁguraverit,
2891 945 3038 1018 quod
3068 945 3371 1018 procellosa
3400 943 3568 1000 maris
3597 960 3740 1018 aqua

2128 1030 2350 1086 Domini
2380 1032 2630 1104 pedibus,
2660 1051 2844 1106 presso
2874 1043 3110 1104 tumore,
3127 1034 3334 1090 calcata
3353 1042 3454 1090 est.
3479 1033 3584 1091 Sed
3605 1051 3738 1106 quo-

2130 1137 2256 1176 nam
2287 1122 2451 1180 modo
2480 1123 2536 1179 id
2569 1131 2753 1180 actum
2777 1126 2851 1182 sit
2888 1125 3151 1198 aperitur,
3201 1123 3333 1180 dum
3379 1123 3616 1181 dicitur:
3664 1125 3739 1180 Et

2125 1213 2414 1284 prudentia
2441 1215 2554 1285 ejus
2577 1217 2836 1288 percussit
2862 1215 3165 1288 superbum.

2203 1320 2292 1378 46.
2318 1323 2458 1378 Deus
2485 1325 2678 1380 maluit
2680 1325 2970 1396 prudentia
2984 1331 3254 1398 percutere
3268 1323 3564 1389 diabolum,
3583 1337 3743 1394 quam

417 1382 572 1438 misto
605 1360 1502 1460 (Ρεαιθῖἑδὸὀ,³9).²³Ἑ’ῑ⁶ξ›ὁὲιίίὶ
1547 1360 2026 1456 ιιέἔῆἒᾱυῖ,’ίιι“θει

418 1409 572 1482 ⁷’“³Ϊ⁰
605 1409 1004 1454 [Γωιδιλλπθ
1037 1409 1116 1458 ³Ῐ⁶
1151 1409 1173 1421 ”
1205 1409 1286 1442 δι
1319 1409 1502 1460 Ροδ11η
1547 1409 1812 1456 mensam,
1858 1409 1915 1442 ω
1943 1409 2026 1484 δδξ
2131 1409 2462 1480 fortitudine.
2489 1415 2882 1470 Incamationis
2911 1415 3212 1471 wconomia.
3257 1445 3329 1456 —
3360 1413 3494 1481 Quis
3521 1412 3614 1469 hic
3641 1429 3744 1468 su-

418 1473 757 1554 scnpturain
787 1491 1028 1554 ἓδθῖἓῖηδ
1055 1477 1378 1554 Ψιέθοίίὲεξοδ
1414 1477 1575 1554 Ed!”
1587 1485 1764 1554 ειςιξθ
1788 1475 2026 1554 “an?!
2040 1477 2094 1554 ’Ξ
2132 1500 2331 1554 Derbus
2357 1502 2498 1554 alius
2517 1504 2840 1554 appellatur-
2863 1503 2972 1554 nisi
2996 1503 3088 1554 ille
3109 1502 3206 1554 nui
3235 1501 3382 1554 dixit
3406 1519 3417 1554 :
3452 1500 3744 1554 Ascendam

560 1500 1030 1579 ff""“:“.?f°E‘_t',f'x.
1055 1500 1378 1579 (ξυέεοβίέδῇίξδ
1785 1500 2026 1579 ξδξθξῖιξξ
2044 1500 2094 1579 ’ξ
2132 1500 2331 1572 perbus
2357 1502 2498 1558 alius
2517 1504 2841 1575 appellatur,
2863 1503 2972 1560 nisi
2996 1503 3088 1558 ille
3109 1502 3206 1576 qui
3235 1501 3382 1558 dixit
3406 1519 3417 1556 :
3452 1500 3746 1557 Ascendam

419 1560 1168 1670 ἢ)Πῖ
1393 1560 1493 1670 Πῇδ
1827 1560 2028 1670 qui?“
2039 1572 2096 1617 ’³
2131 1560 2290 1662 super
2315 1560 2646 1648 altitudirie‘m
2673 1560 2914 1658 nubium,
2942 1560 3142 1648 similis.
3165 1609 3254 1646 ero
3283 1590 3560 1649 Altissimo
3583 1589 3740 1662 (Isai.

419 1647 1221 1755 afhfrs?ﬁ§s.,s.h§téfécfibh"?
1241 1647 1362 1755 "€05.
1379 1647 1619 1712 Γοδοτδί·
1643 1653 1798 1711 unde
1815 1661 1869 1708 et
1884 1653 2020 1708 alias
2133 1647 2252 1749 xxv,
2287 1681 2376 1754 14)
2399 1682 2426 1737 ‘l
2553 1647 2920 1755 dequo
2948 1682 3047 1738 Dei
3075 1681 3310 1738 dicitur:
3350 1679 3454 1748 Qui
3479 1647 3656 1750 factus
3674 1685 3748 1734 est

419 1740 488 1798 ab
507 1743 753 1842 EccleSla
782 1743 1016 1800 diem":
1037 1746 1288 1842 οξξιῑεξίί
1325 1762 1398 1842 1⁷⁸
1443 1750 1716 1842 finalem“
2051 1764 2098 1824 Β
2127 1775 2187 1824 ut
2223 1771 2434 1825 nullum
2469 1740 2688 1836 timeret:
2719 1777 2767 1825 et
2793 1771 2904 1842 ipse
2932 1778 3007 1826 est
3033 1788 3132 1826 res:
3163 1771 3184 1806 ⁵
3214 1785 3372 1841 super
3401 1740 3574 1823 omnes
3602 1767 3746 1840 ﬁlios

420 1848 557 1896 sam,
573 1833 828 1888 adversus
843 1851 927 1888 eos
955 1835 1046 1906 qui
1076 1835 1426 1891 tribulantme
1448 1833 1621 1905 (Psal.
1651 1849 1792 1901 XXII,
1813 1832 1895 1905 5).
1919 1831 2019 1890 Mi-

421 1919 496 1977 sit
523 1922 752 1980 ancillas
796 1939 943 1994 suas,
990 1926 1365 1997 apostolorum
1409 1924 1668 1981 videlicet
1696 1923 1930 1993 animas,
1962 1923 2019 1978 in

422 2011 542 2084 ipso
584 2028 684 2068 suo
722 2011 886 2068 initio
931 2012 1202 2082 inﬁrmas,
1240 2021 1302 2069 ut
1343 2020 1605 2070 vocarent
1646 2011 1716 2070 ad
1757 2029 1939 2069 arcem
1968 2019 2022 2066 et

423 2101 627 2158 mmnia
655 2101 916 2172 civitatis,
948 2105 970 2138 ⁴
1001 2103 1130 2176 quia
1157 2101 1291 2160 dum
1315 2103 1590 2159 internam
1608 2101 1782 2158 vitam
1798 2101 2023 2158 denun—

422 2191 588 2260 tiant,
623 2191 692 2248 ad
719 2193 832 2249 alta
858 2209 958 2250 nos
997 2193 1203 2250 muenia
1231 2209 1482 2265 supernae
1529 2190 1774 2249 civitatis
1813 2191 2018 2258 levant,

423 2297 544 2354 quae
573 2283 820 2354 profecto
851 2283 1054 2338 muenia
1093 2283 1202 2339 nisi
1246 2282 1486 2339 humiles
1545 2298 1657 2338 non
1697 2281 2018 2338 ascendunt.

422 2371 578 2428 Unde
608 2371 727 2427 illic
755 2371 822 2426 ab
851 2371 1042 2426 eadem
1077 2372 1356 2442 Sapientia
1385 2371 1668 2428 subditur:
1703 2371 1763 2428 Si
1806 2371 1924 2442 quis
1951 2376 2028 2424 est

416 2463 704 2532 parvulus,
732 2461 912 2516 veniat
935 2461 1007 2516 ad
1032 2477 1112 2515 me
1142 2460 1329 2532 (Prov.
1351 2477 1432 2525 1x,
1450 2459 1530 2531 4).
1563 2459 1640 2514 Ac
1671 2459 1717 2514 si
1733 2467 1914 2532 aperte
1930 2458 2027 2514 di-

422 2559 511 2608 cat
537 2569 548 2606 :
583 2549 848 2622 Quisquis
875 2565 930 2604 se
967 2549 1114 2622 apud
1141 2565 1198 2605 se
1230 2565 1490 2621 magnum
1520 2548 1778 2616 aestimat,
1813 2546 2026 2604 aditum

422 2639 530 2695 sibi
560 2637 669 2694 mei
697 2653 948 2695 accessus
975 2645 1250 2708 angustat,
1283 2637 1412 2710 quia
1448 2643 1604 2692 tanto
1644 2635 1713 2691 ad
1745 2652 1833 2691 me
1861 2635 2028 2692 altius

424 2727 776 2800 pertingitur,
809 2733 1016 2800 quanto
1046 2724 1486 2798 uniuscujusque
1511 2739 1668 2779 mens
1687 2722 1833 2796 apud
1852 2738 1908 2779 se
1937 2738 2028 2777 ve-

424 2818 540 2876 rius
567 2816 914 2872 humiliatur.

497 2905 636 2982 [Vet.
686 2903 832 2980 XV.]
863 2905 955 2961 44.
989 2903 1209 2961 Iudicia
1237 2905 1335 2961 Dei
1373 2922 1520 2960 uento
1554 2908 1724 2976 potest
1750 2901 2024 2973 indagare.

423 3025 494 3038 —-
521 2993 627 3053 Sed
659 2993 1003 3068 quantalibet
1031 2993 1261 3067 quisque
1278 2994 1483 3050 virtute
1511 2991 1784 3065 proﬁciat,
1802 2996 2028 3063 quanta-

425 3083 560 3142 libet
587 3083 822 3141 scientia
849 3089 1150 3150 excrescat,
1185 3089 1469 3155 penetrare
1513 3098 1625 3138 non
1668 3078 1874 3136 suﬂicit
1913 3093 2024 3168 quo

424 3191 526 3232 nos
553 3173 809 3244 conditor
847 3171 1224 3228 moderamine
1259 3170 1601 3244 judiciorum
1647 3175 1816 3240 regat.
1866 3166 2024 3222 Dicat

423 3280 577 3336 ergo:
607 3263 878 3320 Columnae
899 3260 1013 3316 caeli
1030 3260 1454 3324 contremiscunt,
1483 3264 1531 3314 et
1543 3263 1739 3330 pave-nt
1753 3257 1824 3311 ad
1839 3261 2025 3310 nutum

423 3355 559 3426 ejus,
587 3352 718 3426 quia
745 3351 804 3409 in
833 3351 1110 3426 plerisque
1128 3367 1229 3407 nec
1254 3349 1360 3422 ipsi
1388 3347 1696 3422 pertingere
1715 3346 1786 3403 ad
1812 3345 2026 3402 volun-

426 3444 558 3501 tatis
579 3442 698 3516 ejus
716 3440 1099 3499 celsitudinem
1122 3439 1425 3513 praevalent
1451 3438 1548 3512 qui
1563 3436 1808 3510 ejusdem
1830 3435 2025 3491 volun-

423 3534 554 3590 tatis
589 3531 816 3605 przemia
839 3529 1233 3587 denuntiantes
1255 3527 1464 3584 vident.
1491 3526 1672 3594 Quod,
1687 3525 1834 3582 sicut
1853 3540 2027 3596 supe-

425 3622 544 3678 rius
570 3620 838 3690 diximus,
856 3618 924 3676 de
943 3617 1148 3676 sanctis
1176 3633 1394 3690 quoque
1417 3614 1626 3688 angelis
1653 3613 1734 3669 nil
1751 3613 1930 3670 obstat
1946 3613 2026 3668 in-

425 3711 624 3784 telligi,
654 3709 784 3784 quia
830 3709 962 3782 ipsas
1003 3723 1224 3782 quoque
1268 3707 1502 3763 virtutes
1542 3703 1872 3771 caelestium,
1903 3719 2026 3775 qua:

425 3803 577 3859 hunc
605 3801 724 3858 sine
748 3799 1053 3858 cessatione
1087 3797 1459 3871 conspiciunt,
1491 3795 1551 3851 in
1590 3795 1708 3867 ipsa
1747 3808 2026 3880 sua'con-

425 3889 784 3964 templatione
815 3887 1271 3947 contremiscunt.
1295 3885 1400 3944 Sed
1423 3884 1596 3942 isdem
1621 3889 1828 3938 tremor
1855 3879 1924 3936 ne
1949 3879 2028 3936 eis

425 3980 660 4058 poenalis
686 3982 780 4050 sit,
810 3997 922 4037 non
953 3979 1173 4036 timoris
1191 3985 1296 4045 est,
1329 3975 1424 4034 sed
1455 3971 1858 4032 admirationis.
1889 3971 2031 4038 Quia

426 4085 559 4125 vero
606 4075 847 4142 quantus
885 4083 1058 4140 pavor
1099 4067 1172 4122 sit
1221 4062 1606 4122 admirationis
1649 4060 1767 4132 ejus
1812 4057 2026 4127 intulit,

426 4173 578 4215 nunc
605 4155 858 4212 ordinem
889 4162 1092 4210 nostra:
1113 4154 1308 4211 salutis
1335 4159 1539 4210 narrat.
1571 4148 1862 4224 Sequitur:

777 4277 1005 4338 CAPUT
1043 4279 1208 4336 XXX
1248 4277 1394 4354 [Rec.
1427 4273 1668 4350 XVIII].

497 4388 672 4446 Vens.
707 4388 792 4445 12.
823 4417 894 4428 -
922 4388 989 4444 In
1029 4384 1344 4456 fortitudine
1381 4383 1532 4439 illius
1581 4387 1788 4455 repente
1847 4382 2027 4435 maria

2129 1859 2388 1930 superbire
2417 1859 2536 1930 (Job
2564 1876 2680 1927 xu,
2710 1860 2826 1931 25).
2857 1862 2937 1915 De
2966 1876 3075 1931 quo
3105 1859 3272 1916 etiam
3300 1857 3434 1916 huic
3460 1856 3745 1914 sententiae

2131 1952 2276 2010 552
2305 1954 2482 2012 David
2509 1955 2774 2028 propheta
2801 1953 3120 2022 concordat,
3167 1954 3358 2010 dicens
3383 1971 3395 2010 :
3453 1957 3532 2011 Tu
3561 1953 3746 2009 humi-

2135 2047 2298 2114 liasti,
2327 2046 2467 2101 sicut
2503 2047 2861 2113 vulneratum,
2907 2045 3190 2117 superbum
3241 2043 3414 2116 (Psal.
3465 2059 3744 2112 Lxxxvm,

2135 2136 2248 2204 11).
2279 2133 2386 2192 Sed
2433 2135 2688 2209 quamvis
2733 2133 2978 2206 simplici
3019 2140 3230 2190 naturae
3275 2131 3589 2188 divinitatis
3634 2147 3747 2188 non

2131 2225 2204 2280 sit
2229 2224 2383 2281 aliud
2411 2240 2546 2293 esse,
2577 2231 2632 2280 et
2659 2223 2811 2279 aliud
2851 2238 3060 2294 sapere,
3100 2237 3202 2278 nec
3240 2220 3394 2278 aliud
3435 2236 3648 2292 sapere,
3691 2227 3748 2276 et

2131 2310 2284 2368 aliud
2311 2313 2509 2369 fortem
2553 2327 2690 2380 esse,
2735 2311 2936 2384 quippe
2979 2309 3108 2383 quia
3152 2309 3270 2383 ipsa
3316 2307 3584 2365 fortitudo
3627 2323 3748 2380 quae

2131 2400 2420 2473 sapientia,
2449 2409 2503 2456 et
2530 2401 2647 2473 ipsa
2675 2399 2943 2473 sapientia
2988 2416 3111 2472 qua:
3153 2397 3467 2456 divinitatis
3513 2394 3749 2452 essentia

2133 2498 2238 2558 est,
2265 2490 2560 2561 vigilanter
2587 2498 2791 2546 tamen
2815 2488 3146 2545 intuendum
3186 2495 3320 2560 puto
3349 2485 3496 2559 quod
3527 2484 3612 2540 vir
3643 2484 3746 2539 iste

2134 2578 2456 2652 prophetico
2483 2581 2680 2650 plenus
2716 2579 2917 2651 spiritu
2967 2578 3265 2649 superbum
3307 2576 3588 2634 diabolum
3621 2589 3750 2645 pru-

2135 2668 2322 2726 dentia
2347 2668 2448 2724 Dei
2477 2667 2662 2740 potius
2681 2667 2877 2722 maluit
2897 2667 3080 2722 dicere
3101 2682 3265 2738 quam
3286 2663 3612 2720 fortitudine
3632 2678 3750 2718 esse

2136 2772 2472 2829 percussum.
2504 2756 2626 2812 Non
2654 2755 2802 2810 enim
2849 2756 2928 2811 ait
2973 2753 3263 2820 fortitudo,
3313 2751 3407 2808 sed
3453 2751 3750 2823 prudentia

2135 2844 2254 2918 ejus
2281 2844 2550 2918 percussit
2579 2843 2896 2916 superbum.
2919 2844 3056 2898 Nam
3079 2841 3356 2914 quamvis,
3377 2839 3520 2896 sicut
3541 2839 3748 2895 dictum

2136 2943 2238 3003 est,
2268 2941 2490 3007 propter
2518 2939 2770 2988 naturam
2815 2930 3144 3002 simplicem,
3191 2927 3290 2984 Dei
3337 2925 3605 2983 fortitudo
3650 2943 3748 2983 sa-

2137 3023 2344 3097 pientia
2368 3023 2460 3091 sit,
2491 3021 2760 3079 Dominus
2800 3029 2983 3076 tamen
3025 3019 3329 3087 diabolum,
3379 3024 3647 3090 quantum
3677 3017 3746 3072 ad

2061 3123 2104 3181 C
2131 3116 2328 3172 faciem
2357 3121 2587 3187 spectat,
2616 3129 2727 3168 non
2763 3112 2991 3180 virtute,
3041 3110 3134 3167 sed
3187 3109 3399 3166 ratione
3448 3105 3746 3180 superavit.

2135 3209 2256 3280 Ipse
2271 3221 2508 3278 namque
2527 3202 2779 3260 diabolus
2799 3203 2856 3258 in
2880 3202 2976 3257 illa
2997 3217 3096 3256 nos
3116 3199 3359 3272 parentis
3377 3196 3543 3271 primi
3563 3195 3750 3253 radice

2133 3296 2514 3369 supplantans,
2545 3292 2646 3350 sub
2675 3291 2994 3364 captivitate
3036 3306 3134 3346 sua
3181 3288 3348 3362 quasi
3374 3287 3522 3360 juste
3571 3285 3752 3341 tenuit

2134 3387 2441 3454 hominem,
2477 3383 2594 3458 qui,
2625 3382 2800 3438 libero
2842 3381 3077 3436 arbitrio
3125 3378 3404 3446 conditus,
3451 3377 3499 3432 ei
3547 3375 3754 3448 injusta

2135 3477 2384 3535 suadenti
2413 3475 2709 3533 consensit.
2736 3473 2822 3530 Ad
2851 3473 3023 3528 vitam
3054 3485 3294 3542 namque
3323 3466 3583 3525 conditus
3611 3466 3669 3522 in
3689 3465 3752 3520 li-

2133 3569 2341 3626 bertate
2367 3567 2598 3640 propriae
2629 3563 2952 3632 voluntatis,
2988 3569 3182 3634 sponte
3209 3575 3310 3616 sua
3336 3559 3513 3614 factus
3541 3564 3622 3613 est
3649 3555 3754 3612 de—

2133 3656 2282 3713 bitor
2310 3654 2522 3712 mortis.
2571 3651 2815 3709 Delenda
2840 3666 2971 3722 ergo
3013 3655 3130 3704 erat
3157 3647 3286 3702 talis
3312 3647 3494 3719 culpa,
3525 3643 3619 3701 sed
3646 3642 3751 3700 nisi

2135 3763 2232 3821 per
2269 3745 2600 3804 sacriﬁcium
2631 3743 2802 3798 deleri
2832 3757 2944 3798 non
2974 3745 3209 3812 poterat.
3243 3727 3609 3806 Quaerendum
3637 3743 3754 3791 erat
3791 3749 3794 3752 ‘

2136 3835 2490 3902 sacriﬁcium,
2520 3832 2614 3889 sed
2645 3831 2808 3905 quale
2841 3828 3173 3886 sacriﬁcium
3205 3833 3418 3899 poterat
3445 3841 3544 3896 pro
3573 3823 3750 3879 absol-

2137 3924 2332 3980 vendis
2359 3921 2679 3978 hominibus
2705 3919 2946 3975 inveniri
2967 3919 2994 3974 ?
3021 3919 3208 3990 Neque
3235 3915 3383 3971 enim
3408 3912 3621 3985 justum
3642 3912 3746 3968 fuit

2137 4022 2200 4071 ut
2219 4029 2316 4086 pro
2332 4010 2589 4068 rationali
2605 4009 2830 4065 homine
2848 4008 3140 4065 brutorum
3161 4003 3486 4062 animalium
3503 4001 3750 4059 victima:

2135 4105 2494 4160 caederentur.
2515 4099 2668 4156 Unde
2688 4099 2766 4154 ait
2785 4097 3101 4170 Apostolus:
3127 4097 3336 4152 Necesse
3355 4100 3558 4165 estergo
3579 4109 3754 4152 exeat-

2130 4191 2316 4264 pla-ria
2345 4188 2625 4246 caelestium
2652 4187 2732 4242 his
2758 4186 3033 4251 mandari,
3066 4185 3180 4256 ipsa
3207 4189 3384 4240 autem
3403 4179 3628 4236 ctelestia
3648 4197 3750 4234 me-

2138 4281 2360 4336 lioribus
2379 4278 2564 4334 hosti-is
2581 4293 2742 4348 quam
2761 4275 2876 4331 istis
2893 4275 3078 4347 (Hebr.
3108 4291 3187 4341 1x,
3208 4272 3324 4342 23).
3355 4271 3502 4342 Ergo
3521 4268 3568 4325 si
3588 4268 3755 4325 bruta

2135 4369 2393 4426 animalia
2424 4374 2644 4440 propter
2662 4365 2932 4422 rationale
2951 4363 3180 4429 animal,
3202 4360 3260 4416 id
3279 4367 3360 4416 est
3381 4376 3481 4432 pro
3503 4357 3754 4416 homine.

425 4482 734 4550 congregata
761 4481 903 4542 sunt,
933 4481 982 4530 et
1001 4445 1292 4547 prudentia
1311 4473 1424 4544 ejus
1439 4445 1700 4544 percussit
1723 4469 2024 4542 superbum.
2057 4479 2106 4537 1)
2135 4459 2314 4550 dignm
2343 4456 2723 4550 victim-zenon
2754 4454 3001 4550 fuerunt,
3029 4447 3408 4550 requirendus
3435 4453 3552 4504 erat
3580 4445 3752 4550 hom‘q

495 4565 584 4622 45.
617 4564 994 4622 Ιιωανπαεὶοεηε
1010 4562 1226 4620 Domini
1253 4561 1483 4617 mundus
1503 4577 1684 4632 presso
1712 4565 1913 4614 tumore
1941 4559 2030 4613 do-

425 4655 602 4712 mitus.
634 4685 706 4696 —
729 4652 873 4722 Quid
921 4651 1074 4709 aliud
1113 4651 1280 4708 maris
1327 4650 1551 4707 nomine
1599 4665 1764 4722 quam
1793 4663 2031 4720 praesens

423 4744 690 4803 saeculum
719 4742 1058 4815 designatur,
1090 4741 1150 4797 in
1180 4758 1290 4814 quo
1309 4741 1477 4798 corda
1493 4738 1786 4796 hominum
1815 4744 2030 4793 terrena

425 4832 793 4908 quaerentium
830 4831 1066 4906 diversis
1094 4831 1489 4902 cogitationum
1511 4827 1776 4884 ﬂuctibus
1794 4825 2030 4882 intume-

425 4931 585 4982 scunt
600 4924 629 4981 7
655 4922 787 4997 quia
801 4921 1036 4979 elatione
1052 4921 1323 4994 superbiae
1351 4917 1637 4986 concitati,
1658 4917 1794 4973 dum
1821 4916 2032 4971 alterna

428 5012 733 5070 intentione
761 5029 820 5070 se
860 5011 1157 5085 impetunt,
1201 5010 1357 5084 quasi
1391 5011 1413 5045 ⁵
1445 5007 1769 5064 adversante
1796 5020 1855 5062 se
1882 5003 2032 5062 unda

502 5224 518 5257 ¹
553 5221 578 5276 1
611 5218 810 5288 Laud.,
838 5225 898 5274 ut
923 5225 1148 5276 vocaret.

501 5294 522 5328 ²
555 5285 948 5347 ΡΙιιτίωἵΜεε.
980 5298 1168 5346 carent
1199 5285 1369 5344 verbo
1397 5292 1490 5342 est.

501 5365 522 5398 ³
549 5363 764 5430 Norm.,
825 5367 871 5415 el
923 5362 1201 5432 proposuit
1243 5375 1477 5432 musam
1510 5401 1524 5426 ,
1581 5354 1730 5430 quod
1809 5371 2028 5412 sacrum

428 5443 644 5492 textum
684 5431 1037 5504 repraesentat
1061 5432 1130 5488 ad
1159 5431 1446 5504 amussim,

502 5509 522 5542 ⁸
550 5504 725 5573 Editi,
745 5496 880 5575 quia
923 5504 1050 5560 dum
1089 5509 1362 5570 wternam,
1393 5503 1522 5557 Mss.
1547 5501 1798 5575 _Turon.,
1830 5496 2027 5564 Laud.,

428 5577 638 5645 Germ.,
669 5572 832 5634 cois.
865 5575 1076 5643 Germ.,
1120 5575 1336 5640 Norm.,
1376 5580 1506 5642 etc.,
1535 5572 1804 5628 internum
1833 5585 1943 5642 prae
1971 5584 2030 5624 se

429 5647 750 5708 ferentibus.

499 5723 522 5760 ⁸
548 5721 752 5779 Turon.
784 5726 838 5778 et
865 5718 1104 5787 Gemet.,
1135 5714 1441 5774 adversanti
1469 5731 1522 5772 se
1540 5715 1694 5772 unda
1711 5731 1732 5781 ;
1758 5713 1792 5773 2
1825 5709 2026 5781 Laud.,

2139 4517 2232 4622 qui
2259 4564 2357 4620 pro
2387 4543 2708 4601 hominibus
2748 4543 2934 4599 offerri
2962 4517 3260 4608 debui-sset,
3289 4545 3354 4594 ut
3374 4554 3473 4610 pro
3500 4517 3752 4622 rationali

2135 4619 2391 4712 peccante
2419 4633 2708 4693 rationalis
2723 4631 2904 4690 hostia
2920 4637 3271 4688 mactaretur.
3299 4627 3404 4682 Sed
3433 4619 3754 4712 quid,un

2137 4727 2304 4782 homo
2321 4727 2438 4783 sine
2459 4731 2680 4798 peccato
2709 4720 2954 4778 inveniri
2985 4735 3094 4774 non
3117 4723 3351 4788 poterat,
3373 4719 3429 4768 et
3455 4711 3635 4767 oblata
3656 4725 3755 4781 pro

2136 4816 2298 4874 nobis
2328 4797 2513 4870 hostia
2542 4810 2764 4885 quando
2803 4825 2903 4864 nos
2927 4825 2958 4862 a
2989 4812 3210 4878 peccato
3239 4800 3506 4858 mundare
3535 4797 3758 4872 potuis—

2136 4914 2240 4974 set,
2276 4904 2323 4961 si
2367 4905 2483 4975 ipsa
2517 4900 2701 4956 hostia
2729 4901 2750 4934 ⁷
2780 4896 2987 4971 peccati
3031 4891 3288 4964 contagio
3335 4905 3448 4946 non
3493 4893 3704 4946 careret
3727 4887 3757 4942 ἓ

2137 4991 2428 5066 Inquinata
2455 4989 2655 5064 quippe
2677 4985 2994 5060 inquinatos
3031 4980 3297 5040 mundare
3325 4995 3440 5036 non
3467 4975 3751 5052 potuisset.

2137 5210 2473 5266 adversantes
2500 5223 2552 5260 se
2582 5205 2755 5268 ttttdw,
2782 5197 3127 5275 quodetiam
3149 5195 3338 5252 habet.
3369 5193 3582 5250 Bellov.

2209 5283 2232 5316 ⁸
2263 5279 2404 5336 Utic.
2437 5285 2491 5332 et
2520 5275 2639 5344 a'lii,
2669 5271 3152 5346 superuuiversos.
3323 5337 3356 5346 Α.
3511 5341 3522 5346 _
3601 5333 3612 5343 _
3700 5330 3710 5342 .

2209 5354 2230 5386 "
2263 5333 2467 5407 Dmnes
2505 5333 2638 5404 Mss:
2687 5333 2859 5400 ubstri
2909 5341 3116 5397 habent
3157 5337 3357 5412 peccati
3402 5333 3667 5412 conuiuio,
3695 5333 3754 5387 in

2139 5405 2334 5496 primis
2363 5419 2768 5496 Cprb:_Germ.,
2791 5415 3095 5496 German”
3130 5405 3470 5496 t'resHB‘egii,
3510 5405 3757 5496 Belvacz,

2139 5480 2249 5552 duo
2277 5491 2477 5559 Laud.,
2503 5491 2720 5556 Norm.,
2750 5480 2860 5544 etc.
2895 5486 3019 5543 Vet.
3053 5491 3236 5559 autem
3257 5480 3546 5559 _Edjtiopes
3560 5480 3758 5559 peccati

2137 5546 2476 5636 565149553;
2505 5577 2576 5636 ei;
2618 5546 2730 5634 quc
2771 5565 3029 5632 corrupte
3078 5552 3301 5628 irrepsit
3333 5551 3391 5608 in
3439 5546 3754 5607 Gussanvil.

2135 5632 2331 5712 peccati
2349 5632 2679 5708 cogitatione.
