4172 6184
396 273 466 332 33
1163 266 1531 325 MORALIUM
1567 266 1700 323 LIB.
1743 266 1918 323 XVII.
1959 296 2029 310 -—
2067 268 2136 323 IN
2194 269 2422 325 CAPUT
2461 271 2645 328 XXIV
2686 273 2746 328 B.
2787 272 2929 328 JUB.
3060 294 3069 305 ·
3633 279 3699 335 34

400 409 546 476 Ergo
574 408 630 457 nt
665 396 957 454 rationalis
990 403 1131 451 esset
1177 394 1377 463 hostia,
1407 394 1576 451 homo
1623 394 1803 450 fuerat
1845 394 1988 450 oﬂ'e—
2036 400 2083 456 Λ
2109 396 2240 467 picti
2268 402 2390 451 sunt
2415 414 2591 452 omnes
2611 398 2820 468 Spiritu
2847 404 3047 465 sancto,
3080 406 3128 455 et
3145 406 3413 472 receperunt
3435 400 3581 472 loqui
3598 417 3703 458 ca—

401 491 620 557 rendus,
651 495 713 543 ut
740 503 873 542 vero
901 502 933 540 a
954 485 1192 557 peccatis
1220 484 1511 540 mundaret
1542 484 1849 550 hominem,
1881 483 1997 538 ho-

401 598 510 647 mo,
540 587 592 634 et
612 576 731 633 sine
759 582 1002 648 peccato.
1035 572 1140 629 Sed
1170 573 1294 646 quis
1322 581 1463 629 esset
1488 572 1607 627 sine
1634 580 1855 644 peccato
1884 570 1997 628 ho-

398 687 507 737 mo,
554 668 601 724 si
647 683 718 723 ex
751 664 960 738 peccati
1006 662 1392 719 commistione
1421 662 1821 739 descenderet?
1850 663 1995 717 Pro-

394 758 519 814 inde
548 755 704 811 venit
731 760 953 826 propter
966 767 1068 807 nos
1088 752 1379 807 inuterum
1402 751 1636 823 virginis
1670 750 1845 807 Filius
1871 748 1993 817 Dei,

390 847 468 904 ibi
498 863 599 918 pro
626 845 788 902 nobis
816 844 994 899 factus
1040 848 1121 897 est
1168 841 1354 897 homo.
1401 842 1630 911 Sumpta
1669 848 1754 897 est
1799 839 1868 896 ab
1897 838 1996 894 illo

390 943 610 1003 natura,
641 949 755 989 non
783 932 967 1003 culpa.
1002 931 1154 986 Fecit
1182 946 1281 1002 pro
1310 930 1470 986 nobis
1484 927 1841 996 sacriﬁcium,
1864 943 1998 983 cor-

389 1046 494 1102 pus
518 1043 685 1085 suum
711 1024 971 1083 exhibuit
998 1040 1097 1096 pro
1126 1023 1513 1096 peccatoribus
1542 1022 1827 1078 victimam
1874 1021 1996 1078 sine

389 1126 640 1193 peccato,
669 1132 790 1190 quae
818 1122 873 1171 et
900 1114 1245 1170 humanitate
1274 1112 1437 1179 mori,
1467 1120 1520 1167 et
1543 1110 1761 1183 justitia
1783 1115 1799 1146 ¹
1839 1126 1995 1166 mun-

388 1209 520 1264 dare
546 1207 840 1281 potuisset.
902 1204 1041 1278 [Vet.
1073 1203 1248 1277 XVI.]
1302 1204 1460 1259 Hunc
1514 1219 1641 1273 ergo
1689 1217 1815 1259 cum
1873 1207 1997 1271 post

388 1297 669 1371 baptisma
708 1294 850 1351 vidit
895 1293 1158 1366 antiquus
1185 1291 1380 1359 hostis,
1430 1308 1561 1347 mox
1590 1288 1994 1346 tentationibus

393 1387 660 1460 impetiit,
678 1393 733 1441 et
752 1401 846 1458 per
873 1382 1121 1439 diversos
1148 1380 1417 1437 aditusad
1448 1380 1712 1435 interiora
1740 1378 1860 1449 ejus
1882 1394 1996 1433 mo-

392 1477 524 1535 litus
556 1479 584 1512 ²
614 1475 872 1548 irrepere,
895 1473 1077 1528 victus
1096 1479 1200 1541 est,
1221 1478 1383 1543 atque
1400 1470 1517 1541 ipsa
1545 1472 1566 1504 ³
1600 1465 1997 1539 inexpugnabi-

392 1570 460 1625 lis
474 1568 688 1624 mentis
707 1566 826 1638 ejus
842 1564 1152 1637 integritate
1169 1570 1472 1635 prostratus
1496 1557 1996 1632 (Matth.1v,tseq.).

456 1658 528 1713 47
540 1657 844 1723 .Diabolus,
854 1654 1067 1725 frustra
1084 1658 1273 1707 tentato
1290 1651 1515 1706 interius
1539 1650 1769 1712 Christo,
1781 1662 1900 1702 eum
1917 1662 2003 1700 ca:-

2106 485 2206 540 riis
2239 484 2451 557 linguis,
2478 493 2642 557 prout
2670 485 2905 557 Spiritus
2947 494 3156 542 sanctus
3203 489 3365 546 dabat
3385 490 3559 562 eloqui
3595 490 3707 546 illis

2109 579 2183 648 (Α
2192 584 2257 634 et.
2291 576 2590 649 n,2-4).Ex
2610 593 2676 633 eo
2696 593 2826 648 ergo
2845 586 3174 648 acceperunt
3188 587 3513 636 ornamenta
3530 578 3706 637 virtu-

2106 668 2200 737 tis,
2232 686 2372 742 quos
2401 669 2669 725 immensa
2696 676 2824 724 ante
2852 667 3167 741 possederat
3206 668 3428 724 foeditas
3466 669 3703 727 timoris.

2106 759 2324 815 Scimus
2366 759 2539 827 enim,
2583 761 2605 795 δ
2636 758 2730 814 ille
2770 758 3169 831 apostolorum,
3216 756 3275 812 id
3316 764 3397 812 est
3442 759 3705 816 caelorum

2108 852 2340 924 primus,
2371 854 2497 907 ante
2515 858 2791 923 acceptam
2822 849 2989 924 hujus
3018 848 3259 921 Spiritus
3278 847 3532 920 gratiam,
3561 865 3709 922 quo-

2106 943 2212 997 ties
2241 941 2372 997 dum
2404 932 2544 997 mori
2575 939 2788 1008 timuit,
2815 938 2987 995 vitam
3017 938 3260 1010 negavit.
3294 936 3401 1004 Qui
3429 952 3541 994 non
3584 954 3711 1010 pm-

2110 1031 2219 1101 nis,
2249 1048 2361 1086 non
2391 1029 2807 1098 afﬂictionibus,
2830 1045 2943 1085 non
2964 1029 3202 1085 terribili
3233 1036 3500 1102 potestate
3527 1030 3712 1103 cujus-

2110 1137 2293 1193 quam,
2344 1120 2439 1175 sed
2494 1119 2662 1175 unius
2692 1118 2954 1191 mancipii
2999 1120 3116 1176 sola
3154 1126 3236 1175 est
3283 1118 3712 1192 interrogatione

2108 1217 2440 1283 prostratus.
2475 1212 2494 1244 7
2512 1211 2584 1264 Et
2606 1208 2828 1281 quidem
2858 1209 3199 1281 mancipium
3220 1225 3288 1265 ne
3316 1226 3481 1266 sexus
3500 1208 3713 1265 ﬁrmior

2106 1298 2354 1354 terribile
2383 1297 2806 1364 demonstraret,
2837 1298 3042 1353 ancilla
3084 1306 3169 1353 est
3195 1297 3511 1371 inquirente
3538 1304 3711 1353 tenta-

2106 1396 2197 1443 tus
2228 1388 2441 1459 (Matth.
2472 1403 2634 1454 xxvr,
2668 1386 2780 1457 70).
2814 1388 3130 1460 Rursusque
3158 1394 3221 1443 ut
3251 1387 3377 1443 talis
3406 1402 3572 1443 sexus
3614 1386 3714 1442 in-

2110 1476 2346 1533 ﬁrmitas
2388 1476 2555 1532 etiam
2599 1474 2768 1531 oﬂicii
2798 1476 2885 1531 sui
2916 1476 3224 1548 dejectione
3252 1476 3563 1544 vilesceret,
3595 1490 3709 1532 non

2111 1569 2179 1625 ab
2206 1567 2412 1623 ancilla
2454 1566 2862 1635 tantummodo,
2906 1567 3003 1623 sed
3049 1566 3118 1623 ab
3146 1565 3373 1622 ostiaria
3400 1573 3483 1621 est
3510 1565 3714 1622 ancilla

2115 1657 2418 1730 requisitas
2449 1658 2612 1728 (Joan
2640 1674 2805 1724 xvm,
2839 1657 2955 1728 25).
3004 1658 3149 1714 Ecce
3178 1673 3343 1730 quam
3375 1655 3506 1712 vilis
3533 1662 3617 1711 est
3643 1653 3714 1711 ad

391 1747 566 1804 terius
583 1761 856 1818 aggressus
874 1749 1049 1799 est.—
1062 1740 1166 1798 Sed
1186 1740 1282 1813 qui
1302 1739 1372 1796 ad
1386 1737 1651 1794 interiora
1670 1752 1783 1793 non
1802 1733 2001 1803 valuit,

2120 1747 2438 1805 tentandum
2468 1762 2702 1818 persona
2742 1747 3031 1819 requisita,
3058 1755 3121 1802 ut
3166 1754 3351 1819 aperte
3391 1745 3716 1819 proderetur

390 1837 515 1910 ejus
542 1853 606 1893 se
632 1833 908 1891 exteriora
952 1829 1249 1894 convertit,
1282 1836 1346 1884 ut
1388 1826 1520 1900 quia
1563 1823 1765 1881 mentis
1794 1822 2000 1878 virtute

391 1927 592 1984 victus
616 1932 719 1990 est,
747 1939 871 1980 eum
893 1936 1057 1995 quem
1074 1919 1323 1991 decipere
1339 1916 1643 1973 tentatione
1664 1929 1777 1970 non
1799 1910 1998 1977 valuit,

393 2019 467 2076 ad
497 2016 684 2076 carnis
708 2015 899 2072 saltem
919 2011 1197 2069 videretur
1230 2018 1407 2067 morte
1422 2023 1702 2082 superare,
1719 2013 1906 2079 atque,
1935 2010 2000 2059 ut

393 2115 528 2165 ante
555 2122 659 2162 nos
701 2103 913 2161 dictum
958 2107 1062 2170 est,
1093 2099 1393 2173 permissus
1435 2106 1517 2155 est
1558 2098 1617 2153 in
1646 2095 1791 2152 illud
1850 2090 1999 2166 quod

394 2214 468 2252 ex
496 2195 663 2253 nobis
707 2191 1037 2250 mortalibus
1081 2190 1351 2247 Mediator
1393 2193 1694 2260 acceperat.
1752 2182 1859 2241 Sed
1905 2179 2002 2236 ubi

396 2284 590 2360 potuit
634 2281 845 2355 aliquid
889 2281 1086 2348 facere,
1130 2278 1211 2334 ibi
1252 2295 1324 2334 ex
1366 2277 1520 2334 omni
1562 2283 1713 2349 parte
1753 2271 2006 2329 devictus

399 2383 490 2433 est
514 2394 530 2443 ;
564 2382 619 2430 et
648 2372 795 2429 unde
822 2369 1033 2443 accepit
1062 2367 1305 2424 exterius
1347 2373 1671 2440 potestatem
1698 2361 2005 2421 Dominicaa

397 2465 589 2524 carnis
617 2461 953 2530 occidendae,
985 2460 1113 2516 inde
1143 2459 1374 2515 interior
1390 2464 1628 2530 potestas
1646 2453 1766 2527 ejus
1785 2468 1892 2526 qua
1905 2467 2007 2507 nos

396 2556 633 2615 tenebat
663 2554 845 2612 occisa
871 2560 974 2607 est.
1008 2552 1126 2622 Ipse
1167 2565 1404 2621 namque
1435 2547 1668 2603 interius
1694 2544 1877 2600 victus
1904 2549 2007 2609 est,

398 2647 552 2703 dum
581 2641 739 2715 quasi
764 2632 905 2695 vicit
934 2638 1206 2703 exterius;
1252 2644 1308 2691 et
1334 2634 1429 2707 qui
1458 2650 1557 2689 nos
1578 2632 1701 2704 jure
1729 2629 2000 2686 debitores

402 2742 615 2801 mortis
643 2737 839 2806 tenuit,
852 2737 977 2809 jure
1006 2735 1065 2790 in
1086 2732 1245 2789 nobis
1266 2731 1359 2803 jus
1387 2728 1531 2785 553
1559 2729 1752 2785 mortis
1792 2726 1999 2792 amisit,

402 2840 543 2917 quia
570 2855 670 2913 per
709 2835 971 2893 satellites
1013 2849 1141 2888 suos
1194 2831 1314 2901 ejus
1366 2845 1585 2886 carnem
1627 2824 1999 2900 perimendam

402 2916 664 3009 oppetiit,
686 2930 744 2985 in
775 2942 883 3001 quo
908 2924 990 2982 nil
1011 2940 1081 2980 ex
1100 2923 1276 2995 culpae
1292 2920 1478 2977 debito
1496 2916 2006 2975 invenit.Dominus

402 3006 536 3096 ergo
564 3027 753 3078 noster
780 3034 879 3090 pro
908 3014 1070 3071 nobis
1098 3019 1329 3068 mortem
1373 3008 1541 3067 solvit
1586 3006 1915 3073 indebitam,
1944 3011 2008 3059 ut

2110 1848 2315 1915 quanta
2340 1854 2467 1895 eum
2514 1836 2733 1894 timoris
2780 1836 3077 1894 inﬁrmitas
3101 1836 3422 1910 possideret,
3471 1835 3568 1909 qui
3611 1850 3714 1892 nec

2110 1938 2237 1988 ante
2267 1944 2460 1987 vocem
2491 1928 2731 1987 ostiarize
2760 1928 2977 1986 ancillae
3007 1927 3348 1985 subsisteret.

2185 2055 2325 2130 [νει.
2350 2054 2556 2129 XVII.]
2588 2055 2676 2113 43.
2709 2056 2857 2112 Petri
2885 2054 3145 2126 fortitudo
3177 2072 3234 2109 eo
3261 2059 3486 2125 accepto.
3518 2050 3715 2110 —Sed

2106 2144 2222 2218 jam
2252 2145 2344 2203 hic
2373 2147 2537 2219 paulo
2566 2153 2693 2202 ante
2737 2144 2989 2213 timidus,
3022 2142 3201 2217 qualis
3249 2149 3372 2216 post
3412 2141 3713 2198 adventum

2112 2235 2351 2308 Spiritus
2407 2233 2685 2290 exstiterit
2731 2234 3036 2291 videamus.
3084 2233 3263 2301 Certe,
3293 2232 3440 2289 Luca
3477 2237 3714 2287 testante

2113 2323 2413 2381 didicimus
2431 2331 2622 2381 contra
2641 2323 2951 2381 sacerdotes
2966 2339 3029 2380 ac
3048 2320 3325 2395 principes
3361 2327 3566 2395 quanta
3592 2321 3716 2376 Do-

2116 2413 2329 2470 minum
2351 2413 2684 2470 auctoritate
2712 2410 3055 2486 praedicavit.
3074 2412 3210 2467 Nam
3231 2426 3358 2467 cum
3374 2411 3519 2466 facto
3550 2408 3713 2464 mira-

2114 2508 2262 2574 culo,
2293 2504 2522 2579 quaestio
2551 2503 2745 2559 fuisset
2772 2510 2964 2558 exorta
2994 2500 3135 2573 (Act.
3185 2517 3264 2569 1v,
3299 2500 3414 2573 lli),
3445 2508 3499 2555 et
3527 2516 3717 2556 sacer-

2116 2593 2306 2649 dotum
2328 2591 2625 2665 principes,
2655 2591 2920 2660 seniores,
2943 2607 3006 2649 ac
3033 2589 3226 2646 scribae
3254 2588 3312 2644 in
3342 2588 3717 2661 apostolorum

2118 2683 2495 2756 persecutione
2523 2690 2932 2752 concurrerent,
2964 2698 3056 2738 eos
3103 2680 3160 2736 in
3206 2679 3387 2737 medio
3416 2686 3720 2735 statuentes

2120 2773 2176 2829 in
2235 2789 2343 2846 qua
2395 2773 2601 2829 virtute
2656 2772 2984 2829 miraculum
3042 2769 3273 2827 fecerint
3321 2768 3714 2842 percunctari"

2121 2871 2473 2920 curaverunt.
2508 2863 2718 2931 Quibus
2765 2864 3003 2935 repletus
3032 2861 3242 2935 Spiritu
3288 2869 3479 2919 sancto
3527 2861 3721 2915 Petrus

2124 2953 2268 3008 dixit
2288 2972 2298 3009 :
2320 2954 2596 3025 Principes
2614 2953 2802 3024 populi
2819 2959 2866 3007 et
2884 2952 3133 3016 seniores,
3155 2950 3201 3005 si
3228 2968 3325 3005 nos
3344 2950 3493 3005 hodie
3508 2947 3722 3020 dijudi-

2126 3060 2311 3099 camur
2336 3043 2394 3097 in
2427 3042 2690 3113 benefacta
2714 3042 2938 3097 hominis
2963 3041 3187 3112 inﬁrmi,
3214 3040 3273 3094 in
3301 3056 3405 3111 quo
3420 3040 3514 3094 iste
3541 3042 3723 3095 salvus

406 3110 749 3204 animos
776 3104 960 3204 arma
1141 3107 1380 3204 ηοωξίειυ
1414 3100 1558 3204 Βθιξε
1588 3093 2008 3204 wgf“???
2045 3128 2087 3187 ο
2122 3142 2196 3191 ρει
2219 3135 2413 3204 rem,
2431 3093 3193 3195 sustinuisset;
3224 3093 3275 3184 ει
3309 3093 3461 3184 2......-
3477 3093 3617 3200 ριεεέ
3636 3093 3723 3186 ὶέζ

408 3210 492 3259 est
525 3219 537 3256 :
568 3195 865 3257 Prudentia
900 3193 1014 3263 ejus
1056 3190 1315 3263 percussit
1354 3186 1654 3259 superbum,
1686 3182 1816 3257 quia
1860 3182 2015 3237 anti-

415 3307 559 3365 quus
598 3286 780 3345 hostis
806 3300 903 3358 per
927 3296 1211 3339 excessum
1251 3273 1696 3351 praesumptionis
1741 3288 1853 3329 suae
1880 3285 2013 3325 eum

418 3381 585 3438 etiam
600 3376 839 3451 perdidit
854 3388 1016 3447 quem
1037 3371 1242 3443 iniquae
1270 3366 1641 3441 persuasionis
1672 3365 1795 3435 lege
1815 3377 2013 3435 posse-

416 3468 533 3535 dit;
564 3474 618 3523 et
644 3465 777 3522 dum
806 3461 1064 3519 audacter
1091 3474 1217 3514 eum
1248 3456 1306 3512 in
1336 3471 1445 3529 quo
1474 3454 1618 3510 nihil
1648 3451 1754 3508 sibi
1784 3464 2017 3521 compe—

420 3556 570 3613 tehat
595 3552 842 3627 appetiit,
883 3549 1006 3622 jure
1036 3548 1196 3603 illum
1228 3562 1391 3619 quem
1421 3540 1581 3617 quasi
1608 3540 1768 3613 iuste
1796 3536 2015 3599 tenebat

425 3644 630 3700 amisit.
656 3639 953 3697 Prudentia
982 3637 1166 3709 itaque
1196 3649 1308 3689 non
1355 3631 1562 3687 virtute
1590 3642 1884 3702 percussus
1912 3632 2014 3691 est,

433 3731 530 3805 qui
558 3731 689 3786 dum
718 3729 786 3784 ad
809 3726 1125 3783 tentandum
1173 3726 1349 3779 Deum
1392 3719 1649 3786 solvitur,
1680 3718 1748 3773 ab
1789 3714 2017 3771 homine

430 3804 759 3893 possidendo
786 3816 1059 3887 religatur,
1092 3820 1157 3868 ut
1186 3810 1313 3867 inde
1342 3824 1472 3864 eum
1502 3806 1597 3878 qui
1627 3805 1728 3860 sub
1757 3804 1876 3875 ipso
1904 3811 2019 3859 erat

426 3891 694 3985 perderet,
719 3906 862 3963 unde
878 3922 1005 3963 cum
1023 3904 1121 3959 illo
1150 3900 1245 3974 qui
1275 3915 1438 3972 super
1454 3896 1634 3969 ipsum
1655 3902 1739 3951 est
1755 3891 2015 3965 congredi

426 3998 875 4073 praesumpsisset.
928 3993 1120 4049 Occiso
1166 3999 1347 4047 autem
1395 4003 1557 4046 carne
1602 3984 1861 4052 Domino,
1894 4000 2014 4055 qua:

428 4089 807 4163 praedicatores
835 4084 954 4158 ejus
980 4082 1252 4139 virtutum
1276 4078 1449 4152 gloria
1479 4077 1551 4133 sit
1581 4083 1786 4143 secuta,
1817 4089 2019 4130 narra-

428 4189 537 4247 tnr,
558 4195 682 4237 cum
712 4176 975 4234 subditur
1008 4191 1020 4229 :

724 4272 731 4277 ’
808 4278 1036 4353 CAPUT
1063 4288 1254 4348 XXXI
1276 4286 1418 4362 [Rea
1452 4283 1633 4358 XIX].
1658 4344 1669 4351 λ

500 4406 666 4463 Vsus.
701 4404 785 4461 13.
818 4435 889 4445 -
921 4399 1153 4473 Spiritus
1181 4396 1293 4467 ejus
1321 4393 1535 4449 ornavit
1560 4392 1733 4447 cretes.

2122 3226 2259 3290 rael,
2281 3225 2407 3296 quia
2436 3225 2492 3280 in
2516 3224 2724 3280 nomine
2749 3223 2874 3280 Jesu
2903 3220 3106 3277 Christi
3133 3219 3428 3285 Nazareni,
3448 3236 3598 3296 quem
3633 3236 3724 3274 vos

2123 3315 2482 3386 cruciﬁxistis,
2503 3330 2653 3385 quem
2680 3314 2822 3369 Deus
2841 3310 3112 3367 suscitavit
3126 3328 3161 3365 a
3180 3286 3606 3375 mortuis,in'hoc
3619 3308 3718 3363 iste

2123 3412 2262 3461 astat
2272 3422 2451 3461 coram
2465 3402 2982 3475 eobis’satousabid.
2994 3401 3162 3471 ,8-10)
3174 3400 3444 3473 .Cumque
3462 3414 3589 3471 erga
3608 3398 3726 3455 haec

2126 3493 2567 3567 persequentium
2597 3493 2752 3549 furor
2779 3497 3138 3559 excresceret,
3169 3504 3370 3562 eosque
3411 3487 3727 3545 sacerdotes

2124 3601 2187 3641 ac
2227 3584 2503 3658 principes
2547 3584 2732 3640 Iesum
2762 3581 3059 3655 praedicare
3104 3577 3483 3652 prohiberent,
3532 3583 3727 3633 contra

2127 3675 2263 3731 iram
2296 3674 2608 3748 principum
2655 3690 2764 3747 qua
2813 3671 3138 3731 auctoritate
3185 3671 3377 3725 Petrus
3420 3665 3728 3725 excreverit

2127 3772 2424 3841 indicatur,
2442 3790 2569 3830 cum
2601 3773 2716 3829 illic
2747 3772 2999 3846 protinus
3034 3767 3181 3824 554
3207 3766 3501 3824 subditur:
3536 3766 3728 3823 Petrus

2127 3880 2248 3916 vero
2278 3870 2323 3916 et
2360 3862 2587 3931 apostoli
2615 3862 2868 3915 dixerunt
2894 3879 2910 3915 :
2944 3859 3162 3916 Obedire
3189 3862 3394 3927 oportet
3418 3856 3528 3910 Deo
3558 3853 3728 3923 magis

2128 3967 2287 4022 quam
2315 3949 2611 4004 hominibus
2643 3949 2829 4021 (Ibid.,
2848 3966 2905 4015 γ,
2922 3948 3038 4017 29).
3062 3945 3171 4000 Sed
3189 3960 3316 3999 cum
3337 3940 3723 3999 auctoritatem

2129 4036 2947 4115 prazdicantium,resisteutium
2971 4040 3240 4108 praecepta
3254 4047 3366 4087 non
3389 4036 3724 4104 premerent,

2131 4131 2200 4188 ad
2230 4130 2441 4203 ﬂagella
2455 4127 2793 4203 pervenitur.
2826 4127 2963 4183 Nam
2980 4122 3236 4181 subditur
3262 4140 3273 4178 :
3308 4123 3451 4178 Tunc
3463 4117 3730 4192 principes

2130 4228 2457 4284 sacerdotum
2477 4225 2618 4279 cresis
2638 4220 3078 4277 denuntiauerunt
3092 4235 3155 4274 ne
3186 4219 3524 4287 loquerentur
3550 4211 3605 4266 in
3626 4227 3731 4265 no-

2132 4317 2268 4372 mine
2295 4317 2440 4381 Iesu,
2471 4320 2516 4369 et
2543 4312 2855 4368 dimiserunt
2889 4326 2972 4365 eos
3005 4307 3195 4379 (Ibid,
3226 4323 3286 4374 v,
3316 4302 3433 4375 40).
3467 4300 3571 4359 Sed
3604 4298 3733 4373 quia

2133 4406 2504 4479 apostolorum
2526 4402 2789 4458 virtutem
2807 4413 3051 4471 premere
3067 4411 3168 4452 nec
3184 4393 3399 4467 ﬂagella
3416 4391 3730 4457 valuerunt,

505 4513 590 4569 48.
645 4511 936 4584 Inﬁrmitas
990 4506 1351 4578 apostatarum
1403 4513 1684 4568 eoruqu
1732 4491 2018 4567 ρνίησίρίε,
2044 4497 2094 4557 D
2131 4478 2379 4569 patenter
2406 4491 2738 4560 ostenditur,
2769 4505 2896 4547 cum
2939 4486 3193 4560 protinus
3235 4482 3585 4541 subinfertur
3617 4496 3627 4534 :
3661 4478 3735 4534 Et

432 4610 551 4658 ante
570 4609 830 4673 acceptum
850 4597 1110 4671 Spiritum
1139 4599 1395 4649 sanctum.
1430 4621 1501 4631 —
1520 4589 1669 4656 Quos
1695 4586 1882 4653 oculos,
1914 4583 2023 4639 nisi

431 4711 520 4751 eos
547 4693 615 4750 de
644 4692 845 4765 quibus
891 4687 1159 4759 scriptum
1189 4690 1272 4738 est
1306 4698 1316 4736 :
1356 4680 1487 4737 Caeli
1509 4684 1767 4733 enarrant
1794 4676 2025 4747 gloriam

437 4785 525 4839 Dei
556 4764 901 4855 (Psat.xvm,
935 4780 989 4850 l)
1012 4778 1040 4833 ‘l
1061 4776 1209 4843 Quos
1225 4779 1360 4828 tunc
1377 4767 1597 4825 ornavit
1618 4764 1879 4836 Spiritus,
1900 4780 2025 4819 cum

434 4852 680 4946 replevit.
731 4868 889 4939 Quod
917 4868 1065 4923 Luca
1108 4863 1377 4920 referente
1422 4856 1742 4924 didicimus,
1777 4854 1871 4927 qui
1901 4852 1979 4908 ait
2011 4870 2022 4907 :

436 4942 624 5019 Factus
651 4967 728 5017 est
751 4964 957 5031 repente
985 4956 1047 5011 de
1075 4955 1198 5009 creto
1229 4967 1409 5016 sonus,
1435 4956 1690 5019 tanquam
1702 4942 2029 5000 advenientis

431 5053 651 5123 spiritus
678 5046 1011 5111 vehementis,
1040 5050 1090 5099 et
1105 5040 1325 5113 replevit
1346 5045 1507 5094 totam
1534 5037 1747 5091 domum
1764 5033 1854 5089 ubi
1878 5036 2033 5087 erant

434 5144 679 5198 sedentes.
704 5142 778 5197 Et
802 5139 1172 5211 apparuerunt
1196 5130 1309 5187 illis
1351 5127 1640 5200 dispertita:
1688 5125 1879 5195 linguae
1920 5128 2030 5176 tan-

435 5249 593 5304 quam
617 5231 781 5303 igms,
810 5227 1036 5298 seditque
1064 5227 1085 5261 ⁶
1113 5237 1272 5295 super
1298 5218 1534 5291 singulos
1580 5231 1780 5272 eorum.
1811 5214 1887 5270 Et
1938 5227 2034 5266 re-

512 5478 527 5516 ί
560 5476 801 5545 Gemet.,
828 5471 1088 5545 mundare
1119 5464 1392 5545 debuisset.

509 5553 531 5588 ³
562 5540 827 5617 νὶηᾶοαξ,
859 5553 914 5602 et
933 5540 1200 5617 ,l_Laud.,
1232 5540 1544 5617 irrumpere.

511 5626 532 5659 ³
566 5622 778 5678 Gemet.
812 5607 869 5676 et
897 5613 1018 5683 alii,
1052 5612 1111 5668 in
1140 5607 1500 5683 expugnabiti.

512 5697 535 5730 ι
566 5690 976 5765 Plerique_M§8-
988 5681 1015 5765 ,ί
1032 5681 1527 5765 ἔτιΡναξδίπσίίίοδι.
1729 5751 1750 5765 .
1790 5738 1835 5765 ,ε

512 5769 533 5800 δ
570 5746 797 5819 Addunt
824 5746 1043 5830 Vulgati
1074 5746 1235 5826 quod,
1255 5746 1448 5807 contra
1472 5748 1600 5804 Mss.
1624 5746 2033 5806 auctoritatem,

2134 4568 2219 4641 illi
2249 4585 2458 4656 quidem
2486 4583 2635 4638 ibant
2656 4578 2934 4653 gaudentes
2961 4593 2997 4631 a
3024 4579 3293 4646 conspectu
3323 4568 3556 4633 concilii,
3587 4582 3734 4637 quo-

2132 4675 2279 4731 niam
2313 4672 2459 4745 digni
2486 4670 2652 4727 habiti
2680 4674 2801 4724 sunt
2822 4683 2925 4739 pro
2968 4664 3177 4720 nomine
3209 4662 3333 4719 Iesu
3363 4657 3732 4715 contumeliam

2130 4764 2248 4838 pati
2279 4741 2465 4836 (Ibid,
2495 4761 2611 4832 41).
2644 4760 2774 4816 Mox
2801 4755 2967 4813 etiam
2998 4759 3121 4827 post
3150 4751 3493 4824 ﬂagellorum
3541 4741 3736 4838 gaudia

2136 4833 2271 4927 quid
2292 4833 2518 4925 agerent
2545 4849 2857 4906 indicatur:
2886 4844 3042 4901 Omni
3067 4850 3244 4899 autem
3274 4841 3358 4896 die
3385 4839 3442 4891 in
3475 4833 3661 4927 templo
3689 4835 3737 4884 et

2136 4948 2276 5003 circa
2305 4947 2482 5001 domos
2511 4960 2617 4997 non
2662 4939 2930 4996 cessabant
2974 4936 3207 4991 docentes
3240 4938 3288 4987 et
3318 4922 3737 4996 e‘vangetizantes

2143 5036 2410 5095 Christum
2437 5035 2633 5091 Iesum.
2665 5033 2805 5088 Ecce
2835 5028 2929 5083 ille
2958 5025 3121 5098 paulo
3167 5026 3295 5075 ante
3341 5011 3597 5081 timidus,
3620 5009 3738 5085 jam

2140 5128 2343 5201 linguis
2362 5125 2632 5199 loquitur,
2649 5127 2900 5182 coruscat
2921 5112 3229 5201 miraculis,
3252 5106 3639 5201 inﬁdelitatem
3656 5120 3739 5162 sa-

2140 5196 2503 5276 cerdotumac
2521 5212 2838 5288 principum
2859 5205 3032 5262 libera
3051 5217 3186 5258 voce
3201 5199 3471 5273 increpat,
3505 5196 3576 5255 ad
3590 5212 3741 5270 pree-

2144 5501 2321 5554 stante
2348 5488 2483 5549 alias
2511 5488 2735 5561 integro
2757 5493 2946 5541 sensu.

2216 5572 2238 5605 δ
2266 5568 2481 5631 Norm.,
2512 5562 2586 5617 Et
2609 5552 2817 5631 quidem
2841 5552 3094 5627 mancipii
3123 5569 3208 5621 ne,
3238 5554 3345 5607 etc.

2216 5643 2237 5676 ⁷
2272 5641 2299 5697 1
2331 5634 2531 5703 Laud.,
2560 5635 2843 5704 caperunt.

2222 5733 2238 5759 λ
2266 5732 2388 5787 Duo
2418 5724 2588 5782 Laud.
2598 5767 2615 5792 ,
2640 5740 2822 5777 sanus.
