4172 6184
464 253 532 308 35
1674 242 1923 300 SANCTI
1957 243 2295 303 GREGORII
2331 245 2557 304 MAGNI
3693 255 3772 312 36

460 372 762 440 dicandum
815 372 1024 440 Iesum,
1079 369 1394 440 exemplum
1447 367 1790 426 auctoritatis
1842 370 2054 427 caeteris
2085 374 2138 434 Α
2165 368 2643 446 iniquorquuaa
2679 373 2806 447 quia
2835 374 2904 432 ad
2921 375 3250 448 pravitatem
3279 379 3557 450 propriam
3579 381 3770 448 traxit,

463 469 704 536 praestat,
736 478 803 518 ne
833 461 892 518 in
921 459 1144 517 nomine
1173 458 1290 530 ejus
1317 458 1470 532 loqui
1500 459 1696 516 debeat
1727 460 2050 517 verberibus

461 551 805 624 prohibetur,
836 566 938 606 nec
965 557 1150 604 tamen
1179 547 1564 620 compescitur.
1596 547 1914 606 Contemuit
1943 549 2053 606 ﬂa-

460 655 601 726 gella
629 651 978 718 caedentium,
997 647 1090 722 qui
1120 649 1283 721 paulo
1311 655 1436 705 ante
1466 649 1863 722 requirentium
1887 650 2052 705 verba

459 743 753 805 timuerat;
786 747 839 794 et
859 737 954 811 qui
981 739 1194 794 ancillae
1217 738 1360 795 vires
1383 739 1679 812 requisitas
1698 739 1942 811 expavit,
1963 739 2051 793 vi-

459 847 545 887 res
575 827 889 902 principum
937 845 1109 885 caesus
1151 829 1371 902 premit.
1405 829 1590 885 Sancti
1636 829 1785 885 enim
1814 828 2052 900 Spiritus

451 919 564 990 jam
585 919 790 974 virtute
820 916 1110 986 solidatus,
1137 917 1304 990 hujus
1321 917 1516 974 mundi
1545 917 1868 975 altitudines
1888 918 2050 973 liber-

455 1007 586 1064 tatis
614 1008 762 1064 calce
789 1007 1150 1080 deprimebat,
1182 1015 1245 1063 ut
1299 1007 1356 1062 in
1415 1006 1528 1063 imo
1574 1024 1690 1064 esse
1739 1009 1756 1042 ¹
1807 1014 2053 1064 cerneret

457 1097 728 1170 quidquid
756 1106 944 1154 contra
973 1098 1238 1155 creatoris
1269 1098 1290 1133 ²
1319 1097 1550 1170 gratiam
1581 1097 1754 1154 altum
1796 1103 2052 1152 tumeret.

531 1185 669 1260 [νει.
693 1189 747 1243 Χ
756 1189 888 1246 VIII
893 1188 930 1262 .]
963 1189 1053 1245 50.
1079 1189 1278 1256 Quibus
1293 1188 1444 1243 donis
1465 1193 1514 1243 et
1552 1186 1862 1250 virtutibus,
1893 1188 2054 1257 e/fuso

457 1276 512 1332 in
541 1294 592 1331 se
641 1278 846 1348 Spiritu
886 1284 1086 1344 sancto,
1107 1277 1362 1347 fulserint
1389 1276 1637 1348 apostoli.
1669 1305 1740 1316 —
1770 1275 1898 1331 Haec
1925 1282 2057 1332 sunt

455 1374 777 1422 ornamenta
791 1367 1200 1436 caelorum,haec
1219 1374 1346 1423 sunt
1367 1367 1511 1422 dona
1530 1364 1792 1438 Spiritus,
1817 1381 1938 1437 quae
1959 1364 2057 1420 di—

457 1455 630 1514 versis
657 1455 996 1512 manifestari
1044 1455 1345 1512 virtutibus
1399 1456 1603 1524 solent,
1653 1471 1790 1527 quas
1821 1455 2054 1511 occultae

455 1547 880 1620 dispensationis
909 1563 1134 1605 munere
1164 1547 1373 1604 divisas
1401 1547 1604 1603 Paulus
1631 1552 1940 1614 enumerat,
1973 1544 2054 1601 di-

409 1627 420 1646 ’
451 1655 581 1698 cens
605 1656 618 1694 :
640 1639 756 1694 Alii
783 1639 994 1710 quidem
1028 1637 1411 1719 per‘Spir-itum
1439 1638 1602 1692 datur
1627 1653 1801 1692 sermo
1835 1635 2056 1708 sapien-

2162 463 2317 536 quasi
2347 463 2406 520 iu
2432 481 2623 520 eorum
2675 463 3019 520 habitatione
3047 465 3339 538 requievit.
3387 467 3493 525 Sed
3521 469 3772 526 obstetri.

2159 561 2318 610 caute
2347 570 2516 610 manu
2556 553 2804 624 Domini,
2835 561 3116 611 tortuosus
3157 554 3386 612 coluber
3445 555 3514 614 de
3540 559 3778 630 propriis

2160 643 2410 700 cavernis
2437 647 2700 717 expulsus
2729 653 2832 715 est,
2864 647 2996 719 quia
3022 645 3155 702 dum
3185 647 3346 704 nobis
3364 647 3558 706 divina
3601 650 3776 722 gratia

2162 732 2432 801 medetur,
2465 733 2512 791 is
2539 733 2635 808 qui
2666 751 2766 791 nos
2793 743 3045 792 tenuerat
3061 735 3322 810 antiquus
3349 753 3380 793 a
3410 736 3572 793 nobis
3588 737 3766 796 hostis

2161 821 2400 893 ejieitur,
2433 823 2576 880 sicut
2604 825 2888 881 incarnata
2919 824 3136 882 Veritas
3151 824 3320 882 dicit:
3345 826 3499 884 Nunc
3512 826 3762 899 princeps

2161 913 2322 984 hujus
2348 913 2534 969 mundi
2560 913 2801 985 ejiciatur
2826 913 2980 984 foras
3001 913 3182 986 (Joan.
3203 931 3307 984 x11,
3339 915 3454 988 31).
3475 915 3632 972 Unde
3650 915 3768 988 jam

2163 1019 2310 1060 nunc
2338 1005 2360 1040 ³
2403 1012 2623 1061 sanctos
2677 1021 2869 1061 omnes
2921 1021 3033 1060 non
3089 1004 3328 1062 tenendo
3357 1005 3624 1077 possidet,
3669 1006 3768 1062 sed

2164 1091 2430 1149 tentando
2458 1093 2824 1166 persequitur.
2845 1095 2981 1150 Nam
3013 1093 3144 1168 quia
3171 1111 3282 1152 non
3313 1095 3370 1152 in
3399 1095 3478 1152 eis
3506 1095 3764 1153 intrinse-

2163 1199 2260 1237 cus
2289 1189 2500 1254 regnat,
2529 1190 2719 1239 contra
2749 1199 2842 1239 eos
2891 1191 3096 1256 pugnat
3122 1183 3502 1254 extrinsecus;
3553 1193 3610 1242 et
3636 1187 3769 1259 quia

2165 1271 2317 1329 intus
2345 1273 2656 1330 dominium
2699 1273 2962 1346 perdidit,
3010 1274 3155 1332 bella
3209 1275 3438 1332 molitur
3479 1275 3640 1334 foris.
3672 1276 3770 1332 Ille

2164 1363 2313 1418 enim
2343 1381 2470 1420 eum
2500 1363 2567 1420 de
2592 1365 2908 1422 carnalibus
2935 1365 3226 1422 hominum
3249 1366 3510 1424 cordibus
3528 1365 3765 1438 expulit,

2165 1451 2260 1524 qui
2289 1459 2510 1526 propter
2538 1453 2795 1511 homines
2823 1453 2893 1510 ad
2921 1453 3358 1512 incarnationem
3391 1455 3576 1512 venit:
3611 1455 3768 1512 dum-

2166 1559 2271 1616 que
2300 1543 2465 1600 corda
2495 1543 2807 1600 inﬁdelium
2836 1544 3036 1611 tenuit,
3069 1545 3226 1618 quasi
3256 1561 3480 1600 manum
3506 1543 3575 1600 ad
3623 1543 3764 1600 lati-

2163 1631 2296 1688 bula
2322 1633 2594 1706 serpentis
2622 1633 2795 1690 misit.
2829 1634 2983 1694 Unde
3002 1642 3147 1692 recte
3175 1651 3272 1708 per
3290 1633 3614 1708 prophetam
3632 1633 3764 1691 dici-

455 1729 560 1794 tiaz,
579 1729 680 1784 alii
701 1735 876 1784 autem
903 1745 1071 1784 sermo
1096 1727 1323 1782 scientia:
1373 1725 1655 1782 secundum
1685 1724 1920 1786 eumdem
1949 1723 2054 1796 spi-
2086 1745 2132 1804 Β
2165 1723 2638 1778 turzDelectabitur
2652 1723 2835 1794 infans
2847 1724 2914 1780 ab
2934 1725 3086 1780 ubere
3103 1726 3300 1796 6super
3326 1722 3594 1794 foramine
3619 1723 3766 1796 aspi-

452 1820 638 1885 ritum,
663 1819 822 1875 alteri
843 1819 970 1891 fides
996 1819 1054 1874 in
1079 1819 1254 1874 eodem
1273 1818 1490 1890 spiritu,
1507 1817 1610 1873 alii
1639 1817 1819 1888 gratia
1843 1816 2059 1872 sanita-

455 1913 565 1964 tum
591 1907 648 1964 in
667 1925 772 1965 uno
800 1909 1014 1980 spiritu,
1035 1909 1134 1966 alii
1157 1909 1394 1980 operatio
1405 1909 1686 1972 virtutum,
1710 1906 1810 1962 alii
1833 1908 2058 1979 prophe-

455 1999 551 2065 tia,
571 1999 670 2055 alii
695 1999 934 2056 discretio
955 1999 1374 2072 spirituum,alii
1391 2015 1580 2070 genera
1603 1997 1928 2068 linguarum,
1959 1997 2058 2054 alii

452 2089 814 2162 interpretatio
853 2107 1153 2146 sermonum
1185 2089 1248 2159 (Ι.
1297 2090 1419 2146 Cor.
1462 2105 1564 2144 xu.
1597 2087 1652 2156 8,
1686 2087 1879 2159 9,10).
1923 2087 2054 2154 Quae

453 2194 584 2234 mox
606 2179 842 2252 generali
865 2178 1183 2235 deﬁnitione
1212 2176 1567 2245 concludens,
1585 2174 1698 2231 ait:
1734 2176 1856 2230 Haec
1881 2181 2056 2230 autem

451 2270 630 2325 omnia
666 2275 919 2341 operatur
947 2285 1084 2323 unus
1127 2273 1282 2338 atque
1325 2267 1462 2321 idem
1491 2266 1748 2338 Spiritus,
1806 2264 2046 2320 dividens

451 2359 674 2430 singulis
695 2367 860 2430 prout
886 2359 1016 2414 vult.
1047 2360 1124 2414 De
1154 2357 1243 2413 his
1272 2356 1437 2412 etiam
1458 2356 1683 2413 coelisin
1714 2356 1928 2428 psalmo
1958 2353 2057 2410 di—

452 2455 604 2505 ctum
634 2455 759 2503 est:
802 2446 964 2506 Verbo
1019 2445 1234 2500 Domini
1291 2445 1405 2497 cwli
1460 2445 1661 2514 ﬁrmati
1717 2449 1845 2497 sunt
1872 2444 2046 2514 (Psal.

452 2551 638 2605 xxxn,
669 2536 748 2608 6).
781 2536 858 2591 De
887 2533 976 2591 his
1004 2549 1220 2606 quoque
1250 2529 1590 2588 ornamentis
1604 2530 1834 2604 spiritus
1863 2530 2050 2586 subdi-

451 2631 542 2682 tur
575 2643 588 2680 :
621 2627 694 2680 Et
721 2625 916 2696 spiritu
946 2625 1057 2678 oris
1099 2622 1214 2692 ejus
1259 2621 1428 2676 omnis
1455 2621 1626 2676 virtus
1667 2638 1868 2676 eorum.
1903 2622 2052 2676 Bene

453 2713 641 2788 itaque
669 2714 906 2771 dicitur:
933 2712 1166 2785 Spiritus
1187 2711 1300 2782 ejus
1328 2712 1542 2768 ornavit
1568 2713 1742 2780 oculos,
1766 2711 1896 2785 quia
1916 2728 2049 2784 prae-

450 2803 720 2862 dicatores
747 2802 926 2860 sancti
951 2801 1062 2858 nisi
1109 2801 1376 2874 promissa
1406 2800 1661 2857 Paracliti
1691 2800 1835 2858 doua
1864 2801 2051 2874 perci-

451 2899 664 2967 perent,
712 2893 867 2950 nullo
917 2891 1263 2948 fortitudinis
1305 2891 1499 2948 decore
1549 2890 1896 2948 claruissent.
1944 2889 2050 2947 Sed

383 3043 398 3048 _
451 2980 582 3056 quia
610 2982 814 3039 sanctis
831 2979 1094 3055 apostolis
1114 2981 1385 3036 virtutum
1403 2977 1574 3052 gratia
1595 2978 1890 3047 decoratis,
1918 2977 2047 3034 vitae

450 3071 768 3146 przedicatio
797 3079 990 3129 contra
1013 3071 1323 3128 inﬁdelium
1353 3071 1521 3130 corda
1543 3069 1846 3138 convaluit,
1870 3077 1924 3125 et
1951 3086 2044 3124 an-

454 3164 643 3238 tiquus
672 3163 848 3220 hostis
866 3163 1112 3219 obsessas
1131 3162 1440 3219 inﬁdelium
1471 3169 1682 3219 mentes
1710 3159 2045 3234 praedicato-

448 3271 572 3311 rum
602 3253 832 3311 v'ocibus
859 3252 1124 3326 expulsus
1152 3251 1395 3326 reliquit,
1427 3259 1548 3326 post
1576 3259 1897 3307 ornamenta
1923 3267 2045 3308 cce-

447 3341 627 3399 lorum
660 3351 782 3416 apte
811 3341 1168 3416 subjungitur
1200 3359 1211 3396 :

837 3449 1064 3508 CAPUT
1093 3449 1306 3506 xxxn
1338 3448 1480 3524 [Rea
1514 3447 1660 3523 XX].

447 3542 584 3600 Ibid.
609 3572 681 3584 -
708 3541 781 3599 Et
809 3541 1170 3597 obstetricante
1202 3557 1364 3595 manu
1393 3539 1529 3610 ejus,
1556 3539 1770 3594 eductus
1798 3543 1874 3593 est
1899 3539 2042 3595 colu-

1042 3629 1130 3684 ber
1161 3635 1446 3684 tortuosus.

516 3719 604 3778 51.
639 3721 864 3793 Serpens
889 3719 1144 3790 antiquus
1173 3717 1269 3773 Dei
1299 3733 1460 3772 manu
1489 3733 1556 3772 ea:
1579 3722 1914 3788 peccatorum
1927 3733 2042 3772 cor-

445 3809 596 3866 dibus
623 3811 857 3883 quasiea:
877 3808 1114 3865 cavernis
1142 3824 1276 3872 suis,
1306 3805 1497 3876 ejectus
1525 3812 1618 3862 est.
1641 3837 1711 3848 —
1730 3805 1866 3874 Quis
1882 3806 2036 3862 enim

443 3899 659 3958 colubri
689 3901 995 3974 appellatur
1036 3897 1285 3967 nomine,
1318 3895 1429 3954 nisi
1469 3896 1732 3970 antiquus
1759 3895 1956 3965 hostis,
1989 3903 2044 3952 et

442 3991 710 4060 lubricus,
739 3998 794 4045 et
821 3997 1118 4057 tortuosus,
1149 3987 1246 4060 qui
1273 3985 1604 4058 decipiendo
1634 3985 1850 4042 homini
1879 3985 2044 4040 colu-

441 4079 527 4138 bri
556 4095 650 4135 ore
682 4079 896 4134 locutus
925 4079 1046 4133 est?
1065 4079 1143 4132 De
1164 4092 1272 4148 quo
1301 4092 1397 4147 per
1411 4075 1736 4147 prophetam
1767 4073 1991 4130 dicitur:
2018 4077 2040 4110 ³

438 4169 730 4225 Leviathan
759 4171 1067 4237 serpentem,
1096 4169 1280 4218 vectem
1331 4169 1625 4218 tortuosum
1655 4162 1814 4235 (Isai.
1849 4179 2036 4233 xxvn,

443 4258 520 4330 1).
544 4255 650 4325 Qui
671 4254 878 4313 idcirco
909 4252 1064 4328 loqui
1093 4251 1365 4326 serpentis
1393 4269 1486 4308 ore
1515 4251 1815 4326 permissus
1843 4259 1946 4321 est,
1977 4259 2040 4309 ut

438 4363 508 4403 ex
537 4347 654 4420 ipso
683 4362 812 4402 vase
839 4343 958 4417 ejus
985 4343 1154 4400 homo
1182 4348 1535 4414 cognosceret
1563 4342 1742 4416 qualis
1769 4349 1912 4398 esset
1941 4341 2037 4416 qui

439 4437 590 4494 intus
615 4435 910 4492 habitaret.
943 4436 1178 4506 Serpens
1195 4432 1396 4506 quippe
1411 4448 1523 4489 non
1553 4432 1732 4489 solum
1752 4438 2036 4488 tortuosus

436 4534 538 4596 est,
571 4525 665 4583 sed
694 4525 859 4582 etiam
913 4521 1180 4580 lubricus.
1233 4521 1374 4589 Quia
1427 4537 1556 4595 ergo
1586 4521 1643 4578 in
1699 4519 2034 4578 rectitudine

437 4615 688 4672 veritatis
713 4631 825 4670 non
853 4613 1025 4680 stetit,
1046 4618 1358 4668 tortuosum
1380 4610 1586 4667 animal
1617 4610 1869 4666 intravit.
1893 4611 2037 4679 Quia

437 4721 567 4762 vero
596 4703 930 4777 suggestioni
960 4701 1100 4775 ejus,
1133 4703 1154 4736 ‘
1187 4700 1234 4757 si
1265 4699 1458 4773 primae
1487 4717 1600 4758 non
1629 4699 1929 4768 resistitur,
1953 4715 2034 4754 re-

434 4800 594 4866 pente
624 4798 772 4846 totus
799 4789 868 4846 ad
899 4789 1116 4844 interna
1147 4785 1331 4843 cordis
1377 4785 1511 4841 dum
1557 4780 1705 4837 555
1754 4798 1867 4837 non
1898 4797 2037 4837 sen—

433 4882 572 4938 titur
597 4878 868 4947 illabitur,
887 4875 1052 4934 verba
1079 4875 1146 4932 ad
1174 4875 1460 4931 hominem
1489 4890 1586 4946 per
1613 4871 1818 4928 animal
1849 4870 2036 4928 lubri-

433 4988 560 5030 cum
587 4971 742 5030 fecit.
766 4970 1025 5050 Caverna:
1049 4985 1179 5025 vero
1196 4966 1365 5041 hujus
1382 4964 1600 5024 colubri
1627 4963 1794 5022 corda
1812 4963 2036 5022 fuerunt

507 5227 526 5260 ¹
557 5225 640 5281 Ita
664 5207 1036 5290 Mss.'Germ.,
1092 5218 1256 5280 Corb.
1280 5215 1489 5293 Germ.,
1520 5217 1763 5293 Anglic,
1811 5215 2026 5287 Norm.,

432 5292 630 5365 Laud.,
663 5303 792 5364 etc.,
821 5295 919 5352 ubi
946 5296 1005 5351 in
1035 5293 1270 5351 Excusis
1298 5292 1498 5365 legitur
1525 5291 1836 5347 decerneret.

507 5370 528 5403 ³
556 5367 802 5439 Anglic,
830 5368 1078 5439 gloriam.

503 5442 525 5476 ³
557 5442 589 5497 2
619 5433 1158 5508 Ιδέιιιά.,ἸιεοιὶαιΙιαη
1207 5443 1494 5510 serpentem
1536 5442 1724 5493 vectem
1757 5433 2025 5508 leviathan

431 5519 715 5584 serpentem
745 5517 1058 5567 tortuosum.

431 5587 524 5660 __‘
583 5586 664 5640 Ita
717 5584 925 5660 Germ.,
983 5582 1182 5660 Qorb.,
1233 5583 1464 5660 Germ.,
1537 5580 1768 5660 Tur-pm,
1824 5575 2023 5640 Laud.,

429 5655 644 5734 Norm.,
663 5663 776 5734 _e_tc.
813 5651 1128 5734 Vulgati,_si
1153 5653 1328 5734 primo
1349 5671 1458 5734 non
1475 5651 1771 5734 resistitur.

501 5729 522 5761 ⁵
554 5728 635 5783 Ita
663 5727 793 5783 Mss.
831 5729 900 5781 At
929 5725 1080 5782 Editi
1109 5731 1316 5780 sanctos
1343 5725 1594 5778 homines.

2166 1811 2272 1878 dis;
2299 1818 2347 1867 et
2368 1812 2428 1868 in
2447 1829 2672 1868 caverna
2686 1813 2858 1884 reguli
2878 1815 2897 1849 ⁷
2919 1813 3013 1886 qui
3039 1813 3334 1870 ablactatus
3361 1813 3761 1884 fue-ratmanum

2165 1919 2318 1958 suam
2346 1901 2530 1958 mittet.
2571 1903 2696 1961 Non
2722 1902 2994 1969 nocebunt,
3024 1911 3198 1960 etnon
3223 1903 3452 1960 occident
3481 1903 3540 1959 in
3557 1901 3766 1960 univer-

2165 2008 2220 2047 so
2246 1999 2418 2048 monte
2444 1999 2622 2049 sancto
2649 2010 2760 2049 meo
2805 1993 2960 2067 (Isai.
2993 2010 3074 2063 XI,
3104 1995 3186 2065 8).
3219 1996 3392 2062 Quem
3420 2011 3656 2068 namque
3684 1995 3766 2050 in-

2165 2081 2372 2138 fantem
2401 2082 2469 2138 ab
2498 2083 2685 2148 ubere,
2708 2083 2796 2139 vel
2825 2099 2952 2140 eum
2977 2083 3070 2155 qui
3085 2083 3389 2140 ablactatus
3407 2083 3578 2140 fuerit
3607 2085 3630 2120 ⁸
3655 2081 3764 2141 nisi

2163 2172 2462 2228 Dominum
2491 2173 2730 2250 appellat
2749 2173 2776 2229 ?
2805 2173 2948 2241 Quid
2977 2189 3110 2230 vero
3157 2172 3430 2230 foramine
3475 2172 3683 2246 aspidis
3709 2181 3764 2228 et

2164 2261 2415 2319 cavernis
2443 2261 2614 2335 reguli
2646 2262 2753 2318 nisi
2774 2263 2944 2319 corda
2971 2263 3546 2337 signavitiuiquorum
3565 2262 3592 2318 ?
3621 2261 3762 2330 Quia

2164 2351 2425 2425 antiquus
2454 2350 2629 2410 hostis
2657 2352 2789 2409 dum
2818 2359 3000 2408 totum
3029 2369 3085 2409 se
3117 2353 3176 2408 in
3205 2369 3398 2409 eorum
3427 2366 3758 2408 consensum

2163 2442 2420 2508 contulit,
2451 2442 2606 2516 quasi
2635 2441 2694 2497 in
2724 2441 2994 2498 foramine
3023 2443 3246 2514 proprio
3275 2442 3502 2500 coluber
3530 2449 3760 2498 tortuo-

2163 2546 2276 2595 sus,
2308 2531 2464 2586 sinus
2491 2530 2708 2587 astutiae
2753 2531 3063 2602 colligendo
3105 2533 3450 2604 glomeravit.
3495 2531 3670 2600 Quem
3700 2538 3755 2586 et

2160 2618 2368 2691 aspidis
2395 2619 2621 2674 nomine
2649 2619 2888 2691 appellat
2917 2620 3130 2677 occulte
3159 2619 3499 2685 saevientem,
3516 2628 3570 2674 et
3585 2618 3763 2690 reguli

2159 2715 2343 2779 aperte
2371 2707 2681 2763 ferientem.
2703 2707 2928 2764 Manum
2960 2723 3088 2778 ergo
3118 2724 3273 2764 suam
3304 2708 3578 2766 Dominus
3604 2711 3664 2767 in
3681 2709 3759 2766 fo-

2159 2795 2370 2852 ramine
2398 2794 2572 2867 reguli
2593 2801 2754 2867 atque
2782 2793 2989 2866 aspidis
3010 2794 3181 2863 misit,
3203 2796 3422 2868 quando
3437 2797 3759 2872 iniquorum

2157 2884 2324 2943 corda
2375 2883 2572 2940 divina
2624 2889 2891 2956 potestate
2951 2883 3169 2950 tenuit;
3216 2891 3270 2940 et
3297 2887 3757 2958 comprehensum

2157 2973 2358 3030 exinde
2386 2973 2654 3046 aspidem,
2685 2973 2773 3028 vel
2801 2971 3076 3044 regulum,
3107 2971 3166 3028 id
3193 2979 3274 3028 est
3303 2973 3586 3046 captivum
3628 2977 3758 3034 dia-

2157 3063 2346 3120 bolum
2379 3063 2574 3127 traxit,
2604 3068 2667 3118 ut
2694 3061 2753 3130 iu
2798 3068 2984 3117 monte
3027 3069 3219 3143 sangto
3260 3061 3400 3134 ejus,
3432 3067 3453 3100 ⁸
3498 3065 3648 3138 quod
3675 3072 3758 3124 est

2155 3153 2424 3220 Ecclesia,
2453 3151 2644 3210 electis
2669 3150 2928 3208 ﬁdelibus
2954 3167 3067 3208 non
3101 3160 3345 3209 noceret.

2221 3244 2310 3300 52.
2343 3243 2600 3299 Diabolus
2631 3241 2766 3298 leoni
2792 3247 3146 3312 comparatus.
3177 3272 3248 3283 —
3278 3241 3418 3299 Hinc
3432 3259 3668 3318 namque
3693 3244 3754 3302 in

2153 3331 2396 3391 Canticis
2421 3332 2762 3390 canticorum
2793 3347 2992 3404 sponso
3023 3331 3276 3390 veniente
3292 3331 3498 3388 dicitur
3529 3349 3542 3388 :
3577 3334 3756 3390 Coro-

2152 3423 2362 3480 naberis
2391 3423 2454 3479 de
2479 3423 2645 3494 capite
2671 3421 2909 3490 Amana,
2927 3423 2991 3478 de
3007 3423 3196 3478 vertice
3229 3422 3394 3479 Sanir
3422 3429 3470 3477 et
3497 3425 3752 3491 Harmon,

2153 3514 2216 3570 de
2241 3515 2496 3572 cubilibus
2527 3515 2736 3570 leonum
2766 3514 2949 3586 (Cant.
2981 3531 3060 3580 1v,
3089 3513 3170 3586 8).
3221 3512 3370 3581 Quid
3419 3515 3570 3572 enim
3599 3496 3754 3573 aliud

2153 3605 2378 3662 leonum
2405 3601 2634 3660 nomine
2675 3620 2840 3677 quam
2894 3602 3168 3660 daemonia
3217 3601 3600 3676 designantur,
3631 3621 3751 3680 qua:

2153 3693 2236 3750 ira
2264 3701 2460 3752 contra
2487 3711 2590 3751 nos
2639 3692 2996 3753 atrocissimas
3039 3693 3382 3752 crudelitatis
3409 3693 3752 3752 insaeviunt?

2152 3785 2224 3841 Et
2251 3786 2381 3860 quia
2408 3791 2720 3858 peccatores
2761 3784 2832 3841 ad
2883 3783 3049 3840 ﬁdem
3103 3783 3288 3842 vocati
3333 3791 3483 3851 sunt,
3515 3801 3750 3858 quorum

2153 3876 2429 3948 quondam
2455 3874 2624 3932 corda
2649 3875 2872 3930 leonum
2902 3872 3110 3930 cubilia
3136 3873 3520 3940 fuerunt,dum
3549 3872 3750 3930 vicisse

2154 3972 2386 4020 mortem
2415 3963 2686 4021 Dominus
2713 3980 2904 4019 eorum
2931 3961 3277 4019 confessione
3305 3963 3571 4030 creditur,
3593 3963 3748 4038 quasi

2151 4054 2218 4111 de
2245 4055 2468 4110 leonum
2496 4052 2774 4110 cubilibus
2785 4057 3102 4109 coronatur.
3127 4051 3518 4109 Remuneratio
3546 4052 3749 4126 quippe

2148 4143 2396 4200 victoriae
2442 4157 2644 4199 corona
2673 4149 2772 4198 est.
2805 4141 2992 4197 Toties
3019 4157 3148 4214 ergo
3192 4140 3242 4197 ei
3272 4155 3531 4199 coronam
3560 4141 3750 4198 ﬁdeles

2148 4231 2408 4298 offerunt,
2439 4229 2656 4304 quoties
2684 4229 2837 4288 hunc
2864 4229 3064 4286 vicisse
3094 4236 3330 4286 mortem
3371 4247 3442 4286 ex
3489 4245 3748 4287 resurre-

2146 4325 2330 4381 ctione
2358 4321 2712 4379 conﬁteutur.
2745 4321 2855 4376 Leo
2883 4335 3012 4392 ergo
3041 4318 3108 4376 de
3133 4319 3413 4376 cubilibus
3443 4319 3560 4377 suis
3587 4319 3746 4393 pelli-

2143 4423 2255 4485 tur,
2303 4413 2452 4488 quia,
2496 4410 2885 4469 obstetricante
2939 4426 3107 4466 manu
3161 4408 3408 4476 Domini,
3463 4415 3746 4468 tortuosus

2143 4504 2367 4562 coluber
2394 4503 2454 4558 in
2481 4500 2734 4559 cavernis
2763 4516 2898 4574 quas
2925 4505 3179 4556 tenuerat
3208 4498 3459 4556 habitare
3487 4499 3742 4573 prohibe-

2142 4605 2252 4654 tur.
2283 4596 2420 4654 Nam
2450 4594 2631 4660 victus
2655 4611 2688 4649 a
2715 4592 2965 4649 ﬁdelium
2995 4590 3258 4649 cordibus
3285 4590 3446 4657 exiit,
3463 4590 3558 4664 qui
3579 4605 3744 4662 super

2142 4687 2262 4744 haec
2291 4693 2453 4743 antea
2481 4691 2694 4757 sceptro
2723 4681 2970 4757 perﬁdiae
2999 4680 3274 4755 regnavit.

2213 4777 2302 4834 53.
2336 4776 2552 4834 Primus
2575 4773 2776 4832 Christi
2798 4773 3053 4828 adventus
3072 4771 3129 4825 in
3143 4767 3462 4833 humilitate,
3483 4766 3738 4822 secundus

2143 4866 2200 4922 in
2230 4872 2448 4922 terrore.
2479 4895 2552 4907 —
2578 4863 2721 4920 Ecce
2743 4861 2802 4916 in
2827 4859 3020 4932 paucis
3046 4857 3420 4929 brevibusque
3447 4854 3740 4913 sententiis

2141 4963 2364 5014 sanctus
2388 4953 2477 5011 vir
2503 4953 2773 5010 adventus
2801 4947 3068 5006 dominici
3099 4945 3353 5003 ordinem
3371 4944 3581 5013 retulit,
3602 4961 3736 5018 pon-

2210 5213 2231 5248 ⁶
2259 5205 2505 5274 Pratell.,
2533 5203 2684 5266 Utic.
2729 5212 2784 5261 et
2828 5196 2926 5260 alii
2952 5200 3168 5272 Norm.,
3199 5215 3360 5274 super
3406 5200 3722 5272 foramen...

2135 5291 2183 5339 et
2209 5284 2267 5338 in
2295 5298 2592 5338 cavernam.

2207 5357 2227 5390 ⁷
2260 5354 2496 5419 Gemet.,
2544 5348 2638 5422 qui
2681 5347 2975 5422 ablactatus
3019 5343 3300 5422 fuerit”...
3347 5360 3454 5400 non
3479 5345 3732 5401 nocebunt

2135 5443 2296 5498 neque
2323 5416 2572 5498 occident:
2605 5417 2882 5498 It_a_etiam
2910 5416 3081 5498 Laud.

2209 5485 2228 5533 θ
2259 5499 2322 5553 In
2351 5495 2611 5552 omnibus
2631 5489 2832 5555 Editis,
2863 5489 2968 5544 nisi
2994 5491 3183 5560 Deum,
3214 5485 3408 5545 invitis
3431 5487 3563 5560 Mss.

2205 5571 2227 5604 θ
2259 5570 2537 5642 Ita,_cum_
2565 5561 2993 5642 _Laud.,_Nor_m.
3027 5558 3255 5642 (ει-ρεπιᾳῖ
3291 5558 3551 5642 omnibus
3591 5559 3722 5642 M_ss.

2135 5647 2246 5696 vet.
2277 5631 2453 5704 Edit.,
2483 5636 2579 5694 ubi
2608 5632 3011 5692 recentioribus
3039 5631 3344 5690 editoribus
3389 5631 3562 5706 magis
3591 5631 3725 5704 pla-

2135 5712 2274 5776 cuit,
2303 5728 2420 5782 qme
2448 5715 2521 5764 est
2559 5709 2704 5764 Eccl.
3615 5738 3623 5744 -
