4172 6184
463 248 529 303 37
1002 244 1375 304 MORALIUM
1413 245 1546 302 LIB.
1591 245 1792 301 XVIII.
1834 274 1904 285 —
1946 242 2019 300 IN
2056 241 2285 301 CAPUT
2324 242 2535 300 XXVII
2576 245 2665 300 ET
2705 245 2941 302 XXVIII
2982 245 3045 299 Β.
3087 243 3227 301 JOB.
3697 250 3766 305 38

462 375 594 432 dera
619 370 908 444 expressit,
948 370 1080 443 quid
1100 388 1170 427 ex
1191 371 1312 444 ejus
1336 370 1714 428 incarnatione
1736 369 1855 426 ﬁeri
1871 369 2053 442 potuit
2080 373 2129 433 Α
2158 385 2263 423 non
2289 369 2500 434 silebit;
2554 368 2694 440 ignis
2720 370 2777 422 in
2806 376 3077 439 conspectu
3103 370 3221 440 ejus
3246 370 3474 438 ardebit,
3506 377 3554 426 et
3576 371 3637 426 in
3664 373 3768 427 cir-

438 460 783 535 _admirando
812 459 1077 515 narravit.
1113 459 1252 533 [νει.
1288 460 1435 527 XIX,
1468 463 1586 519 Rec.
1620 458 1797 533 XXI.]
1829 460 1933 516 Sed
1963 458 2058 532 qui

463 549 598 606 mira
625 548 758 604 fecit
787 548 844 603 in
863 547 1179 604 humilitate
1210 549 1456 619 veniens,
1475 548 1809 607 considerari
1831 565 1941 604 non
1965 566 2058 621 po-

456 646 561 696 test
591 655 718 695 cum
749 630 956 711 quanto
979 647 1191 695 terrore
1220 649 1486 697 venturus
1515 649 1617 710 est,
1640 641 1699 698 in
1754 640 2057 713 majestatis

454 746 565 785 suae
594 728 924 785 fortitudine
954 745 1238 803 apparens.
1264 731 1410 788 Ordo
1428 731 1594 804 primi
1615 730 1884 787 adventus
1902 730 2055 786 illius

453 817 671 891 pensari
701 824 756 874 et
783 819 1026 891 conspici
1055 820 1113 875 in
1141 828 1356 877 tantum
1386 823 1586 895 potuit,
1617 823 1673 877 in
1695 828 1962 895 quantum
1983 820 2051 875 ad

454 907 807 965 redimendos
836 910 1081 965 carnales
1109 910 1357 979 veniens,
1380 902 1694 967 divinitatis
1712 928 1822 967 suae
1848 910 2052 983 magni-

460 995 713 1052 tudinem
730 994 1043 1054 carnalibus
1058 1000 1235 1056 oculis
1250 999 1596 1073 temperavit.
1624 1000 1758 1068 Quis
1788 1017 1918 1056 vero
1933 998 2051 1071 ejus

455 1094 802 1152 celsitudinis
831 1101 1095 1150 terrorem
1136 1076 1310 1157 'ferat,
1341 1106 1467 1146 cum
1498 1089 1727 1147 secundi
1783 1089 2051 1146 adventus
2081 1103 2084 1106 ‘

458 1184 702 1258 potentia
726 1200 823 1258 per
842 1189 985 1248 556
1014 1181 1196 1253 ignem
1221 1178 1496 1252 judicium
1541 1196 1821 1247 exercens,
1854 1179 1911 1234 in
1942 1196 2051 1250 po-

456 1282 670 1338 testatis
697 1297 809 1337 sua:
840 1279 1121 1353 majestate
1150 1279 1486 1337 canduerit?
1532 1279 1687 1336 Unde
1713 1279 1801 1336 vir
1830 1284 2051 1334 sanctus

455 1370 755 1426 adventum
784 1369 938 1426 illius
966 1377 1150 1426 narrat
1180 1369 1442 1442 primum,
1474 1369 1568 1425 sed
1598 1369 1829 1425 lassatur
1858 1368 1924 1425 ad
1958 1386 2052 1425 se—

454 1459 722 1526 cundum,
753 1457 941 1516 dicens
961 1477 972 1515 :

980 1593 1205 1652 CAPUT
1261 1592 1523 1650 XXXIII.

525 1721 695 1780 Vnus.
731 1718 815 1779 14.
848 1753 919 1771 -—-
948 1724 1080 1778 Ecce
1108 1723 1213 1778 haec
1242 1739 1309 1777 ea:
1330 1727 1489 1793 parte
1514 1719 1655 1776 dicta
1684 1725 1810 1774 sunt
1838 1718 2049 1774 viarum
2076 1746 2122 1806 Β

451 1813 565 1883 ejus
595 1832 617 1880 ;
636 1821 683 1870 et
701 1831 814 1871 cum
833 1814 927 1869 vix
942 1830 1173 1885 parvam
1191 1814 1389 1868 stillam
1409 1827 1710 1867 sermonum
1729 1809 1842 1880 ejus
1870 1810 2048 1865 audie-

451 1904 647 1970 rimus,
675 1905 788 1977 quis
810 1904 1008 1977 poterit
1037 1904 1327 1961 tonitruum
1355 1902 1735 1975 magnitudinis
1762 1901 1914 1957 illius
1952 1901 2047 1956 in-

457 1995 595 2050 tueri
608 1995 636 2050 7

525 2085 611 2143 54.
652 2086 926 2143 Terribilis
943 2085 1143 2157 judicii
1169 2087 1269 2144 Dei
1296 2086 1594 2159 descriptio.
1643 2117 1715 2128 —
1769 2084 1914 2153 Quid
1942 2082 2050 2141 hoc

453 2175 575 2232 loco
601 2173 818 2232 viarum
849 2176 1076 2233 nomine
1105 2177 1212 2233 nisi
1242 2177 1487 2234 actiones
1515 2175 1741 2232 Domini
1772 2174 2051 2248 appellat?

453 2265 606 2322 Unde
634 2273 688 2321 et
728 2282 824 2339 per
850 2266 1176 2339 prophetam
1224 2267 1495 2323 Dominus
1540 2265 1677 2322 dicit
1710 2284 1721 2321 :
1765 2266 1883 2321 Non
1911 2264 2050 2318 enim

450 2361 576 2410 sunt
600 2356 700 2410 vice
713 2372 838 2411 mete
854 2356 992 2411 sicut
1002 2356 1102 2411 via:
1120 2361 1302 2411 vestrm
1325 2355 1479 2426 (Isai.
1506 2372 1596 2423 ιν,
1626 2355 1683 2427 8)
1697 2376 1719 2409 .’
1730 2354 2046 2410 Adventum

450 2460 581 2517 ergo
609 2444 831 2502 Domini
861 2461 1115 2514 narrans,
1145 2445 1266 2501 vias
1302 2445 1404 2500 Dei
1460 2461 1529 2499 ex
1557 2451 1711 2515 parte
1766 2444 2046 2510 retulerat,

448 2534 589 2606 quia
616 2534 726 2589 alia
752 2533 872 2605 ejus
916 2534 1061 2590 actio
1087 2533 1217 2600 fuit,
1247 2550 1357 2605 qua
1384 2550 1487 2588 nos
1514 2532 1787 2597 condidit,
1812 2531 1919 2586 alia
1946 2548 2051 2604 qua

452 2622 714 2677 redemit.
745 2623 825 2676 Ea
854 2622 1039 2694 itaque
1068 2638 1189 2693 quae
1218 2621 1285 2676 de
1314 2620 1535 2676 Domini
1554 2620 1768 2675 actione
1784 2622 2047 2692 narravit,

444 2710 690 2765 extremi
712 2708 915 2781 judicii
957 2709 1365 2781 comparatione
1421 2707 1684 2780 levigans,
1740 2717 1861 2766 ait:
1917 2713 2050 2768 Ecce

444 2799 555 2853 hac
579 2815 645 2853 ex
667 2804 826 2869 parte
852 2798 991 2854 dicta
1018 2803 1140 2852 sunt
1166 2798 1379 2852 viarum
1407 2796 1539 2866 ejus.
1572 2797 1730 2865 Quod
1747 2806 1801 2855 et
1820 2817 2045 2872 parvam

447 2885 651 2943 stillam
674 2901 991 2941 sermonum
1011 2884 1056 2957 ej
1065 2902 1129 2941 us
1147 2884 1402 2957 appellat,
1422 2884 1551 2958 quia
1562 2885 1830 2959 quidquid
1848 2890 2044 2959 altum,

446 2975 724 3051 quidquid
752 2975 999 3031 terribile
1029 2975 1087 3031 in
1108 2976 1213 3032 hac
1239 2975 1355 3031 vita
1374 2976 1539 3049 positi
1560 2977 1627 3033 de
1656 2976 1778 3049 ejus
1797 2979 2043 3036 conside-

445 3067 659 3123 ratione
687 3067 1071 3140 cognoscimus
1098 3083 1168 3122 ex
1210 3067 1580 3124 immensitate
1610 3069 1917 3125 caelestium
1946 3087 2044 3127 se-

446 3165 746 3225 cretorum,
779 3158 932 3213 velut
960 3157 1142 3213 tenuis
1169 3156 1237 3213 ad
1267 3174 1367 3213 nos
1396 3165 1547 3231 gutta
1567 3160 1787 3231 superni
1816 3160 2045 3232 liquoris
2075 3131 2119 3191 Ο

448 3254 695 3303 emanat:
730 3249 803 3303 Et
830 3248 949 3318 quis
972 3247 1169 3324 poterit
1198 3248 1488 3303 tonitruum
1523 3249 1908 3318 magnitudinis
1934 3252 2047 3322 ejus

448 3336 647 3391 intueri
674 3338 701 3393 ἵ
745 3338 824 3393 Ac
852 3336 898 3392 si
927 3344 1111 3409 aperte
1139 3337 1321 3394 dicat:
1356 3337 1412 3393 Si
1446 3336 1781 3395 humilitatis
1809 3339 1927 3411 ejus
1954 3341 2046 3397 ad-

451 3427 701 3482 miranda
728 3426 827 3481 vix
856 3426 1107 3496 ferimus,
1164 3444 1425 3483 sonorum
1476 3430 1685 3501 ‘atque
1740 3430 2045 3488 terribilem

452 3514 749 3585 majestatis
777 3514 891 3587 ejus
918 3516 1216 3572 adventum
1247 3533 1355 3590 qua
1397 3518 1600 3574 virtute
1644 3519 2047 3577 tolerabimus?

452 3605 620 3660 Hunc
644 3607 943 3663 tonitruum
972 3606 1243 3664 adventus
1269 3608 1422 3665 illius
1448 3607 1612 3664 etiam
1643 3608 1930 3665 Psalmista
1949 3609 2046 3664 in-

460 3700 642 3761 sonat,
674 3694 886 3753 dicens:
916 3699 1057 3755 Deus
1074 3697 1351 3768 manifeste
1370 3699 1555 3763 veniet,
1579 3699 1720 3753 Deus
1772 3704 1969 3765 noster,
1999 3706 2047 3755 et

528 3857 546 3895 ¹
589 3856 741 3915 Editi
774 3867 880 3916 vet.
908 3868 963 3917 et
982 3866 1213 3929 recent.,
1244 3858 1586 3916 horrendum.
1619 3858 1773 3916 Infra
1800 3858 1903 3916 soli
1948 3876 2047 3916 re-

446 3934 595 4005 cent.
628 3932 887 4005 insinuat,
917 3934 1277 4005 proqinsonat,
1307 3938 1370 3989 ut
1397 3932 1601 3989 habent
1624 3933 1752 3989 Mss.
1797 3932 2042 4005 Anglic,

445 4002 667 4072 Norm.,
697 4004 897 4075 Laud.,
918 4002 1228 4074 _Bellovac.,
1258 4011 1363 4062 etc.

1186 4326 1333 4391 557
1439 4298 1772 4389 LIBER
1866 4297 2365 4390 DECIMUS

2166 459 2310 513 cuitu
2339 456 2453 527 ejus
2476 463 2748 528 tempestas
2784 456 2969 511 valida
3000 456 3171 527 (Psal.
3208 475 3363 527 xux,
3397 459 3476 531 3).
3503 460 3645 518 Hinc
3674 462 3767 519 So-

2167 546 2399 618 phonias
2426 546 2694 619 propheta
2739 545 3053 613 denuntiat,
3100 545 3324 602 dicens:
3368 550 3537 607 Juxta
3564 558 3639 607 est
3659 551 3770 607 dies

2164 637 2379 691 Domini
2411 654 2656 708 magnus,
2677 635 2843 705 juxta
2884 641 2931 690 et
2960 635 3114 689 velox
3140 635 3318 690 nimis.
3372 638 3483 693 Vox
3510 641 3613 694 diei
3646 642 3769 697 Do-

2164 726 2293 780 mini
2321 743 2532 793 amara,
2565 726 2911 783 tribulabitur
2940 725 3015 780 ibi
3037 725 3215 795 fortis.
3240 725 3364 780 Dies
3395 726 3488 781 irae
3507 729 3619 784 dies
3645 731 3766 796 illa,

2162 816 2271 871 dies
2302 817 2661 873 tribulationis
2687 823 2736 871 et
2759 816 3037 888 angustiae,
3069 816 3177 872 dies
3205 816 3524 871 calamitatis
3553 825 3599 873 et
3625 819 3773 873 mise-

2160 908 2278 974 rias,
2317 907 2425 962 dies
2451 907 2780 962 tenebrarum
2805 912 2853 961 et
2881 905 3143 977 caliginis,
3177 906 3285 960 dies
3314 905 3513 962 nebula
3541 913 3589 962 et
3609 908 3770 962 turbi-

2162 998 2264 1063 nis,
2294 997 2403 1053 dies
2433 997 2565 1052 tuba:
2590 1003 2637 1051 et
2655 997 2920 1068 clangoris
2944 999 3198 1068 (Sophon.
3225 1013 3264 1064 ι,
3291 996 3517 1069 14-16).
3541 998 3562 1032 ³
3582 997 3770 1055 Terro-

2161 1102 2273 1141 rem
2305 1101 2432 1157 ergo
2459 1084 2698 1141 districti
2721 1084 3013 1155 examinis,
3038 1103 3199 1159 quem
3221 1085 3529 1158 Sophonias
3556 1086 3767 1155 tubam,

2158 1173 2351 1229 beatus
2377 1174 2478 1230 Job
2521 1174 2831 1231 tonitruum
2873 1176 3128 1248 appellat.
3175 1175 3349 1244 Quem
3394 1176 3509 1232 Joel
3554 1193 3770 1250 quoque

2161 1262 2516 1319 considerans
2542 1263 2621 1319 ait
2645 1280 2655 1318 :
2693 1265 3087 1321 Conturbentur
3112 1282 3286 1320 omnes
3316 1266 3638 1321 habitatores
3669 1274 3770 1321 ter-

2158 1369 2255 1418 rae,
2286 1353 2413 1423 quia
2436 1353 2576 1407 venit
2599 1352 2707 1407 dies
2735 1353 2971 1419 Domini,
3001 1355 3129 1425 quia
3164 1372 3329 1427 prope
3356 1361 3431 1409 est
3467 1355 3578 1411 dies
3622 1361 3771 1410 tene-

2160 1444 2380 1498 brarum
2417 1448 2465 1498 et
2500 1443 2766 1513 caliginis,
2805 1443 2914 1499 dies
2954 1443 3105 1497 nubis
3150 1450 3200 1498 et
3246 1445 3492 1501 turbinis.
3549 1447 3772 1517 Magnus

2158 1532 2292 1591 enim
2327 1532 2435 1586 dies
2464 1532 2700 1597 Domini,
2731 1539 2777 1587 et
2808 1533 3061 1588 terribilis
3093 1533 3267 1598 valde,
3300 1540 3347 1588 et
3383 1534 3502 1605 quis
3538 1535 3773 1591 sustine—

2159 1623 2233 1678 bit
2268 1641 2383 1678 eum
2416 1624 2571 1693 (Joel.
2604 1641 2667 1692 ιι,
2703 1624 2790 1696 1)?
2831 1625 2935 1680 Sed
2981 1641 3145 1698 quam
3193 1622 3772 1697 incomprehensibilis

2157 1722 2229 1777 sit
2257 1729 2417 1794 atque
2448 1721 2928 1780 inconsiderabilis
2948 1723 3044 1780 illa
3064 1724 3410 1798 magnitudo,
3443 1725 3573 1797 quia
3604 1726 3661 1781 in
3692 1743 3771 1783 se-

2156 1812 2335 1869 cunda
2364 1812 2677 1870 ostensione
2727 1822 2995 1870 venturus
3032 1823 3135 1884 est,
3176 1815 3315 1872 bene
3344 1822 3624 1889 utcunque
3654 1832 3770 1889 per-

2156 1900 2469 1973 pendimus,
2500 1903 2546 1958 si
2574 1902 2739 1975 primi
2776 1903 3047 1960 adventus
3092 1905 3337 1976 pondera
3376 1904 3613 1961 sollicita
3643 1922 3770 1962 con-

2156 1989 2489 2047 sideratione
2518 2008 2828 2063 pensamus.
2875 1992 3034 2050 Certe
3055 2000 3115 2050 ut
3145 2010 3244 2050 nos
3272 2010 3303 2049 a
3335 2000 3510 2051 morte
3538 1992 3769 2051 redime-

2157 2085 2260 2148 ret,
2290 2077 2431 2135 mori
2460 2081 2729 2138 Dominus
2760 2082 2936 2150 venit,
2964 2089 3018 2138 et
3045 2082 3324 2141 defectum
3357 2092 3558 2142 nostra!
3587 2083 3771 2143 carnis

2160 2168 2215 2226 in
2245 2186 2346 2226 suo
2374 2187 2599 2243 corpore
2630 2187 2923 2245 poenasque
2972 2173 3254 2230 toleravit.
3296 2173 3401 2243 Qui
3449 2175 3768 2249 priusquam

2157 2258 2225 2314 ad
2252 2259 2434 2316 crucis
2462 2258 2770 2331 patibulum
2800 2262 3133 2334 perveniret,
3164 2263 3363 2333 teneri,
3394 2264 3648 2337 conspui,
3690 2264 3770 2321 il-

2156 2347 2297 2416 ludi,
2327 2354 2381 2403 et
2408 2348 2581 2421 alapis
2608 2349 2743 2406 caedi
2773 2367 2829 2405 se
2856 2352 3103 2422 pertulit.
3137 2354 3277 2409 Ecce
3306 2352 3375 2409 ad
3404 2362 3611 2426 quanta
3644 2370 3768 2426 pro-

2156 2445 2277 2510 pter
2304 2453 2404 2493 nos
2432 2440 2621 2496 venire
2655 2440 2853 2511 probra
2879 2441 3192 2508 consensit;
3246 2450 3302 2497 et
3344 2451 3527 2499 tamen
3575 2443 3772 2516 prius-

2155 2545 2320 2602 quam
2350 2545 2406 2584 se
2434 2529 2607 2584 teneri
2628 2529 2987 2602 permitteret,
3010 2540 3385 2603 persecutores
3415 2550 3543 2590 suos
3572 2533 3768 2607 requi-

2154 2616 2308 2686 sivit,
2355 2617 2542 2675 dicens
2590 2619 2769 2690 (Joan.
2820 2636 2983 2688 xvm,
3024 2620 3120 2691 4):
3158 2624 3318 2689 Quem
3347 2624 3632 2694 quaeritis?
3661 2623 3765 2681 Cui

2156 2709 2307 2764 illico
2338 2707 2773 2781 responderunt:
2808 2710 2985 2765 Jesum
3005 2711 3365 2768 Nazarenam.
3399 2711 3612 2781 Quibus
3640 2731 3767 2772 cum

2154 2805 2374 2870 repente
2404 2798 2629 2868 diceret,
2662 2802 2776 2871 Ego
2804 2817 2940 2867 sum,
2971 2817 3161 2858 vocem
3193 2801 3545 2859 solummodo
3577 2802 3769 2859 mitis-

2152 2887 2305 2944 simae
2352 2888 2725 2961 responsionis
2769 2888 2965 2960 edidit,
3013 2899 3067 2947 et
3108 2899 3346 2949 armatos
3392 2901 3768 2965 persecutores

2152 2995 2279 3034 suos
2307 2979 2561 3051 protinus
2588 2979 2645 3035 in
2675 2986 2876 3035 terram
2906 2981 3120 3037 stravit.
3165 2981 3311 3049 Quid
3362 2999 3490 3054 ergo
3520 2985 3768 3041 facturus

2152 3074 2253 3135 est,
2283 3084 2410 3124 cum
2449 3065 2798 3138 judicaturus
2827 3068 3061 3137 venerit,
3111 3069 3206 3143 qui
3248 3086 3359 3126 una
3403 3087 3535 3127 voce
3583 3070 3769 3130 hostes

2155 3173 2282 3213 suos
2309 3158 2562 3230 perculit,
2585 3158 2749 3215 etiam
2768 3176 2893 3216 cum
2920 3158 3256 3231 judicandus
3276 3159 3429 3216 venit
3446 3161 3475 3216 ‘l
3505 3159 3665 3228 Quod
3684 3169 3767 3217 est

2156 3246 2294 3303 illud
2319 3246 2592 3319 judicium
2623 3249 2771 3322 quod
2801 3242 3131 3306 immortalis
3162 3252 3182 3286 ³
3213 3250 3410 3318 exerit,
3444 3252 3537 3323 qui
3569 3249 3625 3305 in
3656 3265 3768 3306 una

2155 3353 2290 3393 voce
2318 3354 2429 3393 non
2459 3339 2639 3410 potuit
2668 3339 2797 3395 ferri
2829 3340 3175 3396 moriturus?
3202 3339 3337 3408 Quis
3366 3338 3485 3411 ejus
3512 3340 3649 3396 iram
3670 3347 3768 3396 to-

2156 3429 2311 3498 leret,
2342 3428 2502 3502 cujus
2528 3438 2583 3486 et
2611 3430 2727 3504 ipsa
2755 3447 2866 3487 non
2898 3432 3080 3505 potuit
3108 3433 3474 3489 mansuetudo
3493 3431 3767 3490 tolerari?

2155 3519 2476 3577 Consideret
2502 3537 2630 3594 ergo
2660 3522 2748 3578 vir
2774 3531 3015 3584 sanctus.
3046 3530 3100 3578 et
3127 3523 3307 3581 dicat:
3347 3524 3481 3581 Cum
3508 3524 3602 3578 vix
3636 3540 3766 3595 par-

2154 3627 2275 3667 vam
2302 3611 2503 3668 stillam
2530 3628 2828 3668 sermonum
2863 3613 2975 3683 ejus
3014 3612 3367 3680 audierimus,
3415 3613 3534 3686 quis
3570 3613 3767 3687 poterit

2155 3701 2445 3757 tonitruum
2467 3702 2847 3773 magnitudinis
2874 3703 3024 3759 illius
3043 3701 3244 3759 intueri
3261 3706 3290 3760 ?

2224 3865 2249 3901 ²
2276 3863 2445 3917 Paulo
2474 3862 2635 3937 aliter
2660 3862 2814 3937 locus
2845 3860 2935 3921 hic
2963 3869 3142 3937 exstat
3190 3860 3249 3920 in
3292 3864 3646 3937 anteaAVulg.
3679 3864 3765 3923 Il-

2154 3929 2270 4007 lum
2294 3940 2481 4007 autem
2512 3933 2851 3990 restituimus
2879 3951 2948 3990 ex
2976 3936 3103 3991 Mss.
3136 3950 3273 4007 pene
3301 3932 3582 3992 omnibus.

2228 4005 2248 4038 ³
2280 4004 2517 4075 Gemet.,
2548 4012 2767 4062 exercet.

2468 4301 3015 4391 OCTAVUS.

457 4454 778 4540 (Continet
805 4465 1271 4546 expositionem
1301 4464 1599 4545 capitum
1629 4481 1800 4546 xxvu
1826 4470 1884 4527 et
1914 4481 2104 4546 xxvni
2137 4463 2291 4546 libri
2323 4462 2439 4526 Job
2487 4479 2693 4546 usque
2743 4464 2835 4527 ad
2867 4479 3135 4526 versum
3170 4464 3244 4525 21
3277 4458 3746 4535 dimidiatum,

1558 4545 1925 4609 secundum
1951 4543 2348 4625 multiplices
2373 4543 2659 4626 sensus.)

518 4792 664 4869 [Rea
697 4794 774 4871 1.]
807 4797 856 4853 1.
892 4795 1184 4869 Scriptum
1201 4811 1368 4852 sacrm
1392 4791 1686 4852 obscuritas
1712 4794 2042 4851 adaltiorem
2069 4804 2116 4863 D
2146 4794 2436 4854 obscurius
2456 4796 2667 4868 prolata
2693 4792 3016 4865 sentiamus,
3047 4809 3110 4851 ea
3137 4792 3303 4852 etiam
3325 4809 3445 4868 quae
3465 4798 3649 4865 aperte
3664 4788 3761 4845 di-

444 4885 557 4953 ejus
576 4902 787 4942 sensum
800 4887 1219 4959 investigandum
1231 4903 1327 4941 nos
1341 4893 1528 4942 movet.
1548 4916 1619 4928 —
1637 4885 1967 4959 Plerumque
1983 4886 2043 4942 in

442 4989 600 5031 sacro
630 4976 853 5050 eloquio
880 4977 962 5035 sic
992 4976 1260 5033 nonnulla
1289 4977 1524 5050 mystica
1544 4975 1954 5045 describuntur,
1980 4985 2045 5033 ut

440 5069 628 5120 tamen
651 5063 815 5136 juxta
842 5066 1216 5123 narrationem
1246 5066 1568 5123 historicam
1586 5067 1799 5137 prolata
1818 5064 2041 5122 videan-

440 5158 552 5210 tur.
588 5154 695 5212 Sed
722 5172 865 5230 ssepe
897 5156 1044 5215 dicta
1072 5156 1205 5213 talia
1240 5156 1299 5212 in
1327 5154 1517 5213 eadem
1564 5155 1831 5214 historica
1858 5173 2041 5213 narra-

437 5239 596 5300 tione
622 5246 888 5318 permista
914 5254 1062 5323 sunt,
1093 5262 1190 5320 per
1243 5262 1366 5320 quas
1419 5246 1736 5319 superﬁcies
1792 5245 2039 5303 historiae

436 5344 640 5393 cuncta
667 5345 912 5395 cassetur
945 5356 956 5393 :
990 5356 1109 5412 qua:
1130 5335 1262 5396 dum
1303 5338 1384 5394 nil
1402 5336 1729 5394 historicum
1758 5346 2037 5405 resonant,

434 5422 597 5481 aliud
625 5425 684 5483 in
713 5428 793 5484 eis
816 5426 1094 5501 inquirere
1124 5428 1382 5485 lectorem
1399 5435 1623 5501 cogunt.
1650 5427 1748 5484 His
1777 5428 1925 5484 enim
1956 5427 2037 5484 di-

433 5512 548 5570 ctis
577 5530 697 5588 quae
725 5524 912 5589 aperta
939 5515 1234 5584 credimus,
1264 5533 1390 5573 cum
1407 5516 1696 5589 interjecta
1712 5518 1900 5589 aliqua
1916 5516 2037 5573 obs-

431 5602 634 5662 curius
655 5605 993 5677 invenimus,
1027 5606 1183 5680 quasi
1212 5606 1539 5679 quibusdam
1556 5607 1799 5665 stimulis
1828 5606 2039 5680 pungi-

432 5708 593 5763 mur,
618 5703 681 5753 ut
709 5695 777 5753 ad
805 5697 989 5770 aliqua
1017 5696 1186 5753 altius
1225 5696 1582 5771 intelligenda
1609 5698 1926 5772 vigilemus,
1983 5705 2037 5754 et

2150 4894 2241 4944 cta
2267 4885 2604 4959 putavimus.
2655 4886 2795 4944 Cum
2841 4902 2971 4960 ergo
3011 4885 3206 4942 beatus
3251 4884 3354 4941 Job
3396 4882 3461 4937 de
3508 4895 3761 4936 sermone

2152 4976 2374 5033 Domini
2403 4986 2457 5035 et
2483 4978 2550 5035 de
2580 4977 2959 5052 magnitudine
2993 4976 3227 5034 tonitrui
3267 4976 3603 5044 loqueretur,
3643 4971 3761 5029 eis-

2150 5065 2275 5124 dem
2304 5067 2486 5125 verbis
2515 5068 2765 5142 protinus
2794 5067 3172 5125 subinfertur:

2416 5157 2641 5216 CAPUT
2672 5156 2943 5214 PRIMUM
2975 5154 3113 5227 [Vet.
3146 5153 3197 5218 1,
3226 5152 3347 5209 Rev.
3375 5149 3484 5225 II].

2220 5246 2350 5305 Car.
2383 5248 2748 5318 xxvn,Vnns.
2784 5248 2833 5301 1.
2868 5275 2935 5285 -
2964 5242 3192 5298 Addidit
3214 5259 3418 5315 quoque
3441 5241 3562 5308 Job,
3592 5258 3759 5298 assu-

2146 5353 2290 5392 mens
2317 5338 2635 5408 parabolam
2662 5351 2836 5399 suam,
2866 5338 2915 5387 et
2940 5332 3039 5388 ait.

2218 5427 2271 5482 2.
2303 5427 2574 5498 Loquendi
2596 5441 2756 5497 genus
2782 5425 2879 5481 Job
2904 5420 3277 5497 parabolicum
3298 5425 3349 5478 et
3367 5422 3665 5495 mysticum.
3686 5452 3757 5464 —

2146 5515 2265 5585 Quo
2295 5517 2539 5590 profecto
2568 5532 2731 5572 versu
2761 5514 3069 5572 ostenditur
3097 5513 3266 5586 hujus
3283 5511 3618 5570 sanctissimi
3648 5511 3757 5567 viri

2144 5604 2291 5664 dicta
2320 5623 2483 5681 quam
2506 5603 2739 5679 mystice
2758 5606 2870 5662 sint
2888 5605 3121 5680 prolata,
3141 5604 3276 5661 dum
3296 5602 3577 5676 parabola,
3599 5599 3656 5656 id
3675 5606 3760 5657 est

2144 5695 2454 5754 similitudo
2481 5703 2760 5769 assumpta
2788 5702 3042 5753 narratur
3070 5694 3137 5750 ab
3157 5711 3221 5751 eo
3240 5692 3336 5767 qui
3357 5690 3502 5748 nihil
3524 5686 3759 5748 inferius
