4172 6184
529 229 597 281 3!)
1108 227 1112 232 ’
1741 214 1989 273 SANCTI
2028 213 2368 272 GREGORII
2414 213 2640 271 MAGNI
3773 219 3841 275 4ο

528 371 623 426 per
647 350 1123 426 comparationem
1140 347 1228 403 vel
1247 342 1671 402 similitudinem
1689 341 1953 415 loquitur.
1977 339 2138 398 Absit
2167 340 2218 402 Δ
2244 338 2636 397 amaritudinis
2667 353 2779 396 suae
2807 346 3130 412 potestatem
3176 339 3395 408 tribuit,
3449 340 3545 397 sed
3599 345 3832 401 auctori.

524 442 670 498 enim
702 459 769 498 ne
799 441 904 498 hoc
931 441 1052 496 loco
1081 435 1392 510 parabolam
1424 431 1564 489 illud
1582 430 1838 488 musicas'
1863 446 2128 503 organum

523 531 842 588 sentiamus.
875 530 1059 602 Neque
1088 525 1236 582 enim
1265 525 1348 580 fas
1374 529 1457 580 est
1483 521 1702 579 credere
1731 520 1878 595 quod
1907 520 1966 576 in
1993 519 2130 576 aﬁli-

521 619 704 676 ctione
733 632 1018 690 poenarum
1049 612 1276 671 musicis
1304 619 1572 680 uteretur,
1611 627 1737 668 cum
1765 627 1861 683 per
1887 609 2129 682 Scriptu-

521 725 638 764 ram
667 723 820 763 suam
851 703 1054 760 veritas
1081 703 1263 760 dicat:
1310 701 1512 761 Musica
1550 701 1607 756 in
1639 702 1782 756 luctu
1823 699 2129 772 impartam

519 794 765 851 narratio
785 799 860 849 est
889 793 1079 865 (Eccli.
1102 808 1247 859 χχιι,
1277 790 1358 861 6).
1392 789 1683 847 Nominata
1701 804 1830 860 ergo
1850 787 2126 860 parabola,

519 900 643 942 ecce
673 885 694 920 ³
723 890 880 940 textu
907 883 1028 956 ipso
1076 883 1337 956 loquente
1373 879 1489 953 jam
1531 879 1820 945 discimus,
1861 895 1931 935 ne
1967 878 2128 950 juxta

518 981 731 1030 textum
759 971 1144 1030 tantummodo
1171 969 1292 1042 ejus
1321 970 1485 1026 verba
1526 985 1836 1042 pensemus.
1878 966 1964 1024 Ad
2005 983 2124 1024 eam

517 1062 700 1136 itaque
727 1060 1154 1118 similitudinem
1184 1067 1383 1118 cuncta
1411 1056 1681 1114 trahenda
1707 1065 1839 1112 sunt
1859 1072 1966 1130 qua
1992 1055 2127 1129 figu-

515 1160 631 1209 rate
657 1151 906 1210 Ecclesia
919 1151 1256 1224 designatur.
1279 1151 1351 1205 Et
1366 1149 1425 1205 in
1447 1148 1568 1221 ipso
1589 1147 1812 1221 quidem
1829 1145 2125 1204 locutionis

515 1239 744 1296 exordio
771 1239 923 1296 dicta
949 1246 1133 1311 aperte
1159 1238 1372 1312 prolata
1400 1245 1552 1306 sunt,
1568 1236 1662 1294 sed
1681 1235 1801 1308 subj
1810 1235 1990 1294 unctis
2007 1235 2126 1292 obs-

513 1327 826 1395 curioribus
853 1327 1230 1401 implicantur.
1279 1328 1416 1384 Nam
1461 1327 1644 1400 plana,
1674 1333 1738 1383 ut
1764 1325 1926 1393 solet,
1965 1325 2130 1382 locu-

513 1417 665 1476 tione
712 1418 961 1488 inchoat,
1004 1419 1101 1477 sed
1135 1418 1301 1476 verba
1346 1435 1444 1476 sua
1489 1435 1588 1491 per
1633 1417 1900 1490 mysticos
1939 1433 2131 1474 sensus

514 1509 742 1582 gravida
769 1509 1085 1568 narratione
1115 1515 1423 1566 consumat.
1456 1508 1645 1582 Itaque
1674 1507 1752 1563 ait
1785 1525 1796 1562 :

989 1600 1220 1657 CAPUT
1251 1600 1300 1656 II
1332 1598 1474 1673 [Rea
1509 1597 1651 1672 III].

2309 428 2364 486 4.
2387 429 2644 486 Diabolus
2653 429 2880 495 nullam,
2896 428 3003 483 nisi
3020 427 3129 484 Deo
3139 427 3485 499 permittente,
3508 432 3741 489 tentandi
3750 449 3842 506 po-

2241 524 2469 574 testatem
2484 518 2652 575 habet.
2689 549 2728 560 -
2755 517 2871 574 Scit
2885 533 3122 590 namque
3134 516 3262 590 quia
3277 516 3532 575 diabolus
3559 519 3691 576 licet
3703 520 3840 578 aﬂli-

2237 607 2476 664 ctionem
2487 605 2767 679 justorum
2794 623 3007 680 semper
3033 613 3272 679 appetat,
3293 612 3477 662 tamen
3496 605 3543 662 si
3564 606 3632 662 ab
3647 618 3837 667 aucto-

2239 711 2297 752 re
2325 704 2512 753 nostro
2542 703 2865 769 potestatem
2895 713 3006 752 non
3035 695 3261 768 accipit,
3295 695 3366 752 ad
3403 696 3727 754 tentationis
3751 716 3833 756 ar-

2237 786 2468 844 ticulum
2481 787 2794 844 nullatenus
2804 787 3154 844 convalescit.
3165 787 3318 844 Unde
3329 794 3381 843 et
3392 787 3574 846 omnis
3584 790 3841 849 voluntas

2237 875 2446 934 diaboli
2475 877 2679 950 injusta
2697 886 2799 946 est,
2829 886 2885 934 et
2905 885 3087 935 tamen
3114 876 3466 951 permittente
3495 879 3608 936 Deo
3658 880 3840 938 omnis

2237 974 2476 1039 potestas
2482 966 2652 1038 justa.
2671 969 2758 1024 Ex
2769 983 2826 1024 se
2842 967 2993 1024 enim
3004 974 3212 1024 tentare
3229 966 3504 1041 quoslibet
3517 966 3729 1040 injuste
3747 986 3838 1042 ap-

2237 1056 2492 1128 petit,sed
2504 1073 2598 1114 eos
2613 1057 2707 1130 qui
2721 1056 2969 1113 tentandi
2983 1063 3301 1129 suut,prout
3312 1055 3560 1114 tentandi
3570 1065 3840 1128 sunt,uou

2236 1146 2345 1202 nisi
2361 1147 2560 1202 tentari
2577 1147 2723 1202 Deus
2731 1144 2880 1217 juste
2897 1145 3186 1219 permittit.
3213 1145 3352 1220 [Vet.
3371 1144 3481 1220 ΙΙ.]
3500 1145 3656 1203 Unde
3671 1145 3835 1204 etiam

2237 1237 2296 1294 in
2319 1236 2478 1294 libris
2495 1238 2703 1310 Regum
2720 1237 2788 1294 de
2803 1236 3025 1294 diabolo
3041 1237 3308 1309 scriptum
3325 1243 3424 1294 est:
3449 1237 3590 1306 Quia
3619 1235 3841 1310 spiritus

2236 1325 2452 1382 Domini
2480 1327 2654 1382 malus
2678 1328 2699 1362 ⁸
2731 1325 2971 1383 irruebat
2993 1327 3052 1382 in
3091 1327 3224 1384 Saul
3258 1327 3317 1400 (Ι
3345 1327 3471 1400 Reg.
3516 1345 3680 1397 xvm,
3719 1327 3832 1401 10).

2237 1415 2342 1472 Ubi
2355 1414 2504 1488 juste
2524 1417 2792 1490 quaeritur
2807 1434 2818 1473 :
2835 1416 2882 1473 si
2894 1416 3142 1487 Domini,
3158 1433 3258 1474 cur
3278 1416 3475 1485 malus;
3499 1425 3554 1474 et
3568 1417 3614 1474 si
3633 1419 3834 1486 malus,

2236 1521 2336 1562 cur
2355 1504 2580 1562 Domini
2609 1504 2857 1562 dicatur?
2885 1506 2986 1562 Sed
3009 1505 3226 1564 duobus
3241 1505 3424 1563 verbis
3440 1505 3835 1580 comprehensa

2237 1601 2318 1651 est
2345 1601 2400 1650 et
2418 1601 2656 1667 potestas
2687 1596 2709 1632 ⁶
2733 1591 2884 1666 justa
2903 1594 2962 1651 in
2982 1594 3226 1665 diabolo,
3243 1604 3300 1654 et
3315 1597 3574 1654 voluntas
3597 1595 3826 1669 injusta.

585 1691 754 1750 Vnus.
779 1693 834 1750 2.
855 1723 927 1734 -
954 1692 1092 1750 Vivit
1109 1692 1274 1757 Deus,
1297 1691 1393 1762 qui
1413 1690 1637 1747 abstulit
1651 1688 1919 1760 judicium
1936 1703 2128 1758 meum,
2161 1699 2209 1761 Β
2235 1689 2372 1746 Nam
2401 1697 2456 1746 et
2482 1689 2598 1762 ipse
2627 1689 2836 1748 dicitur
2861 1689 3092 1764 spiritus
3119 1693 3297 1748 malus
3311 1707 3408 1764 per
3433 1691 3830 1765 nequissimam

509 1786 560 1837 et
589 1781 923 1855 Omnipotens
951 1782 1044 1853 qui
1075 1781 1147 1838 ad
1179 1779 1592 1838 amaritudinem
1629 1778 1862 1834 adduxit
1884 1777 2120 1834 animam

509 1889 698 1929 meam.

578 1966 634 2022 3.
669 1966 870 2023 Contra
896 1965 1056 2022 verba
1083 1963 1468 2021 detrahentium
1487 1963 1771 2036 sapientia,
1792 1967 1979 2020 contra
1997 1978 2118 2035 per-

507 2055 830 2127 sequentium
841 2053 1048 2127 gladios
1055 2053 1317 2125 patientia
1331 2052 1720 2110 necessaria.—
1733 2052 1786 2108 3.
1811 2051 2024 2120 Quibus
2037 2051 2120 2109 ni-

508 2142 712 2200 mirum
741 2143 925 2200 verbis
952 2142 1144 2200 beatus
1170 2141 1272 2198 Job
1291 2149 1347 2199 et
1365 2158 1463 2199 sua
1481 2149 1688 2212 narrat,
1721 2149 1776 2199 et
1796 2150 1999 2202 sancta
2018 2144 2120 2202 Ec-

505 2233 685 2291 clesiae
715 2241 961 2306 tempora
997 2231 1214 2291 afﬂictae
1255 2231 1549 2305 signiﬁcat,
1593 2231 1652 2287 in
1690 2231 1894 2305 quibus
1933 2241 2120 2306 aperta

505 2321 814 2378 inﬁdelium
844 2321 1154 2394 pervicacia
1173 2321 1466 2394 premitur,
1486 2329 1541 2376 et
1561 2321 1960 2395 persecutionis
1973 2338 2119 2378 ama-

504 2412 750 2470 ritudine
785 2411 1156 2485 perturbatur.
1195 2410 1424 2468 Duobus
1451 2427 1689 2484 namque
1723 2411 1902 2468 modis
1931 2412 2116 2469 Eccle-

503 2502 585 2558 sia
612 2502 812 2559 tentari
841 2502 911 2558 ab
939 2501 1270 2558 adversariis
1299 2501 1459 2568 solet,
1487 2508 1550 2556 ut
1578 2499 1839 2558 videlicet
1870 2517 2117 2573 persecu-

503 2589 709 2644 tionem
740 2597 835 2645 aut
863 2588 1047 2644 verbis
1075 2588 1336 2659 patiatur,
1367 2596 1463 2644 aut
1494 2589 1710 2660 gladiis.
1751 2592 1949 2648 Sancta
1982 2608 2113 2648 vero

501 2677 748 2733 Ecclesia
788 2691 1134 2748 summopere
1175 2675 1372 2732 habere
1401 2678 1422 2711 ³
1452 2676 1777 2748 sapientiam
1807 2685 1861 2733 et
1888 2679 2112 2750 patien-

502 2766 635 2822 tiam
665 2766 868 2823 studet.
901 2765 1008 2823 Sed
1036 2773 1324 2822 exercetur
1349 2763 1468 2837 ejus
1495 2765 1763 2839 sapientia
1781 2784 1908 2824 cum
1937 2775 2110 2825 tenta-

501 2862 594 2911 tur
621 2855 824 2924 verbis,
854 2862 1143 2912 exercetur
1169 2855 1288 2928 ejus
1309 2855 1575 2928 patientia
1593 2871 1717 2913 cum
1737 2865 1982 2914 tentatur
2000 2860 2109 2931 gla-

500 2943 626 3001 diis.
684 2945 842 3002 Nunc
900 2960 1032 3001 vero
1085 2945 1154 3001 de
1200 2961 1264 3001 ea
1313 2945 1687 3018 persecutione
1736 2945 2000 3020 loquitur,
2049 2947 2109 3004 in

2231 1776 2575 1836 voluntatem
2596 1787 2698 1848 ;-et
2715 1779 2863 1837 idem
2891 1781 3150 1853 spriritus
3176 1779 3401 1838 Domini
3425 1796 3520 1854 per
3549 1789 3830 1856 acceptam

2221 1866 2592 1940 justissimam
2606 1877 2928 1944 potestatem
2937 1914 2950 1927 .
2967 1872 3116 1928 Bene
3131 1887 3259 1945 ergo
3271 1871 3496 1930 dicitur:
3511 1871 3647 1932 Vivit
3661 1872 3826 1938 Deus,

2227 1958 2320 2030 qui
2331 1959 2820 2030 abstulitjudicium
2838 1978 3031 2028 meum,
3059 1967 3110 2017 et
3125 1961 3460 2034 Omnipotens
3489 1959 3668 2032 quiad
3684 1979 3829 2019 ama-

2225 2047 2511 2104 ritudinem
2523 2049 2752 2106 adduxit
2765 2050 3000 2108 animam
3011 2048 3334 2124 meam,quia
3345 2050 3449 2107 etsi
3461 2049 3638 2107 hostis
3649 2050 3828 2119 saevit,

2227 2138 2324 2214 qui
2353 2139 2516 2198 ferire
2544 2141 2774 2215 appetit,
2795 2150 3009 2200 creator
3035 2150 3220 2199 tamen
3263 2149 3347 2198 est
3397 2140 3493 2216 qui
3547 2158 3674 2200 eum
3706 2144 3724 2178 ⁷
3758 2141 3828 2199 ad

2225 2231 2440 2304 aliquid
2468 2233 2764 2305 praevalere
2789 2235 3080 2308 permittit.
3112 2233 3217 2292 Sed
3239 2233 3369 2308 quia
3396 2241 3620 2291 sanctus
3647 2234 3736 2290 vir
3753 2233 3822 2291 ad

2226 2321 2439 2395 aliquid
2469 2323 2692 2381 invocat
2719 2341 2751 2392 a
2779 2325 2879 2383 Dei
2897 2325 3014 2382 vita
3031 2333 3088 2382 se
3107 2324 3468 2394 constrinxit,
3493 2325 3514 2360 ⁸
3533 2324 3825 2382 audiamus

2227 2411 2362 2485 quid
2391 2429 2508 2470 sese
2529 2414 2958 2488 constringendo
2989 2415 3296 2489 subjungit.
3329 2414 3622 2490 Sequitur:

2687 2502 2916 2562 CAPUT
2945 2505 3020 2561 III
3051 2503 3193 2579 [Rea
3229 2503 3360 2579 IV].

2298 2590 2468 2647 Vsus.
2501 2590 2589 2646 34.
2631 2621 2704 2633 -
2733 2593 2872 2659 Quia
2908 2593 3067 2648 donec
3093 2599 3327 2664 superest
3351 2593 3550 2648 halitus
3579 2592 3636 2648 in
3663 2609 3762 2658 me,
3779 2597 3827 2647 et

2220 2679 2455 2750 Spiritus
2488 2677 2588 2733 Dei
2617 2679 2674 2733 in
2718 2681 2941 2735 naribus
2973 2681 3122 2745 meis,
3141 2698 3244 2735 non
3263 2683 3544 2750 loquentur
3561 2681 3701 2737 labia
3712 2699 3823 2736 mea

2218 2767 2570 2840 iniquitatem,
2600 2783 2690 2822 nec
2707 2768 2889 2838 lingua
2915 2785 3026 2824 mea
3043 2768 3384 2824 meditabitur
3401 2769 3748 2825 mendacium.

2287 2857 2342 2913 5.
2377 2857 2511 2914 Cum
2530 2873 2680 2911 omne
2709 2857 3036 2912 mendacium
3064 2857 3324 2929 iniquitas
3351 2858 3441 2924 sit,
3499 2875 3564 2919 ne
3607 2858 3819 2929 quidem

2221 2945 2336 3002 licet
2351 2947 2513 3001 vitam
2527 2945 2804 3018 cujuslibet
2817 2947 3085 3002 onendacio
3101 2945 3396 3017 defendere.
3413 2978 3484 2989 —
3497 2947 3655 3016 Quod
3672 2947 3824 3020 prius

497 3050 607 3109 qua
659 3051 772 3092 non
829 3035 1044 3108 gladiis,
1100 3035 1197 3092 sed
1241 3035 1394 3093 falsis
1439 3036 1833 3094 assertionibus
1881 3039 2112 3097 lacessi—
2147 3061 2190 3122 ο
2218 3037 2593 3112 iniquitatem,
2619 3037 2725 3095 hoc
2756 3037 3108 3111 postmodum
3161 3045 3416 3110 repetens
3472 3038 3821 3096 mendacium

497 3133 608 3183 tur.
640 3126 842 3181 Multos
869 3132 1050 3181 autem
1073 3125 1332 3182 novimus
1359 3127 1454 3198 qui
1483 3143 1614 3184 cum
1644 3126 1704 3182 in
1733 3126 1837 3185 hac
1864 3127 1980 3184 vita
2007 3129 2105 3186 ali-

497 3229 606 3286 qua
631 3211 860 3270 adversa
888 3212 1195 3285 patiuntur,
1218 3214 1395 3270 Deum
1426 3231 1541 3270 esse
1568 3214 1822 3272 credunt.
1845 3217 2116 3294 Nonnulli

498 3317 629 3358 vero
657 3303 832 3358 Deum
859 3317 975 3359 esse
1003 3301 1298 3370 astimant,
1328 3301 1425 3359 sed
1467 3319 1555 3360 res
1585 3303 1856 3362 humanas
1884 3304 2116 3370 minime

494 3410 706 3452 curare.
736 3393 814 3448 De
843 3391 958 3448 illis
984 3393 1186 3465 quippe
1214 3407 1312 3464 per
1338 3392 1518 3448 David
1545 3392 1752 3449 dicitur
1775 3411 1788 3449 :
1819 3393 2118 3450 Dixitinsi-

491 3483 641 3553 piens
667 3483 726 3536 in
753 3481 908 3537 corde
935 3493 1052 3548 suo;
1086 3482 1206 3538 Non
1233 3485 1308 3536 est
1331 3480 1476 3536 Deus
1516 3480 1690 3554 (Psal.
1721 3499 1847 3552 xm,
1885 3484 1963 3558 1).
2016 3480 2116 3541 Isti

495 3594 626 3636 vero
657 3580 676 3613 ‘
707 3576 852 3651 apud
880 3593 1007 3635 eum
1036 3576 1260 3634 dicunt:
1311 3575 1458 3634 558
1503 3579 1772 3647 Quomodo
1804 3581 1903 3636 scit
1939 3581 2104 3648 Deus,

493 3674 542 3723 et
568 3669 616 3723 si
641 3673 716 3724 est
741 3668 958 3724 scientia
986 3668 1045 3723 in
1072 3668 1271 3723 excelso
1304 3669 1476 3740 (Psal.
1511 3684 1690 3737 Lxxn,
1722 3669 1812 3741 11)
1833 3669 1861 3724 ‘P
1889 3671 1962 3726 Et
1987 3686 2105 3726 rur-

492 3774 586 3814 sus
610 3775 621 3813 :
671 3758 745 3814 Et
771 3757 1046 3823 dixerunt,
1075 3773 1183 3813 non
1211 3757 1403 3812 videbit
1429 3757 1712 3824 Dominus,
1739 3775 1831 3813 nec
1856 3757 2106 3830 intelliget

491 3847 633 3903 Deus
677 3847 836 3903 Iacob
876 3846 1050 3918 (Psal.
1095 3862 1253 3915 xcm,
1304 3846 1382 3920 7).
1429 3846 1533 3905 Vir
1577 3863 1706 3921 ergo
1753 3847 1856 3904 iste
1901 3855 2103 3906 sanctas

490 3936 750 3994 Ecclesiae
774 3943 970 4010 typum
1001 3944 1216 4008 gestans
1243 3936 1301 3992 in
1330 3935 1449 4009 ipsa
1475 3936 1792 3994 aﬂlictionis
1815 3955 1926 3994 suae
1942 3955 2104 3994 ama-

488 4024 734 4082 ritudine
760 4025 1114 4092 constitutus,
1144 4031 1336 4080 contra
1355 4033 1616 4098 utrosque
1636 4026 1936 4098 respondit.
1962 4028 2100 4083 Nam

489 4114 618 4188 quia
645 4113 938 4170 essentiam
967 4113 1084 4168 vita
1111 4112 1296 4182 habet,
1327 4129 1476 4170 mors
1502 4131 1613 4170 non
1637 4114 1823 4184 habet,
1849 4123 1910 4172 ut
1923 4118 2097 4174 Deum

489 4217 604 4258 esse
632 4201 914 4270 fateretur,
943 4200 1052 4257 ait:
1095 4199 1232 4259 Vivit
1259 4201 1420 4258 Deus.
1456 4203 1526 4258 Ut
1555 4219 1687 4260 vero
1714 4219 1840 4260 eum
1869 4221 1956 4262 res
1983 4206 2101 4262 hu-

491 4305 679 4346 manas
705 4304 896 4346 curare
923 4287 1258 4361 perhiberet,
1271 4287 1520 4346 subdidit
1544 4307 1556 4346 :
1589 4290 1693 4358 Qui
1718 4293 1937 4348 abstulit
1947 4293 2098 4362 judi-

487 4378 625 4433 cium
675 4395 866 4444 meum,
911 4383 960 4432 et
997 4377 1072 4433 ad
1113 4377 1524 4434 amaritudinem
1577 4380 1807 4436 adduxit
1863 4383 2097 4438 animam
2127 4415 2178 4478 Β

491 4483 672 4523 meam.
705 4468 814 4524 Ista
839 4467 1040 4523 etenim
1073 4483 1194 4540 quas
1222 4467 1449 4539 patitur,
1479 4483 1592 4524 non
1623 4485 1753 4525 casu
1778 4485 1834 4526 se
1863 4472 2094 4543 perpeti,

486 4555 582 4611 sed
608 4557 722 4612 Deo
748 4555 936 4612 omnia
954 4555 1278 4628 disponente
1295 4563 1558 4624 testatur;
1592 4573 1694 4615 nec
1720 4559 1980 4615 tentatori
1995 4575 2096 4616 suo

561 4720 576 4754 ¹
606 4718 832 4775 Nullum
862 4719 1412 4790 novimusorganum
1449 4719 1719 4777 musicum
1741 4720 1816 4777 ita
1836 4739 1984 4780 nunc
2001 4731 2096 4780 aut

486 4788 620 4866 olim
651 4790 1004 4866 appellatum.
1047 4788 1247 4862 Aliqua
1267 4791 1470 4866 ftaqnen
1510 4790 1591 4866 sic
1637 4791 1785 4866 dicta
1823 4794 2094 4866 conjicere

485 4860 864 4943 licet_propter
891 4862 1121 4943 ﬁguram
1144 4860 1510 4934 parabolicam
1535 4862 1679 4919 linea
1707 4860 1974 4922 nimirum
2004 4883 2092 4940 pa-

485 4931 954 4990 rabolica’descri'
977 4941 1111 4988 tam.
1145 4931 1161 4934 ⁷
2005 4931 2022 4940 ’

557 5005 836 5078 ’_I}ecent.
869 4950 998 5078 Ed:
1027 5022 1094 5059 ea:
1121 5011 1286 5074 textu,
1315 5003 1816 5078 abantiquioribus
1856 5007 2094 5066 Excusis

485 5081 540 5130 et
583 5075 712 5132 Mss.
761 5076 1094 5152 recedentes.
1155 5075 1574 5152 G_erm.g_ha_bet‘,
1623 5095 1744 5150 ergo
1774 5082 2094 5152 parabolam

481 5161 592 5202 ecce
620 5152 768 5218 textu
785 5147 899 5218 ipso
931 5149 1168 5218 loquente
1181 5148 1300 5218 jam
1327 5148 1595 5204 discimus.

557 5164 592 5201 ac
621 5164 806 5202 textui
842 5165 899 5202 so
931 5164 1168 5218 loquente
1181 5165 1300 5218 Jam
1327 5164 1595 5204 discimus.

557 5219 579 5252 ³
608 5217 645 5290 2
671 5164 870 5286 Laud)”
899 5219 1213 5290 sapientiam
1239 5225 1287 5275 et
1312 5219 1585 5276 scientiam
1611 5222 1799 5279 studet.

555 5289 578 5324 ⁴
609 5289 881 5368 Fortasse,
910 5289 1055 5368 apud
1074 5292 1434 5368 Psalmistam.
1451 5291 1714 5368 In_Editis
1732 5293 1931 5368 legitur
1947 5295 2094 5368 apud

481 5375 574 5438 ge;
617 5359 712 5416 sed
743 5359 1029 5438 legendum
1059 5363 1217 5438 apud
1232 5380 1349 5418 eum
1377 5379 1448 5418 ex
1477 5363 1610 5421 Mss.
1638 5359 1852 5435 Nonii,
1890 5359 2090 5438 Laud.,

481 5427 714 5504 Turon.,
747 5427 958 5504 Germ.,
984 5427 1147 5492 Corb.
1179 5437 1395 5504 Germ.,
1427 5441 1534 5492 etc.

551 5503 574 5538 ⁸
608 5505 633 5560 1
666 5503 866 5574 Laud.,
893 5505 1081 5564 irruit.

484 5574 865 5702 inj‘m\”(indoc.,
894 5575 1040 5646 iusta
1067 5597 1102 5635 a
1135 5578 1365 5634 Domino
1401 5585 1449 5633 et
1490 5581 1549 5636 in
1591 5580 1803 5639 diabolo
1843 5582 2090 5640 voluntas

473 5661 672 5714 angusta
683 5689 732 5732 ,ο

2221 3128 2379 3186 dicit.
2407 3131 2544 3186 Nam
2565 3136 2620 3186 et
2647 3145 2814 3186 omne
2842 3129 3195 3186 mendacium
3213 3129 3478 3204 iniquitas
3505 3138 3607 3201 est,
3637 3137 3692 3186 et
3706 3147 3820 3186 om-

2223 3217 2313 3275 nis
2340 3218 2607 3292 iniquitas
2625 3218 2998 3288 mendacium,
3021 3218 3150 3292 quia
3170 3219 3413 3292 profecto
3433 3222 3454 3256 9
3475 3219 3544 3275 ab
3564 3220 3820 3294 aequitate

2225 3309 2496 3381 discrepat
2510 3307 2782 3382 quidquid
2801 3324 2834 3364 a
2849 3309 3078 3365 veritate
3099 3307 3392 3365 discordat.
3417 3306 3523 3364 Sed
3550 3306 3694 3364 inter
3713 3306 3820 3365 hoc

2225 3398 2372 3472 quod
2398 3398 2498 3466 ait,
2527 3398 2704 3472 loqui,
2735 3405 2788 3454 et
2803 3397 3154 3472 postmodum
3174 3397 3385 3467 subdit,
3408 3396 3689 3466 meditari,
3707 3411 3818 3453 ma-

2224 3507 2328 3562 gna
2360 3489 2622 3546 distantia
2647 3497 2748 3546 est.
2773 3489 3180 3561 Nonnunquam
3211 3486 3360 3543 enim
3382 3486 3537 3560 pejus
3555 3493 3637 3543 est
3668 3501 3816 3542 men-

2214 3576 2434 3635 dacium
2465 3577 2740 3646 meditari,
2773 3593 2936 3651 quam
2956 3576 3130 3650 loqui.
3149 3577 3286 3634 Nam
3308 3575 3463 3649 loqui
3494 3575 3816 3648 plerumque

2215 3667 2665 3740 praecipitationis
2683 3674 2786 3735 est,
2804 3666 3059 3723 meditari
3083 3682 3215 3723 vero
3230 3665 3490 3722 studiosae
3505 3663 3819 3738 pravitatis.

2213 3758 2284 3811 Et
2303 3757 2426 3830 quis
2445 3756 2660 3828 ignoret
2675 3756 2733 3812 in
2757 3763 2962 3829 quanta
2984 3754 3250 3811 distantia
3267 3755 3429 3828 culpa
3452 3753 3816 3827 distinguitur

2217 3844 2263 3879 ¹⁰
2279 3851 2465 3900 utrum
2488 3844 2923 3917 praecipitatione
2938 3843 3160 3918 aliquis,
3191 3860 3261 3900 an
3280 3842 3465 3900 studio
3487 3843 3814 3901 mentiatur?

2212 3931 2316 3988 Sed
2346 3931 2434 3988 vir
2474 3941 2718 4003 sanctus,
2749 3942 2809 3990 ut
2837 3933 3075 4006 perfecte
3117 3933 3393 3990 adhaereat
3421 3931 3664 4000 veritati,
3707 3947 3810 3988 neo

2210 4021 2394 4078 studio
2422 4038 2479 4078 se
2506 4021 2780 4095 perhibet,
2806 4039 2908 4078 nec
2935 4020 3371 4095 praecipitatione
3392 4019 3634 4076 mentiri.
3655 4020 3810 4078 Sumo

2212 4128 2432 4184 mopere
2459 4112 2611 4168 enim
2641 4111 2949 4170 cavendum
2972 4119 3054 4168 est
3076 4127 3240 4168 omne
3261 4096 3634 4179 mendacium,
3664 4115 3809 4174 559

2209 4208 2463 4280 quamvis
2519 4225 2918 4283 nonnunquam
2951 4209 3026 4266 sit
3053 4207 3281 4282 aliquod
3310 4206 3582 4264 mendacii
3638 4222 3812 4279 genus

2206 4296 2382 4368 culpa
2412 4295 2658 4366 levioris,
2691 4297 2739 4354 si
2769 4297 3062 4372 quisquam
3096 4299 3137 4333 ¹¹
3173 4295 3483 4370 praestando
3521 4294 3807 4350 mentitur.

2208 4387 2313 4442 Sed
2341 4388 2470 4461 quia
2491 4387 2759 4460 scriptum
2779 4397 2880 4446 est:
2917 4389 2986 4446 Os
3012 4389 3153 4461 quod
3170 4388 3444 4452 mentitur,
3465 4385 3652 4442 occidit
3693 4387 3811 4441 ani-

2205 4495 2346 4533 mam
2379 4477 2530 4550 (Sap.
2565 4495 2606 4548 ι,
2641 4478 2754 4550 11).
2789 4479 2896 4533 Et:
2934 4479 2951 4512 ¹
2983 4477 3177 4534 Perdes
3204 4493 3380 4532 omnes
3399 4475 3492 4548 qui
3523 4475 3812 4546 loquuntur

2203 4567 2528 4622 mendacium
2565 4567 2740 4639 (Psal.
2772 4584 2830 4635 v,
2855 4567 2931 4640 7),
2963 4564 3070 4623 hoc
3084 4582 3303 4641 quoque
3333 4567 3378 4602 ¹³
3420 4561 3691 4620 mendacii
3723 4576 3808 4633 ge-

2275 4732 2296 4766 ⁷
2341 4732 2366 4786 1
2398 4730 2596 4799 Laud.,
2627 4730 2831 4800 aliquot
2855 4731 3164 4801 praeclare.

2278 4803 2298 4836 ⁸
2337 4803 2524 4858 Norm.
2537 4844 2550 4868 ,
2587 4801 2876 4855 videamus.

2276 4876 2298 4909 θ
2334 4867 2596 4939 Vindoc.,
2625 4871 2692 4926 ab
2719 4871 2996 4940 iniquitate
3023 4885 3129 4922 non
3157 4867 3440 4940 discrepat.

2280 4946 2325 4983 ¹⁰
2363 4945 2388 4998 1
2421 4941 2620 5010 Laud.,
2653 4947 2838 4996 utrum
2864 4940 3215 4996 distinctione.

2279 5017 2318 5049 “
2347 5013 2497 5084 Editﬁi
2527 5009 2740 5082 omnes,
2771 5014 2929 5068 vitam
2952 5011 3279 5084 prtestand‘o.
3301 5010 3538 5068 Atdeest
3555 5010 3720 5068 vitam
3743 5009 3801 5070 in

2201 5087 2330 5143 Mss.
2364 5083 2528 5140 Corb.
2552 5084 2761 5153 Germ.,
2793 5081 3023 5151 Turon.,
3053 5081 3800 5153 Laudun.,Germ.,Norm.,

2200 5165 2331 5228 etc.,
2361 5155 2546 5228 itaque
2576 5154 2667 5213 hic
2705 5163 2966 5228 praestare
2991 5152 3272 5228 signiﬁcat
3313 5152 3650 5228 benefacere.
3713 5154 3803 5212 Sic

2199 5227 2363 5300 etiam
2393 5226 2634 5300 sumitur
2651 5226 2796 5300 apud
2851 5226 3147 5300 Isidorum,
3207 5226 3459 5300 Gregorii
3494 5226 3629 5300 fere
3675 5241 3800 5298 syn-

2199 5298 2494 5368 chronum,
2527 5269 2972 5372 inqSy‘nonymis,
3003 5315 3052 5372 c.
3087 5269 3175 5367 16,
3236 5269 3660 5365 (ἰθδιιλεηάεοὶο,
3703 5269 3802 5351 inec

2199 5387 2323 5426 casu
2356 5387 2444 5425 nec
2471 5370 2916 5442 studio—loquaris
2942 5370 3170 5442 falsum,
3203 5385 3294 5426 nec
3321 5373 3621 5442 ut‘prwstes
3647 5383 3803 5442 men-

2201 5442 2297 5497 tiri
2323 5442 2553 5498 studeas.
2585 5441 2675 5500 Sic
2693 5438 2976 5516 profectur
3003 5440 3101 5500 hic
3130 5441 3284 5497 locus
3313 5438 3462 5506 c3},
3480 5455 3534 5512 q.
3557 5439 3614 5506 2,
3635 5455 3684 5494 c.
3711 5438 3798 5506 I6,

2200 5529 2702 5668 ﬁfﬁﬁuﬂudu
2730 5585 2920 5668 perdes
2938 5602 3040 5641 eos.

2275 5658 2320 5693 ¹³
2358 5657 2575 5726 Norm.,
2604 5657 2952 5715 mendacium.
