4172 6184
305 299 377 356 41
1066 297 1439 355 MORALIUM
1475 297 1611 355 LIB.
1652 297 1853 354 XVIII.
1894 324 1966 339 --
2006 295 2075 353 IN
2112 297 2342 355 CAPUT
2382 298 2593 355 XXVII
2632 301 2693 354 B.
2736 301 2877 355 JOB.
3554 305 3622 361 42

304 442 416 482 nus
440 420 665 497 perfecti
694 421 804 479 viri
819 437 1166 493 summopere
1190 421 1433 495 fugiunt,
1455 428 1519 477 ut
1549 437 1650 478 nec
1678 422 1795 478 vita
1816 438 1910 478 cu-
1936 422 1990 481 A
2018 437 2172 491 nvi,
2200 441 2243 478 ο.
2276 423 2333 495 2)
2366 423 2464 496 qui
2483 423 2616 479 dmn
2638 424 2779 479 male
2796 424 2938 479 facta
2962 424 3252 484 hominum
3274 428 3529 486 laudibus
3545 431 3624 487 ef-

297 512 535 586 juslibet
570 528 667 585 per
694 529 887 570 eorum
935 510 1210 568 fallaciam
1244 508 1592 578 defendatur,
1629 512 1645 546 ί
1687 528 1756 567 ne
1800 528 1910 569 suae

301 606 504 662 anima:
542 611 802 672 noceant,
821 603 955 660 dum
984 609 1241 676 praestare
1272 600 1445 657 vitam
1471 600 1625 658 carni
1655 600 1913 657 nituntur

303 695 498 751 alienae
529 711 544 763 ;
574 709 889 767 quanquam
920 691 1028 749 hoc
1055 690 1233 764 ipsum
1269 690 1478 763 peccati
1505 707 1675 763 genus
1700 689 1912 747 facilli-

303 803 390 842 me
418 784 703 843 credimus
735 782 995 839 relaxari.
1023 782 1161 839 Nam
1192 780 1238 837 si
1260 780 1520 855 qualibet
1541 782 1704 854 culpa
1721 781 1907 852 (22,q.

301 875 357 941 2,
386 890 433 929 c.
469 873 592 946 20),
638 871 892 946 sequenti
940 870 1081 927 solet
1124 870 1216 943 pia
1264 869 1581 942 operatione
1633 868 1901 941 purgari;

299 969 515 1034 quanto
545 960 723 1034 magis
750 959 869 1016 haec
914 959 1077 1016 facile
1123 958 1476 1031 abstergitur,
1524 973 1689 1031 quam
1738 965 1913 1013 mater

296 1052 438 1109 boni
464 1051 645 1124 operis
677 1049 855 1123 pietas
880 1047 1000 1122 ipsa
1026 1047 1323 1105 comitatur
1351 1048 1380 1105 ?

372 1140 431 1198 6.
464 1140 827 1213 Respondetur
855 1136 1133 1207 objectioni
1161 1154 1227 1192 ea:
1258 1137 1590 1193 obstetricum
1620 1136 1911 1208 [Egyptia-

302 1248 427 1286 rum
453 1230 724 1287 mendacio
739 1226 1281 1302 petita—Nonnulli
1302 1243 1434 1284 vero
1453 1243 1523 1284 ex
1550 1225 1909 1283 obstetricum

300 1319 525 1377 fallacia
553 1326 826 1378 conantur
854 1332 1093 1374 asserere
1138 1316 1244 1373 hoc
1291 1315 1564 1373 mendacii
1592 1332 1761 1388 genus
1798 1330 1910 1371 non

301 1426 421 1466 esse
450 1417 760 1483 peccatum,
778 1406 1019 1464 maxime
1035 1405 1183 1479 quod
1204 1405 1317 1462 illis
1341 1404 1737 1462 mentientibus
1764 1403 1911 1460 scri-

303 1507 461 1572 ptum
485 1506 567 1555 est
589 1516 601 1555 :
632 1498 772 1567 Quia
789 1495 1070 1569 aediﬁcavit
1088 1495 1200 1551 illis
1222 1494 1483 1551 Dominus
1503 1495 1683 1550 domos
1697 1492 1909 1565 (Exod.

304 1606 347 1656 1,
398 1589 519 1661 21).
550 1589 614 1645 In
642 1604 753 1661 qua
789 1587 964 1659 magis
1006 1585 1514 1657 recompensatione
1561 1583 1913 1657 cognoscitur

304 1677 441 1750 quid
472 1676 746 1734 mendacii
777 1676 939 1748 culpa
959 1682 1251 1732 mereatur.
1269 1676 1408 1732 Nam
1433 1673 1793 1746 benignitatis
1811 1687 1913 1729 ea-

2020 510 2229 580 ferunt,
2258 520 2460 585 augent
2489 528 2611 586 quae
2641 512 2922 583 increpare
2952 511 3281 572 debuerunt.
3301 517 3445 577 Hinc
3471 520 3620 579 enim

2020 615 2117 672 per
2152 601 2476 674 prophetam
2497 601 2733 660 dicitur:
2773 602 2859 660 Vw
2876 601 2970 673 qui
2984 610 3241 658 consuunt
3255 606 3513 675 pulvillos
3529 610 3625 666 sub

2020 691 2164 746 omni
2192 690 2362 746 cubito
2378 708 2592 758 manus,
2613 698 2660 747 et
2674 691 2885 761 faciunt
2898 690 3179 748 cervicalia
3197 692 3294 747 sub
3321 694 3489 765 capite
3506 699 3625 754 uni-

2022 798 2183 836 versa:
2201 781 2370 837 aetatis
2395 782 2618 852 (Ezech.
2647 798 2773 850 xm,
2794 780 2906 853 18).
2936 779 3025 837 Ad
3049 780 3156 840 hoc
3184 781 3387 855 quippe
3410 785 3627 855 pulvil—

2020 870 2107 925 lus
2155 875 2299 934 560
2348 870 2595 944 ponitur,
2633 878 2695 927 ut
2740 869 2962 926 mollius
2996 870 3329 943 quiescatur.
3365 871 3627 948 Quisquis

2020 985 2147 1041 ergo
2176 970 2317 1026 male
2344 969 2634 1041 agentibus
2662 968 2940 1038 adulatur,
2986 968 3262 1043 puvillum
3292 969 3396 1026 sub
3424 971 3623 1044 capite,

2020 1058 2108 1113 vel
2139 1058 2328 1115 cubito
2352 1057 2588 1130 jacentis
2611 1057 2791 1129 ponit,
2822 1065 2884 1114 ut
2905 1057 2999 1130 qui
3016 1057 3220 1130 corripi
3242 1074 3312 1114 ex
3340 1059 3501 1131 culpa
3519 1058 3626 1115 de-

2018 1146 2234 1214 buerat,
2268 1147 2325 1202 in
2355 1164 2418 1202 ea
2447 1147 2621 1203 fultus
2642 1146 2900 1203 laudibus
2929 1147 3173 1202 molliter
3187 1146 3452 1219 quiescat.
3482 1147 3626 1205 Hinc

2019 1251 2239 1291 rursum
2260 1236 2527 1308 scriptum
2558 1242 2656 1291 est:
2679 1237 2797 1305 Ipse
2826 1235 3119 1307 azdiﬁcabat
3130 1235 3409 1307 parietem,
3428 1237 3517 1292 illi
3530 1254 3624 1292 au-

2022 1331 2123 1380 tem
2155 1326 2405 1381 liniebant
2430 1342 2547 1380 eum
2564 1323 2753 1396 (Ibid,
2777 1341 2900 1391 xm,
2924 1325 3035 1393 10).
3060 1322 3290 1381 Parietis
3307 1325 3509 1399 quippe
3529 1343 3623 1382 no-

2020 1413 2169 1469 mine
2198 1412 2406 1486 peccati
2435 1412 2643 1469 duritia
2671 1412 3008 1484 designatur.
3037 1412 3334 1470 jEdiﬁcare
3362 1430 3490 1486 ergo
3519 1430 3625 1486 pa-

2020 1502 2212 1557 rietem
2242 1510 2324 1557 est
2342 1509 2537 1558 contra
2555 1516 2612 1557 se
2638 1500 2954 1575 quempiam
2979 1500 3261 1558 obstacula
3275 1502 3483 1576 peccati
3497 1520 3622 1559 con-

2020 1600 2252 1649 struere.
2275 1590 2381 1648 Sed
2401 1590 2665 1663 parietem
2683 1590 2915 1658 liniunt,
2931 1590 3027 1663 qui
3055 1598 3275 1664 peccata
3304 1598 3622 1663 perpetran-

2020 1682 2170 1739 tibus
2195 1681 2512 1750 adulantur,
2545 1688 2607 1736 ut
2634 1680 2786 1754 quod
2818 1680 2901 1736 illi
2932 1697 3186 1752 perverse
3214 1687 3434 1752 agentes
3455 1679 3623 1737 aediﬁ-

310 1782 434 1822 rum
466 1782 692 1835 merces,
724 1783 844 1840 qua:
872 1765 952 1821 eis
982 1765 1040 1820 in
1072 1773 1274 1821 aeterna
1303 1764 1484 1837 potuit
1513 1763 1629 1818 vita
1658 1760 1910 1831 retribui,

2022 1779 2169 1839 cant,
2188 1769 2293 1843 ipsi
2324 1770 2612 1827 adulantes
2644 1769 2799 1843 quasi
2828 1768 3069 1824 nitidum
3100 1768 3476 1825 reddant.Sed
3504 1787 3622 1826 san-

313 1855 336 1889 ³
359 1871 460 1927 pro
488 1856 722 1912 admista
741 1856 900 1927 culpa
925 1853 1221 1922 mendacii,
1240 1853 1298 1908 in
1313 1860 1587 1909 terrenam
1607 1858 1689 1907 est
1708 1866 1915 1907 recom-

314 1944 693 2014 pensationem
709 1943 997 2012 declinata,
1017 1942 1152 2000 utin
1168 1943 1282 1998 vita
1296 1960 1396 1999 sua
1414 1957 1577 2016 quam
1596 1938 1915 1996 mentiendo

316 2031 461 2088 tueri
491 2034 780 2089 voluerunt
801 2050 863 2089 ea
891 2050 1010 2106 qua:
1042 2033 1293 2088 fecerunt
1308 2032 1453 2088 bona
1479 2030 1839 2103 reciperent,3
1860 2036 1914 2085 et

310 2120 549 2178 ulterius
577 2121 725 2195 quod
753 2129 1135 2195 exspectarent
1179 2121 1449 2178 mercedis
1482 2137 1594 2177 sua;
1623 2117 1912 2192 praemium

311 2232 427 2271 non
448 2214 729 2271 haberent.
752 2216 889 2272 Nam
929 2214 976 2269 si
1004 2213 1285 2270 subtiliter
1313 2212 1703 2286 perpendatur,
1726 2225 1913 2266 amore

310 2303 447 2359 vitae
475 2305 755 2376 praesentis
781 2303 1027 2360 mentitae
1055 2311 1205 2372 sunt,
1252 2320 1365 2359 non
1409 2300 1716 2359 intentione
1758 2315 1913 2355 mer-

309 2392 484 2449 cedis.
517 2393 800 2450 Parcendo
826 2392 1030 2466 quippe
1076 2400 1289 2449 conata:
1332 2400 1461 2448 sunt
1489 2390 1788 2447 infantium
1816 2387 1914 2443 vi-

302 2490 423 2538 tam
453 2490 632 2555 tegere
669 2500 684 2550 ;
712 2480 1053 2549 mentiendo,
1084 2496 1262 2537 suam.

384 2571 437 2626 7.
471 2573 537 2627 In
563 2577 664 2626 vet.
698 2577 811 2624 test.
843 2570 1174 2625 mendacium
1206 2568 1372 2624 levior
1398 2573 1514 2620 erat
1539 2567 1719 2634 culpa,
1760 2579 1917 2633 quam

300 2658 371 2712 in
400 2676 559 2713 novo.
590 2658 759 2711 —Et
786 2656 915 2711 licet
962 2653 1020 2709 in
1066 2658 1394 2710 testamento
1438 2651 1604 2707 veteri
1650 2652 1917 2709 nonnulla

299 2745 529 2819 possint
558 2745 692 2800 talia
719 2740 971 2815 reperiri,
997 2758 1135 2815 pene
1165 2756 1448 2813 nunquam
1478 2747 1659 2797 tamen
1690 2738 1797 2796 hoc
1826 2741 1910 2796 vel

307 2834 423 2890 tale
455 2850 627 2906 genus
654 2831 929 2889 mendacii
960 2849 992 2887 a
1019 2830 1278 2903 perfectis
1305 2829 1604 2886 admissum
1634 2828 1914 2886 studiosus

309 2922 391 2979 ibi
422 2923 594 2979 lector
644 2919 914 2988 inveniet,
955 2919 1209 2993 quamvis
1239 2917 1587 2975 mendacium
1618 2918 1911 2991 quamdam

308 3020 497 3068 tenere
542 3009 794 3067 veritatis
844 3007 1144 3081 imaginem
1191 3006 1467 3075 videatur,
1506 3014 1559 3063 et
1597 3006 1700 3063 sub
1739 3007 1913 3063 veteri

308 3099 542 3157 forsitan
584 3105 914 3156 testamento
962 3096 1197 3153 minoris
1225 3095 1401 3169 culpae
1440 3112 1556 3152 esse
1602 3096 1806 3168 potuit,
1855 3095 1913 3149 in

310 3207 423 3264 quo
446 3207 541 3264 per
566 3197 851 3247 taurorum
868 3188 1263 3260 hircorumque
1290 3186 1549 3243 victimas
1576 3184 1909 3242 sacriﬁcium

309 3297 425 3337 non
453 3280 560 3337 fuit
591 3281 708 3354 ipsa
738 3280 962 3347 veritas,
995 3277 1093 3335 sed
1120 3264 1315 3334 umbra
1357 3275 1629 3332 veritatis.
1680 3277 1819 3332 Nam
1851 3275 1910 3330 in

310 3377 636 3426 testamento
659 3387 807 3427 novo
831 3367 1121 3443 praeceptis
1143 3365 1431 3423 altioribus
1448 3365 1798 3421 manifestata
1816 3380 1911 3437 per

308 3478 534 3517 carnem
558 3462 804 3517 Veritate
823 3458 1147 3533 proﬁcimus
1173 3475 1186 3525 ;
1210 3455 1533 3529 justumqne
1563 3462 1645 3511 est
1677 3462 1739 3510 ut
1766 3454 1911 3510 facta

306 3550 561 3623 quaedam
582 3568 701 3623 qua:
723 3551 781 3606 in
799 3549 897 3606 illo
907 3545 1333 3621 populoumbraa
1361 3544 1612 3601 veritatis
1640 3543 1909 3600 deservie-

306 3648 441 3695 rant
479 3640 815 3696 deseramus.
844 3639 983 3713 [γει.
1026 3635 1165 3710 ῙΙΙ.]
1210 3635 1267 3693 Si
1298 3635 1422 3709 quis
1451 3651 1583 3691 vero
1612 3651 1708 3707 per
1734 3641 1911 3692 testa—

311 3736 568 3785 mentum
596 3736 755 3783 vetus
773 3728 893 3783 vult
913 3743 1073 3785 suum
1101 3724 1245 3781 tueri
1265 3724 1615 3779 mendacium
1639 3724 1754 3796 (22,
1780 3740 1833 3793 q.
1852 3724 1908 3792 2,

310 3834 355 3872 c.
395 3816 512 3888 19),
541 3815 673 3889 quia
688 3816 869 3872 minus
884 3815 1001 3871 illic
1026 3811 1356 3887 quibusdam
1384 3810 1616 3865 fortasse
1638 3810 1908 3879 nocuerit,

309 3904 458 3961 dicat
487 3921 705 3963 necesse
742 3912 825 3962 est
861 3920 1044 3961 rerum
1069 3902 1373 3959 alienarum
1404 3906 1643 3972 raptum,
1677 3905 1731 3953 et
1754 3898 1907 3954 retri-

309 3993 597 4053 butionem
632 3994 873 4068 injuriae,
902 4010 1023 4068 quae
1060 3990 1299 4050 inﬁrmis
1324 3989 1442 4046 illic
1472 4005 1730 4046 concessa
1756 3997 1906 4058 sunt,

310 4084 416 4143 sibi
458 4101 656 4143 nocere
686 4102 799 4142 non
830 4100 1008 4158 posse.
1052 4082 1184 4151 Quae
1231 4080 1418 4138 omnia
1468 4078 1681 4136 cunctis
1736 4078 1909 4152 liquet

309 4182 516 4247 quanta
543 4173 1022 4231 animadversione
1051 4170 1268 4230 Veritas
1291 4167 1629 4242 insequitur,
1663 4183 1785 4240 quae
1813 4183 1907 4223 no-

308 4262 413 4333 bis,
438 4263 555 4336 jam
576 4262 997 4337 signiﬁcationis
1011 4278 1122 4319 sua:
1142 4258 1336 4317 umbra
1353 4256 1676 4332 postposita,
1694 4255 1753 4312 in
1781 4271 1911 4312 vera

308 4368 469 4409 carne
491 4352 820 4411 declaratur.
854 4350 960 4410 Sed
991 4350 1121 4424 quia
1156 4356 1379 4407 sanctus
1410 4346 1497 4403 vir
1526 4362 1628 4403 nec
1658 4344 1808 4419 loqui
1829 4360 1906 4414 se,

309 4456 415 4497 nec
442 4440 701 4498 meditari
725 4439 1075 4498 mendacium
1106 4438 1361 4512 spondet,
1390 4435 1509 4493 haec
1535 4434 1657 4508 ipsa
1685 4433 1744 4489 in
1774 4434 1910 4508 qui-

306 4529 414 4588 bus
446 4529 670 4587 veritati
694 4529 947 4603 congruit
985 4532 1007 4565 ⁴
1034 4525 1383 4601 exsequendo
1404 4522 1690 4598 subjungit
1722 4540 1734 4579 :

931 4653 1160 4713 CAPUT
1187 4652 1285 4709 IV.

376 4763 552 4820 Vsus.
575 4762 630 4819 5.
645 4761 864 4818 —Absit
880 4778 921 4817 ‘a
948 4778 1029 4816 me
1047 4766 1107 4815 ut
1111 4758 1288 4829 justas
1305 4771 1396 4811 vos
1423 4771 1529 4811 esse
1545 4752 1801 4824 judicem,
1823 4754 1914 4809 do-

312 4869 398 4907 nec
421 4851 681 4924 deficiam,
711 4868 819 4907 non
845 4850 1086 4906 recedam
1110 4848 1178 4904 ab
1206 4844 1504 4902 innocentia
1527 4860 1663 4900 mea.

380 4941 435 4998 8.
464 4942 833 4999 Peccatoribus
858 4938 1081 4997 adulari
1098 4955 1258 5009 quam
1273 4937 1516 4993 noxium.
1546 4934 1717 5005 —,Ab
1749 4933 1907 4990 inno-

309 5031 488 5087 centia
512 5032 719 5105 quippe
743 5030 1046 5098 recederet,
1076 5026 1123 5084 si
1152 5027 1296 5083 bona
1311 5025 1377 5082 de
1398 5024 1558 5081 malis
1586 5022 1904 5092 aestimaret,

309 5121 601 5179 Salomone
620 5129 936 5190 attestante,
968 5119 1065 5193 qui
1088 5118 1166 5174 ait
1199 5135 1211 5173 :
1246 5116 1349 5185 Qui
1370 5116 1633 5188 justiﬁcat
1658 5112 1903 5185 impium,

309 5215 356 5264 et
381 5210 476 5281 qui
494 5211 809 5267 condemnat
822 5209 1053 5281 justum,
1072 5214 1288 5278 uterque
1304 5203 1676 5260 abominabilis
1694 5208 1771 5258 est
1781 5208 1904 5259 ante

309 5298 477 5355 Deum
501 5299 692 5371 (Prov.
735 5298 1018 5370 xvn,15).
1051 5297 1189 5353 Sunt
1207 5308 1442 5367 namque
1461 5291 1717 5348 nonnulli
1737 5290 1902 5363 (Dist.

384 5483 398 5517 ¹
433 5481 653 5550 Norm.,
688 5481 768 5538 Ne
793 5496 904 5537 sure
925 5478 1047 5535 vita
1072 5481 1309 5542 noceant,
1338 5475 1464 5550 dum
1490 5471 1909 5550 pi'wstarecami

305 5553 558 5608 nituntur
584 5543 791 5610 alienae.
842 5553 1054 5615 Germ.,
1079 5566 1143 5603 ne
1168 5563 1277 5603 sum
1302 5543 1505 5604 animai
1522 5550 1755 5611 noceant,
1782 5543 1909 5600 dum

304 5624 563 5695 prtestari
590 5624 743 5680 carni
768 5623 1021 5695 nituntur
1046 5619 1251 5695 aliena.

381 5695 403 5730 ³
434 5696 517 5752 Ita
579 5695 794 5764 Germ,
841 5691 1119 5760 Laudun.,
1160 5690 1449 5760 Norman.,
1481 5689 1711 5757 Turon.,
1741 5685 1905 5747 Corb.

306 5768 382 5823 At
405 5765 585 5837 Editi,
606 5784 712 5840 pro
737 5766 991 5823 admissa.

532 5866 771 5925 ΡΑτιιοι.
813 5864 1064 5921 LXXVI.

2023 1869 2146 1918 ctus
2175 1859 2262 1914 vir
2287 1858 2429 1916 sicut
2461 1860 2605 1915 mala
2633 1858 2700 1915 de
2729 1858 2890 1914 bonis
2917 1875 3032 1914 non
3060 1857 3317 1923 aestimat,
3349 1857 3426 1914 ita
3462 1858 3625 1931 judi-

2023 1966 2147 2007 care
2172 1948 2329 2006 bona
2358 1950 2425 2007 de
2456 1948 2616 2004 malis
2644 1955 2880 2015 recusat,
2913 1946 3103 2004 dicens
3132 1964 3143 2003 :
3204 1946 3359 2003 Absit
3396 1967 3431 2003 a
3458 1962 3539 2003 me
3567 1954 3627 2003 ut

2014 2038 2191 2109 justas
2211 2056 2302 2094 vos
2321 2037 2576 2108 judicent,
2607 2038 2765 2093 donec
2794 2036 3165 2109 deﬁciam,non
3192 2037 3429 2092 recedam
3453 2036 3520 2092 ab
3549 2036 3629 2092 in-

2022 2129 2263 2187 nocentia
2290 2145 2427 2184 mea.
2460 2126 2567 2184 Ubi
2596 2133 2782 2199 aperte
2814 2124 3106 2197 subjunxit
3145 2142 3157 2179 :

2097 2220 2267 2278 Vnus.
2292 2216 2859 2288 6.—Justiﬁcatimwm
2886 2232 3053 2271 meam
3083 2230 3242 2285 quam
3278 2215 3407 2286 carpi
3435 2221 3622 2282 tenere,

2021 2326 2130 2365 non
2158 2308 2413 2363 deseram.

2097 2396 2344 2469 Cmptam
2374 2411 2609 2469 namque
2650 2393 3104 2465 justiﬁcationem
3152 2392 3441 2458 desereret,
3484 2390 3531 2446 si
3561 2390 3623 2447 in

2022 2488 2370 2564 peccantium
2390 2486 2607 2542 laudem
2637 2484 2955 2541 declinaret.
2989 2481 3093 2538 Sed
3122 2480 3251 2554 quia
3278 2489 3411 2538 tunc
3440 2480 3625 2537 verius

2022 2597 2055 2637 a
2082 2576 2323 2653 peccatis
2349 2575 2546 2633 alienis
2572 2573 2912 2642 absistimus,
2942 2589 3068 2629 cum
3111 2571 3264 2645 prius
3292 2589 3393 2628 nos
3420 2588 3452 2627 a
3482 2588 3623 2643 pro-

2024 2668 2159 2741 priis
2185 2666 2550 2734 custodimus,
2568 2682 2667 2723 cur
2685 2663 2753 2721 de
2780 2663 2861 2719 eis
2891 2678 3111 2734 peccare
3141 2660 3511 2734 pertimescat,
3532 2677 3615 2717 ra-

2024 2756 2196 2814 tionis
2221 2773 2412 2814 causas
2441 2754 2709 2824 insinuat,
2739 2770 2864 2810 cum
2894 2749 3180 2824 subjungit
3213 2767 3225 2807 :

2513 2860 2741 2919 CAPUT
2770 2859 2820 2917 v
2853 2857 2996 2933 mea.
3038 2855 3125 2930 V].
3673 2922 3691 2938 .

2093 2954 2487 3024 Imm—Neque
2496 2950 2633 3007 enim
2646 2947 2978 3021 reprehendit
2992 2962 3073 3000 me
3091 2962 3183 3000 cor
3194 2962 3366 3002 meum
3393 2946 3450 3001 in
3479 2945 3626 3001 enasci

2022 3045 2265 3101 viamea.

1944 3140 1988 3201 Ο
2091 3135 2145 3190 9.
2177 3132 2461 3189 Audientes
2481 3137 2744 3204 praecepta
2772 3129 2955 3185 divina
2979 3145 3070 3184 nec
3097 3126 3342 3199 facientes
3363 3125 3620 3197 coarguit.

2021 3224 2176 3280 —Ac
2196 3223 2242 3278 si
2272 3230 2457 3295 aperte
2485 3222 2652 3279 dicat:
2670 3220 2775 3277 Pro
2806 3218 2964 3276 vobis
2983 3235 3096 3276 non
3124 3216 3297 3275 debeo
3317 3216 3386 3273 ad
3405 3217 3621 3289 culpam

2022 3311 2287 3385 pertrahi,
2305 3311 2632 3384 quipeccare
2654 3310 2712 3366 in
2738 3308 2976 3383 propriis
3004 3304 3622 3364 formidavi.Sciendum

2022 3420 2155 3459 vero
2184 3410 2267 3458 est
2292 3401 2440 3475 quod
2453 3401 2707 3476 quisquis
2727 3417 2760 3456 a
2777 3398 3063 3473 praeceptis
3090 3397 3385 3455 dominicis
3413 3396 3620 3454 discor-

2022 3493 2116 3551 dat
2136 3508 2322 3566 opere,
2336 3493 2555 3567 quoties
2569 3509 2631 3549 ea
2646 3492 2853 3550 audita
2881 3490 3044 3548 corde
3074 3507 3175 3548 suo
3203 3488 3625 3563 reprehenditur

2024 3591 2187 3657 atque
2220 3581 2603 3652 confunditur,
2626 3581 2756 3655 quia
2792 3580 2849 3637 id
2879 3579 3027 3654 quod
3054 3595 3169 3636 non
3198 3578 3393 3635 fecerit
3419 3594 3621 3635 memo-

2021 3680 2192 3730 ratur.
2224 3674 2362 3730 Nam
2396 3672 2454 3729 in
2486 3689 2596 3746 quo
2632 3687 2690 3729 se
2721 3686 2927 3728 errasse
2955 3667 3289 3736 considerat,
3321 3667 3440 3739 ipsa
3468 3684 3528 3725 se
3549 3668 3621 3722 la-

2021 3769 2199 3818 tenter
2214 3761 2554 3819 conscientia
2580 3768 2819 3818 accusat.
2850 3758 3004 3815 Unde
3031 3756 3211 3813 David
3231 3755 3499 3828 propheta
3524 3755 3623 3811 de-

2021 3863 2296 3926 precatur,
2326 3855 2534 3908 dicens:
2578 3855 2721 3909 Tunc
2747 3868 2855 3907 non
2874 3850 3195 3919 confundar,
3224 3848 3373 3902 dum5
3401 3845 3626 3916 respicio

2019 3945 2077 4001 in
2097 3944 2275 4000 omnia
2294 3943 2549 3999 mandata
2571 3947 2663 3997 tua
2686 3940 2861 4011 (Psal.
2876 3952 3072 4005 cxvm,
3094 3936 3174 4008 6).
3198 3933 3453 3991 Graviter
3472 3950 3622 3989 nam-

2021 4050 2127 4108 que
2142 4031 2519 4106 unusquisque
2534 4027 2900 4089 confunditur
2913 4024 3135 4100 quando
3147 4020 3405 4080 mandata
3415 4020 3514 4079 Dei
3535 4023 3622 4078 vel

1966 4128 1974 4135 '
2020 4123 2272 4197 legendo,
2303 4121 2389 4179 vel
2418 4120 2697 4179 audiendo
2723 4116 2969 4192 respicit,
2987 4132 3107 4190 quae
3131 4110 3622 4170 vivendocontem-

2020 4213 2149 4286 psit.
2182 4212 2325 4269 Hinc
2352 4211 2500 4267 enim
2530 4209 2757 4267 Joannis
2785 4224 2921 4265 voce
2949 4204 3171 4262 dicitur:
3195 4203 3255 4260 Si
3272 4220 3364 4259 cor
3383 4209 3624 4259 nostrum

2020 4320 2126 4359 non
2152 4299 2544 4374 reprehenderit
2570 4316 2687 4364 nos,
2718 4296 2970 4371 ﬁduciam
2982 4295 3229 4350 habemus
3254 4293 3327 4349 ad
3350 4293 3544 4358 Deum;
3572 4298 3621 4348 et

2019 4391 2281 4463 quidquid
2301 4388 2607 4461 petierimus
2626 4387 2692 4443 ab
2708 4404 2788 4453 eo,
2805 4384 3118 4456 accipiemus
3140 4382 3198 4455 (Ι
3211 4382 3370 4438 Joan.
3393 4398 3479 4450 ιιι,
3500 4381 3616 4454 21);

1937 4503 1990 4562 D
2019 4499 2083 4541 ac
2109 4483 2156 4540 si
2185 4481 2393 4538 diceret
2425 4498 2437 4536 :
2474 4480 2531 4536 Si
2563 4478 2620 4535 id
2649 4477 2798 4552 quod
2826 4476 3076 4551 praecipit
3103 4474 3359 4543 facimus,
3385 4473 3443 4531 id
3471 4473 3620 4547 quod

2020 4570 2260 4645 petimus
2288 4567 2684 4626 obtinebimus.

2094 4658 2179 4716 10.
2190 4657 2442 4715 Oratione
2453 4655 2615 4722 actio,
2627 4661 2675 4710 et
2687 4654 2888 4711 actione
2902 4653 3076 4709 oratio
3085 4650 3621 4723 fulciatur.—Valde

2018 4763 2256 4820 namque
2272 4745 2420 4819 apud
2437 4747 2615 4802 Deum
2630 4751 2860 4816 utraque
2882 4742 3001 4800 haec
3024 4741 3132 4799 sibi
3148 4725 3621 4798 necessario-con-

2018 4847 2242 4913 gruunt,
2274 4844 2336 4894 ut
2362 4844 2417 4893 et
2444 4834 2692 4893 oratione
2722 4833 2988 4907 operatio,
3009 4842 3065 4890 et
3079 4831 3395 4906 operatione
3409 4828 3620 4884 fulcia—

2016 4939 2110 4987 tur
2132 4928 2329 4986 oratio.
2362 4927 2504 4985 Hinc
2531 4926 2680 4983 enim
2708 4925 2970 4983 Ieremias
3000 4924 3077 4980 ait
3109 4941 3121 4979 :
3160 4924 3468 4979 Scrutemur
3502 4915 3618 4971 vias

2014 5027 2249 5084 nostras,
2266 5025 2314 5073 et
2326 5034 2649 5089 quaeramus,
2661 5022 2709 5072 et
2724 5022 3053 5072 revertamur
3067 5012 3140 5067 ad
3154 5008 3435 5066 Dominum
3446 5004 3618 5062 .Leve-

2012 5128 2129 5168 inus
2149 5110 2311 5166 corda
2319 5116 2506 5165 nostra
2519 5125 2637 5164 cum
2650 5106 2892 5163 manibus
2903 5104 2975 5159 ad
2984 5103 3151 5159 Deum
3161 5098 3218 5150 in
3232 5093 3410 5167 cwlos(
3422 5095 3593 5152 Thren
3601 5138 3613 5151 .

2013 5218 2097 5269 ιιι,
2124 5199 2240 5273 40).
2260 5199 2395 5257 Vias
2412 5197 2616 5255 etenim
2636 5204 2850 5253 nostras
2870 5186 3103 5247 scrutari
3125 5191 3207 5241 est
3220 5182 3616 5273 cogitationum

2013 5272 2230 5347 interna
2248 5285 2727 5348 discntere.Corda
2755 5297 2885 5337 vero
2905 5294 3031 5336 cum
3062 5275 3319 5333 manibus
3348 5272 3615 5347 levat,qui

2086 5466 2107 5501 ³
2138 5465 2171 5521 2
2200 5460 2400 5529 Laud.,
2431 5457 2719 5516 etalterius
2745 5455 2912 5529 quod,
2937 5462 3044 5513 etc.

2087 5538 2108 5572 ⁸
2143 5537 2167 5591 1
2199 5527 2400 5601 Laud.,
2435 5537 2483 5587 et
2511 5527 2770 5601 seq-uendo
2796 5527 3098 5601 conjungat.

2086 5610 2106 5645 ⁵
2139 5609 2202 5664 In
2230 5596 2670 5676 Editfdeest'ini
2718 5600 2865 5676 quod
2888 5596 3179 5676 exhibent
3223 5596 3353 5652 Mss.
3403 5600 3614 5662 (lca-111.,

2014 5681 2231 5748 Norm.,
2260 5677 2371 5735 duo
2400 5673 2598 5742 Laud.,
2630 5671 2862 5742 Tur—011.,
2894 5671 3057 5731 Corb.
3096 5672 3281 5727 Germ.

3350 5837 3383 5889 ‘2
