4172 6184
551 311 623 367 43
1763 302 2012 360 SANCTI
2049 301 2386 360 GBEGORII
2423 305 2650 362 MAGNI
3788 309 3856 368 Ui

549 433 853 491 orationem
872 447 1026 490 suam
1047 428 1304 502 operibus
1319 427 1703 486 roborat.Nam
1729 429 1981 502 quisquis
2005 437 2147 498 orat,
2178 432 2229 492 Α
2256 430 2500 486 Ecclesia
2528 447 2620 486 eos
2650 447 2786 503 quos
2815 431 3065 488 viventes
3092 434 3390 490 carnaliter
3409 434 3555 492 intra
3573 452 3630 491 se
3664 438 3865 493 tolerat

550 524 645 582 sed
672 521 886 596 operari
915 518 1250 585 dissimulat,
1285 534 1380 575 cor
1408 519 1577 586 levat,
1625 526 1679 574 et
1710 535 1906 575 manus
1935 535 2048 574 non
2077 521 2150 576 le-

551 620 662 670 vat.
693 609 954 682 Quisquis
981 623 1113 664 vero
1137 615 1415 679 operatur,
1445 615 1499 664 et
1534 625 1646 665 non
1674 617 1814 676 orat,
1849 624 2042 665 manus
2063 609 2152 664 le—

551 709 662 770 vat,
693 707 747 758 et
778 715 872 756 cor
901 714 1013 754 non
1060 697 1226 754 levat.
1281 697 1450 754 Juxta
1479 713 1607 770 ergo
1660 697 1888 754 Joannis
1934 714 2148 767 vocem,

547 799 682 847 tunc
709 805 805 846 cor
832 777 1093 845 ﬁduciam
1118 786 1177 844 in
1209 785 1457 844 oratione
1477 785 1699 859 accipit,
1729 804 1857 845 cum
1887 786 1993 843 sibi
2023 786 2150 844 vitae

549 877 790 953 pravitas
834 877 988 935 nulla
1037 876 1386 934 contradicit.
1437 880 1515 934 De
1564 893 1671 951 qua
1701 886 1848 934 recte
1886 876 2092 934 ﬁducia
2119 893 2151 932 a

546 975 736 1028 sancto
766 966 887 1024 viro
915 983 1065 1026 nunc
1110 966 1316 1024 dicitur
1348 985 1360 1024 :
1418 969 1595 1038 Neque
1639 966 1775 1023 enim
1822 965 2152 1039 reprehendit

545 1077 626 1114 me
651 1076 744 1115 cor
768 1074 939 1113 meum
966 1056 1024 1112 in
1052 1056 1196 1112 omni
1222 1057 1332 1114 vita
1358 1074 1492 1113 mea.
1527 1057 1609 1114 Ac
1637 1057 1685 1112 si
1722 1063 1907 1129 aperte
1952 1055 2103 1112 dicat
2135 1073 2146 1111 :

546 1149 908 1222 Nequaquam
935 1163 990 1204 se
1016 1145 1210 1204 fecisse
1225 1145 1605 1217 reminiscitur
1634 1146 1782 1203 unde
1805 1146 1860 1202 in
1892 1147 2007 1204 suis
2033 1163 2150 1220 pre-

547 1238 706 1295 cibus
733 1235 1124 1296 confundatur.
1152 1236 1290 1310 [νει.
1324 1235 1449 1310 IV.]
1484 1235 1588 1293 Sed
1619 1235 1793 1309 quaeri
1836 1243 2013 1309 potest
2041 1253 2151 1310 quo

548 1333 707 1400 pacto
733 1341 766 1382 a
789 1324 954 1383 corde
981 1339 1081 1382 suo
1113 1323 1442 1395 reprehendi
1472 1341 1528 1380 se
1559 1324 1810 1396 denegat,
1829 1325 1923 1398 qui
1943 1342 2000 1381 se
2030 1341 2151 1397 pec-

545 1432 693 1474 casse
723 1414 973 1488 superius
1001 1421 1240 1482 accusat,
1271 1413 1463 1472 dicens
1495 1432 1505 1470 :
1539 1415 1776 1480 Peccavi,
1797 1415 1928 1485 quid
1953 1414 2152 1486 faciam-

548 1506 662 1572 tibi,
690 1523 722 1562 ο
749 1510 920 1562 custos
943 1507 1084 1568 561
1116 1504 1384 1561 hominum
1399 1504 1538 1577 (Job.
1561 1521 1665 1573 vu,
1694 1504 1823 1575 20)?
1854 1503 1954 1561 Vel
1983 1511 2146 1560 certe:

548 1601 607 1658 Si
648 1601 947 1674 justi/icere
983 1619 1063 1658 me
1107 1602 1341 1667 voluero,
1388 1618 1446 1656 os
1489 1618 1656 1656 meum
1684 1600 2046 1656 condemiwbit
2073 1617 2154 1656 me

547 1689 689 1761 (Job.
723 1707 802 1760 ιχ,
834 1691 950 1764 20).

2261 518 2326 574 de
2355 519 2722 576 similitudine
2750 521 3050 592 impiorum
3081 530 3256 580 notat.
3282 525 3440 580 Intus
3455 525 3658 597 quippe
3679 526 3730 581 ei
3760 526 3863 582 ini-

2263 611 2438 668 micus
2467 619 2568 680 est,
2590 612 2686 684 qui
2717 611 2934 668 ﬁdelem
2965 629 3022 668 se
3050 613 3182 670 dum
3213 615 3451 672 afﬁrmat
3480 617 3730 686 vocibus,
3751 636 3863 674 mo-

2260 700 2412 756 ribus
2440 708 2620 772 negat.
2652 702 2724 757 Et
2753 700 2883 774 quia
2911 719 3036 757 eum
3067 703 3222 758 velut
3261 705 3283 738 ⁴
3314 703 3593 762 infidelem
3625 705 3866 762 aestimat

2260 789 2354 862 qui
2382 790 2535 846 illam
2566 791 2743 864 specie
2774 799 2936 848 tenus
2963 792 3114 848 intus
3145 793 3360 865 positus
3389 794 3528 850 vitio
3553 811 3738 867 pravae
3764 812 3866 852 ac-

2257 878 2428 936 tionis
2457 880 2762 953 impugnat,
2797 889 2944 938 recte
2979 881 3150 938 dicit:
3188 882 3334 938 Sicut
3381 884 3572 956 impius
3621 883 3866 953 inimicus

2259 988 2422 1040 meus,
2480 979 2528 1027 et
2565 973 2909 1029 adversarius
2964 990 3109 1029 meus
3155 975 3314 1044 quasi
3357 975 3594 1046 iniquus.
3632 977 3652 1010 ⁵
3685 978 3765 1032 Ac
3809 977 3856 1032 si

2260 1069 2442 1132 aperte
2463 1061 2609 1119 dicat
2643 1080 2654 1117 :
2687 1063 2735 1118 A
2768 1079 2852 1118 me
2882 1063 3048 1119 etiam
3097 1062 3205 1119 ﬁde
3249 1062 3543 1138 discrepat,
3574 1063 3671 1138 qui
3725 1065 3862 1120 mihi

2261 1165 2421 1222 opere
2445 1167 2556 1206 non
2585 1150 2902 1208 concordat.
2938 1151 3200 1224 Sequitur
3231 1169 3242 1208 :
3677 1157 3682 1161 ’

2697 1257 2922 1316 CAPUT
2955 1261 3055 1317 vn
3092 1261 3232 1335 [Rec.
3291 1259 3438 1334 VII].

2332 1345 2502 1402 Vens.
2535 1347 2588 1403 8.
2621 1379 2691 1388 —
2719 1350 2846 1415 Quw
2875 1348 3009 1403 enim
3041 1367 3155 1420 spes
3185 1355 3258 1404 est
3295 1348 3599 1420 hypocrita,
3629 1349 3676 1404 si
3703 1366 3866 1404 arare

2263 1435 2463 1507 rapiat,
2495 1443 2672 1492 etnon
2705 1438 2884 1494 liberet
2910 1440 3051 1496 Deus
3077 1439 3312 1494 ultimam
3341 1437 3452 1508 ejus
3481 1441 3508 1495 Ῠ
3776 1510 3780 1515 η

2334 1524 2419 1580 13.
2453 1527 2742 1597 Hypocrita
2773 1546 2974 1584 avarus
3001 1536 3075 1583 est
3111 1535 3157 1584 et
3200 1536 3405 1600 raptor.
3439 1560 3510 1570 ——
3540 1527 3864 1602 Hypocrita,

2261 1614 2356 1688 qui
2386 1614 2580 1672 Latina
2609 1615 2795 1689 lingua
2821 1616 3028 1673 dicitur
3048 1616 3356 1686 simulator,
3391 1617 3578 1689 justus
3605 1634 3722 1675 esse
3751 1634 3866 1673 non

2261 1708 2490 1780 appetit,
2521 1709 2615 1765 sed
2646 1708 2844 1765 videri.
2864 1710 2936 1764 Et
2959 1708 3166 1766 idcirco
3189 1726 3387 1765 avarus
3406 1717 3594 1780 raptor
3607 1716 3711 1778 est,
3731 1709 3866 1782 quia

617 1779 703 1834 11.
739 1780 990 1845 Qmedam
1013 1787 1224 1851 peccata
1258 1781 1416 1836 rituri
1444 1790 1718 1853 nequeunt.
1744 1813 1816 1824 —
1843 1781 1948 1838 Sed
1979 1782 2145 1838 scien-

2261 1779 2392 1852 dum
2428 1797 2617 1870 inique
2648 1814 2810 1870 agens
2847 1798 3119 1856 desiderat
3149 1798 3216 1854 de
3263 1798 3555 1855 sanctitate
3585 1799 3866 1868 venerari,

545 1868 678 1925 dum
708 1877 790 1925 est
819 1870 965 1943 quod
995 1879 1124 1927 sunt
1155 1881 1374 1943 peccata
1404 1889 1523 1946 quae
1569 1890 1601 1929 a
1623 1872 1791 1945 justis
1820 1871 1984 1928 vitari
2014 1889 2152 1944 pos-

545 1967 696 2029 sunt,
727 1967 781 2016 et
811 1967 939 2016 sunt
968 1962 1238 2017 nonnulla
1260 1979 1380 2035 quae
1401 1962 1566 2019 etiam
1596 1979 1628 2019 a
1651 1963 1818 2036 justis
1846 1963 2010 2020 vitari
2037 1979 2149 2020 non

546 2057 794 2122 possunt.
834 2052 850 2085 ¹
881 2049 1049 2121 Cujus
1069 2050 1217 2106 enim
1247 2069 1342 2108 cor
1367 2052 1424 2108 in
1455 2051 1558 2109 hac
1595 2053 1954 2126 corruptibili
1983 2069 2146 2110 carne

545 2141 849 2199 consistens
878 2141 935 2197 in
967 2141 1189 2199 sinistra
1217 2143 1549 2217 cogitatione
1585 2163 1690 2200 non
1725 2145 1949 2214 labitur,
1983 2147 2069 2201 vel
2102 2145 2148 2202 si

545 2247 718 2305 usque
738 2231 807 2288 ad
838 2249 1140 2289 consensus
1161 2233 1375 2290 foveam
1397 2251 1508 2292 non
1530 2238 1846 2308 mergatur?
1863 2237 1934 2292 Et
1963 2244 2147 2292 tamen

544 2320 662 2377 haec
690 2321 808 2393 ipsa
838 2339 1002 2394 prava
1032 2323 1272 2394 cogitare
1301 2341 1522 2396 peccare
1553 2333 1654 2380 est.
1689 2325 1793 2382 Sed
1825 2325 1958 2381 dum
1989 2325 2149 2398 cogi-

547 2408 744 2464 tationi
772 2408 1070 2476 resistitur,
1100 2427 1131 2464 a
1151 2411 1475 2466 confusione
1504 2430 1605 2467 sua
1623 2413 1845 2469 animus
1861 2413 2145 2471 liberatur.

546 2497 700 2554 Mens
723 2512 852 2569 ergo
876 2494 1156 2568 jnstorum
1185 2497 1287 2553 etsi
1318 2497 1491 2554 libera
1517 2505 1600 2554 est
1627 2515 1659 2552 a
1687 2515 1944 2570 perverso
1965 2516 2146 2571 opere,

544 2583 848 2658 aliquando
877 2592 1060 2640 tamen
1081 2587 1290 2642 corruit
1318 2586 1375 2642 in
1397 2603 1652 2660 perversa
1679 2587 2060 2659 cogitatione.ﬁ
2077 2588 2150 2644 Et

544 2675 601 2731 in
628 2683 912 2748 peccatum
943 2690 1070 2748 ergo
1101 2676 1323 2746 labitur,
1358 2679 1486 2750 quia
1512 2680 1703 2734 saltem
1724 2679 1781 2734 in
1813 2678 2147 2750 cogitatione

542 2764 852 2820 declinatur
878 2782 891 2832 ;
923 2771 977 2819 et
1005 2771 1188 2821 tamen
1219 2765 1364 2822 unde
1395 2767 1754 2840 semetipsam-
1793 2767 2146 2840 postmodum

547 2853 731 2910 ﬂendo
761 2852 1145 2926 reprehendat,
1175 2872 1285 2912 non
1314 2854 1498 2926 habet,
1531 2857 1662 2930 quia
1687 2865 1814 2913 ante
1834 2874 1891 2913 se
1909 2864 2145 2929 reparat,

479 2928 496 2944 ’
541 2961 704 3018 quam
730 2960 826 3017 per
853 2960 1180 3001 consensum
1210 2945 1387 3003 cadat.
1415 2928 1580 3004 Recte
1596 2964 1724 3019 ergo
1745 2947 1791 3005 is
1821 2947 1914 3022 qui
1945 2928 2148 3020 pecca-

540 3043 715 3092 torem
746 3051 801 3090 se
831 3035 1112 3092 confessus
1153 3043 1254 3104 est,
1298 3053 1641 3110 nequaquam
1671 3055 1727 3094 se
1779 3055 1811 3094 a
1855 3055 1954 3094 suo
1983 3037 2148 3096 corde

541 3124 868 3197 reprehendi
897 3126 1210 3194 conﬁtetur,
1255 3127 1384 3200 quia
1413 3127 1513 3190 etsi
1554 3144 1664 3199 qua
1694 3128 1889 3184 illicita
1917 3129 2146 3186 fortasse

541 3213 832 3285 cogitando
869 3212 1046 3269 defuit
1075 3216 1096 3250 ³
1129 3230 1374 3286 unquam
1414 3215 1759 3284 rectitudini,
1791 3217 1923 3274 forti
1963 3225 2146 3275 tamen

542 3302 742 3361 mentis
765 3301 1063 3362 certamine
1091 3301 1294 3361 restitit
1323 3304 1665 3376 cogitationi.
1699 3305 1960 3379 Sequitur
1984 3324 1996 3364 :

999 3412 1228 3469 CAPUT
1258 3414 1332 3470 VI
1365 3413 1509 3487 [Rec.
1551 3413 1668 3487 VI].

611 3502 781 3558 Vens.
815 3502 944 3558 7.—
964 3501 1110 3558 Sicut
1131 3500 1322 3572 impius
1341 3502 1582 3558 inimicus
1610 3521 1774 3570 meus,
1805 3510 1854 3561 et
1879 3505 2143 3562 aduersa-

542 3593 656 3648 rius
683 3609 826 3646 meus
864 3589 1021 3662 quasi
1047 3589 1283 3661 iniquus.

612 3689 699 3744 l2.
736 3685 974 3743 Ecclesia
996 3703 1098 3758 pro
1127 3685 1331 3758 inﬁdeli
1359 3685 1531 3752 habet,
1561 3704 1711 3758 quem
1743 3688 1890 3744 intra
1920 3707 1972 3744 se
1985 3688 2143 3761 posi-

540 3784 668 3845 tum,
696 3779 884 3852 pravis
911 3780 1144 3836 moribus
1171 3780 1328 3836 videt.
1359 3809 1432 3820 —
1459 3781 1520 3836 In
1552 3797 1708 3838 sacro
1735 3781 1958 3856 eloquio
1985 3783 2138 3850 sicut,

537 3876 591 3926 et
641 3871 816 3941 quasi,
847 3869 1145 3942 aliquando
1176 3887 1286 3926 non
1326 3886 1425 3942 pro
1467 3871 1837 3928 similitudine
1891 3872 2140 3944 ponitur,

535 3959 631 4016 sed
659 3976 759 4032 pro
788 3959 1037 4016 veritate.
1083 3959 1240 4016 Unde
1263 3968 1345 4020 est
1390 3961 1563 4018 illud:
1624 3963 1860 4020 Vidimus
1911 3963 2141 4034 gloriam

536 4049 670 4118 ejus,
698 4050 926 4119 gloriam
957 4050 1112 4120 quasi
1140 4050 1398 4120 unigeniti
1439 4068 1472 4104 a
1516 4053 1679 4106 Patre
1721 4052 1902 4122 (Joan.
1953 4069 1993 4119 Ι,
2025 4053 2135 4124 14).

538 4137 692 4194 Unde
721 4145 775 4193 et
821 4137 913 4194 hic
931 4154 1150 4211 quoque
1179 4138 1332 4207 sicut,
1363 4147 1416 4194 et
1443 4140 1619 4210 quasi,
1650 4157 1750 4212 pro
1778 4141 2140 4198 afﬁrmatione

537 4226 721 4299 potius
749 4243 912 4300 quam
943 4243 1044 4300 pro
1073 4225 1442 4284 similitudine
1473 4229 1686 4286 dictum
1716 4229 1958 4286 videtur.
1992 4233 2142 4287 Inter

537 4317 771 4390 impium
803 4334 934 4374 vero
965 4326 1017 4374 et
1062 4317 1338 4391 iniquum,
1371 4318 1477 4376 hoc
1508 4320 1711 4376 distare
1741 4337 2138 4396 nonnunquam

535 4407 694 4477 solet,
727 4407 855 4481 quia
883 4407 1065 4464 omnis
1095 4407 1298 4480 impius
1329 4407 1574 4482 iniquus,
1605 4427 1716 4467 non
1744 4418 1926 4468 tamen
1959 4413 2140 4469 omnis

533 4495 777 4590 iniquus
789 4506 869 4554 est
896 4497 1120 4590 impius.
1153 4498 1364 4590 Impius
1389 4516 1630 4590 namque
1659 4518 1768 4590 pro
1789 4501 2002 4557 inﬁdeli
2029 4519 2139 4576 po-
2165 4531 2214 4590 Β

533 4586 707 4656 nitur,
727 4587 783 4643 id
797 4595 878 4643 est
899 4603 930 4642 a
951 4587 1152 4659 pietate
1184 4587 1470 4659 religionis
1483 4589 1724 4657 alienus;
1755 4589 1980 4664 iniquus
2005 4608 2138 4647 vero

534 4673 759 4745 dicitur,
784 4675 879 4749 qui
899 4676 1166 4748 pravitate
1183 4676 1363 4748 operis
1385 4677 1453 4733 ab
1468 4678 1726 4751 aequitate
1739 4680 2130 4749 discordat,vel

533 4765 580 4822 si
611 4765 840 4823 fortasse
857 4765 1186 4823 Christianae
1207 4766 1336 4822 ﬁdei
1355 4784 1554 4824 nomen
1577 4777 1776 4841 portat.
1798 4770 1948 4824 Beati
1967 4769 2138 4842 igitur

531 4854 633 4911 Job
662 4872 796 4913 voce
824 4854 1011 4929 typica
1029 4863 1216 4912 sancta
1229 4857 1497 4927 Ecclesia,
1516 4875 1636 4932 quae
1655 4859 1792 4915 alios
1815 4867 1975 4915 rectae
2004 4859 2134 4916 ﬁdei

531 4945 966 5002 contradicentes
999 4946 1217 5016 tolerat,
1236 4947 1469 5021 impium
1493 4965 1548 5004 se
1569 4948 1770 5004 habere
1797 4949 2001 5004 fatetur
2029 4949 2130 5004 ini-

532 5034 757 5090 micum.
791 5035 930 5102 Quia
947 5053 1076 5092 vero
1105 5037 1242 5094 alios
1271 5039 1374 5095 sub
1404 5045 1674 5110 praetextu
1706 5037 1834 5094 ﬁdei
1861 5038 2012 5094 intus
2039 5055 2133 5112 po-

531 5120 666 5177 sitos
694 5121 750 5177 in
781 5125 966 5195 pravis
997 5125 1256 5198 operibus
1283 5127 1514 5200 patitur,
1546 5126 1799 5201 iniquum
1839 5145 2001 5184 suum
2031 5128 2131 5185 ad-

531 5211 834 5267 versarium
850 5213 1170 5272 detestatur.
1195 5217 1252 5273 Si
1272 5225 1454 5274 autem
1475 5217 1629 5282 sicut,
1641 5225 1696 5272 et
1715 5219 1890 5288 quasi,
1918 5225 2134 5290 oportet

533 5300 704 5373 magis
735 5308 797 5357 ut
825 5319 924 5374 pro
951 5305 1315 5364 similitudine
1344 5308 1586 5381 positum
1607 5310 2132 5378 sentiamus,sancta

605 5479 622 5559 ς
651 5476 914 5559 Υἰηᾶοοη
944 5479 1062 5549 quis
1090 5483 1307 5559 enim_in
1337 5485 1434 5540 hac
1459 5486 1799 5559 corruptibili
1827 5504 2002 5542 carne.

533 5548 1144 5676 BezlSequentiausque
1186 5554 1274 5621 ad,
1322 5563 1372 5610 et
1407 5564 1580 5614 tamen
1618 5548 1783 5627 unde,
1829 5559 2025 5614 desunt
2075 5558 2130 5612 in

650 5637 740 5676 ογ.

602 5695 622 5772 if
653 5692 900 5772 libroicp
931 5694 1346 5772 Prat.,_G_e_rm.,
1379 5715 1776 5772 aquamaquam.

601 5765 620 5799 ⁴
653 5765 685 5821 2
712 5764 912 5835 Laud.,
935 5768 1078 5824 velut
1103 5764 1338 5838 ﬁdelem,
1358 5770 1452 5826 sed
1483 5764 1642 5828 male.

2260 1886 2477 1943 laudem
2513 1887 2640 1942 vita:
2673 1887 2814 1960 rapit
2843 1887 3054 1945 alienae.
3089 1889 3346 1946 Studium
3378 1905 3508 1944 vero
3537 1904 3654 1945 esse
3683 1887 3864 1960 hypo-

2259 1978 2520 2033 critarum
2553 1977 2689 2032 solet
2719 1985 2780 2033 ut
2810 1985 2863 2033 et
2905 1978 3054 2051 quod
3095 1987 3223 2034 sunt
3268 1979 3638 2052 supprimant,
3671 1985 3724 2034 et
3757 1976 3868 2034 hoc

2259 2065 2406 2139 quod
2437 2083 2546 2122 non
2573 2075 2702 2122 sunt
2734 2083 2848 2123 esse
2879 2084 2934 2122 se
2968 2067 3292 2124 hominibus
3310 2068 3682 2135 innotescant,
3715 2083 3866 2140 qua—

2259 2162 2418 2212 tenus
2449 2172 2761 2213 mensuram
2790 2175 2946 2213 suam
2975 2174 3070 2231 per
3098 2157 3519 2214 aestimationem
3557 2165 3864 2226 transeant,

2259 2253 2313 2300 et
2344 2248 2364 2281 δ
2395 2245 2588 2318 praeire
2618 2263 2674 2302 se
2717 2255 2942 2304 czcteros
2987 2247 3222 2306 actionis
3267 2247 3497 2304 nomine
3543 2247 3861 2304 ostendant.

2257 2333 2558 2407 Refugiunt
2603 2335 2779 2392 videri
2829 2337 2976 2410 quod
3023 2345 3174 2408 sunt,
3211 2344 3263 2394 et
3293 2343 3420 2393 ante
3451 2338 3640 2394 oculos
3671 2337 3866 2394 homi—

2259 2439 2392 2480 num
2438 2424 2765 2498 superducta
2808 2427 3044 2500 quadam
3094 2427 3424 2485 innocentiae
3467 2425 3752 2484 honestate
3805 2444 3865 2484 se

2257 2513 2520 2569 vestiunt.
2555 2520 2699 2578 562
2729 2517 2883 2574 Unde
2914 2526 3060 2575 recte
3079 2534 3176 2591 per
3195 2517 3561 2590 Evangelium
3582 2533 3717 2574 voce
3739 2533 3864 2572 nos-

2257 2607 2329 2663 tri
2365 2609 2749 2682 Redemptoris
2804 2613 3178 2686 iucrepantur,
3219 2632 3344 2669 cum
3379 2613 3459 2668 eis
3499 2613 3737 2670 dicitur:
3779 2615 3866 2672 Vw

2260 2698 2420 2763 vobis,
2477 2700 2780 2770 hypocr-itw,
2838 2703 2963 2771 quia
3015 2704 3210 2756 similes
3256 2702 3388 2771 facti
3431 2703 3553 2757 estis
3607 2703 3862 2774 sepulcris

2256 2787 2532 2852 dealbatis,
2565 2791 2583 2821 ⁷
2615 2805 2732 2859 qua:
2757 2807 2792 2843 a
2831 2788 2970 2858 foris
2999 2791 3207 2860 quidem
3255 2796 3516 2860 apparent
3561 2792 3863 2848 hominibus

2255 2875 2504 2947 speciosa,
2537 2875 2676 2929 intus
2704 2894 2826 2931 vero
2854 2884 2976 2930 sunt
3001 2879 3160 2948 plena.
3189 2877 3390 2931 ossibus
3431 2885 3785 2947 mortuorum,
3815 2889 3863 2939 et

2255 2965 2397 3020 omni
2433 2964 2710 3036 spurcitia.
2755 2967 2839 3022 Ita
2869 2973 2915 3022 et
2946 2984 3032 3021 vos
3070 2966 3206 3037 foris
3235 2967 3443 3038 quidem
3473 2971 3744 3040 apparetis
3772 2972 3859 3025 ho-

2258 3055 2486 3111 minibus
2499 3055 2658 3126 justi,
2688 3056 2830 3112 intus
2860 3074 2979 3113 vero
3004 3057 3154 3130 pleni
3181 3059 3299 3112 estis
3331 3059 3568 3114 urar-ilia
3596 3067 3642 3114 et
3665 3059 3860 3132 iniqui-

2177 3164 2220 3224 ο
2257 3151 2357 3200 tate
2389 3147 2918 3219 (illatth.xxm,27;
2976 3148 3102 3203 Luc.
3146 3164 3226 3216 x1,
3279 3147 3395 3220 39).
3435 3147 3572 3222 [l’eL
3612 3149 3698 3222 V.]
3739 3150 3860 3218 Quo

2253 3243 2446 3294 contra
2483 3253 2672 3293 omnes
2719 3237 2988 3294 veraciter
3029 3237 3203 3294 sancti
3251 3254 3364 3293 non
3413 3238 3589 3294 solum
3622 3239 3855 3310 gloriam

2253 3347 2418 3403 supra
2447 3330 2672 3386 modum
2693 3347 2855 3387 suum
2876 3331 3104 3387 omnino
3121 3347 3230 3386 non
3250 3338 3538 3404 appetunt,
3567 3331 3662 3389 sed
3689 3332 3856 3390 etiam

2253 3419 2359 3477 hoc
2403 3421 2584 3493 ipsum
2626 3419 2804 3476 videri
2847 3419 3128 3492 refugiunt
3166 3419 3310 3493 quod
3351 3437 3466 3476 esse
3508 3430 3854 3478 meruerunt.

2253 3511 2407 3568 Unde
2437 3511 2529 3568 ille
2558 3511 2884 3585 praedicator
2905 3511 3152 3584 egregius
3173 3510 3442 3580 veritatis,
3473 3520 3663 3568 contra
3692 3529 3857 3586 pseu-

2252 3600 2600 3675 doapostolos
2621 3604 2872 3677 loquens,
2903 3603 3035 3660 dum
3065 3603 3298 3658 virtutes
3327 3603 3560 3659 eximias
3590 3603 3856 3677 operatio-

2251 3689 2338 3746 nis
2354 3709 2464 3748 sua:
2488 3709 2587 3764 pro
2607 3691 3006 3766 discipulorum
3029 3691 3340 3748 eruditione
3363 3701 3607 3749 narraret
3625 3694 3712 3765 (ΙΙ
3727 3694 3852 3750 Cor.

2251 3797 2332 3850 x1,
2375 3781 2462 3850 13,
2493 3783 2650 3855 seq.),
2683 3781 2812 3838 dum
2842 3788 2925 3838 tot
2969 3798 3024 3837 se
3057 3781 3299 3852 pericula
3340 3782 3596 3837 tolerasse
3628 3798 3857 3838 coacer-

2251 3879 2375 3927 vata
2405 3871 2782 3943 persecutione
2812 3870 3165 3937 describeret,
3194 3877 3246 3924 et
3275 3876 3398 3940 post
3431 3869 3546 3924 haec
3576 3885 3746 3942 usque
3785 3871 3855 3926 ad

2250 3959 2474 4015 tertium
2509 3959 2732 4022 coelum,
2765 3973 3092 4028 rursumque
3124 3957 3184 4011 in
3214 3956 3529 4029 paradisum
3560 3963 3776 4030 raptum
3795 3975 3854 4016 se

2250 4064 2363 4104 esse
2421 4053 2769 4114 memoraret,
2820 4045 2916 4102 ubi
2970 4053 3124 4102 tanta
3175 4061 3504 4118 cognoscere
3559 4045 3848 4119 potuisset,

2249 4145 2452 4211 quanta
2480 4137 2633 4210 loqui
2663 4134 2890 4192 omnino
2911 4153 3021 4192 non
3052 4143 3233 4210 posset
3259 4135 3448 4208 (Ibid,
3482 4153 3586 4206 xu,
3618 4137 3702 4210 2),
3732 4145 3851 4194 erat

2248 4225 2315 4282 de
2345 4243 2400 4283 se
2425 4226 2606 4283 adhuc
2635 4226 2860 4284 fortasse
2887 4224 3299 4282 admirabiliora
3329 4225 3632 4295 locuturus,
3664 4225 3758 4282 sed
3782 4226 3852 4283 ab

2249 4315 2488 4374 humana
2509 4315 2669 4372 laude
2685 4316 2796 4372 alta
2813 4331 2869 4372 se
2885 4313 3326 4374 consideratione
3346 4322 3678 4388 temperans,
3709 4315 3848 4371 sub-

2247 4406 2360 4462 dit:
2382 4408 2552 4463 Pareo
2577 4412 2771 4471 autem,
2801 4423 2862 4462 ne
2891 4406 3009 4478 quis
3033 4422 3112 4460 me
3146 4405 3403 4461 existimet
3431 4423 3595 4478 supra
3621 4404 3679 4459 id
3707 4406 3848 4476 quod

2247 4497 2383 4552 videt
2413 4497 2464 4552 in
2504 4516 2602 4564 me,
2623 4503 2717 4552 aut
2745 4497 2898 4552 audit
2921 4496 3132 4567 aliquid
3165 4497 3185 4532 ⁸
3213 4513 3278 4552 ea:
3309 4513 3386 4552 me
3416 4496 3578 4566 (Ibid.
3590 4539 3605 4566 ,
3628 4512 3732 4562 xu,
3761 4496 3840 4566 6).

2247 4587 2488 4643 Habebat
2535 4604 2662 4659 ergo
2710 4586 2893 4643 adhuc
2933 4585 3231 4642 dicendum
3271 4585 3337 4640 de
3368 4601 3424 4640 se
3469 4585 3700 4656 aliquid,
3749 4583 3842 4655 qui

2244 4678 2420 4752 parcit
2447 4677 2627 4734 dicere
2661 4695 2672 4743 ;
2700 4676 2794 4732 sed
2824 4675 3246 4748 egitutrumque
3267 4674 3460 4730 doctor
3481 4671 3750 4743 egregius,
3783 4679 3845 4728 ut

2243 4776 2298 4824 et
2325 4767 2601 4840 loquendo
2627 4782 2748 4838 quae
2776 4772 2957 4836 egerat
2989 4763 3292 4833 discipulos
3317 4761 3638 4825 instrueret,
3669 4767 3724 4816 et
3753 4767 3844 4816 ta-

2242 4857 2416 4914 cendo
2445 4873 2560 4912 sese
2589 4857 2733 4910 intra
2762 4853 3104 4909 humilitatis
3131 4851 3366 4907 limitem
3396 4849 3716 4908 custodiret.
3751 4851 3844 4908 Ni-

2244 4946 2350 5002 mis
2390 4960 2625 5016 namque
2655 4950 2794 4998 esset
2839 4943 3110 5014 ingratus,
3141 4939 3188 4996 si
3223 4939 3292 4996 de
3317 4956 3376 4996 se
3404 4939 3696 5014 discipulis
3731 4949 3843 4998 tota

2243 5035 2510 5103 reticeret,
2533 5041 2587 5089 et
2608 5033 2836 5088 fortasse
2859 5031 3030 5087 nimis
3059 5029 3336 5100 incautus,
3368 5031 3415 5087 si
3444 5031 3511 5087 de
3540 5047 3596 5087 se
3626 5038 3741 5087 tota
3754 5032 3842 5087 vel

2242 5123 2528 5196 discipulis
2549 5123 2824 5195 proderet.
2859 5121 2968 5178 Sed
3016 5119 3367 5190 mirabiliter,
3406 5129 3469 5178 ut
3495 5120 3707 5178 dictum
3736 5126 3838 5188 est,

2241 5214 2350 5287 egit
2401 5221 2715 5286 utrumque,
2743 5220 2806 5268 ut
2835 5211 3110 5285 loquendo
3137 5211 3382 5268 erudiret
3413 5211 3586 5268 vitam
3614 5209 3837 5268 audien-

2241 5304 2402 5372 tium,
2433 5311 2487 5360 et
2517 5302 2744 5359 tacendo
2771 5301 3076 5359 custodiret
3105 5317 3285 5358 suam.

2311 5487 2332 5520 δ
2365 5485 2491 5540 Haec
2517 5499 2688 5556 usque
2715 5483 2805 5550 ad,
2837 5482 3097 5556 sequitur,
3129 5481 3330 5538 desunt
3358 5479 3422 5537 in
3447 5476 3688 5534 Vindoc.

2312 5560 2333 5593 ⁶
2362 5558 2394 5612 2
2423 5555 2618 5623 Laud,
2647 5556 2840 5628 prurire
2867 5572 2918 5609 se
2947 5555 3130 5628 bonos.
3350 5619 3365 5628 _
3407 5602 3417 5606 -
3646 5627 3649 5628 ν
3691 5620 3702 5628 .
3779 5617 3790 5628 θ

2311 5631 2330 5661 ⁷
2364 5630 2424 5682 In
2457 5619 2668 5695 Nomm,
2699 5626 2882 5684 Germ.
2916 5634 2968 5682 et
2998 5625 3292 5699 plerisque,
3335 5619 3488 5677 deest
3515 5639 3571 5689 a,
3605 5627 3657 5676 et
3690 5619 3835 5691 legi-

2239 5708 2349 5768 tur,
2381 5717 2498 5769 qua:
2527 5699 2685 5769 foris.

2313 5772 2333 5807 ⁸
2365 5773 2600 5840 Gemet.,
2633 5770 2772 5829 Utic.
2807 5779 2860 5827 et
2888 5771 3005 5837 alii,
3037 5770 3098 5825 de
3131 5786 3224 5824 me.
