4172 6184
318 327 380 382 45
1030 317 1400 374 MORALIUM
1440 316 1571 372 LIB.
1614 315 1816 371 XVIII.
1856 344 1927 356 —
1965 314 2037 370 IN
2076 313 2303 369 CAPUT
2340 314 2548 370 XXVII
2592 316 2651 369 B.
2696 316 2837 370 JOB.
3514 322 3583 377 46

390 451 468 508 ili.
495 446 653 506 Sancti
675 444 970 516 aliquando
999 463 1051 501 se
1074 447 1299 502 laudant
1328 446 1559 500 innoxie.
1594 476 1665 486 —
1693 443 1875 500 Scien-
1903 442 1955 501 A
1978 448 2073 496 tur
2103 444 2213 497 eis:
2245 443 2412 497 Amen
2458 443 2574 498 dico
2620 443 2785 507 vobis,
2837 443 3002 499 nescio
3048 464 3136 501 vos
3183 450 3394 515 (Matth.
3443 468 3580 519 xxv,

323 540 441 595 dum
468 554 576 592 vero
602 543 681 592 est
712 535 861 607 quod
888 535 1064 591 sancti
1096 535 1201 590 viri
1234 535 1450 607 quoties
1478 535 1545 590 de
1574 551 1631 589 se
1670 531 1883 603 aliquid

322 626 633 700 sequentibus
661 626 1042 693 innotescunt,
1085 641 1292 681 morem
1337 625 1600 682 creatoris
1628 623 1712 679 sui
1745 621 1884 677 imi-

322 723 491 771 tantur.
522 714 655 770 Nam
684 715 855 779 Deus,
883 713 979 785 qui
1011 729 1112 768 nos
1149 712 1403 784 prohibet
1437 728 1503 767 ne
1536 710 1756 782 proprio
1789 725 1881 765 ore

314 804 588 872 laudemur,
621 820 721 875 per
744 802 1086 873 Scripturam
1117 818 1326 857 sacram
1350 802 1537 857 laudes
1563 818 1687 857 suas
1707 800 1882 872 loqui-

312 902 401 961 tur,
421 910 525 949 non
556 892 691 965 quia
724 890 839 963 ipse
870 890 951 947 eis
975 890 1208 963 indiget,
1231 891 1325 963 qui
1347 890 1607 963 proﬁcere
1630 889 1883 945 laudibus

305 983 477 1051 nescit,-
507 981 601 1038 sed
628 980 763 1037 dum
801 996 955 1036 suam
993 980 1153 1036 nobis
1201 980 1633 1052 magnitudinem
1676 987 1881 1048 narrat,

305 1056 521 1128 nostram
550 1072 623 1127 ad
654 1088 710 1126 se
740 1070 1077 1143 imperitiam
1107 1069 1393 1137 sublevat;
1427 1079 1481 1126 et
1508 1070 1651 1125 bona
1675 1086 1770 1125 sua
1792 1070 1880 1123 lo-

301 1162 498 1236 quendo
528 1179 631 1217 nos
662 1160 875 1228 edocet,
914 1176 1076 1232 quem
1107 1161 1337 1216 omnino
1364 1160 1530 1216 homo
1560 1176 1883 1229 11000ος110-

298 1259 470 1319 sceret,
499 1251 543 1307 si
576 1251 649 1307 de
682 1267 738 1307 se
770 1258 947 1306 tacere
982 1250 1266 1307 voluisset.
1302 1250 1513 1307 Idcirco
1537 1266 1664 1319 ergo
1698 1248 1885 1303 laudes

297 1358 405 1398 suas
430 1340 663 1409 indicat,
692 1348 754 1396 ut
784 1341 1063 1397 valeamus
1091 1357 1214 1396 eum
1239 1340 1522 1397 audientes
1538 1353 1882 1410 cognoscere,

296 1437 672 1503 cognoscentes
703 1444 908 1496 amare,
942 1437 1186 1486 amantes
1215 1429 1393 1502 sequi,
1432 1435 1721 1500 sequentes
1755 1427 1885 1482 adi-

295 1520 437 1592 pisci,
465 1519 839 1593 adipiscentes
867 1534 997 1574 vero
1041 1517 1160 1591 ejus
1207 1518 1422 1575 visione
1452 1517 1681 1589 perfrui.
1732 1516 1883 1572 Unde

293 1608 555 1664 Psalmista
588 1608 669 1664 ait
693 1626 703 1661 :
748 1608 999 1665 Virtutem
1022 1624 1237 1680 operum
1259 1624 1479 1662 suorum
1508 1609 1519 1641 ¹
1548 1604 1888 1661 annuntiabit

293 1699 468 1769 populo
515 1715 638 1763 suo,
674 1703 731 1752 ut
770 1698 855 1752 det
900 1697 1010 1752 illis
1051 1680 1407 1754 hereditatem
1447 1696 1676 1769 gentium
1708 1694 1880 1763 (Psal.

1994 535 2105 603 il);
2141 537 2160 569 δ
2191 534 2318 606 quia
2356 542 2510 590 tanto
2553 552 2748 605 magna
2794 543 2925 591 tunc
2970 547 3259 594 exercetur
3300 543 3581 612 severitas,

1992 631 2197 694 quanto
2241 640 2389 678 nunc
2438 623 2612 694 major
2655 623 3033 680 misericordia
3064 625 3083 660 ⁷
3125 635 3483 697 prorogatur;
3533 640 3587 687 et

1992 711 2240 768 districte
2270 720 2402 768 tunc
2423 712 2697 783 judicium
2730 730 2838 769 non
2867 714 3128 769 correctis
3143 715 3449 787 exerit,qui
3477 720 3586 789 pie-

1991 810 2158 858 tatem
2192 818 2337 857 nunc
2368 801 2819 874 delinquentibus
2850 804 3422 877 patienterimpendit.
3448 806 3591 863 Hinc

1992 889 2193 944 etenim
2230 889 2630 960 propheta'ait:
2660 891 2888 957 Quwrite
2905 892 3187 947 Dominum
3210 893 3335 947 dum
3365 892 3591 947 inveniri

1988 988 2174 1051 potest,
2200 982 2430 1035 invocata
2445 998 2559 1035 eum
2577 982 2699 1037 dum
2723 1001 2888 1054 prope
2903 991 2974 1037 est
3000 984 3153 1051 (Isai.
3180 1002 3269 1051 LV,
3287 985 3367 1045 6).
3390 985 3410 1017 ⁸
3428 984 3590 1040 Modo

1992 1070 2139 1124 enim
2180 1087 2289 1125 non
2323 1070 2563 1139 videtur,
2595 1079 2645 1125 et
2686 1088 2848 1142 prope
2888 1082 2998 1131 est:
3049 1082 3175 1129 tunc
3208 1073 3509 1141 \idebitur,
3538 1080 3593 1128 et

1994 1176 2159 1229 prope
2192 1178 2301 1214 non
2332 1159 2456 1214 erit.
2491 1159 2733 1215 Necdum
2788 1160 2843 1215 in
2881 1160 3096 1231 judicio
3146 1162 3421 1233 apparuit,
3462 1162 3591 1219 etsi

1993 1248 2279 1319 qumritur,
2315 1248 2615 1303 inuenitur.
2649 1251 2781 1304 Nam
2813 1250 2952 1305 miro
2976 1252 3137 1305 modo
3156 1269 3281 1307 cum
3307 1252 3362 1307 in
3378 1251 3592 1323 judicio

1992 1338 2326 1409 apparuerit,
2358 1346 2411 1393 et
2440 1338 2617 1393 tideri
2654 1346 2851 1408 potest,
2886 1348 2938 1395 et
2976 1358 3085 1395 non
3120 1350 3292 1412 potest
3328 1343 3586 1398 inveniri.

1997 1429 2133 1498 (νει.
2180 1429 2293 1499 ΓΜ
2346 1430 2485 1485 111110
2518 1431 2775 1485 Salomon
2807 1431 3129 1502 sapientiam
3162 1433 3325 1487 refert
3358 1441 3411 1488 et
3458 1450 3594 1489 sua—

1995 1519 2135 1573 \‘itcr
2162 1519 2558 1588 blandientem,
2576 1528 2629 1575 et
2662 1521 2980 1576 terribiliter
2997 1521 3363 1592 judicantem,
3381 1522 3586 1580 dicens:

1998 1612 2269 1682 Sapientia
2300 1612 2436 1680 [oris
2480 1614 2759 1683 pra'dicat,
2794 1614 2845 1668 in
2886 1616 3075 1685 plateis
3123 1616 3215 1670 dat
3246 1633 3415 1670 rocem
3442 1632 3593 1670 suam

1998 1702 2185 1770 (Prov.
2220 1719 2259 1767 1,
2292 1702 2406 1769 20‘).
2443 1700 2613 1771 Cujus
2652 1719 2839 1758 vocem
2886 1719 3102 1775 quoque
3152 1705 3417 1772 insinuat,
3454 1704 3595 1760 sub-

293 1802 372 1853 cx,
400 1787 479 1857 6).
515 1788 599 1842 Ac
620 1785 666 1842 si
700 1793 885 1859 aperte
912 1785 1096 1842 dicat:
1130 1785 1341 1842 Idcirco
1358 1783 1743 1841 fortitudinem
1774 1796 1884 1837 suae
1916 1809 1962 1870 B
1995 1790 2159 1846 dens:
2201 1792 2491 1860 L'squrquo,
2516 1793 2754 1862 parvuli,
2779 1793 3001 1863 diligitis
3032 1793 3340 1862 infantiam,
3372 1801 3419 1849 et
3444 1797 3595 1850 stulti

297 1874 623 1945 operationis
660 1874 924 1942 insinuat,
962 1874 982 1908 ⁵
1012 1881 1073 1929 ut
1100 1890 1219 1929 eam
1243 1871 1587 1947 quiaudierit
1611 1871 1771 1927 donis
1792 1870 1889 1926 di-—'

292 1970 477 2020 tescat.
512 1965 715 2019 Morem
765 1981 893 2038 ergo
947 1964 1029 2020 sui
1070 1964 1330 2020 creatoris
1388 1963 1666 2017 imitantes
1713 1960 1887 2017 sancti

292 2054 411 2123 viri,
444 2072 848 2128 nonnunquam
886 2055 1134 2128 quaedam
1166 2055 1232 2111 de
1274 2071 1351 2123 se,
1385 2063 1443 2111 ut
1477 2054 1761 2109 audientes
1791 2053 1890 2108 in-

288 2153 517 2215 struant,
552 2162 666 2201 non
696 2153 757 2201 ut
799 2144 905 2218 ipsi
937 2145 1248 2217 proﬁciant,
1283 2145 1672 2209 manifestam;
1705 2151 1757 2198 et
1796 2150 1889 2198 ta-

292 2252 403 2289 men
434 2235 493 2289 in
524 2234 747 2308 hisalta
769 2250 824 2290 se
847 2234 1284 2291 consideratione
1305 2234 1644 2302 custodiunt,
1668 2250 1734 2288 ne
1755 2232 1887 2287 dum

287 2322 414 2379 alios
455 2340 488 2379 a
538 2331 760 2380 terrena
799 2324 1108 2379 intentione
1156 2324 1400 2397 erigunt,
1434 2323 1533 2395 ipsi
1572 2322 1628 2377 in
1663 2330 1887 2376 terrena)

287 2413 455 2471 laudis
498 2414 844 2487 appetitione
904 2423 1240 2488 mergantur.
1293 2416 1537 2483 Quorum
1568 2414 1889 2485 plerumque

286 2501 421 2560 dicta
454 2506 477 2539 ³
537 2505 833 2560 imitantur
872 2504 1200 2576 hypocrita},
1244 2505 1339 2559 sed
1369 2504 1642 2558 dictorum
1673 2516 1891 2555 sensum

284 2595 504 2663 penitus
537 2593 820 2663 ignorant,
841 2594 970 2662 quia
990 2593 1137 2661 quod
1162 2592 1301 2661 justi
1324 2599 1490 2659 agunt
1510 2590 1575 2642 ad
1606 2589 1892 2642 utilitatem

284 2680 558 2752 proximi,
592 2678 699 2734 hoc
732 2677 834 2749 ipsi
882 2677 1092 2732 faciunt
1132 2676 1205 2732 ad
1247 2676 1620 2731 extensionem
1654 2674 1893 2730 nominis

285 2771 380 2825 sui.
422 2771 671 2825 Sanctus
698 2774 881 2823 autem
916 2767 1002 2822 vir
1040 2766 1363 2840 bypocritas
1397 2766 1637 2833 intuens,
1679 2782 1890 2838 nequa-

288 2881 440 2938 quam
472 2862 710 2935 gloriam
748 2861 989 2917 futuram
1018 2870 1292 2935 appetere,
1313 2860 1406 2917 sed
1429 2878 1624 2934 cupere
1646 2879 1893 2934 praesen-

288 2962 387 3009 tem
418 2962 610 3010 tenere
640 2951 761 3006 ait;
787 2954 914 3020 Qute
955 2952 1091 3007 enim
1140 2969 1254 3024 spes
1298 2957 1369 3007 est
1404 2952 1729 3024 hypocrita}?
1762 2951 1891 3024 quia

291 3045 408 3102 dum
441 3042 741 3118 praesentia
788 3042 993 3114 diligit,
1031 3042 1217 3098 futura
1256 3043 1485 3099 minime
1515 3052 1712 3116 sperat.
1749 3043 1890 3102 Scri-

1997 1897 2055 1933 ea
2086 1896 2202 1949 qua?
2228 1880 2328 1933 sibi
2362 1887 2481 1933 sunt
2515 1882 2676 1935 noxia
2707 1884 2726 1916 9
2754 1882 2990 1951 cupiunt,
3030 1889 3076 1936 et
3106 1883 3455 1952 imprudentes
3484 1885 3593 1938 odi-

1999 1970 2123 2022 bunt
2169 1970 2435 2024 scientiam
2496 1972 2682 2039 (Ibid,
2716 1973 2856 2037 22)?
2904 1972 3282 2028 Conrertimini
3316 1974 3386 2028 ad
3424 1992 3594 2028 corre-

1993 2059 2219 2129 ptionem
2255 2078 2413 2113 meam
2434 2078 2449 2123 ;
2480 2078 2539 2114 en
2567 2062 2839 2131 ptui/eram
2874 2063 3013 2117 robis
3053 2064 3297 2134 spiritum
3328 2081 3518 2129 meum,
3549 2071 3597 2119 et

2000 2149 2263 2203 ostendam
2302 2150 2451 2203 rurba
2484 2168 2591 2206 mea
2631 2152 2820 2217 (Ibitl.,
2854 2154 2968 2217 23).
3016 2155 3095 2207 lin
3130 2153 3385 2225 qualibus
3413 2153 3596 2209 verbis

1999 2254 2252 2307 expressa
2283 2245 2357 2289 est
2411 2238 2643 2293 dulcedo
2674 2242 2939 2296 vocantis.
2976 2242 3273 2297 Videamus
3302 2260 3449 2298 nunc
3477 2243 3595 2315 qui-

2000 2327 2102 2381 bus
2126 2326 2439 2382 insinuatur
2458 2330 2635 2383 modis
2667 2348 2747 2385 se\
2762 2331 2928 2385 eritas
2961 2332 3312 2403 increpantis,
3337 2340 3395 2387 ut
3414 2332 3469 2386 in
3488 2334 3596 2387 ﬁne

2000 2416 2327 2488 quandoque
2349 2436 2403 2471 se
2426 2427 2675 2471 exerceat
2703 2420 2976 2473 districtio
3000 2421 3299 2488 punientis.
3326 2421 3463 2486 Quia
3496 2439 3596 2475 eo-

1999 2505 2134 2567 cati,
2158 2503 2357 2577 inquit,
2390 2511 2435 2557 et
2467 2506 3179 2571 11111ιί8118,1111111111111111111111
3211 2527 3396 2576 meam,
3426 2517 3597 2566 etnon

2000 2591 2106 2661 fuit
2135 2592 2224 2661 qui
2246 2593 2575 2663 aspiceret“)
2606 2597 2911 2668 desperistis
2941 2616 3087 2653 omne
3107 2600 3381 2655 consilium
3404 2618 3595 2669 meum,

2001 2687 2048 2735 el
2074 2682 2451 2752 increpationes
2480 2704 2619 2741 meas
2650 2688 2944 2757 neglexistis
2979 2688 3162 2755 (llud,
3194 2689 3283 2757 24,
3304 2690 3419 2759 25).
3441 2689 3600 2746 Dicat

1994 2770 2109 2844 jam
2141 2774 2374 2845 qualiter
2403 2776 2583 2847 feriat,
2605 2796 2741 2851 quos
2755 2780 2823 2834 ad
2848 2797 2903 2836 se
2934 2780 3246 2837 nullatenus
3266 2789 3600 2838 revertentes

2000 2870 2151 2917 tanta
2180 2864 2595 2935 longanimitate
2625 2871 3033 2939 sustentat.Ego
3065 2887 3266 2939 quoque
3298 2871 3353 2924 in
3382 2871 3599 2925 interitu

2006 2962 2168 3010 restro
2193 2956 2367 3011 ridebo
2399 2963 2443 3009 et
2472 2958 2823 3022 subsannabo,
2855 2976 2969 3011 cum
3002 2958 3141 3012 vobis
3170 2960 3308 3028 quod
3347 2961 3602 3016 timebatis

1999 3044 2289 3108 ademerit,
2328 3046 2366 3084 ¹¹
2398 3062 2509 3099 cum
2545 3045 2765 3101 irruerit
2798 3047 3063 3118 repentina
3089 3046 3388 3112 calamitas,
3412 3048 3598 3104 etinte-

290 3152 433 3215 ptum
466 3159 711 3216 namque
734 3149 815 3198 est
842 3159 852 3197 :
890 3142 1041 3209 Quod
1066 3142 1205 3197 enim
1234 3142 1371 3197 videt
1398 3143 1685 3214 quis,quid
1715 3148 1893 3214 sperat
1927 3171 1969 3231 G
2003 3134 2137 3187 ritus
2170 3133 2321 3203 quasi
2353 3140 2619 3204 tempestas
2665 3134 2941 3206 ingruerit,
2981 3137 3190 3206 quando
3222 3137 3418 3193 venerit
3445 3155 3604 3210 super

294 3236 464 3303 (Rom.
496 3250 623 3302 VIII,
653 3231 781 3305 24)?
808 3232 1020 3290 Idcirco
1050 3248 1177 3304 ergo
1197 3232 1264 3288 ab
1293 3232 1585 3305 hypocrita
1606 3233 1673 3288 ad
1690 3242 1893 3288 aeterna

289 3324 513 3395 priemia
540 3340 639 3397 per
665 3338 817 3395 spem
862 3323 1093 3380 minime
1122 3322 1395 3391 tenditur,
1434 3323 1559 3396 quia
1605 3324 1751 3396 quod
1783 3323 1892 3378 alio

290 3412 647 3485 quaerendum
677 3418 821 3476 563
848 3412 1047 3482 fuerat,
1080 3412 1171 3469 hic
1199 3429 1254 3469 se
1280 3421 1461 3469 tenere
1479 3412 1763 3484 gloriatur.
1789 3412 1892 3469 Cu-

285 3510 373 3581 jus
402 3510 539 3583 quia
566 3510 726 3584 culpa
755 3512 965 3584 prolata
995 3518 1100 3579 est,
1130 3510 1298 3567 etiam
1330 3527 1489 3583 poena
1514 3506 1892 3582 subjungitur,

290 3616 418 3655 cum
447 3599 704 3672 protinus
730 3600 1101 3657 subinfertur:

887 3709 1110 3765 CAPUT
1150 3708 1297 3765 VIII.

368 3815 542 3870 Vens.
576 3816 628 3871 9.
661 3845 730 3856 —
758 3816 1007 3887 Nunquid
1050 3818 1331 3872 cla-morem
1359 3815 1473 3886 ejus
1514 3815 1691 3869 audiet
1731 3815 1891 3881 Deus,

292 3922 407 3960 cum
448 3905 652 3960 venerit
677 3922 834 3977 super
862 3907 1015 3962 illum
1044 3906 1290 3978 angustia
1313 3908 1342 3962 ?
1501 3907 1527 3928 '

366 3994 455 4051 15.
491 3995 595 4061 Qui
621 3995 788 4051 Deum
816 4002 921 4051 non
949 3997 1102 4052 audit
1130 3997 1185 4050 in
1234 3997 1336 4068 lege
1379 3998 1692 4067 loquentem,
1731 4013 1894 4051 orans

298 4087 351 4139 in
378 4086 629 4142 extremis
672 4105 708 4143 a
736 4088 847 4143 Deo
890 4105 997 4143 non
1043 4088 1311 4143 audietur.
1340 4118 1411 4129 —
1440 4087 1745 4144 Clamorem
1777 4085 1895 4157 ejus

300 4175 563 4248 angustiae
588 4184 833 4249 tempore
859 4179 1006 4234 Deus
1036 4194 1149 4234 non
1178 4177 1353 4245 audit,
1371 4176 1500 4250 quia
1518 4176 1892 4249 tranquillita-

302 4265 370 4323 tis
392 4274 636 4338 tempore
658 4267 716 4323 in
755 4268 1041 4340 praeceptis
1076 4268 1191 4324 suis
1218 4268 1333 4340 ipse
1359 4267 1685 4323 clamantem
1710 4265 1896 4323 Domi-

304 4370 437 4410 num
464 4372 575 4412 non
603 4355 839 4413 audivit.
881 4357 1159 4429 Scriptum
1194 4357 1394 4429 quippe
1421 4364 1533 4412 est:
1573 4356 1677 4423 Qui
1704 4355 1900 4410 avertit

302 4460 491 4500 aurem
522 4464 667 4501 suam
685 4464 748 4502 ne
774 4448 963 4503 audiat
993 4450 1169 4519 legem,
1199 4447 1372 4502 oratio
1400 4446 1512 4516 ejus
1531 4445 1632 4500 erit
1654 4462 1896 4499 exsecra-

2004 3245 2092 3281 eos
2126 3228 2398 3281 tribulatio
2430 3234 2476 3282 et
2505 3228 2768 3299 angustia.
2803 3230 2943 3285 Tunc
2967 3228 3393 3295 inrocabuntme,
3425 3236 3472 3285 et
3498 3247 3604 3286 non

2003 3333 2099 3371 ara
2112 3318 2314 3381 (aliam;
2346 3336 2495 3372 11111111⁷
2510 3324 2838 3389 consurgent,
2862 3324 3019 3373 etnon
3039 3319 3297 3374 invenient
3316 3337 3396 3375 me
3416 3321 3600 3390 (Ibid,

2004 3409 2214 3479 26-28).
2237 3410 2341 3464 Ore
2371 3409 2554 3481 itaque
2575 3409 2964 3482 sapientissimi
2984 3410 3295 3467 Salomonis
3318 3420 3517 3467 cuncta
3534 3411 3602 3468 de

2004 3516 2239 3571 superno
2286 3498 2499 3570 judicio
2552 3501 2846 3571 diligenter
2901 3517 3157 3573 expressa
3207 3510 3359 3568 sunt,
3394 3502 3522 3575 quia
3550 3510 3605 3559 et

2004 3588 2157 3659 prius
2186 3588 2423 3644 dulciter
2454 3599 2635 3658 vocat,
2655 3590 3069 3663 etpostmodmn
3084 3591 3408 3648 terribiliter
3430 3591 3604 3648 incre-

2003 3686 2115 3749 pat,
2148 3687 2197 3733 et
2230 3679 2295 3734 ad
2326 3687 2636 3737 extremum
2667 3681 3154 3738 inretractabiliter
3183 3683 3425 3738 damnat.
3460 3683 3605 3737 Bene

2004 3784 2129 3839 ergo
2160 3769 2394 3826 dicitur:
2438 3771 2695 3840 Nunquid
2744 3776 3025 3829 clamorem
3070 3773 3186 3840 ejus
3237 3773 3417 3826 audiet
3442 3774 3605 3837 Deus,

2003 3858 2215 3927 quando
2240 3858 2434 3909 uenerit
2469 3874 2626 3926 super
2654 3859 2804 3911 illum
2837 3860 3126 3926 angustia?
3164 3857 3303 3922 Quia
3341 3858 3605 3911 nimirum

2003 3943 2187 4000 omnis
2213 3942 2656 4014 hypocritatunc
2685 3944 2989 4000 remedium
3020 3943 3077 3998 in
3098 3944 3337 4000 clamore
3365 3959 3480 3999 non
3509 3942 3608 3999 in—

2005 4034 2180 4103 venit,
2213 4034 2307 4106 qui
2344 4050 2493 4091 nunc
2520 4042 2738 4107 tempus
2775 4052 3081 4108 congruum
3117 4032 3373 4091 clamoris
3403 4033 3603 4107 perdit.

2004 4128 2081 4182 De
2110 4123 2271 4197 cujus
2295 4124 2476 4182 adhuc
2506 4126 2774 4199 prax'itate
2805 4125 3190 4197 subjungitur:

2422 4233 2648 4289 CAPUT
2690 4234 2766 4289 IX
2809 4233 2951 4307 [Rea
3007 4231 3185 4306 VIII].

2078 4344 2248 4399 Vnus.
2295 4342 2379 4397 10.
2403 4372 2473 4383 -
2493 4343 2603 4397 Aut
2623 4343 2819 4414 poterit
2850 4343 2903 4396 in
2941 4343 3299 4414 Omnipotente
3328 4342 3607 4399 delectari?

2081 4443 2164 4496 l6.
2206 4442 2421 4510 Utrique
2450 4458 2654 4495 amores
2682 4442 2779 4496 Dei
2808 4448 2854 4495 et
2905 4442 3106 4508 1111111111,
3142 4459 3241 4495 11110
3276 4442 3329 4495 111
3382 4444 3536 4501 corde
3559 4460 3610 4498 se

306 4536 423 4592 bilis
454 4536 644 4605 (Prov.
675 4553 871 4605 xxvm,
901 4539 982 4607 9).
1046 4539 1277 4594 Sanctus
1311 4537 1495 4609 itaque
1537 4536 1624 4590 vir
1674 4534 1898 4590 intuens
1923 4536 1973 4596 D
2008 4550 2112 4586 non.
2136 4532 2367 4601 capiunt.
2392 4562 2461 4572 —
2488 4530 2593 4597 Qui
2635 4529 2782 4585 enim
2834 4537 3171 4586 terrenarum
3208 4549 3389 4588 rerum
3424 4548 3609 4589 amore

309 4625 329 4658 ‘
354 4626 484 4697 quia
501 4643 693 4683 omnes
711 4628 803 4700 qui
825 4644 973 4684 nunc
996 4630 1207 4700 operari
1239 4636 1386 4682 recta
1412 4633 1773 4683 contemnunt
1793 4643 1902 4681 ex-

309 4720 477 4772 tremo
506 4731 563 4772 se
594 4723 840 4789 tempore
870 4717 938 4773 ad
968 4707 1253 4790 petitionis
1268 4715 1433 4771 verba
1449 4722 1801 4781 convertunt,
1819 4700 1899 4769 di-

308 4804 409 4861 cit:
458 4809 714 4879 Nunquid
760 4811 1043 4865 clamorem
1085 4809 1199 4878 ejus
1254 4808 1435 4864 audiet
1475 4806 1657 4862 Deus?
1692 4804 1903 4874 Quibus

308 4895 549 4966 profecto
574 4898 760 4954 verbis
787 4899 1020 4955 vocibus
1049 4898 1222 4954 nostri
1252 4895 1632 4969 Redemptoris
1651 4895 1903 4968 obsequi-

310 4992 416 5053 tur,
451 4988 545 5060 qui
575 4988 651 5044 ait
682 5007 694 5044 :
750 4989 1049 5047 Novissime
1090 4991 1109 5023 δ
1144 4988 1353 5043 veniunt
1379 4994 1427 5042 et
1454 4987 1623 5057 fatua:
1648 4988 1900 5058 virgines,

305 5076 547 5133 dicentes:
576 5080 823 5145 Domine,
868 5080 1110 5149 Domine,
1153 5079 1303 5151 aperi
1330 5079 1497 5134 nobis.
1530 5080 1603 5134 Et
1630 5078 1905 5149 responde-

380 5276 393 5309 '
438 5274 654 5343 Germ.,
699 5274 733 5332 2
761 5275 935 5332 Laud.
981 5284 1035 5332 et
1079 5275 1239 5333 Corb.
1289 5275 1497 5344 Germ,
1545 5275 1901 5332 annuntiarit.

378 5346 398 5380 ³
433 5345 640 5413 Aliter,
672 5353 732 5401 ut
758 5364 875 5403 cum
916 5349 1007 5418 qui
1033 5349 1282 5403 audierit.
1323 5348 1506 5404 Nostri
1535 5348 1662 5403 Mss.
1704 5347 1907 5404 habent

306 5435 415 5471 eam
427 5461 441 5484 ,
478 5433 591 5472 non
620 5435 755 5473 eum.
920 5440 923 5445 ·

380 5492 401 5521 ³
434 5489 642 5544 Pratel.
677 5497 730 5545 et
760 5490 941 5558 (3811].,
972 5488 1257 5544 mirantur.

380 5562 401 5594 ⁸
429 5560 610 5636 Prat_.,
642 5562 853 5617 Gemet.
893 5569 947 5615 et
978 5561 1281 5636 Beccensis,
1326 5564 1451 5632 quia
1489 5564 1658 5619 omnis
1701 5565 1906 5636 qui.....

307 5633 731 5689 contemnit......
766 5634 1033 5689 convertit.

378 5707 399 5739 ⁵
422 5704 722 5761 Beccensis
748 5713 801 5760 et
831 5705 1066 5773 Gemet.,
1088 5702 1307 5759 venient.
1366 5756 1373 5759 ,

379 5777 402 5811 ⁸
433 5776 470 5833 2
503 5775 703 5847 Laud.,
729 5777 859 5850 quia
883 5783 1030 5834 tanta
1060 5782 1264 5848 tamque
1284 5793 1467 5850 magna
1501 5786 1635 5835 tunc.

2013 4622 2276 4691 \‘illClllll‘,
2312 4622 2365 4676 in
2406 4624 2518 4677 Deo
2549 4623 2862 4679 nullatenus
2883 4624 3202 4680 delectatur.
3230 4628 3360 4681 Esse
3386 4626 3609 4699 quidem

2011 4712 2128 4769 sine
2157 4710 2518 4767 delectatione
2565 4712 2749 4769 anima
2795 4730 3078 4786 nunquam
3130 4723 3327 4786 potest,
3361 4731 3486 4769 nam
3517 4720 3611 4767 aut

2012 4802 2219 4859 inﬁmis
2246 4808 2391 4864 564
2416 4803 2719 4859 delectatur
2740 4814 2831 4861 aut
2859 4806 3112 4875 summis,
3131 4814 3182 4860 et
3205 4813 3410 4879 quanto
3427 4802 3609 4858 altiori

2012 4902 2195 4958 studio
2216 4911 2505 4959 exercetur
2547 4903 2613 4959 ad
2664 4922 2898 4974 summa,
2940 4913 3095 4962 tanto
3146 4902 3338 4975 majori
3388 4898 3611 4955 fastidio

2013 4992 2271 5064 torpescit
2300 4993 2367 5049 ad
2400 4993 2621 5061 inﬁma;
2656 5005 2971 5068 quantoque
3000 4994 3207 5049 acriore
3240 5004 3369 5045 cura
3398 4987 3610 5044 inarde-

2012 5082 2117 5139 scit
2157 5082 2224 5137 ad
2264 5082 2477 5152 inﬁma,
2522 5091 2677 5141 tanto
2730 5094 2916 5157 tepore
2957 5079 3258 5139 damnabili
3301 5078 3545 5153 frigescit
3580 5097 3613 5136 a

2087 5281 2104 5314 τ
2142 5280 2166 5335 1
2204 5279 2371 5335 Laud.
2404 5288 2457 5336 et
2486 5282 2693 5345 Gerun,
2722 5280 3077 5349 pra'rogqtur.

2088 5352 2109 5386 ⁸
2139 5353 2197 5405 Ι11
2235 5352 2382 5405 Edit.
2422 5354 2576 5406 Rom.
2611 5345 2752 5403 Sixfi
2778 5348 2827 5403 ν
2856 5353 2908 5400 et
2939 5345 3105 5400 Gilot.
3140 5345 3435 5415 mnittitur,
3462 5346 3614 5401 modo

2017 5422 2151 5478 enim
2184 5439 2281 5474 non
2316 5423 2521 5473 ridetur
2548 5426 2593 5472 et
2618 5436 2784 5489 prope
2812 5424 2905 5484 est,
2938 5418 3083 5490 quod
3114 5426 3294 5474 tamen
3326 5419 3527 5490 legitur
3556 5418 3612 5472 in

2020 5493 2277 5551 omnibus
2298 5491 2497 5545 nostris
2520 5491 2644 5545 Mss.

2092 5568 2112 5599 θ
2152 5566 2307 5619 Becc.
2340 5572 2390 5618 et
2424 5561 2516 5617 alii
2546 5562 2758 5634 Nomm,
2787 5563 3091 5634 cupiunt....
3116 5563 3298 5617 odiunt
3328 5561 3610 5617 scientiam.

2098 5639 2143 5670 ¹⁰
2174 5639 2233 5691 In
2262 5638 2443 5690 Germ.
2478 5642 2530 5689 et
2563 5633 2619 5687 in
2650 5634 2682 5690 2
2706 5633 2874 5692 Laud.
2910 5634 3041 5691 olim
3073 5634 3393 5706 dispensus.

2099 5711 2139 5742 “
2174 5708 2401 5764 Addunt
2432 5706 2657 5775 Pratel.,
2682 5710 2895 5765 Gemet.
2926 5725 2988 5765 ac
3009 5706 3126 5775 alii,
3156 5724 3313 5778 super
3328 5722 3410 5762 eos
3441 5716 3616 5776 repens

2029 5780 2158 5848 tina,
2189 5788 2290 5837 etc.
