4172 6184
505 353 570 420 t7
1707 355 1954 412 SANCTI
1993 341 2332 412 GREGORII
2370 350 2598 444 MAGNI
3687 355 3794 412 ’48

498 485 748 544 summis.
782 485 1020 556 Utraque
1047 481 1196 538 enim
1221 480 1388 537 simul
1409 488 1464 536 et
1484 479 1770 553 aequaliter
1787 481 1958 536 amari
1981 497 2092 538 non
2119 485 2171 543 A
2203 480 2303 536 Dei
2336 480 2532 537 docere
2561 496 2618 536 se
2649 479 2898 551 perhibet
2925 495 3018 536 eos
3047 496 3184 552 quos
3208 478 3266 534 in
3295 479 3516 552 propria
3543 481 3812 553 sapientia

499 584 748 652 possunt.
781 575 936 633 Unde
960 574 1196 629 Joannes
1224 573 1506 644 apostolus
1533 571 1712 628 sciens
1745 570 1891 628 inter
1917 572 2102 645 spinas

497 683 749 724 amorum
776 661 1124 720 saecularium
1151 677 1401 734 supemae
1420 661 1708 718 charitatis
1739 678 1967 718 messem
1986 678 2101 734 ger-

500 755 708 812 minare
737 769 848 809 non
878 769 1056 824 posse,
1088 751 1408 826 priusquam
1439 752 1629 808 aeterni
1658 751 1862 808 amoris
1891 753 2103 808 semina

499 843 759 917 proferat,
791 841 858 898 de
886 841 1230 898 audientium
1261 843 1522 901 cordibus
1553 850 1740 900 sancta
1759 842 1912 898 verbi
1934 859 2102 899 manu

497 949 749 990 amorum
779 932 1127 990 saecularium
1150 932 1336 1006 spinas
1365 933 1628 1002 eradicet,
1680 933 1896 989 dicens:
1927 934 2104 990 Nolite

498 1022 716 1094 diligere
737 1021 1198 1093 mundum,neque
1217 1040 1276 1077 ea
1291 1040 1408 1093 quae
1433 1023 1490 1077 in
1504 1022 1700 1077 mundo
1720 1028 1844 1077 sunt
1868 1023 1926 1094 (I
1940 1024 2098 1078 Joan.

499 1129 563 1181 II,
593 1112 704 1183 15).
741 1113 977 1185 Moxque
1007 1111 1322 1184 subjungit:
1350 1111 1486 1180 Quia
1516 1112 1563 1166 si
1590 1113 1709 1183 quis
1737 1113 1913 1184 diligit
1939 1130 2105 1169 mun—

499 1202 647 1265 dum,
676 1218 784 1256 non
811 1206 884 1256 est
914 1201 1148 1256 charitas
1175 1199 1362 1257 Patris
1399 1201 1457 1256 in
1499 1219 1576 1256 eo.
1610 1201 1690 1256 Ac
1717 1200 1762 1257 si
1795 1195 1980 1274 aperte
2007 1201 2106 1257 di-

499 1297 622 1347 cat:
661 1289 890 1362 Utrique
921 1306 978 1346 se
1006 1306 1223 1346 amores
1252 1289 1310 1346 in
1350 1307 1464 1346 uno
1495 1290 1660 1347 corde
1693 1308 1804 1347 non
1833 1291 2099 1363 capiunt;

501 1395 603 1435 nec
631 1377 689 1432 in
719 1395 784 1434 eo
812 1394 962 1449 seges
991 1394 1240 1449 supernae
1274 1377 1562 1436 cbaritatis
1597 1380 1856 1452 pullulat,
1905 1380 1964 1436 in
1994 1397 2104 1453 quo

501 1468 654 1524 illam
681 1467 852 1540 spinae
877 1467 1082 1524 inﬁmae
1108 1467 1492 1526 delectationis
1522 1477 1738 1527 necant.
1773 1472 1955 1544 Atque
1980 1471 2106 1526 illas

501 1575 570 1614 ex
600 1557 704 1614 hac
732 1557 924 1613 inﬁma
953 1557 1318 1614 delectatione
1347 1568 1634 1616 nascentes
1653 1569 1940 1616 enumerat
1968 1577 2104 1633 pun-

502 1647 732 1716 ctiones,
765 1647 987 1704 dicens:
1031 1649 1170 1716 Quia
1198 1666 1346 1704 omne
1372 1649 1514 1720 quod
1541 1649 1598 1704 in
1625 1651 1820 1705 mundo
1845 1657 1940 1716 est,
1972 1667 2107 1706 con—

501 1737 818 1808 cupiscentia
847 1737 1026 1791 carnis
1053 1743 1146 1802 est,
1198 1743 1246 1792 et
1282 1737 1697 1809 concupiscentia
1728 1741 2024 1804 oculorum,
2059 1745 2108 1795 et

2208 585 2490 625 remanere
2519 569 2700 624 fatuos
2727 568 2896 624 videt.
2952 569 3033 625 Ac
3079 568 3124 623 si
3154 575 3336 640 aperte
3365 568 3550 626 dicat:
3599 571 3715 642 Ego
3742 586 3811 626 ex

2210 671 2296 710 me
2326 654 2539 728 aliquid
2587 655 2804 722 nescio;
2837 653 2930 711 sed
2959 653 3232 728 quidquid
3261 653 3328 710 de
3355 653 3585 726 veritate
3609 653 3808 722 sentio,

2209 743 2316 800 hoc
2365 759 2435 799 ex
2495 741 2740 815 ejusdem
2795 743 3058 800 Veritatis
3105 741 3354 814 largitate
3383 742 3808 814 comprehendo.

2209 833 2324 888 Vos
2353 833 2562 890 idcirco
2619 841 2766 890 recta
2812 849 2923 889 non
2971 831 3184 905 sapitis,
3234 832 3365 904 quia
3393 831 3538 888 hanc
3562 833 3810 890 eamdem

2211 931 2448 978 vestram
2473 923 2800 994 sapientiam
2831 939 2943 978 non
2974 921 3072 978 Dei
3093 919 3306 988 manui,
3337 921 3433 976 sed
3457 922 3813 996 vobismetip-

2211 1010 2285 1067 sis
2317 1010 2480 1068 datis.
2513 1013 2650 1068 Nam
2691 1011 2876 1068 hostes
2905 1017 3106 1066 sancta:
3142 1007 3426 1077 Ecclesiae,
3457 1009 3503 1064 si
3533 1011 3668 1083 quid
3696 1011 3813 1068 veri

2210 1100 2507 1172 aliquando
2536 1100 2804 1168 sentiunt,
2859 1098 2918 1155 id
2971 1097 3209 1170 propriis
3261 1102 3409 1161 565
3459 1098 3675 1164 viribus
3703 1100 3816 1156 tri-

2209 1195 2420 1264 buunt;
2454 1205 2509 1253 et
2543 1204 2698 1253 tanto
2727 1195 2898 1268 magis
2926 1212 2982 1252 se
3012 1194 3233 1267 privant
3261 1210 3499 1266 superna
3524 1195 3812 1268 sapientia,

2212 1294 2418 1357 quanto
2448 1286 2601 1342 illam
2632 1285 2788 1360 quasi
2817 1302 2888 1342 ex
2915 1301 3014 1342 suo
3045 1282 3270 1356 ingenio
3309 1281 3813 1358 habere'privatam

2211 1375 2429 1431 volunt.
2462 1375 2677 1442 Quibus
2706 1374 3003 1448 aliquando
3058 1373 3222 1430 datur
3255 1371 3324 1429 ad
3347 1371 3624 1445 judicium
3653 1392 3812 1431 suum

2217 1463 2233 1496 ι
2272 1470 2335 1518 ut
2357 1471 2501 1518 recte
2530 1463 2753 1536 quidem
2797 1463 2982 1536 aliqua
3021 1461 3220 1530 sciant,
3280 1460 3376 1517 sed
3430 1478 3500 1518 ex
3555 1461 3674 1536 ipsa
3714 1463 3816 1521 hac

2211 1549 2444 1694 ficientia
2471 1551 2828 1625 obligatiores
2848 1551 2918 1608 ad
2947 1567 3164 1624 poenam
3183 1549 3340 1607 ﬁant.
3362 1549 3520 1608 Unde
3542 1560 3666 1625 apte
3691 1551 3816 1610 sub-

2253 1638 2368 1694 itur
2392 1657 2404 1694 :

2253 1638 2368 1695 itur
2392 1657 2404 1696 :

2629 1697 3000 1808 CAPUT.XII
3055 1747 3195 1823 [Vet.
3240 1745 3389 1822 VII].

501 1825 748 1897 superbia
768 1825 1038 1896 vitae,quce
1062 1843 1170 1880 non
1199 1833 1272 1881 est
1291 1845 1356 1881 ea:
1384 1828 1566 1892 Patre,
1589 1827 1678 1881 sed
1705 1844 1770 1881 ex
1797 1829 1992 1884 mundo
2009 1822 2106 1896 est;
2132 1841 2178 1902 Β
2283 1837 2456 1895 νεεδ,
2492 1838 2577 1894 12,
2610 1869 2682 1880 -
2702 1842 2837 1896 Ecce
2891 1856 2982 1896 υοε
3033 1822 3207 1896 omnes
3228 1838 3419 1906 nostis’
3476 1844 3524 1894 ει
3551 1838 3681 1912 ρειίά
3707 1838 3818 1894 εἰπε

502 1921 551 1969 et
588 1915 816 1970 mundus
859 1914 1072 1980 transit,
1115 1921 1164 1970 et
1203 1915 1620 1986 concupiscentia
1648 1915 1760 1986 ejus
1791 1917 1980 1988 (Ibid,
2015 1919 2103 1987 16,

508 2009 618 2082 17).
644 2009 914 2066 Delectari
942 2027 1070 2082 ergo
1097 2009 1154 2065 in
1183 2012 1298 2067 Deo
1323 2010 1617 2083 hypocrita
1645 2029 1758 2068 non
1787 2013 1954 2079 valet,
1977 2011 2108 2084 quia

504 2097 562 2153 in
592 2097 712 2170 ejus
740 2105 922 2154 mente
950 2097 1224 2155 desideria
1241 2115 1478 2171 superna
1494 2116 1604 2156 non
1628 2100 1922 2172 prodeunt,
1942 2116 2105 2173 quam

503 2187 749 2259 profecto
777 2187 948 2260 spinae
974 2188 1177 2248 terreni
1203 2189 1408 2245 amoris
1428 2198 1706 2262 premunt.
1740 2192 1818 2246 De
1847 2207 1956 2263 quo
1985 2197 2107 2262 apte

503 2275 761 2334 subditur
783 2295 794 2334 :

1135 2385 1364 2440 CAPUT
1402 2386 1473 2440 X.

577 2472 714 2526 lem.
736 2499 808 2510 —-
835 2471 909 2525 Et
935 2470 1180 2525 invocare
1205 2472 1375 2526 Deum
1401 2474 1547 2526 omni
1575 2480 1802 2543 tempore
1820 2477 1847 2528 ?

579 2559 664 2614 17.
695 2558 987 2630 Hypocrita
1011 2559 1180 2614 Deum
1207 2576 1315 2614 non
1352 2559 1578 2626 invocat,
1607 2560 1715 2616 nisi
1746 2561 1803 2615 in
1851 2559 2112 2631 angustiis

506 2648 726 2715 positus.
751 2677 824 2688 —
851 2647 1006 2703 Tunc
1046 2647 1248 2720 quippe
1304 2647 1595 2721 hypocrita
1631 2651 1808 2705 Deum
1864 2649 2108 2720 invocat,

504 2753 632 2794 cum
648 2735 798 2793 hunc
813 2743 1153 2792 terrenarum
1171 2753 1354 2793 rerum
1375 2737 1662 2794 tribulatio
1681 2746 1953 2811 angustat.
1973 2741 2110 2796 Nam

506 2842 633 2882 cum
657 2825 716 2881 in
747 2825 852 2883 hoc
871 2825 1072 2881 seculo
1089 2825 1341 2882 effectum
1371 2826 1614 2900 quaesitas
1641 2827 1923 2884 felicitatis
1943 2827 2114 2884 inve-

506 2914 673 2984 nerit,
703 2923 982 2972 auctorem
1015 2913 1108 2988 qui
1157 2915 1300 2973 hanc
1351 2916 1526 2988 ipsam
1566 2916 1885 2974 felicitatem
1915 2917 2112 2974 tribuit

507 3022 618 3062 non
647 3004 900 3078 requirit.
926 3003 1068 3072 Quia
1096 3021 1248 3074 vero,
1279 3013 1340 3062 ut
1357 3005 1738 3079 praediximus,
1767 3023 1882 3064 esse
1903 3024 1990 3064 ars
2001 3007 2112 3064 do-

505 3095 750 3152 centium
780 3093 942 3150 debet
989 3101 1052 3150 ut
1101 3093 1160 3150 in
1191 3095 1508 3152 auditorum
1550 3114 1778 3154 suorum
1833 3097 2112 3154 mentibus

2217 1945 2380 1986 causa
2405 1945 2546 1984 vana
2577 1929 2902 2000 loquimini?

2291 2021 2376 2076 19.
2415 2019 2739 2089 Quibusdam
2766 2021 2930 2077 datur
2948 2022 3020 2078 ad
3029 2021 3296 2092 judicium
3315 2027 3374 2076 ut
3402 2026 3536 2076 recte
3558 2019 3820 2076 nonnulla

2219 2109 2406 2166 sciant.
2435 2140 2506 2151 —
2529 2109 2804 2183 Scriptum
2823 2117 2933 2168 est:
2967 2112 3162 2167 Servus
3189 2109 3284 2182 qui
3301 2109 3539 2182 cognovit
3562 2110 3822 2165 volunta-

2222 2205 2319 2254 tem
2346 2199 2548 2254 domini
2577 2199 2683 2266 sui,
2715 2200 2737 2235 ³
2765 2206 2815 2256 et
2841 2217 2947 2256 non
2970 2199 3326 2272 prwparavit,
3357 2197 3406 2254 ei
3431 2214 3538 2253 non
3577 2197 3704 2268 fecit
3729 2215 3820 2254 se-

2220 2297 2450 2352 cundum
2469 2299 2790 2354 voluntatem
2817 2297 2952 2368 ejus,
2981 2297 3258 2370 vapulabit
3284 2295 3480 2352 multis.
3516 2295 3621 2364 Qui
3647 2303 3820 2352 autem

2219 2404 2326 2442 non
2351 2388 2609 2459 cognovit,
2639 2394 2689 2444 et
2714 2405 2821 2444 non
2845 2388 2969 2459 fecit
2987 2387 3168 2459 digna,
3191 2387 3370 2459 plagis
3401 2387 3674 2459 vapulabit
3685 2405 3820 2458 pau-

2221 2476 2295 2529 cis
2323 2477 2474 2545 (Luc.
2507 2493 2610 2546 xu,
2641 2477 2758 2550 li7).
2807 2479 3155 2550 Rursumque
3185 2477 3452 2549 scriptum
3496 2484 3596 2534 est:
3633 2476 3827 2534 Scienti

2222 2562 2387 2634 igitur
2412 2567 2602 2621 bonum
2629 2568 2650 2601 ³
2681 2565 2875 2635 facere,
2898 2573 2947 2621 et
2970 2584 3074 2621 non
3099 2566 3337 2636 facienti,
3350 2572 3617 2638 peccatum
3639 2571 3712 2621 est
3739 2565 3826 2622 illi

2225 2653 2363 2724 (Jac.
2391 2670 2468 2720 1v,
2497 2654 2609 2723 17).
2636 2653 2720 2708 Ad
2743 2653 2967 2724 majoris
2987 2669 3116 2725 ergo
3136 2655 3311 2724 culpae
3332 2655 3618 2710 cumulum
3643 2654 3826 2710 hostes

2221 2759 2350 2797 suos
2369 2749 2556 2798 sancta
2583 2742 2832 2798 Ecclesia
2860 2743 3112 2814 perhibet
3137 2750 3192 2796 et
3219 2743 3360 2797 scire
3391 2741 3538 2814 quod
3564 2741 3716 2814 sequi
3735 2741 3824 2798 de-

2221 2832 2406 2898 beant,
2437 2838 2491 2886 et
2519 2829 2674 2902 sequi
2729 2830 2877 2884 nolle
2907 2829 3051 2901 quod
3093 2829 3288 2885 sciant.
3330 2831 3408 2884 De
3461 2828 3663 2900 quibus
3690 2829 3824 2886 alias

2222 2921 2434 2978 dictum
2491 2927 2596 2976 est:
2631 2919 2957 2975 Descendant
2987 2919 3041 2972 in
3093 2918 3363 2988 infernum
3394 2917 3616 2972 viventes
3647 2919 3818 2988 (Psal.

2221 3027 2336 3078 LIV,
2368 3009 2479 3082 16).
2505 3007 2638 3066 Vivi
2658 3015 2788 3064 sunt
2807 3006 2902 3080 qui
2945 3006 3193 3063 sentiunt
3221 3023 3341 3080 quae
3361 3022 3487 3078 erga
3510 3006 3636 3063 illos
3659 3008 3819 3063 ﬁunt.

2220 3096 2424 3154 Mortui
2455 3095 2604 3152 enim
2625 3113 2727 3152 nec
2741 3097 2925 3152 sciunt
2945 3095 3195 3163 omnino,
3214 3111 3315 3151 nec
3330 3094 3597 3150 sentiunt.
3620 3093 3823 3152 Mortui

506 3184 662 3256 prius
689 3182 947 3240 studeant
1001 3199 1256 3254 perversa
1303 3185 1602 3254 destruere,
1649 3195 1704 3241 et
1758 3187 2108 3258 postmodum
2143 3199 2187 3259 ο
2223 3186 2410 3258 itaque
2439 3185 2533 3258 qui
2563 3201 2676 3240 non
2722 3183 2971 3240 sentiunt
3019 3200 3118 3256 pro
3147 3183 3543 3252 nescientibus,
3576 3183 3826 3238 viventes

508 3279 656 3329 recta
683 3272 1002 3344 praedicare,
1029 3289 1098 3328 ne
1126 3273 1335 3329 bonum
1367 3282 1568 3330 sanctae
1589 3275 1998 3347 praedicationis
2027 3293 2106 3332 se-

509 3377 636 3418 men
664 3360 825 3433 plena
855 3360 1014 3416 malis
1038 3361 1204 3417 corda
1239 3377 1353 3417 non
1385 3363 1640 3434 capiant;
1677 3364 1823 3420 unde
1852 3364 1920 3420 ad
1949 3365 2109 3421 Jere—

510 3450 677 3506 miam
705 3448 943 3506 dicitur:
975 3451 1108 3506 Ecce
1133 3451 1378 3506 constitui
1407 3458 1453 3506 te
1503 3453 1654 3508 hodie
1680 3470 1840 3526 super
1865 3461 2035 3526 gentes
2063 3461 2113 3510 et

508 3555 692 3609 regna,
716 3544 776 3593 ut
800 3539 992 3594 evellas
1037 3544 1086 3594 et
1116 3540 1382 3607 destruas,
1413 3547 1462 3596 et
1488 3541 1764 3613 disperdas
1793 3548 1841 3597 et
1869 3543 2108 3615 dissipes,

510 3634 557 3682 et
584 3627 826 3700 wdiﬁces,
857 3633 904 3683 et
925 3629 1134 3700 plantes
1167 3629 1380 3702 (Jerem.
1414 3648 1455 3700 ι,
1505 3629 1595 3702 10)
1631 3631 1808 3704 (prius
1826 3632 2010 3706 itaque
2026 3631 2113 3704 ju-

509 3715 673 3772 betur
708 3723 772 3772 ut
798 3715 1066 3784 destruat,
1097 3725 1151 3774 et
1175 3719 1528 3792 postmodum
1568 3720 1829 3788 mdiﬁcet;
1863 3721 2019 3795 prius
2051 3729 2114 3779 ut

509 3804 731 3872 evellat,
761 3812 816 3861 et
843 3806 1194 3878 postmodum
1225 3808 1455 3880 plantet,
1481 3810 1611 3884 quia
1640 3827 1986 3884 nequaquam
2013 3827 2113 3867 re-

508 3901 611 3950 ctae
640 3893 892 3950 veritatis
918 3895 1341 3953 fundamentum
1370 3898 1616 3970 ponitur,
1647 3900 1754 3956 nisi
1785 3899 1940 3972 prius
1967 3916 2114 3957 erro-

509 3981 588 4038 ris
614 3981 823 4039 fabrica
850 3982 1188 4056 destruatur)
1216 4004 1229 4052 ;
1263 3986 1460 4043 beatus
1484 3988 1587 4043 Job
1613 3996 1903 4061 postquam
1922 4005 2116 4055 causas

511 4071 842 4127 universalis
867 4073 1128 4128 Ecclesiae
1157 4075 1460 4130 amicorum
1505 4091 1733 4132 suorum
1763 4076 1928 4135 dictis
1957 4079 2114 4150 quasi

511 4167 704 4216 contra
725 4159 1110 4216 haereticorum
1137 4161 1304 4217 verba
1332 4164 1636 4234 respondit,
1677 4181 1977 4240 eorumque
2006 4168 2115 4224 ela-

512 4247 720 4305 tionem
749 4249 1080 4306 multimoda
1128 4251 1484 4323 responsione
1511 4252 1808 4325 destruxit,
1851 4255 1966 4328 jam
2007 4257 2117 4314 do-

512 4354 633 4394 cere
661 4354 718 4394 se
747 4338 1018 4412 perhibet,
1062 4348 1123 4396 ut
1151 4340 1409 4399 videlicet
1437 4352 1621 4416 aperte
1651 4345 1910 4403 videatur
1940 4347 1999 4404 in
2027 4347 2117 4405 his

515 4442 637 4498 quae
665 4426 912 4484 subdidit
941 4436 1088 4484 recta
1119 4429 1385 4502 plantare,
1445 4431 1504 4488 in
1546 4431 1638 4490 his
1677 4450 1807 4490 vero
1835 4452 1956 4509 quae
1983 4453 2116 4510 prae-

515 4515 668 4572 misit
694 4517 959 4575 evulsisse
986 4535 1258 4591 perversa.
1291 4520 1554 4594 Sequitur
1579 4541 1591 4578 :

963 4627 1191 4685 CAPUT
1229 4631 1308 4686 XI
1348 4629 1490 4704 [Rea
1532 4629 1658 4704 IX].

585 4722 754 4781 Vnus.
791 4723 876 4779 11.
909 4753 979 4764 -
1005 4724 1205 4780 Docebo
1237 4743 1328 4780 vos
1350 4743 1450 4798 per
1475 4743 1692 4782 manum
1715 4725 1835 4796 Dei,
1853 4743 1969 4798 qua:
1999 4727 2120 4783 0m-

515 4812 754 4886 nipotens
773 4813 981 4882 habeat,
1009 4830 1101 4868 nec
1127 4813 1466 4870 abscondam.

589 4904 675 4960 18.
711 4903 892 4961 Sancti
918 4903 1027 4959 Deo
1081 4920 1230 4958 suam
1277 4903 1592 4975 sapientiam
1622 4903 1880 4971 tribuunt,
1910 4902 2124 4976 superbi

517 4991 619 5048 sibi
626 4992 807 5050 .—Sic
833 4992 1026 5049 beatus
1052 4992 1155 5048 Job
1186 4992 1434 5065 loquitur
1458 4992 1642 5050 verbis
1669 4993 1808 5062 suis,
1825 5001 1886 5050 ut
1910 4992 2122 5066 aliquid

518 5080 697 5152 signet
723 5099 794 5138 ex
848 5082 1074 5139 nostris.
1106 5084 1244 5140 Nam
1282 5093 1475 5140 sancta
1521 5083 1768 5140 Ecclesia
1799 5083 2023 5152 docens,
2063 5083 2122 5139 in

520 5177 786 5244 quantum
815 5188 1142 5244 cognoscere
1165 5170 1409 5247 expedit,
1441 5173 1585 5230 nihil
1614 5163 1864 5231 veritatis
1883 5173 2126 5230 abscon-

520 5258 623 5315 dit.
673 5259 816 5328 Quia
842 5260 993 5318 enim
1023 5279 1220 5320 manus
1254 5263 1353 5320 Dei
1406 5270 1636 5321 vocatur
1692 5262 1867 5320 Filius
1907 5263 2126 5336 (Omnia

521 5349 713 5422 quippe
735 5365 835 5421 per
862 5350 1035 5424 ipsum
1062 5353 1209 5424 facta
1235 5359 1360 5410 sunt
1390 5353 1571 5426 (Joan.
1597 5371 1640 5423 ι,
1669 5353 1751 5426 3),
1783 5369 1880 5428 per
1900 5368 2126 5410 manum

600 5547 620 5623 ξ
647 5545 836 5623 ῌοῃη.
859 5553 914 5601 et
941 5545 1103 5623 corb.
1140 5547 1349 5623 Germ”
1380 5557 1439 5606 ut
1461 5558 1608 5623 recta
1632 5552 1862 5623 quidem.

599 5619 621 5652 ²
649 5618 729 5673 Ita
766 5616 832 5694 in_
861 5617 1275 5694 omnibusltiss.
1309 5613 1372 5676 In
1402 5613 1853 5680 Vindocfta’men
1901 5623 2123 5694 legitur,

522 5689 855 5766 pmeparavit
872 5707 942 5745 se.
969 5690 1242 5766 In_Editis
1268 5700 1470 5766 autem:
1499 5698 1571 5750 Et
1590 5712 1692 5748 non
1710 5695 1919 5766 paruit,
1950 5689 1997 5748 et
2022 5689 2124 5766 non

527 5760 648 5837 fecit
664 5761 948 5817 secundum
967 5762 1285 5837 voluntatem
1303 5763 1438 5837 ejus,
1447 5766 1622 5837 plagis
1641 5760 1910 5837 vapulabit
1923 5765 2120 5837 multis.

531 5832 634 5900 Qui
659 5838 834 5890 autem
858 5850 965 5891 non
983 5835 1220 5906 cognovit
1242 5841 1290 5890 et
1316 5832 1616 5908 fecitdigna
1631 5832 1829 5908 plagis,
1851 5836 2127 5909 vapulabit

2220 3293 2352 3332 vero
2383 3273 2478 3348 qui
2507 3273 2756 3330 sentiunt
2783 3291 2883 3347 pro
2909 3273 3220 3331 scientibus
3242 3272 3375 3346 poni
3402 3273 3600 3330 solent.
3621 3272 3823 3330 Viven-

2217 3372 2300 3420 tes
2327 3380 2457 3436 ergo
2487 3364 2544 3419 in
2574 3363 2856 3420 infernum
2871 3363 3202 3421 descendere
3222 3370 3305 3418 est
3317 3361 3552 3419 scientes
3570 3361 3824 3418 sentien-

2217 3463 2406 3529 tesque
2425 3472 2673 3529 peccare.
2708 3455 2851 3530 [Rec.
2880 3442 3290 3530 X.]'Sequitur,
3311 3473 3471 3513 vsas.
3505 3454 3590 3512 13.
3608 3485 3679 3497 -
3704 3455 3826 3511 ch

2219 3551 2294 3601 est
2313 3562 2448 3617 pars
2475 3545 2703 3601 hominis
2727 3545 2880 3618 impii
2909 3547 3056 3618 apud
3078 3547 3248 3602 Deum
3301 3551 3349 3600 et
3393 3543 3672 3600 hlereditas
3719 3544 3824 3598 vi0°

2223 3635 2503 3700 lentarum,
2551 3652 2711 3706 quam
2755 3635 2821 3691 ab
2854 3635 3214 3708 Omnipotente
3242 3636 3264 3669 ⁴
3306 3633 3606 3705 suscipient.
3650 3631 3824 3699 Quam

2220 3723 2469 3798 profecto
2497 3731 2706 3797 partem
2737 3723 3224 3795 haereditatemque
3253 3720 3510 3794 protinus
3557 3718 3824 3786 insinuat,

2221 3831 2348 3871 cum
2377 3812 2692 3886 subjungit:

2821 3917 3051 3974 CAPUT
3089 3918 3238 3972 XIII.

2293 4010 2464 4067 Vnus.
2499 4007 2584 4063 14.
2601 4037 2672 4048 -
2689 4007 2748 4062 Si
2773 4006 3116 4078 multiplicati
3131 4005 3337 4076 fuerint
3354 4004 3459 4076 filii
3477 4003 3611 4074 ejus,
3637 4005 3696 4061 in
3713 4008 3824 4079 gla-

2223 4101 2311 4156 dio
2339 4085 2598 4164 erunt,’et
2620 4105 2826 4169 nepotes
2850 4097 2964 4168 ejus
2989 4115 3094 4153 non
3116 4097 3514 4153 saturabuntur
3539 4115 3696 4170 pane.
3747 4083 3752 4092 ’

2293 4190 2382 4248 20.
2415 4189 2664 4245 Hteretici
2705 4206 2870 4245 sacra:
2899 4189 3190 4262 Scriptura:
3219 4188 3322 4243 vim
3347 4187 3630 4258 inferentes
3655 4207 3690 4245 a
3717 4191 3826 4246 Deo

2223 4281 2471 4354 feriendi.
2501 4311 2572 4322 —
2599 4282 2720 4338 Non
2757 4280 2991 4337 absurde
3046 4279 3204 4354 impii
3234 4287 3506 4336 vocantur
3557 4279 3824 4348 haeretici,

2225 4370 2321 4444 qui
2351 4386 2446 4443 per
2473 4386 2712 4427 errorem
2729 4370 2883 4443 pravi
2905 4369 3180 4443 dogmatis
3202 4386 3235 4426 a
3253 4367 3568 4442 cognitione
3588 4377 3718 4424 sunt
3737 4384 3825 4422 ve-

2225 4460 2407 4518 ritatis
2433 4461 2622 4530 alieni,
2654 4477 2792 4534 quos
2835 4461 3086 4534 sequenti
3131 4459 3300 4516 verbo
3346 4459 3510 4516 etiam
3555 4457 3827 4514 violentos

2148 4563 2199 4624 D
2233 4551 2490 4624 appellat,
2525 4550 2726 4623 quippe
2749 4549 2845 4624 qui
2861 4551 3156 4622 Scriptum
3170 4567 3335 4606 sacrae
3355 4547 3654 4606 sententias
3679 4553 3829 4602 recta

2227 4641 2484 4713 dogmata
2501 4640 2850 4697 continentes
2867 4639 2937 4696 ad
2953 4639 3296 4696 intellectum
3313 4653 3542 4710 pravum
3559 4641 3829 4692 conantur

2227 4729 2501 4785 violenter
2529 4729 2826 4786 inﬂectere.
2862 4728 3106 4785 Violenti
3128 4745 3258 4800 ergo
3283 4733 3433 4793 sunt,
3463 4731 3516 4778 et
3530 4723 3576 4778 si
3605 4739 3716 4779 non
3747 4739 3826 4780 re-

2226 4819 2332 4876 bus
2361 4819 2674 4888 hominum,
2705 4821 2726 4854 ⁵
2757 4826 2904 4876 certe
2945 4817 3198 4873 sensibus
3241 4819 3660 4888 praeceptorum.
3694 4813 3825 4869 Filii

2229 4919 2411 4967 autem
2442 4909 2814 4966 violentorum
2844 4913 2975 4962 sunt
3001 4920 3260 4978 sequaces
3291 4903 3699 4972 haereticorum,
3731 4901 3824 4976 qui

2229 5002 2362 5060 dum
2391 5017 2582 5058 eorum
2611 4997 2786 5056 errori
2805 4994 3178 5062 consentiunt,
3209 4993 3364 5067 quasi
3393 5009 3462 5049 ex
3490 5009 3680 5050 eorum
3696 5009 3826 5066 prae-

2231 5089 2506 5148 dicatione
2519 5095 2863 5162 generantur.
2882 5083 2988 5142 Sed
3005 5081 3359 5154 multiplicati
3375 5081 3432 5138 in
3449 5081 3631 5154 gladio
3643 5089 3825 5147 erunt,

2232 5179 2363 5254 quia
2391 5177 2644 5251 quamvis
2673 5174 2836 5232 modo
2866 5174 3132 5228 immensa
3162 5170 3522 5227 multitudine
3543 5170 3598 5226 in
3617 5169 3829 5242 perdita

2233 5269 2485 5325 libertate
2513 5271 2880 5332 succrescant,
2901 5259 3120 5317 venturi
3145 5269 3323 5318 tamen
3333 5259 3539 5332 judicis
3559 5258 3829 5316 sententia

2236 5357 2532 5414 feriuntur.
2565 5353 2720 5412 Unde
2749 5369 2845 5425 per
2867 5351 3091 5424 Moysen
3120 5349 3390 5407 Dominus
3413 5347 3577 5405 dicit:
3605 5347 3830 5405 Gladius

2230 5569 2300 5623 pa
2312 5549 2436 5627 uois.
2466 5547 2656 5627 Lectio
2683 5554 2870 5627 nostra
2885 5545 3136 5627 Vulgatae
3151 5541 3416 5601 concinit.
3437 5541 3624 5598 Germ.
3641 5538 3828 5610 habet,

2235 5619 2422 5691 etfacit
2446 5620 2607 5691 digna
2637 5620 2830 5691 plagis,
2860 5619 3154 5691 vapulabit.

2307 5695 2328 5728 ³
2357 5695 2520 5748 Deest
2548 5692 2720 5761 facere
2759 5691 2814 5746 in
2847 5692 2880 5748 2
2910 5688 3083 5747 Laud.
3124 5759 3131 5761 ξ

2307 5765 2327 5841 ξ
2358 5763 2522 5841 ﬁsco.
2543 5732 2599 5820 et
2625 5763 2962 5841 alii_;\_’o_rm.,
2991 5758 3331 5841 suscipiuntx

2306 5837 2328 5871 ⁵
2358 5835 2579 5899 Ebroic.
2610 5841 2668 5896 et
2690 5835 2790 5898 alii
2811 5836 3030 5901 Norm.,
3059 5836 3194 5889 certe
3221 5835 3507 5888 sententiis.
