4172 6184
350 234 425 293 49
1120 232 1491 290 MORALIUM
1526 232 1660 291 LIB.
1702 232 1904 292 XVIII.
1943 262 2016 278 —
2053 234 2126 292 IN
2161 233 2389 291 CAPUT
2428 234 2638 292 XXVII
2672 237 2738 292 Β.
2780 237 2921 293 JOB.
3604 244 3676 300 50

350 382 506 424 mea;
533 360 869 436 manducabit
896 375 1082 415 carnes
1112 360 1294 431 (Deut.
1328 377 1511 429 χχχιι,
1537 360 1655 432 42).
1688 360 1787 417 Dei
1816 360 1962 417 enim
1992 361 2045 422 Α
2073 362 2293 433 parabit
2319 361 2550 433 quidem,
2581 363 2669 418 sed
2686 361 2868 431 justus
2894 365 3140 419 vestietur
3169 366 3298 431 illis,
3328 362 3377 422 et
3401 376 3676 440 argentum

358 453 579 528 gladius
625 464 817 504 carnes
849 450 867 484 ¹
920 447 1185 515 comedit,
1216 447 1345 521 quia
1393 449 1451 504 in
1481 456 1730 505 extremo
1755 449 1969 521 judicio

358 544 484 616 ejus
502 539 772 597 sententia
797 554 892 594 eos
920 538 1016 611 qui
1038 540 1331 596 carnaliter
1352 540 1573 612 sapiunt
1600 540 1822 596 occidit.
1852 541 1969 609 Qna

356 636 415 691 in
446 650 503 689 re
534 629 897 705 quaerendum
931 637 1015 685 est
1043 646 1144 686 cur
1172 629 1388 686 dicatur
1415 630 1564 703 quod
1588 631 1730 687 hanc
1758 641 1965 704 partem

352 732 515 797 atque
547 720 934 777 baereditatem
959 737 1115 777 suam
1151 721 1308 793 pravi
1330 722 1398 778 ab
1427 722 1822 795 Omnipotente
1851 741 1968 796 per-

349 815 588 887 cipiunt.
639 811 745 870 Sed
794 819 943 867 recte
990 812 1474 870 considerantibus
1505 814 1679 887 liquet
1712 816 1841 889 quia
1866 815 1968 871 etsi

348 923 379 962 a
420 904 622 977 seipsis
652 902 969 959 habuerunt
1010 902 1217 975 injuste
1262 921 1441 976 agere,
1483 922 1734 978 supernae
1784 916 1967 963 tamen

346 995 600 1068 aequitati
622 993 866 1065 suppetit
888 991 1091 1064 injuste
1110 1001 1232 1062 acta
1246 993 1395 1065 juste
1407 993 1677 1066 judicare,
1699 1003 1760 1051 ut
1780 996 1969 1051 divina

346 1083 628 1141 sententia
650 1081 871 1138 ordinet
886 1082 945 1136 in
970 1097 1187 1153 pennam
1212 1100 1350 1156 quos
1371 1084 1691 1140 inordinata
1715 1101 1813 1140 sua
1825 1085 1969 1141 actio

348 1172 526 1228 traxit
569 1172 639 1227 ad
669 1172 911 1242 culpam.
947 1173 1026 1227 De
1056 1171 1258 1243 quibus
1295 1181 1418 1245 apte
1462 1173 1855 1246 subjungitur:
1898 1176 1973 1230 Et

348 1268 563 1332 nepotes
588 1260 704 1331 ejus
734 1276 841 1315 non
870 1259 1261 1315 saturabuntur
1283 1278 1443 1333 pane.

421 1350 516 1407 21.
538 1352 585 1405 Α
609 1349 850 1404 veritatis
866 1349 1155 1420 cognitione
1165 1349 1421 1420 jejunant
1444 1352 1787 1423 Scripturam
1810 1354 1971 1423 legen-

354 1444 428 1494 tes
471 1439 543 1493 ad
589 1437 949 1509 qmestionem,
992 1454 1098 1492 non
1142 1439 1215 1493 ad
1258 1439 1613 1509 refectionem.
1642 1472 1712 1481 —
1740 1443 1973 1513 Nepotes

355 1529 566 1601 quippe
600 1527 988 1583 haereticorum
1014 1534 1144 1582 sunt
1173 1528 1268 1600 qui
1296 1528 1363 1584 de
1390 1530 1695 1585 errantium
1728 1530 1970 1589 ﬁliorum

357 1614 754 1688 praedicatione
787 1622 1110 1670 nascuntur.
1139 1614 1288 1683 Quos
1318 1633 1667 1691 nequaquam
1694 1618 1974 1691 panis‘sa—

2078 452 2321 507 innocens
2344 454 2366 488 θ
2395 452 2610 507 dividet.

2148 542 2237 599 24.
2275 542 2534 600 Catholici
2552 541 2820 597 haereticos
2846 542 3035 598 eisdem
3066 543 3237 614 Scrip.
3258 560 3422 600 sacrae
3440 549 3677 604 testimo—

2076 631 2182 687 niis
2223 650 2340 703 quaa
2376 631 2685 704 proferunt,
2716 633 2993 688 debellant.
3016 663 3087 674 —
3110 633 3413 703 Argentum
3441 634 3676 708 intelligi

2079 722 2218 777 sacri
2252 722 2457 794 eloquii
2487 721 2707 777 claritas
2735 722 2894 790 solet,
2925 721 3069 778 sicut
3094 720 3229 777 alias
3269 720 3475 777 dicitur
3505 740 3517 779 :
3551 725 3677 780 Elo-

2077 811 2205 882 quia
2233 810 2448 867 Domini
2475 811 2682 881 eloquia
2710 817 2875 876 casta,
2892 816 3165 882 argentum
3183 810 3301 881 igne
3319 811 3680 867 examinatum

2081 900 2255 971 (Psal.
2283 918 2363 969 x1,
2396 902 2475 974 7).
2499 901 2571 955 Et
2600 900 3007 973 quia-nonnulli
3038 901 3318 973 eloquium
3341 902 3440 959 Dei
3459 918 3570 958 non
3590 902 3680 959 in-

2080 993 2251 1049 terius
2297 1009 2395 1065 per
2422 990 2847 1059 exhibitionem,
2877 990 2971 1047 sed
2999 993 3241 1048 exterius
3274 1010 3370 1066 per
3400 993 3680 1049 ostensio-

2078 1101 2205 1142 nem
2255 1084 2457 1139 habere
2500 1081 2930 1153 concupiscunt;
2964 1081 3172 1139 idcirco
3214 1099 3311 1156 per
3355 1082 3678 1156 prophetam

2078 1175 2285 1232 dicitur
2318 1191 2329 1228 :
2366 1171 2739 1242 Disperierunt
2756 1188 2929 1225 omnes
2944 1171 3167 1228 involuti
3184 1179 3399 1244 argento
3422 1172 3675 1244 (Sophon.

2081 1283 2121 1334 ι,
2158 1265 2270 1337 11).
2304 1261 2371 1321 Hi
2403 1261 2669 1317 nimirum
2700 1261 2796 1334 qui
2820 1263 3041 1333 eloquio
3070 1263 3169 1318 Dei
3189 1279 3301 1318 non
3328 1263 3577 1318 interiori
3599 1277 3680 1317 re-

2082 1354 2319 1410 fectione
2366 1367 2421 1407 se
2453 1351 2686 1422 replent,
2719 1349 2811 1405 sed
2846 1350 3107 1406 exteriori
3138 1352 3450 1408 ostensione
3480 1367 3535 1407 se
3575 1368 3679 1406 ve-

2082 1449 2276 1505 stiunt.
2304 1446 2457 1504 Unde
2478 1454 2532 1501 ct
2561 1446 2759 1502 horum
2780 1454 3088 1518 argentum,
3112 1445 3168 1501 id
3190 1454 3272 1511 est
3295 1446 3676 1503 haereticorum

2082 1538 2387 1611 eloquium,
2419 1545 2577 1591 terrae
2606 1543 2688 1591 est
2715 1544 3112 1610 comparatum,
3149 1536 3275 1609 quia
3304 1536 3371 1591 de
3400 1536 3682 1609 Scriptura

2083 1644 2236 1685 sacra
2290 1634 2352 1683 ut
2395 1624 2607 1698 aliquid
2652 1624 2829 1680 sciant
2856 1640 2925 1678 ex
2971 1624 3216 1695 appetitu
3245 1631 3475 1680 terrenae
3504 1622 3683 1679 laudis

355 1705 479 1773 ῑίὸἲ,
510 1706 640 1777 quia
667 1705 799 1760 dum
830 1704 889 1759 in
928 1706 1065 1761 sacri
1107 1705 1262 1761 verbi
1296 1706 1499 1778 P3131110
1543 1709 1667 1779 Plus
1705 1719 1958 1781 quaerunt
1989 1725 2035 1785 B
2070 1718 2375 1777 elaborant.
2419 1713 2524 1781 Qui
2567 1713 2734 1768 etiam
2783 1712 2927 1767 sicut
2956 1712 3133 1767 lutum
3166 1719 3477 1784 praeparant
3504 1712 3684 1767 vesti—

356 1794 565 1851 sentire
586 1795 608 1829 ³
638 1810 799 1867 quam
826 1794 1074 1866 capiunt,
1097 1811 1311 1868 semper
1330 1813 1361 1852 a
1387 1797 1637 1853 veritatis
1654 1799 1972 1870 cognitione

344 1882 653 1955 ‘jejunant;
685 1891 738 1939 et
766 1882 1187 1956 praedicamenta
1219 1885 1483 1943 doctrinae
1511 1902 1630 1959 quae
1652 1886 1876 1945 student
1904 1890 1974 1948 ad

358 1981 726 2054 quaestionem
770 1997 1033 2054 quaerere,
1067 1978 1213 2036 566
1257 1982 1458 2038 habere
1501 1998 1614 2038 non
1664 1984 1852 2040 valent
1906 1986 1975 2043 ad

362 2070 743 2126 refectionem.
771 2070 916 2139 Quia
946 2086 1079 2127 vero
1105 2072 1407 2128 nonnullos
1430 2089 1499 2128 ex
1530 2071 1726 2128 iisdem
1759 2072 1975 2129 haereti-

360 2159 447 2215 cis
474 2167 660 2215 sancta
682 2159 934 2217 Ecclesia
953 2159 1188 2232 colligit,
1222 2160 1523 2217 nonnullos
1553 2160 1611 2215 in
1642 2161 1859 2218 malitia
1879 2178 1978 2219 sua

365 2248 677 2321 pertinaces
705 2248 996 2322 relinquit,
1035 2248 1292 2321 protinus
1320 2247 1547 2305 additur
1580 2268 1592 2305 :

961 2390 1190 2448 CAPUT
1230 2392 1385 2447 XIV.

430 2498 612 2555 Vnus.
650 2486 926 2565 15.4Qui
946 2498 1139 2568 reliqui
1168 2498 1376 2567 fuerint
1404 2514 1468 2550 ea:
1496 2495 1907 2564 eo,sepelientur
1924 2494 1981 2547 in

360 2588 598 2642 interitu
608 2628 619 2639 .

429 2673 530 2730 22.
568 2674 637 2727 In
666 2687 852 2726 errore
868 2670 1205 2726 morientium
1226 2687 1406 2741 paena.
1429 2701 1498 2711 —
1516 2671 1602 2726 Ex
1632 2687 1695 2726 eo
1724 2671 1979 2729 videlicet

364 2759 759 2819 haereticorum
789 2760 997 2831 populo
1016 2758 1263 2814 derelicti
1285 2758 1629 2830 sepeliuntur
1647 2760 1704 2815 in
1727 2760 1976 2822 interitu,

367 2852 499 2925 quia
526 2849 660 2906 dum
693 2848 762 2904 ad
802 2849 983 2904 lucem
1014 2848 1265 2903 veritatis
1307 2864 1419 2904 non
1450 2849 1702 2919 redeunt,
1729 2853 1979 2922 profecto

370 2941 427 2996 in
450 2956 609 3012 pcena
627 2944 910 3011 perpetua,
932 2937 1299 3009 intelligentia
1324 2946 1541 2995 terrena
1565 2939 1974 3012 deprimuntur.

366 3031 440 3086 Et
462 3029 589 3102 quia
613 3042 1016 3099 nonnunquam
1040 3026 1172 3082 dum
1193 3035 1387 3083 auctor
1406 3029 1707 3085 errantium
1733 3030 1978 3103 plebium

373 3120 585 3192 rapitur
628 3117 697 3174 ad
739 3132 980 3189 poenam,
1020 3115 1261 3171 seductas
1291 3115 1477 3188 plebes
1504 3118 1882 3174 reformantur
1911 3119 1980 3175 ad

370 3208 622 3265 veritatis
649 3206 962 3274 scientiam,
994 3213 1049 3261 et
1097 3213 1230 3261 tunc
1268 3204 1337 3260 ad
1376 3222 1560 3261 veram
1604 3208 1977 3279 cognitionem

368 3297 603 3354 redeunt
626 3295 860 3364 subditi,
893 3312 1020 3351 cum
1042 3294 1111 3351 ad
1128 3303 1332 3351 aeterna
1352 3297 1623 3368 supplicia
1644 3298 1979 3369 perveniunt

369 3386 431 3442 hi
465 3389 486 3420 ³
518 3385 614 3458 qui
647 3385 787 3440 male
823 3384 1047 3439 fuerant
1080 3384 1313 3456 praelati,
1340 3393 1461 3457 apte
1488 3385 1846 3459 subjungitur
1879 3404 1890 3443 :

443 3477 581 3531 IBID.
609 3504 680 3515 —
708 3476 781 3531 Et
806 3474 984 3529 viduae
1010 3474 1160 3530 illius
1182 3491 1287 3528 non
1303 3475 1616 3545 plorabant.

446 3564 538 3621 23.
572 3564 799 3619 Erroris
854 3563 1151 3618 doctoribus
1204 3563 1275 3618 ad
1300 3580 1511 3634 poenam
1540 3565 1735 3635 raptis,
1766 3564 1984 3635 decepta:

365 3654 550 3727 plebes
590 3670 723 3724 scepe
774 3654 1098 3724 resipiscunt.
1148 3653 1295 3721 Quas
1346 3653 1543 3708 viduas
1589 3652 1709 3723 ejus
1767 3653 1984 3724 accipi-

373 3759 526 3811 mus,
590 3742 700 3797 nisi
757 3740 1025 3813 subjectas
1078 3741 1266 3815 plebes
1310 3748 1484 3796 morte
1542 3741 1695 3796 illius
1748 3742 1984 3796 feliciter

372 3831 671 3889 destitutas
689 3830 717 3886 ?
747 3830 887 3898 Quia
911 3847 1072 3903 saepe,
1099 3838 1162 3886 ut
1184 3829 1395 3886 dictum
1429 3837 1532 3898 est,
1557 3828 1689 3885 dum
1725 3828 1981 3901 praedica-

370 3930 463 3978 tor
480 3920 689 3977 erroris
716 3919 785 3975 ad
817 3928 1021 3975 aeterna
1050 3918 1320 3992 supplicia
1338 3919 1573 3991 rapitur,
1595 3917 1852 3991 subjecta:
1874 3919 1983 3989 ple-

370 4011 467 4067 bes
497 4010 653 4066 illius
678 4009 745 4065 ad
781 4010 1116 4082 cognitionis
1159 4025 1300 4065 verae
1346 4009 1574 4082 gratiam
1607 4015 1980 4064 revertuntur.

374 4101 473 4156 His
493 4099 643 4155 enim
665 4097 921 4171 plebibus
936 4115 1224 4171 perversus
1238 4098 1567 4170 praedicator
1582 4098 1737 4171 quasi
1756 4097 1987 4152 maritus

375 4190 619 4264 praefuit,
639 4191 769 4265 quia
785 4190 927 4246 male
947 4190 1026 4246 eis
1042 4189 1373 4262 conjunctus
1388 4189 1682 4245 inhaeserat
1697 4197 1987 4261 corruptor

379 4280 600 4335 mentis.
630 4280 986 4353 Nequaquam
1017 4296 1145 4352 ergo
1188 4279 1393 4348 viduas,
1418 4280 1504 4334 vel
1550 4278 1826 4334 destitutae
1856 4280 1988 4351 plo-

377 4377 532 4435 rant,
557 4370 684 4441 quia
712 4377 888 4425 morte
914 4370 1071 4442 pravi
1103 4368 1345 4425 doctoris
1381 4369 1529 4423 viam
1558 4369 1807 4424 veritatis
1835 4370 1987 4425 inve-

376 4457 573 4526 niunt,
596 4474 665 4512 ex
694 4459 847 4530 cujus
881 4459 1113 4515 interitu
1135 4457 1303 4529 aﬂligi
1332 4473 1487 4529 posse
1509 4457 1858 4513 videbantur.
1884 4459 1985 4515 Vel

378 4556 528 4604 certe
560 4564 674 4603 non
704 4547 920 4619 plorant
966 4547 1171 4615 viduae,
1204 4546 1333 4618 quia
1361 4546 1418 4601 in
1450 4564 1549 4602 suo
1580 4562 1765 4602 errore
1801 4563 1990 4603 rema-

380 4644 597 4706 nentes,
626 4635 759 4692 dum
789 4645 1040 4693 sanctum
1071 4636 1242 4691 fuisse
1271 4633 1547 4689 aestimant
1572 4635 1986 4706 praedicatorem

382 4742 569 4795 suum,
598 4742 693 4798 spe
731 4725 869 4781 falsa
907 4741 975 4780 ne
1013 4726 1235 4797 lugeant
1271 4723 1645 4779 consolantur.
1681 4723 1942 4795 Sequitur
1971 4740 1982 4779 :

645 4868 875 4926 CAPUT
902 4869 1034 4928 XVI
1068 4868 1206 4942 [Vet.
1246 4868 1399 4932 VIII,
1428 4868 1546 4925 Rec.
1579 4866 1705 4939 XI].

458 4957 627 5016 Vnus.
663 4960 753 5029 16,
779 4959 1005 5016 i7.—Si
1023 4957 1425 5031 comportaverit
1454 4958 1476 4991 ἰ
1503 4957 1639 5011 sicut
1667 4962 1864 5011 terram
1891 4972 1988 5010 ar-

377 5054 611 5121 gentum,
641 5055 692 5105 et
716 5048 855 5105 sicut
874 5050 1042 5105 lutum
1064 5046 1453 5121 prwparaverit
1464 5046 1788 5109 vestimenta,
1806 5046 1826 5079 ⁵
1847 5061 1986 5115 prie-

460 5269 477 5303 ¹
507 5266 709 5335 Vind.,
744 5267 981 5322 devorat.

458 5339 481 5420 ξ
575 5338 776 5420 baud”
808 5354 969 5420 quam
997 5335 1227 5420 sapiunt.

459 5410 482 5445 ³
514 5410 541 5465 1
574 5410 775 5477 Laud,
801 5407 894 5481 qui
920 5407 1070 5464 mali
1078 5407 1312 5477 fuerant.

459 5484 480 5516 ⁴
510 5482 545 5537 2
576 5482 777 5548 Laud.,
807 5482 944 5535 sicut
973 5487 1136 5535 terra.

458 5554 479 5587 ⁵
510 5546 789 5624 Plerique,
816 5551 1168 5623 prteparavit,
1208 5547 1353 5620 quod
1383 5548 1527 5604 infra
1556 5546 1843 5619 repetitur.

459 5626 481 5659 ι
512 5623 716 5693 ιειιιάῖ,
747 5624 953 5679 dividit.

461 5698 482 5731 ⁷
516 5697 579 5751 In
609 5687 797 5752 Germ.
821 5695 953 5751 etin
974 5702 1174 5767 poster.
1198 5689 1400 5758 Editis,
1423 5690 1694 5762 promissi.
1717 5688 1915 5745 Melius
1930 5687 1987 5742 in

2083 1815 2288 1873 menta,
2310 1804 2439 1878 quia
2459 1802 2605 1857 ﬂuxe
2625 1810 2679 1856 et
2708 1800 3127 1873 inquinabiliter
3149 1817 3213 1856 ea
3242 1801 3441 1873 quibus
3463 1817 3519 1857 se
3537 1802 3681 1855 tueri

2083 1904 2281 1959 volunt
2307 1900 2601 1972 Scripturze
2639 1915 2804 1954 sacrae
2832 1904 3136 1954 contexunt
3162 1892 3496 1952 testimonia.
3527 1891 3684 1946 Pras-

2083 1991 2298 2065 parabit
2341 1988 2587 2062 quidem,
2618 1988 2711 2044 sed
2738 1986 2923 2060 justus
2964 1987 3229 2042 vestietur
3273 1984 3406 2052 illis,
3435 1981 3563 2056 quia
3596 1979 3685 2034 vir

2085 2090 2235 2145 recta
2261 2080 2369 2136 ﬁde
2390 2080 2605 2153 plenus,
2632 2096 2751 2153 quae
2781 2079 2984 2139 sanctis
3008 2078 3147 2134 solet
3173 2076 3242 2133 ad
3265 2074 3538 2148 justitiam
3578 2072 3684 2127 de—

2086 2170 2290 2244 putari,
2322 2185 2385 2225 ea
2413 2169 2530 2241 ipsa
2558 2169 2854 2241 Scriptura
2878 2184 3042 2224 sacrae
3063 2184 3181 2241 quae
3213 2166 3502 2221 haereticus
3528 2162 3686 2218 affert

2087 2259 2407 2315 testimonia
2437 2258 2670 2331 colligit,
2702 2266 2755 2313 et
2786 2258 2987 2313 erroris
3015 2256 3132 2328 ejus
3164 2254 3523 2328 pertinaciam
3557 2249 3684 2305 inde

2087 2347 2393 2405 convincit.
2419 2346 2625 2404 Contra
2645 2363 2745 2402 nos
2760 2362 2995 2417 namque
3023 2346 3155 2399 dum
3185 2360 3350 2398 sacrae
3380 2341 3513 2410 legis
3533 2337 3684 2392 testi-

2088 2438 2276 2493 monia
2302 2442 2614 2506 apportant,
2643 2447 2829 2489 secum
2850 2431 3010 2487 nobis
3029 2430 3263 2486 afferunt
3282 2427 3429 2484 unde
3458 2427 3683 2483 vincan-

2089 2534 2199 2582 tur.
2233 2523 2389 2581 Unde
2415 2531 2469 2578 et
2492 2522 2671 2578 David
2696 2529 2891 2595 typum
2916 2520 3162 2587 Domini,
3187 2518 3374 2574 Golias
3399 2533 3531 2595 vero
3560 2516 3685 2571 has-

2088 2614 2385 2671 reticorum
2419 2612 2731 2684 superbiam
2762 2611 3005 2683 signans,
3036 2609 3141 2666 hoc
3168 2608 3330 2663 rebus
3355 2605 3526 2663 locuti
3557 2612 3688 2662 sunt

2089 2704 2235 2777 quod
2302 2720 2403 2759 nos
2460 2701 2643 2757 verbis
2700 2700 2996 2774 aperimus.
3060 2698 3245 2754 Golias
3308 2696 3511 2770 quippe
3558 2710 3685 2751 cum

2090 2792 2291 2865 gladio,
2339 2790 2519 2847 David
2565 2806 2696 2845 vero
2745 2805 2871 2845 cum
2926 2804 3055 2860 pera
3109 2786 3368 2859 pastorali
3413 2784 3567 2839 venit
3617 2781 3687 2839 ad

2088 2883 2359 2955 praelium.
2401 2879 2508 2937 Sed
2540 2878 2794 2934 eumdem
2826 2877 3041 2933 Goliam
3079 2874 3256 2930 David
3286 2889 3548 2946 superans
3587 2889 3688 2930 suo

2088 2972 2268 3044 gladio
2326 2969 2551 3035 occidit,
2607 2966 2757 3039 quod
2808 2981 2909 3020 nos
2955 2979 3170 3036 quoque
3226 2962 3459 3034 agimus,
3516 2964 3536 2997 7
3591 2961 3687 3033 qui

2010 3082 2053 3142 ο
2088 3066 2346 3143 promissi
2400 3064 2578 3122 David
2632 3061 2779 3120 567
2836 3061 3083 3118 membra
3134 3077 3204 3116 ex
3261 3058 3379 3131 ejus
3423 3058 3544 3115 ﬁeri
3591 3058 3689 3113 di-

2090 3159 2346 3233 gnatione
2377 3156 2703 3213 meruimus.
2732 3156 2868 3213 Nam
2895 3170 3021 3211 cum
3052 3152 3428 3225 superbientes
3459 3151 3690 3207 haereti-

2089 3268 2182 3308 cos
2214 3252 2234 3285 ³
2269 3258 2324 3305 et
2355 3265 2520 3305 sacra:
2557 3247 2853 3319 Scriptura;
2887 3244 3187 3302 sententias
3215 3243 3542 3309 deferentes,
3572 3243 3691 3298 eis-

2089 3339 2213 3395 dem
2239 3338 2423 3394 verbis
2438 3345 2601 3409 atque
2618 3335 2908 3392 sententiis
2928 3351 3065 3408 quas
3084 3333 3371 3405 proferunt
3389 3332 3689 3401 vincimus,

2090 3428 2243 3501 quasi
2273 3427 2477 3482 elatum
2500 3426 2715 3482 Goliam
2743 3442 2842 3481 suo
2876 3423 3057 3496 gladio
3081 3422 3490 3478 detruncamus.
3509 3420 3692 3475 Justus

2090 3535 2218 3589 ergo
2244 3518 2481 3574 vestitur
2509 3516 2588 3572 eis
2616 3514 2961 3570 vestimentis
2986 3530 3107 3586 quae
3136 3518 3403 3584 praeparat
3427 3509 3689 3583 injustus,

2090 3609 2221 3682 quia
2249 3609 2337 3664 vir
2367 3615 2588 3665 sanctus
2615 3606 2820 3662 eisdem
2852 3604 3139 3661 sententiis
3166 3603 3235 3659 ad
3268 3602 3553 3657 veritatem
3586 3601 3693 3656 uti-

2088 3706 2203 3766 tur,
2233 3698 2435 3770 quibus
2463 3713 2519 3751 se
2558 3711 2848 3767 perversus
2877 3694 3107 3767 quisque
3136 3692 3359 3748 doctum
3406 3688 3692 3748 ostendere

2091 3794 2283 3842 contra
2312 3786 2600 3840 veritatem
2626 3791 2875 3839 conatur.

2163 3873 2252 3929 25.
2292 3871 2513 3929 Verbum
2566 3868 2666 3924 Dei
2712 3869 2936 3923 discrete
2962 3867 3105 3920 debet
3158 3864 3371 3935 exponi,
3397 3869 3446 3918 et
3471 3864 3694 3933 singulis

2092 3961 2291 4034 aptari.
2338 3961 2412 4016 Et
2452 3965 2728 4030 argentum
2763 3956 3008 4011 innocens
3036 3952 3251 4009 dividet.
3286 3983 3357 3993 —
3388 3954 3692 4025 Argentum

2020 4076 2035 4085 ·
2094 4053 2360 4108 innocens
2412 4047 2660 4105 dividere
2698 4050 2744 4116 θ,
2800 4052 2883 4103 est
2931 4042 3151 4117 eloquia
3201 4041 3425 4099 Domini
3482 4041 3695 4096 minute

2093 4142 2437 4212 discreteque
2463 4153 2759 4210 exponere,
2788 4144 2843 4192 et
2866 4133 3166 4205 unicuique
3192 4130 3324 4204 quid
3357 4130 3521 4202 digne
3542 4126 3694 4185 'con-

2096 4239 2254 4305 gruat
2283 4237 2555 4301 coaptare.
2576 4229 2714 4287 Nam
2742 4226 3023 4298 eloquium
3046 4221 3294 4290 Domini,
3321 4219 3470 4292 quod
3495 4218 3589 4275 hic
3612 4234 3695 4273 ar-

2098 4328 2343 4394 gentum,
2376 4319 2463 4373 vel
2497 4317 2847 4384 vestimenta,
2866 4315 2971 4370 hoc
3000 4312 3133 4369 alibi
3160 4310 3335 4384 spolia
3354 4309 3692 4366 nominatur.

2015 4439 2064 4498 D
2097 4409 2257 4477 Quod
2303 4410 2467 4464 etiam
2498 4406 2786 4463 Psalmista
2811 4411 3044 4460 testatur
3076 4418 3173 4475 per
3203 4398 3695 4472 comparationem,

2098 4499 2286 4557 dicens
2318 4517 2329 4554 :
2364 4498 2610 4553 Lcetabor
2636 4514 2724 4566 ego
2744 4511 2902 4566 super
2921 4492 3125 4562 eloquia
3159 4498 3273 4555 tua,
3289 4490 3423 4544 sicut
3448 4488 3540 4558 qui
3558 4486 3697 4541 inve-

2098 4590 2179 4645 nit
2204 4589 2375 4660 spolia
2402 4588 2572 4642 multa
2615 4586 2787 4658 (Psal.
2822 4598 3017 4650 CXVIII,
3053 4582 3200 4653 162).
3234 4580 3364 4649 Quas
3391 4579 3567 4651 spolia
3603 4575 3698 4632 id-

2097 4679 2245 4736 circo
2284 4684 2477 4734 vocata
2514 4682 2663 4744 sunt,
2700 4675 2830 4747 quia
2856 4673 2925 4729 ad
2949 4672 3111 4729 fidem
3142 4670 3364 4727 Domini
3394 4667 3697 4740 gentilitate

2097 4774 2444 4835 transeunte,
2471 4764 2645 4821 Judaai
2673 4765 2844 4821 sacris
2868 4762 3123 4835 eloquiis,
3155 4762 3355 4833 quibus
3376 4757 3557 4814 induti
3582 4755 3697 4808 fue-

2096 4866 2241 4927 rant,
2282 4864 2588 4913 exunntur.
2624 4855 2763 4928 [Vet.
2802 4852 2926 4927 IX.]
2986 4856 3062 4909 De
3091 4852 3193 4907 hac
3231 4863 3448 4922 quoque
3486 4843 3695 4915 argenti

2097 4949 2185 5004 vel
2220 4938 2525 5019 spoliorum
2558 4945 2834 5001 divisione
2862 4944 2998 5000 alias
3026 4941 3231 4998 dicitur
3263 4960 3274 4995 :
3309 4934 3590 5003 Benjamin
3621 4934 3697 4989 lu-

2091 5055 2196 5111 pus
2223 5054 2425 5109 rapax,
2452 5053 2606 5092 mane
2636 5037 2683 5071 ¹⁰
2712 5035 2935 5092 comedet
2980 5031 3242 5103 prtedam,
3271 5040 3477 5095 uespere
3505 5022 3700 5084 dividet

2095 5252 2221 5309 aliis
2247 5251 2375 5308 Mss.
2411 5258 2465 5305 et
2511 5255 2624 5304 vet.
2661 5244 2919 5311 Excusis,
2948 5240 3215 5313 promissa
3259 5238 3457 5309 David,
3488 5239 3701 5297 scilicet

2097 5323 2304 5381 Christi
2333 5322 2586 5375 membra.

2169 5395 2190 5428 ⁸
2218 5391 2479 5458 Vindoc.,
2511 5407 2576 5444 ex
2603 5404 2769 5442 sacrm
2795 5386 3074 5457 scriptura:
3100 5384 3268 5441 verbis
3295 5384 3574 5441 sententias
3601 5385 3702 5441 de—

2123 5470 2343 5520 ereutes.

2096 5466 2479 5601 [ωεδϐἒιῗέιιιᾰη
2501 5537 2574 5585 est
2598 5531 2804 5601 eloquia
2824 5530 3040 5587 Domini
3058 5532 3259 5587 minuta
3286 5529 3435 5602 (etin
3456 5527 3701 5599 margine

2095 5608 2321 5678 munita)
2357 5606 2573 5678 discrete
2591 5621 2862 5678 exponere.

2174 5682 2218 5714 ¹⁰
2248 5676 2527 5744 Laudun.,
2563 5677 2846 5732 comedit...
2882 5676 3089 5732 dividit.
