4172 6184
504 325 566 379 51
1706 313 1954 371 SANCTI
1993 313 2330 372 GREGORII
2371 313 2596 370 MAGNI
3743 310 3810 368 52

504 445 673 519 spolia
697 444 904 514 (Genes.
935 458 1088 506 xux,
1119 441 1233 508 27).
1263 440 1476 507 Quibus
1503 438 1748 508 profecto
1777 437 1942 493 dictis
1964 439 2099 493 Pau-
2132 440 2184 499 Α
2283 438 2372 494 28.
2401 439 2551 494 Bona
2575 435 2887 508 temporalia
2905 432 3053 491 nobis
3073 435 3330 491 servando
3350 433 3664 504 amittimus,
3683 453 3813 511 pau-

508 536 590 590 lus
621 533 896 604 apostolus
927 529 1264 599 designatur,
1293 529 1360 584 de
1391 527 1677 598 Benjamin
1709 529 1876 599 stirpe
1905 543 2107 599 proge-

505 623 676 684 nitus,
703 615 797 692 qui
819 634 976 673 mane
1003 617 1239 688 pra'dam
1269 617 1528 684 comedit,
1553 617 1682 689 quia
1707 617 1764 672 in
1788 615 2106 688 primordiis

503 711 619 768 suis
643 708 829 764 ﬁdeles
865 723 1002 778 quos
1039 706 1218 778 potuit
1261 707 1480 778 rapiens
1527 705 1839 762 crudelitati
1872 706 2103 778 propria:

502 796 788 855 satisfecit.
821 796 1056 866 Vespere
1077 796 1251 868 spolia
1275 796 1489 864 divisit,
1511 795 1641 868 quia
1661 795 1840 850 ﬁdelis
1869 802 2104 866 postmo-

504 887 638 944 dum
667 886 844 943 factus
873 902 1024 942 sacra
1052 887 1272 958 eloquia
1301 886 1628 958 exponendo
1656 884 1960 941 distribuit.

574 977 665 1034 26.
721 976 1078 1034 Dismrnenda
1107 983 1228 1031 sunt
1275 994 1392 1048 qua:
1437 976 1722 1032 salubriter
1757 977 1823 1030 ab
1851 973 2108 1029 haereticis

506 1068 664 1124 dicta.
690 1067 1054 1135 —'Quamvis
1085 1068 1187 1123 hoc
1213 1075 1496 1138 argentum
1528 1067 1670 1140 quod
1701 1065 1905 1122 dividit.
1935 1065 2107 1122 inno-

506 1174 637 1215 cens
672 1158 907 1229 intelligi
951 1166 1005 1213 et
1048 1157 1209 1212 aliter
1237 1165 1431 1228 potest.
1467 1158 1721 1213 Haeretici
1759 1173 2018 1228 namque,
2045 1163 2107 1211 ut

506 1247 669 1304 facile
717 1249 930 1302 valeant
961 1263 1214 1318 perversa
1242 1247 1491 1316 suadere,
1522 1246 1688 1303 dictis
1715 1247 1829 1302 suis
1857 1245 2106 1318 qnzedam

507 1347 654 1394 recta
702 1337 1052 1409 permiscent,
1092 1345 1154 1392 ut
1194 1337 1407 1392 animos
1445 1337 1790 1394 audientium
1843 1354 1912 1392 ex
1946 1336 2108 1392 rectis

509 1427 758 1483 sensibus
785 1426 1026 1494 trahant,
1063 1443 1132 1480 ex
1165 1426 1435 1498 perversis
1472 1427 1694 1482 feriant.
1739 1426 1840 1494 Qui
1871 1426 1928 1480 in
1959 1442 2108 1496 prae—

507 1516 679 1588 ceptis
704 1516 824 1583 Dei,
855 1516 982 1588 quia
1011 1532 1140 1570 sana
1170 1516 1470 1588 insanaque
1496 1517 1770 1572 locutione
1802 1516 2106 1582 variantur,

507 1605 645 1660 bene
673 1605 731 1660 in
762 1605 1065 1677 Evangelia
1089 1605 1274 1660 decem
1300 1606 1636 1677 leprosorum
1659 1613 1787 1660 sunt.
1817 1604 1995 1675 specie
2018 1603 2107 1658 de-

505 1695 708 1765 signati
741 1695 892 1767 (Lue.
925 1712 1064 1762 xvn,
1100 1695 1212 1765 l2),
1237 1711 1471 1766 quorum
1501 1695 1670 1750 colori
1703 1711 1835 1750 sano
1864 1694 1998 1749 dum
2030 1693 2109 1747 vi-

2210 527 2423 599 peribus
2451 527 2712 597 erogando
2729 541 3017 581 servamus.
3036 555 3106 565 -—
3123 523 3222 582 Cui
3245 523 3506 583 nimirum
3530 528 3814 585 sententia:

2215 621 2503 676 Psalmista
2530 617 2832 673 concinens
2865 615 3035 672 dicit:
3069 617 3292 673 Turbati
3318 623 3440 671 sunt
3469 635 3642 674 omnes
3675 619 3818 674 insi-

2210 712 2408 783 pientes
2438 709 2622 774 corde;
2641 710 2660 744 ³
2692 706 3026 763 dormierunt
3053 725 3289 762 somnum
3319 725 3494 773 suum,
3513 716 3561 764 et
3588 711 3722 765 nihil
3738 710 3817 764 in-

2214 805 2464 854 venerunt
2491 815 2665 852 omnes
2693 796 2801 852 viri.
2826 795 3137 852 divitiarum
3161 797 3214 851 in
3235 797 3477 852 manibus
3504 799 3614 854 suis
3643 800 3814 870 (Psal.

2216 905 2388 956 Lxxv,
2415 888 2494 959 6).
2526 887 2595 944 Ut
2623 885 2768 942 enim
2797 886 2855 941 in
2885 901 2983 942 sua
3011 901 3178 942 manu
3207 885 3408 942 divites
3428 897 3551 960 post
3580 896 3816 944 mortem

2216 978 2514 1050 quidquam
2536 977 2845 1044 inveniant,
2863 975 2942 1030 eis
2961 981 3085 1030 ante
3107 981 3338 1030 mortem
3369 975 3575 1032 dicitur
3593 976 3819 1032 divitias

2215 1083 2342 1123 suas
2367 1067 2424 1122 in
2441 1083 2674 1139 quorum
2708 1064 2962 1121 manibus
2991 1071 3200 1136 ponant
3219 1082 3230 1120 :
3252 1064 3430 1120 Facite
3453 1065 3596 1119 vobis
3623 1065 3819 1119 amicos

2216 1161 2278 1216 de
2317 1176 2613 1214 mammona
2646 1156 2962 1228 iniquitatis,
2993 1163 3052 1211 ut
3077 1173 3193 1210 cum
3219 1156 3534 1226 defeceritis,
3564 1158 3820 1229 recipiant

2215 1267 2306 1305 vos
2346 1250 2402 1304 in
2442 1256 2636 1304 (eterna
2672 1248 3013 1304 tabernacula
3046 1247 3196 1319 (Luc.
3230 1265 3349 1315 xvi,
3381 1247 3462 1320 9).
3502 1248 3668 1304 Dives
3705 1265 3816 1302 cum

2217 1340 2516 1405 dormierit,
2545 1339 2679 1393 nihil
2712 1355 2882 1393 secum
2926 1336 3136 1408 auferet
3185 1335 3327 1409 [Rec.
3363 1334 3521 1409 XII].
3556 1338 3660 1394 Res
3697 1353 3820 1392 suas

2217 1444 2342 1486 cum
2372 1437 2677 1485 moreretur
2706 1445 2886 1484 secum
2919 1428 3158 1495 tolleret,
3191 1425 3234 1481 si
3267 1426 3334 1482 ad
3367 1427 3603 1498 petentis
3627 1441 3816 1481 vocem

2216 1535 2342 1576 cum
2373 1519 2585 1574 viveret
2628 1518 2732 1574 sibi
2775 1516 3010 1573 tulisset.
3059 1518 3195 1573 Nam
3225 1525 3445 1572 terrena
3482 1516 3669 1572 omnia
3699 1533 3818 1589 quae

2218 1609 2487 1667 servando
2535 1608 2861 1676 amittimus,
2889 1607 3171 1680 largiendo
3201 1625 3514 1674 servamus;
3548 1607 3821 1680 patrimo—

2155 1739 2162 1756 .
2218 1699 2484 1772 niumque
2513 1706 2762 1754 nostrum
2785 1705 3058 1754 retentum
3083 1700 3102 1732 ‘
3134 1695 3401 1769 perditur,
3433 1704 3616 1753 manet
3639 1714 3820 1770 eroga-

507 1782 682 1838 tiosus
723 1783 929 1839 candor
959 1783 1287 1854 aspergitur,
1321 1783 1685 1840 immoderato
1731 1783 1836 1839 hoc
1873 1781 2110 1839 candore
2145 1805 2190 1864 Β
2219 1797 2357 1845 tum.
2383 1787 2490 1844 Diu
2511 1787 2658 1842 enim
2690 1804 2815 1844 cum
2843 1787 3008 1844 rebus
3035 1785 3238 1842 nostris
3267 1785 3466 1842 durare
3495 1801 3606 1842 non
3635 1803 3819 1859 possu-

505 1871 804 1929 fcedantur.
835 1873 989 1928 Unde
1033 1873 1398 1928 admonemur
1438 1890 1545 1927 non
1567 1875 1690 1944 plus
1719 1890 1922 1943 sapere,
1951 1888 2112 1941 quam

508 1968 710 2033 oportet
737 1979 939 2033 sapere,
962 1963 1049 2015 sed
1067 1978 1249 2032 sapere
1267 1962 1337 2016 ad
1352 1962 1678 2016 sobrietatem
1705 1962 1878 2032 (Rom.
1903 1977 2004 2027 χιι,
2027 1960 2106 2029 3).

508 2049 615 2118 Qui
645 2051 810 2106 etiam
838 2051 966 2122 quia
987 2049 1220 2106 necdum
1252 2052 1425 2106 Deum
1457 2050 1719 2122 diligunt,
1749 2051 1815 2105 de
1841 2066 1949 2121 quo
1971 2049 2110 2104 male

509 2139 776 2206 sentiunt,
807 2155 908 2194 nec
936 2139 1273 2210 proximum,
1302 2156 1332 2194 a
1355 2155 1464 2211 quo
1491 2139 1840 2206 dividuntur,
1866 2137 2106 2210 decalogi

509 2229 796 2300 praeceptis
832 2228 1048 2284 adversi
1081 2235 1230 2296 sunt,
1264 2236 1426 2300 atque
1452 2227 1578 2283 ideo
1609 2227 1676 2283 ad
1705 2227 2109 2300 deprecandum

508 2319 808 2375 Dominum
838 2318 1024 2374 decem
1056 2318 1307 2390 veniunt.
1341 2319 1444 2372 Pro
1479 2335 1544 2373 eo
1581 2326 1764 2374 autem
1793 2317 1941 2390 quod
1963 2317 2111 2372 sanis

508 2407 702 2462 insana
723 2408 1082 2472 miscuerunt,
1105 2408 1306 2462 coloris
1334 2408 1652 2462 diversitate
1673 2408 1977 2462 variantur.
2007 2407 2111 2462 Sed

509 2495 641 2568 quia
680 2495 739 2549 in
781 2493 899 2564 ejus
933 2494 1220 2565 przeceptis
1265 2493 1636 2561 offenderunt,
1677 2494 1734 2547 id
1773 2495 1930 2547 illum
1965 2496 2111 2548 unde

510 2583 850 2640 offenderant
891 2591 1091 2639 vocant
1136 2583 1380 2639 dicentes
1413 2601 1424 2638 :
1456 2585 1581 2639 Jesu
1615 2589 1908 2654 prwceptor
1958 2582 2110 2653 (Luc.

510 2689 654 2739 xvu,
689 2672 776 2744 13)
801 2691 811 2728 :
844 2672 990 2728 unde
1012 2681 1066 2726 et
1086 2689 1217 2728 mox
1237 2672 1417 2729 curari
1446 2679 1786 2728 meruerunt.
1813 2673 1956 2740 Ergo
1987 2670 2115 2742 quia

512 2761 602 2817 vir
628 2760 934 2816 catholicus
976 2777 1094 2832 quae
1124 2761 1191 2815 ab
1215 2761 1294 2816 eis
1324 2769 1489 2828 recte,
1519 2760 1606 2816 vel
1635 2776 1756 2832 quae
1791 2777 1954 2832 prave
1980 2775 2115 2814 sen-

511 2849 750 2917 tiuntur,
780 2849 1063 2920 intelligit,
1091 2857 1378 2921 argentum
1409 2850 1675 2905 innocens
1701 2848 1924 2917 dividit,
1960 2847 2016 2903 id
2035 2855 2117 2903 est

512 2956 633 3013 qua:
661 2940 729 2995 ab
757 2939 836 2996 eis
861 2939 1172 3009 salubriter,
1195 2941 1282 2995 vel
1305 2957 1425 3013 quae
1456 2939 1711 3011 pestifera
1737 2939 1946 2996 fuerint
1969 2937 2118 2995 dicta

512 3029 796 3088 discernit.
829 3030 1088 3103 Sequitur
1118 3048 1130 3086 :

1091 3120 1323 3176 CAPUT
1363 3120 1539 3177 XVII.

585 3209 757 3265 Vnus.
787 3207 873 3262 18.
896 3237 966 3247 -
992 3208 1302 3278 ίΕιιὶᾕαιυίι
1350 3209 1484 3262 sicut
1518 3205 1655 3260 tinea
1700 3206 1910 3262 domum
1939 3223 2110 3262 suam.

583 3298 673 3356 27.
696 3298 967 3353 Hceresum
985 3297 1224 3367 magistri
1248 3303 1434 3351 mentes
1455 3312 1589 3366 quas
1607 3303 1860 3368 occupant
1880 3315 2116 3352 corrum-

509 3385 949 3462 punt.—Tinea
992 3385 1099 3441 sibi
1143 3385 1370 3442 domum
1419 3385 1822 3458 corrumpendo
1859 3387 2113 3443 aediﬁcat.

514 3480 624 3537 Nec
654 3477 870 3534 meliori
909 3477 1090 3550 potuit
1115 3477 1529 3550 comparatione
1560 3477 1850 3534 haereticus
1879 3477 2118 3534 demon-

515 3568 699 3637 strari,
726 3567 820 3640 qui
852 3567 1034 3623 locum
1064 3585 1173 3623 suae
1204 3566 1446 3638 perﬁdiae
1477 3584 1587 3623 non
1618 3567 1726 3622 nisi
1752 3567 1811 3622 in
1841 3568 2119 3624 mentibus

517 3675 653 3732 quas
694 3659 1002 3729 corruperit
1049 3658 1199 3726 facit,
1250 3657 1344 3730 qui
1389 3657 1552 3713 etiam
1597 3674 1856 3730 sequaces
1897 3675 2026 3714 suos
2051 3659 2119 3714 ab

517 3756 722 3806 aeterno
758 3747 885 3820 igne
930 3747 1130 3804 liberos
1157 3764 1272 3804 esse
1303 3748 1615 3821 pollicetur.
1649 3748 1891 3820 Spondet
1918 3749 2120 3822 quippe

517 3839 597 3895 eis
625 3838 970 3911 refrigerium
1004 3839 1206 3911 quietis
1235 3847 1485 3905 mternae;
1514 3839 1608 3895 sed
1637 3839 1800 3895 verba
1828 3838 1946 3909 ejus
1977 3838 2122 3894 soli-

515 3929 745 3986 ditatem
766 3945 876 3984 non
900 3929 1123 3996 habent,
1139 3929 1266 4000 quia
1285 3929 1631 4000 plenitudine
1649 3929 1896 3984 veritatis
1912 3935 2118 3984 carent.

518 4019 673 4077 Unde
705 4017 1095 4089 subjungitur:
1131 4021 1204 4073 Et
1231 4019 1363 4072 sicut
1386 4025 1555 4072 custos
1583 4018 1705 4085 fecit
1738 4019 2119 4070 mubrarulum.

519 4109 911 4166 Umbraculum
935 4124 1170 4178 namque
1191 4108 1438 4163 custodis
1453 4107 1606 4161 nullo
1620 4106 1982 4176 fundamento
1997 4105 2123 4160 soli-

518 4197 702 4266 datur,
735 4197 830 4252 sed
873 4204 1115 4268 tempore
1159 4212 1288 4251 mox
1335 4203 1653 4251 transeunte
1695 4194 2020 4249 destruitur.
2055 4195 2126 4248 Et

521 4296 792 4370 promissa
839 4294 907 4350 ab
955 4293 1229 4350 haereticis
1280 4295 1492 4367 requies
1535 4290 1679 4348 568
1724 4311 1850 4350 cum
1882 4302 2125 4366 tempore

521 4385 844 4454 destruitur,
862 4402 981 4458 quae
997 4391 1119 4456 post
1135 4383 1277 4440 hanc
1297 4384 1468 4439 vitam
1487 4383 1804 4439 nullatenus
1822 4384 2123 4440 invenitur.

519 4477 591 4533 Et
610 4476 739 4549 quia
772 4493 912 4548 saepe
947 4476 1189 4531 hzeretici
1223 4476 1278 4531 in
1310 4485 1630 4549 contemptu
1655 4477 1985 4532 universalis
2011 4476 2128 4530 Ec-

522 4565 700 4622 clesiae
731 4574 1016 4637 potentum
1039 4566 1226 4620 szeculi
1251 4566 1575 4637 patrociniis
1595 4567 1923 4633 fulciuntur,
1938 4565 2128 4638 eisque

523 4655 726 4712 divites
740 4657 1077 4729 protectione
1097 4665 1258 4728 atque
1275 4658 1753 4713 administratione
1775 4665 1976 4730 quanta
1996 4672 2127 4727 prae-

524 4746 709 4803 valent
725 4748 980 4820 opitulari
1005 4764 1113 4803 non
1135 4756 1367 4817 cessant,
1391 4750 1504 4821 ipse
1531 4752 1543 4783 ¹
1569 4750 1733 4804 etiam
1752 4748 1984 4821 quilibet
2003 4764 2129 4804 con-

524 4845 608 4893 tra
623 4838 962 4894 conditorem
981 4854 1140 4892 suum
1164 4838 1327 4893 rebus
1347 4838 1742 4910 temporalibus
1761 4838 2130 4892 intumescens

526 4928 701 4984 sancti
732 4927 839 4982 viri
867 4943 1017 4982 nunc
1043 4927 1315 4981 sententia
1340 4927 1604 4997 tangitur,
1629 4935 1789 4998 atque
1820 4927 1886 4981 ab
1907 4927 2129 4998 speciali

525 5018 910 5075 haereticorum
933 5018 1161 5074 interitu
1181 5019 1249 5073 ad
1267 5020 1572 5090 generalem
1590 5019 1857 5074 elatornm
1881 5019 2128 5074 omnium

529 5107 907 5164 deﬁnitionem
936 5126 1115 5164 sermo
1137 5108 1440 5168 derivatur.
1469 5125 1594 5164 cum
1627 5107 1882 5164 subditur
1918 5126 1929 5163 :

1095 5198 1321 5254 CAPUT
1354 5199 1552 5254 XVIII.

551 5339 559 5346 ,
603 5284 773 5340 Vnus.
806 5285 890 5340 19.
923 5316 992 5326 -
1019 5287 1175 5341 Dires
1223 5303 1336 5340 eum
1379 5286 1675 5352 dormierit,
1724 5288 1858 5341 nihil
1905 5305 2074 5342 serum
2105 5287 2125 5322 ³

529 5372 774 5444 auferet;
801 5375 1000 5444 aperiet
1027 5377 1203 5430 oculos
1231 5395 1375 5441 suos,
1407 5383 1452 5430 et
1483 5376 1615 5431 nihil
1647 5376 1886 5434 inveniet.

608 5549 623 5582 ¹
657 5549 718 5603 In
752 5548 877 5602 Mss.
912 5548 1094 5602 Germ.
1120 5556 1170 5601 et
1205 5551 1412 5620 Norm.,
1443 5553 1583 5606 dives
1641 5553 1834 5608 uilibet.

608 5619 628 5694 ξ
657 5621 875 5694 Germ.,_
903 5618 1095 5686 l.aud.,
1121 5620 1333 5687 Norm.,
1367 5630 1494 5690 etc.,
1526 5571 1726 5694 aniert,
1758 5642 1834 5694 ap.

607 5619 628 5696 ξ
657 5621 875 5696 Germ.,_
903 5618 1095 5686 l.aud.,
1121 5620 1333 5687 Norm.,
1367 5618 1494 5690 etc.,
1526 5618 1726 5694 aufert,
1758 5624 1951 5696 aperit,
1983 5623 2132 5696 quod

536 5690 678 5745 infra
711 5692 994 5761 repetitur.

608 5764 628 5796 ³
660 5763 896 5831 tieruet.,
924 5762 1362 5818 dormitaverunt.

2219 1896 2364 1947 mus,
2386 1879 2515 1952 quia
2534 1887 2628 1934 aut
2655 1895 2755 1933 nos
2785 1877 2907 1932 illas
2931 1876 3219 1933 moriendo
3247 1877 3570 1946 deserimus,
3597 1883 3692 1932 aut
3712 1875 3821 1931 illa:

2219 1985 2321 2024 nos
2337 1968 2587 2023 viventes
2605 1964 2759 2039 quasi
2782 1965 3041 2036 deserunt
3060 1965 3364 2037 pereundo.
3387 1965 3672 2035 Agendum
3695 1981 3824 2036 ergo

2219 2058 2379 2114 nobis
2400 2065 2480 2113 est
2506 2065 2569 2112 ut
2595 2072 2679 2112 res
2707 2055 2952 2112 absolute
2977 2054 3266 2126 perituras,
3289 2053 3346 2109 in
3372 2071 3482 2109 non
3503 2061 3822 2126 pereuntem

2220 2165 2477 2221 cogamus
2503 2147 2735 2203 transire
2762 2145 3092 2203 mercedem.

2294 2237 2432 2311 [Vet.
2453 2236 2548 2310 X.]
2571 2237 2659 2294 29.
2680 2237 2976 2292 Peccatoris
2999 2235 3174 2290 oculos
3193 2250 3338 2288 mors
3356 2233 3550 2306 aperit,
3569 2237 3628 2286 ut
3645 2229 3825 2303 fugere

2218 2347 2253 2383 a
2282 2345 2333 2382 se
2363 2328 2494 2382 bona
2528 2327 2841 2398 temporalia
2881 2325 3074 2390 videat,
3101 2340 3413 2396 poenamque
3440 2322 3723 2377 succedere.
3754 2351 3825 2362 —

2221 2416 2324 2472 Sed
2357 2416 2670 2472 mirandum
2699 2415 2856 2470 valde
2883 2423 2966 2471 est
2992 2413 3140 2487 quod
3159 2412 3367 2468 dicitur
3399 2431 3410 2468 :
3449 2413 3580 2469 Cum
3600 2409 3825 2465 dormie-

2221 2507 2316 2569 rit,
2346 2507 2544 2576 aperiet
2587 2508 2762 2560 oculos
2791 2523 2933 2572 suos,
2964 2511 3012 2560 et
3037 2503 3172 2558 nihil
3203 2503 3444 2558 inveniet.
3478 2503 3548 2559 Ut
3575 2500 3826 2558 dormia-

2223 2608 2346 2647 mus
2375 2593 2600 2664 quippe,
2632 2594 2820 2648 oculos
2841 2593 3172 2657 claudimus,
3203 2599 3258 2645 et
3291 2591 3615 2662 evigilantes
3641 2590 3829 2662 aperi-

2225 2697 2365 2735 mus.
2400 2681 2504 2735 Sed
2536 2679 2640 2734 hac
2674 2679 2731 2733 in
2763 2696 2840 2748 re,
2873 2680 3002 2752 quia
3031 2679 3198 2734 homo
3227 2695 3294 2732 ex
3325 2679 3509 2734 anima
3537 2687 3748 2734 constat
3775 2687 3829 2734 et

2224 2785 2472 2840 corpore,
2495 2785 2620 2824 cum
2647 2769 2813 2822 unius
2841 2769 2916 2822 rei
2939 2784 3164 2822 somnus
3193 2767 3418 2835 dicitur,
3445 2768 3670 2823 alterius
3692 2768 3826 2840 vigi-

2223 2858 2312 2914 lia:
2343 2858 2811 2925 demonstrantur,
2843 2857 2973 2929 quia
3000 2874 3124 2912 cum
3153 2873 3353 2928 corpus
3381 2857 3741 2913 obdormiscit
3769 2857 3827 2912 in

2227 2955 2428 3014 morte,
2457 2954 2591 3002 tunc
2633 2946 2816 3002 anima
2847 2945 3070 3017 evigilat
3099 2944 3156 3000 in
3185 2961 3313 3000 vera
3340 2947 3360 2980 5
3392 2946 3722 3017 cognitione.
3758 2947 3830 3001 Et

2227 3036 2432 3092 dormit
2461 3054 2588 3109 ergo
2619 3036 2793 3105 dives,
2827 3044 2880 3092 et
2909 3036 3098 3092 oculos
3126 3035 3320 3106 aperit,
3353 3035 3482 3108 quia
3510 3053 3637 3092 cum
3667 3050 3828 3091 carne

2146 3168 2189 3229 Ο
2230 3131 2484 3198 moritur,
2517 3129 2634 3202 ejus
2660 3129 2844 3185 anima
2876 3127 3063 3184 videre
3093 3128 3330 3200 cogitur,
3362 3128 3511 3201 quod
3543 3128 3829 3201 providere

2226 3221 2573 3293 contempsit.
2594 3221 2745 3277 Tunc
2767 3221 3010 3292 profecto
3032 3219 3089 3274 in
3111 3236 3236 3274 vera
3254 3219 3565 3290 cognitione
3585 3219 3828 3291 evigilat,

2229 3318 2358 3367 tunc
2383 3310 2523 3365 nihil
2554 3327 2667 3366 esse
2694 3309 2962 3382 conspicit
2991 3308 3138 3384 quod
3169 3309 3406 3366 tenebat.
3442 3311 3596 3367 Tunc
3624 3325 3679 3364 se
3697 3313 3717 3344 δ
3742 3325 3830 3363 va-

2227 3419 2382 3458 cuam
2421 3401 2657 3470 invenit,
2681 3417 2800 3474 quae
2823 3401 3040 3472 plenam
3077 3399 3239 3456 rebus
3263 3417 3374 3472 prae
3396 3400 3608 3455 caeteris
3636 3416 3692 3454 se
3722 3399 3832 3454 ho-

2227 3491 2473 3547 minibus
2491 3508 2604 3546 esse
2623 3490 2928 3546 laetabatur.
2947 3489 3186 3557 Dormit,
3205 3497 3256 3545 et
3271 3489 3411 3544 nihil
3432 3506 3616 3544 secum
3633 3488 3830 3556 aufert,

2228 3580 2370 3636 nihil
2389 3581 2652 3636 nimirum
2677 3581 2742 3636 de
2763 3579 2925 3636 rebus
2941 3597 3074 3654 quas
3091 3579 3288 3636 tenuit.
3306 3580 3442 3634 Nam
3467 3578 3628 3650 culpa
3651 3593 3831 3633 rerum

2229 3669 2392 3725 simul
2425 3669 2666 3738 ducitur,
2693 3670 2946 3744 quamvis
2974 3669 3064 3725 hic
3090 3669 3297 3736 omnia,
3326 3685 3424 3740 pro
3445 3667 3647 3740 quibus
3675 3667 3833 3739 culpa

2232 3769 2537 3834 perpetrata.
2584 3769 2684 3828 est,
2720 3761 3122 3833 relinquantur.
3155 3760 3255 3812 Eat
3289 3774 3416 3828 ergo
3448 3773 3617 3822 nunc,
3651 3763 3704 3809 et
3731 3772 3833 3810 ac-

2231 3853 2403 3922 ceptis
2434 3850 2595 3905 rebus
2625 3858 2854 3916 tumeat,
2887 3865 3108 3920 seseque
3136 3863 3302 3917 super
3329 3853 3552 3900 caeteros
3582 3843 3832 3911 extollat,

2234 3939 2496 4011 glorietur
2517 3954 2572 3991 se
2602 3937 2799 3990 habere
2820 3936 2965 4008 quod
2991 3935 3274 4006 proximus
3294 3949 3403 3986 non
3431 3930 3615 3986 habet.
3639 3930 3835 3987 Veniet

2235 4025 2564 4098 quandoque
2609 4030 2823 4094 tempus
2859 4031 2916 4076 ut
2962 4023 3206 4092 evigilet,
3252 4028 3305 4075 et
3355 4028 3488 4075 tunc
3547 4028 3836 4090 cognoscat

2235 4133 2396 4189 quam
2433 4132 2665 4169 vacuum
2699 4114 2867 4169 fuerit
2897 4112 3044 4185 quod
3071 4113 3128 4167 in
3157 4129 3352 4167 somno
3382 4118 3650 4166 tenuerat.
3685 4110 3835 4182 Smpe

2237 4220 2470 4275 namque
2493 4203 2764 4276 contingit
2794 4202 3088 4258 dormienti
3113 4201 3262 4273 inopi
3287 4208 3346 4255 ut
3367 4217 3422 4256 se
3444 4217 3539 4273 per
3558 4198 3836 4255 somnium

2236 4293 2464 4349 divitem
2509 4292 2714 4359 videat,
2745 4300 2908 4364 atque
2937 4307 3006 4345 ex
3031 4289 3234 4345 eisdem
3266 4289 3428 4344 rebus
3464 4289 3712 4344 animum
3744 4304 3837 4343 ex-

2237 4383 2413 4449 tollat,
2447 4382 2662 4438 lmtetur
2690 4399 2746 4437 se
2793 4381 2994 4437 habere
3024 4379 3169 4453 quod
3215 4397 3330 4436 non
3365 4377 3582 4447 habuit,
3616 4377 3843 4452 jamque

2236 4470 2518 4542 dedignari
2551 4479 2758 4543 qumrat
2776 4487 2806 4526 a
2827 4470 3030 4543 quibus
3052 4469 3407 4540 dedignatum
3427 4485 3541 4524 esse
3563 4483 3619 4522 se
3642 4466 3839 4523 doluit.

2237 4562 2340 4616 Sed
2368 4568 2588 4631 repente
2617 4578 2671 4616 ev
2689 4561 2907 4633 igilans,
2933 4560 3222 4632 evigilasse
3249 4577 3302 4615 se
3333 4559 3537 4626 doleat,
3569 4559 3664 4630 qui
3695 4556 3846 4611 inte-

2239 4652 2340 4707 rim
2363 4651 2684 4706 divitiarum
2704 4652 2997 4723 imaginem
3016 4651 3102 4705 vel
3120 4649 3399 4705 dormiens
3421 4645 3846 4704 tenebat.Gemit

2238 4741 2384 4796 enim
2443 4741 2694 4812 protinus
2736 4740 2837 4796 sub
2881 4740 3214 4812 paupertatis
3245 4737 3505 4810 pondere,
3537 4742 3591 4790 et
3642 4733 3844 4806 inopia:

2239 4850 2348 4887 suae
2380 4831 2646 4900 angustiis
2677 4829 2974 4900 premitur;
3009 4835 3061 4880 et
3109 4843 3172 4880 eo
3202 4825 3377 4897 pejus,
3406 4841 3514 4896 quo
3543 4823 3610 4878 ad
3631 4831 3848 4895 tempus

2239 4922 2652 4985 brevissimum,
2683 4920 2767 4973 vel
2799 4933 2969 4973 vacue
2998 4916 3153 4971 dives
3181 4915 3307 4970 fuit.
3341 4913 3431 4969 Sic
3468 4913 3546 4969 sic
3577 4912 3845 4968 nimirum

2241 5009 2408 5081 hujus
2437 5009 2629 5064 mundi
2652 5015 2784 5064 sunt
2807 5007 3028 5074 divites,
3051 5005 3146 5077 qui
3167 5003 3330 5060 rebus
3350 5002 3588 5076 acceptis
3608 5009 3842 5058 tument.

2242 5109 2386 5164 Bene
2405 5107 2614 5180 operari
2635 5107 2702 5162 de
2729 5121 2827 5161 sua
2855 5102 3192 5160 abundantia
3219 5101 3494 5170 nesciunt,
3525 5097 3671 5155 569
3691 5099 3846 5172 quasi

2233 5197 2567 5253 dormientes
2595 5204 2722 5252 sunt
2748 5195 2974 5255 divites;
3009 5193 3104 5248 sed
3133 5199 3506 5264 paupertatem
3537 5208 3689 5247 suam
3720 5191 3849 5247 evi-

2237 5287 2469 5358 gilantes
2490 5285 2805 5350 inveniunt,
2824 5282 2951 5354 quia
2969 5280 3110 5336 nihil
3129 5297 3312 5338 secum
3330 5281 3398 5336 ad
3415 5279 3553 5336 illud
3567 5278 3846 5351 judicium

2237 5374 2381 5446 quod
2431 5379 2743 5444 permaneat
2795 5370 3001 5437 ferunt,
3032 5377 3088 5424 et
3131 5378 3341 5442 quanto
3390 5385 3540 5425 nunc
3576 5367 3646 5423 ad
3675 5368 3843 5424 breve

2318 5555 2333 5630 ξ
2369 5552 2588 5630 Erimus
2621 5550 2814 5630 Laud,
2843 5550 3114 5630 penditur.

2313 5626 2332 5656 ⁵
2370 5622 2612 5689 Ebroic..,
2645 5622 2973 5690 cogitatione.

2315 5697 2335 5728 ο
2369 5694 2638 5765 Plerique,
2690 5712 2913 5749 vacuum
2955 5693 3154 5750 invenit
3203 5689 3296 5761 qui
3343 5691 3582 5762 plenum,
3611 5695 3742 5760 etc.,
3795 5697 3850 5746 et

2243 5765 2465 5838 quidem
2491 5765 2702 5838 optimo
2726 5781 2906 5822 sensu.
