4172 6184
366 220 431 275 53
1106 215 1477 273 MORALIUM
1516 215 1647 272 LIB.
1692 215 1890 273 XVIII.
1932 245 2002 255 —
2044 214 2115 271 IN
2153 213 2381 270 CAPUT
2420 212 2629 268 XXVII
2670 214 2732 269 B.
2773 213 2913 268 .IOB.
3593 218 3663 273 ἔἱᾷ

372 358 585 419 tempus
608 341 894 399 sublimius
921 341 1047 397 elati
1078 351 1227 412 sunt,
1249 350 1402 399 tanto
1418 351 1678 398 contrase
1700 342 1756 397 in
1774 358 1958 413 perpe-
1992 344 2037 402 Α
2070 338 2250 408 nifeste
2292 337 2474 400 veniet,
2522 338 2661 391 Deus
2704 342 2903 402 noster,
2946 345 2993 391 et
3036 355 3143 393 non
3188 338 3402 406 silebit;
3445 340 3583 412 ignis
3620 343 3676 398 in

375 445 524 492 tuum
540 432 749 505 gravius
774 432 1160 503 ingemiscant.
1182 433 1335 489 Dicat
1355 450 1481 506 ergo
1508 452 1517 489 :
1551 432 1765 504 Aperiet
1785 435 1959 488 oculos

378 544 507 591 suos,
532 532 577 580 et
600 524 733 579 nihil
760 524 1006 590 inveniet,
1052 523 1181 597 quia
1221 524 1339 580 illic
1366 524 1540 596 aperit
1573 523 1641 579 ad
1669 524 1957 594 supplicia,

376 633 497 689 quos
522 613 610 669 hic
639 613 708 668 ad
754 613 1186 670 misericordiam
1231 615 1443 671 clausos
1486 614 1720 670 tenebat.
1773 614 1962 686 Aperit

371 704 541 762 oculos
563 720 716 771 suos,
743 711 797 759 et
826 702 1043 775 pietatis
1065 704 1305 760 fructum
1328 722 1438 761 non
1460 703 1693 771 invenit,
1717 720 1853 776 quos
1872 703 1963 760 hic

365 796 564 849 clausos
594 793 779 849 tenuit
792 809 921 850 cum
947 796 961 828 ¹
982 793 1216 850 invenit.
1241 794 1413 850 Tarde
1432 810 1649 867 quoque
1671 793 1751 848 illi
1773 795 1965 850 oculos

361 883 626 957 aperiunt,
659 884 781 956 qui,
813 890 948 940 teste
976 884 1273 957 Sapientia,
1301 884 1671 940 damnationis
1700 901 1809 940 sua:
1830 892 1963 939 tem-

361 990 480 1046 pore
513 972 725 1029 dicturi
754 973 1101 1029 referuntur:
1137 975 1277 1041 Quid
1294 975 1441 1030 nobis
1464 975 1675 1047 profuit
1696 975 1964 1046 superbia,

358 1061 667 1117 divitiarum
689 1061 960 1132 jactantia
989 1063 1121 1133 quid
1146 1064 1367 1119 contulit
1392 1064 1579 1120 nobis?
1616 1065 1969 1121 Transierunt

358 1153 527 1208 omnia
545 1152 651 1208 illa
675 1157 929 1222 tanquam
950 1152 1161 1218 umbra,
1182 1159 1229 1208 et
1249 1158 1499 1225 tanquam
1518 1156 1735 1210 nuntius
1752 1172 1967 1226 pereur-

360 1258 473 1296 rens
512 1242 668 1313 (Sap.
704 1257 763 1308 v,
793 1242 873 1312 8).
910 1240 1059 1297 Vilia
1088 1249 1142 1296 et
1168 1242 1403 1315 fugitiva
1432 1243 1602 1301 fuisse
1633 1261 1753 1317 quae
1784 1253 1969 1302 tenue.

360 1338 499 1398 rant,
524 1329 640 1401 jam
673 1330 875 1388 amissa
902 1341 1265 1403 cognoscunt,
1297 1350 1417 1407 quae
1456 1335 1703 1408 quandiu
1745 1336 1972 1392 aderant

360 1420 537 1476 stultis
563 1436 762 1476 eorum
792 1421 1052 1478 cordibus
1071 1429 1125 1477 et
1141 1439 1337 1494 magna
1355 1431 1410 1479 et
1436 1440 1691 1481 mansura
1712 1426 1972 1481 videban-

359 1496 464 1565 tur.
499 1510 633 1567 Sero
662 1510 823 1567 dives
850 1512 1065 1583 aperuit
1092 1514 1282 1570 oculos
1306 1515 1457 1584 (Luc.
1482 1532 1601 1583 xvr,
1619 1516 1735 1586 23),
1754 1515 1974 1588 quando

360 1600 619 1656 Lazarum
651 1601 1085 1675 requiescentem
1116 1603 1279 1672 vidit,
1327 1620 1489 1677 quem
1531 1603 1802 1676 jacentem
1850 1613 1975 1660 ante

2068 434 2333 499 conspectu
2373 425 2485 495 ejus
2518 426 2537 458 ⁸
2566 424 2791 490 ardebit,
2821 430 2869 479 et
2899 425 2951 479 in
2988 426 3209 482 circuitu
3247 430 3359 499 ejus
3408 436 3677 503 tempestas

2069 520 2251 575 calida
2275 518 2499 591 (Psalm.
2533 533 2688 584 xmx,
2710 516 2790 588 3).
2822 519 2899 573 De
2926 532 3035 589 qua
3059 524 3379 589 tempestate
3393 522 3561 579 etiam
3586 523 3676 580 Sa-

2070 607 2279 683 pientia
2306 624 2401 680 per
2430 607 2777 673 Salomonem
2808 605 2973 664 dicit:
3003 608 3117 678 Ego
3146 623 3348 678 quoque
3375 608 3431 663 in
3458 610 3679 667 interitu

2074 706 2241 755 vestro
2272 698 2473 762 ridebo,
2504 704 2550 753 et
2578 698 2930 764 subsannabo,
2962 714 3077 753 cum
3096 698 3241 753 vobis
3264 699 3405 768 quod
3428 700 3680 757 timebatis

2074 791 2364 857 advenerit,
2393 807 2508 847 eum
2528 791 2753 847 irruerit
2769 791 3037 864 repentina
3057 792 3355 857 calamitas,
3374 799 3422 847 et
3440 791 3682 848 interitus

2075 880 2229 952 quasi
2259 887 2527 952 tempestas
2556 881 2819 952 ingruerit
2848 883 3035 955 Prov.
3070 900 3109 951 ῐ,
3139 883 3253 955 26).
3297 884 3368 938 Et
3409 883 3539 956 quia
3567 883 3684 956 ipsa

2079 972 2295 1027 venturi
2328 973 2512 1028 exitus
2549 973 2858 1044 ignorantia
2888 989 3001 1030 nox
3032 981 3279 1043 vocatur,
3315 982 3476 1031 nocte
3505 976 3684 1047 oppri-

2079 1079 2189 1126 met
2216 1086 2339 1125 eum
2371 1078 2682 1142 tempestas,
2727 1071 2781 1126 id
2820 1079 2900 1128 est
2940 1071 3104 1128 turbo
3150 1088 3275 1129 eum
3319 1072 3497 1130 divini
3539 1069 3686 1129 570

2074 1158 2271 1232 judicii
2301 1159 2431 1214 dum
2468 1161 2680 1229 ignorat
2710 1160 3102 1233 apprehendet.
3139 1162 3282 1220 Hinc
3325 1170 3408 1220 est
3450 1176 3687 1238 namque

2081 1248 2226 1322 quod
2258 1265 2352 1320 per
2380 1249 2725 1321 semetipsam
2758 1251 2974 1307 Véritas
3001 1250 3173 1307 dicit:
3209 1253 3266 1309 Si
3301 1253 3458 1309 sciret
3494 1259 3688 1325 pater-

2080 1336 2319 1408 familias
2347 1355 2453 1408 qua
2481 1338 2611 1393 hora
2646 1338 2743 1408 fur
2772 1340 2987 1405 veniret,
3010 1340 3253 1411 vigilaret
3281 1342 3480 1413 utique,
3510 1349 3687 1398 etnon

2082 1424 2271 1478 sineret
2294 1424 2508 1494 perfodi
2536 1424 2745 1479 domum
2774 1442 2943 1481 suam.
2968 1428 3042 1483 Et
3056 1443 3145 1482 vos
3165 1433 3318 1482 estote
3336 1428 3542 1499 parati,
3563 1428 3690 1499 quia

2083 1529 2189 1582 qua
2218 1513 2348 1567 hora
2398 1530 2499 1567 non
2538 1514 2740 1583 putatis
2780 1515 2951 1569 Filius
2998 1516 3224 1571 hominis
3260 1517 3428 1571 veniet
3474 1517 3688 1587 (Matth.

2084 1618 2243 1669 xxiv,
2276 1602 2389 1673 43).
2418 1602 2558 1659 Hinc
2578 1604 2741 1658 etiam
2760 1613 2951 1661 contra
2976 1605 3182 1662 malum
3202 1621 3423 1662 servum
3450 1605 3687 1663 dicitur:

354 1688 576 1761 ianuam
607 1692 797 1748 videre
825 1694 1175 1766 contempsit.
1208 1695 1580 1751 Intellexitibi
1611 1697 1759 1768 quod
1788 1695 1881 1752 hic
1902 1696 1976 1751 fa-
2008 1711 2056 1771 Β
2087 1690 2145 1748 Si
2172 1699 2345 1747 autem
2372 1693 2569 1747 dixerit
2596 1695 2771 1748 malus
2799 1710 2979 1749 serrus
3002 1696 3092 1751 ille
3118 1696 3176 1751 in
3203 1697 3357 1752 corde
3391 1712 3526 1751 suo:
3565 1694 3691 1754 Μο-

358 1795 477 1837 cere
497 1782 684 1838 noluit
708 1801 721 1850 ;
755 1783 811 1837 in
827 1782 1181 1840 damnatione
1202 1801 1297 1842 sua
1314 1801 1641 1858 cognoscere
1657 1786 1974 1857 compulsus

357 1880 439 1929 est
468 1873 609 1946 quid
639 1873 745 1930 fuit
769 1875 916 1948 quod
944 1875 1204 1948 perdidit,
1237 1877 1455 1951 quando
1485 1877 1823 1949 indigentem
1852 1892 1972 1950 pro-

358 1962 581 2020 ximum
616 1980 726 2022 non
750 1966 994 2038 agnovit.
1030 1969 1109 2023 De
1137 1983 1247 2041 quo
1275 1968 1459 2025 adhuc
1482 1968 1773 2025 subditur:

959 2074 1187 2132 CAPUT
1227 2076 1381 2133 XIX.

426 2160 607 2221 Vnus.
648 2163 737 2221 20.
776 2193 848 2207 -—
876 2164 1243 2237 Apprehendet
1267 2182 1382 2221 eum
1410 2165 1565 2236 quasi
1593 2181 1733 2236 aqua
1765 2162 1969 2235 inopia,

267 2264 300 2293 ι
353 2255 499 2305 nocte
526 2254 794 2324 opprimet
821 2270 939 2311 eum
968 2260 1260 2327 tempestas.

418 2339 511 2397 30.
550 2343 824 2415 Stupenda
851 2345 1064 2417 reprobi
1085 2344 1266 2400 divitis
1289 2349 1408 2415 post
1437 2350 1653 2399 mortem
1684 2342 1885 2414 inopia.
1903 2372 1975 2382 —

352 2427 665 2488 Videamus
694 2450 844 2490 nunc
876 2433 1119 2506 inopiam
1150 2433 1396 2490 ardentis
1410 2432 1621 2501 divitis,
1648 2432 1803 2504 cujus
1824 2438 1976 2487 tanta

348 2518 708 2575 abundantia
734 2521 845 2576 fuit
863 2522 1158 2593 epulantis.
1183 2522 1280 2577 Ait
1299 2522 1448 2576 enim
1474 2540 1485 2576 :
1516 2522 1972 2592 PaterAbraham,

342 2610 618 2662 miserere
642 2611 760 2676 mei,
793 2616 842 2663 et
868 2610 1008 2664 mitte
1036 2610 1329 2674 Lazarum,
1362 2615 1419 2663 ut
1447 2610 1667 2680 intingat
1690 2618 1972 2668 extremum

347 2698 511 2767 digiti
539 2697 634 2751 sui
658 2697 715 2751 in
740 2716 958 2769 aquam,
978 2701 1062 2754 ’et
1081 2699 1357 2769 refrigeret
1375 2700 1605 2770 linguam
1634 2719 1816 2769 meam,
1848 2706 1973 2774 quia

354 2787 579 2841 crucior
606 2786 663 2840 in
692 2784 788 2841 hac
814 2789 1026 2857 ﬂamma
1062 2788 1213 2857 (Luc.
1247 2804 1366 2857 xvr,
1399 2788 1512 2859 24).
1556 2791 1765 2859 Quibus
1796 2793 1975 2850 verbis

358 2877 517 2933 nobis
547 2892 663 2932 non
693 2875 797 2933 hoc
827 2877 1211 2946 innotescitur,
1230 2878 1358 2951 quia
1384 2879 1500 2935 illic
1526 2880 1583 2935 in
1601 2888 1753 2937 tanto
1782 2882 1973 2939 ardore

357 2981 465 3021 una
490 2973 633 3022 tunc
662 2965 731 3021 ad
759 2966 1143 3024 sufﬁcientiam
1167 2969 1435 3040 refrigerii
1461 2986 1612 3043 aquze
1635 2971 1781 3026 stilla
1798 2971 1973 3044 requi-

362 3065 535 3123 ratur,
583 3055 679 3111 sed
724 3055 871 3130 quod
918 3056 966 3113 is
1011 3057 1105 3130 qui
1153 3056 1220 3113 de
1269 3058 1610 3115 abundantia
1652 3062 1984 3147 peccaverit,

362 3146 477 3203 illic
506 3152 775 3202 mstuante
803 3146 972 3203 nimis
1010 3156 1283 3203 cremetur
1309 3148 1514 3221 inopia.
1552 3150 1816 3207 Videmus
1832 3150 1979 3207 enim

369 3236 427 3293 in
452 3236 646 3293 verbis
689 3236 882 3293 divitis
910 3254 981 3293 ex
1010 3237 1374 3295 subtilissimo
1416 3240 1515 3295 Dei
1556 3239 1769 3312 judicio
1816 3259 1979 3315 quam

366 3327 529 3399 digna
562 3325 658 3383 tali
687 3327 862 3400 culpae
906 3344 1065 3402 poena
1102 3328 1465 3402 responderit.
1506 3331 1714 3403 Agente
1747 3349 1981 3405 namque

368 3416 580 3490 inOpia,
612 3420 631 3453 ³
664 3418 782 3474 illic
808 3434 981 3492 usque
1010 3418 1078 3475 ad
1120 3419 1350 3475 minima
1390 3420 1623 3492 petenda
1666 3423 1983 3494 compulsus

370 3515 472 3577 est,
504 3510 600 3580 qui
626 3508 739 3578 hic,
769 3517 957 3584 agente
996 3511 1228 3579 tenacia,
1272 3527 1445 3584 usque
1486 3513 1553 3568 ad
1602 3513 1833 3569 minima
1876 3531 1982 3569 ne—

377 3597 555 3667 ganda
578 3598 842 3667 pervenit.
877 3598 1022 3666 Quid
1049 3599 1279 3656 retribui
1310 3600 1594 3671 subtilius,
1636 3604 1767 3675 quid
1798 3604 1982 3659 distri-

380 3685 527 3741 ctius
551 3686 774 3758 potest?
814 3688 1031 3745 Guttam
1062 3706 1216 3761 aqua:
1265 3692 1421 3761 petit,
1463 3691 1556 3762 qui
1607 3692 1776 3748 micas
1826 3694 1983 3764 panis

382 3774 617 3845 negavit.
662 3775 1035 3848 Apprehendit
1063 3794 1192 3851 ergo
1222 3795 1348 3834 eum
1393 3778 1549 3852 quasi
1591 3795 1730 3851 aqua
1774 3781 1977 3853 inopia.

375 3862 493 3919 Non
526 3863 805 3920 immerito
832 3880 985 3939 aquae
1042 3873 1175 3922 tunc
1238 3867 1336 3923 illa
1383 3866 1569 3940 inopia
1613 3877 1979 3940 comparatur,

376 3955 396 3987 ὀ
416 3953 545 4026 quia
573 3954 632 4010 in
666 3955 887 4013 inferno
913 3958 1145 4026 cruciat,
1167 3958 1262 4031 qui
1291 3967 1571 4031 susceptos
1598 3958 1653 4014 in
1690 3961 1983 4032 profundis

379 4044 690 4116 absorbens,
720 4048 858 4104 solet
901 4049 1051 4106 lacus
1078 4050 1302 4105 nomine
1351 4050 1642 4121 designari.
1694 4050 1847 4106 Unde
1887 4068 1984 4124 per

379 4134 696 4207 prOphetam
746 4154 963 4212 quoque
1014 4138 1243 4194 humani
1287 4138 1499 4209 generis
1547 4155 1680 4195 voce
1729 4139 1978 4195 dicitur:

381 4223 552 4295 Lapsa
578 4233 653 4281 est
678 4226 735 4281 in
765 4228 938 4283 lacum
964 4229 1073 4285 vita
1102 4246 1215 4285 mea
1248 4230 1471 4300 (Thren.
1500 4246 1583 4297 III,
1614 4228 1729 4301 53).
1758 4230 1981 4302 Erepto-

383 4328 500 4367 rum
530 4329 660 4370 vero
694 4316 1062 4374 exsultatione
1092 4325 1344 4374 cantatur
1373 4336 1383 4374 :
1421 4317 1641 4373 Domine
1664 4318 1801 4372 Deus
1820 4335 1982 4388 meus,

2087 1800 2203 1838 ram
2233 1782 2365 1851 facit
2392 1782 2633 1837 dominus
2660 1799 2804 1838 meus
2840 1785 3035 1851 venire,
3088 1792 3135 1841 et
3176 1785 3386 1857 coeperit
3423 1791 3695 1857 percutere

2086 1888 2357 1928 conservos
2386 1888 2543 1937 suos;
2572 1874 2847 1928 manducet
2871 1881 3046 1929 autem
3081 1881 3129 1930 et
3167 1864 3309 1930 bibat
3349 1889 3467 1930 cum
3511 1872 3691 1941 ebriis,

2086 1962 2253 2017 veniet
2275 1960 2518 2015 dominus
2545 1964 2682 2017 serri
2702 1963 2850 2019 illius
2868 1963 2921 2018 in
2936 1963 3017 2019 die
3030 1979 3137 2034 qua
3154 1979 3259 2019 non
3280 1969 3478 2036 sperat,
3500 1969 3548 2019 et
3559 1964 3693 2020 hora

2087 2068 2193 2124 qua
2224 2051 2435 2123 ignorat
2463 2053 2650 2123 (Ibid,
2682 2053 2796 2126 48).
2831 2054 2972 2112 Hinc
2994 2056 3196 2112 Paulus
3214 2054 3504 2127 discipulis
3522 2054 3689 2113 dicit:

2096 2141 2194 2200 Vos
2222 2148 2415 2207 autem,
2448 2141 2666 2212 fratres,
2696 2160 2801 2199 non
2830 2145 2948 2198 estis
2983 2144 3040 2199 in
3078 2145 3317 2214 tenebris,
3362 2152 3420 2200 ut
3452 2162 3542 2201 vos
3586 2146 3695 2201 dies

2085 2230 2187 2288 illa
2230 2238 2479 2303 tanquam
2509 2233 2604 2303 fur
2630 2235 3046 2305 comprehendat.
3095 2236 3284 2292 Omnes
3310 2235 3446 2291 enim
3475 2252 3565 2291 vos
3594 2236 3696 2308 ﬁlii

2090 2320 2221 2376 lucis
2247 2321 2389 2387 estis,
2406 2328 2454 2376 et
2479 2322 2580 2393 ﬁlii
2606 2322 2752 2388 diei;
2790 2341 2889 2378 non
2920 2341 3099 2379 sumus
3143 2326 3308 2380 noctis
3351 2341 3515 2394 neque
3550 2330 3698 2378 tene—

2088 2411 2309 2466 brarum
2332 2411 2389 2480 (Ι
2409 2411 2580 2466 Thess.
2603 2411 2751 2481 νβ).
2778 2413 2879 2466 llic
2897 2412 3236 2482 superbienti
3258 2412 3421 2467 diviti
3441 2411 3541 2467 Dei
3561 2426 3696 2467 voce

2086 2500 2293 2557 dicitur
2315 2518 2328 2555 :
2365 2500 2550 2566 Stulte,
2581 2500 2678 2555 hac
2703 2508 2848 2557 nocte
2875 2502 3110 2558 animam
3141 2510 3286 2560 tuam
3302 2507 3591 2576 repetunta
3614 2510 3699 2569 te;

2086 2609 2202 2663 qua:
2240 2597 2415 2647 autem
2451 2591 2796 2663 prteparasti,
2842 2593 2995 2663 cujus
3036 2598 3193 2647 erunt
3225 2592 3376 2665 (Luc.
3419 2607 3521 2662 xu,
3551 2591 3645 2664 20)
3668 2591 3698 2648 ?

2085 2682 2253 2739 Nocte
2278 2681 2518 2737 animam
2550 2681 2775 2737 reddere
2804 2681 3124 2754 perhibetur
3159 2681 3277 2755 qui,
3325 2689 3559 2739 mortem
3585 2697 3695 2738 non

2086 2772 2414 2846 prawidens,
2446 2771 2504 2827 in
2534 2771 2773 2828 tenebris
2804 2772 2986 2829 cordis
3020 2772 3374 2829 abstrahitur.
3406 2772 3503 2829 Ait
3529 2787 3696 2845 ergo:

2086 2864 2245 2921 Nocte
2272 2862 2529 2935 opprimet
2557 2879 2671 2917 eum
2703 2868 2993 2934 tempestas.
3045 2862 3184 2930 Quia
3232 2862 3381 2919 enim
3429 2877 3541 2919 non
3576 2862 3701 2918 vult

2085 2968 2241 3024 agere
2282 2952 2426 3008 bona
2465 2968 2584 3024 quae
2617 2951 2788 3020 videt,
2831 2951 3264 3024 deprehenditur
3309 2950 3567 3007 interitus
3611 2950 3697 3008 sui

2018 3070 2061 3131 ο
2092 3050 2411 3115 tempestate
2440 3058 2605 3116 quam
2633 3058 2745 3100 non
2762 3042 2932 3099 videt.
2957 3045 3035 3099 De
3057 3059 3167 3117 quo
3189 3041 3371 3100 adhuc
3398 3040 3692 3099 subditur:

2690 3150 2920 3209 CAPUT
2964 3150 3092 3207 XX.

2160 3243 2328 3299 Vens.
2359 3244 2447 3299 21.
2471 3273 2542 3284 -
2576 3244 2742 3300 Tollet
2767 3260 2884 3299 eum
2911 3249 3091 3298 ventus
3124 3260 3305 3312 urens,
3345 3244 3367 3278 θ
3397 3249 3446 3298 et
3471 3239 3695 3312 auferet.

2161 3331 2248 3387 32.
2281 3332 2574 3403 Auferetur
2614 3352 2647 3388 a
2690 3333 2921 3399 diabolo,
2966 3332 3058 3404 qui
3084 3333 3269 3388 merito
3298 3332 3494 3387 dicitur
3520 3337 3701 3386 ventus

2092 3435 2266 3475 urens.
2299 3450 2370 3461 —
2398 3421 2536 3489 Quis
2564 3420 2670 3478 hoc
2699 3422 2819 3478 loco
2849 3428 3048 3478 ventus
3073 3437 3259 3491 urens,
3290 3419 3399 3477 nisi
3427 3417 3700 3492 malignus

2090 3509 2319 3582 spiritus
2346 3518 2594 3580 vocatur,
2625 3512 2720 3585 qui
2741 3511 3143 3569 desideriorum
3172 3511 3420 3567 ﬂammas
3449 3508 3506 3565 in
3536 3508 3699 3566 corde

2089 3599 2316 3669 excitat,
2352 3607 2413 3655 ut
2433 3602 2500 3657 ad
2522 3601 2884 3658 aeternitatem
2905 3601 3303 3675 suppliciorum
3327 3598 3554 3655 trahat?
3575 3598 3700 3654 Per-

2091 3704 2309 3745 versum
2339 3707 2467 3762 ergo
2499 3692 2799 3763 quemlibet
2826 3701 3027 3749 ventus
3053 3708 3218 3748 urens
3245 3690 3437 3747 tollere
3475 3688 3700 3758 dicitur,

2091 3779 2221 3848 quia
2238 3778 2528 3834 insidiator
2552 3781 2824 3851 malignus
2842 3781 3089 3852 spiritus,
3113 3779 3498 3853 quiviventem
3515 3793 3701 3849 quem-

2091 3882 2196 3938 que
2225 3866 2473 3921 accendit
2502 3868 2568 3921 ad
2592 3869 2748 3934 vitia,
2775 3869 3100 3920 morientem
3125 3868 3297 3920 trahit
3316 3866 3384 3920 ad
3406 3872 3698 3919 tormenta.

2090 3956 2226 4013 Nam
2257 3954 2386 4027 quia
2416 3963 2614 4010 ventus
2643 3971 2806 4010 urens
2837 3954 3160 4009 immundus
3197 3953 3423 4026 spiritus
3452 3953 3590 4008 solet
3619 3952 3701 4007 in-

2090 4045 2286 4118 telligi,
2336 4044 2430 4117 qui
2477 4045 2633 4100 make
2662 4042 3022 4116 suggestionis
3051 4042 3183 4098 ﬂatu
3215 4042 3282 4099 ad
3321 4050 3535 4098 terrena
3562 4042 3702 4099 desi-

2091 4136 2241 4192 deria
2272 4134 2589 4207 iniquorum
2623 4136 2781 4192 corda
2813 4133 3118 4201 succendit,
3150 4133 3412 4189 Jeremias
3437 4132 3703 4205 propheta

2090 4234 2341 4294 testatur,
2373 4225 2595 4282 dicens:
2651 4227 2825 4281 Ollam
2868 4242 3159 4279 succensum
3203 4242 3291 4296 ego
3324 4224 3489 4290 rideo,
3520 4229 3567 4278 et
3605 4222 3703 4292 fa—

2091 4318 2217 4374 ciem
2247 4317 2358 4388 ejus
2377 4336 2409 4371 a
2440 4316 2573 4387 fat-ie
2601 4316 2883 4386 Aquilonis
2913 4317 3125 4387 (Jerem.
3161 4334 3200 4385 ι,
3236 4315 3346 4388 13).
3385 4314 3506 4371 Olla
3536 4330 3703 4369 nam—

388 4404 605 4459 elamavi
630 4407 701 4461 ad
732 4413 796 4474 te,
827 4410 848 4443 ⁵
871 4413 921 4463 et
947 4409 1151 4465 sanasti
1178 4426 1287 4475 me;
1310 4409 1550 4473 Domine,
1577 4408 1891 4463 abstraxisti
1920 4409 1983 4464 ab
2016 4438 2064 4497 D
2095 4424 2199 4481 que
2227 4422 2486 4463 succensa
2523 4413 2603 4461 est
2641 4423 2734 4462 cor
2782 4405 3108 4475 humanum,
3136 4404 3485 4473 saecularium
3535 4420 3702 4461 cura-

384 4491 575 4562 inferis
600 4495 826 4553 animam
854 4514 1044 4568 meam,
1076 4499 1296 4557 salvasti
1326 4515 1402 4555 me
1431 4517 1463 4553 at
1494 4497 1910 4553 descendentibus
1934 4498 1987 4553 in

388 4586 555 4639 laeiim
578 4586 744 4656 (Psal.
778 4606 939 4660 xxxx,
972 4590 1050 4661 3).

452 4674 590 4748 [νει.
624 4677 749 4752 XL]
782 4680 869 4736 31.
902 4679 1303 4749 Dicinijudieii
1345 4681 1517 4745 turbo,
1557 4697 1661 4749 qua
1702 4696 1802 4733 non
1834 4686 1992 4751 putat

388 4764 531 4831 hora,
564 4766 780 4837 ideoque
819 4778 980 4836 nocte,
1012 4788 1123 4826 eum
1156 4770 1430 4842 opprimet.
1478 4800 1549 4810 —
1602 4769 1757 4824 Nocte
1796 4770 1992 4840 oppri-

388 4862 479 4909 met
504 4873 619 4911 eum
651 4864 940 4928 tempestas.
974 4863 994 4895 θ
1019 4859 1164 4928 Quid
1194 4860 1299 4915 hoc
1330 4861 1448 4915 loco
1477 4867 1717 4925 noctem,
1750 4858 1853 4913 nisi
1884 4859 1990 4914 ab-

387 4947 695 5004 sconditum
733 4956 955 5021 tempus
994 4948 1265 5023 repentini
1297 4949 1481 5005 exitus
1508 4951 1744 5021 appellat
1770 4950 1791 5005 .9
1821 4950 1991 5004 Tem-

387 5037 608 5106 pestatis
654 5054 786 5095 vero
841 5039 1085 5108 nomine,
1140 5038 1337 5110 judicii
1398 5038 1673 5094 turbinem
1719 5037 1985 5109 designat.

385 5125 539 5192 Quod
568 5126 735 5185 etiam
768 5127 1055 5183 Psalmista
1090 5135 1341 5197 testatur,
1381 5127 1603 5184 dicens:
1632 5129 1650 5161 τ
1684 5128 1820 5183 Deus
1866 5146 1989 5182 ma-

458 5328 588 5398 tlta
624 5327 925 5395 Bellovac.,
967 5328 1149 5383 Norm.
1202 5344 1266 5384 ac
1314 5334 1424 5383 vet.
1478 5326 1627 5382 Edit.
1677 5327 1735 5382 In
1782 5334 1982 5398 poster.

388 5397 488 5453 Ed.
502 5441 516 5466 ,
550 5399 763 5455 viveret.

456 5471 477 5504 ³
507 5470 542 5525 2
573 5469 774 5538 Laud.,
804 5478 862 5525 ut
886 5470 1180 5541 refrigeret.

455 5544 477 5615 'f'
510 5542 683 5615 ptio,
712 5543 841 5599 illuc
864 5559 1045 5615 usque.

455 5613 478 5646 ⁴
510 5613 708 5669 Pratel.
755 5630 818 5671 ac
856 5612 975 5671 eaet.
1020 5616 1233 5681 Norm.,
1278 5630 1394 5683 qua:
1436 5614 1493 5669 in
1540 5614 1747 5684 inferno
1788 5612 1991 5683 cruciat

386 5700 504 5754 qua:
531 5692 815 5756 susceptos,
844 5693 947 5743 etc.

2094 4513 2219 4569 rum
2231 4496 2540 4563 ardoribus,
2554 4495 3058 4568 desideriorumque
3075 4494 3447 4553 anxietatibus
3462 4493 3698 4551 fervens.

2096 4589 2228 4659 Quae
2257 4604 2287 4644 a
2323 4586 2462 4644 facie
2506 4586 2797 4661 Aquilonis
2842 4587 3212 4656 succenditur,
3263 4588 3319 4644 id
3370 4595 3452 4644 est
3498 4583 3702 4642 diaboli

2097 4678 2534 4753 suggestionibus
2559 4676 2949 4734 inﬂammatur.
2970 4679 3087 4751 Ipse
3104 4678 3249 4733 enim
3265 4676 3451 4735 vocari
3478 4673 3703 4731 nomine

2098 4771 2391 4844 Aquilonis
2434 4770 2590 4838 solet,
2623 4770 2715 4841 qui
2747 4767 2891 4824 dixit
2926 4787 2936 4824 ;
2986 4768 3174 4825 Sedebo
3223 4768 3276 4823 in
3322 4772 3493 4822 monte
3539 4767 3703 4817 testa-

2097 4861 2277 4927 menti,
2314 4861 2365 4914 in
2399 4861 2647 4915 lateribus
2677 4858 2979 4929 Aquilonis,
3010 4859 3287 4913 ascendam
3321 4870 3479 4924 super
3506 4851 3703 4905 altitu—

2098 4952 2269 5006 dinem
2302 4951 2515 5006 nubium
2546 4949 2699 5019 (Isai.
2725 4948 2973 5017 x1v,l3).
3004 4946 3087 5002 Ad
3118 4946 3284 5016 hujus
3302 4940 3469 5011 igitur
3486 4939 3705 4995 urentia

2099 5041 2252 5096 venti
2282 5039 2713 5114 uniuscujusque
2743 5037 2899 5095 electi
2932 5052 3085 5093 mens
3109 5029 3393 5089 adustione
3422 5035 3703 5102 tempera-

2095 5139 2208 5201 tur,
2229 5130 2449 5205 quando
2466 5130 2523 5187 in
2554 5147 2618 5187 ea
2636 5130 2901 5186 vitiorum
2922 5126 3108 5180 fervor
3126 5119 3519 5193 exstinguitur,
3545 5128 3599 5177 et
3614 5120 3701 5176 de-

2168 5328 2190 5362 ⁵
2222 5328 2301 5382 Ita
2330 5328 2539 5389 Germ.,
2572 5322 2767 5386 Laud.,
2802 5317 3036 5385 Bellov.,
3066 5314 3230 5373 Corb.
3265 5318 3476 5384 Germ.,
3508 5315 3696 5372 Norm.

2098 5405 2151 5453 et
2174 5398 2291 5464 alii,
2324 5396 2419 5451 ubi
2450 5393 2621 5459 Editi,
2653 5399 2699 5446 et
2726 5390 3069 5464 salvastime.
3567 5420 3573 5431 .

2171 5470 2192 5503 ο
2223 5461 2390 5533 Utic.,
2428 5465 2650 5532 Pratel.,
2681 5470 2812 5531 etc.,
2840 5462 2968 5533 quid
2996 5461 3095 5516 hie.

2171 5480 2192 5503 υ
2226 5480 2390 5533 Ltic.,
2430 5480 2650 5532 l’l‘att’l.,
2681 5480 2812 5531 etc.,
2880 5480 2965 5516 ma
2996 5480 3004 5516 t

2171 5542 2190 5575 ⁷
2225 5541 2249 5595 1
2278 5538 2474 5605 Laud.,
2508 5537 2647 5591 Deus
2674 5480 3004 5605 niani/astus.

2173 5613 2193 5646 ⁸
2223 5612 2432 5667 Gemet.
2468 5615 2521 5663 et
2548 5607 2713 5679 plur.,
2751 5608 3070 5662 eatardeseet.
3118 5676 3132 5679 _
3228 5676 3251 5679 ᾗ
3512 5672 3557 5679 __
3648 5626 3653 5633 ν

2171 5686 2192 5719 9
2224 5681 2515 5737 Omittitur
2538 5672 2583 5733 et
2609 5672 2813 5749 auferet
2844 5680 2895 5733 in
2932 5680 2951 5731 l
2987 5676 3182 5743 Laud.,
3213 5676 3396 5731 Germ.
3432 5681 3485 5729 et
3512 5672 3703 5752 Norm.
