4172 6184
447 235 518 288 iiii
1640 183 1907 286 ‘SANCTI
1943 231 2283 290 GREGORII
2317 231 2543 289 MAGNI
2896 281 2912 294 κ
3686 245 3758 302 56

445 360 774 435 sideriqrum
803 357 1107 416 carnalium
1137 355 1359 414 ﬂamma
1383 355 1646 430 frigescit.
1671 355 1826 414 Unde
1845 365 2050 414 etsan-
2075 365 2128 427 Α
2153 358 2339 416 emisit
2363 366 2427 416 ut
2451 367 2717 433 parceret,
2745 361 2816 420 ad
2835 361 2942 420 hoc
2967 362 3173 420 emittit
3197 365 3527 442 quandoque
3547 383 3618 426 ne
3641 385 3763 443 par-

444 457 534 508 cta
557 448 806 506 Ecclesia
830 448 892 504 in
917 447 1102 520 sponsi
1131 447 1217 502 sui
1247 445 1501 504 laudibus
1523 447 1649 503 laeta
1667 447 1900 504 clamat:
1941 448 2046 504 Sub

444 539 634 596 umbra
659 538 810 610 illius
835 539 854 574 ί
884 553 1037 607 quem
1063 536 1485 592 desideraveram
1511 535 1622 592 sedi
1655 536 1837 610 (Cant.
1870 555 1933 608 ιι,
1963 538 2042 611 3).

443 631 523 687 De
550 628 718 700 hujus
743 625 956 682 ardoris
980 625 1244 700 temperie
1261 626 1314 682 ei
1342 641 1440 700 per
1466 625 1661 683 Isaiam
1691 628 2046 700 promittente

441 717 681 776 Domino
716 715 954 774 dicitur:
999 717 1111 774 Pro
1156 718 1398 775 saliunca
1443 718 1466 754 ³
1509 719 1749 775 ascendet
1790 719 1954 786 abies,
2000 725 2051 774 et

436 823 540 878 pro
567 805 741 861 urtica
765 813 955 862 crescet
977 812 1184 878 myrtus
1205 807 1361 882 (Isai.
1393 825 1485 877 Lv,
1518 808 1630 881 13).
1667 809 1773 865 Pro
1801 807 2048 866 saliunca

440 909 679 968 namque
717 893 776 950 in
818 911 882 952 ea
927 895 1174 954 ascendit
1220 896 1390 966 abies,
1441 896 1576 954 dum
1625 897 1684 953 in
1727 905 2044 955 sanctorum

440 982 604 1039 corde
651 999 750 1056 pro
792 983 1099 1057 abjectione
1141 994 1371 1043 terrenae
1414 987 1766 1060 cogitationis
1808 987 2044 1045 altitudo

438 1089 688 1146 supernae
716 1075 1195 1148 contemplationis
1220 1075 1488 1134 exoritur.
1512 1077 1698 1136 Urtica
1712 1093 1844 1134 vero
1873 1078 2046 1152 igneae

438 1162 668 1220 omnino
709 1172 918 1222 natura:
965 1173 1066 1222 est.
1103 1167 1126 1201 ³
1173 1166 1390 1238 Myrtus
1439 1173 1622 1223 autem
1672 1167 2046 1241 temperativaa

435 1253 614 1310 fertur
638 1269 754 1311 esse
783 1254 1027 1312 virtutis.
1059 1256 1164 1312 Pro
1185 1257 1364 1314 urtica
1392 1257 1562 1330 igitur
1584 1258 1781 1315 crescit
1807 1267 2043 1333 myrtus,

437 1359 564 1400 cum
587 1343 864 1416 justorum
885 1351 1097 1402 mentes
1118 1361 1150 1402 a
1177 1345 1458 1419 prurigine
1477 1355 1534 1404 et
1557 1347 1752 1406 ardore
1778 1348 2045 1406 vitiorum

435 1433 507 1489 ad
515 1435 914 1506 cogitationum
931 1435 1250 1508 temperiem
1273 1438 1838 1512 tranquillitatemque
1857 1456 2044 1513 perve-

434 1523 620 1594 niunt,
651 1525 786 1582 dum
803 1524 918 1597 jam
946 1534 1164 1583 terrena
1195 1543 1308 1584 non
1337 1535 1621 1601 appetunt,
1643 1529 1776 1586 dum
1798 1529 2046 1586 ﬂammas

431 1611 617 1670 carnis
645 1612 934 1672 desideriis
960 1615 1279 1672 cmlestibus
1307 1617 1690 1690 exstinguunt.

505 1696 646 1792 [γει.
677 1701 836 1778 ΧΙΙ.]
869 1704 956 1762 33.
999 1705 1190 1764 Mentis
1226 1704 1566 1778 refrigerium
1608 1708 1802 1765 Maria:
1837 1709 2040 1767 datum.
2071 1731 2118 1792 B

430 1821 503 1835 —
524 1789 759 1865 Propter
789 1792 896 1852 hoc
924 1809 1142 1868 quoque
1183 1795 1384 1852 mentis
1429 1795 1776 1868 refrigerium
1824 1798 2042 1856 caelitus

431 1881 621 1938 datum
650 1883 834 1940 Mariae
853 1882 1090 1940 dicitur:
1119 1884 1300 1942 Virtus
1317 1885 1582 1942 Altissimi
1595 1887 1928 1944 obumbrabit
1951 1889 2043 1946 tibi

435 1970 587 2044 (Luc.
638 1988 679 2040 ι,
713 1969 828 2044 35).
873 1969 1138 2040 Quamvis
1169 1971 1274 2030 hac
1301 1973 1361 2030 in
1389 1990 1447 2030 re
1479 1991 1576 2048 per
1603 1976 2042 2034 obumbrationis

431 2066 572 2125 571
603 2060 934 2118 vocabulum
980 2061 1305 2120 incarnandi
1333 2064 1433 2122 Dei
1463 2073 1694 2139 utraque
1723 2067 1906 2139 potuit
1933 2083 2043 2123 na-

431 2168 556 2217 tura
581 2159 808 2234 signari.
838 2160 1042 2218 Umbra
1068 2162 1219 2219 enim
1243 2179 1276 2219 a
1307 2163 1516 2222 lumine
1540 2165 1812 2222 formatur
1843 2175 1898 2223 et
1925 2185 2041 2226 cor-

430 2266 584 2325 pore.
612 2251 888 2309 Dominus
930 2261 1114 2310 autem
1159 2269 1257 2326 per
1302 2253 1654 2312 divinitatem
1699 2257 1888 2314 lumen
1937 2265 2039 2329 est,

430 2340 550 2414 qui,
578 2341 854 2398 mediante
897 2341 1106 2412 anima,
1145 2343 1206 2399 in
1245 2341 1365 2416 ejus
1409 2351 1566 2401 utero
1618 2331 1738 2402 ﬁeri
1785 2347 2044 2420 dignatus

427 2436 513 2486 est
537 2443 636 2502 per
661 2427 1062 2486 humanitatem
1083 2444 1300 2501 corpus.
1339 2432 1481 2496 Quia
1502 2448 1630 2504 ergo
1648 2435 1836 2488 lumen
1865 2435 2042 2492 incor-

427 2531 657 2592 poreum
687 2515 747 2572 in
775 2515 894 2589 ejus
922 2525 1040 2574 erat
1065 2524 1224 2574 utero
1251 2517 1678 2591 corporandum,
1708 2520 1759 2576 ei
1791 2535 1913 2594 quae
1941 2522 2040 2579 in-

429 2620 754 2678 corporeum
782 2605 1035 2679 concepit
1061 2605 1131 2664 ad
1159 2623 1356 2680 corpus
1383 2607 1588 2664 dicitur
1619 2625 1632 2664 :
1672 2609 1850 2669 Virtus
1877 2611 2040 2668 Altis-

430 2693 554 2751 simi
579 2692 910 2749 obumbrabit
937 2693 1070 2760 tibi;
1093 2693 1154 2751 id
1181 2703 1284 2766 est,
1315 2713 1516 2770 corpus
1543 2697 1602 2753 in
1631 2703 1688 2753 te
1714 2697 2042 2756 humanita-

429 2781 504 2840 tis
529 2779 763 2853 accipiet
791 2779 1178 2854 incorporeum
1205 2783 1392 2840 lumen
1423 2783 1758 2842 divinitatis.
1792 2785 1898 2843 Sed
1921 2785 2038 2859 jam

430 2868 499 2927 de
518 2869 714 2943 iniquo
735 2869 982 2942 quolibet
1005 2871 1154 2944 quod
1177 2873 1444 2946 cmpimus
1467 2890 1852 2948 exsequamur.
1872 2873 2041 2932 Tollit

429 2971 559 3031 ergo
581 2974 710 3014 eum
739 2965 938 3016 ventus
964 2975 1152 3030 urens,
1182 2961 1310 3035 quia
1337 2962 1596 3021 videlicet
1636 2963 1910 3036 malignus
1932 2963 2040 3036 spi-

427 3045 572 3104 ritus
596 3063 723 3105 eum
750 3063 911 3122 quem
939 3064 1090 3106 nunc
1110 3050 1456 3109 succenderit
1469 3051 1595 3126 igne
1615 3069 1883 3126 perversa:
1901 3070 2040 3112 con-

429 3137 804 3211 cupiscentiae,
833 3139 976 3214 rapit
1002 3141 1352 3214 postmodum
1380 3143 1450 3200 ad
1474 3144 1723 3202 ﬂammas
1751 3145 2034 3219 gehennae.

429 3228 692 3302 Sequitur
713 3246 726 3286 :

1028 3319 1258 3379 CAPUT
1294 3321 1449 3379 XXI.

499 3409 640 3466 IBID.
671 3437 743 3452 —
765 3409 844 3466 Et
864 3411 1007 3468 velut
1043 3411 1194 3467 turbo
1221 3411 1398 3484 rapiet
1423 3428 1542 3468 eum
1567 3413 1630 3468 de
1659 3415 1769 3471 loco
1795 3433 1910 3473 suo.

500 3495 588 3555 34.
623 3498 754 3566 Quis
779 3499 848 3554 sit
874 3500 1186 3572 iniquorum
1216 3501 1379 3558 locus.
1423 3531 1496 3544 —
1532 3503 1712 3560 Locus
1743 3520 2039 3577 perverso—

427 3601 552 3644 rum
581 3593 664 3642 est
691 3588 1010 3660 temporalis
1055 3589 1186 3645 vitae
1227 3589 1520 3648 delectatio
1557 3600 1612 3649 et
1657 3593 2041 3652 carnis-volu-

427 3683 570 3750 ptas.
619 3675 786 3745 Quasi
816 3675 1038 3733 turbine
1077 3677 1250 3750 igitur
1284 3679 1663 3755 unusquisque
1691 3683 1759 3739 de
1789 3683 1912 3741 loco
1939 3701 2040 3741 suo

426 3765 661 3838 rapitur,
691 3781 819 3822 cum
847 3781 879 3821 a
907 3764 1123 3824 cunctis
1150 3766 1268 3824 suis
1293 3767 1753 3828 delectationibus
1789 3780 2039 3830 extremo

425 3855 654 3912 territus
681 3854 774 3912 die
799 3863 1098 3930 separatur.
1127 3858 1208 3914 De
1234 3873 1344 3932 quo
1367 3867 1617 3918 extremo
1637 3861 1727 3918 die
1757 3869 1880 3936 apte
1907 3879 2039 3920 mox

427 3944 722 4002 subditur:

831 4031 1061 4090 CAPUT
1089 4034 1249 4090 XXII
1281 4033 1423 4106 [Rea
1455 4034 1645 4108 XIII].

513 4118 685 4176 Vnus.
714 4119 804 4176 22.
833 4149 904 4161 —
929 4121 952 4154 ‘
982 4119 1200 4176 Emittet
1231 4137 1390 4192 super
1429 4139 1568 4188 eum,
1613 4127 1665 4177 et
1695 4139 1802 4178 non
1833 4131 2037 4196 parcet.

500 4207 590 4264 35.
625 4206 768 4263 Deus
793 4207 975 4262 electos
1001 4206 1237 4278 ﬂagellat
1271 4207 1356 4262 hic
1381 4214 1442 4264 ut
1464 4215 1678 4280 parcat,
1706 4210 1955 4282 reprobos
1982 4217 2043 4267 ut

420 4297 617 4372 punire
646 4296 887 4369 incipiat.
923 4296 1104 4374 Omnis
1127 4297 1401 4369 percussio
1431 4296 1638 4367 divina,
1666 4305 1762 4355 aut
1787 4300 2040 4372 purgatio

2155 445 2261 504 cat.
2301 449 2363 504 In
2399 447 2504 506 hac
2531 465 2768 524 namque
2789 451 2906 508 vita
2923 452 3192 510 Dominus
3205 461 3360 511 tanto
3385 455 3562 529 magis
3578 459 3764 516 studet

2155 544 2218 594 ut
2253 545 2459 609 parcat,
2495 547 2700 612 quanto
2729 539 2904 614 magis
2929 541 3298 614 exspectando
3330 541 3588 616 ﬂagellat,
3619 546 3765 604 sicut

2155 625 2270 699 ipse
2297 643 2432 684 voce
2457 629 2636 701 angeli
2667 629 2736 686 ad
2760 630 3026 688 Joannem
3054 630 3170 688 ait:
3205 633 3320 705 Ego
3346 649 3477 704 quos
3504 651 3647 703 amo,
3671 655 3762 692 ar-

2153 733 2254 788 guo
2283 721 2332 771 et
2355 717 2551 790 castigo
2583 717 2772 791 (Apoc.
2803 735 2890 788 In,
2923 719 3035 791 19).
3077 721 3152 776 Et
3180 721 3326 780 sicut
3351 722 3488 779 alias
3515 723 3756 782 dicitur:

2158 805 2318 873 Quem
2345 805 2520 878 diligit
2546 807 2805 863 Dominus
2832 808 3072 879 castigat,
3101 811 3335 882 flagellat
3359 817 3534 868 autem
3559 831 3762 871 omnem

2154 892 2326 962 ﬁlium
2353 910 2504 964 quem
2535 894 2722 968 recipit
2752 895 2936 969 (Hebr.
2968 911 3072 965 xn,
3101 895 3190 969 6).
3213 897 3456 956 Econtra
3481 907 3667 958 autem.
3691 901 3761 958 de

2155 979 2368 1054 ﬂagello
2395 981 2768 1040 damnationis
2792 983 3064 1056 scriptum
3097 991 3216 1041 est:
3265 987 3334 1041 In
3377 987 3620 1059 operibus
3652 1005 3761 1043 ma-

2152 1085 2318 1126 nuum
2348 1088 2570 1127 suarum
2606 1073 3008 1144 comprehensus
3053 1080 3128 1128 est
3161 1080 3408 1146 peccator
3457 1076 3632 1148 (Psal.
3678 1093 3758 1147 rx,

2157 1161 2270 1233 17).
2299 1163 2378 1218 De
2405 1179 2514 1236 quo
2545 1179 2644 1236 per
2673 1164 2968 1222 Jeremiam
2996 1164 3268 1222 Dominus
3301 1167 3460 1237 dicit,
3490 1167 3625 1224 dum
3663 1167 3762 1224 in-

2154 1249 2546 1324 corrigibiliter
2586 1253 2970 1328 delinquentes
3007 1255 3240 1328 populos
3276 1255 3452 1326 videt,
3483 1272 3620 1330 quos
3646 1271 3758 1312 non

2148 1337 2263 1411 jam
2292 1341 2395 1397 sub
2423 1341 2716 1415 disciplina
2741 1343 2908 1415 ﬁlios,
2938 1343 3036 1402 sed
3068 1344 3170 1401 sub
3197 1345 3450 1402 districta
3475 1348 3498 1382 5
3529 1363 3761 1420 percus-

2153 1428 2307 1486 sione
2335 1431 2584 1491 intuetur
2612 1443 2674 1491 ut
2703 1435 2888 1494 hostes
2913 1454 2926 1494 :
2975 1438 3148 1508 Plaga
3184 1436 3390 1492 inimici
3424 1438 3664 1508 percussi
3692 1445 3758 1504 te,

2152 1521 2489 1592 castigatione
2528 1525 2732 1582 crudeli
2769 1526 2984 1598 (Jerem.
3025 1543 3165 1596 xxx,
3199 1525 3312 1600 14).
3363 1527 3436 1582 Et
3479 1527 3627 1600 quod
3669 1527 3763 1586 hic

2152 1607 2357 1666 dicitur
2381 1627 2393 1667 :
2425 1612 2546 1668 Non
2560 1619 2784 1684 parcet;
2810 1613 2890 1672 ibi
2913 1631 3132 1690 quoque
3161 1614 3346 1672 verbis
3369 1615 3496 1672 aliis
3523 1615 3762 1673 declara-

2151 1707 2278 1758 tur:
2315 1701 2456 1768 Ωιιίά
2483 1704 2682 1760 clamas
2705 1707 2730 1743 ⁸
2749 1723 2908 1778 super
2928 1707 3241 1764 contritione
3269 1712 3359 1762 tua
3379 1709 3408 1764 ?
3447 1707 3764 1764 insanabilis

2151 1796 2228 1846 est
2255 1790 2414 1847 dolor
2437 1797 2560 1847 tuus
2591 1792 2780 1866 (Ibid,
2831 1795 2946 1868 15).
2996 1795 3151 1854 Unde
3197 1795 3306 1854 hoc
3345 1812 3559 1871 semper
3598 1797 3761 1860 electi

2150 1880 2464 1952 provident,
2491 1889 2555 1937 ut
2582 1890 2708 1939 ante
2735 1883 2804 1941 ad
2826 1883 3102 1956 justitiam
3141 1887 3386 1956 redeant,
3431 1903 3596 1962 quam
3643 1903 3762 1944 sese

2150 1965 2232 2024 ira
2252 1966 2460 2040 judicis
2484 1969 3018 2044 inexstinguibiliter
3034 1973 3316 2044 accendat,
3345 1990 3415 2030 ne
3438 1975 3640 2032 ultimo
3667 1975 3762 2032 ﬂa-

2151 2056 2292 2128 gello
2318 2057 2340 2094 ⁷
2371 2057 2697 2132 deprehensi
2720 2058 2887 2117 simul
2912 2061 2992 2116 eis
3021 2060 3249 2118 ﬁniatur
3273 2062 3390 2118 vita
3418 2077 3546 2119 cum
3575 2064 3758 2136 culpa.

2150 2145 2453 2219 Flagellum
2483 2163 2720 2222 namque
2746 2156 2881 2206 tunc
2905 2149 3082 2208 diluet
3108 2151 3350 2224 culpam,
3391 2167 3518 2209 cum
3560 2159 3756 2209 mnta-

2149 2235 2294 2292 verit
2321 2236 2514 2294 vitam.
2547 2239 2686 2295 Nam
2715 2237 2874 2312 cujus
2893 2256 3074 2298 mores
3093 2257 3206 2297 non
3227 2249 3424 2312 mutat,
3441 2257 3555 2299 non
3575 2243 3762 2316 expiat

2149 2323 2412 2382 actiones.
2457 2325 2652 2384 Omnis
2677 2343 2806 2401 ergo
2835 2328 3028 2386 divina
3055 2329 3358 2402 percussio,
3384 2337 3481 2388 aut
3507 2332 3760 2406 purgatio

2149 2409 2216 2467 in'
2237 2413 2400 2472 nobis
2425 2415 2556 2471 vitae
2588 2417 2872 2488 praesentis
2912 2427 3150 2489 est,xaut
3182 2419 3408 2476 initium
3454 2436 3629 2494 poenas
3665 2437 3762 2478 se-

2150 2502 2389 2572 quentis.
2423 2504 2652 2577 Propter
2681 2523 2774 2564 eos
2811 2508 2960 2564 enim
2991 2509 3088 2583 qui
3115 2525 3187 2566 ex
3215 2509 3434 2583 ﬂagello
3462 2511 3763 2584 proﬁciunt

2150 2592 2360 2650 dictum
2390 2603 2506 2652 est:
2535 2597 2556 2631 ⁸
2587 2597 2691 2664 Qui
2717 2598 2874 2669 ﬁngis
2895 2600 3131 2654 dolorem
3155 2601 3215 2654 in
3238 2609 3500 2672 praecepto
3530 2603 3756 2674 (Psalm.

2148 2700 2308 2755 xcm,
2351 2687 2468 2760 20).
2510 2685 2651 2754 Quia
2679 2686 2812 2743 dum
2840 2685 3146 2760 ﬂagellatur
3181 2689 3430 2763 iniquus,
3460 2693 3482 2728 ⁸
3508 2699 3563 2747 et
3589 2693 3758 2750 corri-

2148 2773 2296 2847 gitur
2321 2792 2335 2842 ;
2364 2773 2555 2831 audire
2583 2783 2915 2848 praeceptum
2941 2775 3144 2845 noluit,
3174 2777 3331 2834 audit
3355 2777 3622 2836 dolorem.
3645 2782 3762 2838 Do-

2148 2865 2234 2920 lor
2259 2880 2386 2938 ergo
2421 2863 2480 2920 in
2508 2872 2781 2937 praecepto
2808 2863 3036 2938 ﬁngitur
3065 2864 3115 2922 ei
3140 2865 3236 2938 qui
3263 2882 3296 2922 a
3322 2868 3483 2924 malis
3503 2869 3761 2942 operibus

2149 2952 2304 3026 quasi
2333 2952 2590 3026 praecepti
2615 2951 2758 3022 vice,
2796 2951 2986 3010 dolore
3019 2953 3330 3012 cohibetur.
3377 2957 3456 3012 De
3497 2955 3588 3013 his
3627 2973 3759 3015 vero

2149 3059 2288 3117 quos
2316 3043 2580 3100 damnant
2607 3042 2822 3115 ﬂagella
2847 3051 2902 3100 et
2929 3059 3041 3099 non
3071 3043 3328 3114 liberant,
3358 3044 3568 3103 dicitur
3591 3065 3604 3104 :
3631 3048 3760 3104 Per-

2146 3133 2356 3202 cussisti
2381 3149 2486 3198 eos,
2516 3150 2606 3188 nec
2631 3133 2951 3198 doluerunt;
2973 3131 3232 3190 altricisti
3258 3151 3363 3202 eos,
3395 3142 3444 3191 et
3468 3144 3762 3193 renuerunt

2145 3224 2377 3295 accipere
2403 3221 2739 3294 disciplinam
2769 3221 2984 3295 (Ierem.
3007 3239 3065 3290 v,
3087 3222 3168 3296 3).
3200 3223 3299 3280 His
3339 3224 3552 3298 ﬂagella
3571 3225 3640 3283 ab
3656 3225 3761 3284 hac

2145 3312 2263 3368 vita
2289 3311 2572 3380 inchoent,
2603 3318 2660 3367 et
2693 3310 2753 3366 in
2789 3316 2991 3366 aeterna
3040 3311 3391 3383 percussione
3433 3313 3754 3387 perdurant-

2147 3402 2302 3460 Unde
2329 3419 2427 3476 per
2443 3403 2669 3474 Moysen
2699 3399 2969 3457 Doininus
2989 3400 3126 3458 dicit
3149 3420 3162 3458 :
3196 3404 3342 3475 Ignis
3359 3405 3568 3460 exarsit
3584 3407 3651 3462 ab
3671 3406 3760 3462 ira

2144 3507 2283 3558 mea,
2312 3496 2361 3546 et
2386 3490 2592 3546 ardebit
2626 3490 2672 3524 ¹⁰
2709 3505 2872 3560 usque
2914 3489 2986 3546 ad
3031 3489 3234 3561 inferos
3279 3492 3523 3549 deorsum
3575 3495 3757 3566 (Deut.

2147 3597 2332 3651 χχχιι,
2371 3581 2488 3654 22).
2534 3579 2810 3649 Quantum
2842 3577 2914 3636 ad
2941 3589 3265 3652 praesentem
3292 3581 3498 3640 etenim
3527 3599 3762 3656 percus-

2147 3673 2361 3731 sionem
2415 3681 2650 3747 spectat,
2679 3681 2824 3734 recte
2885 3674 3030 3734 5'72
3083 3668 3290 3729 dicitur
3315 3689 3334 3728 :
3373 3673 3518 3745 Ignis
3557 3673 3762 3730 exarsit

2154 3765 2197 3800 ¹¹
2228 3763 2295 3820 ab
2321 3763 2411 3820 ira
2437 3780 2551 3820 mea
2582 3766 2680 3837 (De
2705 3766 2924 3832 Paruit,
2953 3769 3012 3831 ἀ.
3030 3766 3086 3835 3,
3114 3784 3159 3822 c.
3191 3766 3306 3839 43).
3331 3765 3608 3832 Quantum
3629 3777 3761 3818 vero

2146 3851 2217 3909 ad
2261 3859 2520 3907 aeternam
2563 3852 2997 3922 damnationem,
3025 3862 3150 3926 apte
3177 3869 3310 3908 mox
3337 3850 3630 3908 subditur:
3686 3851 3762 3906 Et

2145 3939 2354 3996 ardebit
2381 3955 2542 4009 usque
2568 3940 2642 3995 ad
2658 3940 2862 4010 inferos
2890 3943 3154 3996 deorsum.
3188 3939 3342 3996 Licet
3366 3956 3399 3995 a
3427 3938 3758 4012 quibusdam

2147 4027 2258 4087 dici
2287 4028 2459 4085 soleat
2486 4027 2625 4084 illud
2652 4029 2800 4102 quod
2827 4030 3094 4103 scriptum
3123 4037 3207 4088 est
3239 4047 3251 4086 :
3299 4029 3346 4064 ¹²
3392 4029 3513 4086 Νοη
3547 4028 3761 4100 judicat

2147 4119 2290 4176 Deus
2317 4117 2396 4172 bis
2421 4117 2480 4172 in
2505 4117 2739 4190 idipsum
2787 4119 3026 4192 (Nahum
3052 4137 3094 4189 ι,
3129 4120 3214 4192 9).
3263 4118 3370 4187 Qui
3416 4127 3605 4176 tamen
3651 4119 3759 4184 hoc

2148 4206 2296 4282 quod
2323 4223 2420 4281 per
2451 4206 2774 4280 prophetam
2803 4207 2872 4265 de
2898 4208 3108 4283 iniquis
3147 4207 3376 4278 dicitur,
3422 4223 3536 4266 non
3583 4215 3758 4265 atten-

2148 4298 2331 4356 dunt:
2368 4299 2446 4354 Et
2487 4297 2688 4370 duplici
2727 4300 2773 4335 1³
2812 4299 3116 4370 confusione
3158 4305 3364 4354 contere
3408 4316 3494 4355 eos
3537 4299 3754 4372 (Jerem.

426 4387 548 4442 eius
580 4387 857 4458 prasentis
901 4393 995 4454 est,
1040 4393 1137 4443 aut
1182 4385 1398 4444 initium
1434 4403 1604 4460 paena:
1639 4391 1919 4462 sequentis.
1969 4423 2042 4436 —
2066 4442 2116 4462 ἢ
2148 4405 2289 4456 xvu,
2323 4387 2436 4461 18).
2455 4387 2528 4443 Et
2553 4387 2700 4460 quod
2726 4387 2863 4445 alias
2890 4387 3157 4462 scriptum
3173 4397 3290 4446 est:
3324 4390 3477 4446 Iesus
3497 4391 3760 4461 populum

425 4442 772 4532 Peccatorem
799 4478 946 4533 Deus
975 4442 1206 4550 quoties
1244 4442 1508 4534 {sane
1529 4442 1918 4552 egregia;
1934 4480 2040 4538 hoc
2066 4442 2118 4504 Β
2147 4442 3290 4558 agminaagmina:1;;
3314 4442 3762 4552 aitarens;

427 4563 705 4636 ﬂagellum
737 4563 964 4647 emittit,
995 4572 1059 4621 ut
1085 4573 1289 4637 parcat.
1322 4565 1461 4625 Cum
1492 4582 1626 4624 vero
1644 4567 1764 4642 ejus
1783 4569 1954 4626 vitam
1975 4568 2035 4626 in

2143 4571 2354 4634 derunt,
2380 4565 2618 4640 perdidit
2664 4565 2843 4640 (Iuda
2870 4567 2956 4642 v).
2988 4567 3203 4636 Quibus
3239 4575 3424 4625 tamen
3451 4568 3500 4625 si
3527 4582 3755 4624 consen-

427 4662 650 4729 peccato
677 4663 1087 4728 permanentem
1130 4656 1382 4716 feriendo
1419 4659 1722 4731 concludit,
1756 4659 2033 4734 ﬂagellum
2141 4676 2264 4718 sum
2310 4656 2638 4731 praebemus,
2683 4656 2991 4731 quamlibet
3039 4659 3258 4731 culpam
3304 4656 3392 4713 bis
3437 4655 3590 4712 feriri
3643 4672 3756 4714 non

427 4743 656 4815 emittit,
699 4743 795 4802 sed
835 4760 1180 4820 nequaquam
1217 4747 1412 4822 parcit.
1444 4747 1554 4838 Qui
1577 4749 1728 4807 enim
1755 4748 2033 4823 ﬂagellum
2141 4763 2319 4822 posse,
2348 4747 2456 4806 hoc
2479 4762 2550 4804 ex
2577 4755 2799 4819 peccato
2839 4747 3112 4820 percussis
3143 4748 3189 4782 “
3219 4753 3383 4819 atque
3426 4743 3485 4800 in
3531 4753 3757 4817 peccato

502 4957 518 4991 ¹
551 4954 737 5013 Germ.
768 4963 826 5014 et
845 4954 1121 5084 plerique,
1153 4973 1314 5028 quam
1341 4957 1782 5042 desideraverant.
1823 4937 1830 4944 ’

499 5026 522 5061 ³
550 5025 734 5082 Germ.
765 5035 820 5084 et
884 5044 956 5085 uo
984 5027 1183 5087 Laud..
1207 5030 1441 5086 ascendit
1471 5072 1488 5087 .
1523 5072 1538 5087 .
1573 5074 1586 5087 .
1616 5037 1818 5087 crescit.

501 5043 522 5061 -
550 5043 734 5082 uerm.
765 5043 820 5084 et
845 5043 956 5085 nuo
984 5043 1183 5097 haud,
1207 5043 1441 5086 ascendit
1471 5072 1488 5088 .
1523 5072 1538 5088 .
1573 5074 1586 5087 .
1616 5043 1818 5088 crescit.

501 5097 524 5132 ³
552 5095 751 5166 Laud.,
781 5098 944 5157 Corb.
974 5100 1440 5176 _Germ.,__Norin_._
1485 5102 1849 5176 etiplerique,
1887 5119 2029 5176 myr-

427 5174 540 5224 tum
562 5184 787 5248 namque
816 5212 829 5226 .
866 5213 879 5227 .
915 5213 928 5228 .
959 5170 1316 5248 ferunt.‘Vet.
1339 5171 1516 5242 Edit.,
1545 5170 1780 5244 Myrtum
1805 5170 2030 5248 namque

427 5254 628 5310 semper
653 5237 829 5310 fertur
856 5237 970 5298 esse
987 5242 1219 5300 virtutis.

501 5309 724 5390 ’Laud.
752 5309 846 5390 hic
871 5318 926 5390 et
952 5311 1119 5383 inira,
1147 5316 1335 5372 emittit
1364 5359 1397 5390 ._
1413 5361 1427 5373 .
1450 5361 1476 5390 Α.
1503 5317 1699 5390 parcit.
1722 5317 1834 5390 In!
1853 5317 2026 5376 Laud.

427 5389 660 5462 utraque
677 5381 842 5438 lectio
867 5383 950 5438 sic
975 5381 1271 5462 annotatur
1297 5381 1528 5462 emittit:
1553 5432 1576 5462 ί.
1611 5432 1626 5446 .
1653 5389 1849 5462 parcit.

503 5453 525 5488 ⁸
555 5453 769 5518 Norm.,
838 5455 1171 5524 percussione
1243 5459 1482 5516 inimicos
1540 5453 1796 5519 intublur.
1861 5460 2026 5520 Corb.

429 5522 637 5607 Genu.‘
649 5529 717 5607 et
731 5522 958 5607 Germ.,
970 5525 1136 5582 hostes
1163 5528 1453 5607 intuentur.

501 5597 525 5674 ξ
554 5592 794 5674 Additur
825 5594 883 5652 in
907 5592 1124 5674 Norm.,
1147 5599 1222 5674 a_d
1248 5592 1331 5674 uie
1352 5619 1529 5674 super.

501 5667 521 5700 ⁷
554 5665 643 5721 Sic
675 5665 731 5722 in
763 5674 997 5740 utroque
1039 5665 1236 5738 Laud.,
1283 5665 1470 5730 North.
1515 5681 1569 5731 et
1601 5673 1747 5744 aliis,
1777 5689 1878 5732 nec
1915 5689 2027 5730 non

2142 4965 2202 5022 in
2229 4971 2341 5046 vet.
2555 4963 2619 5046 In
2645 4971 2850 5046 poster.
2881 4959 3087 5035 legitur
3127 4977 3194 5018 ne
3219 4960 3406 5020 ultimo
3431 4964 3642 5038 ﬂagello
3671 4965 3755 5022 de-

2137 5034 2410 5111 prehensis
2437 5035 2597 5091 simul
2623 5034 2721 5111 eis;
2749 5041 2858 5111 etc-

2213 5109 2236 5190 ξ
2263 5105 2528 5190 Χξιιιξοα,
2556 5107 2651 5190 qui
2677 5107 2833 5179 ﬁngis
3123 5106 3206 5162 vel
3231 5105 3421 5164 dolent.

2209 5181 2232 5216 ⁹
2263 5177 2528 5246 Vindoc.,
2554 5177 2609 5250 et
2631 5177 2740 5233 non
2757 5177 3074 5250 corrigitur.

2214 5251 2260 5288 ¹⁰
2289 5251 2414 5307 Bec.
2445 5257 2502 5306 et
2519 5249 2616 5305 alii
2643 5251 2859 5317 Norm.,
2885 5248 2958 5306 ad
2984 5248 3220 5319 inferna.

2213 5324 2256 5359 ¹¹
2289 5319 2550 5386 Vindoc.,
2579 5320 2638 5374 in
2663 5320 2753 5375 ira
2777 5335 2912 5377 mea.

2214 5394 2258 5429 ¹²
2287 5392 2444 5449 Becc.
2477 5390 2650 5462 etpalii
2675 5391 2892 5462 Norm.,
2926 5408 3033 5448 non
3049 5389 3333 5462 judicabit.

2214 5395 2258 5429 ¹²
2287 5395 2444 5449 Becc.
2477 5398 2532 5446 et
2555 5395 2650 5446 alii
2675 5395 2892 5461 Norm.,
2926 5408 3033 5448 non
3049 5395 3333 5462 judicabit.

2215 5466 2258 5499 ’³
2289 5463 2379 5520 Sic
2403 5460 2681 5531 Laudun.,
2710 5459 3012 5533 Bellovac.,
3065 5464 3281 5531 Norm.,
3327 5462 3489 5522 Corb.
3535 5465 3750 5533 Germ.,

2139 5536 2352 5602 Germ.,
2383 5549 2518 5604 non,
2555 5532 2886 5604 contritione,
2916 5543 2982 5592 ut
3009 5541 3091 5591 est
3119 5533 3179 5590 in
3205 5533 3408 5592 Editis.

2215 5605 2260 5641 ¹⁴
2293 5603 2559 5673 Vindoc.,
2588 5604 2647 5660 id
2671 5611 2749 5662 est
2778 5605 2837 5661 in
2858 5613 3067 5679 peccato
3094 5620 3211 5661 suo.
