4172 6184
314 252 381 309 s7
1049 250 1422 312 MORALIUM
1460 255 1593 313 LIB.
1634 253 1837 315 xvm.
1878 290 1949 302 -
1988 258 2060 318 ΙΝ
2091 258 2321 318 CAPUT
2358 261 2596 321 xxvm
2635 266 2696 322 Β.
2739 267 2883 324 JOB.
3060 228 3069 231 ’
3536 277 3608 334 se

317 403 421 445 suo
447 380 801 441 morientibus
845 382 1006 440 debet
1046 384 1328 457 iestimari,
1359 388 1491 463 quia
1536 405 1728 447 eorum
1768 407 1903 465 per-
1928 398 1981 460 Α

314 475 498 534 cussio
524 472 609 530 hic
632 479 807 545 capta
837 472 932 528 ille
958 474 1262 546 perﬁcitur,
1293 485 1356 534 ιιι
1376 478 1699 537 incorrectis
1728 496 1902 537 unum

319 564 578 637 ﬂagellum
604 561 676 618 sit
704 561 852 635 quod
886 565 1256 635 temporaliter
1284 566 1502 641 incipit,
1537 568 1632 625 sed
1661 569 1720 625 in
1749 577 1901 626 aeter-

317 656 399 712 nis
420 652 700 726 suppliciis
740 662 1178 725 consummatur,
1208 665 1482 730 quatenus
1537 660 1617 717 eis
1645 661 1740 735 qui
1769 677 1901 717 om-

315 743 435 801 nino
459 743 660 816 corrigi
716 751 962 799 renuunt
1000 742 1119 815 jam
1167 748 1522 818 praesentium
1555 749 1897 823 ﬂagellorum

312 836 572 909 percussio
645 835 994 910 sequentium
1051 838 1124 894 sit
1178 838 1401 897 initium
1475 851 1893 905 tormentorum.

308 926 508 984 Emittet
532 944 660 999 ergo
688 943 850 998 super
876 944 1013 993 eum,
1043 935 1090 983 et
1133 946 1241 985 non
1263 940 1462 1002 parcet.
1493 933 1751 1009 Sequitur
1783 956 1795 995 :

682 1054 915 1111 CAPUT
944 1056 1131 1114 xxm
1163 1057 1302 1133 [Vat
1332 1060 1523 1136 XIII].

364 1145 496 1201 Iam.
527 1176 601 1187 —
631 1145 711 1202 De
737 1163 900 1201 manu
929 1146 1048 1217 ejus
1074 1146 1281 1219 fugiens
1308 1148 1493 1223 fugiet.

364 1232 449 1290 36.
472 1234 738 1289 Ferientis
756 1252 971 1291 manum
991 1237 1108 1291 sola
1141 1238 1496 1295 emendatione
1515 1240 1802 1298 evadimus.
1825 1273 1896 1284 —

301 1322 388 1379 Ille
414 1323 622 1379 etenim
652 1323 720 1379 de
752 1341 918 1381 manu
946 1324 1091 1398 fugit
1116 1326 1387 1398 ferientis,
1419 1329 1516 1402 qui
1560 1346 1671 1386 suae
1700 1330 1897 1402 pravi-

300 1418 455 1467 tatem
484 1412 718 1486 corrigit
744 1412 1001 1469 actionis.
1033 1413 1135 1471 Vel
1167 1424 1312 1474 certe
1357 1417 1488 1491 quia
1516 1418 1575 1474 in
1603 1436 1759 1477 sacro
1786 1420 1893 1475 elo-

297 1501 421 1575 quio
447 1517 649 1558 manus
676 1501 924 1575 operatio
952 1503 1092 1559 solet
1118 1503 1377 1579 intelligi,
1423 1508 1490 1563 de
1548 1525 1714 1566 manu
1764 1527 1897 1583 per-

296 1591 433 1648 cussi
462 1591 611 1664 fugit
639 1591 762 1665 qui,
794 1591 927 1647 dum
953 1593 1109 1665 pravi
1138 1593 1427 1652 interitum
1456 1597 1746 1670 conspicit,
1778 1599 1895 1656 vias

296 1681 579 1755 pravitatis
609 1682 903 1757 relinquit.
938 1683 1094 1740 Unde
1120 1684 1305 1743 adhuc
1329 1686 1588 1744 subditur
1620 1706 1632 1744 :

861 1811 1090 1870 CAPUT
1134 1812 1339 1873 XXIV.

354 1901 540 1959 Vnus.
572 1900 665 1959 23.
689 1932 759 1944 —
789 1904 805 1938 ¹
840 1903 1074 1975 Stringet
1100 1920 1260 1977 super
1286 1921 1403 1960 eum
1430 1920 1625 1961 manus
1652 1921 1798 1962 suas.

355 1991 448 2047 37.
483 1991 554 2047 In
581 1990 811 2046 aliorum
832 2007 993 2062 pmna
1040 1993 1171 2065 quid
1195 1994 1346 2049 nobis
1375 1994 1660 2051 timendum
1687 1994 1760 2050 sit
1775 2010 1893 2050 con-

288 2080 563 2152 spicimus.
614 2110 686 2123 —
721 2081 917 2138 Manus
944 2081 1147 2156 quippe
1175 2084 1443 2156 stringere
1484 2091 1567 2140 est
1607 2083 1739 2140 vitae
1780 2100 1893 2140 sum

289 2185 449 2242 opera
477 2170 541 2226 in
573 2170 908 2228 rectitudine
929 2172 1276 2230 conﬁrmare.
1309 2174 1464 2231 Unde
1492 2174 1658 2231 etiam
1689 2173 1894 2229 Paulus

286 2259 358 2316 ait
386 2277 400 2317 :
433 2262 710 2319 Remissas
736 2279 927 2319 manus
946 2271 994 2319 et
1029 2265 1289 2323 dissoluta
1313 2283 1482 2337 genua
1501 2265 1887 2337 erigite(Hebr.

285 2366 382 2419 xu,
412 2350 534 2425 12).
556 2352 702 2409 Dum
719 2354 904 2427 itaque
931 2354 1175 2411 alienum
1197 2356 1486 2413 interitum
1516 2356 1888 2429 conspiciunt,

285 2449 618 2498 revocantur
646 2442 719 2499 ad
745 2458 862 2511 cor,
884 2452 947 2500 ut
973 2445 1279 2516 recogitent
1304 2460 1491 2509 suum;
1508 2453 1564 2501 et
1589 2438 1738 2503 unde
1750 2445 1892 2501 alius

283 2540 343 2597 ad
370 2550 673 2599 tormenta
701 2543 1291 2612 ducitur,atormento
1304 2547 1449 2601 alius
1467 2546 1597 2601 inde
1606 2545 1889 2602 liberatur.

283 2629 530 2701 Stringit
561 2644 694 2700 ergo
721 2644 888 2701 super
913 2645 1039 2685 eum
1067 2646 1265 2687 manus
1292 2648 1438 2701 suas,
1470 2633 1599 2705 quia
1624 2633 1892 2706 conspicit

283 2718 334 2776 in
361 2718 566 2775 aliena
592 2732 759 2788 poena
786 2717 921 2789 quid
949 2718 1171 2787 timeat;
1224 2728 1280 2776 et
1307 2721 1437 2777 dum
1478 2722 1886 2796 delinquentem

288 2809 365 2866 sic
380 2822 720 2881 percussum
740 2805 1033 2879 conspicit,
1050 2808 1319 2867 dissoluta
1337 2828 1436 2868 sua
1466 2828 1632 2885 opera
1654 2811 1886 2885 justitiae

287 2898 469 2969 vigore
499 2894 858 2968 constringit.
892 2895 1090 2970 Sicque
1119 2898 1184 2956 ﬁt
1210 2908 1276 2956 ut
1312 2901 1408 2974 qui
1438 2902 1664 2975 iniquus
1690 2904 1888 2962 vivens

290 2987 489 3043 multos
545 2985 619 3042 ad
673 2985 893 3058 culpam
950 2995 1197 3046 traxerat
1241 2991 1603 3050 delectatione
1650 2995 1884 3068 peccati,

288 3074 548 3147 quosdam
580 3075 826 3132 moriens
847 3091 879 3131 a
906 3077 1073 3151 culpa
1109 3090 1330 3138 revocet
1361 3089 1569 3139 terrore
1596 3084 1884 3142 tormenti.

289 3162 437 3232 Quod
466 3164 637 3221 etiam
667 3164 963 3238 provenire
1007 3165 1170 3224 bonis
1198 3170 1487 3229 Psalmista
1513 3180 1766 3241 testatur,
1797 3174 1894 3231 di-

288 3268 416 3310 cens
446 3272 460 3310 :
494 3254 791 3311 Delabitur
806 3254 990 3324 justus
1017 3274 1135 3312 cum
1161 3258 1355 3316 viderit
1390 3262 1678 3318 vindictam
1705 3265 1891 3337 impio-

288 3358 427 3409 rum,
447 3359 641 3399 manus
653 3360 781 3401 suas
796 3346 999 3401 lavabit
1012 3346 1070 3401 in
1087 3350 1341 3420 sanguine
1353 3358 1689 3422 peccatorum
1713 3354 1887 3425 (Psal.

289 3448 422 3501 LVII,
455 3433 571 3505 11).
603 3434 665 3489 In
694 3442 1044 3506 peccatorum
1075 3437 1431 3496 morientium
1461 3441 1728 3515 sanguine
1751 3442 1891 3514 justi

290 3521 550 3578 lavantur
577 3525 927 3599 manus,quia
953 3525 1088 3582 dum
1117 3543 1309 3585 eorum
1329 3546 1491 3602 poma
1527 3532 1887 3606 conspicitur,

289 3611 688 3683 conspicientis
712 3613 828 3669 vita
854 3614 1175 3674 mundatur.
1208 3618 1473 3691 Sequitur
1506 3636 1517 3675 :

871 3724 1093 3784 CAPUT
1116 3727 1298 3784 ‘XXV.

365 3812 504 3868 Isin.
523 3842 593 3854 —
610 3814 685 3869 Et
696 3813 929 3869 sibilabit
945 3832 1104 3887 super
1116 3816 1293 3886 illum,
1314 3816 1524 3873 intuens
1555 3818 1725 3874 locum
1752 3818 1885 3890 ejus.

361 3900 451 3958 38.
489 3902 671 3974 Sicque
695 3922 731 3959 a
772 3910 982 3976 peccato
1009 3907 1406 3984 compescimur.
1438 3937 1509 3949 —
1536 3906 1682 3976 Quid
1710 3909 1770 3965 in
1799 3910 1887 3967 si-

292 3988 424 4059 bilo,
455 3989 562 4046 nisi
590 3992 829 4048 intentio
855 3993 1242 4051 admirationis
1267 3995 1647 4069 exprimitur?
1674 3998 1732 4054 Si
1755 4015 1886 4057 vero

296 4078 353 4135 in
378 4080 540 4137 sibilo
567 4082 674 4139 alia
702 4082 933 4139 fortasse
963 4083 1294 4155 signiﬁcatio
1324 4087 1591 4159 quaeritur
1617 4089 1885 4147 moriente

298 4176 593 4241 peccatore,
622 4170 682 4227 hi
711 4172 809 4245 qui
838 4172 1126 4229 interitum
1147 4172 1267 4244 ejus
1292 4174 1590 4248 aspiciunt,
1616 4193 1681 4234 os
1709 4178 1767 4234 in
1796 4179 1887 4235 si—

292 4256 400 4315 bilo
421 4260 719 4333 stringunt,
750 4260 886 4318 dum
915 4262 985 4318 ad
1012 4278 1076 4319 ea
1096 4279 1218 4337 quae
1248 4272 1693 4339 contempserant
1717 4269 1885 4325 verba

294 4347 556 4419 spiritalia
581 4359 1007 4419 convertuntur,
1038 4361 1100 4408 ut
1112 4352 1226 4425 jam
1257 4354 1481 4411 credere
1496 4364 1552 4412 et
1575 4356 1883 4429 praedicare

292 4436 557 4540 incipiant
581 4456 699 4513 qua
727 4443 881 4515 prius
909 4442 1041 4499 dum
1072 4443 1327 4518 iniquum
1372 4445 1565 4503 ﬂorere
1594 4456 1881 4504 cernerent
1909 4480 1959 4540 Β

293 4542 396 4584 non
425 4528 737 4589 credebant.
766 4533 902 4590 Nam
947 4534 1012 4590 ﬁt
1051 4535 1376 4609 plerumque
1423 4546 1485 4594 ut
1530 4537 1879 4596 inﬁrmorum

295 4616 501 4673 animus
526 4633 593 4675 eo
621 4620 792 4693 magis
821 4622 844 4658 ²
875 4622 943 4679 de
970 4623 1168 4680 auditu
1195 4625 1448 4681 veritatis
1479 4625 1741 4698 trepidet,
1772 4643 1882 4700 quo

295 4702 472 4763 ﬂorere
499 4717 907 4784 contemptores
933 4712 1185 4770 veritatis
1213 4711 1383 4769 videt.
1418 4713 1524 4769 Sed
1552 4713 1686 4770 dum
1730 4714 1882 4787 justa

295 4794 424 4853 ultio
448 4798 682 4871 injustas
708 4800 1009 4873 subtrahit,
1030 4802 1170 4860 alios
1197 4820 1229 4859 a
1257 4803 1528 4877 pravitate
1559 4807 1876 4878 compescit.

294 4883 439 4943 Unde
463 4904 557 4961 per
583 4890 936 4949 Salomonem
965 4892 1171 4951 dicitur
1202 4912 1214 4950 :
1240 4892 1468 4953 Multato
1485 4895 1776 4967 pestilente,
1797 4913 1881 4952 sa-

204 4998 209 5003 ο
286 4976 634 5048 ρίεηεὶονενίι
653 4984 921 5056 parvulus
953 4984 1141 5057 (Prov.
1198 5000 1321 5055 xxi,
1382 4986 1495 5058 11).
1555 4985 1660 5044 Vir
1708 4984 1880 5059 igitur

290 5075 496 5126 sanctus
511 5079 805 5147 postquam
826 5081 1113 5147 potentum
1134 5089 1321 5147 pugnas
1336 5073 1433 5146 qui
1452 5074 1801 5132 extolluntur
1819 5076 1878 5133 in

291 5167 479 5224 amulo
503 5168 851 5228 suﬂicienter
878 5171 1148 5245 explevit,
1178 5169 1323 5227 573
1351 5188 1541 5230 rursus
1566 5172 1635 5229 ad
1663 5172 1878 5230 haereti-

288 5269 464 5315 corum
519 5261 861 5335 superbiam,
891 5262 986 5337 qui
1009 5263 1355 5323 extolluntur
1368 5262 1428 5321 in
1448 5264 1690 5339 eloquio,
1710 5264 1879 5322 verba

288 5349 574 5408 convertit.
605 5353 743 5409 Nam
769 5353 1024 5428 sequitur
1056 5371 1069 5410 :

352 5563 368 5636 ξ
396 5562 577 5636 haud.
608 5571 665 5620 et
688 5565 905 5631 Norm.,
935 5564 1168 5636 stringit.

349 5633 372 5668 ³
400 5633 673 5693 Vindoc..
702 5637 766 5692 de
792 5637 1022 5693 audacia
1050 5633 1311 5693 veritatis.

349 5705 370 5738 ³
397 5679 1311 5775 (ἱὲἶιῖιῖῖ’ἑιῖἕι›ῗ”ᾰῖιιὶῗ.ζ’ἁὲῖὦὶῖζ
1340 5716 1395 5765 et
1420 5707 1516 5765 alii
1540 5708 1755 5780 Norm.,
1783 5730 1881 5767 re-

2288 392 2517 452 CAPUT
2544 394 2732 452 XXVI
2755 393 2894 471 [Vet.
2926 405 2975 454 et
3001 402 3120 459 Rec.
3154 374 3355 480 XIV].

2087 484 2218 542 CAP.
2250 501 2454 553 xxvm,
2485 485 2658 542 Vsus.
2695 487 2745 542 1.
2769 488 3028 545 —Habet
3052 501 3616 563 argentum,venarum

2012 589 2235 629 suarum
2258 575 2531 648 principia
2556 592 2575 632 :
2603 581 2652 631 et
2676 593 2812 632 auro
2845 579 2989 634 locus
3009 587 3086 636 est
3112 581 3165 636 in
3192 600 3295 654 quo
3329 590 3610 659 conﬂatur.

2082 690 2173 747 39.
2204 689 2453 746 Haeretici
2479 690 2551 746 ad
2579 707 2763 747 sacras
2792 692 3020 764 paginas
3039 701 3371 769 veterumque
3394 707 3614 771 patrum

2014 780 2176 838 libros
2206 780 2552 853 provocandi.
2580 811 2651 822 —
2683 781 2746 837 In
2773 790 2998 854 argento
3024 785 3328 858 eloquium,
3377 786 3435 842 in
3479 805 3614 847 auro

2011 870 2139 925 vitae
2172 871 2260 925 vel
2289 868 2571 942 sapientiae
2618 869 2838 926 claritas
2879 870 3154 945 designari
3193 875 3352 931 solet.
3383 876 3456 932 Et
3484 877 3615 950 quia

2010 959 2258 1017 haeretici
2287 959 2368 1016 sic
2395 959 2461 1016 de
2491 959 2697 1032 eloquii
2718 960 2803 1016 sui
2823 961 3003 1018 nitore
3032 964 3380 1036 superbiant,
3402 973 3465 1022 ut
3492 967 3614 1023 nul-

2010 1049 2063 1105 la
2099 1064 2379 1105 sacrorum
2409 1047 2679 1104 librorum
2700 1050 3025 1107 auctoritate
3055 1053 3366 1110 solidentur
3397 1054 3613 1128 (quili-

2006 1137 2091 1193 bri
2114 1138 2183 1193 ad
2213 1137 2549 1210 loquendum
2577 1138 2738 1194 nobis
2767 1140 2923 1211 quasi
2940 1142 3190 1213 quaedam
3220 1144 3431 1216 argenti
3458 1161 3611 1202 venae

2006 1237 2157 1298 sunt,
2188 1227 2316 1301 quia
2346 1226 2412 1283 de
2442 1226 2576 1298 ipsis
2597 1228 2892 1285 locutionis
2919 1239 3121 1288 nostrae
3151 1233 3420 1305 originem
3439 1234 3612 1291 trahi-

2008 1320 2178 1392 mus),
2210 1334 2302 1374 eos
2329 1316 2398 1373 ad
2426 1333 2590 1373 sacra:
2632 1319 2978 1377 auctoritatis
3005 1323 3232 1394 paginas
3259 1334 3500 1395 revocat,
3548 1334 3612 1383 ut

2006 1409 2053 1466 si
2082 1425 2207 1464 vere
2237 1407 2390 1481 loqui
2438 1407 2772 1477 desiderant,
2805 1408 2933 1466 inde
2961 1427 3180 1467 sumere
3216 1412 3449 1469 debeant
3475 1414 3608 1487 quid

2005 1498 2322 1571 loquantur.
2354 1499 2424 1553 Et
2450 1497 2529 1553 ait
2558 1516 2569 1553 :
2604 1499 2769 1553 Habet
2787 1507 3083 1571 argentum,
3112 1519 3365 1558 venarum
3386 1521 3610 1560 suarum

1999 1589 2292 1663 principia.
2325 1590 2406 1643 Ac
2433 1585 2480 1641 si
2510 1594 2693 1657 aperte
2724 1586 2870 1643 dicat
2903 1607 2914 1645 :
2950 1589 3056 1657 Qui
3076 1590 3143 1646 ad
3172 1608 3316 1648 vera:
3336 1592 3612 1664 praedica—

2005 1678 2176 1735 tionis
2204 1675 2371 1732 verba
2398 1691 2455 1731 se
2484 1683 2773 1748 praeparat,
2818 1693 3035 1734 necesse
3089 1688 3171 1736 est
3221 1688 3283 1737 ut
3319 1697 3608 1738 causarum

1924 1760 1971 1820 B
2000 1766 2242 1838 origines
2278 1782 2309 1821 a
2336 1765 2504 1821 sacris
2532 1766 2745 1837 paginis
2794 1777 2997 1836 sumat,
3027 1776 3090 1824 ut
3120 1785 3282 1825 omne
3321 1770 3468 1844 quod
3514 1772 3611 1825 lo-

2005 1856 2195 1930 quitur
2223 1855 2291 1911 ad
2320 1855 2526 1911 divinae
2545 1855 2891 1913 auctoritatis
2920 1858 3343 1915 fundamentum
3366 1868 3606 1929 revocet,

2003 1953 2166 2019 atque
2195 1945 2253 2000 in
2280 1961 2345 2000 eo
2364 1944 2660 2003 aediﬁcium
2682 1946 2978 2003 locutionis
3006 1964 3117 2003 suae
3137 1947 3339 2003 ﬁrmet.
3364 1948 3433 2005 Ut
3455 1949 3604 2005 enim

1972 2034 2385 2108 praediximus,
2414 2050 2558 2107 saepe
2577 2034 2823 2092 haeretici
2852 2035 2984 2092 dum
3014 2053 3112 2093 sua
3141 2036 3366 2093 student
3384 2052 3606 2110 perver-

2002 2141 2061 2182 sa
2089 2133 2352 2193 astruere,
2383 2141 2445 2181 ea
2474 2127 2761 2198 proferunt
2789 2143 2909 2200 quae
2938 2127 3189 2200 profecto
3217 2127 3276 2184 in
3324 2143 3604 2185 sacrorum

2002 2213 2273 2270 librorum
2302 2213 2516 2286 paginis
2545 2230 2655 2271 non
2686 2223 2966 2274 tenentur.
2999 2215 3155 2272 Unde
3173 2224 3228 2272 et
3265 2215 3602 2288 discipulum

2000 2321 2160 2360 suum
2191 2304 2516 2376 praedicator
2539 2306 2787 2378 egregius
2815 2306 3094 2376 admonet,
3126 2306 3318 2364 dicens
3350 2324 3363 2363 :
3400 2307 3444 2363 0
3505 2304 3606 2362 Ti—

1997 2396 2213 2460 mothee,
2243 2396 2533 2468 depositum
2569 2397 2790 2461 custodi,
2835 2398 3072 2450 devitans
3118 2396 3383 2466 profanas
3422 2410 3605 2449 vocum

1998 2483 2253 2537 novitates
2283 2483 2342 2553 (Ι
2373 2483 2508 2537 Tim.
2540 2499 2620 2550 v1,
2645 2481 2776 2555 20):
2809 2482 2940 2555 quia
2970 2481 3103 2538 dum
3124 2480 3338 2537 laudari
3356 2480 3601 2537 haeretici

1998 2577 2257 2644 tanquam
2291 2570 2359 2626 de
2400 2570 2693 2627 excellenti
2737 2570 2960 2643 ingenio
2990 2570 3243 2643 cupiunt,
3275 2569 3429 2644 quasi
3458 2585 3603 2626 nova

1998 2659 2246 2734 quaedam
2268 2660 2573 2733 proferunt,
2592 2676 2714 2735 qua;
2743 2660 2801 2717 in
2822 2661 3175 2734 antiquorum
3197 2661 3424 2717 Patrum
3445 2658 3603 2715 libris

1996 2751 2276 2812 veteribus
2303 2768 2417 2809 non
2445 2760 2735 2821 tenentur;
2768 2753 2956 2827 sicque
2985 2752 3049 2809 ﬁt
3079 2761 3141 2809 ut
3169 2753 3303 2810 dum
3323 2752 3501 2810 videri
3519 2768 3600 2808 sa-

1995 2838 2207 2911 pientes
2234 2840 2567 2912 desiderant,
2595 2842 2811 2899 miseris
2829 2844 2946 2899 suis
2974 2842 3321 2899 auditoribus
3349 2841 3599 2899 stultitiae

1994 2929 2207 2985 semina
2233 2938 2510 3002 spargant.

2067 3070 2158 3128 40.
2194 3072 2323 3128 Sola
2348 3074 2587 3130 Ecclesia
2605 3074 2863 3131 catholica
2888 3080 3151 3146 martyres
3169 3074 3337 3130 habet.
3358 3102 3431 3116 —
3454 3072 3600 3129 Bene

2001 3167 2184 3217 autem
2212 3160 2472 3219 subditur
2503 3180 2517 3221 :
2549 3165 2623 3221 Et
2649 3181 2785 3220 auro
2818 3165 2959 3221 locus
2986 3169 3063 3221 est
3086 3163 3145 3219 in
3182 3163 3595 3236 quaeea/tatur.

2000 3249 2083 3305 Ac
2110 3247 2157 3304 si
2184 3258 2369 3322 aperte
2398 3250 2581 3309 dicat:
2605 3253 2750 3310 Vera
2777 3252 3025 3309 ﬁdelium
3056 3250 3346 3325 sapientia,
3366 3250 3457 3309 cui
3477 3249 3599 3307 uni-

2002 3337 2230 3394 versalis
2247 3339 2504 3397 Ecclesia
2533 3342 2687 3398 locus
2714 3350 2816 3412 est,
2848 3340 3263 3398 tribulationem
3291 3339 3452 3396 vobis
3480 3355 3598 3413 per-

1999 3427 2355 3500 sequentibus
2382 3430 2610 3502 patitur,
2640 3429 2736 3487 sed
2763 3447 2797 3487 a
2822 3431 3038 3489 cunctis
3065 3437 3411 3504 peccatorum
3427 3427 3600 3485 sordi-

1997 3514 2101 3572 bus
2129 3518 2529 3589 persecutionis
2557 3526 2753 3575 vestrae
2782 3519 2908 3593 igne
2953 3526 3236 3591 purgatur.
3270 3518 3424 3575 Unde
3452 3516 3599 3575 scri-

1998 3611 2155 3676 ptum
2209 3615 2338 3664 est-z
2370 3610 2437 3665 In
2484 3609 2603 3681 igne
2641 3611 2910 3681 probatur
2956 3626 3154 3665 aurum
3202 3616 3251 3666 et
3298 3614 3597 3681 argentum,

1996 3692 2229 3750 homines
2277 3713 2400 3752 vero
2431 3700 2452 3734 ³
2484 3700 2804 3770 receptibiles
2849 3700 2908 3754 in
2960 3699 3165 3754 camino
3210 3698 3600 3756 humiliationis

1999 3781 2193 3854 (Eccti.
2210 3784 2335 3855 11,5)
2345 3828 2357 3841 .
2376 3784 2497 3852 Quo
2508 3785 2566 3840 in
2588 3787 2709 3842 loco
2724 3793 2904 3858 potest
2918 3786 3025 3843 hoc
3035 3801 3252 3858 quoque
3266 3785 3598 3842 convenien-

1996 3874 2081 3925 ter
2108 3869 2366 3940 intelligi,
2390 3878 2454 3926 ut
2483 3872 2551 3926 de
2578 3888 2678 3926 sua
2706 3873 2952 3927 haeretici
2986 3873 3257 3942 increpari
3285 3874 3454 3927 stulta
3480 3887 3597 3943 pas-

1994 3957 2150 4015 sione
2177 3957 2491 4017 videantnr.
2521 3960 2661 4017 Nam
2689 3974 2831 4033 saepe
2850 3975 2949 4033 pro
2976 3960 3105 4016 Iesu
3135 3958 3342 4017 Christi
3372 3958 3597 4016 Domini

1993 4063 2059 4105 ac
2072 4046 2433 4121 redemptoris
2446 4048 2622 4105 nostri
2638 4048 2862 4106 nomine
2874 4050 3049 4105 multa
3062 4047 3597 4122 patiuntur,seseque

1993 4132 2199 4190 eisdem
2229 4134 2580 4207 passionibus
2607 4135 2725 4209 ejus
2752 4134 2873 4192 ﬁeri
2903 4143 3172 4208 martyres
3194 4142 3435 4207 sperant.
3467 4133 3596 4203 Qui-

1992 4222 2096 4281 bus
2123 4225 2299 4282 sancti
2328 4224 2437 4281 viri
2465 4242 2601 4283 voce
2629 4242 2779 4283 nunc
2806 4224 3051 4284 dicitur:
3087 4225 3240 4281 Auro
3276 4226 3418 4281 locus
3439 4230 3515 4279 est
3538 4225 3597 4280 in

1992 4328 2095 4382 quo
2126 4316 2406 4384 conﬂatur.
2433 4314 2570 4370 Nam
2593 4313 2759 4386 juxta
2787 4315 2894 4371 hoc
2940 4312 3089 4388 quod
3112 4313 3227 4386 jam
3256 4323 3311 4370 et
3341 4322 3466 4371 ante
3495 4329 3597 4371 nos

1990 4399 2202 4458 dictum
2230 4410 2312 4457 est
2334 4402 2404 4473 (Α
2432 4402 2621 4473 Cypra,
2650 4404 2712 4459 de
2739 4404 2939 4459 unitate
2962 4405 3137 4470 Eccl.,
3166 4411 3215 4461 et
3236 4403 3422 4474 alibi),
3444 4402 3594 4477 quis-

1992 4489 2119 4562 quis
2161 4497 2315 4546 extra
2368 4490 2638 4547 unitatem
2684 4492 2945 4549 Ecclesia;
2976 4492 3204 4565 patitur,
3235 4509 3423 4566 pmnas
3478 4492 3590 4565 pati

1990 4587 2189 4652 potest,
2220 4587 2432 4653 martyr
2466 4579 2586 4635 ﬁeri
2616 4596 2727 4636 non
2757 4588 2957 4652 potest,
3001 4580 3131 4655 quia
3158 4598 3293 4638 auro
3325 4582 3480 4639 locus
3508 4590 3593 4638 est

1989 4667 2048 4724 in
2076 4684 2187 4742 quo
2214 4667 2502 4726 conﬂatur.
2536 4668 2681 4737 Quid
2702 4668 2885 4742 itaque
2904 4669 2973 4726 ad
3004 4668 3143 4739 haec,
3165 4670 3436 4739 haeretici,
3458 4670 3596 4727 dici-

1988 4758 2100 4815 tis?
2128 4757 2368 4816 Conﬂari
2411 4774 2507 4831 per
2533 4757 2888 4816 aﬂlictionem
2918 4760 3121 4829 carnis,
3152 4762 3240 4817 vel
3284 4761 3451 4818 etiam
3498 4773 3595 4830 per

1989 4847 2318 4921 martyrium
2338 4847 2629 4917 vultis,sed
2658 4849 2841 4906 locum
2872 4849 2929 4905 in
2960 4865 3070 4923 quo
3089 4850 3335 4906 debeatis
3362 4846 3592 4905 conflari

1987 4936 2440 4995 nescitis.Audite
2455 4937 2590 5012 quid
2609 4940 2783 4996 sancti
2804 4939 3180 5013 praedicatoris
3194 4953 3329 4995 voce
3345 4934 3552 4991 dicitur
3574 4952 3587 4992 :

1986 5026 2142 5082 Auro
2175 5027 2319 5083 locus
2336 5033 2411 5082 est
2436 5027 2494 5083 in
2521 5043 2624 5099 quo
2654 5030 2935 5101 conﬂatur.
2960 5029 3122 5084 Hunc
3148 5041 3277 5096 ergo
3304 5021 3590 5080 conﬂatio-

1986 5116 2075 5173 nis
2102 5116 2285 5174 locum
2316 5117 2567 5191 quaerite,
2597 5117 2741 5177 hanc
2770 5120 3072 5184 fornacem,
3102 5130 3211 5188 qua
3238 5128 3436 5171 aurum
3463 5122 3589 5186 apte

1985 5206 2207 5281 purgari
2247 5206 2426 5265 valeat
2456 5207 2725 5265 invenite.

2057 5350 2147 5408 41.
2184 5352 2457 5424 Quidquid
2508 5357 2667 5408 extra
2694 5348 2990 5409 Ecclesium
3048 5349 3334 5421 toleratur,
3359 5350 3587 5415 cruciat,

2305 5569 2381 5626 Et
2407 5567 2628 5643 quidem
2660 5567 2898 5629 dicimus
2935 5569 3295 5643 acceptabiles,
3339 5583 3452 5624 non
3482 5584 3585 5623 ae-

1987 5657 2075 5699 cen
2254 5685 2267 5699 .
3246 5672 3257 5681 ο

1987 5657 2267 5713 vepnmws.
3246 5672 3257 5681 ο
