4172 6184
513 216 584 273 59
1727 218 1975 275 SANCTI
2015 217 2354 277 GREGOBII
2390 219 2617 278 MAGNI
3744 232 3818 288 60

510 357 620 396 non
641 347 933 414 purgat.-
957 342 1074 400 Una
1099 351 1183 399 est
1216 341 1465 400 Ecclesia
1487 340 1545 396 in
1575 356 1682 413 qua
1717 342 1732 375 ¹
1765 341 1858 413 qui
1889 341 2117 397 conﬂari
2148 343 2199 403 Α
2227 343 2297 398 Et
2323 363 2334 401 :
2365 346 2485 401 Nisi
2509 345 2748 401 conversi
2773 343 3007 415 fueritis,
3037 352 3084 400 et
3109 347 3408 420 e/ﬁciamini
3426 349 3560 406 simil
3581 358 3821 426 parvuli,

514 429 749 488 valuerit
767 430 836 486 ab
853 433 1005 488 omni
1023 433 1188 489 etiam
1218 433 1417 505 poterit
1436 439 1720 502 peccatcru
1733 448 1780 485 rn
1813 431 1970 486 sorde
1988 448 2114 502 pur-

512 520 647 594 gari.
678 521 737 577 Si
767 523 901 596 quid
931 542 1030 596 pro
1059 528 1172 581 Deo
1201 521 1609 589 amaritudinis,
1639 519 1686 576 si
1725 521 1859 594 quid
1891 518 2114 578 tribula-

511 608 682 666 tionis
728 619 885 668 extra
932 614 1074 670 hanc
1104 614 1268 686 positi
1299 610 1604 678 sustinetis,
1637 610 1856 667 incendi
1889 611 2118 683 potestis

509 705 916 774 tantummodo,
935 723 1044 762 non
1075 705 1316 778 purgari.
1342 704 1500 760 Dicat
1519 703 1800 771 Jeremias,
1821 703 1967 760 dicat
1985 720 2114 776 quo-

511 792 676 850 modo
706 795 1057 852 conﬂationis
1091 804 1284 852 vestrm
1317 794 1462 868 ignis
1491 794 1642 850 omni
1674 794 1878 850 virtute
1907 795 1978 851 sit
2027 812 2116 849 va-

510 899 647 939 cuus
679 901 692 940 :
727 885 954 940 Frustra
981 885 1524 958 conﬂavitconﬂator,
1550 884 1769 939 molitur
1783 887 1916 940 enim
1935 903 2116 940 eorum

512 989 618 1026 non
646 979 768 1029 sunt
795 982 1116 1047 consumpta:
1149 977 1364 1047 (Jerem.
1397 991 1478 1040 vi,
1519 975 1633 1045 29).
1667 975 1810 1029 Ecce
1842 974 1982 1046 ignis
2009 992 2117 1030 ex-

513 1063 686 1120 terius
717 1063 984 1134 conﬂans,
1015 1073 1068 1121 et
1115 1065 1264 1121 dura:
1297 1063 1564 1138 passionis
1592 1063 1847 1119 admovet
1877 1082 2114 1136 pinnam,

515 1155 665 1215 574
691 1169 744 1216 et
776 1168 960 1217 tamen
992 1161 1194 1218 erroris
1226 1177 1336 1217 non
1367 1160 1624 1232 excoquit
1648 1161 1886 1233 culpam,
1926 1170 1979 1217 et
2011 1169 2116 1216 tor-

514 1260 698 1308 menta
717 1252 1028 1309 crudelium
1047 1253 1138 1309 dat
1157 1270 1466 1326 poenarum,
1489 1261 1541 1307 et
1561 1251 1828 1310 bonorum
1853 1269 1962 1307 non
1987 1251 2118 1308 facit

514 1341 853 1400 incrementa
869 1344 1212 1399 meritorum.
1236 1342 1342 1414 Huj
1353 1361 1415 1398 us
1426 1342 1590 1398 etiam
1610 1342 1959 1398 conflationis
1975 1341 2118 1413 ignis

517 1431 612 1505 qui
627 1440 787 1488 extra
815 1433 1145 1490 catholicam
1168 1435 1432 1489 toleratur
1460 1433 1784 1501 Eeclesiam,
1809 1451 1970 1506 quam
1998 1433 2117 1488 nul-

514 1521 626 1578 lius
659 1521 892 1580 omnino
923 1524 1150 1580 virtutis
1181 1525 1274 1592 sit,
1305 1523 1507 1579 Paulus
1535 1525 1832 1595 Apostolus
1875 1524 2119 1581 insinuat

518 1609 707 1668 dicens
739 1631 752 1668 :
788 1613 849 1668 Si
879 1614 1148 1669 tradidero
1181 1631 1370 1684 corpus
1389 1629 1558 1668 meum
1583 1612 1605 1647 ²
1637 1620 1693 1668 ut
1713 1615 1920 1679 ardeat,
1949 1614 2120 1669 chari-

2222 455 2328 494 non
2357 435 2625 491 iutrabitis
2661 435 2716 489 in
2751 452 2964 505 regnum
2995 437 3243 491 oratorum
3286 437 3499 507 (Matth.
3546 457 3710 508 xvm,
3739 446 3820 516 3)-

2229 528 2370 602 [Βρσ.
2400 523 2544 598 XV.]
2577 526 2717 592 Quia
2745 542 2872 596 ergo
2901 541 3012 581 non
3043 525 3148 582 nisi
3189 527 3550 596 in,catholica
3579 533 3828 592 Ecclesia

2225 620 2340 674 veri
2374 624 2644 689 martyres
2673 616 2834 684 ﬁunt,
2867 614 3073 673 dicitur
3101 625 3245 674 recte
3269 637 3281 673 :
3311 620 3468 675 Auro
3498 623 3641 678 locus
3669 631 3742 678 est
3772 625 3829 679 in

2224 726 2326 780 quo
2364 710 2646 778 conflatur,
2677 706 2961 778 quiamon
3007 707 3266 764 clarescet
3300 709 3484 767 anima
3515 713 3573 768 in
3612 713 3826 786 fulgore

2225 807 2439 856 aeternae
2473 796 2925 871 pulchritudinis,
2956 797 3086 867 nisi,
3116 806 3178 854 ut
3203 799 3281 856 ita
3317 799 3518 872 dicam,
3555 803 3711 877 prius
3734 803 3828 860 hic

2225 889 2420 948 arserit
2447 888 2506 944 in
2531 887 2751 945 oiIicina
2781 886 3085 944 charitatis.

2297 978 2384 1034 43.
2429 977 2570 1032 Deus
2611 977 2747 1031 alios
2781 977 2953 1030 salvat
2996 995 3095 1048 per
3143 977 3512 1045 innocentiam,
3553 981 3690 1036 alios
3729 1000 3828 1053 per

2219 1068 2599 1140 pwnitentiam.
2631 1097 2701 1107 —
2745 1065 3092 1121 Pensandum
3139 1073 3396 1138 praeterea
3437 1077 3516 1124 est
3555 1069 3700 1142 quod
3740 1089 3826 1128 oc-
3887 1086 3892 1091 ‘

2226 1158 2376 1213 culto
2420 1155 2653 1213 consilio
2699 1155 3050 1226 omnipotens
3091 1156 3238 1212 Deus
3283 1157 3546 1229 quosdam
3597 1158 3665 1215 ab
3694 1159 3826 1232 ipsis

2227 1245 2471 1302 exordiis
2504 1245 2618 1301 suis
2652 1245 2971 1301 innocentes
3003 1245 3341 1316 custodiens,
3371 1264 3544 1321 usque
3571 1250 3591 1283 ⁵
3624 1249 3692 1305 ad
3719 1250 3824 1305 vir-

2227 1344 2408 1393 tutum
2439 1335 2695 1410 provehit
2721 1351 2955 1402 summa,
2985 1342 3047 1390 ut
3069 1343 3226 1392 aetate
3251 1346 3548 1407 crescente,
3573 1337 3738 1394 simul
3768 1337 3825 1394 in

2227 1424 2307 1481 eis
2338 1424 2587 1497 proficiat
2631 1432 2682 1480 et
2729 1440 2998 1480 annorum
3029 1425 3415 1494 numerositas,
3463 1434 3513 1481 et
3559 1426 3825 1483 celsitudo

2229 1514 2572 1571 meritorum.
2607 1514 2760 1570 Alios
2781 1531 2910 1570 vero
2940 1514 2996 1569 in
3019 1515 3264 1571 exordiis
3284 1515 3399 1571 suis
3419 1515 3692 1585 deserens,
3715 1533 3826 1573 sca-

2229 1606 2565 1662 turientihus
2594 1604 2748 1661 vitiis
2773 1605 2852 1660 ire
2877 1622 2974 1679 per
3004 1607 3234 1679 abrupta
3261 1607 3550 1680 permittit.
3583 1607 3826 1663 Plerum-

518 1707 674 1757 tatem
713 1710 888 1758 autem
931 1722 1036 1758 non
1067 1705 1304 1772 habeam,
1335 1704 1471 1760 nihil
1501 1703 1630 1758 mihi
1651 1705 1868 1774 prodest
1908 1706 1965 1771 (I
1990 1706 2115 1763 Cor.
2150 1716 2196 1775 B
2229 1710 2333 1767 que
2365 1701 2547 1748 tamen
2591 1692 2755 1748 θῑίὶὶῐῐι
2786 1707 2878 1747 90$
2920 1692 3161 1764 τθερίοἱῐ,
3201 1700 3254 1748 et
3297 1692 3366 1748 ad
3403 1691 3740 1766 sequendum
3770 1709 3828 1750 se

515 1807 641 1861 xm,
663 1791 746 1865 3).
773 1791 914 1867 [Vet.
936 1794 1200 1868 XV.]Alii
1217 1795 1417 1868 quippe
1433 1811 1599 1868 prava
1618 1794 1685 1852 de
1703 1797 1816 1851 Deo
1836 1797 2081 1852 sentiunt
2101 1814 2114 1864 ;

519 1879 618 1938 alii
651 1891 802 1940 recta
857 1883 924 1940 de
952 1893 1174 1942 auctore
1196 1893 1382 1942 tenent
1406 1904 1418 1952 ;
1453 1885 1546 1941 sed
1567 1885 1834 1941 unitatem
1855 1902 1982 1942 cum
2011 1886 2116 1941 fra-

516 1968 698 2027 tribus
716 1987 829 2028 non
858 1979 1064 2030 tenent.
1085 1975 1174 2031 Illi
1203 1991 1386 2030 errore
1410 1973 1560 2041 ﬁdei,
1589 1973 1682 2030 isti
1704 1990 1833 2029 vero
1853 1973 2114 2029 schisma-

516 2059 589 2116 tis
635 2063 1038 2135 perpetratione
1067 2064 1234 2120 divisi
1263 2072 1412 2121 sunt.
1446 2063 1599 2119 Unde
1629 2071 1684 2119 et
1711 2063 1768 2118 in
1799 2063 1914 2134 ipsa
1942 2063 2118 2135 prima

514 2159 670 2224 parte
697 2151 944 2227 decalogi
971 2162 1330 2227 utrarumque
1359 2153 1599 2226 partium
1614 2154 1788 2224 culpa
1810 2151 2117 2224 reprimun-

514 2248 630 2310 tur,
655 2259 780 2299 cum
801 2242 994 2300 divina
1014 2261 1146 2301 voce
1168 2243 1402 2302 dicitur:
1425 2244 1624 2315 Diliges
1644 2243 1775 2299 Dom
1785 2244 1834 2298 in
1845 2261 1930 2298 um
1950 2243 2117 2298 Deum

515 2338 662 2388 tuum
689 2351 756 2389 ea:
786 2341 890 2390 toto
920 2336 1076 2390 corde
1097 2341 1207 2400 tuo,
1223 2342 1271 2391 et
1297 2353 1362 2390 ea:
1385 2342 1494 2392 tota
1520 2335 1704 2392 anima
1735 2342 1847 2400 tua,
1867 2340 1913 2389 et
1929 2351 1994 2388 ea:
2010 2340 2117 2390 tota

515 2423 707 2479 virtute
735 2429 828 2480 tua
854 2424 1042 2495 (Deut.
1075 2441 1153 2494 vr,
1184 2426 1218 2481 5
1221 2428 1267 2496 ).
1291 2427 1471 2498 Atque
1502 2442 1632 2480 mox
1659 2423 1947 2480 subditur:
1981 2425 2116 2480 Dili-

511 2529 596 2584 ges
619 2513 930 2584 proximum
962 2520 1109 2568 tuum
1137 2513 1272 2568 sicut
1301 2515 1539 2586 teipsum.
1574 2514 1679 2582 Qui
1709 2513 1855 2569 enim
1905 2512 1971 2568 de
2005 2515 2118 2568 Deo

513 2617 769 2675 perversa
799 2603 986 2672 sentit,
1011 2603 1184 2675 liquet
1215 2601 1456 2672 profecto
1486 2603 1616 2674 quia
1642 2603 1816 2658 Deum
1847 2618 1959 2657 non
1978 2600 2119 2656 dili-

515 2691 612 2764 git.
645 2692 751 2761 Qui
772 2709 902 2749 vero
931 2692 1000 2748 de
1029 2694 1143 2748 Deo
1172 2699 1322 2748 recta
1359 2692 1601 2748 sentiens
1627 2709 1659 2748 a
1685 2700 1885 2748 sanctae
1916 2691 2117 2747 Eccle-

513 2781 608 2838 sia)
633 2782 844 2840 unitate
871 2782 1085 2839 divisus
1113 2790 1216 2850 est,
1247 2791 1461 2838 constat
1499 2782 1629 2856 quia
1658 2783 1974 2856 proximum
2004 2797 2116 2836 non

513 2879 682 2940 amat,
712 2888 876 2945 quem
907 2872 1106 2928 habere
1125 2873 1337 2930 socium
1372 2880 1606 2929 recusat.

584 2962 823 3030 42.0uia
837 2963 1218 3018 deestcharitas
1250 2969 1355 3018 tam
1369 2963 1712 3019 schismaticis
1753 2980 1910 3032 quam
1939 2963 2116 3016 luere—

2230 1783 2405 1840 sancti
2436 1782 2640 1838 amoris
2683 1781 2806 1853 igne
2837 1782 3142 1851 succendit,
3185 1789 3347 1855 atque
3390 1783 3610 1838 inclitas
3652 1783 3709 1838 in
3741 1799 3830 1840 eo-

2230 1890 2353 1929 rum
2377 1871 2636 1929 cordibus
2667 1870 2976 1942 prurigines
2990 1871 3252 1927 vitiorum
3279 1871 3446 1928 vertit
3473 1871 3532 1927 in
3555 1872 3827 1928 fervorem

2230 1963 2522 2030 virtutum,
2553 1969 2607 2017 et
2633 1977 2698 2016 eo
2729 1959 2940 2032 magnis
2965 1959 3254 2032 ignescunt
3277 1961 3346 2016 ad
3370 1960 3704 2018 desiderium
3733 1977 3828 2018 re-

2230 2053 2509 2128 quirendus
2540 2051 2758 2124 pietatis
2784 2050 2906 2119 Dei,
2937 2067 3045 2124 quo
3073 2051 3248 2124 magis
3275 2051 3607 2108 erubescunt
3625 2069 3829 2108 memo-

2230 2147 2366 2204 riam
2399 2143 2713 2220 iniquitatis
2733 2160 2866 2213 suae,
2888 2143 3031 2200 sicut
3053 2159 3194 2218 sape
3213 2145 3446 2217 contigit
3473 2145 3614 2201 utin
3632 2161 3829 2218 pugnas

2229 2245 2526 2304 certamine
2560 2246 2717 2302 miles
2743 2253 2869 2302 ante
2898 2244 3054 2302 ducis
3085 2246 3170 2300 sui
3191 2241 3337 2299 575
3356 2245 3546 2302 oculos
3565 2245 3830 2302 constitu~

2228 2344 2338 2404 tus,
2367 2335 2562 2391 hostili
2592 2333 2789 2390 virtuti
2817 2335 3053 2406 turpiter
3076 2331 3254 2403 cedat,
3287 2341 3342 2390 et
3371 2333 3647 2390 enerviter
3678 2349 3830 2406 pras-

2228 2424 2364 2481 bens
2407 2433 2557 2498 terga
2600 2423 2872 2480 feriatur:
2919 2425 3015 2497 qui
3063 2431 3250 2480 tamen
3293 2423 3399 2480 hoc
3447 2424 3627 2496 ipsum
3681 2422 3830 2495 quod

2233 2517 2254 2550 ⁶
2275 2516 2508 2587 turpiter
2525 2513 2690 2585 gessit
2711 2513 3061 2581 erubescens,
3077 2521 3204 2569 ante
3228 2513 3385 2569 ducis
3403 2513 3488 2569 sui
3509 2513 3697 2570 oculos
3718 2527 3828 2567 ma-

2223 2602 2372 2675 jores
2396 2619 2466 2658 ex
2495 2603 2613 2672 ipsa
2637 2601 2974 2656 verecundia
2997 2601 3144 2656 vires
3162 2601 3354 2669 sumit,
3384 2604 3401 2636 7
3425 2608 3682 2673 tantoque
3709 2608 3829 2672 post

2229 2694 2392 2749 fortia
2413 2699 2652 2758 exercet,
2685 2698 2951 2762 quantum
2979 2698 3034 2745 et
3060 2699 3384 2762 praesentem
3409 2690 3634 2762 gloriam
3657 2689 3828 2746 virtu-

2227 2786 2300 2841 tis
2340 2791 2580 2856 peragat,
2619 2789 2673 2836 et
2705 2784 2725 2815 ⁸
2765 2780 3098 2852 praeteritam
3129 2780 3490 2850 ignominiam
3527 2779 3830 2836 debilitatis

2227 2883 2391 2948 tegat.
2432 2875 2521 2930 Sic
2551 2890 2679 2945 ergo
2707 2885 3101 2944 nonnunquam
3133 2871 3357 2944 quidam
3389 2871 3448 2926 in
3475 2870 3574 2927 Dei
3602 2871 3830 2926 servitio

2228 2967 2249 3000 θ
2280 2979 2350 3019 ex
2367 2970 2618 3020 anteacta
2643 2961 2826 3018 acrius
2850 2960 3132 3017 debilitate
3163 2958 3511 3026 roborantur,
3542 2973 3741 3032 eosque
3759 2960 3828 3015 ad

518 3051 652 3109 ticis.
680 3083 751 3093 —
779 3052 1040 3124 Quisquis
1067 3068 1196 3125 ergo
1227 3053 1295 3108 ab
1324 3051 1428 3108 hac
1456 3053 1666 3108 unitate
1713 3050 1902 3107 matris
1931 3051 2115 3107 Eccle-
2151 3082 2198 3143 ο
2226 3053 2584 3141 custodienda
2599 3051 2856 3108 mandata
2875 3059 2929 3106 et
2952 3050 3264 3106 futurorum
3279 3048 3450 3106 trahit
3468 3048 3826 3116 desiderium,

516 3141 633 3210 sire,
667 3140 784 3198 sive
830 3157 926 3214 per
966 3141 1216 3198 haeresim
1263 3141 1329 3197 de
1375 3144 1487 3198 Deo
1535 3157 1787 3214 perversa
1809 3139 2116 3208 sentiendo,

519 3245 617 3288 seu
645 3245 829 3288 errore
857 3231 1170 3290 schismatis
1186 3232 1502 3306 proximum
1535 3248 1646 3288 non
1675 3229 1956 3304 diligendo
1977 3229 2134 3303 divi-_

517 3321 692 3393 ditur,
723 3322 1010 3380 charitatis
1058 3323 1228 3397 hujus
1257 3324 1432 3396 gratia
1457 3324 1727 3397 privatur,
1760 3323 1825 3378 de
1864 3339 1971 3396 qua
2013 3321 2120 3378 hoc

517 3413 669 3488 quod
714 3413 1085 3487 praemisimus
1141 3415 1344 3470 Paulus
1385 3413 1461 3468 ait
1497 3431 1506 3468 :
1539 3412 1597 3469 Si.
1627 3412 1899 3468 tradidero
1929 3427 2120 3483 corpus

516 3521 688 3560 meum
717 3510 775 3560 ut
801 3505 1042 3570 ardeam,
1073 3503 1382 3558 eharitatem
1405 3509 1580 3557 autem
1607 3518 1714 3556 non
1741 3501 2120 3568 habeam,nihil

515 3593 647 3650 mihi
669 3594 885 3666 prodest
903 3597 969 3664 (Ι
1004 3594 1129 3650 Cor.
1162 3609 1288 3661 xm,
1317 3592 1350 3646 3
1357 3595 1397 3661 ).
1433 3593 1512 3648 Ac
1541 3591 1587 3647 si
1608 3599 1794 3663 aperta
1814 3607 1948 3648 voce
1977 3590 2120 3646 dice-

517 3693 601 3741 ret
617 3685 644 3741 ἐ
685 3685 859 3742 Extra
875 3685 1058 3740 locum
1075 3697 1236 3739 suum
1264 3680 1614 3737 conflationis
1635 3681 1774 3736 mihi
1802 3681 1946 3753 ignis
1965 3680 2120 3736 adhi-

517 3774 668 3832 bitus
695 3781 972 3832 tormento
1003 3789 1088 3829 me
1118 3770 1350 3840 cruciat,
1373 3771 1732 3828 mundatione
1763 3788 1873 3827 non
1903 3779 2116 3843 purgat.

518 3865 677 3920 Hunc
706 3881 897 3920 omnes
923 3871 1124 3920 sanctae
1154 3862 1304 3934 pacis
1358 3869 1630 3916 amatores
1677 3877 1896 3916 summo
1939 3859 2121 3916 studio

519 3951 701 4007 locum
731 3959 1007 4023 quaerunt,
1026 3950 1176 4006 hunc
1203 3958 1505 4021 quaerentes
1527 3948 1840 4018 inveniunt,
1865 3949 2014 4007 hunc
2040 3949 2120 4004 in-

519 4037 804 4096 venientes
831 4047 1043 4106 tenent,
1075 4039 1307 4094 scientes
1363 4047 1710 4111 peccatorum
1753 4039 2004 4096 remissio
2033 4040 2118 4094 vel

519 4127 637 4197 ubi,
669 4129 756 4184 vel
811 4127 1050 4202 quando,
1082 4130 1167 4183 vel
1217 4129 1470 4202 qualibus
1515 4131 1692 4188 detur.
1745 4129 1846 4186 Ubi
1896 4129 2118 4203 quippe,

523 4217 661 4274 8nisi
686 4218 743 4273 in
761 4218 1043 4276 catholica:
1063 4220 1254 4276 matris
1272 4221 1398 4276 sinu
1416 4223 1444 4278 ἲ)
1465 4220 1828 4290 Quando,nisi
1851 4229 1977 4275 ante
1992 4239 2014 4274 ι
2030 4238 2120 4276 en-

520 4311 634 4366 turi
653 4307 834 4366 exitus
860 4309 1006 4366 diem
1029 4310 1055 4366 ‘I
1085 4310 1244 4380 Quia,
1276 4329 1381 4368 ecce
1405 4329 1542 4366 nunc
1563 4317 1760 4382 tempus
1789 4311 2121 4382 aceeptabile,

521 4415 626 4455 ecce
669 4417 807 4456 nunc
859 4400 968 4456 dies
1020 4403 1208 4457 salutis
1237 4403 1332 4469 (II
1362 4403 1488 4458 Cor.
1519 4417 1600 4468 γι,
1628 4401 1708 4470 2).
1741 4401 1812 4455 Et
1847 4418 1856 4456 :
1895 4401 2124 4469 Quarta:

522 4487 812 4548 Dominum
827 4489 951 4547 dum
977 4491 1206 4548 inveniri
1229 4499 1417 4565 potest,
1451 4493 1681 4548 invocato
1703 4508 1816 4546 eum
1850 4493 1971 4547 dum
1993 4509 2122 4563 pro-

516 4597 583 4654 pe
609 4587 683 4638 est
707 4581 870 4654 (Isai.
905 4600 995 4651 LV,
1016 4583 1050 4638 6
1071 4584 1116 4654 ).
1149 4582 1435 4652 Qualibus,
1467 4581 1577 4637 nisi
1596 4581 1896 4650 conversis,
1925 4582 2017 4654 qui
2047 4580 2117 4636 ad

521 4673 878 4746 parvulorum
910 4671 1299 4741 imitationem,
1333 4672 1592 4745 magistra
1612 4671 1926 4729 humilitate
1959 4673 1978 4705 ⁵
2008 4671 2116 4725 for-

523 4772 745 4822 mantur
764 4764 792 4820 ?
823 4762 1036 4830 Quibus
1065 4761 1272 4817 dicitur
1304 4781 1314 4817 :
1351 4763 1514 4818 Sinite
1537 4763 1796 4834 parvulos
1832 4760 2003 4815 venire
2049 4761 2120 4815 ad

521 4873 626 4924 me;
661 4854 847 4912 talium
866 4852 1003 4908 enim
1021 4857 1097 4906 est
1117 4869 1332 4924 regnum
1357 4854 1602 4907 caelorum
1620 4851 1838 4922 (Matth.
1860 4867 1979 4920 x1x,
2006 4849 2116 4922 li).

599 5051 614 5082 ¹
632 5047 833 5120 _Editi,
851 5047 945 5120 qui
958 5044 1181 5120 conﬂari
1197 5044 1440 5101 voluerit.
1461 5045 1523 5100 In
1543 5044 1671 5120 Mss.
1691 5043 1901 5120 Germ.,
1921 5045 2092 5120 Laud.
2105 5089 2119 5113 ,

525 5117 689 5175 Corb.
739 5115 924 5175 Germ.
972 5126 1025 5174 et
1054 5115 1216 5186 aliis,
1265 5123 1578 5173 constanter
1623 5115 1824 5188 legitur
1871 5117 2116 5173 valuerit.

525 5189 1210 5263 Quemadmodumsupra,
1239 5195 1358 5263 apte
1377 5187 1606 5263 purgari
1631 5189 1822 5263 valeat.

598 5261 620 5295 ³
650 5262 730 5316 Ita
759 5259 968 5329 Germ.,
1000 5259 1286 5330 Laudun.,
1309 5259 1471 5319 Corb.
1492 5259 1497 5261 ⁷
1516 5261 1726 5328 Germ.,
1755 5261 1971 5328 Norm.,
2003 5259 2124 5315 alii-

525 5345 633 5408 que
659 5331 788 5408 Mss.
806 5330 916 5408 __hic
942 5339 997 5386 et
1023 5333 1312 5408 deinceps;
1345 5333 1497 5408 Editi
1528 5349 1680 5402 vero,
1701 5333 1948 5408 ardeam.

599 5405 620 5438 ³
669 5404 750 5459 Ita
796 5403 1007 5470 Germ.,
1059 5403 1292 5473 Belloiz,
1352 5405 1627 5473 Laudun.,
1687 5404 1849 5460 Corb.
1912 5406 2121 5472 Germ.,

524 5475 739 5543 Norm.,
769 5481 899 5543 etc.,
931 5474 1023 5529 ubi
1055 5475 1202 5529 Edit.
1237 5475 1460 5546 habent,
1492 5480 1547 5532 in
1576 5477 1822 5532 Ecclesia:
1843 5476 2046 5531 matris.

599 5547 621 5582 ⁴
650 5546 927 5618 Laudun.,
961 5547 1264 5618 ﬁrmantur.

599 5619 620 5652 ⁵
652 5616 814 5674 Corb.
848 5616 1059 5686 Germ.,
1086 5617 1390 5690 Bellmac.,
1422 5623 1632 5690 Germ.,
1682 5619 1943 5686 Vindoc.,
1983 5617 2120 5674 Lau-

527 5689 688 5758 dun.,
719 5690 930 5746 Gemet.
963 5697 1017 5745 et
1048 5689 1140 5745 alii
1164 5691 1376 5759 Norm.,
1409 5693 1481 5747 ad
1507 5689 1762 5749 virtutum
1789 5707 2016 5756 summa,
2044 5692 2122 5747 vel

2227 3153 2282 3200 et
2302 3135 2539 3216 impellit
2563 3142 2828 3198 memoria
2849 3140 3276 3214 praeteritorum,
3305 3148 3368 3196 ut
3397 3139 3528 3196 hinc
3547 3140 3618 3197 ad
3636 3146 3828 3196 ventu-

2227 3251 2288 3291 ra
2316 3251 2471 3290 amor
2491 3241 2774 3306 provocet,
2804 3232 2962 3287 illinc
2983 3231 3048 3287 de
3069 3230 3360 3302 praeteritis
3384 3229 3719 3287 verecundia
3745 3229 3829 3285 in-

2228 3324 2407 3396 stiget.
2443 3323 2581 3397 [VeL
2615 3321 2791 3395 ΧΠ]
2828 3322 2976 3390 Quos
3005 3329 3186 3377 tamen
3228 3321 3529 3378 adversarii
3567 3318 3827 3378 Ecclesiae

2229 3413 2360 3469 dum
2387 3412 2618 3469 summis
2647 3411 2906 3484 praeditos
2935 3411 3236 3467 virtutibus
3257 3409 3522 3479 viderint,
3553 3411 3739 3483 eisque
3771 3409 3826 3464 in

2228 3505 2484 3578 praesenti
2523 3505 2638 3560 vita
2679 3503 2826 3559 unde
2861 3503 3124 3574 derogent
3164 3502 3294 3574 quia
3337 3502 3589 3558 invenire
3628 3515 3828 3573 nequa-

2229 3611 2390 3668 quam
2411 3602 2658 3668 possunt,
2681 3609 2934 3650 accusare
2955 3593 3080 3649 illos
3104 3593 3170 3648 de
3191 3591 3483 3664 praeteritis
3502 3590 3828 3657 moliuntur,

2229 3685 2372 3742 sicut
2399 3687 2624 3758 Moysen
2649 3692 2898 3740 nostrum
2916 3683 3252 3740 Manichaaus
3280 3682 3516 3754 impetit,
3538 3681 3594 3734 in
3624 3697 3734 3752 quo
3752 3695 3828 3734 se-

2231 3775 2517 3849 quentium
2531 3775 2800 3830 virtutum
2816 3773 3067 3845 gratiam,
3087 3772 3345 3828 transacti
3367 3769 3655 3825 homicidii
3670 3787 3828 3825 cona-

2231 3871 2320 3920 tur
2356 3865 2516 3934 culpa
2555 3862 2776 3916 foedare.
2818 3862 2881 3916 In
2917 3877 3026 3932 quo
3065 3876 3174 3914 non
3211 3858 3444 3914 attendit
3481 3857 3826 3928 postmodum

2231 3969 2392 4026 quam
2423 3953 2636 4024 patiens
2663 3949 2732 4005 ad
2761 3948 3171 4016 sustinendum,
3202 3947 3296 4002 sed
3319 3948 3471 4018 prius
3501 3963 3664 4019 quam
3695 3964 3828 4020 prae-

2230 4059 2356 4114 ceps
2397 4039 2469 4096 ad
2506 4038 2814 4096 feriendum
2855 4036 3043 4093 fuerit.
3091 4035 3314 4092 Talibus
3343 4052 3470 4107 ergo
3503 4035 3831 4096 adversariis

2231 4133 2421 4188 beatus
2453 4128 2554 4185 Job
2570 4126 2933 4184 subtilissima
2953 4125 3390 4182 consideratione
3413 4124 3663 4194 obvians,
3687 4135 3827 4197 post-

2231 4237 2393 4295 quam
2424 4218 2596 4276 dixit:
2629 4218 2796 4274 Habet
2821 4223 3094 4287 argentum
3117 4232 3367 4270 venarum
3387 4232 3606 4270 suarum
3631 4215 3831 4286 princi-

2226 4311 2344 4384 pia,
2372 4316 2572 4366 etauro
2606 4309 2746 4364 locus
2775 4313 2847 4362 est
2876 4307 2931 4360 in
2959 4322 3061 4377 quo
3082 4307 3366 4376 conflatur,
3397 4313 3520 4377 apte
3547 4303 3826 4361 subdidit:

2608 4397 2834 4454 CAPUT
2864 4396 3075 4452 XXVII
3107 4393 3250 4466 [Rea
3276 4393 3453 4468 XVI].

2300 4490 2474 4547 Vsus.
2501 4487 2555 4544 2.
2586 4515 2656 4530 —-
2686 4488 2914 4544 Ferrum
2942 4486 3004 4540 de
3036 4491 3178 4541 terra
3209 4484 3438 4540 tollitur.

2296 4580 2384 4637 44.
2433 4581 2553 4636 Non
2598 4585 2670 4636 est
2711 4577 3020 4634 intuendum
3056 4576 3186 4648 quid
3223 4593 3322 4647 per
3353 4593 3406 4630 se
3451 4575 3557 4628 sint
3584 4573 3832 4628 Ecclesia:

2227 4670 2481 4737 doctores,
2510 4670 2598 4725 sed
2623 4669 2751 4741 quid
2760 4685 2860 4742 per
2872 4667 3102 4739 gratiam
3123 4663 3397 4719 evaserint.
3420 4691 3490 4702 —
3514 4660 3702 4716 Solent
3721 4659 3829 4717 hae-

2228 4761 2384 4818 retici
2431 4759 2498 4815 de
2538 4757 2769 4830 justitiie
2811 4773 2922 4812 sua)
2966 4760 3154 4811 contra
3183 4768 3283 4807 nos
3312 4749 3549 4806 elatione
3579 4750 3828 4822 gloriari,

2231 4857 2392 4922 atque
2421 4863 2584 4920 opera
2611 4861 2710 4901 sua
2723 4839 3110 4900 ostentationis
3140 4838 3426 4896 inﬂatione
3447 4838 3678 4911 jactare,
3707 4857 3831 4898 nos-

2231 5042 2302 5098 ad
2329 5041 2586 5097 virtutum
2601 5053 2878 5093 summam.
2913 5037 2975 5091 In
3005 5032 3265 5089 omnibus
3287 5041 3470 5090 tamen
3490 5033 3673 5091 Editis
3699 5033 3830 5106 legi-

2230 5124 2320 5172 tur
2350 5114 2603 5169 virtutum
2625 5112 2846 5166 culmen.

2303 5188 2325 5222 θ
2355 5187 2436 5242 Ita
2463 5200 2654 5240 omnes
2688 5182 2817 5237 Mss.
2867 5177 3064 5248 nostri,
3106 5185 3300 5249 printer
3343 5179 3526 5235 Germ.
3561 5185 3616 5233 et
3658 5176 3820 5235 Corb.

2231 5259 2443 5322 Germ.,
2471 5255 2530 5310 in
2559 5253 2760 5327 quibus
2788 5259 2849 5306 ut
2875 5250 2932 5306 in
2962 5250 3141 5327 Editis
3169 5250 3388 5322 legitur,
3415 5249 3640 5321 turpiter
3659 5249 3826 5327 cessit.

2303 5333 2322 5364 ⁷
2355 5320 2816 5400 ϐέιιιιηίΕιιι-οἱθ.
2850 5330 2903 5377 et
2931 5321 3024 5400 alii
3055 5320 3269 5400 Nor-ml,
3293 5320 3541 5400 tantaque
3563 5328 3684 5392 post
3709 5320 3822 5400 for-

2233 5403 2373 5457 tia...
2394 5393 2692 5474 guan’tiset
2722 5395 2992 5474 prwseutis
3018 5394 3245 5474 gloriam
3275 5393 3487 5474 uirtutis
3509 5399 3750 5474 peragat.

2305 5475 2324 5508 ⁸
2383 5462 2544 5528 Corb.
2597 5462 2806 5535 Germ.,
2855 5473 2902 5521 et
2937 5462 3224 5538 praeterita,
3266 5462 3608 5533 ignominiam
3648 5462 3826 5518 debili-

2232 5545 2376 5600 tatis.

2302 5619 2322 5652 θ
2353 5612 2588 5673 Vindoc.
2601 5655 2614 5682 ,
2637 5629 2701 5668 ea:
2731 5615 2970 5668 anteacta
2983 5606 3356 5679 prwteritaque
3371 5605 3636 5664 debilitate
3648 5605 3828 5660 acrius

2229 5688 2572 5744 roborantur.
