4172 6184
391 320 456 376 61
1125 317 1495 375 MORALIUM
1535 317 1667 375 LIB.
1710 317 1912 376 XVIII.
1952 349 2025 361 —
2061 317 2133 376 IN
2170 318 2400 376 CAPUT
2439 320 2675 378 XXVIII
2716 324 2777 377 B.
2820 323 2960 379 JOB.
3042 348 3051 359 ο
3617 331 3686 390 62

397 465 501 524 que
526 431 750 520 iniquos,
781 453 843 502 ut
871 444 1139 516 diximus,
1176 456 1269 503 aut
1295 463 1432 517 esse,
1464 428 1559 504 aut
1583 448 1752 505 fuisse
1780 448 1979 506 crimi-
2010 448 2057 509 Α
2087 450 2239 519 dum,
2273 466 2380 523 quo
2411 450 2589 524 iniqui
2616 451 2731 507 esse
2755 449 3040 509 desistant.
3068 454 3222 511 Unde
3238 458 3318 513 eis
3346 473 3443 529 per
3458 461 3688 532 Aposto-

398 546 604 595 nantnr.
630 538 727 591 Per
752 535 1132 592 humillimam
1149 554 1277 610 ergo
1297 538 1723 607 confessionem,
1752 546 1806 594 et
1828 556 1978 595 vera-

401 644 506 686 cem
547 626 914 683 defensionem
970 634 1159 682 contra
1203 644 1295 683 eos
1325 628 1413 683 vir
1448 635 1669 684 sanctus
1712 629 1975 700 loquitur,

394 714 564 773 dicens
596 716 857 771 :Ferrum
886 716 948 769 de
979 722 1121 771 terra
1154 717 1369 773 tollitur.
1399 720 1477 772 Ac
1509 719 1552 773 si
1576 724 1761 789 aperte
1793 718 1973 776 dicat:

392 810 561 864 Fortes
585 806 715 875 viri,
747 805 841 878 qui
871 805 1203 863 acutissimis
1228 808 1540 880 linguarum
1564 809 1761 881 gladiis
1791 809 1849 865 in
1876 808 1978 866 hac

387 896 489 952 acie
525 895 880 951 defendendae
909 895 1038 951 ﬁdei
1066 896 1271 953 ferrum
1311 897 1471 966 ﬁunt,
1506 899 1805 971 aliquando
1833 907 1977 956 terra

386 987 436 1043 in
462 984 661 1041 inﬁmis
676 984 994 1041 actionibus
1010 984 1253 1042 fuerunt.
1276 988 1529 1043 Peccanti
1549 988 1749 1061 quippe
1763 988 1975 1042 homini

383 1074 578 1132 dictum
593 1082 674 1129 est
711 1093 724 1130 :
756 1077 922 1130 Terra
939 1092 1010 1139 es,
1042 1081 1090 1129 et
1111 1076 1164 1130 in
1187 1082 1381 1132 terram
1399 1078 1494 1131 ibis
1516 1079 1724 1149 (Genes.
1750 1095 1834 1143 III,
1860 1078 1971 1149 19).

382 1165 477 1222 Sed
506 1164 569 1220 de
583 1172 734 1220 terra
757 1164 963 1220 ferrum
994 1166 1211 1221 tollitur
1245 1167 1406 1238 (Dist.
1432 1184 1483 1236 L,
1517 1185 1560 1223 ο.
1588 1168 1702 1240 18),
1722 1182 1847 1224 cum
1868 1166 1975 1222 for-

378 1257 447 1313 tis
474 1265 848 1330 propugnator
876 1256 1136 1313 Ecclesiae
1166 1275 1197 1314 a
1215 1265 1429 1315 terrena
1449 1277 1611 1334 quam
1634 1260 1784 1333 prius
1801 1260 1978 1315 tenuit

380 1348 580 1405 actione
608 1348 1055 1420 separatur.Non
1087 1362 1212 1420 ergo
1236 1350 1289 1404 in
1321 1367 1384 1406 eo
1406 1349 1565 1406 debet
1597 1350 1802 1423 despici
1821 1349 1975 1422 quid-

380 1438 504 1511 quid
536 1437 662 1507 fuit,
695 1439 794 1512 qui
820 1438 933 1510 jam
964 1439 1129 1511 coepit
1157 1456 1273 1495 esse
1303 1440 1450 1514 quod
1470 1457 1581 1497 non
1610 1440 1735 1497 fuit.
1759 1441 1844 1496 An
1864 1456 1976 1497 non

379 1527 656 1583 Mattheeus
688 1529 750 1583 in
780 1535 923 1583 terra
951 1528 1211 1584 inventus
1240 1538 1341 1598 est,
1372 1532 1463 1603 qui
1483 1532 1716 1587 terrenis
1746 1530 1979 1603 negotiis

377 1618 685 1690 implicatus
719 1621 737 1654 ¹
767 1618 960 1675 telonii
991 1618 1182 1675 usibus
1210 1620 1484 1675 serviebat
1515 1622 1728 1692 (Matth.
1763 1637 1842 1687 1x,
1869 1621 1928 1691 9)
1949 1618 1977 1676 ?

377 1708 475 1765 Sed
499 1708 567 1764 de
592 1717 743 1765 terra
772 1709 793 1743 ’
822 1709 1092 1778 sublatus,
1117 1708 1175 1765 in
1204 1710 1591 1767 fortitudinem
1619 1711 1750 1766 ferri
1780 1724 1979 1766 conva-

2085 542 2197 597 lum
2228 542 2450 599 dicitur:
2473 542 2659 599 Eratis
2673 544 2963 614 aliquando
2988 547 3222 615 tenebrae,
3249 566 3386 603 nunc
3400 558 3572 607 autem
3591 555 3687 610 lux

2088 636 2141 690 in
2167 636 2409 692 Domino.
2438 636 2591 692 Sicut
2609 635 2733 691 aliis
2750 651 2967 708 quoque
2988 635 3277 708 discipulis
3292 638 3464 696 isdem
3496 643 3687 701 doctor

2086 725 2331 796 egregius
2359 725 2527 781 dicit:
2561 726 2683 782 Nos:
2720 725 3005 797 prteressit,
3042 726 3149 781 dies
3187 732 3360 782 autem
3387 733 3688 802 appropin-

2086 816 2287 885 quavit.
2321 816 2651 885 Abjiciamus
2676 833 2797 887 ergo
2829 834 2987 888 opera
3008 817 3400 882 tenebrarum,‘5
3432 824 3479 873 et
3504 819 3689 876 indua-

2085 924 2202 961 mus
2230 924 2324 962 nos
2352 924 2505 963 arma
2530 908 2660 963 lucis
2678 925 2695 970 ;
2725 908 2860 961 sicut
2907 907 2961 960 in
3001 907 3083 961 die
3112 908 3319 961 honeste
3360 906 3685 965 ambulemus

2088 997 2264 1068 (Rom.
2298 1015 2421 1065 xm,
2462 999 2548 1066 12,
2583 997 2694 1066 13).
2738 997 2892 1054 Unde
2940 1005 2994 1052 et
3038 997 3095 1052 in
3136 997 3383 1054 Canticis
3428 1000 3685 1058 cantico-

2084 1101 2208 1141 rum
2255 1088 2276 1121 ο
2331 1087 2578 1143 Ecclesia
2633 1088 2886 1143 veniente
2943 1088 3191 1145 dicitur:
3267 1090 3396 1157 Quae
3449 1096 3525 1145 est
3578 1089 3689 1147 ista

2084 1192 2199 1247 qua:
2208 1176 2551 1247 progreditur
2564 1177 2719 1247 quasi
2733 1193 2938 1233 aurora
2958 1194 3272 1249 consurgens
3298 1177 3481 1249 (Cant.
3498 1196 3555 1235 v1
3562 1222 3579 1249 ,
3596 1178 3688 1251 9)?

2083 1266 2224 1337 Apte
2268 1265 2415 1320 enim
2447 1266 2694 1321 Ecclesia
2735 1282 2946 1322 aurorae
2984 1274 3298 1339 comparata
3334 1266 3687 1338 describitur,

2085 1356 2104 1389 ⁷
2137 1370 2257 1426 quae
2306 1371 2400 1426 per
2428 1355 2800 1426 cognitionem
2839 1356 2968 1412 ﬁdei
3012 1373 3044 1411 a
3077 1364 3426 1428 peccatorum
3458 1373 3684 1413 suorum

2084 1440 2327 1496 tenebris
2356 1441 2416 1496 in
2445 1442 2594 1497 clara
2622 1442 2742 1498 luce
2767 1442 3002 1514 justitiae
3030 1451 3422 1500 commutatur.
3466 1446 3688 1516 Tempus

2085 1546 2203 1601 ergo
2232 1531 2411 1600 posuit
2436 1531 2676 1596 tenebris,
2717 1538 2763 1585 et
2792 1533 3161 1586 universorum
3190 1533 3345 1603 ﬁnem
3372 1532 3482 1603 ipse
3520 1533 3687 1588 consi-

2085 1620 2255 1674 derat.
2292 1619 2686 1676 Universorum
2714 1621 2959 1690 nomine,
2989 1630 3042 1677 et
3063 1622 3266 1677 electos
3298 1622 3476 1679 voluit
3507 1630 3562 1678 et
3590 1639 3687 1679 re-

2085 1709 2286 1780 probos
2312 1709 2724 1781 comprehendi.
2756 1712 2895 1767 Nam
2931 1710 3076 1767 bona
3106 1711 3313 1769 faciens
3344 1720 3396 1768 et
3422 1712 3687 1769 ordinans

378 1797 496 1864 luit,
524 1797 688 1870 cujus
739 1798 999 1856 videlicet
1037 1798 1226 1871 lingua
1253 1801 1411 1874 quasi
1442 1800 1764 1857 acutissimo
1795 1798 1976 1871 gladio
2010 1810 2056 1873 Β
2084 1799 2251 1867 Deus,
2282 1800 2424 1855 mala
2453 1816 2581 1855 vero
2610 1818 2720 1856 non
2748 1801 2976 1869 faciens,
2998 1801 3093 1856 sed
3114 1801 3182 1856 ab
3212 1802 3420 1875 iniquis
3448 1804 3590 1860 facta
3618 1819 3685 1858 ne

373 1888 665 1960 Evangelii
683 1888 1157 1945 administratione
1182 1891 1452 1946 Dominus
1469 1890 1779 1945 inﬁdelium
1810 1890 1977 1946 corda

370 1978 658 2034 transﬁxit
684 1996 698 2045 ;
724 1987 775 2035 et
804 1981 897 2053 qui
927 1980 1183 2038 inﬁrmus
1204 1984 1357 2056 prius
1386 1984 1781 2055 despectusque
1797 1981 1975 2038 fuerat

370 2083 468 2140 per
494 2077 710 2125 terrena
750 2071 987 2143 negotia,
1016 2072 1179 2129 fortis
1210 2073 1563 2145 postmodum
1594 2073 1772 2129 factus
1799 2079 1882 2127 est
1906 2071 1976 2128 ad

370 2160 612 2215 caelestia
660 2159 1105 2232 praedicamenta.
1153 2162 1308 2219 Unde
1357 2163 1539 2219 adhuc
1577 2162 1970 2235 subjungitur:

721 2269 950 2326 CAPUT
983 2270 1219 2326 XXVIII
1253 2269 1397 2345 [Rea
1432 2270 1637 2344 XVII].

432 2356 574 2416 Iam.
607 2390 680 2402 —-
700 2360 774 2417 Et
805 2360 940 2431 lapis
969 2362 1171 2415 solutus
1198 2361 1394 2429 calore,
1430 2361 1481 2415 in
1509 2379 1576 2415 (es
1606 2360 1848 2415 rertitur.

431 2446 521 2504 45.
564 2450 771 2506 Gratice
808 2448 1076 2520 infusione
1110 2468 1199 2507 cor
1240 2452 1511 2505 emollitur
1539 2452 1607 2505 ad
1636 2466 1890 2516 antorem,
1930 2453 1978 2502 et

366 2536 661 2593 roboratur
685 2539 757 2593 ad
780 2539 1154 2608 operationem.
1178 2539 1423 2595 —Tunc
1452 2538 1592 2609 lapis
1621 2540 1799 2593 calore
1814 2536 1976 2592 solvi-

362 2632 474 2694 tur,
508 2643 652 2680 cum
680 2643 773 2680 cor
804 2626 1006 2679 durum
1035 2636 1197 2696 atque
1219 2643 1248 2679 a
1279 2624 1457 2680 divini
1489 2626 1689 2679 amoris
1716 2625 1838 2695 igne
1867 2625 1976 2681 fri-

361 2713 557 2784 gidum
579 2712 773 2767 eodem
793 2711 971 2768 divini
986 2713 1190 2768 amoris
1207 2712 1332 2785 igne
1354 2713 1669 2785 tangitur,et
1687 2714 1742 2769 in
1760 2714 1973 2771 fervore

362 2802 594 2873 spiritus
628 2800 893 2872 liquatur,
928 2809 986 2855 ut
1015 2800 1082 2855 ad
1115 2808 1430 2873 sequentem
1462 2803 1631 2857 vitam
1663 2802 1972 2860 desiderio-

368 2907 482 2946 rum
533 2898 677 2945 aestu
720 2889 927 2957 ardeat,
972 2907 1134 2961 quam
1167 2890 1320 2961 prius
1362 2891 1590 2947 audiens
1632 2891 1971 2950 insensibilis

370 2979 640 3035 manebat.
677 2977 816 3052 [Vet.
850 2973 903 3034 Χ
912 2979 1057 3052 νη]
1101 2981 1186 3035 Ex
1236 2997 1345 3053 quo
1392 2980 1584 3036 ardore
1631 2981 1860 3050 scilicet,
1917 2990 1970 3038 et

369 3068 648 3124 emollitur
674 3066 743 3123 ad
773 3084 1039 3136 amorem,
1067 3075 1121 3122 et
1152 3067 1441 3125 roboratur
1471 3069 1539 3125 ad
1570 3071 1966 3142 operationem,

371 3168 425 3215 ut
452 3160 598 3216 sicut
626 3160 781 3233 prius
811 3160 982 3215 durus
1022 3158 1204 3215 fuerat
1252 3160 1309 3216 in
1341 3177 1523 3217 amore
1553 3162 1761 3233 saeculi,
1807 3162 1883 3219 ita
1912 3179 1969 3219 se
1997 3173 2040 3237 ο

368 3251 715 3322 postmodum
746 3250 942 3305 fortem
973 3258 1161 3305 exerat
1193 3248 1249 3304 in
1278 3267 1521 3307 amorem
1553 3253 1688 3321 Dei;
1726 3262 1781 3310 et
1824 3257 1972 3329 quod

371 3347 492 3394 ante
538 3339 728 3395 audire
776 3339 1060 3406 renuebat,
1103 3337 1217 3411 jam
1248 3347 1300 3394 et
1329 3339 1547 3397 credere
1578 3350 1631 3397 et
1676 3344 1973 3415 praedicare

371 3437 617 3510 incipiat.
653 3439 814 3510 Lapis
842 3455 962 3509 ergo
993 3438 1199 3492 solutus
1227 3441 1423 3505 calore,
1448 3437 1592 3495 576
1622 3441 1677 3496 in
1708 3460 1777 3496 aes
1819 3443 1972 3498 certi-

374 3533 480 3596 tur,
511 3527 641 3600 quia
669 3528 806 3584 dura
835 3543 987 3582 mens
1013 3527 1239 3598 superni
1268 3530 1473 3585 amoris
1511 3530 1636 3602 igne
1677 3530 1973 3605 liquefacta

372 3615 443 3671 ad
470 3632 657 3671 veram
680 3616 1057 3672 fortitudinem
1087 3627 1482 3690 commutatur,
1502 3629 1564 3677 ut
1584 3630 1854 3694 peccator,
1877 3623 1973 3695 qui

376 3705 536 3778 prius
562 3704 892 3762 insensibilis
918 3709 1217 3777 exstiterat,
1248 3712 1599 3780 postmodum
1626 3721 1679 3767 et
1711 3730 1804 3784 per
1833 3731 1976 3770 auc—

380 3796 654 3851 toritatem
686 3796 842 3853 fortis
861 3806 911 3853 et
940 3816 1032 3870 per
1062 3799 1511 3871 praedicationem
1543 3804 1563 3834 ³
1592 3818 1828 3857 sonorus
1858 3802 1969 3860 ﬁat.

377 3884 532 3952 Quod
558 3883 695 3941 bene
723 3902 819 3958 per
846 3888 1037 3943 Isaiam
1068 3888 1275 3943 dicitur
1308 3907 1319 3945 :
1358 3889 1462 3957 Qui
1497 3891 1765 3962 conﬁdunt
1796 3890 1847 3945 in
1868 3893 1972 3947 Do-

377 3975 537 4041 mino,
566 3978 839 4031 neuterbunt
864 3977 1233 4047 fortitudinem
1264 3980 1417 4049 (Isai.
1453 3996 1545 4045 XL,
1585 3980 1700 4053 31).
1734 3981 1971 4037 Fortitu-

377 4062 556 4119 dinem
586 4074 883 4134 mutamus,
906 4085 1034 4123 cum
1067 4066 1316 4123 conversi
1334 4075 1484 4123 tanta
1514 4069 1717 4125 virtute
1736 4086 1973 4141 praesens

378 4155 631 4211 saeculum
678 4156 925 4229 fugimus
980 4166 1186 4231 quanta
1238 4157 1343 4215 hoc
1391 4167 1516 4214 ante
1573 4161 1968 4232 quaerebamus.

381 4243 399 4276 ‘
427 4243 563 4311 Quia
592 4253 773 4301 autem
806 4249 947 4303 male
977 4248 1045 4303 ab
1075 4248 1403 4304 adversariis
1431 4250 1829 4306 catholicorum
1861 4270 1973 4308 mo-

382 4333 525 4391 ribus
548 4344 671 4392 ante
700 4346 823 4394 acta
852 4338 966 4394 vita
996 4348 1301 4412 reputatur,
1325 4349 1469 4398 recte
1499 4340 1756 4397 subditur
1787 4361 1800 4399 :

941 4447 1171 4503 CAPUT
1211 4447 1421 4503 XXIX.

2084 1887 2397 1943 inordinate
2427 1892 2445 1923 ⁸
2476 1889 2735 1946 eveniant
2756 1891 2869 1962 ipse
2885 1890 3205 1962 disponens,
3229 1892 3539 1947 considerat
3564 1892 3684 1947 uui-

2084 1994 2372 2034 versorum
2404 1979 2592 2047 ﬁnem,
2641 1989 2695 2036 et
2736 1980 3009 2052 patienter
3042 1981 3238 2036 tolerat
3281 1981 3491 2050 omnia,
3523 1987 3685 2054 atque

2084 2067 2333 2123 intuetur
2358 2069 2657 2124 electorum
2683 2069 3004 2138 terminum,
3033 2070 3179 2143 quod
3209 2086 3278 2126 ex
3308 2072 3452 2127 malo
3474 2078 3684 2127 muten-

2087 2166 2177 2214 tur
2209 2158 2279 2214 ad
2324 2159 2554 2215 bonum.
2589 2161 2839 2216 lntuetur
2878 2162 3045 2216 etiam
3090 2161 3449 2233 reproborum
3493 2162 3683 2231 ﬁnem,

2085 2247 2233 2321 quod
2263 2248 2329 2304 de
2359 2250 2506 2306 malo
2533 2266 2695 2322 opere
2716 2253 2737 2286 9
2780 2252 3009 2324 dignum
3040 2268 3096 2308 se
3128 2252 3421 2309 trahantur
3449 2253 3518 2310 ad
3546 2270 3686 2326 sup-

2085 2339 2337 2413 plicium.
2370 2340 2526 2399 Vidit
2543 2341 2707 2398 ﬁnem
2731 2343 3105 2416 persequentis
3123 2343 3297 2412 Sauli,
3318 2360 3427 2416 quo
3448 2352 3684 2417 prostra-

2084 2437 2174 2486 tus
2186 2430 2397 2487 diceret
2414 2449 2426 2487 :
2445 2433 2687 2496 Domine,
2715 2432 2903 2500 1oquid
2920 2450 2999 2486 me
3019 2433 3096 2485 vis
3116 2432 3290 2500 facere
3313 2434 3455 2503 (Act.
3479 2450 3561 2501 Ix,
3578 2434 3635 2505 6)
3658 2434 3685 2489 ?

2086 2519 2242 2576 Vidit
2271 2519 2441 2574 ﬁnem
2471 2520 2624 2591 quasi
2670 2518 3022 2591 obsequentis
3063 2519 3343 2591 discipuli,
3393 2521 3543 2594 quod
3586 2538 3684 2593 pro

2082 2609 2392 2666 commisso
2422 2611 2624 2666 scelere
2669 2617 2858 2681 guttur
2914 2610 3109 2682 laqueo
3155 2610 3470 2682 stringeret,
3515 2626 3682 2684 seque

2081 2706 2134 2754 et
2173 2706 2488 2770 peccantem
2522 2698 2762 2771 puniret,
2793 2706 2845 2753 et
2875 2698 3115 2755 deterius
3144 2699 3425 2771 puniendo
3454 2701 3685 2774 decipe-

2080 2795 2182 2843 ret.
2232 2788 2389 2844 Vidit
2432 2786 2708 2844 Ninivitas
2738 2788 3141 2861 delinquentes,
3175 2790 3273 2845 sed
3309 2790 3685 2848 consideravit

2080 2876 2246 2933 ﬁnem
2267 2876 2706 2950 delinquentium
2723 2881 2761 2915 ιι
2783 2877 3159 2950 paenitentiam
3180 2888 3570 2937 correctorum.
3590 2881 3683 2938 Vi-

2079 2965 2163 3023 dit
2191 2983 2409 3039 quoque
2425 2954 2719 3023 Sodomam
2736 2967 3173 3039 delinquentem,
3195 2968 3291 3023 sed
3308 2970 3683 3026 consideravit

2078 3055 2246 3111 ﬁnem
2274 3056 2486 3111 ardoris
2514 3055 2773 3124 luxuriae,
2802 3055 2985 3126 ignem
3006 3053 3290 3126 gehennae.
3325 3058 3481 3114 Vidit
3511 3059 3688 3130 genti-

2081 3144 2252 3201 litatis
2292 3143 2480 3213 ﬁnem,
2527 3145 2677 3219 quod
2727 3161 2972 3218 possessa
3018 3143 3376 3217 iniquitatum
3421 3147 3685 3218 tenebris,

2081 3234 2409 3309 quandoque
2436 3236 2565 3292 ﬁdei
2588 3238 2709 3294 luce
2728 3237 3068 3294 claresceret.
3102 3236 3261 3295 Vidit
3289 3237 3456 3294 etiam
3486 3236 3686 3294 Iudaeae

2082 3325 2403 3395 terminum,
2425 3327 2572 3399 quod
2591 3326 2659 3383 ab
2680 3342 2743 3382 ea
2770 3327 2892 3384 luce
2922 3327 3050 3383 ﬁdei
3080 3344 3245 3401 quam
3262 3328 3482 3385 tenebat
3500 3329 3687 3385 obdu-

2081 3422 2213 3471 ratae
2239 3415 2481 3487 perﬁdiae
2511 3434 2567 3472 se
2594 3417 2837 3473 tenebris
2862 3425 3108 3476 caecaret.
3144 3418 3297 3475 Unde
3326 3418 3506 3476 adhuc
3534 3435 3679 3477 con-

2082 3520 2214 3578 grue
2241 3506 2531 3564 subditur:

2434 3633 2662 3693 CAPUT
2695 3635 2858 3692 xxx
2904 3635 3045 3711 [Rea
3077 3635 3317 3712 XVIII].

2152 3745 2313 3813 IBII).,
2346 3746 2517 3803 Vens.
2551 3748 2602 3803 4.
2628 3780 2699 3789 -
2718 3748 2971 3819 Lapidem
3000 3765 3203 3818 quoque
3228 3746 3471 3818 caliginis
3499 3754 3548 3803 et
3575 3765 3684 3803 um-

2082 3833 2227 3887 bram
2262 3835 2446 3888 mortis
2470 3835 2660 3889 dividit
2689 3842 2892 3889 torrens
2919 3855 2953 3890 a
2968 3837 3168 3906 populo
3193 3837 3583 3906 peregrinante.

2152 3920 2240 3975 47.
2273 3921 2475 3975 Probas
2501 3928 2547 3975 et
2578 3924 2741 3975 malos
2773 3923 2907 3989 ignis
2943 3923 2996 3973 in
3036 3929 3267 3975 extremo
3287 3921 3494 3989 judicio
3525 3923 3679 3977 divi-

2082 4012 2183 4067 det.
2219 4042 2288 4051 —
2311 4012 2353 4045 ¹²
2373 4010 2516 4079 Quid
2546 4011 2717 4067 durus
2736 4012 2830 4067 ille
2848 4010 3076 4082 perﬁdia
3096 4010 3411 4067 Judaeorum
3430 4014 3686 4086 populus,

2083 4101 2177 4175 qui
2196 4108 2475 4157 auctorem
2498 4100 2625 4157 vitae
2656 4116 2751 4172 per
2774 4100 2941 4156 ﬁdem
2957 4099 3146 4156 videre
3171 4102 3372 4170 noluit,
3404 4118 3566 4175 quem
3587 4118 3683 4174 per

2082 4189 2426 4264 prophetiam
2461 4190 2744 4262 przedixit,
2774 4190 2879 4247 nisi
2910 4191 3047 4263 lapis
3075 4191 3328 4265 caliginis
3364 4191 3473 4248 fuit
3498 4193 3524 4250 ἓν
3553 4192 3683 4266 quia

2082 4288 2135 4336 et
2164 4280 2488 4337 crudelitate
2520 4280 2691 4337 durus
2733 4280 2969 4349 exstitit,
3002 4289 3055 4335 et
3085 4279 3412 4336 inﬁdelitate
3443 4282 3683 4338 nebulo—

2083 4387 2193 4427 sus.
2227 4370 2333 4437 Qui
2366 4370 2476 4425 alio
2494 4386 2714 4442 quoque
2736 4370 3004 4425 vocabulo
3025 4369 3221 4425 umbra
3238 4371 3430 4426 mortis
3455 4369 3680 4427 dicitur.

2086 4459 2287 4514 Umbra
2316 4459 2517 4531 quippe
2546 4460 2671 4514 talis
2711 4458 3061 4531 exprimitur,
3094 4458 3279 4532 qualia
3325 4459 3442 4531 ejus
3490 4459 3589 4527 rei,
3620 4459 3687 4514 de

449 4549 619 4607 Vnus.
655 4553 705 4609 3.
732 4586 798 4597 —
832 4557 1054 4627 Tempus
1069 4556 1248 4627 posuit
1270 4557 1508 4622 tenebris,
1532 4563 1578 4612 et
1606 4559 1973 4615 mziversorum

2086 4564 2191 4619 qua
2218 4547 2480 4616 trahitur,
2513 4548 2720 4603 fuerint
2751 4548 3101 4604 lineamenta.
3132 4549 3265 4617 Quis
3285 4558 3467 4606 autem
3491 4548 3682 4605 mortis

382 4639 525 4711 ﬁnem
554 4641 666 4715 ipse
694 4644 1009 4701 considerat.

446 4728 527 4787 46.
562 4733 703 4788 Deus
750 4737 1027 4791 electorum
1054 4744 1101 4791 et
1147 4736 1490 4808 reproborum
1520 4737 1673 4809 ﬁnem
1722 4738 1969 4795 intuetur.

384 4819 522 4879 Bona
537 4822 671 4894 facit
697 4832 744 4882 et
771 4828 1029 4894 ordinat;
1058 4831 1203 4885 mala
1232 4846 1337 4884 non
1364 4827 1516 4899 facit,
1533 4830 1621 4885 sed
1641 4830 1874 4887 ordinat.
1906 4862 1975 4872 —

384 4911 491 4986 Ipse
517 4920 701 4990 posuit
730 4929 948 4994 tempus
976 4922 1241 4991 tenebris,
1289 4921 1498 4995 iniquis
1546 4922 1803 4979 videlicet
1846 4937 1973 4977 mo-

448 5131 461 5202 f
494 5130 705 5201 Germ.,
741 5134 763 5188 1
799 5134 996 5202 Laud.,
1036 5133 1197 5189 Corb.
1229 5134 1439 5201 Germ.,
1470 5135 1673 5190 telonei.

443 5199 521 5257 21
563 5199 763 5275 Laud.,
797 5199 1008 5274 Germ.,
1060 5205 1220 5262 Corb.
1269 5199 1478 5275 Germ},
1529 5207 1711 5261 tullus.
1745 5208 1821 5263 De
1868 5206 1971 5265 hac

380 5284 506 5328 voce
537 5274 668 5330 vide
699 5277 737 5331 l.
770 5293 856 5345 ιιι,
889 5292 1044 5333 num.
1079 5278 1168 5333 22.

442 5346 460 5379 ³
505 5345 784 5417 Bellovac.
819 5356 872 5403 et
901 5350 925 5403 1
953 5349 1148 5417 Laud.,
1176 5365 1480 5404 sonorosus.

442 5418 463 5490 ξ
502 5416 688 5490 Becc.,
720 5420 847 5490 quia
877 5426 1049 5475 autem
1078 5416 1241 5477 mala.

438 5488 458 5522 ⁵
503 5486 679 5545 Laud.
709 5486 762 5545 et
792 5492 1003 5558 Norm.,
1034 5499 1083 5546 et
1112 5492 1399 5546 induamur
1424 5507 1600 5548 arma.

440 5559 461 5594 θ
507 5560 531 5614 1
565 5560 765 5630 Laud.,
803 5563 1052 5617 Ecclesia:
1090 5563 1329 5617 venienti.

439 5632 458 5705 ἶ
568 5632 768 5702 Laud.,
800 5651 915 5704 qum
940 5651 1038 5705 per
1056 5634 1434 5705 cogitationem.

442 5704 463 5737 θ
503 5703 671 5758 ΝΟΙΊΙ]
684 5750 693 5759 ,
706 5749 720 5773 ,
762 5703 989 5761 veniant.

441 5776 463 5809 9
507 5775 540 5830 2
570 5775 768 5845 Laud.,
798 5779 1012 5848 dignum
1041 5794 1093 5832 se
1124 5777 1340 5833 trahunt
1371 5777 1441 5832 ad
1466 5779 1801 5849 supplicium.
1843 5778 1976 5835 Pri-

2082 4638 2328 4706 nomine,
2360 4638 2466 4693 nisi
2498 4638 2750 4694 diabolus
2781 4639 3051 4695 vocatur?
3080 4642 3157 4694 De
3188 4657 3294 4712 quo
3316 4643 3360 4675 ¹³
3384 4656 3479 4714 per
3499 4656 3686 4712 quam-

2083 4739 2207 4796 dam
2271 4740 2511 4797 ministri
2552 4740 2637 4795 sui
2675 4740 3133 4813 signiﬁcationem
3168 4739 3311 4796 5’77
3342 4741 3579 4798 dicitur:
3616 4743 3688 4795 Et

2082 4848 2269 4886 nomen
2304 4832 2387 4887 illi
2434 4849 2574 4886 mors
2606 4834 2793 4904 (Apoc.
2835 4850 2915 4900 vr,
2952 4832 3033 4905 8).
3101 4832 3272 4904 Cujus
3316 4831 3410 4886 ille
3453 4828 3686 4901 populus

2082 4921 2276 4978 umbra
2302 4920 2535 4991 exstitit,
2566 4922 2694 4995 quia
2725 4920 3074 4996 iniquitatem
3106 4912 3259 4976 illius
3290 4932 3542 4992 sequens,
3561 4913 3680 4985 ejus

2080 5154 2222 5207 mus,
2255 5136 2471 5208 dignum
2506 5136 2851 5208 retrahuntur
2878 5135 2950 5208 ad
2981 5129 3321 5208 supplicium.

2157 5198 2354 5265 ‘°'Duvo
2381 5207 2581 5272 Laud.,
2611 5207 2739 5277 quid
2768 5224 2844 5260 me
2864 5198 3236 5277 jubesfacere:

2157 5281 2199 5315 ¹¹
2233 5281 2311 5336 Ita
2328 5297 2455 5335 cum
2477 5270 2640 5335 (Σοὶ-Η.
2671 5270 2881 5341 Germ.,
2900 5270 3071 5327 Laud.
3100 5287 3162 5327 ac
3180 5272 3395 5342 Norm.,
3412 5278 3545 5343 etc.,
3568 5280 3679 5330 vet.

2080 5351 2253 5407 Editi.
2288 5354 2359 5405 At
2391 5358 2617 5421 poster.,
2644 5345 2973 5421 pwnitentia.

2153 5423 2197 5457 ²²
2226 5414 2460 5475 Vinddc.
2500 5427 2553 5472 et
2585 5420 2607 5471 1
2644 5414 2842 5484 Laud.,
2864 5416 2993 5487 quid
3016 5414 3185 5469 ilm'us
3212 5416 3303 5471 ille
3326 5418 3565 5489 perfidus
3588 5418 3681 5473 Ju-

2081 5494 2315 5548 dteorum
2342 5491 2594 5560 populus.
2744 5558 2752 5560 4
2879 5558 2885 5560 _
3696 5510 3701 5513 .

2158 5565 2200 5597 ‘3
2233 5558 2481 5617 Fortasse
2526 5558 2826 5632 correctius
2873 5558 2930 5614 in
2961 5561 3199 5632 Gemet.,
3240 5578 3339 5632 per
3391 5560 3677 5632 quamdam

2080 5635 2362 5690 ministerii
2392 5633 2474 5688 sui
2503 5630 2953 5702 signiﬁcation-em.
2987 5631 3202 5688 Diaboli
3236 5630 3446 5690 scilicet
3476 5630 3680 5687 minis—

2083 5707 2284 5762 terium
2315 5712 2417 5773 est,
2450 5711 2682 5776 mortem
2713 5702 2936 5762 inferre.
2971 5705 3031 5760 In
3062 5710 3171 5761 vet.
3210 5705 3340 5772 Ed.,
3369 5718 3468 5776 pro
3496 5703 3678 5759 minis-

2086 5779 2178 5845 tri,
2210 5775 2409 5849 legitur
2431 5775 2686 5849 mysterii.
