4172 6184
453 266 523 324 63
1655 257 1904 316 SANCTI
1949 257 2290 318 GREGORII
2323 257 2552 316 MAGNI
3067 276 3072 280 ‘
3687 267 3756 323 6h

451 393 513 450 in
539 407 597 449 se
621 389 918 463 imaginem
945 385 1232 459 expressit.
1252 384 1396 454 Quid
1425 399 1556 440 vero
1575 383 1836 440 torrentis
1863 382 2038 440 nomi-
2067 386 2120 446 Α
2149 392 2384 456 patrem.
2430 385 2504 440 Et
2543 383 2779 458 quilibet
2824 385 3068 442 haeretici
3125 385 3257 444 dum
3300 359 3754 459 praedicationem

452 497 543 549 ne,
560 480 668 536 nisi
685 479 779 536 ille
797 495 828 534 a
849 482 1143 548 conspectu
1162 472 1433 529 tremendi
1452 471 1660 544 judicis
1673 489 1770 545 per
1782 471 2042 528 ultimum

450 585 684 626 examen
730 565 1032 639 egrediens,
1071 571 1234 636 atque
1271 564 1474 639 electos
1502 571 1558 618 et
1597 559 2044 635 reprobosﬁivi-

451 659 586 718 deus
613 655 760 728 ignis
786 661 1016 710 vocatur
1037 653 1065 710 ‘I
1096 651 1251 709 Unde
1265 659 1320 708 et
1335 668 1432 725 per
1458 652 1782 725 prophetam
1801 651 2038 709 dicitur:

447 745 672 806 Fluvius
715 743 898 815 igneus
943 741 1270 814 rapidusque
1307 741 1668 813 egrediebatur
1705 759 1742 798 a
1767 739 1904 812 facie
1930 738 2043 810 ejus

444 834 616 904 (Dan.
644 847 747 898 vn,
779 831 894 900 10).

519 957 662 1034 [νει.
713 959 922 1026 XVIII,
965 960 1086 1018 Rec.
1118 957 1297 1032 XIX.J
1353 957 1443 1014 48.
1492 955 1772 1029 Peregrini
1814 964 1939 1012 sunt
1983 957 2043 1014 in

443 1047 642 1104 mundo
669 1049 813 1106 electi
839 1065 1034 1104 omnes.
1075 1079 1146 1090 —
1191 1045 1327 1116 Quis
1374 1053 1559 1102 autem
1596 1044 1657 1100 in
1699 1044 1806 1103 hoc
1834 1047 2041 1106 mundo

445 1137 828 1212 peregrinatur
862 1139 1120 1210 populus,
1149 1135 1260 1192 nisi
1288 1135 1384 1212 qui
1411 1135 1480 1192 ad
1508 1143 1709 1192 sortem
1738 1136 2040 1195 electorum

444 1242 696 1297 currens,
742 1225 944 1283 habere
972 1243 1028 1284 se
1057 1225 1290 1322 patriam
1327 1225 1488 1282 novit
1521 1223 1581 1280 in
1609 1227 1952 1296 coelestibus;
1986 1237 2040 1286 et

446 1323 599 1372 tanto
627 1315 800 1389 magis
835 1332 894 1374 se
920 1315 1039 1374 illic
1067 1315 1525 1389 sperat'invenire
1557 1317 1798 1390 propria,
1835 1327 2039 1392 quanto

444 1405 539 1463 hic
566 1413 768 1464 cuncta
796 1423 918 1481 quae
947 1414 1277 1480 praetereunt
1304 1423 1418 1464 esse
1437 1424 1470 1463 a
1497 1423 1554 1463 se
1573 1407 1799 1479 deputat
1818 1409 2039 1467 aliena?

443 1494 772 1567 Peregrinus
816 1495 1004 1569 itaque
1047 1502 1130 1552 est
1169 1497 1428 1570 populus,
1485 1495 1736 1552 omnium
1775 1513 2040 1554 numerus

443 1585 767 1656 electorum,
808 1586 904 1660 qui
933 1585 1077 1642 hanc
1105 1587 1279 1642 vitam
1326 1585 1604 1657 quoddam
1637 1584 1744 1641 sibi
1775 1587 2037 1644 exsilium

437 1673 789 1748 deputantes,
811 1677 880 1732 ad
909 1692 1200 1748 supernam
1220 1675 1455 1749 patriam
1472 1683 1588 1732 tota
1617 1675 1802 1733 cordis
1844 1677 2040 1734 inten-

2153 482 2352 531 sanctae
2399 475 2662 532 Ecclesia:
2708 477 3214 550 fecunditatemque
3253 477 3407 534 illius
3455 479 3756 540 deridendo

2151 573 2534 633 contemnunt,
2565 567 2700 640 quid
2729 567 2883 623 aliud
2913 583 3078 640 quam
3109 575 3326 640 partum
3357 571 3550 626 matris
3580 572 3758 646 despi-

2151 655 2307 712 ciunt
2325 656 2354 712 ‘i
2381 656 2557 724 Quam
2598 673 2711 714 non
2748 657 3026 714 immerito
3053 674 3246 714 eorum
3275 676 3494 734 quoque
3524 671 3758 722 matrem

2150 743 2411 814 dicimus,
2443 744 2573 818 quia
2601 746 2670 802 de
2699 745 2816 819 ipsa
2843 755 3072 816 exeunt,
3104 747 3198 820 qui
3231 757 3421 804 contra
3450 750 3624 823 ipsam
3663 754 3756 809 lo-

2151 841 2431 907 quuntur;
2463 835 2674 891 Joanne
2723 843 3036 906 attestante,
3067 836 3164 910 qui
3193 836 3272 893 ait
3309 855 3322 894 :
3352 838 3401 895 A
3429 841 3581 896 nobis
3621 843 3756 898 etsie-

2149 931 2300 990 runt,
2329 925 2418 980 sed
2439 942 2547 981 non
2575 932 2812 982 erantex
2838 927 3028 993 nobis;
3054 927 3242 982 namsi
3254 927 3479 998 fuissent
3490 947 3557 984 ea:
3584 933 3756 999 nobis,

2147 1008 2461 1069 mansissent
2501 1015 2682 1086 utique
2721 1015 2989 1070 nobiscum
3023 1015 3082 1086 (Ι
3114 1016 3272 1072 Joan.
3324 1032 3388 1082 ιι,
3427 1017 3542 1090 19).
3588 1018 3756 1077 Corvi

2149 1117 2280 1158 vero
2309 1101 2376 1159 de
2404 1103 2745 1160 torrentibus
2773 1103 3028 1172 veniunt,
3059 1120 3188 1160 cum
3217 1103 3606 1177 praedicatores
3634 1111 3754 1168 veri

2147 1194 2218 1250 ad
2241 1194 2617 1251 defensionem
2659 1201 2860 1252 sanctae
2887 1193 3148 1252 Ecclesiae
3196 1210 3228 1250 a
3257 1211 3539 1253 sacrorum
3571 1198 3755 1256 libro-

2147 1298 2272 1338 rum
2296 1281 2516 1338 ﬂuentis
2547 1282 2870 1356 procedunt.
2901 1282 3008 1351 Qui
3037 1283 3202 1338 etiam
3219 1290 3364 1340 recte
3391 1285 3549 1342 corvi
3570 1287 3756 1346 vocati

2146 1379 2297 1442 sunt,
2327 1371 2456 1444 quia
2482 1388 2828 1446 nequaquam
2859 1372 2926 1428 de
2949 1371 3182 1444 justitiae
3219 1389 3332 1429 suae
3382 1374 3503 1431 luce
3555 1392 3756 1450 super-

2146 1466 2330 1537 biunt,
2362 1466 2507 1524 578
2535 1470 2629 1526 sed
2660 1485 2756 1542 per
2785 1469 3120 1526 humilitatis
3140 1470 3372 1541 gratiam
3401 1478 3751 1542 peccatorum

2146 1555 2206 1611 in
2235 1571 2292 1612 se
2319 1557 2668 1630 nigredinem
2697 1557 3054 1614 conﬁtentur.
3089 1557 3244 1614 Unde
3273 1558 3442 1616 etiam
3467 1559 3751 1619 abelecto—

2146 1661 2270 1701 rum
2321 1647 2570 1704 Ecclesia
2626 1645 2834 1704 dicitur
2891 1665 2904 1705 :
2962 1647 3137 1719 Nigra
3173 1665 3312 1716 sum,
3365 1649 3454 1704 sed
3504 1648 3752 1721 formosa

442 1737 594 1822 tione
622 1737 921 1836 suspirant,
965 1737 1034 1820 de
1063 1737 1266 1838 quibus
1291 1765 1494 1821 Paulus
1522 1765 1690 1822 dicit:
1727 1765 2039 1839 Conﬁtentes
2067 1750 2115 1812 Β
2153 1737 2337 1839 (δᾳηεο
2369 1756 2410 1806 ³³
2439 1739 2522 1839 4);
2555 1741 2628 1839 {Et
2655 1740 2894 1796 Joannes
2923 1739 3020 1838 ξ”ίίί
3067 1739 3126 1796 Si
3151 1739 3451 1839 ξῖίίθῗνίτπηξ
3463 1742 3600 1839 φαέα
3621 1759 3754 1814 Ροδ-

441 1853 571 1924 quia
609 1852 880 1925 peregrini
920 1858 969 1908 et
993 1853 1221 1924 hospites
1264 1861 1388 1908 sunt
1431 1871 1591 1926 super
1619 1860 1820 1911 terram
1851 1856 2034 1928 (Hebr.

443 1957 524 2010 χι,
558 1941 671 2014 13).
694 1941 802 2010 Qui
831 1940 982 1997 enim
998 1940 1117 1999 haec
1143 1940 1364 2011 dicunt,
1393 1943 1709 2015 signiﬁcant
1723 1959 1780 2000 se
1803 1944 2039 2016 patriam

443 2029 740 2104 inquirere.
808 2030 961 2088 Hanc
1034 2031 1527 2104 peregrinationem
1609 2031 1756 2088 idem
1823 2048 2041 2107 quoque

442 2119 743 2192 Apostolus
783 2119 1076 2190 tolerabat,
1119 2137 1246 2179 cum
1281 2121 1523 2178 diceret:
1554 2122 1698 2179 Dum
1748 2139 1931 2178 sumus
1981 2124 2040 2178 in

439 2228 679 2284 corpore,
726 2211 1135 2284 peregrinamur
1176 2230 1211 2268 α
1251 2212 1498 2270 Domino.
1546 2213 1654 2270 Per
1694 2213 1850 2286 ﬁdem
1904 2212 2040 2268 enim

439 2301 798 2368 ambulamus,
829 2307 876 2356 et
897 2317 1005 2356 non
1025 2318 1127 2374 per
1153 2301 1372 2374 speciem
1400 2301 1490 2373 (II
1515 2301 1641 2358 Cor.
1675 2319 1734 2371 v,
1755 2301 1836 2376 6).
1863 2300 2040 2374 Hujus

438 2388 899 2462 peregrinationis
959 2405 1231 2445 aerumnas
1283 2389 1560 2461 satagebat
1603 2389 1854 2460 evadere,
1911 2407 2038 2447 cum

438 2476 690 2535 dicebat:
732 2476 1066 2534 Desiderium
1111 2477 1304 2532 habens
1333 2476 1575 2542 dissolvi,
1604 2484 1654 2532 et
1678 2495 1797 2534 cum
1828 2479 2039 2536 Christo

443 2583 550 2621 esse
579 2565 804 2637 (Philip.
824 2582 867 2630 ι,
897 2563 1014 2636 23).
1043 2565 1118 2619 Et
1136 2580 1356 2620 rursum
1381 2581 1394 2620 :
1425 2564 1562 2622 Mihi
1589 2565 1764 2620 vivere
1795 2565 2038 2622 Christus

437 2659 533 2719 est,
560 2659 610 2710 et
641 2653 784 2709 mori
813 2654 1020 2709 lucrum
1061 2653 1250 2724 (Ibid.,
1279 2670 1321 2719 ι,
1352 2653 1469 2726 21).
1492 2653 1671 2726 Hujus
1709 2655 2038 2728 peregrina-

436 2741 609 2799 tionis
649 2741 869 2815 pondus
897 2757 1064 2814 grave
1091 2741 1362 2800 sentiebat
1389 2743 1702 2814 Psalmista,
1730 2760 1858 2800 cum
1888 2743 2036 2800 dice-

437 2838 552 2888 ret:
584 2832 700 2888 Heu
724 2831 846 2888 me!
873 2830 1004 2903 quia
1051 2831 1308 2889 incolatus
1351 2849 1496 2889 meus
1539 2833 1886 2906 prolongatus
1913 2838 2036 2890 est:

437 2920 674 2978 habitavi
701 2937 820 2978 eum
860 2921 1219 2978 habitantibus
1251 2922 1445 2989 Cedar,
1473 2923 1700 2979 multum
1727 2923 1902 2979 incola
1929 2921 2038 2992 fuit

435 3011 622 3068 anima
647 3027 764 3067 mea
782 3010 1010 3082 (Psalm.
1029 3028 1184 3082 cnx,
1201 3012 1284 3086 5).
1316 3011 1403 3069 Ab
1423 3010 1528 3070 hac
1540 3009 1680 3085 eripi
1708 3011 2037 3085 quantocius

435 3099 756 3168 anhelabat,
779 3112 906 3155 cum
931 3099 1187 3172 supernis
1207 3099 1495 3157 desideriis
1523 3100 1758 3172 ﬂagrans
1785 3101 2028 3158 diceret:
2065 3103 2110 3167 ο

439 3187 619 3245 Sitivit
643 3186 826 3244 anima
852 3204 970 3244 mea
989 3189 1061 3244 ad
1087 3189 1254 3244 Deum
1273 3189 1451 3244 vivum
1469 3207 1492 3254 ;
1520 3189 1732 3259 quando
1759 3189 1966 3244 veniam
1982 3195 2030 3244 et

431 3276 702 3349 apparebo
729 3281 851 3332 ante
876 3276 1070 3348 faciem
1122 3277 1223 3334 Dei
1272 3278 1445 3349 (Psal.
1478 3293 1594 3345 xm,
1624 3276 1681 3349 3)
1701 3276 1729 3333 7
1779 3276 1886 3334 Sed
1922 3275 2030 3334 hoc

434 3365 769 3424 desiderium
791 3365 1046 3424 nesciunt
1074 3368 1170 3440 qui
1193 3383 1288 3425 cor
1313 3367 1374 3424 in
1401 3365 1634 3423 terrenis
1653 3366 2031 3440 voluptatibus

433 3455 700 3530 deﬁgunt.
730 3456 876 3515 Dum
895 3456 1044 3514 enim
1059 3457 1176 3512 sola
1195 3471 1315 3529 qum
1343 3463 1474 3510 sunt
1498 3454 1742 3514 visibilia
1763 3456 2026 3530 diligunt,

432 3545 681 3619 profecto
725 3544 1055 3613 invisibilia,
1085 3544 1177 3599 vel
1223 3543 1270 3599 si
1317 3542 1552 3600 credunt
1575 3559 1715 3614 esse,
1758 3562 1870 3602 non
1903 3544 2029 3602 dili-

409 3637 592 3708 ‘gunt,
621 3633 752 3708 quia
789 3633 923 3694 dum
957 3633 1126 3690 nimis
1146 3649 1203 3689 se
1229 3633 1475 3690 exterius
1501 3642 1829 3708 sequuntur,
1858 3636 2026 3692 etiam

431 3730 614 3780 mente
650 3721 894 3780 carnales
925 3720 1087 3779 ﬁunt.
1119 3719 1298 3778 Simul
1331 3721 1480 3778 enim
1510 3723 1570 3779 in
1612 3723 1716 3782 hac
1741 3725 1859 3782 vita
1882 3733 2026 3782 uter-

430 3829 537 3888 que
581 3813 819 3888 populus
858 3813 1054 3885 currit,
1106 3812 1202 3871 sed
1243 3830 1356 3872 non
1396 3813 1565 3872 simul
1607 3815 1678 3872 ad
1707 3825 2026 3890 perpetuam

429 3903 704 3974 pervenit,
734 3902 867 3977 quia
893 3903 1144 3976 Lapidem
1177 3903 1424 3976 caliginis
1465 3911 1512 3960 et
1557 3907 1800 3962 umbram
1840 3909 2028 3964 mortis

427 3991 624 4044 dividit
668 3997 876 4046 torrens
918 4010 950 4046 a
981 3994 1184 4063 populo
1220 3992 1608 4062 peregrinante.
1657 3997 1739 4048 Ac
1767 3995 1812 4048 si
1842 4004 2026 4066 aperte

427 4076 608 4134 dicat:
646 4079 758 4132 Eos
785 4095 924 4152 quos
959 4079 1126 4135 modo
1162 4081 1250 4134 vel
1293 4079 1592 4135 inﬁdelitas
1637 4089 1908 4152 excaecat;
1937 4086 2024 4139 vel

427 4163 728 4222 crudelitas
756 4165 1014 4234 obdurat,
1045 4165 1394 4221 ﬂammarum
1423 4165 1628 4223 ﬂuvius
1658 4183 1690 4222 a
1728 4178 2025 4242 conspectu

426 4252 620 4312 aeterni
640 4252 850 4326 judicis
879 4252 1092 4320 exiens,
1121 4255 1190 4310 ab
1219 4255 1520 4312 electorum
1549 4262 1684 4314 tunc
1711 4257 1920 4330 populo
1943 4274 2022 4315 se-

427 4351 604 4418 parat,
633 4337 702 4400 ut'
723 4351 858 4402 tunc
883 4360 916 4400 a
951 4343 1114 4400 bonis
1152 4343 1296 4416 ignis
1324 4343 1563 4401 districti
1583 4346 1856 4404 examinis
1883 4347 2022 4404 divi-

427 4432 522 4490 dat
546 4449 688 4506 quos
713 4449 866 4492 nunc
894 4432 952 4490 in
980 4432 1099 4490 suis
1111 4432 1580 4508 concupiscentiis
1595 4436 1834 4494 tenebrat
1860 4437 2022 4495 vitio-
2052 4463 2102 4523 D

424 4537 548 4580 rum
573 4529 872 4580 θχοωοδιιι.

493 4649 586 4708 49.
616 4651 876 4726 Irrigatio
898 4651 1296 4726 praedicationis
1323 4660 1576 4726 tanquam
1599 4662 1806 4714 torrens
1833 4658 2025 4716 dividit

427 4741 589 4799 bonos
617 4760 653 4798 a
679 4743 858 4800 malis.
877 4743 1148 4800 —Potest
1175 4743 1404 4802 fortasse
1435 4745 1493 4802 in
1508 4748 1770 4804 torrentis
1797 4749 2023 4806 nomine

425 4830 544 4906 ipsa
572 4830 824 4906 irrigatio
839 4839 1043 4889 sanctae
1059 4832 1469 4906 praedicationis
1487 4835 1746 4910 intelligi,
1770 4835 1935 4910 juxta
1963 4837 2022 4894 id

422 4922 574 4996 quod
601 4939 698 4996 per
725 4923 1074 4981 Salomouem
1103 4921 1338 4981 dicitur:
1368 4926 1589 4982 Oculum
1613 4927 1706 4998 qui
1731 4929 2024 4985 subsannat

421 5018 651 5084 patrem,
679 5020 731 5070 et
773 5015 868 5088 qui
895 5013 1116 5088 despicit
1145 5021 1366 5088 partum
1391 5017 1584 5073 matris
1609 5034 1738 5085 sua,
1769 5019 2022 5090 effodiant

422 5100 580 5158 illum
605 5105 753 5160 corvi
779 5105 844 5162 de
871 5105 1190 5162 torrentibus
1219 5105 1406 5180 (Prov.
1439 5123 1581 5177 xxx,
1612 5108 1726 5182 17).
1768 5109 2019 5167 Perversi

427 5191 630 5268 quippe
645 5191 780 5251 dum
799 5193 993 5252 divina
1003 5193 1217 5268 judicia
1229 5194 1664 5270 reprehendunt,
1680 5195 2022 5256 subsannant

498 5403 516 5479 ξ
545 5402 670 5479 Duo
696 5400 870 5460 Laud.
901 5409 958 5479 e_t
985 5402 1150 5479 Corb.
1179 5406 1390 5477 Germ.,
1417 5412 1640 5479 propter
1665 5423 1776 5466 vos.

495 5473 518 5510 ⁸
547 5473 744 5543 Gem”:
759 5479 808 5528 et
833 5473 1133 5533 ambulabo.

496 5547 517 5618 ξ
545 5545 670 5618 Duo
696 5543 871 5618 Laud.
900 5551 957 5600 et
984 5543 1146 5602 Corb.
1181 5547 1394 5618 Germ.,
1423 5547 1769 5617 deﬂexerunt.

493 5617 517 5652 ⁸
549 5616 576 5672 1
607 5615 782 5673 Laud.
791 5659 808 5686 ,
836 5623 1213 5674 convertentur.

493 5688 515 5723 ⁵
543 5687 579 5745 2
607 5687 807 5758 Laud.,
839 5687 1054 5760 Germ.,
1076 5689 1270 5747 Norm.
1299 5697 1356 5748 et
1373 5691 1494 5763 alii,
1525 5693 1951 5766 transferuntur.

2149 1831 2324 1882 catum
2355 1844 2465 1882 non
2491 1827 2758 1894 habemus,
2793 1845 2888 1882 nos
2915 1828 3059 1900 ipsos
3084 1827 3377 1883 seducimus
3423 1827 3484 1898 (1
3520 1829 3678 1886 Joan.
3709 1847 3752 1900 ι,

2147 1915 2230 1989 8).
2273 1915 2379 1984 Qui
2425 1914 2687 1972 videlicet
2724 1916 2878 1972 corvi
2917 1915 3314 1973 subsannantis
3351 1917 3577 1974 oculum
3607 1917 3753 1974 eﬂ‘o-

2148 2006 2331 2076 diunt,
2361 2001 2490 2080 quia
2515 2023 2812 2079 pravorum
2841 2023 2905 2064 ac
2935 2007 3305 2078 pervicacium
3337 2006 3630 2064 hominum
3651 2009 3753 2065 in-

2147 2096 2450 2153 tentionem
2474 2095 2727 2154 vincunt.
2757 2097 2848 2152 Ex
2871 2095 2978 2152 hoc
3006 2095 3190 2168 itaque
3207 2095 3551 2166 testimonio,
3581 2098 3628 2154 si
3659 2097 3754 2157 hic

2147 2199 2364 2258 quoque
2390 2192 2605 2242 torrens
2637 2183 2954 2256 praedicatio
2987 2183 3150 2240 debet
3193 2183 3454 2257 intelligi,
3498 2187 3751 2258 Lapidem

2145 2275 2390 2348 caliginis
2418 2280 2467 2330 et
2501 2274 2746 2330 umbram
2787 2273 2980 2328 mortis
3005 2273 3202 2329 dividit
3245 2280 3454 2330 torrens
3480 2293 3516 2330 a
3554 2278 3752 2348 populo

2140 2363 2530 2434 peregrinante,
2573 2362 2669 2436 qui
2715 2369 3028 2419 sanctorum
3084 2361 3404 2434 praedicatio
3454 2362 3752 2421 obduratas

2147 2457 2358 2508 mentes
2389 2451 2747 2524 reproborum
2775 2451 3000 2520 deserit,
3035 2457 3090 2507 et
3118 2450 3187 2507 ad
3220 2451 3312 2524 pia
3359 2451 3662 2510 humilium
3690 2469 3748 2509 se

2145 2539 2314 2597 corda
2340 2541 2634 2600 convertit.
2667 2540 2823 2597 Unde
2852 2541 3035 2598 adhuc
3063 2540 3324 2598 subditur
3357 2559 3370 2598 :

2525 2661 2754 2720 CAPUT
2779 2664 2972 2720 xxxr
3002 2663 3140 2737 [νει.
3170 2666 3309 2722 XIX
3307 2665 3354 2737 j.

2215 2769 2388 2828 Vnus.
2421 2769 2476 2826 4.
2507 2797 2581 2812 -
2606 2771 2718 2826 Eos
2744 2785 2878 2840 quos
2902 2735 3095 2826 oblitus
3127 2778 3203 2824 est
3221 2735 3329 2842 pes"
3354 2735 3545 2840 egentis
3571 2771 3750 2826 homi-

2143 2859 2250 2926 nis,
2275 2865 2323 2914 et
2356 2859 2548 2916 invios.

2211 2969 2300 3027 50.
2358 2969 2561 3027 Iudaeis
2604 2968 2822 3038 relictis,
2869 2969 2944 3024 ad
2973 2969 3186 3040 gentiles
3240 2968 3481 3041 deﬂua-it.
3513 3000 3584 3012 —
3613 2969 3748 3038 Quis

2142 3057 2249 3116 hoc
2275 3059 2398 3116 loco
2424 3058 2565 3115 alius
2590 3058 2861 3131 accipitur
2873 3074 3036 3130 egens
3063 3057 3255 3128 homo,
3277 3057 3388 3114 nisi
3407 3058 3503 3116 ille
3531 3059 3600 3116 de
3638 3076 3747 3132 quo

2137 3164 2234 3221 per
2258 3149 2489 3204 Paulum
2519 3146 2726 3204 dicitur
2756 3165 2770 3204 :
2803 3147 2908 3216 Qui
2939 3150 2955 3182 ¹
2981 3154 3206 3220 propter
3231 3165 3328 3203 nos
3355 3165 3543 3220 egenus
3570 3147 3749 3219 factus

2137 3243 2231 3306 est,
2258 3253 2377 3292 cum
2389 3236 2532 3292 dives
2551 3243 2680 3292 esset
2709 3237 2798 3307 (II
2827 3237 2954 3294 Cor.
2977 3253 3102 3306 vm,
3133 3237 3191 3309 9)
3226 3236 3254 3293 ?
3285 3234 3458 3308 Cujus
3486 3235 3748 3294 videlicet

2136 3325 2345 3397 egentis
2379 3324 2624 3381 hominis
2658 3324 2822 3398 pedes
2852 3325 3028 3381 sancti
3065 3323 3450 3396 praedicatores
3488 3325 3738 3395 fuerunt,

2137 3430 2234 3488 per
2257 3430 2491 3488 quorum
2530 3414 2774 3487 profecto
2821 3413 3166 3487 praesentiam
3210 3413 3577 3486 gentilitatem
3628 3414 3748 3470 cir-

2135 3503 2405 3572 cumiens,
2423 3502 2693 3560 mundum
2720 3502 3124 3576 perambulavit
3148 3501 3493 3560 universum.
3513 3504 3593 3559 De
3622 3503 3744 3574 qui-

2135 3590 2240 3648 bus
2281 3609 2378 3666 per
2403 3591 2729 3666 prophetam
2755 3592 2964 3650 dicitur
2997 3609 3008 3649 :
3037 3594 3112 3649 Et
3144 3592 3166 3627 ²
3195 3591 3535 3647 inambulabo
3570 3592 3628 3646 in
3668 3591 3742 3646 eis

2140 3683 2330 3756 (Levit.
2363 3701 2524 3750 xxvr,
2556 3685 2622 3740 12
2639 3701 2662 3750 ;
2705 3684 2770 3741 ΙΙ
2817 3684 2942 3742 Cor.
2975 3700 3058 3752 vr,
3091 3681 3206 3755 16).
3239 3683 3327 3738 An
3355 3697 3451 3754 pes
3480 3681 3600 3754 ejus
3628 3697 3743 3738 non

2135 3781 2273 3841 erat,
2293 3774 2388 3846 qui
2414 3780 2600 3829 tentus
2629 3772 2688 3828 in
2712 3772 3072 3844 compedibus
3100 3769 3317 3828 dicebat
3349 3787 3362 3825 :
3395 3771 3508 3824 Pro
3535 3785 3639 3839 quo
3673 3770 3746 3824 le-

2134 3861 2345 3932 gatione
2369 3860 2567 3930 fungar
2592 3860 2652 3913 in
2677 3865 2860 3913 catena
2889 3858 3106 3927 (Ephes.
3139 3873 3219 3924 vr,
3241 3855 3334 3926 20)
3359 3856 3389 3911 ‘l
3417 3855 3523 3911 Sed
3551 3871 3744 3911 eorum

2135 3949 2229 4020 qui
2263 3947 2459 4002 umbra
2491 3946 2685 4002 mortis
2717 3953 2772 4000 et
2801 3945 2944 4016 lapis
2973 3943 3229 4015 caliginis
3259 3943 3617 4012 exstiterunt,
3649 3959 3744 4016 pes

2135 4034 2380 4092 hominis
2405 4034 2615 4105 egentis
2641 4033 2850 4112 oblitus
2876 4039 2980 4101 est,
3013 4031 3144 4105 quia
3174 4031 3233 4086 in
3274 4031 3394 4104 ipso
3440 4031 3604 4088 initio
3634 4048 3745 4088 na-

2133 4125 2336 4182 scentis
2374 4124 2656 4193 Ecclesiae,
2686 4123 2820 4180 dum
2848 4121 3028 4180 sancti
3056 4123 3290 4194 apostoli
3323 4124 3588 4204 coeloer
3639 4139 3738 4179 re-

2133 4230 2302 4286 gnum
2331 4213 2532 4270 Iudaeae
2562 4213 2858 4286 praedicam
2878 4213 3206 4280 voluissent,
3239 4211 3492 4270 videntes
3523 4212 3670 4286 quod
3689 4212 3741 4268 ei

2132 4305 2275 4361 nihil
2301 4303 2530 4362 omnino
2559 4305 2909 4378 proﬁcerent,
2937 4304 3009 4361 ad
3035 4303 3453 4376 praedicandum
3484 4303 3742 4376 gentibus

2132 4398 2154 4432 ³
2185 4395 2555 4465 deﬂuxerunt,
2579 4395 2721 4453 sicut
2737 4395 2842 4467 ipsi
2861 4395 2920 4450 in
2935 4394 3052 4450 suis
3067 4394 3302 4452 Actibus
3312 4394 3508 4452 dicunt
3535 4413 3546 4450 :
3590 4395 3741 4452 Vobis

2130 4486 2400 4560 oportebat
2421 4486 2660 4558 primum
2689 4485 2834 4556 loqui
2849 4483 3064 4540 verbum
3091 4483 3224 4550 Dei;
3257 4483 3349 4540 sed
3373 4483 3630 4555 quoniam
3655 4499 3739 4536 reo

2125 4575 2326 4649 pellitis
2364 4575 2526 4641 illud,
2567 4581 2616 4629 et
2649 4573 2892 4646 indignos
2921 4591 3012 4629 vos
3047 4572 3310 4643 judicatis
3359 4579 3566 4628 aeterna:
3591 4569 3738 4637 vitae,

2129 4681 2235 4720 ecce
2263 4666 2286 4700 ἰ
2313 4662 2669 4718 convertimur
2691 4662 2765 4718 ad
2789 4669 2960 4734 gentes
2996 4661 3141 4733 (Act.
3177 4677 3302 4727 xm,
3329 4659 3445 4730 46).
3487 4659 3567 4714 De
3594 4659 3742 4732 qui-

2128 4751 2232 4809 bus
2259 4761 2312 4810 et
2340 4768 2438 4826 per
2464 4752 2811 4808 Psalmistam
2842 4749 3050 4807 dicitur
3071 4767 3083 4804 :
3105 4751 3126 4784 ⁵
3153 4746 3566 4817 Transferentur
3581 4764 3728 4804 mon-

2131 4847 2202 4898 tes
2229 4842 2286 4896 in
2304 4857 2396 4896 cor
2421 4841 2590 4896 maris
2622 4839 2796 4912 (Psal.
2831 4854 2964 4904 va,
2983 4835 3077 4906 .3),
3109 4833 3240 4907 quia
3255 4835 3463 4906 repulsi
3491 4851 3524 4892 a
3550 4836 3740 4893 Judaea

2127 4931 2362 5003 apostoli
2393 4931 2416 4966 ⁸
2439 4928 2495 4984 in
2526 4927 2634 4984 hoc
2660 4923 2986 5000 gentilitatis
3010 4923 3272 4978 saeculum
3299 4923 3553 4980 translati
3583 4932 3736 4984 sunt.

2128 5017 2234 5086 Qui
2262 5024 2393 5074 sunt
2419 5032 2548 5090 ergo
2575 5014 2671 5089 qui
2716 5013 2986 5070 immensa
3014 5010 3226 5067 duritia
3269 5027 3370 5085 pro
3397 5011 3736 5069 obscuritate

2127 5105 2332 5173 cordis,
2361 5105 2518 5181 quasi
2545 5103 2770 5178 quidam
2801 5101 2940 5174 lapis
2967 5093 3222 5172 caliginis
3250 5108 3305 5156 et
3351 5101 3550 5157 umbra
3578 5117 3739 5158 mor-

2128 5195 2222 5264 tis,
2251 5210 2286 5251 a
2309 5194 2691 5269 peregrinante
2706 5197 3023 5248 sanctorum
3037 5189 3242 5262 populo
3255 5188 3606 5258 dividuntur,
3627 5189 3736 5256 nisi

2205 5411 2228 5446 °
2255 5407 2576 5482 Elegantius
2604 5409 2894 5482 in_recent.
2924 5405 3144 5482 Ed.,_in
3170 5406 3264 5462 hoc
3299 5404 3608 5482 gentilitatis
3635 5421 3738 5482 sa-

2136 5481 2288 5546 lum;
2315 5475 2508 5536 verum
2539 5479 2596 5534 in
2638 5479 2766 5536 Mss.
2799 5478 3009 5547 Germ.,
3059 5475 3496 5544 Turon.,’duob.
3530 5475 3728 5545 Laud.,

2134 5551 2298 5610 Corb.
2333 5551 2543 5620 Germ.,
2571 5552 2785 5619 Norm.,
2807 5557 2939 5618 etc.,
2971 5547 3174 5620 legitur
3204 5549 3472 5620 sarculum,
3514 5547 3598 5602 vel
3627 5563 3737 5600 sw-

2135 5625 2292 5692 culo;
2324 5631 2434 5680 vet.
2465 5618 2570 5679 Ed.
2600 5618 2798 5692 Paris,
2829 5623 2960 5678 solo.
2993 5618 3186 5686 Basil.,
3211 5619 3430 5690 populo.
