4172 6184
345 276 413 332 65
1058 268 1433 327 MOBALIUM
1470 268 1605 325 LIB.
1646 267 1848 325 XVIII.
1888 295 1961 309 —
1996 266 2069 323 IN
2106 265 2334 324 CAPUT
2373 265 2610 322 XXVIII
2650 267 2711 322 B.
2754 268 2896 323 JOB.
3566 271 3636 329 66

352 401 409 457 hi
439 416 570 473 quos
593 414 680 470 pes
704 395 911 469 egentis
935 394 1180 450 hominis
1207 401 1287 451 est
1315 394 1542 463 oblitus,
1585 394 1640 449 id
1671 401 1754 450 est
1781 411 1920 467 quos
1951 392 2001 452 A
2030 389 2126 447 des
2153 389 2213 447 in
2244 392 2409 458 malo,
2440 390 2738 462 aliquando
2770 405 2901 445 vero
2942 390 3002 445 in
3031 391 3178 448 bono
3204 392 3382 466 accipi
3426 395 3631 453 solent.

354 488 715 563 praedicatores
758 484 1006 553 Domini,
1037 483 1296 541 videlicet
1330 487 1345 519 ¹
1378 500 1475 556 per
1519 483 1923 541 humanitatem

356 575 607 652 pauperis,
636 592 735 648 pro
761 573 1031 647 superbiai
1058 590 1170 629 suae
1201 580 1412 630 tumore
1440 573 1805 646 reliquerunt,
1836 589 1923 630 eo-

352 683 563 740 rumque
607 664 838 721 omnino
901 661 1062 719 obliti
1116 670 1267 731 sunt,
1325 662 1459 719 dum
1515 662 1925 735 praedicationis

346 774 445 814 suae
469 754 676 812 semina
691 753 763 809 ad
782 753 955 809 solam
983 751 1467 809 fructiﬁcationem
1485 752 1730 824 gentium
1750 752 1926 808 tl‘ans-

344 848 573 902 tulerunt
601 845 630 901 ’1’
658 844 811 912 Quos
837 849 983 899 recte
1011 858 1229 916 quoque
1257 850 1312 899 et
1358 842 1541 899 invios
1584 850 1765 911 vocat,
1796 841 1927 915 quia

341 936 459 992 dum
486 934 545 991 in
564 933 896 991 inﬁdelitate
924 949 1023 989 sua
1052 932 1306 989 obdurati
1327 940 1476 1001 sunt,
1498 931 1680 989 verbis
1708 931 1837 988 vitae
1856 931 1926 988 ad

338 1042 424 1082 cor
448 1026 592 1081 viam
624 1024 871 1097 praebere
899 1023 1216 1078 noluerunt.
1249 1022 1356 1078 Sed
1384 1022 1571 1079 Iudaea
1618 1022 1757 1091 haec,
1803 1037 1927 1095 quae

337 1114 407 1172 sic
433 1114 721 1183 obduruit,
746 1114 834 1169 vel
865 1110 1046 1186 qualis
1060 1110 1271 1167 dudum
1299 1111 1489 1182 fuerit,
1522 1111 1608 1168 vel
1641 1111 1775 1184 quid
1804 1117 1928 1183 post

336 1202 632 1276 pertulerit,
669 1201 985 1258 audiamus.
1015 1199 1276 1273 Sequitur
1306 1218 1319 1257 :

870 1309 1098 1367 CAPUT
1146 1310 1381 1366 XXXII.

401 1405 565 1460 Vens.
592 1404 647 1460 5.
683 1434 756 1444 -
791 1404 957 1459 Terra
996 1401 1058 1456 de
1094 1418 1202 1472 qua
1228 1400 1497 1455 oriebatur
1520 1398 1702 1471 panis,
1731 1397 1789 1453 in
1820 1397 1927 1453 loco

333 1510 421 1547 suo
447 1493 563 1564 igne
590 1492 847 1559 subversa
870 1497 964 1546 est.

397 1583 485 1639 51.
534 1584 815 1654 Synagoga
871 1597 989 1651 quae
1045 1579 1166 1651 legis
1207 1578 1702 1651 scripturam-mque
1738 1591 1929 1647 panem

335 1672 683 1740 ministrabat,
713 1671 917 1726 invidia
944 1672 1297 1740 conﬂagrans,
1327 1668 1587 1722 destructa
1619 1671 1710 1720 est.
1741 1694 1813 1705 —
1832 1665 1927 1719 Pa-

2031 481 2167 537 Nam
2195 497 2322 538 cum
2351 480 2490 553 lapis
2518 496 2618 551 pro
2646 477 3072 536 insensibilitate
3101 482 3350 552 ponitur,
3371 483 3511 541 dura
3539 504 3636 560 per

2033 570 2242 642 lapides
2270 570 2435 627 corda
2461 570 2769 643 signantur.
2801 568 2957 626 Unde
2977 576 3032 625 et
3059 584 3156 641 per
3182 570 3450 629 Joannem
3483 574 3637 632 dici—

2032 668 2157 717 tur:
2189 662 2379 717 Potens
2394 667 2470 716 est
2496 662 2638 716 Deus
2657 660 2721 715 de
2743 658 3011 731 lapidibus
3045 656 3162 714 istis
3202 659 3463 716 suscitare
3492 663 3636 732 [ilics

2034 752 2267 807 Abrahae
2292 751 2510 822 (Matth.
2532 768 2617 819 in,
2633 750 2713 822 9).
2734 749 2840 817 Qui
2863 747 3122 806 videlicet
3140 748 3368 804 nomine
3389 749 3636 821 lapidum

2034 839 2199 897 corda
2231 840 2519 912 gentilium
2540 839 2812 911 designat,
2831 838 2971 895 dura
2999 845 3134 894 tunc
3155 844 3321 910 atque
3349 835 3640 894 insensibi-

2034 929 2110 985 lia
2150 946 2248 1002 per
2292 929 2693 986 inﬁdelitatem.
2725 930 2797 984 Et
2851 945 2948 1001 per
3001 927 3322 1001 prophetam
3368 927 3640 986 Dominus

2035 1020 2353 1091 pollicetur,
2384 1019 2606 1077 dicens:
2639 1018 2903 1089 Auferam
2937 1036 3030 1074 cor
3076 1017 3342 1091 lapideum
3388 1018 3453 1073 de
3482 1035 3639 1075 carne

2038 1116 2231 1175 vestra,
2262 1116 2311 1164 et
2355 1110 2489 1165 dabo
2522 1109 2667 1165 vobis
2694 1127 2786 1164 cor
2828 1125 3080 1165 corneum
3120 1108 3345 1178 (Ezech.
3394 1124 3476 1175 χι,
3524 1108 3633 1179 I9).

2035 1199 2273 1255 Rursum
2303 1214 2400 1269 per
2427 1197 2636 1269 lapides
2653 1206 2865 1256 mentes
2880 1198 3112 1253 fortium
3134 1195 3408 1268 designari
3438 1195 3634 1252 solent.

2036 1288 2190 1344 Unde
2239 1295 2293 1343 et
2347 1304 2443 1359 per
2484 1289 2706 1344 Petrum
2760 1285 2968 1345 sanctis
2998 1286 3206 1359 dicitur
3237 1302 3249 1341 :
3282 1288 3358 1343 Et
3384 1303 3474 1340 vos
3510 1291 3640 1341 tan-

2035 1396 2193 1449 quam
2221 1356 2422 1449 lapides
2448 1377 2555 1432 vivi
2581 1374 3080 1449 superaediﬁcamini
3108 1356 3129 1410 έ
3160 1375 3345 1430 domus
3372 1374 3638 1445 spiritalis

2033 1470 2100 1536 (Ι
2110 1470 2255 1525 Petr.
2287 1485 2350 1536 ιι,
2393 1468 2473 1540 5).
2507 1468 2579 1523 Et
2619 1482 2716 1539 per
2734 1465 3061 1538 prophetam
3092 1462 3365 1521 Dominus
3391 1460 3638 1518 venienti

2034 1556 2293 1615 Ecclesiae
2336 1556 2647 1628 pollicetur,
2678 1554 2869 1612 dicens
2900 1571 2912 1609 :
2974 1555 3108 1610 Ecce
3135 1569 3224 1623 ego
3270 1556 3503 1607 stemam
3539 1552 3640 1623 pe’r

2035 1646 2274 1702 ordinem
2325 1644 2524 1715 lapides
2568 1649 2705 1712 tuos,
2747 1648 2795 1697 et
2822 1640 3056 1711 fundabo
3088 1646 3133 1697 te
3175 1640 3235 1695 in
3269 1638 3561 1711 sapphiris,
3590 1644 3640 1694 et

334 1780 449 1818 nem
478 1729 681 1817 Iudaea
702 1759 829 1815 dare
858 1729 1236 1825 consueverat,
1267 1729 1386 1829 qua:
1428 1756 1564 1827 legis
1594 1753 1760 1808 verba
1790 1770 1927 1825 pro—
1954 1755 2000 1814 B
2029 1754 2226 1829 Βοηξῑξη
2244 1734 2513 1829 ἐδαεΡ-ίάθπῑ
2534 1735 2940 1829 ΡτξοΡίιθηαοίιζα
2972 1737 3084 1829 (περ,
3114 1736 3163 1786 εί
3182 1824 3192 1829 Α
3211 1736 3399 1828 Pori-“3
3429 1736 3547 1829 (“03.
3569 1729 3635 1829 in

332 1850 557 1911 ferebat.
589 1852 764 1918 Quam
793 1848 1053 1905 videlicet
1085 1849 1279 1920 legem,
1310 1846 1441 1919 quia
1477 1844 1785 1916 intelligere
1810 1842 1926 1914 jam

328 1939 551 2011 reprobi
580 1947 741 2013 atque
769 1940 1059 2012 explanare
1089 1954 1202 1994 non
1230 1942 1502 2009 poterant,
1534 1932 1802 2007 propheta
1829 1932 1928 1987 Je-

328 2028 528 2084 remias
555 2029 617 2083 in
647 2028 900 2084 lamentis
928 2027 1199 2099 deplorat,
1230 2025 1420 2081 dicens
1454 2042 1466 2079 :
1501 2022 1732 2080 Parvuli
1753 2022 1931 2094 petie-

330 2123 452 2171 runt
473 2135 695 2189 panem,
725 2124 772 2173 et
796 2102 904 2171 non
932 2123 1047 2172 erat
1075 2116 1168 2185 qui
1196 2115 1466 2185 frangeret
1492 2113 1565 2167 eis
1588 2111 1813 2183 (Thren.
1846 2128 1927 2178 Iv,

328 2205 403 2277 4).
434 2206 544 2262 Sed
575 2207 696 2264 haec
724 2214 868 2263 terra
897 2205 956 2261 in
984 2207 1106 2261 loco
1135 2221 1237 2260 suo
1255 2204 1380 2275 igne
1400 2202 1664 2259 subversa
1691 2198 1930 2272 est,qnia

328 2294 577 2352 ﬁdelium
607 2296 763 2369 signa
780 2294 1149 2367 conspiciens,
1180 2293 1409 2350 invidiae
1449 2310 1505 2349 se
1546 2293 1664 2349 face
1692 2305 1931 2347 concre—

328 2385 517 2441 mavit.
550 2386 698 2453 Quia
724 2384 873 2440 enim
893 2385 913 2418 ²
943 2400 1157 2457 semper
1183 2384 1398 2439 invidia
1423 2382 1490 2439 de
1510 2379 1766 2455 superbia
1782 2377 1930 2435 nasci

325 2474 483 2541 solet,
514 2475 581 2529 in
610 2475 735 2529 loco
764 2490 865 2528 suo
894 2473 1019 2544 igne
1040 2472 1366 2544 periit,qua=,
1397 2471 1601 2527 idcirco
1632 2469 1764 2524 arsit
1792 2467 1933 2522 invi-

323 2562 432 2631 dia,
467 2562 614 2635 quia
640 2561 953 2633 superbiam
984 2578 1099 2614 non
1145 2560 1394 2630 reliquit.
1437 2559 1605 2612 Terra
1648 2573 1776 2626 ergo
1816 2571 1933 2627 qua:

319 2653 482 2723 prius
514 2665 721 2720 panem
742 2645 955 2713 habuit,
987 2654 1109 2717 post
1132 2645 1258 2717 igne
1277 2644 1535 2700 subversa
1550 2651 1651 2708 est,
1674 2640 1933 2715 quoniam

324 2753 632 2814 synagoga,
666 2753 787 2809 quae
818 2739 962 2798 579
991 2735 1250 2791 mandata
1277 2733 1378 2789 Dei
1406 2750 1503 2805 per
1531 2733 1701 2804 legem
1731 2739 1932 2804 protu—

328 2838 411 2905 lit,
455 2841 782 2892 nascentem
833 2830 1137 2888 Ecclesiam
1191 2844 1544 2902 persequens,
1601 2826 1828 2883 invidiae
1874 2843 1931 2882 se

334 2927 446 2997 igne
475 2922 848 2995 consumpsit.
881 2922 970 2977 An
1000 2937 1112 2975 non
1143 2917 1512 2974 aemulationis
1555 2933 1667 2973 suae
1718 2916 1932 2973 facibus

332 3015 575 3083 ardebat,
606 3030 733 3069 cum
765 3008 1148 3082 Redemptoris
1175 3006 1350 3064 nostri
1379 3006 1534 3079 signa
1562 3004 1930 3077 conspiciens,

2039 1825 2239 1896 lapides
2268 1825 2495 1894 sculptus
2520 1828 2609 1887 ;et
2652 1838 2825 1877 omnes
2881 1808 3127 1876 terminos
3175 1824 3290 1874 tuos
3318 1819 3376 1872 in
3436 1818 3636 1889 lapides

2037 1915 2427 1981 desiderabiles,
2475 1913 2746 1971 universos
2786 1910 2926 1984 ﬁlios
2980 1917 3095 1966 tuos
3140 1909 3316 1965 doctos
3345 1927 3380 1964 a
3407 1910 3636 1965 Domino

2036 2007 2199 2077 (Isai.
2220 2023 2333 2073 LIV,
2357 2004 2581 2075 11-13).
2596 2001 2802 2060 Stravit
2830 2016 3067 2074 namque
3083 1998 3143 2055 in
3159 1998 3256 2056 illa
3271 2014 3368 2071 per
3382 1997 3635 2056 ordinem

2039 2095 2267 2168 lapides,
2298 2092 2427 2167 quia
2454 2093 2513 2149 in
2541 2109 2605 2149 ea
2632 2100 2846 2149 sanctas
2875 2091 3087 2146 animas
3115 2088 3439 2144 meritorum
3456 2087 3635 2144 diver-

2038 2185 2198 2241 sitate
2223 2181 2501 2240 distinxit.
2534 2180 2811 2238 Fundavit
2837 2196 2957 2236 eam
2986 2179 3044 2235 in
3073 2175 3370 2250 sapphiris,
3402 2175 3496 2249 qui
3520 2174 3637 2233 sci—

2038 2273 2169 2331 licet
2198 2273 2406 2347 lapides
2432 2270 2633 2328 coloris
2652 2270 2795 2328 aerei
2818 2269 2876 2325 in
2905 2286 2961 2325 se
2981 2265 3407 2325 similitudinem
3425 2273 3636 2335 tenent,

2040 2365 2170 2439 quia
2197 2365 2367 2421 robur
2395 2363 2651 2421 Ecclesiae
2682 2362 2739 2418 in
2768 2360 3060 2417 animabus
3090 2358 3335 2415 coelestia
3364 2363 3636 2428 appeten-

2040 2455 2189 2511 tibus
2218 2452 2503 2510 solidatur.
2537 2452 2607 2506 Et
2637 2448 2896 2522 quoniam
2920 2446 3097 2519 jaspis
3127 2443 3323 2500 viridis
3370 2451 3449 2499 est
3477 2444 3637 2499 colo-

2042 2544 2138 2613 ris,
2164 2538 2438 2616 jaspidem
2494 2537 2905 2612 propugnacula
2949 2535 3069 2608 ejus
3114 2532 3320 2607 posuit,
3366 2531 3497 2606 quia
3552 2531 3635 2589 illi

2040 2640 2232 2691 contra
2261 2627 2602 2686 adversarios
2630 2644 2729 2700 pro
2785 2632 2984 2682 sanctae
3022 2622 3287 2681 Ecclesiae
3317 2620 3637 2679 defensione

2041 2721 2242 2795 objecti
2270 2728 2421 2788 sunt,
2453 2718 2570 2792 qui,
2593 2713 2826 2774 internis
2854 2710 3145 2770 desideriis
3161 2710 3423 2779 virentes,
3449 2710 3639 2787 {nulla

2040 2812 2245 2885 teporis
2289 2809 2507 2883 reprobi
2554 2807 2807 2864 ariditate
2858 2809 3222 2861 marcescunt.
3256 2803 3447 2858 Portas
3507 2819 3639 2858 vero

2040 2901 2159 2974 ejus
2213 2901 2398 2974 posuit
2433 2900 2491 2955 in
2538 2897 2745 2970 lapides
2775 2898 2795 2931 ⁵
2836 2896 3102 2966 sculptos.
3138 2892 3206 2948 Hi
3237 2892 3440 2965 quippe
3470 2900 3639 2963 porta:

2040 3003 2169 3050 sunt
2197 2992 2477 3060 Ecclesiae,
2509 3007 2603 3062 per
2629 3004 2864 3062 quorum
2895 2985 3068 3039 vitam
3112 2990 3275 3054 atque
3324 2982 3638 3038 doctrinam

334 3069 720 3177 per-quosdam
748 3117 876 3157 suos
919 3069 1126 3156 diceret
1159 3115 1171 3153 :
1221 3097 1360 3165 Quid
1402 3069 1651 3166 facimus,
1689 3069 1817 3165 quia
1851 3069 1933 3149 hic
1965 3106 2010 3167 ο
2038 3083 2212 3139 intrat
2240 3082 2298 3137 in
2344 3097 2463 3177 eam
2512 3075 2816 3177 multitudo
2854 3071 3221 3177 credentium.
3281 3069 3389 3177 Qui
3420 3087 3521 3177 pr?
3546 3086 3641 3177 ‘eo

335 3194 477 3248 homo
507 3194 680 3248 multa
708 3191 858 3261 signa
881 3189 1013 3261 facit
1035 3191 1062 3245 ?
1081 3188 1168 3244 vel
1197 3194 1343 3244 certe
1367 3204 1379 3241 :
1421 3186 1616 3245 Videtis
1644 3184 1773 3255 quia
1800 3183 1938 3240 nihil

332 3283 771 3354 proﬁcimus,ecce
799 3285 935 3334 totus
953 3277 1184 3333 mundus
1207 3281 1328 3348 post
1350 3292 1467 3330 eum
1494 3274 1641 3330 vadit
1657 3274 1832 3345 (Joan.
1851 3289 1934 3341 χι,

340 3370 405 3427 47
435 3389 450 3438 ;
481 3388 588 3438 xu,
621 3370 733 3441 I9).
766 3367 1044 3425 Videbant
1070 3365 1216 3422 unde
1236 3363 1483 3422 converti
1504 3362 1826 3431 debuerant,
1856 3369 1933 3418 at-

338 3476 440 3532 que
472 3457 673 3515 exinde
703 3456 1070 3531 perversiores
1096 3452 1319 3510 ﬁebant.
1359 3452 1685 3521 Quaerebam
1712 3449 1935 3508 exstin-

340 3566 502 3623 guere
530 3566 692 3621 quem
719 3547 1017 3606 cernebant
1045 3554 1292 3603 mortuos
1320 3544 1624 3600 viviﬁcare.
1658 3544 1719 3599 In
1749 3559 1841 3598 ore
1858 3550 1931 3597 te-

341 3640 551 3696 nebant
574 3640 771 3709 legem,
814 3637 908 3693 sed
945 3637 1079 3709 legis
1124 3633 1588 3708 persequebantur
1630 3639 1929 3688 auctorem.

353 3730 524 3785 Terra
552 3742 675 3797 ergo
699 3726 760 3781 de
784 3742 887 3797 qua
912 3726 1181 3781 oriebatur
1204 3724 1387 3795 panis,
1417 3723 1474 3777 in
1521 3724 1627 3777 loco
1680 3737 1773 3775 suo
1819 3720 1937 3790 igne

344 3818 589 3875 subversa
609 3822 703 3884 est,
735 3816 862 3890 quia
888 3816 1072 3872 Iudaea
1089 3814 1149 3870 in
1173 3811 1465 3883 semetipsa
1488 3817 1542 3866 et
1569 3809 1722 3882 prius
1741 3807 1937 3863 habuit

344 3910 513 3981 legem
543 3924 663 3981 quae
694 3906 961 3973 reﬁceret,
991 3914 1046 3962 et
1073 3912 1197 3979 post
1246 3902 1516 3961 invidiam
1564 3916 1685 3973 quae
1714 3912 1933 3954 concre-

345 4004 530 4054 maret.
555 3998 633 4054 De
661 3995 822 4069 cujus
848 3995 1031 4052 adhuc
1060 3991 1429 4065 descriptione
1457 3987 1814 4061 subjungitur
1845 4004 1856 4041 :
1940 4032 1952 4045 .

867 4101 1096 4159 CAPUT
1138 4099 1399 4157 XXXIII.

414 4194 579 4253 Vens.
604 4194 659 4251 6.
690 4224 763 4235 —
790 4194 957 4249 Locus
1002 4189 1244 4263 sapphiri
1290 4186 1490 4259 lapides
1523 4184 1657 4256 ejus,
1705 4190 1752 4240 et
1778 4183 1937 4255 gleba:

350 4283 490 4340 illius
506 4302 722 4340 aurum.

416 4375 502 4430 52.
532 4375 697 4446 Auget
714 4374 1019 4430 Judceorum
1038 4386 1239 4434 casum,
1269 4368 1533 4422 donorum
1558 4369 1606 4419 et
1630 4362 1938 4435 gratiarum

349 4462 534 4533 quibus
557 4463 709 4534 prius
738 4463 918 4518 ornati
946 4466 1089 4525 sunt,
1120 4456 1547 4530 copim—Auget
1574 4458 1787 4507 reatum
1804 4448 1935 4506 cul—

352 4570 425 4625 pae
471 4553 749 4626 sequentis
789 4552 1127 4626 praeconium
1172 4547 1358 4619 gloriae
1388 4540 1765 4619 praecedentis.
1797 4540 1936 4596 Nam

353 4644 775 4717 uniuscujusque
830 4659 986 4700 casus
1039 4647 1196 4696 tanto
1252 4635 1477 4707 majoris
1528 4641 1611 4689 est
1663 4630 1935 4695 criminis,

356 4743 548 4804 quanto
574 4732 896 4805 priusquam
925 4730 1143 4788 caderet
1170 4724 1395 4797 majoris
1424 4721 1603 4795 potuit
1633 4737 1746 4776 esse
1766 4718 1940 4774 virtu-

356 4820 437 4879 tis.
458 4822 686 4879 Dicatur
712 4838 841 4893 ergo
869 4820 1076 4885 Iudaea,
1107 4817 1325 4874 dicatur
1340 4810 1473 4887 quid
1508 4809 1695 4877 fuerit,
1726 4814 1780 4863 et
1809 4825 1940 4881 prae-

354 4911 655 4969 cedentium
687 4907 1009 4983 magnitudo
1027 4907 1297 4963 virtutum
1327 4909 1534 4960 crescat
1561 4900 1629 4957 ad
1657 4899 1941 4956 cumulum

353 5001 691 5075 sequentium
720 5000 1070 5057 delictorum.
1093 5000 1261 5053 Locus
1289 4991 1537 5065 sapphiri
1575 4989 1779 5062 lapides
1807 4986 1940 5057 ejus,

353 5094 567 5165 etglebce
592 5094 745 5150 illius
770 5110 985 5148 aurum.
1020 5089 1165 5158 Quid
1194 5086 1342 5144 enim
1369 5085 1476 5141 hoc
1523 5085 1645 5140 loco
1675 5099 1771 5154 per
1797 5079 1943 5152 lapi-

352 5180 460 5252 des,
491 5183 602 5239 nisi
630 5191 948 5241 sanctorum
975 5198 1038 5239 ac
1058 5179 1287 5236 fortium
1330 5182 1540 5231 mentes
1587 5170 1888 5245 accipimus
1916 5169 1944 5225 τ

355 5273 488 5343 (γει.
508 5275 648 5350 XX.)
680 5277 744 5332 In
765 5274 1050 5347 Scriptura
1073 5270 1277 5329 etenim
1308 5283 1461 5324 sacra
1488 5262 1785 5337 aliquando
1813 5260 1948 5335 lapi-

421 5505 436 5539 ¹
472 5506 555 5560 Ita
582 5505 711 5561 Mss.
738 5502 808 5561 At
838 5501 992 5560 Editi
1021 5513 1232 5564 omnes,
1258 5513 1357 5569 per
1383 5494 1750 5552 humilitatem.

419 5577 443 5612 ³
474 5578 508 5633 2
537 5576 738 5645 Laud.,
777 5593 928 5647 saepe.

422 5653 444 5684 ³
475 5649 666 5705 Norm.
693 5639 746 5703 et
770 5639 1034 5719 plerique,
1072 5643 1123 5699 in
1146 5642 1324 5719 domos
1353 5639 1638 5719 spiritales.

423 5720 444 5756 ‘
476 5703 591 5777 Ini
622 5703 819 5787 Laud.,
840 5703 993 5775 nuila
1016 5703 1261 5788 ἔξωροι-ἱείς
1288 5703 1499 5785 reprobi
1528 5725 1731 5783 ;quam
1762 5703 1950 5765 lectio-

2043 3173 2209 3230 etiam
2239 3170 2388 3245 quod
2408 3167 2620 3243 magnis
2647 3164 2904 3239 operibus
2932 3162 3167 3237 pollent,
3195 3168 3249 3216 et
3278 3160 3335 3217 id
3366 3160 3515 3234 quod
3546 3160 3640 3217 lo-

2045 3271 2273 3337 quentes
2298 3268 2568 3329 asserunt,
2601 3257 2850 3313 viventes
2870 3251 3192 3321 ostendunt,
3224 3267 3336 3307 non
3366 3250 3515 3324 puri,
3547 3249 3642 3308 sed

2043 3350 2245 3424 sculpti
2273 3348 2482 3422 lapides
2538 3361 2653 3405 esse
2702 3349 3096 3400 memorantur.
3130 3341 3193 3397 In
3223 3356 3459 3413 quorum
3490 3339 3639 3396 enim

2044 3442 2160 3499 vita
2206 3449 2355 3499 recta
2408 3437 2653 3513 operatio
2694 3434 2965 3503 cernitur,
2995 3430 3153 3506 quasi
3183 3430 3242 3486 in
3270 3430 3477 3487 eisdem
3509 3428 3643 3502 ipsis

2043 3532 2373 3605 exprimitur
2403 3528 2549 3603 quod
2579 3534 2824 3601 egerunt.
2859 3522 2963 3581 Ubi
2994 3537 3215 3578 omnem
3263 3536 3481 3593 quoque
3507 3536 3643 3576 san—

2043 3630 2258 3679 ctorum
2314 3637 2606 3678 numerum
2663 3615 2901 3691 generali
2929 3611 3256 3672 collectione
3284 3609 3641 3679 concludens,

2042 3712 2291 3769 subdidit
2324 3729 2336 3766 :
2373 3712 2559 3769 Omnes
2588 3707 2835 3765 terminos
2866 3712 2981 3760 tuos
3002 3704 3057 3758 in
3089 3701 3293 3771 lapides
3323 3704 3467 3762 580
3496 3699 3643 3754 desi-

2043 3811 2302 3866 derabiles
2329 3809 2525 3878 (Ibid.,
2557 3823 2672 3871 LIV,
2706 3804 2819 3875 12).
2852 3803 2945 3868 Et,
2982 3808 3246 3870 tanquam
3285 3795 3331 3851 si
3360 3795 3645 3850 audientes

2043 3902 2147 3957 ista
2175 3906 2483 3971 peteremus
2509 3900 2571 3948 ut
2616 3892 2718 3946 hos
2772 3889 2981 3959 lapides
3026 3902 3165 3957 quos
3192 3883 3398 3939 diceret
3422 3881 3645 3937 indica-

2043 3998 2147 4058 ret,
2177 3970 2469 4061 adjunxit:
2509 3982 2787 4042 Universos
2812 3977 2952 4051 ﬁlios
2983 3982 3101 4031 tuos
3128 3974 3303 4029 doctos
3330 3990 3365 4061 a
3394 3970 3639 4028 Domino.

2044 4079 2185 4147 Quia
2217 4059 2387 4150 igitur
2416 4074 2482 4132 de
2510 4070 2699 4131 Iudaea
2726 4083 3008 4142 nunquam
3038 4069 3241 4121 sanctae
3270 4059 3492 4150 animae,
3523 4077 3644 4134 quae

2044 4149 2321 4226 caelestem
2352 4165 2525 4221 vitam
2554 4162 2818 4219 ducerent
2846 4156 3167 4222 defuerunt,
3200 4149 3436 4209 dicitur:
3471 4150 3641 4206 Locus

2044 4257 2286 4330 sapphiri
2317 4254 2515 4330 lapides
2542 4252 2675 4322 ejus.
2698 4252 2771 4307 Et
2798 4246 2927 4322 quia
2957 4259 3157 4317 magna
3184 4241 3313 4298 vitae
3343 4257 3406 4297 ac
3434 4238 3644 4330 sapien-

2042 4329 2404 4405 tiaeclaritate
2432 4361 2528 4418 per
2555 4342 2721 4399 ﬁdem
2750 4338 2931 4405 fulsit,
2964 4331 3288 4407 adjungitur
3320 4350 3331 4388 :
3366 4333 3440 4387 Et
3486 4329 3646 4418 glebce

1965 4467 2016 4527 Β
2045 4437 2196 4493 illius
2224 4431 2618 4527 auruanuid
2645 4445 2743 4503 per
2762 4426 2969 4527 glebas,
2991 4423 3103 4527 nisi
3132 4417 3645 4527 coll-ectionesAsin:

2047 4527 2302 4599 gulorum
2345 4522 2605 4581 ordinum
2660 4535 2725 4576 ac
2778 4512 3171 4573 multitudines
3230 4507 3593 4581 designantur
3619 4507 3646 4562 ἲ

2047 4597 2229 4673 Glebas
2258 4620 2439 4671 autem
2470 4628 2540 4668 ex
2566 4609 2798 4667 humore
2825 4612 2879 4679 et
2907 4602 3134 4677 pulvere
3163 4597 3643 4670 constringuntur.

2048 4696 2259 4764 Omnes.
2279 4721 2406 4776 ergo
2427 4701 2544 4776 qui,
2574 4715 2696 4755 rore
2712 4694 2899 4770 gratiae
2920 4690 3115 4756 infusi,
3147 4705 3217 4746 ex
3236 4685 3432 4744 mortis
3460 4682 3646 4742 debito

2048 4813 2104 4854 se
2151 4775 2460 4869 pulverem"
2488 4808 2603 4848 esse
2632 4785 2814 4845 veraci
2870 4781 3185 4857 cognitione
3227 4775 3476 4869 confessi
3495 4776 3644 4869 sunt,

2049 4858 2183 4943 dum
2228 4887 2358 4942 vitae
2398 4883 2605 4940 virtute
2629 4879 3013 4942 clarescerent,
3044 4868 3204 4945 quasi
3234 4881 3415 4923 aureae
3461 4860 3520 4915 in
3550 4858 3648 4913 illa

2052 4978 2219 5051 glebae
2260 4976 2572 5048 jacuerunt.
2606 4969 2803 5027 Glebas
2855 4965 2975 5022 haec
3003 4969 3149 5051 terra
3194 4951 3390 5051 habuit
3418 4948 3478 5003 in
3509 4963 3650 5051 pro-

2051 5037 2466 5142 phetia-glebas
2486 5063 2545 5118 in
2564 5057 2906 5119 doctoribus,
2930 5050 3116 5142 glebas
3131 5047 3201 5142 in.
3218 5037 3475 5142 Patribps
3494 5037 3651 5138 anti—

2052 5127 2197 5234 quis,
2227 5127 2322 5229 qui
2350 5169 2545 5227 magna
2573 5166 2629 5207 se
2658 5145 2939 5204 infusione
2969 5130 3247 5234 gratigin
3292 5127 3651 5234 professionis

2055 5210 2321 5320 Siliani
2356 5210 2730 5300 runznimitate
2785 5232 3104 5291 tenuerunt.
3136 5210 3295 5281 Dicat
3323 5236 3452 5293 ergo
3484 5238 3497 5277 :
3535 5236 3547 5276 :
3580 5219 3654 5275 Et

2060 5499 2184 5542 nem
2213 5495 2283 5535 ex
2310 5484 2466 5552 parte
2481 5471 2661 5552 secuti
2688 5474 2819 5527 sunt
2845 5462 3114 5552 plerique,
3132 5457 3656 5552 iEd‘itore‘slljp-stra

2058 5534 2263 5622 tamen,
2293 5534 2414 5626 quae
2448 5548 2577 5605 Mss.
2624 5543 2739 5600 fere
2792 5534 3047 5598 omnium
3093 5541 3198 5604 est,
3228 5534 3392 5604 longe
3431 5536 3651 5599 antepo-

2060 5625 2259 5686 nenda.
2312 5625 2326 5626 ί
2765 5687 2775 5691 _
2832 5686 2848 5691 Α
3056 5682 3070 5691 _
3280 5676 3291 5688 ,

2129 5675 2375 5763 Et"haud,
2404 5692 2651 5766 scalptos,
2679 5696 2734 5746 et
2762 5686 2929 5755 infra,
2958 5679 3152 5754 sculpti
3177 5675 3399 5751 lapides.
