4172 6184
485 291 553 350 67
1713 284 1962 344 SANCTI
1995 287 2334 348 cnseonu
2367 285 2595 348 MAGNI
3711 299 3782 358 68

470 421 630 492 gleba:
652 419 803 478 illius
829 435 1046 483 aurum,
1079 417 1206 489 quia
1227 417 1286 474 in
1313 433 1376 473 ea
1405 415 1704 474 multitudo
1734 415 2068 488 spiritalium
2098 419 2146 479 A
2177 437 2304 492 pere
2331 421 2536 490 renuit,
2567 419 2954 493 praedicatores
2979 421 3136 494 regni
3164 423 3433 480 ccelorum
3467 423 3784 494 prohiben.

470 517 627 568 tanto
655 509 854 582 majori
879 509 1084 564 virtute
1114 507 1335 576 claruit,
1367 515 1574 580 quanto
1603 523 1660 563 se
1679 506 1738 563 in
1767 510 1944 564 Deum
2007 523 2073 564 ac

473 601 788 674 proximum
824 603 840 636 ι
859 597 1054 668 majori
1080 597 1443 654 unanimitate
1470 595 1828 655 constrinxit.

540 691 629 748 53.
662 690 872 745 Aurum
907 703 1010 757 quo
1034 686 1328 759 fulgebant,
1353 688 1595 760 perﬁdiae
1627 689 1848 744 tenebris
1875 687 2071 744 obscu-

470 785 666 834 ratum.
699 806 769 818 —
807 774 915 832 Sed
960 774 1066 832 hoc
1095 793 1292 833 aurum
1333 776 1578 848 perﬁdiae
1607 784 1688 832 est
1717 777 2068 849 postmodum

469 864 710 922 tenebris
737 865 1114 922 obscuratum.
1147 865 1322 938 Cujus
1339 866 1583 938 profecto
1613 865 1958 938 nigredinem
1985 870 2068 926 Je-

470 955 670 1012 remias
696 955 964 1028 propheta
991 957 1217 1014 intuens
1237 957 1506 1028 deplorat,
1535 955 1724 1012 dicens
1757 974 1767 1012 :
1801 959 2069 1024 Quomodo

467 1047 800 1103 obscuratum
855 1054 930 1102 est
977 1064 1196 1113 aurum,
1235 1053 1468 1104 mutatus
1519 1053 1593 1102 est
1641 1049 1789 1104 color
1838 1049 2069 1120 Optimus

463 1139 490 1208 (
505 1139 698 1194 Thren.
731 1137 871 1211 Iv,i)
896 1139 924 1194 Ὺ
953 1140 1166 1194 Aurum
1197 1154 1432 1210 namque
1452 1137 1802 1194 obscuratum
1831 1139 2070 1212 est,quia

467 1226 526 1282 in
554 1227 634 1283 eis
660 1227 922 1300 antiquus
951 1227 1045 1283 ille
1075 1227 1204 1284 ﬁdei
1233 1235 1394 1302 atque
1423 1227 1751 1285 innocentiae
1781 1229 2064 1300 splendor,

469 1315 714 1372 irruente
769 1315 1022 1388 perﬁdia,
1054 1317 1280 1374 malitiae
1311 1333 1367 1374 se
1418 1325 1578 1374 nocte
1630 1318 1888 1375 fuscavit.
1925 1319 2066 1386 Quia

466 1405 637 1478 igitur
651 1405 785 1479 quid
816 1406 924 1462 fuit
953 1392 1272 1464 audivimus
1296 1426 1307 1464 :
1328 1409 1495 1465 Locus
1515 1408 1706 1464 scilicet
1725 1409 1971 1480 sapphiri
1990 1412 2064 1472 la-

459 1499 610 1570 pides
643 1499 778 1570 ejus,
809 1506 857 1554 et
883 1499 1044 1570 glebae
1071 1501 1222 1557 illius
1257 1519 1473 1568 aurum,
1504 1517 1652 1557 nunc
1675 1499 1790 1572 jam
1824 1501 2064 1559 dilectus

465 1587 558 1642 ille
587 1590 701 1644 Deo
731 1589 967 1660 populus
995 1605 1095 1646 cur
1122 1597 1276 1646 tanta
1303 1589 1421 1647 haec
1445 1589 1590 1646 bona
1619 1589 1916 1662 perdiderit
1970 1607 2061 1647 au-

462 1677 699 1736 diamus.
731 1679 991 1752 Sequitur
1023 1697 1036 1736 :

825 1785 1056 1844 CAPUT
1087 1786 1331 1844 XXXIV
1363 1785 1500 1860 [νει.
1533 1785 1710 1860 XXI].

530 1891 702 1950 Vens.
737 1895 788 1950 7.
820 1925 890 1935 —
922 1895 1171 1952 Semitam
1200 1894 1466 1968 ignoravit
1517 1894 1654 1960 uois,
1705 1910 1794 1950 nec
1839 1893 2062 1951 intuitus

461 1989 535 2038 est
562 1985 738 2038 oculos
766 1984 1021 2040 vulturis.

531 2072 620 2128 54.
655 2073 986 2128 Humilitatis
1013 2073 1214 2130 Christi
1242 2072 1354 2128 vias
1383 2072 1704 2145 ignorantes,
1735 2073 1848 2144 ejus
1877 2075 2062 2130 mortis

459 2161 697 2232 fructum
743 2163 1056 2219 amiserunt.
1088 2195 1160 2204 —
1187 2163 1323 2232 Quis
1365 2161 1469 2220 hoc
1516 2163 1636 2220 loco
1664 2163 1785 2220 avis
1813 2164 2059 2234 nomine,

460 2252 566 2309 nisi
598 2253 691 2309 ille
721 2253 989 2326 signatur,
1022 2254 1118 2329 qui
1147 2271 1344 2328 corpus
1372 2271 1633 2312 carnenm
1662 2255 1808 2329 quod
1855 2273 2059 2314 assum-

457 2339 586 2412 psit,
617 2340 962 2397 ascendendo
991 2341 1058 2397 ad
1091 2343 1296 2398 aethera
1325 2342 1623 2400 liberavit?
1653 2343 1758 2411 Qui
1777 2352 1900 2416 apte
1931 2362 2063 2417 quo-

460 2444 567 2500 quo
595 2429 760 2484 etiam
793 2429 1033 2484 vulturis
1061 2431 1426 2502 appellatione
1471 2431 1822 2502 exprimitur.
1859 2433 2063 2489 Vultur

461 2515 665 2590 quippe
694 2516 827 2572 dum
867 2517 1038 2586 volat,
1070 2517 1116 2573 si
1153 2516 1342 2589 jacens
1387 2517 1621 2575 cadaver
1667 2521 1959 2592 conspicit,
1991 2521 2061 2578 ad

461 2623 617 2662 esum
659 2599 1045 2664 se‘cadaveris
1101 2606 1361 2678 deponit;
1395 2615 1449 2663 et
1490 2608 1815 2682 plerumque
1861 2611 1942 2667 sic
2001 2610 2060 2666 in

457 2703 636 2752 morte
665 2696 903 2768 capitur,
935 2695 1068 2751 dum
1097 2695 1165 2750 ad
1187 2702 1467 2750 mortuum
1497 2696 1701 2752 animal
1731 2698 1798 2753 de
1826 2700 2059 2756 summis

457 2785 632 2841 venit.
666 2788 830 2843 Recte
858 2803 987 2858 ergo
1017 2785 1287 2842 mediator
1314 2785 1411 2842 Dei
1442 2793 1494 2842 et
1523 2785 1814 2843 hominum
1845 2789 2056 2846 redem-

453 2882 580 2947 ptor
607 2883 795 2932 noster
823 2874 1067 2930 vulturis
1095 2875 1461 2948 appellatione
1491 2875 1758 2948 signatur,
1791 2878 1884 2950 qui
1931 2896 2058 2936 Ina-

453 2981 590 3020 nens
619 2964 677 3021 in
704 2964 998 3022 altitudine
1026 2963 1336 3022 divinitatis
1356 2982 1490 3031 suae,
1521 2966 1543 2999 ³
1575 2966 1730 3039 quasi
1759 2983 1790 3022 a
1819 2967 2055 3041 quodam

454 3057 642 3113 volatu
694 3057 922 3114 sublimi
977 3057 1210 3115 cadaver
1248 3057 1600 3115 mortalitatis
1655 3067 1856 3115 nostra:
1911 3077 2056 3118 con—

2181 511 2274 579 do,
2307 510 2606 580 saeviendo,
2637 511 2888 570 feriendo
2915 511 3137 585 repulit.
3171 511 3275 580 Qui
3319 511 3530 572 scilicet
3577 514 3784 586 repulsi

2189 601 2432 658 Iudaeam
2460 601 2530 659 ad
2550 618 2714 675 quam
2736 601 2893 660 missi
2911 601 3132 662 fuerant
3158 601 3489 671 deserentes,
3521 601 3579 660 in
3609 603 3782 676 genti-

2181 688 2356 748 litatis
2383 691 2766 752 collectionem
2795 692 3029 765 dispersi
3057 699 3207 752 sunt.
3246 690 3402 750 Unde
3428 691 3613 752 adhuc
3638 693 3784 752 sub—

2181 779 2333 839 ditur
2375 798 2388 838 :

2549 890 2776 949 CAPUT
2823 890 3038 950 XXXV
3071 890 3214 965 [Rea
3254 891 3403 964 XX].

2249 997 2688 1057 VERS.8.—Non
2717 1001 3180 1056 calcaverunteam
3207 999 3308 1072 ﬁlii
3338 998 3661 1065 institorum,
3689 1015 3780 1054 nec

2171 1089 2522 1158 pertransioit
2543 1107 2643 1162 per
2670 1107 2784 1145 eam
2813 1091 2994 1146 leaena.

2246 1178 2332 1236 55.
2366 1179 2608 1252 Apostoli
2651 1187 2956 1251 eorumque
2981 1195 3294 1234 successores
3351 1177 3597 1234 Iuda’am
3641 1177 3777 1233 dese-

2177 1275 2400 1324 ruerunt
2427 1276 2476 1326 et
2517 1269 2789 1342 gent-ilium
2827 1268 3153 1324 conversioni
3188 1268 3530 1322 insudarunt.
3562 1296 3634 1308 —
3661 1268 3682 1302 ⁵
3713 1269 3776 1324 In

2174 1359 2392 1414 cunctis
2419 1359 2632 1417 Latinis
2663 1359 2961 1418 Codicibus
2990 1357 3335 1415 institutores
3377 1357 3583 1429 positos
3612 1371 3774 1428 repe-

2174 1447 2370 1513 rimus,
2403 1447 2459 1503 in
2503 1449 2706 1506 Graecis
2735 1465 2866 1506 vero
2912 1449 3278 1522 negotiatores
3321 1446 3655 1502 invenimus.
3687 1447 3772 1501 EX

2173 1553 2280 1609 qua
2307 1553 2364 1592 re
2397 1539 2583 1610 colligi
2627 1541 2772 1595 valet
2801 1540 2948 1612 quod
2978 1539 3035 1594 in
3066 1539 3172 1595 hoc
3214 1539 3335 1594 loco
3365 1552 3462 1608 pro
3492 1535 3774 1592 institori-

2171 1626 2274 1684 bus
2303 1627 2650 1686 institutores
2678 1631 2972 1702 scriptores
2999 1630 3204 1704 quique
3234 1627 3536 1700 ignorando
3565 1643 3774 1700 posue-

2171 1725 2321 1774 runt.
2355 1720 2644 1776 Institores
2669 1719 2820 1776 enim
2851 1719 3218 1794 negotiatores
3248 1717 3505 1786 dicimus,
3564 1732 3771 1787 proco

2095 1789 2141 1850 Β
2176 1806 2322 1878 quod
2352 1809 2662 1864 exercendo
2691 1809 2842 1882 operi
2870 1789 3154 1866 insistunt.
3189 1807 3292 1864 Sed
3321 1814 3553 1878 uterque
3591 1821 3770 1861 sermo

2171 1898 2304 1957 licet
2330 1900 2389 1956 in
2419 1917 2552 1958 voce
2586 1901 2850 1971 dissonet,
2881 1901 2938 1957 in
2989 1902 3275 1958 intellectu
3317 1916 3428 1955 non
3476 1897 3767 1969 discrepat,

2171 1989 2300 2062 quia
2329 2007 2521 2048 omnes
2551 1991 2644 2064 qui
2677 1991 2921 2048 ﬁdelium
2951 2007 3128 2047 mores
3171 1990 3494 2053 instituunt,
3525 1986 3770 2060 spiritale

2170 2079 2453 2153 negotium
2485 2090 2702 2155 gerunt,
2732 2089 2795 2138 ut
2823 2099 2948 2139 cum
2980 2079 3426 2154 praedicationem
3457 2077 3572 2133 suis
3598 2075 3769 2132 audi-

2169 2169 2384 2226 toribus
2417 2171 2682 2244 praebent,
2713 2171 2781 2226 ab
2809 2171 2888 2227 eis
2917 2169 3082 2226 ﬁdem
3131 2176 3183 2224 et
3228 2183 3392 2240 opera
3420 2173 3568 2222 recta
3597 2163 3769 2237 perci-

2169 2258 2345 2330 piant,
2377 2259 2521 2317 sicut
2544 2260 2611 2316 de
2640 2268 2829 2322 sancta
2857 2259 3104 2317 Ecclesia
3129 2257 3396 2330 scriptum
3427 2261 3542 2311 est:
3581 2253 3770 2309 Sindo-

2168 2365 2284 2403 nem
2312 2348 2436 2420 fecit
2467 2356 2514 2404 et
2559 2349 2794 2404 vendidit
2841 2349 3028 2420 (Prov.
3079 2364 3242 2416 XXXI,
3291 2345 3384 2416 24)
3420 2362 3433 2410 ;
3485 2343 3553 2400 de
3581 2357 3689 2415 qua
3715 2347 3771 2395 et

2170 2438 2332 2509 paulo
2362 2439 2620 2512 postillic
2647 2438 2852 2495 dicitur
2885 2456 2897 2494 :
2929 2438 3073 2498 Vidit
3098 2437 3237 2509 quod
3272 2436 3408 2492 bona
3448 2439 3524 2489 est
3541 2429 3768 2502 negotia.

2171 2527 2242 2582 tio
2271 2527 2384 2598 ejus
2414 2529 2601 2600 (Ibid,
2631 2545 2792 2598 XXXI,
2827 2529 2940 2602 18).
2986 2527 3092 2596 Qui
3122 2527 3229 2584 hoc
3274 2527 3396 2582 loco
3424 2523 3769 2580 institutores

2168 2613 2277 2670 nisi
2306 2617 2586 2687 prophetae
2615 2619 2790 2674 sancti
2820 2617 3002 2674 vocati
3023 2624 3175 2683 sunt,
3207 2615 3300 2688 qui
3332 2628 3622 2686 synagogas
3651 2625 3764 2665 Ino-

2167 2719 2254 2759 res
2291 2704 2360 2759 ad
2406 2705 2570 2759 ﬁdem
2626 2705 2912 2762 instituere
2955 2712 3288 2762 curaverunt
3334 2699 3711 2774 prophetando
3739 2699 3768 2756 ?

2167 2794 2413 2860 Quorum
2444 2793 2712 2849 nimirum
2750 2795 2853 2850 ﬁlii
2883 2795 3058 2850 sancti
3088 2791 3321 2866 apostoli
3351 2787 3764 2860 nuncupantur,

2166 2883 2260 2955 qui
2287 2891 2348 2938 ut
2375 2886 2552 2940 Deum
2583 2883 2870 2939 hominem
2902 2882 3208 2946 crederent,
3234 2880 3301 2936 ad
3332 2878 3580 2935 eamdem
3596 2877 3764 2934 ﬁdem

2165 2989 2234 3028 ex
2263 2989 2451 3030 eorum
2509 2981 2640 3031 sunt
2687 2971 3077 3047 praedicatione
3121 2969 3383 3044 generati.
3435 2971 3514 3024 De
3561 2967 3764 3041 quibus

2164 3065 2424 3122 Ecclesiae
2451 3082 2548 3138 per
2577 3063 2925 3121 Psalmistam
2955 3062 3162 3120 dicitur
3197 3079 3208 3117 :
3239 3063 3349 3118 Pro
3374 3059 3622 3134 patribus
3659 3057 3764 3114 tuis

453 3151 632 3223 spexit
663 3149 720 3204 in
751 3150 978 3219 inﬁmis,
1011 3159 1063 3207 et
1089 3167 1202 3207 sese
1237 3151 1303 3206 de
1333 3151 1648 3206 coelestibus
1677 3152 1744 3206 ad
1776 3151 1886 3208 ima
1913 3153 2056 3210 sub-
2089 3153 2132 3213 C
2162 3155 2276 3211 nati
2303 3162 2425 3210 sunt
2455 3157 2547 3212 tibi
2572 3155 2696 3229 ﬁlii,
2725 3155 3004 3210 constitues
3031 3171 3115 3209 eos
3149 3151 3424 3225 principes
3469 3168 3628 3224 super
3655 3167 3764 3205 om-

453 3239 624 3296 misit.
659 3239 804 3296 Fieri
835 3240 1036 3314 quippe
1077 3249 1300 3316 propter
1331 3257 1431 3298 nos
1463 3241 1630 3297 homo
1661 3241 1918 3314 dignatus
1948 3251 2050 3313 est,

451 3337 504 3386 et
533 3329 665 3386 dum
722 3337 1000 3385 mortuum
1047 3329 1251 3386 animal
1299 3329 1482 3402 petiit,
1515 3337 1749 3386 mortem
1777 3331 1923 3403 apud
1952 3348 2053 3388 nos

451 3421 546 3492 qui
575 3417 720 3491 apud
749 3435 804 3474 se
833 3427 948 3475 erat
976 3414 1304 3476 immortalis
1334 3417 1566 3474 invenit.
1600 3418 1705 3475 Sed
1735 3417 1901 3491 hujus
1931 3419 2053 3474 vul-

453 3507 591 3563 turis
619 3508 814 3564 oculus
842 3508 950 3566 fuit
979 3508 1099 3581 ipsa
1120 3507 1356 3564 intentio
1376 3515 1579 3564 nostrae
1610 3508 2048 3578 resurrectionis,

449 3599 578 3672 quia
606 3598 720 3671 ipse
749 3599 816 3655 ad
851 3599 1099 3656 triduum
1132 3607 1404 3667 mortuus,
1434 3597 1502 3654 ab
1531 3606 1733 3656 aeterna
1756 3615 1856 3656 nos
1876 3608 2052 3656 morte

449 3688 725 3745 liberavit.
757 3690 854 3746 Ille
887 3707 1013 3764 ergo
1043 3690 1285 3762 perﬁdus
1314 3688 1513 3744 Iudaeas
1543 3690 1778 3762 populus
1836 3699 2053 3749 morta—

448 3780 554 3837 lem
580 3780 722 3838 vidit
746 3800 758 3850 ;
795 3783 816 3817 3
847 3782 938 3838 sed
971 3780 1247 3856 quomodo
1277 3788 1452 3837 morte
1479 3797 1577 3837 sua
1606 3789 1852 3838 nostram
1907 3800 2048 3840 mor-

447 3877 556 3927 tem
589 3871 917 3942 destrueret,
943 3871 1172 3927 minime
1201 3871 1458 3930 attendit.
1493 3873 1795 3946 Conspexit
1825 3874 2048 3946 quidem

447 3961 747 4030 vulturem,
779 3963 874 4018 sed
904 3963 1093 4020 oculos
1123 3962 1362 4019 vulturis
1391 3979 1504 4018 non
1523 3963 1758 4034 aspexit.
1782 3961 1887 4029 Qui
1917 3964 2048 4020 dum

445 4048 776 4104 humilitatis
808 4049 925 4120 ejus
954 4051 1072 4104 vias
1100 4050 1300 4120 quibus
1340 4067 1440 4104 nos
1473 4049 1540 4103 ad
1570 4049 1682 4102 alta
1737 4049 2049 4105 sublevavit

443 4135 790 4193 considerare
839 4137 1038 4204 noluit,
1085 4137 1338 4192 semitam
1385 4136 1504 4190 avis
1533 4135 1828 4206 ignoravit.
1861 4138 2048 4208 Neque

442 4226 590 4282 enim
621 4243 846 4298 pensare
876 4223 1089 4281 studuit
1105 4225 1250 4298 quod
1274 4224 1390 4298 ejus
1410 4241 1511 4280 nos
1530 4223 1820 4280 humilitas
1841 4225 2048 4282 levaret

442 4314 511 4371 ad
540 4315 782 4372 coelestia
810 4323 864 4371 et
892 4313 1088 4371 mortis
1119 4312 1237 4387 ejus
1267 4314 1504 4371 intentio
1524 4313 1848 4370 reformaret
1876 4314 1943 4371 ad
1967 4315 2044 4370 vi-

441 4412 572 4461 tam.
609 4405 859 4462 Se-mitam.
900 4405 1065 4478 igitur
1120 4404 1384 4475 ignoravit
1438 4402 1574 4468 avis,
1604 4421 1694 4460 nec
1721 4404 1946 4462 intuitus
1975 4414 2047 4463 est

2162 3264 2275 3302 nem
2305 3253 2499 3305 terram
2536 3247 2708 3319 (Psal.
2743 3261 2896 3314 XLIv,
2933 3245 3046 3318 17).
3070 3243 3175 3302 Sed
3199 3243 3328 3317 quia
3357 3243 3561 3314 repulsi
3592 3257 3764 3314 apos-

2162 3335 2262 3391 toli
2295 3352 2324 3391 a
2353 3351 2639 3409 synagoga:
2669 3333 2876 3390 ﬁnibus
2903 3341 3032 3391 sunt
3059 3333 3284 3408 egressi,
3314 3339 3462 3390 recte
3487 3347 3636 3389 nunc
3664 3329 3760 3387 di—

2163 3423 2306 3480 citur
2339 3443 2350 3480 :
2411 3425 2528 3482 Non
2581 3426 2918 3480 calcaverunt
2945 3442 3057 3480 eam
3087 3425 3191 3498 ﬁlii
3219 3423 3541 3479 institorum.
3575 3421 3758 3478 Calca-

2162 3522 2284 3570 rent
2333 3513 2531 3588 quippe
2586 3530 2706 3570 eam
2764 3514 3082 3570 institorum
3119 3513 3245 3582 ﬁlii,
3287 3512 3332 3569 si
3376 3511 3762 3584 praedicatores

2161 3606 2336 3664 sancti
2365 3605 2612 3678 ejusdem
2635 3623 2923 3680 synagogas
2954 3607 3091 3662 vitia
3119 3607 3267 3663 calce
3298 3603 3528 3660 virtutis
3548 3616 3760 3675 preme-

2161 3705 2302 3752 rent.
2335 3695 2393 3753 Si
2422 3705 2604 3752 autem
2634 3695 2919 3754 institores
2951 3698 2972 3732 ⁸
3007 3696 3228 3752 eosdem
3268 3701 3468 3750 sanctae
3498 3689 3758 3748 Ecclesia:

2161 3788 2544 3860 praedicatores
2571 3787 2892 3860 accipimus,
2925 3787 3242 3842 institorum
3273 3783 3419 3838 ﬁlios
3447 3789 3688 3854 pastores
3703 3785 3758 3836 et

2161 3879 2433 3945 doctores,
2465 3877 2558 3948 qui
2607 3876 3021 3946 apostolorum7
3055 3873 3202 3927 viam
3258 3871 3428 3926 secuti
3477 3877 3626 3936 sunt,
3675 3869 3755 3924 nil

2160 3965 2342 4022 obstat
2369 3962 2627 4032 intelligi.
2648 3961 2752 4028 Qui
2774 3961 3114 4032 Synagogam
3133 3957 3361 4013 minime
3381 3959 3752 4022 calcaverunt,
3829 3977 3835 3982 ·

2159 4053 2288 4126 quia
2315 4051 2449 4106 dum
2477 4065 2666 4104 eorum
2699 4055 2900 4120 patres,
2943 4047 3002 4103 id
3042 4054 3123 4102 est
3151 4045 3406 4118 apostoli,
3437 4045 3505 4101 ab
3535 4046 3630 4100 illa
3657 4061 3756 4101 re-

2158 4140 2303 4215 pulsi
2351 4146 2502 4206 sunt,
2547 4139 2653 4210 ipsi
2703 4153 2920 4212 quoque
2961 4137 3029 4194 ab
3059 4135 3178 4208 ejus
3198 4137 3484 4193 vocatione
3513 4153 3752 4192 cessave-

2159 4238 2310 4286 runt.
2810 4253 2820 4258 ·

2232 4320 2373 4394 [νει.
2408 4316 2616 4391 XXII
2649 4317 2736 4372 56.
2773 4317 3050 4389 Synagoga
3101 4317 3304 4384 relicta,
3333 4316 3570 4388 gentibus
3607 4315 3752 4372 colli-

2155 4411 2336 4482 gendis
2356 4408 2590 4466 Ecclesia
2613 4406 3015 4462 studuit—Per
3042 4423 3206 4479 quam
3235 4403 3494 4462 videlicet
3513 4405 3750 4478 Synago-

441 4499 617 4554 oculos
663 4498 915 4564 vulturis,
951 4495 1083 4570 quia
1128 4496 1230 4552 etsi
1260 4495 1405 4552 vidit
1431 4513 1558 4552 eum
1589 4513 1750 4571 quem
1777 4498 1834 4554 in
1865 4507 2041 4556 morte
2075 4515 2122 4574 υ
2159 4521 2281 4583 gum
2313 4503 2483 4558 leaena
2513 4517 2624 4557 non
2656 4496 2995 4572 pertransiit,
3029 4498 3156 4572 quia
3176 4506 3365 4573 sancta
3379 4496 3628 4556 Ecclesia
3641 4496 3752 4553 col.

439 4585 640 4654 tenuit,
673 4587 860 4644 videre
888 4585 1072 4642 noluit
1105 4587 1125 4620 ⁴
1157 4594 1363 4660 quanta
1389 4586 1561 4642 vitam
1590 4595 1832 4644 nostram
1865 4590 2040 4662 gloria

439 4673 507 4730 de
528 4672 645 4746 ejus
673 4684 848 4733 morte
899 4683 1234 4749 sequeretur.
1271 4676 1421 4733 Unde
1455 4684 1509 4732 et
1538 4676 1606 4734 ad
1653 4677 2035 4736 crudelitatem

437 4780 655 4839 quoque
681 4765 1078 4840 persecutionis
1105 4767 1332 4838 exarsit,
1365 4767 1529 4824 verba
1560 4767 1686 4823 vitae
1717 4773 1856 4830 581
1892 4770 2031 4827 reci-

515 4989 531 5023 ¹
564 4985 761 5058 Vind,
790 4987 990 5060 majori
1011 4989 1208 5045 unitate
1235 4987 1568 5045 constt-invii.
1604 4989 1629 5046 1
1661 4987 1834 5048 Laud.
1871 4991 2037 5053 habet

439 5061 758 5134 construit,
789 5078 890 5134 pro
910 5061 1249 5119 constrinxit.

511 5131 703 5256 fitlttztut
733 5131 931 5203 Laud,
962 5135 1150 5192 Norm.
1184 5140 1237 5190 et
1277 5133 1414 5207 pler.
1449 5134 1510 5190 In
1541 5133 1798 5192 omnibus
1854 5135 2036 5193 Editis

602 5219 618 5255 l
689 5219 716 5256 r
739 5223 792 5256 α.

436 5217 716 5258 Ollllulull‘
739 5223 792 5259 α.

509 5273 532 5347 ἒ
560 5273 829 5347 Iflurimi,
848 5277 938 5331 sed
961 5277 1104 5347 quod
1125 5283 1359 5332 morte...
1397 5293 1504 5331 non
1529 5277 1771 5333 attendit.

469 5345 530 5472 ιι
561 5343 773 5425 Germ,
794 5343 1191 5418 (Imb—Germ”
1221 5350 1436 5416 Norm.,
1467 5355 1668 5420 quanta
1694 5349 1815 5404 vitis
1841 5357 2040 5416 nostra:

490 5432 629 5470 orta.

434 5432 629 5470 (nona.

434 5436 454 5469 (
469 5436 629 5472 ιον-ια.

432 5436 464 5488 J
506 5487 720 5564 {iiunc
747 5486 931 5564 locum
947 5487 1004 5544 in
1023 5487 1174 5564 Edit.
1193 5492 1672 5564 corruptissimum
1693 5493 2038 5550 restituimus

434 5575 504 5634 ex
533 5557 845 5634 Μελ-(Σφὼ.
875 5557 1377 5634 ϐθνωη-ᾼηειὶαξ
1407 5567 1622 5634 Nomm,
1654 5565 2034 5633 Parisiensib.,

433 5629 632 5705 Laud,
664 5631 917 5705 Belvac.,_
942 5638 1046 5705 etc.
1080 5629 1239 5687 Prius
1269 5629 1549 5705 legebatur
1582 5629 1684 5692 {in
1713 5636 1909 5690 cunctis
1932 5629 2033 5692 Lai

436 5701 561 5757 tinis
595 5701 870 5780 Codicibus
898 5702 1166 5780 institores
1179 5701 1380 5780 positos
1402 5709 1715 5780 reperi-mus.
1746 5709 1814 5780 In
1834 5707 2034 5780 ercis

433 5789 558 5831 vero
586 5773 928 5846 negotiatores
957 5773 1266 5832 invenimus.
1300 5777 1393 5834 Ex
1439 5773 1546 5850 qua
1593 5780 1648 5835 re
1689 5778 1867 5850 colligi
1894 5780 2036 5836 calet

2150 4593 2378 4662 lectioni
2411 4591 2654 4665 gentium
2672 4589 2857 4646 dedita
2885 4605 3230 4662 nequaquam
3253 4605 3366 4646 sese
3388 4587 3455 4644 ad
3476 4587 3634 4642 illum
3659 4585 3750 4640 Ju-

2148 4683 2278 4743 daeae
2308 4684 2574 4758 populum
2597 4681 2809 4740 diutius
2829 4679 3140 4753 occupavit.
3165 4680 3330 4736 Recte
3355 4685 3535 4733 autem
3564 4673 3750 4732 Eccle-

2146 4775 2227 4832 sia
2255 4776 2428 4831 lezena
2457 4779 2830 4846 nuncupatur,
2862 4769 2992 4844 quia
3032 4769 3174 4825 male
3207 4767 3456 4824 viventes
3483 4763 3542 4820 in
3571 4762 3748 4830 vitiis,

2148 4990 2290 5062 quod
2318 4990 2411 5044 hoc
2434 4987 2492 5043 in
2509 4989 2632 5062 loco
2663 5004 2764 5059 pro
2798 4983 3206 5062 negotiatoribus
3235 4982 3500 5037 institores
3529 4981 3746 5062 scripto:

2147 5052 2232 5118 res
2262 5059 2553 5132 ignorando
2578 5052 2890 5132 posuerunt.
2926 5055 3045 5122 Quo
3076 5061 3233 5126 pacto
3275 5061 3596 5109 erraverunt
3651 5052 3746 5125 qui

2150 5150 2250 5206 pro
2273 5129 2697 5206 negotiatoribus
2728 5129 2992 5206 institores
3021 5133 3331 5206 posuerunt,
3362 5143 3486 5182 cum
3516 5133 3748 5206 utraque

2152 5195 2263 5260 vox
2281 5195 2424 5260 idem
2443 5211 2601 5258 sonet
2620 5203 2648 5258 εἰ
2669 5201 2774 5258 Sed
2791 5195 3079 5272 legendum
3099 5198 3442 5272 institutores,
3470 5205 3530 5254 ut
3551 5195 3747 5272 vitiose

2152 5285 2287 5334 tunc
2316 5274 2596 5347 legebatur
2627 5274 2685 5329 in
2711 5267 3118 5347 Lat.'Codicib.
3148 5269 3302 5326 Libri
3338 5269 3439 5326 Job
3471 5285 3484 5336 ;
3531 5267 3746 5347 δίο-ξιι-

2149 5357 2260 5404 tem
2294 5339 2621 5418 Grégorium
2652 5344 2846 5416 legisse
2878 5341 3229 5418 manifestum
3261 5349 3341 5396 est
3371 5348 3484 5418 tam
3514 5355 3584 5394 ex
3612 5339 3739 5418 Mss.

2147 5408 2433 5476 consensu
2456 5408 2757 5490 (sirGermV.
2781 5413 3045 5485 excipias,
3078 5414 3150 5490 i_n_
3171 5429 3280 5484 quo
3307 5410 3538 5490 syllaba
3569 5408 3748 5490 Inedia

2149 5499 2203 5545 tu
2229 5491 2432 5562 ubique
2461 5483 2638 5562 deleta
2666 5487 2769 5562 est)
2805 5483 2965 5558 quam
2999 5501 3067 5540 eX
3097 5483 3414 5549 his’verbis,
3441 5483 3626 5537 Omnes
3654 5483 3746 5551 qui

2147 5559 2381 5634 ﬁdelium
2415 5577 2581 5614 mores
2610 5559 2914 5634 instituunt,
2964 5564 3066 5613 etc.

2219 5636 2240 5668 θ
2262 5634 2472 5687 Gelnet.
2523 5647 2586 5686 ac
2616 5631 2717 5702 pl.,
2751 5629 2978 5702 ejusdem
3010 5633 3200 5702 sanctae
3229 5625 3492 5702 Ecclesiae.

2215 5706 2245 5780 _7_
2269 5703 2360 5780 Sic
2415 5696 2692 5780 Laudun.,
2751 5696 3012 5780 Yindoc.,
3045 5697 3230 5780 βοῶ..
3286 5698 3496 5767 Germ.,
3550 5696 3738 5754 Norm.

2143 5775 2296 5832 Editi
2328 5793 2452 5834 cum
2485 5775 2670 5832 Germ.
2682 5817 2696 5843 ,
2727 5773 2890 5830 vitam
2917 5773 3076 5827 secuti
3103 5775 3241 5825 sunt.
