4172 6184
300 326 364 381 69
994 318 1365 377 MOBALIUM
1405 318 1538 401 LIB.
1580 316 1782 374 XVIII.
1824 347 1894 359 -
1932 316 2002 372 IN
2041 315 2270 374 CAPUT
2313 315 2548 371 XXVIII
2592 317 2650 369 Β.
2695 316 2835 370 JOB.
3518 320 3585 377 70

258 517 273 528 ‘
303 467 396 508 ore
441 455 622 504 sancta
685 443 1090 517 praedicationis
1131 446 1413 504 interﬁcit.
1458 444 1613 502 Unde
1665 454 1719 503 et
1769 442 1871 517 ipsi
1906 445 1956 504 A
1990 442 3121 513 Dicatergo:Adﬁlicemertenditmanmn
3155 464 3327 513 suam,
3375 448 3585 503 subver-

308 540 478 613 primo
507 534 696 609 pastori
725 537 879 607 quasi
914 535 1079 607 hujus
1109 536 1290 593 leaenae
1318 540 1400 594 ori
1432 539 1638 596 dicitur
1662 556 1672 592 :
1705 538 1879 595 Macta

310 639 358 687 et
381 630 611 686 manduca
647 626 789 698 (Act.
827 643 884 693 x,
920 628 1033 695 I3).
1081 629 1239 696 Quod
1272 639 1543 687 mactatur
1599 630 1799 703 quippe
1849 644 1879 682 a

309 720 698 788 vitaocciditur,
717 720 775 776 id
796 737 928 775 vero
954 723 1099 794 quod
1117 724 1445 791 comeditur,
1470 725 1528 779 in
1541 723 1879 780 comedentis

303 826 504 884 corpore
530 818 923 869 commutatur.
947 813 1120 869 Macta
1141 832 1266 887 ergo
1284 824 1337 870 et
1359 814 1629 871 manduca
1650 814 1876 881 dicitur,

301 903 349 959 id
372 911 445 958 est
468 920 498 959 a
528 911 756 974 peccato
784 919 876 959 eos
932 904 989 958 in
1022 921 1131 977 quo
1160 906 1361 961 vivunt
1418 905 1687 971 interﬁce,
1743 912 1795 959 et
1849 921 1880 959 a

296 992 469 1065 seipsis
524 992 653 1048 illos
711 993 771 1048 in
828 1000 919 1049 tua
979 993 1223 1049 membra
1279 1002 1559 1051 converte.
1617 996 1683 1049 Et
1742 994 1872 1067 quia

296 1084 399 1140 haec
419 1083 665 1140 Ecclesia
688 1100 888 1155 corpus
916 1092 997 1139 est
1013 1084 1259 1153 Domini,
1284 1085 1396 1157 ipse
1417 1085 1583 1141 etiam
1600 1083 1879 1141 Dominus

293 1173 441 1230 Iacob
473 1190 605 1230 voce
638 1174 726 1229 leo
758 1182 985 1230 vocatur
1014 1191 1083 1229 ex
1111 1191 1187 1243 se,
1212 1176 1383 1231 leaena
1409 1184 1637 1232 vocatur
1665 1192 1734 1230 ex
1763 1191 1878 1230 cor-

292 1280 429 1336 pore,
458 1264 589 1320 dum
621 1264 677 1320 ei
707 1264 811 1320 sub
844 1264 1000 1320 Iudae
1031 1265 1209 1335 specie
1231 1266 1436 1322 dicitur
1463 1284 1473 1321 :
1515 1267 1601 1321 Ad
1616 1266 1877 1337 prwdam,

291 1354 362 1425 ﬁli
374 1354 462 1419 mi,
491 1354 797 1422 ascendisti,
830 1354 1153 1425 requiescens
1170 1356 1459 1411 decubuisti
1488 1362 1544 1411 ut
1566 1358 1664 1421 leo,
1687 1362 1880 1425 etqua-

290 1444 331 1499 si
356 1446 542 1511 lamna;
568 1445 755 1507 582l
787 1446 908 1516 quis
934 1445 1206 1501 suscitabit
1230 1464 1345 1501 eum
1369 1446 1577 1518 (Genes.
1602 1462 1755 1512 XLIX,
1776 1446 1834 1515 9)
1858 1444 1882 1500 ῗ

290 1540 407 1597 Hec
436 1541 600 1612 igitur
629 1543 803 1597 leaena
832 1558 1175 1615 nequaquam
1202 1544 1429 1611 dicitur,
1462 1545 1591 1617 quia
1617 1546 1638 1579 ³
1665 1560 1759 1616 per
1787 1544 1881 1600 Ju-

288 1630 453 1689 daeam
496 1651 606 1690 non
657 1634 899 1702 transiit,
934 1635 1026 1691 sed
1066 1653 1176 1692 non
1236 1636 1573 1707 pertransiit.
1608 1635 1883 1708 Apostolis

286 1737 510 1796 namque
521 1723 953 1795 praedicantibus
965 1725 1116 1797 prius
1132 1743 1201 1781 ex
1219 1726 1313 1781 illa
1326 1727 1429 1781 tria
1446 1726 1881 1797 millia,postmo-

1991 534 2051 587 tit
2078 553 2110 587 (τ
2144 534 2410 587 radicibus
2442 539 2656 596 montes,
2705 532 2833 603 quia
2882 532 3013 588 dum
3045 535 3307 592 duritiam
3338 540 3586 609 gentium

1990 634 2172 681 sancta
2194 626 2508 698 praulicatio
2526 628 2681 699 petiit
2690 625 3074 698 ,superborum
3092 629 3441 687 altitudinem
3464 633 3587 689 fun-

1989 716 2137 789 ditus
2166 719 2377 774 stravit.
2434 702 2577 786 Quia
2608 736 2737 774 \‘ero
2785 735 2877 773 eos
2933 735 3103 791 quosa
3160 718 3589 791 cogitationibus

1992 809 2218 863 terrenis
2248 816 2473 864 etacuat
2503 808 2663 864 donis
2695 808 3008 864 coelestibus
3040 809 3231 881 replet,
3256 815 3309 863 et
3339 826 3476 882 quos
3506 811 3587 866 in-

1990 896 2135 953 ﬁmis
2150 898 2296 955 curis
2325 899 2581 955 exhaurit
2601 900 2853 972 supernis
2872 898 3011 971 rigat
3034 898 3277 969 fluentis,
3303 916 3435 957 mox
3455 900 3581 957 sub-

1990 987 2180 1045 ditur:

2500 1080 2726 1135 CAPUT
2766 1082 3054 1137 XXXVII.

2060 1171 2233 1225 VERs.
2272 1171 2354 1224 10.
2388 1202 2458 1212 ——
2488 1173 2547 1227 In
2576 1172 2741 1242 petris
2773 1173 2912 1227 rivos
2939 1173 3163 1228 excidit.

2060 1258 2147 1314 58.
2196 1260 2259 1314 In
2275 1260 2451 1313 mrcis
2465 1262 2733 1329 gentilium
2752 1262 2994 1316 cordibus
3018 1263 3159 1318 Deus
3178 1263 3369 1333 [turios
3395 1263 3590 1335 prmiti-

1989 1349 2208 1401 cutionis
2237 1350 2464 1418 aperuit.
2498 1380 2569 1389 —
2600 1350 2655 1404 Id
2678 1358 2778 1416 est,
2814 1351 2869 1404 in
2901 1352 3054 1407 duris
3085 1352 3375 1423 gentilium
3398 1353 3592 1409 cordi-

1992 1435 2092 1490 bus
2123 1436 2319 1491 IIllVIOS
2348 1436 2755 1509 praedicationis
2774 1439 3010 1509 aperuit,
3044 1440 3187 1495 sicut
3231 1459 3325 1512 per
3356 1443 3590 1513 prophe-

1992 1536 2101 1582 tam
2129 1544 2344 1600 quoque
2374 1528 2440 1582 de
2471 1528 2745 1597 irriganda
2762 1530 2969 1585 dicitur
2988 1531 3243 1587 ariditate
3260 1533 3551 1603 gentilium
3574 1555 3586 1595 :

1992 1620 2177 1673 Posuit
2206 1620 2463 1672 desertum
2487 1620 2539 1672 in
2559 1626 2801 1689 stagnum
2831 1622 2849 1655 ⁷
2882 1638 3169 1691 aquarum,
3193 1630 3239 1678 et
3264 1630 3462 1682 terram
3482 1628 3594 1686 sine

1992 1727 2131 1779 aqua
2163 1710 2211 1762 in
2237 1710 2406 1763 exitus
2434 1728 2699 1779 aquarum
2759 1712 2932 1780 (Psal.
2968 1731 3076 1780 CVI,
3111 1714 3225 1783 35).
3289 1719 3470 1790 Atque
3526 1720 3585 1776 in

290 1811 409 1867 dum
441 1816 689 1886 quinque
705 1815 1261 1872 milliacrediderunt.
1288 1816 1533 1872 Ecclesia
1566 1814 1747 1886 itaque
1781 1830 1874 1884 per

1998 1800 2294 1871 Etangelio
2322 1801 2595 1871 promittit
2618 1801 2906 1869 Dominus,
2938 1802 3159 1859 dicens:
3198 1806 3303 1873 Qui
3331 1808 3498 1862 credit
3532 1809 3590 1864 in

289 1901 627 1974 Synagogam
661 1905 895 1971 transiit,
918 1906 1011 1961 sed
1037 1922 1147 1961 non
1176 1905 1515 1977 pertransiit,
1539 1904 1669 1977 quia
1698 1921 1765 1959 ex
1790 1903 1883 1957 illa

288 1990 354 2046 ad
392 1991 565 2048 ﬁdem
596 2010 791 2065 paucos
834 1994 1038 2066 rapuit,
1067 1995 1161 2051 sed
1200 2004 1381 2051 tamen
1412 1996 1570 2049 illum
1602 1992 1882 2048 inﬁdelem

287 2079 553 2150 populum
576 2098 608 2136 a
627 2082 853 2153 perﬁdia
874 2083 1128 2140 funditus
1148 2101 1257 2141 non
1275 2083 1565 2139 exstinxit.
1591 2081 1717 2149 Sed,
1737 2081 1883 2153 quod
1926 2075 1954 2097 ⁶

287 2186 419 2242 saepe
443 2169 563 2242 jam
584 2172 855 2242 diximus,
874 2176 1091 2246 repulsa
1111 2175 1178 2231 ab
1200 2175 1524 2232 inﬁdelitate
1544 2173 1882 2243 Judaeorum,

287 2257 507 2316 deﬂexit
537 2262 609 2317 ad
638 2264 989 2320 vocationem
1022 2264 1289 2336 gentium.
1326 2264 1479 2321 Unde
1508 2263 1691 2320 adhuc
1719 2262 1784 2319 de
1801 2278 1885 2317 ca-

286 2346 399 2405 dem
431 2350 608 2408 lezena
638 2353 846 2410 dicitur
869 2372 881 2410 :

810 2461 1047 2519 CAPUT
1086 2464 1353 2519 XXXVI.

344 2548 525 2606 Vsus.
569 2551 625 2606 9.
658 2581 730 2591 —
759 2551 845 2606 Ad
875 2552 1071 2605 silicem
1100 2553 1329 2606 extendit
1350 2568 1750 2614 manumsuam,
1769 2550 1889 2603 sub-

282 2647 435 2699 rertit
465 2666 503 2699 α
526 2647 811 2700 radicibus
842 2656 1058 2700 montes.

340 2738 436 2794 57.
464 2737 717 2805 Quarum
734 2737 988 2791 duritiam
1009 2737 1281 2804 emollieit,
1301 2745 1346 2793 et
1365 2738 1660 2809 superbiam
1677 2740 1884 2795 strurit.

284 2827 603 2881 —Manum
634 2824 838 2898 quippe
868 2826 933 2880 ad
956 2826 1168 2881 silicem
1192 2828 1462 2894 extendit,
1494 2828 1617 2900 quia
1652 2828 1715 2883 ad
1740 2827 1886 2883 duri-

285 2914 407 2970 tiam
426 2914 680 2988 gentium
701 2931 811 2970 suae
828 2914 1114 2971 brachium
1134 2916 1539 2988 praedicationis
1558 2918 1887 2975 Inisitlfnde

290 3013 337 3060 et
362 3005 507 3060 idem
539 3004 734 3060 beatus
761 3004 863 3061 Job
912 3005 1186 3076 passionis
1234 3023 1343 3061 sum
1402 3005 1691 3062 historiam
1756 3025 1886 3080 prce-

290 3094 455 3151 sciens
476 3094 736 3168 gentibus
756 3094 1227 3165 innotescendam,
1247 3096 1383 3152 dicit
1406 3113 1416 3150 :
1442 3096 1759 3152 Scribuntur
1776 3099 1883 3152 lucc

1992 1909 2091 1955 me,
2124 1893 2253 1945 sicut
2285 1892 2410 1945 dicit
2442 1893 2742 1963 Scriptura,
2761 1896 2981 1964 ﬂumina
3013 1913 3166 1965 aqum
3194 1897 3324 1951 vivae
3338 1899 3400 1953 de
3418 1905 3595 1956 ventre

1993 1982 2106 2051 ejus
2125 1986 2285 2051 [luent
2314 1984 2492 2043 (Joan.
2526 2000 2625 2048 vn,
2659 1984 2771 2053 38).
2807 1984 2964 2052 Quod
2994 1987 3330 2057 promissum
3348 1996 3484 2044 tunc
3499 2006 3593 2045 au-

1995 2072 2079 2128 (Iit
2096 2071 2260 2140 imus,
2288 2073 2450 2129 etiam
2468 2090 2613 2129 nunc
2635 2075 2967 2147 completum
2989 2076 3259 2134 videmus.
3285 2080 3424 2135 Ecce
3442 2078 3590 2135 enim

1996 2162 2053 2217 in
2083 2163 2284 2218 sanctis
2308 2164 2773 2235 praedicatoribus,
2806 2174 2857 2221 et
2887 2184 2997 2222 non
3027 2183 3093 2223 ex
3123 2168 3309 2225 Iudaea
3340 2168 3591 2243 progeni-

1996 2253 2086 2321 tis,
2112 2270 2205 2325 per
2221 2262 2473 2311 cunctam
2494 2257 2794 2312 Ecclesiam
2818 2264 2933 2313 toto
2950 2257 3078 2313 orbe
3091 2257 3368 2328 diffusam,
3388 2258 3594 2315 ﬂuenta

1996 2343 2301 2399 co‘lestium
2336 2346 2715 2402 mandatorum
2748 2347 2985 2403 ubertim
3033 2358 3257 2405 manant
3293 2366 3386 2405 ore
3418 2349 3589 2421 genti-

1998 2434 2154 2491 lium.
2188 2436 2326 2503 Quia
2346 2437 2492 2492 eniIn
2512 2438 2565 2492 in
2584 2439 2752 2508 petris
2776 2439 2922 2492 rivos
2941 2439 3175 2508 aperuit,
3198 2455 3268 2492 ex
3287 2438 3443 2495 duris
3460 2457 3593 2513 quo-

1998 2543 2101 2599 que
2134 2533 2277 2589 583
2306 2527 2564 2585 cordibus
2576 2527 2777 2583 fluvius
2792 2536 2992 2585 sanctae
3011 2518 3420 2601 praedicationis
3441 2548 3589 2590 ema-

1998 2642 2093 2681 na\
2111 2626 2171 2681 it.
2207 2625 2468 2699 Sequitur
2492 2644 2502 2681 :

2510 2736 2736 2793 CAPUT
2777 2737 3091 2796 XXXVIII.

2069 2828 2202 2883 IIIIo.
2236 2859 2305 2867 —
2333 2828 2405 2882 Et
2432 2846 2579 2881 omne
2599 2828 2887 2898 pretiosum
2920 2829 3048 2883 vidit
3076 2830 3258 2884 oculus
3285 2830 3422 2900 ejus.

2068 2915 2154 2971 59.
2202 2917 2325 2972 l'ilis
2354 2917 2461 2971 Deo
2489 2922 2561 2970 est
2593 2917 2835 2981 ηιιιηιίιις,
2868 2924 2913 2971 et
2947 2919 3191 2988 pretioso:
3218 2918 3409 2974 animm
3461 2936 3595 2990 quas

1996 3006 2162 3076 elegit.
2196 3037 2263 3045 —
2286 3005 2578 3060 Sciendum
2640 3022 2960 3076 magnopere
2990 3008 3219 3080 estquia
3248 3015 3404 3065 tanto
3460 3025 3593 3064 uua-

1998 3112 2224 3167 quaque
2255 3093 2437 3149 anima
2468 3094 2527 3150 lit
2558 3095 2845 3167 pretiosior
2874 3103 2999 3152 ante
3021 3097 3213 3153 oculos
3236 3096 3357 3166 Dei,
3380 3107 3590 3170 quanto

292 3188 413 3255 style
440 3186 619 3256 ferreo
642 3186 695 3239 in
718 3186 922 3257 plumbi
946 3187 1222 3252 lamina,.3
1258 3189 1483 3243 celcerte
1499 3190 1816 3260 sculpantur
1836 3189 1887 3243 in
1925 3181 1967 3239 C
2000 3203 2107 3275 prie
2138 3203 2319 3240 amore
2352 3186 2598 3242 \eritatis
2642 3186 2947 3258 despectior
3002 3186 3169 3243 fuerit
3223 3196 3347 3245 ante
3406 3190 3596 3248 oculos

294 3276 425 3331 silice
455 3277 598 3348 (Job.
632 3293 754 3345 XIX,
789 3276 904 3347 24).
940 3277 1046 3345 Qui
1078 3294 1208 3332 vero
1240 3277 1341 3334 hoc
1391 3278 1448 3333 in
1480 3278 1603 3335 loco
1650 3287 1887 3348 montes,

295 3365 396 3421 nisi
418 3366 585 3438 hujus
611 3366 798 3422 saeculi
832 3374 1081 3438 potentes
1100 3366 1419 3439 accipimus,
1445 3368 1538 3441 qui
1557 3385 1653 3440 pro
1678 3376 1891 3425 terrena

293 3455 591 3511 substantia
624 3458 644 3490 ⁸
674 3457 846 3512 altum
865 3458 1123 3513 tument?
1144 3459 1219 3513 De
1237 3457 1437 3531 quibus
1468 3458 1757 3515 I’salInista
1775 3459 1849 3515 ait
1874 3478 1884 3515 :

303 3551 467 3622 Tange
499 3557 711 3617 montes,
743 3557 789 3605 et
814 3550 1153 3622 fiunigabunt
1216 3553 1387 3624 (Psul.
1423 3571 1616 3621 CXLIII,
1647 3554 1727 3625 5).
1786 3554 1891 3610 Sed

298 3646 509 3695 montes
542 3639 874 3696 aradicibus
924 3650 1053 3697 sunt
1109 3642 1310 3710 eversi,
1360 3642 1510 3714 quia,
1560 3642 1890 3714 praedicante

297 3734 489 3783 sancta
518 3728 784 3797 Ecclesia,
814 3746 1035 3787 summa:
1086 3730 1253 3800 hujus
1284 3731 1469 3786 smculi
1494 3740 1790 3801 potestates
1834 3732 1891 3788 in

298 3816 581 3873 adoratum
627 3817 1015 3891 omnipotentis
1045 3820 1144 3876 Dei
1202 3820 1269 3876 ab
1301 3819 1497 3875 intima
1562 3821 1891 3893 cogitatione

301 3909 321 3943 ⁵
342 3906 673 3964 ceciderunt.
692 3908 917 3966 Radices
932 3909 1079 3966 enim
1101 3908 1370 3965 montium
1391 3908 1748 3980 cogitationes
1764 3920 1892 3967 sunt

302 3996 502 4053 intima:
533 3998 916 4071 superborum.
952 3999 1021 4054 Et
1050 4014 1079 4054 a
1110 3997 1388 4055 radicibus
1422 4007 1633 4055 montes
1661 4000 1888 4070 cadunt,

304 4086 422 4160 quia
450 4087 517 4142 ad
550 4086 846 4145 colendum
880 4090 1052 4144 Deum
1082 4096 1378 4161 potestates
1406 4089 1590 4146 saeculi
1639 4090 1706 4146 ab
1764 4090 1890 4147 imis

306 4178 721 4249 cogitationibus
738 4186 1179 4252 prosternuntur.
1215 4182 1375 4237 Recte
1398 4180 1597 4236 etenim
1623 4197 1719 4254 per
1734 4182 1891 4237 radi—

307 4283 412 4322 cem
427 4268 687 4341 cogitatio
702 4271 917 4327 occulta
933 4270 1335 4343 signatur,quia
1352 4288 1445 4344 per
1462 4272 1565 4328 hoc
1582 4272 1728 4346 quod
1743 4272 1892 4330 intus

308 4374 410 4414 non
441 4360 706 4429 cernitur,
729 4360 971 4435 erumpit
988 4360 1134 4435 quod
1152 4360 1403 4417 videatur
1418 4362 1572 4418 foris.
1594 4361 1747 4419 Unde
1767 4364 1891 4420 etin

308 4445 499 4504 bonam
528 4459 736 4522 partem
766 4468 863 4524 per
902 4452 1225 4526 prophetam
1275 4451 1511 4508 dicitur:
1547 4454 1567 4488 θ
1606 4453 1820 4509 Emitte!
1838 4454 1893 4509 id

2002 3293 2145 3331 suos.
2182 3276 2319 3330 llinc
2349 3276 2415 3331 ad
2445 3277 2572 3332 Saul
2603 3276 2840 3334 dicitur:
2867 3280 3048 3335 Nonne
3077 3297 3193 3334 cum
3220 3281 3485 3350 parvulus
3517 3298 3597 3336 es-

2003 3384 2079 3419 ses
2109 3367 2157 3420 in
2191 3368 2355 3421 oculis
2387 3368 2509 3435 tuis,
2531 3375 2685 3440 caput
2717 3375 2760 3423 te
2784 3370 3028 3424 constitui
3058 3370 3113 3424 in
3145 3371 3384 3427 tribubus
3426 3373 3600 3429 Israel

2006 3456 2059 3526 (Ι
2088 3459 2209 3528 Ιίθυ.
2244 3474 2341 3523 xv,
2392 3458 2479 3531 I7)
2514 3461 2539 3515 i’
2600 3460 2675 3516 Ac
2706 3460 2753 3517 si
2817 3469 2999 3533 aperte
3054 3460 3259 3519 diceret
3294 3480 3305 3519 :
3365 3464 3599 3535 Magnus

2004 3547 2141 3601 mihi
2174 3547 2348 3616 fuisti,
2382 3548 2511 3621 quia
2541 3550 2825 3622 despectus
2854 3552 2956 3608 tibi
2990 3570 3002 3619 ;
3037 3552 3130 3608 sed
3160 3569 3307 3611 nunc
3328 3552 3458 3625 quia
3486 3570 3598 3611 ma-

2005 3653 2140 3706 gnus
2152 3637 2253 3693 tibi
2284 3656 2360 3706 es,
2380 3638 2554 3695 tactus
2574 3657 2630 3696 es
2642 3642 2927 3715 despectus
2942 3641 3099 3698 mihi.
3118 3643 3272 3700 Unde
3291 3651 3346 3700 et
3361 3660 3456 3715 per
3470 3661 3597 3717 pro-

2005 3726 2222 3798 phetam
2254 3728 2492 3785 dicitur:
2552 3733 2633 3788 I'w
2668 3734 2759 3802 qui
2787 3734 3043 3803 sapientes
3072 3740 3192 3789 estis
3224 3734 3277 3788 in
3310 3734 3478 3790 oculis
3518 3751 3598 3789 ve-

2003 3817 2150 3880 stris,
2179 3823 2223 3871 et
2251 3836 2423 3871 eorum
2458 3820 2830 3891 nobismetipsis
2856 3822 3137 3891 prudentes
3198 3821 3354 3891 (Isai.
3388 3839 3447 3887 ν,
3477 3822 3593 3891 21).

2004 3906 2306 3975 Tantocrgo
2318 3908 2379 3960 ﬁt
2394 3908 2622 3977 quisque
2635 3926 2656 3959 κ
2675 3909 2800 3961 ilior
2812 3911 3157 3977 Deo,quanto
3170 3908 3459 3978 pretiosior
3469 3908 3593 3976 sibi;

2004 4002 2154 4049 tanto
2184 3994 2475 4065 pretiosior
2495 3997 2627 4064 Deo,
2651 4003 2856 4069 quanto
2878 4003 3097 4067 propter
3124 4012 3251 4054 eum
3273 3996 3440 4053 vitior
3468 3997 3595 4055 sibi:

2006 4087 2141 4153 Quid
2164 4086 2385 4141 humilia
2420 4088 2650 4159 respicit,
2679 4095 2727 4142 et
2754 4090 2865 4143 ulta
2888 4106 2922 4144 α
2953 4089 3101 4158 longe
3128 4089 3386 4160 cognoscit
3417 4090 3595 4162 (Psal.

2003 4194 2256 4242 cxxxvn,
2282 4178 2360 4250 6).
2398 4178 2779 4252 [VeLXXIIL]
2804 4180 2963 4235 Omne
2984 4178 3157 4249 itaque
3162 4179 3452 4250 pretiosum
3470 4179 3601 4235 vidit

2003 4270 2182 4323 oculus
2199 4267 2329 4337 ejus.
2350 4270 2411 4324 Ill
2432 4268 2713 4340 Scriptura
2727 4286 2879 4326 sacra
2898 4268 3085 4325 videre
3106 4269 3227 4338 Dei,
3250 4271 3270 4305 ⁸
3298 4270 3598 4343 aliquando

2004 4374 2101 4429 pro
2128 4359 2325 4431 eligere
2356 4360 2598 4431 ponitur,
2628 4360 2770 4416 sicut
2791 4360 2845 4416 in
2870 4361 3172 4432 Evangelio
3192 4359 3461 4433 scriptum
3480 4370 3593 4418 est:

2008 4447 2138 4502 Cum
2168 4468 2298 4503 esses
2327 4450 2418 4504 sub
2448 4451 2569 4528 ficu,
2604 4450 2711 4505 vidi
2742 4457 2785 4503 te
2815 4452 2994 4519 (Joun.
3030 4469 3069 4518 ι,
3102 4451 3230 4533 I:8);
3286 4450 3341 4506 id
3371 4457 3474 4519 est,
3506 4467 3598 4522 po-

309 4538 442 4608 quod
469 4540 729 4595 satratum
758 4542 921 4611 fuerit
936 4543 998 4597 de
1017 4544 1170 4598 domo
1197 4543 1361 4607 Iuda,
1393 4550 1439 4597 et
1467 4543 1607 4614 quod
1630 4544 1891 4614 reliquum
1923 4548 1968 4606 ι)
2003 4538 2167 4593 situm
2202 4546 2251 4594 te
2284 4539 2385 4593 sub
2415 4539 2609 4595 umbra
2630 4541 2763 4611 legis
2782 4540 2940 4612 elegi.
2970 4540 3123 4597 Vidit
3141 4557 3267 4613 ergo
3296 4541 3598 4613 pretiosum

311 4634 392 4694 est,
423 4630 590 4685 mittet
618 4631 845 4687 radicem
877 4633 1143 4696 deorsum,
1175 4638 1221 4687 et
1247 4632 1409 4703 faciet
1428 4632 1661 4702 fructum
1680 4652 1892 4689 sursum

315 4716 454 4788 (Isai.
488 4738 710 4791 XXXVII,
743 4722 857 4795 31).
891 4724 973 4781 Ac
1000 4723 1046 4778 si
1071 4728 1253 4794 aperte
1287 4721 1597 4778 diceretur:
1651 4723 1713 4777 In
1768 4723 1894 4779 imis

311 4808 553 4880 cogitatio
581 4812 849 4883 nascitur,
880 4821 941 4871 ut
964 4813 1021 4870 in
1042 4811 1275 4869 summis
1305 4812 1594 4869 retributio
1611 4811 1891 4870 reddatur.

379 5006 390 5079 ξ
430 5007 550 5079 Duo
582 5007 754 5065 Laud.
787 5015 839 5063 et
869 5008 988 5077 alii,
1017 5008 1136 5079 quis
1166 5008 1438 5064 suscitavit
1466 5026 1601 5065 eum.

375 5075 394 5109 ²
428 5077 517 5133 Sic
534 5078 770 5149 legimus
790 5079 895 5137 in2
919 5075 1113 5149 Laud,
1134 5081 1367 5148 Bellov.,
1392 5081 1637 5147 Ebroic.,
1659 5080 1887 5148 Pratel.,

311 5149 469 5204 etc.In
493 5149 674 5206 Editis
693 5160 747 5205 et
768 5151 826 5206 in
845 5152 1507 5219 Germ.omittiturnon,et
1523 5151 1892 5223 interpunctio

310 5228 504 5296 mutata
534 5230 619 5296 est
648 5239 849 5296 magno
878 5241 1067 5279 sensus
1084 5224 1303 5291 damno,
1324 5224 1415 5296 qui
1439 5240 1506 5277 ex
1530 5231 1715 5279 nostra
1736 5223 1891 5279 resti-

309 5290 603 5368 tutione‘ﬁt
631 5290 891 5365 optimus.
922 5296 1178 5368 Explicat
1199 5290 1418 5368 sanctus
1443 5298 1646 5368 Doctor
1666 5312 1754 5368 nec
1768 5313 1891 5368 per-

309 5364 551 5439 transicit
575 5364 810 5439 peream
840 5364 1030 5439 licenti;
1060 5366 1215 5439 cujus
1244 5364 1783 5439 nomineEcclesiani
1817 5367 1894 5422 (Il-

306 5432 507 5509 citesse
537 5432 973 5509 intelligendam.
1000 5441 1068 5493 Et
1088 5432 1340 5509 qhatmis
1368 5439 1433 5493 de
1464 5438 1565 5493 hac
1596 5439 1763 5493 leaena
1785 5456 1893 5493 non

307 5508 661 5584 possitasseri
692 5508 839 5584 quod
862 5527 955 5584 per
982 5508 1221 5584 Indicam
1247 5527 1359 5584 non
1395 5510 1673 5584 transierit
1698 5512 1894 5579 (trans-

308 5576 364 5660 iit
387 5579 545 5660 enini
570 5576 949 5660 conuersis-ad
982 5581 1159 5660 ﬁdem.
1172 5581 1414 5660 primum
1434 5581 1629 5647 tribus,
1654 5576 1892 5660 pastu-1.0-

306 5647 699 5725 dum_quinque
710 5653 1023 5709 Iudaeorum
1047 5647 1336 5725 millibus),
1354 5661 1408 5706 at
1425 5671 1531 5709 non
1553 5647 1891 5725 pertransiit,

307 5723 446 5796 quod
472 5723 682 5780 Sufficit
709 5725 779 5781 ad
810 5726 915 5782 loci
934 5724 1099 5796 hujus
1120 5723 1647 5796 interprctationem.
1683 5725 1891 5780 Distin-

308 5793 417 5862 guit
446 5810 579 5867 ergo
607 5804 828 5854 sanctus
858 5793 1152 5869 Gregorius
1181 5794 1326 5850 inter
1380 5796 1608 5851 transire
1664 5803 1717 5851 et
1758 5814 1893 5868 per—

2005 4632 2133 4703 quia
2158 4631 2391 4686 humilia
2419 4631 2577 4703 elegit
2606 4650 2615 4686 :
2654 4634 2875 4703 Infirma
2906 4632 3041 4687 enim
3059 4633 3240 4687 Inundi
3261 4632 3411 4703 elegit
3432 4634 3597 4699 Deus,

2006 4728 2063 4777 ut
2098 4721 2435 4792 confunderet
2463 4722 2631 4791 fortia
2663 4723 2713 4791 (Ι
2735 4723 2858 4778 Cor.
2894 4739 2932 4791 Ι,
2953 4722 3070 4789 27).
3097 4722 3253 4778 Vidit
3270 4721 3597 4794 pretiosum,

2002 4827 2127 4867 cum
2160 4811 2455 4868 humanam
2486 4811 2725 4867 animam
2756 4811 2821 4868 de
2852 4816 2906 4868 s‘e
2935 4810 3147 4883 abjecta
3166 4811 3466 4885 sapientem
3483 4825 3598 4882 gris.

2006 5007 2256 5062 transire.

2076 5081 2095 5111 ³
2126 5080 2188 5134 III
2232 5078 2432 5152 Editis,
2488 5081 2564 5137 vel
2612 5082 2749 5137 cette.
2812 5078 3106 5152 Sequimur
3158 5076 3287 5152 Mss.
3348 5072 3596 5152 Angli_c.,

2004 5151 2215 5277 N0231in
2241 5150 2434 5208 Gallic.
2462 5152 2601 5207 Vide
2632 5170 2750 5225 qua:
2782 5148 3194 5209 observavimus
3220 5148 3257 5203 l.
3284 5162 3402 5216 XIV,
3427 5163 3475 5204 c.
3507 5148 3597 5218 53,

2004 5239 2057 5277 II.
2169 5267 2179 5277 .

2002 5239 2057 5277 II.
2093 5239 2179 5279 01.

2077 5297 2097 5330 ⁴
2137 5296 2216 5350 Ita
2246 5296 2547 5363 Bellovac.,
2571 5295 2766 5361 Laud,
2788 5294 2976 5349 Norm.
3010 5298 3063 5345 et
3092 5292 3186 5346 alii
3212 5311 3225 5361 ;
3248 5291 3423 5362 Editi,
3444 5293 3499 5348 in
3521 5295 3597 5350 al-

2007 5372 2133 5421 tum.

2076 5440 2095 5470 5
2128 5439 2158 5493 2
2181 5438 2349 5492 Laud.
2384 5438 2547 5492 aliam
2580 5436 2719 5491 hanc
2752 5436 2872 5492 lect.
2907 5443 3153 5504 annotat,
3180 5438 3523 5495 transierunt.

2077 5511 2098 5541 θ
2128 5511 2362 5575 (temet,
2397 5510 2604 5573 Germ,
2638 5508 2800 5562 Corb.
2827 5508 3010 5563 Germ.
3036 5516 3090 5562 et
3118 5509 3235 5579 alii,
3267 5517 3314 5565 et
3340 5511 3522 5566 mittet.

2076 5582 2093 5613 τ
2129 5579 2322 5647 I.aud.,
2356 5580 2516 5634 tiorb.
2554 5582 2735 5635 (Serm.
2771 5586 2822 5634 et
2854 5580 3064 5646 Nornr,
3088 5600 3259 5651 (τιμίω.

2077 5656 2095 5683 ⁸
2128 5652 2287 5707 Corb.
2325 5656 2533 5719 Germ,
2566 5653 2777 5722 Norm.,
2816 5654 2835 5708 l
2872 5652 3043 5708 Laud.
3070 5660 3121 5707 et
3140 5650 3595 5723 Germ.,abjecto

2001 5742 2119 5793 δίὉ,
2150 5723 2371 5791 habent,
2403 5723 2693 5795 aliquando
2723 5725 2907 5798 eligere
2931 5724 3173 5797 ponitur.
