4172 6184
493 264 556 320 71
1687 253 1938 310 SANCTI
1974 251 2313 310 GREGORII
2350 249 2581 308 MAGNI
3734 251 3801 309 72

491 384 584 441 tiae
613 401 725 442 sua
754 382 1124 441 illustrations
1149 379 1412 452 respexit.
1442 380 1523 437 De
1550 393 1660 453 qua
1685 377 1948 435 videlicet
1973 377 2089 435 ani-
2117 380 2172 441 Α
2203 376 2340 450 legis
2366 375 2536 434 verba
2561 381 2936 448 cognosceret,
2957 372 3053 432 sed
3081 371 3326 445 ejusdem
3339 371 3649 438 claritatem
3670 375 3805 449 legis

493 490 582 531 ma
615 475 634 510 ί
650 489 746 548 per
763 471 1086 546 prophetam
1106 467 1314 526 dicitur
1333 485 1349 524 :
1377 467 1438 526 Si
1454 466 1786 540 separaveris
1800 465 2094 540 pretiosum

491 583 530 621 a
551 563 668 630 vili,
697 561 851 634 quasi
869 578 927 617 os
943 575 1116 615 nisum
1135 558 1243 615 eris
1269 559 1494 628 (Jerem.
1516 574 1617 626 xv,
1642 557 1758 630 19).
1777 555 1922 613 Vilis
1936 555 2093 630 quip-

491 669 559 728 pe
598 655 712 710 Deo
750 656 834 707 est
879 647 1121 706 mundus
1170 634 1431 722 praesens,
1479 646 1718 721 pretiosa
1754 663 1886 703 vero
1932 645 1983 702 ei
2011 653 2095 702 est

489 739 675 798 anima
715 738 977 795 humana.
1018 737 1125 806 Qui
1163 754 1293 811 ergo
1319 737 1622 812 pretiosum
1649 753 1684 792 a
1718 735 1820 792 vili
1858 741 2092 808 separat,

489 828 644 905 quasi
674 845 736 887 os
761 827 989 886 Domini
1018 835 1270 898 vocatur,
1301 828 1432 902 quia
1457 844 1554 900 per
1596 843 1722 883 eum
1751 827 1899 883 Deus
1926 825 2095 881 verba

488 935 587 978 sua
612 917 810 988 exerit,
841 917 937 993 qui
970 917 1038 974 ab
1074 933 1262 976 amore
1289 915 1577 990 prasentis
1603 913 1790 972 saculi
1819 912 2094 987 loquendo

489 1009 514 1046 ³
558 1025 680 1083 qua
724 1014 926 1082 potest,
969 1006 1267 1064 humanam
1311 1006 1555 1064 animam
1595 1003 1803 1060 evellit.
1848 1003 1920 1058 Et
1966 1000 2097 1075 quia

488 1098 622 1158 novi
650 1099 987 1156 Testamenti
1007 1097 1262 1155 doctores
1275 1097 1345 1154 ad
1360 1097 1468 1155 hoc
1480 1111 1654 1170 usque
1671 1093 1922 1169 perducti
1941 1099 2093 1162 sunt,

490 1195 554 1245 ut
582 1189 830 1246 occultas
857 1204 1076 1262 quoque
1104 1187 1490 1261 allegoriamm
1529 1183 1792 1257 caligines
1829 1181 1888 1239 in
1921 1181 2095 1239 veteri

488 1276 836 1333 Testamento
863 1273 1156 1344 rimentur,
1187 1281 1332 1332 recte
1362 1272 1650 1331 subditur:

845 1381 1074 1440 CAPUT
1101 1381 1348 1438 XXXIX
1377 1381 1523 1455 meo.
1555 1379 1738 1453 XXI].

561 1469 731 1529 Vnus.
766 1471 853 1528 11.
883 1500 954 1512 —
977 1469 1258 1542 Profunda
1287 1486 1493 1542 quoque
1517 1468 1806 1541 ﬂuviorum
1827 1472 2097 1524 scrutatus

489 1565 584 1627 est,
615 1565 665 1616 et
680 1559 988 1616 abscondita
1009 1560 1272 1632 produxit
1297 1559 1356 1614 in
1385 1559 1568 1614 lucem.

559 1650 649 1708 60.
685 1651 829 1708 Deus
868 1649 1169 1706 docto-ribus
1197 1649 1365 1705 sacris
1385 1647 1667 1721 profunda
1706 1651 1755 1702 et
1790 1644 2098 1702 abscondita

2201 465 2526 523 omnimodo
2553 481 2667 522 non
2696 463 2929 522 videret.
2965 461 3121 521 Unde
3166 469 3312 520 recte
3341 471 3397 520 et
3421 481 3538 538 .per
3572 465 3802 523 Paulum

2201 555 2444 614 dicitur:
2482 558 2650 627 Usque
2675 553 2734 609 in
2782 553 3096 610 hodiernum
3131 553 3270 608 enim
3294 553 3434 610 diem
3467 570 3587 610 cum
3616 553 3807 626 legitur

2201 647 2426 718 Moyses,
2456 647 2690 702 velamen
2715 649 2792 699 est
2809 642 3043 716 positum
3061 659 3221 715 super
3243 659 3336 698 cor
3359 659 3543 700 eorum
3558 643 3657 715 (II
3674 644 3804 702 Cor.

2202 753 2290 805 III,
2327 736 2439 810 15).
2472 734 2578 794 Sed
2607 734 2739 809 quia
2764 732 2914 792 dicta
2935 732 3038 791 Dei
3066 733 3384 791 nullatenus
3412 733 3532 791 sine
3561 733 3681 806 ejus
3709 750 3808 792 sa-

2203 825 2411 900 pientia
2437 831 2793 900 penetrantur
2819 825 2848 896 (
2851 823 2961 881 nisi
2985 824 3135 881 enim
3164 823 3260 897 qui
3289 823 3546 896 spiritum
3573 823 3692 898 ejus
3719 842 3804 883 ac-

2201 913 2431 988 ceperit,
2478 912 2599 986 ejus
2636 913 2794 970 nullo
2836 911 3002 969 modo
3044 911 3211 968 verba
3237 913 3555 986 cognoscit),
3584 920 3807 988 sanctus

2202 1003 2293 1060 vir
2320 1003 2388 1060 de
2413 1001 2795 1076 investiganda
2822 1001 3011 1058 eadem
3039 999 3144 1058 Dei
3171 999 3441 1074 sapientia
3469 1001 3640 1060 verba
3665 1001 3806 1060 sub-

2197 1093 2406 1167 jungit,
2440 1093 2630 1150 dicens
2653 1110 2665 1148 :

2431 1199 2661 1258 CAPUT
2685 1201 2782 1257 XL
2813 1199 2951 1274 [Vet.
2984 1199 3184 1269 XXIV,
3211 1201 3330 1258 Rev.
3363 1198 3573 1274 XXII].

2277 1290 2449 1348 Vens.
2485 1291 2664 1349 12-15.
2713 1321 2784 1332 —
2833 1290 3105 1362 Sapientia
3145 1306 3267 1346 vero
3297 1289 3387 1346 ubi
3433 1290 3716 1359 invenitur,
3757 1297 3807 1348 et

2204 1381 2324 1454 quis
2351 1388 2426 1437 est
2454 1383 2594 1438 locus
2620 1381 2976 1454 intelligentia:
2993 1383 3022 1438 ἲ
3051 1379 3228 1438 Nescit
3244 1381 3398 1436 homo
3418 1382 3652 1454 pretium
3669 1381 3802 1452 ejus,

2203 1488 2295 1527 nec
2308 1471 2577 1527 invenitur
2595 1472 2652 1527 in
2667 1477 2814 1528 terra
2826 1471 3062 1528 suaviter
3082 1471 3384 1528 viventium.
3401 1471 3637 1545 Abgssus
3655 1472 3800 1528 dicit:

2205 1562 2328 1618 Non
2354 1561 2506 1617 estin
2531 1577 2632 1626 me,
2661 1567 2710 1616 et
2733 1578 2882 1618 mare
2904 1560 3160 1632 loquitur:
3191 1561 3313 1618 Non
3337 1566 3414 1616 est
3437 1578 3654 1618 mecum.
3685 1561 3808 1618 Non

2206 1651 2424 1708 dabitur
2448 1669 2646 1708 aurum
2661 1653 2915 1724 obrgzum
2927 1668 3032 1724 pro
3050 1669 3131 1721 ea,
3160 1667 3252 1707 nec
3270 1651 3597 1724 appendetur
3621 1668 3806 1724 argen-

491 1739 619 1811 legis
648 1757 711 1796 ac
732 1739 1120 1812 prophetarum
1156 1737 1428 1796 revelavit.
1459 1767 1532 1779 —
1559 1735 1706 1804 Quid
1741 1751 1978 1808 namque
2007 1733 2101 1791 hic
2127 1737 2174 1798 B
2211 1745 2321 1796 tum
2348 1740 2406 1795 in
2433 1741 2836 1797 commutatione
2857 1740 2990 1812 ejus.

491 1827 647 1885 aliud
675 1827 905 1884 ﬂumina
933 1828 1043 1886 nisi
1069 1836 1166 1885 aut
1192 1844 1432 1901 quorum
1452 1827 1678 1883 Patrum
1707 1824 1856 1882 dicta
1888 1840 2097 1881 nuncu-

490 1923 693 1988 pantur
712 1917 742 1972 ‘I
761 1915 898 1983 Quis
924 1915 1074 1972 enim
1103 1931 1330 1988 pensare
1357 1914 1596 1973 suﬂiciat
1615 1930 1779 1987 quam
1800 1912 2098 1969 vehemens

489 2003 716 2073 ﬂuvius,
759 2003 894 2060 dum
937 2003 1112 2077 legem
1159 2003 1440 2074 conderet,
1485 2005 1508 2039 ³
1555 2019 1626 2060 ex
1671 2008 1890 2076 pectore
1917 1997 2121 2079 Moysi

488 2092 707 2166 erupit;
737 2109 903 2166 quam
935 2092 1236 2149 vehemens
1262 2092 1468 2150 ﬂuvius
1509 2107 1580 2148 ex
1605 2090 1782 2148 David
1813 2089 1976 2148 corde
2005 2088 2098 2146 de-

489 2181 680 2249 ﬂuxit;
716 2191 923 2256 quanta
954 2199 988 2238 a
1022 2182 1335 2240 Salomonis
1364 2198 1458 2238 ore
1484 2189 1650 2255 atque
1677 2180 1927 2238 omnium
1959 2196 2098 2252 pro-

489 2269 786 2342 phetarum
801 2270 1098 2326 ﬂuminum
1113 2271 1318 2326 ﬂuenta
1334 2271 1659 2326 manarunt?
1671 2269 1776 2327 Sed
1786 2269 1986 2326 horum
1997 2268 2096 2325 ﬂu~

489 2358 708 2414 minum
739 2359 927 2414 Judaa
964 2359 1200 2430 speciem
1230 2361 1433 2428 tenuit,
1463 2359 1597 2416 dum
1627 2359 1823 2415 littera
1854 2359 2100 2431 superﬁ-

490 2445 631 2504 ciem
683 2463 930 2514 servans,
978 2461 1171 2502 eorum
1217 2445 1492 2518 profunda
1532 2447 1790 2502 nescivit.
1826 2449 1938 2502 Nos
1967 2463 2099 2502 vero

491 2535 587 2608 qui
608 2535 867 2592 veniente
895 2534 1134 2592 Domino
1162 2533 1221 2590 in
1249 2533 1330 2590 eis
1357 2533 1576 2590 interna
1605 2531 1876 2606 spiritalia
1903 2533 2100 2606 quari-

490 2639 637 2691 mus,
665 2639 857 2679 eorum
889 2621 1165 2695 profunda
1185 2622 1477 2679 rimamur.
1509 2622 1800 2695 Quodipse
1827 2622 2101 2680 Dominus

490 2713 668 2770 facere
697 2712 926 2782 dicitur,
953 2714 1082 2786 quia
1110 2713 1170 2770 id
1197 2730 1300 2770 nos
1326 2730 1483 2788 agere
1511 2713 1631 2786 ipso
1669 2713 1908 2770 donante
1949 2730 2100 2786 pra-

492 2800 761 2858 valemus.
791 2801 895 2858 Per
919 2817 1022 2860 nos
1050 2819 1179 2876 ergo
1199 2801 1294 2876 qui
1316 2819 1428 2859 non
1461 2801 1702 2858 litteram
1730 2818 1850 2875 qua
1870 2801 2097 2870 occidit,

493 2889 588 2948 sed
616 2890 876 2964 spiritum
893 2891 988 2965 qui
1017 2892 1265 2951 viviﬁcat
1281 2892 1588 2966 sequimur,
1617 2891 1890 2966 profunda
1904 2891 2100 2949 ﬂuvio-

490 2995 616 3036 rum
646 2981 920 3038 Dominus
946 2989 1243 3052 scrutatur,
1269 2989 1324 3039 et
1341 2981 1664 3039 abscondita
1691 2981 1750 3038 in
1772 2981 1947 3038 lucem
1979 2997 2100 3054 pro-

491 3068 667 3138 ducit,
697 3069 828 3144 quia
845 3069 996 3128 dicta
1023 3071 1178 3145 legis,
1196 3088 1319 3146 qua
1339 3071 1642 3144 caliginosa
1669 3069 1840 3126 nimis
1867 3068 2100 3126 historia

491 3158 772 3227 obscurat,
817 3174 967 3215 nunc
994 3159 1272 3232 expositio
1302 3159 1568 3233 spiritalis
1611 3159 1912 3216 illuminat.
1945 3157 2098 3215 Unde

491 3255 547 3305 et
578 3249 810 3322 loquens
837 3245 896 3304 in
924 3247 1203 3321 parabolis
1229 3266 1327 3323 per
1353 3248 1716 3322 Evangelium
1747 3247 1962 3306 Veritas
2001 3247 2101 3304 di-

490 3333 722 3409 scipulis
747 3336 1029 3410 pracepit,
1050 3336 1242 3395 dicens
1264 3355 1276 3394 :
1306 3339 1460 3407 Quod
1477 3338 1592 3394 dico
1610 3337 1755 3394 vobis
1782 3337 1838 3392 in
1855 3336 2096 3406 tenebris,

491 3426 646 3484 dicite
682 3426 739 3482 in
773 3427 1003 3491 lumine;
1030 3434 1079 3483 et
1117 3428 1261 3500 quod
1294 3428 1356 3484 in
1385 3444 1518 3485 aure
1557 3427 1778 3493 auditis,
1814 3426 2100 3499 pra-dicate
2134 3478 2142 3484 .

492 3532 652 3588 super
681 3521 809 3572 tecta
841 3516 1055 3590 (Matth.
1081 3533 1142 3585 x,
1163 3517 1281 3588 27).
1305 3518 1327 3552 ‘
1343 3517 1546 3589 Aperte
1573 3531 1811 3590 namque
1839 3515 1988 3573 dicta
2006 3531 2100 3571 ex-

493 3606 818 3679 ponentium
848 3606 1098 3663 fecerunt
1125 3605 1290 3663 nobis
1316 3623 1434 3664 esse
1469 3606 1586 3680 jam
1613 3605 1938 3678 conspicuas
1964 3621 2100 3660 sen-

491 3694 695 3752 tentias
733 3694 1090 3768 antiquorum
1139 3695 1384 3753 Patrum.
1427 3695 1582 3754 Unde
1623 3695 1791 3752 Isaias
1835 3694 2101 3769 propheta

493 3785 658 3858 plana
674 3791 878 3843 sancta
893 3783 1156 3843 Ecclesia
1172 3785 1538 3860 expositionis
1551 3785 1718 3842 verba
1732 3785 2098 3858 conspiciens,

491 3882 548 3932 et
592 3892 706 3933 non
747 3875 1137 3948 allegoriarum
1176 3876 1422 3933 tenebris
1465 3875 1720 3945 obscura,
1769 3873 2101 3933 exclamavit

491 3962 682 4020 dicens
700 3981 712 4019 :
733 3965 903 4020 Locus
911 3964 1199 4034 ﬂuviorum
1225 3964 1336 4019 rivi
1356 3965 1602 4021 latissimi
1627 3971 1675 4020 et
1687 3970 1922 4036 patentes
1941 3963 2096 4036 (Isai.

492 4066 700 4118 XXXIII,
729 4051 846 4122 21).
879 4051 1218 4108 Testamenti
1245 4052 1395 4110 enim
1424 4053 1628 4111 veteris
1646 4053 1795 4110 dicta
1822 4051 1978 4126 quasi
2006 4069 2102 4108 an-

492 4137 638 4211 gusti
684 4144 740 4193 et
777 4138 954 4195 clausi
1001 4138 1110 4194 rivi
1165 4140 1404 4212 fuerant,
1453 4142 1548 4217 qui
1603 4142 1901 4199 immensas
1953 4145 2103 4204 584

493 4233 741 4292 scientia
796 4251 909 4292 sua
963 4235 1265 4296 sententias
1331 4240 1656 4298 collectione
1711 4237 2101 4296 obscurissima

493 4323 968 4398 constringehnt.
999 4328 1074 4384 At
1099 4336 1294 4387 contra
1329 4329 1585 4390 doctrina
1611 4337 1812 4388 sancta
1840 4327 2100 4386 Ecclesia

493 4412 603 4471 rivi
637 4421 692 4471 et
720 4415 821 4472 lati
847 4423 902 4472 et
930 4425 1180 4491 patentes
1207 4428 1358 4490 sunt,
1391 4419 1520 4494 quia
1545 4419 1665 4494 ejus
1692 4420 1839 4478 dicta
1866 4427 1921 4477 et
1948 4418 2100 4476 inve-

494 4501 781 4562 nientibus
800 4507 975 4564 multa
994 4516 1125 4565 sunt
1141 4516 1196 4566 et
1225 4509 1601 4584 quaerentibus
1614 4511 1796 4584 plana.
1820 4509 1916 4566 Ait
1930 4525 2058 4582 ergo
2082 4527 2096 4566 :

493 4591 778 4664 Profunda
804 4597 1093 4667 fluviorum
1124 4607 1390 4657 scrutatus
1418 4607 1514 4667 est,
1557 4607 1604 4656 et
1629 4600 1932 4658 abscondita
1956 4617 2100 4672 pro-

493 4683 651 4765 duegit
676 4684 736 4740 in
765 4687 948 4743 lucem.
981 4687 1122 4756 Quia
1150 4689 1282 4746 dum
1313 4691 1429 4747 suis
1457 4691 1866 4763 expositoribus
1894 4690 2099 4746 intelli-

493 4774 691 4848 gentia
731 4775 990 4849 spiritum
1039 4777 1267 4850 infudit,
1299 4781 1558 4854 antiquas
1585 4783 1607 4818 ⁵
1647 4781 2097 4855 proph‘etantium

493 4865 854 4924 obscuritates
880 4867 1116 4941 aperuit.
1147 4870 1222 4925 Et
1242 4868 1349 4927 hoc
1369 4869 1486 4940 jam
1515 4878 1703 4927 sancta
1729 4869 1976 4930 Ecclesia
2002 4886 2100 4942 per

493 4953 748 5024 spiritum
776 4956 1046 5030 agnoscit,
1077 4957 1226 5030 quod
1253 4958 1540 5030 Synagoga
1560 4958 1713 5030 prius
1741 4975 1838 5032 per
1857 4959 2098 5016 litteram

495 5041 798 5116 intelligere
827 5046 1059 5103 omnino
1087 5061 1201 5102 non
1231 5045 1426 5102 valuit.
1461 5045 1615 5103 Unde
1643 5055 1699 5102 et
1725 5048 1942 5120 Moyses
1969 5065 2097 5104 cum

496 5132 699 5204 populo
720 5135 1039 5208 loqueretur
1056 5135 1260 5209 (Exod.
1279 5151 1480 5205 xxxrv,
1503 5135 1622 5208 33),
1639 5136 1836 5193 faciem
1857 5137 2095 5207 velabat,

496 5227 560 5277 ut
586 5219 846 5281 videlicet
872 5224 1186 5298 designaret
1216 5223 1364 5300 quod
1392 5223 1486 5281 ille
1513 5223 1830 5282 Judaorum
1859 5227 2098 5298 populus

498 5420 834 5549 digufiermu
858 5420 971 5482 duo
1001 5421 1202 5494 Laud.,
1220 5425 1412 5484 Norm.
1445 5433 1500 5484 et
1525 5423 1644 5494 alii,
1663 5443 1764 5500 per
1786 5425 2102 5538 prophetam

569 5567 594 5637 ξ
621 5565 656 5622 2
685 5563 882 5637 Laud,
913 5581 1076 5637 quam
1097 5572 1267 5636 potest
1293 5568 1580 5627 humanam
1605 5570 1862 5626 animam.

571 5636 592 5714 ξ
627 5637 664 5714 1.
685 5633 882 5714 LaudL,
911 5633 978 5693 ex
1000 5633 1207 5714 peclpre
1233 5638 1406 5714 Moysi
1431 5642 1732 5714 oreerupit.

574 5707 596 5742 ⁴
624 5707 787 5767 Corb.
837 5707 1049 5779 Germ},
1093 5707 1400 5780 Beccensis,
1449 5712 1592 5770 Utic.
1630 5707 1702 5770 ὀι
1742 5712 1863 5782 alii,
1913 5717 2104 5787 aperta

2276 1830 2366 1887 61.
2395 1829 2679 1901 Sapientia
2691 1829 2791 1886 Dei
2806 1831 2947 1886 locus
2965 1836 3016 1886 et
3024 1829 3258 1903 pretium
3275 1829 3544 1902 assignari
3564 1847 3672 1887 non
3684 1846 3805 1902 pos-

2205 1923 2347 1975 sunt.
2378 1948 2450 1960 —
2476 1919 2791 1976 Notandum
2824 1919 2978 1991 prius
3003 1927 3089 1974 est
3118 1917 3268 1992 quod
3295 1919 3408 1976 duo
3435 1921 3458 1956 ⁵
3486 1919 3593 1977 sibi
3612 1936 3807 1993 propo-

2203 2005 2336 2076 suit,
2366 2014 2422 2064 et
2439 2006 2552 2065 duo
2569 2006 2758 2065 subdit
2774 2006 3173 2080 respondendo.
3195 2007 3282 2064 Ad
3319 2007 3378 2064 id
3398 2025 3635 2083 namque
3659 2007 3807 2082 quod

2205 2095 2458 2171 superius
2485 2095 2662 2154 dixit:
2707 2096 2980 2170 Sapientia
3019 2113 3144 2152 vero
3173 2095 3263 2152 ubi
3297 2095 3586 2165 invenitur,
3614 2103 3663 2153 et
3689 2097 3810 2169 quis

2204 2192 2280 2242 est
2309 2188 2451 2242 locus
2476 2185 2834 2258 intelligentia:
2851 2189 2878 2244 ἵ
2898 2187 3010 2244 Isto
3029 2201 3195 2244 versu
3223 2185 3541 2258 respondit:
3573 2185 3809 2258 Abyssus

2205 2276 2362 2331 dicit:
2401 2277 2524 2334 Non
2551 2281 2626 2332 est
2664 2276 2723 2331 in
2749 2292 2850 2345 me,
2880 2281 2930 2332 et
2958 2292 3102 2331 mare
3144 2275 3382 2346 loquitur
3410 2293 3429 2330 :
3457 2275 3579 2334 Non
3605 2280 3680 2331 est
3704 2292 3806 2330 me-

2207 2381 2341 2420 cum.
2374 2363 2464 2420 Ad
2491 2363 2551 2422 id
2578 2381 2711 2420 vero
2738 2363 2888 2438 quod
2917 2363 3166 2421 dixerat:
3199 2363 3375 2422 Nescit
3399 2365 3552 2420 homo
3574 2364 3807 2436 pretium

2207 2452 2343 2521 ejus,
2372 2469 2463 2507 nec
2484 2452 2750 2510 invenitur
2770 2453 2828 2508 in
2847 2459 2992 2510 terra
3009 2452 3243 2508 suaviter
3256 2453 3562 2522 viventium,
3584 2451 3807 2509 inferio-

2207 2554 2324 2595 rem
2381 2555 2602 2596 versum
2654 2541 2918 2609 reddidit,
2967 2541 3192 2598 dicens:
3252 2543 3372 2599 Non
3426 2541 3642 2598 dabitur
3693 2558 3808 2597 au-

2207 2644 2331 2682 rum
2377 2627 2632 2700 obrgzum
2665 2646 2771 2700 pro
2817 2646 2900 2694 ea,
2945 2645 3036 2684 nec
3080 2629 3408 2700 appendetur
3452 2635 3726 2700 argentum
3751 2628 3809 2684 in

2206 2716 2608 2772 commutatione
2651 2715 2787 2786 ejus.
2831 2715 2919 2772 Ad
2954 2723 3186 2788 utraque
3213 2732 3342 2788 ergo
3378 2715 3684 2788 respondit,
3712 2715 3808 2773 sed

2206 2803 2457 2878 augendo
2485 2803 2633 2878 quod
2661 2802 2956 2876 objecerat,
2988 2820 3101 2860 non
3127 2803 3412 2860 solvendo.
3439 2803 3578 2863 Cum
3598 2804 3807 2877 sapien-

2207 2893 2300 2950 tiae
2328 2909 2565 2968 namque
2593 2893 2776 2950 locum
2809 2900 3096 2966 quareret,
3127 2907 3191 2948 ac
3229 2891 3428 2948 deinde
3465 2891 3700 2950 inferius
3726 2910 3806 2950 re-

2207 2982 2530 3056 sponderet:
2563 2981 2796 3054 Abyssus
2823 2981 2986 3038 dicit:
3035 2981 3158 3040 Non
3194 2987 3270 3036 est
3313 2981 3372 3036 in
3409 2998 3510 3050 me,
3558 2997 3669 3038 non
3709 2979 3807 3036 ubi

2207 3080 2370 3141 esset,
2412 3071 2508 3128 sed
2550 3070 2646 3128 ubi
2686 3087 2799 3128 non
2836 3078 2977 3128 esset
3015 3069 3304 3128 indicavit.
3349 3072 3557 3129 Rursus
3583 3087 3710 3128 cum
3739 3069 3808 3127 ab

2211 3159 2435 3218 homine
2464 3157 2583 3232 ejus
2610 3160 2851 3233 pretium
2880 3159 3089 3218 diceret
3116 3158 3380 3233 ignorari,
3419 3168 3583 3234 atque
3605 3159 3676 3217 ad
3702 3159 3810 3217 hoc

2208 3249 2442 3307 inferius
2479 3249 2730 3308 redderet
2753 3268 2766 3307 :
2799 3251 2922 3308 Non
2959 3250 3178 3306 dabitur
3203 3269 3401 3308 aurum
3427 3251 3683 3324 obryzum
3705 3267 3808 3323 pro

2208 3357 2291 3406 ea,
2321 3356 2433 3396 non
2461 3338 2597 3413 quid
2623 3347 2766 3396 esset
2792 3338 2913 3412 ejus
2949 3339 3210 3413 pretium,
3240 3340 3335 3398 sed
3365 3339 3500 3414 quid
3528 3357 3642 3398 non
3670 3347 3810 3397 esset

2208 3427 2469 3486 ostendit.
2501 3428 2729 3486 Cunctis
2754 3437 2938 3486 autem
2968 3429 3142 3504 liquet
3170 3429 3317 3503 quod
3359 3445 3536 3503 neque
3562 3428 3682 3486 hac
3710 3427 3811 3486 hu-

2208 3534 2372 3575 mana
2389 3517 2660 3590 sapientia
2679 3519 2768 3576 vel
2787 3518 2965 3576 teneri
2984 3520 3126 3588 loco,
3149 3519 3236 3575 vel
3252 3519 3360 3575 emi
3376 3517 3592 3576 divitiis
3609 3525 3807 3592 potest.

2208 3608 2315 3666 Sed
2344 3609 2432 3666 vir
2459 3617 2702 3676 sanctus,
2733 3609 2988 3682 mysticis
3014 3608 3264 3666 sensibus
3301 3609 3518 3681 plenus,
3547 3609 3568 3644 ⁷
3598 3607 3668 3666 ad
3703 3606 3811 3664 alia

2208 3713 2312 3754 nos
2361 3697 2722 3772 intelligenda
2769 3697 3118 3767 transmittit,
3167 3705 3229 3754 ut
3265 3713 3377 3754 non
3423 3704 3660 3755 creatam
3714 3694 3810 3753 sed

2209 3795 2486 3844 creantem
2514 3787 2840 3860 sapientiam
2869 3787 3230 3860 requiramus.
3259 3787 3398 3842 Nam
3419 3784 3527 3842 nisi
3548 3784 3608 3841 in
3627 3784 3811 3842 verbis

2209 3873 2332 3932 istis
2360 3875 2748 3947 allegoriamm
2795 3882 3003 3931 secreta
3042 3873 3330 3942 rimemur,
3367 3888 3430 3929 ea
3468 3872 3660 3946 utique
3687 3888 3808 3946 qua

2208 3969 2515 4036 sequuntur
2549 3962 2780 4020 omnino
2824 3968 2955 4018 sunt
2984 3961 3152 4034 digna
3183 3959 3466 4034 despectu,
3495 3960 3543 4018 si
3585 3977 3656 4017 ex
3693 3961 3812 4019 sola

2208 4050 2474 4109 historica
2500 4050 2817 4108 narratione
2848 4056 3164 4122 pensantur.
3195 4049 3365 4106 Paulo
3404 4057 3530 4123 post
3572 4065 3810 4124 namque

2207 4139 2346 4198 dicit
2369 4157 2381 4196 :
2413 4140 2534 4198 Non
2555 4139 2926 4212 adaquabitur
2947 4138 2995 4195 ei
3008 4156 3204 4196 aurum
3217 4140 3298 4196 vel
3316 4139 3536 4196 vitrum.
3559 4140 3632 4196 Et
3655 4155 3806 4208 cum,

2207 4229 2353 4288 sicut
2379 4229 2660 4298 novimus,
2690 4228 2899 4284 vitrum
2929 4227 3088 4301 longe
3115 4235 3278 4302 atque
3300 4227 3648 4286 dissimiliter
3673 4242 3810 4285 auro

2207 4320 2282 4377 sit
2310 4319 2498 4390 vilius,
2528 4335 2628 4376 cur
2647 4325 2771 4392 post
2783 4317 2903 4375 auri
2923 4334 3148 4389 nomen,
3169 4319 3378 4376 metalli
3399 4319 3591 4394 utique
3609 4315 3812 4392 pretio-

2206 4411 2276 4482 si,
2307 4428 2406 4486 pro
2422 4411 2692 4467 immensa
2705 4409 2864 4467 laude
2879 4409 3089 4466 vitrum
3119 4425 3337 4484 quoque
3362 4409 3510 4467 dixit
3527 4407 3809 4484 sapientia

2207 4517 2320 4558 non
2348 4499 2600 4573 aquari?
2627 4500 2749 4572 Ipsa
2785 4515 2914 4572 ergo
2944 4499 3142 4556 littera
3171 4498 3498 4557 difficultate
3527 4494 3808 4570 compelli-

2209 4607 2355 4660 mur,
2384 4597 2448 4646 ut
2470 4587 2540 4646 ad
2567 4588 2868 4646 sententias
2893 4588 3095 4646 horum
3125 4589 3418 4647 verborum
3439 4585 3701 4659 mysticae
3727 4582 3808 4639 vi-

2209 4682 2462 4755 gilemus.
2496 4679 2599 4739 Vir
2625 4680 2810 4754 itaque
2838 4688 3060 4738 sanctus
3098 4696 3262 4753 quam
3299 4675 3623 4749 sapientiam
3665 4690 3811 4732 con-

2207 4773 2526 4846 templatur,
2555 4773 2665 4828 nisi
2695 4788 2814 4828 eam
2846 4771 2913 4826 de
2942 4785 3048 4842 qua
3089 4769 3291 4824 Paulus
3324 4767 3604 4839 apostolus
3629 4765 3804 4824 dicit:

2212 4863 2484 4922 Christum
2510 4861 2607 4918 Dei
2645 4861 2912 4924 virtutem,
2941 4863 2990 4914 et
3032 4857 3129 4914 Dei
3153 4856 3466 4929 sapientiam
3509 4857 3575 4929 (Ι
3609 4855 3735 4915 Cor.
3764 4873 3807 4927 ι,

2207 4951 2308 5020 24)
2327 4951 2356 5007 7
2377 4953 2456 5006 De
2477 4965 2588 5022 qua
2607 4963 2705 5020 per
2723 4947 3072 5004 Salomonem
3089 4944 3356 5018 scriptum
3383 4951 3467 5002 est
3489 4962 3501 5000 :
3536 4945 3807 5018 Sapientia

2208 5038 2488 5111 wdiﬁcavit
2509 5038 2612 5093 sibi
2639 5037 2850 5093 domum
2883 5035 3069 5106 (Prov.
3111 5051 3194 5103 Ix,
3226 5035 3315 5109 1);
3347 5042 3402 5091 et
3427 5033 3495 5092 de
3523 5051 3631 5108 qua
3657 5033 3806 5091 Psal-

2209 5129 2372 5185 mista
2395 5127 2503 5183 ait:
2542 5126 2731 5184 Omnia
2761 5126 2817 5180 in
2843 5124 3106 5196 sapientia
3133 5122 3304 5194 fecisti
3335 5124 3509 5196 (Psal.
3538 5139 3660 5192 cm,
3687 5121 3804 5195 24).

2209 5217 2386 5290 Hujus
2409 5213 2676 5272 nimirum
2691 5218 2837 5278 585
2855 5212 3137 5286 sapientia
3157 5212 3325 5272 homo
3345 5211 3586 5286 pretium
3605 5209 3806 5280 nescit,

2209 5441 2520 5576 Μξηέξῖὶῃ.
2553 5501 2609 5550 et
2635 5495 2850 5576 Noun”
2877 5495 3277 5567 prophetarum.

2285 5569 2307 5602 ⁶
2335 5565 2602 5634 Vindoc.,
2641 5567 2746 5622 duo
2773 5565 2864 5622 ibi.

2283 5639 2304 5674 ⁷
2336 5637 2600 5706 Vindoc.,
2629 5638 2701 5694 ad
2727 5637 2896 5695 aliam
2922 5654 3016 5696 nos
3044 5636 3462 5710 intelligentiam.
