4172 6184
350 344 410 400 73
1119 339 1490 396 MORALIUM
1532 289 1664 398 DIB.
1697 338 1898 395 XVIII.
1937 367 2010 380 —
2045 337 2273 394 CAPUT
2311 337 2549 394 XXVIII
2589 339 2650 394 Β.
2694 339 2837 394 10B.
3556 346 3620 400 7’s

353 469 473 543 quia
506 463 626 522 nihil
653 461 883 536 dignum
911 461 1274 520 aestimatione
1320 463 1473 520 illius
1505 463 1740 520 invenit.
1786 465 1908 521 Non
1935 459 1986 524 Α
2015 461 2460 537 praecedentibus
2489 463 2702 520 meritis
2731 463 3044 534 redemptos
3071 481 3130 522 se
3158 483 3273 524 esse
3295 469 3620 540 gloriantur.

355 563 510 613 autem
551 553 645 609 hoc
687 550 968 624 sapientiae
1014 551 1248 624 pretium
1297 559 1352 608 et
1400 568 1516 608 esse
1559 551 1765 612 dicitur
1799 555 1814 588 ί
1855 561 1910 610 et

355 643 541 711 nesciri,
566 640 654 698 sed
700 641 908 699 idcirco
947 640 1173 709 nesciri,
1204 641 1334 714 quia
1371 641 1522 697 deest
1558 659 1569 696 :
1603 657 1668 698 eo
1693 642 1910 699 scilicet

351 731 571 807 loquendi
599 747 814 804 genere,
845 747 954 804 quo
985 730 1043 786 in
1063 730 1332 803 angustiis
1345 731 1577 804 quisque
1594 730 1910 803 deprehen—

343 841 436 891 sus,
462 839 575 880 cum
605 821 913 878 remedium
941 821 1324 878 subventionis
1347 838 1458 877 non
1483 821 1719 890 invenit,
1745 821 1908 880 fateri

341 913 456 968 solet
481 911 602 984 quia
627 911 766 984 quid
805 911 971 967 faciat
1004 912 1195 968 nescit.

393 1002 473 1059 62.
501 1001 719 1059 Nullius
745 1000 868 1055 boni
899 1000 1072 1072 operis
1104 1001 1292 1056 merito
1337 1001 1568 1056 debetur.
1611 1031 1683 1043 —
1729 1001 1908 1074 Hujus

335 1106 442 1162 ergo
480 1089 757 1162 sapientiai
803 1087 1038 1160 pretium
1099 1088 1330 1156 nescire,
1389 1096 1473 1144 est
1523 1089 1675 1161 digni
1729 1090 1908 1163 operis

334 1181 562 1236 meritum
601 1197 717 1254 quo
748 1179 898 1236 illam
933 1180 1198 1252 percipiat
1231 1197 1342 1236 non
1375 1179 1646 1236 invenire.
1681 1181 1769 1236 Ad
1801 1180 1908 1237 hoc

333 1286 541 1342 namque
581 1270 826 1342 pretium
869 1269 1086 1336 damus,
1145 1277 1206 1324 ut
1249 1267 1366 1340 ejus
1412 1269 1532 1325 vice
1578 1286 1694 1325 rem
1741 1286 1906 1342 quam

329 1364 608 1436 appetimus
649 1361 934 1436 possidere
965 1363 986 1397 ³
1034 1361 1346 1418 debeamus.
1398 1361 1544 1429 Quid
1585 1369 1768 1417 autem
1809 1378 1908 1416 nos

327 1451 556 1510 dedimus
575 1461 638 1509 ut
655 1452 801 1508 hanc
820 1451 1166 1524 sapientiam,
1197 1468 1316 1524 quae
1347 1450 1601 1508 Christus
1628 1457 1710 1506 est
1729 1451 1905 1520 (Rom.

327 1558 398 1610 xi,
411 1541 489 1613 6),
502 1543 784 1616 percipere
809 1541 1185 1598 mereremur?
1210 1541 1399 1597 Gratia
1419 1540 1622 1612 quippe
1639 1538 1908 1610 redempti

326 1651 515 1692 sumus.
549 1637 647 1693 Illa
680 1650 921 1708 namque
945 1634 1058 1691 sola
1085 1649 1251 1706 opera
1278 1633 1422 1688 male
1463 1630 1706 1686 vivendo
1743 1629 1909 1686 dedi-

330 1741 456 1794 mus,
477 1726 676 1800 quibus
704 1727 751 1782 si
765 1724 788 1797 j
796 1732 916 1782 usta
939 1723 1230 1780 retributio
1259 1729 1590 1789 servaretur,
1612 1736 1726 1776 non
1750 1717 1908 1777 Chri-

2017 555 2264 622 Quorum
2321 553 2568 626 profecto
2639 552 2871 610 assertio
2930 551 3213 612 invenitur
3267 555 3624 634 sibimetipsis

2015 641 2310 710 contraria,
2342 641 2472 716 quia
2510 642 2642 700 dum
2687 647 2742 698 et
2787 641 3110 700 innocentes
3158 657 3215 699 se
3259 656 3528 716 asserunt,
3572 657 3628 706 et

2016 732 2352 806 redemptos,
2401 731 2509 789 hoc
2557 732 2740 805 ipsum
2788 731 2848 788 in
2889 748 2948 789 se
2991 731 3388 806 redemptionis
3423 753 3625 796 nomen

2016 829 2310 880 evacuant.
2344 821 2538 878 Omnis
2567 838 2805 896 namque
2837 822 2933 896 qui
2963 821 3284 892 redimitur,
3314 840 3386 881 ex
3442 825 3627 899 aliqua

2016 911 2208 982 procul
2238 909 2410 966 dubio
2437 910 2763 983 captivitate
2805 911 3092 969 liberatur.
3125 911 3282 970 Unde
3309 928 3437 986 ergo
3465 913 3626 987 quili-

2015 999 2108 1056 bet
2143 999 2249 1055 iste
2278 999 2596 1072 redemptus
2622 1007 2728 1069 est,
2760 1000 2808 1056 si
2857 999 3012 1072 prius
3039 1017 3152 1058 non
3201 1001 3308 1059 fuit
3337 1002 3439 1060 sub
3468 1005 3630 1077 culpa

2015 1087 2312 1158 captivus?
2339 1087 2540 1160 Liquet
2571 1087 2755 1162 itaque
2803 1089 2928 1162 quia
2962 1092 3200 1147 multum
3235 1091 3438 1164 desipit
3466 1092 3630 1166 quis-

2016 1178 2140 1250 quis
2169 1177 2287 1234 hazc
2330 1178 2490 1250 sapit.
2533 1179 2799 1236 Hominis
2845 1180 3046 1254 quippe
3089 1181 3347 1237 meritum
3393 1200 3629 1256 superna

2017 1273 2188 1346 gratia
2210 1289 2320 1328 non
2349 1280 2412 1328 ut
2440 1272 2626 1328 veniat
2671 1273 2908 1342 invenit,
2940 1273 3035 1329 sed
3067 1282 3356 1346 postquam
3389 1275 3624 1346 venerit,

2017 1363 2178 1429 facit;
2213 1370 2375 1435 atque
2408 1369 2462 1416 et
2490 1361 2559 1418 ad
2590 1360 2873 1434 indignam
2907 1370 3150 1418 mentem
3198 1363 3428 1420 veniens
3456 1367 3626 1434 Deus,

2017 1459 2236 1530 dignam
2269 1457 2414 1514 586
2443 1460 2549 1516 sibi
2579 1459 2809 1516 exhibet
2846 1457 3168 1526 veniendo;
3219 1466 3271 1514 et
3299 1460 3432 1517 facit
3460 1463 3519 1518 in
3567 1479 3627 1518 ea

2016 1547 2276 1604 meritum
2308 1549 2456 1622 quod
2486 1557 2819 1617 remuneret,
2852 1548 2947 1622 qui
2978 1547 3087 1606 hoc
3132 1548 3312 1606 solum
3342 1547 3629 1606 invenerat

2017 1639 2166 1711 quod
2190 1639 2435 1712 puniret.

328 1822 450 1884 stus,
477 1817 571 1873 sed
599 1816 869 1889 supplicia
894 1813 1270 1871 redderentur.
1294 1811 1400 1869 Sed
1426 1809 1581 1867 aliud
1609 1809 1778 1866 homo
1807 1825 1904 1882 Per
1933 1824 1982 1886 B
2015 1850 2026 1860 -
2092 1818 2236 1892 [Rec.
2269 1819 2465 1876 XXIII
2468 1817 2508 1892 .]
2553 1819 2640 1875 64.
2675 1819 3170 1875 Prcedestinationis
3196 1820 3446 1892 gratuita:
3461 1839 3628 1878 excin-

319 1901 583 1984 justitiam
612 1907 832 1974 meruit,
865 1903 1016 1960 aliud
1051 1919 1147 1977 per
1173 1903 1403 1976 gratiam
1433 1899 1662 1972 accepit.
1689 1901 1711 1935 ³
1735 1899 1915 1955 Teste-

321 2000 412 2048 tur
453 1995 670 2062 Paulus,
715 1994 1033 2068 priusquam
1063 2008 1218 2048 mens
1245 1991 1398 2048 illius
1425 2005 1612 2047 semen
1659 1988 1915 2061 gratuitae

324 2083 563 2140 veritatis
589 2085 876 2156 acciperet,
903 2082 1104 2156 quibus
1131 2081 1384 2138 sensibus
1407 2085 1750 2152 premeretur
1763 2095 1913 2134 erro-

323 2171 419 2228 ris:
455 2173 558 2240 Qui
579 2175 760 2246 prius,
792 2173 996 2246 inquit,
1027 2171 1112 2242 fui
1137 2171 1487 2242 blasphemus,
1513 2175 1562 2224 et
1585 2174 1914 2240 persecutor,

320 2266 364 2313 et
385 2263 822 2327 contumeliosus;
850 2263 937 2317 sed
975 2260 1395 2332 misericordiam
1431 2265 1729 2314 consecutus
1775 2273 1913 2323 sum,

317 2350 432 2420 quia
451 2352 708 2423 ignorans
735 2351 838 2423 feci
864 2353 919 2406 in
944 2350 1312 2407 incredulitate
1337 2350 1394 2419 (Ι
1411 2349 1544 2406 Tim.
1578 2365 1618 2416 ι,
1655 2347 1766 2416 13).
1791 2346 1917 2401 Tes-

317 2445 454 2494 tetur
505 2457 611 2513 pro
653 2439 910 2514 qualibus
949 2439 1204 2496 Christus
1263 2437 1402 2494 mori
1452 2437 1710 2508 dignatus
1759 2441 1841 2490 est
1896 2451 1909 2489 :

317 2529 441 2584 Cum
459 2531 666 2596 adhuc,
689 2530 894 2602 inquit,
909 2535 1200 2600 peccatores
1211 2543 1456 2593 essemus,
1481 2526 1763 2579 secundum
1785 2529 1919 2576 tem—

307 2632 401 2686 pus
435 2619 692 2673 Christus
718 2634 819 2686 pro
845 2617 1024 2686 impiis
1045 2621 1290 2668 mortuus
1313 2620 1387 2668 est
1417 2613 1588 2682 (Rom.
1623 2629 1678 2678 ν,
1700 2611 1776 2680 8).
1812 2611 1916 2677 Qui

309 2722 432 2778 ergo
467 2704 734 2760 veniente
773 2702 1039 2774 sapientia
1065 2699 1224 2772 impii
1268 2699 1478 2754 inventi
1515 2715 1725 2766 sumus,
1781 2699 1916 2772 quid

313 2793 432 2850 boni
463 2792 658 2865 operis
685 2791 957 2858 dedimus,
989 2806 1099 2862 quo
1141 2787 1386 2860 accipere
1414 2787 1656 2843 eamdem
1687 2788 1913 2860 sapien-

317 2883 438 2938 tiam
467 2896 814 2938 mereremur
833 2881 862 2936 Τ
885 2879 1060 2952 Hujus
1088 2878 1274 2950 itaque
1297 2877 1581 2949 sapientiae
1614 2877 1910 2949 homopre-

319 2972 444 3028 tium
468 2970 674 3038 nescit,
699 2969 828 3042 quia
852 2967 1103 3042 quisquis
1130 2983 1162 3021 a
1188 2966 1369 3022 brutis
1387 2965 1721 3022 animalibus
1747 2966 1911 3022 ratio-

319 3061 396 3118 nis
445 3061 740 3118 intellectu
787 3059 1060 3116 discretus
1112 3066 1214 3128 est,
1268 3057 1532 3132 quoniam
1589 3058 1736 3132 quod
1796 3058 1912 3114 suis

2019 1909 2172 1980 piunt
2199 1907 2257 1962 in
2288 1909 2495 1963 latrone
2521 1909 2749 1963 salutem
2777 1909 3329 1965 consectam—Libet
3349 1908 3494 1966 inter
3513 1910 3632 1966 haec

2025 1995 2226 2053 mentis
2253 1997 2442 2052 oculos
2471 1995 2540 2052 ad
2569 1996 2730 2052 illum
2771 1998 3041 2053 latronem
3072 1996 3353 2067 reducere,
3387 1999 3409 2034 ⁸
3437 1998 3533 2071 qui
3562 1997 3630 2055 de

2024 2084 2180 2142 fauce
2209 2083 2417 2141 diaboli
2445 2085 2692 2142 ascendit
2731 2102 2972 2155 crucem,
3003 2085 3069 2142 de
3099 2102 3261 2144 cruce
3290 2085 3626 2158 paradisum.

2024 2174 2344 2228 Intueamur
2357 2173 2535 2246 qualis
2564 2173 2632 2230 ad
2648 2174 2960 2246 patibulum
3001 2175 3240 2244 venerit,
3260 2183 3315 2232 et
3335 2192 3366 2232 a
3381 2175 3630 2248 patibulo

2025 2261 2204 2334 qualis
2230 2261 2510 2319 abscessit.
2534 2263 2706 2320 Venit
2735 2279 2858 2320 reus
2890 2265 3135 2320 fraterno
3165 2251 3454 2336 sanguine,
3477 2263 3631 2320 venit

2024 2357 2306 2419 cruentus,
2340 2350 2438 2408 sed
2484 2352 2703 2408 interna
2746 2351 2918 2425 gratia
2946 2360 3029 2410 est
3068 2361 3312 2408 mutatus
3341 2352 3400 2408 in
3428 2369 3626 2420 cruce;

2023 2447 2078 2494 et
2103 2439 2196 2494 ille
2225 2439 2322 2512 qui
2352 2449 2587 2496 mortem
2635 2441 2796 2496 fratri
2845 2440 3058 2508 intulit,
3089 2439 3378 2496 morientis
3405 2440 3628 2498 Domini

2023 2531 2196 2585 vitam
2228 2529 2569 2602 prmdicavit,
2601 2530 2791 2586 dicens
2827 2548 2839 2586 ξ
2875 2533 3129 2590 Memento
3180 2531 3302 2597 mei,
3333 2533 3354 2566 θ
3385 2531 3628 2599 Domine,

2023 2619 2149 2674 dum
2176 2619 2381 2674 veneris
2407 2619 2465 2673 in
2508 2636 2731 2692 regnum
2781 2625 2928 2674 tuum
2960 2620 3110 2692 (Luc.
3142 2636 3308 2688 xxm,
3338 2619 3454 2693 42).
3493 2622 3539 2655 ¹⁰
3567 2621 3630 2676 In

2022 2723 2183 2764 cruce
2201 2707 2345 2764 clavi
2377 2725 2572 2765 manus
2587 2707 2707 2781 ejus
2727 2709 3000 2782 pedesque
3023 2707 3346 2780 ligaverant,
3377 2706 3630 2780 nihilque

2023 2795 2080 2852 in
2109 2812 2174 2853 eo
2220 2814 2251 2852 a
2289 2797 2466 2870 ptenis
2523 2797 2756 2854 liberum
2787 2797 2895 2854 nisi
2925 2815 3020 2854 cor
3047 2804 3102 2852 et
3128 2796 3319 2869 lingua
3345 2813 3632 2852 remanse-

2021 2896 2164 2944 rant.
2214 2888 2520 2961 Inspirante
2553 2891 2666 2946 Deo
2697 2897 2876 2945 totum
2908 2889 2993 2943 illi
3028 2887 3264 2956 obtulit,
3297 2887 3446 2960 quod
3473 2886 3531 2942 in
3575 2905 3632 2942 se

2022 2977 2258 3034 liberum
2289 2977 2532 3046 invenit,
2581 2985 2644 3034 ut
2679 2977 2842 3048 juxta
2873 2977 2979 3033 hoc
3007 2975 3154 3048 quod
3193 2975 3460 3048 scriptum
3501 2984 3580 3032 est
3615 2994 3625 3030 :

2024 3066 2194 3122 Corde
2225 3067 2456 3121 crederet
2485 3067 2557 3122 ad
2574 3066 2866 3137 justitiam,
2892 3081 2983 3121 ore
3009 3065 3344 3136 conﬁteretur
3372 3065 3443 3120 ad
3472 3066 3632 3120 salu-
3655 3093 3668 3100 —

322 3149 520 3246 meritis
553 3167 670 3206 non
701 3147 776 3204 sit
817 3149 1058 3246 salvatus
1097 3146 1378 3246 intelligit,
1425 3147 1569 3203 nihil
1597 3164 1654 3246 se
1695 3146 1909 3246 dedisse
1945 3182 1990 3242 ρ
2023 3160 2121 3210 lem
2171 3157 2344 3228 (Rom.
2395 3173 2454 3224 ιι,
2501 3155 2613 3228 10).
2661 3156 2722 3212 In
2769 3155 2940 3212 corde
2986 3162 3172 3211 autem
3218 3152 3467 3210 ﬁdelium
3522 3161 3632 3210 tres

321 3238 438 3295 boni
491 3239 678 3312 operis
717 3245 780 3310 ut
828 3237 898 3294 ad
937 3237 1102 3293 ﬁdem
1155 3236 1368 3293 veniret
1425 3237 1692 3308 agnoscit.
1743 3236 1908 3304 Quasi

317 3329 459 3384 enim
511 3329 580 3384 ad
636 3327 1044 3400 percipiendam
1101 3326 1423 3400 sapientiam
1481 3327 1718 3400 pretium
1781 3326 1910 3382 dare

319 3425 394 3473 est
436 3418 878 3490 cognoscendum
925 3421 1101 3475 Deum
1152 3419 1172 3454 ‘
1227 3417 1463 3476 actionis
1510 3436 1622 3476 suae
1663 3418 1911 3476 mercede

319 3508 636 3578 prievenire.

384 3598 476 3652 63.
506 3599 698 3654 Gratia.
725 3600 888 3670 gratis
914 3599 1098 3664 datur,
1114 3615 1220 3653 non
1247 3615 1312 3654 ea:
1337 3600 1780 3656 meritis—Non
1797 3614 1912 3654 esse

319 3683 492 3757 hujus
527 3685 804 3757 sapientiae
843 3687 1074 3758 pretium
1120 3696 1472 3760 cognoverat,
1523 3687 1620 3760 qui
1648 3688 1863 3744 dicebat
1897 3705 1908 3742 :

320 3776 340 3808 ⁵
378 3774 512 3841 Quis
531 3775 689 3846 prior
699 3776 840 3830 tledtt
861 3776 962 3846 illi,
973 3783 1024 3832 et
1047 3776 1368 3832 retribuetur
1382 3777 1429 3830 ei
1445 3779 1474 3832 ?
1497 3778 1674 3848 (Rom.
1696 3793 1778 3843 ιιι,
1795 3775 1910 3849 35.)

323 3861 464 3917 Hinc
491 3863 690 3921 iterum
721 3864 984 3938 scriptum
1013 3873 1095 3922 est
1124 3883 1134 3920 :
1171 3866 1204 3900 θ
1227 3865 1417 3920 Gratia
1460 3864 1600 3920 salvi
1633 3863 1766 3935 facti
1793 3865 1914 3920 estis

319 3968 410 4020 per
422 3953 596 4023 ﬁdem,
626 3961 674 4009 et
693 3955 788 4010 hoc
804 3972 912 4009 non
936 3972 1002 4010 ex
1029 3955 1194 4020 vobis,
1225 3954 1314 4009 sed
1335 3953 1438 4010 Dei
1463 3955 1660 4010 donum
1679 3961 1790 4021 est;
1808 3972 1914 4010 non

321 4062 382 4098 ea
405 4045 666 4117 operibus,
697 4053 757 4102 ut
781 4063 846 4102 ne
871 4046 989 4118 quis
1007 4046 1269 4118 glorietur
1307 4045 1526 4117 (Ephes.
1560 4063 1623 4113 ιι,
1653 4045 1734 4117 8).
1772 4045 1915 4101 Hinc

323 4133 384 4188 de
410 4137 700 4216 semetipso
729 4136 932 4193 iterum
971 4136 1240 4209 loquitur,
1269 4134 1460 4192 dicens
1504 4152 1516 4191 :
1575 4136 1768 4192 Gratia
1816 4134 1916 4191 Dei

323 4239 432 4278 sum
455 4224 508 4279 id
534 4227 678 4296 quod
701 4243 819 4281 sum
846 4227 911 4297 (Ι
939 4226 1063 4283 Cor.
1096 4241 1194 4292 xv,
1223 4223 1432 4298 IO).Ex
1465 4222 1624 4295 cujus
1649 4223 1916 4281 nimirum

237 4379 246 4391 '
324 4313 650 4384 aspiratione
679 4315 890 4386 gratiae,
921 4315 1051 4388 quia
1078 4314 1350 4370 virtutum
1380 4328 1546 4384 opera
1571 4313 1829 4384 protinus
1855 4312 1914 4368 in

2019 3260 2364 3316 summopere
2395 3261 2615 3301 manere
2643 3244 2880 3302 virtutes
2908 3251 3144 3300 testatur
3180 3244 3501 3316 Apostolus,
3533 3242 3631 3299 di—

2019 3349 2148 3390 cens
2175 3352 2186 3388 :
2221 3336 2373 3393 Nunc
2392 3342 2566 3391 autem
2592 3341 2806 3391 mnent
2833 3335 2983 3406 ﬁdes,
3015 3351 3151 3405 spes,
3173 3316 3413 3389 charitas
3421 3333 3486 3404 (Ι
3502 3335 3626 3390 Cor.

2019 3440 2144 3492 xui,
2178 3423 2289 3494 13).
2337 3425 2481 3493 Quas
2525 3433 2752 3482 cunctas
2807 3424 2992 3480 subita
3047 3423 3288 3494 repletus
3341 3419 3514 3494 gratia
3577 3428 3624 3474 el

2019 3513 2227 3584 accepit
2269 3513 2429 3583 latro,
2459 3523 2514 3570 et
2555 3513 2797 3570 servavit
2853 3514 2911 3569 in
2955 3528 3138 3570 cruce.
3172 3511 3366 3568 Fidem
3395 3528 3630 3585 namque

2021 3599 2233 3670 habuit,
2250 3603 2350 3675 qui
2378 3610 2732 3675 regnaturum
2759 3606 2800 3638 ¹¹
2835 3602 3134 3659 Dominum
3164 3599 3424 3669 credidit,
3469 3618 3626 3675 quem

2020 3705 2204 3745 secum
2248 3691 2454 3762 pariter
2497 3691 2828 3748 morientem
2877 3689 3020 3747 vidit
3055 3708 3067 3744 :
3105 3706 3256 3762 spem
3299 3688 3496 3745 habuit
3537 3688 3629 3762 qui

2023 3777 2174 3847 regni
2204 3777 2322 3849 ejus
2351 3777 2562 3834 aditum
2596 3779 2920 3849 postulavit,
2953 3777 3142 3834 dicens
3176 3795 3187 3832 :
3222 3779 3479 3835 Memento
3502 3781 3628 3843 mei,

2020 3865 2264 3928 Domine,
2278 3867 2406 3918 dum
2420 3866 2622 3918 veneris
2638 3867 2695 3918 in
2717 3882 2938 3934 regnum
2968 3872 3117 3918 tuum
3141 3864 3293 3932 (Luc.
3323 3879 3490 3928 XXIII,
3512 3862 3626 3932 42).

2023 3951 2360 4010 Charitatem
2392 3969 2610 4026 quoque
2655 3953 2714 4009 in
2760 3961 2936 4010 morte
2983 3968 3082 4008 sua
3113 3949 3387 4007 vivaciter
3429 3948 3628 4017 tenuit,

2023 4042 2119 4116 qui
2149 4043 2376 4099 fratrem
2419 4051 2474 4099 et
2519 4045 2879 4100 collatronem
2926 4059 3026 4116 pro
3069 4039 3238 4097 simili
3269 4040 3472 4097 scelere
3503 4057 3631 4096 mo-

2024 4132 2278 4200 rientem,
2308 4139 2363 4188 et
2412 4131 2479 4189 de
2526 4131 2820 4207 iniquitate
2867 4147 2970 4188 sua
3013 4131 3214 4203 arguit,
3246 4137 3300 4186 et
3349 4130 3398 4210 ei
3458 4129 3629 4186 vitam

2027 4224 2072 4258 ¹²
2093 4239 2256 4296 quam
2279 4231 2612 4296 cognoverat
2629 4221 2951 4294 praedicavit
2971 4219 3161 4277 dicens
3181 4237 3192 4275 :
3212 4220 3392 4290 Neque
3413 4226 3468 4274 tu
3487 4221 3632 4274 times

2021 4313 2209 4378 Deum,
2263 4312 2358 4382 qui
2413 4312 2470 4366 in
2501 4313 2682 4367 eadem
2745 4329 2796 4367 es
2825 4310 3180 4366 damnatione.
3213 4311 3289 4366 Et
3305 4326 3402 4365 nos
3423 4309 3633 4380 quidem

324 4402 484 4457 corde
511 4414 855 4474 generantur,
884 4413 947 4462 ut
973 4422 1045 4462 ex
1067 4405 1242 4461 libero
1271 4417 1490 4477 quoque
1517 4401 1748 4458 arbitrio
1775 4403 1919 4458 sub-
2015 4399 2194 4468 juste;
2221 4415 2346 4454 nam
2369 4400 2530 4470 digna
2558 4399 2716 4468 factis
2743 4399 3025 4470 recipimus
3049 4417 3070 4464 ;
3097 4399 3180 4454 hic
3225 4415 3344 4454 vero
3401 4399 3444 4432 ¹³
3497 4396 3633 4452 nihil

324 4498 580 4562 sequatur
607 4495 765 4562 actio,
785 4495 873 4550 cui
901 4501 1026 4567 post
1040 4493 1183 4550 hanc
1199 4493 1372 4550 vitam
1403 4490 1696 4550 retributio
1717 4499 1918 4548 mterna

328 4581 664 4652 respondeat,
695 4582 841 4640 illico
868 4583 1071 4656 adjecit
1101 4586 1202 4640 :Et
1227 4585 1405 4653 gratia
1431 4583 1546 4652 ejus
1573 4583 1630 4637 in
1646 4600 1726 4638 me
1751 4598 1918 4637 vacua

329 4685 421 4723 non
446 4671 554 4740 fuit
584 4673 772 4742 (Ibid,
801 4691 898 4743 xv,
931 4674 1044 4746 i0).
1079 4672 1218 4746 [νει.
1250 4671 1444 4746 XXV.]
1477 4672 1581 4728 Sed
1618 4679 1748 4727 sunt
1775 4689 1926 4728 non—

331 4759 462 4814 nulli
490 4763 509 4795 ⁷
540 4761 636 4834 qui
666 4778 829 4819 sanos
857 4779 914 4820 se
941 4762 1058 4818 suis
1086 4760 1300 4817 viribus
1347 4761 1649 4828 exsultant,
1703 4759 1924 4832 suisque

401 4997 410 5028 '
447 4996 468 5050 ι
505 4995 701 5065 Laud.,
732 5005 781 5054 et
807 4999 1026 5064 nescire,
1064 4999 1154 5054 sed
1178 4997 1370 5053 idcirco
1398 4996 1612 5052 nescire.

393 5066 416 5098 ³
441 5067 702 5136 Vimine,
735 5073 1022 5126 calcamus.

393 5138 414 5171 ³
441 5138 522 5192 Ita
546 5139 853 5212 elegantius
894 5141 954 5212 in
992 5139 1188 5212 Laud.,
1217 5141 1432 5208 Norm.,
1474 5147 1530 5194 et
1563 5137 1709 5207 aliis,
1753 5155 1917 5211 quam

329 5211 662 5284 testatur,_ut
691 5212 894 5284 legitur
919 5211 978 5267 in
1007 5211 1110 5284 Ed.

392 5279 414 5355 ξ
442 5280 712 5355 Vindoc.,
736 5279 839 5355 per
893 5283 1114 5338 actionis
1159 5299 1267 5339 sua:
1308 5282 1590 5338 mercedem
1622 5283 1918 5353 peruenire.

327 5349 358 5404 2
384 5349 605 5426 Lapd,
619 5349 904 5426 tueri-edem
928 5355 1240 5426 prmum-ire.

391 5423 412 5498 εξ
444 5423 661 5498 Laud.,
691 5425 818 5498 quis
839 5423 992 5498 prius
1021 5426 1162 5498 dedit
1186 5425 1273 5498 ei?

385 5494 648 5620 :Ltaud.,
678 5491 854 5568 gratis
888 5497 1046 5554 salvi.
1097 5495 1356 5562 Vindoc.,
1402 5495 1578 5568 gratia
1633 5493 1766 5550 enim
1804 5491 1924 5547 estis

406 5583 470 5620 ea
500 5585 539 5620 ι.

325 5573 470 5620 salva
478 5573 519 5620 ti
527 5609 539 5621 .

391 5638 531 5708 7Ita
564 5638 830 5708 Vindoc.,
877 5640 1040 5698 Corb.
1090 5639 1300 5706 Germ.,
1354 5639 1584 5707 Turon.,
1623 5639 1813 5694 Norm.
1863 5636 1927 5708 In

321 5706 499 5782 fidit,
529 5710 626 5782 qui
660 5706 836 5768 salvos
864 5729 919 5767 se
940 5730 956 5777 ;
977 5719 1030 5767 at
1057 5709 1252 5782 Laud.,
1285 5709 1411 5782 quia
1440 5728 1586 5765 nosse
1621 5711 1735 5782 suis
1783 5706 1928 5764 viri-

325 5777 594 5849 bus,etc'.,
625 5799 809 5840 errore
835 5777 1276 5849 amanuensiuni,
1294 5777 1404 5853 ‘qui
1441 5797 1508 5837 ex
1540 5779 1664 5851 quia
1695 5797 1848 5836 sanos
1879 5796 1929 5834 se

506 5879 751 5938 ΡΑτιιοι..
795 5880 1043 5936 LXXVI.

2024 4489 2157 4544 mali
2183 4490 2337 4560 gessit
2366 4489 2556 4560 (Ibid,
2581 4488 2698 4559 40).
2731 4488 2829 4543 Ille
2858 4487 2954 4560 qui
2983 4486 3111 4543 talis
3138 4485 3209 4542 ad
3238 4503 3456 4544 crucem
3478 4486 3631 4543 venit

2026 4596 2096 4634 ex
2137 4578 2319 4651 culpa,
2365 4594 2486 4635 ecce
2535 4575 2714 4651 qualis
2758 4593 2790 4632 a
2843 4592 3006 4634 cruce
3053 4575 3260 4634 recedit
3315 4593 3385 4632 ex
3432 4575 3626 4648 gratia.

2033 4667 2407 4725 Conﬁtebatur
2439 4668 2484 4702 ιι
2512 4665 2835 4734 Dominum,
2854 4682 3016 4738 quem
3041 4664 3264 4723 videbat
3291 4681 3480 4722 secum
3529 4664 3628 4718 liu-

2031 4773 2194 4814 inana
2247 4755 2568 4812 inﬁrmitate
2625 4753 2950 4812 morientem
2973 4797 2987 4823 ,
3065 4755 3285 4828 quando
3361 4753 3630 4824 negabant

2027 4991 2338 5065 conﬂaruut
2363 4991 2488 5063 quia
2521 5007 2722 5065 nosse._
2792 5061 2806 5065 Α
2881 5061 2928 5065 __
3183 5059 3193 5065 _
3269 5053 3416 5065 _,.._.
3535 5056 3544 5064 .

2101 5066 2122 5098 ⁸
2151 5053 2490 5136 Αᾱῇροὶιῖιιιε,
2521 5063 2745 5136 diaboli,
2764 5061 3146 5136 desideratum
3179 5059 3238 5136 in
3257 5053 3470 5136 Edjtis,
3533 5056 3627 5110 in—

2026 5126 2361 5208 ventumque
2390 5135 2448 5190 in
2477 5126 2611 5208 mss,
2635 5126 2886 5208 Vindoc._
2905 5139 2959 5188 et
2986 5133 3018 5187 2
3048 5127 3324 5208 Laudaln.
3349 5126 3494 5208 Utic.
3529 5144 3632 5182 su-

2031 5223 2126 5280 per
2153 5206 2252 5280 has
2274 5196 2464 5280 .voces,
2492 5209 2554 5280 de
2581 5207 2754 5280 fauce,
2784 5202 3050 5280 scriptum
3068 5198 3186 5280 fuit
3213 5199 3276 5280 de
3295 5196 3520 5268 judicio.

2102 5279 2123 5313 θ
2154 5279 2315 5334 Deest
2343 5271 2564 5334 Domine
2581 5271 2651 5330 'in
2681 5271 2954 5345 plerisque
2983 5279 3036 5326 et
3065 5271 3141 5345 ita
3160 5271 3329 5345 infra.

2107 5350 2152 5383 ¹⁰
2182 5348 2354 5404 Laud.
2385 5356 2440 5404 et
2468 5343 2769 5411 Bellovac,
2799 5343 2857 5397 in
2883 5359 3032 5398 cruce
3066 5343 3338 5399 clamavit.

2108 5420 2147 5454 “
2182 5419 2392 5473 Gemet.
2404 5461 2418 5485 ,
2447 5419 2634 5474 Deum.

2109 5490 2152 5524 ¹²
2183 5483 2428 5560 Vulgati,
2457 5503 2748 5560 quamnon
2775 5493 3104 5560 cognoverat.
3134 5488 3296 5560 Deest
3317 5483 3534 5560 negatio
3575 5483 3630 5536 in

2035 5561 2197 5619 Corb.
2253 5557 2756 5628 Germ.,'Vindoc.,
2787 5557 3024 5628 Bellov.,
3068 5558 3267 5626 Laud.,
3317 5558 3530 5624 Nomm,
3581 5561 3634 5609 et

2035 5633 2160 5689 aliis
2186 5633 2313 5690 Mss.

2183 5705 2418 5785 Bellum,
2460 5702 2595 5785 nihil
2624 5703 2948 5785 inulegeseiil.

2113 5777 2158 5811 ”
2189 5777 2426 5844 Gemet.,
2457 5775 2602 5832 I’rat.
2635 5783 2692 5832 et
2719 5775 2838 5841 alii,
2869 5776 3054 5831 Deum.
