4172 6184
518 303 580 360 71
1711 291 1961 350 SANCTI
1997 291 2337 349 GREGORII
2373 289 2604 348 MAGNI
3757 291 3824 348 72

515 424 608 481 tia
637 440 749 482 sua
777 421 1147 481 illustratione
1173 418 1435 492 respexit.
1465 420 1547 476 De
1709 417 1971 475 videlicet
1997 417 2112 474 ani-
2141 419 2195 481 Α
2227 415 2364 489 legis
2390 415 2560 474 verba
2585 419 2958 488 cognosceret,
2979 411 3077 472 sed
3103 411 3349 485 ejusdem
3363 411 3672 478 claritatem
3694 414 3828 488 legis

516 530 606 571 ma
640 515 658 550 ί
673 529 770 588 per
787 511 1110 586 prophetam
1130 507 1338 565 dicitur
1357 525 1373 564 :
1401 506 1462 566 Si
1478 505 1810 580 separaveris
1824 505 2118 578 pretiosum

515 623 554 661 α
574 603 692 670 vi“,
720 601 876 674 Quasi
892 618 951 657 os
967 615 1140 654 meum
1159 599 1267 655 eris
1293 599 1518 674 (Jerem.
1540 613 1641 666 xv,
1665 596 1782 668 l9).
1801 595 1946 652 Vilis
1960 595 2116 670 quip-

515 709 584 767 pe
622 673 744 749 Deo
774 696 858 746 est
903 687 1146 746 mundus
1194 673 1455 760 prasens,
1502 685 1742 761 pretiosa
1780 702 1910 742 vero
1955 685 2008 742 ei
2035 692 2118 742 est

513 779 698 838 anima
740 777 1001 835 humana.
1043 775 1149 846 Qui
1187 793 1317 851 ergo
1343 777 1645 852 pretiosum
1673 792 1708 832 a
1742 775 1844 832 vili
1881 781 2115 848 separat,

513 868 668 945 quasi
698 885 760 926 os
785 865 1013 926 Domini
1043 875 1294 938 vocatur,
1325 867 1456 942 quia
1481 883 1578 939 per
1620 883 1746 922 eum
1775 867 1923 923 Deus
1950 864 2119 920 verba

513 975 612 1018 sua
636 957 834 1028 exerit,
864 957 961 1032 qui
993 956 1063 1014 ab
1099 973 1286 1016 amore
1314 955 1602 1030 prasentis
1627 951 1815 1012 saculi
1843 951 2118 1026 loquendo

514 1049 538 1086 ²
582 1065 704 1122 qua
748 1053 950 1121 potest,
993 1045 1291 1104 humanam
1335 1045 1580 1103 animam
1619 1043 1827 1100 evellit.
1872 1043 1944 1098 Et
1990 1039 2121 1115 quia

513 1137 646 1198 novi
674 1138 1011 1195 Testamenti
1031 1136 1286 1195 doctores
1299 1135 1368 1194 ad
1384 1137 1492 1194 hoc
1505 1151 1678 1208 usque
1695 1132 1946 1208 perducti
1965 1139 2117 1201 sunt,

514 1235 579 1285 ut
607 1228 853 1286 occultas
881 1243 1100 1300 quoque
1128 1226 1514 1300 allegoriarum
1553 1222 1816 1296 caligines
1853 1221 1912 1278 in
1945 1220 2118 1278 veteri

513 1315 860 1372 Testamento
887 1313 1180 1384 rimentur,
1211 1321 1356 1372 recte
1386 1311 1674 1370 subditur:

869 1420 1097 1479 CAPUT
1125 1421 1371 1478 XXXIX
1401 1419 1547 1494 [Rea
1579 1418 1762 1493 XXI].

585 1509 755 1568 Vnus.
790 1510 876 1568 11,
906 1539 978 1552 -
1001 1509 1282 1580 Pro/unda
1311 1525 1517 1581 quoque
1541 1507 1830 1580 ﬂuviorum
1851 1511 2121 1563 scrutatus

513 1605 609 1666 est,
639 1605 690 1655 et
704 1599 1012 1656 abscondita
1033 1599 1296 1672 produxit
1320 1599 1379 1654 in
1410 1599 1592 1654 lucem.

583 1689 674 1748 60.
709 1691 853 1746 Deus
893 1689 1192 1746 doctoribus
1219 1688 1388 1744 sacris
1409 1686 1691 1761 profunda
1729 1691 1778 1742 et
1813 1683 2122 1742 abscondita

2224 504 2548 562 omnimodo
2576 520 2691 561 non
2720 503 2953 562 videret.
2989 501 3144 560 Unde
3189 508 3336 560 recte
3365 510 3421 560 et
3445 520 3561 577 .per
3595 504 3826 562 Paulum

2224 595 2468 653 dicitur:
2505 597 2674 667 Usque
2699 592 2758 649 in
2805 593 3120 650 hodiernum
3154 592 3294 648 enim
3317 593 3457 650 diem
3491 610 3610 649 cum
3639 593 3830 666 legitur

2223 686 2449 758 Moyses,
2479 685 2713 742 velamen
2739 689 2816 738 est
2833 681 3066 755 positum
3084 699 3244 754 super
3266 699 3359 738 cor
3383 699 3566 739 eorum
3582 682 3680 754 (II
3698 683 3827 742 Cor.

2225 793 2313 845 III,
2349 776 2462 849 l5).
2495 773 2602 834 Sed
2630 773 2762 849 quia
2787 772 2938 830 dicta
2958 771 3061 830 Dei
3089 773 3408 849 nullatenus
3435 773 3556 830 sine
3585 772 3704 846 ejus
3733 789 3832 830 sa-

2227 865 2434 940 pientia
2461 871 2816 938 penetrantur
2842 861 2984 934 (nisi
3007 863 3158 920 enim
3187 863 3284 936 qui
3312 863 3569 936 spiritum
3596 863 3716 938 ejus
3743 881 3828 922 ac-

2225 953 2454 1028 ceperit,
2501 951 2622 1026 ejus
2659 952 2818 1009 nullo
2859 951 3024 1008 modo
3067 950 3234 1008 verba
3261 953 3578 1024 cognoscit),
3607 960 3831 1027 sanctus

2226 1043 2316 1100 vir
2343 1042 2412 1100 de
2436 1041 2818 1116 investiganda
2845 1039 3034 1098 eadem
3062 1038 3167 1098 Dei
3194 1039 3464 1114 sapientia
3493 1041 3663 1100 verba
3689 1041 3831 1099 sub-

2221 1132 2430 1207 jungit,
2463 1132 2653 1189 dicens
2677 1149 2688 1188 :

2454 1239 2684 1298 CAPUT
2707 1240 2805 1296 XL
2835 1239 2974 1314 [Vet.
3006 1239 3207 1308 XXIV,
3234 1240 3354 1298 Rec.
3387 1238 3596 1314 XXII].

2300 1329 2472 1387 Vsus.
2507 1330 2687 1388 12ο15.
2736 1359 2808 1372 -
2856 1329 3128 1402 Sapientia
3169 1345 3290 1386 vero
3321 1329 3410 1385 ubi
3457 1330 3740 1398 invenitur,
3781 1337 3830 1388 et

2227 1420 2346 1492 quis
2374 1427 2449 1476 est
2477 1421 2618 1477 locus
2643 1420 3000 1493 intelligentia
3017 1423 3045 1478 Ῡ
3074 1419 3252 1477 Nescit
3267 1421 3422 1476 homo
3441 1421 3676 1493 pretium
3693 1420 3826 1492 ejus,

2227 1527 2318 1566 nec
2333 1510 2600 1566 invenitur
2617 1512 2676 1566 in
2691 1517 2836 1568 term
2850 1511 3086 1567 suaviter
3105 1510 3407 1567 viventium.
3424 1511 3660 1584 Abgssus
3679 1511 3824 1568 dicit:

2228 1601 2352 1658 Non
2377 1605 2453 1656 est
2470 1600 2528 1655 in
2553 1617 2656 1666 me,
2685 1606 2734 1656 et
2757 1617 2906 1656 mare
2929 1599 3183 1672 loquitur:
3215 1599 3337 1658 Non
3361 1605 3437 1656 est
3460 1617 3678 1657 mecum.
3708 1600 3832 1658 Non

2229 1689 2446 1746 dabitur
2471 1708 2670 1748 aurum
2684 1692 2938 1763 obrgzum
2951 1707 3055 1764 pro
3073 1708 3155 1760 ea,
3184 1707 3275 1747 nec
3293 1691 3620 1764 appendetur
3645 1707 3830 1764 argem

515 1779 644 1850 legis
671 1797 735 1834 ac
756 1779 1143 1852 prophetarum
1180 1777 1452 1836 revelavit.
1484 1807 1555 1818 —
1583 1774 1729 1844 Quid
1765 1790 2001 1847 namque
2030 1772 2124 1831 hic
2151 1775 2198 1837 B
2234 1785 2344 1835 tu-m
2371 1779 2430 1834 in
2457 1781 2858 1836 commutatione
2880 1779 3014 1851 ejus.

515 1866 671 1924 aliud
699 1866 930 1924 ﬂumina
958 1867 1066 1925 nisi
1093 1875 1190 1924 aut
1216 1883 1456 1940 quorum
1476 1867 1702 1922 Patrum
1730 1863 1881 1920 dicta
1912 1879 2121 1919 nuncu-

513 1963 717 2028 pantur
736 1955 766 2012 ?
785 1954 922 2023 Quis
948 1954 1098 2012 enim
1127 1971 1354 2028 pensare
1381 1953 1620 2012 suﬂiciat
1638 1968 1804 2026 quam
1823 1951 2122 2008 vehemens

513 2041 740 2112 ﬂuvius,
783 2042 918 2099 dum
961 2043 1136 2116 legem
1183 2043 1464 2113 conderet,
1509 2045 1532 2078 ³
1579 2058 1650 2099 ex
1695 2047 1914 2114 pectore
1941 2036 2144 2119 Moysi.

512 2131 731 2204 erupit;
762 2148 927 2206 quam
959 2131 1260 2188 vehemens
1287 2131 1492 2190 ﬂuvius
1533 2147 1604 2188 ex
1629 2129 1806 2187 David
1837 2128 2001 2188 corde
2029 2127 2122 2184 de-

513 2219 704 2288 ﬂuxit;
740 2229 946 2294 quanta
979 2238 1011 2277 a
1046 2221 1358 2278 Salomonis
1388 2237 1481 2278 ore
1508 2228 1673 2294 atque
1701 2219 1952 2276 omnium
1983 2235 2122 2291 pro-

513 2308 809 2380 phetarum
826 2309 1120 2365 ﬂuminum
1137 2309 1342 2366 ﬂuenta
1358 2309 1683 2366 manarunt?
1695 2309 1800 2366 Sed
1810 2307 2010 2365 horum
2021 2307 2121 2364 ﬂu-

514 2397 731 2453 minum
762 2399 951 2453 Judaa
987 2398 1224 2468 speciem
1254 2399 1457 2467 tenuit,
1487 2399 1620 2455 dum
1651 2399 1847 2454 littera
1877 2397 2124 2470 superﬂ—

513 2483 654 2543 ciem
707 2501 954 2554 servans,
1002 2501 1196 2541 eorum
1241 2484 1516 2557 profunda
1557 2485 1813 2540 nescivit.
1849 2487 1961 2542 Nos
1990 2502 2123 2540 vero

515 2574 610 2648 qui
631 2574 891 2631 veniente
919 2573 1158 2631 Domino
1185 2572 1245 2629 in
1273 2572 1354 2629 eis
1381 2573 1599 2629 interna
1629 2570 1900 2646 spiritalia
1927 2571 2123 2645 quari-

514 2678 660 2730 mus,
689 2678 882 2718 eorum
913 2661 1189 2734 profunda
1209 2661 1500 2718 rimamur.
1533 2661 1692 2730 Quod
1709 2661 1824 2734 ipse
1851 2661 2124 2719 Dominus

515 2752 692 2809 facere
721 2751 949 2822 dicitur,
977 2753 1106 2826 quia
1134 2751 1193 2810 id
1222 2770 1324 2810 nos
1350 2769 1507 2826 agere
1534 2752 1655 2826 ipso
1693 2753 1932 2809 donante
1973 2769 2123 2825 pra-

517 2839 785 2898 valemus.
816 2841 918 2896 Per
943 2857 1046 2899 nos
1073 2858 1203 2915 ergo
1223 2841 1319 2916 qui
1340 2858 1452 2899 non
1485 2840 1726 2898 litteram
1753 2857 1874 2914 qua
1893 2840 2120 2910 occidit,

517 2928 613 2987 sed
641 2930 899 3004 spiritum
917 2930 1012 3004 qui
1041 2931 1289 2990 viviﬁcat
1305 2931 1612 3006 sequimur,
1641 2931 1914 3004 profunda
1928 2929 2124 2988 ﬂuvio-

515 3035 641 3076 rum
671 3019 944 3077 Dominus
969 3028 1267 3092 scrutatur,
1293 3029 1348 3078 et
1365 3020 1688 3078 abscondita
1713 3020 1773 3076 in
1795 3020 1971 3076 lucem
2002 3036 2124 3092 pro-

514 3107 692 3177 ducit,
721 3109 852 3183 quia
869 3108 1020 3166 dicta
1047 3109 1202 3184 legis,
1219 3127 1343 3185 qua
1363 3111 1666 3183 caliginosa
1693 3108 1863 3166 nimis
1891 3107 2124 3166 historia

515 3197 796 3266 obscurat,
841 3213 991 3254 nunc
1018 3197 1296 3271 expositio
1327 3198 1593 3272 spiritalis
1634 3199 1935 3255 illuminat.
1967 3196 2122 3254 Unde

515 3294 571 3344 et
603 3287 833 3360 loquens
861 3285 919 3342 in
948 3286 1226 3360 parabolis
1254 3305 1352 3361 per
1377 3287 1740 3362 Evangelium
1771 3286 1986 3345 Veritas
2025 3287 2124 3343 di-

514 3373 746 3448 scipulis
772 3375 1053 3449 pracepit,
1074 3375 1266 3434 dicens
1288 3394 1300 3433 :
1330 3377 1484 3446 Quod
1501 3377 1616 3433 dico
1634 3377 1778 3433 vobis
1806 3377 1862 3432 in
1879 3375 2120 3445 tenebris,

515 3465 671 3522 dicite
706 3465 763 3521 in
797 3466 992 3522 lumine
1007 3483 1026 3530 ;
1054 3473 1103 3522 et
1141 3467 1285 3538 quod
1319 3467 1380 3523 in
1409 3483 1542 3524 aure
1581 3465 1802 3532 auditis,
1838 3465 2124 3538 pradicate
2153 3513 2166 3524 .

515 3571 676 3628 super
705 3561 833 3611 tecta
865 3555 1079 3628 (Matth.
1106 3572 1166 3624 χ,
1187 3556 1305 3628 27).
1330 3558 1352 3592 ⁸
1368 3556 1570 3628 Aperte
1597 3571 1835 3629 namque
1862 3554 2012 3612 dicta
2030 3571 2124 3610 ex-

517 3645 842 3718 ponentium
873 3645 1123 3702 fecerunt
1150 3644 1314 3702 nobis
1340 3662 1458 3704 esse
1493 3645 1610 3719 jam
1637 3644 1962 3718 conspicuas
1988 3659 2124 3700 sen-

515 3733 718 3792 tentias
757 3733 1114 3807 antiquorum
1163 3734 1408 3792 Patrum.
1451 3735 1606 3794 Unde
1647 3735 1815 3792 Isaias
1859 3733 2125 3808 propheta

516 3824 682 3898 plana
698 3831 902 3882 sancta
917 3823 1180 3882 Ecclesia
1196 3825 1562 3898 expositionis
1575 3825 1743 3882 verba
1756 3824 2122 3897 conspiciens,

515 3921 573 3971 et
615 3931 729 3972 non
771 3913 1162 3988 allegoriarum
1201 3915 1446 3972 tenebris
1489 3914 1744 3984 obscura,
1793 3912 2125 3972 exclamavit

515 4001 737 4060 dicens:
756 4004 926 4060 Locus
935 4003 1223 4074 ﬂuviorum
1249 4003 1360 4058 rivi
1380 4003 1626 4060 latissimi
1650 4010 1699 4060 et
1711 4009 1946 4075 patentes
1964 4001 2121 4074 (Isai.

517 4105 724 4158 xxxm,
753 4091 870 4162 21).
903 4091 1242 4148 Testamenti
1269 4091 1420 4150 enim
1447 4091 1651 4150 veteris
1670 4091 1818 4149 dicta
1846 4090 2003 4165 quasi
2030 4107 2125 4147 an-

516 4176 662 4250 gusti
709 4183 764 4232 et
801 4177 979 4234 clausi
1025 4177 1133 4233 rivi
1189 4179 1428 4251 fuerant,
1477 4181 1572 4256 qui
1626 4181 1925 4238 immensas
1977 4184 2126 4242 584

517 4272 765 4331 scientia
821 4291 932 4331 sua
987 4275 1288 4334 sententias
1355 4279 1681 4336 collectione
1735 4275 2125 4334 obscurissima

516 4362 991 4438 constringebnt.
1023 4367 1098 4423 At
1123 4375 1316 4426 contra
1353 4368 1609 4428 doctrina
1635 4375 1836 4426 sancta
1864 4365 2124 4425 Ecclesia

517 4452 627 4511 rivi
661 4460 716 4511 et
745 4454 844 4512 lati
871 4463 926 4512 et
955 4463 1204 4530 patentes
1231 4466 1382 4529 sunt,
1414 4458 1544 4533 quia
1569 4457 1690 4533 ejus
1716 4459 1863 4516 dicta
1890 4465 1945 4516 et
1971 4457 2124 4514 inve-

517 4541 805 4602 nientibus
823 4547 998 4603 multa
1017 4555 1148 4604 sunt
1165 4555 1221 4605 et
1249 4548 1625 4623 quarentibus
1638 4549 1820 4622 plana.
1845 4547 1940 4605 Ait
1954 4563 2082 4620 ergo
2106 4564 2120 4604 :

516 4631 801 4704 Profunda
827 4635 1117 4707 fluviorum
1148 4645 1415 4696 scrutatus
1442 4645 1538 4706 est,
1581 4645 1628 4695 et
1653 4638 1956 4696 abscondita
1980 4655 2123 4710 pro-

515 4724 674 4806 ἀωδῆ
699 4724 758 4780 in
787 4727 971 4782 lucem.
1004 4726 1146 4796 Quia
1174 4728 1307 4785 dum
1337 4729 1453 4786 suis
1481 4729 1891 4802 expositoribus
1918 4728 2123 4785 intelli-

516 4814 714 4888 gentia
754 4815 1013 4888 spiritum
1063 4816 1291 4888 infudit,
1324 4819 1582 4894 antiquas
1609 4821 1631 4856 δ
1672 4820 2122 4894 prophetantium

515 4904 878 4964 obscuritates
903 4907 1139 4980 aperuit.
1171 4909 1246 4964 Et
1266 4907 1372 4966 hoc
1394 4907 1510 4980 jam
1539 4917 1726 4966 sancta
1753 4908 2000 4968 Ecclesia
2026 4925 2124 4981 per

515 4993 771 5064 spiritum
799 4995 1070 5070 agnoscit,
1101 4995 1250 5069 quod
1277 4997 1564 5068 Synagoga
1583 4997 1738 5070 prius
1765 5013 1863 5070 per
1882 4997 2122 5054 litteram

519 5080 821 5155 intelligere
850 5085 1083 5143 omnino
1112 5100 1224 5142 non
1255 5084 1450 5140 valuit.
1484 5084 1639 5142 Unde
1667 5094 1723 5141 et
1749 5087 1966 5159 Moyses
1993 5104 2120 5142 cum

518 5172 722 5243 populo
743 5175 1062 5248 loqueretur
1079 5174 1283 5247 (Exod.
1302 5189 1504 5244 XXXIV,
1526 5174 1647 5247 33),
1663 5175 1859 5232 faciem
1881 5175 2119 5246 velabat,

519 5265 584 5316 ut
610 5259 869 5320 videlicet
895 5264 1210 5337 designaret
1239 5263 1388 5338 quod
1415 5262 1510 5320 ille
1538 5261 1854 5320 Judaorum
1884 5265 2122 5336 populus

521 5459 858 5588 digi‘liermq
882 5459 995 5520 duo
1025 5460 1225 5532 Laud,
1243 5464 1436 5522 Norm.
1468 5472 1524 5522 et
1550 5463 1668 5534 alii,
1686 5481 1788 5538 per
1810 5463 2126 5576 prophetam

559 5537 679 5677 ,ξιξ
707 5603 906 5677 Laud,
937 5621 1100 5677 quam
1123 5611 1292 5676 potest
1317 5608 1604 5665 humanam
1629 5608 1885 5665 animam.

594 5675 615 5758 ξ
707 5674 905 5758 Laud?
935 5674 1002 5732 ea
1024 5674 1232 5758 pectore
1258 5677 1430 5758 Moysi
1454 5681 1756 5758 qreerupit.

598 5748 618 5781 δ
647 5746 810 5806 Corb.
861 5746 1073 5818 Germl,
1118 5746 1424 5818 Beccensis,
1473 5750 1616 5808 Utic.
1655 5746 1727 5809 'et
1767 5749 1887 5820 alii,
1937 5755 2128 5824 aperta

2300 1869 2390 1926 61.
2419 1869 2702 1940 Sapientia
2714 1869 2814 1925 Dei
2829 1870 2970 1925 locus
2989 1875 3039 1925 et
3048 1869 3282 1942 pretium
3298 1868 3568 1942 assignari
3587 1885 3696 1926 non
3708 1885 3829 1941 pos-

2228 1962 2370 2014 sunt.
2402 1987 2474 1999 —
2499 1957 2814 2015 Notandum
2848 1958 3002 2030 prius
3027 1966 3112 2014 est
3141 1957 3291 2031 quod
3319 1958 3431 2016 duo
3459 1961 3482 1996 ⁶
3510 1958 3616 2016 sibi
3635 1975 3830 2032 propo-

2227 2044 2360 2116 suit,
2389 2053 2446 2103 et
2463 2045 2575 2104 duo
2593 2046 2781 2104 subdit
2797 2045 3197 2119 respondendo.
3218 2046 3306 2103 Ad
3342 2046 3402 2102 id
3422 2063 3658 2121 namque
3683 2046 3831 2120 quod

2229 2135 2482 2210 superius
2508 2135 2686 2193 dixit:
2731 2135 3004 2208 Sapientia
3043 2152 3167 2190 vero
3196 2134 3286 2190 ubi
3320 2133 3609 2204 invenitur,
3638 2141 3687 2191 et
3713 2135 3833 2208 quis

2227 2231 2304 2281 est
2333 2227 2474 2282 locus
2499 2224 2857 2298 intelligentia
2875 2227 2902 2282 ἲ
2921 2227 3034 2283 Isto
3052 2239 3218 2282 versu
3246 2224 3564 2297 respondit:
3597 2224 3832 2296 Abgssus

2229 2315 2386 2370 dicit:
2425 2315 2547 2374 Non
2574 2320 2650 2370 est
2687 2315 2746 2369 in
2772 2331 2873 2384 me,
2903 2319 2953 2370 et
2982 2331 3126 2370 mare
3167 2314 3406 2385 loquitur
3433 2332 3452 2370 :
3481 2314 3603 2373 Non
3629 2319 3704 2370 est
3728 2331 3830 2369 me-

2230 2419 2365 2459 cum.
2397 2402 2487 2460 Ad
2515 2402 2574 2460 id
2601 2419 2734 2460 vero
2761 2401 2912 2476 quod
2940 2402 3190 2460 dixerat:
3222 2403 3398 2460 Nescit
3423 2404 3576 2460 homo
3598 2403 3832 2476 pretium

2231 2490 2367 2560 ejus,
2395 2508 2486 2546 nec
2507 2491 2773 2550 invenitur
2794 2491 2852 2547 in
2870 2498 3015 2548 terra
3032 2491 3266 2548 suaviter
3279 2491 3586 2562 viventium,
3607 2489 3831 2549 inferio-

2231 2593 2348 2634 rem
2404 2593 2626 2636 versum
2677 2580 2941 2648 reddidit,
2991 2579 3214 2637 dicens:
3275 2581 3396 2637 Non
3449 2580 3666 2637 dabitur
3717 2597 3831 2636 au-

2230 2683 2355 2722 rum
2400 2667 2656 2738 obrgzum
2689 2684 2794 2740 pro
2841 2685 2924 2733 ea,
2968 2684 3060 2724 nec
3103 2669 3432 2740 appendetur
3475 2674 3750 2740 argentum
3774 2667 3832 2724 in

2230 2755 2632 2811 commutatione
2675 2754 2811 2825 ejus.
2855 2755 2942 2811 Ad
2977 2762 3209 2828 utraque
3237 2771 3365 2826 ergo
3401 2754 3707 2828 respondit,
3736 2755 3832 2812 sed

2229 2843 2480 2916 augendo
2509 2843 2657 2917 quod
2685 2841 2980 2914 objecerat,
3012 2859 3124 2900 non
3151 2842 3436 2899 solvendo.
3463 2843 3602 2902 Cum
3622 2843 3831 2917 sapien-

2231 2931 2322 2988 tia
2352 2947 2589 3006 namque
2617 2932 2800 2990 locum
2833 2939 3120 3005 quareret,
3151 2947 3214 2988 ac
3253 2930 3452 2987 deinde
3489 2931 3723 2988 inferius
3750 2949 3830 2989 re-

2231 3021 2554 3096 sponderet:
2586 3021 2820 3093 Abyssus
2847 3021 3009 3077 dicit:
3060 3020 3181 3079 Non
3217 3025 3294 3076 est
3337 3019 3395 3076 in
3433 3037 3534 3090 me,
3581 3035 3693 3077 non
3733 3018 3831 3076 ubi

2231 3119 2394 3180 esset,
2436 3109 2532 3168 sed
2573 3109 2669 3167 ubi
2710 3127 2822 3167 non
2860 3117 3000 3167 esset
3039 3108 3328 3168 indicavit.
3373 3111 3582 3168 Rursus
3607 3125 3734 3167 cum
3763 3107 3832 3166 ab

2234 3199 2458 3257 homine
2488 3197 2607 3272 ejus
2633 3199 2874 3272 pretium
2904 3199 3112 3257 diceret
3139 3197 3404 3272 ignorari,
3442 3208 3607 3274 atque
3629 3199 3699 3256 ad
3726 3199 3833 3256 hoc

2232 3289 2466 3346 inferius
2503 3289 2789 3346 redderet:
2823 3289 2946 3347 Non
2983 3289 3202 3346 dabitur
3226 3307 3424 3347 aurum
3451 3291 3706 3363 obngzum
3728 3307 3832 3362 pro

2232 3397 2315 3446 ea,
2345 3395 2457 3435 non
2485 3377 2620 3452 quid
2647 3386 2789 3436 esset
2815 3377 2936 3451 ejus
2973 3378 3234 3452 pretium,
3263 3379 3360 3436 sed
3387 3379 3524 3454 quid
3551 3396 3665 3438 non
3693 3386 3834 3436 esset

2232 3467 2493 3525 ostendit.
2525 3467 2752 3526 Cunctis
2777 3477 2962 3525 autem
2993 3468 3166 3542 liquet
3193 3468 3341 3542 quod
3381 3485 3559 3543 neque
3585 3467 3706 3525 hac
3733 3466 3835 3524 hu-

2232 3573 2395 3614 mana
2413 3557 2683 3629 sapientia
2702 3557 2792 3614 vel
2811 3557 2988 3615 teneri
3008 3559 3150 3627 loco,
3172 3559 3260 3614 vel
3275 3557 3384 3614 emi
3400 3557 3616 3616 divitiis
3633 3564 3831 3630 potest.

2232 3647 2339 3705 Sed
2367 3647 2456 3704 vir
2482 3655 2726 3715 sanctus,
2757 3648 3012 3721 mysticis
3037 3647 3288 3705 sensibus
3325 3649 3542 3720 plenus,
3570 3649 3591 3684 ⁷
3622 3647 3692 3704 ad
3726 3645 3834 3704 alia

2233 3751 2335 3794 nos
2384 3735 2745 3810 intelligenda
2792 3735 3142 3806 transmittit,
3190 3743 3253 3793 ut
3288 3752 3401 3792 non
3447 3743 3682 3794 creatam
3737 3733 3833 3792 sed

2233 3833 2510 3883 creantem
2537 3826 2864 3900 sapientiam
2892 3825 3254 3898 requiramus.
3283 3825 3422 3881 Nam
3441 3823 3551 3880 nisi
3571 3823 3631 3879 in
3650 3823 3834 3881 verbis

2233 3913 2355 3970 istis
2384 3913 2770 3986 allegoriarum
2819 3920 3026 3970 secreta
3066 3911 3354 3980 rimemur,
3389 3927 3454 3967 ea
3491 3910 3683 3984 utique
3711 3927 3832 3984 qua

2232 4009 2539 4075 sequuntur
2573 4001 2804 4058 omnino
2847 4007 2978 4057 sunt
3007 3999 3176 4073 digna
3207 3998 3488 4072 despectu,
3519 3999 3567 4056 si
3609 4015 3679 4056 ex
3717 3999 3836 4057 sola

2233 4089 2498 4148 historica
2524 4089 2840 4148 narratione
2871 4095 3187 4162 pensentur.
3218 4087 3388 4145 Paulo
3428 4096 3553 4162 post
3595 4104 3834 4163 namque

2231 4177 2370 4236 dicit
2393 4197 2404 4236 :
2437 4179 2558 4237 Non
2579 4177 2948 4250 adaquabitur
2971 4177 3227 4234 eiaurum
3241 4179 3321 4234 vel
3340 4177 3560 4234 vitrum.
3583 4179 3655 4234 Et
3678 4193 3830 4246 cum,

2231 4267 2376 4326 sicut
2403 4267 2683 4336 novimus,
2713 4266 2922 4323 vitrum
2952 4266 3112 4340 longe
3139 4273 3302 4340 atque
3323 4265 3672 4324 dissimiliter
3697 4281 3834 4323 auro

2231 4358 2306 4416 sit
2333 4357 2522 4428 vilius,
2552 4373 2652 4415 cur
2670 4364 2794 4430 post
2807 4355 2926 4413 auri
2945 4373 3171 4426 nomen,
3193 4357 3402 4414 metalli
3423 4357 3614 4432 utique
3633 4353 3836 4430 pretio.

2230 4449 2301 4520 si,
2331 4466 2430 4524 pro
2445 4449 2715 4506 immensa
2729 4447 2888 4505 laude
2903 4447 3112 4504 vitrum
3142 4463 3360 4523 quoque
3385 4447 3532 4506 dixit
3551 4445 3832 4521 sapientia

2231 4555 2344 4595 non
2372 4537 2622 4612 aquari?
2651 4539 2772 4610 Ipsa
2808 4553 2937 4610 ergo
2967 4537 3165 4594 littera
3195 4537 3522 4595 difﬁcultate
3550 4533 3831 4608 compelli-

2233 4644 2378 4698 mur,
2408 4635 2472 4684 ut
2494 4625 2563 4684 ad
2590 4625 2890 4684 sententias
2917 4626 3118 4684 horum
3147 4627 3441 4685 verborum
3461 4623 3724 4698 mysticas
3751 4621 3832 4677 vi-

2232 4719 2486 4793 gilemus.
2519 4718 2622 4776 Vir
2649 4719 2833 4792 itaque
2861 4726 3084 4776 sanctus
3121 4734 3286 4790 quam
3323 4713 3647 4787 sapientiam
3688 4729 3834 4770 con-

2231 4811 2550 4884 templatur,
2579 4810 2689 4866 nisi
2718 4826 2838 4866 eam
2869 4809 2936 4865 de
2964 4823 3072 4880 qua
3113 4807 3314 4863 Paulus
3347 4806 3628 4878 apostolus
3653 4803 3791 4862 dicit
3815 4823 3828 4862 :

2236 4901 2508 4960 Christum
2533 4899 2630 4956 Dei
2668 4899 2934 4962 virtutem,
2965 4902 3013 4952 et
3055 4895 3152 4952 Dei
3177 4895 3489 4968 sapientiam
3533 4896 3598 4968 (I
3633 4894 3758 4953 Cor.
3786 4912 3830 4965 ι,

2231 4989 2332 5059 24)
2350 4989 2379 5046 ?
2401 4991 2479 5044 De
2501 5003 2611 5060 qua
2630 5001 2729 5058 per
2746 4985 3095 5042 Salomonem
3111 4983 3380 5057 scriptum
3406 4990 3491 5040 est
3512 5000 3524 5039 :
3559 4983 3830 5056 Sapientia

2232 5076 2511 5149 adiﬁeavit
2533 5076 2636 5132 sibi
2663 5075 2875 5131 domum
2906 5074 3092 5145 (Prov.
3135 5089 3217 5142 IX,
3249 5073 3338 5148 1);
3371 5080 3426 5130 et
3451 5071 3518 5130 de
3546 5089 3655 5146 qua
3681 5071 3830 5129 Psal-

2233 5165 2395 5223 mista
2419 5165 2527 5221 ait:
2565 5165 2754 5223 Omnia
2786 5165 2841 5220 in
2867 5163 3130 5234 sapientia
3156 5161 3328 5233 fecisti
3358 5162 3532 5236 (Psal.
3562 5178 3683 5231 cm,
3711 5160 3828 5234 24).

2233 5254 2409 5328 Hujus
2433 5252 2700 5310 nimirum
2715 5256 2860 5316 585
2878 5250 3161 5324 sapientia
3181 5251 3349 5310 homo
3369 5249 3609 5325 pretium
3629 5247 3829 5318 nescit,

2233 5478 2544 5614 Μξᾚξᾎῖιῃ.
2577 5539 2632 5588 et
2658 5532 2874 5614 Nomm,
2899 5534 3301 5606 prophetarum.

2308 5606 2330 5640 ⁶
2359 5603 2624 5671 Vindoc.,
2663 5604 2768 5659 duo
2794 5603 2887 5660 ibi.

2307 5677 2328 5710 ⁷
2360 5674 2622 5744 Vindoc.,
2651 5675 2724 5732 ad
2749 5675 2919 5733 aliam
2945 5693 3040 5732 nos
3068 5675 3486 5748 intelligentiam.
