4172 6184
352 342 414 398 73
1125 336 1496 392 MORALIUM
1539 287 1671 395 DIB.
1705 335 1905 392 XVIII.
1944 363 2015 377 —
2051 334 2278 392 CAPUT
2318 333 2555 390 XXVIII
2596 335 2657 390 Β.
2699 335 2842 389 JOB.
3562 341 3627 395 7’i

356 467 478 542 quia
511 458 633 520 nihil
661 460 888 534 dignum
919 460 1281 518 astimatione
1326 460 1480 518 illius
1511 460 1748 517 invenit.
1793 462 1914 518 Non
1942 459 1993 520 A
2022 459 2466 533 praecedentibus
2496 459 2708 516 meritis
2737 459 3050 530 redemptos
3078 477 3136 517 se
3164 479 3278 519 esse
3301 464 3626 534 gloriantur.

357 562 516 612 autem
557 552 652 608 hoc
694 549 975 622 sapientia
1021 549 1254 622 pretium
1304 558 1359 606 et
1406 565 1523 606 esse
1565 549 1772 610 dicitur
1804 553 1820 585 ¹
1862 558 1916 606 et

357 641 547 709 nesciri,
573 639 662 696 sed
707 639 914 697 idcirco
954 639 1180 708 nesciri,
1211 638 1341 712 quia
1376 639 1528 695 deest
1563 656 1576 693 :
1610 654 1674 694 eo
1699 639 1916 696 scilicet

353 729 578 806 loquendi
607 745 822 802 genere,
853 746 962 802 quo
991 729 1049 784 in
1071 728 1338 801 angustiis
1352 729 1584 802 quisque
1601 727 1917 800 deprehen—

345 839 442 890 sus,
467 838 582 878 cum
612 819 921 876 remedium
949 818 1330 876 subventionis
1353 835 1466 875 non
1490 818 1725 887 invenit,
1752 818 1914 877 fateri

344 912 462 967 solet
487 910 610 983 quia
635 909 774 984 quid
813 909 978 965 faciat
1011 910 1203 966 nescit.

399 1001 478 1058 62.
508 1001 726 1057 Nullius
753 998 876 1054 boni
906 998 1078 1069 operis
1112 999 1300 1054 mer-ito
1343 999 1575 1054 debetur.
1618 1029 1690 1040 ——
1736 997 1914 1072 Hujus

339 1105 449 1161 ergo
486 1087 765 1161 sapientia
811 1086 1046 1158 pretium
1106 1085 1337 1154 nescire,
1395 1094 1481 1142 est
1530 1086 1683 1159 digni
1735 1087 1915 1160 operis

338 1181 570 1236 meritum
609 1196 725 1252 quo
756 1178 906 1234 illam
942 1178 1206 1250 percipiat
1238 1194 1350 1234 non
1381 1177 1653 1234 invenire.
1689 1178 1776 1234 Ad
1807 1177 1914 1234 hoc

337 1285 548 1341 namque
589 1268 834 1340 pretium
877 1267 1094 1334 damus,
1151 1275 1213 1322 ut
1255 1266 1374 1338 ejus
1419 1267 1539 1322 vice
1585 1283 1700 1322 rem
1749 1283 1912 1340 quam

333 1362 616 1434 appetimus
657 1360 942 1434 possidere
974 1361 994 1394 ³
1042 1359 1353 1416 debeamus.
1406 1359 1551 1426 Quid
1592 1367 1775 1414 autem
1815 1375 1916 1414 nos

329 1450 564 1508 dedimus
582 1459 646 1508 ut
663 1451 808 1507 hanc
827 1448 1173 1522 sapientiam,
1205 1466 1324 1522 qua
1354 1447 1608 1506 Christus
1635 1455 1717 1503 est
1737 1448 1912 1517 (Rom.

330 1557 402 1608 xi,
417 1541 494 1613 6),
509 1542 792 1614 percipere
817 1539 1192 1596 mereremur?
1218 1539 1407 1595 Gratia
1426 1537 1629 1610 quippe
1646 1535 1915 1606 redempti

330 1651 522 1690 sumus.
556 1635 655 1692 Illa
689 1649 928 1706 namque
953 1632 1066 1688 sola
1094 1647 1258 1704 opera
1285 1629 1429 1685 male
1471 1627 1714 1684 vivendo
1750 1625 1916 1683 dedi-

335 1739 462 1792 mus,
483 1724 686 1798 quibus
712 1724 758 1780 si
773 1723 925 1795 justa
947 1721 1238 1778 retributio
1267 1726 1598 1786 servaretur,
1619 1733 1733 1774 non
1757 1715 1915 1774 Chri-

2023 551 2271 619 Quorum
2327 549 2574 622 profecto
2645 547 2877 605 assertio
2936 547 3219 607 invenitur
3273 551 3630 628 sibimetipsis

2021 637 2316 707 contraria,
2349 637 2477 712 quia
2517 638 2648 696 dum
2693 643 2748 694 et
2793 636 3116 695 innocentes
3163 653 3222 694 se
3265 651 3534 712 asserunt,
3578 653 3634 701 et

2023 729 2358 802 redemptos,
2409 727 2515 785 hoc
2564 728 2747 801 ipsum
2795 727 2855 784 in
2897 743 2954 784 se
2997 727 3394 800 redemptionis
3429 747 3632 791 nomen

2023 826 2316 876 evacuant.
2350 816 2544 874 Omnis
2574 834 2812 892 namque
2844 817 2940 892 qui
2970 817 3290 888 redimitur,
3321 835 3391 876 ex
3449 820 3635 894 aliqua

2023 907 2215 979 procul
2245 906 2416 963 dubio
2443 905 2770 979 captivitate
2811 906 3098 964 liberatur.
3133 907 3288 964 Unde
3316 923 3444 980 ergo
3472 909 3632 982 quili-

2022 996 2115 1052 bet
2151 995 2256 1052 iste
2284 995 2602 1068 redemptus
2629 1003 2735 1064 est,
2767 995 2815 1052 si
2864 995 3018 1068 prius
3045 1013 3160 1054 non
3208 997 3315 1054 fuit
3343 997 3446 1055 sub
3475 999 3636 1072 culpa

2023 1083 2318 1155 captivus?
2347 1083 2547 1156 Liquet
2577 1083 2762 1158 itaque
2809 1085 2935 1157 quia
2969 1087 3207 1142 multum
3242 1086 3444 1159 desipit
3473 1087 3636 1161 quis-

2023 1175 2148 1247 quis
2175 1173 2294 1230 hac
2337 1173 2497 1246 sapit.
2539 1175 2805 1232 Hominis
2851 1175 3052 1249 quippe
3097 1175 3355 1232 meritum
3401 1195 3636 1250 superna

2024 1269 2196 1342 gratia
2217 1286 2327 1324 non
2356 1276 2418 1324 ut
2447 1268 2633 1324 veniat
2677 1269 2914 1337 invenit,
2947 1268 3043 1325 sed
3073 1276 3364 1342 postquam
3396 1270 3632 1341 venerit,

2023 1359 2185 1425 facit;
2220 1366 2382 1431 atque
2415 1365 2469 1413 et
2497 1357 2564 1413 ad
2595 1356 2879 1430 indignam
2913 1365 3156 1413 mentem
3205 1358 3435 1414 veniens
3463 1361 3632 1429 Deus,

2023 1456 2243 1527 dignam
2277 1453 2420 1510 586
2450 1456 2554 1512 sibi
2585 1455 2816 1511 exhibet
2853 1453 3176 1521 veniendo;
3226 1461 3278 1510 et
3306 1454 3440 1512 facit
3469 1457 3526 1512 in
3574 1473 3634 1513 ea

2024 1545 2284 1600 meritum
2315 1545 2462 1618 quod
2492 1552 2826 1612 remuneret,
2859 1543 2955 1618 qui
2985 1543 3094 1601 hoc
3139 1543 3319 1601 solum
3349 1543 3637 1602 invenerat

2025 1635 2173 1708 quod
2197 1635 2442 1708 puniret.

332 1821 456 1883 stus,
485 1815 578 1871 sed
607 1814 877 1887 supplicia
901 1811 1278 1868 redderentur.
1302 1809 1408 1866 Sed
1435 1807 1588 1864 aliud
1617 1807 1784 1863 homo
1814 1821 1912 1878 per

2029 1847 2034 1856 ι
2099 1815 2242 1889 [Βεο.
2276 1813 2516 1888 ΧΧΙΙΙ.]
2561 1815 2647 1871 64.
2681 1805 3178 1871 Prmdestinationis
3204 1815 3453 1887 gratuita
3469 1833 3636 1872 exem-

323 1899 592 1984 jnstitiam
621 1905 841 1972 meruit,
873 1901 1024 1958 aliud
1060 1917 1155 1974 per
1181 1900 1412 1973 gratiam
1441 1897 1670 1969 accepit.
1697 1898 1718 1932 ³
1743 1896 1922 1952 Teste-

327 1998 418 2046 tur
459 1992 678 2060 Paulus,
725 1992 1041 2066 priusquam
1071 2005 1226 2046 mens
1254 1988 1407 2044 illius
1433 2002 1620 2044 semen
1667 1985 1922 2058 gratuita

330 2081 571 2138 veritatis
598 2083 885 2154 acciperet,
911 2079 1112 2154 quibus
1140 2077 1392 2135 sensibus
1415 2081 1758 2148 premeretur
1771 2091 1920 2132 erro-

327 2171 426 2227 ris:
462 2171 566 2239 Qui
589 2173 768 2244 prius,
800 2171 1005 2243 inquit,
1036 2169 1120 2239 fui
1145 2169 1496 2240 blasphemus,
1521 2172 1571 2220 et
1593 2171 1922 2237 persecutor,

325 2265 370 2312 et
391 2261 832 2325 contumeliosus;
859 2260 947 2314 sed
983 2257 1404 2331 misericordiam
1439 2261 1738 2311 consecutus
1783 2270 1921 2320 sum,

321 2349 439 2418 quia
457 2351 718 2422 ignorans
744 2349 846 2420 feci
873 2350 928 2404 in
953 2347 1320 2404 incredulitate
1345 2347 1403 2417 (Ι
1420 2347 1552 2402 Tim.
1586 2362 1626 2412 ι,
1664 2343 1775 2414 13).
1799 2343 1925 2398 Tes-

321 2443 460 2493 tetur
515 2456 620 2512 pro
662 2437 920 2512 qualibus
958 2436 1212 2494 Christus
1270 2435 1411 2490 mori
1461 2434 1718 2505 dignatus
1767 2439 1850 2487 est
1905 2447 1917 2486 :

321 2528 448 2582 Cum
467 2530 674 2594 adhuc,
697 2528 902 2600 inquit,
919 2533 1208 2598 peccatores
1220 2541 1466 2591 esse-mus,
1490 2523 1770 2576 secundum
1793 2527 1926 2573 tem—

311 2631 407 2684 pus
442 2617 702 2672 Christus
729 2632 828 2684 pro
854 2615 1032 2684 impiis
1053 2619 1298 2666 mortuus
1321 2617 1396 2665 est
1425 2611 1598 2679 (Rom.
1632 2627 1686 2676 v,
1708 2608 1785 2676 8).
1821 2607 1925 2674 Qui

313 2721 439 2776 ergo
475 2702 744 2758 veniente
782 2701 1046 2772 sapientia
1074 2697 1233 2770 impii
1278 2696 1487 2752 inventi
1523 2713 1734 2764 sumus,
1790 2695 1924 2768 quid

319 2792 441 2848 boui
471 2790 668 2863 operis
695 2789 968 2856 dedimus,
999 2805 1108 2861 quo
1150 2785 1396 2857 accipere
1423 2785 1666 2840 eamdem
1696 2785 1921 2857 sapien-

321 2881 444 2937 tiam
475 2894 825 2936 mereremur
843 2879 872 2934 ‘l
894 2877 1071 2949 Hujus
1098 2876 1283 2948 itaque
1307 2874 1590 2946 sapientia
1622 2874 1789 2929 homo
1801 2890 1919 2946 pre-

323 2971 450 3026 tium
476 2968 684 3036 nescit,
709 2967 840 3040 quia
863 2964 1112 3040 quisquis
1139 2981 1171 3020 a
1198 2964 1378 3020 brutis
1397 2963 1729 3020 animalibus
1757 2963 1920 3019 ratio-

325 3059 402 3116 nis
453 3060 752 3116 intellectu
798 3058 1070 3115 discretus
1122 3063 1224 3124 est,
1278 3055 1541 3130 quoniam
1598 3055 1745 3128 quod
1805 3054 1920 3110 suis

2027 1905 2180 1977 plum
2205 1905 2265 1959 in
2295 1905 2503 1960 latrone
2529 1905 2756 1958 salutem
2784 1909 3070 1958 consecuta.
3094 1903 3337 1960 —Libet
3357 1903 3502 1961 inter
3521 1905 3638 1962 hac

2033 1992 2232 2049 mentis
2261 1994 2450 2049 oculos
2479 1991 2547 2048 ad
2577 1991 2738 2048 illum
2778 1993 3048 2048 latronem
3080 1991 3360 2061 reducere,
3395 1995 3416 2028 ⁸
3446 1993 3540 2066 qui
3569 1992 3638 2050 de

2031 2082 2188 2138 fauce
2216 2080 2424 2138 diaboli
2453 2080 2700 2139 ascendit
2739 2097 2980 2150 crucem,
3011 2080 3077 2136 de
3107 2097 3269 2138 cruce
3299 2080 3634 2154 paradisum.

2032 2171 2350 2225 Intueamur
2364 2169 2543 2243 qualis
2571 2168 2639 2225 ad
2655 2169 2968 2242 patibulum
3010 2169 3249 2238 venerit,
3269 2178 3323 2226 et
3344 2187 3375 2227 a
3389 2170 3638 2244 patibulo

2033 2259 2212 2331 qualis
2237 2258 2518 2316 abscessit.
2541 2258 2714 2316 Venit
2741 2275 2867 2315 rcus
2898 2259 3143 2314 fraterno
3174 2246 3464 2332 sanguine,
3487 2259 3639 2314 venit

2032 2353 2314 2416 cruentus,
2348 2347 2446 2404 sed
2492 2348 2710 2404 interna
2753 2347 2926 2420 gratia
2955 2354 3038 2404 est
3076 2355 3320 2404 mutatus
3350 2347 3408 2402 in
3437 2365 3635 2416 cruce;

2032 2444 2086 2491 et
2112 2436 2204 2490 ille
2233 2435 2330 2508 qui
2360 2445 2595 2492 mortem
2643 2437 2805 2491 fratri
2852 2435 3067 2504 intulit,
3098 2435 3387 2492 morientis
3415 2435 3636 2493 Domini

2032 2527 2204 2582 vitam
2236 2526 2577 2598 praedicavit,
2609 2525 2800 2583 dicens
2836 2545 2847 2582 :
2882 2529 3138 2586 Memento
3189 2525 3311 2593 mei,
3343 2529 3364 2561 ⁹
3394 2527 3638 2594 Domine,

2031 2615 2156 2670 dum
2185 2615 2389 2670 veneris
2415 2615 2472 2670 in
2517 2632 2740 2687 regnum
2789 2622 2936 2671 tuum
2968 2617 3119 2688 (Luc.
3151 2632 3318 2684 XXIII,
3347 2614 3464 2688 42).
3503 2618 3548 2651 ¹⁰
3577 2617 3638 2672 In

2031 2720 2191 2760 cruce
2209 2704 2353 2760 clavi
2385 2721 2579 2761 manus
2595 2703 2716 2776 ejus
2735 2705 3008 2778 pedesque
3031 2703 3068 2760 li
3074 2711 3356 2776 gaverant,
3387 2702 3640 2777 nihilque

2031 2790 2088 2847 in
2119 2809 2183 2849 eo
2228 2811 2259 2848 a
2297 2793 2474 2866 panis
2531 2793 2765 2850 liberum
2797 2794 2904 2850 nisi
2934 2811 3029 2851 cor
3057 2800 3110 2849 et
3138 2793 3329 2866 lingua
3355 2809 3642 2848 remanse—

2029 2891 2172 2940 rant.
2222 2884 2529 2957 Inspirante
2561 2887 2675 2942 Deo
2705 2893 2886 2942 totum
2917 2885 3002 2940 illi
3037 2884 3274 2952 obtulit,
3307 2883 3457 2957 quod
3483 2882 3542 2938 in
3585 2901 3642 2939 se

2029 2973 2266 3029 liberum
2298 2973 2542 3042 invenit,
2591 2981 2654 3030 ut
2688 2973 2852 3045 juxta
2882 2975 2988 3030 hoc
3017 2973 3165 3045 quod
3203 2972 3471 3044 scriptum
3511 2981 3592 3028 est
3625 2991 3635 3027 :

2033 3063 2203 3118 Corde
2234 3063 2465 3118 crederet
2494 3063 2566 3118 ad
2584 3061 2876 3134 justitiam,
2902 3079 2993 3118 ore
3019 3062 3355 3134 conﬁteretur
3383 3062 3454 3116 ad
3482 3061 3642 3116 salu-
3665 3089 3677 3094 -

327 3148 530 3204 meritis
563 3165 680 3204 non
711 3145 786 3202 sit
827 3147 1070 3243 salvatus
1108 3144 1387 3243 intelligit,
1434 3143 1662 3243 nihil
1705 3143 1918 3243 dedisse
1954 3179 1998 3239 ο
2032 3157 2130 3206 tem
2179 3153 2354 3222 (Rom.
2404 3169 2464 3222 x,
2511 3151 2622 3225 10).
2670 3153 2732 3208 In
2779 3151 2950 3209 corde
2997 3158 3180 3208 autem
3228 3149 3477 3207 ﬁdelium
3531 3157 3642 3206 tres

327 3237 447 3293 boni
501 3237 687 3310 operis
727 3243 791 3292 ut
839 3236 909 3292 ad
947 3235 1113 3291 ﬁdem
1164 3234 1378 3290 veniret
1434 3234 1701 3306 agnoscit.
1753 3234 1919 3301 Quasi

324 3327 467 3382 enim
521 3327 592 3383 ad
646 3325 1056 3399 percipiendam
1111 3323 1434 3397 sapientiam
1489 3324 1728 3396 pretimn
1789 3323 1918 3379 dare

324 3424 402 3472 est
445 3417 890 3488 cognoscendum
936 3419 1112 3472 Deum
1161 3417 1183 3450 ⁴
1238 3415 1472 3472 actionis
1519 3433 1631 3474 sua
1670 3415 1920 3473 mercede

325 3507 646 3576 praevenire.

392 3596 485 3651 63.
516 3597 709 3651 Gratia
735 3598 899 3669 gratis
925 3597 1108 3661 datur,
1125 3613 1231 3650 non
1257 3613 1323 3651 ea:
1348 3597 1569 3651 meritis.
1584 3597 1790 3653 —Non
1807 3611 1922 3651 esse

326 3681 502 3756 hujus
537 3683 815 3755 sapientia
853 3685 1084 3756 pretium
1131 3693 1482 3756 cognoverat,
1533 3685 1628 3758 qui
1657 3685 1872 3740 dicebat
1906 3702 1916 3739 ;

326 3775 346 3806 ει
386 3773 523 3840 Quis
543 3773 700 3844 prior
711 3774 852 3828 dedit
871 3774 973 3842 illi,
985 3781 1036 3830 et
1057 3773 1379 3830 retribuetur
1393 3774 1440 3828 ei
1456 3776 1484 3828 φ
1507 3775 1683 3843 (Rom.
1705 3790 1787 3839 χι,
1804 3773 1919 3846 35.)

329 3861 474 3916 Hinc
501 3860 702 3918 iterum
732 3862 996 3936 scriptum
1025 3870 1106 3920 est
1135 3880 1146 3918 :
1183 3863 1213 3898 θ
1239 3862 1429 3917 Gratia
1471 3861 1609 3917 salvi
1643 3861 1775 3932 facti
1803 3862 1923 3917 estis

327 3967 418 4019 per
431 3951 607 4022 ﬁdem,
637 3959 686 4008 et
704 3953 800 4008 hoc
815 3969 922 4007 non
948 3970 1014 4008 ea:
1039 3952 1206 4018 vobis,
1236 3951 1325 4006 sed
1347 3951 1448 4008 Dei
1474 3951 1671 4007 donum
1689 3959 1766 4008 est
1777 3970 1799 4018 ;
1818 3969 1924 4007 non

328 4060 390 4097 ac
414 4043 678 4116 operibus,
708 4051 768 4100 ut
793 4061 858 4100 ne
883 4044 1001 4115 quis
1019 4044 1280 4115 glorietur
1319 4042 1536 4114 (Ephes.
1570 4059 1633 4109 ιι,
1663 4041 1744 4116 8).
1782 4042 1924 4098 Hinc

329 4131 392 4187 de
419 4135 712 4207 semetipso
742 4135 943 4190 iterum
984 4133 1250 4207 loquitur,
1281 4131 1470 4189 dicens
1515 4149 1526 4186 :
1585 4133 1778 4189 Gratia
1827 4131 1927 4188 Dei

330 4238 442 4276 sum
465 4223 520 4277 id
546 4225 688 4293 quod
713 4241 832 4279 sum
858 4225 923 4295 (Ι
951 4224 1076 4280 Cor.
1107 4239 1205 4290 xv,
1234 4221 1444 4294 10).Ex
1475 4219 1634 4292 cujus
1659 4220 1927 4279 nimirum

241 4381 252 4395 .
331 4311 662 4382 aspiratione
690 4312 902 4385 gratia,
933 4313 1064 4386 quia
1090 4311 1362 4368 virtutum
1391 4325 1556 4382 opera
1581 4309 1840 4381 protinus
1866 4310 1925 4366 in

2028 3257 2374 3312 summopere
2405 3257 2625 3297 manere
2655 3240 2890 3298 virtutes
2918 3246 3154 3296 testatur
3190 3241 3511 3312 Apostolus,
3544 3238 3641 3296 di—

2028 3346 2157 3386 cens
2184 3349 2196 3386 :
2231 3333 2382 3388 Nunc
2401 3337 2577 3387 autem
2601 3337 2816 3386 manent
2844 3331 2994 3402 ﬁdes,
3026 3347 3162 3402 spes,
3183 3313 3496 3399 charitmiU
3512 3331 3636 3386 Cor.

2027 3437 2154 3488 xm,
2188 3421 2298 3492 l3).
2345 3421 2492 3489 Quas
2534 3427 2763 3478 cunctas
2818 3419 3004 3476 subita
3057 3419 3298 3490 repletus
3352 3415 3524 3489 gratia
3587 3423 3633 3468 et

2027 3509 2237 3581 accepit
2278 3511 2439 3579 latro,
2470 3518 2524 3566 et
2565 3509 2809 3566 servavit
2865 3509 2923 3564 in
2967 3524 3149 3566 cruce.
3183 3507 3377 3563 Fidem
3405 3523 3640 3580 namque

2031 3597 2242 3666 habuit,
2259 3599 2360 3672 qui
2387 3607 2746 3672 regnaturum
2771 3602 2810 3634 “
2845 3598 3145 3655 Dominum
3175 3594 3434 3664 credidit,
3479 3613 3636 3669 quem

2029 3700 2214 3741 secum
2257 3688 2464 3758 pariter
2507 3687 2839 3744 morientem
2890 3686 3032 3743 vidit
3067 3703 3078 3740 :
3115 3701 3266 3756 spem
3310 3683 3507 3739 habuit
3548 3683 3640 3756 qui

2031 3773 2185 3844 regni
2214 3774 2332 3845 ejus
2362 3774 2573 3831 aditum
2607 3775 2932 3846 postulavit,
2965 3773 3154 3830 dicens
3187 3791 3198 3827 :
3233 3774 3489 3830 Memento
3513 3775 3638 3836 mei:

2031 3861 2274 3925 Dom-ine,
2289 3863 2416 3916 dum
2430 3863 2633 3916 veneris
2648 3863 2706 3915 in
2728 3878 2950 3932 regnum
2979 3867 3128 3914 tuum
3152 3858 3303 3926 (Luc.
3334 3873 3500 3924 χχιιι,
3523 3856 3636 3928 42).

2033 3949 2370 4006 Charitatem
2403 3965 2620 4022 quoque
2667 3949 2727 4006 in
2771 3957 2947 4006 morte
2995 3964 3094 4004 sua
3124 3945 3397 4002 vivaciter
3439 3943 3638 4012 tenuit,

2033 4040 2130 4113 qui
2160 4040 2386 4097 fratrem
2431 4049 2486 4096 et
2531 4042 2890 4098 collatronem
2938 4055 3037 4112 pro
3079 4035 3250 4093 simili
3281 4035 3483 4093 scelere
3513 4053 3642 4092 mo-

2034 4130 2290 4198 rientem,
2319 4137 2374 4186 et
2424 4128 2491 4186 de
2538 4129 2832 4204 iniquitate
2878 4143 2980 4184 sua
3025 4127 3224 4199 arguit,
3257 4133 3311 4182 et
3359 4126 3409 4181 ei
3469 4126 3640 4182 vitam

2039 4222 2084 4257 ¹²
2105 4237 2266 4294 quam
2291 4227 2624 4293 cognoverat
2641 4217 2962 4290 pradicavit
2981 4215 3172 4274 dicens
3192 4233 3204 4272 :
3223 4216 3402 4286 Neque
3423 4221 3479 4270 tu
3499 4215 3643 4270 times

2033 4311 2220 4376 Deum,
2275 4309 2369 4380 qui
2425 4309 2482 4362 in
2513 4309 2694 4364 eadem
2757 4325 2807 4363 es
2836 4307 3192 4363 damnatione.
3225 4307 3300 4362 Et
3316 4322 3413 4360 nos
3433 4305 3644 4376 quidem

332 4401 496 4455 corde
522 4412 867 4472 generantur,
897 4411 959 4458 ut
985 4419 1058 4458 ex
1078 4401 1254 4458 libero
1282 4414 1501 4474 quoque
1529 4399 1759 4456 arbitrio
1787 4401 1930 4457 sub—
2027 4397 2170 4465 juste
2186 4414 2205 4462 ;
2232 4413 2359 4451 nam
2380 4397 2542 4467 digna
2570 4395 2728 4466 factis
2754 4395 3037 4466 recipimus
3059 4412 3082 4458 ;
3108 4393 3191 4449 hic
3235 4411 3354 4449 vero
3412 4394 3455 4427 ³³
3507 4391 3644 4446 nihil

332 4496 594 4560 sequatur
619 4493 777 4559 actio,
797 4492 886 4548 cui
913 4498 1038 4564 post
1053 4491 1194 4548 hanc
1212 4491 1385 4548 vitam
1415 4488 1708 4547 retributio
1729 4497 1930 4546 aterna
1959 4535 2008 4564 η
2035 4487 2168 4542 mali
2194 4486 2348 4557 gessit
2379 4485 2568 4558 (Ibid.,
2594 4484 2710 4554 40).
2742 4483 2840 4539 Ille
2869 4481 2965 4555 qui
2995 4481 3123 4537 talis
3151 4481 3220 4537 ad
3249 4497 3466 4538 crucem
3489 4481 3642 4536 venit

335 4579 678 4650 respondeat,
707 4579 854 4638 illico
881 4580 1082 4654 adjecit
1113 4583 1214 4637 :Et
1239 4582 1418 4651 gratia
1443 4581 1558 4650 ejus
1585 4581 1642 4635 in
1657 4597 1738 4635 me
1763 4597 1930 4634 vacua
1963 4569 2008 4594 υ
2037 4593 2108 4630 ex
2149 4575 2332 4648 culpa,
2377 4590 2499 4631 ecce
2547 4571 2726 4646 qualis
2770 4589 2802 4628 a
2855 4587 3018 4629 cruce
3065 4570 3271 4628 recedit
3326 4587 3396 4626 ex
3443 4569 3638 4642 gratia.

337 4683 433 4722 non
459 4669 566 4739 fuit
597 4670 786 4740 (Ibid,
815 4689 912 4740 xv,
944 4672 1056 4744 10).
1092 4669 1231 4744 [νει.
1261 4671 1366 4726 XX
1373 4670 1458 4742 Κ]
1489 4669 1593 4726 Sed
1631 4676 1760 4724 sunt
1788 4686 1938 4725 non—
2045 4663 2418 4721 Conﬁtebatur
2450 4664 2495 4698 ¹⁵
2524 4661 2848 4729 Dominum,
2867 4677 3030 4734 quem
3053 4659 3275 4717 videbat
3301 4676 3491 4717 secum
3541 4659 3640 4712 liu-

339 4757 474 4812 nulli
501 4761 521 4793 ⁷
553 4760 650 4831 qui
679 4777 842 4816 sanos
870 4777 926 4818 se
955 4760 1071 4816 suis
1099 4757 1314 4815 viribus
1361 4758 1662 4825 exsultant,
1715 4756 1935 4829 suisque

411 4996 421 5025 ¹
458 4993 483 5048 1
519 4994 714 5063 Laud,
746 5003 795 5050 et
820 4996 1040 5062 nescire,
1077 4995 1167 5051 sed
1193 4995 1384 5050 idcirco
1412 4993 1626 5049 nescire.

404 5065 426 5098 ²
453 5065 716 5132 \'ind0c.,
749 5069 1035 5123 calcamus.

403 5137 426 5169 ³
451 5135 536 5191 Ita
559 5138 866 5210 elegantius
906 5139 967 5210 in
1007 5137 1202 5210 Laud.,
1230 5138 1445 5205 Norm.,
1488 5144 1542 5192 et
1577 5135 1722 5203 aliis,
1765 5152 1928 5208 quam

337 5212 602 5282 testatur,
613 5208 676 5264 ut
705 5209 907 5282 legitur
934 5209 1006 5282 in
1021 5208 1125 5282 Ed.

404 5279 425 5353 ξ
457 5279 724 5353 Vindoc.,
750 5279 852 5353 per
906 5281 1128 5336 actionis
1169 5296 1282 5353 sua:
1322 5279 1604 5334 mercedem
1637 5279 1931 5350 pervenire.

337 5349 367 5403 2
395 5349 620 5434 I_.a'ud.,_
633 5349 919 5434 mercedem
932 5352 1255 5434 praue-nire:

403 5421 424 5498 ’ξ
458 5421 674 5498 _Lau(_l.,
704 5423 833 5498 quis
852 5421 1006 5496 prius
1031 5423 1176 5498 dedit
1201 5422 1288 5498 ei?
1548 5492 1558 5498 _
1719 5490 1730 5498 _
1880 5487 1913 5498 Α

398 5493 662 5619 (“litanda
691 5490 866 5567 gratis
901 5496 1060 5552 salvi.
1110 5493 1370 5559 Vindoc.,
1416 5492 1593 5565 gratia
1647 5490 1780 5546 enim
1818 5490 1938 5543 estis

419 5583 485 5619 va
515 5584 552 5619 ι.

333 5571 533 5619 salvati-
541 5609 552 5620 .

403 5638 435 5712 ἶ,
458 5637 544 5692 Ita
577 5637 844 5712 Vindoc.,
891 5638 1314 5712 Corb.AGei'_in.,
1369 5635 1600 5712 'I‘uron.,
1639 5635 1851 5712 Normn
1877 5632 1940 5712 In

334 5706 513 5781 Edit,
543 5709 640 5781 qui
673 5703 850 5766 salvos
878 5729 930 5766 se
953 5729 970 5773 ,'
991 5719 1044 5766 at
1070 5707 1267 5781 Laud.,
1299 5706 1426 5781 quia
1456 5724 1600 5760 nosse
1635 5706 1750 5781 suis
1801 5703 1942 5759 viri-

334 5775 607 5849 “Metti,
638 5798 822 5839 errore
849 5775 1418 5850 amanuensiuquui
1455 5794 1522 5834 ea
1554 5775 1677 5846 quia
1709 5793 1864 5831 sanos
1893 5791 1944 5828 se

521 5878 765 5937 I‘aruou.
809 5879 1058 5935 LXXVI.

2043 4769 2204 4809 mana
2259 4750 2580 4808 inﬁrmitate
2637 4748 2963 4808 morientem
2985 4792 3000 4818 ,
3077 4749 3296 4822 quando
3372 4746 3641 4818 negabant

2040 4988 2348 5058 conﬂarunt
2376 4987 2503 5058 quia
2533 5002 2696 5043 nosse.
2806 5057 2817 5058 ί
2894 5055 2940 5058 ,Α
3196 5052 3205 5058 _
3281 5047 3429 5058 __,,_,
3546 5049 3555 5057 ,

2113 5062 2134 5094 ⁸
2164 5047 2503 5133 Adjeciriius,
2535 5055 3158 5133 diaboli,_desideratum
3193 5052 3250 5133 in
3545 5049 3638 5103 in-

2038 5120 2374 5203 ventumque
2403 5131 2461 5186 in
2489 5120 2624 5203 mss.
2649 5120 2900 5203 Vindoc._
2917 5133 2972 5181 et
2999 5127 3032 5181 2
3062 5121 3336 5203 L‘audqln
3362 5120 3506 5203 litic.
3540 5136 3644 5174 su-

2042 5219 2139 5275 per
2167 5203 2264 5258 has
2287 5190 2476 5275 voces,
2505 5203 2566 5275 de
2593 5201 2766 5275 fauce,
2797 5196 3063 5275 scriptum
3081 5191 3200 5275 fuit
3226 5193 3288 5275 de
3307 5190 3532 5261 judicio.

2115 5275 2136 5309 θ
2167 5276 2328 5329 Deest
2357 5265 2664 5328 Domine'in
2693 5265 2967 5340 plerisque
2997 5272 3049 5320 et
3078 5265 3154 5340 ita
3173 5265 3341 5340 infra.

2122 5345 2166 5380 ιο
2195 5343 2368 5399 Laud.
2399 5351 2454 5399 et
2480 5336 2782 5405 Bellovac.,
2812 5336 3046 5392 in'cruce
3079 5336 3350 5393 clamavit.

2119 5417 2160 5448 “
2195 5415 2432 5484 Gemet.,
2460 5414 2648 5468 Deum.
3148 5481 3178 5484 _
3496 5475 3506 5484 _
3593 5474 3602 5484 υ

2121 5486 2166 5520 ¹²
2196 5475 2441 5556 vulgati,
2471 5497 2761 5556 quamnon
2789 5486 3117 5556 cognouerat.
3148 5481 3309 5556 Deest
3330 5475 3546 5556 negatio
3589 5475 3642 5556 in

2047 5556 2210 5615 Corb.
2267 5551 2770 5622 Germ.,_Vindoc.,
2801 5553 3037 5621 Bellov.,
3081 5551 3280 5617 Laud.,
3329 5551 3543 5615 Norm.,
3593 5553 3647 5601 et

2047 5627 2172 5685 aliis
2199 5628 2327 5684 Mss.

2126 5701 2168 5736 ³³
2197 5699 2432 5766 Bellov.,
2475 5697 2608 5752 nihil
2638 5699 2772 5753 male
2789 5696 2961 5766 gessit.

2128 5772 2171 5806 ”
2203 5771 2440 5839 Gemet.,
2471 5769 2615 5826 I’rat.
2649 5776 2706 5825 et
2733 5767 2851 5833 alii,
2883 5769 3067 5824 Deum.
