4172 6184
352 287 410 341 77
1111 276 1481 335 MORALIUM
1520 277 1653 334 LIB.
1696 276 1898 332 XVIII.
1937 304 2009 317 —
2045 274 2273 332 CAPUT
2313 274 2548 330 XXVIII
2586 275 2648 327 B.
2689 275 2829 327 JOB.
3547 277 3613 332 78

357 412 506 466 Deum
532 407 579 477 (Ι
608 406 725 462 Cor.
761 422 849 473 Ill,
882 404 997 476 I9),
1031 411 1187 461 tanto
1215 405 1447 477 quisque
1475 403 1713 475 amplius
1752 401 1904 459 intus

2036 396 2205 452 icslris
2238 396 2449 467 (Matth.
2483 412 2563 463 χι,
2595 396 2710 466 es).
2745 394 2891 461 Quid
2921 395 3070 451 enim
3099 366 3163 452 in
3183 398 3287 455 hac
3314 398 3429 455 vita
3468 400 3614 457 labo-

361 498 531 555 stultus
556 495 630 565 lit,
670 501 879 566 quanto
916 501 1147 552 conatur
1188 493 1431 552 exterius
1459 492 1676 566 sapiens
1706 494 1903 551 videri.

360 589 426 644 De
447 586 535 643 bac
574 574 770 655 ibysso
798 598 896 655 per
921 583 1189 641 Joannem
1233 583 1469 643 dicitur:
1516 582 1635 641 Vidi
1666 584 1910 653 angelum

357 677 694 734 descendentem
738 676 799 733 de
850 676 998 742 caelo,
1043 676 1311 734 habentem
1363 677 1560 733 clavem
1612 674 1810 747 abyssi,
1863 680 1912 730 et

350 776 552 826 attentam
575 784 817 839 magnam
850 768 907 822 in
956 784 1119 823 manu
1146 784 1244 825 sua
1270 785 1289 831 ;
1318 774 1365 824 et
1396 766 1740 839 apprehendit
1767 765 1909 821 dra-

349 877 498 916 conem
520 864 805 929 serpentem
831 857 1132 928 antiquum,
1168 858 1263 929 qui
1288 864 1364 915 est
1391 856 1654 924 diabolus,
1684 861 1733 910 et
1759 860 1907 910 sata-

345 966 445 1015 nas,
471 955 517 1005 et
541 947 727 1019 ligavit
768 964 885 1003 sum
909 964 1010 1019 per
1034 964 1202 1005 annos
1227 948 1394 1015 mille,
1425 954 1475 1004 et
1504 946 1648 1003 misit
1676 946 1734 1002 in
1761 945 1910 1015 abys-

344 1055 461 1103 sum,
487 1044 533 1093 et
553 1038 767 1102 clausit,
796 1042 847 1093 et
870 1036 1102 1108 signavit
1119 1053 1276 1107 super
1294 1036 1470 1101 illum,
1492 1042 1550 1091 ut
1576 1053 1683 1091 non
1702 1036 1914 1092 seducet

342 1129 548 1200 amplius
562 1134 758 1200 gentes,
776 1127 937 1183 donec
955 1132 1379 1183 consummentur
1396 1126 1541 1183 mille
1553 1125 1683 1181 anni
1720 1126 1908 1197 (Apoc.

343 1236 428 1287 xx,
457 1220 528 1292 I).
557 1218 875 1277 Millenario
902 1217 1108 1275 etenim
1138 1234 1369 1276 numero
1396 1235 1508 1275 non
1547 1216 1911 1291 quantitatem

343 1310 598 1381 temporis,
652 1310 748 1367 sed
787 1309 1227 1378 universitatem,
1269 1326 1377 1382 qua
1412 1316 1601 1382 regnat
1646 1306 1912 1374 Ecclesia,

303 1398 650 1472 -designavit.
697 1399 979 1472 Antiquns
1019 1407 1204 1456 autem
1244 1416 1467 1473 serpens
1497 1400 1699 1473 ligatus
1725 1404 1917 1455 catena

342 1490 392 1545 in
440 1489 693 1561 abyssum
747 1489 1009 1559 mittitur,
1032 1491 1049 1524 ¹
1082 1488 1215 1562 quia
1254 1489 1516 1561 religatus
1556 1505 1589 1545 a
1642 1487 1914 1545 bonorum

341 1577 599 1648 cordibus,
651 1578 797 1651 apud
846 1577 1204 1651 reproborum
1253 1586 1465 1636 mentes
1518 1578 1785 1644 reclusus,
1838 1576 1917 1631 eis

341 1669 561 1726 atrocius
589 1662 932 1725 dominatur.
963 1667 1067 1736 Qui
1103 1667 1269 1741 paulo
1299 1676 1421 1740 post
1453 1683 1668 1740 quoque
1709 1666 1774 1721 de
1804 1681 1919 1739 pu—

2018 486 2217 542 riosius
2247 503 2410 558 quam
2442 484 2677 540 terrenis
2709 483 3003 540 desideriis
3022 493 3251 541 aestuare
3284 488 3309 541 ?
3341 494 3483 552 589
3521 497 3617 545 aut

2019 583 2150 657 quid
2179 583 2273 639 hic
2301 582 2542 655 quietius
2570 597 2735 655 quam
2767 580 2933 652 hujus
2952 581 3141 637 saeculi
3160 580 3304 636 nihil
3335 587 3616 655 appetere?

2021 674 2159 747 [ναι.
2192 676 2295 730 XX
2304 673 2481 746 VIII.]
2515 674 2657 730 Hinc
2699 680 2781 730 est
2810 674 2959 745 quod
3007 673 3340 728 lsraeliticus
3386 678 3620 746 populus

2018 764 2325 820 custodiam
2341 762 2566 819 Sabbati
2580 763 2793 835 accepit
2810 763 2867 818 in
2889 779 3114 818 munere
3138 763 3341 831 (Exod.
3365 766 3617 835 xvr,29);

2018 858 2152 915 hinc
2167 874 2195 913 e
2211 866 2402 914 contra
2412 864 2494 913 est
2504 856 2779 929 ngyptus
2796 872 3109 913 muscarum
3129 855 3487 912 multitudine
3504 872 3622 929 per-

2020 948 2585 1020 Cussa(Ea:od.vm,2I
2594 947 2887 1019 ).Populus
2901 962 3137 1019 namque
3154 948 3247 1019 qui
3261 949 3435 1004 Deum
3447 947 3624 1020 sequi-

2022 1045 2112 1094 tur
2154 1035 2354 1109 accipit
2373 1036 2682 1103 sabbatum,
2708 1035 2765 1091 id
2782 1044 2864 1091 est
2882 1034 3127 1108 requiem
3151 1036 3368 1105 mentis,
3388 1044 3451 1093 ut
3470 1036 3625 1093 nullo

2022 1125 2079 1182 in
2110 1126 2214 1184 hac
2242 1126 2359 1181 vita
2386 1125 2786 1182 desideriorum
2814 1125 3122 1182 carnalium
3151 1127 3397 1197 appetitu
3438 1126 3625 1199 fatige-

2025 1224 2131 1272 tur.
2164 1216 2438 1287 zEgyptus
2454 1230 2587 1270 vero
2614 1230 2739 1287 quae
2775 1213 2944 1285 hujus
2973 1215 3165 1271 mundi
3216 1217 3451 1287 speciem
3479 1222 3629 1273 tenet

2024 1305 2230 1363 muscis
2250 1304 2578 1378 percutitur.
2610 1305 2799 1362 Musca
2827 1305 2977 1360 enim
3007 1303 3176 1361 nimis
3206 1304 3448 1363 insolens
3474 1314 3528 1362 et
3546 1307 3629 1362 in-
3660 1374 3661 1377 η

2025 1397 2273 1470 quietum
2303 1397 2508 1453 animal
2539 1403 2640 1452 est.
2681 1398 2745 1451 In
2782 1411 2890 1468 qua
2914 1395 3048 1468 quid
3077 1395 3228 1452 aliud
3253 1413 3416 1470 quam
3469 1399 3629 1455 inso—

2024 1487 2196 1543 lentes
2240 1502 2385 1543 curae
2433 1483 2834 1542 desideriorum
2876 1484 3187 1543 carnalium
3212 1485 3575 1559 designantur
3600 1488 3629 1545 ?

2030 1574 2180 1632 Unde
2208 1576 2346 1632 alias
2380 1574 2620 1631 dicitur:
2654 1575 2846 1632 Musca:
2871 1574 3150 1629 morientes
3182 1575 3418 1646 perdunt
3439 1578 3630 1634 suavi-

2029 1672 2183 1720 tatem
2209 1664 2461 1736 unguenti
2476 1664 2671 1735 (Eccle.
2703 1680 2762 1730 χ,
2796 1664 2877 1733 1),
2909 1664 3037 1735 quia
3058 1664 3419 1736 cogitationes
3447 1683 3632 1739 snper-

340 1764 417 1813 teo
444 1757 623 1832 abyssi
645 1756 803 1814 educi
827 1756 1180 1827 describitur,
1202 1756 1331 1831 quia
1354 1757 1420 1813 de
1451 1755 1769 1829 iniquorum
1801 1770 1916 1810 cor-
1950 1765 1997 1825 Β
2030 1754 2173 1823 ﬂuae,
2204 1771 2325 1827 quae
2372 1753 2590 1810 assidue
2650 1753 2709 1807 in
2772 1752 2960 1807 animo
2987 1754 3232 1809 carnalia
3277 1755 3551 1828 cogitante
3579 1764 3633 1814 et

340 1847 492 1904 dibus
530 1864 682 1905 nunc
712 1848 923 1905 occulte
951 1846 1325 1915 saevientibus,
1356 1853 1489 1902 tunc
1533 1850 1751 1915 accepta
1778 1860 1923 1899 con-

336 1944 419 1991 tra
442 1937 740 1993 Ecclesiam
763 1943 1050 2009 potestate,
1082 1936 1140 1993 in
1164 1936 1275 1992 vim
1300 1944 1497 2009 apertae
1527 1932 1924 2009 persecutionis

337 2025 361 2058 ²
387 2033 648 2097 erumpet.
680 2026 805 2083 Haec
834 2026 1018 2099 itaque
1056 2025 1305 2098 abyssus,
1348 2026 1405 2081 in
1453 2041 1560 2098 qua
1606 2041 1754 2080 nunc
1795 2021 1923 2078 dia-

334 2113 486 2171 bolus
512 2122 765 2172 servatur
792 2116 1065 2184 occultus,
1112 2131 1225 2171 non
1254 2130 1368 2171 esse
1414 2114 1473 2169 in
1511 2130 1568 2171 se
1596 2110 1921 2186 sapientiam

336 2202 482 2273 dicit,
514 2206 647 2278 quia
674 2206 914 2262 alienam
943 2216 999 2262 se
1043 2221 1076 2262 a
1104 2221 1233 2262 vera
1261 2204 1529 2277 sapientia
1558 2202 1768 2275 iniquis
1795 2216 1924 2272 ope—

334 2294 478 2353 ribus
496 2296 762 2353 ostendit.
796 2298 939 2352 Dum
968 2295 1116 2352 enim
1146 2295 1414 2351 malitiam
1445 2294 1676 2367 quisque
1704 2289 1839 2364 tegit
1868 2289 1924 2344 in

331 2385 511 2457 corde,
553 2402 649 2444 ore
678 2393 862 2443 autem
889 2386 1270 2443 blandimenta
1314 2384 1561 2452 exhibet,
1606 2383 1736 2438 dum
1767 2379 1927 2452 cogi—

329 2475 565 2533 tationes
608 2492 735 2532 suas
776 2474 1099 2546 duplicitate
1143 2474 1453 2540 obnubilat,
1495 2473 1629 2528 dum
1676 2470 1930 2542 puritatis

326 2566 498 2621 verba
518 2564 682 2637 quasi
712 2564 1024 2619 fatuitatem
1055 2562 1289 2628 devitat,
1317 2562 1339 2596 ³
1363 2561 1494 2615 dum
1522 2560 1641 2614 vias
1668 2557 1929 2630 simplicis

322 2651 674 2709 innocentiae
708 2650 968 2719 declinat,
1014 2648 1167 2722 quasi
1213 2647 1411 2703 habere
1458 2662 1511 2703 se
1558 2646 1786 2720 abyssus
1830 2647 1927 2703 Dei

325 2740 660 2815 sapientiam
705 2745 939 2795 recusat.
981 2739 1055 2793 Et
1110 2736 1241 2810 quia
1296 2736 1428 2793 huic
1469 2735 1675 2793 mundo
1720 2743 1929 2799 mentes

328 2829 523 2885 deditae
555 2826 847 2901 praesentis
885 2826 1013 2883 vita:
1033 2825 1183 2883 curis
1211 2832 1267 2881 et
1298 2823 1768 2883 sollicitudinibus
1794 2841 1932 2899 per—

332 2919 648 2986 turbantur,
680 2923 734 2973 et
763 2915 972 2974 idcirco
1020 2914 1268 2989 ejusdem
1308 2916 1588 2988 sapientiai
1616 2914 1929 2991 tranquilli-

331 3017 432 3066 tate
488 3008 706 3083 perfrui
760 3021 1106 3081 nequaquam
1165 3012 1416 3079 possunt,
1475 3013 1619 3064 recte
1688 3004 1932 3078 subjun-

334 3098 472 3171 gitur
488 3114 502 3154 :
1558 3123 1568 3132 -

903 3183 1132 3243 CAPUT
1154 3186 1351 3244 XLIII.

400 3295 538 3353 Iam.
570 3323 641 3336 —
666 3292 743 3350 Et
766 3307 916 3348 mare
945 3293 1213 3363 loquitur:
1242 3293 1363 3353 Non
1398 3300 1471 3349 est
1498 3308 1714 3349 mecum.

402 3384 491 3441 68.
525 3385 613 3441 Ea
640 3398 749 3438 non
776 3381 1062 3453 fruuntur,
1079 3381 1172 3452 qui
1201 3383 1426 3439 terrenis
1441 3383 1820 3438 distrahuntur
1849 3398 1933 3437 cu-

336 3472 432 3531 ris.
467 3503 540 3514 -—
568 3470 715 3540 Quid
756 3469 906 3527 enim
949 3469 1118 3527 maris
1161 3470 1387 3528 nomine
1434 3471 1545 3528 nisi
1590 3471 1935 3528 saecularium

340 3563 358 3596 ³
390 3561 665 3616 mentium
707 3576 887 3616 amara
933 3558 1258 3633 inquietudo
1307 3559 1600 3633 signatur?
1642 3560 1774 3629 Quae
1803 3561 1935 3617 dum

338 3665 398 3706 se
442 3647 693 3705 vicissim
734 3649 1037 3707 inimicitiis
1069 3651 1366 3723 impetunt,
1410 3650 1566 3723 quasi
1588 3650 1938 3708 adversantes

342 3756 403 3797 se
432 3737 594 3795 undae
622 3737 908 3797 collidunt.
954 3741 1120 3800 Recte
1168 3739 1372 3798 etenim
1411 3756 1562 3796 mare
1602 3741 1718 3795 vita
1762 3756 1937 3797 saecu-

343 3828 541 3886 larium
575 3827 801 3900 dicitur,
831 3829 961 3904 quia
992 3829 1124 3887 dum
1155 3828 1474 3902 procellosis
1503 3829 1786 3887 actionum
1816 3845 1939 3885 mo-

342 3917 492 3975 tibus
518 3919 849 3990 concitatur,
878 3920 948 3977 ab
986 3920 1218 3977 internae
1260 3919 1539 3992 sapientiae
1569 3920 1751 3994 quiete
1780 3925 1941 3995 atque

343 4008 640 4066 stabilitate
676 4009 1033 4083 disjungitur.
1084 4009 1206 4077 Quo
1254 4016 1444 4065 contra
1485 4008 1623 4066 bene
1669 4026 1765 4083 per
1819 4026 1940 4082 pro-

346 4097 564 4169 phetam
591 4098 829 4156 dicitur:
867 4101 1040 4172 Super
1064 4115 1219 4172 quem
1243 4099 1525 4171 requiescet
1537 4099 1758 4173 spiritus
1776 4114 1939 4167 meus,

349 4188 450 4243 nisi
477 4205 636 4261 super
662 4189 913 4245 humilem
939 4195 991 4244 et
1014 4189 1266 4261 quietum,
1296 4196 1344 4245 et
1372 4196 1665 4246 trementem
1684 4204 1945 4245 sermones

348 4294 482 4333 meos
514 4278 670 4345 (Isai.
730 4279 1014 4351 var,2)?
1062 4280 1112 4335 A
1154 4279 1386 4335 terrenis
1426 4286 1607 4335 autem
1666 4272 1944 4335 mentibus

351 4374 504 4423 tanto
530 4368 749 4440 longius
766 4368 994 4441 spiritus
1018 4368 1179 4441 fugit,
1200 4376 1406 4441 quanto
1424 4367 1569 4440 apud
1588 4367 1688 4424 has
1704 4367 1943 4441 quietem

246 4472 257 4483 κ
352 4470 467 4511 non
496 4454 726 4511 invenit.
747 4457 889 4513 Hinc
914 4465 996 4514 est
1023 4457 1171 4513 enim
1193 4457 1340 4529 quod
1386 4457 1452 4513 de
1489 4456 1819 4530 quibusdam
1850 4472 1947 4529 per

351 4546 698 4603 Psalmistam
739 4547 973 4604 dicitur:
1025 4548 1286 4604 Contritio
1332 4556 1379 4603 et
1414 4548 1699 4618 infelicitas
1740 4548 1799 4603 in
1844 4548 1944 4604 viis

355 4652 549 4705 eorum,
578 4643 627 4691 et
654 4636 796 4692 uiam
820 4637 972 4709 pacis
999 4653 1104 4692 non
1125 4642 1476 4706 cognoverunt
1501 4636 1673 4707 (Psal.
1706 4653 1831 4703 xm,
1858 4636 1938 4708 3).

358 4727 404 4780 Α
429 4741 531 4798 qua
557 4727 828 4784 nimirum
855 4727 1194 4785 contritione
1223 4725 1652 4798 perturbationis
1694 4742 1794 4781 nos
1824 4726 1945 4781 Do-

358 4814 534 4873 minus
562 4824 807 4887 revocat,
840 4818 1060 4876 diceus:
1101 4817 1276 4878 Venite
1301 4817 1373 4872 ad
1399 4833 1499 4885 me,
1529 4832 1703 4872 omnes
1730 4816 1823 4887 qui
1855 4818 1946 4872 Ia-

357 4904 548 4962 boratis
592 4915 641 4963 et
683 4908 894 4965 onerati
933 4908 1077 4975 estis,
1125 4914 1173 4964 et
1214 4926 1302 4980 ego
1341 4925 1433 4963 vos
1478 4906 1754 4979 reﬁciam;
1784 4906 1947 4962 tollite

344 4993 533 5068 iugum
562 5014 735 5055 meum
775 5016 938 5071 super
980 5016 1092 5067 vos,
1135 5004 1185 5055 et
1227 4998 1408 5054 discite
1434 5015 1469 5053 α
1506 5013 1608 5063 me,
1638 4995 1765 5067 quia
1806 4995 1947 5051 mitis

355 5100 468 5141 sum
496 5092 546 5143 et
586 5086 808 5145 humilis
833 5088 1009 5156 corde,
1037 5094 1087 5146 et
1110 5086 1386 5145 invenietis
1412 5084 1645 5159 requiem
1672 5084 1949 5142 animabus

432 5301 694 5377 ’Norrn.,
724 5302 853 5374 quia
904 5305 1183 5377 relegatus.
1226 5296 1378 5360 Editi
1418 5318 1608 5359 omnes
1656 5317 1781 5360 cum
1832 5300 1956 5357 aliis

354 5371 509 5441 Mss.,
538 5371 815 5445 religatus.

427 5445 449 5478 ²
480 5445 697 5516 Germ.,
728 5446 966 5516 Gemet.,
999 5447 1023 5501 1
1056 5446 1231 5502 Laud.
1266 5453 1321 5503 et
1348 5445 1511 5505 Corb.
1545 5445 1757 5515 Germ.,
1785 5462 1961 5502 erum-

349 5514 450 5591 ρίι,
479 5489 524 5591 Ξ
533 5489 1726 5591 manuatus.Tamensisuttmat

426 5589 449 5621 ³
480 5588 664 5644 Aliter
707 5606 838 5647 cum
886 5587 1070 5647 Ge'rm.
1118 5597 1171 5645 et
1200 5587 1363 5646 Corb.
1413 5587 1624 5659 cum,
1670 5590 1800 5649 dum
1844 5589 1959 5647 vias

353 5660 1027 5804 mam
1056 5732 1363 5794 amaritudo
1390 5732 1651 5805 signatur.

2030 1852 2333 1901 nascuntur
2358 1852 2414 1900 et
2438 1843 2725 1911 deﬁciunt,
2755 1857 2875 1897 eam
2904 1842 3232 1898 suavitatem
3261 1846 3283 1880 ⁸
3314 1860 3421 1917 qua
3449 1862 3630 1902 unus—

2032 1940 2263 2013 quisque
2292 1936 2623 1997 intrinsecus
2637 1953 2733 2008 per
2751 1934 3009 2008 spiritum
3026 1943 3227 1993 unctus
3254 1945 3339 1993 est
3369 1939 3628 2011 perdunt,

2033 2028 2295 2102 quoniam
2342 2026 2655 2099 integritate
2701 2024 2820 2097 ejus
2865 2025 3073 2098 perfrui
3126 2041 3239 2082 non
3279 2029 3626 2099 permittunt.

2034 2120 2307 2192 Egyptus
2335 2134 2464 2192 ergo
2494 2115 2698 2186 muscis
2728 2117 3053 2201 percutitur,
3089 2115 3219 2188 quia
3247 2135 3437 2176 eorum
3467 2119 3629 2176 corda

2035 2217 2127 2290 qui
2172 2223 2445 2272 terrenam
2484 2215 2657 2272 vitam
2700 2214 2960 2286 diligunt,
2994 2217 3016 2250 ⁸
3045 2215 3177 2270 dum
3228 2210 3631 2269 desideriorum

2034 2321 2259 2363 suorum
2292 2305 2768 2379 inquietudinibus
2796 2304 3092 2371 feriuntur,
3122 2303 3303 2358 turbis
3333 2298 3634 2372 cogitatio-

2035 2412 2169 2452 num
2194 2396 2497 2451 carnalium
2527 2395 2595 2449 ad
2625 2394 2736 2448 ima
2763 2394 3015 2464 depressa
3062 2399 3209 2458 sunt,
3247 2396 3308 2445 ut
3336 2388 3404 2445 ad
3434 2387 3635 2461 quietis

2036 2483 2248 2538 intimae
2296 2480 2630 2537 desiderium
2673 2497 2785 2537 non
2828 2472 3103 2536 leventur.
3139 2478 3293 2536 Unde
3342 2492 3467 2534 cum
3497 2476 3636 2531 mira

2036 2597 2137 2653 ope
2168 2579 2389 2653 pietatis
2415 2578 2484 2636 ad
2511 2596 2605 2637 cor
2632 2578 2836 2636 veritas
2865 2578 3040 2647 venit,
3063 2575 3216 2650 prius
3243 2574 3312 2633 ab
3341 2591 3405 2632 eo
3433 2573 3649 2647 cogita:

2036 2671 2252 2728 tionum
2283 2669 2587 2727 carnalium
2616 2676 2780 2727 aestus
2807 2667 2978 2740 ejicit,
3010 2676 3063 2724 et
3094 2675 3215 2740 post
3244 2665 3305 2723 in
3355 2681 3419 2721 eo
3448 2664 3636 2719 virtu-

2036 2769 2153 2833 tum
2185 2759 2331 2817 dona
2360 2758 2622 2831 disponit.
2656 2757 2813 2827 Quod
2840 2758 2979 2814 bene
3010 2755 3173 2812 nobis
3201 2771 3351 2813 sacra
3379 2755 3641 2825 Evange-

2038 2849 2101 2905 lii
2144 2848 2377 2906 historia
2410 2848 2616 2916 innuit,
2663 2847 2722 2904 in
2768 2864 2875 2921 qua
2930 2846 3064 2901 dum
3106 2845 3175 2901 ad
3204 2843 3640 2902 resuscitandam

2039 2940 2209 2997 ﬁliam
2235 2938 2502 3011 principis
2532 2936 2796 2991 invitatus
2824 2934 3097 2990 Dominus
3115 2933 3426 3002 duceretur,
3459 2931 3642 3003 proti-

2038 3044 2142 3084 nus
2171 3024 2394 3081 additur
2425 3042 2436 3080 :
2472 3024 2543 3079 Et
2569 3039 2686 3078 cum
2739 3020 2897 3091 ejecta
2926 3027 3053 3077 esset
3101 3020 3280 3087 turba,
3311 3020 3562 3088 intravit,
3597 3025 3647 3074 et

1956 3123 2002 3185 ί]
2039 3119 2200 3175 tenuit
2226 3132 2439 3171 manum
2460 3112 2593 3185 ejus,
2622 3119 2669 3169 et
2696 3110 2933 3168 surrexit
2947 3113 3129 3184 puella
3165 3112 3376 3185 (Matth.
3414 3129 3492 3182 rx,
3523 3110 3640 3184 25).

2043 3211 2209 3266 Foras
2238 3221 2366 3279 ergo
2392 3203 2554 3260 turba
2583 3200 2824 3273 ejicitur,
2858 3209 2923 3257 ut
2954 3202 3137 3275 puella
3168 3202 3486 3271 suscitetur,
3519 3198 3647 3275 quia

2043 3299 2089 3354 si
2118 3312 2229 3353 non
2261 3294 2414 3369 prius
2443 3311 2473 3349 a
2502 3292 2895 3350 secretioribus
2926 3293 3108 3351 cordis
3128 3292 3425 3365 expellitur
3445 3291 3646 3366 impor-

2044 3398 2177 3445 tuna
2216 3386 2563 3445 smcularium
2606 3385 2913 3443 multitudo
2970 3400 3250 3455 curarum,
3299 3384 3483 3441 anima
3528 3402 3646 3458 quae

2046 3478 2377 3535 intrinsecus
2399 3476 2545 3551 jacet
2574 3484 2792 3532 mortua
2828 3492 2939 3532 non
2972 3475 3232 3549 resurgit.
3263 3476 3400 3532 Nam
3431 3474 3564 3531 dum
3592 3492 3648 3531 se

2046 3584 2141 3642 per
2166 3568 2484 3625 innumeras
2498 3574 2841 3624 terrenorum
2857 3565 3257 3623 desideriorum
3293 3565 3650 3638 cogitationes

2047 3659 2273 3732 spargit,
2303 3657 2372 3714 ad
2404 3656 2901 3715 considerationem
2933 3657 3018 3712 sui
3050 3674 3163 3713 sese
3196 3655 3513 3710 nullatenus
3542 3655 3649 3711 col-

2049 3746 2189 3819 ligit.
2224 3750 2283 3803 In
2314 3747 2403 3802 his
2430 3747 2616 3820 itaque
2644 3745 3096 3818 inquietudinum
3116 3743 3376 3801 ﬂuctibus
3405 3743 3651 3797 habitare

2049 3837 2372 3910 sapientiam
2401 3851 2512 3889 non
2541 3851 2695 3906 posse
2714 3849 3069 3903 cognoscens,
3096 3833 3174 3885 ait
3195 3851 3205 3885 :
3224 3834 3298 3886 Et
3320 3849 3467 3885 mare
3486 3830 3651 3901 loqui-

2053 3934 2184 3983 tur:
2246 3924 2366 3981 Non
2421 3928 2495 3979 est
2542 3940 2764 3979 mecum.
2796 3921 2994 3979 Nullus
3052 3918 3251 3993 quippe
3302 3935 3420 3975 eam
3452 3919 3655 3991 7plene

2050 4014 2267 4090 recipit,
2298 4014 2406 4071 nisi
2454 4013 2548 4088 qui
2592 4013 2659 4070 ab
2705 4011 2859 4069 omni
2900 4027 2955 4067 se
3007 4008 3323 4066 abstrahere
3371 4009 3655 4068 actionum

2052 4106 2355 4166 carnalium
2386 4104 2744 4162 ﬂuctuatione
2773 4102 3078 4161 contendit.
3108 4101 3259 4160 Unde
3281 4110 3335 4159 et
3366 4103 3501 4160 alias
3523 4100 3657 4159 dici-

2052 4207 2142 4255 tur
2175 4216 2186 4254 :
2223 4194 2494 4269 Sapientia
2535 4193 2721 4250 scriba:
2748 4193 2803 4250 in
2834 4200 3059 4265 tempore
3106 4191 3223 4258 otii,
3282 4197 3328 4247 et
3355 4191 3448 4262 qui
3492 4191 3658 4247 miuo-

2052 4294 2211 4345 ratur
2264 4291 2406 4352 actu,
2436 4285 2545 4357 ipse
2568 4282 2822 4356 percipiet
2866 4300 2979 4339 eam
3007 4282 3206 4352 (Eccli.
3258 4298 3506 4349 xxxvm,
3536 4281 3656 4350 25).

2052 4381 2124 4435 Et
2154 4393 2417 4434 rursum:
2479 4376 2663 4433 Vacate
2720 4381 2769 4429 et
2821 4373 3008 4439 videte,
3038 4374 3058 4407 ⁸
3089 4373 3345 4446 quoniam
3400 4390 3488 4444 ego
3543 4388 3663 4427 sum

1970 4492 2021 4551 D
2056 4469 2197 4526 Deus
2234 4466 2415 4537 (Psal.
2450 4482 2541 4531 Lv,
2576 4465 2691 4536 II).

2126 4557 2265 4633 [Vet.
2298 4551 2526 4627 XXIX]
2559 4552 2647 4609 69.
2679 4551 2797 4611 Nisi
2825 4550 2899 4607 eis
2928 4569 3034 4607 non
3066 4557 3276 4609 terre-no
3307 4551 3482 4608 studio
3539 4566 3662 4606 ser-

2049 4650 2250 4707 eiatur.
2282 4676 2354 4687 —
2378 4642 2485 4701 Sed
2511 4641 2647 4717 quid
2668 4651 2748 4699 est
2774 4641 2920 4716 quod
2950 4642 3250 4717 plerosque
3308 4641 3663 4714 antiquorum

2051 4747 2268 4812 patrum
2306 4735 2568 4792 novimus
2588 4720 2741 4792 hanc
2768 4731 3091 4806 sapientiam
3124 4741 3177 4790 et
3212 4731 3549 4789 intrinsecus
3568 4726 3664 4812 vi-

2052 4811 2262 4884 vaciter
2276 4822 2539 4892 tenuisse,
2561 4830 2615 4879 et
2642 4837 2803 4879 curas
2819 4818 3011 4876 mundi
3034 4819 3390 4876 extrinsecus
3409 4811 3663 4873 solemni-

2052 4923 2138 4972 ter
2165 4913 2507 4971 ministrasse
2534 4913 2752 4985 (Genes.
2786 4929 2903 4981 xu,
2940 4910 3029 4980 43,
3060 4908 3208 4979 etc.)
3238 4910 3266 4966 ‘i‘
3309 4908 3397 4963 An
3445 4918 3664 4976 percep-

2053 5002 2205 5060 tione
2231 5000 2402 5075 hujus
2429 5000 2713 5076 sapientiae
2732 5001 2930 5074 Joseph
2962 4999 3242 5072 privatum
3266 4991 3546 5061 dicimus,
3571 4990 3667 5067 qui

2059 5093 2223 5150 famis
2250 5099 2494 5167 tempore
2520 5092 2692 5151 totius
2720 5089 2949 5164 [Egypti
2974 5101 3134 5144 curas
3162 5083 3492 5159 suscipiens,
3552 5099 3668 5143 non

2134 5304 2155 5338 ⁵
2186 5304 2219 5359 2
2247 5302 2445 5370 Laud.,
2473 5317 2632 5371 quam
2662 5295 3083 5369 unusquisque...
3114 5300 3300 5351 unctus
3344 5294 3520 5361 habet,
3547 5311 3669 5367 per-

2065 5376 2346 5501 duianeest
2389 5444 2515 5498 dum
2560 5440 2617 5497 in
2648 5442 2861 5510 Norm.,
2892 5440 3103 5510 Germ.,
3134 5441 3167 5498 2
3195 5440 3369 5499 Laud.
3402 5446 3457 5496 et
3503 5436 3666 5495 Corb.

2068 5519 2231 5576 Germ
2242 5560 2254 5571 .

2130 5592 2160 5659 ,⁷
2195 5590 2433 5657 Gemet.,
2460 5588 2639 5661 plane.

2143 5661 2166 5697 ⁸
2194 5662 2385 5719 Norm.
2419 5656 2477 5717 et
2499 5660 2601 5733 pL,
2631 5660 2886 5733 quoniam
2911 5676 3001 5735 ego
3024 5674 3141 5716 sum
3167 5656 3446 5715 Dominus.
