4172 6184
486 360 553 432 79
1687 340 1937 399 SANCTI
1975 339 2312 398 GREGOPJI
2350 335 2577 395 MAGNI
3715 333 3784 390 eo

485 483 663 539 solum
691 451 968 552 Egjrptiis
987 474 1248 531 alimenta
1265 469 1520 544 praebuit,
1541 467 1636 524 sed
1657 467 1830 534 vitam
1855 481 2070 540 quoque
2099 467 2152 525 A
2183 473 2243 521 ut
2271 466 2422 522 aliud
2440 465 2775 522 intrinsecus
2795 471 2948 530 voto,
2976 461 3130 518 aliud
3158 461 3506 518 extrinsecus
3533 469 3788 518 teneatur

485 577 800 628 exterorum
853 559 1267 621 advenientium
1316 555 1613 614 ministerii
1669 554 1756 612 sui
1804 561 1920 609 arte
1965 568 2076 609 ser-

484 659 639 716 vavit
667 657 696 713 7
721 655 810 712 An
833 653 902 710 ab
931 653 1034 709 hac
1061 647 1330 722 sapientia
1354 646 1547 704 Daniel
1577 644 1788 700 alienus
1839 640 2075 710 exstitit,

487 749 580 822 qui
609 765 642 802 a
669 743 1054 808 Chaldaeorum
1083 755 1207 812 rege
1237 739 1295 794 in
1329 733 1636 808 Babylonia
1679 733 1936 822 princeps
1965 747 2074 787 ma-

485 821 813 910 gistratuum
869 830 1115 898 eﬂ'ectus,
1159 834 1316 884 tanto
1369 823 1674 897 majoribus
1724 821 1874 878 curis
1901 837 2079 878 occu—

485 909 643 998 patus
668 929 771 990 est,
803 927 1009 994 quanto
1055 924 1110 973 et
1156 914 1472 974 sublimiori
1511 911 1783 984 dignitate
1821 909 2080 966 omnibus

485 1013 742 1087 pralatus
767 1011 942 1083 (Dan.
975 1026 1037 1076 11,
1066 1007 1166 1078 48)
1187 1007 1214 1062 ?
1245 1006 1384 1062 Cum
1406 1002 1575 1075 igitur
1603 1008 1818 1058 constet
1843 999 2081 1070 plerum-

485 1118 592 1176 que
619 1101 785 1158 etiam
811 1101 986 1157 bonos
1012 1113 1128 1154 non
1169 1104 1391 1152 terreno
1437 1091 1624 1149 studio
1653 1088 1890 1147 terrenis
1930 1087 2082 1146 curis

485 1189 784 1266 implicari,
810 1197 1057 1262 patenter
1075 1183 1426 1260 agnoscimus
1440 1182 1571 1256 quia
1582 1181 1665 1238 sic
1682 1194 2080 1252 nonnunquam

378 1283 401 1303 ‘
486 1283 636 1340 cives
661 1281 962 1338 Jerusalem
1003 1275 1254 1349 angarias
1275 1275 1502 1332 solvunt
1547 1269 1892 1345 Babylonia,
1939 1269 2084 1326 sicut

487 1387 629 1445 saepe
647 1371 798 1428 cives
814 1367 1134 1441 Babylonia
1148 1364 1478 1438 impendunt
1495 1361 1745 1434 angarias
1759 1360 2078 1416 Jerusalem.

484 1457 625 1520 Nam
643 1467 778 1518 sunt
799 1457 1058 1516 nonnulli
1079 1457 1174 1530 qui
1194 1455 1428 1512 verbum
1457 1454 1586 1509 vita
1609 1467 1708 1523 pro
1728 1451 1846 1506 sola
1873 1448 2082 1520 sapien-

487 1557 580 1613 tia
632 1553 998 1614 ostentatione
1049 1550 1370 1624 pradicant,
1413 1547 1887 1616 eleemosynarum
1924 1558 2084 1614 opem

489 1659 588 1716 pro
613 1642 860 1716 appetitu
887 1655 1044 1697 vanae
1071 1637 1257 1710 gloria
1285 1633 1726 1693 subministrant.
1759 1633 1831 1686 Et
1859 1631 2084 1704 quidem

488 1733 788 1790 Jerusalem
815 1729 1080 1786 videntur
1104 1743 1218 1784 esse
1239 1741 1361 1799 qua
1389 1731 1582 1798 agunt,
1610 1721 1707 1779 sed
1726 1725 1872 1784 590
1898 1727 2084 1776 tamen

489 1825 808 1901 Babylonia
835 1825 986 1883 cives
1012 1831 1162 1881 sunt.

561 1917 648 1974 70.
681 1917 792 1972 Deo
817 1915 921 1970 soli
933 1931 1122 1970 cacare
1141 1911 1458 1984 cupiendum
1484 1915 1578 1977 est,
1606 1913 1655 1963 et
1680 1906 1825 1963 curis
1852 1905 2086 1962 externis

397 2031 402 2036 ·
491 2024 556 2063 ea:
581 2005 680 2063 Dei
706 2007 974 2062 voluntate
1002 2001 1354 2058 serviendum.
1371 1999 1549 2058 —Sic
1576 1999 1762 2072 itaque
1789 1996 2086 2070 aliquando

490 2093 764 2167 contingit
791 2100 854 2149 ut
895 2092 991 2166 qui
1032 2092 1205 2148 solam
1253 2091 1528 2147 caelestem
1557 2085 1794 2161 patriam
1824 2085 2084 2158 diligunt,

488 2191 721 2240 terrena
747 2181 939 2256 patria
980 2181 1130 2238 curis
1181 2177 1463 2251 subjacere
1491 2176 1806 2233 videantur.
1839 2174 2087 2243 Quorum

402 2269 415 2280 ’
489 2278 676 2328 tamen
697 2269 1068 2328 ministerium
1087 2286 1120 2324 a
1147 2285 1443 2342 pravorum
1479 2265 1738 2338 operibus
1765 2265 2088 2338 plerumque

489 2359 552 2415 in
579 2367 726 2426 actu,
757 2374 1156 2430 nonnunquam
1188 2373 1318 2412 vero
1347 2363 1473 2411 ante
1519 2370 1818 2426 supernum
1843 2349 2086 2424 judicem

492 2447 551 2504 in
579 2448 696 2504 sola
723 2445 1055 2518 cogitatione
1072 2443 1426 2498 discernitur.
1449 2441 1604 2496 Pleni
1624 2441 1827 2511 quippe
1855 2454 2091 2510 superna

491 2533 763 2608 sapientia
787 2532 1112 2590 discernunt
1139 2529 1379 2604 qualiter
1421 2527 1658 2584 debeant
1693 2529 1708 2562 ¹
1737 2534 1793 2581 et
1819 2525 1890 2581 ad
1939 2525 2092 2581 aliud

445 2633 460 2640 ‘
494 2639 688 2681 vacare
707 2622 1062 2690 intrinsecus,
1092 2627 1147 2676 et
1175 2619 1244 2676 ad
1272 2617 1428 2676 aliud
1453 2615 1804 2674 extrinsecus
1831 2614 2090 2688 occupari

493 2719 558 2768 ut
585 2712 633 2768 si
662 2711 804 2768 forte
857 2710 1074 2768 occulta
1119 2707 1220 2765 Dei
1252 2705 1601 2764 ordinatione
1630 2703 1844 2778 aliquid
1871 2702 1950 2760 eis
1978 2718 2091 2759 non

465 2791 470 2794 ’
495 2799 879 2874 appetentibus
890 2799 958 2856 de
987 2797 1155 2872 hujus
1169 2797 1355 2854 saculi
1376 2795 1526 2854 curis
1545 2793 1873 2868 imponitur,
1895 2791 2094 2850 cedant

494 2893 610 2947 Deo
639 2905 802 2964 quem
843 2887 1102 2962 diligunt,
1133 2895 1188 2944 et
1243 2903 1354 2960 pra
1399 2901 1586 2942 amore
1613 2883 1734 2956 ejus
1762 2880 2095 2938 intrinsecus

495 2983 668 3039 solam
698 2979 852 3037 illius
879 2979 1193 3036 desiderent
1221 2978 1494 3035 visionem
1527 2993 1542 3042 ;
1575 2991 1686 3048 pra
1714 2973 1916 3030 timore
1961 2987 2094 3028 vero

495 3069 614 3144 ejus
643 3069 958 3144 impositam
980 3068 1086 3125 sibi
1103 3066 1450 3125 extrinsecus
1461 3063 1754 3122 humiliter
1783 3063 1806 3098 ²
1837 3053 2096 3135 expleant

493 3159 790 3226 actionem,
815 3165 879 3214 ut
904 3165 961 3213 et
1013 3172 1208 3213 vacare
1235 3158 1350 3212 Deo
1404 3161 1663 3225 appetant
1699 3169 1771 3208 ex
1798 3151 1972 3224 gratia
1997 3149 2095 3207 di-

493 3246 772 3314 lectionis,
799 3253 856 3302 et
908 3261 1127 3302 rursum
1161 3260 1322 3302 curas
1370 3241 1824 3315 superimpositas
1853 3257 1923 3297 ex
1951 3257 2095 3296 con—

497 3335 710 3394 ditione
757 3335 1015 3408 expleant
1061 3331 1366 3390 servitutis.
1399 3331 1651 3410 Cumque
1705 3329 2097 3402 occupationes

497 3427 842 3485 extrinsecus
869 3431 1240 3498 perstrepunt,
1274 3421 1612 3480 intrinsecus
1639 3421 1700 3477 in
1729 3436 1914 3476 amore
1942 3434 2096 3491 paca-

496 3519 716 3574 tissima
730 3517 888 3590 quies
913 3521 1166 3581 tenetur;
1200 3515 1222 3550 ³
1251 3521 1416 3586 atque
1435 3510 1866 3584 occupationum
1893 3507 2098 3564 tumul-

498 3614 590 3664 tus
645 3604 892 3662 exterius
919 3608 1322 3677 perstrepentes
1349 3600 1633 3674 dispensat
1681 3597 1917 3655 interius
1947 3612 2100 3668 pra-

499 3695 684 3752 sidens
731 3693 906 3766 judex
959 3691 1125 3760 ratio,
1155 3699 1210 3747 et
1254 3690 1560 3764 tranquillo
1617 3685 1996 3744 moderamine
2036 3699 2101 3740 ea

499 3798 620 3855 qua
648 3780 796 3838 circa
823 3795 882 3837 se
909 3778 1095 3835 minus
1140 3785 1270 3834 sunt
1299 3775 1603 3848 tranquilla
1648 3771 1912 3847 disponit.
1945 3771 2102 3828 Sicut

499 3870 648 3926 enim
680 3869 836 3941 vigor
864 3867 1066 3924 mentis
1093 3865 1378 3922 frenandis
1398 3871 1595 3937 praest
1622 3861 1868 3919 motibus
1893 3861 2098 3929 carnis,

499 3960 578 4017 sic
604 3974 745 4030 sape
771 3956 1227 4029 superimpositos
1251 3957 1526 4011 tumultus
1549 3951 1935 4025 occupationis
1961 3951 2100 4008 bene

501 4047 644 4120 regit
662 4061 817 4101 amor
845 4042 1068 4116 quietis,
1099 4043 1229 4116 quia
1257 4041 1558 4098 exteriores
1585 4055 1732 4094 cura
1759 4038 1807 4093 si
1837 4053 2102 4108 perverso

501 4147 688 4190 amore
745 4147 857 4186 non
899 4136 1252 4202 appetuntur,
1283 4143 1395 4182 non
1423 4123 1678 4190 confuso,
1706 4122 1802 4178 sed
1847 4121 2102 4178 ordinato

501 4217 690 4279 animo
718 4219 1021 4276 ministrari
1050 4223 1280 4292 queunt.
1313 4212 1502 4272 Sancti
1523 4211 1729 4269 etenim
1759 4211 1870 4268 viri
1901 4227 2102 4285 nequa-

501 4326 667 4384 quam
695 4324 787 4365 eas
819 4314 1105 4381 appetunt,
1126 4305 1223 4364 sed
1243 4303 1462 4361 occulto
1481 4300 1677 4358 ordine
1705 4299 1812 4357 sibi
1837 4298 2104 4372 superim-

501 4398 708 4474 positas
735 4404 962 4471 gemunt
992 4414 1006 4464 ;
1039 4403 1093 4452 et
1123 4392 1378 4468 quamvis
1405 4391 1532 4448 illas
1557 4406 1656 4462 per
1705 4389 1993 4446 meliorem
2023 4387 2104 4443 in-

499 4487 806 4546 tentionem
861 4485 1098 4558 fugiant,
1154 4492 1340 4540 tamen
1386 4497 1484 4555 per
1539 4479 1816 4538 subditam
1865 4485 2106 4536 mentem

502 4584 746 4651 portant.
779 4576 927 4644 Quas
981 4573 1204 4648 quidem
1238 4585 1610 4643 summopere,
1645 4569 1692 4626 si
1716 4569 1900 4638 liceat,
1930 4568 2108 4624 vitare

503 4665 806 4734 festinant;
837 4665 934 4722 sed
961 4665 1220 4722 timentes
1249 4662 1494 4720 occultas
1514 4658 1958 4733 dispensationes
1983 4657 2106 4726 Dei,

503 4765 696 4815 tenent
715 4755 864 4833 quod
880 4756 1126 4830 fugiunt,
1142 4761 1196 4810 et
1225 4757 1486 4809 exercent
1499 4749 1648 4824 quod
1668 4749 1867 4805 vitant.
1891 4749 2108 4804 lntrant

505 4847 656 4905 enim
676 4846 746 4904 ad
773 4863 870 4904 cor
887 4850 1135 4912 suum,et
1153 4841 1232 4898 ibi
1252 4839 1554 4898 consulunt
1568 4837 1706 4912 quid
1725 4836 1864 4894 velit
1890 4835 2110 4893 occulta

508 4937 769 4994 voluntas
794 4932 896 4992 Dei
928 4951 943 5002 ;
971 4946 1200 5004 seseque
1224 4927 1474 4986 subditos
1501 4927 1702 4984 debere
1727 4941 1843 4984 esse
1873 4923 2110 4982 summis

510 5025 954 5085 ordinationibus
1008 5025 1428 5096 cognoscentes,
1476 5016 1778 5074 humiliant
1829 5014 2108 5074 cervicem

513 5113 696 5169 cordis
743 5113 878 5188 jugo
931 5109 1138 5170 divina
1187 5105 1633 5180 dispensationis.
1682 5104 1948 5178 Quisquis
1976 5117 2110 5158 vero

514 5201 643 5259 talis
668 5210 771 5272 est,
814 5203 1047 5276 quilibet
1100 5199 1374 5258 tumultus
1428 5202 1715 5252 versentur
1743 5193 2112 5268 extrinsecus,

517 5307 802 5366 nunquam
821 5291 890 5348 ad
911 5291 1028 5364 ejus
1048 5290 1315 5350 interiora
1336 5286 1688 5362 perveniunt.
1715 5286 1902 5357 Itaque
1932 5285 2116 5358 agitur

599 5515 613 5546 ¹
647 5511 852 5568 Turon.
885 5516 940 5564 et
966 5509 1180 5574 Norm.,
1207 5515 1255 5563 et
1281 5507 1433 5564 aliud
1459 5505 1781 5562 extrinsecus
1802 5503 2041 5577 operari,
2069 5507 2121 5559 et

523 5585 595 5640 ad
619 5583 770 5640 aliud
799 5597 988 5636 vacare
1013 5578 1325 5632 intrinsecus
1357 5595 1373 5631 :
1399 5585 1461 5639 ut
1487 5578 1554 5643 si,
1587 5585 1692 5634 etc.

597 5656 619 5690 ²
649 5657 770 5712 Duo
797 5650 1020 5708 Ebroic.
1049 5657 1104 5704 et
1131 5649 1303 5716 Prat.,
1329 5649 1621 5704 exhibeant.

598 5729 619 5762 ³
651 5727 732 5784 Ita
759 5724 992 5797 legimus
1041 5721 1100 5776 in
1153 5721 1282 5797 ltiss.
1341 5718 1570 5797 Turon.,
1620 5719 1856 5788 Bellov,
1912 5717 2112 5797 La_1_1d.,

528 5797 723 5868 Vind,
754 5789 968 5865 N6rm.,
1015 5801 1145 5861 etc.,
1174 5792 1360 5850 Germ.
1401 5789 1565 5846 habet
1593 5797 1750 5861 atque
1781 5789 2118 5861 occupatione

2112 1821 2160 1880 B

2154 2001 2161 2018 .
2195 1959 2340 2027 Quid
2366 1975 2603 2033 namque
2629 1975 2726 2032 per
2751 1973 2948 2015 aurum
2973 1955 3244 2028 obryzum
3273 1951 3386 2009 nisi
3413 1949 3591 2008 sancti
3611 1948 3791 2022 angeli

2185 555 2397 622 ofﬁcio;
2431 563 2486 610 et
2512 555 2614 611 hac
2641 553 2908 626 sapientia
2952 566 3065 608 non
3104 549 3222 623 jam
3269 549 3596 606 turbulenta
3624 557 3789 624 atque

2185 644 2434 712 confusa,
2465 644 2561 700 sed
2589 641 2887 716 tranquilla
2917 639 3084 698 corda
3111 637 3447 712 repleantur.
3480 638 3626 693 Bene
3661 655 3790 712 ergo

2186 730 2253 788 de
2280 749 2344 788 ea
2370 733 2575 790 dicitur
2602 731 2732 806 quia
2758 731 2996 802 Abyssus
3039 727 3199 784 dicit:
3233 727 3354 782 Non
3386 731 3462 781 est
3509 725 3568 780 in
3606 743 3710 792 me,
3739 733 3789 782 et

2187 839 2334 880 mare
2361 823 2634 893 loquitur:
2667 823 2790 880 Non
2809 826 2886 876 est
2908 833 3127 874 mecum.
3161 817 3244 872 Ac
3270 813 3318 871 si
3348 821 3536 886 aperte
3563 813 3789 871 dicere-

2188 921 2313 969 tur:
2335 909 2670 968 Perturbata
2690 916 2899 965 mentes
2919 903 3265 964 sacularium
3293 918 3358 958 eo
3374 901 3496 973 ipso
3525 902 3790 970 clamant,

2190 1002 2451 1074 quoniam
2497 1018 2531 1056 a
2557 1015 2686 1056 vera
2721 996 2989 1070 sapientia
3044 994 3206 1064 longe
3243 989 3440 1047 divisa
3488 997 3642 1057 sunt,
3681 1007 3790 1062 quo

2191 1078 2387 1163 quieta
2417 1106 2527 1146 non
2573 1095 2722 1144 sunt.
2755 1085 2894 1154 Quia
2936 1099 3068 1139 vero
3097 1080 3217 1136 hac
3243 1078 3342 1135 Dei
3371 1075 3640 1150 sapientia
3669 1092 3796 1132 ma-

2191 1195 2328 1234 nens
2355 1196 2481 1235 cum
2511 1180 2669 1234 Patre
2697 1184 2822 1232 ante
2851 1173 3052 1232 sacula
3082 1167 3423 1227 incarnanda
3451 1173 3568 1222 erat
3596 1165 3655 1221 in
3683 1167 3794 1222 ﬁne

2191 1266 2542 1332 saculorum,
2563 1273 2625 1321 ut
2647 1264 2716 1321 ad
2735 1260 3119 1320 redimendum
3147 1273 3318 1330 genus
3337 1255 3647 1310 humanum
3675 1268 3787 1308 non

2192 1363 2410 1412 sanctos
2437 1357 2680 1428 angelos,
2711 1371 2822 1410 non
2841 1351 3022 1424 justos
3041 1347 3300 1406 homines
3315 1343 3584 1411 mitteret,
3617 1341 3713 1398 sed
3731 1341 3786 1396 in

2193 1445 2634 1500 manifestatione
2675 1445 2697 1478 ‘
2727 1441 2961 1498 visionis
3006 1455 3104 1511 per
3155 1433 3512 1506 semetipsam
3555 1431 3792 1498 veniret,

2195 1541 2337 1589 recte
2363 1531 2717 1604 subjungitur
2741 1548 2754 1588 :

2557 1655 2786 1716 CAPUT
2809 1653 2990 1712 XLIV
3027 1653 3172 1728 [Rea
3207 1648 3435 1724 XXVI].
3592 1733 3606 1743 1

2265 1765 2438 1824 Vnus.
2471 1765 2556 1822 15.
2581 1795 2651 1807 —-
2679 1765 2800 1823 Non
2827 1763 3045 1820 dabitur
3071 1777 3268 1818 aurum
3294 1758 3552 1830 obryzum
3573 1771 3678 1828 pro
3707 1771 3787 1810 ea.

2267 1871 2355 1926 71.
2386 1869 2576 1942 Angeli
2610 1871 2676 1926 ab
2713 1869 2858 1925 omni
2899 1869 3012 1925 labe
3039 1865 3245 1934 mundi,
3288 1880 3394 1919 non
3423 1861 3674 1918 homines.
3709 1887 3780 1902 --

2195 2048 2551 2122 designantur
2570 2049 2598 2104 ?
2627 2047 2733 2116 Qui
2761 2049 2906 2104 recte
2931 2053 2986 2102 et
3007 2060 3204 2101 aurum
3233 2048 3524 2109 vocantur,
3547 2047 3603 2095 et
3618 2037 3797 2111 chry—

2194 2154 2340 2193 zum:
2359 2155 2576 2206 aurum,
2593 2137 2722 2210 quia
2735 2136 2949 2208 fulgent
2959 2131 3210 2192 claritate
3221 2129 3480 2204 justitia;
3499 2127 3790 2200 obryzum,

2195 2229 2329 2300 quia
2355 2228 2572 2284 nullum
2613 2227 2924 2284 habuerunt
2951 2239 3195 2296 unquam
3238 2217 3556 2290 contagium
3597 2217 3792 2288 culpa.

2197 2318 2462 2376 Homines
2477 2335 2609 2376 vero
2621 2319 2760 2391 justi
2789 2315 3035 2392 quandiu
3056 2315 3116 2371 in
3131 2313 3235 2370 hac
3261 2327 3425 2369 carne
3447 2307 3796 2380 corruptibili

2199 2408 2506 2465 mortaliter
2520 2407 2740 2477 vivunt,
2769 2424 2966 2464 aurum
2983 2403 3207 2480 quidem
3229 2417 3344 2458 esse
3359 2405 3614 2473 possunt,
3637 2395 3798 2468 obry-

2199 2513 2324 2553 zum
2353 2497 2581 2553 omnino
2600 2513 2712 2554 non
2731 2503 2983 2570 possunt,
3007 2493 3142 2568 quia
3165 2506 3366 2564 corpus
3386 2487 3535 2564 quod
3553 2501 3800 2544 corrum-

2200 2583 2352 2654 pitur
2379 2592 2635 2656 aggravat
2661 2585 2926 2652 animam,
2955 2589 3010 2638 et
3037 2577 3298 2652 deprimit
3325 2584 3544 2632 terrena
3572 2572 3804 2631 inhabi-

2199 2680 2337 2736 tatio
2367 2695 2589 2736 sensum
2633 2681 2810 2736 multa
2837 2679 3172 2751 cogitantem
3213 2675 3368 2746 (Sap.
3398 2689 3480 2741 1x,
3513 2672 3626 2742 15).
3659 2665 3798 2725 591

2200 2769 2338 2824 Nam
2367 2768 2624 2840 quamvis
2648 2768 2707 2824 in
2727 2767 2833 2824 hac
2853 2767 2968 2823 vita
2995 2781 3065 2822 ex
3089 2779 3287 2834 magna
3303 2759 3538 2832 justitia
3557 2756 3804 2816 claritate

2201 2857 2604 2931 resplendeant,
2635 2872 2982 2930 nequaquam
3011 2861 3199 2910 tamen
3227 2851 3298 2907 ad
3329 2865 3530 2922 purum
3561 2854 3803 2918 peccato-

2203 2966 2326 3006 rum
2355 2949 2613 3006 sordibus
2647 2954 2870 3014 carent;
2921 2945 3131 3002 Joanne
3173 2939 3442 3014 Apostolo
3483 2943 3798 3005 attestante,

2204 3037 2300 3112 qui
2327 3037 2495 3096 dicit:
2531 3039 2590 3096 Si
2615 3036 2911 3093 dixerimus
2939 3033 3070 3106 quia
3092 3036 3364 3105 peccatum
3401 3043 3508 3083 non
3534 3026 3801 3092 habemus,

2203 3129 2542 3200 nosmetipsos
2585 3125 2896 3194 seducimus,
2943 3130 2992 3180 et
3037 3121 3233 3178 veritas
3279 3119 3336 3174 in
3388 3116 3538 3174 nobis
3583 3133 3691 3170 non
3731 3120 3806 3170 est

2211 3221 2269 3292 (Ι
2287 3220 2445 3275 Joan.
2478 3235 2519 3288 1,
2550 3217 2646 3290 8);
2676 3224 2732 3274 et
2757 3217 3065 3278 aﬂirmante
3093 3211 3323 3280 Jacobo,
3352 3207 3449 3283 qui
3483 3205 3704 3274 astruit,
3725 3204 3803 3261 di-

2205 3325 2368 3366 cens:
2402 3310 2468 3364 In
2494 3307 2678 3364 multis
2702 3308 2840 3362 enim
2865 3304 3182 3377 offendimus
3211 3316 3388 3358 omnes
3432 3299 3572 3371 (Jac.
3605 3313 3692 3365 In,
3721 3295 3802 3366 2).

2207 3400 2479 3473 Propheta
2504 3400 2668 3457 etiam
2700 3399 3046 3472 deprecante,
3077 3396 3176 3471 qui
3207 3394 3286 3451 ait
3313 3411 3326 3473 ς
3357 3394 3436 3451 Ne
3464 3391 3630 3448 intres
3654 3389 3712 3444 in
3716 3388 3745 3458 j
3753 3406 3804 3442 u-

2207 3472 2402 3544 dicium
2429 3505 2546 3543 cum
2572 3505 2720 3544 servo
2751 3493 2860 3553 tuo,
2889 3485 3019 3558 quia
3046 3501 3156 3540 non
3175 3472 3564 3554 justiﬁcabitur
3589 3477 3650 3532 in
3675 3493 3808 3530 con-

2207 3585 2381 3652 spectu
2411 3587 2496 3634 tuo
2517 3578 2684 3634 omnis
2703 3577 2880 3632 vivens
2911 3575 3088 3648 (Psal.
3123 3589 3296 3637 chn,
3345 3570 3427 3643 2).
3461 3569 3676 3624 Aurum
3709 3581 3809 3652 ego

2208 3651 2474 3741 obryzum
2522 3666 2608 3722 illi
2662 3672 3076 3738 nuncupantur,
3121 3661 3218 3736 qui
3260 3659 3321 3716 in
3356 3674 3421 3714 ea
3449 3673 3560 3730 qua
3596 3651 3808 3712 conditi

2209 3763 2338 3813 sunt
2378 3755 2696 3812 innocentia
2738 3752 3119 3826 perdurantes,
3172 3756 3226 3806 et
3285 3747 3501 3819 fulgent
3561 3742 3810 3802 claritate

2203 3843 2458 3916 justitia,
2491 3851 2546 3899 et
2585 3841 2757 3900 nullis
2785 3841 2873 3896 vel
2903 3837 3150 3896 minimis
3181 3835 3530 3892 maculantur
3556 3830 3810 3888 sordibus

2209 3932 2404 4003 culpa.

2283 4035 2422 4110 [Vet.
2453 4034 2650 4109 XXX]
2683 4035 2768 4091 72.
2799 4034 2998 4092 Nullus
3026 4039 3198 4094 tamen
3223 4030 3540 4102 angelorum
3566 4025 3640 4082 ad
3673 4023 3807 4080 redi-

2209 4125 2452 4182 mendum
2477 4125 2738 4182 hominem
2761 4124 2954 4180 missus
2972 4129 3067 4189 est,
3095 4127 3194 4178 aut
3213 4119 3421 4194 θυρίδα.
3441 4146 3512 4158 -
3539 4115 3646 4174 Sed
3675 4114 3809 4189 quia

2210 4231 2310 4289 pro
2352 4214 2455 4272 hac
2491 4213 2757 4287 sapientia
2803 4213 2991 4270 nullus
3017 4210 3342 4284 angelorum
3370 4206 3684 4280 redemptor
3711 4203 3809 4260 hu-

2215 4305 2364 4362 mani
2406 4303 2618 4377 generis
2662 4302 2966 4360 mittendus
2991 4300 3120 4371 fuit,
3168 4315 3240 4356 ne
3269 4297 3396 4373 quis
3436 4313 3590 4370 spem
3619 4293 3678 4350 in
3701 4291 3811 4358 his,

2215 4411 2354 4468 quos
2381 4393 2439 4449 in
2467 4391 2806 4465 adjutorium
2836 4390 3129 4448 hominum
3159 4403 3306 4462 sape
3326 4383 3648 4460 apparuisse
3674 4377 3817 4437 didi-

2214 4484 2413 4551 cimus,
2442 4481 2650 4554 angelis
2678 4488 2924 4554 poneret,
2953 4479 3165 4537 dictum
3181 4485 3265 4536 est
3290 4495 3306 4540 ;
3333 4475 3456 4534 Non
3469 4473 3686 4530 dabitur
3707 4487 3818 4526 au-

2215 4589 2338 4628 rum
2385 4571 2639 4644 obryzum
2677 4589 2781 4643 pro
2810 4589 2890 4626 ea.
2938 4569 3020 4627 Ac
3045 4567 3094 4625 si
3133 4573 3322 4640 aperte
3363 4563 3676 4623 diceretur:
3715 4558 3820 4613 Per

2217 4662 2564 4736 semetipsam
2601 4661 2873 4734 sapientia
2901 4655 3372 4722 manifestabitur,
3403 4661 3466 4709 ut
3511 4650 3819 4736 humanum

2219 4767 2390 4823 genus
2413 4731 2450 4806 ξι
2485 4731 3016 4824 culpa—redimatur.
3049 4745 3250 4802 Nullus
3297 4739 3416 4794 vice
3446 4735 3566 4807 ejus
3593 4731 3823 4805 angelus

2218 4840 2480 4908 mittitur,
2511 4839 2642 4912 quia
2669 4853 2766 4909 per
2789 4842 3091 4892 creatorem
3121 4842 3340 4886 necesse
3359 4831 3442 4880 est
3469 4830 3532 4880 ut
3570 4828 3822 4880 creatura

2218 4928 2502 4986 liberetur.
2525 4908 2688 4984 'Unde
2715 4932 2771 4981 et
2815 4923 2874 4978 in
2901 4917 3206 4990 Evangelio
3235 4913 3508 4973 Dominus
3552 4911 3727 4970 dicit:
3764 4908 3822 4966 Si

2217 5035 2308 5073 vos
2325 5016 2470 5088 ﬁlius
2491 5012 2815 5078 liberaverit,
2843 5027 2962 5066 vere
2993 5005 3144 5063 liberi
3167 5005 3320 5062 eritis
3343 5003 3527 5077 (Joan.
3559 5019 3686 5068 VIII,
3702 5000 3818 5073 36).

2218 5108 2240 5142 ⁸
2270 5104 2376 5162 Sed
2393 5103 2479 5160 vir
2491 5110 2733 5170 sanctus,
2753 5099 2954 5174 spiritu
2972 5094 3217 5169 ejusdem
3241 5091 3534 5166 sapientia
3562 5090 3822 5164 repletus,

2225 5194 2490 5268 quosdam
2521 5193 2579 5248 in
2608 5189 2795 5249 Judaa
2821 5185 3078 5262 praevidit
3120 5201 3234 5242 non
3263 5199 3380 5240 esse
3411 5181 3700 5238 defuturos
3727 5175 3823 5250 qui

2225 5300 2374 5356 spem
2409 5283 2467 5338 in
2485 5281 2791 5355 legislatore
2812 5281 3098 5350 ponerent,
3115 5283 3170 5329 et
3197 5291 3308 5330 sua
3329 5269 3524 5328 salutis
3544 5274 3824 5326 auctorem

2221 5505 2618 5572 perstrepentes.
2651 5499 2713 5572 In
2740 5495 2921 5553 Editis
2949 5494 3180 5572 legitur;
3231 5493 3386 5557 atque
3432 5483 3824 5558 occupationem

2227 5567 2481 5628 tumultus
2507 5569 2739 5624 exterius
2757 5567 3148 5640 perstrepentis.

2297 5645 2318 5678 θ’
2348 5641 2610 5709 Vindoc.,
2643 5639 2983 5696 uisitationis.

2294 5717 2316 5750 ⁵
2346 5715 2379 5772 2
2411 5701 2609 5781 Laud,
2637 5713 2723 5768 sed
2739 5711 2825 5768 vir
2851 5711 3065 5784 spiritu.
3087 5707 3298 5784 Gemet.
3331 5720 3392 5762 ac
3421 5701 3516 5760 alii
3536 5717 3635 5776 pro
3659 5701 3827 5774 reple-

2226 5793 2307 5842 tus
2339 5785 2543 5843 habent
2569 5786 2758 5860 plenus
2788 5802 2806 5849 ;
2834 5782 2987 5841 deest
3020 5782 3256 5836 sanctus.
