4172 6184
359 242 423 298 81
1160 236 1531 301 MORALIUM
1568 236 1706 296 LIB.
1744 237 1951 300 XVIII.
1981 262 2060 285 σ-
2093 236 2322 296 CAPUT
2360 240 2595 299 XXVIII
2631 244 2691 300 I3.
2734 246 2876 303 10B.
3586 257 3658 315 82

359 366 886 455 Moyseuputarent,
943 344 1169 455 sicfutet
1202 363 1216 396 ¹
1249 362 1477 455 cuidam
1497 370 1687 455 sanato
1718 363 1946 455 maledi-
1973 363 2027 425 Α
2055 363 2311 418 sermonis
2332 365 2696 438 philosophice.
2727 399 2797 409 —
2826 370 2971 436 Quid
2998 377 3145 429 enim
3175 392 3271 447 per
3297 377 3510 436 Indiam
3530 398 3651 455 qua

364 461 541 512 centes
576 450 796 506 dicunt:
853 452 933 506 Tu
973 450 1268 521 discipulus
1316 451 1390 505 sis
1429 451 1566 520 ejus,
1611 453 1632 487 ²
1675 470 1768 507 nos
1811 454 1946 507 enim
2054 455 2273 528 nigrum
2304 458 2568 529 populum
2601 459 2795 528 mittit,
2826 460 2936 516 nisi
2967 460 3059 519 hic
3093 466 3331 523 mundus
3358 450 3647 542 accipitur,

366 542 525 614 Moysi
546 540 790 612 discipuli
834 558 1017 595 sumus
1059 542 1238 613 (Joan.
1281 559 1360 608 IX,
1409 542 1528 611 28).
1577 542 1731 598 Unde
1764 542 1945 600 adhuc

366 647 579 704 congrue
605 630 992 687 subinfertnr:

927 735 1157 793 CAPUT
1186 737 1354 794 XLV.

414 845 665 902 Ia.—Nec
684 845 1014 916 appendetur
1027 851 1305 915 argentum
1324 846 1381 899 in
1395 845 1794 901 commutatione
1808 844 1938 915 ejus.

411 933 490 990 73.
526 936 741 991 Eorum
787 934 881 1005 qui
922 935 1137 1004 Moysen
1165 941 1260 989 aut
1286 935 1582 1007 quempiam
1618 940 1941 1000 sanctorum,

344 1039 442 1077 me
465 1023 659 1078 salutis
698 1030 969 1079 auctorem
992 1029 1207 1095 putant,
1246 1024 1478 1079 insania.
1519 1055 1590 1065 -
1617 1024 1755 1093 Quia
1793 1024 1939 1080 enim

341 1118 552 1183 argento
606 1128 756 1184 saepe
800 1111 1022 1185 eloquia
1071 1110 1263 1168 divina
1310 1112 1669 1187 designantur
1714 1121 1942 1185 possunt

343 1201 543 1273 argenti
586 1200 863 1257 vocabulo
906 1200 1071 1256 etiam
1115 1200 1357 1273 ejusdem
1400 1202 1604 1275 eloquii
1649 1202 1943 1274 scriptores

340 1289 587 1363 intelligi,
610 1307 857 1364 quorum
880 1290 996 1347 vita
1016 1290 1164 1347 inter
1178 1291 1367 1347 turbas
1386 1290 1677 1347 hominum
1702 1293 1939 1364 resplen-

341 1379 455 1435 duit
488 1380 608 1437 luce
640 1380 938 1436 virtutum.
985 1379 1089 1435 Sed
1138 1379 1265 1453 quia
1308 1380 1397 1435 lex
1436 1388 1654 1452 peccata
1696 1380 1941 1436 indicare

341 1468 535 1540 potuit,
565 1485 685 1524 non
715 1468 953 1537 auferre,
976 1483 1087 1523 non
1118 1468 1408 1541 quisquam
1429 1477 1676 1524 veterum
1699 1477 1938 1541 patrum,

340 1573 450 1613 non
502 1557 789 1629 legislator
840 1557 1054 1629 Moyses
1108 1556 1337 1611 humani
1374 1557 1587 1629 generis
1632 1557 1942 1628 redemptor

335 1646 562 1703 exstitit.
596 1648 910 1718 Argentum
941 1660 1069 1718 ergo
1098 1645 1157 1701 in
1186 1646 1621 1701 commutatione
1652 1644 1818 1717 hujus
1845 1662 1941 1700 sa—

2054 543 2110 598 in
2143 561 2251 618 quo
2274 546 2389 602 vita
2413 546 2703 603 hominum
2734 565 2830 620 per
2844 550 3061 621 culpam
3079 552 3311 610 obscura
3339 566 3645 626 generatur.

2054 633 2236 691 Tincti
2285 644 2467 692 autem
2510 638 2721 694 colores
2749 638 2942 707 India,
2971 647 3101 695 sunt
3129 641 3295 712 hujus
3329 646 3523 701 mundi
3551 665 3649 703 sa-

2051 721 2294 794 pientes;
2328 725 2422 797 qui
2453 727 2704 798 quamvis
2718 743 2816 799 per
2842 727 3225 786 inﬁdelitatem
3245 739 3302 787 et
3328 734 3647 808 plerumque

2052 826 2148 883 per
2175 814 2447 870 actionem
2477 814 2609 872 fadi
2638 816 2770 885 sint,
2801 825 2927 874 ante
2956 818 3228 877 humanos
3246 828 3431 879 tamen
3460 826 3650 882 oculos

2052 902 2394 973 superducta
2424 903 2728 963 honestatis
2772 908 2954 964 colore
2982 911 3005 946 ⁸
3032 909 3310 968 fucantur.
3361 911 3468 968 Sed
3513 929 3648 969 coa-

2050 999 2209 1048 terna
2233 994 2332 1049 Dei
2361 996 2631 1068 sapientia
2656 997 2846 1055 tinctis
2873 998 3044 1055 India
3071 1000 3351 1059 coloribus
3378 1019 3491 1059 non
3518 1020 3647 1061 con-

2052 1081 2247 1151 fertur,
2278 1084 2408 1156 quia
2437 1086 2689 1159 quisquis
2716 1086 2861 1146 hanc
2880 1089 3149 1148 veraciter
3162 1091 3445 1165 intelligit,
3468 1093 3537 1149 ab
3558 1094 3647 1152 his

2050 1170 2373 1229 hominibus
2392 1190 2530 1245 quos
2559 1176 2800 1233 mundus
2828 1179 3099 1250 sapientes
3117 1182 3290 1239 coluit
3306 1198 3469 1255 quam
3487 1184 3647 1256 longe

2049 1259 2217 1316 distet
2252 1264 2517 1333 agnoscit.
2551 1266 2777 1338 Ipsaque
2805 1267 2923 1339 ejus
2952 1271 3335 1329 mandatorum
3366 1273 3532 1329 verba
3576 1274 3646 1329 ab

2049 1347 2217 1420 hujus
2245 1350 2440 1406 mundi
2485 1352 2826 1424 sapientibus
2867 1354 3150 1428 diﬁerunt,
3181 1360 3276 1432 qui
3306 1361 3439 1417 dum
3469 1362 3645 1417 inten-

2050 1438 2189 1494 dunt
2203 1440 2551 1513 eloquentia,
2582 1457 2773 1498 eorum
2793 1443 2943 1501 dicta
2957 1447 3110 1518 quasi
3132 1449 3365 1519 pulchra
3382 1463 3645 1525 apparent

2049 1529 2249 1601 specie,
2281 1536 2334 1584 et
2366 1530 2638 1588 fucatione
2665 1533 2919 1591 tinctura
2943 1555 2957 1604 ;
2990 1544 3044 1592 et
3070 1554 3197 1595 cum
3224 1539 3431 1597 virtute
3459 1558 3642 1600 rerum

2048 1625 2289 1686 careant,
2307 1618 2457 1675 aliud
2483 1637 2540 1676 se
2567 1636 2682 1677 esse
2712 1638 2876 1695 quam
2905 1634 3034 1682 sunt
3063 1628 3357 1687 verborum
3377 1634 3646 1704 composi-

334 1734 547 1806 pientia
584 1706 714 1791 non
747 1706 1102 1807 appendithr,
1150 1734 1280 1807 quia
1326 1733 1562 1807 quilibet
1602 1706 1777 1789 sancti
1824 1747 1938 1789 esse
1966 1724 2015 1786 B
2048 1706 2850 1807 ῐίοὲίδυξιδηρέτάυξηίε
2867 1715 3167 1807 θοιοτξβιιε,
3187 1719 3548 1778 mentiuntur.
3574 1724 3646 1777 At

333 1830 656 1895 potuerunt,
686 1824 745 1879 in
773 1823 1183 1896 comparatione
1211 1822 1483 1895 unigeniti
1514 1822 1642 1878 Filii
1672 1823 1770 1877 Dei
1799 1822 1938 1877 nul—

332 1911 443 1968 lius
471 1912 662 1968 meriti
690 1912 860 1969 fuisse
889 1919 1209 1984 pensantur,
1232 1912 1327 1986 qui
1348 1911 1457 1967 nisi
1476 1910 1643 1982 hujus
1655 1910 1936 1983 sapientia

328 2016 519 2057 servos
546 2018 605 2058 se
635 2017 749 2060 esse
784 2010 1199 2074 cognoscerent,
1237 2002 1409 2058 sancti
1449 2001 1766 2056 nullatenus
1803 1999 1936 2054 fuis-

327 2095 466 2145 sent.
515 2089 604 2146 Ad
651 2090 757 2148 hoc
786 2092 991 2165 quippe
1019 2091 1104 2147 illi
1134 2084 1287 2147 missi
1317 2098 1466 2160 sunt,
1497 2098 1560 2147 ut
1589 2090 1647 2145 in
1676 2087 1939 2146 cordibus

330 2176 624 2236 hominum
655 2181 804 2237 viam
834 2181 968 2238 huic
985 2180 1268 2253 sapientia
1296 2179 1644 2252 praedicando
1672 2193 1939 2251 praepara-

331 2274 474 2335 rent,
504 2283 688 2342 neque
715 2277 782 2326 ut
808 2286 910 2343 pro
937 2285 1021 2338 ea,
1051 2269 1147 2325 sed
1175 2286 1273 2342 per
1299 2284 1418 2325 eam
1446 2267 1722 2340 subjectos
1749 2283 1939 2341 popu-

325 2354 405 2412 los
430 2366 709 2429 regerent.
742 2358 883 2427 Quia
910 2358 1057 2414 enim
1088 2366 1298 2416 certum
1330 2366 1445 2414 erat
1464 2356 1611 2431 quod
1638 2373 1735 2430 per
1761 2372 1938 2413 acces-

321 2460 440 2503 sum
471 2454 799 2519 temporum
841 2446 1150 2505 deﬁcientis
1177 2448 1367 2504 saculi
1394 2448 1683 2519 languores
1709 2463 1937 2502 excres-

317 2544 534 2602 cerent,
566 2544 753 2593 actum
772 2542 857 2590 est
883 2543 947 2590 ut
974 2543 1176 2590 aterna
1202 2535 1304 2589 Dei
1335 2535 1611 2605 sapientia
1635 2534 1693 2588 in
1714 2532 1822 2588 ﬁne
1845 2549 1937 2587 sa-

314 2623 590 2679 culorum
622 2637 721 2692 per
749 2621 1098 2691 semetipsam
1142 2619 1357 2674 veniret
1392 2620 1458 2674 ad
1487 2619 1742 2689 grandem
1790 2620 1937 2677 hunc

317 2718 369 2767 et
397 2708 606 2765 nimia
627 2708 978 2765 inﬁrmitatis
992 2715 1279 2780 agrotum,
1302 2707 1359 2763 id
1378 2715 1459 2763 est
1471 2724 1567 2779 per
1584 2715 1759 2764 totum
1778 2727 1935 2765 mun-

320 2798 450 2856 dum
455 2797 657 2871 jacens
668 2796 992 2869 languidum
1005 2812 1174 2868 genus
1185 2795 1511 2866 humanum,
1524 2805 1587 2853 ut
1601 2798 1938 2855 transmissis

322 2891 473 2964 prius
501 2888 991 2963 praedicatoribus,
1009 2887 1164 2961 quasi
1184 2887 1509 2961 quibusdam
1534 2889 1933 2959 visitatoribus,

323 2987 477 3036 tanto
507 2978 867 3053 postmodum
897 2979 918 3013 ³
955 2977 1131 3050 major
1170 2977 1387 3034 veniret
1423 2978 1671 3051 potentia
1709 2980 1933 3051 medici,

326 3076 528 3141 quanto
574 3066 752 3140 magis
803 3067 1033 3124 morbus
1072 3066 1336 3125 crevisset
1361 3069 1571 3141 agi-oti.
1617 3069 1758 3137 Quia
1800 3086 1930 3128 vero
1958 3077 2004 3140 ο

328 3158 511 3214 nullus
554 3157 678 3215 vice
716 3155 836 3229 ejus
875 3156 945 3213 ad
971 3156 1264 3213 salvandos
1292 3172 1394 3214 nos
1421 3157 1684 3229 mittitur,
1716 3158 1932 3216 dicatur

328 3254 467 3303 recte
492 3264 505 3303 :
530 3247 637 3305 Nec
655 3246 987 3318 appendetur
1005 3252 1281 3318 argentum
1304 3245 1363 3301 in
1376 3247 1775 3304 commutatione
1792 3248 1928 3319 ejus,

330 3337 591 3409 quoniam
647 3336 763 3393 vita
798 3334 1077 3407 justorum
1124 3337 1542 3409 pradicantium
1591 3340 1931 3412 quantalibet

331 3426 641 3484 sanctitatis
684 3427 807 3484 luce
851 3426 1078 3500 polleat,
1128 3426 1425 3484 adventum
1474 3428 1635 3485 nobis
1681 3444 1930 3500 superna

333 3521 476 3579 592
520 3516 803 3588 sapientia
856 3532 954 3590 per
1005 3532 1161 3573 suam
1216 3516 1563 3589 praseutiam
1610 3532 1721 3572 non
1776 3534 1931 3574 com-

334 3621 534 3668 mutat.
565 3613 672 3668 Sed
699 3613 846 3669 fuere
888 3613 1050 3669 multi
1094 3614 1383 3686 gentilium
1430 3614 1548 3687 qui,
1594 3614 1789 3671 mundi
1831 3614 1931 3670 hu-

334 3700 429 3772 jus
475 3700 781 3772 sapientum
817 3701 1125 3775 disciplinis
1166 3702 1361 3769 dediti,
1391 3718 1453 3757 ea
1482 3719 1601 3775 qua
1630 3710 1761 3758 sunt
1787 3703 1932 3759 inter

337 3785 589 3844 homines
616 3788 843 3845 honesta
868 3797 1169 3859 servarent,
1199 3797 1254 3845 et
1273 3788 1566 3845 salvandos
1593 3797 1808 3845 servata
1836 3790 1930 3848 ho-

335 3883 543 3933 nestate
588 3894 646 3933 se
693 3876 994 3947 crederent,
1029 3894 1132 3935 nec
1171 3876 1286 3950 jam
1336 3876 1690 3934 mediatorem
1735 3878 1834 3935 Dei
1878 3888 1932 3936 et

336 3964 623 4023 hominum
672 3974 1001 4040 quaererent,
1048 3983 1174 4023 cum
1214 3966 1370 4040 quasi
1412 3967 1775 4024 sufﬁcientem
1822 3968 1929 4025 sibi

334 4053 787 4129 philosophorum
818 4055 1128 4112 doctrinam
1159 4063 1426 4113 tenerent.
1458 4058 1522 4113 In
1565 4073 1800 4130 quorum
1830 4057 1928 4115 de-

338 4152 520 4216 spectu
549 4161 681 4202 mox
709 4144 999 4201 subditur:

661 4273 890 4330 CAPUT
928 4273 1104 4331 XLVI
1152 4270 1297 4346 [Rea
1341 4272 1598 4347 XXVII].

408 4384 575 4441 Vens.
600 4386 886 4445 16.—Non
902 4387 924 4421 ἰ
944 4384 1244 4456 conferetur
1264 4384 1437 4441 tinctis
1448 4387 1621 4442 India:
1639 4385 1922 4442 coloribus.

2047 1796 2515 1864 contra,doctrina
2527 1800 2809 1871 sapientia
2826 1810 2880 1858 et
2894 1804 3281 1875 pradicatione
3296 1808 3524 1879 pulchra
3540 1819 3641 1879 est,

2049 1886 2071 1920 ⁶
2100 1892 2155 1940 et
2182 1901 2319 1956 pura
2347 1886 2576 1943 veritate
2604 1890 2930 1962 conspicua;
2971 1909 3073 1950 nec
3099 1895 3252 1951 aliud
3279 1912 3337 1952 se
3366 1913 3462 1969 per
3490 1883 3643 1954 falla-

2045 1974 2189 2031 ciam
2220 1977 2512 2047 praetendit
2539 1980 2804 2048 exterius,
2833 1989 2887 2037 et
2914 1982 3068 2040 aliud
3096 1995 3338 2043 reservat
3368 1988 3637 2056 interius;

2045 2078 2224 2135 neque
2251 2064 2310 2120 in
2358 2065 2520 2123 dictis
2557 2067 2672 2123 suis
2714 2069 2944 2140 pulchra
2992 2071 3169 2129 videri
3210 2076 3416 2148 appetit
3463 2078 3642 2134 nitore

2046 2152 2335 2221 sermonis,
2366 2154 2461 2209 sed
2508 2155 2819 2230 integritate
2848 2164 3115 2221 veritatis.
3152 2167 3213 2221 In
3244 2167 3517 2224 mandatis
3545 2166 3643 2238 igi-

2045 2247 2137 2296 tur
2164 2240 2280 2297 suis
2306 2241 2407 2298 Dei
2452 2245 2718 2317 sapientia
2759 2265 2871 2306 non
2913 2252 3196 2310 confertur
3240 2255 3433 2313 tinctis
3472 2255 3643 2312 India

2044 2334 2346 2406 coloribus,
2376 2337 2505 2410 quia
2549 2338 2683 2394 dum
2729 2340 2911 2397 fucata
2957 2345 3283 2417 eloquentia
3321 2361 3641 2408 ornamenta

2044 2440 2155 2482 non
2187 2425 2371 2494 habet,
2403 2428 2558 2499 quasi
2587 2429 2757 2484 vestis
2803 2431 2922 2485 sine
2951 2433 3191 2490 tinctura
3237 2437 3433 2507 placet.
3465 2441 3640 2508 Quam

2043 2515 2379 2571 fucationem
2407 2517 2662 2573 tinctura
2691 2517 2829 2575 bene
2845 2520 3044 2579 Paulus
3063 2524 3534 2598 despexerat,cum
3560 2533 3642 2589 di-

2044 2607 2201 2666 cebat
2223 2625 2234 2663 :
2257 2608 2385 2675 Quo:
2406 2613 2453 2662 et
2483 2607 2751 2678 loquimur
2777 2626 2883 2664 non
2901 2612 2958 2665 in
2986 2612 3152 2667 doctis
3178 2616 3422 2674 humum
3437 2623 3641 2693 sapien-

2046 2698 2132 2753 tia:
2152 2697 2346 2763 verbis,
2367 2697 2456 2753 sed
2482 2697 2541 2752 in
2567 2698 2810 2755 doctrina
2828 2701 3049 2772 spiritus
3067 2703 3125 2776 (Ι
3143 2704 3267 2763 Cor.
3302 2724 3364 2777 ιι,
3398 2709 3508 2782 13).
3532 2712 3641 2770 Ma-

2044 2785 2190 2841 lebat
2218 2785 2421 2859 quippe
2450 2786 2595 2844 hanc
2621 2788 2948 2860 sapientiam
2978 2792 3094 2848 sola
3124 2794 3359 2865 puritate
3388 2798 3642 2858 veritatis

2043 2874 2349 2944 ostendere,
2379 2891 2493 2931 non
2522 2883 2705 2932 autem
2734 2878 2939 2951 eloquii
2968 2880 3237 2938 tinctione
3266 2887 3286 2919 ⁷
3317 2885 3522 2944 fucare.
3549 2888 3640 2945 Se-

2042 2967 2233 3039 quitur
2262 2984 2277 3023 :

2595 3071 2823 3131 CAPUT
2853 3074 3074 3134 XLVII.

2109 3179 2429 3240 Iam—Nec
2457 3181 2625 3255 lapidi
2651 3184 2977 3258 sardonycho
3000 3186 3400 3259 pretiosissima“,
3429 3194 3644 3267 velsap-

2032 3268 2215 3340 phiro.

2111 3378 2421 3436 75.0hristo
2443 3382 2625 3436 nullus
2652 3388 2748 3438 aut
2765 3384 3035 3440 hominum
3061 3392 3158 3442 aut
3173 3389 3485 3460 angelorum
3504 3408 3641 3447 com-

2033 3470 2412 3540 parandus.—
2427 3470 2977 3546 Sardonychum,vel
3009 3477 3353 3550 sapphirum,
3388 3480 3409 3515 ⁸
3430 3481 3640 3554 lapides

2038 3557 2308 3629 pretiosos
2328 3575 2439 3615 non
2469 3576 2585 3617 esse
2619 3562 2743 3636 quis
2780 3565 3026 3622 nesciat?
3071 3567 3144 3622 Et
3171 3566 3303 3624 dum
3333 3570 3498 3627 multi
3543 3572 3638 3629 alii

2039 3646 2265 3718 pretiosi
2309 3649 2421 3705 sint
2462 3650 2695 3723 lapides,
2726 3654 2821 3725 qui
2868 3655 3029 3727 longe
3087 3655 3221 3713 istos
3273 3659 3639 3719 astimatione

2039 3738 2439 3810 magnitudinis
2467 3744 2818 3813 antecellunt,
2858 3762 2959 3802 cur
2986 3746 3279 3818 sapphirus
3307 3751 3393 3805 vel
3440 3752 3640 3807 sardo-

2039 3829 2258 3899 nychus
2311 3830 2662 3900 potissimum
2692 3835 2960 3903 pretiosus
3007 3838 3323 3892 nominatus
3376 3849 3479 3908 est,
3508 3857 3636 3897 cum

2038 3923 2268 3987 uterque
2289 3916 2426 3989 lapis
2456 3917 2556 3972 iste
2584 3918 2819 3975 aliorum
2842 3919 3088 3991 lapidum
3119 3925 3526 3995 comparatione
3558 3929 3637 3982 vi-

2038 4003 2284 4063 lissimus
2311 4006 2384 4064 sit
2403 4008 2431 4065 ‘l
2465 4008 2573 4064 nisi
2602 4016 2664 4065 ut
2691 4025 2783 4067 eos
2810 4009 3019 4083 lapides
3047 4013 3141 4086 qui
3170 4014 3394 4087 pretiosi
3422 4016 3637 4076 descri-

2037 4095 2268 4167 buntur,
2319 4097 2451 4154 dum
2491 4099 2758 4170 pretiosos
2804 4118 2916 4158 non
2970 4118 3085 4159 esse
3132 4105 3534 4178 cognoscimus,
3576 4109 3636 4166 in

2038 4204 2228 4244 eorum
2259 4187 2627 4262 intelligentia
2655 4190 2807 4247 aliud
2835 4192 3213 4264 exquiramus.
3245 4194 3636 4270 Sardonychus

2039 4279 2241 4354 quippe
2270 4287 2428 4335 terra
2475 4279 2654 4336 rubra
2686 4280 3109 4340 similitudinem
3140 4292 3310 4355 tenet,
3346 4288 3637 4361 sapphirus

2040 4372 2436 4426 vero°aeream
2462 4364 2627 4428 habet
2669 4373 2925 4445 speciem.
2946 4375 3180 4433 Possunt
3194 4393 3322 4451 ergo
3360 4379 3418 4435 in
3450 4380 3634 4437 sardo-

414 4436 1052 4548 Ibiﬂouantum'prwstet'
1072 4475 1171 4531 Dei
1210 4475 1491 4546 sapientia,
1538 4474 1731 4546 fucata
1756 4476 1927 4533 nitore

2042 4460 2221 4532 nycho
2250 4476 2345 4531 per
2364 4468 2568 4516 terram
2589 4462 2810 4520 rubram
2833 4464 3106 4534 homines,
3124 4468 3170 4502 ¹⁰
3190 4436 3527 4542 ίηέερρὴίῖο
3541 4487 3634 4526 au-

410 4671 425 4704 ¹
467 4670 631 4726 Deest
658 4678 844 4727 sanato
874 4671 933 4727 in
961 4671 1132 4739 Prat.,
1180 4670 1361 4738 Becc.,
1392 4670 1536 4725 Utic.
1578 4671 1639 4725 In
1685 4672 1718 4727 2
1750 4671 1922 4727 Laud.

343 4740 456 4796 voci
509 4748 698 4798 sanato
753 4742 1065 4816 appositum
1121 4748 1224 4810 est,
1292 4740 1679 4814 explicationis
1732 4743 1923 4813 gratia,

343 4825 479 4868 caeo.

408 4883 430 4958 ξ
455 4884 704 4958 Plerique
732 4886 950 4958 Norm.,
978 4903 1075 4943 nos
1101 4893 1293 4943 autem.

406 4955 427 4988 ³
456 4956 517 5011 In
563 4955 691 5014 Mss.
739 4957 977 5027 Bellov.,
1024 4958 1186 5015 Corb.
1232 4958 1442 5024 Germ.,
1482 4955 1678 5023 Laud.,
1710 4958 1922 5027 Norm.,

341 5032 463 5094 etc.,
492 5043 708 5100 necnon
739 5028 799 5085 in
827 5037 941 5085 vet.
972 5029 1101 5099 Ed.,
1132 5029 1209 5085 ita
1235 5029 1453 5100 legitur.
1486 5029 1548 5084 In
1569 5030 1752 5085 Germ.
1784 5037 1839 5083 et
1866 5030 1923 5084 in

336 5099 729 5223 Esterioribus
771 5100 884 5170 ed.,
914 5098 1093 5173 ﬁeret,
1123 5100 1218 5157 sed
1244 5098 1522 5155 mendose.
1557 5100 1694 5156 Sane
1722 5100 1923 5157 medici

402 5168 429 5222 .i
456 5168 578 5223 ﬁeri
607 5188 718 5223 non
740 5171 923 5223 notuit
944 5171 1115 5223 maior
1133 5171 1398 5223 notentia.
1420 5187 1541 5223 uua
1560 5188 1686 5223 cum
1706 5170 1923 5223 inﬁnita

367 5168 429 5247 [ei
456 5168 578 5237 ﬁeri
607 5188 718 5247 non
740 5168 923 5247 potuit
943 5168 1115 5244 majdr
1133 5171 1399 5247 potentia,
1420 5187 1541 5243 qua
1560 5188 1686 5228 cum
1706 5170 1926 5227 inﬁnita

338 5242 425 5315 sit,
454 5257 569 5315 non
597 5242 753 5315 capit
775 5242 956 5315 majus
982 5242 1077 5299 aut
1104 5242 1306 5315 minus.

405 5313 426 5345 ⁴
456 5312 620 5384 Germ
665 5312 731 5369 et
758 5312 994 5382 Gemet.,
1023 5332 1128 5369 non
1155 5314 1446 5384 confertur.

401 5383 422 5415 ⁵
458 5383 690 5452 Turon.,
724 5385 1025 5455 fuscantur.
1071 5387 1103 5442 2
1144 5387 1316 5443 Laud.
1354 5386 1518 5442 habet
1554 5384 1834 5455 fuscantur
1872 5392 1926 5440 et

332 5449 605 5578 [ag-antur.
651 5449 862 5525 Germ”
892 5456 1196 5528 fuscantur,
1226 5457 1486 5526 fuscatio;
1521 5449 1613 5512 hic
1641 5464 1695 5512 et
1723 5455 1926 5528 pluries

334 5537 387 5578 ll)
414 5542 492 5578 ra.

334 5537 472 5579 IIIIl'a
481 5569 492 5579 .

401 5597 423 5671 ξ
452 5598 688 5671 ’_I:uron.,
718 5607 766 5654 et
788 5600 1023 5671 puritate
1047 5599 1342 5670 conspicua.

402 5668 423 5702 ⁷
452 5669 673 5739 Norm.,
701 5668 932 5742 fuscare.

2109 4652 2130 4686 ⁸
2160 4651 2433 4729 ᾼάἀὶωιιε
2453 4670 2655 4729 non,ex
2674 4655 3188 4729 _Mss.Germ.,Corb.
3201 4659 3633 4729 Germ.,Norm.,

2034 4723 2233 4804 Laud.,
2257 4732 2394 4804 etc.,
2417 4724 2782 4804 adjiciendam
2814 4723 3029 4802 quoque
3070 4723 3419 4804 negationem
3441 4723 3635 4804 probat

2035 4798 2245 4873 integer
2273 4803 2587 4873 contextus,
2619 4798 2675 4873 i_n
2707 4814 2815 4872 quo
2829 4798 3044 4873 _scopus
3072 4798 3247 4858 sancti
3284 4798 3531 4873 Gregorii
3554 4809 3633 4855 est

2034 4867 2340 4952 ostendere.
2362 4867 2854 4952 sardonychumet
2882 4867 3199 4952 sapphirum
3224 4889 3341 4952 non
3371 4867 3485 4950 esse
3516 4887 3632 4941 pre-

2034 4937 2211 5019 tiosos
2234 4939 2463 5019 lapides,
2493 4937 2608 5019 sed,
2658 4949 2718 5019 ut
2773 4942 2888 5019 ipse
2916 4937 3013 5010 ait,
3061 4943 3380 5007 vilissimos,
3411 4941 3458 4995 si

2034 5008 2403 5081 aliislapillis
2445 5012 2702 5081 pretiosis
2756 5008 3139 5077 conferantur;
3191 5018 3429 5067 mentem
3487 5012 3633 5069 clare

2032 5078 2325 5155 aderitliis
2353 5078 2561 5155 verbis:
2581 5084 2706 5138 dum
2730 5085 2989 5155 pretiosos
3016 5100 3120 5135 esse
3134 5082 3631 5155 _cognoscimus,sar-

2033 5150 2354 5225 donychum
2386 5154 2646 5210 videlicet
2674 5150 3098 5225 et-sapphirum.
3132 5150 3295 5225 Deest
3323 5150 3510 5211 tamen
3538 5171 3629 5211 ne-

2034 5223 2179 5303 gatio
2224 5223 2281 5279 in
2329 5225 2584 5303 omnibus
2631 5226 2735 5280 Ed.
2782 5223 3141 5303 praeterquam
3188 5223 3247 5279 in
3276 5224 3409 5282 edit.
3453 5227 3627 5283 Paris.

2036 5292 2195 5362 1495,
2226 5304 2279 5349 et
2307 5296 2431 5350 aliis
2463 5297 2689 5351 fortasse
2719 5292 3146 5365 antiquioribus.

2106 5366 2217 5443 “_In
2249 5367 2281 5419 2
2312 5365 2522 5443 Laud.,_
2542 5366 2751 5443 Germ,
2784 5364 2945 5422 Corb.
3002 5364 3186 5423 Germ.
3209 5375 3264 5424 et
3291 5367 3437 5438 aliis,
3464 5371 3628 5443 vulgo

2033 5435 2270 5508 aeriam;
2304 5443 2357 5489 et
2387 5436 2463 5489 ita
2492 5436 2767 5508 deinceps.

2108 5507 2154 5586 ‘_°
2182 5509 2409 5577 Turon.,
2431 5508 2487 5586 in
2503 5507 2751 5586 sapphiro
2768 5528 2888 5586 _vero
2917 5510 3011 5582 qui
3037 5511 3179 5567 aeris
3212 5517 3342 5566 tenet
3391 5513 3628 5586 speciem,

2032 5579 2285 5635 visionem
2312 5581 2487 5652 angeli
2513 5580 2798 5651 designari.
