4172 6184
429 205 499 260 83
1636 193 1886 252 SANCTI
1922 193 2261 252 GREGORII
2298 192 2526 250 MAGNI
3669 193 3737 253 84

429 335 540 384 tem
571 341 665 398 per
691 339 902 380 aeream
933 321 1200 378 visionem
1227 321 1404 392 angeli
1427 319 1720 392 designari:
1741 320 1879 376 Nam
1899 335 2025 376 cum
2053 324 2106 384 Α
2137 327 2220 378 est
2231 318 3740 398 utextrinsecusvisum,puraintrinseousperspicuitate

433 417 610 472 rubrae
631 423 788 470 terrae
835 411 1070 484 speciem
1107 408 1244 481 lapis
1273 408 1656 482 sardonychas
1681 409 1898 477 habeat,
1921 427 2033 466 non

433 503 711 562 immerito
725 501 1007 558 hominem
1023 500 1430 574 designat,quia
1445 510 1498 558 et
1509 501 1810 574 Adam,qui
1822 500 2036 573 primus

435 600 518 652 est
545 591 825 659 conditus,
847 589 1044 648 Latino
1059 606 1310 648 sermone
1338 599 1486 648 terra
1507 589 1674 647 rubra
1691 590 2030 647 nominatur.

444 682 588 754 Quid
618 689 700 738 est
718 696 847 752 ergo
869 679 1014 752 quod
1030 679 1256 749 dicitur,
1279 681 1410 755 quia
1424 682 1542 739 haec
1567 680 1837 754 sapientia
1863 679 2034 753 lapidi

433 777 807 849 sardonycho,
839 774 986 833 593
1027 778 1114 833 vel
1145 777 1405 850 sapphiro
1448 795 1561 834 non
1590 777 1896 846 confertur,
1926 775 2036 832 nisi

433 866 581 939 quod
609 867 656 924 is
684 866 779 939 qui
809 875 892 924 est
911 867 1010 925 Dei
1028 867 1229 935 virtus,
1251 875 1306 923 et
1333 867 1433 923 Dei
1453 866 1742 939 sapientia,
1767 865 2038 922 mediator

433 955 643 1014 scilicet
667 955 766 1011 Dei
796 964 848 1012 et
872 955 1185 1024 hominum,
1213 955 1381 1012 homo
1410 955 1666 1014 Christus
1693 956 1868 1023 Iesus,
1887 962 2038 1012 tanta

437 1043 821 1115 magnitudine
851 1046 1084 1104 excellat
1111 1045 1321 1114 omnia,
1351 1054 1415 1101 ut
1433 1045 1484 1102 ei
1503 1062 1605 1104 nec
1626 1045 1684 1102 in
1702 1052 1850 1101 terra
1870 1043 2036 1117 primi

436 1132 710 1202 homines,
738 1150 839 1190 nec
871 1133 929 1190 in
958 1135 1098 1192 coelo
1127 1133 1306 1207 angeli
1334 1142 1726 1207 comparentur
1745 1135 1773 1191 ‘l
1801 1133 1957 1190 Unde
1985 1141 2040 1190 et

436 1239 533 1296 per
555 1222 923 1291 Psalmistam,
955 1222 1161 1280 dicitur
1193 1242 1205 1281 :
1243 1225 1373 1294 Quis
1402 1225 1461 1280 in
1486 1225 1714 1280 nubibus
1741 1223 2040 1295 wquabitur

437 1313 686 1379 Domino,
713 1319 810 1368 aut
857 1314 977 1382 quis
1017 1315 1209 1371 similis
1251 1315 1351 1370 erit
1407 1317 1516 1372 Deo
1565 1315 1703 1370 inter
1753 1315 1894 1386 ﬁlios
1942 1312 2044 1371 Dei

441 1404 615 1474 (Psal.
647 1419 926 1471 LXXXVIII,
961 1403 1016 1474 7)
1037 1403 1064 1461 ?

513 1490 652 1563 [Vet.
683 1492 870 1548 XXXI
872 1489 913 1564 .]
947 1492 1032 1548 76.
1058 1493 1324 1559 Quantum
1349 1491 1580 1562 apostoli
1597 1490 1798 1546 calibes
1821 1491 2040 1546 antecel-

443 1581 555 1636 lant
583 1582 768 1640 veteris
798 1582 1088 1638 testamenti
1122 1588 1305 1652 patres
1351 1581 1676 1653 conjugatos.
1707 1611 1780 1624 --
1806 1581 2045 1638 Possunt

439 1677 621 1726 autem
652 1687 748 1742 per
771 1670 1182 1743 sardonychum
1213 1670 1452 1742 lapidem
1506 1677 1688 1743 patres
1729 1669 2044 1728 testamenti
2073 1687 2122 1751 Β

441 1758 668 1828 veteris,
711 1776 808 1832 per
836 1759 1160 1832 sapphirum
1189 1776 1322 1816 vero
1369 1759 1754 1831 praedicatores
1809 1757 2048 1831 exprimi

443 1856 754 1906 testamenti
769 1848 923 1908 novi.
944 1849 1034 1906 Illi
1061 1847 1264 1920 quippe
1281 1847 1537 1921 quamvis
1549 1863 1800 1920 magnam
1817 1845 2050 1919 justitias

442 1938 616 1994 vitam
646 1945 919 2007 tenerent,
961 1938 1170 1996 carnali
1203 1947 1385 1998 tamen
1415 1937 1795 2011 propagationi
1851 1938 2052 1994 servie-

442 2027 596 2084 bant.
628 2027 768 2094 Quia
795 2027 966 2100 igitur
996 2035 1210 2085 constat
1232 2029 1381 2101 quod
1410 2029 1660 2102 quedam
1682 2036 1901 2084 terrena
1918 2043 2055 2100 age—

442 2124 587 2184 rent,
605 2132 717 2172 non
747 2116 1026 2173 immerito
1054 2134 1151 2190 per
1169 2117 1580 2190 sardonychum
1601 2115 2055 2189 lapidem,qui,ut

443 2204 987 2276 praediximusaerrm
1003 2206 1182 2264 rubrae
1217 2214 1366 2263 tenet
1381 2206 1642 2278 speciem,
1673 2205 2050 2277 designantur-

445 2292 550 2348 Per
577 2292 898 2365 sapphirum
935 2311 1088 2362 vero,
1118 2295 1214 2367 qui
1243 2295 1467 2350 aetherei
1507 2303 1589 2351 est
1616 2294 1837 2361 coloris,
1893 2297 2054 2349 testa.

445 2381 620 2438 menti
677 2381 810 2436 novi
863 2397 1105 2452 congrue
1149 2383 1536 2453 praedicatores
1581 2382 1912 2453 accepimus,
1961 2391 2056 2454 qui

443 2469 682 2528 carnalis
711 2470 1029 2544 propaginis
1055 2471 1330 2530 desideria
1358 2478 1770 2545 postponeutes,
1811 2469 2060 2526 coelestia

447 2563 564 2620 sola
617 2561 810 2619 sectati
865 2569 1015 2618 sunt.
1076 2561 1232 2617 Unde
1285 2568 1341 2616 et
1387 2559 1678 2632 propheta,
1709 2557 2056 2630 conspiciens

449 2653 650 2705 cuncta
662 2648 846 2705 carnis
873 2645 1146 2706 desideria
1173 2654 1393 2704 sanctos
1420 2645 1700 2720 apostolos
1713 2643 1954 2716 spiritali
1970 2659 2056 2699 ar-

453 2736 586 2796 dore
614 2737 1020 2803 transcendere,
1049 2735 1356 2794 admiratus
1379 2735 1458 2794 ait
1490 2753 1502 2792 :
1539 2735 1644 2803 Qui
1665 2739 1790 2789 sunt
1815 2733 1870 2788 hi
1893 2731 2060 2804 quiut

449 2827 612 2884 nubes
639 2830 821 2884 uolant
851 2827 1008 2899 (Isai.
1041 2843 1135 2896 1.x,
1156 2828 1214 2900 8)
1239 2827 1266 2884 ?
1295 2829 1378 2884 Ac
1416 2826 1464 2883 si
1491 2832 1678 2899 aperte
1721 2823 1872 2880 dicat
1903 2839 1916 2878 :
1945 2823 2058 2890 Nos

451 2931 548 2988 per
575 2924 774 2972 terram
805 2916 1106 2989 gradimur,
1139 2917 1234 2990 qui
1283 2915 1466 2973 adhuc
1510 2913 1783 2987 conjugiis
1812 2913 2058 2986 implica-

453 3013 658 3073 mur,et
676 3005 1038 3078 propaganda
1065 3005 1242 3064 soboli
1259 3021 1424 3079 opera
1451 3005 1633 3062 carnis
1653 3003 2052 3077 impendimus;

452 3091 545 3148 isti
577 3109 708 3148 vero
739 3093 795 3148 in
824 3103 972 3149 terra
992 3109 1104 3149 non
1133 3095 1440 3162 ambulant,
1467 3093 1560 3149 sed
1576 3100 1639 3148 ut
1657 3093 1832 3150 nubes
1847 3093 2058 3160 volant,

455 3183 549 3256 qui
598 3166 743 3238 dum.
773 3183 1018 3238 cmlestia
1064 3189 1352 3254 appetunt,
1381 3183 1448 3238 de
1501 3181 1734 3238 terrenis
1772 3177 2061 3240 desideriis

453 3270 597 3326 nihil
615 3277 870 3342 tangunt.
893 3271 989 3327 Ait
1003 3287 1131 3344 ergo
1147 3270 1276 3344 quia
1296 3272 1394 3327 Dei
1412 3271 1679 3344 sapientia
1690 3270 2058 3344 sardonyche,

455 3360 544 3416 vel
572 3360 834 3433 sapphiro
854 3361 1024 3434 lapidi
1045 3376 1160 3418 non
1178 3360 1484 3430 confertur,
1507 3377 1570 3417 ac
1585 3359 1631 3416 si
1653 3367 1900 3434 patenter
1913 3359 2062 3415 insi-

455 3457 610 3520 nuet,
657 3449 882 3507 dicens:
914 3449 981 3506 Ei
1011 3449 1106 3524 qui
1149 3449 1317 3506 homo
1367 3449 1514 3506 inter
1566 3449 1820 3506 homines
1873 3450 2064 3508 cerni-

455 3547 568 3608 tur,
598 3554 700 3594 nec
741 3539 800 3594 in
848 3539 1094 3613 antiquis
1124 3540 1438 3613 quisquam,
1469 3556 1570 3596 nec
1603 3539 1661 3595 in
1691 3539 1852 3595 novis
1882 3538 2064 3612 patri-

455 3627 560 3684 bus
589 3636 854 3702 aequatur.
889 3629 1020 3702 quia
1051 3646 1120 3685 ex
1153 3629 1369 3686 Deitate
1399 3629 1564 3686 habet
1591 3628 1738 3702 quod
1769 3627 1827 3684 in
1857 3628 2065 3686 huma-

457 3719 628 3774 nitate
659 3735 993 3794 quemquam
1023 3721 1263 3778 similem
1293 3737 1404 3778 non
1453 3720 1638 3778 habet.
1685 3718 1838 3777 Unde
1883 3719 2063 3778 adhuc

457 3802 713 3866 silbditur
743 3827 755 3864 :

997 3932 1227 3990 CAPUT
1283 3932 1532 3992 XLVIII.

541 4077 684 4133 Vers.
719 4075 882 4130 17.--
899 4074 1021 4130 Νοη
1048 4075 1420 4144 adeequabitur
1442 4074 1490 4128 ei
1515 4090 1712 4128 aumm
1739 4076 1819 4130 vel
1846 4075 2062 4131 vitrum.

535 4179 622 4236 77.
655 4178 809 4234 Beati
835 4177 1110 4250 fulgebunt
1127 4177 1184 4232 in
1197 4179 1322 4233 cwlo
1340 4183 1592 4250 tanquam
1603 4180 2066 4246 aurum,translu-

463 4269 644 4324 cebunt
671 4273 730 4322 ut
755 4270 972 4324 vitrum.
1006 4299 1078 4310 —
1105 4267 1240 4336 Quis
1269 4267 1376 4324 hoc
1406 4283 1603 4325 sanum
1647 4269 1865 4342 sapiens
1906 4265 2069 4340 juxta

465 4358 703 4467 litteram
718 4358 919 4414 sentire
937 4357 1194 4430 dignetur
1212 4358 1240 4414 ?
1259 4357 1480 4457 vitrum
1498 4357 1721 4431 quippe,
1739 4365 1801 4414 ut
1821 4358 2072 4467 sqperius
2100 4400 2149 4467 Β

466 4445 734 4516 diximus,
763 4463 897 4503 auro
927 4447 1084 4519 longe
1114 4455 1196 4503 est
1225 4446 1424 4514 vilius;
1457 4454 1511 4502 et
1539 4454 1828 4520 postquam
1859 4446 2070 4505 dictum

467 4543 549 4592 est
577 4537 725 4608 quod
753 4553 951 4592 aurum
985 4537 1118 4593 huic
1144 4537 1428 4610 sapientiae
1459 4554 1574 4592 non
1607 4537 1948 4610 adsequatur,
1980 4535 2072 4592 ad-

470 4625 581 4681 huc
595 4625 748 4696 quasi
760 4625 1057 4681 crescendo
1085 4625 1440 4698 subjungitur
1467 4626 1617 4700 quod
1644 4626 1693 4682 ei
1727 4641 1943 4698 quoque
1973 4641 2074 4683 nec

369 4720 380 4731 ‘
442 4782 451 4792 .
471 4712 678 4768 vitrum
697 4712 867 4785 possit
887 4713 1112 4786 aequari.
1146 4713 1250 4768 Sed
1271 4714 1390 4786 ipsa
1410 4731 1510 4771 nos
1526 4716 1710 4772 littera
1724 4715 1792 4770 ab
1808 4713 2075 4771 historico

472 4803 756 4860 intellectu
782 4803 1062 4872 deﬁciens,
1093 4802 1161 4858 ad
1187 4803 1562 4875 indagandum
1582 4805 1857 4877 allegorias
1873 4812 2076 4878 myste-

474 4893 618 4950 rium
652 4893 988 4952 mittiLAuri
1018 4908 1255 4966 namque
1271 4894 1555 4950 metallum
1585 4894 1845 4950 novimus
1874 4893 2076 4968 potiori

479 4982 718 5039 metallis
737 4984 997 5042 omnibus
1015 4982 1265 5040 claritate
1286 4983 1514 5056 fulgere.
1527 4985 1540 5018 ¹
1552 4983 1698 5042 Vitri
1715 5001 1846 5042 vero
1866 4993 2077 5044 natura

555 5216 571 5248 ¹
603 5214 1058 5294 Itarestituimus
1087 5217 1360 5294 exduob.
1393 5217 1592 5288 Laud.,
1625 5216 1835 5288 Germ.,
1864 5218 2082 5294 Norm.,

482 5292 589 5341 etc.
623 5285 780 5366 Prius
799 5286 1098 5366 legebatur,
1131 5290 1260 5347 vitri
1287 5309 1408 5346 vero
1435 5285 1637 5366 natura
1667 5297 1762 5358 est,
1794 5285 1854 5366 ut
1881 5285 2082 5348 εκτενίηέ

483 5372 632 5434 secus
654 5359 772 5434 uisu
784 5359 1276 5434 pura,intrinsecus
1298 5364 1673 5434 perspicuitate
1685 5364 1974 5434 perluceat.

559 5381 628 5410 rus
654 5381 772 5409 ku
835 5381 1276 5422 ιιι-α,ιηῑπ·ῑη8ι³σιι.ς
1298 5381 1428 5434 pers
1463 5381 1673 5419 icuuate
1725 5381 1974 5420 ermceai.

559 5427 581 5462 ³
604 5429 690 5508 Ita
858 5445 1008 5508 rec._,_
1021 5431 1203 5487 Germ.
1229 5450 1380 5502 vero,
1405 5381 1643 5504 gemet,
1666 5381 1835 5508 ἕξει,
1859 5435 1892 5490 2
1908 5433 2080 5508 Laud.

487 5506 540 5574 et
571 5499 664 5553 alii
698 5499 918 5569 passim.
955 5501 1082 5554 Mss.
1095 5543 1109 5574 ,
1139 5519 1275 5556 auro
1303 5499 1499 5560 mundo
1557 5499 1743 5574 sim-ili,
1777 5499 1881 5560 etc.
1916 5504 2082 5562 Corb.

485 5571 693 5644 Germ_.,
724 5587 919 5644 aurum
946 5571 1200 5626 mundum
1220 5575 1438 5641 similes,
1463 5585 1566 5634 etc.
1587 5571 1762 5644 Editi,
1793 5583 1930 5642 vet.,
1947 5592 2084 5631 auro

483 5642 678 5697 mundo
708 5641 918 5708 similis,
948 5650 1053 5698 etc.

2159 4427 2166 4436 ο

2143 410 2340 468 luceat.
2372 411 2435 465 In
2458 409 2569 466 alio
2598 410 2822 466 metallo
2841 408 3114 482 quidquid
3135 408 3468 468 intrinsecus
3495 413 3740 471 contine-

2141 506 2234 555 tur
2261 497 2647 566 absconditur;
2681 498 2740 555 in
2767 498 2914 555 vitro
2941 513 3073 555 vero
3089 498 3324 572 quilibet
3354 500 3537 574 liquor
3565 501 3742 576 qualis

2143 587 2459 644 continetur
2495 587 2748 658 interius,
2777 587 2904 644 talis
2932 589 3175 644 exterius
3201 588 3634 660 demonstratur,
3665 599 3743 648 at-

2144 692 2270 749 que,
2301 685 2362 732 ut
2390 676 2468 733 ita
2495 676 2756 747 dixerim,
2799 677 2982 734 omnis
3013 677 3196 752 liquor
3224 679 3280 734 in
3313 679 3490 736 vitreo
3519 682 3744 738 vasculo

2144 767 2362 826 clausus
2389 773 2556 842 patet.
2597 765 2743 836 Quid
2771 781 2899 840 ergo
2927 767 3079 824 aliud
3107 767 3168 824 in
3197 783 3332 824 auro
3361 770 3450 826 vel
3481 769 3627 826 vitro
3655 785 3743 827 ac-

2145 856 2404 931 cipimus,
2442 855 2552 914 nisi
2579 856 2732 914 illam
2762 872 3051 930 supernam
3085 858 3339 930 patriam,
3371 859 3524 918 illam
3554 861 3746 918 beato-

2146 962 2269 1004 rum
2303 944 2511 1002 civium
2540 945 2878 1015 societatem,
2909 962 3145 1018 quorum
3174 945 3341 1004 corda
3367 948 3475 1005 sibi
3504 948 3745 1006 invicem

2147 1043 2200 1092 et
2241 1033 2494 1093 claritate
2521 1034 2754 1108 fulgent,
2801 1041 2856 1092 et
2884 1033 3123 1107 puritate
3150 1037 3492 1094 transluceat
3513 1038 3546 1094 7
3571 1038 3746 1106 Quam

2147 1123 2382 1180 Joannes
2411 1123 2469 1180 in
2489 1123 2824 1198 Apocalypsi
2841 1132 3222 1196 conspexerat,
3243 1141 3369 1182 cum
3390 1124 3607 1183 dicebat
3630 1145 3641 1183 :
3673 1127 3749 1184 Et

2147 1220 2264 1270 erat
2291 1219 2561 1270 structura
2587 1213 2730 1270 muri
2757 1213 2870 1285 ejus
2897 1229 2962 1270 ea:
3005 1214 3182 1286 lapide
3197 1212 3454 1285 jaspide;
3481 1215 3600 1286 ipsa
3626 1232 3747 1272 vero

2148 1301 2332 1358 civitas
2361 1301 2383 1336 ³
2411 1319 2608 1360 aurum
2636 1302 2913 1372 mundum,
2947 1302 3139 1358 similis
3167 1301 3305 1358 vitro
3327 1302 3523 1358 mundo
3550 1303 3746 1374 (Apoc.

2150 1407 2272 1458 xxI,
2323 1390 2436 1463 18).
2483 1390 2626 1459 Quia
2676 1391 2824 1448 enim
2871 1391 3050 1448 sancti
3095 1407 3285 1448 omnes
3330 1407 3544 1448 summa
3590 1391 3648 1448 iu
3687 1409 3752 1450 ea

2149 1477 2510 1536 beatitudinis
2537 1479 2787 1538 claritate
2813 1477 3125 1552 fulgebunt,
3159 1482 3179 1514 ³
3211 1479 3482 1538 instructa
3511 1481 3749 1539 auro.di-

2151 1566 2316 1626 citur.

2228 1655 2314 1716 78.
2346 1656 2413 1714 In
2440 1674 2623 1716 eorum
2639 1659 2791 1715 vultu
2816 1657 2992 1714 intimi
3015 1656 3186 1715 animi
3210 1673 3394 1714 sensus
3410 1655 3754 1728 conspiciun-

2161 1751 2268 1804 tur.
2292 1777 2362 1787 —
2387 1747 2462 1802 Et
2489 1747 2752 1820 quoniam
2781 1747 2899 1820 ipsa
2917 1764 3108 1805 eorum
3127 1746 3349 1807 claritas
3369 1746 3616 1805 vicissim
3644 1745 3751 1804 sibi

2159 1835 2219 1894 in
2238 1836 2465 1894 alternis
2483 1836 2744 1894 cordibus
2759 1845 2928 1910 patet,
2949 1845 3150 1896 etcum
3172 1837 3607 1910 uniuscujusque
3625 1837 3754 1894 vul-

2159 1935 2250 1986 tus
2275 1926 2600 1996 attenditur,
2630 1925 2798 1984 simul
2815 1933 2871 1982 et
2889 1926 3224 1986 conscientia
3241 1935 3578 2001 penetratur,
3610 1932 3759 1992 594

2160 2027 2268 2087 hoc
2300 2027 2480 2100 ipsum
2507 2043 2706 2084 aurum
2734 2025 2882 2083 vitro'
2909 2025 3118 2082 mundo
3143 2026 3326 2084 simile
3353 2043 3469 2084 esse
3497 2040 3756 2084 memora-

2159 2124 2272 2176 tur.
2315 2115 2398 2174 Ibi
2439 2115 2641 2189 quippe
2681 2114 3115 2189 uniuscujusque
3143 2123 3384 2172 mentem
3423 2116 3493 2172 ab
3532 2115 3760 2173 alterius

2162 2205 2358 2278 oculis,
2390 2203 2765 2264 membrorum
2795 2205 3140 2278 corpulentia
3162 2221 3277 2262 non
3312 2205 3632 2276 abscondet,
3663 2204 3760 2262 sed

2162 2294 2369 2368 patebit
2387 2294 2626 2364 animus,
2647 2294 2854 2368 patebit
2867 2293 3244 2368 corporalibus
3269 2295 3446 2352 oculis
3458 2295 3576 2368 ipsa
3593 2295 3760 2352 etiam

2163 2384 2410 2456 corporis
2418 2383 2728 2452 harmonia,
2745 2385 2934 2458 sicque
2944 2383 3326 2457 unusquisque
3334 2391 3471 2441 tunc
3483 2384 3590 2440 erit
3606 2398 3763 2442 cous-

2165 2470 2419 2543 picabilis
2437 2473 2618 2541 alteri,
2637 2474 2782 2531 sicut
2798 2489 2948 2531 nunc
2963 2489 3078 2530 esse
3095 2489 3211 2530 non
3225 2481 3405 2546 potest
3423 2473 3762 2546 conspicabi-

2165 2560 2236 2618 lis
2253 2560 2379 2616 sibi.
2407 2561 2545 2634 [Vet.
2566 2562 2822 2634 XXXII]
2841 2563 2998 2618 Nunc
3017 2569 3201 2618 autem
3217 2563 3383 2618 corda
3397 2571 3584 2619 nostra
3597 2577 3765 2636 quan-

2165 2648 2264 2704 diu
2279 2649 2336 2704 in
2355 2648 2458 2704 hac
2469 2648 2583 2704 vita
2603 2665 2814 2718 sumus,
2832 2650 2962 2722 quia
2975 2649 3045 2704 ab
3063 2651 3238 2706 altero
3257 2650 3316 2706 in
3333 2651 3567 2706 alterum
3589 2650 3764 2706 videri

2165 2755 2278 2796 nou
2307 2745 2556 2810 possunt,
2587 2754 2699 2793 non
2718 2737 2865 2793 intra
2882 2737 3080 2807 vitrea,
3097 2739 3192 2795 sed
3207 2740 3352 2796 intra
3373 2741 3519 2795 lutea
3547 2741 3768 2797 vascula

2165 2827 2594 2894 concluduntur,
2623 2825 2716 2884 cui
2743 2826 2953 2884 scilicet
2979 2827 3096 2884 luto
3116 2843 3213 2900 per
3240 2828 3548 2900 passionem
3567 2829 3767 2886 mentis

2166 2916 2434 2976 inhaerere
2452 2913 2725 2988 Propheta
2738 2914 3097 2986 formidabat,
3111 2933 3236 2972 cum
3257 2915 3482 2974 diceret:
3507 2917 3676 2989 Eripe
3688 2935 3770 2973 me

2091 3041 2134 3107 Ο
2273 3007 2402 3074 luto,
2445 3011 2504 3107 ut
2693 3005 2981 3107 immanem
3024 3005 3197 3078 (Psal.
3231 3021 3430 3107 LXXIII:
3464 3007 3577 3107 15):
3610 3005 3768 3074 Quod

2172 3094 2437 3152 nimirum
2485 3094 2507 3131 ⁴
2547 3092 2921 3152 habitaculum
2964 3109 3256 3168 corporum
3299 3095 3501 3154 Paulus
3541 3095 3768 3151 domum

2172 3191 2483 3241 terrestrem
2512 3182 2783 3251 nominat,
2812 3182 3032 3242 dicens:
3082 3184 3284 3242 Scimus
3311 3185 3561 3256 quoniam
3588 3184 3637 3239 si
3671 3188 3769 3239 ter-

2175 3273 2357 3330 restris
2387 3273 2572 3329 domus
2597 3279 2785 3330 nostra
2809 3273 2972 3344 hujus
2998 3275 3020 3309 ⁵
3051 3274 3393 3331 habitationis
3424 3275 3770 3343 dissolvatur,

2172 3363 2313 3434 quod
2326 3363 2725 3436 mdiﬁcationem
2741 3380 2808 3419 ea:
2823 3364 2934 3421 Deo
2948 3363 3215 3430 habemus,
3230 3363 3442 3420 domum
3462 3381 3571 3420 non
3587 3381 3774 3420 manu-

2174 3452 2372 3524 factam
2400 3460 2651 3510 (sternam
2676 3454 2734 3510 in
2762 3454 2902 3511 cwlis
2925 3454 3014 3526 (II
3041 3455 3167 3512 Cor.
3185 3471 3246 3523 v,
3266 3455 3343 3526 1).
3364 3453 3426 3510 In
3455 3453 3562 3511 hac
3588 3454 3772 3527 itaque

2175 3543 2418 3600 terrestri
2429 3543 2595 3600 domo
2606 3559 2892 3617 quousque
2906 3543 3172 3612 vivimus,
3187 3544 3390 3617 ipsum,
3406 3551 3470 3600 ut
3483 3543 3562 3600 ita
3570 3543 3772 3611 dicam,

2175 3633 2547 3707 corruptionis
2558 3642 2759 3692 nostrai
2776 3635 3041 3708 parietem
3057 3635 3258 3692 mentis
3271 3633 3448 3691 oculis
3461 3633 3776 3692 nullatenus

2177 3732 2544 3796 penetramus,
2563 3731 2632 3780 vet
2674 3723 2922 3781 vicissim
2949 3723 3010 3780 in
3037 3724 3164 3781 aliis
3203 3724 3391 3780 videre
3420 3722 3637 3780 occulta
3663 3738 3774 3778 non

2176 3830 2484 3888 possumus.
2519 3817 2542 3850 ⁸
2569 3815 2724 3870 Unde
2741 3821 2931 3870 sancta
2955 3814 3202 3872 Ecclesia
3219 3812 3404 3884 sponsi
3424 3812 3510 3868 sui
3538 3811 3774 3883 speciem

2178 3903 2364 3962 videre
2391 3903 2449 3959 in
2477 3902 2774 3960 divinitate
2815 3901 3155 3971 desiderans,
3194 3917 3296 3958 nec
3335 3909 3519 3956 tamen
3563 3900 3774 3968 valens,

2178 3992 2307 4066 quia
2332 3993 2658 4051 mternitatis
2671 3993 2826 4050 illius
2844 3993 3078 4050 formam
3107 4007 3270 4066 quam
3299 3991 3502 4048 intueri
3521 3989 3777 4064 concupi-

2180 4091 2332 4138 verat
2347 4083 2414 4138 ab
2434 4082 2552 4154 ejus
2565 4083 2742 4140 oculis
2755 4090 3034 4154 assumpta
3055 4081 3372 4138 humanitas
3389 4079 3776 4148 abscondebat,

2181 4171 2238 4226 in
2268 4171 2510 4229 Canticis
2537 4171 2880 4230 canticorum
2917 4187 3154 4230 moerens
3180 4171 3352 4230 dicit:
3399 4171 3490 4228 En
3530 4171 3640 4241 ipse
3681 4172 3789 4222 stat

2176 4268 2298 4335 post
2336 4261 2592 4334 parietem
2639 4269 2882 4317 nostrum
2928 4262 3110 4334 (Cant.
3157 4279 3221 4330 II,
3264 4261 3346 4332 9).
3392 4260 3473 4317 Ac
3517 4258 3562 4315 si
3603 4264 3786 4330 aperte

2181 4352 2329 4409 dicat
2353 4370 2363 4408 :
2395 4352 2511 4426 Ego
2539 4350 2691 4410 hunc
2706 4351 2766 4408 in
2785 4350 3232 4426 divinitatissuaa
3257 4348 3371 4423 jam
3393 4348 3572 4422 specie
3598 4347 3786 4404 videre

2181 4421 2469 4505 desidero;
2490 4436 2588 4493 sed
2629 4435 2812 4495 adhuc
2855 4453 2888 4493 a
2931 4421 3146 4493 visiOIie
3191 4421 3343 4492 illius
3371 4421 3470 4508 per
3497 4440 3786 4503 assumpta:

2182 4525 2362 4581 carnis
2391 4526 2653 4598 parietem
2695 4527 2980 4584 excludor.
3032 4527 3328 4599 Quousque
3373 4524 3556 4594 itaque
3597 4521 3654 4574 in
3685 4519 3788 4574 hac

2183 4615 2532 4689 corruptibili
2561 4633 2726 4675 carne
2754 4617 3022 4684 vivimus,
3064 4614 3428 4686 cogitationes
3471 4614 3686 4664 nostras
3729 4605 3787 4662 in

2184 4709 2510 4765 alterutrum
2541 4726 2653 4765 non
2680 4709 2952 4764 videmus.
2983 4705 3136 4761 Unde
3165 4715 3382 4758 rursum
3409 4713 3505 4770 per
3531 4695 3786 4755 eumdem

2185 4801 2417 4856 Paulum
2446 4801 2652 4855 dicitur
2679 4817 2690 4854 :
2737 4799 2866 4866 Quis
2895 4797 2991 4852 scit
3018 4793 3289 4850 hominum
3321 4806 3439 4860 qua:
3473 4794 3598 4843 sunt
3624 4787 3789 4844 homi-
3822 4821 3836 4835 ι

2185 4890 2291 4958 nis,
2311 4890 2416 4944 nisi
2433 4889 2656 4960 spiritus
2675 4887 2903 4944 hominis
2921 4885 3014 4956 qui
3029 4883 3085 4938 in
3104 4882 3218 4953 ipso
3241 4886 3316 4936 est
3340 4880 3388 4951 (Ι
3409 4881 3536 4937 Cor.
3563 4895 3627 4946 II,
3649 4879 3742 4950 11)
3761 4877 3789 4935 ?

2185 4979 2258 5034 Et
2287 4992 2506 5032 rursum
2533 4993 2544 5032 :
2575 4975 2752 5034 Nolite
2768 4973 3018 5044 judicare
3035 4975 3158 5028 ante
3187 4975 3406 5040 tempus,
3436 4965 3790 5023 donecoeniat

2263 5218 2284 5250 ³
2317 5213 2578 5284 Vindoc.,
2609 5214 2924 5284 constructa.
2975 5208 3010 5266 2
3052 5206 3251 5277 Laud,
3296 5203 3508 5263 Gemet.
3551 5211 3605 5262 et
3634 5202 3786 5261 Edit.

2193 5287 2441 5343 Barthol.
2473 5283 2568 5342 an.
2598 5285 2758 5350 1494,
2787 5283 3118 5337 instructum
3148 5296 3305 5335 auro.

2265 5360 2286 5393 ‘
2316 5359 2545 5426 Turon.,
2575 5357 2930 5413 habitaculum
2959 5368 3286 5426 corpore-um.

2265 5431 2287 5464 ⁵
2337 5417 2548 5497 Germ,
2589 5429 2717 5500 quia
2755 5428 2802 5482 si
2849 5417 3111 5482 terrestris
3141 5423 3326 5478 domus
3354 5417 3712 5478 habitationis.
3755 5418 3790 5476 2

2194 5500 2392 5567 Laud.,
2423 5499 2840 5556 inhabitationis.

2267 5573 2289 5606 ⁶
2336 5563 2571 5628 Vindoc.
2621 5571 2762 5628 Unde
2799 5576 2850 5626 et
2885 5585 3078 5642 sponsa
3119 5565 3174 5622 in
3203 5565 3478 5622 divinitate
3505 5563 3790 5622 Dominum

2195 5643 2372 5698 uidere
2400 5643 2724 5702 desiderans.
